4002 6192
360 5608 379 5665 ί

377 285 485 343 283

1407 289 1466 345 s.
1506 263 1786 343 CYRILLI
1823 286 2292 343 ALEXANDRINI
2329 289 2646 346 ARClllEP.

3531 282 3636 338 234

456 407 547 461 25.
594 404 716 461 Jam
759 406 805 461 si
852 405 1035 463 dicere
1089 417 1343 479 pergant,
1377 423 1615 480 quonam
1662 408 1957 479 Scriptura:

2132 417 2238 478 κγ’.
2284 411 2346 463 Εἰ
2376 410 2433 464 δὲ
2463 409 2773 480 ἐπιμένοιεν
2809 407 3085 476 λέγοντες,
3118 403 3227 459 Ποῦ
3271 403 3368 476 τῆς
3412 400 3643 473 Γραφῆς

383 496 505 552 luco
537 495 697 567 Virgo
727 497 1024 566 appelletur
1048 498 1308 570 Dcipara,
1364 501 1589 557 audiant
1614 501 1716 557 hoc
1740 501 1956 572 perspi-

387 602 488 641 cue
520 588 1207 671 nuntiantem~pastoribus
1238 592 1510 663 angelum,
1541 593 1955 664 dicentemque:

397 698 415 729 ι
452 678 588 745 Quia
620 690 779 736 natus
805 691 890 736 est
919 684 1074 739 vobis
1096 683 1254 739 hodie
1273 683 1541 751 Salvator,
1569 685 1659 757 qui
1690 695 1768 742 est
1802 685 1962 743 Chri-

387 781 507 826 stus
533 769 799 828 Dominus
821 774 865 828 ".
905 792 925 827 ι
952 773 1067 830 Non
1100 775 1252 842 dicit,
1274 776 1373 843 Qui
1407 777 1513 832 erit
1536 776 1818 842 Dominus,
1851 777 1958 844 vel,

384 860 441 916 In
476 877 584 932 quo
605 863 868 919 Dominus
898 865 1240 922 habitaturus
1256 867 1350 933 sit,
1377 868 1525 932 sed,c
1555 868 1655 936 Qui
1674 869 1961 925 estDomi-

385 968 510 1007 nus.
537 972 557 1006 ι
591 954 668 1009 Ειι
705 955 871 1025 igitur
899 955 1185 1011 Dominum
1214 959 1501 1015 manifeste
1529 960 1787 1032 eum,qui
1804 971 1963 1016 natus

386 1046 796 1119 erat,__angelus
856 1049 1091 1103 nuntiat.
1148 1048 1355 1104 Deinde
1414 1060 1671 1121 tanquam
1745 1052 1959 1124 signum

387 1138 666 1204 spectandi
710 1154 833 1195 mox
857 1139 1070 1196 Domini
1105 1141 1236 1211 ipsis
1270 1143 1557 1210 exhibens,
1593 1162 1612 1196 ι
1653 1141 1961 1210 Invenietis,

391 1227 589 1296 inquit,
627 1228 951 1286 infantulum
985 1231 1175 1289 fasciis
1218 1233 1520 1289 involutum
1562 1246 1620 1291 et
1655 1236 1708 1291 in
1734 1237 1962 1308 praesepi

389 1320 625 1388 positum
645 1320 687 1377 ⁸.
718 1340 736 1373 ι
764 1321 919 1376 Paria
950 1322 1140 1394 angelo
1160 1324 1354 1380 Petrus
1383 1341 1599 1397 quoque
1630 1326 1959 1396 praedicans.

388 1426 515 1494 cum
548 1413 614 1465 ad
653 1412 966 1469 Cornelium
1011 1417 1266 1483 accessit,
1296 1417 1510 1474 aiebat:
1544 1436 1564 1470 ι
1597 1417 1836 1474 Verbum
1865 1418 1966 1474 mi-

390 1504 464 1557 sit
520 1503 645 1559 liliis
688 1503 905 1561 lsraclis
932 1546 948 1574 ,
1001 1522 1191 1577 pacem
1230 1509 1485 1564 nuntians
1527 1524 1625 1579 per
1685 1509 1963 1566 Christum

388 1592 598 1650 Jesum.
643 1593 742 1651 llic
768 1606 853 1652 est
889 1598 1132 1652 omnium
1187 1597 1452 1655 Dominus
1480 1601 1522 1654 '.
1562 1619 1579 1653 ι
1609 1599 1806 1656 Cernis
1834 1616 1967 1671 quo-

390 1682 552 1739 modo
613 1685 859 1752 verbum,
891 1701 990 1755 pro
1007 1686 1233 1742 salutari
1277 1688 1680 1758 praedicatione.
1730 1704 1827 1758 per
1871 1687 1953 1745 Je-

2062 501 2323 566 Θεοτόκος
2351 503 2383 572 ἡ
2410 499 2688 572 Παρθένος
2714 497 3025 567 ὠνόμασται
3046 514 3060 564 ;
3083 494 3434 550 ἀκουέτωσαν
3454 492 3642 560 σαφῶς

2062 590 2221 645 τοῦτο
2259 590 2353 644 τοῦ
2385 592 2615 661 ἀγγέλου
2660 593 2774 653 τοῖς
2821 588 3075 659 ποιμέσιν
3125 583 3641 655 εὐαγγελιζομένου,

2062 685 2157 737 καὶ
2184 681 2437 752 λέγοντος
2462 721 2475 747 ,
2512 701 2532 734 ι
2567 682 2690 736 Ὅτι
2732 680 2924 752 ἐτέχθη
2959 679 3088 751 ὑμῖν
3132 679 3374 748 σήμερον
3404 674 3599 745 Σωτὴρ
3624 712 3649 736 ,

2061 776 2118 840 ὃς
2146 777 2292 830 ἐστιν
2321 774 2554 846 Χριστὸς
2578 772 2801 845 Κύριος·
2831 793 2850 827 ι
2882 773 2944 826 ού
2972 772 3123 840 λέγει
3144 770 3329 834 aeno;
3357 767 3509 820 ἔσται
3530 766 3647 820 Κύ-

2065 868 2270 940 ριος,ἦ.
2307 868 2394 921 Ἐν
2416 860 2459 935 ᾧ
2486 865 2731 936 ὁΚύριος
2752 864 3055 934 ὲνοικὴσειν
3085 860 3289 933 μέλλει,
3319 857 3456 921 ἀλλ’,
3488 876 3506 908 ι
3542 857 3647 919 ’ος

2064 950 2210 1016 ἐστιν
2230 960 2455 1032 Κύριος.
2489 979 2508 1012 ι
2574 958 2706 1014 Ἰδοὺ
2735 958 2914 1011 τοίνυν
2938 955 3144 1027 Κύριον
3164 950 3418 1023 φανερῶς
3444 950 3537 1003 τὸν
3555 965 3649 1001 τε·

2064 1051 2262 1124 χθέντα
2292 1054 2321 1106 6
2347 1052 2578 1122 ἄγγελος
2623 1048 3071 1120 εὐαγγελίζεται·
3122 1041 3241 1098 εἶτα
3275 1044 3372 1098 καὶ
3415 1042 3653 1113 σημεῖον

2064 1142 2254 1214 ὥσπερ
2297 1144 2483 1207 αὐτοῖς
2532 1144 2633 1214 τῆς
2688 1142 2783 1197 τοῦ
2812 1141 3022 1215 Κυρίου
3080 1139 3208 1203 θέας
3247 1136 3651 1210 παρεχόμενος,

2069 1253 2089 1287 ι
2120 1235 2413 1306 Εὑρήσετε,
2466 1235 2657 1305 φησιν,
2713 1234 2913 1307 βρέφος
2955 1229 3491 1304 ἐσπαργανωμένον,
3549 1226 3650 1281 καὶ

2064 1327 2314 1399 κείμενον
2344 1329 2401 1383 ἐν
2430 1328 2626 1399 φάτνῃ.
2666 1345 2684 1378 ι
2722 1323 3093 1397 Παραπλήσιά
3114 1341 3173 1377 τε
3203 1322 3280 1393 τῷ
3306 1320 3525 1391 ἀγγέλῳ
3553 1321 3653 1373 καί⁵

2064 1420 2093 1472 6
2113 1419 2317 1491 Πέτρος
2337 1419 2642 1490 κηρύττων,
2661 1418 2751 1472 ὅτε
2767 1418 2905 1491 πρὸς
2929 1417 3020 1471 τὸν
3042 1413 3344 1486 Κορνήλιον
3367 1412 3648 1482 εἰσῆλθεν,

2065 1509 2247 1579 ἔλεγεν
2267 1527 2280 1542 ·
2330 1530 2350 1562 ι
2385 1509 2490 1562 Τὸν
2522 1509 2681 1575 λόγον
2714 1507 3038 1562 ἀπέστειλεν
3082 1508 3194 1567 τοῖς
3224 1506 3360 1567 υἱοῖς
3405 1501 3651 1573 Ἰσραὴλ,

2066 1598 2554 1670 εὐαγγελιζόμενος
2590 1599 2815 1671 εἰρήνην
2844 1597 2934 1652 διά
2965 1594 3163 1673 Ἰησοῦ.
3182 1592 3423 1666 Χριστοῦ
3444 1610 3458 1625 ·
3488 1583 3654 1655 οὗτός

2068 1694 2185 1745 ἐστι
2218 1691 2421 1764 Κύριος
2470 1691 2708 1745 πάντων.
2742 1710 2761 1743 ι
2812 1686 2972 1761 Ὁρᾷς
3013 1688 3130 1753 πῶς
3173 1687 3265 1740 τὸν
3310 1686 3491 1756 λόγον,
3526 1684 3653 1737 ἀντὶ

389 1788 509 1828 sum
555 1773 832 1830 Christum
874 1776 1100 1832 missum
1144 1777 1313 1833 luisse
1363 1778 1536 1833 dicit?
1593 1777 1807 1852 le
1855 1779 1962 1835 De-

2070 1780 2163 1835 τοῦ
2201 1781 2263 1835 τὸ
2298 1759 2567 1853 σωτήριον
2612 1759 2997 1851 κήρυγμα,διά
3035 1776 3210 1847 Ἰησοῦ
3258 1774 3498 1848 Χριστοῦ
3540 1775 3656 1833 ἀπο

390 1873 810 1936 monstransque
849 1867 980 1932 illis,
1020 1867 1273 1937 quisnam
1307 1877 1449 1923 esset
1478 1867 1638 1924 Jesus
1687 1870 1964 1938 Christus,

395 1974 415 2007 ς
464 1956 563 2012 Hic
591 1966 695 2024 est,
752 1960 848 2025 ait,
886 1963 1128 2014 omnium
1163 1960 1446 2015 Dominus.
1492 1980 1511 2013 ι
1553 1959 1744 2017 Viden‘
1780 1960 1963 2016 inlan-

394 2051 566 2106 tulum
606 2061 717 2106 tttm
765 2055 831 2109 ab
865 2053 1056 2124 angelo
1090 2062 1198 2109 tum
1228 2070 1260 2109 a
1299 2052 1463 2111 Petro
1504 2053 1794 2111 Dominum
1823 2055 1967 2110 dici?

396 2143 539 2214 Ergo
573 2142 801 2214 Deipara
836 2147 1060 2200 omnino
1111 2154 1195 2200 est
1249 2162 1372 2216 quae
1419 2147 1701 2202 Dominum
1735 2149 1966 2219 peperit.

392 2234 486 2290 Sic
536 2233 706 2304 ipsam
760 2235 924 2292 etiam
976 2236 1122 2291 beati
1172 2236 1428 2307 Baptista:
1487 2247 1709 2304 mater,
1760 2240 1969 2309 Spiritu

390 2335 583 2382 sancto
615 2335 884 2397 permota,
914 2329 1225 2399 appellavit.
1258 2348 1276 2381 ι
1307 2329 1532 2398 Repleta
1568 2339 1651 2386 est
1681 2332 1847 2399 enim,
1884 2332 1968 2386 in-

393 2417 513 2486 quit
547 2417 854 2486 Scriptura,
888 2418 1166 2474 Elisabeth
1199 2420 1403 2491 Spiritu
1456 2430 1667 2490 sancto,
1704 2432 1760 2477 et
1787 2422 1972 2478 excla-

395 2506 926 2564 mavit:Bcnedicta
972 2519 1027 2564 tu
1070 2511 1211 2566 inter
1245 2511 1527 2578 mulieres,
1565 2521 1621 2568 et
1656 2514 1972 2570 benedictus

396 2600 607 2655 fructus
649 2601 859 2657 ventris
903 2601 1003 2657 tui.
1071 2602 1136 2657 Et
1166 2604 1308 2658 unde
1346 2604 1450 2661 hoc
1496 2606 1647 2675 mihi,
1692 2615 1750 2661 ut
1797 2618 1973 2664 mater

395 2692 613 2747 Domini
659 2694 764 2748 mei
798 2692 984 2748 veniat
1014 2694 1080 2749 ad
1127 2695 1250 2750 me?
1287 2714 1307 2749 ι
1343 2696 1475 2763 Quis
1506 2697 1619 2767 jam
1657 2701 1792 2754 adeo
1822 2700 1971 2754 insa-

396 2785 533 2848 niat,
578 2792 637 2838 ut
674 2784 809 2839 nolit
849 2800 976 2865 cum
1020 2785 1332 2857 Evangeliis
1365 2788 1651 2858 Deiparam
1698 2790 1974 2860 appellare

394 2886 639 2931 sanctam
667 2875 989 2946 Virginem?
1028 2877 1107 2934 Ne
1138 2893 1269 2951 ergo
1310 2879 1703 2951 simpliciorum
1750 2884 1975 2940 auribus

396 2970 507 3023 sint
549 2966 784 3034 molesti,
810 2969 935 3023 dum
978 2984 1207 3040 puerum
1249 2979 1303 3026 et
1340 2970 1670 3028 infantulum
1703 2975 1971 3040 vocitant,

399 3076 469 3115 ne
505 3059 645 3115 forte
675 3060 936 3129 paulatim
959 3061 1273 3117 universum
1299 3078 1517 3133 quoque
1546 3065 1663 3135 ejus
1685 3067 1971 3122 adventum

398 3162 714 3222 pernegent.
758 3150 1087 3207 Nominatus
1123 3165 1210 3209 est
1247 3153 1395 3209 enim
1440 3154 1739 3213 infantulus
1771 3156 1840 3213 ab
1871 3174 1970 3214 ano

399 3244 540 3315 gelo,
571 3244 666 3300 sed
697 3243 860 3300 simul
891 3244 1178 3304 Dominus.

470 3561 567 3617 24.
601 3559 789 3629 Neque
834 3558 939 3615 hoc
974 3557 1093 3614 loco
1141 3572 1334 3614 rursus
1380 3558 1817 3627 obmurmurent,
1856 3574 1980 3630 pas-

401 3654 616 3710 sionem
644 3651 968 3720 obiicientes
992 3658 1048 3706 et
1076 3651 1556 3717 resurrectionem,
1581 3652 1801 3720 etquod
1830 3652 1975 3709 Deus

402 3747 555 3802 illum
587 3744 979 3810 suscitaverit;
999 3744 1111 3811 jam
1140 3741 1287 3798 enim
1333 3742 1387 3797 in
1423 3742 1857 3811 praecedentibus
1881 3744 1978 3800 de-

2068 1869 2325 1927 εστάλθαι
2357 1869 2522 1941 φησί;
2550 1870 2644 1923 καί
2679 1868 2896 1932 δεικνὺς
2950 1868 3135 1932 αὐτοῖς
3179 1868 3264 1931 τίς
3309 1866 3396 1935 εἴη
3442 1864 3652 1934 Ἰησοῦς

2067 1961 2322 2033 Χριστὸς,
2346 1981 2363 2014 ι
2391 1954 2559 2026 Οὗτός
2585 1963 2751 2023 ἐστιν,
2776 1959 2904 2031 ἔφη,
2935 1960 3153 2013 πάντων
3174 1958 3402 2029 Κύριος.
3425 1976 3442 2009 ι
3484 1957 3653 2028 Ὁρᾷς

2066 2054 2129 2107 τὸ
2156 2052 2374 2123 βρέφος,
2402 2053 2611 2126 Κύριον
2637 2053 2729 2107 καὶ
2761 2053 2866 2107 ὑπὸ
2892 2052 2985 2107 τοῦ
3018 2050 3272 2120 ἀγγέλου,
3303 2050 3398 2104 καὶ
3428 2049 3532 2102 ὑπὸ
3555 2048 3652 2102 τοῦ

2069 2144 2276 2217 Πέτρου
2313 2144 2412 2218 [ita
2442 2154 2668 2216 uterque
2693 2146 2861 2201 codex
2879 2144 2996 2200 sine
3027 2141 3255 2215 verbo];
3280 2141 3492 2195 Οὐκοῦν
3516 2141 3654 2194 Θεο-

2066 2236 2227 2300 τόκος
2257 2236 2640 2307 ἀναμφιϐόλως
2671 2238 2704 2308 ἡ
2732 2237 2825 2291 τὸν
2852 2235 3058 2305 Κύριον
3084 2236 3414 2305 γεννήσασα.
3459 2232 3651 2296 Οῦτως

2070 2329 2242 2401 αὐτὴν
2286 2330 2379 2384 καὶ
2412 2331 2446 2401 ἡ
2497 2329 2592 2383 τοῦ
2641 2332 2915 2401 μακαρίου
2960 2328 3267 2383 Βαπτιστοῦ
3323 2329 3506 2400 μήτηρ
3543 2326 3661 2380 ὑπὸ

2071 2421 2388 2493 Πνεύματος
2411 2423 2567 2491 ἀγίου
2598 2423 2890 2492 κινουμένη
2918 2423 3387 2494 προσηγόρευσενο
3414 2440 3431 2472 ι
3457 2420 3656 2488 Ἐπλήο

2077 2513 2178 2585 σθη
2220 2513 2350 2586 γάρ,
2387 2514 2574 2585 φησὶν,
2601 2515 2635 2585 ἡ
2680 2513 2964 2569 Ἐλισὰὁετ
2998 2513 3321 2585 Πνεύματος
3357 2512 3655 2581 ἁγίου,καὶ

2072 2605 2396 2678 ἀνεϐόησεν·
2430 2604 2787 2677 Εὐλογημένη
2819 2606 2883 2659 σὺ
2926 2607 2985 2660 ὲν
3033 2605 3270 2675 γυναιξὶ,
3302 2604 3391 2658 καὶ
3417 2603 3656 2674 εὐλογη-

2075 2699 2235 2770 μένος
2256 2699 2285 2751 6
2306 2698 2515 2769 καρπὸς
2536 2697 2634 2767 τῆς
2657 2696 2866 2761 κοιλίας
2890 2714 3006 2751 σου*
3036 2697 3129 2750 καί⁸
3158 2694 3324 2749 πόθεν
3354 2712 3441 2766 μοι
3464 2693 3655 2759 τοῦτο,

2071 2789 2161 2843 ἵνα
2199 2790 2234 2859 ἡ
2287 2789 2470 2860 μήτηρ
2506 2788 2602 2842 τοῦ
2630 2788 2838 2859 Κυρίου
2878 2806 2980 2859 μου
3014 2788 3145 2860 ἔλθῃ
3180 2787 3317 2857 πρός
3354 2804 3453 2859 με;
3489 2806 3508 2839 ι
3551 2786 3659 2851 Τίς

2076 2881 2168 2934 ἐπὶ
2215 2880 2466 2935 τοσοῦτον
2509 2880 2773 2952 μέμηνεν,
2829 2880 2905 2945 ὡς
2940 2880 3014 2952 μὴ
3042 2879 3332 2951 βούλεσθαι
3368 2880 3508 2951 μετά
3543 2879 3663 2936 τῶν

2074 2972 2426 3043 Εὐαγγελίων
2472 2972 2737 3028 Θεοτόκον
2766 2973 3063 3028 ἀποκαλεῖν
3095 2973 3194 3044 τὴν
3242 2973 3404 3042 ἁγίαν
3436 2971 3657 3044 Παρθέ-

2077 3082 2200 3132 νον;
2249 3064 2341 3135 Μὴ
2364 3064 2542 3118 τοίνυν
2570 3064 2679 3118 τῶν
2703 3065 3103 3136 άκεραιοτέρων
3138 3065 3236 3128 τάς
3264 3064 3433 3128 ἀκοὰς
3490 3064 3663 3135 θορυ-

2080 3156 2368 3223 ϐείτωσαν,
2403 3155 2615 3211 παιδίον
2664 3156 2758 3210 καί⁹
2801 3156 3001 3228 βρέφος
3028 3156 3384 3227 ὀνομάζοντες
3407 3198 3421 3223 ,
3454 3156 3539 3209 ἵνα
3578 3154 3665 3227 μὴ

2078 3244 2200 3298 κατ’
2232 3243 2411 3314 ὀλίγον
2442 3244 2539 3298 καὶ
2587 3246 2768 3298 πᾶσαν
2798 3244 2966 3298 αὐτοῦ
3007 3246 3105 3314 τὴν
3147 3246 3442 3315 ἐπιδημίαν
3488 3245 3660 3316 ἀρνή-

2081 3354 2310 3390 σωνταιο
2346 3337 2661 3409 ὠνόμασται
2713 3337 2822 3410 γὰρ
2872 3336 3074 3410 βρέφος
3119 3337 3225 3392 ὑπὸ
3254 3336 3350 3391 τοῦ
3397 3336 3668 3407 ἀγγέλου,

2078 3427 2194 3482 ἀλλ’
2225 3428 2341 3500 ἅμα
2374 3430 2469 3483 καὶ
2497 3429 2722 3502 Κύριος.
2834 3470 2851 3473 -

2150 3559 2250 3613 κδ’.
2288 3559 2430 3631 Μηδ’
2460 3561 2518 3613 ὲν
2542 3557 2718 3629 τούτῳ
2743 3558 2801 3611 δὲ
2827 3557 2988 3611 πάλιν
3006 3556 3444 3628 ψιθυριζέτωσαν
3467 3554 3527 3610 τὸ
3559 3556 3669 3609 πά·

2082 3650 2172 3715 θος
2206 3649 2658 3723 προϐαλλόμενοι,
2690 3649 2785 3704 καὶ
2816 3648 2917 3720 τὴν
2946 3649 3390 3711 ἀνάστασιν,’καὶ
3416 3649 3498 3702 ὅτι
3523 3646 3672 3712 Θεὸς

2081 3743 2246 3797 αὑτὸν
2278 3743 2499 3813 ἤγειρεν
2519 3757 2532 3773 ο
2563 3741 2664 3813 ήδη
2700 3741 2799 3811 μὲν
2824 3740 2935 3812 γὰρ
2960 3740 3055 3794 καὶ
3076 3742 3133 3794 ὲν
3158 3742 3272 3804 τοῖς
3294 3738 3673 3811 προλαϐοῦσιν

402 3848 705 3895 monstrata
757 3835 864 3891 fuit
918 3835 1349 3906 dispensationis
1405 3835 1569 3890 ratio.
1621 3835 1875 3891 Attamen
1932 3836 1970 3893 si

2082 3834 2461 3890 ἀποδέδεικται
2494 3834 2597 3904 τῆς
2637 3833 2953 3904 οίκονομίας
2994 3833 3023 3886 6
3076 3831 3252 3901 λόγος.
3286 3831 3432 3901 Πλὴν
3481 3830 3530 3883 εί
3561 3830 3671 3885 καὶ

401 3930 548 3986 forte
584 3930 751 3986 velint
795 3928 1102 3984 evidentius
1140 3927 1318 3983 adhuc
1371 3927 1608 3993 discere,
1656 3927 1781 3998 quis
1834 3939 1970 3985 esset

2083 3926 2463 4000 φανερώτερον
2495 3925 2789 3999 μανθάνειν
2809 3924 3111 3995 βούλονται,
3142 3925 3225 3989 τίς
3246 3926 3276 3977 6
3306 3922 3671 3995 ἐσταυρωμέ-

404 4023 496 4078 ille
521 4022 837 4089 cruciﬁxus,
865 4021 1088 4076 audiant
1119 4019 1304 4075 mundi
1353 4018 1659 4085 doctorem,
1691 4019 1745 4075 id
1779 4019 1970 4076 Corin«

2083 4036 2173 4084 νος
2197 4020 2467 4092 ὑπῆρχεν,
2503 4017 2856 4073 ἀκουέτωσαν
2890 4016 2985 4071 τοῦ
3020 4016 3120 4087 τῆς
3149 4014 3474 4086 οἰκουμένης
3509 4012 3668 4067 διδα-

402 4113 535 4169 thiis
560 4114 894 4169 scribentem
931 4130 990 4167 ι(
1026 4112 1138 4182 Ego
1160 4111 1330 4180 enim,
1361 4111 1560 4181 inquit,
1592 4112 1775 4182 accepi
1807 4127 1837 4166 a
1868 4111 1970 4167 Do-

2085 4111 2290 4165 σκάλου
2318 4153 2334 4178 ,
2387 4109 2547 4165 τοῦτο
2602 4108 2918 4180 Κορινθίοις
2965 4106 3408 4170 ἐπιστέλλοντος·
3461 4124 3479 4157 r
3516 4103 3670 4172 Ἐγὼ

406 4208 579 4270 mino,
614 4214 670 4261 et
696 4205 850 4260 vobis
884 4204 1108 4269 tradidi,
1135 4204 1395 4275 quoniam
1435 4204 1697 4259 Dominus
1723 4202 1885 4259 Jesus
1923 4203 1970 4258 in

2083 4203 2215 4274 γὰρ,
2240 4203 2396 4273 φησὶ,
2420 4200 2733 4275 παρέλαϐον
2756 4200 2864 4254 ἀπὸ
2888 4198 2984 4253 τοῦ
3006 4198 3236 4270 Κυρίου,
3253 4197 3349 4252 καὶ
3369 4195 3671 4265 παρέδωκα

406 4311 515 4364 qua
544 4305 704 4350 nocte
731 4294 1067 4356 tradebatur,
1089 4295 1300 4365 accepit
1321 4309 1518 4364 panem
1544 4294 1610 4361 ”,
1643 4304 1723 4349 iet
1748 4293 1970 4364 reliqua.

2085 4296 2236 4365 ὑμῖν,
2264 4296 2350 4350 ὅτι
2394 4296 2423 4348 ὁ
2456 4293 2662 4365 Κύριος
2713 4291 2923 4362 Ἰησοῦς
2956 4293 3021 4363 τῇ
3062 4291 3219 4344 νυκτὶ
3325 4287 3669 4360 παρεδίδοτο,

405 4384 602 4439 Cernis
649 4399 772 4439 eum
821 4384 913 4452 qui
962 4397 1060 4451 pro
1112 4383 1270 4439 nobis
1316 4398 1512 4452 passus
1544 4392 1659 4452 'est,
1691 4383 1970 4439 Dominum

2083 4389 2275 4444 ἔλαϐεν
2304 4390 2488 4459 ἄρτον,
2511 4407 2530 4439 ι
2553 4388 2647 4442 καὶ
2674 4388 2742 4442 τὰ
2769 4386 2917 4458 ἑξῆς.
2952 4385 3191 4456 Θεωρεῖς
3223 4383 3317 4436 τὸν
3343 4380 3484 4452 ὑπὲρ
3505 4376 3670 4450 ἡμῶν

407 4476 584 4547 palam
618 4447 1004 4547 praedicatum?
1039 4473 1190 4541 Quod
1215 4475 1258 4529 si
1288 4447 1479 4540 verba,
1506 4493 1526 4527 ι
1566 4447 1711 4530 Deus
1742 4474 1914 4546 ipsum
1949 4490 1970 4531 ε

2086 4447 2356 4548 παθόντα,
2387 4447 2595 4554 Κύριον
2639 4447 2891 4551 φανερᾶς
2923 4447 3361 4550 κηρυττόμενον;
3390 4447 3463 4527 Eli
3486 4447 3673 4525 δὲκαὶ

409 4568 640 4623 mortuis
673 4566 964 4624 suscitavit
989 4565 1092 4630 “,r
1132 4564 1462 4622 oﬂ‘endiculo
1495 4566 1810 4621 hominibus
1834 4574 1970 4632 sunt1

2083 4576 2167 4641 τὸ,
2208 4593 2227 4626 ι
2247 4574 2308 4630 Ὀ
2334 4574 2468 4639 Θεὸς
2500 4574 2665 4628 αὐτὸν
2709 4573 2931 4644 ἧγειρεν
2962 4572 3026 4625 ὲκ
3051 4567 3282 4641 νεκρῶν,
3313 4584 3332 4617 ι
3375 4563 3671 4619 σκανδαλί-

409 4671 599 4731 utpote
622 4660 690 4716 de
725 4658 944 4714 homine
972 4656 1139 4723 dicta,
1171 4658 1345 4728 ipsum
1378 4659 1559 4714 adhuc
1585 4659 1809 4714 audiant
1833 4659 1983 4731 Apo-

409 4755 608 4811 stolum
644 4755 784 4810 hanc
811 4767 1026 4824 quoque
1059 4752 1421 4823 suspicionem
1459 4752 1843 4820 perimentem.
1880 4753 1982 4810 Se-

408 4847 645 4902 cundum
668 4845 812 4902 enim
847 4844 1273 4914 dispensationis
1304 4845 1569 4899 rationem
1610 4844 1727 4899 haec
1760 4844 1813 4898 in
1846 4859 1981 4899 san-

411 4941 517 4993 ctis
548 4938 696 4992 dicta
731 4943 859 4993 sunt
898 4935 1223 5005 Scripturis.
1258 4933 1392 4989 Nam
1424 4934 1566 5004 quod
1592 4933 1858 4991 Dominus
1890 4949 1980 4992 es-

411 5040 497 5087 Set
530 5031 575 5087 is
598 5031 688 5100 qui
717 5030 771 5085 in
804 5042 973 5085 carne
1004 5041 1198 5100 passus
1228 5035 1389 5083 estet
1418 5027 1742 5091 resurrexit,
1773 5036 1827 5083 et
1849 5042 1977 5094 non,

412 5133 471 5177 ttt
503 5122 586 5178 isti
611 5123 790 5187 aiunt,
816 5120 980 5175 homo
1006 5116 1214 5174 habens
1238 5114 1480 5173 Verbum
1514 5117 1848 5181 inhabitans,
1880 5132 1980 5172 au-

412 5218 568 5269 diant
596 5201 825 5269 Paulum
859 5211 1124 5268 Romanis
1150 5211 1224 5265 ita
1256 5209 1324 5266 de
1361 5209 1676 5265 Abrahamo
1704 5209 1984 5265 conliden-

414 5316 499 5363 ter
548 5308 930 5363 scribentem:
983 5324 1004 5359 ι
1050 5304 1168 5361 Non
1223 5304 1345 5375 ejus
1380 5316 1558 5370 causa
1612 5303 1987 5359 tantummodo

416 5398 619 5467 scripta
665 5405 794 5453 sunt
834 5396 972 5462 hac,
1017 5396 1113 5452 sed
1160 5396 1328 5452 etiam
1381 5402 1607 5466 propter
1640 5407 1760 5459 nos,
1791 5393 1991 5465 quibus

420 5484 816 5561 reputabuntur
860 5487 1212 5545 credentibus
1246 5487 1299 5543 in
1333 5502 1481 5556 eum,
1518 5487 1611 5557 qui
1650 5483 1837 5543 Jesum
1887 5484 1994 5542 Do-

504 5719 525 5751 '
549 5716 681 5773 Luc.
715 5730 775 5784 ιι,
807 5714 893 5772 ll.
970 5714 991 5748 '
1016 5713 1146 5770 ibid.
1176 5714 1259 5770 l2.
1357 5716 1376 5748 '
1400 5717 1517 5773 Act.
1550 5730 1600 5785 κ,
1632 5716 1718 5774 '56.

2087 4665 2319 4733 ζειτοὺς
2357 4664 2703 4735 ἀνθρώπους,
2741 4664 2817 4727 ὡς
2857 4662 2987 4732 περὶ
3015 4659 3310 4732 ἀνθρώπου
3348 4657 3675 4727 λεγόμενον,

2088 4757 2258 4813 αὑτοῦ
2286 4757 2452 4811 πάλιν
2482 4755 2577 4810 τοῦ
2607 4754 2936 4809 Ἀποστόλου
2958 4752 3053 4806 καὶ
3082 4750 3286 4820 ταύτην
3318 4748 3679 4804 ἀκουέτωσαν

2088 4846 2437 4919 ἀναιροῦντος
2465 4846 2564 4917 τὴν
2598 4845 2853 4900 ὑπόνοιαν
2873 4860 2887 4876 ’
2922 4840 3285 4912 οἰκονομικῶς
3322 4841 3431 4911 γὰρ
3458 4839 3527 4894 τὰ
3557 4855 3678 4892 τοι-

2088 4938 2227 4994 αῦτα
2244 4938 2302 4992 ὲν
2327 4938 2447 5001 ταῖς
2475 4936 2660 5005 ἁγίαις
2676 4934 3306 5008 εῐρηταιΓραφαῖς.Ὅτι
3330 4931 3440 5001 γὰρ
3461 4928 3677 5002 Κύριος

2085 5027 2153 5103 ἦν
2176 5032 2203 5085 ὁ
2218 5033 2283 5102 τῇ
2305 5029 2468 5102 σαρκὶ
2487 5029 2583 5085 καὶ
2598 5028 2823 5099 πάσχων
2840 5028 2933 5082 καὶ
2948 5026 3329 5097 ἀνιστάμενος,
3341 5024 3435 5078 καὶ
3450 5023 3572 5092 οὐχ,
3592 5020 3676 5087 ὡς

2085 5122 2239 5177 αὐτοί
2257 5138 2441 5191 φασιν,
2454 5119 2737 5191 ἄνθρωπος
2749 5120 3021 5190 ἐνοίκησιν
3031 5116 3170 5189 έχων
3185 5114 3279 5170 τοῦ
3301 5115 3498 5184 Λόγου,
3511 5115 3678 5168 ἀκου-

2088 5214 2294 5268 έτωσαν
2312 5212 2408 5267 τοῦ
2427 5212 2639 5266 Παύλου
2655 5211 2948 5282 Ῥωμαίοις
2962 5210 3106 5265 οὕτω
3129 5208 3416 5280 παρρησία
3438 5208 3679 5277 γράφον-

2087 5323 2178 5371 τος
2196 5303 2441 5377 περὶτοῦ
2477 5303 2727 5376 Ἀϐραάμ
2745 5320 2760 5335 ·
2790 5324 2808 5357 ι
2833 5304 2947 5358 Οὐκ
2961 5302 3177 5376 ἐγράφη
3197 5302 3265 5356 δι’
3280 5301 3445 5355 αὑτὸν
3483 5299 3674 5372 μόνον,

2092 5398 2229 5452 ἀλλά
2244 5399 2340 5452 καὶ
2355 5397 2422 5451 δι’
2436 5398 2605 5469 ἡμᾶς,
2621 5393 2703 5460 οἷς
2719 5395 2902 5466 μέλλει
2919 5394 3232 5466 λογίζεσθαι
3248 5394 3365 5456 τοῖς
3380 5390 3676 5445 πιστεύου-

2092 5508 2177 5545 σιν
2207 5490 2301 5544 sui.
2333 5489 2426 5544 τὸν
2454 5488 2747 5560 ἐγείραντα
2781 5487 2992 5560 Ἰησοῦν
3026 5486 3119 5541 τὸν
3158 5484 3369 5558 Κύριον
3413 5481 3576 5555 ἡμῶν
3605 5481 3675 5537 ἐκ

1821 5718 1862 5749 ¹⁰
1889 5715 2019 5771 Luc.
2054 5731 2092 5781 ι,
2131 5713 2315 5770 Η-ιό.
2397 5712 2478 5769 ¹¹1
2518 5712 2642 5770 Cor.
2680 5728 2755 5781 ιιι,
2785 5710 2877 5768 9.5.
2956 5712 2998 5743 "
3026 5711 3146 5767 Act.
3180 5726 3240 5778 ιι,
3275 5708 3364 5764 24.
