3966 6194
307 259 390 318 285
1355 272 1548 339 QUOD
1590 274 1648 329 Β.
1690 275 1910 332 MABIA
1952 277 2059 334 SIT
2101 276 2422 334 DEIPARA.

3411 285 3515 342 286

309 376 495 448 νεκρῶν.
528 394 545 428 ι
576 378 854 442 Ἤκουσας
894 379 986 437 τὸν
1019 381 1398 454 ἐγειρόμενον,
1423 388 1628 460 Κύριον
1665 409 1805 462 προσ

1944 392 2150 449 minum
2201 403 2448 450 nostrum
2491 409 2522 450 e
2561 395 2792 450 mortuis
2817 396 3099 451 suscitavit
3139 396 3204 451 ".
3245 415 3264 448 ι
3304 397 3514 453 Audisti

308 469 689 541 αγορευόμενον;
720 470 939 540 Μηκέτι
967 473 1320 538 σκανδαλίζου
1348 478 1441 531 ἐπὶ
1476 483 1590 546 τοῖς
1625 485 1832 538 οἰκονο-

311 559 448 631 μικῶς
476 559 804 629 λεγομένοις.

356 745 434 793 κε’.
453 739 552 793 Καὶ
586 738 749 793 τοῦτο
765 739 821 794 δὲ
837 743 949 805 τοῖς
973 743 1285 815 εἰρημένοις
1308 751 1625 822 προσθεῖναι
1663 755 1825 826 ἀναγ-

303 835 420 886 καῖον
443 831 685 902 ὑπάρχει,
721 833 810 886 ἵνα
841 836 914 905 μή
934 853 1020 900 τις
1051 838 1300 913 ὑπολάϐῃ
1326 844 1510 914 χάριτι
1529 845 1624 898 καὶ
1643 847 1828 915 αὐτὸν,

305 924 507 995 καθάπερ
533 924 699 994 ἡμᾶς.
739 923 874 980 Θεὸν
910 927 1004 980 καὶ
1042 928 1248 1001 Κύριον
1276 933 1370 986 καὶ
1396 934 1524 989 Υἱὸν
1555 953 1827 1008 προσαγοο

305 1017 562 1086 ρενόμενον.
610 1016 804 1087 Ἡμεῖς
839 1018 938 1089 μὲν
967 1019 1076 1090 γὰρ
1111 1023 1161 1075 εί
1199 1025 1296 1077 καὶ
1326 1025 1642 1098 καλούμεθα
1690 1029 1824 1094 θεοὶ,

304 1108 407 1161 ἀλλὰ
439 1108 582 1162 πάλιν
631 1108 909 1180 ἀκούομεν
955 1113 1051 1166 καὶ
1093 1114 1193 1184 τῆς
1239 1115 1524 1183 ἀσθενείας
1561 1120 1720 1191 ἡμῶν
1768 1121 1828 1175 τὸ

306 1203 491 1275 μέτρον·
524 1219 542 1254 ι
580 1199 724 1269 Ἐγὼ
755 1200 866 1270 γὰρ
895 1198 1044 1265 εἶπα,
1083 1206 1237 1274 φησι,
1263 1207 1386 1261 Θεοί
1420 1211 1565 1273 ἐστε,
1598 1211 1688 1263 καὶ
1720 1213 1827 1266 υἱοὶ

311 1293 535 1361 Ὑψίστου·
569 1309 590 1344 ι
622 1291 740 1344 ἀλλ’
774 1290 980 1356 εὐθέως
1010 1294 1240 1362 ἐπάγει·
1276 1317 1295 1348 ‹
1328 1297 1516 1368 Ὑμεῖς
1546 1299 1603 1354 δὲ
1631 1301 1708 1364 ὡς
1732 1301 1826 1356 ἄν-

303 1386 465 1454 θρωποι
499 1383 901 1453 ἀποθνήσκετε·
934 1402 953 1435 ι
990 1386 1087 1438 καὶ
1110 1385 1268 1457 δῆλον
1308 1387 1384 1453 ὡς
1417 1390 1514 1464 τὴν
1547 1408 1822 1462 προσηγο-

304 1480 396 1547 ρίαν
432 1478 552 1531 κατὰ
583 1475 752 1547 χάριν
787 1477 1138 1548 ἐσχήκαμεν·
1175 1479 1340 1544 αὐτὸς
1381 1481 1440 1535 δέ
1483 1483 1582 1554 οὐχ
1625 1483 1821 1550 οὕτως,

303 1567 404 1620 ἀλλὰ
434 1566 553 1636 μετὰ
591 1566 698 1636 τῆς
738 1565 1082 1636 θεοπρεποῦς
1141 1567 1300 1640 δόξης
1356 1572 1451 1626 καὶ
1508 1572 1607 1645 τὴν
1653 1591 1822 1646 προσ-

300 1659 479 1729 ηγορίαν
506 1657 634 1728 ἔχει.
682 1657 950 1711 Καλεῖται
980 1658 1091 1730 γάρ
1139 1660 1236 1730 οὐχ
1283 1661 1467 1727 ἁπλῶς
1499 1663 1652 1730 Θεὸς,
1684 1665 1820 1720 ἀλλὰ

1940 501 2062 540 eum
2092 486 2182 556 qui
2218 486 2518 541 suscitatus
2551 485 2675 552 fuit,
2715 487 3006 541 Dominum
3042 488 3408 558 appellatum?
3438 488 3514 544 Ne

1936 591 2068 647 ergo
2121 593 2242 646 quae
2295 579 2592 634 secundum
2643 578 3104 646 dispensationem
3157 591 3286 637 sunt
3339 583 3510 646 dicta,

1935 668 2198 724 seandalo
2233 668 2327 724 tibi
2355 669 2484 724 sint.

2007 760 2100 814 23.
2125 760 2236 815 Sed
2262 769 2316 815 et
2339 760 2484 815 aliud
2512 760 2791 830 praedictis
2817 763 3125 818 necessario
3149 763 3515 834 adjiciendum

1931 863 2035 920 est,
2067 869 2137 909 ne
2171 855 2294 924 quis
2335 855 2648 923 suspicetur
2701 856 2879 925 ipsum
2928 857 3190 926 gratiose,
3223 858 3368 913 sicut
3408 872 3508 912 no-

1930 946 2013 1001 bis
2041 947 2317 1009 usuvenit,
2355 956 2410 1001 ct
2446 947 2613 1002 Deum
2664 946 2834 1002 fuisse
2858 947 3184 1017 appellatum
3226 958 3278 1002 et
3324 947 3512 1002 Domi-

1930 1053 2057 1092 num
2083 1049 2245 1106 atque
2274 1038 2494 1092 Filium.
2539 1037 2649 1094 Nos
2677 1038 2877 1108 quippe
2916 1037 3131 1092 etiamsi
3165 1037 3238 1091 dii
3271 1037 3510 1106 appelle-

1930 1146 2070 1198 mur,
2103 1129 2276 1184 nihilo
2304 1138 2482 1184 tamen
2516 1129 2696 1183 minus
2729 1128 3066 1183 inﬁrmitatis
3097 1128 3257 1184 simul
3305 1137 3514 1184 nostra:

1927 1221 2203 1276 modulum
2245 1220 2522 1276 audimus.
2557 1239 2574 1271 ι
2616 1219 2728 1290 Ego
2759 1219 2902 1274 enim
2952 1219 3063 1274 dixi
3088 1261 3102 1285 ,
3141 1219 3319 1288 inquit
3356 1217 3508 1274 Psal-

1927 1315 2110 1377 mista,
2134 1313 2218 1368 Dii
2265 1313 2400 1368 estis
2432 1321 2486 1366 et
2512 1311 2778 1366 Altissimi
2822 1310 2916 1364 ﬁlii
2952 1309 3015 1363 “.
3054 1329 3072 1362 ι
3119 1309 3223 1365 Sed
3258 1310 3508 1379 protinus

1924 1404 2110 1459 addit:
2134 1422 2152 1455 ‹
2173 1403 2282 1458 Vos
2303 1413 2486 1457 autem
2512 1411 2570 1456 ut
2595 1401 2844 1456 homines
2867 1413 3099 1456 mortem
3126 1401 3371 1471 patimini
3391 1401 3455 1452 ’⁸.
3478 1419 3501 1453 ι

1923 1497 2086 1553 Certe
2113 1504 2331 1552 constat
2363 1495 2460 1549 hac
2485 1508 2584 1548 nos
2617 1493 2982 1564 appellatione
3012 1492 3233 1550 nonnisi
3255 1507 3350 1561 per
3375 1507 3503 1561 gra-

1925 1589 2053 1644 tiam
2086 1587 2212 1642 t’rui.
2241 1584 2358 1640 Non
2385 1586 2464 1640 sic
2489 1585 2622 1653 ipse,
2659 1583 2754 1638 sed
2790 1598 2913 1638 cum
2949 1583 3110 1654 digna
3158 1583 3270 1637 Deo
3327 1582 3502 1653 gloria

1922 1694 2118 1734 nomen
2148 1693 2367 1749 quoque
2399 1677 2560 1748 gerit.
2588 1675 2828 1730 Vocatur
2851 1691 2956 1730 non
2991 1675 3315 1745 simpliciter
3336 1675 3498 1739 Deus,

303 1751 402 1813 856;
429 1750 506 1802 ἐπὶ
536 1749 780 1814 πάντων,
817 1749 914 1802 καὶ
947 1750 1244 1823 εὐλογητὸς
1273 1754 1354 1818 είς
1406 1755 1531 1819 τοὺς
1575 1755 1807 1822 αίῷναςι

1923 1773 2018 1828 sed
2057 1786 2221 1842 super
2249 1770 2430 1827 omnia
2482 1768 2642 1832 Deus,
2669 1775 2720 1822 et
2755 1767 3077 1823 benedictus
3120 1767 3172 1820 in
3204 1767 3398 1821 saecula
3430 1766 3496 1820 ¹⁶.

303 1843 493 1896 καλεῖται
514 1841 563 1894 δὲ
585 1841 756 1899 πάλιν
795 1842 893 1894 καὶ
939 1841 1168 1916 Κύριος,
1200 1846 1302 1898 οὐκ
1351 1845 1574 1918 ὀνόματι
1631 1850 1814 1920 μόνον,

306 1931 450 2001 ὥσπερ
481 1933 643 2002 ἡμεῖς,
677 1929 820 1984 ἀλλὰ
870 1931 1206 2004 Κύριος’τῆς
1256 1935 1435 2006 δόξης,
1471 1938 1567 1991 καὶ
1611 1938 1816 2011 Κύριος

309 2025 496 2086 πάντων,
531 2023 596 2088 ὡς
625 2025 654 2077 6
711 2024 922 2094 Πέτρος
965 2025 1236 2093 ἐδίδαξεν·
1280 2027 1572 2100 λεγόμενος
1619 2031 1675 2085 δὲ
1721 2035 1816 2087 xal

313 2113 432 2177 Υἱὸς,
455 2116 549 2169 οὐδὲ
585 2114 749 2169 τοῦτο
783 2115 1043 2190 καθάπερ
1072 2119 1236 2190 ἡμεῖς
1271 2119 1460 2185 ἁπλῶς
1490 2121 1631 2188 υίὸς,
1677 2124 1815 2178 ἀλλά

319 2206 423 2269 Υἱὸς
464 2209 607 2277 μᾶνος,
648 2211 742 2264 καὶ
791 2209 1047 2281 ἀληθινὸς
1095 2212 1219 2264 κατ’
1245 2213 1476 2276 οὐσίαν,
1517 2214 1594 2278 ὥς
1649 2233 1813 2288 φησιν

334 2298 560 2369 Ἰωάννης·
583 2302 722 2357 «Καὶ
748 2302 918 2374 ἐσμὲν
950 2305 1008 2356 ἐν
1047 2304 1128 2374 τῷ
1166 2304 1408 2376 ἀληθινῷ
1451 2306 1589 2377 Θεῷ,
1622 2310 1715 2362 καὶ
1753 2311 1812 2364 ἐν

316 2387 380 2457 τῷ
406 2388 499 2459 Υἰῷ
522 2391 688 2445 αὐτοῦ·
714 2387 861 2456 οὗτος
885 2395 1031 2448 ἐστιν
1059 2395 1087 2448 6
1116 2395 1374 2466 ἀληθινὸς
1399 2397 1554 2464 Θεὸς,
1578 2400 1673 2453 καὶ
1697 2400 1811 2474 ζωὴ

306 2478 505 2543 αἰώνιος.
526 2500 544 2533 ι
571 2485 926 2557 Φανερώτερον
957 2485 1015 2538 δὲ
1045 2485 1237 2540 τοῦτον
1265 2489 1294 2541 6
1323 2489 1620 2555 ἀπόστολος
1659 2492 1808 2546 Παῦ-

296 2569 370 2633 λος
389 2572 480 2626 ἀπὸ
503 2575 593 2629 τῶν
620 2577 824 2630 πολλῶν
849 2577 1072 2648 διορίζει
1101 2579 1180 2644 ὼς
1210 2580 1370 2650 μόνον
1395 2582 1649 2637 καὶκατὰ
1672 2584 1808 2656 ἀλή-

292 2662 417 2717 Θειαν
434 2666 540 2720 Υίόν
562 2683 575 2697 ·
600 2669 750 2738 λέγει
775 2669 886 2740 γὰρ
907 2669 1108 2735 οὕτως·
1146 2690 1163 2724 ι
1201 2673 1314 2725 Καὶ
1347 2673 1456 2745 γὰρ
1483 2675 1640 2748 εἴπερ
1670 2678 1808 2731 εἰσιν

285 2754 516 2828 λεγόμενοι
543 2761 669 2826 θεοὶ,
708 2761 820 2816 εἴτε
864 2763 924 2816 ἐν
953 2763 1187 2835 οὐρανῷ,
1237 2766 1346 2819 εἴτε
1393 2768 1486 2820 ἐπὶ
1537 2772 1636 2840 τῆς
1678 2771 1805 2840 γῆς,

283 2846 434 2919 ὥσπερ
457 2853 579 2905 εἰσὶν
626 2853 746 2908 θεοὶ
800 2854 988 2907 πολλοὶ⁸
1045 2857 1142 2910 καὶ
1199 2856 1381 2927 κύριοι
1423 2854 1612 2913 πολλοὶ
1646 2860 1805 2928 λεγό-

280 2957 416 3009 μενοι·
445 2961 462 2993 ι
491 2946 643 3000 πάλιν
677 2945 768 3000 ἵνα
794 2944 895 3018 [ita
923 2945 1095 3002 codex
1130 2947 1387 3020 uterque]
1417 2951 1566 3021 νοῇς,
1600 2971 1618 3003 ι
1660 2951 1806 3006 Ἀλλ’

275 3033 378 3103 ἡμῖν
399 3030 468 3098 εἷς
485 3037 607 3100 Θεὸς
638 3040 670 3091 6
704 3039 896 3110 Πατὴρ
925 3039 984 3104 ἐξ
1021 3032 1083 3092 οὐ
1115 3039 1183 3092 τὰ
1214 3041 1414 3105 πάντα,
1443 3042 1537 3096 καὶ
1569 3037 1651 3106 εἷς
1688 3043 1804 3098 Κύ-

272 3142 362 3197 ριος
389 3127 572 3200 Ἰησοῦς
601 3133 847 3203 Χριστὸς
870 3132 936 3186 δι’
966 3127 1026 3187 οὐ
1049 3133 1116 3187 τὰ
1150 3133 1350 3186 πάντα.
1385 3151 1404 3184 ι
1447 3132 1613 3205 Ὁρᾷς
1644 3135 1721 3199 ὡς
1743 3137 1804 3189 οὐ

274 3219 385 3287 μετά
411 3224 611 3278 πάντων
633 3225 808 3288 αὐτὸς
839 3225 1042 3298 Κύριος
1073 3225 1106 3296 ἥ
1131 3225 1261 3288 Θεὸς
1294 3225 1641 3295 ὀνομάζεται,
1671 3227 1808 3281 ἀλλὰ

271 3312 394 3381 μόνος
412 3316 480 3388 τῷ
501 3318 678 3391 Πατρὶ
706 3317 1108 3385 συνδοξάζεται,
1137 3318 1212 3382 ὼς
1238 3317 1298 3382 ἐξ
1329 3317 1497 3371 αὐτοῦ
1529 3319 1671 3372 κατά
1701 3318 1803 3388 φύ-

268 3421 332 3459 σιν
358 3408 595 3480 ὑπάρχων
617 3428 633 3475 ;

315 3496 408 3563 ις’.
440 3500 640 3573 Καιρὸς
669 3500 734 3554 δὲ
761 3501 969 3566 λοιπὸν,
1005 3501 1100 3555 καὶ
1141 3499 1240 3572 τὴν
1280 3500 1474 3572 ἑτέραν
1506 3500 1602 3555 τοῦ
1643 3502 1806 3555 Ἀπο-

264 3589 407 3642 στόλου
443 3595 756 3666 μαρτυρίαν
790 3595 870 3657 εἰς
907 3593 1070 3664 μέσον
1093 3597 1459 3666 παραγαγεῖν,
1495 3594 1685 3648 τοῦτον
1713 3595 1803 3649 τὸν

259 3676 464 3749 ἀληθινὸν
499 3683 630 3738 Θεὸν
660 3683 820 3757 [Θεόν
851 3687 1006 3739 abest
1055 3685 1122 3739 ab
1145 3701 1254 3740 uno
1286 3702 1315 3740 e
1338 3685 1638 3757 codicibus]
1673 3686 1802 3740 Υἱὸν

257 3767 496 3827 δεικνῦσιν
517 3773 672 3841 [εοά.
705 3785 931 3844 uterque
958 3773 1195 3848 δεικνὺς]
1224 3775 1509 3847 ἄνθρωπον
1537 3771 1678 3830 εἶναι
1711 3777 1802 3832 τὸν

255 3857 303 3910 ἐκ
342 3861 424 3932 τῆς
464 3863 909 3934 καλλιπαρθένου
959 3863 1262 3934 τεχθέντα·
1314 3866 1427 3936 ἔχει
1479 3867 1536 3920 δὲ
1588 3867 1796 3932 οὐτως·

256 3969 270 4000 ι
294 3953 401 4006 Ὅτε
429 3957 483 4010 δὲ
501 3952 680 4028 ἦλθεν
705 3957 765 4010 τὸ
799 3957 1076 4030 πλήρωμα
1105 3957 1202 4012 τοῦ
1233 3959 1451 4029 χρόνου,
1483 3960 1803 4025 ἐξαπέστειο

249 4042 320 4094 λεν
341 4045 500 4111 ὸΘεὸς
524 4049 620 4103 τὸν
653 4048 791 4102 Υἱὸν
826 4049 995 4102 αὐτοῦ
1035 4050 1328 4120 γενόμενον
1356 4052 1422 4105 ἐκ
1450 4053 1739 4120 γυναικός·
1774 4071 1794 4106 ι

248 4135 401 4202 μηδεὶς
439 4139 496 4193 δὲ
544 4140 724 4194 τοῦτο
763 4140 944 4209 λέγειν
990 4143 1330 4214 ἐρυθριάτω·
1381 4143 1638 4214 οὐδεμίαν
1690 4145 1800 4217 γὰρ

247 4223 374 4296 ὓϐριν
402 4231 557 4284 τοῦτο
594 4231 689 4303 τῷ
719 4232 879 4304 Λόγῳ
908 4235 1086 4304 φέρει,
1121 4233 1534 4306 φιλανθρωπίαν
1574 4236 1630 4290 δὲ
1667 4237 1801 4306 μᾶλ-

241 4317 326 4386 λον,
352 4325 438 4377 καὶ
480 4325 649 4390 δόξαν
706 4325 797 4379 διά
840 4327 1000 4380 τοῦτο
1043 4328 1271 4400 ἄπειρον
1309 4328 1405 4382 καὶ
1458 4330 1794 4401 ἀμέτρητον.

1919 1863 2163 1919 Vocatur
2193 1863 2318 1918 item
2354 1862 2639 1926 Dominus,
2666 1875 2771 1916 non
2802 1859 3022 1915 nomine
3064 1867 3246 1922 tenus,
3283 1867 3343 1912 ut
3374 1873 3496 1921 nos,

1919 1957 2013 2011 sed
2054 1956 2243 2026 gloria:
2281 1955 2565 2018 Dominus,
2604 1953 2977 2020 Dominusque
3018 1951 3283 2016 omnium,
3317 1959 3372 2003 ut
3400 1950 3500 2005 Pe-

1920 2061 2035 2104 trus
2072 2049 2256 2104 docuit
2291 2049 2354 2102 ".
2388 2048 2595 2101 Dicitur
2625 2048 2787 2101 etiam
2815 2045 3018 2110 Filius;
3049 2054 3104 2098 at
3144 2059 3212 2097 ne
3239 2043 3338 2098 hoc
3371 2042 3498 2111 qni-

1917 2143 2038 2197 dem
2075 2119 2133 2195 ut
2160 2155 2259 2195 nos
2289 2138 2632 2208 simpliciter,
2677 2138 2772 2194 sed
2816 2137 3008 2192 unicus
3050 2135 3240 2200 Filius,
3273 2145 3326 2190 et
3364 2135 3496 2192 sub-

1915 2233 2249 2289 stantialiter
2302 2245 2468 2287 verus
2496 2272 2510 2298 ,
2540 2243 2601 2296 ut
2636 2231 2714 2285 ait
2745 2229 2985 2285 Joannes
3020 2243 3037 2284 :
3070 2246 3088 2278 ι
3128 2226 3194 2282 Ει
3221 2242 3408 2282 sumus
3439 2227 3496 2280 in

1915 2339 2046 2380 vero
2082 2324 2212 2390 Deo,
2255 2331 2310 2378 et
2345 2323 2397 2378 in
2439 2322 2579 2377 Filio
2617 2321 2753 2390 eius.
2786 2319 2888 2376 llic
2919 2336 3076 2375 verus
3107 2320 3250 2375 Dens
3294 2327 3398 2383 est,
3439 2328 3496 2374 et

1914 2418 2022 2472 vita
2043 2427 2246 2472 mterna
2273 2416 2341 2469 ⁸⁸.
2387 2435 2406 2468 ι
2449 2415 2782 2470 Manifestius
2819 2425 2996 2468 autem
3043 2413 3184 2466 hunc
3217 2411 3493 2481 apostolus

1911 2509 2113 2564 Paulus
2141 2523 2172 2561 a
2203 2507 2388 2561 multis
2422 2507 2702 2572 discernit,
2735 2514 2920 2574 utpote
2948 2503 3121 2558 solmn
3158 2513 3206 2557 et
3238 2517 3366 2556 vere
3399 2501 3492 2556 Fi-

1913 2600 2064 2656 lium.
2092 2600 2184 2654 Ait
2209 2600 2355 2655 enim
2385 2599 2466 2654 sic
2505 2616 2520 2652 :
2555 2617 2574 2651 ι
2612 2595 2747 2650 Nam
2778 2597 2880 2651 etsi
2921 2605 3049 2651 sunt
3093 2595 3183 2664 qui
3229 2594 3490 2648 dicuntur

1913 2688 2008 2754 dii,
2037 2689 2153 2743 sive
2183 2688 2235 2742 in
2274 2686 2435 2752 cmlo,
2466 2687 2583 2743 sive
2617 2701 2783 2756 super
2816 2696 3043 2749 terram,
3093 2684 3252 2740 sicuti
3299 2699 3488 2739 revera

1911 2787 2037 2834 sunt
2087 2780 2159 2834 dii
2211 2779 2401 2845 multi,
2439 2789 2494 2832 et
2533 2778 2682 2832 multi
2717 2778 2807 2847 qui
2836 2777 3091 2832 dicuntur
3119 2775 3320 2829 domini
3351 2775 3431 2843 ¹⁹;
3463 2793 3484 2827 ι

1910 2870 2092 2926 subdit
2121 2871 2500 2939 utiutelligas:
2527 2889 2544 2921 ι
2569 2869 2735 2924 Nobis
2771 2879 2950 2924 tamen
2977 2883 3119 2923 unus
3153 2867 3294 2921 Deus
3325 2865 3490 2920 Pater

1910 2977 1975 3018 ex
2001 2977 2110 3032 quo
2139 2961 2342 3026 omnia,
2362 2971 2416 3016 et
2439 2977 2578 3016 unus
2613 2960 2878 3015 Dominus
2911 2958 3070 3014 Jesus
3109 2958 3362 3015 Christus
3392 2973 3489 3028 per

1911 3070 2068 3124 quem
2109 3055 2288 3108 omnia
2315 3055 2378 3106 ὀ.
2423 3072 2441 3104 ι
2477 3053 2689 3119 Cernis,
2730 3053 2873 3122 quod
2916 3067 3024 3107 non
3070 3067 3191 3106 cum
3233 3033 3509 3107 omnibus.

1910 3146 2024 3214 ipse
2068 3145 2331 3200 Dominus
2384 3145 2466 3197 vel
2508 3144 2651 3199 Deus
2695 3145 3032 3208 nominatur,
3061 3143 3155 3197 sed
3193 3157 3330 3196 unus
3363 3157 3485 3195 cum

1908 3238 2070 3293 Patre
2128 3237 2486 3308 gloriﬁcatur,
2547 3250 2806 3304 tanquam
2865 3250 2928 3292 ex
2987 3234 3106 3304 ipso
3160 3234 3486 3289 naturaliter

1907 3326 2214 3383 exsistens?

1975 3499 2068 3572 26.
2109 3498 2369 3569 Superest
2422 3508 2480 3554 ut
2527 3498 2674 3553 aliud
2717 3499 2959 3568 Apostoli
3009 3500 3380 3554 testimonium
3429 3497 3482 3552 in

1906 3594 2142 3646 medium
2175 3590 2540 3662 proferamus,
2577 3593 2720 3660 quod
2767 3593 2912 3647 hunc
2947 3607 3135 3647 verum
3181 3592 3348 3645 Deum
3401 3589 3486 3644 lti-

1904 3685 2036 3738 lium
2070 3683 2310 3739 ostendit
2335 3697 2460 3739 esse
2487 3682 2786 3748 hominem,
2817 3698 2975 3752 quem
3007 3683 3225 3754 egregia
3271 3684 3484 3752 peperit

1906 3775 2092 3843 Virgo.
2123 3774 2200 3829 lta
2240 3789 2374 3829 vero
2413 3789 2474 3830 se
2514 3775 2716 3828 habet:
2764 3792 2783 3824 ι
2824 3774 2984 3828 Cum-
3009 3775 3158 3828 venit
3202 3773 3484 3842 plenitudo

1906 3866 2189 3936 temporis,
2220 3865 2366 3920 misit
2410 3866 2558 3920 Deus
2605 3864 2801 3918 Filium
2835 3879 2990 3919 suum
3032 3863 3232 3918 factum
3261 3879 3326 3918 ex
3363 3880 3482 3918 mn-

1903 3959 2040 4013 liere
2064 3958 2132 4012 “.
2167 3976 2187 4010 ι
2223 3955 2503 4012 Neminem
2534 3970 2702 4025 porro
2732 3956 2835 4010 hoc
2858 3956 3042 4010 dicere
3071 3957 3300 4023 pudeat;
3335 3956 3480 4009 nulla

1900 4050 2044 4104 enim
2081 4049 2203 4103 hinc
2226 4047 2423 4118 injuria
2453 4045 2630 4102 Verbo
2664 4047 2745 4111 ﬁt,
2778 4045 3089 4114 benignitas
3125 4059 3252 4098 vero
3285 4045 3480 4118 1W

1901 4139 2080 4209 potius
2122 4137 2375 4208 patescit,
2412 4145 2465 4193 et
2505 4135 2677 4206 gloria
2719 4135 2933 4189 inﬁnita
2967 4142 3133 4205 atque
3183 4135 3478 4190 immensu-

1901 4229 2112 4286 rabilis.
2155 4228 2292 4283 Nam
2332 4228 2475 4297 quod
2525 4227 2662 4282 nihil
2707 4227 2834 4282 inde
2881 4225 3116 4280 Verbum
3165 4227 3477 4282 detrimenti

1901 4323 2103 4392 capiat,
2132 4337 2254 4377 cum
2285 4321 2359 4376 sit
2393 4320 2716 4390 intangibile
2759 4329 2953 4388 suapte
2987 4328 3204 4384 natura,
3236 4319 3481 4388 impassi-

242 4409 337 4465 ὀτι
361 4417 462 4486 γὰρ
485 4419 647 4472 οὐδὲν
693 4419 757 4471 ἐκ
783 4417 976 4472 τούτου
1009 4420 1037 4472 6
1060 4420 1234 4488 Λόγος
1269 4419 1590 4485 ἐδλάπτετο,
1623 4421 1794 4492 ἄψαυ-

1922 4417 2029 4483 ιιιθ,
2062 4423 2118 4471 et
2166 4414 2699 4482 incircumscriptum
2728 4451 2744 4478 ,
2785 4413 2880 4467 sed
2907 4410 3168 4467 incﬁ‘abili
3208 4428 3302 4468 sua
3351 4427 3478 4484 erga

236 4517 333 4567 στος
359 4507 621 4579 ὑπάρχων
655 4507 765 4578 τὴν
800 4507 962 4577 φύσιν
998 4509 1093 4563 καὶ
1120 4509 1339 4580 ἀπαθὴς
1367 4511 1462 4565 καὶ
1488 4511 1794 4583 ἀπερίγραο

237 4608 329 4658 ςνις,
357 4597 579 4671 ἀρρήτῳ
614 4600 686 4652 δὲ
720 4600 1103 4673 φιλανθρωπίᾳ
1148 4601 1210 4655 τὸ
1251 4603 1486 4672 πρᾶγμα
1519 4603 1792 4674 διήνυσεν,

233 4685 364 4741 ἄκουε
393 4693 555 4746 πάλιν
611 4689 792 4745 αὐτοῦ
831 4691 924 4744 τοῦ
949 4690 1162 4745 Παύλου
1199 4692 1356 4746 τοῦτο
1412 4693 1790 4757 διδάσκοντος·

240 4778 450 4849 «Ἰησοῦς
476 4783 758 4856 Χριστὸς,
797 4783 983 4853 φησιν,
1008 4783 1133 4853 χθὲς
1169 4784 1265 4838 καὶ
1283 4785 1546 4854 σήμερον,
1569 4786 1597 4837 6
1631 4785 1794 4848 αὐτὸς

230 4871 304 4922 καὶ
321 4874 392 4936 είς
405 4875 531 4940 τοὺς
544 4876 786 4937 αἰῶνας·
799 4892 817 4924 ι
839 4873 899 4928 τὸ
918 4874 1045 4945 γὰρ,
1069 4872 1217 4944 χθὲς,
1231 4873 1426 4940 λέγων,
1440 4875 1539 4944 τὴν
1556 4872 1796 4947 προαιώ-

229 4975 318 5013 νιον
337 4966 496 5020 αὐτοῦ
525 4966 802 5038 σημαίνει
827 4965 986 5032 δόξαν
1001 4983 1015 4995 ·
1040 4965 1102 5018 τὸ
1127 4965 1187 5018 δὲ
1214 4966 1476 5037 σήμερον,
1497 4965 1794 5030 ἐνεστῶτος

226 5055 389 5123 lngo-3
434 5061 692 5113 ποιεῖται
734 5056 1110 5126 σημαντικόν·
1146 5057 1241 5110 καὶ
1281 5057 1363 5110 ὅτι
1413 5055 1513 5109 οὐκ
1553 5054 1792 5126 ἐτράπη,

225 5145 318 5195 ἀλλ’
343 5150 417 5201 ὅτι
445 5152 475 5202 6
501 5149 686 5212 αὐτὸς
714 5148 930 5219 ἔμεινεν
957 5148 1050 5200 καὶ
1078 5147 1135 5199 ἐν
1169 5148 1335 5219 σαρκὶ
1359 5147 1672 5218 γενόμενος,
1700 5146 1796 5200 καὶ

221 5233 351 5289 ἔσται
399 5243 483 5304 εἰς
510 5241 652 5302 τοὺς
683 5238 908 5303 αἰῶνας,
941 5239 1244 5306 ἐπήγαγεν,
1297 5258 1316 5290 ι
1345 5241 1374 5293 ὁ
1396 5238 1560 5302 αὐτὸς
1597 5239 1694 5293 καὶ
1715 5240 1796 5303 είς

220 5328 327 5390 τοὺς
358 5333 587 5396 αἰῶνας.
619 5351 639 5383 ι
679 5330 807 5385 Ὅτε
839 5329 1020 5384 τοίνυν
1035 5330 1208 5384 ταῦτα
1229 5330 1400 5395 οὕτως
1420 5331 1552 5402 ἔχει,
1600 5330 1793 5400 φιλαν-

222 5416 412 5493 θρωπίᾳ
458 5424 695 5496 μεγάλῃ
725 5423 822 5494 τὴν
879 5424 958 5486 είς
1011 5423 1160 5494 ἡμᾶς
1198 5423 1420 5494 ἀγάπην
1467 5423 1791 5492 ἐνεδείξατο,

286 5626 502 5684 "Rom.
539 5644 622 5692 tv,
655 5627 746 5693 25,
777 5627 868 5682 25.
949 5627 993 5660 “
1020 5627 1158 5685 Psal.
1194 5643 1379 5688 Lxxxt,
1411 5626 1466 5680 6.
1546 5629 1585 5659 ⁸⁵
1609 5630 1740 5683 ibid.
1779 5630 1829 5684 7.
1914 5630 1955 5659 ¹⁶
1981 5628 2134 5683 Rom.
2169 5644 2242 5692 Ix,
2284 5629 2335 5684 5.
2419 5628 2460 5660 ¹⁷
2485 5628 2601 5684 Act.
2633 5644 2687 5695 ι,
2725 5610 2815 5683 56.

1160 5701 1200 5731 ’⁸
1229 5699 1402 5753 Galat.
1441 5714 1511 5762 tv,
1555 5701 1605 5754 τί.
1687 5703 1729 5731 ’³
1759 5701 1917 5757 llcbr.
1955 5716 2070 5765 xm,
2106 5702 2156 5755 8.

229 5693 441 5753 "lCor.
472 5715 597 5764 vm,
773 5701 816 5730 ²⁰
846 5698 972 5755 ibid.
1011 5700 1064 5755 6.

1905 4509 2154 4564 homines
2189 4507 2434 4562 bonitate
2469 4506 2522 4560 id
2557 4503 2820 4569 eﬁecerit,
2856 4505 2979 4559 audi
3029 4519 3218 4558 rursus
3253 4503 3479 4558 Paulum

1907 4602 2009 4655 hoc
2059 4599 2382 4654 docentem:
2420 4616 2439 4649 ι
2477 4595 2639 4653 Jesus
2667 4597 2948 4664 Christus,
3007 4597 3220 4667 inquit,
3264 4596 3382 4651 heri
3425 4605 3480 4650 et

1902 4690 2084 4757 hodie,
2115 4689 2256 4745 idem
2275 4697 2327 4746 et
2350 4689 2402 4744 in
2437 4687 2636 4744 saecula
2669 4689 2736 4742 ”.
2770 4705 2789 4739 ι
2822 4686 2957 4740 Cntn
2988 4687 3120 4742 dicit
3150 4687 3293 4752 lteri,
3333 4701 3478 4741 scm-

1905 4784 2171 4853 piternam
2214 4782 2332 4851 ejus
2365 4781 2496 4837 dicit
2544 4780 2821 4851 gloriam.‘
2857 4778 3032 4834 Hodie
3074 4794 3202 4834 vero
3238 4792 3480 4848 praesens

1906 4884 2121 4943 tempus
2158 4874 2448 4942 signiﬁcat.
2497 4871 2565 4926 Et
2594 4871 2720 4942 quia
2769 4886 3042 4940 nunquam
3094 4879 3330 4925 mutatus
3366 4879 3476 4936 est,

1903 4963 2154 5032 idemque
2188 4964 2391 5019 tnansit
2419 4963 2583 5018 etiam
2611 4978 2739 5018 caro
2771 4961 2970 5024 factus,
2995 4960 3208 5027 eritque
3245 4960 3296 5013 in
3327 4967 3480 5013 mter-

1899 5069 2054 5123 num,
2093 5055 2296 5110 addidit
2323 5073 2342 5107 ι
2383 5055 2522 5109 idem
2563 5063 2616 5108 et
2661 5055 2714 5109 in
2757 5051 2984 5108 saecula.
3030 5070 3049 5104 ›
3085 5050 3215 5116 Qum
3244 5066 3364 5106 cum
3405 5051 3476 5105 ita

1901 5148 2030 5214 sint,
2049 5162 2242 5218 magna
2273 5147 2474 5217 oppido
2503 5145 2841 5217 benignitate
2869 5142 3193 5198 charitatem
3218 5157 3344 5214 erga
3376 5158 3480 5199 nos

1901 5254 2052 5295 suam
2093 5239 2516 5305 demonstravit,
2561 5251 2731 5307 seque
2780 5235 3209 5290 communicavit
3269 5245 3480 5289 natura:

1900 5341 2123 5396 nostrae,
2158 5340 2216 5385 ut
2237 5346 2354 5386 eam
2390 5329 2679 5396 relevaret,
2713 5339 2880 5399 atque
2913 5343 2943 5382 a
2975 5327 3174 5382 diaboli
3213 5327 3479 5382 servitute

1900 5425 2247 5482 subduceret.
2286 5424 2566 5481 Neminem
2619 5438 2749 5498 ergo
2791 5425 3011 5497 pudeat,
3067 5437 3192 5476 cum
3245 5436 3473 5492 puerum

2919 5625 2960 5658 ⁸⁸
3007 5622 3206 5679 Ηοιιιι.
3267 5639 3325 5690 v,
3377 5621 3472 5677 $20.
