4002 6192
295 270 492 365 ἐει
690 332 822 354 -.

1381 307 1439 363 S.
1479 305 1756 364 CYRILLI
1795 305 2268 363 ALEXANDRIN!
2306 303 2623 364 ARCHIEP.

3538 305 3644 363 288

399 428 507 482 dici
541 425 690 481 audit
721 434 774 481 et
801 424 1152 491 infantulum,
1182 433 1239 481 et
1278 426 1543 496 quidquid
1580 427 1728 482 aliud
1773 428 1962 483 huma-
1993 434 2011 488 Α

2091 427 2162 479 uti.
2203 424 2606 495 κεκοινώνηκεν
2632 422 2699 492 τῇ
2733 412 2980 492 ἡμετέρᾳ
3009 417 3190 489 φύσει,
3231 417 3317 473 ἵνα
3361 419 3645 492 ἀναστήσῃ

397 519 542 573 uitus
580 519 648 572 de
691 517 784 573 illo
821 519 1082 589 scriptum
1118 529 1221 574 est.
1254 515 1461 574 Cuncta
1497 518 1641 575 enim
1680 519 1822 574 haud
1858 519 1965 587 sui,

397 611 492 665 sed
526 609 696 665 nostri
740 620 902 664 causa
937 610 1232 676 sustinuit,
1266 611 1407 680 quod
1461 611 1756 665 humanam
1805 618 1969 665 uatu-

401 716 514 753 ram
550 702 705 755 deret
759 701 960 770 ubique
989 716 1342 767 conservans,
1381 717 1449 757 ne
1492 701 1629 757 forte
1667 702 1974 773 phantasia:

400 786 577 840 instar
603 787 781 842 divina
812 787 1142 858 dispensatio
1169 790 1598 849 existimaretur.

471 1046 561 1101 27.
602 1046 772 1116 Igitur
801 1062 924 1102 cum
962 1049 1202 1105 audieris
1234 1058 1546 1121 susceptum
1582 1064 1707 1106 eum
1747 1066 1777 1105 a
1815 1052 1976 1107 beato

404 1140 639 1208 .losepho
668 1140 721 1193 in
747 1138 1042 1210 Egyptum
1056 1140 1279 1211 fugisse,
1294 1156 1382 1207 ne,
1396 1148 1603 1212 quieso,
1622 1143 1976 1214 ignominiam

406 1235 458 1287 id
505 1248 626 1288 esse
671 1242 856 1302 putes,
899 1233 993 1288 sed
1041 1234 1222 1302 potius
1268 1235 1445 1305 cogita
1491 1235 1975 1305 dispensationem.

406 1323 519 1378 lloc
545 1324 687 1378 enim
717 1338 824 1378 non
855 1333 981 1377 tunc
1006 1325 1379 1379 tantummodo
1404 1324 1473 1379 de
1494 1339 1561 1380 eo
1585 1326 1846 1394 scriptum
1873 1334 1976 1391 est,

405 1418 499 1470 sed
527 1417 689 1471 etiam
719 1430 844 1470 cum
874 1415 1153 1471 tricesimo
1179 1416 1357 1470 anatis
1379 1430 1524 1470 anno
1549 1416 1847 1486 praedicare
1870 1431 1982 1472 cm-

408 1511 485 1577 pit
512 1517 566 1563 et
593 1509 809 1575 docere,
842 1523 907 1563 ac
938 1508 1324 1564 miraculorum
1352 1509 1582 1565 virtutes
1610 1520 1849 1579 patrare,
1879 1511 1982 1565 ite—

408 1616 525 1653 rum
552 1600 665 1654 haec
690 1601 755 1653 de
775 1615 840 1655 eo
862 1600 1060 1667 scripta
1084 1601 1465 1670 comperimus.
1495 1618 1515 1651 ι
1544 1600 1781 1656 Audiens
1801 1600 1946 1656 enim
1963 1640 1982 1667 ,

409 1697 614 1762 inquit,
647 1694 911 1750 Joannem
950 1694 1118 1751 fuisse
1159 1694 1447 1760 traditum,
1483 1697 1709 1751 secessit
1744 1695 1797 1750 in
1831 1695 1981 1751 Gali-

2071 517 2261 584 αύτὴν,
2287 516 2382 570 καί
2414 514 2513 580 τῆς
2543 513 2648 567 ὑπὸ
2676 512 2768 566 τὸν
2788 510 3032 565 διάϐολον
3057 509 3343 583 ἀπαλλάξῃ
3367 510 3609 574 δουλείας
3627 550 3641 566 .

2068 606 2277 678 Μηδεὶς
2297 603 2389 660 οὖν
2424 601 2765 674 αἰσχυνέσθω
2797 601 3009 656 παιδίον
3039 600 3274 663 ἀκούων,
3306 603 3400 655 καὶ
3421 601 3644 672 βρέφος,

2072 699 2169 752 καὶ
2212 698 2313 751 ὅσα
2369 693 2853 767 ἀνθρωπινώτερον
2906 694 3035 763 περὶ
3084 691 3248 746 αὑτοῦ
3298 691 3645 762 γέγραπται·

2075 791 2369 862 ὑπέμεινεν
2399 788 2507 860 γάρ
2537 788 2712 841 πάντα
2745 787 2806 840 οὐ
2847 786 2916 839 δι’
2951 785 3163 849 ἐαυτὸν,
3197 784 3333 838 άλλά
3371 785 3439 838 δι’
3477 786 3650 855 ἡμᾶς,

2078 879 2354 951 πανταχοῦ
2381 879 2442 931 τὸ
2468 878 2681 949 πρέπον
2707 876 2990 946 φυλάττων
3026 878 3091 946 τῇ
3117 875 3432 946 ἀνθρωπεία
3468 876 3650 945 φύσει,

2076 974 2164 1025 ῐνα
2194 972 2269 1043 μὴ
2300 970 2572 1040 φαντασία
2603 970 2639 1040 ὴ
2667 968 2949 1039 οἰκονομία
2973 967 3277 1038 νομίζηται.

2151 1064 2254 1128 κζ’.
2288 1061 2498 1116 Οὐκοῦν
2530 1060 2630 1115 κάν
2654 1060 2895 1131 ἀκούσης
2920 1061 3003 1114 ὅτι
3036 1059 3459 1131 παραλαμϐάνει
3487 1060 3654 1114 αὑτὸν

2077 1156 2105 1208 ὀ
2145 1154 2414 1227 μακάριος
2464 1152 2680 1223 Ἰωσὴφ,
2725 1154 2820 1206 καί
2876 1150 3066 1220 φεύγει
3098 1153 3178 1215 εἰς
3226 1153 3523 1220 Αἴγυπτον,
3576 1151 3655 1224 μὴ

2081 1246 2344 1317 αἰσχύνην
2374 1245 2506 1299 αὐτὸ
2534 1243 2743 1315 νόμιζε,
2772 1243 2871 1315 τὴν
2896 1244 2952 1297 δέ
2977 1243 3289 1314 οἰκονομίαν
3316 1244 3487 1296 ἐννόει
3507 1261 3522 1275 ·
3558 1245 3657 1298 καὶ

2079 1339 2190 1410 γὰρ
2215 1341 2276 1391 οὐ
2301 1337 2422 1391 τότε
2455 1336 2613 1407 μόνον
2632 1335 2791 1389 τοῦτο
2814 1335 2942 1406 περί
2969 1333 3135 1388 αὐτοῦ
3162 1335 3491 1405 γέγραπται,
3519 1334 3657 1388 ἀλλὰ

2081 1432 2179 1485 καὶ
2216 1431 2306 1483 ὅτε
2337 1430 2416 1492 εἰς
2446 1428 2539 1481 τὸν
2567 1427 2618 1481 λ’
2646 1427 2891 1481 ἐνιαυτὸν
2923 1425 3093 1479 ἐλθὼν
3119 1426 3324 1497 ἡρξατο
3363 1425 3657 1497 κηρύττειν

2084 1522 2179 1575 καὶ
2206 1520 2497 1585 διδάσκειν,
2532 1519 2628 1572 καὶ
2661 1518 2772 1573 τῶν
2806 1518 3127 1589 θαυμασίων
3158 1518 3401 1571 ἐπετέλει
3438 1517 3538 1588 τὴν
3567 1516 3660 1570 δύ-

2083 1630 2271 1684 ναμιν,
2301 1612 2466 1666 πάλιν
2489 1610 2715 1664 τοιαῦτα
2750 1610 2879 1681 περὶ
2917 1609 3081 1664 αὑτοῦ
3111 1608 3473 1680 γεγραμμένα
3501 1608 3658 1679 εὑρί-

2088 1720 2319 1775 σκομενο
2351 1722 2370 1753 ι
2412 1700 2676 1764 Ἀκούσας
2708 1700 2840 1771 γάρ,
2869 1699 3056 1770 φησὶν,
3095 1699 3179 1752 ὅτι
3225 1697 3483 1769 Ἰωάννης
3511 1712 3659 1766 παρ-

410 1786 561 1840 lmam
591 1787 689 1842 ³³.»
718 1788 898 1842 Etalia
914 1786 1223 1855 huiusmodi
1238 1787 1642 1855 deprehendere
1663 1795 1766 1843 est.
1780 1787 1980 1843 Verum

2091 1796 2264 1865 εδόθη,
2317 1792 2667 1865 ἀνεχώρησεν
2703 1792 2785 1855 εἰς
2811 1789 2908 1861 τὴν
2948 1789 3241 1843 Γαλιλαίαν
3262 1805 3276 1820 ·
3311 1808 3331 1840 ι
3368 1787 3465 1842 καὶ
3494 1789 3664 1858 ἐτερπ-

411 1880 523 1932 lucc
554 1878 696 1931 haud
729 1885 898 1941 metu,
928 1892 1101 1948 neque
1132 1887 1259 1933 tunc
1280 1892 1463 1948 neque
1491 1887 1676 1948 postea
1709 1878 1858 1943 fecit,
1884 1878 1978 1935 sed

408 1971 535 2039 quia
564 1978 776 2041 tempus
802 1970 1054 2025 idoneum
1085 1969 1438 2040 exspectabat
1462 1969 1687 2024 salutari
1719 1970 1978 2040 passioni.

410 2061 705 2132 Oportebat
735 2062 879 2117 enim
912 2063 1088 2132 primo
1119 2063 1478 2117 inclarescere
1503 2061 1945 2131 praedicationem
1965 2100 1980 2125 ,

411 2163 466 2210 et
501 2155 680 2209 omnia
716 2169 837 2224 qua:
871 2155 1188 2209 decreverat
1224 2154 1376 2220 ﬁeri,
1414 2168 1481 2209 ac
1514 2162 1626 2207 tum
1661 2152 1876 2208 demum
1913 2153 1982 2208 ad

411 2247 704 2301 salutarent
734 2246 1040 2315 passionem
1065 2245 1280 2311 venire;
1306 2243 1449 2313 quod
1471 2252 1527 2299 et
1551 2258 1744 2314 reapse
1766 2240 1981 2299 accidit.

308 2388 317 2393 -
412 2336 565 2404 Quod
604 2345 782 2391 autem
822 2351 927 2391 nou
968 2333 1415 2389 consternatione
1452 2334 1618 2388 animi
1655 2341 1749 2388 aut
1786 2346 1988 2402 pavore

413 2429 487 2481 ita
522 2441 582 2481 se
614 2427 861 2496 gesserit,
894 2436 1104 2482 constat
1136 2442 1203 2482 ex
1237 2428 1322 2481 his
1354 2440 1474 2496 quae
1508 2426 1655 2493 fecit,
1686 2439 1811 2481 cum
1848 2424 1985 2481 tradi

412 2535 472 2574 se
511 2519 681 2575 noluit
715 2537 728 2574 :
768 2534 890 2574 nam
924 2519 1126 2575 Judaeis
1160 2521 1291 2574 dare
1324 2534 1448 2575 eum
1484 2518 1819 2588 pra'cipitem
1858 2526 1987 2573 tunc

412 2609 740 2674 volentibus,
773 2629 792 2661 ι
827 2610 967 2681 Ipse,
1001 2611 1176 2680 inquit
1205 2610 1559 2681 evangelista,
1590 2609 1863 2665 transiens
1892 2622 1990 2678 per

413 2700 649 2755 medium
695 2701 908 2755 illorum
952 2702 1064 2756 ibat
1085 2701 1154 2755 “.
1199 2718 1218 2752 ι
1257 2702 1378 2755 Alio
1418 2700 1545 2755 item
1589 2710 1829 2772 tempore
1865 2714 1989 2754 cum

414 2791 615 2845 vellent
648 2806 773 2846 eum
808 2807 1039 2861 capere,
1075 2810 1094 2844 ι
1134 2791 1334 2858 Nemo,
1370 2793 1577 2861 inquit,
1612 2793 1798 2861 injecit
1833 2792 1885 2846 in
1923 2792 1991 2846 il-

415 2884 525 2938 lum
552 2899 766 2950 manus,
788 2884 912 2954 quia
939 2886 1175 2940 nondum
1197 2893 1422 2940 venerat
1445 2885 1578 2940 hora
1601 2885 1718 2953 ejus
1734 2886 1801 2938 ³⁵.
1834 2902 1854 2937 ι
1882 2882 1990 2940 Sed

414 2992 537 3031 cum
567 2976 766 3046 alioqui
800 2977 872 3031 sit
904 2977 1137 3033 invictus
1169 2976 1329 3044 Deus,
1362 2986 1603 3032 attamen
1635 2977 1989 3033 humanitatis

416 3084 529 3123 sua:
558 3083 722 3123 causa
757 3068 1011 3134 cedebat,
1043 3078 1102 3125 ut
1131 3082 1255 3124 vere
1292 3069 1464 3124 factus
1496 3069 1662 3124 homo
1692 3070 1990 3125 videretur.

2084 1886 2142 1939 δέ
2169 1885 2396 1939 τοιαῦτα
2442 1884 2588 1937 ἐστιν
2626 1883 2808 1955 εὑρεῖν
2830 1899 2844 1913 ’
2877 1881 2991 1935 ἀλλ’
3023 1882 3084 1935 οὺ
3117 1881 3268 1951 φόϐῳ
3296 1879 3456 1935 τοῦτο
3484 1881 3664 1934 ἐποίει

2083 1976 2205 2030 οὐδὲ
2236 1976 2357 2030 τότε
2386 1976 2507 2030 ούδέ
2546 1975 2661 2038 νῦν,
2692 1973 2829 2027 ἀλλά
2862 1972 2954 2026 τὸν
2992 1972 3272 2045 πρέποντα
3297 1971 3489 2042 καιρὸν
3530 1974 3665 2026 ἀνα·

2090 2069 2265 2140 μένων
2293 2067 2387 2121 τοῦ
2435 2066 2705 2138 σωτηρίου
2738 2066 2944 2129 πάθους
2965 2082 2979 2096 ·
3015 2064 3122 2118 ἔδει
3149 2064 3259 2136 γάρ
3287 2063 3503 2132 πρῶτον
3548 2063 3666 2117 δια-

2085 2159 2299 2230 λάμψαι
2344 2159 2406 2212 τὸ
2456 2159 2721 2228 κήρυγμα
2748 2196 2763 2221 ,
2821 2157 2919 2210 καὶ
2964 2156 3142 2210 πάντα
3195 2154 3510 2209 ἐπιτελέσαι
3559 2156 3664 2209 ὅσα

2087 2248 2359 2313 ἐϐούλετο,
2380 2247 2472 2301 καὶ
2494 2247 2617 2301 τότε
2645 2247 2740 2300 καὶ
2766 2247 2859 2298 ἐπὶ
2880 2245 2942 2299 τὸ
2967 2245 3233 2317 σωτήριον
3258 2244 3429 2307 πάθος
3451 2243 3631 2298 ἐλθεῖν
3648 2261 3662 2277 ο

2088 2343 2116 2397 ὅ
2153 2341 2218 2413 δὴ
2244 2342 2339 2396 καὶ
2370 2340 2613 2409 γέγονεν.
2644 2339 2769 2392 Ὅτι
2817 2338 2874 2392 δέ
2906 2338 2968 2391 οὐ
3008 2336 3159 2409 φόϐῳ
3184 2337 3281 2390 καὶ
3306 2336 3478 2410 δειλίᾳ
3505 2337 3668 2392 τοῦτο

2091 2436 2319 2504 ἐγίνετο,
2341 2433 2500 2503 δῆλον
2521 2431 2613 2502 ἀφ’
2628 2424 2703 2484 ὧν
2728 2429 3027 2498 πεποίηκεν
3047 2429 3135 2482 ὅτε
3164 2428 3534 2500 παραδοθῆναι
3563 2428 3667 2483 οὐκ

2091 2527 2376 2581 ἐϐούλετο*
2409 2526 2502 2579 καὶ
2539 2523 2649 2596 γάρ
2688 2523 2799 2577 τῶν
2836 2506 3108 2575 Ἰουδαίων
3148 2522 3311 2576 αὑτὸν
3340 2522 3459 2576 τότε
3492 2538 3668 2575 κατα-

2092 2620 2393 2692 κρημνίσαι
2422 2618 2791 2689 θελησάντων,
2829 2634 2847 2668 ι
2874 2616 3066 2679 Αὐτὸς,
3098 2615 3283 2685 φησὶν,
3320 2612 3542 2668 διελθών
3572 2614 3670 2668 διὰ

2097 2712 2263 2783 μέσου
2303 2710 2484 2765 αὐτῶν
2504 2708 2827 2780 ἐπορεύετοο
2862 2725 2881 2758 ι
2919 2706 3014 2761 καὶ
3042 2706 3234 2760 ἄλλοτε
3270 2705 3328 2759 δὲ
3356 2706 3549 2759 πιάσαι
3568 2705 3677 2758 a6-

2093 2803 2185 2857 τὸν
2205 2802 2485 2865 θελόντων,
2507 2819 2525 2852 ι
2553 2799 2760 2863 Οὐδεὶς,
2786 2798 2970 2869 φησὶν,
2995 2795 3259 2851 ἐπέϐαλεν
3279 2796 3365 2849 ἐπ’
3386 2794 3548 2849 αὐτὸν
3568 2794 3673 2858 τὰς

2094 2898 2300 2966 χεῖρας,
2335 2895 2416 2947 ὅτι
2439 2891 2594 2945 οὔπω
2621 2891 2881 2963 ἐλήλυθεν
2910 2893 2945 2962 ﬁ
2962 2888 3283 2962 ὦρααύτοῦ.
3311 2907 3331 2941 ι
3357 2887 3505 2958 Πλὴν
3533 2886 3674 2941 ἀλλὰ

2094 2984 2519 3056 καὶάχείρωτος
2567 2979 2708 3037 εἰναι
2754 2984 3055 3054 δυνάμενος
3091 2981 3172 3046 ώς
3191 2980 3345 3047 Θεὸς,
3384 2980 3545 3034 πάλιν
3582 2978 3675 3033 διὰ

2094 3076 2157 3130 τὸ
2185 3076 2539 3146 ἀνθρώπινον
2557 3074 2923 3146 ὁπανεχώρει,
2956 3075 3044 3129 ἵνα
3074 3074 3337 3145 φαίνηται
3364 3072 3507 3126 κατά
3534 3070 3673 3142 ἀλή-

415 3161 568 3225 Quod
604 3162 649 3215 si
687 3160 812 3230 quis
837 3160 1015 3225 dicat,
1054 3161 1165 3215 Cur
1196 3176 1303 3214 non
1344 3169 1456 3215 tum
1492 3174 1709 3229 quoque
1742 3175 1864 3216 cum
1902 3161 1988 3216 in—

2093 3168 2244 3222 θειαν
2271 3168 2564 3237 γενόμενος
2604 3166 2909 3236 ἄνθρωπος.
2943 3167 3007 3220 Εἰ
3053 3166 3113 3219 δέ
3158 3164 3307 3234 λέγοι
3333 3182 3445 3229 τις,
3469 3164 3569 3218 Διά
3614 3163 3675 3217 τί

417 3250 658 3305 fantulus
698 3260 838 3313 erat,
881 3249 1107 3304 insidias
1149 3263 1246 3319 per
1284 3262 1343 3303 se
1385 3248 1501 3318 ipse
1546 3248 1857 3316 declinavit,
1896 3250 1990 3306 sed

417 3341 747 3395 admonente
781 3340 1006 3409 angelo?
1032 3340 1190 3405 sciat,
1226 3350 1338 3394 tum
1372 3326 1587 3409 quoque
1620 3354 1843 3415 operam
1874 3340 1992 3408 ejus

419 3432 810 3496 intervenisse;
841 3432 936 3486 sed
968 3446 1036 3486 ne
1064 3446 1126 3485 ea
1156 3446 1243 3486 res
1273 3431 1694 3501 dispensationis
1724 3432 1991 3487 rationem

420 3523 828 3591 pessumdaret,
875 3522 1057 3579 habito
1100 3523 1278 3578 aetatis
1325 3530 1574 3593 respectu
1649 3522 1854 3579 idcirco
1897 3536 1995 3594 per

419 3615 664 3685 angelum
698 3630 808 3670 rem
840 3615 1091 3687 gessisse.

486 3796 578 3855 ξε.
620 3798 772 3867 Quod
806 3807 985 3853 autem
1023 3797 1244 3853 humani
1279 3797 1441 3852 omen
1475 3811 1668 3863 causa,
1699 3807 1893 3853 cuncta
1926 3798 1995 3853 ad

421 3891 840 3960 dispensationis
873 3905 1117 3945 normam
1155 3889 1442 3959 dirigeret,
1480 3904 1810 3958 carnemque
1845 3899 1998 3959 pate-

422 3993 572 4037 retur
610 3981 972 4051 proprietates
1018 3994 1145 4034 suas
1192 3980 1601 4046 demonstrare,
1649 3980 1999 4049 persuadebit

422 4073 519 4127 tihi
556 4088 744 4129 rursus
776 4074 1006 4144 ipsemet
1036 4071 1308 4127 Christus.
1340 4069 1474 4125 Nam
1507 4085 1630 4125 cum
1662 4070 1854 4126 beatus
1887 4071 1995 4125 Ba-

421 4167 584 4235 ptista
608 4167 658 4219 ei
685 4166 892 4219 diceret
916 4184 930 4218 :
950 4183 980 4241 ἰ
1014 4164 1126 4235 Ego
1149 4180 1287 4233 opus
1313 4165 1485 4219 habeo
1507 4179 1537 4217 a
1566 4172 1617 4218 te
1641 4164 1904 4231 baptizari
1922 4203 1937 4228 ,
1970 4181 1989 4214 ι

424 4256 703 4323 respondit
735 4256 785 4309 ei
821 4269 837 4308 :
877 4272 897 4306 ι
940 4254 1069 4309 Sine
1108 4257 1297 4320 modo;
1333 4257 1413 4309 sic
1445 4254 1588 4309 enim
1625 4262 1840 4322 oportet
1872 4269 1994 4307 om-

421 4359 544 4398 nem
571 4343 838 4411 justitiam
869 4342 1083 4411 impleri
1107 4343 1176 4395 “.
1212 4361 1230 4394 ι
1261 4342 1527 4404 Videsne,
1559 4343 1702 4408 quod
1732 4351 1788 4396 et
1818 4342 1996 4411 bapti-

2098 3258 2174 3328 μὴ
2205 3255 2302 3311 καὶ
2330 3256 2454 3310 τότε
2492 3257 2580 3310 ὅτε
2613 3255 2829 3309 παιδίον
2861 3250 2950 3326 ἦν,
2977 3253 3046 3307 δι’
3085 3254 3281 3309 ἐαυτοῦ
3316 3254 3416 3326 τὴν
3446 3253 3673 3308 ἐπιϐου-

2094 3348 2195 3420 λὴν
2220 3334 2537 3415 ἐξέκλινεν,
2597 3345 2715 3401 ἀλλ’
2756 3345 2990 3414 ἀγγέλου
3027 3344 3488 3416 χρηματίζοντος;
3530 3359 3673 3414 μανι

2095 3438 2324 3505 θανέτω,
2346 3439 2424 3503 ώς
2454 3438 2550 3492 καὶ
2575 3438 2700 3491 τότε
2729 3434 2896 3489 αὑτοῦ
2924 3431 2993 3506 ἦν
3022 3436 3082 3488 τὸ
3108 3435 3302 3508 ἔργον⁸
3329 3434 3445 3489 ἀλλ’
3476 3434 3565 3488 ι’να
3591 3432 3673 3505 μὴ

2093 3530 2195 3601 τῆς
2245 3529 2559 3600 οἰκονομίας
2599 3525 2856 3582 τοσοῦτον
2910 3525 3200 3598 παραλύσῃ
3242 3526 3333 3580 τὸν
3379 3524 3535 3594 λόγον
3581 3524 3676 3577 διά

2093 3621 2194 3692 τὴν
2224 3618 2463 3691 ἡλικίαν,
2503 3616 2594 3671 διά
2624 3612 2785 3670 τοῦτο
2825 3613 2894 3667 δι’
2924 3612 3158 3682 ἀγγέλου
3190 3612 3251 3666 τὸ
3288 3613 3521 3684 πρᾶγμα
3569 3625 3677 3663 πε-

2096 3709 2347 3780 ποίηκεν.

2166 3810 2275 3875 κη’.
2331 3804 2453 3857 ’Ότι
2498 3801 2558 3855 δέ
2597 3798 2669 3855 τά
2728 3799 3010 3871 πρέποντα
3062 3796 3257 3860 σώζειν
3310 3792 3673 3866 βουλόμενος,

2097 3893 2281 3949 πάντα
2324 3890 2684 3963 οἰκονομικῶς
2712 3888 2909 3954 ἐποίει,
2936 3887 3035 3942 καὶ
3066 3884 3364 3956 συνεχώρει
3401 3886 3469 3954 τῇ
3504 3882 3679 3953 σαρκὶ

2095 3985 2363 4040 δεικνύειν
2392 3982 2464 4037 τά
2494 3983 2631 4053 αὐτῇ
2660 3978 2955 4044 ἀκόλουθα,
2985 3976 3391 4048 πληροφορήσει
3418 3989 3479 4025 σε
3506 3971 3678 4025 πάλιν

2096 4078 2290 4141 αὐτός’
2321 4077 2410 4131 ὅτε
2439 4075 2549 4146 γὰρ
2576 4075 2605 4127 ὁ
2641 4072 2912 4144 μακάριος
2943 4065 3254 4139 Βαπτιστὴς
3283 4063 3431 4135 αὺτῷ
3464 4062 3677 4131 ἔλεγεν,

2101 4186 2123 4219 ς
2144 4169 2285 4236 Ἐγὼ
2303 4165 2488 4238 χρείαν
2521 4164 2631 4235 ἔχω
2650 4162 2755 4217 ὑπὸ
2775 4160 2871 4215 σοῦ
2893 4158 3310 4231 βαπτισθῆναι,ι
3333 4154 3680 4226 ἀπεκρίνατο

2095 4258 2235 4328 πρὸς
2264 4255 2424 4309 αὐτόν
2444 4270 2459 4286 ·
2487 4271 2508 4305 ι
2535 4255 2704 4322 Ἀφες
2731 4253 2877 4324 ἀρτι·
2922 4249 3069 4305 οὕτω
3113 4248 3223 4319 γὰρ
3272 4246 3485 4317 πρέπον
3521 4243 3680 4296 ἐστὶν

2096 4347 2386 4418 πληρῶσαι
2435 4346 2616 4398 πᾶσαν
2680 4342 3050 4413 δικαιοσύνην.
3080 4359 3100 4393 ι
3176 4341 3339 4412 ὐρᾷς
3362 4339 3446 4393 ὅτι
3485 4337 3582 4391 καὶ
3610 4335 3680 4389 τὸ

420 4451 595 4490 sinum
627 4445 680 4489 et
710 4443 904 4490 cuncta
938 4433 1249 4503 hujusmodi
1282 4431 1455 4487 olﬁcia
1490 4432 1738 4502 prudenti
1771 4433 1993 4502 dispen-

2098 4437 2404 4507 βάπτισμα,
2441 4435 2534 4488 καί
2564 4434 2742 4489 πάντα
2771 4434 2840 4489 τὰ
2871 4433 3155 4505 πρέποντα
3197 4431 3500 4500 οἰκονομῶν
3534 4444 3679 4483 κατ-

420 4529 631 4582 satione
659 4526 961 4596 receperit?
987 4525 1211 4590 Quoties
1235 4538 1366 4593 ergo
1389 4534 1445 4579 et
1473 4538 1695 4594 puerum
1723 4533 1776 4578 et
1806 4525 1988 4580 infan-

423 4621 628 4686 tulum,
667 4628 723 4674 et
758 4616 1020 4687 quidquid
1057 4617 1290 4670 humano
1330 4630 1478 4671 more
1517 4614 1584 4669 de
1621 4629 1687 4670 eo
1727 4616 1987 4684 scriptum

421 4724 537 4778 est,
571 4712 759 4776 audis,
792 4719 849 4764 ut
876 4708 989 4779 jam
1021 4708 1290 4771 diximus,
1325 4721 1600 4776 nunquam
1630 4722 1753 4762 eum
1785 4707 1989 4776 absque

422 4807 703 4864 divinitate
739 4803 906 4859 fuisse
936 4801 1222 4856 arbitrare.
1255 4798 1388 4853 Nam
1419 4806 1475 4854 et
1502 4813 1624 4852 cum
1658 4800 1820 4852 homo
1849 4799 1987 4854 dici-

421 4909 532 4961 tur,
563 4897 702 4952 Deus
727 4909 848 4949 esse
874 4893 1301 4953 demonstratur,
1332 4897 1391 4942 ut
1420 4902 1564 4956 saepe
1593 4903 1624 4941 a
1651 4887 1812 4942 nobis
1837 4902 1987 4943 com-

420 4991 705 5057 probatum
736 4984 855 5038 fuit.
876 4983 1115 5039 Accedet
1137 4983 1399 5036 hactenus
1427 4977 1589 5032 dictis
1616 4977 1770 5031 testis
1797 4977 1986 5034 beatus

420 5094 635 5151 quoque
666 5076 926 5145 Baptista,
956 5075 1035 5130 sic
1066 5072 1132 5128 de
1163 5070 1253 5126 illo
1283 5070 1507 5139 loquens
1532 5087 1545 5124 :
1572 5085 1592 5119 ι
1622 5068 1753 5122 Post
1778 5080 1865 5120 me
1889 5081 1985 5121 ve-

421 5172 500 5225 nit
527 5170 632 5235 vir,
660 5168 750 5237 qui
782 5176 909 5221 ante
941 5179 1027 5220 me
1057 5164 1230 5219 factus
1260 5172 1364 5224 est,
1391 5160 1514 5229 quia
1548 5160 1695 5229 prior
1719 5171 1804 5212 me
1831 5165 1983 5223 erat;

419 5273 475 5317 et
515 5277 614 5331 ego
652 5276 774 5316 eum
818 5258 1125 5314 nesciebam
1151 5255 1218 5308 ".
1265 5271 1285 5305 ι
1328 5252 1607 5319 Quomodo
1644 5261 1774 5316 ergo
1809 5247 1985 5301 virum

419 5368 542 5409 eum
577 5352 782 5409 dicens,
819 5348 1053 5418 priorem
1084 5361 1144 5401 se
1177 5343 1348 5399 dicit?
1407 5340 1671 5410 siquidem
1706 5338 1987 5406 dispensa-

422 5446 586 5500 tionis
610 5453 852 5509 tempore
875 5441 992 5510 ipse
1014 5439 1164 5509 prior
1183 5438 1372 5493 beatus
1393 5434 1631 5502 Baptista
1657 5437 1818 5484 natus
1839 5441 1991 5483 com-

418 5537 648 5607 peritur.
677 5532 811 5588 Nam
842 5547 963 5587 cum
996 5532 1168 5586 beata:
1200 5528 1432 5598 deiparze
1460 5524 1642 5580 Maria:
1672 5518 1990 5577 immacula-

377 5667 394 5705 ὅ
493 5712 742 5769 "Matth.
781 5726 853 5778 ιν,
884 5708 968 5766 12.
1046 5704 1241 5760 “Luc.
1272 5719 1347 5770 ιν,
1386 5702 1474 5758 5οι

2092 4528 2342 4597 εδέχετο;
2366 4527 2537 4579 Ὅταν
2583 4526 2760 4579 τοίνυν
2802 4525 3044 4596 ἀκούσῃς
3078 4523 3291 4577 παιδίον
3331 4523 3428 4576 καὶ
3472 4520 3683 4592 βρέφος

2091 4617 2188 4671 καὶ
2233 4617 2336 4671 ὅσα
2385 4613 2872 4686 ἀνθρωπινώτερον
2921 4614 3053 4685 περὶ
3112 4611 3279 4667 αὐτοῦ
3334 4610 3683 4683 γέγραπται,

2089 4704 2272 4768 καθὼς
2301 4705 2644 4776 προείρηται,
2669 4705 2949 4777 μηδέποτε
2976 4704 3100 4774 δίχα
3131 4705 3233 4773 τῆς
3275 4700 3532 4771 θεότητος
3572 4700 3680 4753 αὺ-

2090 4793 2181 4848 τὸν
2212 4793 2345 4848 ὖντα
2378 4793 2729 4864 ὑπολάμϐανε
2749 4807 2765 4822 ’
2801 4793 2893 4846 καὶ
2924 4792 3036 4863 γάρ
3078 4791 3170 4844 καὶ
3197 4784 3485 4859 ἄνθρωπος
3517 4785 3684 4854 λεγὸο

2092 4894 2275 4953 μενος,
2306 4883 2583 4937 δείκνυται
2629 4882 2761 4947 Θεὸς
2801 4881 3085 4953 ὑπάρχων,
3124 4881 3202 4945 ὡς
3234 4879 3496 4943 πολλάκις
3533 4880 3682 4932 ἀπο-

2090 4971 2379 5027 δέδεικται.
2410 4973 2882 5043 Ἐπιμαρτυρήσει
2910 4972 2968 5025 δὲ
3006 4971 3147 5044 πρὸς
3178 4971 3340 5025 τοῦτο
3369 4972 3487 5034 τοῖς
3519 4970 3681 5041 εἰρη-

2094 5064 2277 5134 μένοις
2308 5063 2401 5116 καί⁸
2429 5063 2458 5115 ὁ
2495 5064 2764 5135 μακάριος
2799 5063 3109 5135 Βαπτιστὴς
3152 5062 3297 5116 οὕτω
3328 5063 3503 5132 λέγων
3543 5063 3683 5132 περὶ

2092 5154 2291 5208 αὑτοῦ·
2344 5174 2363 5206 ι
2406 5153 2610 5207 Ὀπίσω
2660 5170 2761 5224 μου
2807 5153 3026 5226 ἔρχεται
3060 5153 3223 5226 ἀνὴρ,
3253 5154 3314 5217 ὃς
3359 5152 3683 5225 ἔμπροσθέν

2099 5262 2199 5315 μου
2231 5245 2473 5314 γέγονεν,
2512 5244 2597 5297 ὅτι
2650 5245 2865 5315 πρῶτος
2898 5262 2999 5315 μου
3054 5241 3151 5317 ἦν’
3187 5244 3344 5315 κάγὼ
3383 5246 3487 5299 οὐκ
3524 5244 3686 5316 ᾔδειν

2095 5336 2278 5389 αὐτόν.
2315 5354 2332 5387 ι
2362 5335 2488 5398 Πῶς
2511 5331 2605 5389 οὖν
2624 5328 2795 5408 ἀνδρα
2816 5336 2990 5400 λέγων
3016 5337 3200 5402 αὐτὸν,
3230 5336 3447 5410 πρῶτον
3473 5335 3679 5390 ἑαυτοῦ

2098 5439 2263 5492 φησιν
2290 5423 2451 5477 αύτδν
2473 5419 2641 5490 sint;
2671 5426 2767 5478 καὶ
2790 5424 2894 5497 μὴν
2926 5427 3068 5481 κατά
3090 5425 3181 5482 τὸν
3206 5426 3522 5497 οἰκονομίας
3547 5426 3683 5498 χρό-

2098 5531 2186 5568 νον
2202 5514 2363 5576 αύτδς
2383 5516 2594 5585 πρῶτος
2606 5518 2634 5570 ὁ
2653 5518 2921 5588 μακάριος
2938 5519 3251 5590 Βαπτιστὴς
3274 5518 3683 5592 γεγεννημένος

1574 5703 1620 5734 ³⁵
1645 5699 1801 5758 Joan.
1827 5711 1922 5763 vn,
1952 5692 2035 5749 50.
2117 5690 2368 5748 “Matth.
2405 5709 2486 5756 ιιι,
2522 5692 2607 5759 ιι,
2634 5692 2714 5751 15.
2793 5692 3011 5751 "Joan.
3054 5709 3091 5755 ι.
3126 5693 3215 5751 97.
