4002 6192
316 278 428 364 'sss
500 271 527 279 ⁷’

1419 304 1613 372 QUOD
1650 305 1708 359 Β.
1756 304 1971 361 MARIA
2016 303 2121 360 SIT
2162 302 2493 359 DEIPABA.

3474 310 3579 364 290

333 421 667 496 εὑρίσκεταιο
724 421 817 476 ὅτε
849 418 958 491 γὰρ
992 422 1021 474 ὁ
1075 419 1318 493 Γαϐριὴλ
1345 425 1409 494 τῇ
1444 424 1680 496 θεοτόκῳ
1716 426 1896 497 Μαρίᾳ

2009 433 2120 479 tum
2149 432 2470 499 conceptum
2496 422 2714 479 Gabriel
2745 421 3042 488 nuntiabat,
3069 430 3225 478 sexto
3246 421 3360 492 jam
3391 439 3576 480 mense

333 518 422 585 τὴν
450 516 717 584 ἄχραντον
754 512 1017 583 σύλληψιν
1060 512 1475 584 εὐηγγελίζετο,
1515 515 1674 570 ’ἐκτον
1716 516 1900 585 ἔλεγεν

336 609 425 679 ήδη
454 606 593 677 μῆνα
614 604 718 674 τὴν
762 603 1052 657 Ἐλισάϐετ
1080 606 1226 674 ἔχειν
1256 606 1636 677 συνειληφυῖαν
1667 609 1759 662 τὸν
1792 610 1899 662 Βα-

334 698 571 767 πτιστήν.
604 694 740 761 Πῶς
764 692 860 750 οὖν
889 695 1061 767 ἄνδρα
1082 696 1276 765 λέγων,
1300 696 1516 769 πρῶτόν
1546 716 1710 769 φησιν
1736 700 1899 754 αὑτὸν

337 792 513 847 ἑαυτοῦ
538 791 686 857 ὄντα,
722 793 773 844 εί
813 791 944 860 μήτι
970 790 1102 843 Θεὸν
1126 793 1374 862 φανερῶς
1403 794 1561 847 ὲνανθ
1572 796 1899 865 ρωπὴσαντα

336 882 480 935 αὑτὸν
516 882 828 952 quietam;
869 902 887 935 ι
924 883 1130 935 Ὀπίσω
1157 900 1259 953 μου
1293 883 1425 955 γὰρ,
1459 887 1644 955 φησιν,
1681 885 1898 956 ἔρχεται

338 972 478 1042 ἀνὴρ,
521 972 579 1034 ὃς
626 972 947 1043 ἔμπροσθέν
985 990 1087 1043 μου
1120 974 1366 1042 γέγονεν,
1408 975 1491 1027 ὅτι
1538 975 1754 1046 πρῶτος
1795 994 1897 1046 μου

340 1057 423 1132 ἦν’
449 1080 465 1111 ι
499 1061 611 1124 πῶς
638 1062 697 1113 δὲ
727 1063 778 1114 εἰ
816 1062 1036 1133 πρῶτος
1062 1058 1130 1134 ἦν
1158 1063 1487 1135 ἔμπροσθεν,
1527 1064 1753 1138 ὕστερον
1779 1068 1899 1137 ἐγέ-

341 1169 473 1217 νετο;
511 1154 585 1224 Τῇ
644 1154 982 1224 φανερώσει,
1016 1156 1112 1207 καὶ
1161 1159 1228 1226 τῇ
1272 1156 1471 1225 γνώσει
1504 1161 1570 1230 τῇ
1611 1162 1748 1231 πρὸς
1804 1161 1899 1213 τὸν

344 1244 481 1296 116v-
508 1246 633 1314 πρὶν
682 1246 786 1315 μὲν
815 1244 927 1315 γὰρ
958 1245 1051 1298 ἐπὶ
1094 1244 1153 1299 τὸ
1200 1246 1490 1318 κηρύττειν
1531 1250 1800 1322 παρέλθῃ,
1834 1253 1896 1305 ού

349 1334 525 1405 σφόδρα
551 1329 618 1404 ἦν
656 1336 778 1399 τοῖς
834 1335 1052 1399 πολλοῖς
1084 1335 1362 1407 γνώριμος
1383 1353 1397 1369 ο
1433 1341 1461 1391 ὁ
1494 1338 1551 1391 δὲ
1588 1340 1898 1411 Βαπτιστὴς

349 1426 432 1495 ἢδη
460 1427 546 1479 καὶ
575 1428 897 1497 ἐκήρυττεν,
921 1427 1015 1479 καὶ
1044 1426 1333 1493 ἐϐάπτιζεν
1361 1429 1467 1499 πρὸ
1494 1428 1661 1482 αὑτοῦ
1681 1449 1694 1461 ·
1729 1431 1820 1484 ὅτε
1842 1432 1898 1484 δὲ

348 1518 512 1571 λοιπὸν
535 1520 623 1571 καὶ
652 1522 681 1571 ὁ
715 1517 926 1589 Κύριος
961 1517 1164 1590 ἤρξατο
1196 1519 1509 1591 κηρύττειν,
1539 1523 1634 1575 καὶ
1666 1523 1734 1577 τὰ
1765 1522 1898 1576 θαύ-

353 1628 481 1680 ματα
501 1612 780 1674 ἐπιτελεῖν,
803 1610 1136 1681 ἔμπροσθεν,
1154 1611 1433 1665 τουτέστιν
1457 1612 1659 1683 μᾶλλον
1677 1613 1770 1667 τοῦ
1793 1614 1900 1667 Βα-

354 1701 551 1754 πτιστοῦ
584 1701 648 1753 τὰ
682 1703 929 1770 πρωτεῖα
956 1700 1171 1771 ἔφερεν.
1202 1703 1311 1755 Καὶ
1339 1702 1419 1755 ὅτι
1464 1702 1624 1758 τοῦτό
1655 1704 1803 1758 ἐστιν
1837 1706 1899 1759 τὸ

2005 514 2119 584 ger-i
2153 514 2221 570 ab
2254 513 2537 570 Elisabetb
2602 512 2900 583 Baptistam
2942 514 2995 567 in
3017 520 3170 568 utero
3193 516 3388 568 aiebat.
3429 516 3578 581 Quo-

2005 605 2164 661 modo
2202 620 2332 675 ergo
2371 616 2657 676 postquam
2698 620 2820 659 eum
2858 606 3033 660 virum
3070 606 3299 672 dixerat,
3340 607 3574 676 priorem

2005 711 2066 752 se
2095 695 2263 751 fuisse
2292 695 2623 759 affirmabat,
2654 697 2756 750 nisi
2787 696 2957 749 Deum
2987 696 3274 752 manifeste
3304 699 3578 751 humana-

2006 796 2117 843 tum
2149 789 2323 858 ipsum
2352 788 2636 843 scivisset?
2671 807 2690 840 ι
2725 788 2855 842 Post
2884 802 2970 842 me
2995 789 3137 842 enim
3157 832 3171 855 ,
3202 790 3403 857 inquit,
3431 789 3580 844 venit

2002 878 2111 942 vir,
2138 878 2229 947 qui
2258 888 2383 934 ante
2412 894 2497 933 me
2526 879 2702 935 factus
2732 889 2835 946 est,
2866 879 2990 947 quia
3018 879 3169 949 prior
3197 895 3281 942 rue
3307 891 3427 935 erat
3447 881 3513 935 “.
3551 899 3570 932 ι

2004 966 2283 1033 Quomodo
2311 978 2512 1033 autem,
2569 969 2835 1037 siquidem
2866 978 3023 1023 antea
3056 969 3206 1037 prior
3227 977 3363 1033 erat,
3398 978 3579 1039 poste-

2007 1056 2117 1111 rior
2148 1057 2323 1113 lactus
2357 1058 2478 1113 est?
2517 1058 2954 1114 manifestatione
2993 1059 3183 1131 1M0
3216 1060 3466 1116 videlicet
3499 1072 3582 1115 at-

2005 1163 2109 1219 que
2132 1152 2271 1220 apud
2301 1151 2553 1221 populum
2585 1152 2797 1206 notitia.
2826 1150 2963 1206 Nam
2998 1153 3314 1222 priusquam
3346 1156 3411 1209 ad
3444 1170 3579 1222 prae-

2003 1244 2290 1297 dicandum
2336 1244 2653 1307 accederet,
2697 1259 2804 1299 non
2851 1245 3141 1299 admodum
3193 1246 3375 1301 multis
3422 1258 3580 1303 notus

1990 1332 2138 1389 'erat.
2172 1334 2408 1403 Baptista
2442 1349 2570 1389 vero
2598 1336 2708 1405 jam
2747 1345 2857 1388 tum
2891 1344 2947 1390 et
2982 1338 3330 1404 praedicabat,
3362 1347 3420 1393 et
3452 1350 3580 1393 ante

2004 1439 2125 1477 eum
2159 1424 2486 1494 baptizabat.
2516 1426 2779 1497 Deinceps
2811 1442 2937 1481 vero
2968 1443 3090 1482 cum
3121 1430 3284 1483 etiam
3320 1430 3579 1485 Dominus

2004 1513 2167 1581 cepit
2207 1515 2535 1583 praedicare,
2568 1526 2624 1570 et
2669 1517 2927 1572 miracula
2973 1519 3164 1584 edere,
3207 1533 3364 1586 ante,
3404 1522 3455 1576 id
3497 1532 3583 1578 est

2006 1606 2177 1675 magis
2218 1622 2377 1674 quam
2422 1605 2698 1676 Baptista,
2738 1608 3030 1678 primatum
3077 1612 3282 1668 retulit.
3325 1614 3391 1668 Et
3433 1616 3578 1683 quod

2004 1697 2248 1752 vocabuli
2278 1707 2402 1753 ante
2426 1700 2512 1753 hic
2539 1716 2734 1755 sensus
2759 1701 2852 1766 sit,
2884 1703 3006 1756 audi
3036 1704 3165 1773 quid
3192 1702 3388 1760 Joanni
3418 1706 3577 1761 dixe-

358 1791 654 1863 ἔμπροσθεν,
701 1792 869 1846 ἄκουε
914 1791 970 1843 τί
1024 1791 1164 1862 πρὸς
1212 1791 1303 1845 τὸν
1345 1792 1601 1864 Ἰωάννην
1632 1795 1685 1847 oi
1728 1795 1895 1848 αὐτοῦ

2003 1787 2127 1844 rintx
2145 1789 2353 1859 proprii
2394 1790 2644 1862 discipuli
2691 1806 2706 1846 :
2756 1809 2775 1843 ι
2820 1791 3096 1863 Magister,
3136 1794 3227 1849 ille
3266 1795 3356 1864 qui
3401 1777 3577 1851 tecum

364 1884 576 1952 μαθηταὶ
625 1883 836 1952 ἔλεγον·
881 1903 901 1935 ι
931 1882 1143 1950 Ῥαϐϐὶ,
1191 1882 1249 1946 ὃς
1296 1879 1364 1954 ἧν
1415 1885 1555 1956 μετὰ
1596 1887 1690 1940 σοῦ
1735 1888 1793 1942 ἐν
1817 1888 1894 1958 τῷ

373 1973 602 2047 Ἰορδάνη,
630 1967 673 2042 ᾧ
703 1976 765 2028 σὺ
802 1973 1264 2045 μεμαρτύρηκας,
1311 1974 1386 2027 ἴδε
1431 1970 1586 2040 οὗτος
1618 1976 1892 2048 βαπτίζει,

373 2068 456 2117 καὶ
482 2067 657 2131 πάντες
682 2067 929 2138 ἔρχονται
959 2067 1096 2138 πρὸς
1126 2068 1308 2122 αὐτόν.
1342 2090 1361 2123 ι
1393 2070 1631 2145 Θεωρεῖς
1659 2073 1777 2137 πῶς
1803 2074 1895 2127 καὶ

384 2154 544 2223 ἄνδρα,
565 2158 648 2210 καὶ
678 2158 885 2227 πρῶτον
910 2158 1213 2229 ὲκήρυξεν;

451 2248 540 2301 κθ.
568 2248 697 2319 Etsi}.
719 2250 1058 2324 προλαϐούσῃ
1084 2254 1465 2325 κεκαρωμένοι
1501 2256 1662 2331 μέθῃ,
1694 2256 1773 2310 ἔτι
1800 2258 1895 2311 καὶ

396 2337 480 2391 νῦν
516 2340 855 2396 summm:
897 2346 965 2415 τῇ
997 2344 1228 2417 ἀληθείᾳ
1268 2348 1555 2403 πείθεσθαι
1590 2351 1640 2403 οἱ
1689 2351 1896 2404 πεπλα-

393 2432 615 2500 νημένοι,
644 2434 755 2503 φέρε
784 2437 1027 2508 κάκείνην
1087 2439 1272 2502 αὐτοῖς
1315 2440 1417 2512 τὴν
1455 2443 1763 2513 μαρτυρίαν
1814 2446 1895 2507 είς

382 2520 538 2589 μέσον
577 2524 870 2596 ἀγάγωμεν,
898 2528 1022 2598 πρὸς
1064 2530 1133 2601 ἣν
1165 2530 1443 2585 ἀντειπεῖν
1488 2531 1612 2585 οὔτε
1655 2535 1810 2587 αὐτοὶ
1843 2536 1893 2588 oi

372 2610 434 2662 τὰ
456 2610 771 2695 αύτὰαύτοῖς
797 2617 1143 2688 ὑπειληφότες
1172 2618 1433 2687 Ἰουδαῖοι,
1461 2622 1557 2677 καὶ
1581 2624 1894 2695 νομίζοντες

365 2692 628 2770 ἄνθρωπον
655 2705 784 2759 εἶναι
815 2706 985 2776 ᾀιλὺν,
1030 2708 1217 2763 οὐκέτι
1254 2711 1599 2784 ἠδυνήθησαν
1619 2692 1799 2768 ’νποία
1834 2715 1893 2769 δὲ

361 2793 482 2863 αὕτη
513 2796 677 2861 ἐστὶν;
704 2800 873 2864 Αὐτός
908 2818 1038 2854 ποτε
1074 2801 1202 2864 τοὺς
1233 2804 1563 2874 Φαρισαίους
1607 2808 1636 2858 ὁ
1690 2806 1894 2877 Κύριος

359 2885 611 2957 ἠρώτησεν
632 2888 798 2959 λέγων
816 2908 829 2921 ·
874 2911 892 2943 ι
916 2893 982 2945 Τί
1011 2893 1142 2964 ὑμῖν
1174 2894 1320 2948 δοκεί
1346 2896 1475 2965 περὶ
1498 2894 1592 2949 τοῦ
1623 2897 1890 2968 Χριστοῢ;

355 2978 483 3042 τίνος
510 2979 614 3045 υίός
640 2983 792 3048 ἐστι;
818 3002 837 3035 ι
864 2984 987 3037 Τῶν
1017 2984 1073 3038 δὲ
1109 2987 1586 3057 ἀποκριναμένων,
1615 3008 1633 3040 ι
1658 2989 1764 3042 Τοῦ
1788 2992 1892 3045 Δα-

356 3069 447 3123 δίδ·
469 3071 595 3144 »ἔφη
616 3075 749 3145 πρὸς
778 3076 998 3139 αὐτούς·
1020 3080 1048 3127 ι
1076 3078 1202 3141 Πῶς
1223 3072 1316 3131 οὗν
1336 3080 1502 3132 Δαϐὶδ
1529 3082 1587 3133 ἐν
1613 3081 1892 3153 Πνεύματι

2000 1887 2119 1934 erat
2154 1880 2207 1935 in
2245 1880 2506 1949 Jordane,
2549 1884 2634 1936 cui
2673 1892 2730 1937 tu
2771 1884 3140 1938 testimonium
3178 1885 3404 1952 dedisti,
3447 1902 3580 1944 ecce

2002 1985 2143 2024 nunc
2181 1971 2227 2025 is
2265 1972 2526 2040 baptizat,
2559 1984 2612 2028 et
2635 1974 2699 2027 ad
2725 1988 2849 2027 eum
2887 1974 3064 2028 cuncti
3086 1975 3306 2030 veniunt
3326 1978 3391 2031 ".
3435 1996 3453 2029 ι
3488 1978 3581 2032 Vi-

2002 2061 2132 2116 den’
2172 2078 2278 2132 qua
2311 2052 2523 2117 ratione
2554 2073 2608 2119 et
2639 2062 2814 2117 virum
2848 2071 2903 2119 et
2938 2064 3171 2133 priorem
3194 2066 3364 2137 ipsum
3387 2068 3581 2139 pra-di-

2001 2155 2242 2209 caverit?
3409 2147 3415 2153 ’

2069 2244 2160 2299 20.
2202 2242 2488 2300 Postremo
2528 2245 2575 2300 si
2620 2255 2806 2300 vetere
2852 2246 3061 2316 gravati
3110 2249 3355 2317 crapula,
3400 2252 3577 2307 adhuc

2003 2337 2215 2391 veritati
2254 2337 2476 2392 credere
2509 2337 2560 2391 hi
2595 2350 2823 2391 errones
2855 2334 3139 2405 dill‘erunt,
3174 2355 3271 2410 age
3297 2340 3407 2408 jam
3444 2343 3573 2396 illud

2000 2443 2212 2498 quoque
2260 2429 2629 2483 testimonium
2678 2429 3018 2497 proferamus
3071 2431 3125 2486 in
3173 2434 3446 2498 medium,
3488 2437 3577 2491 cui

2001 2518 2378 2573 contradicere
2420 2534 2486 2573 ne
2530 2519 2630 2588 ipsi
2674 2519 2893 2588 quidem
2941 2521 3095 2590 paria
3146 2523 3233 2577 his
3278 2526 3574 2580 sentientes

1998 2609 2200 2677 Judaei,
2244 2619 2299 2665 et
2337 2611 2637 2682 simplicem
2682 2613 2954 2667 hominem
2991 2614 3332 2683 iudicantes,
3374 2617 3575 2672 diutius

2001 2711 2314 2772 potuerunt.
2343 2702 2497 2770 Quod
2523 2719 2654 2760 vero
2686 2704 2789 2759 hoc
2818 2705 2940 2759 est?
2970 2705 3088 2774 Ipse
3116 2706 3405 2776 aliquando
3433 2707 3575 2762 Pha-

2000 2794 2187 2848 risaaos
2221 2794 2480 2849 Dominus
2514 2796 2874 2865 interrogavit
2907 2797 3095 2851 dicens
3130 2817 3143 2852 :
3187 2816 3206 2849 ι
3245 2798 3385 2864 Quid
3420 2799 3574 2854 vobis

2000 2884 2213 2937 videtur
2248 2885 2314 2938 de
2357 2884 2615 2938 Christo?
2660 2885 2939 2952 cujusnam
2988 2886 3128 2940 titius
3169 2888 3286 2940 est?
3327 2886 3573 2957 Respon-

2001 2972 2249 3029 dentibus
2269 2972 2393 3038 illis,
2415 2974 2716 3039 «Davidisn
2739 2974 2940 3030 aitillis
2973 2994 2986 3029 :
3028 2994 3047 3026 ι
3082 2977 3192 3031 Cur
3230 2994 3359 3049 ergo
3405 2979 3574 3033 [David

2002 3063 2206 3133 Spiritu
2255 3063 2542 3118 instinctus
2587 3071 2744 3119 vocat
2788 3079 2914 3119 eum
2965 3066 3275 3131 Dominum,
3320 3069 3510 3124 dicens
3554 3086 3570 3123 :

356 3139 901 3239 καλεῖαύτὸν-Κύριον,
922 3168 1117 3237 λέγων·
1138 3139 1304 3224 Είπεν
1329 3173 1357 3224 ὁ
1385 3170 1589 3242 Κύριος
1609 3172 1687 3243 τῷ
1708 3139 1896 3246 Κυρίῳ

2003 3153 2426 3211 DixitDominus
2458 3154 2691 3211 Domino
2744 3169 2885 3223 meo,
2922 3156 3060 3211 Sede
3094 3172 3122 3211 a
3159 3159 3363 3213 dextris
3399 3161 3570 3226 meis,

356 3272 464 3325 μου·
491 3257 660 3313 Κάθου
690 3260 759 3313 ἐκ
788 3259 978 3326 δεξιῶν
1007 3277 1132 3329 μου,
1163 3261 1268 3325 ἕως
1299 3261 1367 3316 ἂν
1406 3262 1485 3317 θῶ
1511 3264 1638 3328 τοὺς
1670 3264 1899 3337 ἐχθρούς

352 3362 430 3398 σου
456 3346 734 3401 ὑποπόδιον
766 3349 875 3401 τῶν
925 3348 1103 3405 ποδῶν
1134 3368 1268 3419 σονς
1311 3352 1376 3407 Et
1419 3351 1513 3408 οὖν
1535 3355 1701 3409 Δαεὶδ
1738 3355 1899 3410 καλεῖ

350 3433 489 3487 αὐτὸν
511 3434 735 3506 Κύριον,
765 3434 884 3499 πῶς
910 3437 1028 3501 υίὸς
1065 3439 1228 3494 αὐτοῦ
1247 3426 1428 3509 scim;
1474 3462 1492 3494 ›
1538 3444 1703 3515 Ὁρᾷς
1734 3462 1897 3514 φανε-

353 3522 443 3594 ρῶς
468 3523 574 3589 πῶς
601 3527 814 3596 Κύριον
857 3527 950 3581 τοῦ
999 3529 1165 3585 Δαὸὶδ
1198 3533 1392 3587 ἑαυτὸν
1423 3534 1741 3600 ἀπέδειξεν;
1773 3536 1898 3597 Πῶς

349 3612 460 3669 οὖνὸ
473 3618 530 3671 ἐκ
542 3619 861 3690 σπέρματος
884 3620 1008 3675 Δασ
1004 3622 1069 3687 ιδ,
1084 3623 1287 3691 Κύριος
1304 3625 1470 3679 αὐτοῦ
1489 3621 1630 3680 εἶναι
1643 3626 1892 3697 ἠδύνατο,

352 3711 430 3764 καὶ
469 3711 553 3765 τοῦ
605 3712 822 3784 πατρὸς
868 3714 1181 3787 σύνθρονος,
1216 3718 1266 3770 εί
1312 3718 1388 3789 μὴ
1435 3719 1515 3772 ὅτι
1545 3718 1680 3783 Θεὸς
1706 3716 1775 3791 ἦν
1826 3721 1895 3774 τὰ

350 3800 628 3871 ἀνθρώπινα
669 3804 1138 3877 περιϐαλόμενος;
1165 3807 1294 3861 Υίδν
1319 3808 1428 3879 γὰρ
1449 3808 1616 3863 Δαὸὶδ
1651 3810 1748 3865 καὶ
1779 3809 1893 3864 Κύ-

349 3908 463 3964 ριον,
488 3895 573 3950 τὸν
599 3900 667 3951 ὲκ
706 3898 809 3968 τῆς
838 3899 1116 3969 Παρθένου
1141 3900 1423 3970 τεχθέντα,
1454 3903 1735 3956 τουτέστιν
1766 3904 1896 3957 ἑαυοι

346 3984 438 4047 τὸν,
453 3988 734 4053 ἀπέδειξεν
754 4004 769 4019 ο
794 3988 911 4042 ἀλλ’
935 3991 1136 4043 ἐκεῖνοι
1161 3991 1258 4061 μὲν
1283 3993 1377 4046 καὶ
1401 3992 1608 4062 ταύτην
1632 3994 1732 4065 τὴν
1757 4012 1897 4066 μαρ-

348 4078 507 4149 τορὶαν
534 4081 670 4134 ἀκού
681 4096 878 4145 σαντες
902 4082 1313 4152 ἀνετράπησαν,
1345 4084 1441 4137 καὶ
1468 4083 1564 4137 τοῦ
1598 4085 1897 4152 ἀντιλέγειν

345 4168 638 4236 ἐπαύσαντο,
688 4172 771 4235 ώς
834 4173 863 4225 ὁ
918 4172 1308 4244 εύαγγελιστὴς
1365 4176 1598 4246 ίστορεῖ·
1646 4194 1665 4227 ι
1709 4177 1898 4241 Οὐδεὶς

345 4258 453 4330 γὰρ,
479 4263 667 4332 φησιν,
716 4261 953 4332 ἠδύνατο
987 4265 1351 4336 ἀποκριθῆναι
1390 4267 1541 4336 αὐτῷ
1568 4266 1745 4335 λόγον,
1777 4267 1897 4321 οὐδὲ

342 4350 609 4424 ἐτόλμησεν
648 4355 751 4409 ἀπ’
782 4354 1001 4425 ἐκείνης
1038 4355 1139 4427 τῆς
1170 4356 1319 4428 ὧρας
1357 4357 1706 4430 ἐπερωτῆσαι
1734 4359 1898 4415 αὑτὸν

340 4439 520 4495 οὐκέτι.
549 4462 569 4495 ι

395 4530 454 4586 λ’.
505 4534 733 4589 Γὲνοιτο
782 4535 839 4589 δὲ
894 4538 992 4591 καί
1038 4539 1299 4606 τούτους,
1340 4541 1443 4598 κᾶν
1482 4543 1583 4615 ὀψέ
1622 4563 1754 4599 ποτε
1798 4546 1897 4617 τῆς

339 4616 500 4685 ἀνοίας
532 4624 908 4692 ἀποστάντας,
930 4628 1230 4697 ἐπιγνῶναι
1264 4631 1364 4701 τῆς
1396 4628 1679 4698 εὐσεϐείας
1706 4635 1768 4689 τὸ
1794 4616 1896 4707 κή-

340 4729 536 4785 ρυγμαο
571 4719 740 4788 ἡμεῖς
768 4717 827 4770 δὲ
865 4718 1071 4791 ταύτης
1119 4720 1372 4793 ἐχώμεθα
1409 4723 1511 4794 τῆς
1538 4726 1777 4792 πίστεως
1808 4728 1897 4783 διὰ

342 4808 539 4873 παντὸς,
566 4809 851 4878 ἀγαπητοί
875 4824 888 4839 ⁸
939 4812 1143 4885 ταύτην
1184 4816 1277 4868 καὶ
1326 4817 1384 4868 ἐν
1409 4815 1619 4889 διανοίᾳ
1652 4820 1896 4890 κατέχω-

342 4904 444 4956 μεν,
474 4894 566 4946 καὶ
611 4897 683 4966 τῇ
728 4895 945 4972 γλώττῃ
976 4902 1223 4973 φανερῶς
1264 4905 1354 4958 καὶ
1405 4905 1545 4976 μετὰ
1584 4909 1899 4978 παρρησίας

339 4980 709 5071 κηρύττωμεν,
734 4988 914 5042 πάντα
941 4991 1031 5044 διὰ
1052 4992 1256 5064 ταύτην
1274 4997 1571 5068 ὑπομένειν
1599 5000 1898 5071 προθύμως

338 5068 661 5145 ἀνεχόμενοι,
698 5078 848 5151 Αὕτη
882 5082 982 5150 μὲν
1010 5082 1116 5155 γὰρ
1148 5088 1444 5159 προφητῶν
1466 5091 1614 5144 ἐστιν
1645 5068 1896 5164 ἓτερόρρη-

339 5175 430 5256 ςις,
456 5167 774 5224 ἀποστόλων
805 5171 862 5224 δὲ
911 5174 1193 5246 κήρυγμα,
1228 5180 1323 5233 καὶ
1364 5182 1467 5252 τῆς
1507 5184 1617 5236 τῶν
1648 5184 1894 5256 οὐρανῶν

338 5252 597 5325 βασιλείας
626 5263 910 5334 πρόξενος,
944 5266 1079 5339 αὔτη
1122 5269 1221 5339 τῆς
1250 5272 1469 5325 αἰωνίου
1499 5272 1645 5344 ζωῆς
1677 5252 1893 5346 ὁδηγὸς,

337 5348 462 5444 αὕτη
482 5354 592 5408 τῶν
629 5360 886 5427 πατέρων
912 5362 940 5414 ὁ
959 5360 1211 5429 πλοῦτος,
1233 5363 1370 5436 αὕτη
1401 5367 1495 5421 καὶ
1525 5368 1680 5440 ήμῶν
1702 5370 1731 5423 ό
1763 5371 1897 5444 ἁλη-

491 5446 785 5520 θησαυρὸς,
829 5452 970 5525 ὑπὲρ
993 5448 1054 5508 οὗ
1081 5455 1257 5509 πάντα
1283 5461 1482 5513 πωλεῖν
1505 5437 1599 5515 καὶ
1624 5437 1891 5534 προέσθαι

334 5529 566 5589 δίκαιον*
608 5540 800 5595 τοῦτον
826 5544 883 5596 εἴ
927 5559 1006 5608 τις
1059 5545 1218 5618 ἡμῶν
1272 5550 1611 5621 ἁποσυλῆσαι
1650 5529 1888 5627 θελήσοι,

414 5715 493 5751 III

1998 3248 2170 3302 donec
2208 3263 2402 3318 ponam
2436 3248 2688 3304 inimicos
2725 3257 2846 3304 tuos
2878 3248 3175 3304 scabellum
3209 3251 3405 3320 pedum
3448 3263 3570 3309 tuo-

2001 3339 2154 3395 rum?
2182 3339 2237 3394 Si
2269 3355 2397 3408 ergo
2424 3337 2599 3393 David
2627 3349 2780 3395 vocat
2811 3356 2934 3395 eum
2966 3340 3273 3406 Dominum,
3300 3343 3573 3411 quomodo

1997 3430 2141 3485 [ilius
2175 3430 2291 3500 ejus
2324 3441 2409 3486 est
2436 3430 2521 3483 '°?
2560 3449 2579 3482 ι
2619 3429 2803 3484 Nonne
2840 3440 3025 3500 aperte
3060 3432 3241 3495 vides,
3281 3434 3425 3502 quod
3464 3432 3573 3488 Do-

1998 3525 2200 3579 minum
2233 3533 2405 3577 semet
2433 3522 2650 3576 Davidis
2677 3520 3106 3576 demonstravit?
3131 3522 3410 3588 Quomodo
3441 3538 3572 3595 ergo

1995 3615 2089 3685 qui
2128 3615 2197 3669 de
2238 3615 2447 3669 semine
2488 3613 2708 3669 Davidis
2751 3623 2905 3681 erat,
2945 3614 3105 3685 hujus
3150 3615 3409 3672 Dominus
3451 3633 3574 3673 esse

1997 3713 2242 3776 poterat,
2283 3715 2338 3759 et
2382 3705 2553 3774 patris
2595 3705 2651 3759 in
2697 3705 2896 3760 throno
2938 3721 3248 3772 consessor,
3292 3707 3396 3762 nisi
3441 3709 3569 3777 quia

1998 3796 2141 3849 Deus
2161 3804 2275 3848 erat
2302 3794 2536 3848 humana
2561 3805 2753 3848 natura
2778 3795 3183 3852 circumdatus?
3200 3796 3397 3861 Filium
3424 3800 3570 3854 enim

1998 3884 2218 3938 Davidis
2249 3898 2314 3938 ac
2348 3885 2657 3952 Dominum,
2686 3901 2807 3939 eum
2841 3902 2998 3955 quem
3029 3888 3187 3957 Virgo
3223 3890 3452 3958 peperit,
3484 3904 3573 3945 se-

1999 3978 2170 4048 ipsum
2212 3977 2482 4041 videlicet,
2524 3979 2940 4036 demonstravit.
2983 3980 3048 4033 Et
3092 3981 3167 4034 illi
3212 3981 3428 4050 quidem
3468 3983 3572 4037 hoc

1997 4070 2182 4124 audito
2223 4068 2558 4136 testimonio,
2600 4069 2873 4134 abierunt,
2914 4078 2970 4124 et
3013 4070 3439 4126 contradicendo
3475 4073 3573 4128 ab-

1998 4161 2287 4223 stiteruut,
2323 4169 2382 4214 ut
2411 4168 2598 4214 narrat
2628 4159 2983 4227 evangelista.
3016 4178 3034 4211 ι
3070 4157 3242 4215 Nemo
3273 4160 3417 4215 enim
3442 4202 3456 4228 ,
3488 4162 3570 4217 iu-

1999 4254 2136 4324 quit,
2180 4262 2395 4324 poterat
2436 4254 2486 4309 ei
2530 4253 2860 4321 respondere
2899 4253 3148 4318 verbum,
3192 4267 3367 4323 neque
3410 4269 3572 4311 ausus

1999 4344 2101 4400 fuit
2141 4347 2428 4416 quisquam
2469 4361 2537 4401 ex
2581 4345 2671 4401 illa
2710 4346 2845 4401 hora
2886 4361 3012 4402 eum
3055 4345 3291 4416 amplius
3333 4346 3570 4403 interro-

1924 4472 1975 4532 Β
2001 4452 2128 4508 gare
2153 4437 2219 4493 ³¹.
2260 4456 2281 4490 ι

2071 4547 2158 4603 ΞΟ.
2201 4548 2418 4604 Utinam
2458 4563 2586 4604 vero
2632 4558 2688 4604 et
2729 4549 2781 4603 hi
2825 4550 3123 4608 adversarii
3170 4562 3360 4620 nostri,
3398 4568 3574 4627 quan-

1999 4653 2164 4709 quam
2194 4655 2340 4704 sero,
2369 4640 2571 4696 omissa
2602 4642 2819 4698 vesania
2850 4656 2945 4699 sua
2980 4654 3139 4702 rectae
3172 4651 3444 4718 religionis
3475 4655 3573 4706 do-

2000 4733 2233 4787 ctrinam
2259 4744 2554 4801 agnoscant
2572 4735 2586 4789 l
2612 4732 2724 4791 Nos
2744 4748 2889 4795 certe
2910 4740 3031 4795 ﬁdei
3054 4741 3177 4795 huic
3198 4742 3573 4799 adhaereamus

1999 4832 2337 4889 constanter,
2361 4838 2394 4879 ο
2416 4825 2746 4881 cbarissimi.
2772 4827 2923 4884 Hanc
2944 4838 2999 4884 et
3021 4839 3197 4885 mente
3219 4832 3569 4898 retineamus,

2001 4920 2057 4965 et
2097 4913 2276 4973 lingua
2316 4912 2494 4983 palam
2535 4916 2981 4988 confidenterque
3017 4920 3571 4988 pratdicemus,nihil

2001 5006 2164 5067 hujus
2195 5019 2355 5060 causa
2383 5005 2640 5062 alacriter
2665 5009 2870 5078 perpeti
2906 5019 3237 5065 recusantes.
3267 5011 3392 5068 ΙΙωο
3426 5014 3571 5069 enim

2002 5106 2087 5152 est
2110 5098 2494 5169 prophetarum
2521 5102 2822 5172 praedictio,
2847 5103 3208 5172 apostolorum
3234 5104 3569 5170 praedicatio.

2003 5198 2058 5245 et
2086 5191 2233 5260 regni
2266 5192 2529 5248 calorum
2563 5194 2813 5248 donatrix
2837 5236 2852 5259 ,
2886 5194 3000 5248 btcc
3028 5204 3243 5251 reterns:
3271 5196 3393 5250 vita:
3423 5196 3528 5252 dux
3556 5240 3571 5261 ,

1999 5282 2116 5337 hinc
2157 5292 2372 5352 patrum
2415 5284 2527 5337 dite
2567 5283 2983 5353 patrimonium,
3030 5284 3143 5340 haec
3181 5301 3342 5342 verus
3386 5298 3572 5343 noster

1999 5373 2319 5441 thesaurus,
2355 5373 2510 5441 cujus
2539 5389 2700 5430 causa
2731 5376 2912 5431 omnia
2945 5388 3178 5433 vendere
3210 5394 3275 5433 ac
3306 5379 3573 5450 projicere

1997 5483 2209 5537 aequum
2268 5475 2369 5521 est.
2429 5466 2540 5521 Hoc
2594 5468 2640 5523 si
2690 5468 2812 5538 quis
2873 5469 3125 5524 thesauro
3181 5471 3416 5541 spoliare
3471 5485 3569 5526 nos

1997 5558 2261 5622 voluerit,
2300 5570 2423 5612 eum
2468 5566 2527 5614 ut
2568 5557 2770 5617 Christi
2816 5561 3185 5618 adversarium
3230 5577 3567 5629 aversemur,

470 5725 604 5775 Luc.
633 5737 672 5791 t,
700 5725 786 5780 36.
866 5728 909 5762 ιο
928 5726 1083 5783 Joan.
1111 5744 1192 5795 tu,
1218 5729 1308 5785 ‘26.
1387 5732 1431 5765 ³ο
1452 5733 1644 5791 Matth.
1681 5752 1817 5807 xm,
1852 5737 2041 5794 42-45.
2119 5738 2315 5797 “ibid.
2352 5740 2441 5795 46.
