4002 6192
316 312 428 365 ’ἐθῦ

322 317 428 367 ενδ
1402 317 1811 373 EXI‘LICATIO
1851 318 2200 377 DUODECIM
2243 319 2572 378 CAI'ITUM.
3501 325 3609 379 ΞΜ

613 459 2758 488 Wm—

1461 468 3221 499 Ἥ

2815 470 3594 503 -ᾟΜ-ᾙ-πκα

959 646 1476 733 ΕΠΙΛΥΣΙΣ
1549 647 1776 733 ΤΩΝ
1853 643 2302 735 ΔΩΔΕΚΑ
2375 651 3022 741 ΚΕΦΑΛΑΙΩΝ

1669 851 1945 902 puer-3m
1982 856 2064 906 EN
2095 859 2297 922 ΕΦΕΣῼ

1124 1021 1262 1076 ΥΠΟ
1303 1023 1659 1076 ΚΥΡΙΛΛΟΥ
1695 1023 2264 1079 ΑΡΧΙΕΠΙΣΚΟΠΟΥ
2305 1022 2850 1090 ΑΛΕΞΑΝΔΡΕΙΑΣ,

432 1199 551 1270 Τῆς
582 1199 658 1269 ά,
678 1219 773 1266 ,ας
804 1200 1072 1257 Συνόδου
1101 1200 1453 1267 ἀξιωσάσης
1485 1201 1673 1255 αὐτὸν
1703 1201 2080 1270 σαφέστερον
2137 1201 2342 1266 αὐτοῖς
2369 1202 2807 1272 ἑκτρανωθῆναι
2847 1217 2872 1244 ει
2904 1205 3018 1274 τὴν
3049 1206 3274 1259 τούτων
3305 1205 3508 1259 λύσιν.

959 1521 1694 1616 EXPLICATIO
1769 1483 2395 1616 DUODECIM
2474 1521 2997 1614 CAPITUM

1615 1713 1846 1763 EPHESI
1889 1713 2347 1765 PBONUNTIATA

1168 1895 1216 1954 A.
1256 1892 1572 1952 CYRILLO
1615 1893 2208 1954 ARCIIIEPISCOPO
2245 1893 2817 1958 ALEXANDRINO.

1245 2052 1299 2098 S.
1332 2049 1530 2114 Synodo
1562 2047 1824 2100 duriorem
1847 2047 2045 2100 illorum
2067 2047 2442 2101 declarationem
2463 2046 2696 2112 exigente.

393 2205 564 2268 tilujus
591 2202 700 2270 libri
740 2210 793 2251 et
836 2202 1044 2270 duorum
1091 2202 1403 2263 sequentium
1445 2197 1906 2270 interpretationem
1945 2199 2166 2270 Latinam
2207 2213 2352 2270 quam
2390 2201 2609 2270 Joannes
2639 2199 2891 2270 An_bertn_s
2922 2198 3506 2270 admiserat,__parapliras
3531 2206 3606 2253 lce

576 2269 860 2326 ademtam,
884 2262 1240 2326 rejecimus,’et
1260 2275 1366 2311 eam
1391 2262 1668 2323 recepimus
1700 2276 1809 2324 qua:
1846 2267 2010 2311 exstat
2035 2265 2085 2311 iu
2111 2262 2340 2312 Conciliis
2368 2275 2429 2312 ex
2457 2262 2677 2312 editione
2701 2264 2902 2312 Joannis
2938 2262 3178 2313 Dominici
3206 2262 3401 2327 Mansil)

448 2595 469 2626 ι
505 2575 693 2629 Πάντα
714 2573 914 2628 ἐνώπια
934 2575 1033 2637 τοῖς
1054 2572 1318 2638 συνιοῦσι,
1348 2573 1441 2626 καὶ
1469 2572 1603 2644 ὀρθὰ
1631 2575 1739 2637 τοῖς
1787 2571 1933 2644 εὑρί-

2109 2568 2266 2641 145
2294 2588 2312 2619 ι
2338 2567 2585 2633 Omnia,»
2620 2579 2678 2622 ut
2708 2567 2967 2637 scriptum
2991 2579 3094 2636 est,
3133 2587 3152 2621 ι
3186 2570 3343 2625 obvia
3373 2581 3500 2624 sunt
3525 2571 3612 2624 in-

365 2681 549 2717 σκουσι
604 2665 828 2731 γνῶσιν,
873 2681 893 2712 ι
936 2664 1073 2717 κατὰ
1122 2663 1184 2715 τὸ
1235 2662 1640 2733 γεγραμμένον.
1694 2663 1757 2714 Οἱ
1834 2661 1931 2732 μὲν

359 2755 465 2825 γὰρ
487 2754 602 2817 ὀξεῖ
631 2771 688 2806 τε
717 2755 812 2806 καὶ
843 2753 1068 2825 καθαρῷ
1116 2753 1353 2816 διανοίας
1390 2753 1596 2824 ὄμματι
1622 2754 1732 2815 τοῖς
1767 2752 1933 2821 ἱεροῖς

353 2847 449 2916 τῆς
476 2846 840 2900 Θεοπνεύστου
880 2846 918 2897 Γ
925 2846 1102 2916 ραφῆς
1136 2844 1623 2914 περιτυγχάνοντες
1647 2842 1848 2910 λόγοις,
1873 2840 1934 2894 τὸ

350 2937 409 3002 ἐξ
467 2939 652 2990 αὐτῶν
701 2937 916 3005 ὄφελος,
967 2936 1111 2989 θεῖον
1154 2935 1343 3006 ὥσπερ
1381 2935 1502 2988 τιςνὰ
1547 2934 1641 2988 καὶ
1685 2934 1936 3005 οὐράνιον

349 3029 626 3100 θησαυρὸν
653 3033 775 3092 ταῖς
809 3028 1015 3082 ὲαυτῶν
1041 3027 1390 3092 είσοικίζουσι
1417 3027 1614 3098 ψυχαῖς
1633 3043 1646 3056 ο
1677 3027 1726 3079 oi
1754 3025 1811 3077 δὲ
1843 3024 1932 3077 τὸν

347 3118 479 3172 νοῦν
513 3120 728 3188 ἔχοντες
752 3119 831 3189 τῷ
856 3118 1039 3188 ψεύδει
1079 3117 1526 3190 προσνενευκότα,
1556 3117 1649 3170 καὶ
1684 3119 1804 3178 ταῖς
1849 3133 1931 3167 τι-

344 3229 462 3265 νων
505 3211 930 3281 ἀθυροστομίαις
966 3209 995 3248 ιι
1028 3206 1358 3280 ἡττώμενον,
1398 3205 1624 3276 βεϐήλου
1677 3204 1932 3272 γνώσεως

343 3301 613 3373 ἐραστὴν,
640 3303 866 3354 ἐκείνων
893 3299 1106 3354 ἔσονται
1132 3299 1400 3363 κοινωνοὶ,
1432 3297 1562 3366 περὶ
1590 3289 1664 3350 ὧν
1691 3297 1719 3348 ὁ
1751 3293 1932 3364 μακά-

344 3411 469 3466 ριος
523 3393 725 3463 γράφει
764 3390 1007 3453 Παῦλοςο
1049 3409 1066 3442 ι
1116 3389 1203 3443 Ἐν
1243 3383 1326 3451 οἷς
1363 3391 1391 3441 ὁ
1437 3387 1556 3450 θεὸς
1597 3385 1690 3440 τοῦ
1739 3385 1931 3448 αἰῶνος

339 3482 546 3536 τούτου
588 3481 869 3549 ἐτύφλωσε
921 3479 992 3532 τὰ
1018 3481 1265 3549 νοήματα
1290 3475 1400 3530 τῶν
1432 3476 1701 3538 ἀπίστων,
1751 3476 1830 3536 εἰς
1871 3472 1934 3526 τὸ

344 3575 431 3643 μὴ
461 3573 703 3640 αὐγάσαι
735 3572 828 3625 τὸν
857 3569 1135 3640 φωτισμὸν
1176 3568 1268 3621 τοῦ
1309 3567 1626 3636 εὐαγγελίου
1654 3566 1754 3635 τῆς
1775 3564 1933 3635 δόξης

340 3662 447 3715 τοῦ
477 3662 736 3732 Χριστοῦ.
770 3680 788 3712 ›
822 3659 1203 3730 Τυφλώττουσι
1237 3659 1364 3730 γὰρ,
1418 3659 1513 3711 καὶ
1567 3656 1702 3708 εἰσὶν
1750 3653 1934 3723 ὁδηγοὶ

342 3753 572 3822 τυφλῶν
591 3770 605 3783 ’
627 3754 904 3824 τοιγάρτοι
925 3751 1149 3813 καὶτοῖς
1169 3750 1267 3819 τῆς
1294 3747 1568 3809 ἀπωλείας
1598 3745 1931 3816 ἐμπίπτουσι

348 3846 591 3916 βάθροις.
622 3845 710 3906 Ὠς
765 3845 873 3914 γὰρ
919 3840 1090 3906 αὑτόςζ
1130 3839 1230 3894 πού
1261 3855 1424 3909 φησιν
1462 3839 1490 3890 ὁ
1515 3836 1740 3906 Σωτὴρ,
1775 3852 1794 3885 ι
1826 3833 1932 3885 Τυ⁹

2040 2662 2424 2731 telligentibns,
2467 2670 2522 2715 et
2565 2670 2721 2716 recta
2761 2660 3159 2716 invenientibus
3195 2661 3475 2717 scientiam
3507 2664 3546 2717 ¹.
3585 2684 3603 2713 ι

2035 2755 2244 2809 Etenim
2304 2753 2393 2823 qni
2442 2767 2598 2808 sacra
2657 2753 2852 2807 divinae
2907 2752 3203 2821 Scripturae
3247 2755 3409 2808 verba
3453 2764 3612 2808 acuto

2037 2861 2278 2916 puroque
2341 2845 2500 2900 oculo
2554 2845 2858 2915 perlegunt,
2945 2846 2997 2900 bi
3053 2847 3195 2914 quod
3253 2847 3383 2900 utile
3439 2848 3490 2901 in
3543 2848 3612 2901 iis

2035 2938 2295 3002 occurrit,
2321 2936 2484 2990 veluti
2503 2936 2741 2991 divinum
2772 2937 3059 3006 quemdam
3086 2945 3141 2992 et
3181 2938 3456 2993 ctelestem
3492 2939 3610 2992 the-

2035 3044 2274 3092 saurum,
2313 3029 2365 3082 in
2393 3028 2604 3082 animos
2654 3043 2782 3082 suos
2813 3030 3150 3083 recondunt:
3179 3032 3268 3098 qui
3302 3045 3429 3084 vero
3461 3045 3612 3084 incu-

2035 3130 2140 3176 tem
2182 3121 2432 3175 obtinent
2481 3120 2548 3174 ad
2581 3120 2922 3174 mendacium
2965 3135 3309 3190 propensam,
3372 3124 3607 3176 nonnul-

2035 3211 2315 3280 lorumque
2339 3209 2628 3280 nugacitati
2663 3209 3044 3278 mancipatam,
3075 3224 3138 3264 ac
3163 3209 3402 3278 profanae
3433 3211 3608 3265 scicn-

2039 3299 2125 3352 tiae
2181 3300 2421 3366 avidam,
2478 3297 2691 3352 illorum
2738 3299 2868 3352 socii
2902 3299 3289 3362 censebuntnr,
3321 3301 3386 3354 de
3415 3301 3610 3369 quibus

2037 3393 2224 3446 beatus
2245 3391 2444 3446 Paulus
2486 3391 2750 3461 scriptum
2793 3389 3056 3460 reliquit:
3093 3409 3111 3442 ι
3145 3391 3198 3445 In
3234 3392 3432 3459 quibus
3477 3393 3609 3448 dens

2035 3482 2197 3550 hujus
2245 3482 2424 3536 surculi
2469 3483 2766 3537 excaacavit
2807 3492 3017 3536 mcntes
3051 3483 3371 3548 inlidelinm,
3415 3494 3471 3538 ut
3501 3502 3606 3539 non

2037 3572 2237 3642 fulgeat
2293 3573 2371 3627 eis
2404 3574 2724 3627 illuminatio
2758 3574 3034 3642 Evangelii
3067 3573 3250 3643 gloria:
3272 3576 3469 3630 Christi
3497 3577 3542 3630 '.
3585 3595 3602 3627 ι

2033 3661 2171 3718 C:eci
2234 3664 2378 3718 enim
2456 3673 2604 3728 sunt,
2659 3673 2714 3717 ct
2785 3665 2949 3719 duces
3022 3665 3378 3720 caacornm':
3435 3682 3603 3735 quare

2034 3763 2088 3807 et
2118 3753 2168 3806 in
2204 3755 2516 3823 perditionis
2545 3753 2726 3810 foveas
2753 3765 3036 3809 corruunt.
3057 3753 3214 3821 Nam,
3246 3765 3303 3809 ut
3351 3754 3607 3812 Salvator

2038 3843 2150 3911 ipse
2197 3843 2392 3897 alicubi
2451 3854 2624 3898 monet
2661 3862 2675 3898 :
2719 3864 2738 3896 ι
2804 3843 2862 3898 Si
2925 3860 3099 3901 caecus
3155 3862 3297 3901 (33200
3349 3851 3603 3902 ducatum

345 3937 484 4006 φλδς
525 3935 724 4004 τυφλὸν
764 3937 858 3988 ἐὰν
901 3934 1092 4004 ὁδηγῇ,
1135 3931 1432 4002 ἀμφότεροι
1464 3930 1541 3992 εἰς
1589 3926 1780 3997 βόθρον
1827 3926 1926 3994 ἐμ-

2034 3943 2268 4004 ρταξειθι,
2325 3935 2483 3988 ambo
2518 3935 2570 3988 in
2616 3934 2825 3988 foveam
2877 3937 3140 3990 cadent‘.
3179 3956 3198 3988 ι
3245 3939 3384 3992 Sunt
3440 3941 3605 4008 igitur

348 4028 673 4081 πεσοῦνται.
727 4046 745 4078 ι
802 4022 1258 4096 Καταφλυαροῦσι
1287 4023 1465 4075 τοίνυν
1494 4019 1638 4082 τινὲς
1675 4019 1782 4070 τῶν
1826 4019 1927 4087 τῆς

346 4120 611 4190 ἀληθείας
653 4117 957 4188 δογμάτων,
998 4119 1092 4170 καὶ
1135 4115 1456 4184 σκαιότητος
1501 4109 1809 4179 διαϐολικῆς
1838 4108 1928 4160 τὸν

345 4213 554 4265 οἰκεῖον
578 4210 961 4281 ἐμπλήσαντες
1003 4205 1150 4270 νοῦν,
1196 4204 1638 4277 παραχαράττειν
1676 4199 1929 4266 ἐπείγον-

345 4319 440 4356 ται
471 4301 534 4354 τὸ
559 4302 659 4370 τῆς
690 4301 946 4371 ἀληθείας
973 4299 1291 4370 μυστήριον,
1323 4295 1537 4364 καὶτῆς
1562 4291 1701 4364 μετὰ
1730 4289 1930 4361 σαρκὸς

347 4395 670 4465 οἰκονομίας
713 4393 806 4447 τοῦ
851 4389 1192 4459 Μονογενοῦς
1238 4389 1298 4441 οὐ
1348 4386 1586 4458 μετρίως
1643 4383 1926 4438 ποιοῦνται

345 4485 448 4557 τὴν
499 4486 878 4557 κατάρῤησιν,
936 4503 954 4535 ι
1009 4483 1083 4553 μὴ
1129 4479 1375 4543 νοοῦντες
1421 4478 1562 4549 μήτε
1609 4477 1646 4531 ἃ
1690 4475 1926 4545 λέγουσι,

353 4579 494 4648 μήτε
527 4577 658 4646 περὶ
686 4576 831 4638 τίνος
863 4571 1317 4634 διαϐεὸαιοῦνται,
1362 4589 1381 4622 ›
1417 4567 1558 4622 κατὰ
1589 4567 1651 4620 τὸ
1683 4583 1931 4637 γεγραμ-

353 4669 542 4739 μένον.
589 4666 826 4738 Εὑρεταὶ
857 4664 913 4717 δὲ
945 4664 1046 4734 τῆς
1085 4662 1341 4732 τοιαύτης
1373 4658 1625 4722 ἀσεϐείας
1670 4656 1928 4725 γεγόνασι

350 4759 540 4814 πολλοὶ
590 4759 690 4829 μὲν
746 4758 839 4812 καὶ
889 4756 1090 4827 ἕτεροι,
1144 4753 1284 4808 κατὰ
1333 4753 1460 4814 τοὺς
1507 4751 1711 4804 ἄνωθεν
1769 4748 1848 4801 ἔτι
1900 4757 1922 4786 ο

349 4854 755 4925 παρῳχηκότας
800 4851 1026 4922 καιρούς
1045 4867 1060 4881 ⁸
1091 4851 1208 4904 νυνὶ
1227 4849 1284 4902 δὲ
1322 4849 1420 4919 τῆς
1449 4848 1673 4901 ἐκείνων
1718 4845 1928 4900 ἀνοσιόο

353 4961 513 5014 τητος
544 4943 693 4996 οὐδὲν
721 4943 1063 5006 ἀποδέοντες,
1098 4940 1412 5011 Νεστόριος,
1453 4937 1548 4990 καὶ
1573 4939 1622 4990 οἱ
1650 4938 1747 4990 σὺν
1775 4935 1926 5006 αὐτῷ

353 5035 494 5088 κατὰ
523 5035 648 5096 τοὺς
674 5033 934 5104 ἀρχαίους
963 5032 1206 5095 ἐκείνους
1233 5029 1559 5100 Φαρισαίους
1601 5027 1924 5081 ἀντανιστα-

352 5142 502 5196 μενοι
535 5124 612 5194 τῷ
642 5123 885 5194 Χριστῷ,
916 5124 1010 5177 καὶ
1040 5123 1233 5191 ἀνέδην
1261 5119 1698 5190 ἀνακεκραγότες
1719 5135 1732 5149 υ
1771 5137 1790 5169 ι
1828 5119 1927 5172 Διὰ

347 5215 400 5266 τί
428 5215 494 5267 σὺ
523 5214 806 5284 ἄνθρωπος
855 5213 931 5266 ὢν
961 5215 1133 5275 ποιεῖς
1172 5211 1363 5265 ἑαυτὸν
1415 5209 1580 5276 Θεόν;
1619 5227 1636 5259 ι
1694 5203 1801 5262 Ἦν
1829 5203 1924 5261 οὖν

418 5391 434 5421 ⁸
460 5389 621 5445 Prov.
658 5405 776 5456 vm,
809 5391 864 5458 9,
896 5389 1190 5445 secundum
1222 5386 1386 5442 LXX.
1449 5387 1470 5416 ¹
1495 5385 1538 5440 ιι
1569 5384 1694 5440 Cor.
1733 5400 1808 5451 1v,
1833 5383 1888 5438 4.
1949 5384 1970 5416 ³
1998 5384 2185 5440 Matth.
2220 5401 2308 5452 xv,
2339 5388 2425 5442 i-i.
2485 5385 2650 5441 ‘ibid.

2031 4022 2292 4088 nonnulli,
2321 4023 2411 4091 qui
2443 4032 2632 4078 contra
2665 4025 2911 4078 veritatis
2946 4027 3190 4096 dogmata
3229 4029 3496 4096 garriunt,
3549 4038 3606 4082 et

2027 4112 2288 4168 diabolica
2316 4113 2579 4182 pravitate
2594 4113 2753 4185 146
2769 4125 3000 4170 mentem
3032 4116 3289 4170 imbutam
3323 4119 3603 4186 habentes,

2028 4205 2275 4260 veritatis
2303 4206 2630 4277 mysterium
2663 4207 2776 4262 acri
2819 4209 2998 4264 studio
3037 4209 3344 4265 adulterare
3373 4223 3601 4265 conten-

2027 4298 2185 4364 dunt,
2232 4314 2329 4353 nec
2379 4299 2722 4353 mediocriter
2767 4300 3032 4354 incarnati
3071 4300 3341 4372 Unigeniti
3372 4301 3600 4372 dispen-

2027 4391 2292 4445 sationem
2338 4390 2676 4445 insectantur
2704 4431 2720 4457 ,
2753 4410 2770 4442 ι
2807 4405 2914 4447 non
2989 4393 3371 4463 intelligentes,
3432 4410 3604 4464 neque

2029 4497 2148 4551 qua:
2179 4479 2493 4550 loquuntur,
2543 4496 2716 4551 neque
2757 4483 2823 4537 de
2856 4484 3055 4554 quibus
3088 4483 3379 4549 aliirmant,
3408 4503 3428 4536 ι
3464 4487 3604 4540 sicut

2028 4575 2288 4642 scriptum
2325 4573 2474 4628 est“.
2516 4571 2831 4639 Huiusmodi
2875 4585 3056 4630 autem
3087 4575 3380 4645 impietatis
3412 4577 3602 4630 inven-

2032 4673 2176 4720 tores
2215 4667 2541 4720 exstiterunt
2594 4664 2705 4732 jam
2739 4667 2866 4720 olim
2921 4675 2976 4721 et
3025 4667 3175 4720 multi
3227 4667 3441 4736 quidem
3470 4666 3598 4729 alii;

2030 4771 2172 4810 nunc
2204 4771 2332 4810 vero
2390 4754 2699 4820 Nestorius,
2729 4765 2783 4809 et
2828 4756 2920 4825 qui
2954 4771 3074 4810 cum
3105 4755 3196 4810 illo
3232 4763 3376 4817 sunt,
3410 4768 3596 4807 eorum

2031 4846 2294 4914 impietati
2355 4846 2496 4900 nulla
2550 4847 2603 4900 in
2658 4859 2812 4916 parte
2855 4848 3124 4909 cedentes,
3182 4847 3250 4901 ad
3297 4846 3595 4915 priscorum

2029 4935 2423 4990 Pharisaeorum
2453 4938 2758 5007 exemplum
2807 4939 3068 4992 adversus
3099 4936 3372 4991 Christum
3400 4948 3458 4988 se
3491 4935 3599 4986 cri-

2030 5035 2182 5096 gunt,
2204 5035 2558 5096 proterveqne
2583 5030 2949 5083 vociferantur
2979 5046 2994 5082 :
3036 5046 3053 5078 ι
3095 5026 3203 5081 Cur
3231 5036 3308 5090 tu,
3343 5039 3464 5080 cum
3496 5023 3591 5078 ho-

2030 5133 2119 5172 mo
2145 5118 2240 5183 sis,
2261 5116 2395 5171 facis
2419 5118 2644 5186 teipsnm
2681 5119 2846 5172 Deum
2873 5118 2938 5170 °?
2980 5137 2998 5168 ι
3031 5117 3156 5169 Erat
3187 5116 3366 5183 itaque
3404 5111 3596 5168 neces-

2032 5208 2256 5274 sarium,
2284 5217 2340 5261 ut
2367 5209 2624 5264 adversus
2659 5209 2868 5263 illorum
2900 5221 3177 5263 sermones
3218 5222 3316 5262 nos
3345 5207 3596 5276 accinge-

2739 5385 2802 5440 οι
2838 5384 2974 5441 Tim.
3009 5402 3046 5452 l,
3071 5387 3126 5441 7.
3185 5381 3386 5442 ‘Jnan.
3418 5402 3467 5440 ι.
3497 5386 3594 5443 21.

1371 5539 1546 5596 Variae
1580 5540 1841 5596 lectiones
1869 5521 1938 5596 ex
1969 5539 2153 5596 codice
2186 5540 2558 5612 Seguieriano.

409 5715 433 5743 ι
468 5701 732 5755 ἐκθεῖναι.
809 5698 836 5739 1³
867 5697 966 5768 τῆς
995 5711 1157 5752 τινων
1183 5693 1611 5766 ἀθυροστομίας.

1691 5705 1711 5732 ε
1753 5695 1846 5749 καὶ
1881 5692 1984 5748 ἔτι.
