4002 6192
442 257 548 312 2‘33

1459 249 1513 304 S.
1556 248 1823 303 (l't'lllLLl
1867 245 2334 302 ALEXANDRLVI
2377 244 2702 302 ARClllEP.
3573 250 3683 304 295‘.

445 387 645 438 remus,
707 371 1020 439 itnpuraque
1069 383 1132 422 ac
1198 368 1422 438 profana
1469 370 1682 422 illorum
1751 369 2003 437 dogmata

2125 367 2399 434 ὶναγκαῖον
2446 366 2540 418 καὶ
2584 364 2734 434 ἡμᾶς
2766 363 2961 425 αὐτοὺς
2996 361 3107 425 τοῖς
3138 365 3266 432 παρ’
3305 364 3526 419 ἐκείνων
3554 362 3690 419 ἀντ-

443 461 1045 523 anatnematizaremns,
1075 474 1351 535 memores
1380 459 1470 513 Dei
1518 475 1613 528 per
1649 473 1831 512 vocem
1877 471 2005 526 pro-

443 551 616 618 pheta:
648 548 909 602 dicentis:
944 566 962 599 ι
999 548 1211 613 Audite,
1251 551 1582 614 sacerdotes,
1622 558 1675 602 et
1733 557 2007 602 contesta-

444 636 574 688 mini
627 637 804 689 domui
863 634 1048 699 Jacob,
1090 638 1217 690 dicit
1244 637 1500 692 Dominus
1529 638 1929 706 omnipotens".
1982 655 2002 689 ι

442 725 508 780 Et
531 729 761 782 iterum:
797 745 815 777 ι
851 727 1196 796 lngredimini
1221 742 1316 796 per
1349 739 1532 797 portas
1565 744 1735 792 meas,
1768 738 1822 782 et
1873 729 2009 797 lapi-

443 815 536 868 des
580 815 645 868 de
692 815 774 867 via
816 815 982 869 tollite
1009 816 1049 868 ⁸.
1078 836 1096 865 ι
1134 816 1360 884 Oportet
1411 818 1551 870 enim
1604 832 1718 883 nos,
1777 818 1867 885 qui
1915 831 2012 884 pro

444 905 687 959 veritatis
747 907 997 974 dogmate
1045 915 1339 972 certamus,
1401 907 1723 962 olIendicula
1761 923 1790 962 e
1833 908 2012 961 medio

443 997 776 1061 submovere,
796 1012 860 1051 ne
889 983 988 1063 qua
1023 997 1231 1052 ratione
1260 999 1437 1068 populi
1473 1001 1539 1054 ad
1568 1000 1657 1054 illa
1680 1000 2006 1070 impingant,

443 1086 536 1140 sed
566 1088 705 1142 velut
736 1104 832 1157 per
855 1089 1061 1157 planam
1100 1091 1350 1144 semitam
1380 1093 1446 1145 ad
1485 1107 1639 1146 sacra
1676 1093 1762 1146 illa
1803 1093 2012 1146 divina-

444 1194 549 1246 que
605 1181 742 1233 atria
799 1181 1231 1248 progrediantur,
1286 1182 1414 1236 illud
1476 1181 1589 1236 fere
1633 1197 1728 1252 per
1775 1181 2015 1252 singulas

444 1279 630 1337 portas
682 1272 1114 1342 ingeminantes:
1179 1290 1198 1323 ι
1253 1271 1377 1327 [hec
1437 1283 1521 1328 est
1557 1268 1723 1343 porta
1781 1274 2011 1340 Domini,

441 1362 572 1430 justi
622 1363 898 1419 intrabunt
949 1364 1002 1418 in
1043 1379 1162 1418 eam
1199 1366 1243 1416 θ.
1287 1383 1305 1416 ι
1337 1364 1472 1420 Cum
1521 1365 1702 1435 itaque
1735 1366 2016 1422 Nestorius

445 1454 753 1523 doginatum
804 1456 1208 1526 peregrinorum
1243 1467 1297 1512 et
1329 1457 1612 1526 impiarum
1649 1457 2015 1528 blasphemia-

447 1561 564 1599 rum
589 1548 800 1601 turbam
829 1547 979 1602 libris
1013 1550 1123 1602 suis
1168 1551 1508 1617 inseruisset,
1561 1565 1667 1605 non
1718 1551 2012 1620 potuimus,

446 1637 635 1692 salutis
665 1654 877 1702 eorum,
919 1638 1009 1705 qui
1043 1637 1132 1692 illa
1165 1638 1355 1694 lecturi
1393 1651 1571 1705 erant,
1603 1656 1789 1696 curam
1817 1643 2018 1697 haben-

2109 455 2481 509 αποδύεσθαιά
2501 453 3098 523 λόγοις,άναθεματίσαι
3113 470 3172 505 τε
3209 454 3388 508 αὐτῶν
3425 456 3491 507 τὰ
3513 457 3689 526 μιαρίι

2109 546 2203 599 καὶ
2254 544 2457 614 βέϐηλα
2495 543 2775 612 δόγματα,
2831 542 3210 611 μεμνημένους
3254 543 3391 596 Θεοῦ
3437 543 3691 611 λέγοντος

2109 633 2197 686 διὰ
2233 634 2417 702 φωνῆς
2460 632 2764 702 προφήτουο
2803 649 2822 682 ‹
2871 631 3076 701 Ἰερεῖς,
3113 630 3403 694 ἀκούσατε,
3439 633 3535 684 καὶ
3563 633 3688 684 ἐπι-

2115 723 2460 795 μαρτύρασθε
2493 723 2569 793 τῷ
2615 722 2749 791 οἴκῳ
2788 720 3022 792 Ἰσραὴλ,
3067 720 3214 788 λέγει
3253 721 3456 790 Κύριος
3490 739 3689 774 παντο-

2111 813 2356 883 κράτωρ.
2416 831 2434 863 ι
2468 813 2577 865 Καὶ
2618 811 2815 864 πάλιν·
2848 830 2866 862 ‹
2903 811 3204 880 Πορεύεσθε
3249 811 3339 862 διὰ
3364 811 3474 863 τῶν
3503 811 3692 864 πυλῶν

2075 891 2090 900 ’
2116 924 2239 976 μου,
2272 906 2367 958 καὶ
2396 904 2524 966 τοὺς
2553 903 2732 964 λίθους
2762 905 2826 955 ἐκ
2866 903 2962 972 τῆς
3004 902 3127 954 ὁδοῦ
3164 901 3506 972 διαρῤίψατε.
3548 921 3565 953 ι
3598 903 3694 954 Δεῖ

2112 996 2221 1066 γὰρ
2253 996 2400 1065 ἡμᾶς
2443 993 2552 1048 τῶν
2585 994 2681 1063 τῆς
2721 993 2977 1062 ἀληθείας
3004 991 3446 1062 ὑπεραθλοῦντας
3478 993 3694 1062 sema-

2113 1104 2220 1138 των
2253 1086 2317 1137 ἐκ
2368 1084 2532 1154 μέσου
2582 1083 2855 1138 ποιεῖσθαι
2893 1084 2963 1136 τὰ
3009 1083 3304 1149 σκάνδαλα,
3351 1084 3428 1146 ὠς
3470 1081 3536 1137 ἂν
3569 1085 3696 1138 κατ’

2113 1176 2304 1230 οὐδένα
2354 1176 2555 1243 τρόπον
2601 1175 2786 1238 αὐτοῖς
2844 1174 3270 1244 προσπταίοντες
3323 1175 3371 1224 οἱ
3416 1173 3558 1237 λαοὶ,
3604 1173 3698 1228 διὰ

2115 1267 2264 1330 λείας
2297 1265 2487 1336 ὥσπερ
2529 1265 2774 1336 ἐρχοιντο
2811 1276 2834 1304 θ
2865 1264 3052 1335 τρίϐου
3099 1264 3232 1335 πρὸς
3263 1265 3362 1327 τὰς
3407 1265 3558 1335 ἱεράς
3598 1267 3696 1317 καὶ

2117 1358 2268 1421 θείας
2309 1357 2500 1421 αὐλάς,
2553 1357 2832 1428 μονονουχὶ
2879 1357 2974 1409 καὶ
3023 1355 3109 1423 ἐφ’
3154 1355 3359 1427 ἑκάστῃ
3407 1355 3692 1424 λέγοντες*

2121 1453 2310 1524 ιΑῦτη
2353 1454 2386 1522 ἡ
2419 1451 2560 1523 πύλη
2592 1450 2685 1504 τοῦ
2719 1450 2949 1521 Κυρίου,
2987 1449 3184 1502 δίκαιοι
3213 1448 3614 1501 εἰσελεύσονται
3635 1451 3695 1501 ἐν

2117 1545 2274 1615 αὐτῇ.
2305 1562 2323 1595 ι
2363 1542 2659 1614 Νεστορίου
2710 1542 2889 1594 τοίνυν
2914 1540 3078 1605 ξένων
3105 1557 3163 1594 τε
3188 1542 3281 1593 καὶ
3312 1540 3542 1593 ἀνοσίων
3565 1541 3694 1592 δυσ-

2118 1635 2338 1706 φημιῶν
2389 1635 2544 1704 ὃχλον
2577 1636 2690 1698 τοῖς
2743 1633 2894 1697 ίδίοις
2957 1631 3204 1695 ὲνθέντος
3256 1631 3501 1700 βιϐλίοις,
3527 1631 3696 1699 ἀναγ-

447 1738 550 1791 tes,
581 1730 1065 1788 anathematismos
1104 1749 1210 1787 non
1256 1747 1583 1802 componere
1614 1751 1627 1787 :
1663 1747 1767 1787 non
1803 1733 2014 1803 quidvis

2125 1727 2290 1790 καίως
2322 1727 2423 1797 τῆς
2458 1725 2566 1778 τῶν
2597 1724 2994 1795 ἐντευξομένων
3023 1725 3210 1787 αὐτοῖς
3233 1723 3508 1791 σωτηρίας
3531 1735 3696 1793 φρον-

445 1819 773 1884 promiscue,
806 1822 947 1889 quod
994 1823 1048 1874 in
1084 1831 1315 1876 mentem
1353 1820 1653 1886 incidisset,
1678 1820 2015 1888 paraeneticae

445 1908 684 1983 epistola:
707 1924 869 1976 quam
904 1910 969 1964 ad
1008 1911 1156 1964 illum
1188 1908 1504 1979 scripsimus
1545 1910 1869 1974 inserentes,
1921 1909 2016 1963 sed

447 1998 542 2065 (ut
567 1999 722 2054 modo
753 2001 1028 2071 diximus)
1089 2002 1332 2071 germina
1378 2001 1613 2056 vesaniae
1667 2001 1834 2070 ipsius
1889 2014 2016 2070 per-

444 2090 650 2160 egrina,
679 2102 733 2145 et
767 2107 795 2146 a
826 2093 1042 2161 pietatis
1072 2093 1410 2161 dogmatibus
1434 2105 1653 2162 prorsus
1688 2091 1864 2146 aliena
1896 2105 2018 2148 esse

443 2181 811 2237 ostendentes.
850 2182 1016 2252 Egre
1066 2184 1300 2240 fortasse
1349 2183 1530 2238 ferunt
1587 2182 1852 2251 nonnulli,
1899 2196 2017 2251 qua:

444 2273 762 2339 scripsimus
795 2291 810 2340 ;
841 2275 923 2328 vel
979 2276 1124 2345 quod
1184 2291 1392 2341 eorum,
1442 2289 1562 2345 quae
1615 2275 1815 2345 scripta
1870 2283 2017 2338 stmt,

445 2376 666 2420 sensum
706 2379 834 2419 vere
880 2381 985 2419 non
1017 2367 1256 2435 capiant,
1291 2366 1375 2420 vel
1410 2375 1559 2422 certe
1613 2366 1754 2435 quod
1795 2367 2020 2434 impura:

446 2456 711 2510 lnereseos
741 2455 971 2511 Nestorii
1002 2466 1430 2527 propugnatores
1461 2457 1752 2523 exsistant,
1774 2457 2022 2526 impieta-

446 2545 622 2613 tisque
656 2548 944 2618 participes
967 2549 1096 2612 sint,
1133 2563 1198 2603 ac
1226 2549 1413 2604 eadem
1442 2563 1564 2604 cum
1593 2548 1710 2617 ipso
1757 2546 2018 2602 sentiant.

445 2637 513 2689 At
539 2637 666 2690 nulli
695 2638 911 2692 interim
939 2655 1004 2693 ex
1038 2640 1126 2703 iis,
1163 2639 1256 2709 qui
1305 2649 1450 2693 recte
1485 2651 1676 2706 sapere
1723 2651 2024 2692 consueve-

448 2736 594 2790 runt,
629 2728 834 2782 veritas
881 2737 1067 2797 operta
1117 2737 1221 2783 est.
1273 2728 1408 2794 Quia
1458 2742 1587 2784 vero
1636 2727 1893 2782 credibile
1962 2726 2025 2782 lit

448 2833 552 2871 non
586 2818 773 2873 deesse
798 2821 1061 2889 quosdam
1092 2821 1306 2875 illorum
1329 2818 1652 2875 commentis
1680 2819 2022 2888 depravatos,

446 2907 540 2977 qui
591 2922 695 2962 non
725 2921 1104 2979 assequamur,
1164 2910 1456 2982 quomodo,
1512 2919 1605 2966 aut
1655 2925 1761 2979 qua
1817 2909 2026 2964 ratione

449 2995 958 3072 (anathematismi)
1004 3000 1078 3055 illi
1109 3001 1218 3055 sint
1260 3000 1512 3064 confecti,
1561 3014 1740 3068 operae
1791 3000 2023 3069 pretium

450 3102 536 3141 me
556 3089 820 3143 facturum
845 3093 1048 3160 putavi,
1073 3093 1118 3146 si
1141 3091 1379 3161 singulos
1403 3091 1638 3145 breviter
1665 3105 2021 3158 exponerem,
2050 3089 2094 3115 “

451 3179 778 3248 illorutnque
803 3182 930 3247 vim,
965 3189 1169 3248 quanta
1220 3180 1337 3233 lieri
1374 3188 1556 3248 posset
1612 3179 2024 3247 perspicuitate,

451 3271 722 3326 docerem.
754 3269 959 3339 Opinor
984 3271 1127 3325 enim
1156 3277 1406 3326 conatum
1458 3270 1600 3324 hunc
1639 3284 1744 3323 nou
1801 3285 2022 3341 parvum

451 3362 745 3418 lectoribus
789 3377 942 3418 usum
966 3371 1021 3416 et
1053 3361 1288 3416 fructum
1329 3359 1524 3415 all‘erre
1545 3375 1726 3430 posse.

673 3489 686 3494 ’
787 3475 948 3548 147
984 3472 1627 3530 ANATHEMATISMUS
1651 3472 1694 3527 1.

519 3590 576 3646 Si
602 3591 723 3660 quis
777 3607 882 3644 non
926 3590 1218 3646 conﬁtetur
1263 3587 1668 3643 Emmanuelem
1709 3603 1831 3644 vere
1858 3587 2024 3644 Deum

449 3697 594 3748 esse,
625 3693 679 3736 et
723 3684 791 3736 ob
827 3683 887 3736 id.
915 3681 1112 3736 factam
1162 3681 1438 3752 Virginem
1492 3680 1776 3750 Deiparam
1809 3681 2032 3752 (genuit

451 3774 596 3826 enim
624 3773 706 3826 illa
758 3773 1096 3828 incarnatum
1134 3774 1228 3828 Dei
1254 3772 1434 3828 Patris
1462 3771 1694 3827 Verbum
1725 3773 2026 3828 secundum

451 3871 725 3936 carnem),
755 3869 1042 3920 anathema
1075 3866 1166 3920 sit.

979 3976 1275 4032 Declaratio
1317 3979 1506 4046 prima.

543 4088 692 4144 Beati
718 4089 928 4154 Patres,
963 4091 1052 4158 qui
1079 4089 1270 4146 Nicaea:
1291 4091 1418 4147 olim
1449 4101 1836 4159 convenerunt,
1870 4103 2028 4149 reette

454 4179 853 4248 inculpatzeque
900 4182 1021 4233 tidei
1051 4181 1358 4235 doctrinam
1390 4192 1750 4250 exponentes,
1777 4184 1828 4236 in
1861 4199 2026 4238 unum

454 4265 621 4319 Deutn
673 4267 887 4322 Patrem
943 4271 1372 4338 omnipotentem
1429 4273 1670 4326 omnium
1733 4273 2025 4328 visibilium

2115 1821 2376 1884 τίζοντες,
2416 1816 2838 1886 συντεθείκαμεν
2883 1815 3380 1886 ἀναθεματισμοὺς,
3416 1815 3476 1867 οὒ
3511 1813 3574 1866 τὸ
3614 1815 3696 1875 είς

2118 1912 2239 1965 νοῦν
2268 1906 2402 1982 ἦκον
2430 1909 2618 1972 ἁπλῶς
2645 1907 2888 1970 ἐνθέντες
2935 1909 3000 1977 τῇ
3047 1906 3317 1976 γραφείσῃ
3369 1905 3504 1975 πρὸς
3534 1904 3695 1958 αὐτὸν

2118 2004 2475 2074 παραινετικῇ
2507 2000 2787 2070 ἐπιστολῇ,
2817 1999 2932 2052 ἀλλ’
2955 1999 3030 2062 ὡς
3075 1998 3284 2067 ἔφημεν
3322 1998 3545 2068 ἀρτίως,
3571 1998 3696 2062 ξένα

2118 2095 2214 2150 καὶ
2243 2093 2496 2166 ἀλλότρια
2530 2093 2638 2145 τῶν
2683 2090 2780 2161 τῆς
2822 2089 3101 2152 εὐσεϐείας
3133 2087 3418 2158 δογμάτων
3455 2089 3692 2156 ἀποφαί-

2123 2203 2309 2250 νοντες
2362 2188 2462 2255 τῆς
2493 2184 2701 2238 ἐκείνου
2739 2180 3160 2254 φρενοϐλαϐείας
3191 2179 3260 2232 τά
3302 2181 3616 2251 γεννήματα
3647 2179 3690 2231 ί.

2133 2275 2560 2347 Ἐπασχάλλουσι
2606 2274 2663 2327 δὲ
2698 2275 2840 2344 τάχα
2889 2272 2991 2326 πού
3025 2289 3170 2334 τινες
3216 2275 3327 2334 τοῖς
3359 2270 3488 2340 παρ’
3535 2269 3694 2339 ἡμῶν

2120 2368 2320 2437 λόγοις,
2371 2366 2404 2437 ἢ
2460 2367 2533 2437 μὴ
2585 2366 2856 2426 συνιόντες
2903 2361 3120 2434 ἀληθῶς
3152 2361 3260 2416 τῶν
3296 2361 3697 2432 γεγραμμένων

2121 2460 2218 2531 τὴν
2269 2459 2531 2528 δύναμιν,
2575 2456 2609 2527 ἢ
2667 2457 2766 2527 τῆς
2817 2453 3111 2526 Νεστορίου
3170 2454 3370 2524 μιαρᾶς
3431 2451 3696 2522 αἱρέσεως

2125 2551 2462 2605 ὑπασπισταὶ
2515 2548 2835 2617 γεγονότες,
2874 2547 2969 2600 καὶ
3025 2545 3370 2617 μεριζόμενοι
3418 2542 3518 2612 τὴν
3568 2543 3697 2595 ἀσέ-

2126 2647 2298 2712 ϐειαν,
2328 2645 2421 2699 καὶ
2455 2643 2523 2697 τὰ
2553 2643 2692 2696 αύτὰ
2720 2639 3042 2713 φρονοῦντες
3067 2637 3276 2708 ἐκείνῳ.
3307 2635 3570 2689 Λανθάνει
3599 2635 3699 2704 μὲν

2125 2737 2217 2796 οῦν
2249 2740 2373 2793 οὐδέ
2415 2755 2536 2792 τινα
2594 2736 2701 2788 τῶν
2740 2736 2764 2774 ε
2800 2734 2868 2786 τὰ
2902 2731 3038 2802 ὀρθά
3073 2731 3289 2799 φρονεῖν
3326 2726 3594 2780 εἰωθότων
3638 2725 3698 2777 τὸ

2128 2831 2344 2901 ἀληθές.
2393 2825 2612 2895 Ἐπειδὴ
2648 2824 2706 2877 δὲ
2733 2822 2900 2885 εἰκὸς,
2927 2822 3047 2882 ταῖς
3075 2817 3204 2890 παρ’
3221 2817 3450 2870 ’ἐκείνων
3482 2817 3696 2887 εὑρεσι-

2127 2923 2334 2990 λογίαις
2377 2914 2884 2988 παρενηνεγμένους
2919 2913 2945 2952 1³
2981 2911 3057 2982 μὴ
3088 2910 3325 2963 συνιέναι
3359 2908 3532 2972 τινὲς,
3583 2906 3698 2968 πῶς

2129 3012 2224 3068 καὶ
2268 3011 2388 3064 τίνα
2414 3009 2615 3079 τρόπον
2646 3005 2918 3074 γεγόνασι,
2949 3004 3059 3056 δεῖν
3093 3003 3276 3074 ᾠήθην
3318 3001 3548 3053 ἕκαστον
3592 2997 3698 3051 τῶν

2129 3097 2588 3169 ἁναθεματισμῶν
2637 3093 2973 3168 ἑρμηνεῦσαι
3021 3093 3110 3146 διὰ
3156 3091 3420 3162 βραχέων,
3463 3089 3557 3142 καὶ
3600 3087 3700 3159 τὴν

2125 3191 2353 3262 δύναμιν
2386 3189 2567 3244 αὐτῶν
2596 3191 2670 3251 ῶς
2719 3187 2799 3242 ἔνι
2831 3186 3012 3248 καλῶς
3081 3182 3502 3256 ἀφηγήσασθαι·
3547 3180 3701 3234 ἔσται

2124 3282 2255 3353 γὰρ,
2281 3280 2357 3345 ὥς
2392 3297 2457 3349 γε
2485 3276 2660 3351 οἶμαι,
2696 3278 2756 3331 τὸ
2784 3277 2974 3349 χρῆμα
3003 3278 3113 3340 τοῖς
3149 3275 3570 3344 ἐντυγχάνουσιν
3601 3272 3703 3326 οὐκ

2126 3371 2415 3436 άσυντελὲς
2447 3373 2528 3434 είς
2558 3369 2769 3441 ὄνησιν.

2559 3477 3148 3535 ΑΝΑΘΕΜΑΤῙΣΜΟΣ
3185 3477 3262 3529 A'.

2198 3598 2266 3651 Εἴ
2291 3613 2370 3660 τις
2395 3597 2514 3666 οὐχὶ
2546 3597 2560 3635 ί
2597 3595 2869 3664 ὁμολογεῖ,
2903 3591 3034 3645 Θεὸν
3078 3587 3216 3644 εἶναι
3259 3587 3397 3642 acati
3443 3585 3704 3656 ἀλήθειαν

2126 3689 2218 3742 τὸν
2260 3685 2626 3758 Ἐμμανουὴλ,
2659 3685 2754 3738 καὶ
2796 3683 2884 3736 διὰ
2927 3682 3085 3735 τοῦτο
3135 3681 3395 3734 Θεοτόκον
3416 3679 3513 3749 τὴν
3542 3679 3706 3746 ἁγίαν

2129 3779 2400 3851 Παρθένον
2422 3795 2434 3809 ·
2465 3777 2760 3847 γεγέννηκε
2793 3775 2900 3845 γὰρ
2927 3773 3202 3845 σαρκικῶς
3233 3773 3408 3845 σάρκα
3443 3770 3708 3840 γεγονότα.

2127 3871 2218 3925 τὸν
2253 3873 2316 3923 ἐκ
2340 3870 2474 3924 Θεοῦ
2507 3867 2716 3940 Πατρὸς
2745 3867 2938 3936 Λόγον·
2970 3865 3217 3932 ἀνάθεμα
3247 3864 3407 3918 ἔστω.

2715 3982 3018 4046 Ἐπίλυσις
3057 3986 3128 4033 a'.

2201 4099 2268 4156 Ot'
2307 4097 2566 4170 μακάριοι
2609 4093 2874 4166 Πατέρες,
2908 4096 2958 4147 οἱ
2986 4093 3126 4148 κατὰ
3157 4090 3382 4160 καιροὺς
3424 4091 3480 4142 ἐν
3512 4091 3581 4158 τῇ
3611 4088 3710 4140 Νι-

2132 4190 2311 4243 καέων
2358 4187 2511 4240 πόλει
2562 4184 3049 4254 συναγηγερμένοι,
3098 4180 3190 4234 καὶ
3236 4179 3328 4232 τὸν
3377 4179 3475 4247 τῆς
3538 4175 3712 4245 ὀρθῆς

2132 4279 2224 4332 καὶ
2261 4276 2584 4345 ἁδιαϐλήτου
2647 4273 2884 4336 πίστεως
2917 4275 3041 4343 ὅρον
3090 4270 3393 4339 ἐκθέμενοι,
3429 4267 3712 4320 πιστεύειν

451 4367 504 4410 et
534 4356 886 4411 invisibilium
927 4356 1191 4414 factorem
1222 4375 1283 4416 se
1305 4363 1530 4415 credere
1589 4361 1821 4430 professi
1854 4373 1982 4417 sunt
2008 4382 2022 4431 ;

2130 4370 2338 4436 ἔφασαν
2371 4367 2450 4428 είς
2483 4365 2580 4418 ἕνα
2627 4363 2779 4428 Θεὸν,
2833 4362 3050 4434 Πατέρα
3099 4359 3538 4430 παντοκράτορα,
3576 4358 3714 4410 πάν-

452 4456 506 4500 et
532 4445 582 4499 in
611 4463 774 4500 unum
805 4448 1089 4502 Dominum
1141 4449 1323 4504 .lesum
1353 4450 1628 4506 Christum
1661 4453 1853 4507 Filium
1884 4455 2024 4525 ejus,

451 4547 507 4592 et
529 4537 582 4591 in
607 4537 868 4607 Spiritum
889 4549 1134 4594 sanctum
1166 4558 1180 4594 :
1213 4551 1540 4607 asserentes,
1569 4544 1740 4613 ipsum
1779 4546 1920 4615 quod
1957 4562 2023 4600 ex

453 4627 566 4683 Deo
611 4627 846 4684 Verbum
892 4629 1136 4696 emicuit,
1171 4647 1266 4702 per
1299 4633 1441 4702 quod
1471 4636 1653 4690 omnia
1701 4637 1842 4690 facta
1876 4645 2026 4699 sunt,

457 4720 633 4776 lumen
695 4724 762 4776 de
809 4721 1030 4787 lumine,
1092 4724 1256 4778 Deum
1285 4741 1476 4780 verum
1506 4726 1575 4781 de
1604 4729 1713 4783 Deo
1746 4742 1897 4794 vero,
1943 4729 2024 4783 iu-

454 4822 757 4876 carnatutn,
783 4821 838 4866 et
869 4812 1143 4870 hoininem
1185 4831 1307 4872 esse
1349 4815 1571 4880 factum,
1617 4828 1671 4875 et
1703 4835 1946 4888 passum,
1974 4831 2027 4875 et

383 4951 390 4956 .
457 4904 841 4959 resurrexisse.
898 4904 1118 4960 Etenim
1170 4923 1294 4962 cum
1345 4907 1678 4979 unigenitum
1731 4910 1823 4964 Dei
1852 4910 2031 4966 Patris

454 4990 691 5046 Verbum
725 5003 914 5047 natura
948 4992 1091 5050 Deus
1126 5005 1292 5061 esset,
1320 5012 1505 5052 semen
1537 4998 1791 5065 Abrahae,
1818 5007 1878 5054 ut
1899 5001 2027 5055 bea-

456 5090 541 5134 tus
564 5080 764 5138 Paulus
789 5083 921 5138 dicit
953 5084 1018 5150 ‘°,
1055 5086 1437 5155 apprehendit,
1468 5089 1801 5156 perindeque
1824 5103 1886 5142 ac
1907 5103 2027 5152 nos,

452 5174 637 5230 carnis
666 5184 721 5229 et
755 5179 1034 5246 sanguinis
1064 5177 1318 5234 effectum
1367 5188 1452 5234 est
1495 5179 1790 5249 particeps.
1830 5178 2027 5234 Natum

523 5325 542 5356 "
567 5326 731 5384 Amos
762 5301 842 5396 tu,
872 5331 958 5386 l5.
1034 5333 1055 5363 "
1078 5333 1278 5390 .lerem.
1306 5350 1401 5402 vu,
1434 5335 1488 5389 5.
1566 5333 1752 5391 'Psal.
1788 5350 1954 5400 cxvu,
1990 5334 2082 5389 20.

2133 4474 2241 4509 των
2287 4453 2494 4524 ὁρατῶν
2522 4470 2579 4504 τε
2618 4451 2713 4507 καὶ
2752 4453 2999 4524 ἀοράτων
3045 4451 3275 4521 ποιητήν
3299 4465 3311 4479 ο
3363 4449 3456 4502 καὶ
3490 4449 3569 4510 είς
3613 4447 3715 4499 ἕνα

2135 4545 2338 4616 Κύριον
2376 4542 2582 4614 Ἰησοῦν
2611 4543 2867 4614 Χριστὸν,
2903 4544 2993 4597 τὸν
3026 4542 3153 4594 Υἱὸν
3186 4539 3349 4594 αὐτοῦ
3370 4556 3384 4569 ·
3417 4540 3512 4590 καὶ
3543 4539 3625 4601 εἰς
3652 4537 3714 4588 τὸ

2135 4636 2357 4706 Πνεῦμα
2390 4635 2451 4688 τὸ
2479 4635 2632 4703 ἆγιον
2655 4651 2667 4664 ’
2701 4635 2862 4688 αὑτὸν
2885 4635 3135 4702 λέγοντες
3157 4633 3246 4686 τὸν
3274 4633 3337 4683 ὲκ
3363 4629 3498 4684 Θεοῦ
3531 4646 3716 4698 περη-

2133 4728 2260 4783 νότα
2297 4727 2489 4796 Λόγον,
2518 4727 2610 4780 τὸν
2637 4728 2706 4780 δι’
2736 4719 2796 4779 οὗ
2840 4727 2909 4779 τὰ
2944 4727 3119 4780 πάντα
3154 4725 3388 4793 ἐγένετο,
3420 4723 3481 4774 τὸ
3510 4722 3629 4790 φῶς
3654 4720 3716 4771 τὸ

2134 4820 2199 4871 ἐκ
2228 4819 2423 4887 φωτὸς,
2457 4817 2546 4870 τὸν
2578 4820 2641 4871 ἐκ
2673 4817 2805 4870 Θεοῦ
2836 4817 3090 4886 ἀληθινοῦ
3119 4816 3248 4868 Θεὸν
3268 4813 3540 4884 ἀληθινὸν,
3577 4829 3714 4883 σαρ-

2130 4910 2374 4981 κωθῆναί
2402 4928 2462 4963 τε
2497 4911 2590 4964 καὶ
2634 4910 3075 4981 ὲνανθρωπῆσαι,
3117 4908 3310 4962 παθεῖν
3351 4924 3408 4959 τε
3453 4905 3547 4958 καὶ
3576 4907 3715 4958 ἀναο

2132 5005 2344 5072 στῆναι.
2395 5001 2525 5065 Θεὸς
2569 5001 2679 5072 γὰρ
2725 5001 2800 5054 ὢν
2834 5001 2976 5055 κατὰ
3020 5002 3180 5070 φύσιν
3223 5003 3251 5054 ὁ
3296 4998 3594 5070 μονογενὴς
3621 4995 3718 5048 τοῦ

2129 5093 2347 5164 Πατρὸς
2376 5093 2569 5161 Λόγος,
2595 5095 2908 5164 σπέρματος
2945 5095 3194 5164 Ἀϐραὰμ
3226 5091 3544 5153 ἐπελάϐετο,
3572 5089 3724 5142 καθά

2131 5200 2296 5254 φησιν
2323 5185 2352 5237 ὁ
2387 5183 2656 5255 μακάριος
2703 5183 2934 5250 Παῦλος,
2985 5185 3079 5238 καὶ
3129 5181 3529 5255 παραπλησίως
3578 5181 3721 5250 ἡμῖν

2186 5335 2230 5367 ¹⁰
2254 5335 2418 5392 Hebr.
2451 5351 2508 5401 ιι,
2548 5336 2637 5389 Η.

1492 5489 1661 5545 Varnc
1697 5487 1962 5546 lectiones
1987 5503 2053 5545 ex
2085 5488 2271 5545 codice
2307 5488 2677 5560 Seguieriano.

521 5642 550 5683 ά
578 5644 1054 5702 ἀνταποδίσασθαι.
1134 5659 1156 5686 ο
1188 5646 1413 5715 ἔχοιντο.
1493 5645 1511 5687 ί
1545 5647 1888 5718 ἐγκλήματα.

1974 5647 1998 5686 ε
2034 5645 2220 5700 οὐδένα
2251 5644 2384 5702 τῶν.
2461 5647 2488 5685 ιι
2513 5645 2978 5718 παρενηνεγμέναι.

3063 5645 3078 5686 ί
3117 5649 3238 5719 οὐχ.
