4002 6192
258 281 341 339 197
1291 285 1707 344 EXPLICATIO
1750 283 2107 341 DUODECIM
2142 283 2467 343 CAPITUM.

257 407 499 478 μετέσχεν
523 402 798 473 αἵματος,
833 405 929 459 καὶ
956 405 1155 477 σαρκός
1174 422 1191 437 ·
1221 406 1540 478 γεγέννηται
1564 405 1672 477 γὰρ
1693 406 1828 459 κατὰ

1937 414 2024 460 est
2058 404 2205 459 enim
2244 406 2543 459 secundum
2571 417 2788 459 carnem
2818 419 2883 461 ex
2936 414 3125 462 sancta
3167 404 3412 478 Virgine,
3456 417 3515 464 et

254 500 420 570 σάρκα
465 498 532 549 έκ
568 497 679 567 τῆς
732 498 902 566 ἁγίας
945 498 1248 571 Παρθένου,
1293 501 1387 553 καὶ
1424 499 1706 570 ἄνθρωπος
1745 498 1839 566 γέ-

253 605 364 659 γονε
398 598 414 638 1
450 586 579 641 καθ’
618 590 802 659 ἡμᾶς,
845 589 946 642 οὐκ
975 589 1349 662 ἁπολισθήσας
1382 590 1476 644 τοῦ
1502 586 1641 644 εἶναι
1665 589 1800 653 Θεός
1819 605 1835 621 ’

257 678 324 749 μὴ
350 676 591 746 γένοιτοο
644 678 778 731 ἁλλ’
820 677 899 731 ὣν
941 680 1080 751 ὅπερ
1120 675 1211 751 ἦν,
1262 682 1358 734 καὶ
1402 679 1727 751 μεμενηκὼς
1779 681 1839 743 ὲν

254 772 313 840 τῇ
342 771 436 840 τῆς
462 769 735 841 θεότητος
764 770 932 840 φύσει
956 788 1016 825 τε
1043 772 1138 824 καὶ
1159 771 1308 845 δόξῃ.
1350 773 1535 843 Φαμὲν
1559 768 1654 826 οὖν
1677 771 1838 826 αὑτὸν

256 858 521 932 ἄνθρωπον
554 861 930 933 γεγενῆσθαι,
966 864 1027 916 οὑ
1070 862 1278 934 τροπὴν
1324 860 1696 933 ὑπομείναντα
1738 864 1838 937 τὴν

260 954 330 1016 είς
357 953 487 1022 ὅπερ
526 954 633 1005 οὐκ
676 948 776 1017 ἦν,
823 955 928 1009 οὐκ
978 953 1297 1008 ἀλλοίωσιν·
1345 955 1435 1009 ἀεὶ
1470 955 1580 1027 γάρ
1619 958 1767 1009 ἐστιν
1808 957 1863 1030 όν

262 1041 424 1105 αὐτὸς,
450 1042 545 1095 καὶ
574 1044 802 1115 τροπῆς
835 1045 1194 1117 ἀποσκίασμα
1223 1045 1417 1100 παθεῖν
1441 1046 1543 1100 οὐκ
1564 1047 1833 1117 ἀνέχεται.

279 1133 399 1186 Ἀλλ’
427 1133 545 1186 οὐδὲ
574 1135 840 1205 φυρμὸν,
890 1137 925 1207 ἦ
976 1137 1258 1207 ἀνάχυσιν,
1306 1137 1340 1208 ἢ
1391 1137 1694 1209 σύγκρασιν
1736 1140 1836 1209 τῆς

269 1224 431 1287 οὐσίας
471 1225 639 1278 αὑτοῦ
686 1227 839 1297 πρὸς
886 1229 984 1300 τὴν
1031 1230 1213 1301 σάρκα
1237 1231 1563 1301 γεγενῆσθαι
1602 1228 1835 1301 διοριζό-

277 1316 427 1385 μεθα·
456 1318 630 1387 φαμὲν
661 1318 725 1372 δὲ
754 1320 784 1359 ι
823 1321 990 1392 σαρκὶ
1019 1321 1204 1393 ψυχὴν
1237 1321 1438 1396 ἐχούσῃ
1483 1325 1581 1397 τὴν
1612 1326 1836 1397 λογικὴν

274 1406 486 1474 ἡνῶσθαι
512 1409 601 1461 τὸν
629 1410 812 1479 Λόγον
832 1411 978 1483 ὑπὲρ
1012 1412 1138 1466 νοῦν
1160 1430 1220 1467 τε
1244 1415 1338 1468 καὶ
1366 1417 1712 1488 ἁποῤῥὴτως,
1741 1419 1836 1471 καὶ

276 1497 343 1561 ὡς
378 1499 522 1568 μόνος
547 1496 687 1554 οἶδεν
719 1502 910 1566 αὑτός.
949 1504 1160 1559 Οὐκοῦν
1196 1507 1474 1578 μεμένηκε
1499 1509 1629 1573 Θεὸς
1654 1510 1746 1564 καὶ
1776 1510 1834 1564 έν

281 1589 550 1660 προσλήψει
602 1592 844 1662 σαρκός⁸
904 1593 999 1647 καὶ
1043 1595 1190 1650 ἔστιν
1241 1591 1325 1661 εἷς
1362 1598 1489 1662 Υἱὸς
1539 1598 1634 1653 τοῦ
1671 1599 1831 1667 Θεοῦ,

284 1680 367 1733 ni.
391 1682 613 1752 Πατρὸς,
647 1687 677 1737 6
703 1684 914 1756 Κύριος
944 1686 1105 1757 ἡμῶν
1143 1685 1351 1758 Ἰησοῦς
1378 1688 1643 1761 Χριστός’
1680 1692 1709 1743 6
1737 1692 1835 1745 αὐ-

1936 510 2090 565 aeque
2117 509 2180 549 ac
2206 509 2324 558 nos,
2360 496 2522 550 homo
2569 495 2771 551 factum
2820 506 2924 561 est,
2960 512 3067 553 non
3109 496 3365 554 amittens
3390 514 3515 555 esse

1940 586 2106 641 Deum
2135 587 2305 656 (absit
2325 586 2487 656 l),sed
2518 587 2787 643 cxsistens
2816 589 2958 657 quod
2989 597 3127 654 erat,
3155 599 3210 645 et
3229 590 3286 644 in
3317 588 3517 644 divini-

1938 677 2064 733 tatis
2108 688 2300 732 natura
2344 689 2399 733 et
2426 678 2596 749 gloria
2652 692 2995 749 permanens.
3047 680 3286 737 Dicimus
3321 680 3511 750 igitur,

1938 766 2112 834 ipsum
2141 767 2272 838 (Dei
2306 766 2577 839 Verbum)
2620 768 2895 823 hominem
2922 782 3043 824 esse
3067 769 3291 834 factum,
3316 782 3416 825 nec
3438 771 3511 826 ob

1938 856 1990 912 id
2021 866 2202 912 tamen
2227 871 2440 913 versum
2466 858 2518 912 in
2550 858 2604 914 id
2661 859 2805 928 quod
2836 873 2940 914 non
2995 867 3139 924 erat,
3173 873 3280 914 non
3308 858 3512 915 altera—

1937 948 2256 1004 tum:idem
2305 950 2450 1004 enim
2498 964 2716 1021 semper
2751 960 2856 1014 cst,
2915 964 3089 1020 neque
3135 951 3513 1007 conversionis

1872 1048 1885 1056 '
1934 1038 2403 1094 obumbrationem
2433 1041 2541 1111 pati
2567 1041 2800 1096 sustinet
2833 1042 2897 1097 “.
2956 1041 3061 1096 Sed
3116 1056 3295 1113 neque
3343 1042 3510 1098 ullam

1935 1129 2185 1184 essentia!
2219 1129 2361 1184 illius
2391 1144 2511 1184 cum
2549 1145 2714 1187 carne
2758 1132 3219 1198 commistionem,
3254 1142 3347 1187 aut
3374 1147 3509 1187 con.

1936 1219 2225 1284 fusionem,
2261 1229 2356 1275 aut
2380 1223 2784 1277 concretionem
2814 1222 3010 1277 factam
3036 1238 3157 1279 csse
3172 1225 3510 1288 statuimus;

1936 1313 2231 1367 asserimus
2277 1322 2482 1378 autem,
2546 1312 2779 1369 Verbum
2829 1315 2980 1369 carni
3028 1312 3208 1370 anima
3258 1317 3531 1387 rationali,

1935 1403 2186 1474 perfecta:
2215 1415 2270 1459 et
2303 1404 2632 1470 informatze,
2699 1408 2858 1461 modo
2906 1422 3067 1477 quem
3120 1409 3293 1479 ipsum
3329 1409 3509 1465 solum

1936 1496 2084 1550 novit
2120 1497 2361 1566 (nostrae
2391 1497 2532 1552 enim
2579 1499 2776 1554 mentis
2831 1509 3048 1570 captum
3085 1502 3202 1558 hrce
3233 1516 3319 1558 res
3345 1517 3506 1559 exce-

1935 1587 2079 1659 dit),
2117 1589 2330 1643 unitum
2358 1604 2500 1643 esse.
2534 1588 2730 1645 Mansit
2779 1592 2962 1662 itaque
3002 1594 3145 1648 Dens
3176 1596 3339 1650 etiam
3385 1603 3513 1665 post

1935 1678 2359 1749 assumptionem
2420 1679 2854 1749 carnis;estque
2886 1696 3026 1737 unus
3080 1680 3173 1737 Dei
3223 1692 3279 1739 et
3328 1682 3509 1740 Patris

287 1773 366 1835 τὸς
391 1776 479 1827 καὶ⁸
504 1776 605 1847 πρὸ
633 1779 837 1843 παντὸς
862 1780 1080 1845 αἰῶνος,
1117 1780 1210 1833 καὶ
1237 1780 1451 1851 χρόνου,
1477 1781 1611 1835 καθὸ
1636 1784 1828 1836 νοεῖται

1936 1769 2106 1825 Filius
2133 1770 2391 1826 Dominus
2419 1779 2605 1825 noster
2623 1768 2784 1826 Jesus
2821 1771 3090 1837 Christus,
3129 1775 3271 1831 idem
3296 1785 3353 1829 et
3382 1784 3510 1829 ante

297 1865 465 1932 Λόγος,
494 1868 584 1921 καὶ
610 1870 899 1942 χαρακτὴρ
929 1870 1030 1940 τῆς
1059 1871 1412 1936 ὑποστάσεως
1446 1872 1629 1939 αὑτοῦ,
1662 1875 1755 1928 καὶ
1780 1876 1838 1930 έν

304 1958 521 2027 ἐσχάτοις
560 1965 761 2030 καιροῖς
809 1963 1172 2034 οἰκονομικῶς
1230 1965 1514 2037 ἄνθρωπος
1565 1966 1634 2019 δι’
1691 1969 1837 2039 ἡμᾶς

311 2048 539 2116 γεγονὼς.
575 2052 775 2123 Ἐπειδὴ
790 2054 849 2108 δὲ
877 2053 1166 2126 ἀναιροῦσί
1186 2041 1332 2120 τινες
1364 2057 1461 2127 τὴν
1490 2056 1632 2111 κατὰ
1657 2059 1835 2130 σάρκα

322 2138 544 2209 γέννησιν
574 2142 735 2208 αὺτοῦ,
765 2144 861 2215 τὴν
903 2146 970 2199 ἐκ
1006 2147 1106 2217 τῆς
1148 2146 1309 2215 ἁγίας
1353 2146 1632 2219 Παρθένου
1677 2165 1837 2217 γεγε-

304 2228 542 2297 νημένην
570 2233 651 2285 ἐπὶ
676 2237 897 2307 σωτηρίᾳ
927 2236 1039 2290 τῶν
1083 2236 1241 2299 ὅλων,
1272 2237 1372 2290 οὐκ
1409 2239 1490 2302 είς
1535 2226 1707 2310 ἁρχὴν
1736 2239 1832 2295 τοῦ

320 2312 451 2369 εἶναι
482 2319 722 2375 καλοῦσαν
745 2325 912 2390 αὑτὸν,
942 2325 1061 2380 ἁλλ’
1089 2326 1176 2381 ἵνα
1220 2328 1368 2398 ἡμᾶς
1412 2327 1694 2400 ἀπαλλάξῃ
1740 2329 1834 2383 θα-

311 2405 479 2473 νάτου,
534 2410 626 2464 καὶ
679 2412 883 2485 φθορᾶς,
930 2416 1175 2487 γεγονὼς
1225 2416 1349 2472 καθ’
1406 2419 1552 2489 ἡμᾶς
1587 2460 1600 2474 .
1630 2419 1834 2490 ταύτης

301 2500 453 2554 ἕνεκα
485 2504 577 2575 τῆς
598 2507 767 2570 αἰτίας
792 2510 821 2561 6
849 2509 1057 2579 πρῶτος
1083 2510 1216 2581 ἡμῖν
1263 2509 1702 2581 ἁναθεματισμὺς
1729 2529 1833 2566 κα-

296 2592 580 2665 τακέκραγε
621 2598 716 2667 μὲν
742 2599 840 2670 τῆς
872 2601 1111 2677 ἐκείνων,
1133 2604 1517 2669 κακοπιστίας,
1552 2603 1612 2657 τὸ
1654 2604 1712 2658 δὲ
1740 2605 1833 2678 6p-

297 2683 392 2748 θῶς
418 2686 531 2756 ἔχον
561 2689 819 2759 ὁμολογεῖ,
850 2691 984 2745 Θεὸν
1012 2688 1152 2746 εἶναι
1185 2693 1359 2763 λέγων
1383 2694 1523 2748 κατὰ
1570 2695 1831 2766 ἀλήθειαν

292 2773 370 2825 τὸν
400 2776 754 2851 Ἐμμανουήλ·
788 2785 885 2836 καὶ
916 2782 1007 2836 διὰ
1037 2783 1196 2837 τοῦτο
1223 2784 1485 2840 Θεοτόκον
1517 2788 1617 2857 τὴν
1668 2786 1830 2856 ἁγίαν

295 2864 554 2935 Παρθένον.

679 3090 1273 3148 ΔΝΔΘΕΜΛΤΙΣΜΟΣ
1312 3095 1386 3149 B'.

346 3217 406 3273 Ei
418 3236 491 3285 τις
514 3220 608 3291 οὑχ
633 3223 897 3293 ὁμολογεῖ
921 3225 1086 3295 σαρκὶ
1114 3225 1238 3279 καθ’
1258 3225 1557 3280 ὑπόστασιν
1585 3227 1825 3298 ἡνῶσθαι

288 3310 362 3364 τὸν
396 3313 455 3366 ὲκ
495 3312 623 3367 Θεοῦ
676 3314 900 3385 Πατρδς
931 3315 1121 3385 Λόγον,
1154 3316 1253 3371 ἕνα
1296 3333 1359 3370 τε
1406 3314 1546 3372 εἶναι
1596 3319 1827 3390 Χριστὸν

292 3401 403 3471 μετὰ
441 3403 532 3474 τῆς
570 3405 711 3468 ιδίας
747 3404 971 3477 σαρκὸς,
1000 3406 1092 3461 τὸν
1133 3406 1296 3463 αὑτὸν
1333 3407 1576 3479 δηλονότι
1606 3410 1739 3481 Θεόν
1765 3426 1824 3463 τε

290 3494 414 3561 ὁμοῦ,
454 3496 542 3550 καὶ
573 3496 891 3569 ἄνθρωπον·
931 3498 1177 3570 ἀνάθεμα
1205 3498 1366 3556 ἔστω.

829 3610 1138 3678 Ἐπίλυσις
1181 3611 1265 3675 β’.

352 3721 399 3775 '0
444 3722 731 3788 θεσπέσιος
777 3723 980 3796 γράφει
1017 3721 1249 3787 Παῦλος,
1295 3723 1323 3776 6
1366 3722 1475 3776 τῶν
1523 3721 1683 3776 θείων
1722 3740 1825 3795 μυ-

287 3814 481 3886 στηρίων
530 3818 679 3888 ἱερου
691 3816 821 3887 ργός
841 3831 855 3844 ·
910 3833 928 3865 ‹
991 3813 1467 3887 Ὀμολογουμένως
1514 3814 1657 3885 μέγα
1706 3813 1822 3867 ἐστὶ

284 3908 435 3979 τὸτῆς
473 3910 763 3973 εὐσεϐείας
804 3909 1120 3980 μυστήριονο
1152 3906 1285 3970 Θεὸς
1324 3908 1381 3960 έν
1429 3905 1594 3977 σαρκὶ
1627 3907 1822 3974 ἐφανε-

286 3996 431 4070 ρώθηο
481 4000 779 4072 ὲδικαιώθη
842 4002 899 4053 ἐν
956 3999 1224 4071 πνεύματι
1257 4014 1272 4029 ο
1324 3997 1479 4070 ὤφθη
1529 3996 1817 4065 ἀγγέλοις·

284 4088 518 4163 ἐκηρύχθη
541 4092 761 4146 ἔθνεσιν
786 4108 799 4123 ·
829 4090 1124 4161 ἐπιστεύθη
1171 4091 1229 4143 έν
1261 4089 1452 4159 κόσμῳ
1476 4105 1490 4120 ⁸
1543 4086 1817 4158 ἀνελήφθη

283 4180 329 4233 ὲν
507 4203 524 4236 ι
561 4184 627 4237 Τί
652 4177 753 4237 οὖν
785 4184 900 4235 ἐστι
923 4182 1002 4247 τὸ,
1040 4200 1059 4232 r
1105 4178 1456 4251 Ἐφανερώθη
1478 4179 1534 4231 ὲν
1562 4178 1759 4250 σαρκί;
1794 4196 1811 4231 ι

282 4272 502 4337 tmen,
533 4275 738 4344 Γέγονε
770 4273 961 4345 σὰρξὸ
998 4276 1062 4328 ὲκ
1099 4274 1233 4327 Θεοῦ
1277 4274 1490 4343 Πατρὸς
1530 4272 1720 4343 Λόγος,
1756 4273 1815 4327 οὑ

282 4362 392 4415 κατὰ
415 4365 766 4435 μετάστασιν,
802 4366 836 4437 ἢ
866 4366 1092 4438 τροπὴν,
1135 4369 1236 4437 τῆς
1263 4365 1456 4419 ἑαυτοῦ
1497 4364 1712 4434 φύσεως
1737 4364 1818 4430 είς

1936 1877 2096 1918 omne
2125 1862 2379 1918 saeculum
2410 1871 2465 1918 et
2499 1871 2733 1932 tempus,
2771 1872 3040 1933 quatenus
3062 1865 3294 1921 Verbum
3314 1866 3509 1922 intelli-

1936 1956 2100 2027 gitur,
2137 1965 2191 2010 et
2212 1954 2382 2024 ﬁgura
2407 1954 2735 2010 substantiae
2772 1956 2888 2025 ejus
2917 1956 2985 2023 ",
3013 1965 3066 2010 et
3101 1957 3152 2011 in
3193 1956 3510 2013 novissimis

1936 2044 2269 2115 temporibus
2292 2045 2685 2113 dispensatoria
2716 2047 2927 2102 ratione
2954 2047 3124 2103 nostri
3147 2062 3310 2104 causa
3343 2050 3509 2107 homo

1934 2134 2130 2192 factus.
2161 2137 2295 2202 Quia
2329 2150 2458 2191 vero
2484 2136 2726 2192 nonnulli
2771 2139 3110 2195 nativitatem
3138 2140 3282 2197 illius
3306 2157 3506 2199 secun-

1932 2226 2058 2281 dum
2093 2239 2315 2280 carnem
2368 2237 2591 2295 propter
2615 2228 2855 2282 omnium
2889 2230 3142 2297 salutem,
3193 2244 3298 2302 qua
3328 2233 3508 2290 editus

1933 2326 2016 2371 est
2036 2332 2102 2372 ex
2132 2326 2318 2372 sancta
2349 2317 2592 2389 Virgine,
2624 2318 2931 2375 inticiantur
2954 2321 3107 2392 (quae
3133 2323 3386 2378 nativitas
3403 2323 3509 2379 hoc

1934 2407 2006 2462 illi
2040 2422 2144 2462 non
2174 2410 2421 2474 contulit,
2453 2419 2513 2464 ut
2548 2417 2659 2464 tum
2692 2410 2926 2480 primum
2959 2425 3079 2467 esse
3107 2412 3388 2482 inciperet,
3409 2413 3507 2470 sed

1932 2509 1991 2553 ut
2021 2498 2176 2555 nobis
2238 2500 2437 2556 similis
2501 2501 2676 2557 factus
2729 2519 2758 2555 a
2811 2511 2985 2558 morte
3045 2513 3099 2557 et
3154 2505 3507 2575 corruptione

1934 2605 2032 2646 nos
2074 2590 2398 2663 liberaret):
2428 2592 2590 2665 148
2620 2603 2903 2664 propterea
2949 2595 3156 2665 primus
3200 2596 3288 2651 hic
3321 2605 3507 2653 noster

1931 2682 2415 2738 anathematismus
2469 2684 2522 2739 in
2568 2692 2892 2754 perversam
2920 2686 3134 2742 illorum
3165 2685 3325 2743 iidem
3353 2690 3506 2744 inre-

1930 2772 2076 2828 hitur
2103 2792 2118 2828 :
2150 2773 2261 2829 tum
2296 2791 2445 2841 vero,
2471 2779 2614 2847 quod
2656 2790 2817 2834 rectae
2853 2780 2973 2835 fidei
3027 2790 3133 2847 est,
3193 2781 3504 2849 conﬁtetur,

1931 2861 2339 2919 Emmanuelem
2401 2866 2697 2921 secundum
2740 2868 3021 2923 veritatem
3052 2869 3222 2924 Deum
3269 2884 3393 2928 esse
3422 2871 3505 2926 di-

1929 2967 2057 3008 cens
2110 2961 2275 3024 atque
2315 2955 2436 3010 ideo
2467 2965 2713 3011 sanctam
2742 2956 3021 3029 Virginem
3054 2959 3379 3031 Deiparatn”

2348 3087 2990 3147 ANATHEMATISMUS
3019 3088 3084 3147 ΙΙ.

1999 3223 2057 3280 Si
2094 3224 2217 3294 quis
2243 3239 2347 3280 non
2373 3224 2685 3292 conﬁtetur,
2734 3223 2826 3280 Dei
2861 3223 3039 3283 Patris
3072 3225 3311 3283 Verbum
3347 3230 3499 3287 carm

1927 3317 2222 3372 secundum
2279 3316 2611 3388 hypostasim
2661 3316 2894 3384 unitum,
2929 3333 3205 3391 unumque
3245 3335 3350 3375 una
3372 3336 3497 3377 cum

1926 3422 2024 3462 sua
2073 3422 2236 3463 carne
2262 3423 2387 3464 esse
2414 3408 2714 3473 Christum,
2748 3409 3001 3466 eumdem
3047 3411 3303 3468 nimirum
3330 3411 3500 3468 Deum

1926 3497 2087 3554 simul
2109 3504 2166 3555 et
2195 3499 2495 3564 hominem,
2529 3500 2816 3555 anathema
2845 3501 2936 3555 sit.

2410 3612 2732 3684 Ezplanatio
2761 3613 3012 3668 secunda.

1996 3725 2221 3808 Divinus
2256 3726 2476 3795 Paulus,
2523 3743 2679 3784 sacer
2720 3728 2809 3783 ille
2842 3729 3147 3784 divinorum
3206 3730 3501 3801 mysteriu-
3564 3782 3571 3785 _

1924 3831 2042 3872 rum
2078 3816 2371 3886 interpres,
2428 3816 2505 3871 ita
2555 3818 2792 3873 scribit:
2837 3837 2857 3871 ι
2920 3819 3203 3875 Manifeste
3245 3834 3493 3891 magnum

1922 3918 2004 3967 est
2054 3910 2271 3979 pietatis
2325 3910 2943 3968 sacratnentuszeus
2994 3911 3374 3968 manifestatus
3413 3921 3498 3967 est

1922 3999 1976 4055 in
2009 4012 2199 4062 carne,
2218 3998 2552 4068 justilicatus
2586 4010 2670 4054 est
2695 4001 2745 4054 in
2787 4001 3004 4070 spiritu,
3054 4003 3307 4071 apparuit
3328 4017 3495 4072 aage—

1921 4089 2009 4154 lis,
2042 4089 2367 4159 praedicatus
2383 4098 2467 4144 est
2490 4091 2762 4161 gentibus,
2800 4092 3040 4147 creditus
3079 4101 3163 4147 est
3185 4092 3238 4146 in
3271 4094 3493 4158 mundo,

1920 4191 2233 4254 assumptus
2278 4191 2365 4237 est
2417 4182 2471 4236 in
2509 4182 2680 4254 gloria
2705 4182 2768 4236 ¹³.
2809 4200 2828 4234 ι
2865 4181 3004 4249 Quid
3037 4183 3199 4254 igitur
3227 4192 3312 4238 est
3351 4184 3494 4259 quod

1921 4276 2075 4341 dicit,
2111 4294 2130 4328 ι
2162 4275 2541 4330 Manifestatus
2570 4285 2653 4330 est
2698 4275 2751 4330 in
2795 4277 3012 4331 carne?
3053 4296 3071 4328 ι
3109 4276 3212 4331 hoc
3240 4285 3350 4344 est,
3398 4277 3492 4332 Dei

1918 4366 2096 4422 Patris
2118 4365 2354 4422 Verbum
2385 4382 2515 4422 caro
2559 4366 2756 4422 factum
2801 4375 2923 4421 est:
2964 4382 3083 4436 non_
3108 4368 3253 4439 quod
3298 4383 3495 4424 sccun-

283 4450 432 4523 σάρκα
456 4456 997 4527 μεταπεποιημένης,
1041 4456 1116 4520 ὡς
1156 4455 1255 4527 ἤδη
1297 4454 1649 4526 προείπομεν,
1683 4455 1817 4509 ἰδίαν

1930 4458 2045 4512 rium
2070 4458 2342 4529 propriam
2373 4465 2621 4513 naturam
2645 4472 2988 4525 conversum,
3022 4470 3113 4514 aut
3165 4469 3493 4515 transmuta-

279 4543 325 4597 δέ
367 4548 547 4617 μᾶλλον
602 4548 977 4619 ποιησάμενος
1022 4548 1202 4620 σάρκα
1247 4546 1346 4617 τὴν
1396 4548 1461 4600 ἐκ
1510 4548 1610 4617 τῆς
1659 4546 1819 4616 ἁγίας

283 4636 542 4709 Παρθένου,
582 4637 671 4704 εἷς
715 4642 810 4695 καὶ
850 4641 879 4693 6
908 4638 1070 4704 αὐτὸς
1120 4637 1476 4710 χρηματίζων
1523 4637 1679 4702 Υίός·
1714 4637 1821 4710 πρὸ

285 4725 361 4794 μὲν
380 4731 466 4801 τῆς
488 4732 645 4786 ὲνανθ
656 4732 958 4803 ρωπήσεως
981 4730 1055 4795 ὡς
1083 4730 1324 4801 ἄσαρκος
1352 4729 1431 4784 ἔτι
1461 4730 1651 4798 Λόγος,
1681 4728 1818 4800 μετὰ

280 4815 324 4870 δί
345 4820 427 4891 τὴν
451 4821 865 4895 ένανθρώπησιν
886 4820 966 4875 έτι
991 4822 1020 4874 6
1047 4820 1208 4884 αὐτὸς
1230 4821 1286 4875 ὲν
1314 4818 1525 4891 σώματι
1546 4819 1588 4874 ι.
1608 4818 1819 4891 Ταύτῃ-

280 4907 345 4960 τοί
369 4928 533 4983 φαμεν
556 4914 653 4968 τὸν
681 4912 847 4967 αὑτὸν
875 4912 1141 4985 ὑπάρχειν
1170 4900 1302 4966 Θεόν
1329 4929 1387 4965 τε
1418 4910 1554 4983 ὁμοῦ
1598 4911 1693 4964 καὶ
1718 4910 1814 4964 ἄν·

282 4996 477 5070 θρωπον,
503 5007 561 5059 οὐ
600 5006 905 5071 διιστάντες
948 5006 1028 5069 εἰς
1068 5001 1355 5074 ἄνθρωπον
1398 5002 1579 5067 ίδικῶς
1617 5019 1678 5056 τε
1718 5002 1813 5057 καὶ

282 5087 507 5166 ἀναμέρος
537 5097 797 5169 κείμενον
844 5095 945 5171 την
986 5095 1076 5148 έπ’
1104 5093 1252 5165 αὐτῷ
1294 5093 1548 5163 θεωρίαν,
1609 5092 1703 5145 καὶ
1732 5093 1812 5156 εἰς

204 5232 211 5241 .
283 5176 384 5259 θεὴν
419 5186 580 5256 Λόγον
604 5188 830 5252 -ίδικῶς·
860 5187 947 5241 ἶνα
991 5185 1067 5257 μὴ
1106 5184 1200 5240 δύο
1235 5185 1445 5256 νοῶμεν
1488 5183 1657 5249 υἱοὺς,
1695 5183 1809 5236 ἀλλ’

339 5321 496 5420 "iac.
520 5381 562 5432 ι,
594 5367 681 5421 ιτ.
758 5367 802 5398 ιι
826 5365 991 5421 liebr.
1025 5364 1143 5430 1,5.
1224 5362 1307 5415 ιιι
1340 5360 1485 5415 Tim.
1514 5358 1711 5427 nats.

1920 4560 2030 4605 tum
2082 4551 2153 4607 sit
2206 4551 2259 4605 in
2282 4565 2526 4616 carnem,
2561 4559 2622 4605 ut
2653 4551 2810 4605 modo
2857 4550 3172 4606 dicebamus
3207 4567 3223 4616 ;
3272 4551 3368 4607 sed
3396 4564 3494 4621 po-

1919 4639 2025 4695 tius
2091 4640 2232 4707 quod
2296 4654 2518 4695 carnem
2586 4655 2653 4694 ex
2708 4648 2895 4695 sancta
2943 4637 3168 4710 Virgine
3219 4648 3490 4709 sumptam

1918 4730 2190 4800 propriam
2212 4730 2311 4785 sibi
2338 4729 2546 4796 fecerit,
2566 4745 2706 4786 unus
2723 4730 2973 4801 idemque
2994 4729 3162 4786 Filius
3189 4730 3487 4787 exsistens:

1918 4832 2044 4877 ante
2087 4822 2513 4877 incarnationem
2565 4822 2783 4892 quidem
2817 4832 3069 4892 tanquam
3101 4821 3337 4877 Verbum
3366 4828 3488 4874 tan-

1917 4922 2033 4968 tum
2062 4912 2242 4967 carnis
2278 4927 2516 4983 expers;
2550 4921 2672 4983 post
2717 4913 3146 4968 incarnationem
3179 4926 3308 4967 veru
3348 4910 3490 4970 idem

1918 5005 2079 5060 etiam
2113 5005 2434 5075 incorpore.
2460 5005 2531 5060 At
2572 5007 2700 5062 hinc
2757 5015 2844 5062 est
2906 5013 2966 5061 ut
3020 5003 3269 5059 eumdem
3317 5000 3488 5057 Deum

1917 5095 2080 5151 simul
2115 5106 2170 5151 et
2216 5096 2486 5151 hominem
2544 5111 2666 5152 esse
2703 5097 2967 5160 dicamus,
3009 5108 3117 5149 non
3171 5092 3491 5149 divelientes

1917 5202 2039 5240 eum
2098 5187 2150 5241 in
2191 5186 2462 5242 hominem
2504 5202 2746 5242 seorsum
2777 5201 2873 5256 per
2914 5199 2973 5241 se
3013 5184 3270 5257 positum,
3320 5193 3377 5238 et
3432 5183 3486 5238 in

1286 5515 1462 5572 Varia:
1493 5515 1755 5571 lectiones
1778 5530 1841 5573 ex
1875 5513 2060 5569 codice
2086 5510 2464 5583 Seguieriano.

342 5658 359 5724 ί
389 5673 603 5744 πέφηνε.
674 5677 701 5717 ι
726 5676 857 5748 γάρ.
934 5674 954 5715 ι
988 5677 1017 5729 6
1048 5663 1208 5739 αὐτὸς
1241 5671 1573 5743 ένσώματος.

456 5770 716 5841 Ωιι-ιρι..
756 5773 869 5834 Gn.
923 5771 1193 5835 LXXVI.

3094 5762 3164 5825 10
