3966 6194
427 340 530 397 109

1464 334 1519 389 S.
1564 333 1841 388 CYRILLI
1881 333 2352 389 ALEXANDRINI
2390 335 2714 392 ARCIHEP.

3591 343 3696 402 500

429 454 597 511 Deum
631 455 862 510 Verbum
904 452 1194 521 sejunctim
1235 466 1330 520 per
1384 466 1442 507 se
1478 452 1906 516 consideratam,
1952 468 2011 509 ne

2123 452 2218 506 ἕνα
2254 454 2346 506 καὶ
2372 454 2462 507 τὸν
2506 452 2669 508 αὐτὸν
2696 452 3082 524 ὁμολογοῦντες
3106 454 3196 508 τὸν
3240 454 3403 510 αὑτὸν
3440 457 3695 528 Χριστὸν,

425 549 562 602 duos
615 549 715 601 hac
776 546 987 600 ratione
1061 543 1202 599 ﬁlios
1254 542 1782 613 intelligamus;sed
1848 559 2012 597 unum

423 636 779 704 eamdemque
809 634 1088 691 Christum
1145 643 1199 690 et
1246 632 1285 687 F
1293 633 1443 687 ilium
1490 642 1543 687 et
1586 632 1869 687 Dominum
1894 648 2015 689 esse

424 728 764 782 conﬁtentes.
784 726 885 793 Qui
918 736 1101 780 autem
1136 726 1238 780 hoc
1260 740 1422 780 secus
1449 724 1652 779 habere
1672 724 2011 789 existimant,

424 828 518 873 aus
565 832 672 873 non
709 818 785 873 ita
829 818 1018 873 volunt
1062 820 1312 882 credere,
1371 817 1468 871 sed
1513 814 1901 869 uuum~Filium
1959 816 2012 869 in

425 913 561 966 duos
584 910 1004 979 diSpertiuntur,
1025 921 1081 966 et
1118 926 1237 980 qua:
1285 923 1343 963 re
1372 908 1486 978 ipsa
1531 908 1816 977 conjuncta
1865 918 2012 973 sunt,

425 1019 454 1057 a
499 1018 561 1058 se
618 1002 972 1073 disiungunt,
1040 1004 1300 1071 aiuntque
1368 999 1641 1056 hominem
1716 999 2014 1055 secundum

426 1095 706 1162 dignitatis
759 1095 839 1149 vel
900 1094 1240 1149 auctoritatis
1285 1091 1622 1146 consortium
1682 1091 1791 1145 Deo
1884 1104 2016 1144 con-

421 1189 666 1256 junctum
697 1200 817 1241 esse
849 1203 864 1250 ;
898 1200 993 1240 eos
1019 1200 1050 1238 a
1080 1194 1225 1239 recta
1256 1182 1640 1255 iuculpataque
1673 1184 1776 1237 ﬁde
1810 1182 2014 1239 alienos

427 1278 676 1333 dicimus.
733 1276 991 1341 Quamvis
1038 1290 1167 1344 ergo
1230 1276 1508 1343 apostolus
1569 1273 1878 1327 nominetur
1911 1274 2008 1338 ”‘,

430 1380 734 1438 unctusque
765 1377 819 1423 et
846 1366 940 1422 Dei
978 1365 1149 1421 Filius
1190 1367 1504 1437 designatus
1544 1366 1761 1420 dicatur
1794 1364 1859 1428 “,
1906 1381 2013 1420 non

429 1460 804 1515 erubescimus
870 1457 1349 1527 dispensationem.
1420 1454 1768 1510 Aﬂirmamus
1831 1466 2012 1509 autem

431 1552 524 1605 Dei
549 1549 729 1605 Patris
768 1548 999 1603 Verbum
1037 1559 1166 1602 tunc
1215 1547 1432 1601 demum
1478 1547 1780 1615 apostolum
1834 1547 2012 1601 uomi-

430 1653 639 1709 natum,
686 1642 1041 1698 etnobiscum
1092 1639 1391 1695 secundum
1419 1639 1809 1693 humanitatem
1856 1640 2016 1693 inun-

429 1746 574 1789 ctum
605 1749 748 1797 esse,
778 1735 996 1802 quando
1019 1732 1214 1786 similis
1248 1730 1409 1801 149
1437 1730 1593 1785 nobis
1619 1730 1780 1786 homo
1811 1730 2011 1785 factum

2117 538 2215 596 καὶ.
2244 544 2391 608 Υίὸν,
2426 545 2521 599 καὶ
2551 546 2778 616 Κύριον.
2809 545 2947 609 Τοὺς
2971 545 3028 598 δὲ
3056 546 3130 617 μὴ
3159 546 3330 610 οὕτως
3362 547 3507 618 ἔχειν
3543 551 3697 605 ὑπει-

2116 633 2380 705 ληφότας,
2415 635 2581 705 ἡγουν
2614 637 2891 689 πιστεύειν
2940 635 3239 701 ἐθέλοντας,
3273 638 3604 713 διορίζοντας
3639 643 3697 695 δὲ
3719 679 3739 709 ρ

2115 727 2195 789 εἰς
2217 726 2363 788 υἱοὺς
2389 725 2481 779 δύο
2506 728 2596 778 τὸν
2622 726 2740 792 ἕνα,
2775 727 2869 779 καὶ
2899 726 3206 790 διιστάντας
3236 728 3331 782 ἀπ’
3361 728 3605 799 ἀλλήλων
3630 720 3724 786 τά’

2116 816 2368 888 ἡνωμένα
2414 817 2556 871 κατὰ
2585 818 2864 887 ἀλήθειαν,
2897 818 3204 888 φάσκοντας
3243 819 3300 871 δὲ
3340 820 3481 872 κατά
3530 820 3700 891 μόνην

2116 908 2216 979 τὴν
2245 908 2421 974 ἀξίαν,
2450 910 2570 980 ἤτοι
2612 909 2918 975 αύθεντίαν,
2954 910 3245 981 ἀνθρώπου
3279 909 3537 979 γενέσθαι
3573 928 3700 965 συν-

2117 999 2314 1069 άφειαν
2335 1001 2472 1071 πρὸς
2497 1000 2648 1065 Θεὸν,
2675 1001 2771 1070 τῆς
2800 1001 2985 1072 ὀρθῆς,
3009 1002 3101 1054 καὶ
3123 1002 3430 1072 ἀμωμήτου
3462 1002 3701 1067 πίστεως

2116 1090 2431 1161 ἀλλοτρίους
2462 1086 2605 1144 εἷναί
2641 1108 2844 1161 φαμεν.
2881 1091 3043 1143 Ὥστε
3099 1090 3204 1143 κᾶν
3238 1089 3534 1153 ἀπόστολος
3581 1091 3699 1143 ὀνο-

2119 1180 2378 1252 μάζηται,
2415 1182 2516 1236 κᾶν
2546 1182 2829 1253 κεχρῖσθαι
2874 1181 3123 1252 λέγηται’,
3155 1182 3250 1234 καὶ
3283 1182 3362 1244 είς
3406 1180 3536 1233 Υίὸν
3562 1178 3693 1251 ὡρί·
3719 1162 3744 1221 ξ’

2118 1273 2242 1326 σθαι
2283 1272 2439 1336 Θεοῦ,
2466 1274 2566 1326 οὐκ
2610 1272 2979 1343 αἰσχυνόμεθα
3017 1272 3115 1343 τὴν
3139 1270 3471 1342 οἰκονομίαν.
3525 1271 3697 1325 Αὑτὸν
3764 1330 3772 1336 ,

2114 1363 2172 1416 δέ
2206 1382 2385 1435 φαμεν
2416 1364 2507 1418 τὸν
2537 1367 2601 1418 ὲκ
2638 1364 2772 1418 Θεοῦ
2799 1364 3013 1434 Πατρὸς
3042 1363 3234 1433 Λόγον,
3275 1363 3364 1415 ὅτε
3400 1362 3520 1415 καθ’
3550 1364 3699 1434 ἡμᾶς

2115 1456 2337 1526 γέγονεν
2366 1458 2679 1528 ἄνθρωπος,
2700 1455 3015 1528 ὠνομάσθαι
3051 1455 3283 1527 δὴ,τότε
3323 1454 3417 1508 καὶ
3466 1456 3700 1509 ἀπόστο-

2116 1548 2224 1613 λον,
2256 1549 2351 1602 καὶ
2385 1548 2671 1620 κεχρῖσθαι
2710 1549 2766 1601 δὲ
2809 1548 2931 1619 μεθ’
2970 1547 3127 1618 ἡμῶν
3155 1549 3297 1600 κατά
3323 1547 3384 1599 τὸ
3423 1545 3704 1613 ἀνθρώπι-

2117 1659 2225 1696 νον.
2271 1642 2331 1696 '0
2375 1643 2484 1713 γὰρ
2514 1641 2751 1712 γεγονὼς
2800 1640 2921 1695 καθ’
2962 1642 3133 1712 ἡμᾶς,
3178 1641 3227 1693 εί
3257 1639 3348 1693 καὶ
3395 1639 3703 1710 μεμένηκεν

2115 1734 2253 1805 ὅπερ
2299 1730 2388 1805 ἦν,
2451 1735 2513 1788 οὐ
2560 1736 2908 1805 παραιτεῖται
2957 1732 3026 1786 τὰ
3076 1732 3253 1803 ήμῶν.
3316 1731 3602 1803 Προσίεται
3647 1729 3704 1784 at

427 1836 530 1879 est.
563 1823 665 1890 Qui
702 1793 847 1878 enim
902 1822 1057 1877 nobis
1089 1821 1435 1876 assimilatas
1466 1828 1573 1885 est,
1608 1820 1736 1876 licet
1777 1821 1829 1876 id
1864 1822 2008 1890 quod

2119 1793 2334 1896 μᾶλλον.
2348 1793 2484 1895 ὁμοῦ
2514 1793 2765 1895 τοῖίτῆς.
2793 1793 3209 1894 ἀνθρωπότητος
3256 1793 3476 1891 μέτροις
3507 1819 3576 1874 τὰ
3609 1820 3704 1872 ἀν-

428 1924 546 1973 erat
595 1916 877 1980 tuanserit,
929 1929 1049 1983 quae
1092 1920 1278 1967 nostra
1323 1920 1449 1967 sunt
1514 1928 1619 1967 non
1675 1922 2005 1968 aversatur:

431 2008 538 2061 imo
564 2021 690 2061 vero
733 2015 959 2076 prepter
1015 2005 1475 2074 dispensationem
1529 2019 1593 2059 ea
1643 2004 1846 2071 omnia,
1890 2020 2009 2074 qua:

431 2099 497 2152 ad
521 2099 814 2151 humanam
859 2105 1109 2150 naturam
1147 2098 1449 2165 pertinent,
1482 2111 1603 2148 cum
1648 2095 2007 2151 humanitatis

2116 1915 2362 1988 θρὼπινα
2386 1916 2473 1970 διὰ
2501 1917 2601 1987 τὴν
2637 1914 2969 1986 οἰκονομίαν,
3016 1913 3170 1967 οὐδὲν
3220 1912 3469 1967 ἐντεῦθεν
3495 1913 3576 1976 είς
3622 1914 3703 1965 oi-

2114 2009 2268 2063 κείαν
2298 2008 2655 2078 ἀδικούμενος
2678 2007 2855 2072 δόξαν,
2872 1998 2922 2078 ’ἦ
2956 2004 3116 2075 φύσιν
3147 2021 3161 2034 ·
3197 2004 3313 2057 ἐστι
3356 2005 3465 2075 γὰρ
3501 2002 3583 2057 ἔτι
3606 2003 3703 2058 καὶ

2113 2098 2257 2154 οὕτω
2288 2100 2442 2165 Θεὸς,
2474 2101 2569 2154 καὶ
2596 2099 2707 2153 τῶν
2730 2100 2867 2153 ὅλων
2911 2096 3137 2167 Κύριος.

430 2186 699 2242 mensuris
728 2185 890 2240 simul
952 2186 1244 2240 admittit:
1297 2198 1473 2253 neque
1499 2183 1667 2237 ullum
1736 2184 1861 2239 hinc
1898 2194 2078 2243 tamen
2114 2192 2410 2245 secundum
2462 2191 2736 2261 propriam
2793 2198 3068 2253 naturam,
3121 2185 3204 2242 vel
3254 2186 3501 2260 gloriam,
3526 2187 3696 2244 detrio'

430 2293 671 2339 mentum
722 2280 917 2351 capit:
956 2295 1038 2335 εει
1078 2281 1227 2336 enim
1280 2280 1461 2334 adhuc
1497 2280 1663 2335 etiam
1708 2280 1812 2337 hoc
1846 2283 2008 2339 modo
2047 2286 2187 2341 Deus
2211 2302 2275 2342 ac
2314 2287 2575 2342 Dominus
2615 2286 2882 2341 omnium.

839 2396 1484 2455 ANATIIEMATISMUS
1519 2398 1607 2454 Ill.

504 2513 560 2568 Si
590 2513 711 2583 quis
748 2513 798 2566 in
835 2528 946 2567 uno
978 2512 1192 2568 Christo
1225 2521 1346 2581 post
1385 2513 1640 2568 unionem
1680 2512 1875 2567 dividit
1908 2514 2009 2585 hy-

431 2616 699 2676 postases,
740 2604 997 2674 ipsasque
1045 2620 1107 2657 ea
1166 2612 1372 2657 tantum
1424 2606 1813 2675 conjunctione
1873 2606 2015 2661 inter

430 2714 491 2751 se
517 2695 813 2758 connectit,
836 2710 954 2763 qua:
976 2703 1059 2747 est
1089 2696 1387 2749 secundum
1421 2696 1757 2764 dignitatem,
1810 2698 1913 2752 hoc
1932 2709 2015 2753 est

431 2787 834 2849 auctoritatem,
891 2784 974 2838 vel
1012 2795 1378 2855 ,potcstatem,
1430 2796 1487 2840 et
1547 2804 1651 2842 non
1704 2801 1771 2842 eo
1831 2790 2012 2855 potius

431 2893 718 2942 concursu,
746 2877 836 2947 qui
886 2885 970 2932 est
1008 2878 1305 2931 secundum
1365 2878 1672 2933 naturalem
1705 2878 1957 2935 unionem
1994 2898 2008 2932 :

433 2968 720 3023 anathema
752 2967 839 3022 sit.

984 3080 1281 3136 Drclurah’o
1317 3085 1494 3137 tertia.

504 3195 774 3250 lncaruati
835 3194 1107 3265 Uuigeniti
1173 3196 1629 3262 dispensatorium
1698 3200 2011 3268 mysteriqu

432 3295 683 3339 accurate
707 3284 1066 3351 inquirentes,
1096 3282 1190 3337 Dei
1229 3280 1409 3336 Patris
1439 3281 1675 3337 Verbum
1701 3284 2013 3338 admirabili

435 3375 909 3445 irrupticabilique
970 3375 1151 3438 modo,
1212 3383 1406 3429 sancto
1476 3374 1691 3445 corpori
1773 3376 2012 3430 animam

435 3468 664 3522 rationis
697 3476 1002 3533 compotem
1042 3465 1261 3519 habenti
1309 3466 1517 3520 unitum
1545 3467 1775 3521 dicimus
1803 3484 1819 3533 ;
1852 3478 2015 3544 atque

432 3562 507 3615 ita
529 3574 741 3629 quoque
774 3574 938 3613 unum
978 3572 1099 3612 esse
1132 3557 1330 3611 Filium
1359 3559 1733 3629 intelligimus;
1754 3562 2016 3629 quemad-

436 3652 653 3707 modum
685 3651 941 3706 nimirum
988 3657 1042 3705 et
1083 3650 1136 3702 in
1182 3649 1339 3704 nobis
1385 3650 1516 3720 ipsis
1572 3667 1797 3707 cernere
1854 3650 2008 3707 licet:

436 3753 567 3799 sunt
595 3756 726 3798 sane
758 3742 939 3796 anima
992 3749 1047 3795 et
1092 3755 1288 3810 corpus
1317 3751 1522 3795 natura:
1553 3742 1799 3810 diversae,
1824 3751 1880 3797 at
1910 3744 2015 3797 duo

435 3837 552 3891 haec
586 3838 729 3889 inter
777 3848 835 3889 se
870 3832 1157 3902 conjuncta
1210 3848 1373 3886 unum
1426 3833 1627 3887 animal
1657 3837 2012 3891 constituunt.

434 3927 632 3982 Verum
673 3934 796 3982 sunt
841 3926 930 3994 qui
960 3925 1118 3977 aliter
1152 3924 1268 3978 hzec
1302 3922 1503 3977 habere
1540 3924 1851 3992 opinantur.
1886 3925 2011 3980 Sta-

437 4029 593 4074 tuunt
642 4019 694 4072 bi
748 4019 902 4073 nobis
938 4019 1217 4073 hoiuinem
1271 4030 1517 4069 seorsum
1553 4031 1647 4085 per
1675 4032 1757 4082 se,
1781 4031 2015 4088 eumque

435 4107 727 4164 DeiPatris
768 4109 943 4164 Verbo
983 4108 1278 4163 secundum
1314 4107 1485 4161 solam
1526 4108 1843 4178 dignitatem
1900 4108 2017 4164 sive

434 4202 819 4256 auctoritatem
872 4199 1221 4270 c0njunctum
1255 4201 1444 4255 dicunt
1478 4216 1494 4265 ;
1536 4201 1830 4255 secundum
1859 4208 2017 4252 uatu-

433 4293 602 4347 ralcm
654 4302 858 4356 autem,
917 4291 1019 4345 hoc
1062 4301 1167 4358 est,
1226 4306 1407 4346 veram
1436 4292 1714 4354 unionem,
1740 4301 1794 4345 et
1820 4300 1880 4344 ut
1918 4305 2016 4344 nos

436 4384 725 4449 credimus,
758 4396 1122 4452 nequaquam.
1167 4380 1304 4436 Nam
1347 4382 1421 4437 ita
1452 4383 1616 4438 etiam
1656 4382 1835 4436 divina
1866 4380 2017 4436 Scri-

435 4485 591 4546 ptura
618 4474 785 4530 dicit:
825 4493 843 4526 ι
876 4474 942 4528 Ει
971 4486 1194 4531 eramus
1233 4486 1424 4529 natura
1474 4468 1567 4528 ﬁlii
1605 4476 1723 4551 irae,
1769 4473 1915 4528 sicut
1959 4482 2015 4528 et

436 4569 622 4645 czeteri
651 4568 694 4599 ”
728 4584 743 4634 ;
778 4586 797 4621 ι
834 4567 985 4635 illud,
1018 4578 1232 4635 natura,
1281 4581 1506 4623 sumens
1546 4580 1663 4636 pro,
1722 4579 1868 4621 vere.
1908 4565 2009 4633 Qui

436 4663 618 4730 itaque
685 4660 1066 4716 subsistentias
1135 4669 1257 4731 post
1321 4658 1573 4714 unionem
1632 4656 1900 4722 dividunt,
1958 4664 2013 4711 et

353 4804 360 4810 .
434 4751 695 4821 singulas,
741 4752 842 4807 hoc
892 4761 997 4818 est,
1055 4752 1222 4807 Deum
1268 4760 1322 4807 et
1374 4750 1671 4813 hominem,
1717 4749 2009 4819 separatim

432 4856 661 4917 ponunt,
690 4844 963 4914 talemque
992 4844 1205 4899 illarum
1243 4843 1488 4914 copulam
1522 4841 1860 4911 contingunt,
1890 4857 2009 4912 qua:

433 4937 733 4994 secundum
806 4937 975 4993 solam
1030 4936 1347 5006 dignitatem
1394 4931 1679 5004 contingit,
1735 4934 1810 4988 illi
1878 4935 2012 4989 duos

433 5014 658 5085 omnino
728 5029 868 5085 lilios
937 5010 1330 5091 constituunt;
1391 5041 1512 5081 cum
1584 5036 1760 5081 tamen
1825 5026 2009 5081 divina

392 5088 400 5196 ξ
436 5120 717 5191 Scriptura
741 5136 907 5175 unum
944 5120 1141 5177 Filium
1180 5129 1234 5172 et
1272 5119 1560 5173 Dominum
1597 5133 1717 5174 esse
1755 5116 2005 5173 alIirmet.

393 5200 614 5276 iQuare
657 5220 779 5279 post
824 5223 1084 5264 arcanam
1144 5207 1289 5261 illaut
1343 5207 1615 5279 copulam,
1672 5208 1789 5264 sive
1836 5207 2004 5261 Deum

394 5296 400 5388 ξ
434 5302 683 5359 nomines
717 5301 1148 5365 Emmanuelem,
1200 5301 1543 5355 incarnatum
1585 5310 1640 5355 et
1684 5300 2007 5355 inhumana-

508 5460 575 5492 ³³⁸
597 5458 760 5514 Hebr.
789 5474 871 5523 ιιι,
900 5458 950 5511 1.
1031 5460 1074 5490 ⁸⁵
1102 5458 1243 5515 Psal.
1281 5477 1426 5528 xuv,
1456 5460 1518 5527 8;
1550 5460 1711 5516 llcbr.
1745 5476 1785 5526 ι,
1816 5460 1868 5515 9.

2550 2401 3143 2455 ΑΝΑΘΕΜΑΤΙΣΜΟΣ
3192 2400 3232 2452 Γ
3233 2406 3268 2455 '.

2187 2515 2253 2567 Et
2274 2531 2356 2577 τις
2380 2515 2471 2567 ἐπὶ
2492 2513 2586 2567 τοῦ
2614 2514 2732 2578 ἐνὸς
2762 2513 2999 2584 Χριστοῦ
3024 2513 3224 2584 διαιρεί¹
3240 2512 3339 2576 τὰς
3370 2512 3703 2578 ὑποστάσεις

2119 2606 2257 2678 μετὰ
2275 2608 2374 2676 τὴν
2403 2607 2617 2671 ¹ἐνωσιν,
2647 2608 2781 2677 μόνῃ
2824 2606 3109 2660 συνάπτων
3133 2605 3301 2669 αὐτὰς
3334 2604 3594 2674 συναφείᾳ
3628 2608 3700 2677 τῇ

2115 2697 2256 2751 κατὰ
2284 2697 2381 2768 τὴν
2410 2697 2585 2763 ἀξίαν,
2624 2698 2794 2768 ἤγουν
2824 2692 3137 2760 αὑθεντῖίαν,
3168 2694 3202 2767 ἢ
3232 2694 3569 2761 δυναστείαν,
3592 2696 3703 2751 ,καὶ

2118 2790 2236 2861 οὐχὶ
2265 2790 2328 2861 δὴ
2356 2789 2555 2861 μᾶλλον
2583 2790 2800 2844 σύνοδον
2829 2789 2926 2861 τὴν
2950 2807 2984 2827 ν·
3016 2788 3137 2844 καθ’
3160 2789 3354 2843 ἕνωσιν
3380 2788 3615 2859 φυσικήν
3637 2797 3696 2825 ο·

2119 2881 2366 2952 ἀνάθεμα
2404 2882 2563 2935 ἔστω.
3183 2892 3196 2902 '

2706 2990 3015 3055 Ἐπίλυσις
3053 2995 3125 3059 γ’.

2044 3099 2086 3155 C
2190 3104 2302 3173 Τῆς
2329 3103 2467 3175 μετά
2513 3064 2715 3176 σαρκὸς
2757 3103 3067 3175 οἰκονομίας
3096 3101 3191 3155 τοῦ
3225 3101 3565 3172 Μονογενοῦς
3595 3120 3699 3156 πο-

2114 3194 2627 3266 λυπραγμονοῦντες
2670 3198 2731 3251 τὸ
2764 3199 3083 3269 μυστήριον,
3131 3195 3447 3268 παραδόξως
3495 3212 3555 3248 τε
3603 3197 3700 3250 καὶ

2116 3288 2443 3359 ἀπορῤήτως
2504 3288 2743 3358 ἡνῶσθαί
2802 3307 2983 3360 φαμεν
3035 3288 3177 3360 ἁγίῳ
3238 3289 3454 3359 σώματι
3513 3286 3702 3358 ψυχὴν

2115 3378 2289 3450 ἔχοντι
2312 3380 2556 3452 λογικὴν,
2601 3381 2692 3434 τὸν
2726 3383 2791 3435 ὲκ
2834 3382 2969 3435 Θεοῦ
2998 3381 3215 3453 Πατρὸς
3236 3381 3446 3448 Λόγονο
3497 3379 3592 3434 ἕνα
3633 3396 3699 3432 τε

2116 3472 2210 3525 καὶ
2255 3471 2398 3525 οὕτω
2443 3471 2672 3542 νοοῦμεν
2727 3473 2875 3536 Υίὸν,
2929 3471 3181 3543 καθάπερ
3235 3471 3429 3542 ἀμέλει
3472 3472 3567 3525 καὶ
3607 3470 3700 3539 ἐφ’

2115 3562 2272 3633 ἡμῶν
2303 3564 2482 3617 αὐτῶν
2518 3563 2727 3629 ἔξεστιν
2754 3564 2905 3629 ἰδεῖν,
2933 3564 3206 3634 ὲτεροφυᾶ
3249 3562 3349 3632 μὲν
3376 3561 3454 3632 τῷ
3484 3560 3701 3631 σώματι

2114 3656 2214 3727 τὴν
2258 3655 2455 3726 ψυχὴν,
2499 3654 2636 3726 πλὴν
2681 3656 2761 3718 είς
2797 3654 2856 3708 ἒν
2905 3654 3070 3725 ἀμφω
3108 3653 3246 3718 ζῶον
3286 3651 3697 3721 συντεθειμένα.

2129 3745 2267 3798 Ἀλλ’
2314 3746 2412 3817 οὐχ
2457 3744 2601 3799 οὕτω
2644 3745 2798 3799 ταῦτ’
2829 3745 2972 3817 ἔχειν
3016 3744 3304 3807 ὑπονοοῦσί
3354 3760 3518 3806 τινες.
3567 3744 3705 3796 ’Δνο

2117 3838 2332 3908 θρωπον
2372 3837 2429 3890 δὲ
2458 3837 2765 3900 διιστάντες
2812 3839 2942 3908 ἡμῖν
2991 3835 3094 3889 ἀνά
3140 3836 3305 3907 μέρος
3347 3835 3441 3887 καὶ
3512 3833 3703 3897 ίδικῶς

2119 3926 2386 3997 συνῆφθαί
2434 3943 2596 3995 φασιν
2654 3927 2816 3981 αὑτὸν
2860 3926 2940 3998 τῷ
2987 3928 3051 3980 ἐκ
3098 3924 3233 3979 Θεοῦ
3277 3923 3489 3994 [ἰατρὸς
3533 3923 3703 3992 φύντι

2116 4020 2274 4090 Λόγῳ
2298 4017 2441 4073 κατὰ
2474 4018 2643 4089 μόνην
2686 4017 2783 4089 τὴν
2829 4018 3008 4084 ἀξίαν,
3051 4019 3218 4090 ἤγουν
3250 4016 3347 4087 τὴν
3387 4015 3697 4071 αὑθεντίανο

2116 4113 2177 4166 ού
2218 4112 2338 4167 καθ’
2368 4112 2561 4165 ἕνωσιν
2595 4110 2849 4184 φυσικὴν,
2872 4111 3146 4165 τουτέστιν
3172 4109 3367 4181 ἀληθῆ,
3397 4110 3490 4163 καὶ
3524 4108 3701 4163 καθά-

2117 4221 2223 4274 περ
2264 4207 2425 4276 ἡμεῖς
2476 4202 2825 4274 πιστεύομεν.
2856 4201 3012 4256 υῦτω
3051 4202 3159 4273 γάρ
3205 4201 3306 4254 πού
3339 4217 3470 4271 φησι
3520 4200 3613 4254 καὶ
3661 4203 3699 4272 ἡ

2117 4294 2237 4349 θεία
2267 4295 2459 4366 Γραφή
2483 4312 2497 4326 ’
2535 4314 2553 4346 ι
2586 4294 2697 4348 Καὶ
2734 4290 2877 4365 ἦμεν
2903 4293 3070 4347 τέκνα
3101 4292 3260 4361 φύσει
3283 4292 3473 4363 ὀργῆς,
3497 4291 3573 4357 ὡς
3601 4291 3701 4344 καὶ

2116 4388 2165 4439 οί
2208 4386 2405 4452 λοιποὶ,
2459 4406 2478 4438 ι
2524 4384 2586 4439 τὸ
2616 4386 2819 4455 φύσει,
2853 4383 2975 4438 ἀντὶ
3012 4382 3140 4447 τοῦ,
3188 4382 3428 4451 ἀληθῶς,
3470 4380 3700 4452 λαμϐά-

2117 4497 2302 4536 νουσα.
2339 4480 2402 4534 Οί
2449 4478 2782 4552 διαιροῦντες
2821 4477 2999 4531 τοίνυν
3041 4476 3141 4540 τάς
3183 4475 3510 4538 ὑποστάσεις
3558 4475 3702 4545 μετά

2116 4573 2217 4644 τὴν
2245 4572 2462 4637 ἕνωσιν,
2484 4572 2577 4625 καὶ
2602 4571 2708 4625 ἀνά
2750 4570 2914 4642 μέρος
2954 4568 3190 4632 τιθέντες
3220 4566 3511 4638 ἑκατέραν,
3539 4582 3704 4619 τουτ-

2119 4664 2265 4720 έστιν
2302 4663 2589 4736 ἄνθρωπον
2640 4663 2736 4716 καὶ
2788 4661 2940 4728 Θεὸν,
3006 4661 3101 4717 καὶ
3174 4658 3515 4720 ἐπινοοῦντες
3572 4674 3702 4710 συν-

2116 4757 2312 4825 ἀφειαν
2341 4757 2523 4818 αὐτοῖς
2555 4754 2655 4827 τὴν
2687 4753 2829 4808 κατά
2852 4769 2916 4822 γε
2954 4753 3121 4824 μόνην
3153 4751 3251 4819 τὴν
3280 4750 3456 4817 ἀξίαν,
3476 4747 3570 4802 δύο
3593 4765 3698 4801 που

2118 4849 2337 4912 πάντως
2389 4847 2607 4901 ἱστῶσιν
2666 4845 2846 4910 υἱούς’
2937 4843 3115 4901 καίτοι
3167 4842 3268 4914 τῆς
3337 4838 3698 4894 θεοπνεύστου

2118 4941 2341 5013 Γραφῆς
2368 4938 2463 4992 ἕνα
2488 4937 2752 5009 λεγούσης
2800 4936 2942 4999 Υίὸν,
2978 4934 3073 4989 καὶ
3106 4933 3329 5005 Κύριον.
3363 4933 3525 4985 Ὥστε
3559 4930 3703 5001 μετά

2118 5030 2216 5102 την
2258 5030 2494 5101 ἄρρητον
2543 5028 2756 5093 ἕνωσιν,
2805 5026 2908 5080 κᾶν
2954 5025 3090 5079 Θεὸν
3128 5018 3404 5094 όὶιομάσῃς
3431 5022 3523 5076 τὸν
3569 5021 3703 5091 Ἐμ-

2120 5120 2379 5193 μανουὴλ,
2413 5118 2765 5191 σαρκωθέντα
2798 5135 2858 5172 τε
2892 5118 2987 5172 καὶ
3022 5115 3519 5187 ἑνανθρωπήσαντα
3547 5112 3703 5166 νοοῦ-

2118 5230 2218 5284 μεν
2242 5215 2403 5285 ήμεῖς
2426 5212 2517 5265 τὸν
2547 5213 2610 5264 ὲκ
2638 5208 2772 5264 Θεοῦ
2798 5207 3011 5283 Πατρὸς
3038 5207 3212 5275 Λόγον
3234 5223 3248 5238 ·
3281 5206 3386 5259 κᾶν
3410 5204 3701 5275 ἄνθρωπον

2114 5302 2298 5373 εἴπῃς,
2341 5301 2491 5356 οὐδὲν
2524 5296 2686 5373 ἦττον
2734 5300 2942 5353 ἐκεῖνον
2989 5294 3172 5361 αὐτὸν,
3214 5296 3270 5350 ὲν
3320 5295 3433 5350 τοῖς
3471 5293 3573 5364 τῆς
3608 5290 3700 5347 άν-

1964 5458 2229 5529 ¹⁸,Ενιιθε.
2258 5474 2319 5524 ιι,
2360 5458 2411 5512 6.
3320 5443 3365 5491 ’.'
3407 5458 3444 5503 ,ι
3477 5459 3513 5493 ,ι

1486 5616 1654 5672 Varia:
1686 5615 1951 5672 lectiones
1978 5630 2044 5671 ex
2068 5615 2253 5673 codice
2284 5616 2666 5689 Seguieriano.

491 5752 763 5824 ⁸’.σννόῖῳ
794 5754 878 5823 τῇ.
961 5766 987 5794 ιι
1018 5756 1246 5825 φυσικῇ.
