3966 6194
249 334 313 390 ιιι
1244 315 1656 374 ΕΧΡΙΛΟΑἸΊΟ
1697 317 1797 374 DU'

1905 314 2048 372 ECIM
2088 311 2419 370 CAPITUM.

3368 303 3477 364 ’502

244 446 550 517 ορωπότητος
608 418 847 513 μέτροις.
884 438 1228 509 καθηγμένον
1279 433 1635 507 οἰκονομικῶς
1680 435 1796 487 ἐπι-

1905 441 2011 484 ιιιιιι
2038 429 2130 484 Dei
2174 428 2355 483 Patris
2385 425 2617 481 Verbum
2649 423 2955 494 accipimus
2986 439 2999 476 :
3042 420 3160 475 sive
3203 420 3475 478 hominem

239 536 559 607 γινώσκομεν.
603 532 895 600 Γεγονὲναι
933 530 989 583 δέ
1021 547 1202 601 φαμεν
1238 530 1399 583 αὑτὸν
1425 536 1449 562 ο
1481 526 1652 581 ἁπτὸν
1699 524 1792 577 τὸν

236 628 419 696 ἀναφῆ
467 625 674 698 ὁρατὸν
719 625 812 677 τὸν
860 624 1112 691 ἀόρατον.
1162 622 1236 674 Οὐ
1268 619 1374 689 γὰρ
1403 616 1470 691 ἦν
1513 616 1794 686 ἀλλότριον

236 719 370 773 αὐτοῦ
417 717 474 769 τὸ
531 716 741 770 ἑνωθὲν
774 714 923 785 αὐτῷ
977 713 1158 784 σῶμα,
1209 711 1237 766 ὃ
1285 711 1381 764 καὶ
1428 707 1601 763 ἁπτόν
1654 702 1793 759 εἷναί

238 827 404 880 φαμεν,
438 808 530 863 καὶ
572 807 796 879 ὁρατόν.
835 806 973 868 Τοὺς
1013 805 1070 857 δὲ
1114 802 1190 889 μὴ
1229 801 1373 855 οὕτω
1412 799 1792 863 πιστεύοντας,

236 900 511 963 ὂιιστῶντας
547 900 604 953 δὲ
631 941 652 965 ,
697 899 773 962 ὡς
811 897 968 969 ἔφην,
1006 895 1108 960 τὰς
1154 894 1478 956 ὑποστάσεις
1509 891 1651 964 μετά
1694 890 1792 962 τὴν

237 992 415 1056 ενωσιν,
466 992 558 1045 καὶ
614 991 785 1061 ψιλὴν
842 992 1033 1053 αὐταῖς
1092 990 1387 1057 συνάφειαν
1445 984 1792 1048 ἐπινοοῦντας

239 1084 355 1137 κατὰ
388 1085 545 1155 μόνην
574 1084 685 1156 τὴν
737 1082 914 1147 ἀξίαν,
964 1083 1133 1153 ἤγουν
1165 1080 1488 1153 αύθεντίανη
1519 1078 1794 1148 άλλοτριοῖ

239 1175 328 1228 τῶν
354 1175 478 1246 ὀρθά
517 1174 875 1246 φρονούντων
918 1183 948 1224 P
989 1175 1017 1227 ὁ
1053 1172 1410 1245 προκείμενος
1461 1170 1792 1240 ἁναθεματι-

245 1264 369 1335 σμός.

1893 520 2120 586 dixeris,
2159 537 2260 575 nos
2297 533 2451 589 aeque
2509 517 2635 571 illud
2664 517 2838 585 ipsum
2890 514 3019 586 (Dei
3060 512 3334 584 Verbum)
3383 529 3476 585 per

1893 613 2353 684 dispensationem
2391 612 2442 664 in
2485 620 2767 664 tnensuras
2797 606 3153 661 humanitatis
3175 606 3475 661 demissum

1896 707 2264 775 agnoscimus.
2339 702 2582 757 Dicimus
2658 702 2839 771 itaque
2913 699 3087 770 ipsum
3149 697 3478 769 palpabilem

1895 795 2094 852 factum
2127 811 2269 861 esse,
2296 796 2388 865 qui
2425 794 2784 864 impalpabilis
2833 802 2949 859 est;
2980 801 3036 847 et
3060 792 3350 860 visibilem,
3384 792 3479 863 qni

1900 890 2206 946 invisibilis.
2239 888 2356 942 Non
2412 889 2555 943 enim
2597 888 2835 942 alienum
2879 896 3001 942 erat
3057 884 3219 956 150
3265 886 3333 940 ab
3388 885 3479 941 illo

1901 996 2098 1051 corpus
2156 981 2299 1051 quod
2324 981 2429 1035 sibi
2470 980 2666 1046 univit,
2703 979 2842 1048 quod
2889 979 3077 1047 utique
3119 976 3390 1047 palpabile
3424 984 3481 1032 et

1910 1074 2123 1129 visibile
2168 1073 2418 1128 dicimus.
2472 1072 2578 1127 Eos
2632 1086 2782 1135 vero,
2825 1072 2914 1141 qui
2959 1071 3032 1125 ita
3085 1084 3191 1125 non
3224 1069 3478 1132 credunt,

1897 1165 1990 1220 sed
2030 1163 2412 1219 subsistentias
2459 1175 2580 1235 post
2621 1162 2896 1223 unionem,
2940 1170 2999 1215 ut
3030 1159 3189 1215 modo
3243 1159 3479 1224 aiebam,

1899 1255 2422 1323 dividunt;eamque
2455 1253 2651 1307 nudam
2691 1253 2931 1320 ipsarum
2984 1251 3237 1306 unionem
3262 1250 3481 1320 excogi-

248 1365 356 1424 tant,
384 1373 486 1427 ιιιω
517 1359 567 1411 in
620 1356 738 1412 sola
806 1355 1070 1426 dignitate
1128 1356 1242 1410 sive
1284 1352 1609 1409 auctoritate
1675 1346 1947 1417 consistit,
1986 1355 2304 1420 propositus
2372 1346 2459 1401 hic
2546 1344 3032 1401 anathematismus
3065 1343 3135 1399 ab
3174 1342 3243 1398 iis
3274 1341 3480 1398 alienos

246 1451 552 1521 essejudicat
593 1451 693 1521 qui
741 1464 861 1520 qua:
903 1460 1048 1505 recta
1107 1457 1233 1503 sunt
1270 1447 1475 1503 sentire
1511 1453 1939 1502 consueverunt.

649 1561 1248 1615 ΑΝΑΘΕΜΑΤΙΣΜΟΣ
1282 1564 1357 1614 Δ’.

309 1674 361 1726 Ei
384 1693 457 1739 τις
487 1675 810 1746 προσώποις
833 1675 1006 1740 δυσὶν,
1034 1675 1199 1745 ἧγουν
1223 1673 1574 1739 ὑποστάσεσι,
1603 1673 1701 1736 τάς
1731 1686 1793 1724 τε

2306 1548 2948 1609 ANATHEMATISMUS
2988 1549 3077 1606 IV.

1973 1667 2031 1724 Si
2075 1668 2196 1738 quis
2245 1666 2455 1720 duabus
2502 1664 2751 1734 personis
2793 1664 2909 1719 sive
2953 1661 3339 1733 bypostasibus
3383 1676 3479 1714 cas

254 1768 413 1831 barri;
440 1767 818 1836 εὒαγγελικοῖς
849 1768 946 1820 καὶ
975 1767 1354 1829 άποστολικοῖς
1387 1763 1791 1835 Συγγράμμασι

1905 1775 2055 1815 voces
2105 1756 2376 1822 attribuit,
2425 1771 2545 1825 quae
2589 1755 2642 1808 in
2687 1752 3014 1824 evangelicis
3063 1761 3119 1808 et
3164 1750 3481 1822 apostolicis

255 1856 456 1926 διανέμει
476 1861 678 1928 φωνὰς,
699 1858 733 1928 ἠ
760 1858 853 1910 ἐπὶ
883 1857 1107 1928 Χριστῷ
1134 1859 1287 1928 παρὰ
1313 1856 1422 1909 τῶν
1447 1857 1616 1925 άγίων
1642 1855 1796 1923 λεγο-

265 1948 418 2018 μένας,
452 1952 483 2021 ἦ
525 1952 658 2022 παρ’
693 1950 862 2003 αὐτοῦ
903 1950 1030 2021 περὶ
1064 1950 1257 2003 ἑαυτοῦ
1278 1968 1292 1979 ·
1330 1950 1426 2003 καὶ
1458 1950 1558 2010 τὰς
1594 1948 1692 2020 μὲν
1720 1948 1796 2011 ὡς

269 2038 493 2111 ἀνθρώπῳ
525 2040 674 2111 παρὰ
729 2040 821 2093 τὸν
855 2042 920 2093 ὲκ
964 2039 1099 2093 Θεοῦ
1145 2040 1358 2111 Πατρὸς
1400 2040 1574 2108 Λόγον
1615 2039 1796 2102 ίδικῶς

275 2110 503 2199 νόουμένῳ
523 2132 843 2201 προσάπτει,
878 2130 977 2193 τὰς
1004 2130 1060 2183 δὲ
1090 2131 1164 2195 ὡς
1194 2131 1519 2202 θεοπρεπεῖς
1549 2130 1695 2202 μόνῳ
1719 2129 1795 2200 τῷ

280 2215 338 2267 in
357 2214 471 2268 Θεοῦ
496 2220 685 2290 “sepe;
714 2220 871 2290 Λόγῳ
889 2233 903 2247 ’
947 2219 1197 2291 ἀνάθεμα
1223 2220 1383 2276 ἔστω.

789 2417 1105 2483 Ἐπίλυσις
1142 2416 1213 2472 δ’.

338 2524 414 2577 Ἑν
438 2529 609 2598 μορφῇ
648 2529 734 2581 καὶ
765 2530 978 2601 ἰσότητι
1012 2530 1106 2584 τοῦ
1147 2529 1285 2584 Θεοῦ
1321 2531 1416 2584 καὶ
1444 2529 1657 2601 Πατρὸς
1690 2530 1795 2583 ὕπ-

254 2613 416 2685 άρχων
447 2620 473 2671 ὁ
492 2619 549 2684 ἐξ
576 2619 740 2673 αὑτοῦ
767 2621 964 2690 Λόγος,
995 2622 1095 2692 οὐχ
1121 2620 1412 2693 ἁρπαγμὸν
1459 2624 1702 2693 ἡγήσατο
1738 2620 1799 2673 τὸ

251 2702 373 2758 εἶναι
399 2702 482 2761 ἶσα
508 2707 651 2779 Θεῷ,
688 2709 871 2773 καθὼς
898 2711 1247 2782 γέγραπται·
1274 2710 1480 2781 καθῆκε
1509 2711 1565 2763 δὲ
1600 2710 1797 2782 μᾶλλον

248 2798 413 2861 ἑαυτὸν
454 2802 535 2862 είς
583 2800 831 2855 ἑκούσιον
874 2802 1137 2867 κένωσιν,
1191 2802 1285 2855 καὶ
1322 2802 1797 2872 καταπεφοίτηκεν

246 2886 497 2960 ἐθελοντὴς
522 2894 584 2943 ἐν
615 2894 729 2954 τοῖς
763 2891 884 2946 καθ’
919 2894 1088 2964 ἡμᾶς,
1112 2894 1172 2947 οὐ
1201 2893 1386 2965 μεθεὶς
1409 2893 1471 2946 τὸ
1499 2888 1638 2947 εἶναι
1662 2893 1798 2965 ὅπερ

244 2982 359 3044 ἐστὶ,
403 2984 733 3058 μεμενηκὼς
765 2984 822 3037 δὲ
865 2985 1067 3055 μᾶλλον
1107 2986 1201 3038 καὶ
1230 2984 1375 3038 οὕτω
1419 2983 1573 3048 Θεὸς,
1610 2983 1706 3038 καὶ
1738 2983 1800 3036 τὸ

1902 1852 2199 1919 Scripturis
2229 1849 2430 1919 passim
2481 1856 2812 1913 occurrunt;
2848 1860 3039 1916 qnzet'e
3086 1860 3114 1899 a
3164 1845 3369 1900 sanctis
3414 1845 3481 1897 de

1897 1941 2135 2006 Christo,
2175 1942 2257 1997 vel
2306 1941 2374 1994 ab
2406 1942 2522 2009 ipso
2562 1954 2778 2009 quoque
2821 1938 3043 1995 Christo
3073 1936 3139 1991 de
3184 1935 3365 2006 seipso
3393 1936 3479 1990 di-

1899 2043 1998 2088 cttc
2030 2040 2194 2097 sunt;
2230 2040 2285 2087 et
2316 2031 2448 2085 alias
2478 2031 2696 2099 quidem
2730 2028 2938 2084 homini
2972 2026 3137 2081 veluti
3176 2040 3421 2082 seorsum
3450 2041 3481 2079 ιι

1900 2121 1994 2177 Dei
2038 2114 2216 2177 Verbo
2259 2122 2605 2177 considerato
2653 2120 2915 2186 ascribit;
2963 2118 3100 2174 alias
3144 2131 3301 2185 vero,
3356 2126 3479 2170 tan-

1900 2228 2060 2283 quam
2096 2213 2204 2269 Deo
2232 2214 2637 2281 convenientes,
2677 2212 2780 2270 soli
2813 2211 2906 2268 Dei
2937 2209 3116 2267 Patris
3141 2209 3320 2267 Verbo
3350 2209 3479 2265 ada-

1899 2316 2013 2374 ptat
2031 2320 2048 2383 ι
2083 2307 2369 2361 anathema
2393 2306 2488 2361 sit.

2415 2417 2716 2473 Declaratt'o
2746 2426 2960 2487 quarta.

1970 2532 2064 2587 Dei
2096 2531 2274 2587 Patris
2303 2530 2538 2585 Verbum
2593 2531 2645 2584 in
2697 2528 2940 2599 ejusdem
2991 2525 3167 2582 Patris
3205 2525 3375 2581 forma
3425 2535 3483 2581 et

1900 2623 2209 2692 aequalitate
2240 2623 2528 2686 exsistens,
2577 2635 2686 2675 non
2735 2619 2983 2689 rapinam
3030 2619 3353 2673 arbitratum
3397 2626 3483 2674 est

1900 2729 2022 2769 esse
2066 2729 2124 2768 se
2168 2713 2373 2783 arquale
2415 2712 2547 2777 Deo,
2578 2721 2634 2767 ut
2661 2711 2925 2782 scriptum
2954 2709 3125 2776 est“,
3164 2709 3257 2766 sed
3301 2710 3482 2779 potius

1900 2806 2137 2875 seipsum
2193 2817 2385 2876 sponte
2423 2804 2722 2861 exinanivit
2745 2843 2760 2868 ,
2795 2813 2851 2859 et
2876 2804 2958 2858 -ad
2990 2815 3173 2859 nostra
3218 2818 3277 2858 se
3306 2803 3481 2858 demi-

1902 2896 1992 2961 sit,
2032 2912 2139 2951 non
2188 2896 2445 2951 amittens
2477 2909 2604 2950 esse
2638 2894 2779 2964 qttod
2826 2903 2932 2958 est,
2972 2895 3065 2950 sed
3114 2895 3285 2965 magis
3315 2895 3477 2950 etiam

1903 2985 2005 3040 hoc
2031 2994 2189 3055 pacto
2215 2985 2354 3040 Deus
2385 2999 2732 3054 permanens,
2770 2994 2827 3040 et
2865 2984 3001 3039 nihil
3044 2999 3230 3040 eorum
3258 3000 3381 3055 quae
3412 2985 3480 3038 ad

241 3071 325 3141 τῆς
345 3073 762 3146 ἁνθρωπότητος
784 3076 887 3129 οὐκ
913 3076 1193 3147 ἀτιμάσας
1229 3076 1448 3147 μέτρον.
1475 3076 1661 3131 Πάντα
1695 3074 1797 3135 τοί-

1906 3079 2154 3132 humanae
2176 3086 2383 3133 natura:
2407 3077 2773 3133 conditionem
2807 3076 3104 3146 pertinent,
3134 3084 3477 3146 aspernatus.

239 3179 319 3214 νυν
344 3164 504 3217 αὐτοῦ
540 3165 610 3218 τά
657 3166 938 3237 θεοπρεπῆ
993 3168 1089 3220 καὶ
1149 3165 1485 3234 ἀνθρώπινα.
1539 3165 1648 3218 Ποῦ
1688 3165 1814 3235 γὰρ,

244 3252 305 3305 ἔτι
332 3257 639 3309 κεκένωκεν
660 3257 884 3321 ἑαυτὸν,
912 3259 961 3310 ei
990 3258 1105 3320 τοῖς
1134 3256 1234 3327 τῆς
1257 3256 1674 3328 ἁνθρωπότητος
1703 3256 1798 3327 μέ-

236 3361 365 3414 τροις
403 3348 790 3420 ἐπερυθριᾷη
838 3349 949 3401 Καὶ
990 3350 1039 3401 εί
1087 3350 1428 3419 παρῃτεῖτοτ
1477 3347 1545 3401 τά
1585 3347 1798 3420 ἀνθρώ-

239 3451 348 3491 πινα
369 3478 385 3503 ,
416 3442 503 3503 τίς
536 3441 569 3492 ὁ
603 3439 917 3510 καταοήσας
938 3449 961 3476 ³
993 3439 1154 3493 αὐτὸν
1199 3439 1276 3503 ὡς
1324 3438 1384 3503 ἐξ
1428 3438 1674 3509 ἀνάγκης
1704 3439 1799 3494 καὶ

238 3525 336 3595 βίας
366 3531 445 3592 ei;
480 3529 549 3581 τὸ
582 3528 834 3597 γενέσθαι
869 3529 990 3582 καθ’
1035 3529 1217 3600 ἡμᾶς
1266 3528 1452 3591 Πάσας
1483 3529 1661 3581 τοίνυν
1700 3528 1799 3591 τὰς

236 3620 286 3673 ὲν
314 3625 420 3685 τοῖς
454 3620 812 3691 Εὗαγγελίοις
838 3623 1019 3691 φωνὰς
1041 3661 1055 3686 ,
1093 3621 1192 3683 τάς
1220 3638 1280 3674 τε
1311 3620 1678 3691 ἀνθρωπίνας,
1703 3620 1799 3674 καὶ

238 3713 331 3782 μὴν
350 3714 448 3767 καὶ
477 3713 580 3776 τὰς
609 3713 956 3785 θεοπρεπεῖς,
986 3715 1066 3767 ἐνί
1088 3715 1363 3785 προσώπῳ
1387 3716 1795 3784 προσάπτομεν.

247 3802 446 3874 Ἐπειδὴ
477 3804 578 3856 καὶ
608 3803 707 3857 ἕνα
746 3804 1072 3874 πιστεύομεν
1102 3804 1226 3857 Υἰὸν
1256 3800 1398 3857 εἶναι
1424 3804 1659 3875 Χριστὸν
1697 3804 1800 3874 ’1η-

234 3893 374 3958 σοῦν,
403 3895 688 3948 τουτέστιν
714 3894 1218 3968 ἐνανθρωπήσαντά
1244 3912 1303 3949 τε
1326 3897 1419 3949 καὶ
1445 3894 1800 3966 σεσαρκωμέ-

235 4000 313 4037 ιον
337 3987 427 4040 τὸν
461 3985 562 4039 τοῦ
592 3986 731 4040 Θεοῦ
762 3988 957 4056 Λόγον.
987 3989 1151 4041 Ὥστε
1182 3987 1284 4041 κᾶν
1314 3987 1448 4061 λέγῃ
1483 4005 1534 4041 τι
1562 3988 1670 4040 τῶν
1706 3986 1801 4041 ἀν-

236 4072 531 4145 θρωπίνων,
581 4080 697 4142 τοῖς
746 4079 847 4149 τῆς
891 4078 1312 4150 ἀνθρωπότητος
1358 4079 1522 4133 αὑτοῦ
1582 4080 1800 4151 μέτροις

234 4168 694 4238 καταλογιούμεθα
711 4169 783 4222 τὰ
806 4169 1152 4241 ἀνθρώπινα·
1182 4170 1348 4224 αὑτοῦ
1379 4170 1488 4241 γὰρ
1515 4171 1676 4225 πάλιν
1706 4170 1800 4224 καὶ

235 4257 289 4308 τὸ
310 4258 647 4330 ἀνθρώπινον
671 4277 684 4292 ·
710 4260 814 4314 κᾶν
843 4261 918 4324 ὡς
948 4261 1082 4326 Θεὸς
1114 4262 1462 4334 διαλέγηται,
1496 4263 1631 4317 Θεὸν
1658 4259 1800 4318 εἶναι

233 4350 573 4413 πιστεύοντες
594 4352 689 4405 τὸν
713 4352 1234 4425 ὲνανθρωπήσαντα,
1261 4354 1424 4408 πάλιν
1450 4354 1525 4417 ὡς
1561 4355 1642 4406 ἑνὶ
1662 4355 1799 4424 Χρι-

1903 3168 2044 3223 Sunt
2072 3170 2253 3240 itaque
2287 3170 2433 3226 illius
2465 3169 2671 3236 omnia,
2703 3185 2812 3225 non
2847 3168 3022 3226 solum
3054 3168 3258 3236 divina,
3292 3183 3479 3223 verunt

1900 3261 2065 3316 etiam
2094 3262 2353 3317 humana.
2380 3263 2495 3329 Qua
2525 3263 2668 3318 enim
2702 3262 2910 3318 ratione
2938 3276 2996 3318 se
3023 3262 3196 3332 ipsum
3228 3260 3481 3316 exinani-

1900 3352 1999 3420 vit,
2030 3354 2077 3409 si
2126 3354 2379 3410 humanae
2424 3364 2633 3411 natura:
2666 3366 2849 3426 partes
2882 3354 3142 3410 erubuit?
3171 3354 3237 3408 Et
3285 3354 3331 3409 si
3378 3355 3479 3408 lm-

1904 3459 2062 3498 mana
2091 3453 2373 3500 aversatus
2410 3455 2515 3510 est,
2539 3446 2661 3517 quis
2691 3446 2837 3500 illum
2866 3454 3124 3513 tanquam
3155 3444 3483 3500 necessitate

1903 3545 1999 3590 aut
2018 3535 2073 3591 vi
2101 3536 2167 3591 ad
2194 3538 2296 3593 hoc
2324 3537 2559 3606 impulit,
2590 3544 2646 3591 ut
2670 3537 2827 3593 nobis
2848 3535 3043 3591 similis
3067 3535 3256 3591 lieret?
3277 3535 3480 3591 Omnes

1903 3627 2090 3695 itaque
2137 3629 2413 3700 Evangelii
2459 3644 2642 3696 voces,
2694 3632 2807 3685 sive
2860 3629 2966 3684 illa:
3010 3629 3308 3684 humanum
3349 3629 3481 3699 quid

1903 3729 2123 3784 sonant,
2155 3721 2272 3775 sive
2300 3721 2565 3785 divinum,
2603 3721 2694 3775 uni
2724 3735 2969 3790 personae
3000 3720 3330 3774 tribuimus:
3356 3734 3481 3773 nam

1902 3820 1956 3868 et
1983 3812 2257 3866 Christum
2292 3808 2501 3874 Jesum,
2534 3811 2634 3865 hoc
2664 3819 2749 3864 est
2781 3810 3192 3863 inhumanatum
3224 3817 3279 3863 et
3306 3808 3485 3862 incar-

1904 3913 2089 3957 natum
2129 3901 2222 3956 Dei
2253 3900 2516 3964 Verbum,
2567 3917 2731 3955 unum
2772 3900 2968 3955 Filium
3017 3915 3141 3955 esse
3188 3900 3478 3955 credimus.

1903 3993 2081 4058 Quare
2111 3990 2308 4063 siquid
2348 3990 2645 4045 humanum
2676 3991 2956 4059 prtedicat,
2991 3991 3091 4044 hoc
3123 3990 3189 4043 ad
3230 3989 3483 4042 huntani-
3566 4030 3571 4053 ,

1906 4087 2030 4142 tatis
2060 4085 2176 4154 ejus
2207 4084 2573 4139 conditionem
2605 4082 3000 4139 transferemus
3029 4079 3136 4153 (est
3165 4081 3310 4145 enim
3342 4080 3485 4135 illius

1902 4187 1958 4234 et
2008 4179 2121 4248 ipsa
2173 4190 2390 4248 quoque
2442 4173 2811 4246 humanitas);
2865 4175 2909 4230 si
2958 4187 3085 4228 vero
3126 4172 3379 4243 loquatur
3428 4184 3489 4227 ut

1904 4268 2066 4334 Deus,
2119 4270 2211 4324 uni
2262 4282 2479 4323 rursum
2531 4266 2753 4323 Christo
2799 4275 2854 4320 et
2901 4263 3039 4321 Filio
3087 4263 3487 4335 assignabimns

1906 4374 2066 4415 voces
2094 4374 2259 4429 supra
2295 4366 2544 4412 naturam
2579 4356 2838 4422 hominis,
2871 4354 3041 4411 Deum
3069 4355 3487 4411 inhumanatum

236 4441 336 4510 στῷ
374 4445 468 4496 καὶ
490 4442 608 4513 Υἱῷ
633 4443 732 4503 τὰς
756 4444 894 4514 ὑπὲρ
912 4445 1201 4517 ἀνθρώπου
1213 4445 1375 4514 φύσιν
1387 4445 1797 4515 προσνεμοῦμεν

1908 4448 2057 4504 illum
2093 4463 2215 4504 esse
2263 4447 2568 4503 credentes.
2608 4447 2709 4513 Qui
2752 4460 2880 4502 vero
2923 4445 3068 4500 illum
3115 4445 3167 4500 in
3204 4446 3338 4501 duas
3368 4462 3490 4515 pcr-

232 4532 428 4598 ςιωνάς.
454 4532 526 4588 Oi
553 4533 611 4586 δὲ
644 4533 951 4598 διιστάντες
983 4536 1065 4599 είς
1108 4535 1204 4590 δύο
1255 4537 1543 4606 πρόσωπα,
1575 4535 1669 4589 δύο
1696 4552 1800 4588 που

234 4619 435 4685 πάντως
468 4621 778 4675 ιπινοοῦσιν
807 4623 977 4687 υἱούς.
1008 4625 1221 4695 Ὥσπερ
1250 4624 1360 4696 γὰρ
1392 4625 1484 4678 τὸν
1510 4623 1632 4677 καθ’
1654 4624 1802 4694 ἡμᾶς

232 4712 504 4783 ἄνθρωπον
549 4715 650 4768 οὐκ
684 4718 765 4778 εἰς
798 4715 893 4769 δύο
939 4717 1209 4788 πρόσωπα
1242 4717 1571 4788 διαιρεῖσθαι
1607 4717 1799 4787 θέμις,

232 4800 332 4855 κᾶν
359 4806 420 4857 ἐκ
445 4804 633 4876 ψυχῆς
656 4809 834 4860 νοοῖτο
865 4808 960 4861 καὶ
991 4806 1266 4879 σώματος,
1306 4808 1422 4862 ἀλλ’
1446 4802 1527 4872 εἷς
1552 4811 1690 4872 ἐστι,
1708 4809 1803 4861 καὶ

230 4893 260 4944 ό
290 4895 441 4959 αὐτὸς
469 4897 761 4968 ἄνθρωπος
788 4939 803 4963 ,
838 4897 980 4953 οὕτω
1019 4902 1113 4952 καὶ
1152 4902 1245 4952 ἐπὶ
1291 4899 1386 4953 τοῦ
1426 4899 1792 4970 Ἐμμανουήλ.

245 4985 451 5058 Ἐπειδὴ
479 4990 593 5061 γάρ
612 4990 763 5043 ἐστιν
794 4984 874 5053 εἷς
902 4991 1030 5054 Υἱὸς
1078 4992 1172 5044 καὶ
1197 4992 1421 5062 Κύριος,
1456 4995 1483 5044 ό
1514 5008 1795 5060 σεσαρκω-

236 5074 392 5144 μένος
418 5080 509 5132 καὶ
565 5080 997 5152 ἑνανθρωπήσας
1031 5084 1125 5136 τοῦ
1156 5082 1290 5137 Θεοῦ
1311 5084 1501 5152 Λόγος,
1533 5084 1591 5136 ἓν
1629 5083 1795 5137 αὑτοῦ

234 5167 570 5234 mea».
596 5173 694 5227 καὶ
715 5174 1008 5244 πρόσωπον
1025 5191 1041 5204 ·
1079 5175 1173 5230 καὶ
1203 5176 1353 5248 αὐτῷ
1379 5176 1794 5249 προσνεμοῦμεν

330 5343 590 5420 'Pbilipp.
620 5364 687 5417 ιι,
717 5348 772 5414 6,
803 5351 857 5405 7.

1905 4555 2068 4594 sonas
2094 4539 2359 4606 dividunt,
2408 4539 2722 4594 necessario
2762 4538 2896 4593 duos
2934 4552 3151 4607 quoque
3180 4536 3319 4594 ﬁlios
3354 4553 3456 4592 con
3485 4567 3491 4573 ν

1907 4631 2134 4697 lingunt.
2182 4627 2335 4683 Sicut
2376 4629 2523 4684 enim
2568 4630 2730 4685 homo
2775 4644 2843 4683 cx
2893 4629 3047 4683 nobis
3076 4628 3322 4698 quilibet,
3363 4629 3490 4680 licet

1911 4722 2063 4791 151
2105 4737 2169 4777 ex
2203 4722 2384 4776 anima
2421 4731 2474 4777 et
2504 4735 2731 4792 corpore
2771 4721 3102 4776 constitutus
3131 4718 3484 4788 intelligatur,

1909 4828 2013 4866 non
2047 4813 2317 4883 geminus,
2361 4814 2456 4867 sed
2493 4829 2631 4867 unus
2676 4822 2731 4868 et
2766 4814 2907 4868 idem
2950 4814 3111 4867 homo
3155 4820 3237 4866 est
3270 4829 3282 4864 :
3318 4810 3391 4863 ita
3421 4810 3488 4861 de:

1908 4903 2261 4958 Ennnanuele
2308 4919 2523 4973 quoque
2578 4905 2732 4959 nobis
2794 4905 3138 4973 cogitandum
3186 4910 3290 4956 est.
3349 4898 3486 4966 Quia

1908 5010 2141 5064 namque
2177 4995 2269 5050 Dei
2305 4993 2534 5049 Verbum
2587 4994 2925 5047 incarnatutn
2960 5001 3013 5061 et
3054 4991 3218 5045 homo
3262 4989 3484 5051 factum,

1908 5102 2047 5140 unus
2082 5095 2167 5141 est
2190 5087 2358 5142 Filius
2391 5095 2445 5141 ct
2481 5085 2763 5149 Dominus,
2810 5099 2915 5137 una
2961 5083 3121 5137 etiam
3152 5064 3375 5152 omnino
3402 5087 3490 5135 es:

1907 5178 2077 5246 ipsius
2098 5191 2324 5248 persona
2356 5197 2370 5232 :
2404 5178 2561 5246 eique
2585 5177 2885 5230 tribuemus
2917 5183 2971 5228 et
3001 5175 3234 5231 humana
3268 5182 3490 5247 propter

1892 5261 1944 5284 κ,

1271 5502 1446 5559 Variae
1470 5503 1731 5559 lectiones
1750 5519 1815 5559 ex
1844 5505 2030 5561 codice
2060 5503 2431 5574 Segnicriano.

309 5661 700 5743 έλκαθηγμίένον
728 5660 1084 5743 οἰκονομικῷς
1108 5661 1545 5743 ἐπιγλινώσκομεν
1579 5660 1881 5743 γεγονέναι,
1923 5664 2103 5734 φαμὲν
2148 5666 2325 5721 τοίνυν
2371 5666 2552 5723 αὐτόν.
2636 5679 2661 5718 Ρ
2698 5675 2913 5743 φρονεῖν
2959 5670 3244 5726 εἰωθότων.
3327 5681 3352 5722 ιι
3391 5672 3488 5724 ἐπ.

258 5725 581 5799 τιίιυθρία.”ἰ’
612 5725 929 5803 παραιτείτό
1029 5740 1048 5767 ³
1070 5725 1412 5803 κατωθήτας.
1447 5725 1788 5802 καταδήσας.
