4002 6192
427 322 533 378 303

1409 317 1463 370 s.
1507 302 1779 371 CYRILLI
1823 313 2291 371 ALEXANDRINI
2334 314 2654 371 ARCIIIEP.

3569 324 3679 377 304

430 435 573 490 illius
600 444 722 484 cum
756 442 919 483 carne
956 427 1440 499 dispensationem,
1472 440 1525 483 et
1559 429 1739 483 divina
1775 438 1995 500 propter

2116 428 2167 481 τά
2207 446 2264 481 τε
2307 428 2624 500 ἀνθρώπινα
2654 430 2741 484 διὰ
2765 429 2863 501 τὴν
2899 433 3213 504 οἰκονομίαν
3243 434 3341 507 τὴν
3374 438 3512 506 μετὰ
3540 455 3677 510 cap-

429 521 858 593 inexpl‘cabilem
914 520 1155 588 ejusdem
1204 533 1268 572 ex
1343 518 1501 573 Patre
1563 520 1992 589 generationem.

426 617 691 672 Caeterum
729 612 820 681 qui
871 610 1015 665 illum
1034 613 1086 668 in
1107 612 1378 668 hominem
1396 612 1686 680 separatim
1725 611 1991 677 dividunt,

428 713 680 773 tanquam
725 702 814 769 qui
856 700 996 754 alius
1041 714 1071 752 a
1121 698 1213 752 Dei
1256 699 1434 754 Verbo
1489 699 1562 753 sit
1614 699 1802 763 Filius,
1850 708 1905 754 et
1943 700 1996 753 in

429 795 594 848 Deum
636 807 903 857 seorsum,
958 800 1211 860 tanquam
1246 791 1336 860 qui
1383 790 1521 844 alius
1570 791 1641 846 sit
1673 790 1836 855 ﬁlius,
1864 790 1999 846 duos

429 885 566 938 tilios
628 891 953 948 asserentes,
999 882 1256 950 propositi
1322 883 1762 937 anathematismi
1811 883 1997 938 virtuti

428 976 622 1029 merito
647 973 972 1028 subdantur.

874 1088 1523 1147 ANATllEllATlSMUS
1564 1087 1635 1144 V.

496 1196 556 1268 Si
587 1211 708 1281 quis
748 1209 930 1264 dicere
962 1207 1144 1270 audet,
1186 1206 1460 1260 Christum
1509 1206 1783 1260 hominem
1821 1203 2000 1261 Deite-

427 1322 569 1376 rmn,
603 1318 666 1359 ac
698 1318 802 1357 non
836 1300 1012 1371 potius
1048 1312 1233 1379 verum
1277 1296 1446 1375 Deum
1477 1312 1619 1364 esse,
1651 1305 1836 1367 utpote
1882 1297 2003 1351 uni-

426 1407 550 1447 cum
591 1404 654 1445 ac
696 1385 996 1442 naturalem
1032 1384 1238 1450 lilium;
1270 1393 1538 1455 quatenus
1580 1387 1834 1440 nimirum
1871 1382 2004 1439 Ver-

429 1482 554 1536 bum
595 1495 719 1534 caro
752 1478 976 1543 factum,
1008 1477 1160 1530 carni
1193 1484 1247 1529 et
1273 1477 1524 1547 sanguini
1559 1477 1780 1555 perinde
1810 1491 1872 1532 ac
1897 1465 2032 1547 nos.
2064 1466 2073 1475 ’

428 1568 856 1626 communicavit
900 1585 914 1621 :
952 1566 1243 1621 anathema
1273 1566 1366 1621 sit.

944 1675 1249 1730 Declaratio
1281 1677 1487 1745 quinta.

2097 520 2193 583 κὸς
2216 561 2230 584 ,
2268 521 2362 574 καὶ
2397 522 2505 594 μὴν
2553 524 2644 576 καὶ
2687 523 2755 577 τὰ
2785 523 2900 577 θεῖα
2926 525 3014 578 διὰ
3057 526 3156 597 τὴν
3192 527 3255 581 ἐκ
3282 527 3415 581 Θεοῦ
3466 530 3681 601 [ἰατρὸς

2097 608 2409 680 ἀπόρρητον
2436 609 2710 682 γέννησιν.
2739 612 2800 665 Oi
2834 612 2889 665 δὲ
2926 613 3263 680 διιστῶντες,
3287 617 3381 670 καὶ
3405 619 3683 690 ἁπομερῖ-
3718 648 3731 666 ι

2099 699 2283 765 ζοντες
2337 703 2416 764 είς
2470 700 2756 771 ἄνθρωπον
2798 703 3017 770 ἰδικῶς,
3050 706 3126 769 ὠς
3154 706 3341 778 ἕτερον
3381 709 3512 763 ὄντα
3552 711 3685 766 Υἱὸν

2102 792 2255 863 παρὰ
2297 792 2388 844 τὸν
2421 793 2485 845 ὲκ
2530 792 2664 846 Θεοῦ
2694 794 2887 863 Λόγον,
2940 798 3032 850 καὶ
3066 798 3146 861 εὶς
3179 797 3312 852 Θεὸν
3347 798 3566 866 ίδικῶς,
3606 802 3687 866 ὡς

2101 884 2287 955 ἕτερον
2315 883 2446 938 ὄντα
2487 884 2621 951 υίὸν,
2665 885 2759 938 δύο
2805 886 3054 955 λέγοντες
3105 889 3285 955 υἱοὺς,
3317 889 3691 963 ὑποφέρονται

2102 974 2327 1039 δικαίως
2352 977 2417 1046 τῇ
2443 974 2670 1046 δυνάμει
2692 977 2787 1029 τοῦ
2813 977 3175 1048 προκειμένου
3207 980 3684 1053 ἁναθεματισμοῦ.

2537 1090 3127 1145 ΑΝΑΘΕΜΑΤΙΣΜΟΣ
3167 1093 3242 1149 Ε’.

2173 1202 2243 1256 Εἴ
2270 1220 2354 1267 τις
2382 1203 2558 1275 τολμᾷ
2584 1204 2765 1273 λέγειν
2800 1204 3058 1277 θεοφόρον
3107 1205 3408 1277 ἄνθρωπον.
3426 1205 3520 1259 τὸν
3546 1207 3688 1278 Χρι-

2110 1295 2254 1359 στὸν,
2290 1296 2385 1355 καὶ⁵
2415 1296 2536 1365 οὐχὶ
2568 1295 2633 1365 δὴ
2659 1296 2857 1366 μᾶλλον
2890 1297 3022 1350 Θεὸν
3055 1293 3195 1350 εἶναι
3226 1297 3369 1351 κατὰ
3396 1296 3686 1368 ἀλήθειαν,

2104 1385 2202 1437 καὶ
2239 1384 2369 1437 Υίὸν
2402 1385 2521 1451 ἕνα,
2552 1387 2648 1439 καὶ
2673 1386 2854 1455 φύσει,
2887 1386 3024 1441 καθὸ
3045 1388 3236 1456 γέγονε
3262 1387 3398 1459 σὰρξ
3427 1389 3455 1440 ὁ
3485 1388 3685 1456 Λόγος,

2105 1475 2199 1530 καὶ
2250 1475 2621 1549 κεκοινώνηκε
2671 1477 3069 1549 παραπλησίως
3115 1481 3248 1550 ἡμῖν
3296 1481 3548 1550 αἵματος,
3588 1480 3689 1533 καὶ

2106 1563 2308 1634 σαρκός
2334 1580 2347 1594 ·
2384 1564 2637 1636 ἀνάθεμα
2669 1564 2831 1621 ἔστω.

2684 1677 2997 1744 ἐπίλυσις
3034 1685 3098 1732 ε’.

503 1772 734 1829 Verhnm
776 1768 869 1824 Dei
904 1783 1122 1823 carnem
1170 1782 1291 1823 esse
1339 1767 1561 1831 factum,
1606 1768 1737 1822 dicit
1784 1784 2007 1839 magnus

2176 1764 2666 1834 Σάρκαιγενέσθαι
2709 1767 2874 1837 φησὶν
2912 1768 2941 1820 ὁ
2982 1767 3266 1834 θεσπέσιος
3295 1773 3687 1847 εὑαγγελιστὴς

433 1862 522 1917 ille
567 1860 897 1928 evangelista
939 1858 1175 1914 Joannes
1200 1857 1241 1890 "
1277 1876 1290 1913 :
1325 1872 1430 1913 non
1465 1860 1604 1926 quod
1641 1860 1857 1928 propria
1911 1874 2007 1913 na-

432 1966 557 2009 tura
582 1957 970 2015 transmutata,
1015 1960 1109 2003 aut
1140 1965 1399 2004 conversa
1437 1951 1487 2003 in
1521 1965 1740 2003 carnem
1779 1951 2008 2003 transic-

437 2043 529 2107 rlt,
588 2043 730 2096 sicut
768 2039 885 2106 jam
941 2050 1069 2093 ante
1119 2039 1425 2106 expositum
1477 2046 1560 2092 est
1606 2037 1822 2108 (expers
1864 2038 2007 2092 enim

437 2132 752 2188 mutationis
799 2138 882 2185 est
926 2139 984 2183 ut
1023 2128 1209 2195 Deus),
1261 2130 1353 2183 sed
1398 2129 1524 2197 quia
1571 2143 1725 2197 atque
1782 2144 1845 2182 ac
1890 2143 2006 2192 nos,

437 2225 617 2281 carnis
644 2232 699 2278 et
728 2221 1007 2292 sanguinis
1032 2221 1321 2290 particeps,
1352 2227 1405 2273 et
1433 2220 1593 2275 homo
1627 2218 1879 2273 cﬂ‘ectum
1905 2228 2007 2274 est.

439 2318 605 2371 Sacra
637 2316 784 2370 enim
826 2314 1111 2382 Scriptura
1148 2314 1420 2367 hominem
1461 2327 1559 2367 suo
1608 2326 1757 2366 more
1789 2327 2010 2367 carnem

438 2407 704 2477 appellat;
759 2405 1171 2474 scriptumgest
1220 2404 1365 2458 enim
1412 2420 1426 2457 :
1492 2420 1511 2454 ι
1561 2400 1772 2457 Videbit
1836 2403 2011 2457 omnis

439 2513 566 2555 caro
627 2497 864 2553 salutare
912 2495 1006 2549 Dei
1033 2494 1098 2549 ι’.
1130 2513 1149 2546 ι
1202 2492 1310 2549 Sed
1355 2493 1638 2562 impiorum
1703 2494 2011 2563 dogmatqu

441 2592 776 2653 inventores,
816 2585 1123 2650 Nestorius,
1164 2592 1219 2640 et
1264 2584 1355 2655 qui
1399 2584 1547 2637 illum
1576 2592 1876 2647 sectantur,
1922 2592 2014 2637 aut

438 2683 627 2738 eadem
649 2694 784 2741 ,cum
834 2677 924 2733 illo
964 2671 1208 2745 sapiunt,
1245 2675 1644 2730 incarnationis
1673 2675 1892 2743 quidem
1922 2688 2013 2729 vo-

439 2784 555 2826 cem
609 2767 859 2824 conllteri
906 2781 966 2822 se
1014 2765 1291 2829 simulant,
1339 2773 1576 2819 attamen
1632 2763 1724 2819 Dei
1776 2763 2011 2819 Verbum

440 2861 739 2917 secundum
772 2859 1057 2915 veritatem
1087 2859 1453 2921 incarnatum,
1485 2856 1586 2911 lioc
1612 2865 1717 2923 est,
1748 2857 2015 2910 manendo

440 2953 582 3024 quod
624 2958 785 3015 erat,
837 2940 1111 3007 hominem
1158 2949 1328 3004 nostri
1380 2948 1613 3004 similem
1652 2947 1853 3003 factum
1896 2960 2015 3001 esse

440 3052 662 3115 negant.
700 3041 983 3098 Alﬁrmant
1029 3053 1232 3106 autem,
1257 3039 1612 3110 unigenitum
1655 3039 1751 3093 Dei
1783 3038 2012 3094 Verbum

438 3136 496 3190 in
526 3135 746 3191 homine
778 3149 840 3190 ex
870 3142 1058 3189 sancta
1088 3131 1304 3201 Virgine
1333 3143 1460 3184 nato
1486 3128 1708 3199 perinde
1738 3130 1876 3184 acia
1907 3144 2014 3184 uno

440 3228 623 3298 aliquo
646 3242 716 3281 ex
744 3225 947 3281 sanctis
976 3224 1327 3288 inhabitasse,
1358 3222 1431 3276 ita
1464 3232 1522 3276 ut
1547 3221 1663 3290 jam
1706 3236 1816 3276 non
1846 3236 2014 3291 Opor-

438 3329 554 3374 teat
595 3317 866 3379 contlteri,
895 3315 1037 3384 quod
1074 3329 1214 3369 unus
1262 3315 1334 3369 sit
1372 3312 1629 3369 Christus
1667 3324 1720 3369 et
1752 3311 1924 3369 Filius
1961 3323 2017 3369 et

444 3410 705 3465 Dominus
745 3417 799 3463 et
832 3409 1176 3473 adorandus;
1222 3407 1314 3461 sed
1354 3415 1607 3477 tauquam
1637 3407 1796 3461 homo
1826 3420 1921 3476 per
1953 3419 2017 3460 se

439 3512 498 3557 et
531 3499 825 3572 separatim
871 3498 1198 3562 intellectus,
1231 3499 1301 3552 ob
1341 3500 1512 3553 solam
1540 3498 1933 3568 c0pulationem
1962 3497 2013 3551 in

443 3593 644 3647 unione
672 3590 949 3661 dignitatis
996 3590 1310 3652 honoratus,
1350 3588 1509 3659 152
1541 3590 1702 3644 simul
1741 3591 2013 3657 adoretur,

443 3692 501 3738 et
534 3681 994 3752 conglorilicetur.
1046 3678 1261 3735 Habitat
1303 3679 1587 3750 quidemin
1604 3679 2017 3752 nobisoninium

446 3775 589 3829 Deus
620 3788 714 3843 per
745 3772 1008 3842 Spiritum
1045 3780 1318 3826 sanctum.
1350 3771 1493 3825 Dixit
1535 3771 1678 3826 enim
1702 3772 2017 3842 jamdudum

447 3883 546 3937 per
576 3880 740 3920 unum
782 3880 813 3920 e
847 3865 1056 3919 sanctis
1088 3864 1368 3933 prophetis
1399 3879 1414 3917 :
1448 3881 1467 3914 ι
1499 3861 1764 3929 Quoniam
1805 3861 2020 3917 inhabi-

450 3960 574 4012 taho
617 3958 669 4012 in
702 3957 804 4021 eis,
836 3968 890 4012 et
922 3955 1287 4030 inamhulabo,
1327 3962 1382 4008 et
1427 3969 1523 4008 ero
1570 3955 1713 4023 ipsrs)
1768 3953 1931 4018 Deus,
1965 3961 2022 4007 et

415 4044 609 4103 'ernnt
643 4049 770 4102 mihi
810 4047 1036 4116 populus
1061 4046 1126 4101 η.
1159 4064 1178 4098 ι
1234 4044 1437 4099 Scribit
1487 4054 1543 4101 et
1590 4046 1779 4099 beatus
1824 4044 2021 4099 Paulus

447 4154 662 4209 quoque
691 4131 709 4193 Ξ
742 4154 762 4189 ι
793 4137 1029 4192 Nescitis
1058 4137 1183 4206 quia
1222 4136 1477 4204 templum
1510 4135 1602 4189 Dei
1628 4135 1784 4198 estis,
1817 4146 1870 4189 et
1901 4133 2023 4205 Spi-

451 4231 585 4284 titus
621 4227 715 4284 Dei
744 4229 954 4282 habitat
986 4227 1041 4281 in
1084 4226 1343 4281 vobis"?
1373 4246 1391 4277 ι
1426 4226 1490 4279 Ει
1525 4226 1638 4295 ipse
1669 4225 1922 4281 Christus
1957 4210 2035 4281 de“

444 4318 653 4397 sanctis
678 4320 791 4372 suis
824 4316 1126 4386 prophetis,
1163 4316 1277 4370 sive
1307 4316 1373 4370 de
1403 4317 1627 4379 sanctis,
1656 4314 1746 4382 qui
1771 4325 2020 4369 anteces-

2123 1858 2375 1926 Ἰωάννης
2423 1857 2514 1909 τὸν
2546 1856 2639 1910 τοῦ
2667 1857 2803 1910 Θεοῦ
2834 1859 3027 1928 Λόγον.
3062 1862 3122 1915 οὑ
3154 1863 3294 1916 κατὰ
3331 1865 3684 1933 μετάστασιν,

2110 1950 2141 2019 ἢ
2174 1952 2381 2021 τροπὴν
2411 1951 2509 2020 τῆς
2542 1950 2682 2020 ιδίας
2727 1949 2941 2019 φύσεως
2984 1953 3063 2015 είς
3102 1953 3280 2021 σάρκα
3316 1971 3688 2026 μεταπεποιηο

2114 2041 2293 2111 μένον,
2328 2041 2576 2111 καθάπερ
2616 2041 2718 2112 ἤδη
2747 2042 3084 2112 προείπομεν
3106 2057 3120 2072 ·
3156 2044 3269 2114 ἔχει
3298 2045 3404 2117 γὰρ
3434 2045 3493 2098 τὸ
3521 2048 3687 2100 ἀναλ-

2110 2129 2333 2183 λοίωτον
2362 2131 2437 2194 ὡς
2470 2129 2604 2194 Θεός
2629 2146 2644 2161 ·
2676 2130 2793 2183 ἀλλ’
2812 2132 2895 2185 ὅτι
2923 2131 3321 2202 κεκοινώνηκεν
3352 2136 3483 2204 ἡμῖν
3506 2152 3690 2205 παρα·

2112 2222 2353 2290 πλησίως
2382 2221 2617 2291 αἵματος
2645 2236 2669 2286 ,‘
2692 2224 2785 2276 καὶ
2815 2223 3047 2294 σαρκὸς,
3083 2224 3178 2277 καὶ
3208 2224 3433 2291 γέγονεν
3468 2225 3689 2296 ἄνθρωυ

2113 2328 2212 2375 πος
2232 2327 2245 2340 ·
2273 2310 2394 2374 ἔθος
2422 2310 2531 2381 γὰρ
2558 2314 2622 2383 τῇ
2658 2312 3002 2383 οεοπνεὺστῳ
3057 2314 3247 2386 Γραφῇ
3272 2314 3448 2386 σάρκα
3478 2316 3569 2368 τὸν
3595 2316 3691 2369 άν-

2113 2401 2329 2471 θρωπον
2379 2402 2698 2474 ὀνομάζειν*
2744 2390 3052 2476 γέγραπται
3104 2388 3242 2475 γάρ,
3286 2422 3305 2457 ι
3332 2406 3413 2459 ὅτι
3457 2405 3690 2475 ὐψεται

2114 2496 2266 2548 πᾶσα
2310 2494 2446 2565 σὰρξ
2492 2495 2555 2549 τὸ
2601 2498 2866 2568 σωτήριον
2913 2496 3009 2550 τοῦ
3051 2497 3208 2551 Θεοῦ.
3247 2516 3266 2549 i
3314 2498 3452 2551 Ἀλλ’
3493 2500 3542 2551 οξ
3579 2498 3692 2551 τῶν

2114 2586 2342 2638 ἀνοσίων
2370 2586 2659 2655 δογμάτων
2697 2587 2939 2658 εὑρεταὶ,
2969 2588 3265 2659 Νεστόριός
3295 2605 3356 2641 τε
3386 2590 3478 2642 καὶ
3508 2591 3557 2641 oi
3589 2589 3691 2643 σὺν

2114 2676 2285 2747 αὑτῷ,
2312 2678 2432 2747 ἢτοι
2460 2678 2526 2731 τὰ
2554 2679 2690 2731 αὑτὰ
2718 2678 3042 2748 φρονοῦντες
3066 2679 3276 2750 ἐκείνῳ,
3307 2679 3691 2751 ὑποκρίνονται

2120 2763 2219 2834 μὲν
2246 2763 2527 2833 ὁμολογεῖν
2559 2765 2657 2835 τὴν
2686 2765 2781 2819 τοῦ
2828 2767 3207 2838 σεσαρκῶσῡαι
3235 2770 3439 2838 φωνήν,
3472 2769 3549 2821 Οὑ
3583 2769 3692 2840 μὴν

2114 2853 2241 2905 ὅτε1
2283 2852 2379 2906 καὶ
2410 2853 2758 2924 σαρκωθῆναί
2804 2872 2936 2924 φασι
2979 2856 3122 2910 κατὰ
3168 2856 3426 2927 ἀληθειαν
3467 2858 3562 2911 τὸν
3594 2858 3690 2911 τοῦ

2115 2942 2251 2996 Θεοῦ
2296 2942 2501 3011 Λόγον·
2554 2944 2832 2998 τουτέστιν
2880 2944 3166 3017 ἄνθρωπον
3209 2945 3460 3015 γενέσθαι
3485 2958 3512 2986 ιι
3565 2947 3690 3000 καθ’

2115 3033 2284 3101 ἡμᾶς,
2319 3032 2459 3102 μετὰ
2490 3032 2584 3085 τοῦ
2631 3036 2813 3104 μεῖναι
2840 3034 2870 3088 ὃ
2892 3030 2980 3106 ἦν.
3022 3035 3181 3089 Ἀλλὰ
3223 3037 3332 3106 γὰρ
3361 3036 3439 3100 ὼς
3473 3039 3555 3101 είς
3591 3039 3690 3092 ἇν-

2116 3121 2332 3198 ρρωπον
2363 3121 2472 3176 τῶν
2501 3122 2673 3191 ἁγίων
2704 3123 2821 3189 ἕνα,
2849 3125 2940 3179 τὸν
2978 3125 3043 3180 ὲκ
3082 3123 3185 3201 τῆς
3208 3126 3373 3193 ἁγίας
3412 3125 3694 3198 Παρθένου

2116 3214 2517 3284 γεγεννημένον
2546 3218 2892 3287 κατοικῆσαι
2938 3216 3365 3289 διισχυρίζονται
3401 3217 3493 3271 τὸν
3531 3235 3695 3288 μονο-
3732 3230 3743 3255 ι

2115 3306 2248 3376 γενῆ
2278 3305 2373 3359 τοῦ
2404 3304 2540 3359 Θεοῦ
2572 3306 2745 3375 Λόγον
2764 3323 2781 3340 ·
2830 3307 2918 3361 ίνα
2947 3308 3146 3379 μηκέτι
3189 3310 3424 3380 Χριστὸς
3460 3304 3541 3374 εἷς
3564 3313 3697 3382 ὁμο-

2115 3396 2342 3467 λογῆται
2394 3399 2488 3453 καὶ
2531 3399 2694 3466 Υἱὸς,
2743 3402 2838 3454 καὶ
2887 3400 3117 3471 Κύριος,
3167 3401 3263 3454 καὶ
3296 3402 3697 3473 προσκυνητός·

2117 3489 2233 3541 ἀλλ’
2256 3489 2333 3552 ὡς
2361 3488 2645 3561 ἄνθρωπος
2703 3491 2906 3555 ίδικῶς,
2929 3492 3024 3545 καὶ
3049 3492 3367 3562 καταμόνας
3383 3491 3500 3546 νοού
3509 3510 3696 3562 μενος,

2121 3580 2256 3651 μόνῃ
2289 3581 2556 3652 συναφεία
2578 3584 2645 3652 τῇ
2677 3582 2821 3637 κατὰ
2844 3581 2943 3652 τὴν
2979 3583 3208 3653 ἑνότητα
3235 3584 3335 3654 τῆς
3365 3582 3520 3648 ἀξίας
3546 3602 3700 3638 τετι-

2121 3686 2197 3740 μη
2204 3670 2380 3738 μένος,
2399 3671 2903 3741 συμπροσκυνῆται,
2920 3673 3013 3725 καὶ
3026 3672 3703 3743 συνδοξάζηται.Κατοικεῑ

2119 3764 2271 3835 γειιρν
2309 3765 2366 3818 ὲν
2399 3764 2532 3834 ἡμῖν
2575 3764 2604 3815 ό
2631 3761 2740 3815 τῶν
2770 3763 2906 3817 ὅλων
2934 3762 3066 3827 Θεὸς
3105 3763 3193 3817 διὰ
3219 3763 3315 3818 τοῦ
3340 3764 3495 3833 ἁγίου
3529 3764 3699 3819 1]νεὺ-

2124 3872 2311 3925 ματος.
2358 3855 2470 3910 Καὶ
2517 3854 2647 3923 γοῦν
2688 3855 2858 3909 πάλαι
2880 3864 2907 3892 ι
2946 3856 3045 3926 μὲν
3092 3855 3297 3924 ἔφασκε
3327 3856 3394 3910 δι’
3428 3856 3549 3920 ἑνὸς
3584 3856 3703 3909 τῶν

2122 3946 2293 4014 ἁγίων
2347 3945 2676 4020 προφητῶν·
2720 3963 2739 3996 ι
2768 3946 2892 3999 Ὀτι
2932 3947 3198 4018 ὲνοικήσω
3239 3949 3298 4001 ὲν
3342 3948 3558 4010 αὑτοῖς,
3606 3949 3702 4000 καὶ

2122 4040 2582 4109 ὲμπεριπατήσω,
2617 4038 2713 4091 καὶ
2747 4037 2940 4109 ἔσομαι
2972 4039 3156 4103 αὐτοῖς
3198 4038 3366 4105 Θεὸς,
3416 4040 3511 4093 καὶ
3542 4040 3701 4092 αὑτοὶ⁵

2122 4129 2335 4195 ἔσονταί
2367 4132 2458 4199 μοι
2495 4129 2655 4192 λαός,
2680 4147 2699 4180 ι
2735 4128 2940 4200 Γράφει
2968 4130 3027 4183 δὲ
3059 4131 3152 4185 καὶ
3180 4132 3209 4184 ὁ
3242 4132 3509 4202 μακάριος
3544 4130 3699 4184 Παῦ-

2122 4218 2230 4282 λος·
2260 4239 2278 4270 ι
2307 4219 2421 4271 Οὑκ
2453 4218 2652 4286 οἴδατε,
2681 4219 2762 4272 ὃτι
2795 4219 2917 4284 ναὸς
2937 4218 3072 4273 Θεοῦ
3103 4222 3359 4285 ὲστε,καὶ
3389 4221 3450 4274 τὸ
3473 4220 3702 4292 Πνεῦμα

2121 4308 2217 4361 τοῦ
2252 4307 2389 4361 Θεοῦ
2420 4309 2562 4362 οἰκεῖ
2591 4310 2650 4362 ὲν
2700 4310 2863 4381 ὑμῖν;
2903 4329 2922 4362 ι
2955 4312 3103 4381 Ἔφη
3131 4311 3299 4365 δὲκαὶ
3320 4313 3536 4376 αὑτὸςό
3559 4313 3702 4382 Χριο

449 4396 658 4487 serant,
698 4410 821 4461 ait:
855 4423 874 4458 ι
906 4405 963 4459 Si
1015 4405 1137 4462 illos
1180 4405 1320 4458 dixit
1362 4405 1514 4469 deos,
1562 4406 1628 4459 ad
1669 4419 1805 4475 quos
1843 4396 2015 4461 sermo

2129 4400 2249 4464 στὸς
2293 4402 2421 4470 περὶ
2465 4401 2575 4454 τῶν
2624 4402 2793 4466 ἁγίων
2842 4401 3011 4455 αὑτοῦ
3060 4403 3355 4478 προφητῶν
3375 4442 3389 4466 ,
3435 4405 3552 4474 ἦτοι
3591 4404 3705 4457 τῶν

450 4498 549 4553 Dei
598 4496 777 4563 factus
819 4504 945 4551 est:
976 4510 1136 4566 quem
1172 4493 1330 4548 Pater
1360 4494 1737 4559 sanctiﬁcavit,
1783 4504 1838 4548 et
1877 4496 2026 4548 misit

450 4592 506 4647 in
550 4590 828 4653 mundutn,
866 4603 959 4642 vos
1011 4586 1190 4642 dicitis
1223 4602 1237 4640 :
1270 4585 1647 4655 Blasphemas;
1694 4587 1819 4656 quia
1856 4587 1967 4641 dixi
2005 4601 2021 4640 :

449 4683 619 4741 Filius
675 4681 767 4736 Dei
822 4695 941 4736 sum
975 4679 1057 4744 ἰς
1086 4697 1105 4729 ι
1169 4680 1263 4734 sed
1308 4694 1413 4733 non
1469 4678 1542 4733 ita
1591 4678 1730 4732 Deus
1770 4679 1822 4732 in
1864 4678 2021 4733 Chri-

449 4787 536 4832 sto
570 4774 806 4837 habitat,
836 4772 976 4827 sicut
1011 4771 1067 4825 in
1097 4771 1276 4826 nobis.
1310 4769 1445 4824 Erat
1472 4768 1614 4824 enim
1648 4780 1839 4823 natura
1863 4769 2021 4834 Deus,

448 4868 611 4925 nobis
642 4865 840 4922 similis
870 4864 1069 4929 factus,
1101 4877 1349 4932 unusque
1372 4878 1435 4915 ac
1465 4861 1611 4916 solus
1640 4860 1830 4926 Filius,
1860 4863 2022 4914 etiam

330 4987 339 4996 -
449 4975 573 5014 cum
621 4973 750 5014 caro
802 4955 983 5012 lactus
1026 4965 1130 5011 est.
1173 4955 1493 5023 Quicunque
1544 4954 1705 5023 igitur
1749 4948 2022 5008 Deileruin

452 5049 726 5105 hominem
775 5064 897 5104 eum
940 5063 1061 5103 esse
1097 5048 1277 5102 dicere
1320 5050 1538 5111 audent,
1587 5061 1651 5100 ac
1697 5060 1800 5098 non
1850 5044 2027 5114 potius

456 5139 621 5194 Deum
659 5140 938 5197 hominem
987 5140 1216 5205 factum,
1248 5136 1558 5193 necessario
1608 5137 1660 5192 in
1692 5137 2038 5206 propositum,

421 5210 963 5313 :anatliematismum
992 5232 1276 5288 incidunt.‘

421 5328 429 5360 l

544 5411 761 5491 "’Joan.
796 5452 835 5502 ι,
867 5437 951 5491 14.
1065 5437 1107 5468 ⁸⁸
1127 5437 1254 5492 Luc.
1288 5452 1370 5498 in,
1404 5434 1457 5488 6.

1573 5432 1811 5487 "chit.
1843 5448 1990 5497 xxvr,
2028 5433 2127 5490 l2:
2164 5435 2204 5489 ll
2230 5436 2354 5492 Cor.
2396 5453 2467 5504 vr,
2502 5439 2588 5495 16.

2128 4492 2537 4562 προγεγονότων
2561 4493 2754 4561 ἁγίων·
2792 4511 2810 4545 ι
2838 4492 2907 4547 Εἰ
2938 4494 3182 4558 ἐκείνους
3208 4488 3331 4547 εἶπε
3362 4494 3542 4560 Θεοὺς,
3560 4497 3706 4564 πρὸς

2121 4580 2216 4644 οὒς
2251 4584 2280 4635 ό
2317 4581 2472 4650 λόγος
2501 4582 2618 4636 τοῦ
2638 4581 2774 4638 Θεοῦ
2823 4584 3059 4653 ἐγένετο,
3106 4583 3165 4639 ὃν
3194 4584 3223 4637 ό
3254 4585 3446 4655 Πατὴρ
3477 4585 3703 4655 ήγίασε,

2124 4672 2219 4725 καὶ¹
2250 4671 2572 4726 ἀπέστειλεν
2612 4675 2696 4738 εἰς
2735 4674 2828 4729 τὸν
2876 4673 3103 4744 κόσμον,
3151 4675 3309 4744 ὑμεῖς
3361 4673 3572 4742 λέγετε,
3621 4674 3709 4727 ὅτι

2128 4759 2499 4831 Βλασφημεῖς,
2531 4763 2618 4815 ὅτι
2647 4758 2800 4816 εἷπον
2822 4777 2838 4795 ·
2877 4763 3007 4826 Υἱὸς
3060 4762 3155 4823 τοῦ
3188 4764 3325 4817 Θεοῦ
3349 4765 3465 4835 είμι
3484 4778 3500 4793 ·
3537 4781 3557 4813 ι
3585 4763 3709 4816 ἀλλ’

2123 4853 2222 4923 οὐχ
2247 4851 2436 4924 ὤσπερ
2466 4854 2524 4905 ὲν
2552 4855 2686 4923 ἡμῖν
2710 4856 2850 4907 οἰκεῖ
2880 4853 3035 4920 Θεὸς,
3064 4853 3207 4908 οὑτω
3245 4857 3341 4909 καὶ
3369 4857 3427 4907 ὲν
3456 4853 3705 4924 Χριστῷ·

2125 4940 2257 5006 Θεὸς
2289 4942 2398 5013 γὰρ
2423 4941 2583 5012 φύσει
2611 4939 2679 5015 ἦν
2698 4983 2713 5009 ,
2745 4936 3002 5014 πεφηνὼς
3042 4944 3163 4998 καθ’
3189 4946 3358 5016 ἡμᾶς,
3386 4940 3467 5009 εἷς
3501 4960 3565 4997 τε
3606 4946 3709 4998 καὶ
3750 4928 3759 5026 ξ

2131 5032 2291 5102 μόνος
2318 5032 2447 5097 Υἱὸς
2465 5073 2479 5098 ,
2509 5034 2602 5087 καὶ
2627 5035 2716 5087 ὅτε
2744 5034 2937 5113 γέγονε
2978 5035 3135 5107 σάρξ.
3165 5038 3227 5090 Ui
3257 5035 3437 5089 τοίνυν
3464 5033 3713 5103 τολμῶνο
3750 5070 3762 5129 δ

2125 5139 2216 5187 τες
2252 5123 2432 5192 λέγειν
2466 5123 2724 5195 Θεοφόρον
2752 5124 3038 5196 ἄνθρωπον
3069 5125 3343 5198 ὑπάρχειν
3385 5124 3571 5189 αὑτὸν,
3613 5124 3714 5177 καὶ

2128 5214 2250 5284 οὑχ).
2270 5213 2335 5284 δὴ
2366 5214 2565 5285 μᾶλλον
2596 5214 3096 5287 ὲνανθρωπήσαντα
3116 5217 3272 5283 Θεὸν,
3306 5216 3715 5271 ὑποπίπτουσιν

2130 5304 2443 5372 ἀναγκαίως
2470 5304 2548 5375 τῷ
2572 5307 2920 5379 προκειμένῳ
2947 5307 3399 5379 ἁναθεματισμῷ.

2699 5441 2744 5472 ’⁸
2767 5440 2788 5496 l
2815 5441 2939 5498 Cor.
2973 5456 3057 5511 in,
3092 5441 3180 5499 i6.
3258 5444 3299 5475 ³·
3325 5441 3484 5498 Joan.
3523 5458 3576 5508 χ,
3611 5438 3688 5496 55

1498 5575 1671 5630 Varia:
1703 5575 1966 5630 lectiones
1993 5588 2059 5629 ex
2086 5574 2271 5632 codice
2298 5574 2673 5648 Segnieriano.

526 5720 547 5757 ⁸
575 5716 684 5799 ότι,
714 5713 775 5785 ἢ,
811 5712 912 5768 ἔτι.
988 5720 1015 5747 ιι
1044 5710 1347 5780 γεγονέναι.
1425 5722 1454 5752 ν
1495 5714 1591 5783 μὲν
1613 5711 1742 5782 γάρ.
1821 5725 1848 5752 κ
1874 5711 2057 5765 πάλιν.
