4002 6192
465 278 570 331 507

1487 275 1547 331 S.
1587 273 1858 331 CYRII.”
1899 275 2365 331 ALEXANDIHNI
2406 271 2725 329 ARCHIEP.
2763 326 2779 344 ο

3607 266 3728 325 308

466 394 711 463 pulsum;
769 393 819 448 iu
885 392 1044 465 huius
1116 393 1551 451 anathematismi
1610 394 1846 467 prenam‘
1898 399 2034 453 inci-

2153 416 2217 453 :0t
2277 398 2370 451 καὶ
2426 395 2788 465 ὑποφέρονται
2846 395 2911 464 τῇ
2963 391 3187 463 δυνάμει
3231 390 3334 467 ,τοῦ
3388 389 3726 460 ἀναθεματι-

464 484 619 539 dunt.

843 597 1480 654 ANATIIEMATISMIIS
1524 597 1651 653 Vlll.

538 707 594 763 Si
631 709 752 778 quis
789 709 972 765 dicere
1003 712 1185 776 audet,
1241 711 1511 766 hominem
1554 721 1886 781 assumptum
1929 726 2037 765 una

465 816 588 854 cum
637 801 729 855 Dei
776 799 950 855 Verbo
991 804 1349 868 adoraudmn,
1402 812 1458 857 et
1498 803 2034 873 congloriiicandum,

465 903 516 945 et
554 892 741 956 Deum,
792 900 1046 961 tanquam
1090 894 1320 963 alterum
1358 909 1479 947 cum
1526 893 1716 957 altero.
1751 894 2038 948 (-onnomi-

467 982 699 1035 nandum
758 997 882 1037 esse
917 984 1083 1049 (hunc
1137 985 1283 1039 enim
1342 985 1675 1039 intellectum
1729 984 2034 1054 particula,

463 1072 624 1135 Cum,
666 1074 897 1143 adjecta,
930 1084 1278 1144 perpetuo-ac
1309 1078 1623 1131 necessario
1649 1075 1824 1147 alien)
1853 1084 1904 1130 et
1930 1089 2035 1130 non

466 1163 647 1233 potius
684 1179 789 1217 una
820 1165 1138 1221 adoratione
1163 1165 1567 1221 Emmanuelem
1596 1167 1845 1229 honorat,
1878 1165 2038 1238 155

466 1268 742 1322 unamque
786 1255 864 1310 illi
930 1256 1381 1326 glorificationem
1440 1257 1725 1321 attribuit,
1772 1269 2038 1327 quatenus

465 1341 707 1401 Verbum
735 1345 937 1401 factum
962 1358 1043 1402 est
1073 1362 1201 1402 caro
1235 1364 1250 1401 :
1280 1348 1576 1409 anathema
1604 1348 1693 1402 sit.

967 1458 1266 1513 Declaratio
1317 1468 1522 1513 octava.

536 1569 803 1640 Baptizati
837 1586 1025 1627 sumus
1058 1573 1109 1627 in
1142 1588 1307 1626 unum
1338 1572 1502 1627 Deum
1536 1570 1754 1628 Patrem
1789 1576 2036 1645 omnipo-

466 1671 694 1729 tentem,
744 1672 799 1717 et
843 1663 897 1717 in
950 1680 1115 1718 unum
1150 1663 1371 1731 Filium,
1419 1675 1474 1718 et
1518 1665 1571 1719 itt
1614 1681 1777 1719 unum
1823 1682 2038 1737 quoque

467 1753 730 1824 Spiritum
777 1764 1048 1812 sanctum.
1112 1775 1131 1808 ι
1160 1756 1239 1811 An
1273 1756 1534 1826 ignoratis
1559 1796 1574 1822 ,
1621 1757 1817 1813 fratres
1841 1800 1856 1824 ,
1895 1777 1914 1810 ι
1963 1758 2038 1812 ait

464 1843 659 1898 beatus
683 1844 904 1911 Paulus,
936 1863 956 1897 ι
985 1846 1107 1915 quia
1145 1846 1456 1916 quicunque
1486 1847 1538 1899 in
1555 1845 1830 1901 Christum
1852 1845 2037 1901 Jesum
2072 1843 2113 1896 Β

465 1934 731 2004 haptizati
765 1950 973 2001 sumus,
1003 1936 1057 1991 in
1088 1946 1318 1992 mortem
1345 1937 1512 2007 ipsius
1537 1938 1794 2008 baptizati
1817 1938 2038 1992 sumus?

466 2022 780 2095 Consepuiti
812 2042 940 2098 ergo
974 2042 1162 2082 sumus
1184 2042 1307 2083 cum
1357 2028 1450 2083 illo
1487 2043 1582 2099 per
1615 2029 1939 2097 baptismum
1984 2030 2036 2083 in

464 2127 737 2183 mortem;
777 2128 832 2172 ut
869 2121 1140 2187 quomodo
1168 2120 1422 2177 Christus
1464 2122 1703 2175 surrexit
1738 2137 1767 2174 a
1812 2120 2039 2176 mortuis

465 2221 565 2288 per
590 2207 816 2278 gloriam
844 2209 1045 2275 Patris,
1076 2214 1147 2266 ita
1183 2222 1238 2268 et
1283 2227 1379 2267 nos
1409 2212 1462 2267 in
1505 2214 1744 2267 novitate
1775 2213 1896 2267 vita:
1925 2228 2037 2267 am-

466 2298 714 2354 bulemus
734 2300 800 2353 '3.
831 2319 852 2353 ι
884 2301 1225 2357 Credidimus
1251 2301 1454 2373 itaque,
1490 2312 1546 2357 et
1570 2301 1830 2372 baptizati
1854 2317 2040 2356 sumus

468 2389 521 2442 in
556 2406 741 2455 unum,
771 2403 829 2446 ut
858 2392 990 2459 dixi,
1019 2392 1213 2447 Filium
1252 2392 1819 2449 Dominum'nostrum
1853 2393 2037 2448 Jesum

466 2477 768 2546 Christum,
817 2481 920 2537 hoc
968 2491 1071 2547 est,
1110 2484 1482 2548 iucarnatum,
1529 2484 1916 2552 hominemque
1957 2484 2037 2537 fa-

467 2582 616 2625 ctum
662 2569 757 2627 Dei
802 2567 983 2629 Patris
1036 2573 1320 2639 Verbum;
1363 2589 1640 2644 unumque
1685 2574 2037 2629 exsistentem

465 2672 522 2717 et
550 2662 718 2717 Deum
745 2664 976 2719 adorare
1009 2666 1185 2720 edocti
1242 2680 1452 2731 sumus,
1482 2681 1546 2721 ac
1581 2681 1831 2735 superna:
1865 2667 2037 2721 virtu-

468 2763 550 2807 tes
599 2754 899 2809 nobiscum.
949 2755 1222 2826 Scriptum
1274 2767 1358 2812 est
1401 2758 1586 2812 enim:
1625 2776 1643 2809 ι
1672 2756 1807 2811 Cum
1858 2767 2038 2812 autem

465 2844 769 2901 introducit
809 2846 1236 2925 Primogenitum
1294 2849 1347 2903 in
1398 2849 1584 2904 orbem
1631 2858 1808 2914 terrm,
1861 2849 2035 2903 dicit:

464 2934 533 2990 Et
567 2938 799 2992 adorent
846 2952 970 2993 eum
1016 2954 1204 2996 omnes
1240 2940 1425 3011 angeli
1456 2939 1548 2994 Dci
1573 2939 1638 2992 ".
1673 2958 1690 2990 ›
1729 2938 1923 2993 Factus
1958 2945 2040 2992 est

465 3038 648 3085 autem
678 3028 1002 3102 Unigenitus
1039 3031 1456 3102 primogenitus,
1493 3031 1707 3100 quando
1748 3031 1911 3084 homo
1942 3046 2039 3082 no-

372 3155 381 3169 ι
467 3122 552 3176 his
608 3121 803 3177 similis
854 3122 1147 3193 apparuit;
1179 3131 1308 3176 tunc
1367 3122 1510 3176 enim
1563 3122 1773 3176 illorum
1821 3134 2037 3190 quoque

463 3212 639 3269 frater
688 3192 997 3284 appellatus
1029 3223 1134 3279 est,
1184 3214 1272 3282 qui
1327 3213 1474 3268 illum
1521 3212 1771 3282 diligunt.
1817 3213 1872 3266 Si
1924 3192 2112 3282 quisC

463 3319 595 3374 ergo
618 3303 765 3357 illum
803 3303 963 3358 simul
1013 3304 1228 3358 adorari
1275 3304 1427 3368 dicit,
1470 3310 1723 3373 tanquam
1768 3302 2041 3356 hominem

464 3406 735 3456 seorsum,
789 3407 912 3447 cum
961 3392 1053 3447 Dei
1113 3392 1292 3449 Patris
1326 3392 1500 3449 Verbo
1556 3402 1809 3462 tanquam
1870 3394 2044 3448 altero

465 3482 536 3534 ah
571 3482 707 3549 ipso,
736 3490 790 3536 et
819 3496 927 3536 non
979 3484 1274 3537 secundum
1306 3497 1490 3537 veram
1530 3482 1782 3535 unionem
1815 3481 2045 3551 conjun-

467 3584 599 3637 gens
646 3569 700 3624 in
746 3585 910 3624 unum
957 3570 1232 3625 Christum
1282 3580 1336 3625 et
1385 3569 1580 3624 Filium
1635 3581 1688 3624 et
1734 3572 2043 3635 Dominum,

469 3675 576 3714 una
627 3659 948 3716 adoratione
996 3662 1247 3731 honorat,
1288 3660 1666 3731 juste‘virtuti
1709 3662 1868 3733 hujus
1910 3677 2042 3717 ana-

470 3753 800 3810 thematismi
835 3755 1142 3826 subjicitur.

862 3868 1504 3927 ANATIIEMATISMUS
1542 3869 1637 3926 IX.

538 3977 599 4035 Si
629 3980 753 4050 quis
798 3996 964 4035 unum
995 3982 1280 4038 Dominum
1305 3980 1487 4037 Jesum
1522 3979 1805 4036 Christum
1857 3997 1887 4036 a
1915 3981 2039 4051 Spi—

470 4076 581 4130 ritu
625 4074 986 4131 clariﬁcatum
1037 4075 1273 4141 dixerit,
1327 4074 1544 4144 propria
1584 4075 1784 4130 virtute
1830 4075 2000 4143 ipsius
2027 4118 2043 4143 ,

477 4174 734 4233 tanquam
778 4164 955 4220 aliena
993 4172 1268 4231 utentem;
1297 4180 1362 4220 ac
1394 4166 1501 4219 vim
1529 4174 1584 4219 et
1632 4165 1928 4221 eliieaciam
1977 4168 2045 4222 ab

475 4253 667 4308 eodem
717 4255 1014 4323 accepisse,
1068 4270 1173 4324 qua
1230 4264 1417 4309 contra
1467 4254 1776 4310 immundos
1821 4257 2044 4324 spiritus

474 4353 817 4413 operaretur,
858 4355 914 4400 et
943 4346 1125 4400 divina
1182 4346 1323 4402 inter
1363 4348 1611 4402 homines
1653 4349 1913 4404 miracula
1950 4366 2044 4419 pa-

473 4442 665 4500 traret,
719 4450 783 4490 ac
833 4451 938 4491 non
971 4437 1148 4506 potius
1195 4440 1369 4506 ipsum
1423 4438 1704 4506 Spiritum,
1757 4454 1854 4509 per
1883 4456 2040 4509 quem

2145 509 2306 562 σμυυ.

2571 597 3158 653 ΑΝΑΘΕΜΑΤΙΣΜΟΣ
3196 598 3277 650 Η⁹.

2216 716 2285 768 Εἴ
2327 733 2407 779 τις
2456 714 2628 784 τολμᾷ
2670 713 2850 780 λέγειν
2883 711 2971 765 τὸν
3011 707 3391 778 ἀναληφθέντα
3432 703 3724 775 ἄνθρωπον

2146 805 2679 879 συμπροσκυνεῑσθαι
2726 806 2835 858 δεῖν
2875 802 2951 874 τῷ
2977 801 3095 872 Θεῷ
3119 802 3304 870 Λόγῳ,
3336 800 3432 853 καὶ
3464 796 3723 861 συνδοξά-

2145 900 2355 964 ζεσθαι,
2375 900 2470 952 καὶ
2500 896 2966 968 συγχρηματίζειν
2983 904 3004 930 ι
3030 892 3183 955 Θεὸν,
3199 892 3274 953 ὡς
3293 892 3479 961 ἕτερον
3506 889 3684 960 ἑτέρῳ
3702 905 3721 919 ’

2143 992 2206 1047 τὸ
2232 991 2361 1062 γὰρ,
2398 990 2522 1055 Σύν,
2555 989 2642 1042 ἀεὶ
2673 986 3100 1057 προστιθέμενον
3124 984 3282 1037 τοῦτο
3305 984 3447 1035 νοεῖν
3470 983 3724 1048 ἀναγκά-

2146 1100 2226 1136 σει
2247 1100 2259 1111 ·
2297 1083 2389 1135 καὶ
2423 1082 2544 1152 οὑχὶ
2573 1082 2636 1150 δὴ
2679 1080 2878 1150 μᾶλλον
2911 1081 3009 1148 μιᾷ
3046 1077 3420 1148 προσκυνήσει
3457 1076 3596 1145 τιμᾷ
3623 1073 3724 1127 τὸν

2157 1171 2502 1244 Ἐμμανουήλ
2528 1212 2541 1234 ,
2591 1171 2686 1224 καὶ
2733 1169 2862 1241 μίαν
2918 1167 3067 1237 αὐτῷ
3107 1166 3207 1237 τὴν
3253 1164 3545 1235 ὁμολογίαν
3589 1180 3722 1217 συν-

2145 1264 2308 1318 άπτει
2340 1277 2389 1331 ι,
2419 1262 2553 1318 καθὸ
2579 1263 2768 1331 γέγονε
2805 1257 2939 1331 σὰρξ
2965 1260 2994 1312 ὁ
3030 1258 3233 1326 Λόγος·
3270 1255 3519 1326 ἀνάθεμα
3552 1254 3722 1308 ἔστω.

2719 1463 3030 1527 Ἐπίλυσις
3083 1465 3151 1526 η’.

2215 1581 2310 1643 Εἰς
2338 1580 2435 1633 ἕνα
2470 1576 2623 1641 Θεὸν,
2651 1575 2871 1646 Πατέρα
2901 1573 3338 1643 παντοκράτορα,
3375 1568 3467 1623 καὶ
3502 1569 3582 1632 εἰς
3619 1567 3724 1621 ἕνα

2145 1671 2309 1736 Υἱὸν,
2373 1669 2467 1722 καὶ
2516 1667 2622 1738 μὴν
2676 1666 2771 1720 καὶ
2803 1666 2880 1728 εἰς
2921 1664 2978 1716 ἒν
3007 1662 3231 1734 Πνεῦμα
3266 1662 3418 1730 ἅγιον
3457 1659 3723 1727 βεϐαπτίο

2147 1763 2353 1832 σμεθα·
2411 1755 2532 1813 εἶτά
2600 1774 2763 1828 φησιν
2834 1757 2863 1808 ό
2933 1755 3199 1825 μακάριος
3247 1750 3494 1814 Παῦλος,
3547 1769 3565 1801 ι
3601 1750 3723 1803 Οὐκ

2143 1834 2494 1918 οἴδατεμότι
2555 1850 2668 1903 ὅσοι
2726 1850 2806 1911 εἰς
2858 1846 3091 1916 Χριστὸν
3142 1842 3578 1911 ἐϐαπτίσθημεν,
3637 1842 3723 1904 εἰς

2145 1944 2236 1997 τὸν
2308 1942 2538 1997 θάνατον
2602 1939 2766 1995 αὐτοῦ
2829 1935 3272 2006 ἐϐαπτίσθημενς
3329 1932 3722 2001 Συνετάερημεν

2145 2029 2239 2089 οὖν
2289 2033 2437 2104 αὑτῷ
2480 2032 2568 2085 διὰ
2598 2030 2690 2083 τοῦ
2727 2028 3102 2099 βαπτίσματος
3136 2023 3298 2077 αὐτοῦ
3331 2025 3409 2086 εἰς
3437 2022 3529 2075 τὸν
3558 2022 3722 2074 θάνα-

2144 2138 2268 2177 τονο
2301 2124 2388 2176 ἵνα
2430 2121 2618 2190 ὥσπερ
2642 2118 2853 2189 ἠγέρθη
2893 2114 3127 2187 Χριστός
3157 2115 3221 2166 ἐκ
3261 2112 3468 2182 νεκρῶν
3496 2110 3582 2164 διά
3619 2110 3720 2180 τῆς

2146 2214 2303 2285 δόξης
2327 2212 2422 2268 τοῦ
2453 2210 2689 2283 Πατρδς,
2708 2207 2965 2261 οὕτωκαὶ
2994 2207 3152 2277 ἡμεῖς
3175 2207 3231 2257 ὲν
3260 2204 3538 2272 καινότητι
3570 2201 3721 2271 ζωῆς

2151 2306 2638 2377 περιπατήσωμεν.
2666 2321 2684 2353 ι
2711 2296 3163 2367 Πεπιστεύκαμεν
3200 2295 3396 2358 τοίνυν,
3438 2293 3529 2347 καὶ
3554 2291 3722 2360 βεϐαι-

2147 2395 2425 2466 πτίσμεθα
2453 2395 2533 2455 εἰς
2563 2393 2662 2446 ἕνα
2689 2431 2702 2455 ,
2735 2390 2986 2460 καθάπερ
3020 2387 3178 2457 ἔφην,
3217 2385 3344 2438 Υἱὺν
3383 2384 3473 2436 τὸν
3511 2383 3722 2454 Κύριον

2147 2490 2303 2561 ἡμῶν
2324 2480 2546 2557 ’Ἰησοῦν
2577 2481 2833 2555 Χριστὸν,
2876 2480 3162 2544 τουτέστι,
3202 2474 3619 2548 σεσαρκωμένον
3654 2489 3721 2526 τε

2148 2582 2241 2637 καὶ
2267 2579 2764 2649 ὲνανθρωπήσαντα
2792 2575 2881 2628 τὸν
2914 2576 2978 2627 ἐκ
2999 2568 3134 2625 Θεοῦ
3165 2565 3376 2638 Πατρός
3400 2567 3591 2634 Λόγον,
3619 2564 3723 2618 ἕνα

2146 2692 2205 2728 τε
2250 2674 2381 2728 ὄντα
2433 2671 2615 2725 Θεὸνὶι
2668 2668 2990 2740 προσκυνεῖν
3035 2658 3409 2731 δεδιδάγμεθα,
3454 2659 3551 2711 καὶ
3594 2656 3723 2727 μεθ’

2147 2766 2307 2839 ἡμῶν
2333 2767 2388 2818 αἱ
2417 2764 2528 2819 ἀνω
2559 2761 2850 2830 δυνάμεις·
2879 2758 3192 2827 γέγραπται
3218 2754 3361 2823 γάρ·
3399 2770 3418 2803 ι
3452 2747 3725 2839 Ὅταν-ξι

2147 2833 2512 2928 προσαγάγῃο
2545 2851 2635 2904 τὸν
2661 2848 3006 2921 πρωτότοκον
3023 2846 3102 2907 εἰς
3127 2843 3223 2912 τὴν
3252 2840 3601 2909 οἰκουμένην,
3628 2833 3725 2928 λέ-

2146 2924 2266 3015 γει*
2311 2944 2422 2998 Καὶ
2450 2924 2989 3014 προσκυνησάτωσαν
3036 2931 3235 2988 aut:de
3270 2932 3471 2991 πάντες
3501 2924 3722 2996 ἄγγελοι

2147 3034 2306 3091 Θεοῦ.
2332 3055 2350 3086 ι
2384 3034 2579 3103 Γέγονε
2613 3032 2670 3084 δὲ
2700 3029 3043 3100 πρωτότοκος
3066 3028 3094 3079 ό
3124 3021 3547 3092 Μονογενὴς,ὅτι
3572 3017 3667 3071 καὶ
3691 3027 3721 3057 ο

2148 3129 2434 3201 ἄνθρωπος
2470 3125 2678 3195 πέφηνε
2707 3121 2829 3177 καθ’
2857 3122 3001 3191 ἡμᾶς
3024 3135 3037 3148 ⁸
3085 3117 3206 3170 τότε
3237 3114 3344 3186 γὰρ
3370 3114 3464 3166 καὶ
3492 3109 3723 3178 ἀδελφὸς

2148 3221 2520 3295 κεχρημάτικε
2558 3217 2666 3271 τῶν
2703 3213 3042 3284 ἀγαπώντων
3087 3209 3269 3263 αὐτόν.
3329 3205 3395 3259 Εἴ
3417 3222 3502 3268 τις
3537 3203 3722 3295 τοίνυν

2147 3291 2685 3385 συμπροσκυνεῖσθαί
2727 3305 2748 3345 ί
2821 3321 2987 3374 φησιν
3044 3302 3119 3365 ὡς
3182 3298 3468 3385 ἄνθρωπον
3533 3291 3724 3385 ἱδικῷς

2146 3381 2362 3477 ἐτέρῳε
2394 3402 2523 3473 παρ’
2567 3398 2730 3453 αὐτὸν
2776 3396 3075 3466 ὑπάρχοντι
3122 3390 3199 3461 τῷ
3230 3391 3295 3443 ὲκ
3336 3384 3471 3441 Θεοῦ
3502 3381 3725 3477 Πατρός

2147 3471 2327 3560 on-qi,
2367 3471 2618 3556 καὶήούχὶ
2648 3482 2771 3538 καθ’
2811 3483 3005 3534 ἕνωσιν
3039 3477 3214 3548 ἀληθῆ
3255 3471 3592 3543 συνενεγκὼν
3637 3472 3723 3535 εἰς

2145 3581 2243 3634 ἕνα
2296 3578 2550 3650 Χριστὸν,
2606 3574 2698 3629 καὶ
2750 3573 2900 3638 rem,
2958 3570 3053 3624 καὶ
3107 3568 3336 3638 Κύριον,
3403 3566 3502 3636 μιᾷ
3555 3578 3725 3650 προσέ

2147 3649 2370 3743 κυνήσει
2399 3669 2571 3738 τιμᾷ,
2607 3663 2941 3735 ὑποφέρεται
2974 3658 3198 3722 δικαίως
3244 3659 3310 3728 τῇ
3356 3655 3584 3725 δυνάμει
3623 3649 3722 3705 τοῦ

2145 3757 2612 3832 ἀναθεματισμοῦ.

2570 3866 3159 3924 ΔΝΑΘΕΜᾹΤΙΣΜΟΣ
3194 3862 3274 3920 Θ’.

2218 3990 2286 4044 Εἴ
2320 4006 2404 4053 τις
2440 4002 2596 4057 φησι,
2642 3983 2732 4036 τὸν
2761 3982 2858 4035 ἕνα
2891 3978 3094 4049 Κύριον
3131 3973 3335 4045 Ἰησοῦν
3366 3970 3604 4043 Χριστὸν
3638 3967 3726 4021 δο-

2149 4077 2449 4149 ξάζεσθαιιι
2485 4076 2637 4150 παρὰ
2670 4074 2764 4128 τοῦ
2796 4071 3116 4142 Πνεύματος
3135 4109 3150 4133 ,
3179 4069 3255 4131 ὡς
3278 4063 3533 4136 ἀλλοτρίᾳ
3555 4061 3724 4115 δυνά-

2151 4194 2242 4248 μει
2264 4178 2331 4245 τῇ
2364 4174 2471 4243 ἰδεα
2497 4169 2660 4225 αὐτοῦ
2683 4166 2987 4239 χρώμενον,
3022 4164 3116 4218 καὶ
3135 4162 3266 4232 παρ’
3296 4157 3460 4214 αὐτοῦ
3485 4156 3728 4248 λαϐόντα

2145 4244 2209 4318 τὸ
2240 4244 2485 4332 ἐνεργεῖν
2531 4256 2792 4311 δύνασθαι
2822 4254 2965 4307 κατά
3010 4249 3339 4320 πνευμάτων
3368 4244 3726 4332 ἀκαθάρτων,

2148 4355 2242 4408 καὶ
2284 4353 2346 4406 τὸ
2371 4348 2611 4419 πληροῦν
2645 4348 2725 4410 εἰς
2752 4344 3071 4412 ἀνθρώπους
3112 4343 3209 4405 τὰς
3242 4336 3600 4409 θεοσημίαςί,

2148 4423 2269 4514 οὐδε).
2296 4444 2362 4513 δὴ
2392 4416 2591 4513 μᾶλλον
2619 4439 2747 4492 ἴδιον
2781 4434 2947 4490 αὑτοῦ
3000 4434 3061 4488 1b
3105 4430 3333 4502 Πνεῦμά
3366 4445 3522 4498 φησι,
3554 4424 3623 4480 δι’
3660 4416 3726 4480 οὗ

469 4522 653 4577 divina
697 4523 850 4592 signa
883 4524 1074 4592 edidit,
1104 4525 1249 4580 illius
1290 4526 1566 4596 proprium
1596 4542 1718 4585 esse
1759 4530 2042 4589 confessus

2153 4539 2244 4591 καὶ
2267 4536 2539 4607 ἐνήργησε
2569 4532 2668 4596 τὰς
2697 4529 2993 4629 θεοσημίας
3019 4525 3066 4578 ἱ·
3104 4523 3355 4593 ἀνάθεμα
3380 4519 3542 4573 ἔστω.

469 4614 666 4671 fuerit:
696 4617 985 4672 anathema
1015 4617 1107 4674 sit.

1007 4729 1307 4784 Declaralio
1339 4746 1497 4786 nona.

537 4837 677 4895 Etsi
709 4839 1045 4908 unigenitum
1091 4840 1181 4896 Dei
1214 4841 1446 4898 Verbum
1493 4843 1655 4897 homo
1687 4844 1886 4899 factum
1931 4855 2033 4911 est,

465 4930 661 4987 mansit
693 4939 870 4985 tamen
926 4931 1069 5003 Deus
1102 4933 1282 4987 omnia
1319 4934 1475 5004 155
1500 4944 1691 5002 praeter
1729 4937 1898 4990 solam
1942 4952 2039 5007 pa-

465 5021 775 5075 ternitatem
845 5035 966 5075 cum
1018 5018 1183 5076 Patre
1226 5024 1535 5078 communia
1589 5024 1834 5080 habens:
1867 5026 2039 5095 Spiri-

468 5121 690 5180 tumque
724 5121 996 5178 sanctum,
1033 5111 1123 5182 qui
1162 5127 1225 5167 ex
1262 5113 1379 5180 ipso
1404 5124 1505 5178 est,
1535 5115 1745 5185 ipsique
1769 5118 2036 5171 essentia-

467 5198 591 5256 liter
619 5200 783 5265 inest.
816 5204 1094 5273 proprium
1121 5204 1347 5270 habens,
1380 5206 1575 5261 divinae
1599 5207 1851 5276 potentize
1887 5208 2038 5275 signa

534 5361 580 5393 ³⁸
605 5360 762 5417 lium.
791 5379 866 5427 vr,
905 5365 939 5419 5
968 5383 1122 5436 seqq.
1196 5368 1242 5399 "
1270 5367 1431 5423 Hebr.
1466 5383 1506 5432 I,
1536 5368 1590 5423 6.

2723 4731 3042 4795 Ἐπίλυσις
3080 4731 3150 4782 θ’.

2222 4847 2552 4919 Ἀνθρωπος
2584 4843 2823 4914 γεγονὼς
2856 4843 2885 4895 ὁ
2912 4838 3204 4912 μονογενὴς
3233 4837 3329 4891 τοῦ
3367 4835 3502 4888 Θεοῦ
3529 4834 3733 4902 Λόγος,

2147 4939 2541 5010 ἀπομεμένηκε
2576 4936 2667 4991 καὶ
2712 4936 2855 4988 οὕτω
2903 4933 3037 4998 Θεὸς
3059 4972 3073 4997 ,
3110 4930 3289 4984 πάντα
3327 4928 3590 4998 ὑπάρχων
3626 4924 3737 4977 ὅσα

2149 5033 2243 5086 καὶ
2276 5032 2305 5084 ὁ
2331 5030 2542 5102 Πατὴρ,
2574 5029 2698 5099 δίχα
2734 5028 2894 5098 μόνου
2917 5025 3009 5079 τοῦ
3034 5020 3175 5078 εἶναι
3208 5021 3401 5093 Πατήρ
3423 5037 3436 5048 ·
3468 5016 3565 5071 καὶ
3595 5015 3736 5069 ῐδιον

2148 5122 2287 5192 ἔχων
2333 5121 2393 5174 τὸ
2435 5120 2494 5185 εξ
2553 5118 2739 5183 αὐτοῦ,
2778 5119 2871 5172 καὶ
2913 5114 3187 5178 οὐσιωδῶς
3218 5109 3534 5186 ἐμπεφυκὸς
3577 5105 3738 5177 αὐτῷ

2150 5212 2376 5283 Πνεῦμα
2404 5213 2578 5277 ἅγιον,
2606 5208 2894 5282 εἰργάζετο
2919 5209 3017 5272 τὰς
3034 5204 3340 5278 ιθεοσημιας
3356 5208 3381 5243 κ
3406 5217 3420 5232 °
3461 5200 3608 5255 ὥστε
3633 5198 3739 5252 καὶ

1522 5504 1693 5560 Variae
1718 5507 1978 5562 lectiones
2009 5521 2074 5560 ex
2109 5506 2294 5563 codice
2326 5508 2695 5580 Seguiertano.

542 5630 565 5657 ῑ
604 5618 1046 5688 συσχηματίζειν.

1128 5634 1151 5661 ³
1180 5622 1486 5696 δοξο).ογίαν
1515 5626 1765 5690 ἀνάπτει,
1792 5627 1946 5696 alias,
1977 5627 2311 5696 ἀναπέμπει.
2379 5628 2405 5667 b
2436 5629 2530 5680 καὶ
2559 5627 2711 5679 Θεόν.

2818 5624 3155 5697 εείσαγάγῃ.
3264 5620 3519 5697 ᾆαύτῷη
3588 5620 3738 5677 εὖτε

466 5691 582 5745 καί.
673 5691 690 5728 ί
729 5691 1172 5759 προσκυνεῖσθαι.
1241 5696 1264 5732 ⁸
1296 5695 1386 5745 καὶ
1420 5696 1494 5756 ὡς
1526 5697 1714 5767 ἑτέρῳ.
1794 5694 1820 5734 δ
1851 5691 2182 5760 δεδοξάσθαι.
2252 5698 2281 5737 -ί
2319 5696 2664 5769 θεοσημείας.
2749 5691 3133 5768 ιθεοσημείαςῖ
3204 5696 3227 5735 ι
3259 5693 3608 5765 θεοσημείυις-
