4002 6192
276 244 397 323 Sos

1367 258 1780 318 EXPLICA'l'lO
1818 259 2177 322 DUODECIM
2216 266 2548 328 CAPITUlf.

3485 280 3591 339 Sil)

288 381 601 448 ἄνθρωπος
659 374 948 444 γεγονὼς,
998 373 1374 447 ἐπιμεμέντικι
1425 377 1519 431 καὶ
1561 368 1703 433 δετω
1736 377 1899 442 Θεός·

2010 387 2357 452 operabatur.
2400 387 2583 454 Quare
2631 395 2983 460 posteaquam
3028 391 3190 446 homo
3236 390 3437 447 factum
3482 403 3588 463 est,

289 469 436 522 ὥστε
470 467 591 539 ἰδία
618 467 865 537 δυνάμει
892 469 962 538 τῇ
989 465 1078 545 διὰ
1104 466 1199 521 τοῦ
1229 466 1546 539 Πνεύματος
1570 468 1812 541 ἐπλήρου
1836 471 1906 524 τὰ

293 560 584 627 θαύματα.
620 560 696 612 Ol.
722 559 784 612 δὲ
814 558 1088 628 λέγοντες,
1119 559 1193 621 ὡς
1226 558 1509 629 ἄνθρωπον
1540 559 1637 614 ἕνα
1663 559 1755 613 τὸν
1783 561 1904 614 καθ’

290 652 467 720 ἡμᾶς,
492 650 692 719 ἧγουν
716 648 828 702 τῶν
857 648 1053 717 ἁγίων,
1081 647 1392 714 δεδοξάσθαι
1423 649 1586 703 αὑτὸν
1612 652 1680 721 τῇ
1702 649 1791 704 διὰ
1808 648 1903 703 τοῦ

292 738 637 809 Πνεῦματος
700 738 972 809 ινεργείᾳ,
1021 738 1120 808 οὐχ
1173 737 1249 801 ὡς
1283 738 1387 809 ἰδίᾳ
1427 739 1647 809 μᾶλλον,
1684 739 1799 792 ἀλλ’
1828 737 1905 803 ὡς

292 832 585 903 ἀλλοτρίᾳ,
650 832 754 886 καὶ
804 832 866 884 οὗ
908 830 1205 901 θεοπρεπεί
1230 826 1534 901 χρώμενον,
1581 833 1677 887 καὶ
1721 831 1797 896 ὡς
1844 832 1905 884 ὲν

294 929 523 997 χάριτος
557 925 740 997 μέρει
789 924 974 978 λαϐεῖν
1024 922 1178 994 παρὰ
1219 922 1315 975 τοῦ
1346 922 1663 992 Πνεύματος
1687 922 1787 991 τὴν
1825 923 1905 985 είς

294 1018 563 1088 οὐρανοὺς
591 1015 914 1085 ἀνάληψιν·
956 1013 1339 1067 ὑποκείσονται
1383 1011 1606 1075 δικαίως
1643 1011 1708 1081 τῇ
1744 1011 1902 1065 δυνά-

303 1124 391 1179 μει
418 1106 517 1161 τοῦ
554 1104 1054 1177 ἁναθεματισμοῦ.

756 1224 1348 1299 ΑΝΑΘΕΜΑῩΙΣΜΟΣ
1387 1245 1441 1299 ι’.

384 1380 694 1452 Ἀρχιερέα
719 1421 735 1444 ,
788 1381 883 1434 καὶ
929 1380 1225 1435 ἀπόστολον
1264 1380 1366 1449 τῆς
1400 1379 1691 1449 ὁμολογίας
1742 1380 1903 1451 ἡμῶν

311 1473 648 1542 γεγενῆσθαι
674 1472 913 1542 Χριστὸν
938 1473 972 1542 ὴ
1001 1471 1121 1524 θεία
1148 1470 1298 1540 λέγει
1326 1472 1514 1543 Γραφή
1537 1488 1550 1502 ⁸
1598 1489 1900 1543 προσκεκο-

317 1561 533 1629 μικέναι
556 1562 624 1614 δὲ
652 1562 850 1615 ἑαυτὸν
879 1562 1020 1630 ὑπὲρ
1050 1560 1209 1631 ἡμῶν
1238 1563 1319 1625 είς
1346 1563 1523 1633 ὀσμὴν
1556 1563 1783 1628 εὐωδίας
1823 1564 1900 1634 τῷ

317 1653 432 1723 Θεῷ
465 1655 564 1707 καὶ
612 1654 813 1724 Πατρί.
852 1652 918 1705 Εἴ
954 1670 1034 1715 τις
1077 1653 1259 1706 τοίνυν
1297 1654 1595 1725 ἀρχιερέα,
1643 1655 1735 1708 καὶ
1769 1655 1896 1708 ἀπό.

2012 474 2153 529 Deus
2204 476 2367 531 etiam
2408 478 2495 532 sic
2538 480 2874 547 permansit;
2911 488 3071 549 atque
3107 482 3182 535 ita
3237 483 3453 552 propria
3499 497 3595 552 per

2009 562 2272 636 Spiritum
2322 568 2524 623 virtute
2568 567 2828 623 miracula
2881 571 3151 638 patrahat.
3194 572 3294 638 Qui
3338 588 3470 627 vero
3513 574 3593 627 di~

2005 666 2155 723 cunt,
2186 658 2361 725 illum,
2395 669 2652 728 tanquam
2688 675 2854 713 unum
2888 663 3195 732 quempiam
3225 678 3255 718 e
3284 665 3461 729 nobis,
3492 665 3590 720 hoc

2005 755 2088 801 est
2136 761 2167 803 e
2217 749 2393 803 sancti
2442 749 2683 818 Spiritus
2724 750 3038 819 operatione
3086 750 3467 817 clarificatum.
3503 738 3607 808 ea-i

2004 850 2130 905 que,
2166 853 2272 892 non
2321 848 2378 893 ut
2422 840 2663 911 propria,
2716 839 2809 894 sed
2856 848 3114 909 tanquam
3158 840 3353 906 aliena,
3389 853 3442 895 et
3474 857 3592 912 qua:

2006 926 2175 983 Deum
2217 946 2324 984 non
2388 931 2604 995 deceat,
2653 948 2836 996 usum,
2895 948 3106 987 necnon
3155 937 3307 1003 quasi
3358 926 3591 1006 Spiritus

2004 1020 2179 1088 gratia
2210 1021 2275 1074 ad
2324 1021 2495 1076 cmlos
2525 1036 2645 1077 esse
2680 1033 3023 1092 assumptum
3054 1041 3071 1079 :
3108 1024 3181 1080 illi
3222 1026 3423 1082 merito
3456 1042 3590 1082 ana-

2007 1109 2336 1165 thematismi
2373 1111 2531 1181 hujus
2564 1114 2749 1167 virtuti
2792 1100 3173 1184 sulijacebunl.

2420 1243 3064 1302 ANATHEMATISMUS
3103 1249 3170 1303 Χ.

2075 1376 2439 1434 Confessionis
2486 1389 2682 1436 nostra:
2721 1371 3127 1451 pontificem'et
3154 1386 3455 1453 apostolum
3500 1391 3584 1443 la-

2003 1481 2148 1527 ctum
2203 1488 2325 1528 esse
2397 1474 2677 1529 Christum
2744 1475 3026 1545 Scriptura
3076 1478 3255 1532 divina
3315 1479 3583 1535 docet":

2003 1558 2263 1613 obtulisse
2285 1573 2501 1628 quoque
2540 1559 2899 1628 semetipsum
2938 1575 3035 1629 pro
3071 1562 3226 1616 nobis
3262 1562 3369 1616 Deo
3401 1572 3452 1616 et
3483 1563 3587 1618 Pa-

2005 1650 2071 1704 tri
2102 1658 2157 1706 et
2184 1653 2235 1705 in
2267 1652 2490 1706 odorem
2536 1652 2829 1708 suavitatis
2852 1653 2922 1706 ³¹.
2953 1654 3008 1708 Si
3040 1654 3162 1723 quis
3201 1669 3333 1724 ergo
3362 1654 3581 1719 dixerit,

323 1746 503 1798 στολον
548 1745 716 1817 ἡμῶν
762 1744 1098 1813 γεγενῆσθαί
1150 1761 1315 1814 φησιν
1357 1746 1457 1798 οὐκ
1499 1746 1660 1799 αὐτὸν
1707 1746 1797 1799 τὸν
1835 1747 1900 1799 ἐκ

2006 1742 2314 1810 pontificem
2360 1752 2416 1797 et
2445 1743 2753 1812 apostolum
2797 1755 3043 1799 nostrum
3094 1760 3201 1800 non
3238 1760 3362 1800 esse
3407 1746 3582 1816 ipsum

325 1838 458 1892 θεοῦ
485 1840 703 1909 [ἰατρὸς
731 1838 930 1907 Λόγον,
957 1838 1047 1890 ὅτε
1075 1838 1266 1906 γέγονε
1297 1836 1461 1909 σὰρξ,
1488 1838 1580 1892 καὶ
1608 1838 1729 1892 καθ’
1755 1840 1902 1909 ἡμᾶς

335 1930 631 2001 ἅνθρωπος,
652 1930 768 1984 ἀλλ’
799 1929 877 1993 ὡς
898 1930 1090 2000 ἕτερον
1115 1929 1245 2000 παρ’
1268 1929 1449 1993 αὐτὸν,
1484 1929 1663 1993 ίδικῶς
1695 1929 1903 2001 ἄνθρω-

341 2037 439 2072 mu
465 2023 528 2074 ὲκ
545 2019 825 2090 γυναικός’
856 2021 891 2090 ἢ
921 2021 975 2074 εῐ
999 2038 1084 2083 τις
1130 2019 1289 2088 λέγει
1322 2020 1461 2093 ὑπὲρ
1488 2018 1719 2092 ιὲαυτοῦ
1742 2038 1905 2093 προσ-

354 2114 579 2179 ενεγκεῖν
619 2112 773 2166 αὐτὸν
802 2111 900 2182 τὴν
929 2111 1269 2183 προσφορὰν,
1319 2112 1416 2165 καὶ
1442 2112 1563 2183 οὐχὶ
1594 2112 1658 2183 δὴ
1702 2112 1903 2183 μᾶλλον

364 2202 500 2273 ὓπερ
528 2203 684 2272 μόνων
722 2203 907 2274 ἡμῶν*
959 2203 1021 2255 οὐ
1057 2203 1165 2273 γὰρ
1199 2202 1266 2255 ἂν
1297 2202 1493 2273 ἐδεήθη
1521 2204 1835 2274 προσφορᾶς
1872 2205 1901 2256 ὁ

371 2290 447 2360 μὴ
468 2294 613 2351 εἱδὼί
642 2294 920 2364 ἁμαρτίαν·
955 2295 1206 2364 ἀνάθεμα
1239 2293 1402 2350 ἔστω.

917 2487 1230 2551 Ἐπίλυσις
1260 2494 1311 2542 ι’.

401 2594 621 2665 Σμίκρὰ
666 2595 765 2665 μὲν
805 2597 1250 2668 ὁμολογουμένως
1290 2597 1370 2668 τῷ
1408 2599 1474 2653 ὲκ
1507 2599 1643 2653 Θεοῦ
1689 2601 1905 2673 Πατρὸς

325 2686 482 2756 φύντι
530 2688 692 2758 Λόγῳ
723 2688 794 2741 τὰ
814 2688 1148 2760 ἀνθρώπινα.
1176 2688 1324 2761 Πλὴν
1356 2690 1471 2744 ἀλλ’
1491 2692 1592 2745 οὔκ
1621 2692 1903 2765 ἀπόϐλητα

320 2776 406 2830 διὰ
432 2779 530 2850 τὴν
558 2780 894 2850 οἰκονομίαν.
946 2780 1151 2851 Κύριος
1183 2781 1290 2852 γὰρ
1329 2780 1406 2835 ὣν
1436 2783 1545 2836 τῶν
1581 2782 1717 2838 ὅλων
1762 2784 1905 2838 κατὰ

319 2871 498 2938 φύσιν,
542 2871 788 2941 καθῆκεν
827 2871 1020 2924 ἑαυτὸν
1060 2872 1119 2923 ὲν
1152 2874 1265 2934 τοῖς
1298 2872 1420 2926 καθ’
1462 2874 1642 2945 ἡμᾶς,
1688 2875 1903 2946 μορφὴν

316 2959 500 3013 δούλου
544 2960 762 3015 λαϐώνο
804 2963 899 3016 καὶ
932 2962 1339 3034 κεχρημάτικεν
1376 2965 1536 3035 ἡμῶν
1576 2967 1672 3021 καὶ
1713 2969 1902 3038 ἀρχιε-

2006 1830 2096 1884 Dei
2126 1830 2763 1904 Verbum,posteaquam
2798 1849 2924 1890 caro
2957 1844 3009 1889 et
3051 1835 3212 1890 homo
3242 1835 3397 1890 nobis
3431 1835 3583 1890 simi-
3679 1860 3686 1867 ι

1966 1914 1971 1923 ’
2004 1920 2071 1976 lis
2112 1921 2315 1999 factum)
2344 1936 2468 1989 eSt;
2503 1927 2597 1978 sed
2632 1924 2907 1979 hominem
2939 1925 3111 1992 illum,
3146 1926 3236 1996 qui
3263 1942 3329 1981 et
3359 1925 3586 1981 muliere

2006 2023 2167 2068 natus
2206 2021 2308 2082 est,
2342 2014 2499 2085 quasi
2536 2015 2768 2070 alterum
2803 2017 3114 2087 quempiam
3148 2017 3215 2072 ab
3265 2016 3383 2087 ipso
3417 2018 3587 2073 diver-

2001 2118 2120 2159 sum
2152 2122 2165 2160 :
2198 2114 2292 2160 aut
2338 2106 2384 2162 si
2416 2110 2536 2177 quis
2571 2106 2851 2162 Christum
2902 2123 3000 2179 pro
3051 2108 3231 2178 seipso
3262 2123 3499 2179 quoque.
3531 2118 3586 2163 et

2003 2211 2109 2250 non
2164 2197 2342 2267 potius
2390 2215 2487 2270 pro
2536 2199 2693 2255 nobis
2750 2200 2882 2255 solis
2936 2200 3267 2256 sacrificium
3323 2202 3585 2256 obtulisse

2004 2287 2203 2343 dixerit
2232 2290 2430 2360 (neque
2480 2292 2624 2348 enim
2671 2291 2945 2346 oblatione
2988 2292 3207 2363 egebat,
3241 2292 3329 2362 qui
3375 2307 3573 2362 pecca-

2000 2387 2115 2433 tum
2145 2395 2248 2434 non
2285 2382 2454 2451 novit)
2486 2401 2497 2435 :
2538 2382 2823 2436 anathema
2856 2383 2948 2436 sit.

2512 2493 2815 2547 Declaratio
2832 2495 3060 2550 decima.

2075 2605 2281 2674 Exigua
2322 2620 2453 2660 sane
2485 2615 2609 2661 sunt
2646 2607 2842 2673 Verbo,
2880 2606 3020 2677 quod
3055 2620 3119 2662 ex
3158 2606 3267 2662 Deo
3295 2607 3457 2663 Patre
3487 2622 3583 2662 or—

2006 2705 2115 2750 tum
2140 2707 2242 2761 est,
2271 2712 2392 2767 qua;
2416 2698 2649 2752 humana
2677 2709 2839 2767 sunt;
2867 2708 3103 2754 attamen
3126 2708 3344 2768 propter
3366 2700 3580 2771 dispen-
3657 2773 3665 2781 .

2003 2793 2268 2847 sationem
2309 2807 2413 2847 non
2458 2790 2773 2859 rejicienda.
2807 2792 2940 2846 Cum
2977 2792 3120 2846 enim
3156 2794 3449 2848 secundum
3481 2809 3581 2849 na-

2006 2885 2181 2936 turain
2228 2882 2602 2938 universorum
2646 2881 2904 2938 Dominus
2944 2891 3131 2946 esset,
3179 2885 3362 2939 servili
3411 2885 3579 2939 forma

2006 2982 2245 3042 accepta,
2272 2972 2324 3026 in
2364 2985 2427 3026 ea
2468 2986 2590 3041 quae
2630 2979 2813 3026 nostra
2846 2983 2995 3036 sunt,
3029 2974 3377 3041 semetipsum
3401 2975 3579 3030 demi-

315 3053 463 3122 ρεὺς,
496 3055 593 3108 καὶ
621 3054 943 3118 ἀπόστολος,
972 3054 1081 3108 τῶν
1108 3056 1207 3126 τῆς
1238 3056 1650 3129 ἀνθρωπότητος
1688 3059 1900 3131 μέτρων

2014 3063 2117 3129 sit;
2152 3062 2559 3133 appellatusque
2582 3071 2664 3117 est
2701 3071 2886 3117 noster
2922 3064 3249 3132 pontifextet
3281 3066 3575 3134 apostolus,

316 3145 414 3196 καὶ
447 3147 529 3208 είς
564 3146 726 3200 τοῦτο
767 3146 1080 3201 καλούντων
1119 3148 1323 3201 αὐτόν·-
1350 3166 1369 3199 ι
1399 3149 1816 3223 Προσκεκὸμικε
1843 3154 1900 3206 δὲ

308 3236 510 3290 ἑαυτὸν
542 3238 687 3308 ὑπὲρ
726 3239 887 3310 ἡμῶν
922 3242 1002 3304 είς
1044 3240 1222 3314 ὀσμὴν
1261 3241 1489 3307 εὐωδίας
1530 3243 1607 3313 τῷ
1652 3245 1770 3316 θεῷ
1809 3247 1901 3299 καὶ

308 3326 519 3399 Πατρί·
553 3331 654 3399 μιᾷ
699 3330 810 3401 γὰρ
839 3334 1128 3403 προσφορᾷ
1168 3333 1487 3397 τετελείωκε
1523 3336 1648 3398 τοὺς
1678 3337 1901 3404 ἁγιαζο-

308 3420 510 3488 μένους
545 3424 627 3486 είς
651 3423 714 3476 τὸ
740 3423 1009 3494 διηνεκὲς,
1039 3444 1058 3477 ι
1092 3426 1235 3479 καθὰ
1264 3427 1591 3498 γέγραπται.
1635 3429 1775 3482 Ἀλλ’
1800 3430 1900 3484 οὐκ

302 3510 407 3566 οἷδ’
428 3515 581 3579 ὅπως
608 3525 649 3553 ιιι
679 3519 726 3570 οἱ
772 3518 1123 3590 έτερόφρονες
1171 3520 1272 3573 οὐκ
1318 3521 1480 3574 αὐτὸν
1526 3522 1618 3575 τὸν
1668 3525 1731 3576 ὲκ
1763 3524 1899 3577 Θεοῦ

302 3606 483 3673 Λάγον
498 3608 790 3680 ἄνθρωπον
813 3610 1073 3679 γεγονότα
1095 3610 1537 3682 διισχυρίζονται,
1565 3616 1904 3685 χρηματίσαι

300 3715 366 3750 τε
397 3700 495 3752 καὶ
517 3700 839 3766 ἀπόστολον,
867 3702 959 3755 καὶ
983 3703 1247 3773 ἀρχιερέα
1290 3705 1389 3774 τῆς
1409 3705 1698 3775 ὁμολογίας
1720 3706 1895 3777 ἡμῶν,

301 3788 428 3841 ἀλλ’
445 3789 523 3852 ὡς
552 3790 744 3861 ἔτερόν
773 3808 899 3845 τινα
924 3793 1054 3861 παρ’
1077 3792 1238 3847 αὐτὸν
1264 3794 1548 3866 ἄνθρωπον
1581 3797 1782 3864 ίδικῶς,
1805 3798 1897 3852 τὸν

301 3878 373 3930 ὲκ
393 3878 494 3947 τῆς
517 3881 682 3949 ἁγίας
706 3881 984 3952 Παρθένου
1010 3886 1378 3955 γεγενημένον
1400 3887 1530 3955 φασὶ
1556 3888 1897 3959 χρηματίσαι

303 3971 407 4022 καὶ
432 3972 759 4038 ἀπόστολον,
782 3974 876 4028 καὶ
897 3976 1181 4046 ἀρχιερέα,
1209 3976 1303 4030 καὶ
1334 3977 1474 4031 κατὰ
1505 3979 1788 4050 προκοπὴν
1814 3982 1896 4044 είς

301 4061 469 4117 τοῦτο
491 4063 835 4133 ἐληλυθέναι,
862 4067 958 4120 καὶ
981 4068 1081 4136 οὐχ
1103 4067 1245 4136 ὑπέρ
1266 4084 1325 4135 γε
1355 4068 1532 4139 μόνων
1558 4070 1589 4139 ἡ
1598 4069 1733 4139 μῶν,
1760 4070 1897 4124 ἀλλὰ

306 4157 405 4208 καὶ
450 4156 597 4226 ὑπὲρ
636 4156 831 4211 ἑαυτοῦ
865 4161 1254 4228 προσενεγκεῖν
1282 4168 1312 4195 ιι
1354 4159 1547 4213 ἑαυτὸν
1592 4162 1673 4223 είς
1705 4158 1895 4214 θυσίαν
1946 4208 1975 4220 ,,

307 4245 390 4308 τῷ
421 4246 548 4318 Θεῷ
591 4250 688 4302 καὶ
717 4247 937 4321 Πατρεῖ
956 4251 1094 4322 ὅπερ
1122 4251 1240 4305 ἐστὶ
1266 4253 1366 4322 τῆς
1398 4251 1587 4322 ὀρθῆς,
1618 4252 1712 4305 καὶ
1743 4254 1896 4325 ἀμω-

2004 3154 2254 3208 Ιιιιιηιιιιεε
2283 3164 2490 3208 natura:
2522 3152 2922 3208 conditionibus
2952 3154 3018 3210 ad
3061 3154 3163 3210 hoc
3198 3155 3363 3210 etiam
3396 3156 3572 3225 ipsum

2004 3244 2341 3298 vocantibus.
2388 3261 2407 3294 ι
2444 3238 2650 3297 Obtulit
2682 3252 2862 3299 autem
2898 3245 3248 3313 semetipsum
3280 3261 3380 3317 pro
3415 3247 3572 3302 nobis

2003 3334 2113 3390 Deo
2154 3334 2303 3389 Patri
2342 3334 2395 3388 in
2416 3334 2639 3390 odorem
2669 3336 3033 3391 suavitatis".
3058 3336 3178 3401 Una
3205 3338 3399 3408 quippe
3421 3339 3577 3393 obla-

2005 3427 2554 3483 tioneconsummavit
2575 3426 2940 3483 sanctificatos
2970 3429 3021 3483 in
3053 3430 3444 3501 sempiternum
3467 3431 3568 3496 ",r

2002 3519 2145 3573 sicut
2192 3519 2450 3588 scriptum
2506 3526 2606 3573 est.
2651 3519 2718 3573 At
2756 3519 2940 3574 nescio
2989 3521 3259 3590 quomodo
3293 3521 3384 3591 qui
3420 3536 3577 3577 secus

2001 3611 2262 3675 sentiunt,
2297 3626 2401 3665 non
2428 3612 2600 3680 ipsum
2640 3610 2734 3665 Dei
2779 3609 3013 3666 Verbum
3064 3613 3336 3667 hominem
3380 3613 3579 3669 factum

2001 3701 2302 3767 exstitisse,
2333 3710 2387 3755 et
2417 3700 2720 3771 apostolum
2768 3716 2831 3757 ac
2877 3703 3186 3771 pontificem
3219 3703 3578 3759 confessionis

2000 3802 2224 3854 nostrae,
2255 3793 2350 3846 sed
2393 3793 2547 3862 quasi
2584 3793 2853 3848 diversum
2883 3796 3189 3864 quempiam
3227 3795 3295 3850 ab
3329 3796 3444 3865 ipso
3476 3796 3577 3850 ho-

2000 3887 2200 3940 minem
2231 3898 2476 3940 seorsum
2512 3898 2542 3938 e
2569 3894 2755 3938 sancta
2796 3883 3018 3954 Virgine
3065 3896 3249 3939 natum
3274 3925 3289 3950 ,
3326 3893 3381 3938 et
3418 3884 3580 3956 156

1999 3976 2301 4047 apostolum
2348 3990 2412 4030 ac
2466 3974 2774 4045 pontificem
2822 3986 3074 4030 vocatum
3132 3976 3300 4031 fuisse
3346 3987 3575 4031 conten-

1999 4068 2165 4133 dunt;
2195 4075 2250 4121 et
2283 4067 2614 4135 proflciendo
2645 4068 2711 4121 ad
2746 4068 2846 4122 hoc
2877 4076 3120 4122 evectum
3152 4082 3273 4123 esse
3299 4085 3312 4121 :
3348 4083 3447 4122 nec
3476 4083 3575 4137 pro

1999 4157 2154 4211 nobis
2178 4156 2309 4211 solis
2336 4156 2681 4225 semetipsum
2723 4156 2833 4212 Deo
2873 4167 2928 4210 et
2972 4156 3125 4211 Patri
3152 4158 3202 4212 in
3241 4158 3613 4213 sacriﬁcium.

1997 4249 2274 4313 obtulisse,
2314 4249 2409 4304 sed
2460 4249 2621 4303 etiam
2666 4264 2763 4318 pro
2808 4250 3031 4320 seipso:
3070 4251 3122 4304 id
3161 4251 3301 4319 quod
3349 4267 3378 4304 a
3424 4260 3569 4307 recta

309 4338 487 4406 μήτου
520 4337 759 4403 πίστεως
784 4341 1062 4412 ἀλλότριον
1085 4343 1363 4407 παντελῶς
1380 4360 1395 4373 ο
1422 4344 1483 4397 οὐ
1508 4344 1615 4417 γὰρ
1638 4345 1893 4417 εποίησεν

2005 4339 2380 4410 incnlpataqne
2426 4338 2532 4395 ﬁde
2577 4341 2800 4395 omnino
2840 4351 2923 4396 est
2969 4342 3201 4397 alienum
3228 4383 3243 4407 ,
3290 4353 3569 4412 peccatum

308 4429 623 4498 ἁμαρτίαν·
658 4432 687 4484 ὁ
728 4432 786 4487 δὲ
828 4435 1093 4506 κρείττων
1142 4434 1218 4488 ὢν
1253 4434 1347 4489 τοῦ
1382 4428 1749 4506 ’πλημμελείν,
1784 4416 1891 4491 καὶ

2005 4430 2144 4485 enim
2174 4449 2280 4486 non
2310 4430 2535 4486 fecerat.
2569 4430 2669 4497 Qui
2710 4443 2890 4487 autem
2920 4433 3117 4489 delicto
3156 4436 3422 4505 superior,
3448 4451 3573 4507 pec-

307 4518 622 4590 ἀμοιρήσας
642 4521 914 4593 ἁμαρτίας
940 4524 1239 4588 παντελῶς,
1261 4525 1361 4578 οὐκ
1384 4524 1452 4579 ἂν
1479 4525 1673 4597 ἐδεήθη
1701 4525 1890 4590 θυσίας

307 4608 407 4676 τῆς
435 4609 584 4681 ὑπὲρ
606 4611 820 4667 ἑαυτοῦ.
858 4614 1075 4687 Ἐπειδὴ
1095 4615 1153 4683 δὲ
1183 4615 1244 4669 τὸ
1274 4614 1420 4679 είκὺς
1452 4614 1888 4688 παρωθούμενοι,

309 4700 402 4754 δ’ὃο
438 4702 508 4773 δὴ
544 4703 707 4757 πάλιν
734 4705 883 4768 υἱοὺς
904 4706 1208 4762 ἐπινοοῦσιν
1234 4711 1282 4763 οἱ
1312 4708 1684 4781 έτερὸφρονες,
1717 4712 1890 4780 ἀναγ-

310 4795 483 4859 καίως
509 4796 735 4865 γέγονεν
769 4802 798 4854 ὁ
829 4801 1301 4872 ἀναθεματισμὸς,
1348 4803 1567 4874 ἐμφανῆ
1616 4802 1891 4858 καθιστῶν

311 4885 407 4955 τὴν
442 4887 703 4944 ἀσέϐειαν
731 4891 931 4945 αὐτῶν.

736 5079 1328 5138 ΑΝΑΘΕΜΔΤΙΣΜΟΣ
1360 5085 1463 5139 IA'.

383 5188 452 5243 Εἰ
482 5206 565 5253 τις
599 5190 700 5263 οὐχ
738 5192 993 5263 ὁμολογεῖ
1019 5195 1118 5267 τὴν
1163 5196 1259 5251 τοῦ
1293 5198 1500 5268 Κυρίου
1539 5198 1716 5269 σάρκα
1748 5197 1881 5262 ζωο-

388 5368 437 5404 ⁸⁴
459 5373 624 5431 llebr.
658 5391 744 5445 ιιι,
781 5378 833 5432 Ι.

1998 4522 2210 4592 catique
2237 4537 2462 4592 prorsus
2492 4536 2683 4592 expers
2709 4531 2861 4589 erat,
2891 4522 3166 4578 oblatione
3194 4541 3291 4595 pro
3333 4541 3391 4581 se
3425 4524 3573 4580 nullo

1995 4621 2152 4684 pacto
2180 4630 2315 4684 opus
2344 4614 2597 4670 habebat.
2637 4615 2897 4681 Quoniam
2926 4629 3054 4669 vero
3092 4617 3183 4686 qui
3228 4625 3414 4671 contra
3448 4632 3571 4671 sen-

2000 4704 2161 4766 tiunt,
2208 4704 2341 4757 duos
2383 4718 2569 4758 rursus
2607 4704 2744 4758 filios
2779 4703 3009 4758 absurde
3047 4705 3567 4765 comminiscuntur.

1995 4806 2173 4863 operte
2198 4792 2428 4861 pretium
2462 4792 2585 4856 fuit,
2619 4802 2677 4846 ut
2701 4793 2787 4848 hic
2820 4810 3035 4865 quoque
3075 4794 3565 4849 anathematismus

1995 4886 2384 4954 assignaretur,
2439 4885 2530 4954 qui
2580 4885 2913 4957 impietatem
2962 4886 3181 4943 illorum
3225 4885 3565 4956 perspicuam

1996 4975 2244 5030 redderet

2395 5085 2938 5143 ANATIIEMATISM
2948 5085 3032 5142 US
3072 5084 3165 5142 XI.

2066 5201 2121 5257 Si
2143 5201 2263 5271 quis
2286 5197 2499 5257 Domini
2524 5216 2742 5258 carnem
2768 5199 3060 5267 viviﬁcam,
3083 5200 3361 5272 ipsiusque
3382 5196 3565 5263 Verbi,

934 5379 975 5410 ιι
1005 5379 1203 5448 Ephes.
1236 5395 1289 5446 ν,
1316 5380 1369 5433 2.
1448 5382 1492 5411 ιι
1520 5379 1655 5435 una.
1747 5381 1792 5414 ³³
1809 5383 1975 5438 Hebr.
2010 5397 2066 5450 ς,
2098 5386 2181 5442 ιι.

1385 5535 1557 5592 Varia:
1597 5536 1860 5595 lectiones
1887 5556 1953 5596 ex
1986 5541 2171 5596 codice
2208 5540 2583 5611 Seguieriano.

364 5683 386 5733 ι
414 5685 505 5743 καὶ
528 5689 692 5760 ὑπέρ.
772 5694 807 5718 ⁸·
839 5682 957 5743 οἶδα
986 5690 1118 5756 πῶς.
1197 5702 1220 5729 η
1262 5693 1461 5763 μᾶλλον
1492 5696 1668 5766 ἡμῶν,
1702 5697 1733 5768 ἦ
1762 5697 1953 5752 ἑαυτοῦ
1986 5698 2392 5771 προσενεγκεῖν.
