4002 6192
482 297 587 358 3H

1478 302 1539 359 s.
1578 256 1859 359 omit.”
1896 300 2371 359 ALEXANDRINI
2405 305 2735 363 ARClllEl’.

3621 300 3732 356 512

471 413 615 485 quod
646 426 710 467 ex
760 412 868 468 Deo
911 411 1074 470 Patre
1112 421 1220 480 est.
1264 415 1536 487 propriam
1582 431 1704 474 esse
1749 419 2049 489 negaverit,

2166 419 2308 472 ποιὸν
2342 413 2502 483 εῖναι,
2532 419 2626 474 καὶ
2654 418 2788 472 ίδίαν
2814 414 2980 471 αὐτοῦ
3003 416 3096 471 τοῦ
3120 417 3187 470 ἐκ
3209 413 3347 468 Θεοῦ
3388 413 3603 483 Πατρδς
3627 415 3741 470 Λό-

470 504 564 559 sed
596 502 1020 563 velutialterius
1051 504 1350 576 cujuspiam
1391 506 1494 577 ipsi
1532 507 1714 564 Verbo
1743 510 2039 565 secundum

468 595 788 661 dignitatem
826 595 1142 665 conjuncti,
1177 598 1280 654 hoc
1310 606 1425 663 est,
1462 606 1522 653 nt
1564 598 1801 654 divinam
1835 608 2044 654 tantum

472 680 927 739 inhabitationcm
956 686 1156 750 sortiti,
1184 701 1248 742 ac
1281 701 1387 742 non
1426 687 1605 758 potius
1632 688 1899 744 viviﬁcam
1927 703 2048 745 esse

467 773 688 841 dixerit,
702 781 760 828 ut
780 775 941 831 modo
952 776 1313 840 meminimus,
1334 792 1400 833 eo
1417 779 1560 848 quod
1573 778 1755 849 Verbi,
1775 780 1916 850 quod
1934 794 2053 835 om-

468 866 557 920 nia
591 864 868 923 viviﬁcare
900 877 1099 939 potest,
1117 868 1256 924 facta
1273 870 1344 925 sit
1363 871 1613 942 propria;
1641 873 1931 933 anathema
1953 873 2043 929 sit.

942 978 1244 1038 Declaratio
1275 958 1576 1040 undecima.

541 1088 803 1146 Sanctum
843 1105 908 1148 ac
937 1092 1208 1148 viviﬁcum
1241 1094 1694 1167 incruentumque
1724 1099 1776 1153 in
1802 1098 2050 1155 ecclesiis

472 1180 805 1238 sacriﬁcium
833 1184 1142 1256 peragimus
1164 1201 1404 1255 ;\corpus
1427 1191 1572 1257 quod
1600 1192 1939 1260 proponitur,
1970 1192 2049 1248 si-

470 1272 674 1330 militer
695 1284 750 1329 et
774 1275 1070 1344 pretiosum
1100 1278 1444 1348 sanguinem,
1472 1294 1577 1335 non
1600 1283 1929 1350 communis,
1954 1297 2049 1338 no-

471 1351 662 1435 bisque
699 1366 894 1421 similis
942 1367 1177 1432 bomiuis
1228 1370 1529 1441 cujuspiam
1573 1386 1697 1427 esse
1744 1373 2047 1439 credentes,

472 1457 565 1511 sed
613 1457 794 1527 potius
839 1467 1096 1527 tanquam
1142 1462 1418 1530 proprium
1457 1478 1650 1534 corpus
1679 1464 1965 1531 eﬁ‘ectum,
1996 1475 2051 1521 et

473 1547 793 1618 sanguinem
824 1549 1193 1616 etiam-Verbi,
1225 1553 1366 1622 quod
1404 1556 1584 1609 omnia
1618 1555 1876 1621 viviﬁcat,
1908 1556 2050 1612 acci-

471 1638 707 1706 pientes.
759 1639 1038 1710 Siquidem
1096 1646 1403 1701 communis
1457 1661 1584 1703 caro
1628 1647 1905 1705 viviﬁcare
1944 1665 2048 1705 non

2152 526 2272 578 γου,
2317 510 2433 563 ἀλλ’
2473 510 2547 574 ὡς
2579 509 2766 581 ἐτέρου
2792 506 2935 571 τινός
2973 523 3083 578 παρ
3105 517 3119 538 '
3143 506 3327 571 αὐτὸν,
3374 504 3727 573 συνημμένου

2154 603 2253 672 μὲν
2271 601 2421 672 αὐτῷ
2444 602 2584 661 κατά
2606 600 2705 671 τὴν
2724 600 2902 667 ἀξίαν,
2922 600 3089 670 ἤγουν
3114 599 3190 660 ὡς
3213 596 3383 666 μόνην
3406 595 3682 666 ἐνοίκησιν
3704 601 3730 626 ⁸⁸

2150 692 2467 762 ἐσχηκότος,
2491 691 2586 746 καὶ
2611 690 2734 761 οὐχὶ
2760 689 2825 761 δὴ
2856 688 3057 759 μᾶλλον
3090 685 3374 752 ζωοποιδν,
3397 684 3474 746 ὡς
3497 683 3730 755 ἔφημεν,

2149 783 2232 836 ὃτι
2261 782 2486 857 γέγονεν
2514 782 2620 854 ίδίᾳ
2650 792 2678 832 Ρ
2700 781 2796 835 τοῦ
2817 781 2995 850 Λόγου
3023 779 3118 834 τοῦ
3147 777 3216 832 τά
3242 776 3424 831 πάντα
3445 776 3731 842 ζωοποιεῖν

2130 855 2137 862 ’
2156 855 2429 945 ίσχύοντος
2446 891 2459 905 ·
2504 871 2753 944 ἀνάθεμα
2777 871 2936 926 ἔστω.

2724 983 3045 1050 Ἐπίλυσις
3073 988 3168 1036 ta'.

2220 1100 2333 1171 Τὴν
2362 1099 2542 1169 ἁγίαν,
2571 1099 2665 1152 καὶ
2695 1097 2984 1163 ζωοποιὸν,
3015 1096 3111 1150 καὶ
3142 1094 3482 1165 ἀναίμακτον
3518 1094 3578 1148 ἐν
3609 1093 3736 1157 ταῖς

2150 1191 2469 1262 ἐκκλησίαις
2493 1189 2754 1261 τελοῦμεν
2778 1188 2990 1253 Θυσίαν,
3017 1188 3115 1258 οὐχ
3133 1185 3251 1251 ἐνὸς
3273 1186 3381 1240 τῶν
3406 1185 3527 1240 καθ’
3549 1186 3732 1256 ἡμᾶς,

2150 1282 2244 1335 καὶ
2292 1279 2581 1353 ἀνθρώπου
2630 1279 2812 1334 κοινοῦ
2871 1279 3032 1349 σῶμα
3076 1273 3220 1332 εἶναι
3266 1276 3616 1340 πιστεύοντες
3669 1274 3735 1329 τὸ

2150 1374 2752 1446 προκείμενονφόμοίως
2777 1372 2833 1425 δὲ
2855 1374 2951 1425 καὶ
2975 1372 3036 1425 τὸ
3058 1371 3238 1442 τίμιον
3263 1364 3426 1440 αἷμα,
3449 1369 3736 1439 δεχόμενοι

2150 1467 2209 1521 δὲ
2256 1464 2454 1537 μᾶλλον
2496 1463 2571 1527 ὡς
2614 1463 2745 1517 ἴδιον
2779 1462 2937 1533 σῶμα
2985 1459 3239 1531 γεγονός,
3286 1460 3382 1514 καὶ
3419 1458 3603 1528 μέντοι
3634 1458 3733 1512 καὶ

2150 1554 2290 1629 αἷμα
2318 1555 2413 1611 τοῦ
2438 1559 2506 1611 τὰ
2530 1554 2705 1609 πάντα
2734 1552 3125 1622 ζωογονοῦντος
3149 1561 3177 1601 ει
3200 1550 3395 1619 Λόγου.
3421 1550 3592 1619 Κοινὴ
3621 1547 3736 1619 γάρ

2153 1650 2290 1722 σὰρξ
2314 1650 2596 1715 ζωοποιεῖν
2619 1648 2678 1701 οὐ
2699 1645 2945 1701 δύναται,
2969 1645 3078 1698 Καὶ
3101 1643 3295 1698 τούτου
3326 1644 3537 1713 μάρτυς
3562 1640 3729 1703 αὐτὸς

472 1738 672 1798 potest.
698 1729 763 1784 Et
785 1732 886 1787 hoc
917 1732 1167 1788 Salvator
1191 1736 1307 1805 ipse
1337 1745 1593 1793 testatum
1619 1738 1749 1795 facit
1780 1758 1794 1794 :
1833 1760 1852 1793 ι
1884 1739 2048 1807 Caro,

2166 1744 2179 1796 i
2219 1740 2431 1811 Σωτὴρ,
2482 1738 2690 1808 λέγων’
2725 1754 2743 1787 ι
2781 1736 2847 1789 Ἥ
2884 1734 3021 1807 σὰρξ
3069 1734 3171 1788 οὐκ
3203 1732 3405 1804 ὠφελεῖ
3440 1731 3633 1785 οὐδέν·
3671 1730 3737 1785 τὸ

474 1820 751 1889 inquiens,
792 1816 900 1878 non
935 1826 1155 1894 prodest
1197 1828 1530 1898 quidquam;
1571 1832 1793 1901 spiritus
1833 1842 1916 1888 est
1956 1832 2049 1903 qui

473 1912 713 1968 viviﬁcat
744 1913 810 1969 ³⁸.
850 1933 870 1967 ι
906 1915 1042 1982 Quia
1075 1920 1218 1973 enim
1254 1935 1384 1976 caro
1417 1922 1576 1977 Verbi
1618 1921 1763 1978 facta
1805 1933 1889 1980 est
1937 1940 2055 1994 pro.

472 2004 616 2076 pria,
647 2006 718 2061 ob
761 2007 814 2063 id
852 2008 1173 2080 intelligitur
1216 2020 1272 2068 et
1309 2020 1392 2068 est
1432 2013 1665 2081 viviﬁca,
1694 2016 2052 2086 quemadmo-

475 2101 602 2153 dum
653 2099 768 2170 ipse
816 2101 1068 2158 Salvator
1117 2105 1233 2159 ait:
1281 2124 1299 2158 ι
1341 2104 1493 2162 Sicut
1540 2107 1690 2163 misit
1736 2123 1824 2165 me
1866 2109 2055 2166 vivens

474 2185 658 2254 Pater,
687 2198 742 2245 et
772 2193 1023 2259 egovivo
1053 2205 1273 2265 propter
1302 2195 1515 2252 Patrem
1552 2215 1568 2252 :
1600 2206 1656 2252 ct
1687 2199 1776 2267 qui
1817 2200 2054 2254 mandu-

477 2290 569 2334 cat
602 2297 710 2347 me,
740 2290 795 2336 et
834 2282 949 2353 ipse
993 2284 1134 2338 vivet
1178 2297 1395 2357 propter
1438 2304 1525 2344 me
1543 2289 1610 2344 ³⁸.
1644 2308 1664 2342 ι
1698 2290 1832 2345 Cum
1874 2292 2056 2361 itaque

475 2367 779 2436 Nestorius,
809 2362 865 2427 et
896 2373 1136 2443 quicum
1179 2376 1271 2431 illo
1314 2378 1575 2445 sentiunt,
1612 2381 1856 2451 mysterii
1895 2381 2055 2451 bujus

370 2502 383 2521 ί
476 2459 735 2516 virtutem
772 2472 975 2518 temere
1022 2465 1356 2535 dissolvant;
1396 2481 1706 2539 propterea,
1751 2482 1806 2527 et
1841 2472 1894 2526 id
1935 2472 2058 2542 qui-

479 2552 601 2609 dem
634 2555 925 2611 admodum
956 2559 1360 2626 convenienter,
1386 2560 1565 2619 editus
1593 2572 1677 2618 est
1707 2562 1799 2620 hic
1829 2564 2057 2620 anathe~

477 2644 785 2704 ntatismus.
1384 2662 1401 2678 δ

866 2735 1510 2799 ANATIIEMATISMUS
1545 2742 1660 2800 XII.

554 2844 612 2900 Si
656 2846 781 2917 quis
811 2862 917 2903 non
967 2851 1277 2919 conﬁtetur,
1315 2853 1408 2910 Dei
1452 2855 1690 2912 Verbum
1733 2872 1896 2915 carne
1935 2874 2060 2930 pas-

481 2951 602 2992 sum
626 2947 682 2992 ct
703 2940 1022 2996 cruciﬁxum
1048 2956 1189 3009 esse,
1215 2954 1553 3017 mortemque
1578 2963 1743 3005 carne
1767 2960 2013 3021 gustasse
2040 2966 2057 3007 :

480 3042 691 3084 necnon
755 3032 1170 3105 primogenitum
1233 3037 1392 3109 157
1442 3053 1519 3096 ex
1566 3043 1791 3099 mortuis
1847 3043 2053 3100 factum

477 3133 604 3175 esse
628 3119 715 3189 “,3
746 3132 1013 3193 quatenus
1039 3127 1292 3185 nimirum
1323 3140 1381 3185 ut
1400 3131 1545 3189 Deus
1562 3134 1675 3189 vita
1697 3142 1753 3190 et
1774 3135 2057 3192 viviﬁcans

479 3216 605 3278 est;
632 3215 922 3269 anathema
957 3217 1051 3275 sit.

939 3330 1237 3388 Declaralio
1261 3335 1590 3391 duodecima.

554 3441 859 3514 lmpatibile
893 3455 948 3500 et
986 3446 1290 3502 immortale
1320 3457 1405 3506 est
1438 3448 1533 3505 Dei
1585 3451 1759 3510 Patris
1785 3453 2056 3520 Verbum,

484 3537 646 3593 altior
670 3546 754 3593 est
775 3538 919 3593 enim
957 3539 1132 3595 divina
1169 3540 1256 3595 illa
1300 3550 1355 3597 et
1388 3543 1811 3616 incorruptibilis
1842 3557 2057 3611 natura,

484 3642 645 3699 quam
676 3643 797 3698 qua
825 3628 1025 3698 aliquid
1062 3631 1171 3698 pati
1214 3630 1417 3701 possit,
1449 3648 1621 3704 eaque
1663 3636 1842 3690 omnia
1888 3635 2061 3691 viviﬁ-

483 3729 617 3777 cat:
653 3722 784 3790 quin
827 3721 988 3775 etiam
1028 3722 1305 3777 interitum
1330 3762 1347 3788 ,
1382 3733 1437 3779 et
1478 3724 1737 3796 quidquid
1782 3727 2057 3782 tristitiam

484 3810 682 3865 aﬁ’erre
712 3810 870 3877 solet,
897 3810 1052 3881 longe
1083 3823 1390 3882 exsuperat.
1434 3814 1670 3870 Verbum
1707 3815 1834 3872 licet
1867 3832 2061 3872 secun-

484 3899 613 3956 dum
642 3903 933 3957 essentiam
961 3904 1061 3957 hoc
1086 3902 1157 3959 sit
1192 3903 1286 3959 Dei
1321 3904 1498 3961 Patris
1541 3905 1777 3961 Verbum
1806 3925 1821 3973 ;
1861 3908 2060 3977 nihilo-

486 3993 666 4049 minus
686 4009 931 4060 carnem,
958 4012 1080 4066 quae
1130 3997 1265 4051 mori
1296 4007 1509 4067 posset,
1547 3999 1649 4054 sibi
1680 4001 1954 4070 propriam
1983 3999 2058 4057 fe—

486 4083 581 4146 cit,
627 4092 685 4137 ut
733 4100 833 4154 per
874 4085 995 4153 hoc,
1033 4088 1174 4156 quod
1222 4087 1329 4155 pati
1383 4088 1599 4143 solitum
1647 4101 1748 4156 est,
1781 4092 2063 4160 passiones

485 4188 586 4244 pro
618 4174 774 4230 nobis
804 4192 867 4230 ac
896 4187 1117 4246 propter
1146 4195 1245 4233 nos
1276 4180 1327 4233 in
1363 4181 1595 4249 seipsnm
1634 4197 1933 4248 assumens,
1964 4198 2063 4239 nos

486 4279 678 4318 onmes
704 4280 733 4318 a
766 4277 939 4322 morte
963 4277 1018 4320 et
1052 4269 1399 4336 corruptione
1431 4270 1728 4335 liberaret;
1758 4287 1913 4326 suum
1940 4287 2058 4327 cor-

488 4369 611 4425 pus,
635 4365 692 4407 ut
713 4355 877 4423 Deus,
901 4359 1198 4423 viviﬁcaris,
1215 4360 1573 4430 primitiaeque
1592 4360 1976 4416 dormientium
1994 4363 2061 4428 ³⁷,

490 4459 556 4498 ac
610 4444 999 4516 primogenitus
1047 4462 1113 4501 ex
1173 4450 1399 4504 mortuis
1454 4452 1704 4505 oﬁectum
1739 4453 1803 4506 ³⁸.
1878 4452 2064 4523 Neque
2096 4439 2139 4494 ι)

487 4535 632 4589 enim
661 4536 752 4605 qui
791 4548 1014 4606 propter
1049 4554 1149 4594 nos
1192 4540 1480 4609 pretiosam
1514 4558 1801 4613 perpessus
1827 4556 1909 4600 est
1941 4561 2066 4600 cru-

490 4642 633 4693 cem,
664 4638 1000 4696 mortemqnc
1027 4631 1265 4698 gustavit
1288 4632 1357 4697 ”,
1394 4636 1698 4689 communis
1728 4637 1920 4703 homo,
1957 4646 2010 4691 et
2035 4652 2065 4691 a

489 4716 670 4773 Verbo
704 4718 991 4773 distinctus
1027 4719 1372 4787 sejunctusve
1410 4733 1560 4787 erat;
1599 4726 1691 4780 sed
1720 4726 1843 4803 ipse
1882 4726 2067 4795 gloria:

490 4810 754 4866 Dominus
777 4811 823 4845 “
861 4826 1051 4881 passus
1094 4824 1177 4870 est
1209 4829 1373 4871 carne
1399 4815 1466 4881 “,
1490 4818 1785 4872 secundum
1816 4819 2066 4889 Scriptu-

491 4918 606 4962 ras.
628 4904 895 4973 Quoniam
925 4922 1077 4971 vero,
1111 4908 1202 4978 qui
1237 4924 1371 4962 vana
1406 4910 1676 4980 impiaque
1702 4912 1952 4981 dogmata
1981 4927 2065 4967 re-

491 5007 595 5053 ctze
637 5012 888 5070 sanaaque
922 4998 1042 5055 ﬁdei
1089 5001 1397 5055 immiscere
1445 5002 1693 5065 student,
1724 5017 2066 5057 communem

492 5088 765 5146 hominem
817 5107 1034 5147 crucem
1091 5108 1186 5160 pro
1240 5091 1393 5147 nobis
1458 5093 1779 5147 sustinuisse
1839 5095 2061 5159 dicunt;

494 5181 979 5237 anathematismus
1018 5182 1126 5246 hic,
1156 5183 1247 5252 qui
1280 5181 1569 5251 impietatis
1611 5182 1823 5237 illorum
1865 5184 2066 5251 magni-

486 5268 734 5325 tudinem
769 5274 963 5341 aperit,
1001 5272 1307 5328 necessario
1342 5272 1672 5328 constitutus
1708 5283 1814 5327 est.

2084 3086 2133 3152 ο

2154 1831 2372 1903 πνεῦμά
2412 1830 2530 1882 ἐστι
2562 1828 2627 1882 τὸ
2661 1826 2977 1893 ζωοποιοῦν.
3004 1844 3024 1876 ›
3064 1823 3285 1895 Ἐπειδὴ
3317 1823 3428 1894 γάρ
3458 1821 3565 1893 ἰδίᾳ
3588 1831 3613 1859 τ
3643 1819 3736 1889 τέ-

2152 1941 2275 1995 γονε
2311 1921 2404 1977 τοῦ
2436 1920 2631 1990 Λόγου,
2658 1919 2912 1991 ταύτῃτοι
2940 1919 3142 1972 νοεῖται
3167 1915 3263 1969 καὶ
3295 1914 3413 1967 ἐστι
3446 1911 3735 1977 ζωοποιος,

2154 2015 2297 2070 καθά
2324 2030 2486 2085 φησιν
2519 2011 2679 2075 αὐτὸς
2705 2013 2734 2065 6
2765 2011 2984 2082 Σωτήρ·
3017 2029 3034 2061 ι
3063 2006 3260 2071 Καθὼς
3282 2003 3570 2060 ἀπέστειλέ
3608 2020 3678 2074 με
3705 2002 3737 2055 6

2156 2106 2264 2170 ζῶν
2293 2103 2504 2175 Πατὴρ,
2534 2100 2690 2172 κάγὼ
2722 2102 2801 2167 ζῶ
2826 2101 2914 2155 διά
2944 2098 3036 2154 τὸν
3054 2099 3298 2171 Πατέρα.
3331 2097 3428 2151 καὶ
3454 2099 3483 2150 ὁ
3505 2094 3737 2168 τρώγων

2160 2214 2247 2270 με,
2276 2197 2526 2259 κάκεῖνος
2555 2194 2778 2265 ζήσεται
2806 2205 2828 2233 ⁸
2856 2192 2922 2246 δι’
2946 2190 3068 2263 ἐμέ.
3112 2189 3328 2261 Ἐπειδὴ
3351 2188 3409 2242 δέ
3441 2186 3738 2256 Νεστόριος

2157 2289 2252 2344 καὶ⁵
2295 2289 2344 2342 οἱ
2386 2287 2459 2342 τά
2512 2285 2677 2340 αὑτοῦ
2730 2282 3054 2356 φρονοῦντες
3098 2280 3467 2351 παραλύουσιν
3510 2275 3740 2347 ἀμαθῶς

2154 2373 2251 2429 τοῦ
2284 2373 2583 2446 μυστηρίου
2607 2372 2706 2444 τὴν
2738 2372 2987 2442 δύναμιν,
3024 2370 3307 2442 ταύτῃτοι,
3349 2369 3448 2424 καὶ
3482 2366 3628 2439 μάλα
3656 2366 3739 2420 εί-

2159 2466 2355 2534 κότως,
2387 2466 2614 2537 γέγονεν
2640 2465 2669 2517 6
2710 2462 3173 2535 ἀναθεματισμός.

2589 2743 3178 2803 ΔΝΛΘΕΜΛΤῙΣΜΟΣ
3214 2742 3314 2798 ΙΒ’.

2232 2859 2302 2912 Et
2349 2874 2433 2923 τις
2484 2856 2584 2927 οὐχ
2636 2854 2918 2926 ὁμολογεῖ,
2968 2853 3058 2907 τὸν
3089 2851 3186 2906 τοῦ
3224 2851 3360 2906 Θεοῦ
3406 2852 3581 2922 Λόγον
3636 2869 3749 2907 ται-

2162 2949 2324 3005 θόντα
2358 2946 2543 3018 σαρκὶ,
2573 2950 2667 3000 καὶ
2703 2942 3116 3015 ἐσταυρωμένον
3156 2941 3339 3014 σαρκὶ,
3381 2942 3477 2995 καὶ
3510 2941 3745 2995 θανάτου

2161 3042 2497 3111 γευσάμενον
2530 3035 2715 3107 σαρκὶ,
2746 3034 3012 3105 γεγονότα
3031 3032 3091 3086 δὲ
3115 3032 3137 3071 ⁸
3173 3031 3517 3105 πρωτότοκον
3549 3033 3617 3085 ἐκ
3652 3047 3745 3084 νε-

2162 3132 2334 3204 κρῶν,
2375 3129 2511 3184 καθὸ
2549 3128 2661 3201 ζωή
2691 3129 2830 3194 ἐστι,
2859 3128 2953 3181 καὶ
2982 3125 3264 3193 ξωοποιὸς,
3294 3126 3389 3181 καὶ
3417 3124 3584 3187 Θεόςο
3615 3123 3748 3179 ἀνά-

2164 3224 2310 3295 θεμα
2336 3221 2495 3276 ἔστω.

2740 3329 3057 3393 Ἐπίλυσις
3079 3329 3177 3394 ιβ’.

2247 3447 2489 3520 Ἀπαθὴς
2517 3445 2638 3517 μὲν,
2669 3445 2762 3498 καὶ
2785 3442 3049 3506 ἀθάνατος
3073 3443 3101 3495 6
3132 3443 3196 3496 ἐκ
3228 3439 3364 3495 Θεοῦ
3392 3441 3603 3513 Πατρός
3628 3440 3748 3493 ἐστι

2165 3543 2357 3611 Λόγος,
2382 3541 2457 3604 ὡς
2485 3536 2741 3608 ἀνωτέρω
2772 3535 2879 3606 γάρ
2899 3546 2926 3574 ιι
2957 3533 3053 3587 τοῦ
3084 3533 3321 3603 πάσχειν
3352 3533 3387 3603 ἡ
3412 3531 3531 3585 θεία
3559 3547 3618 3585 τε
3648 3528 3746 3582 καὶ

2165 3632 2443 3705 άκήρατός
2468 3633 2585 3685 ἐστι
2614 3629 2809 3699 φύσιςο
2843 3626 2939 3679 καὶ
2971 3624 3108 3696 αῦτη
3149 3625 3218 3677 τά
3259 3623 3437 3677 πάντα
3466 3621 3747 3687 ζωοποιεῖ,

2167 3728 2261 3782 καὶ
2281 3724 2485 3796 φθορᾶς
2509 3723 2748 3794 ἀμείνων
2776 3719 2915 3780 ἐστὶ.
2942 3718 3034 3772 καὶ
3060 3717 3262 3780 παντὸς
3288 3714 3382 3769 τοῦ
3412 3714 3600 3767 λυπεῖν
3621 3714 3749 3766 εἰω-

2167 3820 2338 3882 θότος.
2381 3814 2564 3881 Ἀλλά,
2601 3814 2778 3867 καίτοι
2809 3812 2982 3865 ταῦτα
3021 3808 3294 3873 ούσιωδῶς
3322 3808 3583 3878 ὑπάρχων
3612 3806 3641 3858 6
3683 3806 3750 3858 ἐκ

2167 3910 2301 3967 Θεοῦ
2338 3907 2550 3980 Ιιατρδς
2584 3905 2773 3974 Λόγος.
2815 3903 2949 3957 ἰδίαν
2979 3901 3275 3971 ἐποιήσατο
3308 3899 3491 3970 σάρκα
3520 3896 3619 3967 τὴν
3650 3893 3747 3950 τοῦ

2169 4001 2402 4056 θανάτου
2441 3998 2696 4068 δεκτικήν
2728 4012 2742 4026 θ
2769 3994 2859 4048 ἴνα
2887 3991 2965 4063 τῷ
3004 3992 3231 4061 πάσχειν
3268 3988 3481 4043 εἰωθότι
3512 3985 3583 4040 τά
3606 3985 3749 4056 ὑπὲρ

2169 4091 2348 4163 ἡμῶν,
2376 4090 2471 4144 καὶ¹
2496 4087 2563 4142 δι’
2583 4088 2753 4159 ἡμᾶς,
2780 4072 2859 4148 εἰς
2885 4083 3076 4137 ἑαυτὸν
3099 4079 3387 4136 ἀναλαϐὼν
3414 4078 3588 4150 πάθη,
3617 4076 3744 4130 πάν·

2168 4202 2267 4248 τας
2302 4184 2448 4254 ἡμᾶς
2485 4177 2772 4248 ἀπαλλάξῃ
2798 4176 2893 4231 καὶ
2926 4175 3179 4237 θανάτου,
3208 4173 3302 4226 καὶ
3332 4171 3571 4243 φθορᾶς,
3615 4168 3755 4233 Cmo-

2170 4277 2400 4347 ποιήσας
2432 4273 2507 4335 ὡς
2548 4270 2680 4333 Θεὸς
2707 4269 2768 4322 τὸ
2806 4268 2935 4322 ίδιον
2972 4265 3137 4322 αὑτοῦ
3175 4264 3355 4335 σῶμα,
3389 4263 3481 4316 καὶ
3522 4259 3751 4331 ἀπαρχὴ

2170 4362 2407 4433 γεγονὼς
2440 4360 2547 4414 τῶν
2577 4357 3014 4428 κεκοιμημένων,
3043 4355 3137 4410 καὶ
3177 4354 3523 4426 πρωτότοκος
3551 4351 3617 4402 ἐκ
3651 4366 3748 4403 νε·-

2169 4455 2344 4528 κρῶνσ
2372 4454 2432 4507 ού
2466 4451 2573 4524 γὰρ
2621 4450 2906 4522 ἄνθρωπος
2937 4445 3005 4520 ἦν
3036 4448 3235 4511 κοινὸς,
3280 4444 3386 4516 ίδίᾳ
3433 4460 3491 4497 τε
3522 4442 3616 4496 καὶ
3646 4440 3754 4494 άνά

2174 4550 2337 4621 μέρος
2383 4545 2672 4616 νοούμενος
2722 4541 2877 4613 παρά
2913 4540 3006 4595 τὸν
3045 4542 3110 4593 ἐκ
3137 4537 3272 4593 Θεοῦ
3308 4534 3521 4604 Πατρὸς
3552 4532 3753 4600 Λόγον,

2170 4642 2200 4694 6
2223 4639 2291 4693 δι’
2318 4637 2464 4707 ἡμᾶς
2490 4633 2582 4687 τὸν
2614 4632 2793 4703 τίμιον
2823 4630 3123 4701 ὑπομείνας
3170 4625 3423 4697 σταυρὸν,
3454 4623 3546 4676 καὶ
3586 4621 3758 4675 θανάο

2168 4747 2262 4784 του
2319 4726 2689 4797 γευσάμενος*
2736 4724 2851 4777 ἀλλ’
2890 4723 3055 4786 αὐτὸς
3092 4721 3121 4773 6
3154 4720 3254 4781 τῆς
3310 4716 3467 4784 δόξης
3510 4713 3757 4783 Κύριος,

2172 4821 2335 4893 σαρκὶ
2377 4816 2610 4871 πέπονθε
2655 4814 2797 4870 κατὰ
2833 4813 2931 4876 τάς
2963 4812 3206 4885 Γραφάς.
3250 4804 3473 4877 Ἐπειδὴ
3500 4803 3559 4856 δὲ
3596 4804 3646 4854 οί
3690 4802 3760 4854 τὰ

2170 4911 2304 4966 κενά
2333 4910 2427 4964 καὶ
2453 4908 2687 4978 δυσσεϐῆ
2709 4916 2734 4943 ν
2763 4906 3011 4975 δόγματα
3052 4905 3119 4974 τῇ
3153 4899 3289 4972 ὀρθῇ
3330 4898 3424 4951 καὶ
3464 4894 3763 4965 ἀμωμήτῳ

2173 5007 2354 5058 πίστει
2385 5000 2796 5073 παρεισκρίνειν
2823 4997 3119 5061 ἐθέλοντες,
3148 4991 3435 5063 ἄνθρωπόν
3469 5003 3605 5057 φασι
3646 5002 3764 5037 κοι-

2171 5094 2259 5149 νὸν
2288 5093 2574 5163 ὑπομεῖναι
2605 5090 2695 5143 τὸν
2724 5089 2865 5159 ὑπὲρ
2896 5086 3056 5158 ἡμῶν
3090 5084 3342 5155 σταυρὸν,
3369 5080 3593 5149 γέγονεν
3625 5075 3757 5128 ἀνα-

2173 5188 2362 5255 γκαῖος
2383 5187 2412 5238 6
2436 5179 2893 5252 ἀναθεματισμὸς,
2921 5178 3018 5248 τῆς
3042 5175 3269 5245 ἐνούσης
3293 5172 3478 5233 αὐτοῖς
3499 5164 3762 5226 ἀσεϐείας

2174 5272 2486 5354 ἐμφανίζων
2511 5273 2571 5327 τὸ
2603 5270 2853 5342 μέγεθος.

561 5431 779 5491 ⁸⁸]υσιι.
800 5451 871 5501 Vl,
896 5437 983 5491 64.
1026 5437 1071 5469 ³⁸
1096 5437 1224 5493 ibid.
1251 5436 1344 5491 58.
1385 5436 1430 5469 ³⁸
1451 5437 1655 5494 Coloss.
1685 5454 1725 5504 ι,
1760 5436 1845 5491 18.
1880 5436 1924 5468 ³⁷
1947 5436 1963 5491 1
1989 5435 2057 5492 Co

2166 5451 2235 5501 iV,
2264 5434 2356 5492 20.
2392 5434 2437 5466 ³³
2459 5432 2617 5489 llebr.
2658 5447 2718 5497 ιι,
2747 5430 2797 5486 9.
2832 5430 2878 5463 ³⁸
2904 5428 3065 5484 lCor.
3098 5442 3159 5492 ιι,
3197 5425 3252 5483 8.
3286 5422 3374 5478 “l
3404 5421 3551 5479 Petr.
3584 5434 3660 5486 tv.
3702 5420 3754 5475 ί.

1557 5582 1730 5638 Varize
1765 5581 2026 5640 lectiones
2053 5594 2117 5633 ex
2152 5580 2337 5635 codice
2371 5578 2744 5651 chuieriano.

577 5718 603 5751 ο
633 5710 801 5786 μόνην
833 5705 981 5765 θείαν
1020 5702 1312 5777 ἐνοίκησιν.
1353 5713 1380 5756 P
1413 5704 1533 5759 ἰδία.
1598 5713 1626 5755 ιι
1656 5699 2063 5769 ζωοποιοῦντος.
2119 5708 2140 5739 ι
2181 5698 2304 5755 ἰδία.
2381 5709 2401 5738 ⁸
2428 5698 2609 5777 Ιζήσει⁹
2688 5698 2707 5736 ⁸
2746 5713 2824 5751 τε.
2881 5689 3177 5765 υάνωτίρα
3202 5687 3331 5760 γάρ.
3410 5694 3439 5726 ν
3468 5683 3751 5754 δύσφημα.
