4002 6192
254 285 331 345 313
828 277 1360 339 APOLOGETICUS
1392 277 1529 336 PRO
1568 277 1662 335 XII
1701 275 2068 339 CAPITIBCS
2105 273 2384 333 CONTRA
2421 272 2876 332 ORIENTALES.
3257 229 3259 232 i
3374 267 3476 330 5H

1887 465 3015 490 tm

2863 465 3469 492 ω

254 469 1892 508 M5

1502 666 2193 762 ADMONITIO

655 890 733 954 ΙΝ
809 887 1236 963 UTRUMQUE
1298 889 1562 950 SANCTI
1628 891 1926 952 CYRILLI
1995 891 2374 951 LIBELLUM
2441 887 3044 961 APOLOGETICUM,

1736 1089 1978 1129 SCILICET

784 1234 908 1296 Pro
949 1232 1058 1292 XII
1084 1229 1393 1310 capitibus
1430 1237 1649 1292 contra
1686 1229 2051 1302 Orientales,
2093 1236 2154 1291 et
2183 1235 2401 1293 contra
2435 1229 2932 1294 Theodorctum.

971 1421 986 1483 (
1013 1421 1068 1468 Ρ.
1103 1419 1379 1470 (iussurus
1408 1416 1457 1467 in
1486 1419 1612 1481 Opp.
1647 1419 1784 1469 Marii
1828 1421 2135 1482 Mercatoris,
2164 1425 2259 1472 col.
2284 1424 2378 1472 955
2408 1425 2492 1479 ed,
2520 1424 2704 1488 Migne.
2729 1424 2746 1485 )

325 1723 534 1798 Cyrinus
551 1722 793 1792 epistola:
817 1737 930 1777 suae
954 1721 1126 1776 tertia:
1154 1720 1218 1774 ad
1241 1719 1548 1775 Nestorium
1577 1705 1935 1790 stthjunxerat
1974 1724 2148 1792 capita
2176 1739 2424 1779 errorum
2466 1725 2772 1790 duodecim,
2794 1741 2910 1795 quae
2933 1727 3057 1795 quia
3077 1726 3285 1797 singula
3312 1728 3496 1798 subje-

272 1828 396 1873 ctum
421 1819 605 1873 habent
627 1817 942 1879 anathema,
977 1815 1136 1884 vulgo
1171 1815 1614 1869 anathematismi
1643 1825 1923 1882 vocantur,
1974 1833 2282 1886 quanquam
2321 1829 2532 1876 veteres
2561 1821 2838 1875 malebant
2864 1822 3101 1891 capitula
3135 1823 3338 1880 dicere.
3367 1824 3493 1880 Haec

277 1914 672 1982 cumaccepisset
697 1912 998 1976 Nestorius,
1033 1909 1319 1965 confestim
1353 1910 1691 1965 Antiochiam
1717 1912 1864 1966 misit
1887 1913 1952 1967 ad
1979 1911 2240 1967 Joannem
2273 1915 2608 1983 episc0pum,
2643 1931 2841 1982 rogans
2877 1926 2986 1970 uta
3015 1918 3492 1986 praestantissimis

285 2005 463 2060 duobus
481 2021 580 2061 sua:
612 2005 855 2061 dimcesis
895 2003 1226 2070 hominibus,
1263 2004 1478 2057 Andrea
1524 2001 1884 2060 Samosateno
1937 2013 1992 2061 et
2026 2005 2370 2062 Theodoreto
2399 2007 2645 2080 Cyrensi,
2691 2007 3020 2071 refellettdaJ
3056 2019 3111 2065 et
3148 2010 3487 2080 Apollinarii,

293 2106 488 2174 Ariique
523 2121 746 2160 errorum
781 2103 1090 2161 damnanda
1128 2113 1365 2158 curaret.
1753 2129 1755 2132 ‹
2648 2169 2654 2174 ι

363 2195 598 2250 Fecerunt
625 2200 766 2252 ambo
793 2197 938 2268 quod
973 2197 1328 2266 rogabantur,
1364 2197 1736 2268 scriptumque
1769 2197 1968 2269 singuli
2007 2199 2263 2254 acerbum
2312 2199 2516 2268 pariter
2547 2209 2708 2269 atque
2749 2197 3144 2252 amarulentnm
3174 2195 3489 2263 ediderunt,

309 2287 530 2341 Andreas
547 2288 860 2343 Orientalium
893 2287 1136 2350 nomine,
1162 2285 1534 2341 Theodoretns
1569 2301 1703 2354 suo;
1729 2287 1951 2356 scripsit
1978 2289 2123 2342 enim
2145 2288 2235 2342 ille
2258 2287 2577 2355 Antiochiae,
2607 2289 2707 2344 iste
2725 2288 2872 2358 Cyri.
2898 2289 3128 2343 Andreae
3152 2287 3488 2354 obiectiones

307 2379 531 2446 probavit
557 2378 745 2434 Joannis
771 2379 1040 2449 synodus;
1077 2378 1357 2446 misitque,
1391 2379 1606 2446 opinor,
1637 2377 2016 2434 Alexandriam
2056 2394 2152 2450 per
2188 2379 2564 2435 Possidonium
2599 2381 2774 2448 ipsum
2809 2380 3121 2442 diaconum,
3156 2380 3247 2447 qui
3280 2379 3494 2433 litteras

300 2472 558 2527 Caelestini
589 2487 646 2526 ac
675 2472 836 2542 Cyrilli
862 2475 926 2527 ad
959 2472 1228 2527 Joannem
1275 2471 1554 2527 attulerat.
1589 2471 1963 2528 Theodoretns
2011 2472 2464 2541 reprehensiones
2500 2485 2627 2524 suas
2662 2484 2756 2538 per
2797 2468 3136 2522 thniciam
3174 2469 3492 2536 vicinasque

292 2562 524 2632 regiones
552 2563 758 2631 sparsit,
826 2563 924 2616 imo
957 2574 1012 2617 et
1045 2563 1097 2616 in
1127 2562 1317 2616 urbem
1347 2563 1548 2631 regiam
1575 2563 1743 2627 misit,
1777 2563 2182 2632 gratificaturus
2209 2561 2388 2617 amico
2421 2559 2674 2616 Nestorio
2705 2578 2717 2612 :
2755 2559 2856 2612 has
2879 2573 3003 2613 cum
3031 2558 3329 2628 accepisset
3354 2558 3495 2612 Evo-

284 2656 417 2724 ptius
447 2654 776 2710 Ptolemaidis
808 2655 1160 2725 Pentapoleos
1191 2656 1429 2725 regionis
1458 2658 1763 2726 episcopus,
1796 2658 1861 2709 ad
1893 2655 2156 2726 Cyrillum
2183 2655 2351 2708 misit.

347 2741 563 2815 Uterque
587 2747 795 2816 scripsit
822 2756 948 2802 ante
973 2747 1264 2802 concilium
1296 2746 1652 2817 Ephesinum,
1677 2747 1819 2815 quod
1852 2746 1918 2800 de
1941 2761 2000 2800 se
2030 2753 2261 2802 testatur
2289 2745 2664 2801 Theodoretns
2695 2745 2748 2800 in
2783 2745 3100 2815 praefatione
3129 2743 3429 2815 Pentalogii
3467 2769 3484 2808 ε

283 2840 472 2909 utrique
502 2840 720 2912 Cyrillus
772 2853 901 2897 ante
932 2843 1218 2897 concilium
1256 2843 1555 2911 respondit,
1590 2842 1735 2911 quod
1767 2841 1851 2895 vel
1884 2857 1952 2895 ex
1980 2856 2044 2895 eo
2071 2851 2306 2905 constat,
2339 2844 2484 2911 quod
2521 2842 2769 2896 damnati
2797 2857 2824 2894 a
2860 2841 3066 2913 synodo
3096 2840 3330 2897 Nestorii
3365 2855 3496 2897 nus-

278 2943 415 2996 qutun
439 2931 688 2995 meminit,
713 2948 835 2987 cum
871 2943 1054 2988 tamen
1083 2935 1262 3004 magni
1292 2933 1344 2986 in
1373 2947 1486 2986 rem
1519 2947 1672 2986 suam
1709 2934 1964 2986 momenti
1993 2933 2232 2986 futurum
2258 2943 2404 2988 esset
2433 2943 2640 2987 tantum
2672 2930 2922 2986 Ecclesiae
2940 2932 3110 3002 judici
3129 2948 3240 2987 um.

335 3019 444 3075 Fuit
479 3038 600 3077 vero
630 3024 875 3080 Andreas
915 3039 976 3079 ea
1017 3033 1340 3094 tempestate
1377 3026 1518 3080 inter
1548 3022 1855 3080 Orientales
1886 3023 2146 3078 doctrinae
2176 3022 2318 3078 fama
2346 3023 2672 3094 pietatisque
2701 3023 2953 3078 celebris.
2993 3023 3127 3078 Tres
3169 3030 3390 3078 exstant
3428 3036 3496 3076 an

276 3127 381 3167 eum
402 3113 704 3173 Theodoreti
731 3118 998 3189 epistolae,
1023 3120 1204 3189 prima
1220 3118 1363 3175 inter
1395 3119 1572 3173 editas
1594 3133 1623 3171 a
1653 3117 1942 3172 Sirmondo
1965 3119 2225 3188 vigesimo
2247 3128 2444 3189 quarto
2474 3133 2700 3174 numero
2724 3126 3008 3182 censetur;
3036 3118 3206 3171 altera
3235 3118 3286 3171 in
3309 3118 3497 3186 quinta

288 3209 468 3278 synodo
495 3214 796 3282 reperitur;
832 3214 988 3270 tertia
1016 3214 1156 3284 apud
1183 3213 1412 3269 Marium
1439 3212 1822 3282 Mercatorem,
1849 3227 1956 3282 quo
1992 3213 2285 3283 interprete
2319 3228 2463 3268 nunc
2486 3213 2719 3281 primum
2754 3213 2954 3268 editur.
2981 3211 3059 3265 Ex
3087 3211 3262 3282 prima
3293 3211 3497 3267 intelli-

277 3304 400 3373 gitur
418 3316 665 3374 quantam
703 3309 795 3363 ille
823 3311 913 3364 sui
950 3309 1261 3380 opinionem
1289 3309 1426 3378 apud
1455 3323 1647 3362 omnes
1673 3308 1909 3376 fecerat;
1943 3322 2008 3363 ex
2043 3309 2300 3372 secunda,
2333 3325 2438 3363 non
2471 3309 2685 3364 venisse
2715 3308 2782 3362 ad
2813 3306 3103 3361 concilium
3137 3307 3498 3376 Ephesinum,

278 3405 467 3465 propter
488 3399 776 3453 adversam
815 3399 1218 3466 valetudinem;
1241 3414 1306 3454 ex
1338 3400 1522 3463 tertia,
1555 3399 1905 3468 pertinaciter
1931 3400 2222 3454 adhazsisse
2249 3399 2532 3466 Nestorio;
2569 3413 2744 3470 neque
2778 3414 3014 3468 unquam
3041 3399 3096 3454 in
3128 3397 3244 3468 ejus
3274 3401 3499 3454 damna-

277 3485 445 3540 tionem
476 3490 842 3560 consensisse,
875 3493 1036 3546 etiam
1068 3501 1296 3562 cogente
1323 3506 1420 3560 per
1445 3490 1776 3545 Aristolaum
1805 3492 2080 3545 tribunum
2115 3490 2445 3547 Theodosio.

333 3580 502 3637 Hiram
532 3601 696 3651 sane,
733 3587 876 3655 quod
910 3587 1098 3643 scribit
1127 3587 1396 3642 Baronius
1431 3585 1535 3656 (Ad
1580 3603 1704 3640 ann.
1736 3586 1862 3650 431,
1888 3602 2039 3640 num.
2070 3585 2224 3657 185),
2257 3587 2547 3654 impulsum
2583 3588 2750 3644 fuisse
2770 3587 3040 3642 Andream
3074 3603 3102 3642 a
3135 3587 3344 3643 Joanne
3375 3587 3496 3641 Au-
3572 3602 3575 3606 ·

279 3673 512 3742 tiorheno,
545 3688 674 3747 post
701 3677 938 3733 solutum
963 3677 1275 3746 concilium,
1301 3679 1367 3733 ad
1395 3677 1740 3733 scribendum
1773 3686 1959 3731 contra
1992 3676 2063 3746 Cy
2079 3677 2180 3731 rilli
2225 3678 2483 3747 capitula,
2537 3679 2833 3749 tnlisseque
2883 3693 3002 3732 eam
3069 3693 3166 3748 pro
3221 3677 3501 3746 impietate

276 3774 563 3837 mercedem,
596 3783 659 3826 ut
702 3789 768 3827 ex
797 3774 1064 3829 monacho
1085 3772 1684 3842 Constantinopolitano
1714 3771 2098 3828 Samosateuus
2126 3774 2411 3843 epiSCOpus
2447 3774 2600 3826 fieret
2629 3789 2642 3826 :
2679 3787 2800 3825 nam
2829 3771 3002 3840 primo
3031 3770 3489 3839 Constantinopo-

273 3861 441 3919 litanus
471 3868 555 3923 ille
581 3868 912 3934 monachus,
942 3876 1062 3937 post
1093 3883 1276 3938 pacem
1304 3866 1694 3934 Ecclesiarum,
1726 3883 1849 3922 cum
1882 3867 1947 3921 ad
1972 3882 2092 3921 eum
2116 3867 2376 3922 scriberet
2400 3865 2794 3930 Theodoretns,
2822 3867 3000 3919 adhuc
3030 3875 3148 3919 erat
3173 3865 3489 3919 monachus.

276 3956 443 4012 Drinde
470 3959 770 4016 Liberatus
803 3959 988 4024 tradit,
1021 3960 1203 4014 statim
1232 3959 1468 4027 acceptis
1495 3958 1681 4029 Cyrilli
1710 3959 1925 4023 litteris,
1961 3957 2272 4011 Nestorium
2299 3973 2329 4010 a
2359 3956 2568 4010 Joanne
2596 3957 2839 4025 petiisse,
2867 3966 2924 4007 ut
2950 3971 2976 4006 a
3011 3955 3122 4008 suis
3157 3955 3308 4023 argui
3348 3953 3500 4022 capi-

274 4043 363 4098 tula
384 4061 610 4114 curaret,
637 4048 998 4119 idipsumque
1033 4048 1200 4104 refert
1230 4063 1293 4103 ex
1320 4049 1574 4104 Liberato
1602 4048 1867 4104 Baronius
1891 4049 1958 4102 ad
1989 4063 2116 4102 ann.
2145 4047 2271 4102 4'50.
2311 4039 2548 4116 Denique
2575 4045 2950 4100 Theodoretns
2974 4052 3101 4098 ante
3127 4044 3413 4098 concilium
3442 4059 3501 4098 se

273 4144 524 4212 scripsisse
557 4157 801 4201 testatus
848 4153 965 4210 est;
1003 4153 1057 4198 et
1085 4145 1418 4200 ostendimus
1449 4146 1662 4214 utrique
1692 4161 1720 4199 a
1757 4145 1962 4217 Cyrillo
1992 4161 2304 4215 responsum
2329 4152 2454 4199 ante
2479 4145 2655 4211 ipsum
2683 4156 2901 4211 quoque
2932 4139 3243 4194 concilium.
3269 4135 3502 4208 Cyrillus

272 4247 394 4288 certe
434 4235 773 4293 Iheodoreto
805 4236 1104 4305 respondit,
1138 4237 1282 4291 velut
1311 4237 1517 4291 homini
1552 4238 1734 4309 ignoto
1768 4257 1781 4292 :
1816 4241 1906 4305 qui
1937 4253 2066 4292 vero
2091 4238 2277 4292 fuisset
2316 4246 2436 4308 post
2469 4235 2776 4300 concilium,
2813 4248 2935 4288 cum
2970 4231 3351 4286 Theodoretns
3378 4243 3491 4283 rem

272 4327 756 4395 schismaticorum,
796 4329 874 4383 vel
906 4343 1066 4395 unus,
1099 4328 1179 4383 vel
1211 4329 1354 4382 inter
1379 4328 1582 4399 primos
1604 4330 1974 4398 promoverit?
2011 4329 2292 4385 Postremo
2323 4329 2596 4382 Andream
2623 4323 3124 4393 Theodoretusjam
3156 4323 3503 4393 episcopum,

271 4423 532 4490 etquidem
557 4440 680 4480 non
713 4422 787 4477 ita
815 4423 1024 4492 pridem
1056 4420 1281 4486 factum,
1311 4421 1524 4490 Epheso
1558 4421 1754 4478 litteris
1780 4424 2056 4480 convenit.

329 4513 587 4572 Incertum
617 4532 913 4588 quousque
935 4517 1100 4570 vitam
1136 4516 1490 4584 protraxerit,
1522 4530 1645 4570 nam
1677 4519 1817 4585 quod
1847 4516 2012 4572 habet
2045 4516 2360 4570 Theodorus
2380 4511 2604 4567 Lector:
2633 4511 2898 4566 Rabbulas
2923 4513 3215 4566 Edessenus
3236 4512 3504 4581 episcopus

271 4622 412 4664 cacus
438 4621 589 4679 erat;
619 4612 869 4666 Andreas
898 4628 1015 4665 vero
1043 4611 1419 4668 Samosatenus
1459 4613 1721 4664 accusavit
1751 4628 1891 4678 eum,
1916 4611 2067 4680 quasi
2106 4618 2292 4664 contra
2335 4611 2608 4663 duodecim
2639 4609 2814 4677 capita
2863 4605 3178 4661 Theodoreti
3209 4609 3504 4676 scripsisset

273 4699 440 4768 (Lib.t
469 4703 952 4770 Collectaneorum,
993 4713 1031 4756 t.
1063 4703 1104 4756 ll
1133 4702 1470 4757 Bibliotheca:
1520 4701 1747 4755 Patrum
1773 4703 1823 4772 ),
1851 4701 1984 4758 nihil
2031 4711 2211 4772 potest
2238 4700 2306 4754 ad
2334 4700 2740 4767 chronologiam
2763 4699 3092 4763 conducere,
3119 4714 3239 4752 cum
3266 4697 3398 4751 nihil
3425 4697 3497 4752 sit

271 4792 603 4855 Collectaneis
642 4799 801 4866 hujus
849 4801 955 4862 viri
985 4799 1374 4869 perturbatius.
1406 4796 1521 4853 Non
1557 4799 1858 4870 supervixit
1888 4813 2020 4854 sane
2048 4800 2112 4853 ad
2146 4811 2346 4851 annum
2386 4811 2554 4865 usque
2581 4795 2708 4861 451,
2742 4809 2848 4863 qno
2881 4794 3174 4848 concilium
3203 4789 3502 4847 Chalcedo-

274 4901 415 4966 nense
449 4890 696 4943 habitum
726 4899 829 4944 est.
866 4890 922 4944 In
952 4905 1017 4946 eo
1054 4890 1200 4944 enim
1235 4890 1432 4960 legitur
1460 4906 1658 4946 nomen
1694 4888 1872 4942 Ruﬁni
1921 4888 2345 4948 Samosatensis,
2373 4885 2487 4953 qui,
2533 4900 2656 4940 cum
2692 4884 2994 4939 centesimo
3023 4882 3284 4951 vigesimo
3327 4880 3503 4946 primo

273 4976 372 5036 loco
401 4988 732 5040 sententiam
764 4985 983 5052 dixerit,
1014 4985 1153 5039 inter
1179 4985 1358 5054 plures
1394 4985 1667 5041 sexcentis
1695 4984 2002 5054 episcopos,
2037 4998 2140 5037 non
2166 4985 2237 5036 ita
2269 4981 2474 5052 pridem
2506 4980 2691 5034 debuit
2725 4979 3167 5032 Samosatensem
3194 4972 3497 5026 Ecclesiam

277 5088 461 5142 regere,
492 5076 939 5145 quandoquidem
966 5076 1224 5132 credibile
1250 5087 1334 5132 est
1367 5091 1464 5146 pro
1499 5076 1707 5130 ratione
1745 5074 2109 5129 ordinationis
2147 5073 2443 5128 recensitos
2470 5086 2592 5126 esse
2627 5070 2835 5124 Patres.
2878 5069 3058 5132 Quare
3097 5065 3184 5119 vix
3227 5065 3503 5118 Andream

278 5178 381 5220 reor
402 5173 645 5240 adusque
673 5187 806 5228 ann.
831 5171 940 5226 440
971 5172 1134 5227 vitam
1162 5173 1501 5241 produxisse.

336 5259 610 5320 Ietbodus
639 5279 805 5334 porro
839 5279 1001 5334 quam
1034 5265 1085 5317 in
1121 5265 1286 5320 hocce
1311 5280 1474 5335 opere
1507 5271 1690 5319 servat
1715 5265 1816 5320 ista
1849 5265 1962 5320 fere
1993 5275 2094 5319 est.
2129 5262 2386 5332 Cyrillum
2419 5260 2597 5327 arguit
2627 5273 2737 5311 non
2770 5265 2876 5308 tam
2911 5253 3118 5308 erroris
3159 5266 3319 5320 quam
3360 5253 3502 5320 quod

278 5359 548 5423 pugnantia
573 5359 646 5412 sit
671 5346 916 5424 locutus;
947 5359 1089 5428 quod
1112 5360 1333 5415 vocibus
1361 5360 1680 5416 inconsultis
1711 5373 1764 5414 et
1789 5359 2058 5428 ambiguis
2087 5369 2301 5422 utatur;
2330 5365 2384 5409 et
2420 5363 2566 5424 quad
2594 5353 2828 5417 maligne
2869 5349 3010 5404 forte
3049 5347 3251 5418 aliquid
3286 5347 3502 5402 latentis

278 5449 459 5504 erroris
486 5450 822 5507 dissimulet.

340 5542 410 5598 Ex
433 5547 646 5602 duobus
689 5555 865 5601 autem
914 5547 1175 5602 duntaxat
1209 5547 1467 5617 operibus
1497 5535 1679 5617 Cyrilli
1720 5546 1991 5618 depromit
2025 5547 2158 5608 loca,
2191 5554 2308 5610 quac
2357 5535 2825 5592 anathematisntis
2858 5541 3114 5604 opponat,
3153 5547 3220 5588 ex
3269 5529 3495 5601 epistola

287 5647 463 5705 nempe
489 5638 555 5693 ad
591 5637 802 5710 Aigypti
832 5639 1152 5705 monachos,
1185 5649 1238 5694 ct
1270 5641 1486 5696 homilia
1520 5639 1756 5708 paschali
1791 5638 1876 5699 17.
1911 5638 2164 5704 illamque
2195 5632 2354 5704 primi
2381 5631 2511 5685 torni
2545 5630 2782 5691 nomine.
2812 5629 2972 5684 istam
3002 5626 3224 5682 secundi
3254 5622 3502 5695 appellat.
