3966 6194
485 257 594 317 315
1478 263 1537 320 S.
1578 261 1856 321 CYRILLI
1895 261 2364 320 ALEXANDRINI
2402 261 2723 319 ARCHIEP.
3628 256 3737 314 5l6

486 377 621 434 Nam
653 380 753 436 ista
787 379 894 435 duo
924 381 1148 437 fuerunt
1174 382 1345 454 aperti
1374 396 1495 440 cum
1521 382 1778 441 Nestorio
1801 385 2010 441 dissidii
2050 387 2223 456 prima
2255 383 2402 440 velut
2443 383 2665 448 indicia,
2703 388 2758 436 et
2791 380 2946 451 quasi
2975 379 3100 437 belli
3131 379 3383 446 classica,
3419 377 3642 434 fuerunt
3676 387 3734 435 et

481 471 681 541 ubique
707 475 946 542 gentium
973 475 1280 540 notissima,
1303 491 1426 531 cum
1455 485 1680 547 propter
1705 477 1942 532 homiliar
1963 478 2430 540 communitatem,
2456 484 2568 529 tum
2603 473 2838 528 maxime
2863 472 2935 527 ob
2991 471 3236 541 epistola:
3262 470 3456 526 factam
3481 471 3549 526 de
3579 469 3735 526 indu-

483 567 617 619 stria
648 580 744 634 per
769 566 952 635 urbes,
983 577 1037 623 et
1067 568 1531 640 Constantinopoli
1569 571 1826 636 maxime,
1867 571 1954 626 cui
1990 570 2236 626 Andreas
2268 569 2561 634 scribebat,
2597 567 3128 625 disseminationem.

550 647 956 717 Observandum
991 664 1092 718 sub
1138 664 1322 729 finem,
1354 666 1644 720 admodum
1691 681 1862 736 pauca
1899 666 1967 720 ab
1999 667 2217 721 Andrea
2261 664 2432 719 asseri
2467 677 2586 732 quae
2629 662 2828 716 bonum
2875 675 3094 715 sensum
3133 659 3276 714 ferre
3319 673 3426 713 non
3475 657 3729 728 possint:

481 763 652 818 quare
685 765 789 804 non
822 755 896 806 ita
917 755 1226 823 discrepare
1247 755 1418 824 ipsum
1445 769 1474 809 a
1506 755 1731 826 Cyrillo,
1767 757 1897 826 quin
1926 755 2105 822 facile,
2130 756 2174 810 si
2208 754 2572 810 contentionis
2590 751 2830 807 studium
2848 751 3006 816 absit,
3029 749 3310 804 conciliari
3335 757 3535 818 queat:
3563 748 3731 802 asseri

479 839 625 905 dico,
648 841 772 909 quia
803 844 1131 898 sententiam
1159 843 1513 901 Orientalium
1530 846 1922 902 velutNestorii
1956 847 2174 902 nomine
2191 843 2664 900 anathematismis
2691 842 2982 912 appetitam
3004 841 3232 896 subinde
3259 840 3503 910 exponit,
3531 845 3588 892 ut
3616 839 3736 896 haec

480 926 822 986 elucubratio
851 947 956 986 non
998 943 1106 988 tam
1145 934 1484 1004 impugnatio
1511 935 1746 990 hominis
1779 938 2006 1005 alicujus
2032 937 2204 992 videri
2238 937 2430 1008 possit,
2462 951 2624 1004 quam
2657 933 2740 988 vel
2765 932 3010 988 defensio
3035 931 3414 1002 iudiciumque
3441 929 3737 986 Orientalis

479 1025 692 1094 synodi,
730 1025 814 1081 vel
845 1030 1116 1084 sententia
1149 1030 1215 1085 de
1250 1031 1744 1095 analhematismis,
1775 1040 2035 1102 tanquam
2063 1033 2164 1088 sibi
2196 1031 2718 1088 contradicentibus.

548 1120 728 1188 Atque
753 1121 867 1176 hmc
901 1137 1058 1177 causa
1090 1121 1193 1178 fuit
1221 1140 1320 1180 cur
1355 1123 1614 1196 Cyrillus,
1648 1125 1750 1179 etsi
1786 1127 2054 1182 interdum
2082 1128 2368 1191 irascatur,
2392 1134 2616 1196 propter
2644 1123 3115 1192 importunitatem
3145 1122 3598 1188 obtrectatorum,
3629 1121 3733 1175 mi-

480 1211 587 1266 tius
614 1223 792 1268 tamen
822 1229 942 1268 cum
969 1216 1188 1272 Andrea
1220 1233 1380 1288 quam
1408 1231 1531 1270 cum
1561 1215 1909 1272 Theodoreto
1945 1227 2105 1289 agat;
2135 1219 2188 1272 in
2213 1217 2308 1272 illo
2341 1217 2485 1272 enim
2520 1216 2855 1287 provinciam
2894 1229 3061 1270 unam
3093 1221 3289 1280 totam,
3319 1213 3373 1269 in
3409 1213 3510 1268 isto
3539 1212 3730 1282 singu-

476 1306 643 1362 larem
676 1322 988 1378 personam,
1017 1320 1073 1366 et
1101 1327 1221 1366 eam
1258 1313 1474 1382 quidem
1505 1309 1608 1364 sibi
1645 1309 1882 1381 ignotam
1915 1313 2202 1384 spectavit.

1179 1709 1526 1886 ΤΟΥ
1601 1706 2125 1842 ΑΠοΥ

2185 1707 3052 1844 ΚΥΡΙΛΛΟΥ

1499 1979 2066 2034 ΔΡΧΙΕΠΙΣΚΟΠΟΥ
2113 1975 2637 2035 ΔΛΕΞΔΝΔΡΕῙᾹΣ

689 2157 1572 2251 ΑΠΟΛΟΓΗΤΙΚΟΣ
1645 2165 1944 2251 ΥΠΕΡ
2016 2165 2244 2251 ΤΩΝ
2324 2164 2776 2251 ΔΩΔΕΚΑ
2851 2163 3502 2256 ΚΕΦΑΛΑΙΩΝ

1324 2370 1514 2422 ΠΡΟΣ
1554 2369 1735 2423 ἸῸΥΣ
1779 2369 1918 2421 ΤΗΣ
1953 2365 2335 2422 ΑΝΑΤΟΛΗΣ
2364 2369 2857 2425 ΕΠΙΣΚΟΠΟΥΣ.

1304 2579 1991 2863 SANCTI
2090 2707 2869 2862 CYRILLI

1563 3001 2036 3058 ALEXANDRIE
2074 3000 2601 3058 ARCHIEPISCOPI

763 3189 1672 3292 APOLOGETICUS
1749 3202 1984 3294 PRO
2059 3204 2686 3295 DUODECIM
2765 3203 3394 3295 CAPITIBUS

1379 3389 1775 3453 ADVERSUS
1831 3393 2312 3456 ORIENTALES
2362 3395 2782 3457 EPISCOPOS.

2052 3587 2097 3598 -α

522 3708 624 3777 Qui
658 3723 810 3766 suam
853 3723 1086 3770 mentem
1127 3718 1471 3778 sanctissimo
1504 3724 1613 3780 Deo
1651 3727 1930 3796 dicarunt,
1971 3741 2023 3787 et
2053 3735 2098 3793 Α

2200 3734 2261 3785 Oi
2293 3731 2371 3802 τῷ
2403 3731 2652 3801 παναγίῳ
2698 3731 2817 3802 Θεῷ
2859 3733 2958 3803 τὴν
2996 3731 3202 3785 ἑαυτῶν
3237 3731 3475 3786 διάνοιαν
3523 3749 3712 3804 παρα-

451 3801 698 3863 veritatis
726 3802 1072 3873 dogmatibus
1096 3811 1422 3876 patrocinari
1461 3815 1796 3884 delegerunt,
1830 3831 2024 3875 cavent

452 3891 676 3962 profana
710 3894 1133 3965 irreligiosorum
1173 3901 1546 3960 hmreticnrum
1587 3910 1893 3979 vaniloquia
1919 3929 1933 3977 ;
1959 3929 2023 3968 ac

454 3988 678 4052 figentes
713 3986 983 4044 internum
1016 3999 1070 4046 et
1103 3992 1478 4051 absconditum
1507 4001 1686 4055 cordis
1723 4004 1936 4058 oculum
1968 4006 2019 4060 in

452 4077 790 4147 Scripturam
819 4081 1078 4140 divinitus
1116 4087 1456 4156 inspiratam,
1483 4091 1671 4162 sicque
1701 4095 1854 4149 bonis
1881 4098 2021 4165 cogi-

451 4167 742 4223 tationibus
763 4184 886 4224 eum
917 4170 1121 4226 affatim
1147 4175 1443 4243 explentes,
1483 4179 1548 4233 iis
1577 4181 1667 4250 qui
1705 4193 1848 4236 recta
1893 4199 2019 4252 per-

447 4263 686 4321 vertunt,
712 4259 1059 4315 obluctantur
1087 4279 1344 4334 perquam
1379 4279 1622 4336 strenue,
1651 4274 1808 4338 quasi
1839 4275 2022 4330 dicen-

448 4354 568 4404 tes:
603 4367 622 4400 ι
673 4347 908 4405 Zelando
957 4354 1114 4408 zelati
1167 4371 1354 4412 sumus
1398 4359 1624 4414 Domino
1656 4363 1720 4416 “.
1763 4383 1780 4415 ι
1833 4363 2020 4434 Itaque

444 4451 566 4489 cum
611 4436 892 4496 Nestorius
936 4443 1133 4499 multas
1186 4455 1241 4501 et
1287 4449 1529 4506 diversas
1562 4452 1724 4524 158
1769 4455 2019 4524 blasphe-

446 4528 585 4582 mias
616 4539 802 4584 contra
834 4532 1108 4590 Christum
1138 4536 1472 4595 Salvatorem
1502 4547 1744 4600 omnium
1773 4558 2015 4604 nostrum

442 4616 762 4686 eﬂuuderet,
791 4632 846 4679 et
871 4628 1265 4694 quodammodo
1298 4637 1659 4692 venerandum
1688 4650 1742 4693 et
1765 4656 2014 4708 magnum

443 4710 837 4772 incarnationis
909 4732 1346 4777 sacramentum.
1387 4724 1628 4784 funditus
1679 4741 2011 4799 removeret,

2132 3825 2446 3896 στήσαντες,
2479 3825 2709 3886 καὶτοῖς
2743 3825 2840 3892 τῆς
2873 3824 3132 3894 ἀληθείας
3163 3825 3394 3894 δόγμασι
3427 3826 3713 3878 συνειπεῖν

2130 3914 2427 3985 ᾑρημένοι,
2474 3912 2861 3983 παραιτοῦνται
2899 3914 2996 3982 μὲν
3032 3915 3127 3978 τὰς
3173 3915 3432 3985 βεϐήλους
3464 3931 3713 3982 κενοφω-

2130 4003 2246 4065 νίας
2271 4011 2296 4038 ι
2320 4002 2427 4055 τῶν
2448 4003 2674 4056 ἀνοσίων
2698 4003 3012 4073 αἱρετικῶν,
3039 4005 3348 4074 ἐρείσαντες
3374 4005 3430 4057 δὲ
3456 4004 3546 4058 τὸν
3574 4005 3706 4070 ἔσω,

2129 4094 2218 4146 καὶ
2246 4092 2769 4162 κατακεκρυμμένον
2807 4091 3083 4161 ὀφθαλμὸν
3119 4094 3216 4162 τῆς
3239 4094 3464 4164 καρδίας
3489 4097 3555 4164 τῇ
3587 4093 3709 4146 θεο-

2128 4185 2376 4256 πνεύστῳ
2403 4186 2615 4256 Γραφῇ,
2638 4184 2781 4236 οὕτω
2812 4200 2872 4236 τε
2899 4185 3064 4236 αὐτὸν
3095 4185 3366 4248 πλουσίως
3392 4186 3714 4256 ἀναμεστώο

2129 4294 2316 4340 σαντες
2357 4275 2575 4329 ἐννοιῶν
2605 4275 2847 4343 ἀγαθῶν,
2890 4277 3002 4338 τοῖς
3029 4276 3097 4328 τὰ
3124 4275 3263 4346 ὀρθὰ
3289 4277 3711 4347 διαστρέφουσιν

2126 4367 2568 4431 ἀντανίστανται,
2616 4368 2709 4420 καὶ
2747 4367 2888 4438 μάλα
2937 4367 3229 4430 νεανικῶς,
3285 4369 3568 4438 μονονουχὶ
3613 4369 3709 4420 λέ-

2125 4476 2312 4527 γοντες
2333 4476 2346 4489 ο
2391 4477 2411 4510 ι
2444 4457 2739 4528 Ζηλοῦντες
2788 4459 3144 4530 ὲζηλὼκαμεν
3177 4459 3253 4524 τῷ
3290 4459 3500 4532 Κυρίῳ.
3531 4481 3548 4512 ›
3596 4461 3710 4514 Na-

2127 4550 2340 4621 στορίου
2377 4549 2554 4602 τοίνυν
2585 4549 2784 4614 πολλάς
2809 4568 2870 4603 τε
2897 4553 2988 4604 καὶ
3015 4552 3307 4622 διαφόρους
3340 4553 3711 4622 καταχέοντος

2125 4640 2471 4711 βλασφημίας
2497 4639 2590 4692 τοῦ
2620 4640 2835 4693 πάντων
2863 4641 3017 4710 ἡμῶν
3037 4643 3290 4714 Σωτῆρος
3314 4643 3574 4714 Χριστοῦ,
3604 4645 3711 4699 καὶ
3747 4703 3756 4732 ⁸

2121 4726 2231 4782 οἷον
2261 4731 2323 4781 ἐκ
2354 4729 2569 4799 βάθρων
2599 4729 3061 4799 ἀναμοχλεύοντος
3087 4731 3145 4782 τὸ
3173 4732 3390 4795 σεπτὸν,
3425 4734 3520 4784 καὶ
3557 4734 3711 4801 μέγα

443 4817 548 4858 non
609 4805 922 4875 ignorantes
969 4809 1034 4862 ad
1089 4812 1201 4867 hmc
1252 4815 1389 4872 velle
1437 4818 1600 4874 silere
1650 4822 2012 4891 periculosum
2120 4839 2148 4874 τ

2127 4821 2221 4890 τῆς
2241 4820 2396 4873 ὲνανθ
2407 4821 2703 4891 ρωπήσεως
2730 4822 3046 4892 μυστήριον,
3070 4822 3170 4874 οὐκ
3197 4823 3476 4876 ἀκίνδυνον
3499 4824 3710 4889 εἰδότες

440 4909 584 4960 esse,
622 4905 674 4953 et
720 4915 842 4954 cum
893 4901 1190 4970 sepissime
1233 4909 1688 4968 consuluissemus
1741 4915 1842 4980 illi,
1892 4924 2012 4969 uta
2119 4929 2148 4964 τ

2127 4911 2179 4964 τὸ
2199 4912 2290 4964 ἐπί
2322 4929 2383 4980 γε
2413 4911 2623 4974 τούτοις
2653 4911 2866 4965 ἑλέσθαι
2899 4915 3076 4982 σιγᾷν,
3105 4913 3610 4983 συμϐουλεύσαντές
3637 4933 3706 4970 τε

443 4985 643 5043 talibus
676 4988 1029 5061 hlasphemiis
1061 5008 1332 5065 cessaret,
1371 5001 1614 5073 nihilque
1643 5007 1857 5074 penitus
1889 5021 2012 5076 pro-
2119 5021 2148 5054 τ

2127 5002 2439 5066 πλειστάκις
2495 5002 2644 5074 αὐτῷ
2687 5002 2796 5055 τῶν
2835 5003 3090 5056 τοιούτων
3134 5003 3434 5074 ἀπέχεσθαι
3484 5005 3706 5078 δυσφη-

441 5076 779 5146 fecissemus,
809 5087 1118 5141 necessario
1160 5092 1371 5146 tandem
1415 5096 1482 5148 ad
1528 5095 1860 5151 defendenda
1894 5098 2010 5164 pie-
2043 5090 2084 5145 Β
2117 5116 2148 5169 μ

2127 5097 2274 5166 μιῶν,
2327 5098 2614 5165 ὀνῆσαντες
2651 5095 2707 5149 δὲ
2754 5095 3037 5158 παντελῶς
3074 5097 3248 5160 οὐδὲν,
3289 5099 3703 5168 κεχωρήκαμεν

443 5170 570 5227 tatis
619 5173 870 5244 dogmata
925 5181 1276 5252 accessimus,
1325 5193 1379 5240 et
1420 5186 1636 5242 selectis
1689 5181 2011 5257 quibusdam
2119 5191 2148 5244 ἀ

2127 5189 2430 5257 ἀναγκαίως
2474 5190 2565 5242 ἐπὶ
2607 5189 2668 5241 τὸ
2701 5189 2898 5260 χρῆναι
2937 5187 3217 5242 συναθλεῖν
3249 5190 3362 5252 τοῖς
3405 5189 3500 5258 τῆς
3534 5189 3704 5241 evhoe-

517 5347 554 5382 δ’
584 5346 646 5403 Ill
679 5347 810 5422 Reg.
844 5369 959 5420 xu,
995 5356 1081 5412 Η.

1504 5518 1676 5576 Varia:
1706 5520 1965 5578 lectiones
1987 5537 2048 5578 ex
2084 5523 2267 5579 codice
2304 5525 2672 5594 Seguieriauo.

449 5663 476 5695 ³
497 5659 659 5724 ἴσως,
691 5662 1070 5730 καινοφωνίας.
