4002 6192
303 233 398 288 3l7

926 233 1459 294 APOLOGETICUS
1498 235 1636 295 PRO
1677 236 1771 293 ΧΠ
1809 238 2176 298 CAPITIBUS
2208 241 2492 300 CONTRA
2531 219 2994 301 ORIENTALES.

3483 245 3589 301 5l8

300 348 448 409 θείας
471 345 784 416 δόγμασιν,
810 348 1241 422 Ἀπολεξάμενοι
1263 353 1321 405 δὲ
1349 354 1624 423 κεφάλαιά
1643 372 1764 409 τινα
1792 355 1893 410 τῶν

2014 357 2156 413 illius
2181 345 2641 429 blaSpliemiarutn
2697 358 2985 429 capitibus,
3029 372 3092 414 ea
3127 357 3330 414 utiliter
3367 359 3587 414 anathe-

299 437 510 489 ἐκείνου
542 437 904 510 δυσφημιῶν,
955 441 1130 494 ταῦτα
1175 443 1464 514 χρησίμως
1504 445 1905 516 ἀνεθεματίσα-

308 545 423 598 μεν,
458 530 584 598 ᾕτοι
631 529 770 593 τοὺς
801 533 1021 599 φρονεῖν
1065 530 1350 596 ἐθέλοντας
1379 534 1548 598 αὐτὰ,
1590 535 1904 606 πειθόμενοι

303 619 507 686 λέγοντι
543 618 636 688 τῷ
673 622 933 691 μακαρίῳ
969 622 1201 692 Παύλῳο
1234 642 1250 675 σ
1286 624 1352 677 El’
1381 642 1464 687 τις
1495 627 1640 695 ὑμᾶς
1673 627 1905 694 εὐαγγε-

304 708 506 772 λίζεται
552 710 698 780 παρ’
743 711 771 762 ὅ
839 712 1212 782 παρελάϐετε,
1259 714 1507 785 ἀνάθεμα
1555 715 1727 768 ἔστω*
1770 716 1905 770 ἀλλά

306 803 402 854 κᾶν
429 804 620 870 ἡμεῖς,
653 802 690 870 ἢ
717 802 948 869 ἄγγελος
977 803 1037 867 ἐξ
1059 799 1289 874 οὐρανοῦ
1313 805 1736 875 εὐαγγελίσηται
1760 805 1904 876 ὑμᾶς

307 894 430 961 παρ’
457 893 486 944 ὃ
532 894 914 964 παρελάϐετε,
958 895 1208 964 ἀνάθεμα
1237 895 1397 950 ἔστω.
1427 915 1444 947 ι
1503 897 1642 950 Ἀλλ’
1677 898 1777 950 οὐκ
1809 897 1902 951 οἷδ’

309 989 450 1047 ὅπως
497 985 953 1058 δεδυσφορήκασί
984 1005 1130 1051 τινες
1175 989 1269 1042 ἐπὶ
1301 989 1476 1061 τούτῳ
1509 991 1651 1057 λίαν,
1696 992 1730 1061 ἢ
1777 992 1906 1062 ὁμό-

311 1095 495 1145 φρονες
518 1077 706 1141 ὄντες,
735 1080 828 1132 καὶ
862 1080 1293 1151 ίσογνώμονες,ῆ
1320 1083 1773 1154 προσποιούμενοι
1805 1085 1903 1154 μὲν

315 1170 703 1241 παραιτεῖσθαι
735 1172 835 1242 τὴν
870 1172 1176 1243 όμοδοξίαν,
1214 1173 1546 1245 πειρώμενοι
1583 1176 1640 1229 δὲ
1673 1177 1760 1230 διὰ
1787 1177 1906 1248 τρόο

317 1281 410 1315 που
446 1264 656 1328 παντὸς
710 1267 1025 1336 ἐπικουρεῖν
1063 1265 1241 1336 αὐτῷ,
1291 1269 1386 1322 καὶ
1450 1269 1719 1322 ποιεῖσθαι
1767 1286 1900 1323 κατ-

321 1357 726 1426 εστυγημένους
757 1359 886 1420 τοὺς
915 1358 994 1428 τῷ
1028 1359 1245 1428 Σωτῆρι
1281 1361 1665 1432 συναγορεύειν
1689 1361 1900 1415 ἐθέλον-

320 1467 428 1512 τας.
465 1449 607 1501 Ἀλλ’
637 1445 710 1520 ἦν
749 1449 1046 1503 ἀκόλουθον
1091 1452 1312 1517 ὲννοεῖν,
1351 1452 1433 1505 ὅτι
1463 1454 1577 1516 τοῖς
1605 1451 1904 1522 ἑτεροδιδα-

324 1540 528 1602 exalat;
578 1541 848 1610 ἐπιτιμᾷν
905 1540 1275 1611 προύξένησεν
1326 1541 1393 1595 ἂν
1440 1543 1624 1606 αὐτοῖς
1673 1542 1772 1612 τῆς
1821 1543 1902 1604 είς

324 1631 546 1698 Χριστὸν
586 1630 811 1702 ἀγάπης
845 1635 907 1684 τὸ
939 1631 1189 1704 γνήσιον·
1231 1632 1328 1686 νῦν
1357 1633 1413 1687 δὲ
1448 1633 1764 1704 πεπράκασι
1801 1632 1899 1702 μὲν

2013 450 2412 516 matizavimus,
2440 451 2544 505 hoc
2565 459 2669 514 est,
2701 465 2794 505 eos
2832 451 2925 518 qui
2968 450 3093 504 talia
3126 450 3331 506 sentire
3379 449 3586 512 volunt,

2008 543 2443 610 obtemperantes
2471 544 2630 596 beato
2661 541 2830 595 Paulo
2854 543 3053 598 dicenti
3092 559 3105 594 :
3142 561 3160 594 ι
3201 542 3256 596 Si
3289 541 3409 609 quis
3433 541 3586 594 vobis

2006 630 2461 700 evangelizaverit
2513 641 2710 700 prmter
2765 631 2816 684 id
2877 632 3019 699 quod
3087 629 3392 696 accepistis,
3449 642 3584 680 ana-

2006 722 2185 774 thema
2225 722 2316 775 sit.
2349 721 2450 774 Sed
2486 721 2587 776 etsi
2631 735 2749 785 uos,
2778 720 2861 774 vel
2897 721 3117 788 angelus
3145 719 3209 771 de
3253 718 3390 772 coelo
3421 731 3583 770 evan-

2007 811 2318 880 gelizaverit
2358 810 2513 865 vobis
2555 820 2753 879 prmter
2804 811 2854 865 id
2908 809 3049 877 quod
3092 808 3402 876 accepistis,
3447 821 3578 860 aua—

2011 903 2186 958 lhema
2217 903 2289 958 sit
2319 902 2383 956 ⁸².
2422 918 2443 954 ι
2475 904 2543 955 At
2577 904 2760 956 nescio
2786 915 2896 970 quo
2925 909 3084 970 pacto
3114 899 3167 952 id
3208 899 3420 952 modum
3457 913 3583 966 gra-

2005 1005 2126 1049 vate
2167 994 2386 1049 tulerint
2413 995 2600 1064 aliqui,
2629 995 2710 1049 vel
2739 994 2882 1063 quod
2931 994 3039 1048 sint
3084 990 3319 1059 ejusdem
3365 999 3582 1045 senten-

2007 1088 2094 1140 tia:
2119 1102 2182 1140 ac
2211 1087 2480 1154 opinionis
2519 1102 2640 1140 cum
2689 1087 2810 1150 illo;
2844 1085 2924 1139 vel
2965 1083 3108 1154 quod
3157 1081 3410 1136 simulent
3460 1081 3582 1148 qui-

2005 1178 2122 1232 dem
2154 1191 2214 1231 se
2238 1177 2410 1231 vitare
2435 1169 2704 1245 Opinio'uis
2732 1176 3070 1240 societatem,
3101 1159 3366 1226 attentcnt
3399 1180 3577 1224 autem

2005 1269 2178 1323 modis
2207 1269 2456 1322 omnibus
2492 1269 2664 1336 ipsqu
2714 1267 2989 1332 adjuvare,
3023 1274 3077 1320 et
3113 1264 3335 1319 reddere
3385 1278 3581 1317 exesos

2003 1373 2096 1413 eos
2163 1361 2253 1429 qui
2305 1360 2642 1414 Satvatorem
2697 1360 2972 1413 Christum
3026 1355 3318 1411 defendere
3373 1353 3576 1408 volunt.

2004 1449 2751 1520 Verumtameucogitaudum
2799 1459 2939 1514 erat,
2983 1449 3126 1518 quod
3177 1449 3456 1515 increpare
3496 1446 3573 1498 di-

2003 1555 2156 1596 versa
2192 1543 2469 1607 docentes,
2503 1542 2845 1596 conciliasset
2886 1540 3018 1608 ipsis
3069 1539 3270 1593 amoris
3317 1538 3371 1591 in
3417 1536 3578 1590 Chri-

2003 1642 2142 1687 stum
2199 1633 2611 1687 sinceritatem:
2665 1648 2808 1686 uuue
2858 1641 3038 1685 autem
3085 1637 3312 1699 egerunt
3357 1628 3573 1697 quidem

331 1724 420 1792 οὒχ
454 1725 586 1794 ὅπερ
609 1719 680 1793 ἦν
702 1699 959 1792 ἄμεινονέ
993 1699 1189 1777 πολλοῦ
1219 1741 1283 1792 γε
1309 1725 1401 1778 καὶ
1427 1725 1534 1777 δεῖ·
1565 1699 1892 1794 πεποίηνται

2004 1739 2111 1780 non
2171 1728 2312 1794 quod
2358 1725 2472 1780 ﬁeri
2520 1725 2838 1794 oportebat;
2909 1723 3168 1792 quinam?
3221 1721 3346 1775 facti
3393 1729 3572 1772 autem

331 1812 383 1864 δὲ
415 1814 867 1884 πολεμιωτάτους,
899 1807 974 1868 ὧν
1020 1817 1068 1867 εί
1107 1814 1362 1883 γεγόνασι
1405 1814 1661 1885 ζηλωταὶ,
1703 1814 1896 1884 ἀνεδή-

345 1921 489 1957 σαντο
515 1905 576 1958 ἂν
627 1907 719 1959 σὺν
759 1909 948 1968 αὐτοῖς
990 1909 1090 1977 τῆς
1122 1906 1436 1977 ἀφθαρσίας
1475 1906 1566 1959 τὸν
1609 1906 1890 1976 στέφανον.

355 1995 808 2067 Ἑπιλαμῦάνονται
834 1998 1016 2052 τοίνυν
1039 1998 1146 2052 τῶν
1177 1997 1657 2069 ἁναθεματισμῶν,
1684 1997 1760 2062 ὡς
1792 1999 1893 2050 οὐκ

356 2083 409 2140 εὖ
437 2090 737 2157 γεγονότωνο
770 2090 866 2143 καὶ
905 2090 970 2150 δὴ
1012 2090 1108 2143 καὶ
1153 2089 1370 2160 ἑκάστῳ
1417 2089 1757 2162 παραθέντες
1797 2090 1892 2156 ἐγ-

363 2179 566 2248 γράφως
588 2180 753 2250 alter;
781 2180 992 2235 ἑαυτῶν
1017 2181 1256 2244 διανοίας
1281 2183 1412 2251 εὑρή
1425 2199 1588 2251 ματα,
1618 2182 1710 2234 καὶ
1735 2182 1893 2234 ἀσυν-

366 2269 508 2332 έτους
546 2272 677 2334 τινας
713 2272 1100 2341 εἰκαιομυθίας,
1136 2272 1504 2342 συναρπάσειν
1529 2272 1730 2326 οἴονται
1763 2272 1889 2335 τοὺς

361 2355 756 2425 ἐντευξομένους,
780 2360 868 2410 καὶ
891 2358 1270 2423 ἀϐασανίστως
1302 2362 1415 2422 τοῖς
1441 2360 1572 2430 παρ’
1594 2360 1772 2413 αὐτῶν
1802 2363 1887 2412 ὲν-

351 2447 698 2514 τυγχάνοντας
735 2449 910 2516 λόγοις.
960 2446 1071 2503 Ἦν
1119 2447 1210 2504 οὗν
1259 2451 1553 2520 ἀναγκαῖον
1591 2453 1686 2506 καὶ
1736 2454 1884 2522 ἡμᾶς

343 2537 528 2600 αὐτοὺς
564 2539 990 2610 ἀντιπαρεξάγειν
1021 2542 1080 2594 τὸ
1109 2542 1330 2612 ἀληθὲς,
1357 2545 1450 2596 καὶ
1482 2544 1882 2616 ἀποκρούεσθαι

333 2627 422 2696 τὴν
453 2629 790 2700 κατάρῤησιν,
811 2633 1090 2702 ἀποφῆναί
1118 2651 1174 2687 τε
1203 2633 1685 2709 φιλοσκώμμονας,
1714 2635 1881 2706 ἤγουν

329 2719 563 2788 ἀληθείας
605 2723 899 2793 ἐρευνητάς
948 2727 1075 2788 τοὺς
1103 2725 1168 2778 δι’
1207 2727 1474 2789 ἐναντίας.
1507 2727 1882 2796 Προτάξαντες

1997 1826 2124 1872 sunt
2155 1817 2498 1872 infensissimi
2552 1817 2655 1882 his,
2689 1831 2916 1886 quorum
2971 1816 3015 1869 si
3066 1814 3289 1867 fuissent
3338 1811 3575 1864 imitato-

1997 1923 2104 1973 res,
2141 1909 2564 1963 immortalitatis
2603 1923 2800 1962 corona
2852 1922 2970 1961 cum
3022 1906 3154 1972 ipsis
3201 1903 3434 1958 redimiti
3491 1902 3571 1956 fo-

1995 2007 2136 2054 rent.
2166 1997 2350 2068 ltaque
2397 1999 2883 2054 anathematismos
2931 1996 3368 2066 reprehendunt,
3412 1994 3566 2063 quasi

1995 2105 2102 2146 non
2154 2102 2300 2146 recte
2351 2092 2630 2145 habeant:
2686 2101 2844 2160 atque
2890 2090 3052 2144 etiam
3105 2087 3400 2156 unicuique
3457 2100 3570 2139 sua:

1993 2182 2192 2236 mentis
2219 2182 2659 2248 adinveutiones,
2701 2194 2755 2236 et
2783 2181 2984 2236 stultas
3017 2178 3277 2250 quasdam
3313 2191 3376 2230 ac
3403 2175 3568 2231 frivo-

1991 2272 2071 2328 las
2123 2271 2482 2329 fabulationes
2533 2275 2818 2330 scribendo
2881 2280 3269 2342 apposucrunt,
3328 2271 3454 2333 rati,
3506 2283 3568 2324 se

1983 2377 2086 2431 per
2121 2363 2366 2420 fraudem
2415 2375 2748 2419 attracturos
2794 2364 3052 2418 librorum
3099 2375 3319 2414 suorum
3356 2360 3566 2427 impru-

1987 2453 2175 2508 dentes
2230 2454 2486 2509 lectores.
2529 2455 2715 2522 Itaque
2764 2462 2818 2507 et
2867 2453 3020 2506 nobis
3064 2449 3424 2505 necessarium
3463 2447 3566 2502 fuit

1986 2558 2018 2599 e
2047 2545 2261 2598 diverso
2306 2545 2587 2598 veritatem
2626 2557 2919 2614 opponere,
2961 2553 3012 2596 et
3059 2541 3272 2594 illorum
3315 2537 3564 2591 reiellere

1985 2631 2409 2699 oblocutiouem,
2444 2648 2509 2687 ac
2547 2634 2835 2688 ostendere
2871 2631 2994 2686 illos
3020 2628 3322 2684 dicacitatis
3357 2626 3566 2682 studio-

1983 2739 2093 2788 sos,
2119 2725 2220 2778 hoc
2244 2733 2328 2779 est
2349 2738 2536 2779 eorum
2560 2726 2906 2780 adversarios
2927 2723 3175 2778 veritatis
3195 2721 3559 2790 indagatores.

328 2811 491 2863 τοίνυν
531 2812 752 2868 ἕκαστον
779 2816 889 2868 τῶν
919 2817 1401 2886 ἀναθεματισμῶν,
1431 2813 1549 2871 εἶτα
1577 2819 1787 2882 τούτοις
1811 2820 1878 2873 τὰ

2000 2813 2217 2869 ;’roinde
2236 2817 2725 2883 prmordiuavimus
2758 2816 3000 2886 singulos
3043 2814 3556 2878 auatbematismos;

326 2905 440 2970 παρ’
463 2904 674 2957 ἐκείνων
707 2908 1096 2977 συντεθειμένα
1129 2909 1509 2975 συντάξαντες,
1539 2911 1876 2980 παρεζεύξα·

2000 2905 2176 2958 leinde
2208 2905 2294 2958 his
2317 2905 2683 2974 adjunximus,
2713 2920 2831 2974 qua:
2857 2906 2926 2958 ab
2950 2905 3053 2959 illis
3078 2902 3375 2972 composita
3407 2910 3554 2965 sunt;
3585 2897 3590 2904 ’

326 3010 411 3062 μεν
435 2994 497 3046 τὰ
526 2998 647 3065 παρ’
671 2997 907 3063 ἑαυτῶν,
937 3001 1048 3062 τοῖς
1074 2999 1180 3052 τῶν
1211 3000 1371 3054 θείων
1397 3003 1628 3072 Γραφῶν
1657 3004 1877 3072 ἐπιστή-

2000 3005 2252 3051 ›οειι·θιηο
2294 2997 2631 3051 subdidimus
2670 3007 2724 3051 et
2753 3008 2959 3060 nostra,
2995 2997 3204 3050 divinas
3243 2993 3558 3061 Scripturas

326 3103 451 3154 μοσι,
471 3086 744 3151 δικασταῖς
769 3090 931 3142 οἱονεὶ
957 3089 1248 3160 χρώμενοι,
1275 3093 1367 3145 καὶ
1395 3093 1572 3164 ψῆφον
1598 3091 1877 3157 αἰτοῦντες

2000 3087 2278 3142 .cieutibus
2304 3089 2461 3157 quasi
2482 3087 2756 3156 iudicibus
2801 3097 3036 3149 utentes.
3067 3096 3227 3156 atque
3253 3086 3320 3140 ab
3353 3086 3437 3138 his
3461 3085 3555 3153 qui

321 3177 466 3246 ὀρθήν
501 3195 556 3231 τε
583 3181 678 3232 καὶ
730 3181 1135 3252 ἀνεπίπληκτον
1184 3183 1337 3254 παρά
1386 3185 1494 3237 τῶν
1527 3186 1744 3239 εἰδότων
1776 3181 1876 3253 τὴν

2000 3178 2263 3233 veritatem
2296 3180 2497 3244 sciunt,
2530 3188 2735 3234 rectam
2771 3188 2825 3233 et
2864 3178 3192 3249 inculpatam
3229 3178 3554 3233 sententiam

321 3269 563 3341 ἀληθειαν.
890 3307 898 3315 ρ

2000 3271 2326 3328 ιοειυιαηιεε.

725 3387 1318 3442 ΔΝΑΘΕΜΑΤΙΣΜΟΣ
1356 3392 1434 3443 A’.

2404 3379 3045 3439 ANATHEMATISMUS
3081 3379 3124 3434 1.

291 3568 298 3578 ¹
372 3493 432 3545 Εἴ
451 3512 528 3559 τις
555 3495 656 3566 οὐχ
693 3496 954 3566 ὁμολογεῖ
986 3497 1120 3551 Θεὸν
1151 3495 1289 3552 εἶναι
1321 3501 1463 3554 κατά
1493 3503 1748 3572 ἀλήθειαν
1778 3506 1870 3559 τὸν

327 3585 668 3660 Ἔμμανουὴλ,
701 3591 796 3642 καὶ
826 3590 912 3644 διὰ
940 3591 1096 3644 τοῦτο
1123 3592 1385 3647 Θεοτόκον
1408 3595 1506 3664 τὴν
1541 3596 1700 3663 ἁγίαν
1726 3598 1869 3668 Παρι

317 3677 460 3762 θένονο
491 3682 796 3752 γεγέννηκε
826 3683 934 3752 γὰρ
967 3685 1244 3754 σαρκικῶς
1273 3685 1454 3752 σάρκα
1485 3688 1745 3756 γεγονότα
1777 3689 1868 3744 τὸν

312 3769 362 3818 ἐι
385 3770 503 3824 Θεοῦ
526 3773 751 3844 Πατρὸς
779 3775 950 3842 Λόγον
969 3791 983 3805 ⁸
1005 3777 1250 3847 ἀνάθεμα
1278 3777 1418 3853 ἔστω

580 3884 960 3952 Ἀντιζόρησις
995 3884 1113 3938 τῶν
1159 3874 1566 3942 Ἀνατολικῶνέ

368 3995 460 4049 Καὶ
498 3996 579 4059 τίς
633 3997 947 4068 σαρκικῶς,
987 3999 1163 4070 σάρκα
1195 4001 1455 4068 γεγονότα
1497 4001 1588 4055 τὸν
1635 4004 1698 4055 ὲκ
1729 4002 1865 4056 Θεοῦ

2044 3501 2100 3556 Si
2135 3501 2258 3571 quis
2291 3516 2394 3556 non
2435 3498 2746 3563 conﬁtetur,
2793 3493 3196 3552 Emmanuelem
3234 3490 3392 3562 159
3427 3505 3552 3544 vere

1975 3595 2140 3650 Deum
2185 3609 2328 3660 esse,
2373 3603 2428 3649 et
2473 3592 2542 3647 ob
2577 3593 2627 3645 id
2674 3599 2916 3646 sanctam
2950 3585 3226 3657 Virginem
3265 3584 3548 3650 Deiparam

1973 3687 2364 3758 (genuitenim
2403 3685 2492 3740 illa
2525 3683 2824 3738 carnaliter
2856 3681 3196 3735 iucarnatum
3241 3674 3331 3731 Dei
3374 3673 3549 3728 Patris

1971 3776 2284 3832 Verbuml:
2321 3777 2608 3830 anathema
2651 3773 2742 3825 sit.

2421 3884 2775 3938 Orientalium
2813 3880 3087 3950 appositio.

2037 4000 2235 4069 Ecquis
2283 4012 2502 4053 carnem
2549 3997 2752 4051 factum
2809 3997 2903 4050 Dei
2941 3995 3204 4057 Verbum,
3253 3988 3546 4044 carnaliter

313 4085 472 4152 Λόγον,
494 4088 866 4158 ἀποτετέχθαι
897 4090 1415 4160 συνομολογήσειεν;
1445 4092 1508 4144 ΕΞ
1536 4091 1643 4163 γὰρ
1672 4109 1864 4162 σαρκιο

2007 4101 2150 4147 atum
2170 4106 2290 4146 esse
2306 4089 2466 4145 simul
2495 4089 2876 4144 conﬁtebitur?
2903 4102 3023 4140 natu
3049 4085 3091 4140 si
3127 4082 3420 4139 carnaliter
3451 4094 3546 4149 ge-

313 4177 402 4240 κώς
430 4182 741 4253 ἐγέννησεν,
775 4182 960 4258 οὐκέτι
989 4182 1130 4235 κατά
1177 4183 1443 4253 παρθένον
1464 4201 1478 4215 ·
1507 4183 1600 4236 καὶ
1640 4183 1742 4236 ποῦ
1775 4184 1867 4254 θή-

2008 4187 2107 4251 uit,
2130 4185 2240 4254 jam
2273 4199 2377 4239 non
2403 4191 2460 4236 ut
2487 4183 2658 4251 virgo.
2692 4182 2758 4236 Et
2781 4182 2868 4236 ubi
2902 4194 3162 4250 ponemus
3185 4177 3287 4232 hoc
3317 4195 3330 4231 ε
3366 4194 3384 4226 ‹
3417 4174 3542 4242 Spi-

312 4283 449 4337 σομεν
487 4272 577 4324 τό·
620 4291 642 4323 ι
680 4271 906 4340 Πνεῦμα
940 4273 1000 4324 τὸ
1039 4274 1192 4341 ἅγιον
1240 4273 1592 4326 ἐπελεύσεται
1641 4274 1734 4326 ἐπὶ
1769 4274 1855 4339 σὲ,

2000 4278 2104 4332 itus
2133 4284 2354 4330 sanctus
2395 4273 2743 4342 superveniet
2777 4273 2828 4326 in
2862 4280 2936 4338 te,
2970 4280 3026 4326 et
3061 4271 3233 4323 virtus
3277 4265 3542 4320 Altissitni

310 4359 610 4433 καὶεύναμις
643 4363 904 4432 Ὑψίστου
923 4365 1346 4431 ὲπισκιάσεισοι,
1381 4385 1399 4416 ι
1438 4365 1720 4436 σαρκικῶς
1743 4367 1865 4419 κατ’

2003 4365 2312 4422 bumbrabit
2351 4365 2446 4420 tibi
2476 4365 2542 4431 “,
2573 4383 2591 4416 ›
2617 4365 2686 4428 si,
2712 4367 2867 4434 juxta
2893 4364 3034 4416 illius
3065 4370 3325 4423 mentem,
3353 4371 3545 4412 carna-

310 4448 444 4503 αὑτὸν
472 4455 567 4523 τῆς
595 4455 902 4525 Παρθένου,
935 4458 1029 4509 καὶ
1057 4457 1119 4510 οὐ
1149 4456 1470 4529 θεοπρεπῶς
1492 4460 1863 4529 γεννησάσηςς

2010 4473 2091 4513 ter
2113 4467 2168 4513 et
2198 4472 2302 4511 non
2335 4465 2394 4510 ut
2434 4457 2596 4512 Deum
2628 4456 2804 4521 decet,
2848 4456 3014 4524 Virgo
3052 4451 3281 4522 genuit?
3324 4459 3379 4504 et
3405 4462 3542 4517 quo-

310 4542 384 4590 καὶ
407 4543 512 4606 πῶς
541 4544 757 4613 ταύτην
778 4553 806 4592 J
831 4545 1007 4618 ἀστὴρ
1041 4548 1356 4618 παραδόξως
1381 4549 1704 4618 φαινόμενος
1733 4567 1866 4603 κατ-

2000 4553 2129 4607 todo
2169 4552 2313 4606 hunc
2358 4550 2513 4605 stella
2560 4549 2776 4604 insolito
2819 4547 2979 4601 modo
3020 4557 3286 4614 apparens
3316 4543 3541 4595 demon-

309 4631 520 4699 εμήνυε;
573 4634 748 4704 μάγοι
803 4635 860 4687 δὲ
903 4638 966 4688 ἐκ
1018 4638 1279 4708 Περσίδος
1322 4638 1390 4690 δι’
1430 4638 1594 4691 αὑτοῦ
1633 4638 1862 4708 ὁδηγού-

2000 4643 2200 4698 travit?
2226 4642 2366 4712 Magi
2397 4657 2528 4697 vero
2562 4655 2629 4696 ex
2672 4639 2916 4702 Perside,
2964 4637 3052 4691 illa
3107 4637 3264 4697 duce,
3311 4631 3544 4684 advene-

312 4735 435 4779 μενοι
475 4729 767 4796 παρῄεσαν
793 4735 840 4789 ι,
871 4727 961 4780 τὸν
991 4728 1253 4798 τεχθέντα
1292 4728 1613 4800 ζητοῦντες·
1644 4731 1738 4783 καὶ¹
1767 4732 1860 4784 εὐ-

2000 4744 2113 4798 uut,
2143 4741 2328 4786 natum
2357 4739 2685 4801 quaerentes,
2717 4737 2775 4784 et
2806 4727 3026 4782 invento
3053 4725 3193 4778 dona
3227 4716 3556 4777 obtulerunt,

311 4811 483 4878 (ἤλιτες,
512 4816 713 4888 ἔφερον
746 4818 894 4889 δῶρα
927 4821 1020 4872 καὶ
1049 4819 1126 4890 τῷ
1171 4823 1465 4892 νοουμένῳ,
1511 4822 1604 4874 καὶ
1631 4823 1708 4893 τῷ
1739 4840 1863 4891 φαι-

2002 4835 2020 4880 ι
2052 4826 2124 4891 ei,
2155 4824 2244 4894 qui
2275 4823 2560 4878 videbatur
2586 4821 2782 4886 oculis,
2815 4828 2868 4874 et
2896 4820 2970 4883 ei,
3013 4817 3105 4886 qui
3144 4821 3324 4868 mente
3358 4808 3538 4879 perci-

308 4906 488 4976 νῡμένῳ
522 4910 835 4980 πρόσφορα.
862 4911 1117 4980 Ἀγγελοί
1145 4929 1204 4965 τε
1251 4913 1542 4985 οὐρανόθεν
1576 4916 1862 4971 κατελθόν-

2000 4917 2230 4983 iebalur,
2302 4914 2685 4970 convenientia
2715 4913 2777 4965 “.
2830 4909 3043 4980 Angeli,
3087 4907 3176 4976 qui
3238 4902 3536 4958 descende-

311 5009 382 5057 τες
401 4997 490 5069 τὴν
516 5001 791 5071 γέννησιν,
829 5004 968 5073 μετά
995 5004 1104 5057 τῶν
1131 5007 1404 5076 ποιμένων
1431 5008 1786 5077 ἀναμιγέντες
1809 5021 1858 5073 ⁸,

2000 5018 2081 5062 .mt
2110 5010 2177 5063 de
2210 5010 2370 5074 ctelo,
2401 5025 2524 5065 cum
2560 5006 2868 5077 pastoribus
2907 5001 3071 5064 mi5ti,
3117 5001 3182 5052 de
3229 4994 3398 5050 natali
3436 4992 3533 5045 tri-

312 5083 530 5155 ἐχόρευον
564 5093 850 5160 λέγοντες·
887 5115 903 5145 ι
931 5095 1070 5159 Δόξα
1101 5099 1160 5150 ὲν
1191 5099 1436 5166 ὑψίστοις
1467 5098 1606 5169 Θεῷ,
1638 5101 1730 5152 καὶ
1763 5101 1857 5153 ἐπὶ

2000 5103 2244 5157 udiarunt
2270 5143 2285 5168 ,
2317 5102 2558 5156 dicentes
2595 5117 2608 5153 ε
2659 5117 2678 5149 ι
2709 5095 2892 5151 Gloria
2940 5093 2992 5146 in
3041 5089 3273 5145 excelsis
3312 5086 3441 5148 Deo,
3479 5091 3535 5136 et

309 5174 395 5244 τῆς
439 5181 648 5252 εἰρήνη,
695 5186 754 5238 ἐν
796 5185 1104 5257 ἀνθρώποις
1150 5188 1387 5244 εὐδοκία.
1415 5209 1432 5241 υ
1484 5188 1670 5244 Ταῦτα
1714 5191 1858 5253 τίνος

2000 5211 2010 5248 ι
2049 5203 2189 5249 terra
2221 5209 2346 5261 pax,
2383 5193 2433 5246 in
2467 5190 2776 5260 hominibus
2806 5187 2944 5242 bona
2978 5181 3224 5238 voluntas
3251 5178 3320 5234 “.
3354 5195 3373 5228 υ
3407 5175 3533 5230 llaec

370 5352 606 5418 “Galat.
650 5382 687 5430 ι,
718 5367 772 5433 8,
807 5365 858 5420 9.
939 5367 985 5398 ⁸³
1015 5365 1148 5422 Luc.
1183 5383 1233 5434 ι,
1263 5368 1350 5422 55.
1428 5368 1473 5399 ⁸⁸
1502 5369 1687 5424 Matth.
1730 5386 1799 5434 tt,
1834 5371 1851 5424 ι

2000 5385 2047 5438 q.
2127 5370 2170 5400 ’⁵⁸
2208 5368 2339 5424 Luc.
2364 5365 2428 5433 ἠ,
2461 5367 2546 5420 14.

1335 5522 1505 5579 Variae
1540 5523 1796 5583 lectiones
1827 5540 1888 5579 cx
1923 5523 2109 5578 codice
2139 5521 2508 5592 Seguicriano.

373 5679 394 5716 F
423 5671 615 5728 τοῦτον.
693 5683 714 5714 ι
740 5676 1028 5747 παρίεσαν.
1109 5689 1133 5718 ι
1160 5677 1572 5748 ἀναμιγνύντες.
