4002 6192
418 294 531 351 319

1416 279 1478 336 S.
1523 274 1810 335 CIRILLI
1837 265 2309 328 ALEXANDRINI
2349 262 2670 320 ABCHIEP.

3582 252 3699 312 59.0

418 413 575 483 cujus
611 408 859 467 indicia?
889 406 1154 473 carnalis,
1200 419 1270 460 an
1313 402 1431 477 ejus
1478 415 1601 471 quae
1642 400 1812 454 Deum
1840 396 2000 450 decet

2124 389 2427 461 ιηνύματας
2457 385 2757 459 Σαρκικῆς,
2777 384 2811 457 ἢ
2833 379 3170 455 θεοπρεποῦς
3193 378 3531 483 γεννήσεωςς
3561 375 3692 483 Ἀλ-

416 503 765 561 nativitatisl
794 500 859 555 Et
889 498 1093 570 alioqui
1128 497 1177 555 si
1210 498 1418 566 absque
1459 492 1733 557 examine,
1765 497 1824 545 et
1856 486 2006 555 judi-

417 598 506 652 cio
535 597 590 650 in
625 593 746 663 eius
774 606 939 647 voces
981 588 1363 651 inciderimus,
1402 595 1460 641 et
1497 581 1909 640 conversionem
1950 586 2008 633 et

422 682 909 741 commutationem
936 680 1100 737 Verbi
1133 680 1188 734 in
1221 691 1442 733 carnem
1473 672 1917 744 imaginabimur,
1953 680 2010 724 et

418 779 498 831 sic
527 775 694 830 etiam
719 784 1000 846 peccatum
1020 774 1067 806 "
1081 781 1138 828 et
1161 771 1506 826 maledictum
1536 768 1584 801 "
1608 768 1782 836 ipsum
1807 764 2009 819 factum

419 878 541 920 esse
574 864 983 935 suspicabimur
1010 879 1026 916 :
1060 862 1106 918 si
1136 862 1353 932 quidem
1382 860 1566 915 minus
1595 859 1663 912 ad
1697 854 2011 926 sequentia,

418 956 505 1010 vel
551 954 916 1026 praecedentia
949 961 1242 1008 contextus
1282 950 1576 1016 sermonis,
1618 952 1675 1004 et
1720 946 1789 1002 ad
1838 947 2008 1015 ipsam

419 1046 873 1103 consuetudinem
926 1043 1226 1115 Scriptum
1262 1042 1680 1098 attenderimus.
1736 1038 2011 1097 Ceterum

420 1152 639 1192 carnem
679 1150 803 1192 esse
849 1135 1051 1191 factum
1088 1133 1347 1196 Verbum,
1395 1142 1545 1187 recte
1568 1131 1724 1201 juxta
1763 1130 2012 1198 Evange-

423 1227 618 1282 liurum
654 1234 917 1292 mentem,
948 1224 1344 1281 habitationem
1380 1205 1435 1278 ἷῖι
1465 1236 1631 1277 carne
1660 1220 2008 1290 exponimus.
2046 1250 2058 1257 -

970 1352 1219 1424 Defensio
1248 1351 1460 1423 Cyrillt'.

494 1485 925 1557 Dispensationis
955 1486 1220 1558 unigeniti
1252 1485 1373 1542 Filii
1411 1484 1505 1541 Dei
1541 1485 1598 1539 in
1627 1498 1797 1539 carne
1825 1498 2015 1540 sacra-

427 1586 669 1633 mentum
696 1578 1133 1648 sapientissimus
1158 1576 1400 1633 Joannes
1431 1575 1694 1641 declarat,
1726 1576 2010 1633 scribens:

431 1667 524 1719 «Et
543 1665 777 1722 Verbum
796 1681 925 1721 caro
942 1667 1140 1721 factum
1164 1676 1269 1733 est,
1295 1674 1350 1721 et
1372 1665 1641 1721 habitavit
1657 1666 1709 1719 in
1732 1665 1889 1721 nobis
1907 1665 1972 1723 ‘3.
1988 1685 2007 1718 ι

2104 481 2212 545 λως
2257 497 2319 533 τε
2347 481 2398 533 εί
2448 478 2830 542 ἀϐασανίστως
2865 478 2988 540 ταῖς
3032 474 3237 545 φωναῖς
3285 469 3617 541 ὲμὸάλοιμεν
3637 468 3697 533 ιι,
3754 471 3759 475 ’

2106 575 2203 628 καὶ
2230 571 2439 644 τρινκὴν
2471 569 2568 624 τοῦ
2605 569 2790 638 λόγου,
2814 569 2908 621 καὶ
2942 564 3251 637 μεταϐολὴν
3274 563 3374 635 τὴν
3403 562 3483 625 είς
3513 561 3695 630 σάρκα

2107 662 2636 735 φαντασθησόμεθα·
2660 661 2757 715 καὶ
2781 658 2956 724 οὕτως
2980 659 3075 713 καὶ
3095 654 3371 727 ἁμαρτίαν
3391 653 3576 718 αὐτὸν,
3604 652 3698 705 καὶ

2107 756 2355 828 κατάραν
2406 751 2743 823 γεγενῆσθαι
2790 748 3214 822 ὑποληψόμεθα,
3257 746 3306 800 εί
3337 747 3453 807 τοῖς
3496 741 3701 812 ἑπομέ-

2107 865 2240 911 νοις,
2267 847 2311 918 ἢο
2343 845 2667 918 ἡγουμένοις
2693 843 2805 897 τῶν
2844 842 3135 913 κειμένων,
3164 839 3260 893 καὶ
3300 837 3438 913 αὐτῇ
3468 836 3535 905 τῇ
3573 848 3703 886 συν-

2106 938 2269 1010 ηθείᾳ
2318 938 2417 1009 τῆς
2462 937 2689 1008 Γραφῆς
2725 937 2799 1007 μὴ
2863 934 3248 1006 προσέχωμεν.
3286 928 3453 983 ’Δλλά
3496 924 3704 998 γὰρ’ςδ

2113 1029 2371 1099 γενέσθαι
2399 1029 2578 1100 σάρκα
2603 1027 2695 1081 τὸν
2722 1027 2917 1095 Λόγον.
2944 1025 3043 1096 τὴν
3066 1026 3124 1077 ὲν
3146 1025 3213 1093 τῇ
3240 1020 3404 1093 σαρκὶ
3425 1019 3704 1091 σκήνωσιν

2111 1119 2293 1185 καλῶς
2314 1119 2731 1189 ὲκλαμὸἀνομεν
2756 1116 2902 1172 κατὰ
2929 1115 3026 1187 τὴν
3061 1114 3168 1169 τῶν
3195 1110 3546 1181 Εὑαγγελίων
3583 1107 3703 1162 διά-

2110 1230 2283 1267 νοιαν.

2574 1343 2885 1414 Ἀπολογία
2918 1341 3258 1409 Κυρίλλου.

2184 1480 2297 1550 Τῆς
2326 1477 2465 1550 μετὰ
2498 1477 2699 1547 σαρκὸς
2737 1474 3048 1545 οἰκονομίας
3079 1472 3172 1526 τοῦ
3213 1468 3540 1541 μονογενοῦς
3571 1467 3709 1522 Υῖοῦ

2114 1569 2208 1625 τοῦ
2237 1568 2373 1622 Θεοῦ
2403 1568 2463 1623 τὸ
2499 1569 2798 1640 μυστήριον
2825 1569 2854 1621 6
2885 1567 3159 1635 πάνσοφος
3191 1564 3446 1633 Ἰωάννης
3474 1562 3709 1635 διατραο

2115 1664 2198 1715 νοῖ
2230 1660 2633 1733 γεγραφηκώς·
2671 1678 2690 1711 ι
2722 1661 2836 1714 Καὶ
2876 1661 2905 1713 6
2927 1658 3103 1728 Λόγος
3142 1655 3282 1727 σὰρξ
3328 1656 3567 1725 ἐγένετο,
3600 1655 3703 1709 καὶ

427 1757 551 1811 Ηειεο
580 1766 731 1814 recte
762 1758 1124 1830 intelligentes
1170 1758 1312 1813 beati
1344 1757 1535 1814 Patres
1564 1758 1695 1814 olim
1732 1759 1785 1813 in
1831 1757 2007 1814 Nicaea

2124 1750 2419 1821 ἐσκήνωσεν
2448 1751 2506 1802 ὲν
2537 1751 2692 1819 ἡμῖν.
2720 1767 2739 1800 ι
2775 1747 2963 1802 Ταῦτα
2997 1746 3270 1804 συνιέντες
3298 1745 3476 1816 ὀρθῶς
3504 1746 3555 1798 οῖ
3590 1762 3707 1815 μαο

424 1851 742 1921 congregati
775 1850 1052 1915 dixerunt,
1100 1851 1274 1920 ipsum
1321 1849 1560 1906 Verbum
1614 1865 1681 1905 ex
1714 1850 1825 1906 Deo
1856 1849 2017 1906 Patro

426 1950 637 2005 natum,
669 1955 768 2010 per
794 1942 937 2011 quod
979 1943 1159 1997 omnia
1212 1941 1341 1998 fecit
1385 1942 1565 2009 Pater,
1598 1943 1787 1996 lumen
1825 1942 1893 1996 de
1932 1941 2017 1995 lu-

424 2026 595 2095 mine,
626 2030 791 2086 Deum
822 2046 1008 2087 verum
1040 2033 1104 2087 de
1131 2032 1242 2087 Deo
1271 2047 1426 2098 vero,
1476 2033 1816 2087 incarnatum
1846 2040 1903 2088 et
1932 2032 2016 2088 in-

430 2120 785 2176 humanatum
835 2135 980 2189 esse,
1027 2123 1131 2178 hoc
1178 2133 1284 2189 est,
1328 2124 1542 2178 unitum
1589 2122 1739 2178 carni
1782 2123 2017 2179 animam

429 2212 652 2268 hahenti
709 2213 1054 2279 rationalem,
1089 2224 1146 2269 et
1189 2215 1466 2270 hominem
1512 2214 1715 2270 factum
1761 2229 1911 2280 esse;
1966 2224 2020 2271 et

426 2316 551 2354 cum
585 2300 689 2355 hoc
713 2302 879 2357 etiam
909 2305 1177 2360 mansisse
1205 2304 1392 2362 Deum.
1427 2304 1582 2372 Quod
1612 2314 1791 2359 autem
1816 2305 2023 2374 absque

425 2395 797 2451 conversione
810 2405 867 2449 et
890 2397 1214 2454 confusione
1240 2399 1458 2453 uniouis
1485 2398 1645 2469 ιθο
1661 2414 1799 2468 opus
1814 2397 2021 2455 factum

426 2487 536 2546 est,
570 2492 848 2551 manente,
884 2492 943 2537 ut
981 2484 1117 2550 dixi,
1171 2485 1282 2540 Deo
1316 2486 1493 2541 Verbo
1533 2488 1583 2540 id
1624 2487 1770 2557 quod
1797 2496 1901 2553 cst,
1938 2497 2021 2542 ta-
2062 2506 2075 2511 ν

429 2572 585 2628 metsi
626 2572 829 2629 factum
862 2576 937 2630 sit
965 2591 1095 2631 caro
1125 2578 1503 2646 (immutabile
1533 2578 1689 2634 enim-
1725 2580 2022 2634 secundum

430 2673 684 2719 naturam
720 2666 869 2731 est),
899 2666 1029 2722 nulli
1066 2667 1316 2723 dubium.
1352 2668 1489 2723 Nam
1519 2672 1665 2736 quod
1695 2668 1895 2723 dicitur
1939 2668 2024 2723 in-

430 2755 674 2820 carnari,
702 2770 809 2811 non
843 2758 899 2811 in
938 2758 1123 2813 carnis
1165 2769 1414 2813 naturam
1456 2759 1706 2824 vertitur,
1746 2760 1841 2812 sed
1875 2757 2022 2813 aliud

430 2846 686 2914 quiddam
724 2846 795 2902 ab
823 2847 936 2914 illa,
967 2858 1022 2903 et
1064 2850 1113 2903 ei
1147 2850 1353 2904 unitum
1387 2848 1728 2919 intelligitur.
1768 2847 1860 2903 Sic
1898 2862 2026 2902 sen-

433 2937 632 2993 tientes
671 2938 815 2994 beati
868 2937 1061 2996 Patres
1109 2941 1202 2995 Dei
1234 2940 1554 3011 genitricem
1605 2940 2026 2995 nominaverunt

432 3039 684 3083 sanctam
708 3020 1004 3101 virginem.
1039 3030 1404 3086 Crediderunt
1448 3032 1617 3097 enim,
1663 3030 1805 3100 quod
1842 3031 2023 3084 incar-

433 3130 621 3175 natum
656 3130 711 3177 et
748 3098 1027 3178 hominem
1067 3122 1269 3176 factum
1302 3121 1555 3191 getmerit
1604 3098 1799 3184 Filium
1844 3119 2019 3185 illum,
2050 3098 2092 3155 ε

431 3225 530 3276 per
556 3227 717 3281 quem
753 3215 937 3270 omnia
969 3213 1099 3269 fecit
1140 3215 1323 3269 Pater.
1361 3211 1561 3268 Verum
1599 3210 1881 3267 Nestorius
1924 3228 2023 3266 nuo

435 3305 696 3358 vellarum
721 3305 1175 3375 blasphemiarum
1197 3306 1449 3361 inventor
1477 3319 1598 3358 cum
1624 3304 1724 3358 hac
1748 3304 2022 3359 sententia

435 3408 704 3460 pugnans,
745 3394 1018 3465 improbat
1056 3394 1277 3465 quidem
1324 3410 1511 3449 vocem
1557 3395 1717 3457 hanc,
1750 3391 1843 3448 Dei
1873 3394 2023 3463 geni-

435 3485 565 3550 trix,
597 3486 758 3556 quasi
801 3502 907 3542 non
943 3488 1017 3541 sit
1046 3503 1173 3544 vere
1204 3488 1383 3551 dicta;
1428 3485 1643 3541 dicebat
1676 3494 1857 3540 autem
1884 3487 1964 3541 sic
2008 3503 2022 3539 :

436 3575 791 3646 Interrogavi,
834 3576 1029 3647 inquit,
1071 3594 1215 3648 saepe
1245 3593 1348 3657 eos
1387 3596 1401 3633 :
1438 3575 1792 3632 Divinitatem
1844 3587 2025 3631 natam

436 3665 616 3721 dii-itis
654 3681 686 3721 e
731 3665 889 3722 beata
935 3667 1201 3739 Virgine?
1250 3667 1518 3723 Resiliunt
1557 3668 1739 3723 statim
1782 3668 1848 3722 ad
1890 3671 2030 3723 hanc

440 3770 651 3811 vocem.
690 3754 759 3812 Et
800 3759 945 3829 quis,
1002 3760 1198 3830 inquit,
1248 3759 1397 3813 tanto
1440 3758 2031 3827 blasphemimmorho

439 3846 677 3910 laborat,
706 3857 765 3900 ut
799 3863 921 3917 qua:
947 3847 1133 3918 genuit
1161 3847 1445 3916 templum,
1476 3847 1527 3902 in
1563 3846 1650 3901 illa
1677 3849 1821 3904 dicat
1852 3865 1880 3901 τι
1911 3847 2031 3919 Spi-

440 3938 546 3992 ritu
574 3938 967 3994 sancto'Deum
1001 3949 1248 3995 creatum
1278 3938 1443 3994 esse?
1471 3937 1674 3993 Deinde
1697 3940 1915 4008 quando
1952 3940 2035 3993 in-

441 4032 712 4088 icrimus:
756 4032 895 4100 Quid
938 4033 1103 4103 igitur
1132 4034 1431 4089 absurdum
1477 4047 1574 4088 nos
1605 4031 1861 4096 dicimus,
1904 4046 2037 4087 con-

438 4120 679 4176 sulentes
708 4121 1016 4191 fugiendam
1042 4121 1189 4177 illam
1224 4138 1435 4185 vocem,
1458 4131 1511 4175 et
1530 4121 1766 4177 eundum
1794 4125 1860 4176 ad
1888 4138 2032 4177 com-

441 4225 659 4265 munem
692 4212 980 4281 utriusque
1010 4222 1220 4268 natura:
1250 4212 1618 4282 significatum
1638 4213 1661 4266 ἲ
1680 4213 1730 4266 id
1759 4221 1886 4266 tunc
1916 4213 2035 4267 bla-

439 4302 663 4367 spheme
707 4302 916 4357 dictum
972 4312 1192 4370 putant.
1253 4303 1351 4357 Vel
1408 4304 1671 4357 conﬁtere
1721 4304 2033 4370 manifeste,

2116 1841 2297 1913 κάριοι
2322 1840 2588 1912 Πατέρες,
2607 1843 2657 1913 οἱ
2693 1840 2836 1894 κατά
2864 1840 3092 1912 καιροὺς
3110 1841 3179 1890 ἐν
3196 1840 3262 1908 τῇ
3296 1837 3549 1891 Νικαέων
3576 1854 3717 1889 συν-ι

2118 1932 2444 2002 ειλεγμένοι,
2470 1931 2634 1986 αὑτὸν
2665 1931 2875 2001 ἔφασαν
2904 1930 3090 2008 τὸνὶὲκ
3120 1927 3256 1982 Θεοῦ
3286 1928 3500 1999 Πατρός
3530 1927 3710 1998 φύντα

2119 2019 2313 2089 Λόγον,
2349 2020 2442 2074 τὸν
2483 2019 2552 2079 δι’
2576 2013 2638 2073 οὗ
2674 2019 2745 2074 τά
2776 2020 2959 2075 πάντα
2999 2018 3301 2089 πεποίηκεν
3328 2020 3355 2071 ό
3388 2018 3612 2090 Πατὴρ,
3647 2017 3710 2071 τὸ

2120 2112 2235 2181 φῶς
2266 2112 2326 2165 τὸ
2358 2115 2423 2165 ἐκ
2452 2098 2566 2165 Χτοῦ
2601 2111 2811 2181 φωτὸς,
2861 2110 2953 2164 τὸν
2994 2109 3128 2163 Θεὸν
3167 2108 3423 2180 ἀληθινὸν
3464 2111 3529 2163 ὲκ
3568 2098 3717 2163 Θεοῦ
3754 2159 3764 2169 ,

2120 2203 2400 2275 ἀληθινοῦ,
2431 2202 2784 2277 σαρκωθῆναί
2811 2219 2872 2255 τε
2904 2202 2998 2256 καὶ
3040 2200 3463 2273 ὲνανθρωπῆσαι
3482 2217 3497 2231 ·
3541 2219 3717 2255 τουτ-

2121 2294 2270 2349 ἐστιν
2309 2294 2577 2366 ἑνωθῆναι
2627 2294 2794 2366 σαρκὶ
2840 2293 3019 2364 ψυχὴν
3070 2292 3272 2365 ἐχούσῃ
3315 2294 3414 2364 τὴν
3458 2293 3708 2364 λογικὴν,

2122 2389 2218 2442 καὶ
2239 2387 2527 2459 ἄνθρωπον
2552 2385 2808 2455 γενέσθαι
2838 2385 2979 2457 μετά
2998 2385 3094 2439 τοῦ
3118 2386 3210 2438 καὶ
3236 2386 3529 2455 ἀπομεῖναι
3549 2384 3706 2439 Θεὸν.

2125 2481 2251 2533 Ὀτι
2276 2478 2335 2532 δὲ
2368 2479 2658 2551 ἀτρέπτως
2686 2495 2746 2532 τε
2772 2478 2866 2531 καὶ
2894 2477 3218 2546 ἀσυγχύτως
3246 2476 3308 2529 τὸ
3332 2476 3433 2547 τῆς
3463 2475 3715 2541 ένὼσεως

2123 2571 2437 2643 πέπρακται
2467 2571 2677 2641 χρῆμα,
2722 2570 3116 2641 μεμενηκότος,
3142 2569 3217 2630 ὡς
3250 2568 3406 2638 ἔφην,
3448 2568 3543 2622 τοῦ
3571 2568 3714 2622 Θεοῦ

2122 2664 2299 2731 Λόγου
2348 2661 2496 2715 τοῦθ’
2522 2662 2661 2733 ὅπερ
2691 2661 2844 2726 ἐστὶ,
2889 2660 2983 2712 καὶ
3012 2662 3061 2713 εί
3107 2658 3299 2728 γέγονε
3333 2659 3502 2729 σὰρξ,
3551 2659 3716 2712 ἀναλ-

2122 2753 2342 2818 λοίωτος
2370 2754 2479 2825 γὰρ
2509 2752 2651 2806 κατά
2678 2746 2839 2821 φύσιν
2870 2752 3043 2816 ἐστὶν,
3068 2750 3245 2804 οὐδενὶ
3272 2748 3382 2805 τῶν
3411 2750 3581 2804 ὄντων
3611 2751 3714 2820 ἀμ-

2126 2844 2365 2915 φίϐολον.
2391 2844 2465 2897 T6
2494 2842 2602 2913 γάρ
2639 2840 2973 2913 σαρκοῦσθαι
3006 2841 3318 2911 λεγόμενον,
3346 2841 3448 2894 οὐκ
3476 2841 3558 2904 εἰς
3587 2858 3715 2911 σαρο

2124 2932 2221 2995 κὸς
2252 2930 2517 3003 τρέπεται
2552 2930 2736 3001 φύσιν,
2780 2931 2895 2985 ἀλλ’
2913 2931 3113 3003 ’ἔτερόν
3144 2949 3197 2984 τι
3225 2932 3486 2985 ἐννοεῖται
3516 2944 3539 2971 ε
3582 2933 3713 3001 παρ’

2128 3026 2299 3106 αὐτῂν
2329 3025 2597 3096 ὑπάρχον,
2639 3024 2734 3077 καὶ
2765 3024 2964 3078 ὲνωθὲν
2995 3025 3158 3096 αὐτῇ.
3190 3023 3346 3078 Οῦτω
3391 3012 3714 3095 φρονοῦντες

2126 3117 2173 3169 oi
2207 3115 2464 3187 μακάριοι
2507 3115 2769 3187 Πατέρες,
2802 3115 3064 3173 Θεοτὸκον
3097 3112 3387 3191 ὠνόμασαν
3418 3117 3519 3188 τὴν
3552 3118 3717 3187 ἀγῖαν

2124 3208 2419 3279 Παρθένον.
2463 3207 2874 3263 Πεπιστεύκασι
2930 3208 3040 3280 γάρ
3092 3210 3174 3263 ὅτι
3228 3209 3578 3281 σαρκωθέντα
3622 3212 3716 3265 καὶ⁵

2126 3300 2628 3372 ὲνανθρωπήσαντα
2658 3303 2961 3372 γεγέννηκε
3004 3303 3096 3355 τὸν
3146 3302 3295 3365 Υίδν,
3340 3302 3432 3356 τὸν
3462 3302 3529 3355 δι’
3555 3295 3615 3356 οὗ
3648 3286 3729 3358 τά’

2128 3391 2308 3444 πάντα
2347 3391 2650 3463 πεποίηκεν
2691 3395 2720 3447 6
2764 3394 2979 3464 Πατήρ.
3027 3394 3087 3447 '0
3120 3393 3178 3446 δὲ
3235 3392 3344 3446 τῶν
3394 3393 3528 3448 νέων
3587 3397 3721 3466 ἡμῖν

2126 3483 2451 3553 δυσφημιῶν
2530 3484 2760 3557 εὑρετὴς
2808 3487 3132 3561 ,Νεστόριος
3182 3488 3359 3559 τοιᾷδε
3419 3488 3722 3560 μαχόμενος

2129 3573 2280 3646 δόξῃ.
2309 3575 2760 3646 κατακιὸδηλεύει
2791 3578 2889 3648 μὲν
2912 3577 2938 3617 εἴ
2970 3579 3046 3644 ὡς
3071 3580 3171 3633 οὐκ
3203 3575 3372 3634 οὖσαν
3406 3581 3587 3650 ἁληθῆ
3618 3581 3744 3653 τὴν,

2135 3668 2397 3733 Θεότοκος
2439 3671 2655 3742 φωνήνο
2693 3670 2797 3743 ἔφη
2866 3672 2925 3725 δὲ
2968 3671 3171 3736 οὕτως’
3211 3671 3521 3744 Ἠρώτησα,
3553 3676 3719 3745 φησὶ,

2133 3760 2393 3823 πολλάκις
2431 3761 2658 3825 αὐτούς’
2694 3760 2804 3833 Τὴν
2835 3762 3077 3831 Θεότητα
3126 3763 3311 3833 λέγετε
3364 3765 3724 3836 γεγεννῆσθαι

2134 3853 2198 3904 ἐκ
2218 3852 2316 3923 τῆς
2343 3853 2622 3925 μακαρίας
2646 3854 2928 3924 Παρθένου
2954 3872 2969 3920 ;
3005 3856 3386 3925 ’Δποπηδῶσιν
3404 3856 3565 3921 εὐθὺς
3587 3859 3726 3929 πρὸς

2134 3941 2196 3994 τὸ
2224 3942 2396 4012 ῥῆμα·
2423 3944 2531 3997 Καὶ
2558 3944 2663 4010 τίς,
2695 3946 2851 4014 φησὶ,
2875 3945 3146 4018 τοσαύτην
3176 3946 3527 4018 βλασφημίαν
3554 3949 3722 4013 νοσεῖ,

2134 4032 2211 4096 ὡς
2239 4033 2456 4106 ἐκείνην
2482 4035 2581 4106 τὴν
2610 4038 2952 4108 γεννήσασαν
2979 4038 3072 4092 τὸν
3097 4039 3225 4093 ναὸν
3248 4039 3430 4108 λέγειν
3453 4040 3605 4109 παρά
3629 4040 3727 4094 τοῦ

2138 4121 2457 4193 Πνεύματος
2488 4125 2579 4179 τὸν
2608 4126 2742 4189 Θεὸν
2771 4130 2828 4182 ὲν
2863 4130 3048 4202 ἐκείνῃ
3072 4130 3322 4185 ἐκτίσθαι
3349 4143 3407 4195 e;
3442 4127 3572 4185 Εἶτα
3597 4133 3728 4186 ὅταν
3820 4132 3831 4141 ”

2139 4214 2582 4285 ἐπαγάγωμενηῦ
2611 4218 2675 4271 Τί
2706 4214 2799 4273 οὖν
2820 4220 3029 4279 ,ἄτοπον
3072 4223 3236 4292 ἡμεῖς
3275 4220 3530 4294 λέγομεν,
3588 4240 3727 4294 συμ-

2140 4300 2489 4367 6ουλεύοντες
2528 4309 2722 4373 φυγεῖν
2758 4309 2858 4380 τὴν
2889 4310 3093 4381 φωνὴν,
3123 4308 3219 4364 καὶ
3248 4311 3504 4383 ἔρχεσθαι
3535 4314 3629 4366 ἐπὶ
3665 4314 3728 4367 τὸ

381 4420 384 4424 λ
439 4392 696 4445 deitatem
731 4406 800 4446 ex
835 4392 994 4447 henta
1041 4391 1208 4447 Maria
1232 4401 1412 4451 natam
1452 4408 1576 4449 esse
1599 4410 1620 4454 ,τ
1652 4393 1762 4459 vel,
1799 4394 1844 4447 si
1890 4394 2024 4464 iugis

2140 4392 2335 4484 κοινὸν
2367 4397 2769 4484 σημαινόμενον
2810 4402 2920 4454 τῶν
2951 4401 3047 4456 δύο
3088 4403 3345 4471 φύσεων;
3386 4405 3521 4459 Τότε
3568 4408 3723 4477 νομξο

440 4483 582 4538 hanc
621 4479 991 4550 blasphemam
1026 4496 1234 4545 vocem,
1280 4497 1381 4537 cur
1414 4485 1506 4552 qui
1553 4482 1743 4538 eadem
1784 4483 1951 4551 dicis,
1981 4496 2024 4540 ιο

2127 4480 2288 4545 (erat
2320 4483 2534 4548 ἑαυτοῖς
2563 4483 2701 4541 εἶναι
2739 4488 3061 4564 βλάσφημον
3087 4494 3150 4548 τὺ
3176 4494 3583 4566 λεγόμενον·Ἢ
3602 4499 3729 4568 ὀμο-

422 4586 552 4626 .non
582 4570 766 4625 dicere
793 4569 1062 4625 simulas?
1093 4569 1263 4639 Igitur
1301 4570 1392 4625 illo
1422 4581 1666 4640 urgente,
1717 4573 1827 4626 imo
1858 4573 2035 4628 incul-

439 4669 600 4717 taute
629 4661 815 4731 impie,
848 4670 904 4714 ut
927 4661 963 4716 ii
993 4672 1239 4716 sanctam
1268 4660 1544 4731 Virginem
1581 4662 1675 4716 Dei
1703 4663 2023 4733 genitricem

439 4755 653 4823 dicunt,
685 4754 844 4811 fateri
875 4753 1125 4818 debeant,
1151 4753 1337 4809 carnis
1362 4752 1532 4808 fuisse
1562 4752 1794 4808 fructum
1831 4755 2030 4811 nudam

442 4827 496 4899 et
519 4859 766 4901 seorsum
804 4844 1037 4914 positam
1062 4842 1289 4896 deitatis
1333 4850 1604 4905 naturam,
1640 4848 1696 4896 et
1728 4842 2029 4897 subsisten-

442 4939 530 4990 tia:
565 4936 781 4990 initium
808 4951 877 4990 ex
911 4934 1137 4989 muliere
1169 4932 1426 4986 habuisse
1466 4931 1559 4988 Dei
1594 4932 1868 4999 Verbum;
1903 4949 2025 5003 pro-

440 5028 573 5082 bare
594 5025 861 5087 volentes,
897 5037 996 5076 nos
1043 5023 1111 5075 ah
1146 5021 1248 5075 hac
1275 5021 1531 5090 opinione
1561 5037 1784 5092 prorsus
1817 5024 2025 5081 alienos

437 5131 564 5169 esse
606 5126 745 5187 (non
792 5113 936 5167 enim
974 5113 1045 5166 ita
1096 5112 1415 5175 deliramus,
1463 5121 1519 5166 ut
1562 5113 1789 5169 velimus
1834 5130 2024 5185 sapere

438 5200 606 5265 aliud,
633 5215 794 5271 quam
824 5199 968 5267 quod
1004 5208 1219 5269 oportet
1257 5203 1509 5270 sapere),
1538 5201 1818 5274 Virginem
1856 5220 2021 5275 pepe-

434 5452 447 5459 ὶ
511 5372 559 5406 δ’
585 5370 624 5424 ll
653 5371 775 5427 Cor.
807 5371 972 5439 v,2l.
1048 5374 1089 5407 "
1121 5374 1297 5430 Galat.
1335 5391 1416 5465 ut,
1446 5375 1531 5432 l5.
1609 5376 1654 5409 ⁸³
1682 5376 1841 5433 Joan.
1869 5392 1904 5444 t,
1935 5379 2024 5434 l4.

2135 4570 2367 4643 λόγησον
2421 4576 2608 4643 σαφῶς
2638 4578 2871 4652 θεότητα
2908 4586 3365 4658 γεγεννῆσθαιὲκ
3410 4589 3510 4660 τῆς
3543 4607 3727 4658 μακα-

2138 4661 2258 4731 ρὶας
2300 4662 2539 4734 Μαρίας,
2582 4667 2616 4737 ἢ
2650 4670 2868 4740 φεύγων
2903 4673 3228 4747 βλάσφημον
3273 4677 3374 4750 τὴν
3423 4679 3630 4749 φωνὴν,
3673 4681 3729 4734 τί

2133 4751 2306 4806 ταῦτά
2343 4770 2435 4823 μοι
2473 4755 2668 4826 λέγων,
2699 4762 2976 4837 ὑποκρίνῃ
3007 4768 3081 4839 μὴ
3107 4767 3325 4837 λέγειν;
3358 4770 3729 4840 Περιστάντος

2134 4841 2309 4896 τοίνυν
2339 4845 2573 4915 ἐκείνου,
2611 4852 2813 4920 μᾶλλον
2836 4855 2895 4909 δὲ
2928 4858 3317 4924 ἀναπείθοντος
3343 4861 3576 4925 ἀνοσίως
3599 4864 3729 4925 τοὺς

2133 4932 2397 5019 Θεοτόκον
2430 4937 2689 5006 λέγοντας
2713 4944 2813 5017 τὴν
2843 4948 3121 5021 Παρθένον
3161 4952 3243 5014 είς
3282 4952 3343 5006 τὸ
3380 4952 3489 5006 δεῖν
3530 4953 3727 5019 ὁμολο-

2131 5027 2248 5093 γεῖν
2281 5028 2485 5100 σαρκὸς
2533 5033 2790 5100 γενέσθαι
2823 5040 3037 5110 καρπὸν
3077 5044 3293 5114 γυμνήν
3326 5061 3385 5097 τε
3424 5044 3519 5098 καὶ
3554 5060 3718 5097 κατα⁴

2100 5116 2301 5187 ,μόνας
2345 5120 2443 5191 τὴν
2476 5121 2730 5195 θεότητος
2773 5128 2957 5197 φύσιν,
3004 5132 3098 5187 καὶ
3140 5135 3241 5206 τῆς
3283 5134 3575 5207 ὑπάρξεως
3627 5135 3729 5206 τὴν

2129 5208 2306 5280 ἀρχὴν
2344 5213 2408 5266 ὲκ
2444 5218 2702 5282 γυναικὸς
2747 5222 3041 5294 ἐσχηκέναι
3086 5225 3180 5281 τὸν
3220 5226 3312 5283 τοῦ
3353 5225 3491 5282 Θεοῦ
3525 5225 3723 5299 Λόγῦνι

1495 5526 1669 5588 Varia:
1695 5529 1960 5592 lectiones
1982 5551 2045 5590 ex
2071 5538 2257 5594 codice
2284 5540 2659 5612 chuicrtano.

399 5680 431 5770 "
524 5679 555 5727 ι
582 5680 966 5752 συμὸάλοιμεν.
1047 5692 1068 5721 ε
1103 5683 1323 5736 νοεῖται.
1399 5682 1426 5725 ἀ
1463 5686 1582 5739 κατ’
1620 5686 1784 5742 αὐτοῦ
1821 5688 2125 5755 κιϐδηλεύει
2162 5691 2279 5763 μέν.
2358 5704 2380 5734 ⁸
2407 5696 2706 5754 κεκτίσθαι.
2789 5696 2808 5741 ί
2842 5702 3130 5776 ὶπαγάγω.
