3966 6194
256 382 327 438 321

809 370 1344 434 APOLOGETICUS
1385 371 1520 429 ιηιο
1560 369 1655 428 xn
1694 366 2065 427 CAPlTlBUS
2102 344 2380 427 CONTRA
2422 370 2882 430 ORIENTALES.

3367 376 3477 434 σεε

250 490 562 566 πληροφορεῖν
601 487 902 552 ἐθέλοντες,
939 488 1023 541 ὃτι
1052 489 1152 552 τῆς
1194 488 1409 541 τοιᾶσδε
1434 485 1591 558 δόξης
1624 486 1770 541 ἀλλό-

1886 485 2023 541 risse
2090 486 2324 542 dicimus
2375 487 2470 543 Dci
2525 487 2758 546 Verbum
2810 489 3110 546 secundum
3163 488 3481 563 Scriptura:

250 602 355 656 τριοι
390 578 663 644 παντελῶς
696 578 1151 650 καθεστήκαμεν·
1186 579 1248 632 οὐ
1287 580 1396 650 γάρ
1446 578 1591 634 οὕτω
1622 578 1781 649 λελη-

250 678 470 746 ρήκαμεν,
513 670 593 735 ὠς
637 668 857 723 ἑλέσθαι
910 671 1130 740 φρονεῖν
1164 669 1475 739 παρήδδεῑ
1519 673 1778 741 φρονεῖν·

232 764 478 821 ’ἀποτεκεῖν
498 761 711 832 ἔφημεν
730 760 830 832 τὴν
852 759 1128 830 Παρθένον
1148 760 1329 831 σάρκα
1349 761 1615 829 γεγονότα
1639 761 1783 817 κατὰ

246 858 319 920 τὰς
342 854 543 927 Γραφάς
567 854 662 906 τὸν
708 851 805 909 τοῦ
847 849 985 904 Θεοῦ
1024 851 1217 920 Λόγον,
1246 852 1529 906 τουτέστιν
1574 851 1784 925 ἀνθρω-

246 964 347 1001 πον·
372 947 647 1000 ἀποτεκεῖν
691 944 749 997 δὲ
782 943 947 998 αὑτὸν
995 944 1310 1016 σαρκικῶς,
1359 944 1607 1013 τουτέστι
1642 946 1783 1000 κατά

248 1042 415 1111 σάρκα⁸
438 1041 464 1092 ὁ
492 1037 595 1109 μὲν
626 1036 738 1108 γὰρ
765 1035 902 1101 Θεὸς
960 1038 1055 1091 καὶ
1086 1035 1277 1108 Πατὴρ
1304 1036 1501 1101 θεῖκῶς
1530 1037 1784 1109 γεγέννη-

249 1150 321 1186 κεν
343 1131 391 1196 ἐξ
412 1129 572 1184 αὐτοῦ
607 1128 743 1193 Θεὸν
782 1122 923 1183 bimi
956 1128 1050 1182 τὸν
1093 1129 1217 1184 Υἱόν
1236 1144 1251 1158 ·
1283 1129 1473 1200 ἐπειδὴ
1504 1130 1561 1183 δὲ
1590 1130 1651 1183 τὺ
1686 1147 1782 1199 γε·

248 1223 522 1296 τιννημένον
548 1223 613 1276 ἐκ
646 1221 747 1291 τῆς
776 1220 1002 1291 σαρκὸς,
1044 1219 1182 1291 σάρξ
1209 1221 1352 1285 ἐστι,
1382 1221 1713 1292 γεγέννηκεν
1747 1222 1781 1292 ή

252 1315 487 1387 Παρθένος.
507 1313 586 1377 ὡς
619 1311 758 1384 σὰρξ
788 1312 1128 1384 ὑπάρχουσα,
1155 1312 1434 1384 σαρκικῶς
1453 1331 1466 1343 ·
1488 1313 1549 1367 τὸ
1567 1315 1624 1368 δὲ
1650 1331 1782 1386 σαρ-

251 1408 381 1471 attuli;
402 1404 703 1471 είπεῖν,οὐκ
734 1403 1088 1474 ἀναιροῦντος
1112 1405 1228 1457 ἐστι
1257 1405 1361 1477 τῆς
1384 1406 1694 1475 γεννήσεως
1718 1406 1782 1459 τὸ

251 1494 515 1567 παράδοξον,
544 1493 667 1547 οὔτε
695 1492 803 1563 μὴν
839 1491 1240 1563 ἀνατρέποντος
1281 1493 1375 1548 τοῦ
1409 1495 1570 1564 ἀγίου
1607 1495 1781 1549 Ilvati-

253 1604 381 1658 ματος
410 1588 494 1658 τὴν
537 1585 857 1658 ἐνέργειαν,
906 1584 974 1638 δι’
1004 1580 1074 1657 ἧς
1119 1586 1179 1639 ἑν
1214 1586 1398 1657 μήτρα
1429 1586 1685 1640 διέπλασε
1718 1587 1781 1641 τὸ

252 1679 422 1747 τεχθέν
450 1678 788 1740 διδάσκοντος
817 1675 875 1729 δὲ
915 1675 1142 1746 μᾶλλον,
1183 1676 1267 1729 ὅτι
1310 1675 1667 1749 ῶσπερΘεδς
1696 1676 1781 1731 τί-

254 1787 345 1824 κτει
367 1771 559 1834 θεῖκῶς,
593 1771 715 1842 ήτοι
747 1768 1072 1840 θεοπρεπῶς
1111 1769 1253 1823 κατά
1286 1767 1385 1840 τὴν
1417 1769 1554 1825 ἰδίαν
1592 1769 1773 1840 φύσιν,

1887 589 2110 631 carnem
2145 576 2369 640 factum.
2400 578 2502 632 hoc
2523 586 2629 644 est,
2657 579 2964 644 hominem;
2989 579 3267 648 peperisse
3289 587 3475 636 autem

1886 665 2036 721 illum
2077 668 2396 733 carnaliter,
2427 669 2534 726 hee
2566 678 2672 737 est,
2722 669 3019 725 sedundum
3044 684 3290 728 carnem.
3332 670 3471 727 Nam

1887 757 2029 817 Deus
2067 767 2127 821 et,
2168 758 2331 817 Pater
2374 761 2673 817 secundum
2706 759 3050 817 divinitatem
3083 763 3269 832 genuit
3311 776 3378 818 es
3417 777 3480 819 se

1888 849 2058 915 Deum
2109 851 2466 915 exsistentem
2513 850 2733 907 Fil‘idm.
2787 850 3058 918 Quoniam
3106 862 3287 907 autem
3331 853 3479 923 quod

1885 952 2070 999 natum
2117 952 2201 998 est
2236 958 2306 999 ex
2347 958 2532 1009 carne,
2578 958 2708 999 caro
2737 953 2822 1000 est
2847 943 2931 1009 “;
2978 944 3168 1015 genuit
3196 943 3386 1015 Virgo,
3419 953 3479 1002 ut

1884 1049 2013 1089 caro
2046 1034 2341 1097 exsisteus.
2377 1034 2690 1090 carnaliter.
2716 1033 3029 1093 Carnaliter
3062 1043 3248 1090 autem
3269 1035 3474 1098 dicere.

1885 1140 1992 1180 non
2037 1136 2121 1180 est
2174 1125 2417 1181 tollentis
2461 1125 2839 1181 admirabilem
2890 1125 3253 1191 nativitatem,
3304 1141 3481 1197 neque

1884 1216 2180 1271 evertentis
2246 1216 2483 1285 Spiritus
2543 1217 2717 1271 sancti
2786 1218 3195 1287 operationem,
3253 1231 3359 1288 qua
3420 1219 3474 1274 iu

1884 1316 2038 1362 utero
2078 1308 2333 1363 formavit
2371 1318 2591 1380 partum
2634 1325 2650 1364 :
2692 1309 2788 1363 sed
2830 1309 3076 1366 docentis
3114 1309 3298 1380 potius
3331 1310 3479 1380 quod

1881 1398 2025 1455 sicut
2053 1399 2194 1455 Deus
2217 1400 2390 1472 gignit
2418 1400 2625 1463 divine,
2656 1399 2760 1454 hoc
2789 1408 2893 1466 est,
2928 1401 3089 1470 digne
3126 1401 3236 1461 Deo
3273 1414 3477 1456 secun-

1882 1487 2008 1543 dum
2049 1502 2204 1542 suam
2245 1497 2536 1553 naturam;
2584 1488 2739 1559 161
2783 1488 2855 1542 ita
2896 1496 2951 1543 et
3004 1490 3167 1545 homo
3215 1489 3474 1559 humane,

1885 1578 1986 1633 hoc
2048 1589 2163 1644 est,
2210 1593 2339 1634 caro
2384 1580 2699 1635 carnaliter.
2767 1579 2911 1635 Deus
2964 1587 3143 1643 autem
3202 1580 3476 1638 exsistens

1881 1671 2175 1725 secundum
2210 1678 2458 1726 naturam
2491 1669 2759 1738 Verbum,
2796 1671 3043 1740 quamvis
3072 1686 3202 1728 caro
3245 1670 3476 1741 factum,

1882 1762 2064 1819 divine
2090 1763 2389 1831 processit,
2425 1763 2528 1818 hoc
2556 1771 2675 1828 est,
2702 1771 2761 1817 ut
2791 1762 2949 1818 decet
2965 1777 3089 1818 eum
3113 1802 3131 1829 ,
3159 1763 3250 1831 qui
3273 1777 3472 1819 secun-

256 1862 362 1916 oimn
392 1865 469 1916 καὶ
506 1863 795 1935 ἄνθρωπος
825 1859 1203 1931 ἀνθρωπίνως,
1238 1860 1357 1931 ῆτοι
1397 1856 1535 1931 σὰρξ
1584 1878 1777 1932 σαρκι-

1881 1853 2006 1909 dum
2044 1855 2323 1911 veritatem
2350 1864 2432 1910 est
2454 1855 2612 1910 Deus.
2651 1852 2808 1909 Solus
2837 1856 2982 1909 enim
3014 1853 3209 1910 habuit
3236 1863 3470 1911 matrem

259 1953 362 2016 πῶς.
397 1953 506 2017 Θεὸς
531 1953 588 2007 δὲ
620 1951 698 2005 ῶν
729 1949 875 2005 κατὰ
923 1949 1086 2020 φύσιν
1134 1952 1163 2004 ό
1212 1949 1408 2018 Λόγος,
1435 1950 1553 2021 ῆτοι
1586 1953 1612 1990 ε
1636 1951 1774 2022 σὰρξ

264 2046 465 2113 γεγονὼς,
485 2045 715 2118 προῆλθε
745 2044 1089 2115 θεοπρεπῶς,
1109 2044 1409 2109 τουτέστιν,
1442 2044 1518 2109 ὡς
1545 2044 1611 2100 ἂν
1643 2046 1776 2118 πρέ-

256 2144 345 2188 ⁶ποι
363 2137 425 2206 τῷ
444 2154 498 2205 γε
521 2139 629 2192 δντι
658 2136 805 2191 κατά
837 2136 937 2208 τήν
980 2133 1240 2207 ἀλήθειαν
1269 2136 1411 2206 Θεῷ.
1451 2138 1629 2202 Μόνος
1666 2139 1776 2210 γὰρ

277 2227 376 2297 laxe
401 2230 572 2301 μητέρα
616 2229 714 2300 τήν
745 2228 1156 2301 ἀπειρόγαμον,
1189 2228 1283 2282 καὶ
1312 2229 1584 2301 τετήρηκε
1616 2247 1775 2302 ,παρ-

279 2316 404 2371 θένον
429 2321 506 2390 τὴν
529 2320 774 2373 τεκοῦσαν
802 2318 967 2372 αὑτὸν
994 2319 1134 2373 κατά
1160 2319 1361 2391 σάρκα.
1388 2320 1667 2390 Θαυμάζω
1694 2321 1771 2390 δὲ,

272 2410 342 2463 ὅτι
378 2409 602 2464 Θεοτόκον
627 2410 900 2474 ὀκνοῦντες
923 2413 1099 2464 εἰπεῖν
1124 2411 1225 2482 τήν
1264 2412 1427 2481 ἁγίαν
1472 2413 1771 2485 Παρθένον,

264 2499 536 2572 θεοπρεπῶς
559 2503 705 2558 αὑτὸν
737 2501 1103 2573 γεγεννῆσθαί
1137 2519 1303 2570 φασιν
1328 2504 1380 2557 ιι.
1414 2504 1488 2559 Οὐ
1532 2504 1641 2577 γὰρ
1682 2506 1775 2560 ἀν-

253 2593 439 2665 θρωπος
474 2596 636 2659 κοινὸς
669 2596 914 2652 τίκτεται
946 2595 1287 2666 θεοπρεπῶς.
1327 2596 1487 2668 Δῶρα
1515 2598 1572 2651 δὲ
1609 2614 1777 2669 προσ-

248 2687 519 2757 κεκομίσθαι
551 2690 685 2758 φασὶ
712 2688 861 2760 παρά
896 2688 1006 2742 τῶν
1040 2689 1233 2759 μάγων
1258 2688 1331 2743 τὰ
1356 2690 1643 2762 πρόσφορα
1680 2689 1776 2745 καὶ

240 2772 305 2842 τῷ
326 2778 585 2847 νοουμέιῳ,
612 2778 708 2832 καὶ
742 2776 819 2848 τῷ
849 2777 1182 2848 φαινομένῳ,
1209 2778 1547 2851 διαιροῦντες
1574 2780 1656 2842 είς
1682 2778 1777 2833 δύο

238 2857 291 2928 δὴ
312 2861 450 2916 πάλιν
475 2865 611 2934 μετά
632 2865 730 2933 τὴν
754 2864 949 2919 ἕνωσιν
979 2864 1071 2919 τὸν
1107 2865 1314 2938 Κύριον
1341 2868 1359 2908 ἱ
1401 2866 1608 2939 Ἰησοῦν
1637 2868 1775 2939 Χρι-

239 2952 369 3004 στόν·
394 2954 421 3006 ό
449 2955 551 3027 γάρ
583 2955 876 3026 νοούμενος
914 2955 1143 3025 γέγονεν
1171 2959 1369 3030 ὁρατὸς
1411 2960 1473 3013 οὐ
1505 2960 1773 3031 μεταϐολῇ

237 3043 433 3112 φύσεως,
460 3047 572 3100 ἀλλ’
600 3047 792 3101 ἐνώσει
814 3049 878 3119 τῇ
911 3048 1050 3119 πρὸς
1078 3048 1140 3102 τδ
1163 3048 1439 3120 δρώμενον
1462 3051 1641 3122 σῶμα.
1665 3053 1775 3107 Καὶ

233 3134 342 3202 γοῦν
377 3138 667 3203 αὐτόπτας,
709 3139 807 3191 καὶ
855 3139 1135 3217 ὑπηρέτας
1177 3141 1431 3210 γενέσθαι
1466 3140 1562 3195 τοῦ
1596 3142 1773 3211 Λόγου

1876 1948 2093 2017 nuptias
2137 1962 2247 2003 non
2278 1956 2601 2017 expertam;
2639 1955 2695 2000 et
2741 1944 2980 2000 servavit
3012 1945 3278 2016 virginem
3321 1961 3467 2014 eain,

1880 2051 2001 2106 qum
2052 2036 2227 2106 ipsum
2278 2036 2489 2107 peperit
2546 2035 2841 2091 secundum
2895 2048 3141 2090 carnem.
3208 2034 3473 2092 Admiror

1873 2136 2075 2192 autem,
2101 2126 2243 2197 quod
2269 2141 2373 2181 non
2402 2126 2664 2181 audentes
2692 2125 2876 2180 dicere
2904 2134 3157 2181 sanctam
3186 2123 3472 2195 Virginem

1874 2217 1966 2274 Dei
2001 2216 2352 2283 Genitricem,
2379 2232 2501 2272 cum
2526 2216 2636 2271 Deo
2664 2215 2826 2286 digne
2856 2215 3032 2285 ipsum
3068 2228 3190 2270 esse
3220 2215 3462 2284 genitum

1874 2305 2129 2363 fatentur.
2183 2304 2301 2361 Non
2336 2306 2478 2361 enim
2520 2306 2683 2361 homo
2727 2303 3035 2359 communis
3077 2302 3316 2374 gignitur
3360 2304 3471 2358 Deo

1874 2399 2053 2468 digne.
2077 2397 2225 2453 Dona
2254 2411 2382 2453 vero
2410 2396 2572 2451 allata
2606 2411 2727 2452 esse
2754 2395 2944 2451 dicunt
2972 2408 3039 2448 ac
3067 2392 3241 2463 magis
3273 2406 3470 2447 conve-

1874 2490 2077 2544 nientia
2103 2499 2156 2544 et
2181 2488 2232 2544 ei
2268 2488 2359 2555 qui
2388 2484 2822 2556 intelligebatur,
2849 2493 2905 2540 et
2939 2485 2990 2540 ei
3016 2485 3109 2554 qui
3160 2482 3467 2551 videbatur,

1873 2581 2175 2637 dividentes
2215 2582 2267 2636 iu
2293 2583 2427 2635 duos
2465 2581 2658 2635 iterum
2682 2588 2815 2650 post
2840 2578 3147 2634 unitionem
3184 2577 3469 2633 Dominum

1874 2682 2121 2730 nostrum
2154 2672 2336 2729 Jesum
2356 2672 2659 2729 Christum.
2706 2667 2807 2739 Qui
2838 2671 2983 2727 enim
3009 2669 3358 2742 intelligitur,
3385 2668 3469 2723 fa-

1875 2771 1995 2822 ctus
2026 2775 2113 2819 est
2154 2765 2383 2821 visibilis
2421 2781 2527 2820 non
2557 2763 2930 2819 immutatione
2960 2760 3187 2828 natura),
3221 2762 3317 2818 sed
3346 2760 3470 2816 uui-

1876 2854 2019 2910 tione
2033 2869 2155 2910 cum
2174 2868 2416 2921 corpore,
2442 2854 2584 2923 quod
2609 2854 2911 2908 videbatur.
2934 2851 3002 2908 Et
3032 2860 3181 2908 certe
3203 2858 3474 2921 spectatu-

1877 2959 1964 3007 ties
1979 2944 2322 3003 etministros
2344 2943 2514 2998 fuisse
2542 2942 2699 2998 Verbi
2739 2952 2959 2999 sanctos
2989 2942 3137 3012 ipsos
3166 2941 3466 3012 apostolos,

1875 3050 2029 3090 sacra
2049 3035 2325 3106 Scriptura
2349 3034 2586 3090 ostendit
2603 3035 2651 3066 ⁵ο
2681 3049 2696 3087 :
2730 3035 2979 3104 quamvis
2997 3033 3083 3089 cui
3111 3048 3217 3089 non
3242 3031 3470 3088 manife-

1875 3136 2017 3181 stum
2043 3135 2144 3191 est,
2165 3126 2308 3196 quod
2332 3126 2727 3193 incorporeum,
2754 3138 2819 3179 ae
2838 3122 3175 3195 intangibile,
3199 3132 3255 3180 et
3272 3122 3468 3179 invisi-

232 3199 333 3289 τοὺς
360 3229 534 3298 ἁγίους
570 3199 1022 3296 ἀποστόλους,
1051 3199 1296 3303 Γράμμα
1333 3233 1469 3305 φησὶ
1498 3234 1560 3287 τὸ
1594 3199 1736 3304 ἱερόν
1760 3250 1773 3262 ·

1880 3217 1986 3273 bile
2008 3218 2078 3274 sit
2098 3218 2272 3288 ipsum
2299 3216 2390 3272 Dei
2413 3215 2593 3272 Patris
2622 3215 2900 3271 Verbum?
2931 3215 3093 3287 Atqui
3128 3214 3349 3270 invenio
3379 3214 3463 3268 di-
3568 3272 3571 3277 ,
3612 3258 3624 3275 .

230 3316 373 3382 καίτοι
399 3321 507 3387 πῶς
534 3323 607 3376 οὐ
625 3324 814 3394 ,πάντη
840 3323 903 3377 τὸ
928 3325 1098 3393 σαφὲς
1121 3334 1168 3389 l,
1219 3324 1295 3387 ὼς
1318 3323 1465 3377 ἐστιν
1488 3325 1777 3396 ἀσώματός

228 3423 276 3459 τε
298 3410 378 3463 καὶ
406 3413 646 3485 ἀναφὴς,
683 3414 781 3467 καὶ
825 3413 1060 3485 ἀόρατος
1096 3416 1126 3468 ὁ
1154 3415 1220 3467 ὲκ
1249 3414 1386 3489 Θεοῦ
1420 3415 1637 3488 Πατρδς
1674 3416 1779 3469 Λό-

230 3514 330 3567 γκῖ
366 3503 497 3557 Ἀλλ’
528 3505 783 3576 εὑρίσκω
834 3505 1094 3574 λέγοντας
1139 3505 1269 3570 τοὺς
1309 3506 1498 3573 ἁγίους
1529 3505 1784 3566 ,ἀποστόέ

226 3588 349 3655 λεν-ις’
387 3613 404 3645 t
433 3596 496 3649 Ὀ
526 3592 608 3667 ἦν
654 3596 748 3650 ἀπ’
780 3595 978 3668 ἀρχῆς,
1010 3595 1039 3648 δ
1080 3594 1422 3665 ἀκηκόαμεν,
1451 3595 1481 3648 ὃ
1524 3595 1778 3665 ἑωράκα-

225 3698 322 3749 μεν,
349 3684 377 3737 δ
416 3685 775 3757 ἐθεασάμεθα
808 3689 923 3750 τοῖς
973 3685 1274 3756 ὀφθαλμοῖς
1324 3686 1482 3757 ήμῶν
1512 3727 1527 3752 ,
1571 3684 1666 3740 καὶ
1719 3687 1778 3740 αἱ

220 3773 418 3848 χεῖρεςιή
428 3776 541 3846 μῶν
576 3776 947 3849 ἐψηλάφησαν
970 3776 1099 3848 περὶ
1130 3774 1227 3829 τοῦ
1247 3775 1422 3845 Λόγου
1448 3776 1547 3846 τῆς
1575 3776 1771 3847 ζωῆς.»

221 3863 691 3938 Πρόστοραντοίνυν
722 3867 792 3922 τά
828 3867 979 3941 δῶρα
1007 3867 1086 3937 τῷ
1116 3867 1215 3933 ἑνὶ,
1248 3866 1497 3921 τουτέστι
1530 3865 1612 3942 .τῷ
1641 3868 1783 3938 Χρισ

218 3955 333 4025 στῷο
355 3960 442 4012 καὶ
474 3960 601 4033 γάρ
634 3961 783 4014 ἐστιν
816 3961 876 4014 ὲν
921 3958 1105 4029 ταυτῷ
1131 3958 1268 4023 Θεός
1298 3975 1356 4012 τε
1388 3957 1525 4029 ὁμοῦ
1558 3958 1652 4013 καὶ
1684 3957 1778 4012 ἄν·

217 4044 398 4116 θρωπος
427 4054 455 4106 ό
502 4054 573 4106 αὐ
588 4052 703 4117 τός.
751 4051 1021 4125 Ταύτῃτοι
1073 4050 1358 4122 τεχθέντος
1404 4048 1570 4105 αὑτοῦ
1616 4067 1779 4124 χορο-

212 4142 395 4197 craeth
427 4146 528 4215 μὲν
569 4139 725 4216 ἦσαν
768 4144 883 4197 τῶν
923 4144 1094 4213 ἁγίων
1132 4143 1401 4213 ἀγγέλων,
1439 4145 1688 4215 στρατιαὶ
1718 4144 1778 4198 δὲ

213 4234 525 4303 πνευμάτων,
564 4235 806 4307 Σωτῆρα
848 4236 943 4289 καὶ
967 4235 1262 4306 Λυτρωτὴν
1290 4234 1557 4305 λεγόντων
1588 4235 1772 4291 αὐτόν.

223 4317 406 4395 Ἐπειδὴ
436 4327 494 4379 δὲ
547 4324 650 4379 τοῦ
696 4324 1086 4394 εὐαγγελιστοῦ
1136 4323 1413 4394 λέγοντος·
1454 4344 1473 4376 r
1513 4308 1777 4395 ὈΛόγος

212 4411 330 4481 σὰρξ
365 4418 608 4484 ἐγένετο,
645 4435 665 4467 ι
701 4416 936 4470 δεδιέναι
991 4415 1147 4484 φασὶ,
1199 4415 1277 4486 μὴ
1329 4415 1437 4490 ἄρα
1488 4433 1628 4481 πως,
1682 4416 1775 4470 τοῦ

1879 3320 2065 3367 centes
2092 3320 2316 3367 sanctos
2340 3308 2613 3379 apostolos
2638 3326 2653 3364 :
2685 3327 2702 3361 ι
2728 3308 2881 3377 Quod
2905 3308 3094 3365 fuit-ab
3115 3307 3268 3364 initio
3285 3347 3302 3375 ,
3323 3306 3467 3377 quod

1880 3401 2206 3466 audivimus,
2240 3402 2385 3473 quod
2411 3401 2648 3456 vidimus
2671 3439 2688 3466 ,
2717 3401 2879 3470 quod.
2897 3400 3273 3472 perspeximus
3290 3398 3468 3455 oculis

1880 3496 2100 3559 nostris,
2120 3495 2260 3564 quod
2278 3509 2468 3549 manus
2488 3502 2686 3547 nostra
2709 3500 3185 3547 contrectaverunt
3204 3489 3274 3546 de
3286 3487 3467 3547 Verbo

1878 3585 2003 3640 vitm
2035 3585 2105 3639 δι.
2169 3602 2188 3636 ι
2234 3582 2623 3640 Convenieutia
2693 3583 2858 3652 igitur
2919 3579 3143 3637 fuerunt
3182 3579 3319 3635 dona
3375 3578 3464 3634 illa

1879 3678 1970 3733 uni
1991 3720 2006 3742 ,
2038 3679 2140 3732 hoc
2163 3686 2248 3733 est
2265 3676 2502 3732 Christo.
2555 3675 2766 3729 Etenim
2791 3681 2876 3729 est
2897 3671 3103 3743 pariter
3128 3666 3271 3728 Deus
3294 3670 3461 3727 simul

1878 3782 1937 3827 et,
1957 3771 2121 3825 homo
2152 3769 2316 3824 idem.
2362 3767 2476 3823 Hac
2509 3766 2717 3821 ratione
2740 3772 2869 3828 nato
2900 3764 3018 3834 ipso
3047 3763 3201 3818 chori
3232 3761 3454 3833 quidem

1878 3860 2193 3916 cecinerunt
2226 3868 2537 3915 sanctorum
2564 3855 2900 3926 angelorum,
2940 3854 3215 3908 exercitus
3243 3865 3463 3922 quoque

1877 3952 2162 4022 spirituum
2179 3949 2473 4007 dicentium
2495 3950 2673 4017 ipsum
2692 3947 3027 4005 Salvatorem
3053 3960 3118 4003 ac
3136 3944 3463 4015 Redempto-

1878 4061 2015 4102 rem.
2055 4043 2190 4111 Quia
2221 4057 2382 4112 porro
2405 4057 2529 4097 cum
2555 4039 2889 4110 evangelista
2927 4038 3075 4092 dicat
3107 4053 3123 4092 :
3156 4055 3181 4092 ι
3221 4036 3463 4093 Verbum

1879 4150 2004 4193 caro
2030 4134 2360 4208 factumest;
2389 4150 2435 4194 οι,
2454 4129 2749 4188 formidare
2775 4142 2833 4184 se
2855 4127 3060 4193 dicunt,
3083 4141 3173 4193 ne,
3204 4126 3248 4184 si
3274 4127 3462 4193 dictio,

1885 4247 1908 4281 θ
1935 4227 2159 4283 Factum
2179 4235 2287 4290 est,
2323 4242 2342 4275 ι
2368 4223 2639 4295 pr0priatu
2657 4230 2833 4277 servet
2852 4219 3462 4290 signiﬁcationem,ver-

1878 4321 1961 4379 sio
1988 4320 2231 4391 quaedam
2266 4315 2597 4386 intelligatur
2648 4314 2795 4368 circa
2825 4311 3071 4367 divinam
3096 4308 3263 4368 Verbi
3293 4319 3455 4367 natu.

1880 4430 1994 4469 ram
2027 4412 2195 4467 fuisse
2227 4426 2242 4476 ;
2277 4407 2437 4484 laudo
2496 4406 2713 4476 quidem
2760 4414 3001 4470 metum,
3053 4403 3224 4458 miror
3256 4412 3463 4466 autem,

210 4506 446 4574 «ἐγένετο
474 4529 495 4563 v
531 4510 637 4582 τὴν
697 4508 833 4562 ἰδίαν
869 4506 1134 4573 σώζοντος
1163 4506 1418 4576 δήλωσιν,
1451 4509 1653 4578 τρόπος
1691 4524 1776 4574 τις

1879 4506 2019 4575 quod
2042 4510 2301 4559 caventes
2338 4498 2631 4555 dictionem
2654 4534 2670 4561 ,
2701 4507 2994 4564 veramque
3016 4501 3070 4548 et
3093 4492 3462 4554 necessariam

211 4597 351 4648 νοοῖτο
404 4599 539 4671 περὶ
587 4598 691 4670 τὴν
729 4597 881 4652 θείαν
912 4596 1007 4651 τοῦ
1057 4596 1235 4665 Λόγου
1286 4595 1540 4665 γενέσθαι
1575 4595 1792 4665 φύσιν·.

203 4679 380 4739 ἐπαινῶ
416 4688 520 4758 μὲν
545 4689 614 4741 τὸ
650 4688 817 4757 δεῖμα
836 4729 851 4754 ,
885 4678 1152 4758 θαυμάζω
1173 4686 1253 4752 δὲ,
1278 4686 1359 4740 ὅτι
1399 4686 1773 4758 παραιτούμε-

203 4788 269 4825 νοι
303 4777 394 4846 τὴν
434 4778 617 4845 λέξιν,
654 4778 753 4849 τὴν
792 4777 970 4850 ἀληθῆ
1010 4794 1071 4831 τε
1111 4777 1207 4831 καὶ
1262 4778 1579 4846 ἀναγκαίαν
1597 4777 1773 4848 δήλω-

200 4878 290 4928 σιν,
314 4866 452 4922 οὕτω
478 4868 753 4938 γενέσθαι
778 4871 912 4940 φασὶ
955 4871 1135 4943 σάρκα
1167 4870 1258 4925 τὸν
1291 4871 1483 4940 Λόγον,
1515 4871 1592 4936 ὡς
1622 4872 1688 4925 ἂν
1721 4872 1770 4926 εί

199 4952 383 5023 λέγοιτο
412 4961 684 5028 γενέσθαι
730 4962 973 5034 κατάρα,
1020 4964 1117 5017 καὶ
1164 4962 1428 5034 ἁμαρτία.
1480 4959 1613 5016 Εἶτα
1653 4963 1772 5026 πῶς

197 5046 280 5098 οὐκ
322 5049 425 5104 ἔδει
466 5053 607 5106 νοῦν
652 5052 877 5123 ἔχοντας
909 5037 1057 5125 ιόρᾷν
1084 5054 1135 5121 ιι,
1175 5056 1256 5109 ὅτι
1306 5053 1387 5119 τὸ,
1426 5071 1447 5105 ι
1480 5053 1715 5122 ἐγένετο,
1747 5072 1766 5105 ι

194 5138 431 5208 τεθεικὼς
471 5146 505 5198 δ
538 5146 821 5217 μακάριος
855 5146 1271 5218 εὐαγγελιστὴς,
1312 5145 1530 5217 ἀπάσης
1563 5145 1773 5216 τροπῆς

195 5228 428 5290 ὑπόνοιαν
478 5239 746 5309 ἀναιρεῖ,
796 5238 1481 5329 προσεπενεγκὼνίεύθὺς
1532 5238 1628 5290 καὶ
1676 5236 1767 5290 τοι

253 5411 472 5473 "Joau.
513 5431 608 5481 ιιι,
634 5416 686 5470 6.
767 5416 812 5448 ⁸⁸
835 5414 964 5471 Luc.
1001 5434 1036 5485 ι,
1073 5416 1129 5472 2.
1204 5418 1248 5449 "
1283 5415 1300 5469 l
1334 5384 1493 5472 Joan.
1528 5382 1568 5481 ί,
1599 5415 1649 5470 l.

1880 4593 2330 4667 signiﬁcationem
2352 4630 2369 4657 ,
2399 4589 2480 4645 sic
2527 4587 2730 4642 factum
2768 4585 2938 4640 fuisse
2967 4595 3189 4639 carnem
3223 4579 3463 4638 Verbum

1880 4689 2086 4750 dicunt,
2117 4683 2340 4754 perinde
2378 4696 2443 4736 ac
2475 4678 2519 4736 si
2548 4678 2797 4751 dicntur,
2823 4675 3028 4731 factum
3061 4671 3237 4728 fuisse
3280 4671 3457 4727 male-

1880 4778 2082 4833 dictum
2115 4785 2170 4830 et
2201 4782 2505 4845 peccatum.
2562 4769 2766 4824 Deinde
2799 4780 2907 4835 quo
2935 4771 3096 4835 pacto
3127 4775 3233 4817 non
3279 4759 3463 4815 vident

1880 4877 2063 4924 mente
2107 4863 2322 4937 prmditi
2355 4862 2394 4936 -[
2418 4858 2826 4934 prudentissimi
2858 4857 2958 4912 viri
2996 4850 3213 4927 |,qnod
3244 4848 3462 4913 ,beatns

1879 4958 2206 5031 evangelista
2236 4947 2442 5027 ponens
2463 4953 2781 5015 dictionem,
2815 4966 2834 5001 ι
2863 4946 3088 5002 Factum
3120 4948 3225 5007 est,
3262 4958 3282 4994 ι
3322 4954 3450 4995 mox

1878 5036 2056 5106 omnis
2107 5045 2480 5105 conversionis
2528 5040 2894 5112 suspicionem
2933 5038 3106 5104 tollit,
3155 5033 3454 5106 adjiciens:

1884 5161 1903 5195 ι
1950 5141 2017 5197 Ει
2066 5137 2333 5195 habitavit
2376 5137 2428 5191 in
2459 5135 2616 5191 nobis
2660 5135 2736 5188 τι
2774 5130 3083 5186 Absurdnm
3138 5135 3318 5182 autem
3351 5126 3460 5181 alia

1880 5249 2099 5306 quoque
2127 5232 2340 5288 ratione
2369 5236 2473 5296 est,
2509 5230 2554 5282 si
2585 5225 2709 5297 quis
2736 5224 2899 5279 audet
2918 5221 3121 5288 dicere,
3151 5217 3232 5277 sic
3254 5215 3465 5275 factum

1134 5558 1146 5571 “
1240 5569 1418 5628 Variae
1440 5571 1701 5628 lectiones
1723 5582 1790 5639 ex
1816 5563 2003 5622 codice
2026 5557 2399 5633 Seguleriano.

248 5724 278 5766 ι’
303 5727 508 5808 καίτοι.
590 5725 623 5764 δ
654 5729 821 5802 αὐτὴν
858 5730 1116 5803 γεννῆσαί
1160 5749 1344 5802 φασιν.
1427 5732 1444 5773 ί
1483 5731 1574 5786 τὸν
1616 5730 1715 5786 ενα
1758 5725 2015 5808 Κύριονε
2068 5721 2083 5775 ἱ
2122 5718 2299 5785 τσωςι
2334 5712 2497 5772 παντί
2520 5692 2601 5786 τῖρ
2630 5713 2828 5785 σαφέςο
2925 5709 2955 5753 ι
2988 5710 3437 5783 νουνιχεστάτους

200 5789 339 5860 ὂντας
366 5798 533 5871 δρᾷν.

3462 5806 3495 5843 \
