4002 6192
423 335 530 390 525
1451 329 1509 383 S.
1551 327 1831 383 CYRILLI
1860 329 2005 386 ALE‘.

2114 328 2335 384 NDRINI
2369 328 2688 390 AltClllEP.
3578 339 3692 396 εει

423 469 554 509 esse
583 465 802 507 carnem
842 451 1074 508 Verbum
1101 487 1116 514 ,
1141 456 1200 503 ut
1232 448 1429 504 factum
1457 463 1576 503 esse
1617 449 1815 503 dicitur
1837 449 2005 504 male-

2116 469 2134 501 ‹
2174 451 2512 520 Ἑσκήνωσεν
2540 452 2596 502 ὲν
2626 452 2790 520 ήμῖν;
2821 469 2838 500 ι
2878 453 3112 504 Ἀτοπον
3161 451 3220 505 δὲ
3269 453 3364 506 καὶ
3397 452 3600 523 ἑτέρως
3632 454 3693 508 τὸ

425 547 631 598 dictum
663 551 720 598 et
759 553 1064 613 peccatum.
1106 541 1220 596 Non
1259 541 1400 594 enim
1456 539 1748 609 ipsummet
1792 540 2005 594 maledi-

2114 541 2289 609 λέγειν
2324 541 2658 611 άποτολμᾷν,
2689 540 2831 593 οὕτω
2856 541 3111 609 γενέσθαι
3149 543 3331 614 σάρκα
3359 543 3451 597 τὸν
3493 545 3691 612 Λόγον,

423 647 571 690 ctum
597 635 680 689 vel
698 645 977 704 peccatum
1004 633 1204 686 factum
1222 640 1324 697 est,
1357 632 1451 686 sed
1482 647 1603 686 cum
1625 632 1825 700 iniquis
1856 647 2014 702 repu-

428 738 575 782 tatus
593 725 951 793 est",justus
979 725 1246 778 exsistens
1273 732 1330 777 ut
1354 723 1564 777 aboleat
1594 734 1874 792 peccatum
1906 739 1920 786 ;
1955 730 2010 776 et

424 819 722 886 appellatus
761 826 844 879 est
875 815 1190 870 maledictus
1211 854 1226 877 ,
1261 816 1353 884 qui
1387 815 1654 870 benedicit
1683 824 2006 878 creaturam,

428 910 585 978 162
601 920 654 961 ut
678 907 852 961 solvat
869 915 1111 961 nostrum
1131 905 1499 968 maledictum,
1519 913 1572 959 et
1591 904 1780 960 liberet
1796 921 1822 958 a
1849 920 2007 974 paena

425 1001 708 1052 credentes
734 999 787 1051 in
817 997 1013 1066 ipsum.
1054 996 1218 1066 Igitur
1256 1011 1362 1050 non
1387 1003 1472 1049 est
1517 994 1690 1049 factus
1714 995 2008 1049 secumlum

424 1091 709 1141 veritatem
748 1085 1095 1140 maledictum
1127 1092 1180 1138 et
1226 1093 1504 1150 peccatum
1539 1097 1554 1136 :
1595 1082 1897 1152 appellatus
1926 1089 2010 1136 est

427 1185 604 1230 autem
660 1176 744 1230 his
801 1175 1144 1237 nominibus,
1197 1183 1254 1226 ut
1307 1172 1522 1227 aboleat
1569 1173 1912 1226 maledictum
1955 1180 2008 1226 et

425 1277 730 1338 peccatum.
798 1266 965 1337 lgitur
1006 1267 1052 1321 si
1087 1266 1166 1321 sic
1211 1264 1414 1318 factum
1462 1275 1546 1320 est
1584 1280 1750 1329 caro,
1776 1265 2008 1319 abolevit

427 1361 612 1429 utique
642 1373 860 1414 carnem
881 1397 896 1422 ,
952 1357 1094 1412 sicut
1122 1367 1178 1410 et
1209 1355 1553 1410 maledictum
1595 1366 1648 1410 et
1674 1369 1954 1424 peccaturo
1987 1372 2002 1420 ;

425 1463 479 1506 et
511 1429 920 1520 neque'l‘actum
951 1457 1036 1502 est
1085 1449 1244 1502 homo
1269 1491 1283 1514 ,
1337 1462 1513 1515 neque
1559 1447 1897 1500 incarnatqu
1924 1457 2006 1501 est

427 1543 720 1597 secundum
762 1539 1044 1595 veritatem
1085 1557 1098 1592 :
1130 1538 1224 1592 sed
1251 1539 1302 1591 in
1331 1537 1737 1592 existimatione
1782 1537 1890 1591 sola
1924 1546 2005 1590 est

427 1640 823 1688 sacramentum
848 1670 862 1694 ,
891 1641 946 1683 et
979 1628 1030 1682 in
1067 1629 1228 1682 nudis
1260 1627 1572 1682 nominibus
1601 1627 1875 1682 invenitur
1919 1629 2002 1682 iu-

2111 629 2185 694 ὼς
2217 630 2467 697 γενέσθαι
2516 630 2736 698 λέγεται
2771 631 3010 700 κατάρα,
3044 631 3137 684 καλ¹
3175 632 3420 702 ἁμαρτία
3441 649 3456 664 ·
3495 633 3558 684 οὐ
3585 632 3695 702 γὰρ

2113 722 2436 792 αὐτόχρημα
2465 721 2657 792 γέγονε
2688 722 2925 793 κατάρα,
2958 721 3081 775 οὔτε
3117 724 3222 794 μὴν
3259 723 3505 794 ἁμαρτία
3526 739 3539 751 °
3576 723 3694 775 ἀλλ’
3719 721 3730 733 '

2112 815 2170 866 ὲν
2198 816 2311 876 τοῖς
2344 813 2569 882 ἀνόμοις
2612 812 2864 883 ἐλογίσθη
2894 814 3098 876 δίκαιος
3126 813 3224 878 ὢν,
3251 815 3339 868 ἵνα
3368 816 3698 885 καταργήσῃ

2109 902 2210 970 τὴν
2263 900 2568 970 ἁμαρτίαν
2606 901 2702 954 καὶ
2753 903 3160 971 κεχρημάτικεν
3213 903 3618 972 ἐπικατάρατος
3668 906 3699 955 6

2110 991 2347 1059 εὐλογῶν
2378 991 2474 1061 τὴν
2509 991 2710 1055 κτίσιν,
2748 991 2836 1044 ἵνα
2863 992 3001 1063 λύσῃ
3031 995 3131 1063 τὴν
3172 993 3292 1046 καθ’
3328 994 3486 1063 ἡμῶν
3527 995 3696 1064 ἀρὰν,

2111 1085 2204 1138 καὶ
2235 1082 2522 1155 ἀπαλλάξῃ
2554 1083 2709 1153 δίκης
2738 1085 2863 1147 τοὺς
2894 1086 3246 1148 πιστεύοντας
3271 1087 3350 1149 είς
3375 1087 3558 1140 αὐτόν.
3585 1088 3697 1140 Οὗ-

2110 1173 2240 1228 κοῦν
2272 1175 2334 1226 οὐ
2363 1173 2554 1241 γέγονε
2582 1173 2722 1225 κατὰ
2757 1173 3015 1244 ἀλήθειαν
3037 1177 3272 1246 κατάρα,
3303 1177 3395 1228 καὶ
3423 1177 3694 1248 ἁμαρτία⁸

2109 1267 2486 1337 κεχρημάτικε
2535 1265 2593 1318 δὲ
2645 1263 2855 1330 ταῦτα,
2914 1267 3001 1319 ἵνα
3049 1267 3183 1338 λύσῃ
3224 1267 3240 1306 1
3291 1268 3560 1338 κατάραν,
3599 1269 3698 1322 καὶ

2107 1357 2402 1426 ἁμαρτίαν.
2435 1353 2642 1408 Οὐκοῦν
2671 1357 2718 1406 εί
2752 1355 2894 1408 οὓτω
2921 1357 3112 1424 γέγονε
3149 1358 3307 1428 σὰρξ,
3343 1361 3697 1430 κατήργηκεν

2107 1447 2214 1517 ἄρα
2248 1448 2346 1517 τὴν
2393 1447 2589 1518 σάρκα,
2625 1447 2768 1500 καθὰ
2797 1449 2890 1500 καὶ
2918 1448 3016 1518 τὴν
3067 1449 3228 1519 ἀρὰν,
3257 1450 3349 1502 καὶ
3379 1450 3475 1521 τὴν
3507 1452 3697 1520 ἁμαρ-

2105 1539 2225 1590 τίαν
2251 1555 2264 1568 ·
2309 1540 2403 1590 κα)⁸
2434 1538 2558 1590 οὔτε
2604 1539 2827 1606 γέγονεν
2874 1538 3180 1608 ἄνθρωπος,
3210 1540 3337 1593 οὔτε
3387 1541 3493 1612 μὴν
3529 1545 3698 1614 ἐσαρ-

2107 1626 2258 1697 κώθη
2286 1625 2428 1679 κατὰ
2461 1626 2719 1698 ἀλήθειαν
2741 1643 2752 1657 ·
2791 1627 2906 1679 ἀλλ’
2942 1629 2999 1679 ὲν
3045 1627 3263 1700 δοκήσει
3313 1631 3449 1704 μόνῃ
3490 1631 3553 1683 τὸ
3588 1649 3696 1702 μυ-

428 1723 764 1778 carnationis
812 1721 1027 1774 modus.
1083 1717 1314 1772 Tollitur
1365 1729 1546 1773 autem
1592 1722 1811 1774 omnino
1840 1729 1893 1774 et
1921 1735 2005 1773 rc-

2120 1720 2364 1789 στήριον,
2403 1720 2497 1772 καὶ
2529 1721 2587 1772 ἐν
2626 1719 2801 1788 ψιλοῖς
2834 1719 3091 1789 ὀνόμασιν
3126 1723 3154 1773 6
3203 1722 3302 1792 τῆς
3336 1723 3699 1795 ὲνανθρωπή-

427 1812 780 1868 surrectionis
811 1826 954 1880 spes.
1003 1809 1057 1862 In
1104 1810 1256 1880 cujus
1288 1809 1451 1877 igitur
1484 1820 1714 1864 mortem
1745 1813 2003 1879 baptizati

428 1921 614 1960 smnus
639 1903 734 1956 "?
766 1902 866 1958 Ubi
921 1903 1142 1955 verbum
1201 1901 1362 1965 ﬁdei,
1396 1903 1536 1970 quod
1584 1902 1946 1970 praedicamus
1985 1905 2008 1956 ?

429 1997 674 2052 Confessi
702 1997 843 2051 enim
869 1997 1008 2064 quod
1045 1995 1300 2049 Dominus
1329 2003 1413 2048 est
1463 1992 1622 2048 Jesus
1647 2003 1700 2048 et
1728 1996 2007 2049 credentes

430 2090 570 2158 quod
619 2091 754 2143 Deus
804 2089 975 2157 ipsum
1001 2087 1255 2140 excitavit
1298 2101 1326 2138 a
1379 2087 1645 2151 mortuis,
1703 2088 2002 2141 salvamur.

430 2178 597 2247 Igitur
629 2181 679 2233 in
716 2195 881 2233 unum
914 2179 1146 2234 similem
1183 2177 1357 2244 nobis,
1390 2188 1444 2232 et
1470 2193 1807 2233 communem
1833 2179 2008 2233 homi-

429 2283 553 2322 nem
604 2270 707 2322 erit
763 2269 930 2332 ﬁdes,
982 2283 1080 2321 nec
1131 2268 1242 2336 jam
1294 2267 1526 2336 amplius
1568 2267 1831 2331 Verbum,
1863 2267 2006 2336 quod

431 2358 482 2411 in
521 2360 750 2412 humana
786 2358 957 2412 forma
985 2367 1205 2426 propter
1236 2373 1337 2414 nos
1366 2360 1637 2428 apparuit,
1671 2359 2006 2414 adoramus?

428 2450 508 2502 An
544 2463 647 2502 non
679 2449 883 2517 accepit
916 2449 1058 2504 servi
1090 2447 1340 2514 formam,
1373 2451 1463 2518 qui
1488 2459 1572 2504 est
1603 2450 1740 2505 liber
1759 2463 1815 2503 ut
1836 2450 2008 2504 Deus?

431 2554 536 2592 non
571 2538 871 2592 humiliavit
913 2539 1144 2609 seipsum
1172 2579 1187 2605 ,
1222 2538 1310 2608 qui
1345 2539 1651 2596 divinitatis
1683 2540 2005 2595 excellentia

427 2632 750 2699 conspicuus
796 2629 923 2685 est?
972 2631 1064 2700 qui
1130 2629 1391 2685 informa
1438 2641 1493 2686 et
1535 2632 1841 2700 aequalitate
1889 2632 2007 2686 Pa-

431 2724 561 2786 tris,
616 2735 720 2776 non
769 2721 986 2777 demisit
1021 2737 1077 2777 se
1129 2725 1181 2777 in
1229 2723 1656 2778 exinanitioncm
1687 2765 1701 2788 ,
1750 2727 2003 2794 quamvis

431 2815 718 2868 distribuat
773 2814 838 2868 de
891 2829 986 2868 sua
1035 2814 1364 2883 plenitudine
1419 2807 1684 2871 creat‘nrze
1742 2817 1880 2872 bona
1909 2818 2008 2872 ⁸δῖ

429 2901 613 2972 Apage
642 2918 672 2956 a
703 2901 844 2957 malo
879 2902 983 2956 isto
1013 2903 1262 2957 consilio.
1315 2905 1489 2960 Aliter
1535 2921 1634 2961 nos
1672 2908 2007 2964 edocuerunt

431 2992 571 3047 beati
600 2990 792 3046 Patres
830 2993 1170 3048 incarnatum
1196 3007 1320 3049 esse
1343 3034 1358 3059 ,
1394 3004 1448 3049 et
1484 2997 1754 3051 hominem
1803 2987 2002 3053 factum

429 3084 724 3138 secundum
762 3084 1038 3138 veritatem
1075 3085 1248 3152 ipsqu
1286 3086 1377 3140 Dei
1407 3085 1588 3141 Patris
1646 3087 1891 3142 Verbum
1923 3091 2006 3144 di-

325 3227 330 3231 ,
429 3182 650 3237 xerunt,
681 3173 884 3240 absque
911 3173 1263 3227 conversione
1291 3185 1344 3227 et
1370 3173 2007 3234 caul'usioueJneﬂ’abilis

431 3271 612 3314 autem
667 3262 889 3315 omnino
935 3271 1019 3315 est
1075 3262 1495 3330 dispensationis
1547 3270 1757 3320 modus.
1821 3265 2008 3322 Testes

430 3366 559 3407 vero
579 3366 787 3416 eorum,
811 3366 930 3421 quae
953 3353 1098 3406 dicta
1121 3363 1267 3419 sunt,
1289 3367 1570 3410 sermones
1592 3356 1805 3412 illorum
1822 3369 2004 3414 erunt.

674 3613 821 3669 Petri
861 3619 1110 3685 martyris
1145 3617 1372 3685 episcopi
1403 3617 1759 3675 Alexandriae.

504 3728 653 3785 Unde
669 3740 722 3784 et
748 3729 1078 3797 evangelista
1107 3743 1232 3783 vere
1252 3731 1523 3799 loquitur,
1554 3732 1740 3788 dicens
1771 3750 1785 3787 :
1825 3752 1843 3785 ‹
1873 3732 2006 3789 Ver-

429 3819 554 3874 bum
585 3836 711 3875 caro
741 3820 940 3875 factum
965 3830 1066 3885 est,
1101 3832 1155 3876 et
1183 3823 1450 3877 habitavit
1478 3824 1532 3878 in
1564 3826 1722 3881 nobis
1756 3841 1772 3890 ;
1814 3845 1832 3877 ι
1875 3836 2004 3881 tunc

429 3912 707 3977 videlicet,
735 3927 801 3966 ex
831 3927 936 3981 quo
992 3913 1214 3982 angelus
1269 3913 1524 3969 salutavit
1582 3914 1885 3987 Virginem,
1925 3918 2006 3971 in-

428 4005 623 4075 quiens
655 4021 668 4057 :
709 4023 727 4056 ι
753 4006 886 4069 Ave,
915 4005 1089 4075 gratia
1115 4004 1291 4073 plena,
1331 4006 1588 4061 Dominus
1644 4017 1820 4063 tecum
1858 4010 1923 4064 ⁸⁸.
1981 4029 1999 4061 ι

429 4097 580 4163 Quod
622 4097 752 4151 dicit
780 4097 995 4151 Gabriel
1031 4115 1045 4152 :
1085 4115 1104 4148 ‹
1156 4099 1413 4152 Dominus
1456 4109 1663 4164 tecum,
1708 4119 1727 4151 ι
1759 4116 1856 4168 pro
1903 4101 2006 4156 hoc

428 4196 511 4240 est
565 4188 802 4254 dictum,
855 4187 1114 4241 Dominus
1174 4187 1409 4243 Verbum
1470 4199 1686 4255 tecum,
1736 4192 2006 4261 signiﬁcat

429 4277 573 4331 enim
608 4279 782 4346 ipsum
830 4279 972 4347 gigni
1017 4279 1068 4332 in
1102 4292 1288 4344 utero,
1329 4291 1382 4335 et
1437 4283 1550 4336 ﬁeri
1595 4298 1835 4347 carnem,
1868 4285 2004 4337 sicut

2110 1825 2247 1872 σεως
2295 1809 2615 1878 εὑρίσκεται
2671 1809 2871 1881 τρόπος
2895 1819 2955 1862 ’⁵.
3003 1811 3294 1882 ’Λνῂρηται
3339 1813 3395 1865 δὲ
3439 1815 3520 1875 είς
3549 1817 3698 1868 ἅπαν

2107 1900 2204 1953 καὶ
2235 1901 2267 1969 ἡ
2303 1903 2401 1971 τῆς
2427 1901 2780 1963 ἀναστάσεως
2814 1899 2990 1963 ἐλπίς.
3023 1902 3113 1964 Εἰς
3151 1903 3242 1954 τὸν
3278 1904 3423 1966 τίνος
3453 1900 3546 1958 οὖν
3581 1907 3695 1973 ἄρα
3783 1891 3786 1894 ’

2108 1991 2336 2046 θάνατον
2370 1991 2817 2062 βεϐαπτίσμεθα;
2852 1991 2962 2044 Ποῦ
3001 1993 3062 2045 τὸ
3095 1993 3247 2064 ῥῆμα
3293 1995 3392 2065 τῆς
3425 1995 3689 2063 πίστεως,

2106 2081 2134 2134 ὃ
2179 2084 2569 2153 κηρύσσομεν;
2636 2082 3100 2154 Ὀμολογήσαντες
3157 2084 3299 2155 γὰρ,
3353 2086 3435 2139 ὅτι
3481 2087 3692 2158 Κύριος
3720 2105 3733 2114 ⁸

2120 2175 2350 2244 Ἰησοῦς,
2389 2177 2484 2228 καὶ
2531 2174 2926 2237 πιστεύσαντες
2982 2175 3064 2228 ὅτι
3105 2174 3234 2238 Θεὸς
3265 2177 3430 2230 αὑτὸν
3473 2178 3704 2249 ἤγειρεν

2107 2268 2170 2318 ὲκ
2217 2267 2464 2337 νεκρῶν,
2508 2265 2814 2336 σωζόμεθα.
2862 2261 2988 2337 'Ap‘
3023 2261 3114 2320 οὖν
3149 2268 3228 2330 εἰς
3267 2267 3362 2319 ἕνα
3395 2267 3486 2320 τὸν
3515 2279 3540 2304 ιι
3568 2267 3700 2321 καθ’

2107 2355 2276 2424 ἡμᾶς,
2313 2357 2407 2407 καὶ
2448 2355 2627 2408 κοινὸν
2657 2354 2943 2424 ἄνθρωπον
2977 2356 3008 2424 ἡ
3045 2354 3244 2419 πίστις,
3288 2354 3470 2408 οὐκέτι
3515 2356 3572 2408 δὲ
3602 2356 3700 2408 τὸν

2107 2446 2164 2498 ὲν
2196 2447 2516 2518 ἀνθρωπεία
2551 2451 2734 2518 μορφῇ
2768 2447 3045 2516 πεφηνότα
3079 2446 3146 2499 δι’
3179 2450 3325 2518 ἡμᾶς
3356 2448 3696 2520 προσκυνοῦο

2110 2555 2208 2608 μεν
2237 2540 2412 2606 Λόγον
2440 2557 2454 2604 ;
2489 2540 2601 2592 Οὐκ
2628 2538 2786 2591 ἔλαϐε
2810 2539 2908 2610 τὴν
2927 2540 3019 2592 τοῦ
3039 2540 3226 2593 δούλου
3261 2540 3471 2612 μορφὴν
3493 2542 3522 2594 6
3547 2541 3700 2594 ἐλεύ-

2107 2628 2265 2700 θερος
2297 2629 2372 2693 ὼς
2399 2630 2529 2693 Θεός
2559 2637 2614 2696 ⁰;
2651 2631 2711 2683 ού
2746 2631 3146 2683 τεταπείνωκεν
3186 2633 3375 2686 ἑαυτὸν
3402 2635 3429 2686 6
3455 2636 3567 2695 τοῖς
3594 2633 3697 2702 τῆς

2107 2717 2360 2790 θεότητος
2400 2720 2656 2791 ὑψώμασι
2689 2722 3039 2792 διαπρέπων;
3074 2723 3102 2774 6
3128 2724 3183 2776 ὲν
3227 2727 3428 2794 μορφῇ,
3458 2725 3552 2776 καὶ
3584 2724 3698 2776 ίσό⁴

2105 2830 2228 2882 τητι
2275 2811 2369 2864 τοῦ
2417 2813 2630 2884 Πατρὺς
2663 2815 2725 2865 οὐ
2781 2813 3021 2883 καθῆκεν
3067 2813 3257 2866 ἑαυτὸν
3297 2815 3376 2877 είς
3436 2814 3692 2878 κένωσιν,

2106 2903 2283 2956 καίτοι
2319 2903 2591 2972 διανέμων
2625 2903 2683 2968 ἐξ
2728 2904 2860 2957 ἰδίου
2903 2903 3275 2976 πληρώματος
3318 2908 3382 2976 τῇ
3421 2906 3592 2958 κτίσει
3625 2909 3695 2959 τὰ

2107 2991 2314 3060 ἀγαθά;
2351 2994 2563 3061 Ἀπαγε
2597 2994 2699 3063 τῆς
2757 2995 3118 3058 δυσϐουλίας·
3159 2996 3360 3065 ἑτέρως
3401 2997 3548 3064 ἡμᾶς
3589 3014 3692 3065 με-

2113 3089 2610 3156 μυσταγωγήκασιν
2640 3088 2690 3139 οἱ
2719 3088 2979 3159 μακάριοι
3025 3087 3302 3159 Πατὲρες·
3341 3090 3696 3158 σαρκωθῆνει

2109 3177 2240 3248 γάρ,
2277 3179 2369 3230 καὶ
2398 3178 2814 3248 ὲνανθρωπῆσαι
2846 3181 2984 3233 κατὰ
3013 3180 3270 3250 ἀλήθειαν
3298 3181 3460 3233 αὐτὸν
3482 3182 3695 3250 ἔφασαν

2107 3267 2200 3321 τὸν
2241 3270 2304 3320 ὲκ
2332 3266 2468 3320 Θεοῦ
2511 3268 2722 3339 Πατρὸς
2747 3270 2918 3337 Λόγον
2964 3271 3271 3341 ἀτρέπτως,
3319 3271 3414 3325 καὶ
3446 3273 3692 3342 ἀσυγχύο

2107 3377 2234 3422 τως.
2273 3360 2608 3431 Ἀπόρρητος
2627 3361 2683 3412 δὲ
2723 3362 3002 3426 παντελῶς
3040 3363 3140 3432 τῆς
3167 3363 3481 3433 οἰκονομίας
3505 3367 3533 3416 6
3567 3366 3697 3432 τρό-

2109 3467 2228 3514 πος.
2259 3451 2560 3524 Μάρτυρας
2590 3452 2645 3505 δὲ
2687 3453 2796 3505 τῶν
2830 3455 3137 3524 εἰρημένων
3163 3455 3287 3519 τοὺς
3323 3456 3502 3508 αὐτῶν
3535 3461 3698 3526 1162?,-

2111 3556 2274 3609 σομαι
2308 3540 2498 3607 λόγους
2510 3580 2523 3593 .

2179 3629 2402 3698 Πέτρου
2425 3631 2727 3699 μιίρτιιοος
2773 3634 3114 3688 ἐπισκόπου
3152 3637 3619 3706 Ἀλεξανδρείας.

2181 3743 2342 3795 Ὅθεν
2368 3746 2460 3796 καὶ
2487 3746 2513 3796 6
2535 3745 2924 3818 εὐαγγελιστὴς
2956 3747 3208 3818 ἀληθεύει
3235 3751 3434 3819 λέγων’
3468 3771 3486 3804 ι
3512 3754 3568 3806 ὐ
3593 3731 3698 3806 A6-

2106 3849 2200 3901 γος
2237 3835 2373 3905 σὰρξ
2415 3836 2666 3903 ἐγένετο,
2703 3839 2796 3890 καὶ
2841 3841 3153 3909 ἐσκήνωσεν
3192 3843 3250 3894 ὲν
3294 3846 3460 3913 ἡμῖν·
3509 3864 3528 3897 ι
3569 3847 3694 3898 τότε

2111 3925 2379 3995 δηλονότι,
2406 3929 2500 3996 ἀφ’
2529 3924 2588 3982 οὗ
2615 3931 2642 3981 6
2677 3930 2905 3998 ἄγγελος
2935 3933 3224 4000 ἠσπάσατο
3261 3935 3360 4004 τὴν
3394 3935 3692 4006 Παρθένον,

2108 4016 2296 4071 εἰπών’
2319 4037 2337 4069 ι
2365 4019 2560 4090 Χαῖρε,
2589 4023 3030 4092 κεχαριτωμένη,
3080 4026 3108 4076 6
3131 4024 3334 4095 Κύριος
3363 4027 3500 4097 μετὰ
3525 4028 3621 4081 σοῦ
3645 4047 3689 4080 ἰ

2106 4108 2167 4161 τὸ
2195 4109 2321 4177 γὰρ,
2359 4128 2377 4159 ι
2423 4108 2626 4180 Κύριος
2657 4112 2795 4180 μετὰ
2827 4111 2944 4176 σοῦ,
2973 4131 2991 4162 ›
3022 4113 3118 4167 νῦν
3155 4114 3305 4169 ἔστιν
3334 4117 3564 4171 ἀκοῦσαι
3598 4119 3694 4172 τοῦ

2107 4199 2370 4270 Γαϐριὴλ,
2401 4201 2520 4253 ἀντὶ
2549 4201 2665 4266 τοῦ,
2699 4203 2758 4254 '0
2779 4203 2908 4266 Θεὸς
2925 4204 3097 4274 Λόγος
3125 4207 3263 4277 μετὰ
3291 4209 3414 4262 σοῦ’
3437 4211 3696 4281 σημαίνει

2107 4292 2216 4358 γὰρ
2266 4289 2430 4342 αὑτὸν
2462 4291 2800 4362 γεννώμενον
2847 4296 2904 4348 ἐν
2942 4297 3142 4368 μήτρᾳ,
3190 4299 3286 4352 καὶ
3333 4301 3509 4372 σάρκα
3541 4306 3695 4371 γινό-

430 4367 686 4434 scriptum
723 4373 805 4420 est
846 4382 858 4416 :
901 4383 918 4416 ι
954 4366 1188 4434 Spiritus
1219 4377 1436 4422 sanctus
1472 4370 1816 4438 superveniet
1843 4369 1895 4422 in
1925 4378 1996 4432 te,

2114 4399 2287 4451 μενον,
2333 4382 2514 4446 καθὼς
2559 4384 2905 4453 γέγραπταιο
2950 4408 2967 4439 ‹
3001 4389 3222 4460 Πνεῦμα
3271 4392 3427 4460 ἅγιον
3467 4395 3696 4449 ἐπελεύ-

429 4465 484 4510 et
513 4457 680 4510 virtus
725 4457 986 4511 Altissimi
1044 4459 1386 4512 obumbrabit
1440 4460 1536 4514 tibi
1567 4477 1581 4514 :
1616 4460 1737 4515 ideo
1769 4469 1824 4515 et
1861 4459 2004 4529 quod

429 4560 684 4604 nascetur
708 4560 978 4616 sanctum,
1009 4550 1284 4604 vocabitur
1316 4551 1486 4607 Filius
1512 4551 1608 4606 Dei
1629 4552 1698 4605 ".
1727 4572 1746 4605 ι

755 4666 1029 4721 Athanasii
1067 4668 1291 4737 episcOpi
1316 4667 1674 4722 Alexandriw.

501 4778 652 4834 Unde
683 4788 882 4834 etcum
925 4789 1240 4835 nasceretur
1264 4795 1392 4834 caro
1433 4794 1496 4834 ex
1533 4778 1626 4834 Dei
1663 4777 1818 4848 163
1849 4777 2002 4848 geni-

427 4873 562 4927 trice
617 4855 822 4939 Μυῖα,
875 4873 988 4942 ipse
1044 4873 1242 4928 dicitur
1293 4881 1451 4928 natus
1506 4887 1660 4935 esse,
1735 4872 1824 4940 qui
1882 4871 2004 4925 aliis

2107 4489 2257 4526 σεται
2289 4474 2379 4525 ἐπὶ
2420 4473 2501 4540 σὲ,
2535 4477 2626 4528 καὶ
2671 4477 2902 4546 δύναμις
2930 4479 3189 4549 Ὑψίστου
3229 4482 3541 4538 ἐπισκιάσει
3574 4503 3654 4538 σοι
3677 4505 3693 4518 ο

2103 4563 2182 4616 διὸ
2217 4565 2311 4616 καὶ
2338 4565 2398 4617 τὸ
2418 4566 2756 4636 γεννώμενον
2785 4570 2958 4637 ἅγιον,
2983 4571 3314 4643 κληθήσεται
3345 4576 3469 4639 Υἱὸς
3492 4577 3652 4631 Θεοῦ.
3670 4599 3688 4628 ι
3727 4609 3740 4620 ς

2255 4679 2606 4733 Ἀθανασίου
2639 4681 2978 4738 ἐπισκόπου
3009 4695 3032 4733 [ι
3076 4687 3546 4756 Ἀλεξανδρείας.

2183 4789 2347 4842 Ὅθεν
2378 4791 2473 4843 καὶ
2507 4793 2854 4864 γεννωμένης
2886 4796 2985 4865 τῆς
3025 4797 3228 4868 σαρκὸς
3264 4800 3328 4850 ὲκ
3365 4800 3465 4868 τῆς
3500 4801 3696 4854 65016-

2111 4897 2206 4932 κου
2224 4881 2459 4950 Μαρίας,
2478 4882 2639 4944 αὐτὸς
2665 4883 2916 4938 λέλεκται
2935 4886 3302 4956 γεγεννῆσθαι
3325 4889 3353 4940 6
3367 4890 3479 4951 τοῖς
3509 4888 3692 4951 ἄλλοις

427 4964 764 5019 nativitatem
800 4974 859 5018 ut
892 4965 1002 5020 sint
1031 4966 1277 5030 exhibet,
1307 4973 1364 5019 ut
1396 4973 1635 5019 nostram
1661 4963 1714 5017 in
1745 4978 1804 5017 se
1832 4969 2005 5017 trans-

2114 4973 2319 5039 γένεσιν
2347 4975 2427 5036 είς
2459 4974 2516 5026 τὸ
2543 4970 2682 5027 εἶναι
2718 4976 2996 5046 παρέχων,
3029 4979 3115 5030 ἴνα
3144 4978 3242 5049 τὴν
3267 4979 3424 5050 ἡμῶν
3460 4983 3540 5044 εἰς
3560 4983 3693 5033 ὲαυ-

428 5051 595 5108 ferret
616 5055 974 5110 nativitatem.

685 5166 938 5236 Ejusdem
962 5185 1026 5222 ex
1054 5169 1274 5236 epistola
1313 5168 1382 5220 ad
1416 5165 1732 5235 Epictetum.

503 5274 785 5342 Quomodo
813 5289 868 5336 et
900 5282 1174 5352 ambigere
1217 5281 1333 5337 ausi
1370 5291 1530 5346 sunt,
1573 5281 1664 5350 qui
1700 5280 1995 5340 Christiani

2101 5063 2193 5116 τὸν
2226 5063 2435 5135 μεταθῇ
2465 5064 2626 5135 γέννη
2636 5083 2740 5119 σιν.

2143 5175 2252 5228 Τοῦ
2279 5175 2466 5230 αὐτοῦ
2491 5177 2560 5230 ἐκ
2586 5178 2695 5245 τῆς
2725 5181 2876 5248 πρὸς
2915 5183 3268 5251 Ἐπίκτητον
3293 5183 3650 5252 ἐπιστολῆς.

2167 5286 2292 5351 Πῶς
2336 5289 2392 5341 δὲ
2425 5291 2517 5342 καὶ
2563 5291 2926 5360 ἀμφιὸάλλειν
2971 5295 3280 5368 ἐτόλμησαν
3306 5300 3356 5350 οί
3399 5298 3694 5370 λεγόμενοι

499 5431 545 5462 ⁸³
574 5429 676 5486 lsa.
702 5447 818 5496 LIII,
850 5432 955 5498 ης
989 5433 1149 5488 Marc.
1175 5451 1262 5522 xv,
1297 5433 1388 5489 28.
1465 5435 1512 5467 "
1547 5435 1702 5490 Rom.
1735 5451 1813 5502 vr,
1935 5437 1982 5468 “
2014 5436 2254 5510 Philipp.
2290 5456 2350 5508 ιι,
2393 5442 2426 5496 6
2452 5458 2604 5512 seqq.
2681 5446 2729 5476 "
2765 5445 2896 5502 Luc.
2935 5464 2973 5514 ι,
3003 5447 3094 5505 28.
3169 5449 3216 5480 “
3247 5450 3376 5506 ibid.
3409 5450 3479 5506 55

1472 5593 1646 5649 Varia:
1671 5594 1928 5651 lectiones
1953 5612 2018 5651 cx
2040 5597 2228 5654 codice
2258 5598 2632 5668 Seguicriano.

501 5743 852 5817 ικαταλύσῃ.
926 5742 1163 5812 ωλόγος.
1239 5752 1267 5782 ι
1303 5745 1429 5800 τῶν.

1511 5752 1536 5782 ο
1569 5747 1848 5819 ἐλεύθερος
1883 5752 2033 5817 Θεός.

2112 5763 2139 5804 ι’
2170 5755 2625 5826 ἁρχιεπισκόπου.
