3966 6194
240 342 342 401 δίε
849 330 1383 393 APOLOGETICUS
1420 333 1555 391 PRO
1588 332 1685 388 XII
1725 330 2093 390 CAPITIBUS
2124 331 2405 390 CONTRA
2440 332 2898 392 ORIENTALES.
3398 343 3506 402 526

231 457 594 533 Χριστιανοὶ,
625 455 674 507 εί
710 454 742 507 ό
766 453 830 506 ὲκ
861 453 1079 524 Μαρίας
1111 452 1390 524 προελθὼν
1431 450 1656 518 Κύριος,
1696 449 1801 503 Υίδ.

1930 456 2234 516 νοοιιηιυτ,
2285 464 2414 504 num
2472 449 2764 518 Dominus,
2815 449 2906 521 qui
2935 449 3159 507 eMaria
3216 459 3504 525 processit,

230 554 333 625 μὲν
360 553 431 622 τῇ
456 547 638 625 οὐσίᾳ,
668 547 764 600 καὶ
790 549 855 619 τῇ
881 546 1042 616 φύσει
1063 543 1156 600 τοῦ
1180 544 1314 598 Θεοῦ
1338 547 1480 598 ἐστι·
1505 543 1568 597 τὸ
1594 542 1651 596 δὲ
1680 542 1801 596 κατέ

1922 538 2097 594 Filius
2140 538 2354 607 quidem
2409 538 2712 594 substantia
2745 548 2800 595 et
2840 549 3033 595 natura
3074 541 3171 596 Dei
3204 542 3306 609 sit,
3360 548 3505 616 quod

229 622 441 714 σάρκα,
484 622 549 692 ὲκ
604 638 924 709 σπέρματός
968 638 1084 690 ὲστι
1134 635 1316 700 Δαυῒδ,
1354 634 1554 707 σαρκὸς
1608 634 1667 688 δὲ
1720 634 1801 705 τῆς

1921 643 2048 684 vero
2081 628 2376 683 secundum
2406 643 2648 696 carnem,
2677 644 2743 683 ex
2776 632 2981 686 semine
3009 630 3083 687 sit
3115 630 3308 700 David,
3333 646 3500 692 came

223 736 397 811 ᾲγίας
424 731 687 802 Μαρίας;
721 730 876 793 Τίνες
909 730 965 783 δὲ
992 728 1101 800 ἄρα
1129 727 1271 782 οὕτω
1300 726 1561 799 τολμηροὶ
1593 727 1792 796 γεγόνοι

1921 729 2099 774 autem
2153 727 2358 774 sanctae
2413 718 2659 774 Mariae?
2709 719 2819 788 Qui
2879 729 3058 783 autem
3101 733 3210 779 tam
3274 727 3505 783 audaces

224 809 336 887 σιν,
366 822 512 876 ὥστε
542 822 718 873 εἰπεῖν
746 819 839 872 τὸν
867 819 1106 886 Χριστὸν
1142 817 1235 871 τὸν
1258 817 1433 888 σαρκὶ
1458 816 1699 871 παθόντα
1723 815 1801 871 κα¹

1921 809 2070 865 l‘uere
2091 849 2106 876 ,
2136 818 2197 865 ut
2225 810 2489 876 dicerent,
2522 809 2834 879 Christum,
2867 814 2961 884 qui
3002 829 3167 871 carne
3202 831 3395 886 passus
3420 828 3504 874 est

221 911 655 984 ἐσταυρωμένον
692 909 767 980 μὴ
817 905 959 962 εἶναι
1008 908 1238 979 Κύριον,
1280 907 1375 961 καὶ¹
1424 906 1683 979 Σωτῆρα,
1722 906 1801 960 κα¹

1919 909 1970 955 et
2003 902 2333 967 cruciﬁxus,
2364 916 2467 957 non
2511 918 2633 960 esse
2657 904 2943 960 Dominum
2974 917 3027 961 et
3049 905 3381 964 Salvatnrem
3405 948 3421 975 ,
3450 922 3504 966 et

220 1005 381 1068 Θεὸν,
421 1004 522 1058 καὶ
549 1002 680 1055 Υίδν
714 1000 809 1054 τοῦ
854 1001 1105 1072 Πατρός;
1141 999 1174 1071 ἢ
1210 999 1328 1064 πῶς
1366 999 1687 1072 Χριστιανοὶ
1729 999 1818 1053 θέ-

222 1097 412 1150 λουσιν
453 1092 822 1166 ὀνομάζεσθαι
851 1093 902 1145 oi
939 1092 1190 1160 λέγοντες
1228 1093 1306 1154 είς
1327 1090 1612 1160 ἄνθρωπον
1636 1091 1810 1159 ἅγιον,

223 1188 304 1253 ὡς
329 1189 424 1241 ἐπὶ
452 1186 554 1241 ἕνα
585 1184 695 1240 τῶν
724 1183 1021 1254 προφητῶν
1046 1181 1359 1253 ἐληλυθέναι
1381 1182 1471 1234 τὸν
1503 1181 1694 1250 Λόγον,
1720 1180 1815 1234 καὶ

228 1281 305 1351 μὴ
320 1279 488 1333 αὑτὸν
514 1277 809 1348 ἄνθρωπον
835 1274 1144 1344 γεγονέναι,
1169 1273 1402 1327 λαϐόντα
1430 1275 1494 1326 ὲκ
1514 1272 1729 1344 Μαρίας
1749 1271 1813 1326 τὸ

227 1373 410 1441 σῶμα,
426 1370 545 1425 ἀλλ’
562 1369 750 1439 ἕτερον
768 1363 906 1420 εἶναι
920 1366 1012 1419 τὸν
1029 1365 1285 1434 Χριστὸν,
1299 1366 1392 1418 καὶ
1406 1365 1492 1417 Et:
1500 1380 1592 1437 ρον
1612 1364 1703 1417 τὸν
1719 1362 1812 1417 τοῦ

224 1465 359 1519 Θεοῦ
371 1464 553 1531 Λόγον
561 1461 685 1527 ,ρτδν
706 1461 812 1531 πρὸ
824 1458 1064 1530 Μαρίας,
1078 1458 1174 1512 καὶ
1189 1457 1295 1528 πρὸ
1316 1457 1525 1511 αίὼνων
1540 1458 1668 1512 Υίδν
1684 1456 1814 1511 ὄντα

221 1556 315 1610 τοῦ
330 1555 550 1626 Πατρός
571 1570 586 1621 ;
604 1553 637 1624 ἢ
658 1552 775 1616 πῶς
788 1548 1263 1621 εἷναιΧριστιανοὶ
1286 1548 1539 1603 δύνανται
1566 1550 1615 1603 οί
1634 1550 1815 1618 λέγον-

222 1663 311 1710 τες
326 1645 491 1699 ἄλλον
506 1639 651 1696 εἶναι
665 1641 757 1695 τὸν
774 1640 921 1704 Υἰδν,
936 1640 1032 1693 καὶ
1051 1638 1210 1693 ἄλλον
1229 1639 1320 1693 τὸν
1337 1638 1431 1692 τοῦ
1452 1639 1588 1693 Θεοῦ
1599 1639 1773 1709 Λόγον
1793 1657 1807 1708 ;

292 1736 540 1798 Ταύταις
571 1735 737 1805 ἡμεῖς
762 1734 882 1796 ταῖς
905 1732 1015 1785 τῶν
1057 1730 1229 1800 ἁγίων
1270 1728 1532 1800 Πατέρων
1566 1729 1810 1801 ἑψόμεθα

1916 989 2083 1045 Deum
2115 1001 2168 1046 et
2194 990 2385 1047 Filium
2410 992 2588 1048 Patris
2622 1011 2637 1060 ;
2674 996 2758 1050 vel
2785 1010 2893 1067 quo
2924 1007 3086 1067 pacto
3118 999 3302 1054 volunt
3324 1004 3497 1057 nomi-

1917 1082 2035 1135 nari
2083 1082 2406 1152 Christiani,
2449 1085 2540 1154 qui
2588 1085 2773 1141 dicunt
2825 1087 2879 1142 in
2914 1089 3184 1145 hominem
3230 1102 3499 1163 sanctum,

1915 1171 2054 1225 sicut
2093 1171 2146 1225 in
2178 1187 2343 1226 unum
2396 1174 2815 1242 prophetarum,
2870 1178 3084 1233 venisse
3139 1177 3412 1248 Verbum,
3445 1194 3503 1240 et
3574 1168 3583 1177 ’

1915 1276 2019 1316 non
2053 1262 2226 1332 ipsum
2257 1263 2527 1319 hominem
2564 1263 2789 1332 factum,
2817 1281 2938 1322 cum
2970 1271 3199 1341 sumpsit
3230 1247 3493 1330 exituris

1915 1354 2277 1423 corpustsed
2334 1354 2498 1409 alium
2546 1371 2667 1412 esse
2716 1356 3030 1425 Christum,
3070 1372 3125 1416 et
3168 1362 3337 1419 alium
3400 1367 3497 1422 Dei

1915 1432 2152 1497 Verbum
2196 1443 2336 1513 quod
2388 1454 2516 1499 ante
2550 1444 2775 1501 Mariam
2842 1459 2895 1502 et
2921 1461 3049 1505 ante
3082 1454 3276 1508 saecula
3325 1455 3496 1513 Filius

1912 1542 2030 1589 erat
2062 1532 2236 1588 Patris
2264 1534 2288 1588 ?
2312 1532 2395 1590 vel
2420 1537 2694 1604 quomodo
2740 1535 3035 1595 Christiani
3071 1557 3190 1600 esse
3241 1557 3494 1614 possunt.

1913 1624 2156 1681 dicentes
2190 1624 2355 1679 alium
2377 1641 2496 1681 esse
2519 1625 2715 1680 Filium
2738 1666 2755 1693 ,
2789 1637 2843 1683 et
2868 1630 3032 1684 alium
3068 1632 3161 1689 Dei
3211 1634 3449 1692 Verbum
3469 1637 3496 1693 τ

1984 1715 2093 1770 Has
2127 1731 2227 1772 nos
2258 1727 2569 1793 sanctorum
2596 1716 2820 1774 Patrum
2852 1736 3147 1793 sequemur
3173 1730 3491 1788 sententias.

672 1787 759 1887 τίς
806 1787 1313 1895 ἑτεροδιδασκαλεῖ,
1349 1787 1444 1874 καὶ
1499 1787 1801 1894 ἑτερόιρρων

1918 1806 1973 1862 Si
2005 1818 2184 1863 autem
2245 1810 2368 1879 quis
2394 1790 2674 1865 diversum
2714 1812 2907 1879 docet,
2930 1787 2995 1869 et
3018 1815 3291 1872 diversum
3323 1820 3489 1889 sapit,

225 1920 395 1982 ἐστὶν,
438 1916 545 1982 ἔξω
569 1917 671 1986 τῆς
705 1917 788 1979 είς
823 1915 976 1980 εὐθὺ,
1014 1915 1110 1969 καὶ
1144 1913 1430 1985 βασιλικῆς
1452 1912 1677 1983 φέρεται
1702 1913 1812 1984 τρί-

227 2010 347 2065 ϐου.
378 2011 504 2062 Ὀτι
541 2008 599 2062 δὲ
628 2009 725 2062 καὶ
760 2007 820 2060 τὸ
853 2006 1131 2078 σαρκικῶς
1173 1996 1430 2073 λέγεσθαι
1482 2003 1810 2076 γεννηθῆναι

231 2101 497 2174 Χριστὸν,
553 2101 644 2154 οὐκ
673 2097 947 2168 ἀσύνηθες
980 2099 1093 2161 τοῖς
1124 2095 1300 2164 ἁγίοις
1355 2094 1656 2165 Πατράσιν,
1693 2094 1809 2147 ἐστι

224 2192 282 2246 δὲ
314 2192 385 2263 δὴ
410 2188 611 2262 μᾶλλον
655 2190 753 2243 καὶ
800 2190 1011 2261 ἑτέροις
1068 2185 1323 2258 ἐντριϐὴς
1368 2186 1401 2255 ἡ
1438 2185 1604 2251 λέξις,
1655 2186 1807 2239 οὐδὲν

220 2277 385 2355 ἧττον
418 2282 548 2351 ἡμῖν
591 2279 792 2351 ἀληθὲς
836 2279 1084 2350 ὑπάρχον
1129 2273 1417 2346 ἀποφαίνει
1448 2274 1509 2327 τὸ
1543 2276 1804 2329 ὑποτετα-

224 2373 421 2445 γμένον
452 2371 658 2443 ῥητόν·
690 2370 801 2441 ἔχει
822 2369 880 2424 δὲ
905 2370 1100 2434 οὕτως’

483 2483 862 2553 Ἆμφιλοχὶου
900 2483 1243 2538 ἐπισκόπου
1280 2482 1551 2536 Ἰκονίου.

282 2572 349 2625 Εἰ
384 2572 465 2642 μὴ
496 2572 611 2641 γάρ
647 2571 853 2634 ἐκεῖνος
884 2569 1148 2643 ἐγεννήθη
1181 2558 1482 2641 σαρκικῶς,
1508 2570 1609 2622 οὐκ
1640 2567 1705 2622 ἂν
1738 2567 1802 2621 σὺ

214 2663 519 2734 ἐγεννήθης
545 2664 974 2737 πνευματικῶςιο
1003 2665 1053 2717 εί
1082 2664 1160 2735 μὴ
1186 2665 1394 2727 ἐκεῖνος
1420 2663 1678 2732 ἠνέσχετο
1703 2659 1804 2730 τῆς

208 2754 309 2808 τοῦ
336 2754 532 2807 δούλου
574 2754 813 2825 μορφῆς,
852 2756 953 2808 οὐκ
982 2754 1049 2808 ἂν
1079 2757 1145 2810 σὺ
1171 2755 1269 2825 τὴν
1300 2754 1459 2819 δόξαν
1488 2753 1587 2822 τῆς
1622 2750 1799 2804 υίοθε·

208 2846 693 2917 σίας,ὲκέρδανας.
744 2846 911 2917 Δηλοῖ
946 2846 1004 2902 δὲ
1052 2845 1331 2901 κάνταῦθα
1367 2845 1451 2911 τὸ,
1498 2841 1798 2913 σαρκικῶς,

204 2938 295 3002 τὸ,
326 2937 481 2992 κατὰ
532 2939 740 3009 σάρκα·
786 2937 1044 3012 καθάπερ
1088 2938 1281 3010 ἀμέλει
1341 2937 1404 2991 τὸ
1468 2934 1686 2999 θεῖκῶς.
1717 2933 1796 3000 τὸ,

205 3027 370 3083 κατὰ
390 3028 647 3099 θεότῃτα.
1014 3018 1021 3025 ’

654 3143 1241 3199 ΔΝΛΘΕΜΑΤΙΣΜΟΣ
1276 3142 1327 3196 Γ
1335 3183 1350 3197 .

280 3258 355 3313 Et
388 3277 473 3324 τις
505 3259 601 3314 ἐπὶ
627 3258 723 3313 τοῦ
763 3258 885 3322 sva;
921 3257 1160 3328 Χριστοῦ
1201 3256 1402 3328 διαιρεῖ
1438 3255 1535 3320 τὰς
1560 3236 1798 3309 ὑποστά-

204 3366 327 3413 σεις
353 3349 499 3421 μετὰ
556 3348 656 3419 τὴν
684 3347 899 3412 ἕνωσιν,
959 3346 1096 3417 μόνῃ
1132 3345 1420 3400 συνάπτων
1469 3344 1639 3409 αὐτὰς
1676 3360 1801 3397 συν-

204 3442 379 3512 ιφείᾳ
405 3444 474 3512 τῇ
512 3443 655 3494 κατά
684 3439 782 3510 τὴν
808 3438 964 3504 ἀξίαν
992 3477 1007 3503 ,
1039 3438 1207 3507 ῆγουν
1239 3436 1545 3502 αὑθεντίαν,
1575 3436 1608 3508 ἢ
1641 3435 1802 3490 δυνα-

206 3534 399 3587 στείαν
422 3574 438 3598 ,
478 3533 573 3585 καὶ
608 3531 731 3601 οὐχὶ
759 3528 826 3600 δὴ
876 3528 1078 3599 μᾶλλον
1110 3527 1313 3598 συνόδῳ
1340 3530 1407 3601 τῇ
1446 3527 1567 3582 καθ’
1606 3526 1799 3581 ἕνωσιν

206 3624 453 3693 φυσικήν
474 3639 493 3654 ⁴
520 3621 772 3692 ἀνάθεμα
802 3619 960 3675 ἔστω.

534 3733 917 3803 Ἀντίρῤησις
942 3728 1061 3787 τῶν
1093 3729 1500 3786 Ἀνατολικῶν.

278 3826 459 3882 Πάλιν
495 3825 658 3878 αὐτὸν
678 3824 787 3878 τῶν
818 3823 982 3878 αὐτοῦ
1015 3824 1403 3894 ύπομνήσομεν
1425 3832 1452 3872 q
1479 3821 1674 3890 λόγων,
1698 3821 1800 3876 δει-

205 3919 437 3980 κνύντες
465 3916 633 3970 αὐτὸν
668 3914 763 3969 δύο
792 3915 1118 3979 ὑποστάσεις
1146 3914 1392 3983 λέγοντα,
1428 3915 1485 3967 ἐν
1521 3907 1604 3976 οἷς
1635 3928 1798 3984 φησιν

128 4064 145 4071 -
206 4017 266 4071 ἐν
287 4012 370 4083 τῷ
391 4013 600 4083 πρώτῳ
623 4011 797 4080 τόμῳ·
831 4007 1038 4063 Οὐκοῦν
1063 4008 1184 4061 ὅσον
1210 4008 1287 4070 είς
1329 4005 1464 4059 ἰδίαν
1488 4005 1670 4074 φύσιν,
1699 4004 1798 4075 οὐχ

206 4107 478 4179 ἡγίασται
509 4103 671 4173 μόνος
703 4102 731 4154 ὁ
772 4103 837 4155 ὲκ
888 4100 1023 4153 Θεοῦ
1058 4100 1275 4170 Πατρὸς
1314 4097 1487 4165 Λόγος
1510 4113 1522 4125 ⁸
1563 4099 1612 4151 εἶ
1645 4096 1702 4149 δὲ
1730 4096 1794 4168 δή

202 4213 290 4261 τις
318 4197 493 4248 οἴοιτο
519 4194 613 4247 τὸν
656 4195 721 4246 ὲκ
750 4192 849 4263 τῆς
894 4190 1057 4261 ἁγίας
1102 4189 1376 4261 Παρθένου
1401 4187 1796 4258 γεγεννημένον

204 4284 506 4357 κεχρῖσθαί
558 4300 618 4335 τε
680 4282 775 4335 καὶ
822 4281 1079 4351 ἡγιάσθαι
1161 4279 1341 4351 μόνον,
1398 4278 1652 4350 ταύτῃτοι
1702 4276 1796 4330 καὶ

201 4376 534 4447 ὠνομάσθαι
585 4374 717 4427 Θεόν
741 4383 763 4411 ι’
795 4388 809 4401 ’
844 4372 962 4435 πῶς
1004 4366 1097 4425 οὖν
1119 4371 1196 4433 ὼς
1250 4369 1638 4440 ἐπιλαθόμενος
1687 4368 1795 4422 τῶν

1913 1907 2064 1954 extra
2093 1908 2292 1955 rectam
2311 1907 2365 1954 et
2389 1900 2590 1972 regiam
2626 1902 2766 1957 viam
2792 1904 2988 1960 fertur.
3045 1906 3199 1974 Quod
3231 1918 3412 1964 autem
3434 1921 3491 1967 et

1913 1989 2206 2046 carnaliter
2232 1991 2337 2046 dici
2367 2003 2551 2046 natum
2598 2007 2721 2049 esse
2751 1993 3050 2065 Christum,
3073 2013 3179 2053 nou
3212 2000 3487 2057 insolitum

1914 2080 1987 2136 sit
2029 2082 2234 2137 sanctis
2279 2081 2570 2151 Patribus,
2602 2085 2712 2141 imo
2754 2102 2882 2143 vero
2915 2090 3078 2145 etiam
3117 2090 3243 2147 aliis
3297 2094 3487 2149 tritum
3564 2090 3575 2111 ‘

1910 2174 2168 2238 verbum,
2213 2191 2319 2230 non
2357 2176 2536 2232 minus
2579 2194 2768 2235 verum
2819 2180 2976 2239 nobis
3021 2197 3146 2240 esse
3200 2185 3489 2258 subiuncta

1908 2264 2072 2320 verba
2113 2266 2505 2323 demonstrant.
2548 2268 2622 2325 Ea
2650 2271 2729 2327 sic
2753 2271 2984 2329 habent:

2276 2467 2628 2536 Ampltilocltii
2660 2471 2895 2540 episcopi
2935 2470 3127 2527 Iconii.

1974 2555 2091 2638 Nisi
2123 2555 2266 2610 enim
2297 2556 2384 2611 ille
2440 2567 2601 2614 natus
2637 2570 2784 2614 esset
2824 2561 3152 2629 carnaliter,
3200 2577 3374 2633 neque
3424 2574 3481 2620 tu

1905 2656 2061 2702 natus
2097 2662 2246 2703 esses
2279 2647 2594 2718 spiritaliter
2626 2665 2640 2704 :
2679 2650 2781 2706 nisi
2810 2651 2899 2707 ille
2925 2652 3138 2709 tulisset
3176 2657 3319 2711 servi
3365 2656 3482 2711 lor-

1904 2754 2076 2806 mam,
2111 2755 2288 2811 neque
2328 2750 2380 2796 tu
2421 2742 2649 2812 gloriam
2683 2743 2988 2815 adoptionis
3027 2744 3256 2802 ﬁliorum
3293 2760 3486 2805 nactus

1900 2843 2075 2885 esses.
2141 2829 2425 2900 Signiﬁcat
2485 2843 2665 2889 autem
2717 2843 2770 2889 et
2822 2836 2925 2891 hoc
2979 2835 3099 2893 loco
3152 2839 3481 2905 carnaliter,

1902 2921 2043 2977 idem
2076 2922 2217 2990 quod
2247 2922 2544 2977 secundum
2574 2938 2816 2994 carnem,
2842 2926 2986 2982 sicut
3015 2928 3229 2986 scilicet
3278 2930 3481 3001 divine,

1901 3012 2204 3067 secundum
2236 3012 2599 3070 divinitatem.

2314 3123 2952 3186 ANATHEMATISMUS
2989 3128 3082 3186 Ill.

1974 3232 2033 3289 Si
2067 3234 2191 3304 quis
2219 3234 2273 3290 in
2314 3251 2420 3291 uno
2454 3237 2672 3294 Christo
2700 3249 2823 3309 post
2866 3241 3126 3298 unionem
3154 3242 3341 3299 dividit
3382 3244 3484 3316 hy-

1902 3333 2182 3394 postases,
2234 3326 2490 3397 ipsasque
2530 3338 2741 3385 tantum
2790 3332 3176 3403 conjunctione
3228 3334 3370 3390 inter
3420 3350 3480 3390 se

1903 3418 2199 3483 connectit,
2233 3432 2353 3487 quae
2383 3420 2682 3475 secundum
2715 3422 3055 3493 dignitatem,
3088 3422 3203 3480 sive
3241 3426 3483 3482 auctori-

1884 3517 2092 3575 ‘tatem,
2124 3507 2208 3563 vel
2243 3518 2590 3578 potestatem,
2617 3520 2671 3567 et
2706 3526 2810 3566 non
2843 3514 3021 3583 potius
3058 3529 3353 3583 concursu,
3388 3519 3483 3588 qui

1901 3608 1988 3654 est
2019 3599 2316 3655 secundum
2347 3600 2652 3656 naturalem
2683 3602 2967 3658 unionem:
2997 3607 3286 3662 anathema
3315 3607 3408 3665 sit.

2277 3710 2437 3783 164
2480 3711 2832 3768 Orientalium
2876 3715 3118 3784 objectio.

1969 3803 2169 3859 lterum
2190 3802 2340 3858 illum
2363 3820 2583 3859 suorum
2601 3807 3153 3866 commonefaciemus
3166 3808 3477 3876 verborum,

1900 3896 2249 3951 ostendentes
2293 3896 2469 3964 ipsum
2497 3897 2632 3952 duas
2658 3897 3038 3954 subsistentias
3072 3901 3292 3957 dixisse.
3338 3900 3481 3958 Dicit
3550 3904 3561 3911 “

1899 3986 2041 4041 enim
2071 3986 2124 4040 in
2147 3985 2319 4054 primo
2351 3995 2496 4041 tomo
2533 4004 2546 4041 :
2584 3986 2767 4055 Itaque
2793 3999 3055 4057 quantum
3080 3990 3147 4044 ad
3187 4005 3340 4045 suam
3377 4007 3476 4045 na-

1903 4086 2100 4139 turam,
2132 4090 2236 4129 non
2271 4075 2673 4130 sanctiﬁcatum
2705 4085 2790 4131 est
2811 4079 2984 4134 solum
3011 4076 3105 4133 Dei
3136 4078 3317 4135 Patris
3342 4081 3478 4136 Ver-

1900 4169 2048 4223 bum.
2078 4164 2133 4221 Si
2165 4173 2344 4221 autem
2376 4167 2500 4237 quis
2534 4167 2828 4238 putaverit,
2873 4184 3019 4236 eum,
3054 4172 3143 4240 qui
3178 4187 3243 4228 ex
3287 4183 3473 4227 sancta

1898 4257 2121 4329 Virgine
2167 4258 2379 4328 genitus
2423 4268 2527 4325 est,
2561 4266 2783 4314 unctum
2818 4274 2937 4315 esse
2981 4271 3034 4315 et
3080 4262 3476 4317 sanctificatum

1899 4348 2092 4415 solum,
2111 4350 2213 4404 hac
2234 4349 2441 4404 ratione
2463 4350 2626 4405 etiam
2654 4351 2989 4408 nominatum
3005 4352 3299 4412 Christum.
3333 4353 3478 4422 Quo-

201 4442 432 4535 ὲαυτοῦ,
455 4470 537 4531 είς
568 4465 698 4537 μίαν
728 4465 1024 4519 ὑπόστασιν
1049 4463 1268 4532 συνάγει
1294 4462 1537 4532 συγχέων
1560 4461 1658 4524 τὰς
1689 4460 1790 4529 φύ-

1910 4442 2059 4497 tnodo
2106 4442 2293 4512 igitur,
2340 4444 2497 4513 quasi
2531 4444 2734 4499 oblitus
2780 4461 3002 4519 suorum
3055 4447 3360 4515 verborum,
3407 4449 3475 4504 atl

201 4579 351 4626 σεις,
383 4558 627 4629 φυσικὴν
656 4557 757 4628 τὴν
792 4556 942 4610 θείαν
968 4556 1162 4609 ἕνωσιν
1200 4553 1523 4617 ἀποκαλῶνς
1570 4552 1680 4606 Καὶ
1707 4551 1793 4615 τίς

200 4669 342 4706 ποτε
374 4650 741 4722 παραδέξεται
773 4648 1008 4719 φυσικὴν
1037 4647 1134 4717 τὴν
1169 4645 1318 4700 θείαν
1340 4646 1534 4723 ἕνωσιν
1562 4642 1656 4697 τοῦ
1692 4660 1794 4714 μυ-

199 4744 440 4815 στηρίου
480 4743 582 4813 τῆς
625 4740 976 4810 οἰκονομίας;
1009 4739 1073 4791 Εί
1118 4736 1230 4808 γὰρ
1267 4736 1471 4807 φυσικὴ
1510 4738 1544 4806 ἡ
1576 4735 1788 4801 ἓνωσις,

199 4836 314 4889 ποῦ
340 4838 376 4904 ἡ
417 4835 612 4905 χάριςς
642 4830 747 4886 ποῦ
781 4832 844 4886 τὸ
897 4831 1040 4885 θεῖον
1078 4829 1409 4902 μυστήριονς
1437 4829 1503 4881 Αἱ
1543 4828 1651 4898 γὰρ
1685 4826 1790 4897 φύ-

198 4945 350 4992 σεις,
380 4927 460 4989 ὡς
487 4924 870 4995 δεδιδάγμεθα,
897 4921 1044 4988 ἅπαξ
1063 4920 1223 4999 ⁸παρά
1259 4919 1352 4973 τοῦ
1368 4918 1627 4984 τάξαντος
1653 4917 1788 4971 Θεοῦ

195 5019 496 5085 τοαγείσαι,
530 5016 778 5084 ἀνάγκης
823 5011 1117 5083 ἀκολουθίᾳ
1141 5020 1164 5047 ⁸
1205 5010 1578 5065 δουλεύουσιν
1627 5009 1661 5079 ἢ
1694 5009 1791 5062 καὶ⁹

192 5108 365 5163 ἔσται
398 5108 565 5162 πάλιν
595 5105 739 5161 κατά
771 5103 1163 5174 ἀνακύκλησιν,
1197 5103 1292 5156 καὶ
1329 5102 1541 5172 φύσεως
1566 5100 1789 5154 ἀκολου-

196 5199 333 5252 θίαν
364 5199 429 5251 τὸ
455 5199 555 5268 τῆς
593 5196 908 5267 οἰκονομίας
948 5197 1137 5269 χρῆμα
1173 5194 1314 5248 κατὰ
1342 5185 1433 5246 τὸν
1460 5191 1643 5264 λῆρον,
1691 5189 1787 5244 καὶ

197 5287 434 5360 μυθώδη
478 5287 579 5358 τῆς
616 5286 1107 5358 χιλιονταετηρίδος
1126 5282 1230 5337 ’τοῦ
1262 5280 1580 5350 δυσωνύμου
1623 5279 1784 5335 Ἀπο-

194 5378 458 5454 λιναρίου
484 5378 764 5450 δόγματας

1900 4551 2062 4590 unam
2106 4534 2419 4606 hypostasin
2466 4536 2630 4604 cogit,
2664 4546 2885 4592 naturas
2916 4536 3273 4604 confundens,
3317 4550 3478 4593 natu-

1894 4629 2063 4685 ralem
2098 4629 2334 4684 divinam
2386 4629 2682 4683 unitionem
2728 4631 3057 4686 nominans?
3098 4630 3161 4685 Et
3211 4631 3332 4701 quis
3376 4648 3476 4687 un-

1894 4735 2055 4792 quam
2091 4719 2341 4774 admittet
2372 4720 2673 4774 naturalem
2700 4720 2937 4774 divinam
2972 4712 3270 4776 unitionem
3305 4721 3357 4774 in
3386 4735 3476 4776 sa-

1895 4822 2174 4868 cramento
2203 4811 2664 4880 dispensationis?
2698 4811 2765 4866 Si
2802 4811 2947 4867 enim
2989 4811 3251 4866 naturalis
3278 4811 3469 4877 unitio,

1898 4904 1986 4958 uhi
2043 4903 2254 4973 gratia?
2317 4901 2407 4957 ubi
2459 4902 2700 4956 divinum
2753 4902 3195 4957 sacramentum?
3254 4898 3472 4958 Natura

1896 4994 2063 5060 enim,
2100 5003 2157 5049 ut
2185 4993 2363 5049 edocti
2397 5007 2604 5058 sumus,
2628 4992 2795 5048 semel
2825 4991 2894 5046 ab
2915 4991 3205 5047 ordinante
3234 4990 3346 5047 Deo
3375 5007 3470 5047 or-

1896 5086 2128 5150 dinata},
2194 5084 2518 5140 necessariis
2564 5082 2968 5153 consequentiis
3013 5082 3282 5139 serviunt.
3329 5080 3468 5140 Num

1894 5178 2057 5233 etiam
2093 5178 2289 5231 iterum
2318 5176 2424 5231 erit
2455 5176 2749 5230 secundum
2777 5173 3166 5230 revolutionem
3188 5182 3471 5232 etnatura:

1892 5268 2335 5339 consequentiam
2389 5255 2809 5337 dispensationis
2866 5280 3003 5336 opus
3058 5264 3213 5337 juxta
3269 5267 3470 5324 delira-

1892 5368 2099 5427 menta,
2132 5359 2484 5430 l'abulosaque
2521 5357 2670 5413 mille
2700 5373 2966 5415 annorum
3007 5356 3232 5416 infausti
3260 5358 3471 5432 Apolli-

1895 5436 2032 5508 narii
2063 5448 2352 5522 dogmata?

1258 5581 1435 5649 Varia:
1454 5592 1711 5648 lectiones
1742 5603 1806 5647 ex
1833 5588 2021 5647 codice
2046 5586 2418 5655 Seguieriano.

278 5764 307 5806 ιι
334 5753 763 5826 ὑπομνήσωμεν.
844 5762 866 5792 τ
897 5751 1151 5825 Χριστόν.
1234 5761 1254 5791 ³
1287 5749 1559 5819 ταγεῖσαι,
1592 5745 1857 5816 ἀνάγκαις
1888 5742 2232 5812 ἀκολουθίας,
2258 5742 2299 5812 ἣ
2329 5742 2497 5813 ἴσως,
2542 5744 2882 5819 ἀναγκαίαις
2903 5744 3266 5811 notaueram.
3336 5780 3341 5785 π
3476 5780 3512 5801 .
