4002 6192
477 355 584 411 52⁸1

1028 452 1217 523 Cyrilli
1257 449 1511 518 defensio.

558 571 783 628 Divinus
816 565 1033 631 Paulus,
1059 561 1327 633 quomodo
1355 561 1553 614 factum
1583 558 1654 613 sit
1680 557 1841 611 homo
1876 555 2061 624 unige—

484 668 656 721 nitum
694 662 786 717 Dei
824 659 1082 721 Verbum,
1106 666 1163 708 ut
1190 653 1361 707 ﬁdelis
1383 652 1723 727 dispensator
1758 661 2063 703 sacramen-

485 767 660 809 torum
690 752 781 805 Dei
804 750 873 813 ⁸⁷,
892 759 946 803 et
973 748 1144 817 ipsum
1167 742 1370 798 habens
1401 742 1453 795 in
1486 755 1545 795 se
1569 739 1875 805 loquentem
1903 735 2062 791 Chri-

482 858 625 901 stum
653 844 719 908 ⁵⁸,
756 840 1040 895 manifeste
1072 836 1323 890 omnibus
1351 832 1647 887 ostendens
1680 849 1693 884 :
1728 849 1745 881 ι
1775 829 1891 883 Non
1918 829 2063 882 enim

485 936 704 1004 angelos
734 929 1112 1001 apprehendit,
1136 928 1334 995 inquit,
1364 924 1457 978 sed
1490 936 1672 977 semen
1707 920 1939 974 Abrahae
1969 933 2064 987 ap-

484 1024 855 1094 prehendit".
887 1041 905 1074 ι
932 1020 1084 1076 Unde
1102 1017 1358 1087 oportuit,
1382 1030 1507 1069 eum
1541 1029 1637 1083 per
1670 1012 1851 1067 omnia
1880 1010 2065 1064 fratri-

485 1121 584 1172 bus
614 1115 843 1171 similem
878 1112 1023 1177 ﬁeri,
1057 1118 1112 1162 ut
1146 1106 1455 1161 misericors
1476 1113 1529 1158 et
1562 1102 1731 1156 ﬁdelis
1751 1102 1902 1155 ﬁeret
1936 1114 2068 1169 pon-

489 1208 617 1263 tifex
650 1207 701 1260 in
737 1204 841 1267 his,
878 1216 997 1271 quae
1026 1200 1092 1253 ad
1127 1198 1296 1252 Deum
1329 1196 1395 1247 ⁸ο.
1435 1194 1542 1247 Nos
1567 1206 1697 1245 vero
1727 1200 1785 1243 ut
1822 1188 2066 1243 rectissi-

488 1318 575 1357 me
623 1299 892 1368 prolatum
926 1295 1027 1347 hoc
1061 1290 1279 1344 dictum'
1310 1296 1495 1341 nostra
1549 1282 1817 1337 sententia
1868 1280 2064 1349 proha-

489 1367 634 1453 inus,
658 1390 947 1453 sequentes
976 1379 1178 1446 ubique
1213 1374 1474 1429 divinitus
1501 1370 1793 1440 iuspiratas
1816 1367 2067 1436 Scriptu-

489 1498 599 1543 ras,
636 1488 689 1532 ct
731 1477 887 1550 valde
927 1471 1262 1526 admirantes
1310 1463 1683 1532 theologorum
1734 1472 1915 1520 voces,
1961 1455 2069 1508 imo

488 1586 581 1625 eas
619 1586 713 1637 pro
755 1544 956 1619 divi-nis
1003 1561 1210 1630 legibus
1247 1550 1532 1619 habentes,
1571 1551 1802 1606 dicimus
1835 1546 1927 1601 Dei
1964 1544 2067 1599 Pa-

492 1662 587 1713 liis
618 1657 851 1710 Verbum
900 1666 1008 1705 non
1058 1644 1486 1717 apprehendisse
1530 1652 1708 1708 neque
1756 1646 2067 1691 sanctorum

492 1751 828 1820 angelorum,
863 1759 1038 1815 neque
1061 1756 1213 1797 suam
1243 1747 1492 1793 naturam
1526 1751 1540 1789 :
1566 1732 1840 1789 credimus
1866 1738 2066 1793 autem,

492 1843 786 1899 secundum
811 1838 953 1907 quod
979 1834 1152 1890 sacris
1183 1828 1406 1885 Litteris
1442 1826 1678 1889 videtur,
1706 1822 1849 1893 quod
1878 1820 2070 1874 obum-

493 1938 656 1991 brans
690 1942 889 1988 sancta:
919 1928 1157 1997 Virgini,
1202 1932 1386 1994 utpote
1417 1920 1591 1974 virtus
1616 1916 1883 1970 exsistens
1916 1913 2070 1967 altis-

492 2026 615 2079 simi
654 2022 849 2086 Patris,
887 2017 1142 2073 formavit
1175 2012 1278 2068 sibi
1316 2025 1514 2077 corpus
1545 2020 1611 2061 ex
1648 2004 1759 2070 illa,
1799 2012 2070 2057 verumta-

496 2132 614 2168 men
644 2131 737 2183 per
768 2110 1140 2179 operationem
1169 2102 1342 2160 sancti
1375 2100 1640 2171 Spiritus;
1676 2107 1728 2152 et
1756 2095 1951 2151 factum
1988 2104 2073 2149 est

496 2210 675 2271 homo,
711 2204 1146 2274 appellatumque
1187 2204 1272 2250 est
1306 2194 1447 2249 ﬁlius
1477 2191 1705 2246 Ahrahm
1739 2199 1794 2242 et
1822 2187 2069 2250 Davidis;

495 2315 598 2352 non
638 2297 894 2349 amittens
934 2302 1151 2362 propter
1180 2285 1598 2349 humanitatem,
1624 2280 1767 2351 quod
1808 2279 1878 2333 sit
1908 2278 2072 2332 Filius

496 2390 587 2441 Dei
616 2397 670 2441 et
710 2385 885 2438 Patris
926 2380 1223 2437 secundum
1270 2376 1590 2437 veritatem;
1638 2385 1862 2424 manens
1893 2378 2070 2423 autem

497 2480 698 2547 potius,
724 2473 980 2545 quamvis
1008 2471 1209 2524 factum
1243 2467 1314 2522 sit
1345 2479 1494 2526 caro,
1533 2461 1688 2532 165
1723 2461 1775 2514 in
1805 2470 1995 2515 natura
2020 2468 2075 2513 et

494 2566 783 2623 eminentia
804 2572 856 2616 et
880 2560 1047 2631 gloria
1067 2556 1304 2612 deitatis.
1339 2550 1694 2607 lmmutahilis
1721 2549 1862 2603 enim
1897 2556 2000 2609 est,
2022 2554 2075 2599 et

494 2657 846 2713 conversione
862 2649 1154 2721 potentior,
1171 2656 1228 2700 ut
1246 2644 1407 2699 Deus.
1425 2642 1517 2696 Est
1531 2642 1693 2711 igitur
1710 2654 1848 2693 unus
1865 2649 1917 2690 ct
1931 2637 2072 2690 idem

494 2758 546 2801 et
572 2745 737 2799 Filius
760 2751 813 2797 et
840 2738 1095 2794 Dominus
1122 2744 1176 2790 et
1218 2743 1343 2787 ante
1380 2740 1434 2787 et
1470 2741 1591 2800 post
1623 2729 2070 2784 incarnationem.

499 2838 746 2893 Dividere
769 2842 949 2887 autem
979 2843 1143 2883 unum
1180 2826 1232 2879 in
1261 2824 1395 2879 duos
1425 2823 1582 2888 ﬁlios,
1611 2830 1665 2877 et
1692 2820 1901 2876 solvere
1935 2834 2075 2872 verae

497 2908 756 2984 unitionis
800 2938 959 2994 opus,
993 2917 1375 2986 distinguendo
1415 2929 1681 2978 seorsum,
1730 2922 1784 2968 et
1828 2912 2074 2983 ponendo

497 3019 748 3092 privatim
769 3016 1066 3076 hominem,
1084 3021 1138 3064 et
1166 3007 1418 3079 privatim
1444 3006 1632 3071 Deum,
1657 3004 1863 3058 crimen
1910 3011 1994 3056 est
2018 3001 2072 3055 iu

1470 335 1529 391 S.
1569 328 1845 388 CYBILLI
1884 326 2353 384 ALEXANDRINI
2390 326 2706 384 ARCillEP.

3626 317 3739 374 3‘28

2631 440 2937 508 Ἀπολογία
2964 436 3283 505 Κιιιοίλᾷου.

2244 556 2301 607 Ὀ
2331 553 2613 616 θεσπέσιος
2660 551 2867 614 Παῦλος
2895 553 2977 613 τό,
3021 550 3142 603 τίνα
3172 547 3235 618 δὴ
3272 545 3475 616 τρόπον
3508 545 3744 615 γέγονεν

2163 644 2448 715 ἅνθρωπος
2502 644 2529 694 ὁ
2580 641 2876 713 μονογενὴς
2920 638 3013 691 τοῦ
3068 637 3201 691 Θεοῦ
3248 636 3452 703 Λόγος,
3506 637 3746 706 ἐναργὲς

2164 735 2334 787 ἅπασι
2363 733 2642 797 καθιστὰς,
2680 732 2755 794 ὡς
2788 730 3066 798 οἰκονόμος
3098 728 3415 797 μυστηρίων
3446 725 3607 789 Θεοῦ,
3643 727 3749 777 καὶ

2164 826 2324 878 αὐτὸν
2373 823 2507 892 ἔχων
2542 826 2599 876 ἐν
2656 822 2833 895 ἐαυτῷ
2866 819 3126 873 λαλοῦντα
3157 818 3426 889 Χριστόνο
3462 836 3482 864 σ
3508 818 3584 869 Ού
3629 818 3752 883 γὰρ

2163 914 2227 983 δή
2266 916 2366 965 που
2397 912 2640 979 ἀγγέλων
2690 909 3136 980 ἐπιλαμϐάνεται,
3177 908 3363 976 φησιν,
3390 905 3529 958 ἀλλά
3566 906 3753 973 σπέρ-

2169 1021 2338 1075 ματος
2371 1004 2619 1074 Ἀϐραὰμ
2658 1000 3117 1070 ἐπιλαμϐάνεται*
3161 1016 3178 1048 ι
3221 998 3341 1050 ὅθεν
3368 996 3567 1065 ὤφειλε
3596 997 3753 1050 κατὰ

2166 1097 2343 1150 πάντα
2375 1098 2484 1158 τοῖς
2514 1095 2758 1163 ἀδελφοῖς
2785 1092 3142 1163 ὁμοιωθῆναι,
3174 1091 3260 1142 ἵνα
3290 1090 3540 1160 ἐλεήμων
3572 1090 3751 1157 γένη-

2166 1205 2273 1252 ται,
2292 1188 2386 1239 καὶ
2413 1186 2601 1249 πιστὸς
2632 1186 2919 1256 ἀρχιερεὺς
2946 1184 3013 1235 τά
3048 1182 3182 1252 πρὸς
3196 1182 3286 1234 τὸν
3307 1182 3458 1235 Θεόν.
3477 1181 3671 1251 Ἡμεῖς
3685 1182 3754 1233 δὲ

2166 1280 2286 1339 ταῖς
2325 1279 2403 1347 είς
2438 1276 2705 1345 ὀρθότητα
2752 1273 2949 1343 ψήφοις
3003 1271 3390 1341 στεφανοῦντες
3420 1272 3480 1323 τὸ
3510 1272 3754 1341 εἰρημέ-

2166 1383 2276 1429 νον,
2299 1365 2556 1435 ἑπόμενοί
2585 1382 2643 1417 τε
2667 1365 2911 1433 πανταχῆ
2932 1365 3048 1425 ταῖς
3070 1361 3444 1425 θεοπνεύστοις
3471 1362 3751 1430 Γραφαῖς,

2167 1460 2261 1512 καὶ
2291 1458 2391 1521 τὰς
2437 1456 2544 1509 τῶν
2578 1455 2854 1527 θεηγόρων
2887 1454 3070 1522 φωνὰς
3103 1453 3196 1506 τοῦ
3233 1454 3435 1515 παντὸς
3462 1454 3753 1519 ἀξιοῦντες

2169 1548 2465 1620 θαύματος,
2500 1547 2696 1619 μᾶλλον
2733 1547 2790 1599 δὲ
2837 1546 2930 1598 καὶ
2980 1546 3156 1607 θείους
3195 1544 3487 1614 ἡγούμενοι
3521 1547 3750 1615 νόμους,

2168 1641 2230 1694 οὐ
2261 1640 2361 1710 τῆς
2404 1639 2515 1692 τῶν
2567 1638 2738 1707 ἁγίων
2792 1637 3058 1706 ἀγγέλων,
3086 1635 3208 1689 οῦτε
3252 1637 3357 1706 μὴν
3398 1638 3496 1707 τῆς
3541 1637 3753 1690 ἐαυτοῦ

2170 1730 2382 1800 φύσεως
2418 1729 2768 1782 ἐπιλαϐέσθαι
2804 1728 2982 1799 φαμὲν
3012 1728 3104 1780 τὸν
3137 1730 3201 1780 ἐκ
3229 1726 3365 1779 Θεοῦ
3396 1728 3615 1796 Πατρὸς
3643 1729 3756 1781 Λό-

2172 1840 2300 1893 γον·
2350 1821 2791 1892 πεπιστεύκαμεν
2850 1820 2928 1883 δὲ,
2982 1820 3066 1872 ὅτι
3111 1818 3252 1872 κατά
3303 1816 3363 1869 τὸ
3407 1821 3518 1880 τοῖς
3575 1819 3756 1888 ἱεροῖς

2171 1917 2465 1987 Γράμμασι
2494 1913 2703 1974 δοκοῦν,
2732 1912 3057 1974 ἐπισκιάσας
3080 1914 3146 1982 τῇ
3180 1909 3311 1981 ἁγίᾳ
3341 1909 3624 1981 Παρθένῳ,
3648 1911 3753 1963 ἀτε

2171 2011 2234 2081 δή
2276 2009 2367 2062 καὶ
2418 2006 2647 2076 δύναμις
2691 2003 2767 2058 ὢν
2799 2004 2893 2057 τοῦ
2950 2003 3171 2072 ὑψίστου
3228 2001 3463 2071 Πατρὺς,
3510 2002 3757 2055 ἔπλασεν

2174 2100 2351 2170 ἐαυτῷ
2384 2099 2445 2151 τὸ
2484 2098 2643 2168 σῶμα
2670 2097 2731 2149 τὸ
2766 2096 2824 2159 ἐξ
2854 2094 3045 2163 αὐτῆς,
3082 2094 3219 2165 πλὴν
3246 2093 3312 2146 δι’
3342 2093 3622 2163 ἐνεργείας
3652 2092 3755 2144 τοῦ

2175 2193 2331 2261 ἁγίου
2371 2189 2685 2258 Πνεύματος
2709 2204 2722 2218 ο
2764 2187 2858 2239 καὶ
2892 2184 3435 2255 γέγονενάνθρωπος,
3462 2184 3760 2253 κεχρημά-

2173 2285 2291 2338 τικέ
2316 2301 2374 2336 τε
2431 2281 2527 2335 καὶ
2564 2280 2677 2342 υίὸς
2717 2275 2985 2347 Ἀϐραὰμ,
3018 2276 3111 2329 καὶ
3133 2273 3326 2327 Δαυῖδ’
3363 2274 3463 2326 ούκ
3499 2275 3762 2342 ἀπεμπο-

2175 2379 2341 2445 λήσας
2375 2375 2462 2429 διὰ
2527 2373 2587 2426 τὸ
2631 2370 2969 2441 ἀνθρώπινον
3011 2368 3072 2421 τὸ
3127 2364 3264 2420 εἶναι
3298 2368 3439 2419 κατά
3487 2366 3760 2435 ἀλήθειαν

2176 2468 2305 2529 Υἱὸς
2334 2465 2427 2519 τοῦ
2461 2462 2621 2535 Θεοῦ,
2667 2463 2761 2515 καὶ
2807 2460 3040 2531 Πατρὸς,
3079 2457 3401 2529 μεμενηκὼς
3433 2458 3489 2511 δέ
3519 2459 3758 2529 μᾶλλον,

2177 2560 2269 2611 καὶ
2311 2560 2360 2610 εί
2409 2556 2601 2625 γέγονε
2640 2554 2794 2625 σὰρξ,
2824 2555 2880 2606 ἐν
2933 2552 3094 2622 φύσει
3119 2568 3178 2604 τε
3223 2552 3319 2605 καὶ
3352 2552 3619 2621 ὑπεροχῇ,
3655 2552 3763 2603 καὶ

2175 2649 2300 2721 δόξῃ
2350 2648 2627 2716 θεότητος⁸
2665 2646 3015 2706 ἀναλλοίωτος
3043 2643 3150 2714 γάρ
3201 2643 3338 2707 ἐστι,
3390 2644 3491 2721 καὶ.
3538 2643 3761 2712 τροπῆς

2176 2716 2435 2811 ἀμείνων,
2462 2738 2537 2800 ὡς
2558 2738 2707 2799 Θεός.
2739 2736 2896 2788 Ἔστι
2932 2737 2950 2771 ί
2982 2733 3162 2786 τοίνυν
3188 2729 3270 2795 εἷς
3292 2750 3353 2787 τε
3402 2716 3497 2787 καί
3530 2734 3558 2785 ὁ
3587 2734 3761 2797 αὐτὸς

2179 2834 2325 2898 Υἱὸς,
2354 2833 2446 2885 καὶ
2475 2830 2678 2900 Κύριος
2709 2827 2801 2882 καὶ
2828 2826 2932 2894 πρὸ
2983 2826 3083 2894 τῆς
3112 2824 3459 2896 σαρκώσεως,
3481 2826 3580 2879 καὶ
3612 2825 3763 2896 μετά

2176 2925 2274 2997 τὴν
2300 2924 2595 2995 σάρκωσιν.
2619 2921 2731 2973 Καὶ
2754 2919 2815 2971 τὸ
2842 2919 3068 2989 διαιρεῖν
3100 2918 3179 2980 είς
3212 2917 3360 2979 υἱοὺς
3388 2917 3482 2969 δύο
3510 2917 3604 2970 τὸν
3632 2918 3759 2983 ἕνα,

2178 3017 2274 3070 καὶ
2302 3016 2361 3068 τὸ
2398 3014 2496 3085 τῆς
2527 3010 2759 3083 ἀληθοῦς
2790 3008 3033 3072 ἐνώσεως
3078 3007 3379 3077 παραλύειν
3422 3008 3639 3077 χρῆμα,
3672 3009 3761 3061 δι-

497 3115 686 3186 primis
718 3112 960 3180 impium.
990 3105 1159 3160 Porro
1182 3099 1461 3155 Nestorius
1489 3098 1590 3152 ista
1623 3111 1809 3165 parum
1846 3110 2071 3162 curans,

2184 3107 2437 3166 ιστάντας
2470 3102 2571 3157 ἀνά
2612 3100 2797 3171 μέρος,
2835 3099 2929 3151 καὶ
2959 3096 3205 3159 τιθέντας
3232 3095 3412 3158 ίδικῶς
3439 3096 3756 3166 ἄνθρωπον,

496 3185 658 3260 audet
692 3202 821 3272 ipsis
850 3195 1117 3253 verbissie
1141 3192 1323 3246 dicere
1356 3207 1370 3243 :
1405 3206 1424 3239 ι
1451 3187 1562 3242 Hoc
1591 3185 1862 3241 sentitein
1893 3186 2074 3250 vobis,

497 3298 642 3366 quod
674 3293 798 3347 etin
828 3287 1046 3343 Christo
1068 3282 1218 3347 Jesu,
1253 3279 1347 3350 qui
1368 3279 1420 3332 in
1453 3277 1624 3332 forma
1657 3276 1749 3330 Dei
1781 3277 2074 3340 exsistens,

498 3388 735 3455 scipsum
762 3377 1081 3440 exinanivit,
1110 3374 1338 3427 formam
1360 3370 1501 3425 servi
1527 3368 1919 3437 accipiens“.i
1961 3366 2074 3422 Non

498 3478 637 3531 dixit
677 3491 694 3529 :
740 3472 851 3526 Hoc
883 3469 1083 3524 sentite
1117 3465 1169 3517 in
1202 3461 1371 3526 vobis,
1396 3460 1539 3529 quod
1567 3471 1623 3513 et
1655 3460 1707 3513 iu
1741 3459 1849 3513 Deo
1876 3457 2079 3523 Verbo,

497 3566 641 3636 quod
668 3564 718 3617 in
737 3562 910 3616 forma
935 3557 1027 3612 Dei
1048 3554 1339 3618 exsistens,
1372 3551 1513 3606 servi
1542 3550 1771 3605 formam
1803 3550 2071 3618 suscepit;

499 3661 592 3714 sed
618 3672 738 3711 cum
770 3653 1074 3722 accepisset
1103 3647 1206 3701 hoc
1227 3658 1448 3708 nomen,
1478 3642 1748 3706 Christus,
1776 3652 1836 3695 ut
1850 3642 2074 3695 duarum

497 3759 811 3803 naturarum
825 3741 1239 3814 appellationem
1263 3733 1697 3807 signiﬁcativam,
1713 3733 1829 3788 sine
1842 3731 2077 3802 periculo

498 3846 673 3913 ipsum
724 3850 778 3894 et
822 3837 964 3893 servi
1008 3835 1237 3890 formam
1276 3831 1410 3886 dicit
1456 3829 1783 3898 suscepisse,
1819 3837 1873 3883 et
1908 3828 2073 3882 Deum

501 3935 763 3995 nominat,
814 3931 944 3985 dum
985 3942 1074 3991 ea,
1112 3941 1230 3995 qua:
1260 3926 1537 3986 dicuntur,
1591 3921 1643 3974 in
1678 3924 1811 3975 duas
1857 3930 2076 3975 naturas

497 4026 614 4079 sine
637 4021 1055 4092 reprehensione
1076 4017 1413 4072 dividuntur.
1445 4014 1499 4068 In
1524 4013 1690 4068 altera
1715 4020 1893 4066 autem
1920 4025 2079 4065 enar-

496 4117 706 4172 ratione
749 4115 946 4171 iterum
993 4112 1125 4165 dicit
1180 4125 1195 4163 :
1251 4127 1269 4160 (
1303 4108 1373 4162 Ut
1403 4109 1458 4161 in
1493 4105 1712 4160 nomine
1751 4102 1878 4157 Jesu
1918 4116 2078 4156 omne

496 4224 634 4279 geuu
657 4206 900 4261 ﬂectatur
914 4202 1241 4265 etelestium,
1259 4200 1596 4253 terrestrium
1620 4208 1674 4251 et
1700 4195 2032 4248 inl'ernorum
2059 4211 2072 4247 :

497 4309 555 4353 et
584 4296 760 4351 omnis
785 4295 965 4363 lingua
990 4292 1334 4354 conﬁteatur,
1361 4289 1792 4358 quodDominus
1820 4294 1901 4340 est
1923 4283 2078 4339 Jesus

2178 3198 2273 3249 ml.
2301 3192 2482 3256 ἰδικῶς
2504 3191 2656 3253 Θεὸν,
2687 3187 3004 3249 δυσσεϐείας
3033 3185 3145 3255 ἔχει
3179 3184 3280 3255 τῆς
3319 3184 3582 3238 ἀνωτάτω
3614 3201 3757 3254 γρα-

2155 3292 2304 3361 φήν.
2350 3286 2535 3352 Ὀλίγα
2560 3294 2588 3321 ιι
2620 3281 2677 3334 δὲ
2720 3280 2909 3333 τούτου
2962 3276 3340 3348 πεφροντικὼς
3363 3278 3393 3329 ὁ
3427 3276 3757 3347 Νεστόριος,

2176 3379 2509 3448 τετόλμηκεν
2530 3372 2703 3424 εἰπεῖν
2735 3371 2926 3432 αὑταῖς
2944 3368 3156 3432 λέξεσιν
3180 3367 3374 3430 οὕτως’
3398 3365 3601 3419 (Τοῦτο
3622 3384 3755 3436 φροο

2178 3470 2374 3526 νείσθω
2402 3470 2457 3521 ἐν
2494 3466 2643 3538 ὑμῖν,
2670 3463 2699 3517 ὃ
2732 3461 2821 3516 καὶ
2847 3463 2905 3513 ἐν
2936 3458 3161 3530 Χριστῷ
3201 3456 3375 3527 Ἰησοῦ
3400 3474 3414 3488 -
3450 3458 3510 3521 ὃς
3538 3458 3599 3509 ὲν
3627 3475 3762 3528 μορ.

2178 3566 2253 3634 φῇ
2304 3559 2438 3613 Θεοῦ
2466 3557 2751 3628 ὑπάρχων,
2798 3552 2990 3606 ἐαυτὸν
3018 3551 3273 3615 ἐκένωσε,
3314 3550 3529 3620 μορφὴν
3561 3549 3760 3603 δούλου

2177 3653 2377 3708 λαϐὼν.
2407 3671 2426 3704 ι
2463 3651 2575 3704 Οὐκ
2605 3643 2746 3711 εἷπε,
2776 3643 2947 3698 Τοῦτο
2982 3642 3283 3714 φρονείσθω
3324 3644 3381 3694 ἐν
3417 3642 3567 3709 ὑμῖν,
3598 3642 3629 3693 ὃ
3660 3642 3763 3695 καὶ

2179 3747 2237 3798 ἐν
2270 3742 2348 3813 τῷ
2375 3740 2493 3811 Θεῷ
2523 3738 2712 3807 Λόγῳ,
2745 3734 2803 3796 ὃς
2840 3734 2897 3785 ἐν
2940 3733 3119 3803 μορφῇ
3154 3729 3290 3783 Θεοῦ
3322 3730 3609 3801 ὑπάρχων,
3642 3730 3762 3782 δοῦ-

2178 3830 2269 3883 λου
2303 3827 2517 3899 μορφὴν
2547 3820 2934 3878 έλαϐενκιάλλά
2960 3819 3141 3874 λαϐὼν
3158 3819 3241 3881 τὸ,
3270 3819 3524 3890 Χριστὸς,
3546 3819 3624 3882 ὡς
3646 3820 3761 3872 τῶν

2177 3923 2270 3976 δύο
2302 3921 2515 3990 φύσεων
2554 3914 2923 3989 προσηγορίαν
2952 3910 3315 3982 σημαντικὴν,
3334 3909 3636 3973 ἀκινδύνως
3663 3911 3763 3963 αύ-

2177 4014 2267 4066 τὺν
2300 4012 2394 4065 καὶ
2434 4009 2621 4062 δούλου
2676 4005 2889 4079 μορφὴν
2918 4003 3125 4067 λαϐεῖν,
3158 4003 3253 4055 καὶ
3300 4001 3431 4055 Θεὸν
3458 4001 3722 4071 ὀνομάζει
3742 4017 3758 4031 ο

2178 4103 2283 4156 τῶν
2312 4103 2369 4155 δὲ
2400 4100 2718 4171 λεγομένων
2748 4108 2776 4137 τ
2804 4100 2883 4160 είς
2912 4096 2973 4148 τὸ
2995 4094 3102 4149 τῶν
3134 4093 3349 4163 φύσεων
3376 4091 3635 4161 ἀλήπτως
3664 4108 3763 4160 με·

2182 4192 2480 4265 ριζομένων
2500 4188 2739 4243 διπλοῦν.
2787 4188 2876 4240 Ἐν
2908 4186 3071 4255 ἐτέρα
3098 4184 3152 4236 δὲ
3174 4184 3335 4237 πάλιν
3362 4182 3622 4252 ἐξηγήσει
3650 4198 3761 4249 φη-

2181 4286 2298 4338 σίν.
2335 4303 2352 4334 ε
2383 4284 2501 4335 ’τινα
2538 4284 2594 4334 ὲν
2644 4279 2720 4353 τῷ
2760 4278 2983 4348 ὀνόματι
3023 4275 3194 4346 Ἰησοῦ
3229 4276 3340 4328 πᾶν
3383 4275 3512 4341 γόνυ
3555 4272 3760 4343 κάμψῃ

498 4387 749 4443 Christus
769 4387 838 4436 δ’.
868 4359 897 4435 ἶ
930 4382 1158 4450 Propter
1193 4388 1520 4449 gestantem,
1558 4393 1679 4432 eum
1712 4376 1802 4445 qui
1836 4384 2071 4447 gestatur

2181 4373 2542 4445 ἐπουρανίων,
2607 4369 2701 4421 καὶ
2755 4366 3032 4434 ἐπιγείων,
3076 4364 3168 4416 καὶ
3214 4359 3615 4431 καταχθονίων,
3659 4361 3760 4411 καὶ

499 4492 727 4532 veneror
768 4493 781 4529 :
833 4481 1052 4542 propter
1096 4472 1377 4533 latentem,
1417 4469 1559 4539 quod
1608 4476 1833 4537 apparet
1878 4467 2071 4520 adoro.

2183 4435 2333 4519 πᾶσα
2373 4464 2595 4541 γλῶσσα
2637 4459 3136 4531 ἐξομολογήσηται,
3183 4454 3265 4507 ὃτι
3300 4452 3504 4524 Κύριος
3543 4450 3759 4521 Ἰησοῦς

502 4563 886 4636 [inseparabilis
927 4570 1011 4616 est
1056 4563 1125 4616 ab
1161 4575 1226 4615 eo
1254 4560 1347 4629 qui
1376 4544 1591 4613 videtur
1622 4556 1803 4622 Deus;
1856 4566 2079 4626 propter

502 4663 607 4717 hoc
636 4660 773 4729 ejus,
806 4658 897 4725 qui
931 4670 1037 4710 non
1074 4662 1382 4725 separatur,
1414 4654 1674 4707 honorem
1709 4664 1815 4705 non
1853 4663 2075 4719 separo;

501 4766 696 4823 separo
730 4759 972 4812 naturas,
1003 4748 1097 4803 sed
1130 4747 1257 4801 unio
1303 4745 1691 4799 adorationem.
1727 4741 1829 4811 (Et
1878 4741 2076 4795 iterum

502 4845 558 4899 in
593 4843 700 4897 alia
726 4839 1085 4909 explicatione
1116 4855 1129 4891 :
1167 4834 1263 4890 Die
1309 4838 1374 4889 de
1402 4850 1468 4889 eo
1505 4835 1595 4903 qui
1628 4832 1885 4902 suscepit,
1933 4829 2076 4898 quod

501 4938 573 4991 sit
602 4935 781 5000 Deus;
808 4945 1017 5001 appone
1042 4916 1192 4984 illum
1217 4928 1308 4997 qui
1339 4937 1620 4995 susceptus
1649 4934 1751 4988 est,
1781 4923 1905 4993 quia
1928 4920 2073 4978 servi

503 5031 705 5092 forma;
737 5024 909 5096 adjice
934 5025 1173 5093 posthaec
1195 5018 1559 5076 eonnexionis
1580 5016 1923 5087 dignitatem,
1946 5013 2071 5083 quia

503 5118 732 5170 duorum
770 5112 1067 5168 auctoritas
1095 5110 1420 5173 communis,
1452 5097 1842 5176 quia‘duorum
1883 5106 2073 5159 eadem

504 5208 767 5277 dignitas;
796 5204 1008 5260 naturis
1039 5200 1404 5265 manentibus,
1440 5197 1611 5252 fatere
1639 5196 1916 5266 dignitatis
1950 5194 2073 5249 uni-

2178 4540 2427 4627 Χριστός.
2469 4573 2486 4605 ι
2515 4551 2614 4605 Διά
2646 4551 2735 4603 τὸν
2766 4548 3056 4618 φοροῦντα,
3101 4546 3163 4598 τὸ
3193 4542 3530 4615 φορούμενον
3568 4540 3720 4594 σέϐω
3741 4556 3756 4570 ο

2175 4648 2264 4703 διά
2287 4648 2376 4701 τὸν
2404 4643 2786 4715 κεκρυμμένον
2821 4638 3111 4713 προσκυνῶ
3140 4638 3202 4692 τὸ
3231 4637 3585 4706 φαινόμενον
3617 4634 3763 4704 ἀχὼ·

2179 4752 2355 4805 ριστος
2388 4734 2481 4787 τοῦ
2511 4731 2835 4803 φαινομένου
2859 4730 3020 4792 Θεός·
3054 4728 3142 4781 διά
3163 4726 3324 4779 τοῦτο
3348 4725 3443 4779 τοῦ
3483 4724 3558 4797 μὴ
3588 4742 3762 4794 χωρι-

2176 4827 2406 4897 ζομένου
2444 4824 2545 4896 τὴν
2571 4823 2736 4895 τιμὴν
2767 4824 2828 4875 οὗ
2862 4820 3098 4892 χωρίζω.
3137 4818 3373 4887 Χωρίζω
3400 4816 3501 4880 τὰς
3538 4816 3761 4885 φύσεις,

2183 4916 2298 4969 ἀλλ’
2336 4914 2439 4968 ἐνῶ
2483 4913 2581 4985 τὴν
2617 4911 3007 4983 προσκύνησιν.
3037 4908 3147 4963 Καὶ
3195 4910 3253 4961 ἐν
3304 4906 3565 4977 ἐξηγήσει
3594 4906 3767 4957 πάλιν

2182 5006 2368 5076 ἐτέρα-
2406 5004 2541 5058 Είπέ
2571 5004 2660 5057 τὸν
2690 5002 3050 5059 ἀναλαϐόντα·
3084 5003 3165 5053 ὅτι
3196 4998 3351 5062 Θεός.
3384 4996 3630 5069 Πρόσθες
3670 4997 3767 5048 τὸν

2181 5098 2587 5169 ἀναληφθέντα,
2616 5097 2698 5149 ὅτι
2729 5094 2915 5149 δούλου
2945 5092 3125 5164 μορφή
3145 5109 3158 5122 ο
3198 5091 3447 5159 ἐπάγαγε
3473 5089 3613 5160 μετά
3638 5086 3773 5140 ταῦ-

2182 5207 2252 5245 τα
2284 5190 2344 5243 τὸ
2370 5189 2471 5259 τῆς
2497 5185 2791 5257 συναφείας
2810 5184 3050 5263 ἀξίωμα,
3071 5183 3155 5236 ὅτι
3187 5181 3297 5235 τῶν
3315 5179 3409 5235 δύο
3437 5182 3471 5251 ὴ
3501 5177 3775 5232 αὐθεντία

578 5381 621 5414 ⁸⁷
655 5383 669 5435 l
700 5382 823 5437 Cor.
851 5397 911 5476 ,ιν
963 5382 1015 5434 l.
1091 5381 1137 5412 ⁵⁸
1170 5379 1211 5435 ll
1238 5380 1363 5435 Cor.
1394 5393 1512 5444 xm,
1539 5377 1573 5430 5
1669 5372 1714 5403 ³³
1744 5370 1907 5426 Hebr.
1937 5385 1998 5434 ιι,
2030 5368 2071 5422 11

2196 5367 2241 5397 ⁸⁸
2266 5364 2429 5419 Hebr.
2457 5379 2517 5430 ιι,
2554 5362 2640 5416 l7.
2717 5362 2759 5393 ⁶¹
2788 5360 3021 5430 Philipp.
3047 5375 3103 5425 ιι,
3151 5359 3206 5417 5.
3228 5358 3278 5413 6.
3357 5357 3403 5389 “
3432 5353 3564 5411 ibid.
3595 5352 3657 5410 8.

1548 5550 1723 5605 Varia:
1744 5548 2004 5604 lectiones
2028 5558 2091 5600 ex
2125 5540 2311 5597 codice
2333 5539 2706 5609 Seguieriano.

583 5715 809 5788 ἢέσται.
882 5718 911 5749 ι
941 5708 1138 5776 ὀλίγον.
1201 5715 1227 5743 ν
1252 5707 1356 5758 τῶν
1384 5705 1714 5775 λεγομένων,
1746 5703 1783 5771 ἢ
1818 5702 1988 5767 ἴσως,
2017 5699 2124 5753 τῶν
2152 5696 2212 5751 δί’
2250 5694 2576 5766 λεγομένων.
2620 5756 2625 5762 1
