4002 6192
253 272 322 331 3'29
814 260 1344 320 APOLOGETICUS
1382 262 1519 321 PRO
1564 264 1653 321 XII
1692 263 2062 322 CAPITIBUS
2100 257 2382 323 CONTRA
2422 262 2887 321 ORIENTALES.

3372 265 3475 321 530

250 390 385 460 κοινὴ,
415 388 494 441 ὅτι.
515 385 627 440 τῶν
662 384 758 439 δύο
784 384 985 438 ταυτὸν
1016 382 1080 435 τὸ
1124 380 1347 454 ἀξίωμα
1367 426 1378 444 ,
1414 384 1521 438 τῶν
1558 384 1779 454 φύσεων

1898 386 2120 457 tatem.)
2154 383 2322 441 Vides
2349 383 2549 453 ubique
2591 390 2941 452 separantem
2976 381 3195 453 quidem
3243 382 3389 439 inter
3420 398 3478 438 se

247 480 483 553 μενουσῶν
536 478 797 548 ὁμολόγει
844 478 946 547 τὴν
983 474 1083 545 τῆς
1120 474 1280 541 ἀξίας
1329 477 1576 548 ἑνότητα.
1628 477 1791 549 Ὁρᾷς

243 572 457 643 πανταχῆ
474 571 783 643 διορίζοντα
810 570 909 641 μὲν
937 570 1189 642 ἀλλήλων
1213 569 1311 635 τὰς
1331 569 1541 639 φύσεις,
1567 569 1792 625 ὲνοῦντα

241 664 301 727 δὲ,
331 664 398 727 ὥς
420 681 569 734 φησι,
605 662 709 732 τὴν
736 661 1131 733 προσκύνησιν,
1158 664 1250 717 καὶ
1279 662 1464 733 κοινὴν
1504 662 1792 716 αὑθεντίαν

241 756 553 827 ὀνομάζοντα,
587 756 689 809 καὶ
711 755 811 825 τὴν
840 755 940 826 τῆς
973 755 1132 822 ἀξίας
1170 755 1399 827 ἑνότητα
1423 755 1609 826 μόνης.
1633 755 1707 809 To
1736 754 1792 808 δὲ

242 849 390 902 κοινὸν
414 848 509 917 οὐχ
540 846 620 910 ἓν,
658 847 708 899 εί
761 845 945 899 κοινὸν
991 858 1040 913 ι,
1090 846 1177 917 εἴη
1211 847 1277 900 ἂν
1303 857 1353 912 1,
1395 847 1531 901 ἀλλὰ
1560 846 1653 900 δύο
1688 864 1790 900 που

242 940 448 1003 πάντως,
476 938 508 1009 ἦ
539 938 787 991 πλείοσιν
826 935 1011 1001 ίδικῶς
1034 955 1091 990 τε
1125 938 1222 993 καὶ
1246 939 1350 993 ἀνὰ
1374 938 1535 1011 μέρος
1554 940 1792 1012 θεωρου-

246 1031 417 1101 μένοις.
454 1028 595 1082 ‘AvO‘
629 1030 759 1082 ὅτου
792 1029 859 1100 δὴ
892 1026 985 1083 οὖν
1010 1029 1282 1102 τοσαύτην
1330 1030 1606 1084 ποιοῦνται
1641 1039 1664 1067 ι
1693 1031 1793 1100 τὴν

243 1123 545 1194 ητᾶρῤησιν
584 1120 684 1176 τοῦ
729 1121 802 1175 τὰ
848 1121 1031 1176 τοιάδε
1071 1120 1255 1184 καλῶς
1290 1108 1793 1189 ’ἀναθεματίσαντος

245 1214 411 1282 λόγου;
441 1215 501 1267 Τί
534 1214 596 1268 τὸ
622 1214 849 1279 ἄτοπον,
889 1217 939 1269 εί
975 1217 1089 1279 τοῖς
1140 1213 1414 1285 βδελυροῖς
1443 1214 1538 1267 καὶ
1593 1215 1796 1285 ἀπηχε-

249 1307 429 1378 «est;
464 1307 766 1378 Νεστορίου
793 1307 975 1377 λόγοις
1009 1307 1079 1361 τὰ
1119 1308 1220 1377 τῆς
1247 1305 1532 1369 εὐσεϐείας
1552 1305 1797 1374 ἁντεγείο

253 1418 408 1472 ροντες
430 1400 693 1471 δόγματα,
717 1400 821 1469 τῆς
862 1400 972 1453 τῶν
1022 1398 1270 1468 ἀδελφῶν
1300 1397 1600 1467 ἀσφαλείας
1641 1415 1797 1467 φρον-

250 1494 351 1547 τίδι
372 1493 461 1562 τὴν
479 1492 704 1546 δέουσαν
733 1490 1122 1562 πεποιήμεθα;
1169 1489 1388 1561 Ἐπειδὴ
1422 1488 1480 1542 δέ
1507 1506 1671 1559 φασιν
1694 1488 1795 1558 ἐμὲ

253 1587 347 1647 rei;
366 1583 514 1637 αὐτοῦ
558 1582 833 1654 μάχεσθαι
871 1582 1075 1651 λόγοις,
1099 1580 1542 1652 παρακομίζουσι
1574 1579 1629 1633 δὲ
1658 1580 1796 1651 πρὸς

255 1672 489 1737 ἀπόδειξιν
510 1673 669 1745 μέρος
692 1672 791 1741 τῆς
814 1669 1129 1741 ἐπιστολῆς,
1150 1664 1220 1742 ἦς
1237 1669 1491 1739 γέγραφα
1518 1668 1655 1739 πρὸς
1672 1670 1798 1733 τοὺς

1897 487 2139 541 naturas,
2178 476 2452 531 unientem
2482 481 2690 539 autem,
2738 482 2798 526 ut
2833 472 2987 536 dicit,
3020 472 3394 527 adorationem
3424 481 3480 527 et

1895 582 2241 623 communem
2270 566 2653 621 auctoritatem
2685 566 3077 630 uominantem,
3113 574 3168 620 et
3201 565 3368 619 solius
3395 564 3480 618 di-

1895 660 2122 730 gnitatis
2149 660 2439 713 unitatem.
2469 657 2624 724 Quod
2668 666 3199 730 autetu_commune,
3239 671 3343 709 non
3374 655 3481 709 nti-

1895 725 2001 820 que
2042 751 2132 804 nni
2161 764 2453 804 commune
2487 757 2593 814 εει,
2620 747 2714 803 sed
2743 725 2953 801 duobus
2983 760 3225 816 prorsus,
3257 746 3337 800 vel
3362 746 3483 815 plu-

1899 845 2067 913 ribus,
2099 842 2189 910 qui
2225 854 2472 894 seorsum
2498 847 2552 894 et
2584 838 2875 908 separatim
2911 836 3343 891 considerantur.
3373 836 3483 890 Cur

1900 935 2066 1002 igitur
2088 940 2240 987 tanta
2264 931 2404 988 faeta
2429 939 2514 986 est
2536 928 2863 985 declamatio
2886 929 3146 983 adversus
3173 942 3479 983 sermonem

1899 1035 2046 1080 recte
2080 1027 2195 1080 haec
2239 1022 2840 1079 anathematizautem?
2883 1020 3023 1088 Quid
3059 1021 3376 1085 absurdum,
3408 1021 3479 1085 si,

1897 1116 2323 1175 exsecrabilibus
2348 1127 2404 1171 et
2434 1114 2845 1170 absurdissimis
2872 1112 3108 1168 Nestorii
3138 1112 3483 1167 sermonibus

1898 1211 1982 1277 pia
2013 1210 2267 1277 dogmata
2295 1217 2653 1278 opponentes,
2688 1208 2754 1261 de
2794 1206 3027 1261 fratrum
3075 1204 3248 1260 salute
3279 1204 3482 1274 justam

1896 1315 2082 1355 curam
2107 1300 2411 1371 gessimus?
2436 1300 2702 1367 Quoniam
2731 1299 2917 1354 dicunt
2963 1284 3084 1353 mea
3106 1298 3271 1353 verba
3297 1312 3481 1352 secum

1898 1408 2160 1462 pugnare,
2185 1402 2239 1447 et
2268 1390 2499 1446 aﬂ‘erunt
2525 1394 2591 1445 ad
2622 1392 3144 1446 demonstrationem
3178 1390 3338 1461 166
3359 1406 3485 1460 par-

1900 1492 2005 1539 tem
2056 1483 2299 1553 epistola:
2339 1498 2501 1554 quam
2548 1484 2739 1553 scripsi
2789 1486 2856 1538 ad
2902 1494 3127 1539 sanctos
3165 1484 3483 1547 monachos.

1899 1592 2076 1647 opera-
2108 1582 2340 1646 pretium
2378 1576 2619 1631 arbitror
2660 1587 2715 1632 et
2743 1578 2809 1630 ad
2843 1576 2946 1632 hoc
2989 1578 3370 1632 convenientia
3405 1577 3487 1630 di-

1898 1685 2043 1723 t‘erc.
2081 1666 2279 1723 Dicunt
2305 1669 2453 1724 enim
2488 1668 2631 1739 quod
2681 1668 2821 1724 duas
2850 1668 3014 1723 etiam
3052 1669 3168 1739 ipse
3209 1668 3485 1723 nominari

262 1736 727 1835 ἁγίουςμοναστὰς,
750 1736 869 1818 δεῖν
904 1736 1088 1834 ᾠήθην
1115 1736 1187 1816 τά
1206 1736 1400 1815 ἐίκότα
1431 1736 1531 1814 ﬁxa!
1562 1736 1698 1830 πρός
1728 1777 1791 1829 γε

1898 1760 2303 1826 subsistentias,
2353 1769 2408 1815 et
2465 1758 2713 1815 suﬂicere
2766 1760 2847 1816 eis
2902 1760 2971 1815 ad
3030 1760 3484 1830 redarguendum,

259 1857 393 1909 τοῦτο
425 1858 584 1910 είπεῖν
602 1874 616 1886 ·
648 1856 781 1926 φασὶ
805 1853 918 1925 γὰρ
951 1855 1033 1907 ὅτι
1059 1851 1152 1907 δύο
1191 1854 1285 1907 καὶ
1304 1852 1465 1916 αὐτὸς
1489 1851 1746 1924 ὠνόμασα
1763 1866 1789 1893 ι

266 1949 571 2013 ὒποστάσεις’
600 1949 691 2004 καὶ
718 1948 1056 2018 ἀποχρήσειν
1074 1945 1101 1986 b
1125 1947 1311 2009 αὐτοῖς
1341 1946 1421 2008 εἰς
1449 1944 1669 2016 ἔλεγχον
1696 1948 1791 2000 τοῦ

271 2042 353 2095 καὶ
378 2043 503 2110 ἡμᾶς
528 2040 723 2094 ἑλέσθαι
752 2039 919 2093 tatu-rb
963 2039 1139 2092 εἰπεῖν
1181 2038 1292 2100 τοῖς
1317 2046 1339 2076 ε
1377 2035 1511 2090 αὐτὸ
1550 2036 1614 2108 δὴ
1638 2037 1794 2091 τοῦτο

279 2130 805 2203 νομίζουσι.ῐ1αραθεὶς
833 2125 930 2184 οῦν
952 2128 1268 2197 ἀναγκαίως
1295 2127 1357 2181 τὸ
1388 2128 1488 2199 τῆς
1507 2127 1792 2199 ἐπιστολῆς

287 2220 455 2289 μέρος,
478 2221 777 2288 προσεποίσω
809 2220 953 2291 μετὰ
990 2216 1152 2272 τοῦτο
1179 2216 1247 2271 τὰ
1275 2216 1342 2270 δι’
1383 2209 1459 2271 ὧν
1486 2216 1553 2271 ἂν
1581 2219 1794 2286 γένοιτο

286 2311 604 2381 ψευδομυθεῑν
631 2313 918 2384 ᾑρημένους
969 2311 1247 2382 ἀποφῆναι
1303 2308 1600 2379 πανταχοῦ.
1638 2311 1793 2381 Ἔχει

280 2400 334 2453 δὲ
375 2401 562 2464 οὕτως·
596 2403 775 2456 Οὐκοῦν
818 2404 937 2456 ὅσον
976 2396 1115 2473 ἧκεν
1163 2401 1243 2464 είς
1303 2399 1440 2455 ἰδίαν
1474 2399 1662 2470 φύσιν,
1695 2401 1793 2472 οὐχ

274 2492 511 2561 ἡγίασται
540 2495 829 2563 καταμόνας
853 2497 878 2547 ὁ
904 2496 963 2547 ἐκ
1008 2492 1146 2546 Θεοῦ
1174 2492 1390 2564 Πατρδς
1423 2492 1594 2563 Λόγος
1611 2511 1626 2525 ⁵
1655 2495 1704 2547 εί
1737 2494 1795 2549 δὲ

261 2584 320 2656 δή
353 2604 431 2649 τις
454 2588 609 2639 οἴοιτο
641 2587 726 2640 τόν
753 2589 817 2640 ἐκ
850 2588 941 2657 τῆς
966 2587 1132 2655 ἁγίας
1160 2586 1439 2660 Παρθένου
1466 2588 1796 2659 γεγεννημέα

257 2693 336 2730 νον
360 2678 625 2748 κεκρίσθαι
651 2696 705 2731 τε
740 2680 829 2732 καὶ
858 2679 1123 2749 ἡγιάσθαι
1156 2679 1340 2748 μόνον,
1379 2678 1552 2752 ταύτῃ
1583 2696 1666 2733 τοι
1700 2681 1795 2733 καὶ

252 2768 534 2838 ὠνομάσθαι
564 2770 813 2839 Χριστὸν,
836 2770 1045 2839 λεγέτω
1074 2769 1383 2843 παρελθὼν,
1412 2772 1461 2823 sl
1488 2771 1706 2843 ἀπόχρη
1736 2773 1795 2827 τὸ

250 2861 435 2932 χρίσμα
460 2862 585 2932 πρὸς
612 2863 672 2916 τὸ
695 2863 976 2933 ἀποφῆναι
1004 2864 1095 2917 τὸν
1115 2862 1404 2934 χριόμενον
1439 2863 1658 2916 {settled
1701 2865 1796 2918 καὶ

247 2952 509 3022 ὸμόθρονον
551 2952 626 3024 τῷ
659 2955 881 3009 πάντων
936 2953 1195 3007 ἐπέκεινα
1243 2951 1382 3024 Θεῷ.
1440 2951 1658 3023 Ἐπειδὴ
1686 2950 1797 3025 γὰρ

248 3043 325 3096 τὸν
346 3046 406 3096 ὲκ
433 3044 559 3098 Θεοῦ
589 3046 766 3115 Λόγον
799 3044 984 3110 ίδικῶς
1007 3044 1322 3117 ὠνομάσθαι
1350 3044 1606 3116 Χριστὸν,
1635 3046 1664 3099 ὸ
1687 3045 1797 3099 τῶν

245 3136 363 3188 νέων
414 3137 537 3209 ἡμῖν
588 3137 959 3209 βλασφημιῶν
1017 3138 1244 3209 εὑρετὴς
1287 3138 1583 3209 Νεπόριος
1611 3137 1795 3192 διαδε-

245 3226 464 3283 ϐαιοῦται
486 3230 695 3302 συχνῶς
713 3247 729 3260 ·
771 3230 957 3293 ίδικῶς
1005 3229 1083 3296 δὲ,
1112 3232 1208 3283 καὶ
1235 3229 1340 3283 ἀνὰ
1368 3230 1533 3301 μέρος
1556 3216 1797 3302 Χριστὸν

244 3322 405 3392 ἕτερον
443 3322 530 3377 τὸν
577 3325 644 3377 ὲκ
695 3324 796 3395 τῆς
833 3322 999 3393 ἁγίας
1049 3318 1329 3393 Παρθένου
1369 3321 1794 3393 γεγεννημένον·

243 3412 774 3486 κατακιὸδηλεύοντες
794 3414 896 3482 τὴν
918 3412 1095 3479 δόξαν,
1129 3412 1204 3476 ὡς
1232 3411 1444 3484 ἀκαλλῆ
1494 3414 1590 3467 καὶ
1621 3412 1796 3484 ams!"

240 3498 379 3566 φνλον
396 3499 420 3539 ἀ
439 3504 532 3555 καὶ
556 3503 667 3574 τῆς
698 3501 963 3573 ἀληθείας
1007 3501 1403 3574 ὲξφκισμένην,
1423 3501 1547 3557 οὔτε
1566 3502 1622 3557 δὲ
1651 3513 1676 3543 ο
1704 3504 1797 3557 τὸν

240 3588 294 3639 ἐκ
317 3589 436 3644 Θεοῦ
466 3593 690 3664 Πατρὸς
719 3592 897 3661 Λόγον
922 3593 1065 3647 κατὰ
1094 3593 1262 3663 μόνας
1297 3593 1584 3666 νοούμενον
1616 3594 1798 3666 κεχρί-

241 3677 347 3732 σθαι
391 3681 466 3753 τῷ
513 3684 695 3754 ἐλαίῳ
741 3685 842 3755 τῆς
886 3684 1264 3753 ἀγαλλιάσεως
1315 3686 1793 3759 διαδεδαιούμεθα,

238 3769 339 3824 οὔτε
368 3773 464 3843 μὴν
500 3776 605 3849 ἰδία
654 3793 719 3829 τε
751 3778 845 3829 καί
878 3777 1022 3831 κατὰ
1055 3778 1223 3848 μόνας
1253 3777 1330 3842 ὡς
1365 3780 1670 3850 ἄνθρωπον,
1702 3784 1797 3835 κοιλ⁵

235 3861 393 3933 ἕτερον
420 3866 543 3921 ὄντα
600 3868 745 3921 Υίὸν
775 3868 930 3937 παρὰ
977 3869 1069 3921 τὸν
1099 3871 1163 3923 ὲκ
1213 3869 1348 3923 Θεοῦ
1389 3871 1581 3940 Λόγον,
1617 3872 1707 3927 τὸν
1733 3875 1796 3926 ὲκ

236 3953 319 4021 τῆς
356 3956 502 4025 ἁγίας
539 3959 860 4032 Παρθένου.
895 3960 1036 4015 Ἕνα
1084 3961 1141 4014 δὲ
1176 3962 1375 4032 μᾶλλον
1411 3964 1607 4034 χρῆναι
1658 3967 1797 4037 πρὸς

233 4045 455 4104 ἁπάντων
476 4051 941 4124 διισχυριζόμεθα
967 4054 1351 4124 ὁμολογεῖσθαι
1373 4056 1629 4127 Χριστὸν,
1658 4074 1795 4130 σαρ-

236 4137 446 4194 κωθὺδτα
480 4144 575 4196 καὶ
634 4144 1176 4215 ἐνανθρωπήσαντα,
1228 4147 1321 4200 τὸν
1382 4150 1645 4220 μονογενῆ
1701 4150 1794 4203 τοῦ

235 4225 349 4282 Θεοῦ
376 4233 575 4303 Λόγον·
631 4253 654 4284 ‹
684 4229 776 4297 Εἷς
810 4234 919 4307 γὰρ
958 4235 1185 4307 Κύριος,
1236 4239 1334 4308 μία
1375 4239 1576 4305 πίστις,
1608 4240 1666 4292 ἓν
1702 4239 1797 4310 βά-

234 4334 433 4393 πτισμα.
465 4346 483 4378 ι
514 4327 688 4380 Ἐστι
708 4326 889 4380 τοίνυν
918 4326 1093 4380 οὐδενὶ
1127 4328 1235 4382 τῶν
1269 4329 1408 4400 ὀρθὰ
1425 4334 1641 4401 φρονεῖν
1676 4335 1798 4387 εἰω-

1895 1856 2037 1922 ιιιιοιΙ
2081 1869 2179 1909 nos
2228 1854 2369 1909 idem
2418 1865 2584 1924 atque
2620 1853 2720 1923 ipsi
2753 1853 2934 1908 dicere
2979 1867 3085 1907 non
3119 1853 3482 1918 renuerimus,

1895 1948 1984 2015 qui
2041 1947 2187 2002 istud
2256 1948 2433 2018 ipsum
2494 1948 2704 2003 scilicet
2775 1956 2989 2018 putant.
3064 1946 3322 2017 Apposita
3386 1947 3486 2016 igi-

1898 2053 1983 2093 tur
2011 2041 2320 2096 necessario
2361 2055 2427 2095 ea
2474 2051 2630 2111 parte
2678 2039 2947 2110 epistolae,
3000 2039 3335 2095 subinl'eram
3368 2051 3488 2110 post

1899 2134 2009 2188 luce
2043 2147 2129 2200 ea,
2176 2133 2374 2202 quibus
2407 2134 2608 2204 ubique
2644 2132 2784 2188 falso
2832 2133 3022 2203 nugari
3071 2133 3209 2188 velle
3258 2136 3487 2187 dem-tn-

1890 2234 2158 2283 mrentur.
2188 2225 2361 2281 liabet
2382 2236 2560 2281 autem
2585 2226 2664 2281 sic
2691 2244 2703 2280 :
2736 2224 2924 2295 Itaque
2945 2233 3208 2295 quantum
3237 2223 3303 2278 ad
3333 2239 3485 2277 suam

1899 2327 2170 2382 naturam,
2207 2334 2311 2373 non
2351 2318 2756 2373 sanctiﬁcatum
2788 2325 2870 2374 εει
2902 2317 3198 2387 separatim
3247 2317 3339 2371 Dei
3389 2315 3486 2369 Pa-

1900 2408 1996 2463 tris
2026 2406 2288 2464 Verhnm.
2319 2407 2375 2462 Si
2402 2417 2582 2463 autem
2615 2407 2739 2478 quis
2771 2408 3058 2462 existimet
3105 2422 3252 2472 eum,
3281 2406 3373 2475 qui
3404 2418 3489 2461 est.

1896 2515 1962 2553 ex
1995 2507 2184 2553 saneta
2221 2496 2442 2568 Virgine
2474 2507 2656 2561 natus,
2692 2509 2916 2552 unctum
2942 2511 3063 2551 esse
3094 2504 3149 2551 et
3175 2498 3488 2552 sanctitiea-

1898 2602 2008 2644 tum
2052 2590 2248 2656 solum,
2298 2600 2352 2645 et
2408 2590 2509 2646 hac
2562 2590 2773 2645 ratione
2806 2591 3147 2645 nominatum
3184 2591 3483 2655 Christum,

1900 2682 2125 2751 prodeat
2162 2691 2217 2735 et
2264 2681 2429 2747 dicat,
2483 2696 2610 2736 num
2647 2679 2878 2737 suniciat
2919 2682 3105 2737 unctio
3139 2683 3207 2737 ad
3250 2681 3377 2746 hoc,
3427 2694 3489 2736 ut

1897 2775 2114 2843 elliciat,
2152 2774 2295 2844 quod
2344 2784 2539 2829 unctus
2583 2774 2809 2844 mqualis
2856 2774 3044 2845 gloriae
3087 2783 3142 2829 et
3184 2773 3487 2842 maiestatis

1899 2870 1969 2923 sit
2009 2882 2131 2921 cum
2181 2880 2267 2930 eo,
2302 2866 2393 2935 qui
2440 2875 2525 2919 est
2566 2879 2732 2934 super
2758 2867 2964 2931 omnia,
3017 2865 3181 2920 Deus.
3219 2866 3484 2931 Quoniam

1900 2962 2043 3015 enim
2080 2957 2178 3014 Dei
2207 2937 2445 3013 Verbum
2478 2957 2703 3011 seorsim
2729 2955 3003 3011 nominari
3038 2955 3337 3018 Christum,
3374 2952 3486 3009 Ne-

1823 3072 1867 3129 c
1900 3050 2125 3113 storius,
2175 3048 2514 3104 novellarum
2547 3046 2703 3102 nobis
2730 3045 3194 3116 blasphemiarum
3237 3046 3488 3100 inventor

1903 3141 2119 3196 assidue
2144 3138 2405 3206 aﬂirutat;
2439 3150 2493 3196 et
2522 3138 2753 3195 seorsim
2785 3137 3063 3194 Christum
3097 3135 3355 3204 alterum,
3389 3137 3485 3207 qui

1900 3247 1964 3288 ex
2002 3241 2188 3286 sancta
2219 3229 2443 3301 Virgine
2486 3231 2703 3302 genitus
2742 3236 2824 3283 est
2866 3247 2882 3284 :
2917 3235 2976 3282 ut
3009 3227 3148 3282 hanc
3174 3228 3484 3297 opinionem

1902 3332 2221 3378 notaremus
2267 3301 2529 3392 tauquam
2573 3316 2983 3391 improbandam
3010 3333 3076 3375 ac
3112 3320 3485 3386 temerariam,

1899 3425 1955 3472 et
1999 3431 2029 3471 a
2080 3416 2313 3472 veritate
2345 3416 2610 3479 alienam,
2656 3427 2831 3483 neque
2882 3411 3121 3467 Verbum
3174 3413 3269 3468 Dei
3308 3413 3489 3468 Patris

1898 3524 2145 3564 seorsum
2192 3510 2622 3575 consideratum,
2662 3515 2887 3562 unctum
2929 3521 3052 3563 esse
3096 3505 3217 3562 oleo
3248 3505 3487 3560 exsulta-

1901 3601 2067 3656 tionis
2113 3598 2486 3665 aﬂirmamus,
2522 3611 2699 3668 neque
2745 3611 2993 3654 seorsum
3033 3605 3089 3652 et
3124 3596 3379 3667 privatim
3431 3608 3489 3652 ttt

1898 3691 2196 3756 hominem,
2222 3701 2278 3745 et
2298 3690 2464 3745 alium
2495 3688 2692 3744 Filium
2723 3690 2791 3745 ab
2809 3705 2901 3756 eo,
2920 3691 3012 3760 qui
3044 3700 3130 3746 est
3157 3688 3394 3745 Verbum
3418 3703 3488 3744 ex

1900 3782 2033 3847 Deo,
2075 3798 2199 3837 eum
2247 3782 2338 3851 qui
2382 3796 2414 3836 e
2449 3792 2638 3836 saneta
2684 3779 2936 3850 Virgine;
2976 3781 3272 3836 asserimus
3305 3790 3485 3836 autem

1901 3872 2268 3928 necessarium
2324 3887 2470 3937 esse,
2522 3881 2587 3928 ut
2643 3886 2838 3927 omnes
2900 3872 3263 3928 conﬁteantur
3318 3887 3485 3927 unum

1897 3963 2201 4027 Christum,
2239 3964 2581 4019 incarnatum
2624 3974 2681 4019 et
2728 3964 3004 4021 hominem
3057 3964 3259 4019 laetum
3295 3964 3488 4031 unige-

1899 4054 2074 4109 nitum
2104 4038 2520 4108 Dei'Verhum:
2579 4071 2599 4104 ί
2636 4053 2784 4108 Unus
2836 4054 2982 4108 enim
3034 4052 3318 4119 Dominus,
3377 4070 3483 4108 una

1898 4143 2051 4207 ﬁdes,
2116 4159 2280 4199 unum
2322 4144 2591 4214 baptisma
2636 4144 2701 4197 ⁸³.
2735 4162 2754 4197 ι
2800 4143 2967 4216 Igitur
3019 4144 3173 4212 nulli,
3209 4145 3300 4216 qui
3337 4156 3486 4201 recte

1901 4237 2105 4291 sentire
2142 4236 2300 4303 solet,
2354 4236 2647 4292 obscurum
2689 4246 2793 4303 est,
2853 4236 2997 4307 quod
3037 4237 3232 4293 vitiant
3265 4253 3484 4295 sensum

1899 4343 2088 4384 eorum
2141 4344 2262 4399 quae
2309 4346 2339 4386 a
2390 4343 2477 4385 me
2546 4332 2749 4398 scripta
2800 4339 2945 4396 sunt,
2991 4342 3045 4388 et
3080 4332 3487 4388 calumniantur

235 4410 379 4469 θὸτων
425 4419 777 4491 ἁσυμφανὲς,
833 4421 915 4473 ὅτι
977 4423 1464 4492 παραχαράττουσι
1502 4425 1611 4478 τῶν
1664 4426 1794 4499 παρ’

1904 4421 2069 4476 etiam
2103 4421 2156 4475 in
2193 4421 2299 4477 hoc
2329 4423 2641 4481 veritatem.
2667 4424 2774 4479 Sed
2805 4433 2860 4479 et
2880 4424 2987 4479 alio
3020 4425 3181 4480 modo
3207 4426 3361 4496 culpa
3392 4442 3495 4487 νεμ,

233 4504 345 4574 ἐμοῦ
371 4510 788 4582 γεγραμμένων
821 4512 922 4583 τὴν
957 4511 1219 4575 διάνοιαν,
1258 4517 1354 4567 καὶ
1396 4518 1793 4586 συκοφαντοῦσι.

232 4596 317 4647 κάν
344 4600 510 4672 τούτῳ
536 4605 648 4673 τὴν
686 4596 967 4672 ἀλήθειαν.
1003 4603 1112 4657 Καὶ
1142 4606 1263 4658 καθ’
1296 4605 1482 4677 ἕτερον
1512 4608 1568 4661 δὲ
1596 4609 1795 4679 τρόπον

229 4684 559 4760 ἀπλημμελὲς
615 4692 704 4762 εἴη
736 4692 825 4756 ἂν,
867 4694 965 4746 καὶ
999 4695 1144 4763 μάλα
1190 4696 1435 4762 εἰκότως,
1476 4699 1796 4769 ἀμοιρήσειε

230 4771 266 4825 δ’
293 4774 351 4827 ἂν
378 4779 468 4831 καὶ
512 4780 716 4850 μώμου
742 4782 947 4846 παντὸς
980 4784 1042 4836 τὸ
1080 4785 1278 4839 εἰδέναι
1305 4788 1490 4856 τυχὸν,
1526 4788 1600 4852 ὡς
1631 4791 1794 4862 ἑτέρα

232 4871 314 4937 μὲν
341 4873 452 4928 ἔστι
482 4875 634 4929 κατὰ
672 4876 837 4944 φύσιν
884 4877 1024 4932 ίδίαν
1057 4881 1090 4949 ἡ
1135 4878 1274 4950 σὰρξ
1321 4883 1473 4953 παρά
1510 4898 1575 4949 γε
1604 4883 1696 4937 τὸν
1732 4887 1797 4938 ἐκ

230 4958 346 5013 Θεοῦ
377 4964 591 5037 Πατρὺς
638 4966 815 5035 φύντα
842 4966 862 5005 τ
890 4968 1083 5037 Λόγον,
1116 4970 1301 5040 ἕτερος
1339 4972 1395 5024 δὲ
1442 4968 1508 5025 αὖ
1550 4975 1690 5027 κατὰ
1734 4992 1795 5043 γε

229 5053 303 5105 τὸν
328 5055 424 5124 τῆς
473 5058 615 5120 ιδίας
649 5058 867 5128 φύσεως
916 5061 1074 5131 λόγον
1119 5064 1147 5115 ὁ
1188 5066 1520 5137 Μονογενὴς.
1558 5067 1694 5121 Ἀλλ’
1734 5069 1796 5122 οὐ

228 5144 279 5195 τ),
310 5148 707 5216 εῖδέναιταῦτα,
743 5152 989 5224 μερίζειν
1019 5156 1135 5208 ἐστὶ
1176 5156 1273 5220 τὰς
1309 5158 1501 5226 φύσεις
1530 5162 1669 5230 μετὰ
1702 5163 1798 5233 τὴν

289 5298 330 5330 ⁸⁸
357 5301 551 5370 Ephes.
589 5322 661 5365 tv,
692 5306 727 5360 5

1900 4523 2052 4568 caret
2097 4522 2152 4567 et
2206 4514 2354 4569 omni
2404 4515 2854 4585 reprehensione,
2888 4514 3050 4586 idque
3088 4515 3304 4577 merito,
3343 4518 3486 4571 seire

1900 4605 2151 4670 forsitan,
2183 4608 2328 4674 quod
2375 4606 2480 4660 alia
2518 4607 2737 4676 quidem
2779 4614 2864 4661 est
2903 4607 3198 4662 secundum
3234 4620 3485 4661 naturam

1876 4699 2178 4771 \propriam
2203 4713 2333 4753 caro
2368 4713 2399 4753 a
2435 4697 2615 4754 Verbo
2666 4698 2778 4754 Deo
2829 4699 2991 4754 Patre
3038 4707 3191 4763 nato.
3243 4708 3296 4753 et
3350 4699 3487 4751 alius

1898 4805 2095 4846 rursus
2126 4789 2459 4861 Unigenitus
2493 4792 2792 4847 secundum
2825 4801 3032 4846 natura:
3064 4791 3294 4860 propriae
3314 4790 3484 4842 ratio-

1898 4899 2039 4939 nem.
2075 4883 2179 4938 Sed
2215 4884 2359 4939 scire
2387 4884 2527 4950 haec,
2561 4898 2666 4938 non
2702 4893 2788 4940 est
2823 4884 3065 4938 dividere
3098 4892 3324 4936 naturas
3361 4890 3484 4950 post

1900 4979 2222 5032 unitionem.
2268 4977 2388 5033 Jam
2424 4982 2470 5034 si
2516 4979 2641 5048 quis
2672 4972 2906 5034 voluerit
2952 4978 3276 5033 sacramenti
3315 4976 3487 5030 virut-

1905 5082 2013 5126 tem
2046 5086 2239 5126 exacto
2265 5073 2462 5127 mentis
2491 5070 2651 5126 oculo
2674 5072 3041 5134 considerare,
3071 5069 3269 5125 videbit
3299 5069 3486 5139 utique

1911 5166 2052 5232 quod
2084 5163 2259 5232 (sicut
2313 5163 2420 5217 dixi
2457 5162 2509 5215 in
2546 5162 2852 5232 principio)
2898 5176 3006 5215 non
3040 5174 3193 5215 suam
3231 5150 3483 5215 naturam

1276 5463 1449 5519 Varia:
1483 5465 1741 5520 lectiones
1768 5485 1830 5520 ex
1860 5469 2045 5524 codice
2079 5469 2463 5540 Seguiet'iano.

283 5623 312 5655 ι
340 5612 399 5667 τὸ
421 5613 478 5667 δὲ
500 5616 710 5687 κοινὴν,
738 5615 895 5687 Δἴσως
930 5614 1028 5687 οὐκ
1061 5616 1260 5669 ἐννοεῖν
1308 5621 1512 5685 κοινήν.

236 5691 321 5738 ειν.
395 5694 418 5723 ε
451 5684 657 5747 αὐτοίςζ
726 5684 752 5725 ἀ
781 5686 1076 5757 ἀσύφηλον.
1161 5698 1183 5725 ε
1216 5687 1381 5753 ἴσως,

545 5778 821 5845 (utaut.l
841 5778 955 5840 Gn.
983 5778 1251 5841 LXXVI.

1590 5628 1617 5713 fl
1656 5660 1669 5681 ,
1697 5621 1794 5691 οὐχ
1824 5621 1903 5713 ἑνὶ
1938 5623 2116 5678 κοινὸν
2138 5622 2244 5694 εἴη.
2325 5634 2345 5660 ι
2378 5626 2723 5698 πεποίηνται.
2803 5642 2829 5672 ι
2857 5632 3195 5703 ὠνόμασενδ
3226 5638 3473 5713 ἀπόχρη.

1588 5689 1606 5729 τ
1643 5708 1709 5743 πε
1717 5689 1941 5762 φηνότα.
2210 5689 2223 5694 ⁷
2569 5689 2591 5713 ’“

3004 5795 3063 5855 11
