4002 6192
504 280 600 335 531

1533 274 1591 328 s.
1632 270 1904 328 crtum
1940 266 2408 324 ALEXANDRINI
2452 225 2769 321 menter.

3654 271 3772 327 332

504 392 860 464 apprehendit
907 389 1047 444 Dens
1094 390 1363 444 exsistens
1423 385 1693 451 Verbum,
1748 384 1842 439 scd
1894 397 2075 438 semen

2190 368 2488 431 ΞνωσινίΕὶ
2522 377 2578 429 δὲ
2605 377 2667 448 δή
2700 395 2784 441 τις
2816 378 3058 447 βούλοιτο
3082 379 3179 449 τὴν
3213 379 3305 433 τοῦ
3338 383 3638 453 μυστηρίου
3666 387 3772 439 δύ-

503 484 756 540 Λιπιιιιω.
788 481 903 536 Non
937 488 1022 537 est
1061 489 1239 534 autem
1277 474 1737 534 consubstantiale
1790 473 1970 529 Verbo
2014 489 2081 525 ex

506 577 614 630 Deo
646 583 792 635 nato,
823 572 965 640 quod
999 587 1063 625 ex
1090 571 1293 625 semine
1320 568 1550 623 Abrahae
1580 576 1827 622 sanctum
1862 580 2079 632 corpus,

502 667 643 737 quod
675 664 831 735 167
863 679 893 718 e
919 663 1073 718 beata
1115 659 1334 730 Virgine
1365 659 1617 728 sumpsit,
1654 656 1951 727 procedens
1982 656 2080 708 ho-

503 772 615 823 mo,
653 765 709 809 ut
746 754 1006 809 lratribus
1048 754 1240 808 similis
1277 760 1442 814 esset,
1475 760 1530 804 et
1569 748 1937 819 appellaretur
1969 747 2082 814 pri-

504 848 809 916 mogenitus
843 846 935 915 qui
964 855 1079 900 erat
1105 844 1433 915 unigenitus.
1460 842 1718 909 Quamvis
1743 850 1923 894 autem
1952 840 2084 893 altr-

506 939 617 991 rius
649 945 855 990 natura:
883 935 955 989 sit
982 949 1178 1004 corpus
1203 950 1231 987 a
1261 932 1439 988 Verbo
1476 932 1565 986 Dei
1597 930 1800 995 Patris;
1834 944 1973 983 unus
1999 938 2083 983 ta-

504 1043 623 1081 men
653 1036 734 1081 est
770 1026 1041 1092 Christus,
1077 1034 1129 1079 ct
1164 1024 1354 1087 Filius,
1391 1033 1446 1080 et
1485 1023 1651 1090 Deus,
1698 1030 1748 1076 et
1798 1020 2079 1084 Dominus,

505 1117 714 1171 tametsi
765 1114 942 1171 lactus
990 1116 1067 1169 sit
1107 1130 1258 1169 caro.
1304 1112 1418 1168 Non
1466 1120 1616 1168 caret
1649 1121 1831 1166 autem
1862 1111 2079 1176 damno,

502 1207 796 1262 dissolvere
834 1221 975 1261 vera:
1010 1207 1271 1259 unitionis
1317 1206 1558 1266 modum,
1593 1184 1923 1260 et'dividere
1956 1205 2082 1256 sub-

500 1298 782 1351 sistentias
830 1311 858 1349 a
910 1312 969 1363 se
1003 1309 1189 1349 mutuo
1241 1294 1514 1365 sejunctas
1548 1294 1601 1347 in
1646 1295 1781 1349 duos
1817 1294 1977 1357 lilios,
2026 1301 2086 1345 ut

501 1385 753 1459 privatim
788 1397 841 1442 et
890 1402 1134 1442 seorsum
1193 1386 1327 1452 sint,
1380 1386 1644 1440 habentes
1689 1396 1867 1439 autem
1911 1384 2083 1439 solum

499 1481 780 1532 externam
810 1477 1227 1542 connexiuuem,
1267 1485 1322 1532 et
1374 1484 1432 1530 ut
1470 1477 1524 1530 iu
1556 1476 1758 1540 ,ordine
1783 1475 2081 1547 dignitatis.

501 1570 653 1635 Quod
686 1567 731 1623 si
776 1567 1077 1621 naturalem
1114 1567 1370 1620 unionem
1413 1566 1737 1630 dixerimus,
1781 1581 1965 1620 veram
2002 1566 2085 1618 in-

505 1661 815 1732 telligiuuts.
849 1659 1020 1714 Habet
1049 1660 1193 1713 enim
1228 1658 1509 1729 Scriptura
1534 1659 1789 1713 divinitus
1825 1658 2086 1727 inspirata

2186 488 2349 541 ναμιν
2383 470 2602 540 ἀκριϐεῖ
2633 470 2872 533 διανοίας
2906 470 3112 541 δμματι
3135 472 3630 538 κατασκέπτεσθαι,
3660 495 3773 531 κα-

2186 561 2509 631 ταθρήσειεν
2538 559 2625 620 ἂν,
2654 558 2757 620 ὅτι,
2785 557 3036 629 καθάπερ
3072 557 3207 628 ἔφην
3237 559 3294 612 ὲν
3329 560 3546 631 ἀρχαῖς,
3580 563 3641 615 οὐ
3662 565 3774 636 τῆς

2185 652 2347 707 αὑτοῦ
2361 652 2574 721 φύσεως
2597 650 2892 704 ἐπελάϐετο
2911 650 3043 714 Θεὸς
3076 650 3151 703 ὢν
3173 654 3201 705 6
3229 652 3420 721 Λόγος,
3440 653 3577 707 ἀλλά
3603 657 3772 728 σπέρο

2189 760 2354 813 ματος
2389 741 2640 813 Ἀϐραάμ
2666 756 2679 770 ⁸
2711 742 2809 811 οὐχ
2835 741 3119 811 όμοούσιον
3145 743 3201 794 δὲ
3234 744 3311 814 τῷ
3343 746 3404 797 ὲκ
3437 744 3572 798 Θεοῦ
3607 747 3774 814 φύντι

2185 835 2361 904 Λόγῳ,
2387 834 2446 886 τὸ
2475 836 2539 887 ἐκ
2567 834 2881 904 σπέρματος
2916 833 3170 905 ’Δὸραάμ
3209 836 3365 904 ἅγιον
3396 837 3556 907 σῶμα
3627 840 3774 911 ὅπερ

2187 926 2249 977 ἐκ
2274 924 2371 994 τῆς
2407 925 2684 993 μακαρίας
2710 921 2990 993 Παρθένου
3028 922 3228 988 λαϐὼν,
3249 922 3519 992 προῆλθεν
3551 924 3774 995 ἅνθρω-

2188 1032 2307 1079 πος,
2333 1016 2420 1066 ἴνα
2450 1017 2559 1077 τοῖς
2578 1012 2828 1083 ἀδελφοῖς
2855 1014 3117 1084 ὀμοιωθῇ,
3144 1014 3235 1066 καὶ
3273 1016 3586 1087 χρηματίσῃ
3621 1034 3778 1087 πρω-

2186 1109 2404 1171 τότοκος
2424 1109 2451 1159 ὁ
2482 1110 2797 1179 μονογενής.
2838 1109 2979 1163 Ἀλλ’
3009 1111 3057 1162 εἰ
3092 1108 3185 1162 καὶ
3212 1108 3355 1162 ἔστιν
3382 1110 3677 1179 ὲτεροςρυὲς
3710 1110 3775 1161 τὸ

2189 1199 2347 1269 σῶμα
2384 1199 2535 1269 παρά
2561 1216 2625 1268 γε
2664 1199 2751 1285 τὸν
2792 1200 2857 1252 ὲκ
2890 1199 3027 1252 Θεοῦ
3064 1199 3275 1269 [ἰατρὸς
3302 1200 3494 1268 Λόγον,
3529 1199 3647 1252 ἀλλ’
3676 1196 3773 1253 οὖν

2187 1286 2268 1354 εἷς
2296 1290 2552 1361 Χριστὸς,
2587 1291 2681 1345 καὶ
2705 1290 2853 1354 Υίδς,
2890 1291 2985 1344 καὶ
3015 1291 3167 1354 Θεὸς,
3199 1292 3293 1344 καὶ
3324 1290 3565 1361 Κύριος,
3597 1292 3691 1344 καὶ
3723 1291 3775 1343 ει

2190 1383 2378 1451 γέγονε
2421 1379 2576 1454 σάρξ.
2614 1383 2724 1435 Καὶ
2756 1383 2846 1436 τὸν
2886 1384 2984 1451 τῆς
3016 1382 3252 1453 ἀληθοῦς
3278 1381 3527 1446 ὲνὼσεως
3569 1383 3778 1452 τρόπον

2192 1474 2494 1546 παραλύειν
2522 1475 2623 1528 οὐκ
2649 1474 2905 1545 ἀζήμιον,
2929 1476 3239 1538 διιστάντας
3266 1476 3345 1538 είς
3370 1475 3520 1538 υἱοὺς
3549 1475 3642 1528 δύο
3669 1475 3776 1537 τὰς

2189 1558 2539 1630 ὑποστάσεις,
2581 1567 2969 1638 ἀποφοιτώσας
3027 1568 3125 1638 μὲν
3156 1566 3404 1637 ἀλλήλων
3445 1569 3524 1630 είς
3558 1567 3620 1620 τὸ
3664 1568 3780 1640 ἰδία

2190 1675 2247 1711 τε
2279 1655 2420 1711 εἶναι
2467 1658 2563 1712 καὶ
2585 1659 2690 1713 ἀνά
2715 1658 3147 1731 μέρος,ὲχούσας
3174 1658 3233 1711 δὲ
3262 1658 3433 1729 μόνην
3474 1660 3780 1728 συνάφειαν

501 1754 646 1807 hunc
676 1766 904 1817 morem,
933 1753 1034 1806 hac
1057 1751 1292 1806 dictione
1315 1752 1365 1806 in
1396 1751 1540 1807 hunc
1568 1766 1785 1807 Sensum
1807 1751 1903 1805 uti.
1932 1750 2081 1806 Scri-

2190 1748 2283 1819 τὴν
2317 1747 2515 1813 ἔξωθέν
2545 1767 2605 1802 τε
2636 1750 2729 1804 καὶ
2761 1750 2838 1814 ὡς
2873 1750 2934 1803 ὲν
2985 1749 3139 1817 τάξει
3178 1750 3368 1821 τιμῆς.
3412 1750 3475 1802 Εἰ
3503 1749 3562 1803 δὲ
3592 1751 3659 1821 δὴ
3687 1750 3781 1803 λέ-

470 1847 580 1917 _bit
612 1845 755 1898 enim
807 1843 1007 1898 alicubi
1043 1844 1372 1913 quibusdam
1418 1844 1633 1899 divinus
1669 1842 1873 1897 Paulus
1906 1860 1921 1897 :
1964 1864 1982 1894 ο
2023 1843 2086 1896 Et

498 1952 719 1992 eramus
758 1944 949 1989 natura
978 1934 1069 1989 lilii
1107 1936 1220 2000 irzn,
1253 1934 1395 1989 sicut
1420 1943 1469 1989 et
1500 1934 1684 1989 exteri
1709 1932 1786 1999 “;
1817 1952 1835 1985 ι
1875 1944 1929 1988 et
1956 1948 2086 1986 neu-

502 2030 705 2097 tiquam
754 2026 955 2082 dixerit
984 2027 1249 2105 quispiam
1287 2026 1585 2082 subsistere
1617 2036 1864 2080 naturam
1894 2025 2086 2080 divime

501 2119 617 2184 irae,
665 2119 736 2172 ita
789 2126 849 2172 ut
902 2129 1216 2187 peccatores
1253 2118 1395 2173 illius
1422 2118 1530 2173 sint
1577 2117 1791 2196 soboles
1842 2105 2084 2187 :alioqui

500 2225 723 2280 prorsus
752 2220 808 2265 et
836 2210 1087 2266 omnibus
1123 2211 1298 2267 modis
1350 2210 1750 2266 consentiamus
1788 2208 2087 2264 laboranti-

400 2375 407 2381 _
501 2304 602 2357 bus
657 2301 867 2357 insania
917 2300 1363 2357 Manichzeorum.
1410 2300 1514 2357 Sed
1547 2301 1642 2366 ibi,
1685 2311 1897 2366 natura,
1944 2300 2085 2355 idem

426 2400 433 2412 ‘
498 2400 582 2446 est
614 2391 779 2461 quod,
832 2404 980 2447 vere.
1026 2390 1142 2446 Non
1199 2392 1362 2462 igitur
1390 2392 1789 2447 confundentes
1841 2399 2084 2454 naturas,

504 2498 680 2552 neque
709 2483 857 2552 ipsas
889 2486 1031 2537 inter
1062 2499 1120 2538 se
1158 2484 1470 2549 miscentes,
1504 2485 1649 2540 sicut
1673 2484 1858 2539 dicunt
1889 2486 2084 2537 adver-

500 2574 650 2641 sarii,
672 2573 970 2629 naturalem
996 2574 1228 2629 dicimus
1255 2574 1451 2631 lactant
1472 2589 1594 2631 esse
1623 2576 1956 2641 nnitionem;
1992 2574 2086 2629 sed

500 2680 565 2719 ex
605 2664 817 2719 duabus
863 2664 1025 2719 rebus
1057 2664 1429 2730 dissimilibus,
1483 2666 1704 2732 deitatc,
1742 2664 1985 2735 inquam,
2035 2674 2088 2719 et

508 2753 873 2819 humanitate,
910 2769 1071 2807 unttut
1112 2752 1314 2808 factum
1348 2769 1470 2810 esse
1490 2753 2087 2820 Christum,ctFiliutn,

505 2855 561 2900 et
584 2844 892 2911 Dominum,
917 2844 1117 2913 ubique
1140 2844 1493 2902 aﬂirmamus.
1525 2846 1748 2901 Demum
1771 2862 1893 2901 cum
1924 2845 2089 2915 Apol-

502 2939 996 3010 linariidogutatis
1042 2939 1202 3010 plane
1247 2940 1381 2995 nihil
1438 2940 1613 2997 nobis’
1648 2955 1933 2996 commune
1982 2951 2083 2995 est.

503 3032 682 3088 Semel
710 3034 855 3088 enim
890 3034 1305 3099 condemnatos,
1339 3043 1594 3103 tanquam
1625 3033 1907 3088 veritatem
1937 3032 2087 3086 adul-

505 3134 739 3181 terantes
770 3124 1008 3179 aversari
1036 3134 1272 3193 oportet.

2188 1856 2383 1911 γοιμεν
2416 1842 2651 1912 φυσικὴν
2681 1842 2781 1909 τὴν
2822 1842 3040 1907 ἕνωσιν,
3067 1843 3166 1911 τὴν
3200 1841 3378 1913 άληθῆ
3417 1860 3622 1912 φαμεν,
3652 1843 3781 1906 ἔθος

2188 1931 2420 2003 ἐχούσης
2449 1933 2550 2003 τῆς
2603 1934 2965 1988 θεοπνεύστου
3010 1935 3236 2005 Γραφῆς
3288 1935 3431 1989 οὔτω
3468 1934 3781 2007 κεχρῆσθαι

2186 2027 2252 2096 τῇ
2289 2024 2455 2092 λέξει.
2491 2024 2698 2097 Γράφει
2721 2026 2831 2098 γάρ
2855 2026 2955 2080 πού
2984 2044 3127 2080 τισιν
3152 2028 3180 2080 6
3206 2026 3739 2091 θεσπέσιοςΠαῦλος
3758 2043 3775 2055 ο

2194 2133 2213 2167 ι
2254 2116 2364 2169 Καὶ
2404 2112 2549 2187 ἦμεν
2577 2116 2742 2172 τέκνα
2771 2118 2931 2187 φύσει
2973 2117 3167 2187 ὀργῆς,
3198 2118 3275 2182 ὡς
3308 2119 3402 2172 καὶ
3424 2121 3473 2172 οι
3506 2118 3714 2171 λοιποί·
3753 2138 3776 2171 ι

2188 2206 2283 2260 καὶ
2325 2207 2384 2259 οὐ
2416 2207 2587 2279 δήπου
2616 2208 2752 2280 φαίη
2783 2226 2866 2272 τις
2892 2207 2958 2270 ἂν
2981 2209 3282 2278 ὑφεστάναι
3321 2212 3463 2264 κατά
3492 2209 3654 2281 φύσιν
3674 2210 3781 2281 τὴν

2189 2296 2339 2350 θείαν
2373 2297 2567 2368 ὀργὴν,
2625 2296 2767 2351 ὥστε
2824 2299 2921 2353 καὶ⁵
2955 2299 3123 2369 αὐτῆς
3179 2300 3498 2371 γεννήματα
3525 2300 3779 2353 νοεῖσθαι

2187 2392 2313 2453 τοὺς
2335 2389 2757 2461 ἁμαρτάνοντας
2780 2407 2793 2419 ·
2821 2392 2852 2463 ἢ
2879 2393 3057 2463 πάντη
3081 2409 3140 2445 τε
3168 2392 3261 2445 καὶ
3292 2392 3505 2456 πάντως
3533 2393 3784 2463 ἐσόμεθα

2191 2481 2507 2553 σύμφρονες
2538 2484 2562 2521 ε
2595 2485 2708 2547 τοῖς
2757 2482 2854 2554 τὴν
2905 2484 3226 2554 Μανιχαίων
3288 2484 3501 2538 νοσοῦσι
3550 2486 3780 2555 μανίαν.

2201 2574 2361 2628 Ἀλλά
2390 2573 2468 2639 τὸ,
2504 2574 2686 2643 φύσει,
2712 2575 2864 2647 δηλοῖ
2896 2576 2958 2629 τὸ
2986 2576 3126 2630 κατὰ
3155 2576 3435 2648 ἀλήθειαν.
3469 2576 3681 2630 Οὐκοῦν
3712 2580 3783 2632 οὐ

2190 2667 2514 2737 συγχέοντες
2558 2666 2658 2730 τάς
2703 2667 2933 2737 φύσεις,
2971 2667 3101 2722 οὔτε
3147 2670 3257 2740 μὴν
3299 2669 3556 2741 ἀλλήλαις
3601 2671 3784 2734 αὑτὰς

2189 2758 2598 2827 ἀναφύροντες,
2636 2758 2781 2813 καθά
2813 2777 2975 2829 φασιν
3007 2763 3054 2814 οἱ
3097 2761 3163 2814 δι’
3217 2762 3483 2826 ἐναντίας,
3534 2764 3785 2833 φυσικήν

2189 2868 2370 2922 φαμεν
2403 2850 2655 2919 γενέσθαι
2679 2853 2777 2923 τὴν
2809 2853 3029 2906 ἕνωσιν*
3064 2853 3178 2905 ἀλλ’
3211 2855 3274 2907 ἐκ
3300 2854 3392 2907 δύο
3427 2857 3782 2926 πραγμάτων

2189 2942 2481 3011 ἀνομοίων,
2524 2941 2776 3013 θεότητός
2805 2959 2865 2995 τε
2921 2945 3015 2996 καὶ
3047 2944 3482 3016 άνθρωπότητος,
3531 2947 3625 2998 τὸν
3674 2947 3778 2999 ἕνα

2189 3032 2445 3105 γενέσθαι
2472 3034 2728 3105 Χριστὸν,
2760 3036 2854 3089 καὶ
2885 3034 3034 3100 Υἱὸν,
3065 3038 3159 3090 καὶ
3191 3036 3395 3108 Κύριον
3427 3037 3779 3091 διαϐεϐαιού-

2115 3108 2154 3161 C
2191 3124 2335 3193 μεθα
2363 3124 2661 3195 πανταχοῦ.
2705 3126 2826 3179 Τῶν
2853 3126 2908 3180 δὲ
2957 3128 3333 3201 Ἀπολιναρίου
3371 3130 3655 3202 δογμάτων
3679 3130 3780 3183 οὐ·

499 3221 611 3285 δεῖς
646 3199 926 3284 παντελῶς
996 3223 1129 3291 ἡμῖν
1159 3223 1187 3274 6
1219 3220 1412 3289 λόγος·
1474 3222 1601 3285 τοὺς
1644 3222 1752 3291 γὰρ
1818 3220 1965 3285 ἅπαξ
2014 3222 2571 3292 κατακεκριμένους,
2621 3223 2697 3287 ὡς
2762 3199 3287 3295 παραχαράττοντας
3337 3226 3435 3298 τὴν
3471 3199 3776 3297 ἀλήθειαν,

502 3311 945 3384 ἀποστρέφεσθαι
987 3312 1117 3383 χρή.

909 3403 1546 3460 ΔΝΑΤΙΙΕΜΑΉΞΜΠΒ
1585 3406 1676 3461 iV.

576 3520 635 3573 Si
670 3519 792 3588 quis
840 3517 1050 3572 duabus
1083 3532 1179 3585 per
1211 3518 1350 3579 ouis,
1374 3518 1489 3573 sive
1523 3520 1931 3590 hypostasibus,
1987 3535 2081 3576 eas

504 3626 664 3667 voces
709 3610 977 3672 attribuit,
1030 3624 1149 3677 quae
1193 3610 1244 3661 iu
1298 3611 1625 3681 evangelicis
1669 3622 1723 3666 et
1766 3612 2078 3682 apostolicis

507 3704 806 3773 Scripturis
851 3701 1050 3769 passim
1102 3684 1419 3765 occurrunt,
1470 3719 1658 3771 quaeve
1697 3719 1725 3757 a
1764 3704 1970 3759 sanctis
2000 3705 2080 3758 «le

501 3796 742 3858 Christo,
774 3792 854 3847 vel
886 3791 952 3846 ab
977 3791 1092 3860 ipso
1120 3806 1335 3861 quoque
1373 3791 1594 3847 Christo
1622 3795 1688 3848 de
1719 3793 1897 3862 seipso
1924 3794 2081 3847 dicta-

502 3900 665 3953 sunt;
710 3888 764 3943 et
803 3886 938 3940 alias
970 3883 1188 3953 quidem
1220 3882 1422 3937 homini
1471 3892 1725 3953 tauquam
1756 3897 2002 3937 seorsum
2047 3900 2079 3937 a

498 3980 612 4035 Deo
636 3980 811 4036 Verbo
830 3977 1174 4034 considerato
1205 3976 1459 4039 ascribit;
1492 3976 1627 4030 alias
1660 3989 1790 4029 vero
1821 3984 2078 4044 tanquam

502 4074 610 4128 Deo
646 4072 1055 4131 conVenientes,
1105 4068 1205 4123 soli
1265 4068 1354 4122 Dei
1405 4067 1579 4121 Patris
1632 4066 1803 4122 Verbo
1825 4066 2076 4135 adaptat;

497 4166 782 4220 anathema
824 4163 918 4216 sit.

957 4271 1311 4325 Orientalium
1347 4271 1619 4338 appositio.

568 4385 943 4452 Congrueuter
1003 4382 1162 4435 etiam
1215 4384 1316 4437 hoc
1372 4381 1490 4436 loco
1540 4381 1612 4435 illi
1654 4397 1748 4436 sua
1779 4382 1949 4453 ipsius
1988 4383 2080 4437 dc-

497 4483 645 4528 ereta
700 4469 1033 4539 suggerenda
1085 4480 1230 4525 sunt.
1266 4470 1411 4524 Dixit
1447 4472 1590 4526 enim
1640 4490 1653 4526 :
1684 4470 1942 4538 Quamvis
1977 4486 2076 4525 au-

499 4564 614 4615 dias
659 4561 799 4630 quod
850 4560 1140 4630 profecerit
1164 4571 1323 4615 aetate
1354 4570 1405 4614 et
1435 4560 1699 4629 Sapientia
1722 4570 1776 4616 et
1807 4561 1976 4630 gratia
2004 4561 2071 4624 “,

497 4670 563 4709 ne
593 4662 750 4721 putes
785 4651 1001 4720 Sapiens
1044 4664 1112 4706 ex
1160 4652 1492 4707 incremento
1526 4651 1726 4707 factum
1766 4652 1926 4724 168
1957 4666 2077 4707 esse

496 4741 730 4798 Verbum
769 4741 867 4796 Dei
904 4759 917 4795 :
967 4757 1141 4810 neque
1188 4758 1377 4797 rut-sus
1420 4743 1547 4798 illud
1606 4746 1884 4817 nugaciter
1927 4746 2077 4800 ausis

497 4838 697 4901 dicere,
731 4835 893 4904 quod,
924 4834 1187 4902 prolicere
1215 4834 1267 4890 in
1302 4844 1460 4891 aetate
1486 4847 1540 4892 et
1571 4836 1831 4907 sapientia
1868 4845 1921 4890 et
1953 4851 2075 4904 gra-

496 4928 594 4992 tia,
637 4926 844 4982 homini
878 4912 1215 4994 aptabimus.
1264 4928 1496 4995 (Verum
1529 4927 1740 4982 tametsi
1779 4939 1937 4999 neget
1976 4928 2075 4983 hoc

496 5021 618 5074 loco
659 5019 958 5087 Scn’ptura:
1002 5017 1399 5080 testimonium.
1435 5034 1542 5087 quo
1577 5019 1854 5083 docemur,
1897 5018 2075 5086 prole-

426 5141 435 5148 -
494 5122 641 5166 etum
673 5109 821 5165 illum
858 5109 1011 5178 juxta
1044 5117 1294 5163 naturam
1331 5108 1516 5163 carnis
1545 5107 1784 5174 Domini,
1830 5125 1950 5179 qua:
1991 5109 2071 5162 vi-

496 5203 743 5264 debatur.
774 5202 974 5267 luisse;
1006 5217 1149 5256 nunc
1184 5210 1358 5255 tamen
1389 5213 1494 5253 non
1527 5210 1610 5255 est
1644 5210 1853 5269 tempus
1885 5202 2069 5255 redar-

567 5359 611 5393 “
635 5359 828 5430 Ephes.
864 5374 923 5422 lt,
953 5357 1006 5411 3.
1082 5358 1127 5389 “
1167 5355 1296 5410 Luc.
1342 5373 1398 5421 tt,
1442 5357 1528 5411 52.

2613 3402 3209 3459 ΑΝΑΘΕΜΑΤΙΣΜΟΣ
3271 3411 3343 3461 Δ’.

2262 3514 2330 3566 Εἴ
2363 3530 2442 3577 τις
2471 3513 2786 3585 προσώποις
2811 3516 2983 3579 δυσὶν,
3015 3519 3182 3588 ἤγουν
3211 3520 3560 3587 ὑποστάσεσι,
3584 3527 3687 3591 τάς
3712 3545 3776 3581 τε

2189 3606 2247 3659 ὲν
2270 3609 2380 3669 τοῖς
2418 3606 2797 3675 εὐαγγελικοῖς
2840 3610 2933 3662 καὶ
2960 3612 3337 3678 ἀποπολικοῖς
3375 3618 3778 3688 συγγράμμασι

2186 3698 2433 3769 διανέμει
2486 3699 2691 3769 φωνάς,
2749 3702 2781 3774 ἢ
2840 3704 2932 3756 ἐπὶ
2985 3705 3205 3777 Χριστῷ
3255 3709 3405 3779 παρά
3440 3710 3549 3763 τῶν
3600 3714 3778 3780 άγίων

2188 3788 2510 3860 λεγομένας,
2544 3791 2577 3860 ἢ
2606 3792 2737 3864 παρ’
2767 3793 2936 3847 αὑτοῦ
2978 3796 3106 3865 περὶ
3145 3797 3338 3851 ἑαυτοῦ
3366 3816 3380 3830 ο
3419 3800 3635 3867 καὶτὰς
3673 3806 3777 3872 μὲν

2186 3879 2263 3946 ὡς
2289 3880 2560 3953 ἀνθρώπῳ
2595 3884 2746 3954 παρά
2778 3883 2869 3936 τὸν
2897 3887 2962 3938 ὲκ
2990 3885 3125 3940 Θεοῦ
3158 3888 3371 3962 Πατρός
3397 3891 3565 3960 Λόγον
3587 3892 3778 3958 ίδικῶς

2187 3975 2461 4046 νοουμένῳ
2499 3979 2824 4045 προσάπτει,
2852 3981 2950 4044 τάς
2982 3979 3039 4034 δὲ
3066 3981 3143 4046 ὡς
3169 3982 3492 4055 θεοπρεπεῖς
3516 3991 3664 4060 μόνῳ
3692 3990 3777 4061 τῷ

2185 4067 2251 4120 ὲκ
2288 4066 2422 4121 Θεοῦ
2453 4069 2665 4139 Ιῐατρὺς
2690 4070 2880 4141 Λόγῳ*
2906 4071 3153 4144 ἀνάθεμα
3183 4074 3341 4131 ἔστω.

2459 4268 2835 4339 Ἀντιζρῤησις
2891 4273 3011 4328 τῶν
3075 4276 3479 4333 Ἀνατολικῶν.

2271 4378 2588 4433 ’Λκόλουθον
2663 4383 2944 4440 κάνταῦθα
2990 4387 3097 4443 τῶν
3153 4391 3318 4445 αὐτοῦ
3378 4391 3774 4466 θεσπισμάτων

2185 4469 2345 4523 αὑτὸν
2389 4471 2726 4543 ὑπομνῆσαι,
2779 4477 2834 4530 ὲν
2883 4473 2965 4542 οἷς
3000 4497 3161 4551 φησι·
3209 4481 3327 4537 Κᾶν
3374 4485 3637 4558 ἀκούσῃς,
3688 4489 3774 4543 ὅτι

2187 4561 2494 4632 προέκοπτε
2534 4565 2716 4636 σοφίᾳ,
2750 4567 2842 4620 καὶ
2874 4568 3081 4641 ἡλικίᾳ,
3117 4572 3210 4624 καὶ
3240 4572 3442 4643 χάριτι,
3477 4576 3552 4648 μὴ
3604 4579 3773 4643 σοφὸν

2178 4654 2239 4719 ἐξ
2262 4655 2554 4720 ἐπιδόσεως
2586 4658 2841 4726 γενέσθαι
2871 4661 3099 4734 νομίσῃς
3132 4664 3223 4717 τὸν
3267 4665 3363 4719 τοῦ
3396 4666 3528 4721 Θεοῦ
3558 4670 3766 4739 Λόγον·

2182 4746 2304 4816 μηδ’
2334 4743 2403 4800 αὖ
2443 4748 2621 4801 ἐκεῖνο
2674 4750 2969 4821 φληνάφως
3017 4754 3297 4827 τολμήσῃς
3338 4760 3534 4822 εἰπεῖν,
3575 4760 3659 4814 ὅτι
3705 4762 3769 4814 τὸ

2179 4838 2511 4907 προκόπτειν
2565 4842 2624 4893 ἐν
2679 4842 2889 4915 ἡλικίᾳ,
2938 4844 3033 4898 καὶ
3080 4846 3261 4919 σοφίᾳ,
3315 4850 3411 4902 καὶ
3466 4851 3649 4923 χάριτι
3688 4852 3770 4922 τῷ

2178 4925 2450 4998 ἀνθρώπῳ
2467 4931 2821 5002 προσάψομεν
2844 4950 2858 4963 ο
2882 4934 2900 4997 (
2915 4934 3054 4987 Ἀλλ’
3070 4936 3119 4988 εί
3136 4936 3230 4990 καὶ
3258 4938 3500 5009 ἀρνεῖται
3529 4939 3769 4995 ἐνταῦθα

2175 5017 2274 5089 τὴν
2296 5021 2393 5090 τῆς
2422 5020 2644 5091 Γραφῆς
2670 5024 2980 5101 μαρτυρίαν
3003 5024 3361 5084 διδάσκουσαν
3391 5032 3472 5085 ὅτι
3505 5033 3645 5086 κατὰ
3668 5050 3769 5105 την
3846 5034 3853 5041 ’

2175 5112 2273 5180 τῆς
2306 5110 2640 5182 φαινομένης
2689 5115 2890 5185 σαρκὸς
2931 5116 3093 5186 φύσιν
3143 5119 3238 5174 τοῦ
3294 5121 3505 5195 Κυρίου
3552 5123 3621 5176 τὰ
3664 5127 3769 5194 τῆς

2176 5200 2463 5272 προκοπῆς
2510 5203 2720 5271 ἐγίνετο
2782 5207 2830 5271 ί»,
2886 5208 3005 5261 ἀλλ’
3036 5212 3093 5263 οὐ
3130 5211 3324 5285 καιρὸς
3360 5212 3454 5268 νῦν
3482 5211 3770 5286 τοῦτοιὸι-

1557 5511 1725 5568 Variae
1760 5512 2015 5569 lectiones
2044 5529 2106 5569 ex
2137 5513 2324 5571 codice
2356 5512 2732 5586 Seguieriauo.

571 5677 594 5714 Β
621 5667 918 5741 ξσόφρονες.
990 5665 1018 5705 ιι
1044 5663 1276 5735 ἐγένετο.
