4002 6192
434 257 542 312 535

1426 254 1486 311 S.
1527 252 1803 309 CYRlLLl
1842 248 2315 307 ALEXANDRINI
2355 248 2676 308 AllClllliP.
3593 252 3708 306 356

435 386 755 430 naturarum
802 372 907 428 vim
956 372 1133 444 (sicut
1184 373 1499 443 prmdictum
1548 372 1685 443 est).
1737 373 1790 426 iu
1842 386 2003 426 unmn

2114 371 2403 440 γουμένης,
2453 368 2552 431 τὰς
2582 368 2764 437 φωνὰς
2824 344 3232 440 ὲφαρμόζεσθαλι
3276 365 3419 420 κατὰ
3460 365 3557 437 τὴν
3590 367 3709 421 τῶν

432 466 653 531 Filium,
686 474 739 520 et
774 464 1084 531 Dominum,
1107 475 1160 519 ct
1186 464 1486 531 Christum,
1517 466 1611 520 sed
1636 480 1742 519 non
1770 466 1821 518 in
1847 479 2008 518 uuam

434 568 682 612 naturam
701 558 882 612 omnia
917 560 1339 623 contrahentes;
1372 558 1443 612 ita
1474 566 1533 613 ut
1555 574 1622 612 ex
1654 572 1761 612 uno
1785 567 2009 611 natura-

431 665 552 702 rum
585 650 804 704 nomine
832 660 1059 718 utraque
1089 650 1420 721 intelligatur
1448 652 1669 721 propter
1705 651 2012 719 incompre-

436 740 757 795 hensibilcm
808 740 1071 794 unitionis
1117 739 1512 806 summitatem,
1559 739 2009 809 quemadmodum

432 841 487 886 et
511 834 614 886 hoc
646 850 661 885 :
704 851 721 883 ι
748 828 920 886 Nemo
948 832 1194 886 ascendit
1220 832 1271 884 in
1296 830 1515 897 coelum,
1536 831 1639 885 nisi
1668 831 1757 901 qui
1786 831 2011 885 descen-

433 923 511 975 dit
536 922 603 976 de
629 922 768 976 coelo
803 921 973 975 Filius
1011 922 1248 975 hominis
1271 921 1360 990 qui
1399 932 1481 976 est
1512 923 1562 975 in
1595 922 1733 977 caelo
1755 922 1833 987 7‘;
1864 939 1883 973 ι
1916 927 2006 974 et:

438 1031 458 1065 ι
488 1010 544 1067 Si
597 1011 760 1081 igitur
809 1011 1053 1066 videritis
1102 1010 1297 1065 Filium
1346 1011 1581 1066 hominis
1629 1012 2008 1067 ascendentem

431 1102 521 1158 ubi
552 1103 704 1172 prius
738 1102 960 1169 erat";
995 1120 1014 1154 ι
1052 1116 1232 1158 nonne
1271 1117 1337 1156 ex
1371 1102 1729 1172 appellatione
1763 1102 1879 1157 Filii
1914 1104 2012 1158 ho-

431 1195 594 1249 minis
618 1196 781 1281 etiam
808 1194 980 1260 illum,
1006 1196 1097 1265 qui
1134 1194 1184 1249 ei
1216 1195 1503 1250 inconfuse
1540 1204 1593 1250 et
1628 1196 2012 1265 inseparabili-

430 1298 514 1342 ter
536 1287 719 1341 unilus
743 1294 827 1341 est
860 1285 1256 1357 intelligimus?
1290 1285 1422 1340 Nam
1452 1287 1701 1356 quamvis
1723 1298 1778 1340 et
1813 1286 2008 1341 Filium

431 1374 666 1429 hominis
715 1376 1014 1429 nominarit
1059 1383 1279 1444 pr0pter
1324 1388 1621 1446 assumptae
1676 1386 1731 1431 et
1781 1376 2011 1431 visibilis

434 1467 614 1521 carnis
640 1475 922 1533 naturam;
948 1473 1126 1520 tamen
1160 1481 1256 1536 per
1280 1480 1364 1529 ea,
1396 1482 1515 1536 qua:
1549 1468 1615 1521 ab
1641 1467 1756 1536 ipso
1786 1467 2007 1532 liebant,

429 1549 600 1612 Deum
650 1558 885 1628 seipsum
938 1559 1365 1613 demonstrabat.
1432 1559 1496 1613 Et
1527 1560 1767 1615 iterum:
1809 1558 2011 1617 «Jesus

429 1649 680 1705 Christus
713 1665 811 1720 per
851 1665 1012 1720 quem
1058 1650 1240 1705 omnia
1271 1651 1357 1716 ";
1390 1671 1408 1703 ι
1439 1662 1492 1705 et
1526 1652 1719 1708 iterum
1748 1668 1762 1707 :
1799 1671 1818 1704 ι
1851 1651 2010 1708 Jesus

2118 461 2420 514 ένωθεισῶν
2467 459 2679 528 φύσεων
2708 458 2958 530 δύναμιν,
2998 459 3073 521 ὡς
3105 458 3453 530 προείρηται,
3486 458 3566 521 είς
3602 458 3709 510 ἕνα

2122 553 2220 623 μὲν
2250 552 2342 604 τὸν
2370 552 2518 614 Υἱὸν,
2551 552 2643 604 καὶ
2674 551 2902 623 Κύριον,
2934 549 3029 603 καὶ
3057 548 3316 620 Χριστὸν,
3345 547 3460 602 ἀλλ’
3494 547 3594 600 οὐκ
3620 550 3712 610 εἰς

2122 645 2248 714 μίαν
2281 643 2440 713 φύσιν
2471 642 2541 696 τὰ
2574 642 2752 697 πάντα
2785 641 3165 712 συναιροῦντες
3188 655 3203 670 ⁸
3256 639 3333 703 ῶς
3364 638 3459 719 κα).
3495 639 3557 703 ἐξ
3582 640 3711 701 ἑνὸς

2119 736 2228 789 τῶν
2260 737 2476 806 φύσεων
2516 735 2784 806 ὀνόματος
2826 734 3093 804 ἑκατέρας
3126 732 3365 786 νοεῖσθαι
3392 731 3480 785 διὰ
3512 731 3573 784 τὸ
3602 730 3714 800 τῆς

2119 826 2365 890 ἑνώσεως
2398 829 2592 899 ἄκρον,
2623 828 2717 880 καὶ
2742 830 2875 898 ἡμῖν
2902 826 3292 896 ἀκατάληπτον
3314 841 3327 854 ·
3362 824 3438 888 ῶς
3478 840 3584 877 που
3609 824 3716 876 καὶ

2117 922 2177 973 τὸ
2200 961 2216 984 ,
2250 939 2269 971 ι
2299 920 2488 983 Οὐδεὶς
2519 919 2860 990 ἀναϐέϐηκεν
2893 922 2972 982 εἰς
3007 919 3097 972 τὸν
3128 918 3376 989 οὐρανὸν,
3412 919 3460 970 εί
3496 917 3573 987 μὴ
3594 918 3622 968 ό
3643 918 3715 968 ἐκ

2118 1010 2211 1065 τοῦ
2245 1011 2476 1081 ούρανοῦ
2514 1011 2783 1074 καταϐὰς,
2818 1011 2848 1063 ὁ
2880 1010 3010 1074 Υἱὸς
3051 1008 3148 1063 τοῦ
3193 1009 3505 1078 ἀνθρώπου,
3556 1009 3585 1059 ὁ
3628 1006 3716 1058 ῶν

2118 1106 2175 1157 ὲν
2198 1102 2275 1174 τῷ
2300 1101 2515 1175 οὐρανῷ
2535 1118 2548 1132 ·
2585 1122 2604 1155 ι
2652 1104 2747 1156 καὶ
2775 1103 2869 1167 τὸ,
2923 1122 2941 1154 ι
2965 1102 3091 1156 Ἐὰν
3131 1096 3224 1156 οῦν
3254 1102 3400 1170 ῐδητε
3445 1100 3536 1153 τὸν
3580 1099 3716 1152 Υἱδν

2117 1195 2211 1249 τοῦ
2247 1194 2534 1265 ἀνθρώπου
2570 1194 2950 1260 ἀναϐαίνοντα,
2987 1196 3123 1249 ὅπου
3152 1190 3220 1264 ἦν
3260 1193 3322 1247 τὸ
3349 1193 3617 1263 πρότερον
3636 1207 3657 1224 ο
3684 1210 3706 1243 ι

2117 1289 2239 1359 οὐχὶ
2269 1289 2333 1341 ὲκ
2359 1288 2461 1358 τῆς
2488 1289 2860 1361 προσηγορίας
2890 1288 2981 1343 τοῦ
3015 1289 3145 1342 Υίοῦ
3174 1287 3267 1342 τοῦ
3296 1288 3584 1359 ἀνθρώπου
3611 1290 3715 1341 καὶ

2116 1379 2208 1432 τὸν
2242 1378 2392 1450 αὐτῷ
2427 1380 2755 1450 ἁσυγχύτως
2783 1398 2844 1433 τε
2878 1382 2995 1451 ἅμα
3024 1380 3117 1434 καὶ
3146 1380 3465 1451 ἀχωρίστως
3497 1397 3713 1449 συνημ-

2122 1471 2281 1541 μένον
2321 1471 2587 1542 νοοῦμεν;
2639 1472 2702 1525 El
2734 1472 2844 1545 γὰρ
2866 1471 2961 1525 καὶ
2988 1472 3116 1526 Υἱὸν
3138 1470 3427 1544 ἀνθρώπου
3456 1470 3714 1541 ὠνόμαζε

2116 1560 2204 1614 διὰ
2227 1560 2326 1633 τὴν
2351 1560 2450 1630 τῆς
2484 1560 2937 1632 προσληφθείσης
3005 1562 3101 1616 καὶ
3131 1561 3467 1632 φαινομένης
3486 1554 3718 1631 ’σαρκὸς

2119 1651 2302 1722 φύσιν,
2326 1650 2462 1705 ἀλλὰ
2477 1650 2565 1705 διὰ
2586 1649 2736 1723 [τῶν]
2755 1651 2851 1705 καὶ
2872 1653 3003 1723 παρ’
3024 1652 3191 1706 αὑτοῦ
3212 1652 3553 1722 τελουμένων
3574 1651 3717 1704 Θεὸν

429 1740 682 1799 Christus
712 1743 826 1797 heri
850 1751 905 1796 et
931 1742 1109 1805 hodie,
1149 1743 1262 1813 ipse
1287 1755 1341 1798 et
1377 1744 1429 1798 in
1456 1744 1734 1799 saecula".
1762 1763 1780 1796 ι
1814 1744 1869 1799 Si
1895 1745 2007 1800 heri

2120 1741 2309 1797 ἑαυτὸν
2355 1741 2705 1812 παρεδείκνυ.
2748 1742 2858 1797 Καὶ
2901 1744 3094 1797 πάλιν
3144 1762 3163 1795 ι
3193 1743 3403 1814 Ἰησοῦς
3446 1743 3714 1815 Χριστὸς,

426 1841 483 1887 et
506 1832 690 1900 hodie,
719 1833 993 1902 quomodo
1029 1846 1127 1901 per
1156 1833 1330 1904 ipsum
1359 1833 1582 1888 omnia?
1606 1833 1663 1889 Si
1706 1843 1888 1890 autem
1922 1847 2018 1906 per

427 1925 603 1993 ipsum
637 1924 841 1991 omnia,
868 1924 1141 1995 quomodo
1188 1924 1299 1980 heri
1348 1934 1402 1981 et
1448 1925 1648 1981 hodie?
1675 1925 1780 1982 Sed
1805 1938 2015 1982 certum

426 2028 513 2074 est
540 2026 595 2073 et
623 2018 764 2088 quod
791 2037 804 2073 :
833 2037 851 2073 ι
873 2018 1064 2075 Omnia
1093 2036 1189 2090 per
1215 2021 1390 2090 ipsum
1418 2022 1489 2091 ⁷⁸,
1520 2040 1537 2074 ι
1562 2031 1616 2091 et
1645 2023 1811 2093 quod,
1842 2044 1861 2077 ι
1888 2022 2014 2079 Heri

429 2122 484 2165 et
516 2111 697 2179 hodie,
729 2130 747 2163 ι
778 2112 880 2167 lide
921 2113 1314 2183 recipiendum,
1345 2121 1399 2167 et
1438 2115 1540 2170 hoc
1580 2133 1594 2170 :
1630 2134 1649 2168 ι
1681 2114 1798 2186 Ipse
1828 2116 1879 2171 in
1910 2131 2014 2173 ste-

431 2202 581 2267 cula,
621 2221 639 2255 ι
666 2217 875 2269 verum,
903 2204 948 2259 si
980 2205 1276 2260 secundum
1302 2203 1663 2261 diﬂ'erentiam
1698 2220 2013 2265 naturarum

431 2292 714 2348 iuconl‘use
741 2302 798 2349 et
845 2294 1282 2366 inseparabiliter
1338 2278 1611 2352 unitarum
1653 2313 1812 2355 voces
1858 2312 2014 2371 apte-

432 2398 572 2451 mus,
650 2386 1032 2458 intelligentes,
1082 2388 1377 2442 secundum
1426 2387 1638 2445 visibile
1710 2393 1930 2461 quidem
1996 2415 2009 2449 :

435 2490 455 2524 ι
492 2472 617 2530 Heri
646 2484 702 2531 et
729 2476 917 2545 hodie;
949 2495 968 2528 ι
1005 2478 1307 2533 secundum
1337 2492 1467 2532 vero
1497 2477 1832 2552 intelligibile
1860 2503 1873 2539 :
1906 2502 1925 2536 ι
1956 2485 2012 2540 1η

431 2566 662 2633 saecula;
715 2586 735 2619 ι
786 2569 1081 2624 secundum
1144 2581 1323 2626 autem
1383 2571 1661 2631 liliationis
1726 2577 2009 2644 unitatem,

437 2671 457 2705 ι
498 2671 661 2710 unum
689 2665 743 2712 et
770 2657 1045 2739 eumdem.
1079 2679 1096 2711 ι
1470 2683 1495 2690 ·

796 2796 821 2828 ἱ

986 2964 1177 3036 Cyrilli
1201 2969 1459 3038 defensio.

2117 1834 2185 1889 δι’
2211 1828 2271 1888 οῦ
2293 1832 2361 1887 τὰ
2390 1834 2591 1889 πάντα.
2619 1853 2637 1886 ι
2661 1835 2776 1888 Καὶ
2807 1835 2991 1891 πάλινο
3025 1855 3044 1888 ι
3088 1836 3293 1908 Ἰησοῦς
3318 1837 3551 1907 Χριστὸς
3579 1835 3718 1906 χθὲς

2118 1927 2214 1982 καὶ
2246 1928 2487 1999 σήμερον
2520 1927 2549 1980 ὁ
2576 1927 2740 1991 αὐτὸς
2767 1928 2862 1982 καί
2897 1929 2978 1993 είς
3009 1928 3138 1992 τοὺς
3181 1927 3405 1993 αἰῶνας.
3433 1946 3452 1980 ι
3490 1928 3553 1981 El
3578 1926 3719 1999 χθὲς

2118 2019 2213 2072 καὶ
2242 2018 2505 2089 σῄμερον,
2539 2016 2658 2081 πῶς
2680 2016 2747 2070 δι’
2767 2016 2932 2071 αὑτοῦ
2956 2016 3026 2072 τὰ
3045 2017 3253 2083 πάντα;
3283 2017 3346 2070 El
3369 2016 3424 2070 δὲ
3450 2016 3517 2069 δι’
3536 2013 3715 2069 αὑτοῦ

2116 2109 2185 2165 τὰ
2236 2090 2437 2173 στάντα,
2491 2108 2611 2172 πῶς
2657 2108 2785 2179 χθὲς
2829 2109 2927 2163 καὶ
2972 2110 3249 2182 σήμερον;
3291 2109 3451 2162 Ἀλλὰ
3482 2109 3576 2162 καὶ
3606 2109 3713 2171 τὸ,

2053 2212 2069 2227 ¹
2124 2218 2143 2251 ι
2170 2200 2357 2254 Πάντα
2402 2199 2470 2253 δι’
2522 2196 2714 2264 αὐτοῦ,
2744 2218 2762 2251 ι
2805 2199 3043 2271 ἀληθές’
3095 2200 3191 2255 καὶ
3237 2201 3320 2267 τὺ,
3359 2220 3379 2253 ι
3408 2200 3569 2275 xm,
3608 2202 3720 2252 xz‘.

2118 2292 2378 2363 σήμερον,
2400 2310 2419 2342 ι
2447 2291 2661 2344 πιστόψ
2686 2290 2878 2356 καὶτὸ,
2907 2310 2926 2343 ι
2948 2291 3008 2344 '0
3025 2292 3187 2358 αὐτὸς
3207 2294 3286 2357 είς
3302 2293 3428 2357 τοὺς
3444 2293 3671 2355 αἰῶνας,
3690 2309 3712 2343 ι

2116 2381 2369 2453 ἀληθινόν
2388 2396 2405 2415 ⁸
2438 2380 2535 2435 ἐὰν
2566 2380 2708 2435 κατὰ
2736 2380 2800 2434 τὸ
2829 2380 2940 2435 τῶν
2970 2382 3273 2437 ένωθεισῶν
3302 2383 3624 2454 ἀσυγχύτως
3648 2401 3715 2436 τε

2116 2471 2209 2525 καὶ
2241 2468 2562 2541 ἀχωρίστως
2592 2469 2810 2539 φύσεων
2838 2469 3095 2544 διάφορον
3122 2473 3222 2537 τὰς
3247 2473 3430 2542 φωνὰς
3460 2474 3718 2544 ἐφαρμό-

2115 2560 2320 2632 ζωμεν,
2363 2560 2611 2625 νοοῦντες
2646 2562 2790 2617 κατὰ
2849 2561 2949 2633 μὲν
2980 2563 3042 2617 τὸ
3107 2564 3454 2635 φαινόμενον,
3490 2583 3509 2615 ι
3559 2566 3716 2629 Χθὲς

2115 2649 2209 2704 καὶ⁴
2253 2652 2527 2723 σήμερον·
2556 2668 2575 2703 ι
2623 2652 2764 2706 κατὰ
2821 2651 2877 2705 δὲ
2933 2653 2995 2706 τὸ
3038 2653 3347 2725 νοούμενον,
3398 2674 3417 2708 ι
3455 2655 3549 2720 Ei;
3576 2657 3716 2720 τοὺς

2114 2738 2316 2802 αίῶνας
2337 2755 2349 2767 ·
2380 2759 2398 2791 ι
2431 2738 2575 2793 κατὰ
2600 2739 2656 2793 δὲ
2674 2740 2734 2794 τὸ
2775 2739 2877 2811 τῆς
2902 2740 3151 2813 υἱότητος
3186 2742 3491 2813 μοναδικόν,
3524 2762 3544 2793 ι
3568 2742 3715 2795 Ἕνα

2114 2831 2209 2884 καὶ
2238 2831 2326 2885 τὶν
2355 2832 2535 2885 αὐτόν.
2551 2852 2567 2882 ι

2576 2968 2902 3038 Ἀπολογία
2943 2971 3268 3036 Κιιρίλλου.

505 3075 574 3131 Ut
599 3085 843 3147 apparot,
873 3079 954 3133 his
979 3079 1074 3148 qui
1108 3084 1595 3138 anatbetnatismos
1644 3100 1672 3137 a
1715 3085 1875 3156 170
1906 3102 2007 3142 no-

2187 3087 2395 3151 Σκοπδς
2444 3082 2554 3152 οὖν,
2598 3087 2672 3150 ὡς
2719 3088 2736 3121 ί
2790 3085 2955 3148 ἔοικε,
3017 3088 3131 3148 τοῖς
3173 3084 3455 3137 ἐθέλουσιν
3505 3086 3711 3155 ἀπερι-

434 3169 516 3225 bis
549 3169 836 3224 utilissime
872 3179 927 3225 et
955 3173 1266 3229 necessario
1308 3172 1482 3229 factos
1523 3176 1898 3246 imprudenter
1925 3195 2010 3235 re-

434 3260 770 3331 prehendere
804 3261 1226 3330 volunt,unicus
1258 3264 1348 3319 ille
1376 3280 1572 3335 scopus
1616 3277 1721 3335 est,
1771 3278 1829 3324 ut
1877 3271 2009 3326 nibil

432 3368 621 3407 verum
661 3352 741 3406 vel
767 3352 982 3420 sapiant
1006 3353 1090 3408 vel
1118 3355 1334 3422 dicant,
1368 3357 1761 3431 declarentque
1809 3377 1869 3418 se
1893 3363 2010 3419 solo

431 3442 796 3497 calumniandi
826 3444 1003 3499 studio
1018 3455 1335 3517 occupatos.
1359 3447 1493 3503 Nam
1516 3450 1562 3505 si
1582 3462 1815 3508 mentem
1854 3468 2008 3510 suam

429 3531 674 3586 studiose
703 3547 767 3584 ac
795 3530 1086 3601 diligenter
1118 3534 1345 3604 scriptis
1370 3538 1633 3594 adhibere
1661 3549 2000 3610 paterentur,

431 3637 539 3676 non
570 3622 929 3694 ignorassent,
968 3626 1112 3696 quod
1144 3628 1258 3684 suis
1311 3631 1596 3687 sententiis
1641 3641 1696 3688 et
1738 3637 2007 3690 sermoni-

433 3716 556 3781 bus,
584 3730 719 3785 quos
750 3715 975 3785 faciunt,
1023 3720 1301 3776 stabiliant
1343 3723 1888 3792 anathematismum,
1952 3740 2008 3784 et

427 3820 774 3875 nequaquam
810 3808 1104 3863 ostendant
1131 3809 1281 3864 illum
1307 3810 1577 3867 inerudite
1613 3815 1915 3885 conditum.
1941 3818 2009 3874 Et

428 3899 724 3969 quomodo,
753 3899 952 3954 dicam.
974 3898 1156 3957 Bonus
1185 3901 1468 3959 Nestorius
1489 3905 1703 3963 dicebat
1726 3908 1834 3965 tale
1848 3911 2009 3980 quid-

427 3992 573 4056 dam,
605 3991 658 4045 in
693 3990 924 4047 ecclesia
971 4005 1262 4048 enarrans.
1301 3991 1373 4048 Ut
1401 4002 1583 4051 autem
1612 3995 1788 4066 ipsum
1833 4001 2006 4055 mani-

426 4081 618 4136 festius
668 4083 873 4146 dicam.
931 4091 985 4137 et
1040 4083 1113 4137 ita
1172 4092 1232 4136 ut
1283 4098 1470 4139 omnes
1506 4084 1715 4143 facilius
1745 4091 2003 4158 capiant:

424 4174 606 4239 Arius,
641 4181 697 4225 et
729 4171 1049 4235 Eunomius,
1080 4180 1135 4226 et
1160 4171 1549 4241 Apollinarius,
1577 4183 1633 4229 et
1689 4190 1881 4232 omnes
1909 4194 2002 4234 so-

425 4263 642 4316 cietatis
676 4262 887 4317 illorum
912 4263 1089 4327 chori,
1154 4263 1447 4317 studebant
1498 4264 1757 4320 inducere
1806 4283 2002 4325 nomen

426 4353 549 4417 hoc,
579 4352 671 4407 Dei
707 4338 965 4423 genitrix,
993 4353 1117 4408 utsi
1141 4353 1450 4409 commistio
1502 4355 1676 4422 fleret,
1706 4367 1761 4412 et
1789 4369 1998 4417 natura:

431 4460 533 4499 non
573 4454 978 4514 separarentur,
1035 4443 1171 4499 nihil
1217 4443 1497 4500 humiliter
1545 4446 1744 4502 dictum
1786 4450 1853 4505 de
1896 4452 1999 4506 ltu-

431 4535 690 4590 manitate
714 4534 1087 4605 accipiendum
1119 4545 1284 4601 esset,
1341 4535 1629 4608 locumque
1673 4540 1787 4610 jam
1839 4544 2003 4599 habe-

412 4599 544 4689 lrent
579 4627 680 4698 ipsi
713 4637 901 4683 contra
938 4628 1233 4696 deitatem;
1276 4629 1433 4699 quasi
1461 4599 1808 4703 omnim-qua:
1847 4635 2004 4689 dicc-

412 4720 643 4782 ‘bautur,
667 4720 732 4773 de
760 4733 866 4772 uno
895 4719 1227 4775 dicerentur.
1253 4717 1382 4775 Haec
1404 4736 1527 4776 cum
1546 4722 1631 4778 sic
1680 4725 1825 4779 dicta
1871 4726 2001 4791 sint,

429 4809 720 4863 utilissime
749 4808 1260 4864 anathematismum
1305 4809 1554 4876 fecimus,
1617 4828 1722 4867 non
1780 4816 2003 4883 permit-

432 4911 605 4955 tentes
651 4900 703 4953 in
763 4900 899 4955 duas
963 4900 1127 4955 dividi
1193 4915 1452 4970 personas
1490 4913 1545 4957 et
1601 4903 1985 4961 subsistentias

427 5008 591 5046 unum
625 4985 913 5047 Dominum
947 4991 1131 5048 Jesum
1160 4994 1461 5049 Christum.
1492 4994 1645 5062 Quod
1708 5006 1888 5052 autem
1940 5007 1995 5052 ct

426 5085 524 5153 ipsi
555 5100 679 5138 cum
704 5084 904 5139 nostris
916 5086 1259 5141 sermonibus
1282 5088 1628 5152 conveniant,
1650 5088 1993 5157 perspicuum

2115 3177 2368 3238 σκέπτως
2405 3176 2671 3247 ἐπιτιμᾷν
2700 3176 2815 3239 τοῖς
2859 3174 2990 3245 παρ’
3020 3173 3177 3245 ἡμῶν
3206 3173 3609 3247 χρειωδέστατά
3643 3193 3711 3230 τε

2113 3269 2208 3323 καὶ
2252 3266 2569 3335 ἀναγκαίως
2610 3265 2894 3336 γεγονόσιν
2935 3265 3427 3337 ἁναθεματισμοῖς,
3480 3271 3711 3338 φρονεῖν

2118 3360 2220 3431 μὲν
2264 3359 2298 3430 ἢ
2356 3358 2539 3427 λέγειν
2581 3358 2689 3412 τῶν
2738 3357 3009 3431 ἀληθινῶν
3061 3359 3234 3423 οὐδὲν,
3279 3359 3599 3430 φιλοψογίας
3648 3361 3710 3415 δὲ

2115 3453 2285 3523 μόνης
2314 3450 2595 3517 ἀπόδειξιν
2626 3451 2834 3524 ἐναργῆ
2868 3451 3144 3505 ποιεῖσθαι
3169 3452 3230 3505 τὸ
3255 3453 3443 3523 χρῆμα
3466 3466 3480 3481 ⁶
3521 3455 3570 3505 εἰ
3593 3453 3711 3524 γὰρ

2111 3543 2402 3613 ἀνίσχοντα
2424 3554 2450 3580 υ
2492 3542 2589 3594 καὶ
2607 3541 2812 3612 ἀκριϐῆ
2833 3544 2946 3606 τοῖς
2967 3543 3374 3614 γεγραμμένοις
3391 3543 3483 3597 τὸν
3502 3545 3710 3596 οἰκεῖον

2112 3631 2487 3702 ένερείσαντες
2531 3631 2677 3697 νοῦν,
2724 3632 2825 3686 οὐκ
2863 3633 3171 3704 ἠγνόησαν,
3234 3634 3317 3687 ὅτι
3372 3633 3707 3705 κρατύνουσι

2110 3722 2232 3784 ταῖς
2289 3720 2419 3791 παρ’
2466 3721 2676 3774 ἑαυτῶν
2705 3728 2735 3761 ν
2759 3723 2983 3793 ψήφοις,
3021 3724 3113 3776 κα)⁵
3158 3723 3227 3777 δι’
3269 3717 3345 3778 ὧν
3371 3725 3708 3795 πεποίηνται

2111 3812 2307 3882 λόγων,
2373 3811 2464 3865 τὸν
2516 3811 2982 3883 ἀναθεματισμδν,
3055 3816 3151 3870 καὶ
3201 3816 3321 3886 οὐχὶ
3371 3816 3436 3886 δὴ
3498 3817 3709 3887 μᾶλλον

2111 3905 2563 3976 ἀνεπιστημόνως
2593 3905 2756 3959 αὑτὸν
2789 3906 3058 3975 γεγονότα
3082 3906 3557 3962 καταδεικνύουσι.
3590 3910 3709 3962 Καὶ

2107 4001 2231 4053 τίνα
2257 3998 2481 4070 τρόπον,
2509 3998 2642 4071 ἐρῶ’
2689 3995 2749 4051 '0
2778 3998 3016 4069 χρηστὸς
3039 3999 3173 4069 ἡμῖν
3205 3998 3495 4071 Νεστόριος
3518 4001 3622 4072 ἔφη
3652 4019 3705 4055 τι

2106 4090 2350 4146 τοιοῦτον
2393 4092 2482 4144 ἐπ’
2524 4093 2819 4163 ἐκκλησίας
2853 4101 2879 4129 ι
2921 4091 3305 4163 ἐξηγούμενος.
3336 4093 3454 4147 Ἵνα
3480 4092 3537 4146 δὲ
3565 4094 3707 4148 αὐτὸ

2110 4184 2443 4255 σαφέστερον
2498 4184 2590 4238 καὶ
2650 4186 2816 4238 πᾶσιν
2872 4184 3270 4255 εύληπτότερον
3359 4187 3518 4251 εἴπω,
3583 4188 3705 4250 τοῖς

2121 4273 2353 4342 Ἀρείου,
2388 4274 2485 4327 καὶ
2517 4274 2807 4344 Εὐνομίου,
2843 4275 2938 4327 καὶ
2977 4275 3378 4347 Ἀπολιναρίου,
3419 4278 3513 4330 καὶ
3560 4278 3705 4330 πάν-

2038 4397 2078 4450 υ
2105 4379 2213 4416 των
2236 4367 2346 4427 τοῖς
2368 4366 2546 4435 χοροῖς
2570 4364 2678 4417 τῶν
2706 4364 2807 4436 τῆς
2839 4365 3095 4437 τοιαύτης
3128 4368 3360 4438 φατρίας
3378 4376 3429 4431 γ,
3463 4368 3699 4440 σπουδὴ,

2105 4455 2187 4523 τὸ,
2223 4454 2510 4523 Θεοτόκος,
2542 4456 2802 4525 εἰσάγειν,
2849 4455 2926 4520 ῶς
2963 4459 3213 4529 κράσεως
3254 4460 3568 4531 γινομένης,
3602 4465 3704 4515 καὶ

2109 4547 2219 4599 τῶν
2261 4546 2477 4616 φύσεων
2518 4547 2592 4618 μὴ
2632 4546 3047 4619 διαιρουμένων,
3104 4549 3270 4620 μηδὲν
3313 4549 3422 4605 τῶν
3462 4551 3702 4605 εὐτελῶν

2108 4639 2190 4700 εἰς
2214 4637 2311 4708 τὴν
2341 4638 2733 4709 ἀνθρωπότητα
2757 4639 3151 4710 λαμϐάνεσθαι,
3178 4641 3271 4695 καὶ
3297 4641 3481 4713 χώραν
3496 4642 3701 4707 αὐτοὺς

2109 4728 2296 4805 λοιτεδν
2344 4729 2484 4782 κατὰ
2538 4730 2636 4802 τῆς
2696 4729 2952 4801 θεότητος
2994 4732 3138 4803 ἔχειν
3164 4749 3177 4761 °
3206 4734 3282 4796 ὡς
3326 4734 3543 4787 πάντων
3585 4735 3700 4787 τῶν
3728 4728 3743 4741 ’

2109 4818 2419 4889 λεγομένων
2463 4821 2594 4892 παρ’
2625 4822 2744 4885 ἑνὸς
2777 4821 3103 4894 λεγομένων.
3152 4824 3371 4878 Τούτων
3394 4824 3491 4879 ὡδὶ
3535 4825 3701 4894 λεγο-

2113 4911 2308 4980 μένων,
2345 4911 2770 4981 χρειωδέστατος
2798 4924 2819 4950 ι
2850 4917 2977 4986 παρ’
3011 4925 3029 4945 ⁸
3069 4914 3225 4987 ἡμῶν
3255 4915 3474 4985 γέγονεν
3499 4918 3530 4970 ό
3562 4918 3699 4971 ἀνα·

2110 5002 2466 5073 θεματισμὸς,
2518 5004 2618 5056 οὐκ
2657 5006 2833 5075 ἐφιεὶς
2883 5009 2964 5071 είς
3025 5006 3118 5061 δύο
3156 5007 3476 5080 μερίζεσθαι
3522 5010 3700 5079 πρόσ-

2108 5093 2234 5146 ωπὰ
2259 5111 2315 5146 τε
2351 5096 2444 5147 καὶ
2473 5097 2805 5163 ὑποστάσεις
2834 5100 2927 5154 τὸν
2960 5100 3054 5153 ἕνα
3085 5100 3288 5172 Κύριον
3319 5099 3531 5172 Ἰησοῦν
3555 5103 3697 5174 Χρι-

492 5261 539 5294 "
561 5262 714 5317 Joan.
744 5278 829 5328 ιιι,
866 5263 955 5319 13.
1031 5264 1076 5295 "
1112 5261 1266 5320 Joan.
1299 5280 1380 5329 vt,
1417 5265 1504 5319 65.
1576 5265 1619 5296 ⁷⁸
1654 5265 1817 5321 llehr.
1852 5284 1911 5333 ιι,
1944 5269 2007 5322 ll)

2114 5270 2148 5300 ’⁷
2182 5270 2347 5326 llebr.
2385 5288 2503 5340 xm,
2536 5273 2591 5328 8.
2671 5278 2715 5309 ⁷⁸
2742 5275 2895 5335 Joau.
2933 5295 2973 5346 ι,
3019 5280 3072 5333 5.

1486 5418 1659 5475 Varia:
1695 5420 1953 5479 lectiones
1989 5439 2054 5478 cx
2079 5425 2267 5481 codice
2302 5426 2677 5498 Seguicriano.

497 5581 518 5620 ι
547 5578 775 5642 Σκοπὸς,
806 5575 899 5640 ὼς.

433 5649 812 5718 ²-λελεγμένων
842 5644 1260 5716 χρειωδέστατα.
1341 5644 1366 5685 ιί
1402 5646 1488 5699 ῐσ.
1525 5644 1674 5718 ιτερί.

1012 5574 1160 5652 1λῖθ’.
1193 5577 1240 5628 εἰ
1273 5575 1380 5646 γὰρ
1404 5575 1683 5652 ῂνεὶχοντο
1729 5578 2008 5644 ἀκριϐοῦν.
2083 5590 2112 5618 ν
2143 5583 2271 5652 πιρ⁹
2304 5581 2503 5637 αὐτῶν.

2622 5592 2649 5619 ι
2690 5584 2977 5657 ἐκκλησίᾳ.

3099 5595 3126 5635 ³
3165 5588 3335 5659 αὐτῆς
3371 5586 3677 5663 φρατρίας.
