4002 6192
291 311 381 368 557

909 304 1442 365 APOLOGETICUS
1483 307 1619 365 PRO
1660 308 1754 366 Xll
1793 305 2160 364 CAPITIBUS
2201 305 2484 364 CONTRA
2522 304 2981 363 ORIENTALES.
3447 309 3552 365 358

286 427 425 478 στόν.
460 426 587 478 Ὀτι
610 424 666 477 δὲ
691 424 785 477 καὶ
815 423 1000 488 αὐτοῖς
1025 427 1141 489 τοῖς
1169 429 1298 496 παρ’
1323 427 1488 498 ήμῶν
1514 429 1874 500 συμφέρονται

1989 426 2288 483 eritexhis
2328 443 2448 496 qua:
2477 427 2813 498 scripserunt
2880 437 2935 482 et
3004 428 3267 486 sentiunt.
3340 430 3552 488 Habent

279 520 488 584 λόγοις,
518 516 676 586 δῆλον
706 515 772 570 ἂν
804 515 890 586 εἴη
918 516 1186 587 δήπουθεν
1221 518 1280 581 ἐξ
1318 513 1393 572 ὧν
1419 522 1750 591 γεγράφασι,
1781 524 1874 576 xui.

273 612 507 679 φωνεῖν
544 609 850 677 ἐγνώκασιν
877 627 889 639 ·
937 609 1052 679 ἔχει
1091 610 1150 664 δὲ
1194 611 1367 674 οὕτως
1394 629 1409 645 ο
1478 614 1566 676 Ὠς
1596 615 1653 667 δὲ
1703 633 1872 687 προσ·

273 702 319 753 ὡ
332 719 478 765 ποις,
502 702 534 771 ἦ
561 703 589 741 b
616 701 946 756 ὑποστάσεσι
967 701 1140 768 δυσὶν,
1171 703 1203 774 ἢ
1237 705 1372 768 υἱοῖς
1392 705 1511 758 δυσὶ⁸
1535 707 1873 777 διαιροῦντας

273 796 377 864 τὴν
403 795 626 859 ἕνωσιν,
661 795 830 864 ἤγουν
862 795 951 846 τὸν
979 795 1074 848 ἕνα
1105 795 1250 858 Υξὺν,
1278 796 1378 860 τὰς
1411 799 1597 866 φωνὰς
1626 801 1872 870 ἐφαρμό-

275 887 397 949 ζειν
427 886 491 937 οὐ
517 885 632 937 Bai”
687 885 996 955 ἀδιαίρετος
1031 884 1139 956 γὰρ
1173 887 1266 940 καὶ⁸
1300 887 1604 958 ἀχώριστος
1653 893 1685 961 ἡ
1729 893 1874 964 ἄκρα

280 980 488 1040 ’ἐνωσις
511 993 525 1006 ο
576 978 673 1030 xa‘t
701 979 729 1029 ὁ
760 971 841 1040 εἷς
877 977 1006 1041 Υἱὸς
1031 977 1174 1031 κατὰ
1218 979 1396 1033 πάντα
1426 982 1519 1034 καὶ
1559 981 1734 1050 λόγον,
1782 986 1875 1038 καὶ

274 1071 510 1137 τρόπον,
553 1071 648 1122 καὶ
689 1069 898 1122 ἔννοιάν
936 1071 1078 1123 ἐστι.
1120 1069 1231 1139 Τῆς
1285 1069 1344 1122 δὲ
1406 1071 1583 1142 ἄκρας
1631 1074 1876 1136 ἐνώσεως

281 1159 726 1228 φυλαττομένης,
768 1159 863 1212 xui.
895 1157 988 1211 τοῦ
1017 1159 1134 1221 ἐνὸς
1170 1160 1322 1224 Υίοῦη,
1357 1163 1450 1214 καὶ
1478 1163 1742 1232 Χριστοῦ,
1783 1166 1876 1218 καὶ

286 1251 494 1320 Κυρίου
523 1250 987 1321 ὁμολογουμένου,
1019 1252 1150 1322 περὶ
1190 1252 1280 1306 τὸν
1312 1253 1408 1307 ἕνα
1462 1257 1557 1308 καὶ
1590 1256 1684 1310 τὸν
1714 1257 1875 1309 αὐτὸν

288 1342 417 1394 Υξδν
445 1341 776 1395 ἐκλαϐἑσθαι
817 1353 839 1379 ε
897 1343 1007 1412 χρὴ
1048 1342 1116 1395 τὰ
1149 1343 1452 1414 λεγόμενα’
1502 1347 1642 1400 κατὰ
1694 1348 1875 1418 μέντοι

285 1435 384 1503 τὴν
431 1434 539 1486 τῶν
585 1433 892 1486 ἑνωθεισῶν
938 1435 1158 1503 φύσεων
1197 1435 1426 1506 δύναμιν
1469 1439 1877 1509 ἐφαρμόζεσθαι

288 1527 492 1594 πρέπει
556 1524 636 1594 τῷ
671 1526 753 1578 ἐνὶ
808 1525 923 1596 Υίῷ
959 1526 1029 1579 τὰ
1069 1525 1361 1598 λεγόμενα.
1407 1531 1615 1584 Οὐκοῦν
1648 1531 1750 1601 τῆς
1798 1534 1877 1595 εἰς

287 1619 456 1687 ἄκρον
515 1618 770 1681 ἐνὼσεως
859 1618 1197 1690 σωζομένης,
1254 1621 1383 1676 ποία
1441 1624 1790 1693 παρείσδυσις
1845 1627 1878 1695 ἢ

285 1710 416 1777 γοῦν
468 1711 748 1777 φαντασία
798 1712 977 1780 τομῆς
1014 1712 1456 1783 παρεισκρίνοιτο
1491 1714 1556 1767 ἂν
1586 1715 1700 1781 Eri;
1729 1718 1821 1769 καὶ
1850 1719 1878 1769 ὁ

1976 529 2154 574 autem
2191 520 2270 574 sic
2302 535 2316 571 :
2343 519 2626 588 Tanquam
2655 534 2783 575 vero
2797 521 3052 589 personis
3083 521 3396 583 duabus,vel
3419 527 3552 577 sub-

1976 611 2239 664 sistentiis
2273 611 2502 675 duabus,
2542 610 2625 664 vel
2681 610 2808 663 filiis
2841 611 3067 674 duobus,
3123 612 3410 672 dividendo
3434 615 3556 666 uni-

1979 705 2200 766 tionem,
2229 703 2330 756 hoc
2352 711 2438 755 est
2461 718 2626 756 unum
2660 702 3046 765 Filium,voces
3077 717 3264 772 aptare
3288 721 3393 757 non
3425 719 3549 757 con-

1979 794 2141 847 venit.
2172 793 2525 847 lndivisibilis
2550 793 2694 847 enim
2735 802 2789 847 et
2820 793 3193 862 inseparabilis
3224 802 3306 848 est
3342 808 3551 847 summa

1977 871 2170 948 unitio,
2211 890 2265 935 et
2287 897 2425 935 unus
2462 881 2632 935 Filius
2661 889 2744 936 est
2782 882 3078 936 secundum
3132 896 3346 936 omnem
3388 886 3555 935 ratio-

1978 988 2098 1026 nem
2129 983 2183 1026 et
2213 972 2430 1026 modum
2472 983 2525 1026 et
2551 973 2958 1040 cogitationem.
3006 972 3061 1027 Si
3115 981 3299 1026 autem
3344 989 3552 1026 summa

1981 1065 2152 1118 nnitio
2187 1076 2454 1127 servetur,
2492 1075 2543 1118 et
2586 1080 2723 1118 unus
2755 1064 2922 1118 Filius
2944 1075 2998 1118 et
3026 1063 3272 1119 Christus
3295 1074 3346 1118 et
3374 1064 3552 1118 Domi-

1980 1171 2080 1210 nus
2117 1163 2368 1224 ponatur,
2401 1157 2467 1209 de
2499 1171 2606 1210 uno
2636 1164 2691 1209 et
2715 1157 2906 1210 eodem
2943 1155 3079 1210 Filio
3108 1156 3360 1226 accipere
3391 1170 3556 1224 opor-

1982 1258 2077 1311 tet,
2118 1261 2236 1315 qua:
2264 1247 2522 1299 dicuntur
2552 1263 2565 1300 :
2600 1247 2694 1300 sed
2728 1255 2907 1299 tamen
2941 1247 3236 1301 secundum
3282 1249 3555 1301 nnilarum

1982 1348 2293 1392 mtturarum
2340 1339 2593 1392 virtutem
2627 1339 3042 1392 accommodare
3075 1341 3228 1392 decet
3279 1339 3368 1392 uni
3397 1338 3554 1402 Filio,

1981 1444 2101 1496 quae
2128 1428 2404 1482 dicuntur.
2434 1428 2604 1498 Igitur
2639 1428 2763 1481 dum
2790 1438 3041 1482 servatur
3084 1410 3305 1484 summa
3355 1430 3554 1494 unitas,

1981 1520 2155 1588 qualis
2187 1519 2428 1588 irreptio,
2464 1519 2547 1573 vel
2577 1519 2764 1572 saltem
2797 1519 3107 1588 imaginatio
3129 1521 3556 1576 sectionisindu-

1982 1610 2232 1665 ceretur?
2265 1611 2329 1664 Et
2358 1612 2450 1680 qui
2486 1611 2649 1664 audet
2676 1609 2943 1677 dividere,
2969 1613 3241 1680 quomodo
3266 1627 3368 1666 non
3405 1621 3557 1666 extra

1987 1711 2190 1755 rettam
2258 1702 2400 1755 viam
2460 1700 2759 1764 incedit,et
2817 1715 2846 1752 a
2889 1699 3102 1768 pietatis
3135 1701 3473 1769 dogmatibus
3505 1702 3557 1753 in

289 1771 529 1871 μερίζειν
557 1771 884 1870 ἀποτολμῶν
1042 1771 1140 1855 οῦκ
1164 1771 1269 1868 ἔξω
1297 1805 1522 1875 φέρεται
1545 1807 1643 1877 τῆς
1664 1771 1880 1871 εὐθείας

1989 1795 2294 1846 universum
2337 1791 2738 1857 recedit?Quid
2801 1791 2965 1861 igitur
3015 1791 3148 1845 dicit
3199 1791 3559 1843 anathemati-

286 1894 573 1960 ὁδοῦ,,καὶ
622 1893 734 1946 τῶν
778 1896 880 1963 τῆς
932 1894 1216 1959 εὐσεϐείας
1265 1898 1552 1968 δογμάτων
1604 1903 1684 1963 είς
1735 1901 1880 1954 ἅπαν

285 1984 644 2054 ἁποφοιτῶνς
679 1986 745 2037 Τί
785 1982 882 2038 οὖν
915 2002 1081 2055 φησιν
1115 1989 1142 2040 ὁ
1183 1988 1674 2061 ἀναθεματισμός;
1708 1992 1774 2043 Ei
1800 2008 1882 2053 τις

293 2077 507 2144 μερίζει
537 2077 635 2139 τὰς
677 2077 860 2143 φωνὰς
891 2078 1036 2130 κατὰ
1066 2094 1128 2145 γε
1156 2079 1366 2131 τουτονὶ
1402 2079 1495 2132 τὸν
1530 2081 1755 2150 τρόπον,
1787 2083 1881 2135 καὶ

293 2163 394 2223 τας
423 2161 450 2199 ἀ
477 2163 572 2231 μὲν
592 2163 663 2224 ὠς
690 2162 960 2234 ἀνθρώπῳ
977 2183 1049 2217 πα
1060 2165 1128 2236 ρὰ
1155 2165 1244 2218 τὸν
1262 2167 1325 2219 ὲκ
1349 2167 1484 2221 Θεοῦ
1506 2170 1677 2238 Λόγον
1701 2171 1882 2235 temo;

304 2254 585 2322 νοουμένῳ
622 2256 966 2325 προσάπτειν,
1025 2257 1120 2322 τὰς
1165 2258 1222 2311 δὲ
1266 2259 1342 2323 ὡς
1380 2260 1705 2332 Θεοπρεπεῖς
1737 2264 1882 2334 μόνῳ

307 2344 391 2412 τῷ
429 2346 496 2396 ὲκ
523 2344 654 2398 Θεοῦ
692 2349 870 2418 Λόγῳο
899 2348 1151 2420 ἀνάθεμα
1215 2351 1374 2406 ἔστω.
1426 2355 1490 2406 Ei
1542 2355 1640 2424 μὲν
1687 2351 1780 2408 οὖν
1831 2358 1882 2408 οἱ

307 2437 622 2500 διιστάντες
650 2450 672 2477 θ
707 2442 796 2492 καὶ
818 2440 1136 2512 διορίζοντες
1163 2445 1243 2507 εἰς
1273 2443 1562 2514 ἄνθρωπον
1590 2447 1772 2511 ίδικῶς
1820 2465 1880 2501 τε

302 2527 399 2578 καὶ
436 2527 543 2580 ἀνὰ
587 2527 776 2598 μέρος,
813 2532 902 2583 καὶ
942 2532 1012 2594 εἰς
1055 2532 1190 2586 Θεὸν
1241 2533 1415 2602 Λόγον
1452 2534 1636 2598 ίδικῶς
1679 2553 1739 2588 τε
1788 2536 1883 2588 καὶ

293 2616 401 2667 ἀνὰ
449 2616 642 2685 μέρος,
676 2618 736 2669 οὐ
771 2619 1042 2689 μερίζουσι
1074 2621 1166 2674 τὸν
1197 2621 1294 2675 ἕνα
1328 2624 1584 2693 Χριστὸν,
1617 2625 1832 2680 καὶδύο
1859 2625 1878 2664 τ

291 2706 551 2772 λέγουσιν
589 2709 756 2771 υἱοὺς,
806 2711 1287 2777 ἀγανακτείτωσαν
1315 2713 1437 2767 καθ’
1462 2715 1622 2786 ἡμῶν
1649 2717 1699 2769 οἱ
1758 2717 1881 2786 φιλ-

289 2797 633 2867 εγκλήμονες
660 2816 672 2828 ·
704 2802 752 2852 εί
769 2801 825 2853 δὲ
845 2803 989 2874 τομὴ
1011 2805 1106 2858 καὶ
1129 2805 1391 2874 διαίρεσις
1409 2808 1471 2861 τὸ
1495 2808 1639 2862 οὕτω
1665 2813 1882 2880 φρονεῖν

292 2893 431 2955 ἐστι,
458 2891 602 2945 κατὰ
634 2892 757 2946 τίνα
786 2897 991 2966 τρόπον
1011 2901 1125 2979 τοζς
1154 2901 1283 2965 παρ’
1317 2903 1474 2970 ήμῶν
1503 2903 1683 2972 λόγοις
1707 2907 1884 2958 ἐπιτι-

294 2984 405 3051 μᾷν
434 2982 729 3052 ⁴ἐγνώκασι,
773 2987 956 3040 καίτοι
982 2989 1079 3042 καὶ
1109 2990 1286 3055 αὐτοὶ,
1322 2993 1467 3046 καθά
1487 3011 1669 3062 φασιν,
1704 2996 1882 3049 ἀδιαί-

1984 1884 2251 1938 ειιιιιεῖθδὶ
2283 1885 2406 1954 quis
2451 1883 2643 1938 dividit
2699 1897 2879 1945 voces,
2910 1883 3205 1937 secundum
3258 1881 3399 1934 hunc
3444 1895 3560 1934 mo.

1984 1977 2131 2039 dum,
2164 1985 2222 2030 ut
2251 1975 2385 2030 alias
2423 1976 2639 2044 quidem
2671 1985 2923 2043 tanquam
2955 1974 3160 2028 homini
3199 1987 3227 2026 a
3271 1973 3381 2028 Deo
3407 1988 3560 2027 scor-

1983 2070 2084 2121 sim
2115 2067 2385 2122 intellecto
2407 2068 2642 2135 adaptet,
2675 2065 2810 2119 alias
2833 2081 2980 2130 vero,
3008 2072 3064 2117 ut
3088 2065 3194 2118 Deo
3213 2064 3425 2130 dignas,
3457 2064 3558 2117 soli

1989 2159 2162 2214 Verbo
2196 2157 2308 2225 Dei,
2349 2157 2638 2211 anathema
2677 2157 2768 2210 sit.
2825 2155 2880 2210 Si
2943 2158 3103 2225 igitur
3152 2164 3468 2224 separantes
3509 2162 3564 2208 et

1985 2250 2386 2326 distinguentes‘
2412 2249 2462 2301 in
2497 2248 2772 2303 hominem
2805 2247 3019 2317 proprie
3058 2255 3112 2299 et
3141 2246 3397 2307 seorsim,
3427 2257 3478 2298 et
3507 2243 3558 2297 in

1989 2341 2221 2396 Verbum
2251 2341 2344 2396 Dei
2382 2342 2598 2411 proprie
2627 2349 2680 2394 et
2703 2341 2956 2406 seorsim,
2989 2339 3142 2408 171
3172 2353 3275 2391 non
3311 2336 3561 2405 partiun-

1985 2443 2072 2486 tur
2096 2448 2261 2486 unum
2293 2432 2591 2496 Christum,
2617 2446 2724 2486 non
2752 2431 2888 2485 duos
2911 2431 3100 2484 dicunt
3139 2428 3314 2494 lilios;
3343 2441 3565 2481 succen-

1983 2536 2142 2582 seant
2175 2525 2330 2579 nobis
2358 2526 2760 2579 criminatores.
2798 2523 2856 2576 Si
2885 2532 3066 2576 autem
3100 2521 3271 2574 sectio
3306 2527 3360 2573 et
3410 2532 3565 2587 sepa-

1984 2619 2122 2674 ratio
2144 2629 2226 2673 est
2254 2618 2325 2671 ita
2357 2617 2597 2671 sentire:
2629 2613 2927 2670 secundum
2984 2625 3144 2681 quem
3188 2611 3406 2667 modum
3465 2625 3563 2663 no-

1985 2720 2132 2765 stros
2162 2722 2444 2764 sermones
2473 2706 2873 2776 reprehendere
2899 2712 3233 2768 statuerunt,
3268 2703 3486 2771 quando
3511 2709 3568 2755 et

1986 2802 2113 2872 ipsi,
2141 2802 2282 2856 sicut
2309 2800 2514 2864 dicunt,
2542 2795 2924 2853 indivisibilem
2955 2806 3010 2851 et
3061 2810 3227 2849 unum
3259 2795 3567 2850 secundum

1984 2909 2249 2950 summam
2278 2892 2575 2948 unitionem
2599 2889 2967 2946 confiteantur
2982 2904 3102 2944 esse
3137 2885 3569 2942 Emmanuelemi

1986 2985 2172 3056 Itaque
2202 2984 2502 3054 prudenter
2544 2996 2984 3052 unamquamque
3009 2995 3219 3045 vocem,
3257 2981 3340 3033 vel
3403 2980 3567 3031 etiam

296 3075 454 3142 ρετόν
493 3093 553 3129 τε
607 3079 700 3132 καὶ
737 3079 834 3132 ἕνα
862 3079 1006 3134 κατὰ
1051 3082 1226 3153 ἄκραν
1265 3085 1458 3140 ἕνωσιν
1489 3087 1880 3156 ὁμολογοῦντες

1989 3075 2050 3129 ab
2123 3075 2236 3142 ipso
2269 3072 2409 3127 forte
2458 3071 2680 3135 dictam,
2737 3069 3107 3138 accipiendam
3168 3081 3328 3134 esse,
3379 3068 3569 3121 lauda-

294 3169 563 3238 ὑπάρχειν
603 3170 697 3223 τὸν
734 3170 1114 3243 Ἐμμανουήλ;
1176 3174 1249 3227 Τὸ
1298 3176 1398 3244 μὲν
1454 3173 1546 3230 οὖν
1597 3179 1882 3250 ἐμφρόνως

293 3260 538 3331 ἑκάστην
569 3263 776 3334 φωνὴν,
804 3266 854 3316 εί
876 3265 972 3318 καὶ
1008 3265 1137 3336 παρ’
1169 3267 1334 3320 αὐτοῦ
1364 3268 1526 3338 τυχὸν
1559 3271 1880 3341 εἰρημένην,

297 3351 742 3421 ἐκλαμϐάνεσθαι
775 3355 907 3422 δεῖν,
948 3357 1297 3428 ἐπαινέσαιμ’
1328 3359 1396 3412 ἂν
1426 3361 1519 3413 καὶ
1551 3362 1712 3426 αὐτὸς
1747 3361 1881 3431 ἐγὼ,

297 3445 392 3496 καὶ
421 3445 777 3512 ἀπαστισοῦν,
796 3441 973 3517 οἶμαι,
1004 3447 1112 3500 τῶν
1146 3448 1280 3519 ὀρθὰ
1313 3454 1530 3519 φρονεῖν
1576 3453 1844 3506 εἰωθότων
1867 3471 1879 3483 ·

299 3537 358 3590 αἱ
399 3537 500 3606 μὲν
525 3539 636 3608 γάρ
675 3539 781 3591 sic:
823 3539 1170 3612 θεοπρεπεῖς,
1203 3544 1260 3594 αἱ
1299 3543 1357 3595 δὲ
1405 3547 1471 3613 τῇ
1509 3543 1648 3613 μετὰ
1685 3545 1886 3615 σαρκὸς

297 3631 585 3702 οἰκονομίᾳ
611 3631 810 3702 μᾶλλον
841 3635 1264 3707 ἀρμοδιώτεραι.
1301 3636 1518 3707 Ἐπειδὴ
1546 3637 1604 3690 δέ
1632 3634 1778 3691 ἐστιν
1807 3633 1904 3712 εἷς.

299 3725 400 3776 καὶ
428 3727 457 3777 ὀ
489 3725 670 3790 αὐτὸς,
701 3727 832 3791 Θεός
863 3745 923 3781 τε
951 3728 1088 3798 ὁμοῦ
1125 3729 1219 3783 καὶ
1253 3729 1561 3798 ἄνθρωπος,
1601 3730 1774 3800 ταύτῃ
1807 3748 1888 3784 τοι

302 3817 398 3868 καὶ
417 3817 540 3868 λίαν
558 3817 757 3888 ὀρθῶς,
775 3819 905 3872 ποτέ
928 3820 1028 3889 μὲν
1053 3819 1273 3883 θεῖκῶς,
1301 3820 1428 3873 ποτὲ
1451 3820 1508 3874 δὲ
1533 3820 1889 3890 ἀνθρωπίνως

303 3911 540 3961 ποιεῖται
576 3910 703 3971 τοὺς
732 3910 924 3978 λόγους
949 3928 962 3941 ·
995 3913 1132 3982 πλὴν
1157 3911 1250 3965 τοῦ
1278 3911 1393 3975 ἐνὸς
1449 3912 1624 3980 Ἰησοῦ
1646 3913 1885 3982 Χριστοῦ

305 3999 506 4062 ταύτας
556 4017 617 4053 τε
673 4003 932 4064 κάκείνας
979 3998 1116 4055 εἷναι
1177 4003 1361 4072 φωνὰς
1411 4003 1887 4075 διισχυριζόμεθα·

302 4090 433 4143 οὔτε
464 4091 750 4160 ψιλοῦντες
781 4093 1034 4164 θεότητος
1073 4094 1164 4147 τὸν
1207 4095 1270 4147 ἐκ
1299 4093 1401 4163 τῆς
1427 4093 1704 4162 παναγίας
1737 4095 1889 4163 Παρ-

307 4183 464 4235 θένου
511 4184 662 4245 ναὸν,
697 4182 821 4236 οὔτε
871 4184 976 4255 μὴν
1013 4185 1252 4256 ἄσαρκον
1285 4185 1486 4248 ειδότες
1525 4187 1619 4239 τὸν
1657 4187 1721 4238 ἐκ
1756 4185 1890 4238 Θεοῦ

310 4273 525 4344 [ἰατρὸς
564 4274 735 4340 Λόγον
777 4275 915 4345 μετὰ
956 4275 1054 4346 τὴν
1089 4277 1328 4348 ἄρρητον
1368 4276 1578 4331 ἕνωσιν.
1618 4275 1894 4346 Θαυμάζω

308 4365 364 4416 δὲ
405 4368 511 4428 ὅτι,
543 4367 724 4418 καίτοι
751 4366 1336 4437 πολυπραγμονοῦντες
1365 4368 1524 4438 ἄγαν,
1571 4370 1664 4424 καὶ
1710 4369 1784 4432 ὥς
1827 4387 1891 4436 γε

1986 3164 2086 3218 rint
2113 3164 2277 3218 etiam
2311 3177 2429 3232 ego,
2457 3170 2528 3226 et,
2555 3171 2612 3214 ut
2637 3159 2853 3228 Opinor,
2871 3157 3102 3228 quisque
3135 3165 3280 3212 recte
3305 3157 3566 3212 sentiens.

1985 3253 2118 3310 Nam
2154 3255 2275 3308 alia:
2300 3253 2516 3322 quidem
2548 3249 2808 3306 suutDco
2831 3251 3028 3320 dignaz,
3060 3249 3178 3304 alite
3214 3264 3340 3304 vero
3356 3250 3570 3319 dispen-

1989 3346 2191 3402 sationi
2218 3360 2339 3398 cum
2388 3358 2552 3398 carne
2598 3341 3066 3410 congruentiores.
3094 3341 3357 3408 Quoniam
3388 3353 3568 3396 autem

1987 3450 2066 3494 (-st
2087 3454 2222 3493 unus
2239 3447 2294 3492 et
2311 3437 2448 3491 idem
2466 3437 2604 3490 Deus
2621 3434 2778 3489 simul
2791 3444 2844 3489 et
2879 3434 3060 3498 homo,
3082 3435 3182 3488 hac
3202 3434 3407 3488 ratione
3426 3443 3572 3488 recte

1989 3530 2277 3602 aliquando
2319 3529 2514 3594 divine,
2550 3528 2837 3596 aliquando
2890 3527 3126 3580 humane
3173 3525 3408 3594 loquitur
3447 3540 3569 3579 :ve-

1993 3635 2297 3679 rumtamen
2319 3622 2478 3677 unius
2502 3619 2628 3674 Jesu
2659 3619 2857 3674 Christi
2876 3626 2928 3672 et
2958 3617 3056 3671 has
3073 3626 3127 3670 et
3144 3617 3259 3671 illas
3278 3631 3436 3671 voces
3454 3631 3573 3669 esse

1990 3716 2306 3780 asscrimus,
2331 3729 2430 3768 nec
2459 3711 2746 3769 divinitate
2780 3709 3084 3779 spoliantes
3114 3707 3396 3778 templum,
3426 3710 3569 3776 quod

1993 3820 2059 3859 ex
2091 3813 2279 3858 sancta
2309 3801 2535 3871 Virgine
2565 3810 2669 3865 est,
2699 3814 2800 3853 nec
2828 3799 2946 3853 sine
2965 3812 3136 3852 carne
3193 3790 3448 3867 putantes
3478 3796 3570 3848 Dei

1996 3893 2172 3948 Patris
2200 3891 2434 3948 Verbum
2477 3900 2597 3959 post
2631 3889 2958 3944 ineﬂ‘abilem
3014 3889 3336 3942 unitiouem.
3385 3887 3572 3940 Adini-

1998 4001 2086 4038 ror
2106 3994 2284 4038 autem
2311 3982 2475 4052 quod,
2511 3981 2757 4051 quamvis
2779 3980 2932 4035 valde
2955 3981 3170 4034 curiose
3206 3978 3566 4047 iuquirentcs,

1995 4087 2070 4140 et,
2100 4084 2158 4128 ut
2207 4075 2565 4137 arbitrantur,
2617 4071 2892 4127 subtiliter
2961 4070 3336 4126 examinantes
3419 4085 3570 4120 nicas

1997 4166 2274 4236 epistolas,
2313 4180 2652 4234 quaecunque
2672 4163 2723 4215 in
2747 4163 2826 4217 eis
2857 4172 2982 4218 sunt
3003 4162 3153 4216 utilia
3185 4170 3238 4214 et
3267 4160 3568 4214 necessaria

1999 4257 2064 4310 ad
2093 4253 2564 4309 demonstrandam
2596 4253 2906 4320 dogmatum
2933 4250 3307 4306 rectitudinem
3357 4258 3410 4300 c'.
3460 4246 3575 4301 dili-

1999 4349 2255 4417 gentiam,
2339 4345 2581 4398 voleutes
2655 4351 3014 4412 prmtereunt;
3087 4341 3333 4395 insiliunt
3391 4349 3571 4392 autem

308 4455 614 4524 νομίζουσι,
652 4456 864 4520 λεπτῶς
916 4429 1294 4526 βασανίζοντες
1311 4429 1561 4530 τὰς’ὲμας
1581 4429 1883 4522 ἐπιστολὰς,

2000 4438 2418 4508 promptissime,
2451 4434 2494 4487 si
2521 4449 2624 4503 qua
2676 4433 2807 4500 ipsis
2837 4432 2919 4486 vel
2962 4431 3243 4485 minimam
3297 4429 3576 4498 conjectu-

308 4546 375 4597 τὰ
413 4546 515 4614 μὲν
550 4547 650 4598 ὅσα
672 4547 819 4600 ἐστὶν
845 4549 904 4601 ὲν
921 4547 1111 4611 αὑταῖς
1132 4547 1380 4618 χρήσιμά
1408 4565 1465 4600 τε
1495 4548 1588 4601 καὶ
1616 4549 1891 4616 ἀναγκαῖα

311 4638 450 4707 πρὸς
480 4637 756 4703 ἀπόδειξιν
793 4641 891 4710 τῆς
913 4640 1019 4693 τῶν
1058 4641 1347 4710 δογμάτων
1379 4639 1670 4710 ὀρθότητός
1703 4656 1762 4692 τε
1797 4638 1891 4691 καὶ

309 4727 625 4797 ἀκριϐείας,
664 4727 939 4792 ἐθέλοντες
978 4725 1440 4802 παρατρέχουσιν,
1493 4730 1800 4800 ἐπιπηδῶσι
1834 4729 1892 4783 δὲ

311 4822 405 4872 καὶ
425 4820 574 4890 μάλα
590 4819 806 4890 γοργῶς
845 4822 954 4883 τοῖς
982 4821 1086 4874 κᾶν
1127 4820 1258 4888 γοῦν
1287 4822 1471 4891 ἰσχνὴν
1527 4821 1738 4891 ἔχουσιν
1786 4822 1891 4873 ὑπο

309 4911 494 4977 σᾷξαν,
537 4911 680 4964 κατά
717 4928 778 4978 γε
802 4910 860 4963 τὸ
899 4912 1078 4974 αὐτοῖς
1107 4911 1317 4974 δοκοῦν,
1345 4913 1424 4974 εἰς
1453 4913 1514 4964 τὸ
1542 4910 1800 4964 δύνασθαι
1830 4910 1897 4962 δι’

313 5002 496 5052 αὐτῶν
584 5001 682 5062 τὰς
747 4999 869 5053 καθ’
942 5000 1096 5070 ἡμῶν
1179 4999 1452 5052 ποιεῖσθαι
1511 4998 1894 5067 συκοφαντίας.

314 5093 686 5161 Μεμνήσομαι
711 5091 767 5143 δὲ
795 5091 902 5143 τῶν
923 5089 1160 5161 ἐμαυτοῦ
1203 5091 1381 5161 ῥητῶν
1413 5098 1460 5142 3.
1509 5089 1764 5159 Γέγραφα
1789 5089 1898 5157 γὰρ

314 5183 490 5244 οὓτως
531 5184 588 5234 ἐν
617 5185 686 5252 τῇ
717 5182 850 5252 πρὸς
873 5181 1166 5251 Νεστόριον
1204 5181 1493 5252 ἐπιστολῇ·
1515 5179 1626 5243 Τὰς
1656 5180 1714 5232 δέ
1747 5197 1808 5249 γε
1837 5181 1894 5233 ἐν

316 5277 428 5336 τοῖς
493 5274 842 5342 Εὑαγγελίοις
895 5273 989 5326 τοῦ
1039 5274 1288 5344 Σωτῆρος
1345 5272 1500 5343 ἡμῶν
1547 5271 1728 5340 φωνὰς
1772 5270 1893 5324 οὔτε

2002 4546 2112 4583 ram
2141 4527 2379 4598 pra-bere
2412 4527 2724 4591 videantur,
2757 4540 2820 4577 ex
2859 4523 2989 4592 ipsis
3008 4533 3198 4578 contra
3235 4538 3334 4578 nos
3368 4522 3576 4575 calum-

2002 4622 2121 4676 nias
2167 4619 2380 4675 contexi
2414 4632 2591 4688 posse.
2621 4617 3073 4672 Commemorabo
3101 4627 3278 4669 autent
3348 4625 3402 4668 et
3458 4630 3575 4668 inea

2003 4715 2190 4777 verba,
2219 4728 2337 4782 qua:
2361 4711 2439 4766 sic
2468 4711 2522 4765 in
2549 4709 2777 4780 epistola
2835 4710 2900 4763 ad
2959 4708 3269 4762 Nestorium
3327 4705 3516 4772 scripsi
3555 4719 3570 4756 :

2005 4807 2175 4862 Voces
2193 4815 2369 4860 autem
2396 4804 2692 4861 Salvatoris
2723 4805 2890 4857 nostri
2918 4804 2970 4857 in
3027 4800 3350 4869 Evangeliis,
3405 4813 3580 4864 neque

2007 4899 2326 4953 substantiis
2360 4897 2588 4959 duabus,
2625 4909 2797 4962 neque
2863 4905 3011 4948 certe
3065 4894 3272 4946 duabus
3335 4887 3580 4958 personis

2005 4990 2380 5044 distribuimus
2443 4987 2574 5058 (non
2601 4989 2746 5042 enim
2781 4986 2976 5055 duplex
3003 4994 3086 5040 est
3141 4999 3280 5036 unus
3332 4990 3386 5034 et
3432 4979 3578 5034 solus

2002 5081 2276 5147 Christus,
2304 5081 2516 5135 etiamsi
2545 5094 2611 5134 ex
2645 5079 2852 5134 duabus
2879 5088 2933 5133 et
2960 5076 3190 5131 diversis
3230 5075 3384 5127 rebus
3424 5072 3579 5126 intel-

2002 5175 2198 5241 ligatur
2232 5175 2284 5226 in
2309 5169 2967 5241 unitatem-indivisibilem
2997 5167 3370 5233 coadunatus;
3397 5179 3580 5233 quem-

2001 5269 2286 5320 admodum
2346 5265 2554 5320 scilicet
2602 5274 2656 5319 et
2685 5264 2843 5318 humo
2884 5277 2951 5316 ex
2978 5261 3154 5315 anima
3187 5259 3500 5332 intelligitur
3527 5267 3580 5312 et

1396 5489 1565 5541 Varize
1595 5487 1850 5540 lectiones
1876 5500 1940 5538 ex
1972 5487 2156 5539 codice
2189 5485 2557 5553 Svguicriauo.

417 5695 445 5734 ι
483 5693 795 5764 προσώποις
831 5692 1002 5756 δυσὶν,
1037 5692 1090 5759 ἡ.
1165 5701 1183 5728 ι·
1219 5689 1342 5740 Υἱὸν
1372 5687 1462 5739 καὶ
1499 5683 1872 5753 ἐκλαμϐἑινετί)

2021 5681 2043 5719 ἀ
2083 5677 2153 5741 ὣς
2182 5697 2287 5743 τις.

2359 5692 2379 5717 '—
2417 5681 2476 5732 οὐ
2508 5679 2822 5744 διιστάντες.
2871 5679 2890 5718 ί
2917 5681 2976 5733 οὗ
3016 5679 3126 5732 δύο.
3211 5681 3234 5718 ε
3273 5679 3551 5748 ῥημάτων.
