4002 6192
446 247 552 305 339

1441 246 1500 300 S.
1543 246 1814 302 CYRILLl
1854 247 2324 304 ALEXANDRIM
2366 247 2686 304 Αιιςιιιιίιδ.

3612 246 3721 300 5ίο

447 379 695 436 corpore.
729 375 782 421 et
818 379 922 419 non
949 363 1167 434 duplex,
1199 365 1294 420 sed
1327 365 1500 436 magis
1536 381 1676 420 unus
1727 366 1811 436 (ex
1865 369 2029 420 utris-

2136 370 2465 422 ὑποστάσεσι
2505 369 2680 429 δυσὶν,
2701 365 2824 419 οὔτε
2851 365 2957 436 μὴν
2989 361 3302 434 προσώποις
3315 353 3441 412 δυσὶ
3471 376 3718 416 καταμε-

409 492 422 500 ,
448 459 595 528 que),
620 458 712 512 sed
751 458 1018 511 humanas
1049 466 1101 510 et
1129 457 1344 525 divinas
1370 474 1586 528 quoque
1610 460 1680 514 al)
1716 476 1824 514 uno
1854 460 2028 513 dictas

451 561 565 602 esse
591 550 992 615 cognoscimus,
1014 558 1161 604 recte
1187 551 1480 618 sapientes.
1510 551 1738 616 Quando
1769 553 1942 615 enim,
1967 562 2024 605 ut

449 640 612 692 Deum
647 639 822 704 decet,
854 639 922 694 de
952 655 1011 695 se
1039 640 1278 709 loquitur
1313 656 1328 692 :
1359 657 1380 693 ι
1417 639 1517 706 Qui
1557 641 1689 696 vidit
1735 657 1840 707 me,
1895 643 2030 696 vidit

445 740 500 784 et
556 730 775 787 Patrem
805 733 888 798 7’;
927 752 947 785 ›
1007 742 1060 788 et
1097 750 1110 786 :
1185 751 1205 785 ι
1248 733 1359 803 Ego
1417 742 1473 788 et
1531 732 1689 788 Pater
1734 750 1898 788 unum
1932 749 2027 788 su-

450 821 659 887 mus“;
698 840 718 874 ι
762 822 998 876 divinam
1038 822 1209 892 ipsius
1233 822 1636 878 etineﬂ‘ahilem
1673 819 2030 895 intelligimus

450 920 723 980 naturam,
756 914 1051 969 secundum
1085 930 1249 984 quam
1292 925 1373 970 est
1427 913 1609 971 Patris
1661 915 1766 978 sui,
1807 926 2031 984 propter

449 1005 787 1060 identitatem
821 1006 1156 1070 substantiae,
1198 1016 1254 1061 et
1311 1007 1487 1076 imago
1533 1017 1585 1062 ct
1642 1007 1926 1061 character
1976 1017 2031 1061 et

451 1098 703 1166 splendor
730 1098 912 1169 gloriae
943 1099 1110 1168 ipsius
1131 1101 1196 1154 δι.
1219 1100 1378 1169 172
1396 1099 1618 1166 Quando
1639 1109 1816 1154 autem
1837 1100 2028 1154 huma-

452 1192 640 1244 nitatis
663 1206 972 1247 mensuram
1001 1194 1299 1247 observans
1315 1192 1514 1249 Judaais
1541 1194 1812 1264 loquitur:
1837 1214 1854 1245 ι
1881 1193 2031 1250 Nunc

451 1291 629 1336 autem
668 1298 754 1338 me
784 1285 1026 1352 quaeritis
1059 1285 1314 1339 occidere
1344 1285 1646 1350 hominem,
1705 1284 1794 1353 qui
1832 1283 2032 1338 verita-

455 1385 558 1428 tem
595 1374 748 1430 vobis
774 1377 987 1432 locutus
1035 1392 1154 1432 sum
1207 1377 1283 1442 “;
1331 1397 1349 1428 ι
1410 1393 1620 1432 rursum
1685 1377 2034 1432 nihilominus

452 1469 625 1534 ipsum
655 1471 707 1522 in
739 1470 1054 1538 aequalitate
1122 1479 1178 1524 et
1225 1471 1589 1525 similitudine
1641 1469 1816 1524 Patris
1867 1469 2033 1523 Deum

456 1560 712 1627 Verbum,
751 1573 805 1616 et
829 1577 892 1616 ex
918 1563 1278 1616 humanitatis
1316 1578 1427 1617 sua:
1473 1563 1745 1617 mensuris
1779 1562 2036 1629 agnosci-

453 1668 593 1708 mus.
623 1652 758 1707 Nam
794 1655 837 1707 si
869 1654 1242 1709 necessarium
1273 1665 1356 1709 est
1420 1655 1646 1710 credere
1689 1654 1834 1724 quod
1894 1653 2036 1708 Dens

2133 461 2356 532 ρίζομεν
2378 478 2393 488 ο
2425 460 2486 513 ού
2527 460 2638 530 γάρ
2674 459 2792 511 ἐστι
2846 457 3068 520 διπλοῦς
3097 457 3125 507 ὁ
3150 449 3232 517 εἷς
3263 453 3360 507 καὶ
3396 453 3554 522 μόνος
3585 453 3721 524 Χρι-

2131 555 2276 617 στὸς,
2299 553 2402 607 κᾶν
2420 554 2486 606 ἐκ
2515 551 2610 605 δύο
2622 550 2812 620 νοῆται
2837 550 2931 602 καὶ
2964 547 3238 619 διαφόρων
3266 545 3612 618 πραγμάτων
3639 545 3724 610 εἰς

2130 647 2360 716 ἑνότητα
2405 646 2500 717 τὴν
2563 644 2854 714 ἀμέριστον
2917 640 3410 710 συνενηνεγμένος*
3465 636 3722 705 καθάπερ

2129 737 2322 807 ἀμέλει
2352 737 2444 790 καὶ
2467 736 2753 808 ἄνθρωπος
2777 737 2840 787 ἐκ
2867 734 3043 804 ψυχῆς
3063 735 3262 785 νοεῖται
3305 731 3402 784 καὶ
3435 729 3722 800 σώματος’

2131 831 2226 883 καὶ
2250 829 2310 882 ού
2355 828 2578 892 διπλοῦς
2612 827 2834 896 μᾶλλον,
2884 825 3002 879 ἀλλ’
3038 819 3161 887 εἷςιι
3202 823 3262 887 ἐξ
3293 823 3495 892 ἀμφοῖν
3518 837 3533 850 ⁸
3586 821 3728 874 ἀλλὰ

2129 921 2228 985 τάς
2259 937 2318 973 τε
2352 921 2720 990 ἀνθρωπίνας,
2768 920 2863 971 καὶ
2901 917 3040 988 πρός
3082 932 3147 984 γε
3182 914 3357 984 τούτῳ
3395 913 3495 976 τὰς
3533 912 3728 976 θεῖκάς

2132 1013 2262 1082 παρ’
2301 1011 2419 1075 ἐνὸς
2453 1010 2726 1082 εἰρῆσθαι,
2751 1008 3142 1079 διακεισόμεθα
3169 1006 3493 1078 φρονοῦντες
3523 1004 3727 1074 ὀρθῶς.

2135 1106 2302 1158 Ὅταν
2347 1105 2443 1174 μὲν
2484 1103 2590 1173 γὰρ
2629 1102 2947 1174 θεοπρεπῶς
2991 1101 3125 1170 λέγῃ
3175 1099 3302 1168 περὶ
3331 1096 3528 1150 ἑαυτοῦ
3561 1114 3573 1126 ·
3623 1115 3641 1146 ε
3666 1095 3729 1146 Ὀ

2133 1196 2392 1269 ἑωρακὼς
2442 1197 2564 1266 ἐμὲ,
2612 1194 2826 1266 ἐώρακε
2859 1195 2950 1246 τὸν
2983 1193 3206 1262 Πατέρα
3229 1207 3240 1219 ·
3264 1211 3286 1240 ι
3334 1191 3428 1243 καὶ
3449 1229 3468 1255 ,
3530 1208 3547 1240 ι
3582 1187 3729 1257 Ἐγὼ

2135 1293 2230 1344 καὶ
2253 1292 2281 1344 ὁ
2312 1290 2504 1360 Πατὴρ
2534 1289 2591 1341 ἓν
2631 1290 2831 1357 ἐσμεν·
2862 1307 2880 1338 ι
2911 1285 3010 1356 τὴν
3046 1285 3194 1338 θείαν
3227 1282 3393 1337 αὑτοῦ
3422 1283 3518 1336 καὶ
3546 1281 3727 1353 saep-

2137 1387 2298 1455 ρητον
2340 1381 2628 1452 ἐννοοῦμεν
2673 1379 2858 1449 φύσιν,
2904 1377 3024 1431 καθ’
3077 1378 3144 1447 ἦν
3202 1379 3323 1429 ἐστι
3364 1378 3380 1416 ἱ
3439 1375 3576 1445 πρὸς
3633 1375 3731 1427 τὸν

2137 1476 2356 1547 Πατέρα
2401 1473 2492 1526 τὸν
2536 1471 2730 1527 ἑαυτοῦ
2778 1470 2864 1524 διὰ
2914 1469 3010 1540 τὴν
3054 1469 3358 1539 ταυτότητα
3393 1467 3494 1536 τῆς
3540 1466 3731 1528 οὐσίας

2137 1566 2302 1620 εἰκών
2343 1583 2402 1620 τε
2433 1566 2527 1619 καὶ
2562 1561 2870 1634 χαρακτὴρ,
2904 1561 3000 1614 καὶ
3049 1559 3395 1629 ἀπαύγασμα
3432 1558 3530 1627 τῆς
3566 1556 3732 1626 δόξῃς

2137 1660 2505 1718 αύτοῦ,”οταν
2551 1657 2609 1710 δὲ
2656 1655 2718 1709 τὸ
2750 1655 2851 1724 τῆς
2899 1653 3320 1724 ἀνθρωπότητος
3378 1650 3577 1721 μέτρον
3628 1651 3734 1702 οὐκ

452 1750 720 1804 exsistens
763 1758 956 1804 natura
1010 1750 1212 1806 factum
1247 1760 1330 1804 est
1373 1765 1540 1814 caro,
1586 1753 1688 1804 hoc
1730 1750 2027 1817 esthomo.

2137 1753 2439 1825 ἀτιμάζων,
2493 1755 2605 1814 τοῖς
2651 1749 2928 1811 Ἰουδαίοις
2977 1745 3288 1818 προσλαλῇ’
3345 1763 3364 1796 ι
3393 1743 3507 1796 Νῦν
3549 1743 3606 1796 δέ
3660 1760 3732 1812 με

452 1851 615 1889 carne
653 1837 892 1891 animata
926 1839 1105 1893 anima
1140 1837 1394 1892 rationali
1433 1856 1444 1891 :
1485 1853 1732 1908 quaenam
1765 1840 1902 1894 ratio
1955 1838 2037 1908 le-

453 1937 557 1994 rat,
583 1939 639 1982 ut
669 1929 792 1998 quis
815 1946 973 1986 voces
998 1933 1115 2000 ejus
1169 1931 1481 1993 erubescat,
1522 1931 1567 1986 si
1599 1920 1753 1986 facim
1781 1940 1907 1986 sunt
1944 1932 2034 1985 ho-

454 2019 582 2073 mini
617 2022 1010 2091 congruentes?
1036 2022 1172 2076 Nam
1202 2021 1246 2076 si
1280 2031 1576 2091 respueret.
1616 2037 1897 2076 sermones
1940 2022 2032 2090 qui

455 2107 764 2164 hominibus
789 2123 1118 2180 congruunt,
1150 2113 1274 2182 quis
1307 2111 1571 2178 compulit
1601 2121 1659 2165 ιιι
1688 2113 1850 2168 homo
1879 2111 2036 2167 ﬁeret

451 2201 645 2254 similis
665 2202 858 2258 nobis?
904 2205 1003 2270 Qui
1037 2215 1218 2258 autem
1251 2219 1310 2258 se
1339 2203 1562 2257 demisit
1593 2214 1817 2274 propter
1851 2219 1950 2258 nos
1975 2205 2030 2257 in

452 2294 808 2349 voluntariam
833 2299 1285 2361 exinanitimicm,
1317 2307 1536 2367 propter
1581 2313 1743 2367 quam
1808 2312 2028 2351 causam

456 2398 732 2455 respueret
763 2403 1044 2444 sermones
1076 2404 1191 2443 sum
1218 2391 1586 2445 exinanitioni
1616 2389 2036 2444 convenientes?

452 2478 618 2548 Igitur
645 2481 735 2534 uni
769 2496 1016 2550 persona:
1035 2497 1226 2536 omnes
1261 2481 1496 2536 voeesin
1543 2481 1869 2550 Evangeliis,
1906 2480 2037 2533 sub-

452 2571 735 2637 sistentize,
775 2574 1021 2642 inquam,
1055 2573 1148 2628 uni
1182 2572 1345 2629 Verbi
1404 2572 1672 2628 incarnati
1731 2573 2036 2628 tribuenda:

453 2671 576 2718 sunt
633 2652 916 2733 (Dominus
949 2666 1095 2719 enim
1153 2681 1294 2720 unus
1331 2665 1491 2720 .Iesus
1525 2663 1799 2729 Christus,
1842 2679 2036 2719 secun-

453 2753 576 2806 dum
605 2746 963 2825 scripturas).
1005 2754 1194 2826 Igitur,
1222 2765 1485 2825 quantum
1514 2769 1716 2822 exJam
1754 2765 1879 2809 ante
1907 2755 2036 2809 scri-

453 2845 580 2914 ptis,
612 2863 715 2902 non
751 2847 1028 2915 ignorasse
1077 2845 1535 2916 deprehendimur
1553 2845 2034 2916 dispensationem,

451 2947 507 2991 et
537 2953 662 2994 suas
697 2940 982 3008 utriusque
1005 2949 1214 2995 natura}
1245 2943 1536 3005 voces,sed
1570 2942 1749 3011 potius
1785 2955 1890 2994 non
1913 2954 2034 3009 per-

454 3031 669 3088 mittere
723 3031 1071 3098 animalilms,
1133 3045 1185 3087 et
1232 3035 1482 3103 spiritum
1530 3051 1633 3089 non
1680 3033 2034 3097 habentibus,

453 3125 590 3182 duos
611 3127 856 3198 cogitare
883 3127 968 3182 vel
991 3129 1172 3182 dicere
1201 3128 1386 3192 Filios,
1422 3128 1494 3180 ita
1525 3137 1584 3180 ut
1609 3127 1854 3180 dividant
1884 3128 2029 3180 inter

451 3232 512 3272 se
557 3218 942 3273 subsistentias
993 3228 1114 3288 post
1151 3219 1474 3272 indivnlsam
1536 3219 1857 3272 unitionem.
1915 3217 2024 3272 Sed

453 3309 580 3377 quia
614 3325 804 3377 parum
838 3309 966 3378 quid
993 3325 1057 3364 ex
1118 3321 1303 3364 nostra
1365 3309 1594 3378 epistola
1629 3319 1931 3378 posuerunt
1978 3309 2030 3363 in

455 3401 727 3469 principio
787 3417 1008 3455 suorum
1079 3416 1416 3466 sermonum,
1446 3410 1503 3455 et
1557 3401 2029 3468 minanturuobis,

455 3495 596 3557 quod
639 3493 690 3544 in
725 3500 970 3561 tempore
995 3492 1497 3562 sintredarguturi,
1556 3494 1708 3564 quasi
1764 3509 1868 3546 non
1922 3509 2036 3547 me-

454 3583 712 3637 diocriter
745 3584 1152 3651 peceavcrimus
1175 3585 1228 3640 in
1255 3583 1491 3640 Verbum
1519 3602 1584 3640 ex
1611 3585 1732 3642 Ded
1751 3585 1917 3641 Patre
1939 3627 1953 3652 ,
1979 3599 2034 3642 et

453 3674 848 3730 incrementum
881 3690 943 3730 ac
971 3675 1394 3744 profectum,qui
1425 3677 1492 3732 ad
1523 3691 1743 3733 carnem
1775 3679 2031 3748 pertinet,

454 3776 661 3842 naturze
690 3769 858 3836 ipsius
887 3768 1335 3838 insipientissime
1382 3769 1743 3825 tribuerimus
1773 3789 1787 3824 :
1833 3786 1933 3842 age
1981 3780 2036 3826 ct

457 3863 519 3918 ad
548 3861 650 3916 hoc
665 3861 1047 3917 convenientia
1073 3861 1340 3926 dicamus,
1377 3860 1681 3929 adiiciendo
1710 3871 1878 3917 totam
1907 3864 2026 3933 epi-

452 3951 605 4018 stola:
639 3962 867 4022 partem.
922 3950 1027 4020 Ipsi
1087 3951 1232 4007 enim
1281 3959 1582 4008 metuentes
1629 3954 1939 4021 veritatem,
1979 3963 2035 4008 et

454 4043 727 4118 auditores
772 4043 1041 4110 fallentes,
1097 4053 1302 4113 partem
1349 4047 1638 4113 quamdam
1710 4059 2028 4114 posuerunt,

453 4153 569 4191 eam
598 4151 718 4195 num
748 4137 879 4205 ipsis
916 4136 1204 4190 utilissima
1242 4152 1364 4191 esse
1408 4137 1690 4190 videbatur
1709 4138 1774 4190 ad
1813 4139 1935 4203 hoc,
1974 4150 2034 4193 ut

454 4229 578 4281 inde
637 4237 856 4296 possent
884 4242 949 4281 ac
973 4227 1287 4281 viderentur
1310 4227 1458 4297 juste
1483 4229 1780 4282 calumnias
1826 4231 1876 4283 in
1934 4246 2031 4285 nos

453 4330 688 4374 struere.
723 4319 894 4372 llahet
925 4328 1107 4373 autem
1130 4320 1208 4374 sic
1259 4320 1401 4387 quod
1448 4320 1652 4374 dictum
1698 4332 1778 4374 cst
1811 4341 1825 4378 :
1863 4323 1929 4377 Et
1985 4323 2028 4377 si

2137 1845 2348 1915 ζητεῖτε
2378 1843 2696 1896 ἀποκτεῖναι
2757 1837 3063 1910 ἄνθρωπον,
3100 1836 3158 1899 ὃς
3189 1835 3290 1906 τὴν
3316 1833 3572 1904 ἀλήθειαν
3599 1833 3735 1902 ὑμῖν

2137 1935 2410 2004 λελάληκα
2440 1951 2454 1965 ι
2493 1952 2509 1984 ι
2549 1932 2712 1986 πάλιν
2739 1930 2892 1983 οὐδὲν
2926 1923 3089 2000 ἦττον
3118 1927 3279 1980 αὑτὸν
3311 1925 3402 1979 τὸν
3435 1927 3492 1977 ἐν
3521 1924 3735 1992 ἰσότητί

2137 2044 2195 2080 τε
2227 2027 2318 2080 καὶ
2343 2025 2621 2095 ὁμοιότητι
2649 2021 2744 2077 τοῦ
2774 2020 2985 2092 Πατρὸς
3018 2019 3150 2072 Θεὸν
3181 2018 3372 2086 Λόγον,
3396 2018 3491 2069 καὶ
3522 2018 3585 2068 ἐκ
3618 2015 3732 2069 τῶν

2137 2121 2237 2189 τῆς
2266 2117 2685 2187 ἀνθρωπότητος
2718 2111 2884 2166 αὑτοῦ
2916 2109 3130 2182 μέτρων
3172 2106 3631 2175 ἐπιγινώσκομεν.
3663 2105 3732 2157 EE

2138 2209 2247 2280 γάρ
2278 2209 2426 2262 ἐστιν
2475 2207 2771 2274 ἀναγκαῖον
2818 2204 2880 2256 τὸ
2921 2201 3222 2265 πιστεύειν,
3255 2201 3337 2253 ὅτι
3366 2198 3494 2261 Θεὸς
3522 2197 3596 2250 ὢν
3631 2197 3740 2266 φύ-

2143 2319 2252 2368 σει,
2305 2300 2501 2369 γέγονε
2551 2295 2722 2368 σὰρξ,
2776 2297 2944 2367 ἤγουν
2997 2289 3738 2364 ἄνθρωπος,ἐμψυχωμένης

2138 2395 2282 2465 ψυχῇ
2314 2393 2506 2463 λογικῇ
2542 2392 2642 2460 τῆς
2682 2389 2882 2459 σαρκός
2905 2404 2918 2418 ·
2957 2385 3145 2440 ποῖονὶ
3208 2386 3273 2438 ἂν
3319 2385 3428 2455 ἔχοι
3476 2383 3631 2451 λόγον
3664 2381 3740 2434 τδ

2140 2483 2558 2557 ἐπαισχύνεσθαι
2577 2501 2694 2536 τινα
2715 2484 2834 2543 ταῖς
2855 2499 2929 2534 πα
2939 2481 2984 2551 ρ’
3001 2479 3166 2533 αὐτοῦ
3190 2481 3413 2547 φωναῖς,
3436 2477 3483 2528 εἰ
3499 2474 3736 2556 γεγόναο

2143 2597 2225 2633 σιν
2249 2576 2768 2650 ἀνθρωποπρεπῶς;
2806 2574 2868 2626 El
2903 2572 3012 2643 γὰρ
3045 2574 3344 2642 παρῃτεῖτο
3366 2571 3489 2632 τοὺς
3518 2567 3737 2638 ἀνθρώ-

2141 2689 2230 2741 πῳ
2257 2671 2564 2742 πρέποντας
2587 2667 2798 2736 λόγους,
2823 2666 2904 2730 τίς
2929 2668 2954 2718 ό
2977 2665 3295 2732 ἀναγκάσας
3316 2660 3569 2731 γενέσθαι
3594 2661 3700 2714 καθ
3724 2659 3741 2678 ⁸

2140 2765 2288 2834 ἡμᾶς
2330 2761 2658 2833 ἀνθρωπον;
2703 2760 2760 2812 '0
2791 2759 2846 2811 δὲ
2883 2757 3072 2820 καθεὶς
3117 2757 3308 2808 ἐαυτὸν
3357 2754 3424 2808 δι’
3457 2755 3603 2824 ἡμᾶς
3650 2755 3739 2817 εἰς

2142 2855 2388 2910 ἑκούσιον
2441 2855 2691 2916 κένωσιν,
2723 2851 2812 2905 διὰ
2859 2851 3022 2903 ποίαν
3079 2849 3262 2903 αἰτίαν
3315 2849 3614 2918 παρῃτεῖτο
3662 2846 3738 2898 ἂν

2139 2953 2267 3014 τοὺς
2311 2952 2376 3020 τῇ
2412 2947 2640 3002 κενώσει
2689 2945 3000 3016 πρέποντας
3030 2941 3263 3009 λόγους;
3306 2940 3420 2992 Ἐν).
3441 2938 3740 3009 τοιγαροῦν

2073 3070 2120 3131 C
2152 3042 2428 3117 προσώπῳ
2460 3039 2559 3103 τὰς
2595 3041 2650 3092 ἐν
2683 3040 2796 3101 τοῖς
2832 3034 3184 3104 Εὑαγγελίοις
3225 3032 3403 3097 πάσας
3442 3030 3738 3086 ἀναθετέον

2138 3137 2340 3211 φωνὰς,
2374 3132 2669 3188 ὑποστάσει
2702 3131 2801 3200 μιᾷ
2825 3131 2890 3199 τῇ
2923 3127 3017 3180 τοῦ
3041 3125 3216 3196 Λόγου
3242 3123 3641 3197 σεσαρκωμένῃ
3667 3123 3692 3162 lt
3716 3141 3733 3154 -

2135 3231 2340 3300 Κύριος
2372 3225 2482 3296 γὰρ
2513 3217 2593 3286 εἷς
2627 3222 2833 3291 Ἰησοῦς
2860 3217 3155 3292 Χριστδςι,
3181 3218 3321 3272 κατὰ
3351 3217 3448 3280 τὰς
3483 3217 3734 3287 Γραφάς.

2135 3323 2346 3380 Οὐκοῦν
2382 3321 2509 3384 ὼςω
2541 3318 2650 3372 ἀπό
2682 3332 2746 3385 γε
2774 3314 2883 3368 τῶν
2914 3314 3015 3384 ἤδη
3047 3312 3590 3383 προγεγραμμένων,
3627 3309 3739 3362 οὐκ

2134 3415 2464 3487 ἠγνοηκότες
2517 3412 2616 3482 μὲν
2655 3407 2978 3478 ἀλωσόμεθα
3004 3409 3105 3478 τὴν
3134 3405 3470 3475 οἰκονομίαν,
3502 3403 3596 3455 καὶ
3628 3403 3735 3471 τὴν

2136 3511 2342 3581 ἑκάστῃ
2395 3505 2556 3576 φύσει
2619 3501 2937 3573 πρέπουσαν
2986 3497 3190 3569 φωνὴν,
3239 3497 3339 3550 ούκ
3384 3494 3626 3564 ἐφιέντες
3673 3493 3737 3548 δὲ

2139 3601 2339 3672 μᾶλλον
2392 3601 2507 3662 τοῖς
2549 3596 2823 3667 ψυχικοῖς,
2849 3593 2946 3646 καὶ
2976 3591 3194 3662 πνεῦμα
3242 3591 3316 3660 μὴ
3353 3588 3556 3659 έχουσι,
3590 3589 3736 3640 νοεῖν

2134 3694 2228 3747 δύο
2255 3693 2425 3755 υἱοὺς,
2458 3691 2490 3760 ἢ
2523 3689 2726 3756 λέγειν,
2759 3684 3103 3756 διαιροῦντας
3155 3681 3406 3751 ἀλλήλων
3452 3679 3550 3744 τὰς
3593 3681 3735 3733 ὐπο-

2137 3785 2357 3845 στάσεις
2407 3779 2546 3853 μετά
2583 3779 2680 3850 τὴν
2724 3778 3140 3832 ἀδιάσπαστονιι
3170 3775 3387 3827 ἕνωσιν.
3405 3771 3625 3842 Ἐπειδὴ
3670 3771 3735 3823 δὲ

2137 3875 2309 3948 βραχύ
2362 3893 2416 3927 τι
2467 3873 2633 3944 μέρος
2665 3870 2924 3932 λαϐόντες
2975 3868 3035 3933 ἐξ
3085 3868 3364 3939 ἡμετέρας
3412 3863 3731 3932 ἐπιστολῆς,

2133 3966 2443 4019 τεθείκασιν
2497 3967 2553 4018 ἐν
2601 3964 2744 4034 ἀρχῇ
2795 3961 2904 4013 τῶν
2959 3959 3102 4012 ίδίων
3154 3957 3349 4025 λόγων,
3379 3953 3733 4018 ἀπειλοῦντες

2133 4060 2283 4135 sua;
2314 4057 2409 4110 ἐπὶ
2437 4053 2629 4124 καιροῦ
2664 4052 2983 4122 διελέγχειν,
3007 4049 3084 4114 ὡς
3112 4050 3173 4102 οὐ
3211 4047 3448 4119 μετρίως
3477 4049 3734 4117 ἡμαρτη-
3825 4105 3830 4108 _

2134 4150 2297 4212 κότας
2327 4150 2406 4211 είς
2439 4147 2531 4200 τὸν
2577 4147 2639 4198 ἐκ
2677 4143 2814 4196 Θεοῦ
2851 4142 3064 4213 Πατρὸς
3096 4141 3288 4208 Λόγον,
3321 4139 3416 4192 καὶ
3449 4141 3513 4208 τῇ
3561 4138 3731 4190 αὐτοῦ

2135 4237 2291 4306 φύσει
2319 4237 2416 4308 τὴν
2442 4238 2508 4306 τῇ
2540 4235 2704 4305 σαρκὶ
2736 4232 3057 4302 πρέπουσαν
3093 4228 3325 4299 αὔξησίν
3364 4245 3422 4281 τε
3457 4229 3550 4281 καὶ
3590 4244 3729 4298 προς

2134 4323 2308 4394 κοπὴν
2339 4321 2678 4376 ἀϐουλότατα
2703 4319 3250 4391 προσνενεμηκότας·
3298 4317 3431 4389 φέρε
3461 4317 3555 4370 καὶ
3590 4317 3732 4386 πρός

453 4412 690 4464 audieris
733 4412 874 4480 quod
911 4411 1207 4479 profecerit
1229 4409 1386 4466 Jcsus
1419 4420 1581 4466 :etate
1603 4422 1658 4466 et
1680 4415 1944 4483 sapientia
1973 4427 2026 4470 et

2136 4432 2192 4484 γε
2222 4416 2396 4468 ταῦτα
2435 4415 2502 4468 τά
2549 4415 2737 4467 εἰκότα
2777 4413 3048 4481 λέγωμεν,
3083 4411 3202 4464 ὅλον
3239 4409 3576 4481 παραθέντες
3627 4407 3732 4476 τῆς

452 4502 623 4572 gratia
657 4501 722 4564 ³³,
761 4516 828 4556 ne
852 4510 1008 4569 putes
1062 4499 1296 4555 Verbum
1365 4501 1456 4555 Dei
1524 4504 1740 4571 sapiens
1786 4505 2029 4574 profectu

451 4594 699 4647 eﬂ‘ertum
717 4608 856 4648 esse.
895 4592 1342 4648 Commemoruho
1363 4603 1542 4648 autem
1577 4597 1764 4666 magis,
1793 4598 1933 4667 quod
1955 4598 2035 4652 sic

453 4685 666 4739 divinus
717 4683 917 4739 Paulus
965 4685 1299 4754 scripserit:
1341 4703 1360 4736 ι
1395 4685 1646 4742 Christus
1695 4688 1789 4743 Dei
1837 4691 2029 4755 virtus,

450 4789 503 4832 et
541 4779 630 4832 Dei
659 4779 921 4847 sapientia
954 4777 1019 4831 ⁸⁸.
1066 4797 1084 4829 ι
1129 4776 1312 4846 Neque
1343 4794 1533 4834 rursus
1561 4779 1689 4834 illud
1723 4785 2032 4851 'nugaciter

450 4869 597 4922 ausis
628 4869 831 4931 dicere,
858 4868 997 4936 quod
1024 4868 1288 4936 prolicere
1324 4870 1375 4923 in
1394 4881 1552 4924 :etate
1583 4873 1942 4940 etsapientia,
1976 4883 2032 4928 et

451 4960 647 5030 gratia,
680 4961 880 5013 homini
913 4960 1272 5016 attribuamns
1307 4981 1319 5016 :
1353 4961 1454 5016 hoc
1490 4962 1646 5032 173
1664 4963 1894 5027 enim,ut
1925 4965 2034 5032 opi-

453 5067 572 5114 nor,
609 5051 742 5104 nihil
769 5051 910 5104 aliud
943 5057 1047 5114 est,
1079 5067 1240 5121 quam
1294 5051 1536 5107 dividere
1591 5054 1642 5107 in
1686 5054 1821 5108 duos
1867 5072 2030 5108 unum

449 5139 723 5195 Christum
757 5161 770 5196 :
803 5145 920 5207 sed,
941 5141 1078 5197 sicut
1106 5142 1264 5212 paulo
1291 5153 1417 5198 ante
1454 5144 1589 5211 divi,
1614 5142 1802 5212 Filius,
1828 5145 1918 5215 qui
1949 5156 2033 5200 est

519 5300 563 5329 7’
587 5299 746 5352 .loau.
782 5316 892 5361 XIV,
921 5301 972 5353 9.
1053 5302 1096 5330 ⁸ο
1128 5300 1280 5355 Juan.
1311 5317 1341 5354 Σ
1402 5301 1478 5354 3‘).
1555 5299 1598 5330 "
1628 5301 1788 5355 "Cill‘.
1821 5318 1858 5366 1,
1893 5303 1948 5355 5.

2027 5303 2070 5334 ⁸³
2107 5302 2264 5357 .luan.
2306 5321 2416 5365 \‘lll,
2451 5304 2538 5359 40.

2135 4507 2427 4576 ἐπιστολῆς
2452 4508 2512 4560 τὸ
2543 4507 2728 4577 μέρος.
2764 4504 3072 4566 Δεδοικότες
3090 4512 3119 4541 ο
3144 4503 3254 4573 γὰρ
3287 4504 3443 4556 αὐτοὶ
3467 4503 3565 4571 τὴν
3596 4500 3734 4570 ἀλή-

2136 4597 2309 4661 θειαν,
2339 4598 2434 4651 καὶ
2466 4596 2906 4668 συναρπάζοντες
2951 4595 3079 4657 τοὺς
3127 4593 3532 4671 ἀκροωμένους,
3563 4590 3733 4661 μέρος

2132 4706 2186 4740 τι
2215 4688 2551 4754 τεθείκασιν,
2583 4689 2721 4758 ὅπερ
2753 4687 2936 4749 αὐτοῖς
2979 4685 3152 4738 ἐδόκει
3186 4683 3614 4754 χρειωδέστατον
3650 4678 3733 4736 εἷ-

2142 4797 2222 4832 ναι
2257 4781 2394 4850 πρὸς
2414 4781 2476 4832 τὸ
2504 4779 2764 4833 δύνασθαί
2800 4796 2861 4832 τε
2905 4779 3046 4832 xciv
3080 4777 3186 4848 μὴν
3217 4778 3313 4830 καὶ
3351 4777 3528 4829 δοκεῖν
3568 4776 3726 4829 εύλόο

2137 4881 2309 4937 γουςίι
2339 4871 2437 4934 τὰς
2467 4868 2590 4922 καθ’
2617 4868 2775 4940 ἡμῶν
2801 4867 3071 4922 ποιεῖσθαι
3102 4866 3465 4934 συκοφαντίας
3485 4881 3498 4894 ·
3534 4863 3646 4933 ἔχει
3669 4864 3731 4918 δὲ

2139 4961 2310 5024 οὕτως
2348 4961 2410 5014 τὸ
2447 4961 2738 5032 εἰρημένον
2764 4975 2776 4990 '
2815 4960 2934 5014 Κᾶν
2968 4959 3229 5032 ἀκούσῃς,
3259 4959 3341 5011 ὅτι
3387 4956 3731 5029 προέκοπτεν

2138 5057 2166 5106 ό
2203 5053 2408 5123 Ἰησοῦς
2455 5053 2657 5124 ἡλικίᾳ,
2693 5053 2788 5108 καὶ
2838 5053 3020 5123 σοφίᾳ,
3053 5053 3150 5107 καὶ
3192 5052 3394 5122 χάριτι,
3438 5049 3512 5120 μὴ
3560 5050 3730 5116 σοφὸν

2139 5147 2198 5212 ἐξ
2231 5147 2522 5210 ὲπιδύσεως
2552 5145 2779 5219 νομίσῃς
2812 5145 3063 5215 γενέσθαι
3097 5143 3188 5197 τὸν
3215 5142 3308 5196 τοῦ
3345 5141 3479 5194 Θεοῦ
3512 5140 3689 5207 Λόγον
3711 5155 3727 5170 ο

2618 5304 2662 5336 ⁸³
2692 5303 2820 5359 Luc.
2856 5321 2914 5369 ιι,
2940 5302 3026 5358 52,
3105 5302 3150 5332 ⁸⁸
3182 5301 3345 5354 lCoI‘.
3385 5320 3418 5362 ι,
3455 5299 3542 5352 24.

1523 5455 1692 5512 Varia!
1720 5459 1978 5513 lectiones
2011 5476 2076 5514 ex
2111 5462 2293 5513 codice
2328 5461 2698 5531 chuicriuno.

535 5612 562 5650 λ
587 5611 824 5675 διπλοῦς,
870 5612 1066 5681 μᾶλλον
1098 5611 1213 5665 ἀλλ’
1235 5607 1334 5676 εἷς.

1423 5615 1443 5686 ί,
1479 5614 1601 5668 καθ’
1630 5618 1695 5686 ἢν
1726 5619 1820 5670 καὶ
1847 5616 1906 5668 ἓν
1936 5619 2072 5672 ἐστι.

453 5679 488 5721 ’ί
517 5685 546 5737 ὁ
579 5682 831 5754 Χριστός.
871 5679 946 5712 “¹¹¹
975 5683 1063 5735 καὶ
1098 5683 1190 5745 ὠς-

1273 5695 1297 5720 ο
1328 5683 1680 5740 ἀδιάστατον.
1765 5697 1787 5722 ο
1812 5689 2064 5751 δεδιότες.

2163 5629 2176 5667 l
2218 5619 2612 5691 ἐμψυχιομένος
2653 5619 2806 5691 ψυχῇ
2844 5619 3059 5691 λογικῇ.
3137 5613 3163 5656 δ
3199 5619 3636 5691 σεσαρκωμὲνου.

2151 5701 2176 5739 Ρ
2211 5690 2293 5746 ἵσ,
2338 5690 2447 5742 ναί.
2530 5699 2557 5738 τι
2585 5690 2844 5758 εἰιδοκεῖν,
2879 5689 3133 5755 εὐλόγως.
