4002 6192
247 280 315 336 Sil
847 283 1380 345 APOLOGETICUS
1418 289 1554 346 ριιο
1592 289 1686 346 Xll
1725 290 1820 347 CA‘

1930 292 2100 350 'IBUS
2143 293 2423 351 CONTRA
2465 296 2925 357 οῐιιΕΝΤΑιΕε.

3389 301 3497 358 349.

244 399 679 470 διιμεμνήσομαι
703 400 761 454 δὲ
785 389 988 472 μᾶλλον
1018 405 1356 490 γεγραφότος
1383 407 1481 461 ὡδὶ
1507 410 1599 463 τοῦ
1624 408 1820 464 Θεσπε·

1930 422 2052 467 ante
2074 414 2292 481 saecula,
2327 415 2380 469 in
2417 416 2731 473 novissimis
2796 417 2979 473 saeculi
3036 418 3368 490 temporibus
3442 422 3495 474 in

240 490 333 542 σίου
363 489 584 543 Παύλου
603 507 618 520 ·
667 511 690 543 ι
722 491 962 563 Χριστὸς
988 476 1412 568 Θεοῦᾟύναμις,
1446 500 1536 553 καὶ
1566 501 1701 554 Θεοῦ
1730 519 1819 555 σο-

234 580 335 651 οἱα.
365 600 383 633 ι
418 582 581 654 Μηδὲ
623 578 700 638 αὖ
735 585 917 638 ὲκεῖνο
946 584 1243 657 φληνάφως
1296 592 1573 662 τολμήσῃς
1602 594 1776 646 εἰπεῖν
1801 637 1815 660 ,

230 674 298 723 ὅτι
327 672 387 725 τὸ
411 673 765 743 προκόπτειν
792 676 852 727 ὲν
876 674 1065 748 ἡλικίᾳ
1092 694 1149 730 τε
1170 679 1263 731 καὶ
1286 680 1465 751 σοφίᾳ.
1499 684 1591 736 καὶ
1614 685 1816 756 χάριτι,

227 762 295 832 τῷ
337 762 621 835 ἀνθρώπῳ
644 767 1043 838 προσάψομεν·
1068 769 1227 824 τοῦτο
1274 773 1383 843 γάρ
1435 775 1603 841 ἐστιν,
1638 772 1812 846 οἶμαι,

229 854 437 923 ἕτερον’
473 855 731 927 ούδὲν,-ῆ
781 857 980 911 διελεῖν
1021 859 1102 924 είς
1148 859 1242 914 δύο
1287 862 1379 916 τὸν
1411 862 1505 916 ἕνα
1542 865 1777 936 Χριστόν
1800 882 1814 895 ο

231 943 331 997 ἀλλ’
360 943 551 1017 ὥσπερ
589 947 739 1018 ἔφην
769 950 994 1018 ἀρτίως,
1029 953 1354 1023 προαιὼνιος
1401 954 1479 1010 ὢν
1522 958 1550 1010 6
1583 957 1730 1021 Υἱὸς,
1760 958 1818 1011 ἐν

231 1036 466 1104 ἐσχάτοις
489 1038 590 1091 τοῦ
634 1040 836 1104 αἰῶνος
860 1046 1072 1113 καιροῖς
1100 1046 1179 1108 είς
1217 1045 1346 1099 Υίὸν
1390 1046 1623 1118 ὡρίσθαι
1664 1048 1815 1117 λέγε-

233 1141 314 1177 ται
342 1124 495 1191 Θεοῦ,
530 1128 639 1198 τῆς
671 1130 814 1193 ιδίας
859 1134 1062 1202 σαρκὸς
1103 1135 1203 1206 τὴν
1230 1136 1486 1206 γέννησιν
1514 1138 1817 1209 οἰκειούμεο

235 1228 318 1273 νος
341 1214 707 1285 οίκονομικῶς
735 1234 751 1248 ο
778 1219 922 1271 οὕτω
969 1220 1065 1272 καὶ
1112 1222 1374 1293 ὑπάρχων
1403 1225 1564 1294 σοφία
1592 1226 1688 1280 τοῦ
1724 1244 1820 1296 γε-

239 1306 575 1376 γεννηκότος.
626 1312 967 1381 προκόπτειν
1022 1317 1081 1366 ἐν
1135 1316 1297 1385 σοφίᾳ
1347 1316 1586 1385 λέγεται,
1638 1322 1818 1375 καίτοι

243 1399 536 1463 παντέλειος
569 1400 651 1452 ὣν
700 1402 781 1466 ὡς
813 1403 967 1469 Θεὸς,
998 1406 1065 1458 τὰ
1113 1409 1215 1478 τῆς
1260 1408 1679 1483 ἀνθρωπότητος
1709 1414 1819 1468 ἴδια

242 1488 320 1542 διὰ
345 1490 439 1562 τὴν
480 1495 560 1555 εἰς
608 1493 783 1567 ἀκρον
820 1496 1015 1550 ἕνωσιν
1042 1501 1121 1563 είς
1147 1500 1338 1554 ἑαυτὸν
1364 1503 1589 1567 εξκότως
1617 1505 1821 1560 ἀναλαι

246 1580 518 1637 Εών.Ἀνθ⁹
549 1586 675 1639 ὅτου
709 1587 772 1656 δὴ
820 1583 912 1641 οὖν
957 1588 1091 1643 Θεοῦ
1138 1592 1419 1661 λέγοντος,
1457 1614 1474 1647 ι
1511 1597 1702 1670 Κρῖμα
1736 1599 1818 1653 δί-

248 1689 389 1725 καιον
417 1676 661 1746 κρίνατε,
703 1698 722 1731 ι
751 1681 1212 1757 παραλογιζονται
1234 1686 1335 1758 τὴν
1358 1686 1651 1758 ἀλήθειαν;
1681 1688 1817 1744 Οὔτε

1923 505 2116 559 Filium
2150 505 2244 560 Dei
2273 507 2686 576 prmdestinatus
2717 524 2837 564 esse
2878 510 3076 565 dicitur
3100 509 3169 578 θ’,
3215 526 3326 564 suae
3374 526 3496 564 car~

1923 597 2006 651 nis
2029 599 2363 653 nativitatem
2399 599 2503 654 sibi
2564 602 2925 670 approprians
2963 602 3348 672 dispensative.
3407 602 3499 656 Sic

1919 698 1972 742 et
2002 689 2269 746 exsislens
2303 691 2568 760 sapientia
2611 691 2751 760 ejus,
2784 694 2876 761 qui
2913 695 3119 763 genuit,
3157 695 3421 764 prolicere
3446 694 3493 749 iu

1920 780 2183 850 sapientia
2224 783 2444 848 dicitur,
2483 786 2734 853 quamvis
2776 785 3207 854 perfectissimus
3266 789 3356 849 sit,
3408 794 3489 837 utv

1922 883 2045 942 pote
2082 873 2242 939 Deus,
2268 874 2397 929 dum
2428 877 2786 935 humanitatis
2812 879 3172 949 proprietates
3225 892 3322 946 per
3347 891 3497 929 sum-

1921 980 2062 1019 mam
2094 967 2390 1021 unitionem
2422 968 2474 1023 in
2507 982 2569 1023 se
2628 972 3020 1026 cormenienter
3083 969 3343 1037 suscepit.
3390 967 3501 1021 Cur

1919 1069 2050 1126 ergo
2076 1070 2197 1110 cum
2255 1057 2395 1113 Deus
2453 1058 2598 1113 dicat
2636 1077 2652 1114 :
2689 1078 2707 1111 ι
2741 1059 3011 1115 Judicium
3038 1058 3242 1129 iustum
3298 1057 3506 1126 judica-

1922 1156 1975 1200 te
2010 1147 2090 1201 '°:
2134 1166 2163 1201 ν
2182 1150 2468 1204 veritatem
2497 1150 2651 1206 falsis
2682 1142 2987 1208 rationibus
3009 1149 3367 1207 adumbrant?
3390 1146 3492 1203 Ne-

1921 1253 2025 1308 que
2049 1240 2192 1294 enim
2229 1242 2579 1309 partitionem
2615 1242 3092 1297 subsistentiarum
3143 1249 3266 1311 post
3304 1239 3502 1295 unitio-

1923 1344 2045 1385 nem
2077 1331 2523 1401 dogmatizamus,
2573 1348 2749 1403 neque
2801 1332 3027 1389 Deitatis
3084 1341 3334 1387 naturam
3398 1345 3500 1384 au-

1925 1432 2148 1489 gmeuto
2165 1431 2218 1476 et
2247 1423 2491 1491 profectu
2513 1439 2651 1493 opus
2677 1424 2932 1479 habuisse
2961 1424 3226 1489 dicimus;
3247 1422 3339 1478 sed
3369 1420 3499 1477 illud

1921 1514 2121 1581 potius,
2155 1516 2298 1584 quod
2327 1516 2625 1571 secundum
2653 1517 3077 1585 dispensativam
3107 1513 3501 1586 appropriatio-

1922 1619 2044 1658 nem
2107 1621 2235 1661 suas
2275 1606 2469 1662 fecerit
2529 1609 2712 1663 carnis
2768 1608 3154 1678 proprietates,
3226 1622 3290 1661 eo
3331 1607 3498 1675 quod,

1928 1714 1947 1746 ι
1978 1697 2209 1752 Verbum
2235 1715 2363 1755 caro
2383 1699 2582 1755 factum
2617 1710 2754 1765 est,»
2784 1701 3078 1756 secundum
3106 1698 3496 1767 Scripturas‘".

250 1766 347 1833 γὰρ
373 1768 632 1838 μερισμὸν
673 1771 785 1824 τῶν
811 1772 1166 1828 ὑποστάσεων
1205 1779 1341 1847 μετὰ
1375 1779 1471 1851 τὴν
1500 1780 1695 1834 ἕνωσιν
1722 1782 1811 1836 δο-

1930 1788 2073 1854 Quod
2104 1800 2282 1846 autem
2319 1791 2410 1846 tali
2439 1791 2560 1846 fidei
2620 1802 2671 1846 et
2705 1792 2946 1861 opinioni
2984 1793 3148 1845 etiam
3184 1798 3496 1845 sanctorum

253 1858 595 1930 γμιτὶζομεν,
628 1862 751 1917 οὔτε
796 1865 897 1936 τὴν
927 1867 1023 1937 τῆς
1049 1867 1315 1939 Θεότητος
1332 1870 1492 1938 φύσιν
1533 1870 1816 1944 αὐξήσεώς

259 1966 313 2000 τε
339 1952 427 2002 καὶ
443 1957 713 2027 προκοπῆς
741 1956 1030 2027 δεδεῆσοαί
1055 1978 1234 2032 φαμεν
1258 1976 1272 1991 '
1303 1962 1480 2016 ἐκεῖνο
1497 1962 1553 2016 δὲ
1581 1964 1781 2034 μᾶλλον
1799 2006 1813 2029 ,

264 2038 338 2091 ὅτι
381 2046 492 2095 κατ’
522 2047 780 2102 οἱκείωσιν
809 2052 1167 2123 οἰκονομικὴν
1195 2052 1388 2107 ἑαυτοῦ
1421 2054 1719 2126 πεποίηται
1748 2056 1814 2110 τὰ

272 2130 376 2184 Vm
397 2133 491 2202 τῆς
522 2139 719 2208 σαρκὸς,
749 2142 853 2205 ὡς(
886 2141 1024 2214 σὰρξ
1052 2143 1313 2213 γεγονὼς,
1340 2164 1359 2197 ι
1388 2145 1528 2199 κατά
1550 2148 1649 2210 τὰς
1671 2147 1818 2217 Γρα-

1925 1880 2149 1937 Patrum
2184 1885 2439 1939 concinat
2465 1885 2687 1949 chorus,
2727 1884 3020 1940 ostendere
3048 1882 3327 1938 attentabo
3366 1877 3500 1944 adji-
3558 1914 3559 1917 η

1919 1972 2068 2027 ciens
2099 1978 2166 2028 ad
2199 1976 2459 2043 majorem
2498 1977 2904 2040 certitudinem,
2940 1985 3145 2045 partem
3206 1972 3501 2028 enarratio-

1923 2064 2006 2118 nis
2033 2064 2160 2119 olim
2193 2068 2260 2121 ab
2288 2069 2468 2125 Attico
2496 2070 2669 2124 beatae
2698 2070 2974 2124 memoriae
3026 2068 3287 2139 episeopo
3320 2063 3500 2119 factae.

1924 2153 1995 2209 Ea
2035 2156 2115 2211 sic
2149 2158 2310 2214 habet
2354 2179 2368 2214 :

283 2225 680 2329 φὶς-’ρτιὸὶτῇ
702 2236 871 2307 τοιᾷδε
916 2238 1098 2292 πίστει
1120 2256 1180 2292 τε
1213 2241 1307 2294 καὶ
1333 2240 1460 2314 δόξῃ
1510 2240 1603 2295 καὶ
1665 2242 1696 2295 6
1736 2244 1843 2298 τῶν
1881 2250 2055 2318 ἁγίων
2088 2255 2350 2327 Πατὲρων
2408 2257 2621 2329 συνᾴδει
2648 2255 2827 2328 χορὸς,
2857 2242 3117 2319 ἐπιδεῖξαι
3146 2252 3496 2323 πειράσομαι,

288 2318 540 2388 ’πραθεὶς
582 2325 651 2388 εἰς
707 2330 1167 2404 πληροφόρησινι,
1206 2333 1520 2405 ἐξηγήσεως
1585 2333 1770 2405 μέρος.
1807 2344 2109 2415 γενομένης
2139 2318 2281 2403 κατά
2345 2318 2574 2420 καιρούς
2790 2318 2894 2402 τοῦ
2926 2318 3334 2419 τῆςμακαρνίας
3363 2318 3499 2411 μνῆ·

278 2431 388 2485 μης
421 2420 678 2476 Ἀττικοῦ
710 2424 815 2496 ἔχει
839 2428 893 2481 δὲ
918 2428 1091 2495 οὕτως
1124 2446 1141 2464 ο

385 2537 426 2591 'A
439 2542 631 2595 ττικοῦ
651 2544 970 2603 ἐπισκόπου
989 2553 1412 2608 Κωνσταντινο
1420 2561 1706 2624 υπόλεως.

330 2648 568 2719 Σήμερον
592 2655 825 2725 Χριστὸς
854 2660 882 2711 6
908 2662 1187 2735 Δεσπότης
1218 2666 1317 2736 τὴν
1362 2668 1463 2738 τῆς
1515 2671 1820 2743 φιλανθρω-

2212 2553 2369 2605 Attici
2397 2551 2622 2622 episcopi
2640 2545 3233 2617 Constantinopolitani.

1991 2665 2162 2721 Hodie
2179 2664 2442 2719 Dominus
2471 2664 2722 2720 Christus
2743 2660 3096 2732 benignitatis
3156 2662 3495 2717 nativitatem

261 2740 379 2804 πὶας
410 2744 652 2812 γέννησιν
690 2750 1001 2817 ἀνεδέξατο’
1031 2754 1128 2825 τὴν
1159 2756 1267 2829 γὰρ
1297 2759 1397 2830 τῆς
1429 2761 1620 2833 θεῖκῆς
1661 2765 1820 2829 ἀξίας

1930 2756 2175 2827 suscepit.
2208 2756 2343 2810 Nam
2392 2750 2690 2812 secundum
2760 2757 2905 2811 illam
2967 2756 3161 2810 divina:
3218 2755 3519 2833 dignitatis~

260 2835 615 2906 προῦπῆρχεν.
657 2837 789 2894 Εἶτα
817 2843 1029 2910 τούτοις
1080 2848 1333 2919 ἐπιφέρει
1388 2852 1569 2906 πάλιν
1606 2855 1662 2908 Ὀ
1717 2856 1820 2926 τῆς

260 2922 649 2996 φιλανθρωπίας
699 2934 873 3001 Λόγος
902 2937 1175 3003 κενοῦται,
1208 2926 1479 3008 ἀκένωτος
1514 2946 1613 3018 τὴν
1656 2948 1820 3016 φύσιν

1917 2851 2066 2919 prius
2083 2860 2222 2905 erat.
2260 2851 2461 2905 Deinde
2489 2851 2593 2907 illis
2624 2851 2820 2907 iterum
2845 2853 3087 2906 annectit
3122 2870 3135 2905 :
3180 2849 3500 2903 Humanita-

1917 2943 1988 2998 tis
2035 2943 2267 2998 Verbum
2326 2943 2660 3007 exinanitur,
2705 2952 2897 2997 natura
2975 2957 3080 2997 non
3162 2940 3492 2995 exittanibile

258 3014 530 3110 ύπάρχων·
578 3022 840 3078 ιἘαυτὸν
885 3028 995 3099 γὰρ
1053 3030 1310 3097 ἐκένωσε,
1369 3014 1583 3110 μορφὴν
1628 3014 1816 3094 δούλου

1930 3035 2211 3091 assistens.
2248 3054 2267 3087 ι
2305 3033 2555 3105 Seipsum
2584 3035 2726 3091 enim
2758 3034 3078 3099 exinanivit,
3103 3032 3332 3088 formam
3354 3031 3496 3084 εοιίί

257 3106 439 3166 λαϐὼν.
475 3132 493 3164 ι
524 3113 584 3167 Ὀ
619 3116 863 3188 ἄσαρκος
891 3119 977 3173 διὰ
1013 3120 1071 3174 σὲ
1112 3124 1428 3194 σαρκοῦται·
1455 3148 1472 3178 ι
1582 3132 1689 3202 γὰρ
1722 3133 1826 3187 A6-

257 3217 340 3295 γος
372 3203 778 3275 σὰρξὲγένετοο
813 3229 833 3260 ι
866 3210 924 3263 '0
942 3213 1052 3285 ἁφῇ
1075 3214 1150 3286 μὴ
1181 3216 1503 3274 ὑποπίπτων
1525 3218 1613 3275 διὰ
1641 3224 1701 3278 τὸ
1722 3225 1823 3295 τῆς

258 3292 447 3360 φύσεως
474 3297 789 3370 ἀσώματον,
809 3301 1150 3373 ψηλαφᾶται.
1172 3309 1229 3363 Ὀ
1251 3309 1506 3382 ἄναρχος,
1522 3314 1625 3366 ὑπὸ
1648 3315 1822 3388 ἀρχὴν

257 3385 440 3451 γίνεται
493 3395 852 3464 σωματικήν*
909 3398 938 3450 6
984 3398 1185 3464 τέλειος
1231 3400 1422 3468 αὔξει·
1480 3406 1509 3458 6
1554 3385 1823 3477 ἄτρεπτος

258 3479 566 3548 προκόπτει*
605 3484 636 3537 6
654 3483 929 3554 πλούσιος,
947 3489 1004 3541 ὲν
1031 3491 1375 3564 καταλύματι
1404 3495 1640 3564 γίνεται·
1663 3501 1692 3553 6
1726 3517 1823 3553 πε-

257 3570 499 3639 ριεάλλων
538 3574 633 3630 τὸν
665 3578 893 3648 οὐρανὸν
912 3581 970 3634 ὲν
1009 3583 1279 3653 νεφέλαις,
1316 3588 1722 3658 σπαργανοῦται
1745 3608 1759 3624 ο
1792 3591 1821 3643 6

255 3661 506 3734 βασιλεὺς,
553 3668 614 3723 ὲν
640 3670 817 3744 φάτνῃ
850 3672 1079 3730 τίθεται.

317 3843 425 3897 Ὀτι
466 3845 535 3899 δὲ
577 3847 809 3919 διαιρεῖν
834 3848 935 3912 τάς
968 3851 1295 3918 ὑποστάσεις
1327 3856 1462 3926 μετά
1496 3856 1596 3929 τὴν
1629 3858 1822 3913 ἕνωσιν

255 3934 341 3987 οὒκ
384 3938 775 4009 ἀπλημμελὲς,
812 3941 1015 4012 μᾶλλον
1051 3942 1108 3997 δὲ
1152 3945 1569 4018 ἀνατρεπόντων
1614 3951 1730 4004 ἐστὶ
1762 3953 1823 4006 τὸ

258 4031 432 4087 σεπτὸν
468 4034 580 4104 τῆς
623 4034 1088 4107 ὲνανθρωπήσεως
1122 4041 1443 4112 μυστήριον,
1474 4043 1628 4098 οὐδὲν
1657 4040 1823 4116 ἦττον

256 4121 523 4193 εἰσόμεθα,
556 4126 671 4189 τοῖς
716 4124 1136 4197 ὲντεταγμένοις
1165 4129 1586 4200 ὲντυγχάνιντες
1638 4136 1823 4204 ῥητοῖς

267 4211 464 4271 Ἰουλίου
524 4233 586 4269 τε
637 4217 733 4269 καὶ
779 4216 1033 4287 Φήλικος,
1066 4219 1172 4272 τῶν
1205 4220 1655 4293 ἀφηγησαμένων
1682 4227 1822 4279 κατὰ

256 4308 461 4378 καιροὺς
493 4307 601 4377 τῆς
633 4308 923 4378 Ῥωμαίων
957 4309 1302 4380 Ἐκκλησίας.

574 4424 833 4477 Ἰουλίου
872 4424 1209 4479 ἐπισκόπου
1252 4426 1498 4497 Ῥώμης.

314 4538 667 4610 Κηρύσσεται
703 4536 760 4591 δὲ
800 4539 880 4600 είς
910 4538 1302 4611 συμπλήρωσιν
1331 4542 1431 4611 τῆς
1464 4543 1701 4608 πίστεως
1731 4546 1826 4599 καὶ

256 4627 554 4698 σαρκωθεὶς
571 4629 635 4679 ἐκ
664 4628 944 4698 Παρθένου
969 4630 1187 4702 Μαρίας
1212 4632 1241 4683 ὁ
1268 4631 1360 4684 τοῦ
1391 4632 1527 4686 Θεοῦ
1555 4634 1703 4699 Υἱὸς,
1731 4638 1826 4688 καὶ

255 4722 534 4792 σηνὼσας
579 4722 637 4774 ἐν
682 4721 1013 4792 ἀνθρώποις,
1047 4725 1145 4778 οὐκ
1192 4726 1249 4778 ὲν
1296 4726 1570 4798 ἀνθρώπῳ
1602 4731 1825 4801 ἐνεργής

256 4832 369 4880 σας·
394 4816 563 4871 τοῦτο
599 4815 709 4887 γὰρ
738 4817 833 4869 ἐπὶ
866 4819 1160 4890 προφητῶν
1189 4802 1305 4874 ἔστι
1352 4822 1448 4875 καὶ
1472 4822 1787 4876 ἀποστόλων
1807 4841 1818 4852 ·

253 4910 440 4974 τέλειος
463 4910 600 4973 Θεὸς
620 4912 678 4962 ἐν
705 4912 888 4981 σαρκὶ,
916 4912 1013 4965 καὶ
1041 4911 1327 4984 ἄνθρωπος
1357 4914 1562 4979 τέλειος
1583 4918 1638 4970 ὲν
1662 4916 1825 4969 πνεύ-

257 5021 404 5073 ματι·
455 5005 520 5057 ού
569 5003 661 5057 δύο
717 5004 845 5068 υἱοὶ,
878 5000 958 5068 εἷς
1001 5005 1099 5076 μὲν
1135 5008 1356 5076 γνήσιος
1384 5008 1512 5072 Υἱὸς
1539 5008 1827 5065 ἀναλαϐὼν

254 5095 550 5167 ἄνθρωπον,
583 5096 769 5167 ἔτερος
817 5095 874 5149 δὲ
918 5095 1111 5167 θνητὸς
1163 5097 1450 5170 ἄνθρωπος
1496 5099 1826 5170 ἀναληφθεὶς

262 5186 354 5239 ὕπὸ
378 5184 539 5253 Θεοῦ,
568 5186 683 5240 ἀλλ’
717 5182 799 5249 εἷς
837 5188 867 5241 6
900 5188 1198 5258 μονογενὴς
1239 5189 1297 5240 ἐν
1327 5189 1565 5261 οὐρανῷ,
1598 5191 1692 5244 καὶ
1726 5208 1825 5261 μο-

260 5279 473 5348 νογενὴς
505 5279 601 5332 ἐπὶ
626 5280 729 5349 τῆς
756 5283 859 5351 γῆς
880 5280 1032 5341 Θεός.

1857 4384 1904 4440 D

1926 3126 2201 3195 accipiens
2229 3125 2297 3180 ⁸⁸.
2338 3145 2355 3175 ι
2392 3126 2491 3194 Qui
2521 3126 2702 3182 carnis
2725 3140 2920 3193 expers
2950 3133 3056 3191 est,
3088 3125 3391 3192 propter'te
3420 3122 3502 3174 in-

1925 3228 2183 3272 carnatur
2210 3236 2223 3274 :
2254 3236 2271 3269 ι
2312 3217 2547 3273 Verbum
2574 3216 2718 3273 enim
2750 3230 2880 3270 caro
2906 3214 3109 3270 factum
3133 3225 3217 3269 est
3246 3211 3314 3280 ⁸⁸,
3361 3230 3379 3264 ι
3408 3211 3499 3281 qui

1927 3309 2090 3363 tactui
2118 3324 2222 3363 non
2251 3308 2564 3378 Subjacebat
2593 3309 3196 3379 propterincorporeatn
3224 3313 3499 3365 naturam.

1924 3398 2195 3469 palpatur.
2229 3398 2330 3467 Qui
2363 3401 2481 3455 sine
2514 3398 2783 3469 principio
2808 3406 2913 3464 est,
2955 3398 3055 3452 sub
3084 3393 3351 3465 principio
3382 3409 3503 3447 cor-

1927 3504 2088 3560 porco
2112 3490 2245 3558 fuit;
2280 3492 2369 3561 qui
2396 3491 2668 3560 perfectus
2684 3500 2788 3555 est,
2809 3490 3044 3553 crescit;
3072 3488 3161 3558 qui
3195 3497 3276 3541 est
3309 3485 3503 3539 immu-

1924 3581 2125 3645 tabilis,
2146 3583 2394 3651 prolicit;
2416 3583 2506 3653 qui
2529 3583 2679 3638 dives
2704 3592 2807 3647 est,
2837 3582 2890 3635 in
2913 3580 3212 3636 diversorio
3240 3577 3500 3639 nascitur;

1925 3671 2016 3740 qui
2051 3672 2228 3740 operit
2258 3673 2454 3727 etelmn
2490 3673 2541 3726 in
2576 3673 2809 3726 nubibus
2841 3671 2909 3738 ’°,
2941 3669 3135 3738 pannis
3160 3665 3451 3721 involvitur
3482 3680 3496 3725 ;

1925 3763 2016 3832 qui
2055 3779 2142 3818 rex
2172 3776 2277 3827 est,
2313 3764 2531 3832 ponitur
2557 3764 2608 3817 in
2641 3762 2929 3833 praesepio.

1996 3855 2064 3909 Αι
2090 3857 2231 3922 quod
2256 3863 2377 3924 post
2418 3854 2722 3909 tntitionem
2780 3853 3169 3909 subsistentias
3229 3849 3499 3915 dividere,

1926 3948 2124 4002 delicto
2157 3961 2263 3999 non
2288 3954 2490 4010 careat,
2520 3955 2576 3999 et
2597 3944 2669 3999 sit
2693 3944 2872 4012 potius
2898 3944 3218 3999 subvertere
3239 3958 3503 3998 veneran-

1926 4036 2463 4092 tlumincarnationis
2508 4044 2942 4101 sacramentum,
3003 4033 3352 4089 nihilominus
3406 4023 3504 4088 (Ξυ-

1928 4144 2275 4200 gnoscemus,
2316 4129 2558 4198 legentes
2588 4127 2888 4181 sententias
2914 4124 3038 4182 Julii
3066 4138 3119 4183 et
3166 4126 3206 4181 F
3210 4125 3380 4191 elicis,
3412 4124 3503 4195 qui

1926 4225 2051 4280 olim
2078 4222 2332 4276 lion-ana:
2358 4220 2615 4277 Ecclesia:
2649 4221 3002 4293 praefuerunt.

2378 4437 2514 4492 Julii
2554 4440 2782 4510 episcopi
2804 4437 3047 4492 Romani.

2000 4553 2082 4607 Atl
2116 4552 2238 4606 lidei
2258 4552 2642 4623 plenitudinem
2658 4550 2750 4604 Dei
2779 4550 2946 4605 Filius
2972 4564 3036 4603 ex
3081 4548 3248 4603 Maria
3284 4549 3501 4619 Virgine

1932 4646 2248 4700 incarnatus
2296 4644 2657 4714 praedicatur;
2722 4640 2885 4713 174
2928 4641 3020 4709 (ιιιί
3080 4643 3223 4695 inter
3258 4629 3508 4694 homiiues

1933 4741 2194 4797 moratus,
2233 4748 2341 4788 non
2374 4731 2603 4803 (potenti
2635 4732 2866 4799 quadam
2904 4731 2978 4799 vi)
3025 4730 3075 4783 in
3131 4729 3348 4783 homine
3381 4742 3505 4795 ope-

1931 4834 2082 4879 ratus
2104 4831 2187 4877 est
2224 4839 2236 4875 :
2268 4823 2369 4876 hoc
2394 4821 2538 4876 enim
2564 4822 2614 4874 in
2645 4819 2921 4888 prophetis
2941 4827 2995 4872 et
3028 4818 3287 4886 apostolis
3330 4816 3504 4868 locum

1935 4917 2114 4970 habet.
2139 4913 2230 4967 Est
2253 4922 2435 4967 autem
2468 4910 2739 4981 perfectus
2764 4911 2905 4964 Deus
2947 4909 2999 4962 in
3038 4923 3228 4971 carne,
3264 4915 3317 4961 et
3348 4908 3509 4960 homo

1934 5005 2200 5075 perfectus
2236 5007 2287 5059 in
2332 5005 2565 5075 spiritu:
2604 5020 2709 5058 nun
2755 5003 2861 5057 duo
2916 5000 3031 5067 lilii,
3096 5015 3239 5053 unus
3285 4999 3506 5069 quidem

1933 5113 2222 5169 germanus
2250 5096 2437 5160 Filius,
2470 5097 2559 5166 qui
2601 5095 2840 5164 suscepit
2866 5092 3162 5156 hominem,
3187 5090 3328 5144 alter
3380 5103 3510 5145 vero

1935 5191 2094 5245 homo
2120 5189 2366 5253 mortalis
2398 5203 2429 5243 a
2462 5188 2572 5243 Deo
2605 5198 2914 5257 assumptus
2941 5201 2956 5239 :
2984 5186 3079 5241 sed
3143 5200 3284 5240 unus
3323 5184 3510 5255 unige-

1936 5282 2080 5337 nitus
2103 5282 2154 5335 in
2184 5280 2348 5347 cmlo,
2377 5290 2429 5334 et
2468 5279 2771 5349 unigenitus
2803 5279 2854 5333 in
2886 5289 3025 5332 terra
3058 5276 3218 5332 Dcus.

322 5436 366 5469 ⁸³
397 5439 552 5494 lion.
588 5456 624 5505 ι,
658 5440 709 5493 4.
787 5441 833 5471 ⁸⁸
861 5440 1012 5493 Deut.
1051 5457 1066 5495 ι
1146 5440 1231 5494 ΗΞ.
1308 5440 1356 5471 ⁸⁷
1385 5439 1543 5493 Jnau.
1586 5457 1626 5503 I,
1663 5440 1743 5493 l4.

1930 5437 2130 5510 ’hilipp.
2164 5457 2227 5505 ll,
2256 5439 2309 5495 6.
2395 5440 2440 5473 "
2467 5437 2624 5496 Joan.
2660 5455 2695 5505 ι,
2728 5442 2813 5494 Η.
2888 5441 2933 5472 ’³ο
2964 5440 3100 5495 l‘sal.
3138 5455 3317 5505 eam,
3348 5437 3401 5494 8.

1314 5577 1492 5632 Varia:
1523 5579 1783 5635 lectiones
1806 5594 1871 5634 cx
1899 5581 2085 5637 codice
2109 5579 2484 5650 Seguieriano.

327 5723 350 5755 ι’
378 5709 553 5788 οἶμαι,
591 5715 683 5772 καὶ
708 5718 913 5791 ἕτερον.
997 5725 1017 5753 ⁸
1057 5721 1149 5772 καὶ
1182 5718 1570 5788 πληροφορίαν.
