  <div class='ocr_page' id='page_1' title='image "/cluster/home/n/w/nwhite01/storage/ocr_20150623/76/hvd.32044073501439/179.png"; bbox 0 0 4002 6192; ppageno 0'>
   <div class='ocr_carea' id='block_1_1' title="bbox 473 293 578 348">
    <p class='ocr_par' dir='ltr' id='par_1_1' title="bbox 473 293 578 348">
     <span class='ocr_line' id='line_1_1' title="bbox 473 293 578 348; baseline 0.01 -1"><span class='ocrx_word' id='word_1_1' title='bbox 473 293 578 348; x_wconf 74' lang='grc' dir='ltr'><strong>3ιῦ</strong></span> 
     </span>
    </p>
   </div>
   <div class='ocr_carea' id='block_1_2' title="bbox 542 407 1965 480">
    <p class='ocr_par' dir='ltr' id='par_1_2' title="bbox 542 407 1965 480">
     <span class='ocr_line' id='line_1_2' title="bbox 542 407 1965 480; baseline -0.002 -15"><span class='ocrx_word' id='word_1_2' title='bbox 542 411 739 467; x_wconf 77' lang='lat' dir='ltr'><strong>Felicis</strong></span> <span class='ocrx_word' id='word_1_3' title='bbox 772 409 1092 464; x_wconf 73' lang='lat' dir='ltr'><strong>sanctissimi</strong></span> <span class='ocrx_word' id='word_1_4' title='bbox 1117 409 1346 478; x_wconf 75' lang='lat' dir='ltr'><strong>episcopi</strong></span> <span class='ocrx_word' id='word_1_5' title='bbox 1391 407 1587 471; x_wconf 73' lang='lat' dir='ltr'><strong>Roma’,</strong></span> <span class='ocrx_word' id='word_1_6' title='bbox 1615 421 1660 464; x_wconf 83' lang='lat' dir='ltr'><strong>et</strong></span> <span class='ocrx_word' id='word_1_7' title='bbox 1695 411 1965 480; x_wconf 78' lang='lat' dir='ltr'><strong>martyris.</strong></span> 
     </span>
    </p>
   </div>
   <div class='ocr_carea' id='block_1_3' title="bbox 537 581 2042 646">
    <p class='ocr_par' dir='ltr' id='par_1_3' title="bbox 537 581 2042 646">
     <span class='ocr_line' id='line_1_3' title="bbox 537 581 2042 646; baseline 0.001 -8"><span class='ocrx_word' id='word_1_8' title='bbox 537 585 612 640; x_wconf 90' lang='lat' dir='ltr'><strong>De</strong></span> <span class='ocrx_word' id='word_1_9' title='bbox 634 584 797 640; x_wconf 84' lang='lat' dir='ltr'><strong>Verbi</strong></span> <span class='ocrx_word' id='word_1_10' title='bbox 825 591 1003 637; x_wconf 88' lang='lat' dir='ltr'><strong>autem</strong></span> <span class='ocrx_word' id='word_1_11' title='bbox 1036 582 1410 638; x_wconf 76' lang='lat' dir='ltr'><strong>incarnatione</strong></span> <span class='ocrx_word' id='word_1_12' title='bbox 1439 592 1494 636; x_wconf 90' lang='lat' dir='ltr'><strong>et</strong></span> <span class='ocrx_word' id='word_1_13' title='bbox 1528 581 1653 646; x_wconf 82' lang='lat' dir='ltr'><strong>ﬁde,</strong></span> <span class='ocrx_word' id='word_1_14' title='bbox 1687 583 1960 640; x_wconf 83' lang='lat' dir='ltr'><strong>credimus</strong></span> <span class='ocrx_word' id='word_1_15' title='bbox 1990 585 2042 639; x_wconf 92' lang='lat' dir='ltr'><strong>in</strong></span> 
     </span>
    </p>
   </div>
   <div class='ocr_carea' id='block_1_4' title="bbox 467 665 2045 746">
    <p class='ocr_par' dir='ltr' id='par_1_4' title="bbox 467 665 2045 746">
     <span class='ocr_line' id='line_1_4' title="bbox 467 665 2045 746; baseline -0.003 -14"><span class='ocrx_word' id='word_1_16' title='bbox 467 679 752 732; x_wconf 90' lang='lat' dir='ltr'><strong>Dominum</strong></span> <span class='ocrx_word' id='word_1_17' title='bbox 781 685 1024 730; x_wconf 88' lang='lat' dir='ltr'><strong>nostrum</strong></span> <span class='ocrx_word' id='word_1_18' title='bbox 1052 665 1236 729; x_wconf 81' lang='lat' dir='ltr'><strong>Jcsum</strong></span> <span class='ocrx_word' id='word_1_19' title='bbox 1264 673 1542 729; x_wconf 74' lang='lat' dir='ltr'><strong>Christum</strong></span> <span class='ocrx_word' id='word_1_20' title='bbox 1581 691 1644 729; x_wconf 78' lang='lat' dir='ltr'><strong>ex</strong></span> <span class='ocrx_word' id='word_1_21' title='bbox 1687 674 1905 746; x_wconf 80' lang='lat' dir='ltr'><strong>Virgine</strong></span> <span class='ocrx_word' id='word_1_22' title='bbox 1933 676 2014 730; x_wconf 86' lang='lat' dir='ltr'><strong>Ma</strong></span> <span class='ocrx_word' id='word_1_23' title='bbox 2033 706 2045 720; x_wconf 83' lang='grc' dir='ltr'><strong><em>ο</em></strong></span> 
     </span>
    </p>
   </div>
   <div class='ocr_carea' id='block_1_5' title="bbox 467 765 2045 835">
    <p class='ocr_par' dir='ltr' id='par_1_5' title="bbox 467 765 2045 835">
     <span class='ocr_line' id='line_1_5' title="bbox 467 765 2045 835; baseline 0 -14"><span class='ocrx_word' id='word_1_24' title='bbox 467 769 548 822; x_wconf 88' lang='lat' dir='ltr'><strong>ria</strong></span> <span class='ocrx_word' id='word_1_25' title='bbox 584 777 788 831; x_wconf 87' lang='lat' dir='ltr'><strong>natum,</strong></span> <span class='ocrx_word' id='word_1_26' title='bbox 815 768 956 834; x_wconf 90' lang='lat' dir='ltr'><strong>quod</strong></span> <span class='ocrx_word' id='word_1_27' title='bbox 986 766 1101 835; x_wconf 90' lang='lat' dir='ltr'><strong>ipse</strong></span> <span class='ocrx_word' id='word_1_28' title='bbox 1132 773 1215 820; x_wconf 88' lang='lat' dir='ltr'><strong>est</strong></span> <span class='ocrx_word' id='word_1_29' title='bbox 1243 765 1614 834; x_wconf 87' lang='lat' dir='ltr'><strong>sempiternus</strong></span> <span class='ocrx_word' id='word_1_30' title='bbox 1639 765 1733 819; x_wconf 91' lang='lat' dir='ltr'><strong>Dei</strong></span> <span class='ocrx_word' id='word_1_31' title='bbox 1786 766 1956 821; x_wconf 86' lang='lat' dir='ltr'><strong>Filius</strong></span> <span class='ocrx_word' id='word_1_32' title='bbox 1989 778 2045 821; x_wconf 89' lang='lat' dir='ltr'><strong>et</strong></span> 
     </span>
    </p>
   </div>
   <div class='ocr_carea' id='block_1_6' title="bbox 465 856 2044 927">
    <p class='ocr_par' dir='ltr' id='par_1_6' title="bbox 465 856 2044 927">
     <span class='ocr_line' id='line_1_6' title="bbox 465 856 2044 927; baseline -0.001 -13"><span class='ocrx_word' id='word_1_33' title='bbox 465 860 743 926; x_wconf 82' lang='lat' dir='ltr'><strong>Verbum,</strong></span> <span class='ocrx_word' id='word_1_34' title='bbox 801 874 906 913; x_wconf 90' lang='lat' dir='ltr'><strong>non</strong></span> <span class='ocrx_word' id='word_1_35' title='bbox 960 868 1141 912; x_wconf 83' lang='lat' dir='ltr'><strong>autem</strong></span> <span class='ocrx_word' id='word_1_36' title='bbox 1191 859 1350 912; x_wconf 88' lang='lat' dir='ltr'><strong>homo</strong></span> <span class='ocrx_word' id='word_1_37' title='bbox 1393 872 1422 911; x_wconf 89' lang='lat' dir='ltr'><strong>a</strong></span> <span class='ocrx_word' id='word_1_38' title='bbox 1465 856 1576 912; x_wconf 84' lang='lat' dir='ltr'><strong>Deo</strong></span> <span class='ocrx_word' id='word_1_39' title='bbox 1637 869 1966 927; x_wconf 86' lang='lat' dir='ltr'><strong>assumptus,</strong></span> <span class='ocrx_word' id='word_1_40' title='bbox 1988 868 2044 912; x_wconf 91' lang='lat' dir='ltr'><strong>ut</strong></span> 
     </span>
    </p>
   </div>
   <div class='ocr_carea' id='block_1_7' title="bbox 465 948 2045 1018">
    <p class='ocr_par' dir='ltr' id='par_1_7' title="bbox 465 948 2045 1018">
     <span class='ocr_line' id='line_1_7' title="bbox 465 948 2045 1018; baseline 0.001 -17"><span class='ocrx_word' id='word_1_41' title='bbox 465 951 602 1005; x_wconf 84' lang='lat' dir='ltr'><strong>alius</strong></span> <span class='ocrx_word' id='word_1_42' title='bbox 637 952 708 1006; x_wconf 88' lang='lat' dir='ltr'><strong>sit</strong></span> <span class='ocrx_word' id='word_1_43' title='bbox 745 950 812 1005; x_wconf 92' lang='lat' dir='ltr'><strong>ab</strong></span> <span class='ocrx_word' id='word_1_44' title='bbox 842 950 952 1005; x_wconf 92' lang='lat' dir='ltr'><strong>illo.</strong></span> <span class='ocrx_word' id='word_1_45' title='bbox 987 948 1173 1018; x_wconf 82' lang='lat' dir='ltr'><strong>Neque</strong></span> <span class='ocrx_word' id='word_1_46' title='bbox 1231 951 1374 1003; x_wconf 87' lang='lat' dir='ltr'><strong>enim</strong></span> <span class='ocrx_word' id='word_1_47' title='bbox 1438 950 1711 1004; x_wconf 84' lang='lat' dir='ltr'><strong>hominem</strong></span> <span class='ocrx_word' id='word_1_48' title='bbox 1749 951 2045 1018; x_wconf 71' lang='lat' dir='ltr'><strong>assumpsit</strong></span> 
     </span>
    </p>
   </div>
   <div class='ocr_carea' id='block_1_8' title="bbox 469 1043 2046 1113">
    <p class='ocr_par' dir='ltr' id='par_1_8' title="bbox 469 1043 2046 1113">
     <span class='ocr_line' id='line_1_8' title="bbox 469 1043 2046 1113; baseline 0.001 -19"><span class='ocrx_word' id='word_1_49' title='bbox 469 1047 557 1098; x_wconf 70' lang='lat' dir='ltr'><strong>hei</strong></span> <span class='ocrx_word' id='word_1_50' title='bbox 586 1045 839 1110; x_wconf 83' lang='lat' dir='ltr'><strong>Filius,ut</strong></span> <span class='ocrx_word' id='word_1_51' title='bbox 864 1045 1002 1099; x_wconf 85' lang='lat' dir='ltr'><strong>alius</strong></span> <span class='ocrx_word' id='word_1_52' title='bbox 1032 1045 1100 1098; x_wconf 88' lang='lat' dir='ltr'><strong>ab</strong></span> <span class='ocrx_word' id='word_1_53' title='bbox 1129 1044 1246 1113; x_wconf 89' lang='lat' dir='ltr'><strong>ipso</strong></span> <span class='ocrx_word' id='word_1_54' title='bbox 1273 1043 1504 1096; x_wconf 79' lang='lat' dir='ltr'><strong>exsistat</strong></span> <span class='ocrx_word' id='word_1_55' title='bbox 1538 1058 1551 1096; x_wconf 90' lang='lat'><strong>:</strong></span> <span class='ocrx_word' id='word_1_56' title='bbox 1585 1043 1677 1096; x_wconf 89' lang='lat' dir='ltr'><strong>sed</strong></span> <span class='ocrx_word' id='word_1_57' title='bbox 1719 1059 1840 1096; x_wconf 91' lang='lat' dir='ltr'><strong>cum</strong></span> <span class='ocrx_word' id='word_1_58' title='bbox 1868 1043 2046 1112; x_wconf 79' lang='lat' dir='ltr'><strong>perfe-</strong></span> 
     </span>
    </p>
   </div>
   <div class='ocr_carea' id='block_1_9' title="bbox 463 1134 2041 1205">
    <p class='ocr_par' dir='ltr' id='par_1_9' title="bbox 463 1134 2041 1205">
     <span class='ocr_line' id='line_1_9' title="bbox 463 1134 2041 1205; baseline 0 -18"><span class='ocrx_word' id='word_1_59' title='bbox 463 1152 581 1192; x_wconf 72' lang='lat' dir='ltr'><strong>t&#39;i&#39;JS</strong></span> <span class='ocrx_word' id='word_1_60' title='bbox 605 1139 743 1193; x_wconf 81' lang='lat' dir='ltr'><strong>Deus</strong></span> <span class='ocrx_word' id='word_1_61' title='bbox 762 1147 926 1202; x_wconf 89' lang='lat' dir='ltr'><strong>esset,</strong></span> <span class='ocrx_word' id='word_1_62' title='bbox 958 1136 1132 1190; x_wconf 81' lang='lat' dir='ltr'><strong>factus</strong></span> <span class='ocrx_word' id='word_1_63' title='bbox 1163 1144 1248 1190; x_wconf 85' lang='lat' dir='ltr'><strong>est</strong></span> <span class='ocrx_word' id='word_1_64' title='bbox 1269 1135 1428 1190; x_wconf 85' lang='lat' dir='ltr'><strong>simul</strong></span> <span class='ocrx_word' id='word_1_65' title='bbox 1475 1144 1529 1189; x_wconf 89' lang='lat' dir='ltr'><strong>et</strong></span> <span class='ocrx_word' id='word_1_66' title='bbox 1558 1135 1718 1190; x_wconf 85' lang='lat' dir='ltr'><strong>homo</strong></span> <span class='ocrx_word' id='word_1_67' title='bbox 1747 1134 2041 1205; x_wconf 77' lang='lat' dir='ltr'><strong>perfectus,</strong></span> 
     </span>
    </p>
   </div>
   <div class='ocr_carea' id='block_1_10' title="bbox 463 1229 1138 1303">
    <p class='ocr_par' dir='ltr' id='par_1_10' title="bbox 463 1229 1138 1303">
     <span class='ocr_line' id='line_1_10' title="bbox 463 1229 1138 1303; baseline -0.006 -19"><span class='ocrx_word' id='word_1_68' title='bbox 463 1250 526 1284; x_wconf 73' lang='lat' dir='ltr'><strong>ex</strong></span> <span class='ocrx_word' id='word_1_69' title='bbox 556 1229 770 1303; x_wconf 80' lang='lat' dir='ltr'><strong>Virgine</strong></span> <span class='ocrx_word' id='word_1_70' title='bbox 802 1232 1138 1286; x_wconf 77' lang='lat' dir='ltr'><strong>incarnatus.</strong></span> 
     </span>
    </p>
   </div>
   <div class='ocr_carea' id='block_1_11' title="bbox 858 1427 1641 1488">
    <p class='ocr_par' dir='ltr' id='par_1_11' title="bbox 858 1427 1641 1488">
     <span class='ocr_line' id='line_1_11' title="bbox 858 1427 1641 1488; baseline -0.009 -2"><span class='ocrx_word' id='word_1_71' title='bbox 858 1429 1508 1488; x_wconf 75' lang='lat' dir='ltr'><strong>ANATHEMATISMUS</strong></span> <span class='ocrx_word' id='word_1_72' title='bbox 1533 1427 1641 1481; x_wconf 89' lang='lat' dir='ltr'><strong>VII.</strong></span> 
     </span>
    </p>
   </div>
   <div class='ocr_carea' id='block_1_12' title="bbox 544 1539 2046 1614">
    <p class='ocr_par' dir='ltr' id='par_1_12' title="bbox 544 1539 2046 1614">
     <span class='ocr_line' id='line_1_12' title="bbox 544 1539 2046 1614; baseline -0.004 -14"><span class='ocrx_word' id='word_1_73' title='bbox 544 1544 600 1600; x_wconf 83' lang='lat' dir='ltr'><strong>Si</strong></span> <span class='ocrx_word' id='word_1_74' title='bbox 637 1545 760 1614; x_wconf 84' lang='lat' dir='ltr'><strong>quis</strong></span> <span class='ocrx_word' id='word_1_75' title='bbox 797 1541 984 1599; x_wconf 86' lang='lat' dir='ltr'><strong>Jesum</strong></span> <span class='ocrx_word' id='word_1_76' title='bbox 1021 1553 1278 1612; x_wconf 86' lang='lat' dir='ltr'><strong>tanquam</strong></span> <span class='ocrx_word' id='word_1_77' title='bbox 1315 1542 1590 1596; x_wconf 86' lang='lat' dir='ltr'><strong>hominem</strong></span> <span class='ocrx_word' id='word_1_78' title='bbox 1639 1556 1672 1595; x_wconf 86' lang='lat' dir='ltr'><strong>a</strong></span> <span class='ocrx_word' id='word_1_79' title='bbox 1729 1539 1822 1595; x_wconf 89' lang='lat' dir='ltr'><strong>Dei</strong></span> <span class='ocrx_word' id='word_1_80' title='bbox 1866 1540 2046 1595; x_wconf 89' lang='lat' dir='ltr'><strong>Verbo</strong></span> 
     </span>
    </p>
   </div>
   <div class='ocr_carea' id='block_1_13' title="bbox 466 1623 2107 1704">
    <p class='ocr_par' dir='ltr' id='par_1_13' title="bbox 466 1623 2107 1704">
     <span class='ocr_line' id='line_1_13' title="bbox 466 1623 2107 1704; baseline -0.002 -16"><span class='ocrx_word' id='word_1_81' title='bbox 466 1637 707 1704; x_wconf 83' lang='lat' dir='ltr'><strong>agitante</strong></span> <span class='ocrx_word' id='word_1_82' title='bbox 740 1645 946 1690; x_wconf 90' lang='lat' dir='ltr'><strong>motum</strong></span> <span class='ocrx_word' id='word_1_83' title='bbox 981 1623 1258 1695; x_wconf 85' lang='lat' dir='ltr'><strong>habuisse,</strong></span> <span class='ocrx_word' id='word_1_84' title='bbox 1286 1631 1674 1701; x_wconf 84' lang='lat' dir='ltr'><strong>Unigenitiquc</strong></span> <span class='ocrx_word' id='word_1_85' title='bbox 1705 1631 1932 1702; x_wconf 71' lang='lat' dir='ltr'><strong>gloriam</strong></span> <span class='ocrx_word' id='word_1_86' title='bbox 1968 1632 2044 1685; x_wconf 89' lang='lat' dir='ltr'><strong>illi</strong></span> <span class='ocrx_word' id='word_1_87' title='bbox 2101 1627 2107 1630; x_wconf 69' lang='grc'><strong>’</strong></span> 
     </span>
    </p>
   </div>
   <div class='ocr_carea' id='block_1_14' title="bbox 1469 282 2708 344">
    <p class='ocr_par' dir='ltr' id='par_1_14' title="bbox 1469 282 2708 344">
     <span class='ocr_line' id='line_1_14' title="bbox 1469 282 2708 344; baseline -0.003 -2"><span class='ocrx_word' id='word_1_88' title='bbox 1469 288 1522 342; x_wconf 90' lang='lat' dir='ltr'><strong>S.</strong></span> <span class='ocrx_word' id='word_1_89' title='bbox 1567 287 1842 344; x_wconf 78' lang='lat' dir='ltr'><strong>CYRILLI</strong></span> <span class='ocrx_word' id='word_1_90' title='bbox 1881 282 2351 342; x_wconf 76' lang='lat' dir='ltr'><strong>ALEXANDRINI</strong></span> <span class='ocrx_word' id='word_1_91' title='bbox 2391 284 2708 342; x_wconf 78' lang='lat' dir='ltr'><strong>ARCIIIEP.</strong></span> 
     </span>
    </p>
   </div>
   <div class='ocr_carea' id='block_1_15' title="bbox 2071 398 3701 475">
    <p class='ocr_par' dir='ltr' id='par_1_15' title="bbox 2071 398 3701 475">
     <span class='ocr_line' id='line_1_15' title="bbox 2071 398 3701 475; baseline -0.007 -9"><span class='ocrx_word' id='word_1_92' title='bbox 2071 412 2116 466; x_wconf 80' lang='grc' dir='ltr'><strong>Α</strong></span> <span class='ocrx_word' id='word_1_93' title='bbox 2187 409 2449 474; x_wconf 72' lang='grc' dir='ltr'>Φήλικος</span> <span class='ocrx_word' id='word_1_94' title='bbox 2479 407 2586 460; x_wconf 83' lang='grc' dir='ltr'><strong>τοῦ</strong></span> <span class='ocrx_word' id='word_1_95' title='bbox 2619 406 2947 475; x_wconf 71' lang='grc' dir='ltr'>ἁγιωτάτων</span> <span class='ocrx_word' id='word_1_96' title='bbox 2975 403 3313 456; x_wconf 73' lang='grc' dir='ltr'><strong>ἐπισκόπου</strong></span> <span class='ocrx_word' id='word_1_97' title='bbox 3341 398 3580 468; x_wconf 80' lang='grc' dir='ltr'><strong>Ῥώμης,</strong></span> <span class='ocrx_word' id='word_1_98' title='bbox 3604 402 3701 454; x_wconf 77' lang='grc' dir='ltr'><strong>καὶ</strong></span> 
     </span>
    </p>
   </div>
   <div class='ocr_carea' id='block_1_16' title="bbox 3635 282 3744 338">
    <p class='ocr_par' dir='ltr' id='par_1_16' title="bbox 3635 282 3744 338">
     <span class='ocr_line' id='line_1_16' title="bbox 3635 282 3744 338; baseline -0.018 0"><span class='ocrx_word' id='word_1_99' title='bbox 3635 282 3744 338; x_wconf 67' lang='grc' dir='ltr'>διι</span> 
     </span>
    </p>
   </div>
   <div class='ocr_carea' id='block_1_17' title="bbox 2784 475 3098 543">
    <p class='ocr_par' dir='ltr' id='par_1_17' title="bbox 2784 475 3098 543">
     <span class='ocr_line' id='line_1_17' title="bbox 2784 475 3098 543; baseline -0.006 -15"><span class='ocrx_word' id='word_1_100' title='bbox 2784 475 3098 543; x_wconf 81' lang='grc' dir='ltr'>μάρτυρος.</span> 
     </span>
    </p>
   </div>
   <div class='ocr_carea' id='block_1_18' title="bbox 2223 580 3740 664">
    <p class='ocr_par' dir='ltr' id='par_1_18' title="bbox 2223 580 3740 664">
     <span class='ocr_line' id='line_1_18' title="bbox 2223 580 3740 664; baseline -0.009 -19"><span class='ocrx_word' id='word_1_101' title='bbox 2223 594 2357 664; x_wconf 72' lang='grc' dir='ltr'>Περὶ</span> <span class='ocrx_word' id='word_1_102' title='bbox 2409 591 2465 644; x_wconf 71' lang='grc' dir='ltr'>δὲ</span> <span class='ocrx_word' id='word_1_103' title='bbox 2508 590 2606 660; x_wconf 84' lang='grc' dir='ltr'>τῆς</span> <span class='ocrx_word' id='word_1_104' title='bbox 2655 587 2985 659; x_wconf 85' lang='grc' dir='ltr'>σαρκώσεως</span> <span class='ocrx_word' id='word_1_105' title='bbox 3017 585 3112 638; x_wconf 88' lang='grc' dir='ltr'><strong>τοῦ</strong></span> <span class='ocrx_word' id='word_1_106' title='bbox 3142 584 3338 650; x_wconf 80' lang='grc' dir='ltr'><strong>Λόγου,</strong></span> <span class='ocrx_word' id='word_1_107' title='bbox 3379 582 3472 634; x_wconf 67' lang='grc' dir='ltr'>καὶ</span> <span class='ocrx_word' id='word_1_108' title='bbox 3512 580 3614 651; x_wconf 84' lang='grc' dir='ltr'><strong>τῆς</strong></span> <span class='ocrx_word' id='word_1_109' title='bbox 3645 582 3740 634; x_wconf 77' lang='grc' dir='ltr'><strong>πε-</strong></span> 
     </span>
    </p>
   </div>
   <div class='ocr_carea' id='block_1_19' title="bbox 2157 673 3739 752">
    <p class='ocr_par' dir='ltr' id='par_1_19' title="bbox 2157 673 3739 752">
     <span class='ocr_line' id='line_1_19' title="bbox 2157 673 3739 752; baseline -0.007 -14"><span class='ocrx_word' id='word_1_110' title='bbox 2157 703 2366 748; x_wconf 88' lang='grc' dir='ltr'>στεως,</span> <span class='ocrx_word' id='word_1_111' title='bbox 2413 684 2742 752; x_wconf 80' lang='grc' dir='ltr'><strong>πιστεύομεν</strong></span> <span class='ocrx_word' id='word_1_112' title='bbox 2795 681 2877 743; x_wconf 86' lang='grc' dir='ltr'><strong>εἰς</strong></span> <span class='ocrx_word' id='word_1_113' title='bbox 2923 678 3016 731; x_wconf 82' lang='grc' dir='ltr'><strong>τὸν</strong></span> <span class='ocrx_word' id='word_1_114' title='bbox 3068 675 3276 746; x_wconf 81' lang='grc' dir='ltr'><strong>Κύριον</strong></span> <span class='ocrx_word' id='word_1_115' title='bbox 3325 673 3486 744; x_wconf 79' lang='grc' dir='ltr'>ἡμῶν</span> <span class='ocrx_word' id='word_1_116' title='bbox 3530 673 3739 743; x_wconf 84' lang='grc' dir='ltr'>Ἰησοῦν</span> 
     </span>
    </p>
   </div>
   <div class='ocr_carea' id='block_1_20' title="bbox 2153 763 3738 846">
    <p class='ocr_par' dir='ltr' id='par_1_20' title="bbox 2153 763 3738 846">
     <span class='ocr_line' id='line_1_20' title="bbox 2153 763 3738 846; baseline -0.009 -15"><span class='ocrx_word' id='word_1_117' title='bbox 2153 778 2410 846; x_wconf 86' lang='grc' dir='ltr'>Χριστὸν,</span> <span class='ocrx_word' id='word_1_118' title='bbox 2445 778 2534 830; x_wconf 86' lang='grc' dir='ltr'><strong>τὸν</strong></span> <span class='ocrx_word' id='word_1_119' title='bbox 2568 779 2632 829; x_wconf 81' lang='grc' dir='ltr'><strong>ὲκ</strong></span> <span class='ocrx_word' id='word_1_120' title='bbox 2666 775 2763 844; x_wconf 82' lang='grc' dir='ltr'>τῆς</span> <span class='ocrx_word' id='word_1_121' title='bbox 2800 769 3081 842; x_wconf 79' lang='grc' dir='ltr'><strong>Παρθένου</strong></span> <span class='ocrx_word' id='word_1_122' title='bbox 3119 767 3340 838; x_wconf 74' lang='grc' dir='ltr'>Μαρίας</span> <span class='ocrx_word' id='word_1_123' title='bbox 3383 763 3738 834; x_wconf 75' lang='grc' dir='ltr'><strong>γεννηθέντα,</strong></span> 
     </span>
    </p>
   </div>
   <div class='ocr_carea' id='block_1_21' title="bbox 2151 855 3736 930">
    <p class='ocr_par' dir='ltr' id='par_1_21' title="bbox 2151 855 3736 930">
     <span class='ocr_line' id='line_1_21' title="bbox 2151 855 3736 930; baseline -0.011 -8"><span class='ocrx_word' id='word_1_124' title='bbox 2151 870 2233 922; x_wconf 87' lang='grc' dir='ltr'>ὃτι</span> <span class='ocrx_word' id='word_1_125' title='bbox 2277 868 2438 930; x_wconf 85' lang='grc' dir='ltr'>αὑτός</span> <span class='ocrx_word' id='word_1_126' title='bbox 2483 868 2630 920; x_wconf 76' lang='grc' dir='ltr'>ἐστιν</span> <span class='ocrx_word' id='word_1_127' title='bbox 2671 867 2699 918; x_wconf 91' lang='grc' dir='ltr'><strong>ό</strong></span> <span class='ocrx_word' id='word_1_128' title='bbox 2733 862 2826 918; x_wconf 87' lang='grc' dir='ltr'><strong>τοῦ</strong></span> <span class='ocrx_word' id='word_1_129' title='bbox 2863 859 3000 915; x_wconf 83' lang='grc' dir='ltr'>Θεοῦ</span> <span class='ocrx_word' id='word_1_130' title='bbox 3036 858 3204 920; x_wconf 77' lang='grc' dir='ltr'>ἀΐδιος</span> <span class='ocrx_word' id='word_1_131' title='bbox 3233 856 3360 919; x_wconf 86' lang='grc' dir='ltr'>Υἱὸς</span> <span class='ocrx_word' id='word_1_132' title='bbox 3393 855 3489 908; x_wconf 79' lang='grc' dir='ltr'>καὶ</span> <span class='ocrx_word' id='word_1_133' title='bbox 3541 855 3736 922; x_wconf 85' lang='grc' dir='ltr'>Λόγος,</span> 
     </span>
    </p>
   </div>
   <div class='ocr_carea' id='block_1_22' title="bbox 2153 943 3740 1034">
    <p class='ocr_par' dir='ltr' id='par_1_22' title="bbox 2153 943 3740 1034">
     <span class='ocr_line' id='line_1_22' title="bbox 2153 943 3740 1034; baseline -0.013 -16"><span class='ocrx_word' id='word_1_134' title='bbox 2153 965 2247 1017; x_wconf 73' lang='grc' dir='ltr'>καὶ</span> <span class='ocrx_word' id='word_1_135' title='bbox 2271 963 2368 1016; x_wconf 78' lang='grc' dir='ltr'><strong>οὐκ</strong></span> <span class='ocrx_word' id='word_1_136' title='bbox 2395 961 2678 1034; x_wconf 81' lang='grc' dir='ltr'>ἄνθρωπος</span> <span class='ocrx_word' id='word_1_137' title='bbox 2707 957 2812 1010; x_wconf 89' lang='grc' dir='ltr'><strong>ύπὸ</strong></span> <span class='ocrx_word' id='word_1_138' title='bbox 2844 953 2979 1009; x_wconf 82' lang='grc' dir='ltr'>Θεοῦ</span> <span class='ocrx_word' id='word_1_139' title='bbox 3011 949 3361 1020; x_wconf 74' lang='grc' dir='ltr'>ἀναληφθεὶς,</span> <span class='ocrx_word' id='word_1_140' title='bbox 3390 948 3455 1001; x_wconf 75' lang='grc' dir='ltr'><strong>ἵν’</strong></span> <span class='ocrx_word' id='word_1_141' title='bbox 3486 947 3675 1018; x_wconf 77' lang='grc' dir='ltr'>ἕτερος</span> 
     </span>
    </p>
   </div>
   <div class='ocr_carea' id='block_1_23' title="bbox 2153 1038 3742 1126">
    <p class='ocr_par' dir='ltr' id='par_1_23' title="bbox 2153 1038 3742 1126">
     <span class='ocr_line' id='line_1_23' title="bbox 2153 1038 3742 1126; baseline -0.011 -18"><span class='ocrx_word' id='word_1_142' title='bbox 2153 1058 2280 1126; x_wconf 69' lang='grc' dir='ltr'>παρ’</span> <span class='ocrx_word' id='word_1_143' title='bbox 2306 1057 2531 1108; x_wconf 82' lang='grc' dir='ltr'>ἐκεῖνον.</span> <span class='ocrx_word' id='word_1_144' title='bbox 2551 1051 2685 1106; x_wconf 79' lang='grc' dir='ltr'>Οὐδὲ</span> <span class='ocrx_word' id='word_1_145' title='bbox 2713 1050 2822 1119; x_wconf 78' lang='grc' dir='ltr'>γὰρ</span> <span class='ocrx_word' id='word_1_146' title='bbox 2847 1047 3133 1117; x_wconf 72' lang='grc' dir='ltr'>ἄνθρωπον</span> <span class='ocrx_word' id='word_1_147' title='bbox 3154 1041 3412 1096; x_wconf 78' lang='grc' dir='ltr'>ἀνέλαϐεν</span> <span class='ocrx_word' id='word_1_148' title='bbox 3433 1043 3462 1094; x_wconf 88' lang='grc' dir='ltr'>ὁ</span> <span class='ocrx_word' id='word_1_149' title='bbox 3483 1038 3578 1093; x_wconf 85' lang='grc' dir='ltr'><strong>τοῦ</strong></span> <span class='ocrx_word' id='word_1_150' title='bbox 3601 1039 3742 1092; x_wconf 89' lang='grc' dir='ltr'>Θεοῦ</span> 
     </span>
    </p>
   </div>
   <div class='ocr_carea' id='block_1_24' title="bbox 2153 1131 3738 1220">
    <p class='ocr_par' dir='ltr' id='par_1_24' title="bbox 2153 1131 3738 1220">
     <span class='ocr_line' id='line_1_24' title="bbox 2153 1131 3738 1220; baseline -0.012 -19"><span class='ocrx_word' id='word_1_151' title='bbox 2153 1149 2299 1211; x_wconf 78' lang='grc' dir='ltr'>Υἱὸς,</span> <span class='ocrx_word' id='word_1_152' title='bbox 2325 1149 2414 1200; x_wconf 78' lang='grc' dir='ltr'><strong>ἵνα</strong></span> <span class='ocrx_word' id='word_1_153' title='bbox 2503 1146 2688 1215; x_wconf 73' lang='grc' dir='ltr'>ἔτερος</span> <span class='ocrx_word' id='word_1_154' title='bbox 2713 1139 2842 1210; x_wconf 80' lang='grc' dir='ltr'>παρ’</span> <span class='ocrx_word' id='word_1_155' title='bbox 2875 1138 3035 1192; x_wconf 82' lang='grc' dir='ltr'>αὐτόν</span> <span class='ocrx_word' id='word_1_156' title='bbox 3057 1153 3070 1166; x_wconf 86' lang='grc'><strong>·</strong></span> <span class='ocrx_word' id='word_1_157' title='bbox 3100 1134 3235 1188; x_wconf 87' lang='grc' dir='ltr'><strong>ἀλλά</strong></span> <span class='ocrx_word' id='word_1_158' title='bbox 3258 1131 3392 1195; x_wconf 90' lang='grc' dir='ltr'>Θεὸς</span> <span class='ocrx_word' id='word_1_159' title='bbox 3415 1131 3491 1184; x_wconf 85' lang='grc' dir='ltr'>ὣν</span> <span class='ocrx_word' id='word_1_160' title='bbox 3509 1131 3738 1196; x_wconf 84' lang='grc' dir='ltr'>τέλειος,</span> 
     </span>
    </p>
   </div>
   <div class='ocr_carea' id='block_1_25' title="bbox 2152 1223 3742 1308">
    <p class='ocr_par' dir='ltr' id='par_1_25' title="bbox 2152 1223 3742 1308">
     <span class='ocr_line' id='line_1_25' title="bbox 2152 1223 3742 1308; baseline -0.01 -15"><span class='ocrx_word' id='word_1_161' title='bbox 2152 1241 2374 1308; x_wconf 81' lang='grc' dir='ltr'>γέγονεν</span> <span class='ocrx_word' id='word_1_162' title='bbox 2413 1238 2528 1308; x_wconf 73' lang='grc' dir='ltr'>ἅμα</span> <span class='ocrx_word' id='word_1_163' title='bbox 2581 1239 2672 1288; x_wconf 74' lang='grc' dir='ltr'><strong>καὶ</strong></span> <span class='ocrx_word' id='word_1_164' title='bbox 2722 1233 2925 1294; x_wconf 84' lang='grc' dir='ltr'>τέλειος</span> <span class='ocrx_word' id='word_1_165' title='bbox 2976 1227 3284 1299; x_wconf 82' lang='grc' dir='ltr'>ἄνθρωπος,</span> <span class='ocrx_word' id='word_1_166' title='bbox 3317 1223 3626 1296; x_wconf 75' lang='grc' dir='ltr'>σαρκωθεὶς</span> <span class='ocrx_word' id='word_1_167' title='bbox 3677 1225 3742 1278; x_wconf 80' lang='grc' dir='ltr'><strong>ὲκ</strong></span> 
     </span>
    </p>
   </div>
   <div class='ocr_carea' id='block_1_26' title="bbox 2154 1332 2451 1403">
    <p class='ocr_par' dir='ltr' id='par_1_26' title="bbox 2154 1332 2451 1403">
     <span class='ocr_line' id='line_1_26' title="bbox 2154 1332 2451 1403; baseline -0.007 -17"><span class='ocrx_word' id='word_1_168' title='bbox 2154 1332 2451 1403; x_wconf 81' lang='grc' dir='ltr'>Παρθένου.</span> 
     </span>
    </p>
   </div>
   <div class='ocr_carea' id='block_1_27' title="bbox 2596 1431 3299 1494">
    <p class='ocr_par' dir='ltr' id='par_1_27' title="bbox 2596 1431 3299 1494">
     <span class='ocr_line' id='line_1_27' title="bbox 2596 1431 3299 1494; baseline -0.017 0"><span class='ocrx_word' id='word_1_169' title='bbox 2596 1431 3188 1494; x_wconf 75' lang='grc' dir='ltr'><strong>ΑΝΑΘΕΜΑΤΙΣΜΟΣ</strong></span> <span class='ocrx_word' id='word_1_170' title='bbox 3227 1433 3299 1484; x_wconf 87' lang='lat' dir='ltr'><strong>Z&#39;.</strong></span> 
     </span>
    </p>
   </div>
   <div class='ocr_carea' id='block_1_28' title="bbox 2224 1532 3738 1627">
    <p class='ocr_par' dir='ltr' id='par_1_28' title="bbox 2224 1532 3738 1627">
     <span class='ocr_line' id='line_1_28' title="bbox 2224 1532 3738 1627; baseline -0.015 -13"><span class='ocrx_word' id='word_1_171' title='bbox 2224 1562 2290 1614; x_wconf 78' lang='lat' dir='ltr'><strong>Ei</strong></span> <span class='ocrx_word' id='word_1_172' title='bbox 2330 1557 2412 1621; x_wconf 81' lang='grc' dir='ltr'>τίς</span> <span class='ocrx_word' id='word_1_173' title='bbox 2452 1532 2638 1627; x_wconf 75' lang='grc' dir='ltr'>φησιν,</span> <span class='ocrx_word' id='word_1_174' title='bbox 2674 1551 2748 1614; x_wconf 84' lang='grc' dir='ltr'>ὡς</span> <span class='ocrx_word' id='word_1_175' title='bbox 2785 1546 3070 1617; x_wconf 82' lang='grc' dir='ltr'>ἄνθρωπον</span> <span class='ocrx_word' id='word_1_176' title='bbox 3104 1541 3440 1614; x_wconf 80' lang='grc' dir='ltr'>ὲνηργῆσθαι</span> <span class='ocrx_word' id='word_1_177' title='bbox 3488 1539 3593 1593; x_wconf 79' lang='grc' dir='ltr'><strong>ὑπὸ</strong></span> <span class='ocrx_word' id='word_1_178' title='bbox 3639 1535 3738 1592; x_wconf 85' lang='grc' dir='ltr'><strong>τοῦ</strong></span> 
     </span>
    </p>
   </div>
   <div class='ocr_carea' id='block_1_29' title="bbox 2153 1629 3744 1720">
    <p class='ocr_par' dir='ltr' id='par_1_29' title="bbox 2153 1629 3744 1720">
     <span class='ocr_line' id='line_1_29' title="bbox 2153 1629 3744 1720; baseline -0.018 -10"><span class='ocrx_word' id='word_1_179' title='bbox 2153 1653 2288 1709; x_wconf 85' lang='grc' dir='ltr'>Θεοῦ</span> <span class='ocrx_word' id='word_1_180' title='bbox 2321 1651 2492 1720; x_wconf 87' lang='grc' dir='ltr'>Λόγου</span> <span class='ocrx_word' id='word_1_181' title='bbox 2519 1646 2610 1700; x_wconf 89' lang='grc' dir='ltr'><strong>τὸν</strong></span> <span class='ocrx_word' id='word_1_182' title='bbox 2649 1640 2878 1714; x_wconf 78' lang='grc' dir='ltr'>Ἰησοῦν,</span> <span class='ocrx_word' id='word_1_183' title='bbox 2908 1637 3003 1690; x_wconf 77' lang='grc' dir='ltr'><strong>καὶ</strong></span> <span class='ocrx_word' id='word_1_184' title='bbox 3033 1636 3131 1706; x_wconf 80' lang='grc' dir='ltr'><strong>τὴν</strong></span> <span class='ocrx_word' id='word_1_185' title='bbox 3164 1634 3258 1688; x_wconf 88' lang='grc' dir='ltr'><strong>τοῦ</strong></span> <span class='ocrx_word' id='word_1_186' title='bbox 3285 1629 3626 1700; x_wconf 85' lang='grc' dir='ltr'>Μονογενοῦς</span> <span class='ocrx_word' id='word_1_187' title='bbox 3648 1629 3744 1682; x_wconf 88' lang='grc' dir='ltr'>εύ-</span> 
     </span>
    </p>
   </div>
   <div class='ocr_carea' id='block_1_30' title="bbox 465 1723 2050 1830">
    <p class='ocr_par' dir='ltr' id='par_1_30' title="bbox 465 1723 2046 1795">
     <span class='ocr_line' id='line_1_30' title="bbox 465 1723 2046 1795; baseline -0.001 -14"><span class='ocrx_word' id='word_1_188' title='bbox 465 1738 718 1795; x_wconf 84' lang='lat' dir='ltr'><strong>tanqnam</strong></span> <span class='ocrx_word' id='word_1_189' title='bbox 767 1726 919 1780; x_wconf 88' lang='lat' dir='ltr'><strong>alteri</strong></span> <span class='ocrx_word' id='word_1_190' title='bbox 951 1724 1182 1793; x_wconf 89' lang='lat' dir='ltr'><strong>cuipiam</strong></span> <span class='ocrx_word' id='word_1_191' title='bbox 1241 1724 1309 1779; x_wconf 82' lang='lat' dir='ltr'><strong>ab</strong></span> <span class='ocrx_word' id='word_1_192' title='bbox 1365 1723 1480 1792; x_wconf 88' lang='lat' dir='ltr'><strong>ipso</strong></span> <span class='ocrx_word' id='word_1_193' title='bbox 1537 1724 1734 1790; x_wconf 90' lang='lat' dir='ltr'><strong>Verbo,</strong></span> <span class='ocrx_word' id='word_1_194' title='bbox 1761 1724 2046 1780; x_wconf 87' lang='lat' dir='ltr'><strong>advenisse</strong></span> 
     </span>
    </p>
   </div>
   <div class='ocr_carea' id='block_1_31' title="bbox 2156 1723 3736 1830">
    <p class='ocr_par' dir='ltr' id='par_1_31' title="bbox 2156 1723 3736 1812">
     <span class='ocr_line' id='line_1_31' title="bbox 2156 1723 3736 1812; baseline -0.018 -12"><span class='ocrx_word' id='word_1_195' title='bbox 2156 1747 2331 1810; x_wconf 79' lang='grc' dir='ltr'>δοξίαν</span> <span class='ocrx_word' id='word_1_196' title='bbox 2363 1738 2664 1812; x_wconf 76' lang='grc' dir='ltr'>περιῆφθαι</span> <span class='ocrx_word' id='word_1_197' title='bbox 2711 1735 2786 1798; x_wconf 85' lang='grc' dir='ltr'>ὼς</span> <span class='ocrx_word' id='word_1_198' title='bbox 2830 1731 2999 1801; x_wconf 79' lang='grc' dir='ltr'>ἑτέρῳ</span> <span class='ocrx_word' id='word_1_199' title='bbox 3028 1728 3155 1798; x_wconf 80' lang='grc' dir='ltr'>παρ’</span> <span class='ocrx_word' id='word_1_200' title='bbox 3193 1725 3355 1778; x_wconf 77' lang='grc' dir='ltr'>αὑτὸν</span> <span class='ocrx_word' id='word_1_201' title='bbox 3397 1723 3697 1794; x_wconf 78' lang='grc' dir='ltr'>ὑπάρχοντι</span> <span class='ocrx_word' id='word_1_202' title='bbox 3720 1736 3736 1750; x_wconf 74' lang='grc' dir='ltr'><strong>ο</strong></span> 
     </span>
    </p>
   </div>
   <div class='ocr_carea' id='block_1_32' title="bbox 465 1817 1153 1874">
    <p class='ocr_par' dir='ltr' id='par_1_32' title="bbox 465 1817 1153 1874">
     <span class='ocr_line' id='line_1_32' title="bbox 465 1817 1153 1874; baseline -0.003 -1"><span class='ocrx_word' id='word_1_203' title='bbox 465 1818 666 1874; x_wconf 83' lang='lat' dir='ltr'><strong>dixerit</strong></span> <span class='ocrx_word' id='word_1_204' title='bbox 699 1835 712 1870; x_wconf 94' lang='lat'><strong>:</strong></span> <span class='ocrx_word' id='word_1_205' title='bbox 751 1818 1037 1873; x_wconf 87' lang='lat' dir='ltr'><strong>anathema</strong></span> <span class='ocrx_word' id='word_1_206' title='bbox 1062 1817 1153 1872; x_wconf 89' lang='lat' dir='ltr'><strong>sit.</strong></span> 
     </span>
    </p>
   </div>
   <div class='ocr_carea' id='block_1_33' title="bbox 919 1931 1542 2000">
    <p class='ocr_par' dir='ltr' id='par_1_33' title="bbox 919 1931 1542 2000">
     <span class='ocr_line' id='line_1_33' title="bbox 919 1931 1542 2000; baseline -0.005 -13"><span class='ocrx_word' id='word_1_207' title='bbox 919 1931 1274 1987; x_wconf 82' lang='lat' dir='ltr'><strong>Orientalium</strong></span> <span class='ocrx_word' id='word_1_208' title='bbox 1295 1931 1542 2000; x_wconf 86' lang='lat' dir='ltr'><strong>objectio.</strong></span> 
     </span>
    </p>
   </div>
   <div class='ocr_carea' id='block_1_34' title="bbox 536 2045 2067 2103">
    <p class='ocr_par' dir='ltr' id='par_1_34' title="bbox 536 2045 2067 2103">
     <span class='ocr_line' id='line_1_34' title="bbox 536 2045 2067 2103; baseline 0.001 -3"><span class='ocrx_word' id='word_1_209' title='bbox 536 2045 856 2102; x_wconf 86' lang='lat' dir='ltr'><strong>Possessum</strong></span> <span class='ocrx_word' id='word_1_210' title='bbox 890 2045 1057 2102; x_wconf 74' lang='lat' dir='ltr'><strong>fuisse</strong></span> <span class='ocrx_word' id='word_1_211' title='bbox 1081 2047 1367 2103; x_wconf 90' lang='lat' dir='ltr'><strong>Dominum</strong></span> <span class='ocrx_word' id='word_1_212' title='bbox 1396 2053 1643 2101; x_wconf 88' lang='lat' dir='ltr'><strong>nostrum</strong></span> <span class='ocrx_word' id='word_1_213' title='bbox 1665 2045 1849 2102; x_wconf 84' lang='lat' dir='ltr'><strong>Jesum</strong></span> <span class='ocrx_word' id='word_1_214' title='bbox 1884 2047 2067 2102; x_wconf 81' lang='lat' dir='ltr'><strong>Chri-‘</strong></span> 
     </span>
    </p>
   </div>
   <div class='ocr_carea' id='block_1_35' title="bbox 464 2138 2043 2209">
    <p class='ocr_par' dir='ltr' id='par_1_35' title="bbox 464 2138 2043 2209">
     <span class='ocr_line' id='line_1_35' title="bbox 464 2138 2043 2209; baseline 0.003 -17"><span class='ocrx_word' id='word_1_215' title='bbox 464 2149 611 2193; x_wconf 84' lang='lat' dir='ltr'><strong>stum</strong></span> <span class='ocrx_word' id='word_1_216' title='bbox 633 2154 662 2193; x_wconf 91' lang='lat' dir='ltr'><strong>a</strong></span> <span class='ocrx_word' id='word_1_217' title='bbox 701 2138 904 2209; x_wconf 84' lang='lat' dir='ltr'><strong>Spiritu</strong></span> <span class='ocrx_word' id='word_1_218' title='bbox 943 2139 1184 2208; x_wconf 83' lang='lat' dir='ltr'><strong>agitante</strong></span> <span class='ocrx_word' id='word_1_219' title='bbox 1206 2151 1264 2194; x_wconf 95' lang='lat' dir='ltr'><strong>ut</strong></span> <span class='ocrx_word' id='word_1_220' title='bbox 1289 2138 1566 2193; x_wconf 86' lang='lat' dir='ltr'><strong>hominem</strong></span> <span class='ocrx_word' id='word_1_221' title='bbox 1599 2139 2043 2209; x_wconf 83' lang='lat' dir='ltr'><strong>simpliciter,ch</strong></span> 
     </span>
    </p>
   </div>
   <div class='ocr_carea' id='block_1_36' title="bbox 467 2232 2045 2302">
    <p class='ocr_par' dir='ltr' id='par_1_36' title="bbox 467 2232 2045 2302">
     <span class='ocr_line' id='line_1_36' title="bbox 467 2232 2045 2302; baseline 0.001 -17"><span class='ocrx_word' id='word_1_222' title='bbox 467 2241 524 2285; x_wconf 88' lang='lat' dir='ltr'><strong>ut</strong></span> <span class='ocrx_word' id='word_1_223' title='bbox 554 2233 896 2302; x_wconf 85' lang='lat' dir='ltr'><strong>prophetam,</strong></span> <span class='ocrx_word' id='word_1_224' title='bbox 929 2232 1012 2286; x_wconf 87' lang='lat' dir='ltr'><strong>vel</strong></span> <span class='ocrx_word' id='word_1_225' title='bbox 1053 2243 1110 2286; x_wconf 93' lang='lat' dir='ltr'><strong>ut</strong></span> <span class='ocrx_word' id='word_1_226' title='bbox 1143 2232 1470 2302; x_wconf 86' lang='lat' dir='ltr'><strong>apostolum,</strong></span> <span class='ocrx_word' id='word_1_227' title='bbox 1521 2233 1700 2287; x_wconf 72' lang='lat' dir='ltr'><strong>mullus</strong></span> <span class='ocrx_word' id='word_1_228' title='bbox 1756 2233 2045 2288; x_wconf 84' lang='lat' dir='ltr'><strong>contitebi-</strong></span> 
     </span>
    </p>
   </div>
   <div class='ocr_carea' id='block_1_37' title="bbox 466 2323 2045 2394">
    <p class='ocr_par' dir='ltr' id='par_1_37' title="bbox 466 2323 2045 2394">
     <span class='ocr_line' id='line_1_37' title="bbox 466 2323 2045 2394; baseline 0.001 -18"><span class='ocrx_word' id='word_1_229' title='bbox 466 2334 555 2376; x_wconf 86' lang='lat' dir='ltr'><strong>tur</strong></span> <span class='ocrx_word' id='word_1_230' title='bbox 593 2329 727 2378; x_wconf 88' lang='lat' dir='ltr'><strong>:sed</strong></span> <span class='ocrx_word' id='word_1_231' title='bbox 760 2333 938 2377; x_wconf 88' lang='lat' dir='ltr'><strong>tamen</strong></span> <span class='ocrx_word' id='word_1_232' title='bbox 970 2323 1302 2392; x_wconf 88' lang='lat' dir='ltr'><strong>apostolicas</strong></span> <span class='ocrx_word' id='word_1_233' title='bbox 1358 2338 1519 2378; x_wconf 87' lang='lat' dir='ltr'><strong>voces</strong></span> <span class='ocrx_word' id='word_1_234' title='bbox 1571 2323 1637 2378; x_wconf 92' lang='lat' dir='ltr'><strong>de</strong></span> <span class='ocrx_word' id='word_1_235' title='bbox 1671 2323 1762 2378; x_wconf 88' lang='lat' dir='ltr'><strong>illo</strong></span> <span class='ocrx_word' id='word_1_236' title='bbox 1820 2335 2045 2394; x_wconf 85' lang='lat' dir='ltr'><strong>propter</strong></span> 
     </span>
    </p>
   </div>
   <div class='ocr_carea' id='block_1_38' title="bbox 463 2414 2040 2484">
    <p class='ocr_par' dir='ltr' id='par_1_38' title="bbox 463 2414 2040 2484">
     <span class='ocr_line' id='line_1_38' title="bbox 463 2414 2040 2484; baseline 0.003 -19"><span class='ocrx_word' id='word_1_237' title='bbox 463 2414 692 2468; x_wconf 81' lang='lat' dir='ltr'><strong>visibilis</strong></span> <span class='ocrx_word' id='word_1_238' title='bbox 715 2414 898 2468; x_wconf 88' lang='lat' dir='ltr'><strong>carnis</strong></span> <span class='ocrx_word' id='word_1_239' title='bbox 933 2425 1186 2468; x_wconf 89' lang='lat' dir='ltr'><strong>naturam</strong></span> <span class='ocrx_word' id='word_1_240' title='bbox 1209 2415 1403 2478; x_wconf 88' lang='lat' dir='ltr'><strong>dictas,</strong></span> <span class='ocrx_word' id='word_1_241' title='bbox 1476 2428 1650 2484; x_wconf 88' lang='lat' dir='ltr'><strong>neque</strong></span> <span class='ocrx_word' id='word_1_242' title='bbox 1703 2417 2040 2484; x_wconf 82' lang='lat' dir='ltr'><strong>negabimus,</strong></span> 
     </span>
    </p>
   </div>
   <div class='ocr_carea' id='block_1_39' title="bbox 466 2504 2040 2574">
    <p class='ocr_par' dir='ltr' id='par_1_39' title="bbox 466 2504 2040 2574">
     <span class='ocr_line' id='line_1_39' title="bbox 466 2504 2040 2574; baseline 0.001 -18"><span class='ocrx_word' id='word_1_243' title='bbox 466 2518 639 2574; x_wconf 89' lang='lat' dir='ltr'><strong>neque</strong></span> <span class='ocrx_word' id='word_1_244' title='bbox 669 2518 1080 2574; x_wconf 79' lang='lat' dir='ltr'><strong>expungemus,</strong></span> <span class='ocrx_word' id='word_1_245' title='bbox 1129 2504 1372 2558; x_wconf 89' lang='lat' dir='ltr'><strong>dicentes</strong></span> <span class='ocrx_word' id='word_1_246' title='bbox 1426 2505 1644 2574; x_wconf 86' lang='lat' dir='ltr'><strong>quidem</strong></span> <span class='ocrx_word' id='word_1_247' title='bbox 1702 2504 2040 2573; x_wconf 81' lang='lat' dir='ltr'><strong>aliquando:</strong></span> 
     </span>
    </p>
   </div>
   <div class='ocr_carea' id='block_1_40' title="bbox 470 2595 2042 2666">
    <p class='ocr_par' dir='ltr' id='par_1_40' title="bbox 470 2595 2042 2666">
     <span class='ocr_line' id='line_1_40' title="bbox 470 2595 2042 2666; baseline 0.004 -22"><span class='ocrx_word' id='word_1_248' title='bbox 470 2615 487 2644; x_wconf 76' lang='grc' dir='ltr'><strong>ι</strong></span> <span class='ocrx_word' id='word_1_249' title='bbox 527 2595 834 2650; x_wconf 76' lang='lat' dir='ltr'><strong>Secundum</strong></span> <span class='ocrx_word' id='word_1_250' title='bbox 871 2595 1242 2665; x_wconf 85' lang='lat' dir='ltr'><strong>operationem</strong></span> <span class='ocrx_word' id='word_1_251' title='bbox 1276 2595 1484 2650; x_wconf 87' lang='lat' dir='ltr'><strong>roboris</strong></span> <span class='ocrx_word' id='word_1_252' title='bbox 1502 2595 1716 2650; x_wconf 86' lang='lat' dir='ltr'><strong>virtutis</strong></span> <span class='ocrx_word' id='word_1_253' title='bbox 1738 2597 2042 2666; x_wconf 89' lang='lat' dir='ltr'><strong>ejus,qnam</strong></span> 
     </span>
    </p>
   </div>
   <div class='ocr_carea' id='block_1_41' title="bbox 463 2687 2040 2756">
    <p class='ocr_par' dir='ltr' id='par_1_41' title="bbox 463 2687 2040 2756">
     <span class='ocr_line' id='line_1_41' title="bbox 463 2687 2040 2756; baseline 0.003 -17"><span class='ocrx_word' id='word_1_254' title='bbox 463 2698 723 2755; x_wconf 78' lang='lat' dir='ltr'><strong>operatus</strong></span> <span class='ocrx_word' id='word_1_255' title='bbox 751 2697 836 2742; x_wconf 90' lang='lat' dir='ltr'><strong>est</strong></span> <span class='ocrx_word' id='word_1_256' title='bbox 873 2687 928 2740; x_wconf 90' lang='lat' dir='ltr'><strong>in</strong></span> <span class='ocrx_word' id='word_1_257' title='bbox 955 2687 1195 2749; x_wconf 80' lang='lat' dir='ltr'><strong>Christo,</strong></span> <span class='ocrx_word' id='word_1_258' title='bbox 1243 2688 1514 2742; x_wconf 86' lang='lat' dir='ltr'><strong>suscitans</strong></span> <span class='ocrx_word' id='word_1_259' title='bbox 1561 2687 1735 2756; x_wconf 89' lang='lat' dir='ltr'><strong>ipsum</strong></span> <span class='ocrx_word' id='word_1_260' title='bbox 1777 2704 1844 2743; x_wconf 78' lang='lat' dir='ltr'><strong>ex</strong></span> <span class='ocrx_word' id='word_1_261' title='bbox 1889 2705 2040 2744; x_wconf 87' lang='lat' dir='ltr'><strong>mor-</strong></span> 
     </span>
    </p>
   </div>
   <div class='ocr_carea' id='block_1_42' title="bbox 466 2778 2041 2847">
    <p class='ocr_par' dir='ltr' id='par_1_42' title="bbox 466 2778 2041 2847">
     <span class='ocr_line' id='line_1_42' title="bbox 466 2778 2041 2847; baseline 0.003 -16"><span class='ocrx_word' id='word_1_262' title='bbox 466 2779 589 2843; x_wconf 81' lang='lat' dir='ltr'><strong>mis,</strong></span> <span class='ocrx_word' id='word_1_263' title='bbox 620 2779 836 2834; x_wconf 83' lang='lat' dir='ltr'><strong>solvens</strong></span> <span class='ocrx_word' id='word_1_264' title='bbox 864 2778 1080 2834; x_wconf 88' lang='lat' dir='ltr'><strong>dolores</strong></span> <span class='ocrx_word' id='word_1_265' title='bbox 1102 2780 1294 2835; x_wconf 90' lang='lat' dir='ltr'><strong>mortis</strong></span> <span class='ocrx_word' id='word_1_266' title='bbox 1322 2779 1446 2820; x_wconf 63' lang='lat'><strong>&quot;—3‘</strong></span> <span class='ocrx_word' id='word_1_267' title='bbox 1475 2791 1587 2847; x_wconf 62' lang='lat' dir='ltr'><strong>pet</strong></span> <span class='ocrx_word' id='word_1_268' title='bbox 1613 2780 1806 2835; x_wconf 90' lang='lat' dir='ltr'><strong>iterum</strong></span> <span class='ocrx_word' id='word_1_269' title='bbox 1836 2800 1849 2836; x_wconf 87' lang='lat'><strong>:</strong></span> <span class='ocrx_word' id='word_1_270' title='bbox 1882 2781 2041 2836; x_wconf 72' lang='lat' dir='ltr'><strong>«Vir-</strong></span> 
     </span>
    </p>
   </div>
   <div class='ocr_carea' id='block_1_43' title="bbox 467 2871 2039 2942">
    <p class='ocr_par' dir='ltr' id='par_1_43' title="bbox 467 2871 2039 2942">
     <span class='ocr_line' id='line_1_43' title="bbox 467 2871 2039 2942; baseline 0.004 -20"><span class='ocrx_word' id='word_1_271' title='bbox 467 2880 580 2925; x_wconf 80' lang='lat' dir='ltr'><strong>tute</strong></span> <span class='ocrx_word' id='word_1_272' title='bbox 599 2871 690 2925; x_wconf 83' lang='lat' dir='ltr'><strong>Dei</strong></span> <span class='ocrx_word' id='word_1_273' title='bbox 718 2871 988 2926; x_wconf 80' lang='lat' dir='ltr'><strong>exaltatus</strong></span> <span class='ocrx_word' id='word_1_274' title='bbox 1021 2872 1104 2940; x_wconf 83' lang='grc'><strong>⁶¹;</strong></span> <span class='ocrx_word' id='word_1_275' title='bbox 1142 2891 1160 2922; x_wconf 75' lang='grc' dir='ltr'><strong>ι</strong></span> <span class='ocrx_word' id='word_1_276' title='bbox 1183 2880 1237 2927; x_wconf 88' lang='lat' dir='ltr'><strong>et</strong></span> <span class='ocrx_word' id='word_1_277' title='bbox 1264 2886 1601 2942; x_wconf 69' lang='lat' dir='ltr'><strong>quaecunque</strong></span> <span class='ocrx_word' id='word_1_278' title='bbox 1633 2872 1788 2940; x_wconf 70' lang='lat' dir='ltr'><strong>talia,</strong></span> <span class='ocrx_word' id='word_1_279' title='bbox 1843 2873 2039 2928; x_wconf 86' lang='lat' dir='ltr'><strong>Verum</strong></span> 
     </span>
    </p>
   </div>
   <div class='ocr_carea' id='block_1_44' title="bbox 463 2963 2042 3035">
    <p class='ocr_par' dir='ltr' id='par_1_44' title="bbox 463 2963 2042 3035">
     <span class='ocr_line' id='line_1_44' title="bbox 463 2963 2042 3035; baseline 0.003 -21"><span class='ocrx_word' id='word_1_280' title='bbox 463 2963 713 3030; x_wconf 80' lang='lat' dir='ltr'><strong>quamvis</strong></span> <span class='ocrx_word' id='word_1_281' title='bbox 737 2963 855 3018; x_wconf 66' lang='lat' dir='ltr'><strong>haec</strong></span> <span class='ocrx_word' id='word_1_282' title='bbox 891 2963 1064 3034; x_wconf 90' lang='lat' dir='ltr'><strong>posita</strong></span> <span class='ocrx_word' id='word_1_283' title='bbox 1123 2965 1234 3019; x_wconf 89' lang='lat' dir='ltr'><strong>sint</strong></span> <span class='ocrx_word' id='word_1_284' title='bbox 1263 2972 1487 3033; x_wconf 87' lang='lat' dir='ltr'><strong>propter</strong></span> <span class='ocrx_word' id='word_1_285' title='bbox 1522 2965 1593 3029; x_wconf 89' lang='lat' dir='ltr'><strong>id,</strong></span> <span class='ocrx_word' id='word_1_286' title='bbox 1631 2965 1774 3035; x_wconf 91' lang='lat' dir='ltr'><strong>quod</strong></span> <span class='ocrx_word' id='word_1_287' title='bbox 1812 2975 1931 3020; x_wconf 90' lang='lat' dir='ltr'><strong>erat</strong></span> <span class='ocrx_word' id='word_1_288' title='bbox 1961 2966 2042 3019; x_wconf 84' lang='lat' dir='ltr'><strong>vi-</strong></span> 
     </span>
    </p>
   </div>
   <div class='ocr_carea' id='block_1_45' title="bbox 463 3055 2042 3126">
    <p class='ocr_par' dir='ltr' id='par_1_45' title="bbox 463 3055 2042 3126">
     <span class='ocr_line' id='line_1_45' title="bbox 463 3055 2042 3126; baseline 0.004 -20"><span class='ocrx_word' id='word_1_289' title='bbox 463 3055 640 3119; x_wconf 72' lang='lat' dir='ltr'><strong>sibile,</strong></span> <span class='ocrx_word' id='word_1_290' title='bbox 671 3070 829 3110; x_wconf 90' lang='lat' dir='ltr'><strong>nemo</strong></span> <span class='ocrx_word' id='word_1_291' title='bbox 856 3064 1037 3111; x_wconf 89' lang='lat' dir='ltr'><strong>tamen</strong></span> <span class='ocrx_word' id='word_1_292' title='bbox 1067 3055 1139 3110; x_wconf 91' lang='lat' dir='ltr'><strong>ita</strong></span> <span class='ocrx_word' id='word_1_293' title='bbox 1165 3056 1416 3126; x_wconf 88' lang='lat' dir='ltr'><strong>accipiet,</strong></span> <span class='ocrx_word' id='word_1_294' title='bbox 1458 3071 1522 3112; x_wconf 88' lang='lat' dir='ltr'><strong>ac</strong></span> <span class='ocrx_word' id='word_1_295' title='bbox 1547 3057 1590 3112; x_wconf 89' lang='lat' dir='ltr'><strong>si</strong></span> <span class='ocrx_word' id='word_1_296' title='bbox 1630 3057 1708 3112; x_wconf 90' lang='lat' dir='ltr'><strong>vol</strong></span> <span class='ocrx_word' id='word_1_297' title='bbox 1765 3067 1822 3111; x_wconf 89' lang='lat' dir='ltr'><strong>ut</strong></span> <span class='ocrx_word' id='word_1_298' title='bbox 1879 3058 2042 3112; x_wconf 90' lang='lat' dir='ltr'><strong>homo</strong></span> 
     </span>
    </p>
   </div>
   <div class='ocr_carea' id='block_1_46' title="bbox 463 3135 2112 3221">
    <p class='ocr_par' dir='ltr' id='par_1_46' title="bbox 463 3135 2112 3221">
     <span class='ocr_line' id='line_1_46' title="bbox 463 3135 2112 3221; baseline -0.001 -18"><span class='ocrx_word' id='word_1_299' title='bbox 463 3150 784 3220; x_wconf 84' lang='lat' dir='ltr'><strong>simpliciter</strong></span> <span class='ocrx_word' id='word_1_300' title='bbox 806 3161 952 3208; x_wconf 88' lang='lat' dir='ltr'><strong>esset</strong></span> <span class='ocrx_word' id='word_1_301' title='bbox 994 3151 1187 3207; x_wconf 83' lang='lat' dir='ltr'><strong>alienae</strong></span> <span class='ocrx_word' id='word_1_302' title='bbox 1215 3152 1551 3221; x_wconf 87' lang='lat' dir='ltr'><strong>operationis</strong></span> <span class='ocrx_word' id='word_1_303' title='bbox 1608 3150 1659 3204; x_wconf 87' lang='lat' dir='ltr'><strong>vi</strong></span> <span class='ocrx_word' id='word_1_304' title='bbox 1721 3159 1927 3215; x_wconf 79' lang='lat' dir='ltr'><strong>motus,</strong></span> <span class='ocrx_word' id='word_1_305' title='bbox 1959 3150 2042 3202; x_wconf 78' lang='lat' dir='ltr'><strong>Vt&#39;i</strong></span> <span class='ocrx_word' id='word_1_306' title='bbox 2071 3135 2112 3191; x_wconf 84' lang='lat' dir='ltr'><strong>C</strong></span> 
     </span>
    </p>
   </div>
   <div class='ocr_carea' id='block_1_47' title="bbox 465 3242 2044 3314">
    <p class='ocr_par' dir='ltr' id='par_1_47' title="bbox 465 3242 2044 3314">
     <span class='ocr_line' id='line_1_47' title="bbox 465 3242 2044 3314; baseline 0.001 -20"><span class='ocrx_word' id='word_1_307' title='bbox 465 3253 518 3294; x_wconf 85' lang='lat' dir='ltr'><strong>ut</strong></span> <span class='ocrx_word' id='word_1_308' title='bbox 542 3242 742 3312; x_wconf 86' lang='lat' dir='ltr'><strong>justus,</strong></span> <span class='ocrx_word' id='word_1_309' title='bbox 771 3243 850 3297; x_wconf 79' lang='lat' dir='ltr'><strong>vel</strong></span> <span class='ocrx_word' id='word_1_310' title='bbox 886 3253 942 3298; x_wconf 91' lang='lat' dir='ltr'><strong>ut</strong></span> <span class='ocrx_word' id='word_1_311' title='bbox 972 3246 1258 3314; x_wconf 87' lang='lat' dir='ltr'><strong>propheta,</strong></span> <span class='ocrx_word' id='word_1_312' title='bbox 1287 3242 1370 3297; x_wconf 91' lang='lat' dir='ltr'><strong>vel</strong></span> <span class='ocrx_word' id='word_1_313' title='bbox 1399 3251 1457 3296; x_wconf 93' lang='lat' dir='ltr'><strong>ut</strong></span> <span class='ocrx_word' id='word_1_314' title='bbox 1505 3242 1817 3312; x_wconf 87' lang='lat' dir='ltr'><strong>apostolus:</strong></span> <span class='ocrx_word' id='word_1_315' title='bbox 1872 3257 2044 3311; x_wconf 87' lang='lat' dir='ltr'><strong>neque</strong></span> 
     </span>
    </p>
   </div>
   <div class='ocr_carea' id='block_1_48' title="bbox 463 3334 2041 3396">
    <p class='ocr_par' dir='ltr' id='par_1_48' title="bbox 463 3334 2041 3396">
     <span class='ocr_line' id='line_1_48' title="bbox 463 3334 2041 3396; baseline 0 -10"><span class='ocrx_word' id='word_1_316' title='bbox 463 3346 653 3388; x_wconf 81' lang='lat' dir='ltr'><strong>rursus</strong></span> <span class='ocrx_word' id='word_1_317' title='bbox 683 3334 896 3390; x_wconf 89' lang='lat' dir='ltr'><strong>divinas</strong></span> <span class='ocrx_word' id='word_1_318' title='bbox 928 3349 1088 3390; x_wconf 91' lang='lat' dir='ltr'><strong>voces</strong></span> <span class='ocrx_word' id='word_1_319' title='bbox 1117 3344 1212 3388; x_wconf 86' lang='lat' dir='ltr'><strong>aut</strong></span> <span class='ocrx_word' id='word_1_320' title='bbox 1253 3334 1496 3390; x_wconf 88' lang='lat' dir='ltr'><strong>delcmus</strong></span> <span class='ocrx_word' id='word_1_321' title='bbox 1538 3344 1631 3388; x_wconf 89' lang='lat' dir='ltr'><strong>aut</strong></span> <span class='ocrx_word' id='word_1_322' title='bbox 1697 3335 2041 3396; x_wconf 86' lang='lat' dir='ltr'><strong>inliciamur;</strong></span> 
     </span>
    </p>
   </div>
   <div class='ocr_carea' id='block_1_49' title="bbox 466 3425 2042 3496">
    <p class='ocr_par' dir='ltr' id='par_1_49' title="bbox 466 3425 2042 3496">
     <span class='ocr_line' id='line_1_49' title="bbox 466 3425 2042 3496; baseline 0.003 -21"><span class='ocrx_word' id='word_1_323' title='bbox 466 3439 641 3491; x_wconf 77' lang='lat' dir='ltr'><strong>neque</strong></span> <span class='ocrx_word' id='word_1_324' title='bbox 675 3425 924 3494; x_wconf 87' lang='lat' dir='ltr'><strong>imperite</strong></span> <span class='ocrx_word' id='word_1_325' title='bbox 949 3425 1110 3480; x_wconf 90' lang='lat' dir='ltr'><strong>simul</strong></span> <span class='ocrx_word' id='word_1_326' title='bbox 1143 3434 1198 3480; x_wconf 90' lang='lat' dir='ltr'><strong>et</strong></span> <span class='ocrx_word' id='word_1_327' title='bbox 1229 3425 1551 3496; x_wconf 81' lang='lat' dir='ltr'><strong>blaSpheme</strong></span> <span class='ocrx_word' id='word_1_328' title='bbox 1605 3426 2042 3480; x_wconf 79' lang='lat' dir='ltr'><strong>anathematiza-</strong></span> 
     </span>
    </p>
   </div>
   <div class='ocr_carea' id='block_1_50' title="bbox 465 3516 2042 3588">
    <p class='ocr_par' dir='ltr' id='par_1_50' title="bbox 465 3516 2042 3588">
     <span class='ocr_line' id='line_1_50' title="bbox 465 3516 2042 3588; baseline 0.001 -18"><span class='ocrx_word' id='word_1_329' title='bbox 465 3533 585 3570; x_wconf 86' lang='lat' dir='ltr'><strong>mus</strong></span> <span class='ocrx_word' id='word_1_330' title='bbox 618 3516 791 3572; x_wconf 86' lang='lat' dir='ltr'><strong>dictas</strong></span> <span class='ocrx_word' id='word_1_331' title='bbox 831 3528 882 3572; x_wconf 91' lang='lat' dir='ltr'><strong>et</strong></span> <span class='ocrx_word' id='word_1_332' title='bbox 911 3517 1070 3588; x_wconf 82' lang='lat'><strong>175</strong></span> <span class='ocrx_word' id='word_1_333' title='bbox 1099 3517 1306 3587; x_wconf 89' lang='lat' dir='ltr'><strong>positas</strong></span> <span class='ocrx_word' id='word_1_334' title='bbox 1330 3527 1553 3588; x_wconf 87' lang='lat' dir='ltr'><strong>propter</strong></span> <span class='ocrx_word' id='word_1_335' title='bbox 1584 3517 1814 3571; x_wconf 85' lang='lat' dir='ltr'><strong>visibilis</strong></span> <span class='ocrx_word' id='word_1_336' title='bbox 1863 3518 2042 3571; x_wconf 88' lang='lat' dir='ltr'><strong>carnis</strong></span> 
     </span>
    </p>
   </div>
   <div class='ocr_carea' id='block_1_51' title="bbox 466 3606 2040 3682">
    <p class='ocr_par' dir='ltr' id='par_1_51' title="bbox 466 3606 2040 3682">
     <span class='ocr_line' id='line_1_51' title="bbox 466 3606 2040 3682; baseline 0 -18"><span class='ocrx_word' id='word_1_337' title='bbox 466 3620 748 3677; x_wconf 78' lang='lat' dir='ltr'><strong>naturam;</strong></span> <span class='ocrx_word' id='word_1_338' title='bbox 777 3606 954 3680; x_wconf 89' lang='lat' dir='ltr'><strong>neque</strong></span> <span class='ocrx_word' id='word_1_339' title='bbox 978 3619 1035 3665; x_wconf 87' lang='lat' dir='ltr'><strong>ut</strong></span> <span class='ocrx_word' id='word_1_340' title='bbox 1068 3611 1341 3667; x_wconf 85' lang='lat' dir='ltr'><strong>hominem</strong></span> <span class='ocrx_word' id='word_1_341' title='bbox 1369 3611 1822 3682; x_wconf 75' lang='lat' dir='ltr'><strong>simpliciter,‘vel</strong></span> <span class='ocrx_word' id='word_1_342' title='bbox 1861 3621 1918 3665; x_wconf 90' lang='lat' dir='ltr'><strong>ut</strong></span> <span class='ocrx_word' id='word_1_343' title='bbox 1947 3612 2040 3682; x_wconf 84' lang='lat' dir='ltr'><strong>ju-</strong></span> 
     </span>
    </p>
   </div>
   <div class='ocr_carea' id='block_1_52' title="bbox 461 3700 2043 3772">
    <p class='ocr_par' dir='ltr' id='par_1_52' title="bbox 461 3700 2043 3772">
     <span class='ocr_line' id='line_1_52' title="bbox 461 3700 2043 3772; baseline 0.003 -19"><span class='ocrx_word' id='word_1_344' title='bbox 461 3713 629 3768; x_wconf 83' lang='lat' dir='ltr'><strong>smm,</strong></span> <span class='ocrx_word' id='word_1_345' title='bbox 661 3700 743 3756; x_wconf 85' lang='lat' dir='ltr'><strong>vel</strong></span> <span class='ocrx_word' id='word_1_346' title='bbox 768 3701 1110 3771; x_wconf 86' lang='lat' dir='ltr'><strong>prophetam,</strong></span> <span class='ocrx_word' id='word_1_347' title='bbox 1159 3703 1242 3757; x_wconf 87' lang='lat' dir='ltr'><strong>vel</strong></span> <span class='ocrx_word' id='word_1_348' title='bbox 1307 3703 1635 3772; x_wconf 90' lang='lat' dir='ltr'><strong>apostolum,</strong></span> <span class='ocrx_word' id='word_1_349' title='bbox 1693 3703 2043 3772; x_wconf 87' lang='lat' dir='ltr'><strong>Operationes</strong></span> 
     </span>
    </p>
   </div>
   <div class='ocr_carea' id='block_1_53' title="bbox 462 3793 2042 3852">
    <p class='ocr_par' dir='ltr' id='par_1_53' title="bbox 462 3793 2042 3852">
     <span class='ocr_line' id='line_1_53' title="bbox 462 3793 2042 3852; baseline 0.003 -6"><span class='ocrx_word' id='word_1_350' title='bbox 462 3794 638 3848; x_wconf 78' lang='lat' dir='ltr'><strong>aliena</strong></span> <span class='ocrx_word' id='word_1_351' title='bbox 670 3796 868 3850; x_wconf 88' lang='lat' dir='ltr'><strong>virtute</strong></span> <span class='ocrx_word' id='word_1_352' title='bbox 894 3797 1205 3852; x_wconf 78' lang='lat' dir='ltr'><strong>exercuisse</strong></span> <span class='ocrx_word' id='word_1_353' title='bbox 1227 3795 1492 3850; x_wconf 85' lang='lat' dir='ltr'><strong>dicemus.</strong></span> <span class='ocrx_word' id='word_1_354' title='bbox 1556 3793 1670 3848; x_wconf 88' lang='lat' dir='ltr'><strong>Non</strong></span> <span class='ocrx_word' id='word_1_355' title='bbox 1724 3795 1868 3849; x_wconf 91' lang='lat' dir='ltr'><strong>enim</strong></span> <span class='ocrx_word' id='word_1_356' title='bbox 1897 3795 2042 3850; x_wconf 89' lang='lat' dir='ltr'><strong>dice-</strong></span> 
     </span>
    </p>
   </div>
   <div class='ocr_carea' id='block_1_54' title="bbox 460 3877 2037 3954">
    <p class='ocr_par' dir='ltr' id='par_1_54' title="bbox 460 3877 2037 3954">
     <span class='ocr_line' id='line_1_54' title="bbox 460 3877 2037 3954; baseline 0.001 -16"><span class='ocrx_word' id='word_1_357' title='bbox 460 3884 589 3938; x_wconf 84' lang='lat' dir='ltr'><strong>bat:</strong></span> <span class='ocrx_word' id='word_1_358' title='bbox 631 3886 754 3941; x_wconf 68' lang='lat' dir='ltr'><strong>Haec</strong></span> <span class='ocrx_word' id='word_1_359' title='bbox 791 3887 921 3942; x_wconf 89' lang='lat' dir='ltr'><strong>dicit</strong></span> <span class='ocrx_word' id='word_1_360' title='bbox 947 3886 1206 3946; x_wconf 77' lang='lat' dir='ltr'><strong>Dominus</strong></span> <span class='ocrx_word' id='word_1_361' title='bbox 1230 3905 1244 3953; x_wconf 91' lang='lat'><strong>;</strong></span> <span class='ocrx_word' id='word_1_362' title='bbox 1270 3887 1366 3942; x_wconf 86' lang='lat' dir='ltr'><strong>sed</strong></span> <span class='ocrx_word' id='word_1_363' title='bbox 1401 3891 1462 3940; x_wconf 89' lang='lat' dir='ltr'><strong>ut</strong></span> <span class='ocrx_word' id='word_1_364' title='bbox 1504 3884 1672 3941; x_wconf 82' lang='lat' dir='ltr'><strong>Filius</strong></span> <span class='ocrx_word' id='word_1_365' title='bbox 1714 3877 1990 3954; x_wconf 80' lang='lat' dir='ltr'><strong>legislator</strong></span> <span class='ocrx_word' id='word_1_366' title='bbox 2025 3904 2037 3940; x_wconf 89' lang='lat'><strong>:</strong></span> 
     </span>
    </p>
   </div>
   <div class='ocr_carea' id='block_1_55' title="bbox 468 3977 1316 4047">
    <p class='ocr_par' dir='ltr' id='par_1_55' title="bbox 468 3977 1316 4047">
     <span class='ocr_line' id='line_1_55' title="bbox 468 3977 1316 4047; baseline 0.006 -19"><span class='ocrx_word' id='word_1_367' title='bbox 468 3995 487 4028; x_wconf 76' lang='grc' dir='ltr'><strong>ι</strong></span> <span class='ocrx_word' id='word_1_368' title='bbox 522 3977 634 4047; x_wconf 73' lang='lat' dir='ltr'><strong>Ego</strong></span> <span class='ocrx_word' id='word_1_369' title='bbox 662 3991 842 4035; x_wconf 90' lang='lat' dir='ltr'><strong>autem</strong></span> <span class='ocrx_word' id='word_1_370' title='bbox 875 3980 994 4036; x_wconf 89' lang='lat' dir='ltr'><strong>dico</strong></span> <span class='ocrx_word' id='word_1_371' title='bbox 1012 3980 1167 4036; x_wconf 84' lang='lat' dir='ltr'><strong>vobis</strong></span> <span class='ocrx_word' id='word_1_372' title='bbox 1200 3977 1268 4035; x_wconf 82' lang='grc'><strong>⁸³.</strong></span> <span class='ocrx_word' id='word_1_373' title='bbox 1297 3997 1316 4032; x_wconf 74' lang='grc' dir='ltr'><strong>ι</strong></span> 
     </span>
    </p>
   </div>
   <div class='ocr_carea' id='block_1_56' title="bbox 889 4090 1460 4163">
    <p class='ocr_par' dir='ltr' id='par_1_56' title="bbox 889 4090 1460 4163">
     <span class='ocr_line' id='line_1_56' title="bbox 889 4090 1460 4163; baseline -0.002 -16"><span class='ocrx_word' id='word_1_374' title='bbox 889 4101 894 4108; x_wconf 84' lang='lat'><strong>‘</strong></span> <span class='ocrx_word' id='word_1_375' title='bbox 975 4090 1166 4163; x_wconf 81' lang='lat' dir='ltr'><strong>Cyrilli</strong></span> <span class='ocrx_word' id='word_1_376' title='bbox 1205 4091 1460 4162; x_wconf 80' lang='lat' dir='ltr'><strong>defensio.</strong></span> 
     </span>
    </p>
   </div>
   <div class='ocr_carea' id='block_1_57' title="bbox 531 4205 2041 4284">
    <p class='ocr_par' dir='ltr' id='par_1_57' title="bbox 531 4205 2041 4284">
     <span class='ocr_line' id='line_1_57' title="bbox 531 4205 2041 4284; baseline -0.003 -22"><span class='ocrx_word' id='word_1_377' title='bbox 531 4209 596 4262; x_wconf 82' lang='lat' dir='ltr'><strong>Et</strong></span> <span class='ocrx_word' id='word_1_378' title='bbox 625 4223 768 4262; x_wconf 89' lang='lat' dir='ltr'><strong>nunc</strong></span> <span class='ocrx_word' id='word_1_379' title='bbox 797 4223 1012 4278; x_wconf 90' lang='lat' dir='ltr'><strong>quoque</strong></span> <span class='ocrx_word' id='word_1_380' title='bbox 1061 4206 1254 4261; x_wconf 89' lang='lat' dir='ltr'><strong>iisdem</strong></span> <span class='ocrx_word' id='word_1_381' title='bbox 1304 4207 1650 4262; x_wconf 86' lang='lat' dir='ltr'><strong>sermonibus</strong></span> <span class='ocrx_word' id='word_1_382' title='bbox 1708 4205 2041 4284; x_wconf 68' lang='lat' dir='ltr'><strong>defensionis</strong></span> 
     </span>
    </p>
   </div>
   <div class='ocr_carea' id='block_1_58' title="bbox 2153 1830 2598 1904">
    <p class='ocr_par' dir='ltr' id='par_1_58' title="bbox 2153 1830 2598 1904">
     <span class='ocr_line' id='line_1_58' title="bbox 2153 1830 2598 1904; baseline -0.02 -14"><span class='ocrx_word' id='word_1_383' title='bbox 2153 1835 2406 1904; x_wconf 76' lang='grc' dir='ltr'>ἀνάθεμα</span> <span class='ocrx_word' id='word_1_384' title='bbox 2436 1830 2598 1884; x_wconf 72' lang='grc' dir='ltr'>ἔστω.</span> 
     </span>
    </p>
   </div>
   <div class='ocr_carea' id='block_1_59' title="bbox 2456 1929 3449 2011">
    <p class='ocr_par' dir='ltr' id='par_1_59' title="bbox 2456 1929 3449 2011">
     <span class='ocr_line' id='line_1_59' title="bbox 2456 1929 3449 2011; baseline -0.017 -12"><span class='ocrx_word' id='word_1_385' title='bbox 2456 1944 2828 2011; x_wconf 71' lang='grc' dir='ltr'>Ἀντίρῤησις</span> <span class='ocrx_word' id='word_1_386' title='bbox 2868 1936 2987 1991; x_wconf 73' lang='grc' dir='ltr'><strong>τῶν</strong></span> <span class='ocrx_word' id='word_1_387' title='bbox 3038 1929 3449 1989; x_wconf 72' lang='grc' dir='ltr'><strong>Ἀνατολικῶν.</strong></span> 
     </span>
    </p>
   </div>
   <div class='ocr_carea' id='block_1_60' title="bbox 2238 2039 3742 2133">
    <p class='ocr_par' dir='ltr' id='par_1_60' title="bbox 2238 2039 3742 2133">
     <span class='ocr_line' id='line_1_60' title="bbox 2238 2039 3742 2133; baseline -0.017 -17"><span class='ocrx_word' id='word_1_388' title='bbox 2238 2058 2606 2133; x_wconf 82' lang='grc' dir='ltr'>Ἐνηργῆσθαι</span> <span class='ocrx_word' id='word_1_389' title='bbox 2649 2056 2740 2108; x_wconf 85' lang='grc' dir='ltr'><strong>τὸν</strong></span> <span class='ocrx_word' id='word_1_390' title='bbox 2793 2051 2999 2124; x_wconf 85' lang='grc' dir='ltr'>Κύριον</span> <span class='ocrx_word' id='word_1_391' title='bbox 3046 2047 3203 2120; x_wconf 82' lang='grc' dir='ltr'>ἡμῶν</span> <span class='ocrx_word' id='word_1_392' title='bbox 3247 2041 3454 2114; x_wconf 81' lang='grc' dir='ltr'>Ἰησοῦν</span> <span class='ocrx_word' id='word_1_393' title='bbox 3501 2039 3742 2110; x_wconf 76' lang='grc' dir='ltr'>Χριστὸν</span> 
     </span>
    </p>
   </div>
   <div class='ocr_carea' id='block_1_61' title="bbox 2153 2137 3745 2222">
    <p class='ocr_par' dir='ltr' id='par_1_61' title="bbox 2153 2137 3745 2222">
     <span class='ocr_line' id='line_1_61' title="bbox 2153 2137 3745 2222; baseline -0.019 -8"><span class='ocrx_word' id='word_1_394' title='bbox 2153 2160 2258 2213; x_wconf 80' lang='grc' dir='ltr'><strong>ὑπὸ</strong></span> <span class='ocrx_word' id='word_1_395' title='bbox 2291 2157 2388 2210; x_wconf 84' lang='grc' dir='ltr'><strong>τοῦ</strong></span> <span class='ocrx_word' id='word_1_396' title='bbox 2428 2152 2747 2222; x_wconf 83' lang='grc' dir='ltr'>Πνεύματος</span> <span class='ocrx_word' id='word_1_397' title='bbox 2776 2149 2852 2212; x_wconf 86' lang='grc' dir='ltr'>ὡς</span> <span class='ocrx_word' id='word_1_398' title='bbox 2885 2147 3171 2216; x_wconf 85' lang='grc' dir='ltr'>ἄνθρωπον</span> <span class='ocrx_word' id='word_1_399' title='bbox 3203 2139 3410 2203; x_wconf 84' lang='grc' dir='ltr'>ἁπλῶς,</span> <span class='ocrx_word' id='word_1_400' title='bbox 3442 2137 3474 2202; x_wconf 76' lang='grc' dir='ltr'>ἢ</span> <span class='ocrx_word' id='word_1_401' title='bbox 3505 2137 3580 2198; x_wconf 86' lang='grc' dir='ltr'>ὼς</span> <span class='ocrx_word' id='word_1_402' title='bbox 3601 2151 3745 2204; x_wconf 85' lang='grc' dir='ltr'>προ-</span> 
     </span>
    </p>
   </div>
   <div class='ocr_carea' id='block_1_62' title="bbox 2107 2225 3742 2326">
    <p class='ocr_par' dir='ltr' id='par_1_62' title="bbox 2107 2225 3742 2326">
     <span class='ocr_line' id='line_1_62' title="bbox 2107 2225 3742 2326; baseline -0.042 -10"><span class='ocrx_word' id='word_1_403' title='bbox 2107 2310 2112 2316; x_wconf 92' lang='grc'><em>.</em></span> <span class='ocrx_word' id='word_1_404' title='bbox 2153 2254 2350 2322; x_wconf 66' lang='grc' dir='ltr'>φήτην,</span> <span class='ocrx_word' id='word_1_405' title='bbox 2381 2250 2414 2320; x_wconf 85' lang='grc' dir='ltr'>ἢ</span> <span class='ocrx_word' id='word_1_406' title='bbox 2447 2248 2522 2310; x_wconf 83' lang='grc' dir='ltr'>ὡς</span> <span class='ocrx_word' id='word_1_407' title='bbox 2557 2242 2878 2326; x_wconf 78' lang='grc' dir='ltr'>ἀπόστολον,</span> <span class='ocrx_word' id='word_1_408' title='bbox 2913 2238 3090 2300; x_wconf 77' lang='grc' dir='ltr'>οὐδεὶς</span> <span class='ocrx_word' id='word_1_409' title='bbox 3119 2235 3184 2288; x_wconf 85' lang='grc' dir='ltr'><strong>ἂν</strong></span> <span class='ocrx_word' id='word_1_410' title='bbox 3211 2231 3565 2326; x_wconf 44' lang='grc' dir='ltr'>ὁμολτίγῇσεξε</span> <span class='ocrx_word' id='word_1_411' title='bbox 3587 2243 3599 2254; x_wconf 94' lang='grc'><strong>.</strong></span> <span class='ocrx_word' id='word_1_412' title='bbox 3639 2225 3742 2326; x_wconf 45' lang='grc' dir='ltr'><strong>τῗς</strong></span> 
     </span>
    </p>
   </div>
   <div class='ocr_carea' id='block_1_63' title="bbox 2155 2317 3746 2414">
    <p class='ocr_par' dir='ltr' id='par_1_63' title="bbox 2155 2317 3746 2414">
     <span class='ocr_line' id='line_1_63' title="bbox 2155 2317 3746 2414; baseline -0.019 -17"><span class='ocrx_word' id='word_1_413' title='bbox 2155 2317 2337 2414; x_wconf 80' lang='grc' dir='ltr'>μέντοι</span> <span class='ocrx_word' id='word_1_414' title='bbox 2383 2317 2747 2397; x_wconf 75' lang='grc' dir='ltr'>ἀποστολικάς</span> <span class='ocrx_word' id='word_1_415' title='bbox 2780 2331 2962 2402; x_wconf 77' lang='grc' dir='ltr'>φωνὰς</span> <span class='ocrx_word' id='word_1_416' title='bbox 2995 2328 3123 2398; x_wconf 69' lang='grc' dir='ltr'>περὶ</span> <span class='ocrx_word' id='word_1_417' title='bbox 3149 2323 3312 2378; x_wconf 79' lang='grc' dir='ltr'>αὑτοῦ</span> <span class='ocrx_word' id='word_1_418' title='bbox 3360 2321 3446 2374; x_wconf 74' lang='grc' dir='ltr'>διὰ</span> <span class='ocrx_word' id='word_1_419' title='bbox 3489 2319 3587 2388; x_wconf 80' lang='grc' dir='ltr'>τὴν</span> <span class='ocrx_word' id='word_1_420' title='bbox 3637 2317 3746 2384; x_wconf 77' lang='grc' dir='ltr'>τῆς</span> 
     </span>
    </p>
   </div>
   <div class='ocr_carea' id='block_1_64' title="bbox 2153 2409 3742 2505">
    <p class='ocr_par' dir='ltr' id='par_1_64' title="bbox 2153 2409 3742 2505">
     <span class='ocr_line' id='line_1_64' title="bbox 2153 2409 3742 2505; baseline -0.02 -15"><span class='ocrx_word' id='word_1_421' title='bbox 2153 2409 2484 2505; x_wconf 84' lang='grc' dir='ltr'>φαινομένης</span> <span class='ocrx_word' id='word_1_422' title='bbox 2535 2427 2735 2500; x_wconf 85' lang='grc' dir='ltr'>σαρκὸς</span> <span class='ocrx_word' id='word_1_423' title='bbox 2782 2425 2942 2495; x_wconf 78' lang='grc' dir='ltr'>φύσιν</span> <span class='ocrx_word' id='word_1_424' title='bbox 2997 2418 3316 2492; x_wconf 75' lang='grc' dir='ltr'>εἰρημένας,</span> <span class='ocrx_word' id='word_1_425' title='bbox 3362 2409 3742 2505; x_wconf 57' lang='grc' dir='ltr'>θῦε-’ἀρνησό-</span> 
     </span>
    </p>
   </div>
   <div class='ocr_carea' id='block_1_65' title="bbox 2155 2503 3742 2599">
    <p class='ocr_par' dir='ltr' id='par_1_65' title="bbox 2155 2503 3742 2599">
     <span class='ocr_line' id='line_1_65' title="bbox 2155 2503 3742 2599; baseline -0.019 -17"><span class='ocrx_word' id='word_1_426' title='bbox 2155 2503 2327 2599; x_wconf 78' lang='grc' dir='ltr'>μεθα,</span> <span class='ocrx_word' id='word_1_427' title='bbox 2364 2525 2474 2578; x_wconf 76' lang='grc' dir='ltr'>οὒτ’</span> <span class='ocrx_word' id='word_1_428' title='bbox 2512 2523 2577 2577; x_wconf 79' lang='grc' dir='ltr'><strong>ἂν</strong></span> <span class='ocrx_word' id='word_1_429' title='bbox 2616 2519 3000 2588; x_wconf 75' lang='grc' dir='ltr'>ὲξαλείψαιμεν</span> <span class='ocrx_word' id='word_1_430' title='bbox 3026 2515 3070 2576; x_wconf 71' lang='grc' dir='ltr'>ι,</span> <span class='ocrx_word' id='word_1_431' title='bbox 3103 2511 3231 2564; x_wconf 73' lang='grc' dir='ltr'>ποτε</span> <span class='ocrx_word' id='word_1_432' title='bbox 3276 2507 3376 2578; x_wconf 78' lang='grc' dir='ltr'>μὲν</span> <span class='ocrx_word' id='word_1_433' title='bbox 3422 2503 3742 2599; x_wconf 59' lang='grc' dir='ltr'>λεγούσα;;</span> 
     </span>
    </p>
   </div>
   <div class='ocr_carea' id='block_1_66' title="bbox 2157 2590 3752 2685">
    <p class='ocr_par' dir='ltr' id='par_1_66' title="bbox 2157 2590 3752 2685">
     <span class='ocr_line' id='line_1_66' title="bbox 2157 2590 3752 2685; baseline -0.016 -17"><span class='ocrx_word' id='word_1_434' title='bbox 2157 2590 2175 2668; x_wconf 62' lang='grc' dir='ltr'><em>ἓ</em></span> <span class='ocrx_word' id='word_1_435' title='bbox 2206 2616 2362 2670; x_wconf 81' lang='grc' dir='ltr'>Κατά</span> <span class='ocrx_word' id='word_1_436' title='bbox 2393 2615 2490 2685; x_wconf 82' lang='grc' dir='ltr'>τὴν</span> <span class='ocrx_word' id='word_1_437' title='bbox 2527 2614 2810 2683; x_wconf 76' lang='grc' dir='ltr'>ἐνέργειαν</span> <span class='ocrx_word' id='word_1_438' title='bbox 2843 2607 2936 2660; x_wconf 87' lang='grc' dir='ltr'><strong>τοῦ</strong></span> <span class='ocrx_word' id='word_1_439' title='bbox 2967 2601 3203 2677; x_wconf 81' lang='grc' dir='ltr'>κράτους</span> <span class='ocrx_word' id='word_1_440' title='bbox 3234 2601 3332 2669; x_wconf 83' lang='grc' dir='ltr'><strong>τῆς</strong></span> <span class='ocrx_word' id='word_1_441' title='bbox 3370 2596 3548 2666; x_wconf 81' lang='grc' dir='ltr'>ἰσχύος</span> <span class='ocrx_word' id='word_1_442' title='bbox 3571 2590 3752 2648; x_wconf 73' lang='grc' dir='ltr'>αὐτοῦ</span> 
     </span>
    </p>
   </div>
   <div class='ocr_carea' id='block_1_67' title="bbox 2150 2689 3744 2780">
    <p class='ocr_par' dir='ltr' id='par_1_67' title="bbox 2150 2689 3744 2780">
     <span class='ocr_line' id='line_1_67' title="bbox 2150 2689 3744 2780; baseline -0.016 -18"><span class='ocrx_word' id='word_1_443' title='bbox 2150 2710 2215 2780; x_wconf 78' lang='grc' dir='ltr'><strong>ἣν</strong></span> <span class='ocrx_word' id='word_1_444' title='bbox 2239 2709 2547 2778; x_wconf 80' lang='grc' dir='ltr'>ἐνήργησεν</span> <span class='ocrx_word' id='word_1_445' title='bbox 2595 2705 2653 2756; x_wconf 79' lang='grc' dir='ltr'><strong>ἐν</strong></span> <span class='ocrx_word' id='word_1_446' title='bbox 2683 2703 2761 2772; x_wconf 85' lang='grc' dir='ltr'>τῷ</span> <span class='ocrx_word' id='word_1_447' title='bbox 2795 2697 3037 2771; x_wconf 81' lang='grc' dir='ltr'>Χριστῷ,</span> <span class='ocrx_word' id='word_1_448' title='bbox 3071 2693 3292 2763; x_wconf 76' lang='grc' dir='ltr'>ἐγείρας</span> <span class='ocrx_word' id='word_1_449' title='bbox 3335 2689 3496 2744; x_wconf 74' lang='grc' dir='ltr'>αὐτὸν</span> <span class='ocrx_word' id='word_1_450' title='bbox 3541 2689 3744 2780; x_wconf 13' lang='grc' dir='ltr'>ὲκννε-</span> 
     </span>
    </p>
   </div>
   <div class='ocr_carea' id='block_1_68' title="bbox 2151 2779 3745 2867">
    <p class='ocr_par' dir='ltr' id='par_1_68' title="bbox 2151 2779 3745 2867">
     <span class='ocr_line' id='line_1_68' title="bbox 2151 2779 3745 2867; baseline -0.016 -14"><span class='ocrx_word' id='word_1_451' title='bbox 2151 2779 2318 2867; x_wconf 60' lang='grc' dir='ltr'>πρῶν,</span> <span class='ocrx_word' id='word_1_452' title='bbox 2356 2797 2523 2861; x_wconf 87' lang='grc' dir='ltr'>λύσας</span> <span class='ocrx_word' id='word_1_453' title='bbox 2557 2795 2656 2859; x_wconf 71' lang='grc' dir='ltr'>τὰς</span> <span class='ocrx_word' id='word_1_454' title='bbox 2680 2793 2872 2854; x_wconf 81' lang='grc' dir='ltr'>ὀδύνας</span> <span class='ocrx_word' id='word_1_455' title='bbox 2901 2789 2993 2843; x_wconf 84' lang='grc' dir='ltr'><strong>τοῦ</strong></span> <span class='ocrx_word' id='word_1_456' title='bbox 3027 2787 3288 2841; x_wconf 85' lang='grc' dir='ltr'>θανάτου’</span> <span class='ocrx_word' id='word_1_457' title='bbox 3328 2802 3346 2833; x_wconf 69' lang='grc' dir='ltr'><strong>ι</strong></span> <span class='ocrx_word' id='word_1_458' title='bbox 3404 2782 3498 2835; x_wconf 70' lang='grc' dir='ltr'>καὶ</span> <span class='ocrx_word' id='word_1_459' title='bbox 3541 2779 3701 2832; x_wconf 79' lang='grc' dir='ltr'>πάλιν</span> <span class='ocrx_word' id='word_1_460' title='bbox 3722 2819 3745 2843; x_wconf 78' lang='lat'><strong>,</strong></span> 
     </span>
    </p>
   </div>
   <div class='ocr_carea' id='block_1_69' title="bbox 2156 2869 3744 2961">
    <p class='ocr_par' dir='ltr' id='par_1_69' title="bbox 2156 2869 3744 2961">
     <span class='ocr_line' id='line_1_69' title="bbox 2156 2869 3744 2961; baseline -0.013 -16"><span class='ocrx_word' id='word_1_461' title='bbox 2156 2909 2172 2942; x_wconf 78' lang='grc' dir='ltr'><strong>ι</strong></span> <span class='ocrx_word' id='word_1_462' title='bbox 2207 2892 2285 2961; x_wconf 83' lang='grc' dir='ltr'><strong>Τῇ</strong></span> <span class='ocrx_word' id='word_1_463' title='bbox 2315 2889 2544 2959; x_wconf 85' lang='grc' dir='ltr'>δυνάμει</span> <span class='ocrx_word' id='word_1_464' title='bbox 2575 2885 2670 2939; x_wconf 84' lang='grc' dir='ltr'><strong>τοῦ</strong></span> <span class='ocrx_word' id='word_1_465' title='bbox 2705 2883 2842 2937; x_wconf 88' lang='grc' dir='ltr'>Θεοῦ</span> <span class='ocrx_word' id='word_1_466' title='bbox 2869 2880 3137 2952; x_wconf 67' lang='grc' dir='ltr'>ύψωθείς·</span> <span class='ocrx_word' id='word_1_467' title='bbox 3171 2899 3189 2929; x_wconf 73' lang='grc' dir='ltr'><strong>ι</strong></span> <span class='ocrx_word' id='word_1_468' title='bbox 3224 2877 3319 2929; x_wconf 71' lang='grc' dir='ltr'>καὶ</span> <span class='ocrx_word' id='word_1_469' title='bbox 3352 2875 3451 2927; x_wconf 80' lang='grc' dir='ltr'>ὅσα</span> <span class='ocrx_word' id='word_1_470' title='bbox 3486 2869 3744 2925; x_wconf 78' lang='grc' dir='ltr'>τοιαῦτα.</span> 
     </span>
    </p>
   </div>
   <div class='ocr_carea' id='block_1_70' title="bbox 2161 2962 3740 3049">
    <p class='ocr_par' dir='ltr' id='par_1_70' title="bbox 2161 2962 3740 3049">
     <span class='ocr_line' id='line_1_70' title="bbox 2161 2962 3740 3049; baseline -0.015 -14"><span class='ocrx_word' id='word_1_471' title='bbox 2161 2983 2300 3035; x_wconf 86' lang='grc' dir='ltr'>Ἀλλ’</span> <span class='ocrx_word' id='word_1_472' title='bbox 2332 2984 2380 3035; x_wconf 78' lang='grc' dir='ltr'>εἰ</span> <span class='ocrx_word' id='word_1_473' title='bbox 2427 2981 2522 3034; x_wconf 72' lang='grc' dir='ltr'><strong>καὶ</strong></span> <span class='ocrx_word' id='word_1_474' title='bbox 2570 2979 2747 3033; x_wconf 79' lang='grc' dir='ltr'>ταῦτα</span> <span class='ocrx_word' id='word_1_475' title='bbox 2795 2977 3117 3049; x_wconf 84' lang='grc' dir='ltr'>πρόσκειται</span> <span class='ocrx_word' id='word_1_476' title='bbox 3165 2968 3254 3023; x_wconf 84' lang='grc' dir='ltr'><strong>διά</strong></span> <span class='ocrx_word' id='word_1_477' title='bbox 3294 2967 3355 3018; x_wconf 87' lang='grc' dir='ltr'><strong>τὸ</strong></span> <span class='ocrx_word' id='word_1_478' title='bbox 3390 2962 3740 3032; x_wconf 83' lang='grc' dir='ltr'>φαινόμενον,</span> 
     </span>
    </p>
   </div>
   <div class='ocr_carea' id='block_1_71' title="bbox 2148 3055 3744 3140">
    <p class='ocr_par' dir='ltr' id='par_1_71' title="bbox 2148 3055 3744 3140">
     <span class='ocr_line' id='line_1_71' title="bbox 2148 3055 3744 3140; baseline -0.013 -13"><span class='ocrx_word' id='word_1_479' title='bbox 2148 3074 2324 3136; x_wconf 74' lang='grc' dir='ltr'>οὐδεὶς</span> <span class='ocrx_word' id='word_1_480' title='bbox 2366 3073 2432 3126; x_wconf 82' lang='grc' dir='ltr'><strong>ἂν</strong></span> <span class='ocrx_word' id='word_1_481' title='bbox 2483 3069 2704 3124; x_wconf 77' lang='grc' dir='ltr'>ὲκλάὸοι</span> <span class='ocrx_word' id='word_1_482' title='bbox 2753 3069 2787 3140; x_wconf 79' lang='grc' dir='ltr'>ἢ</span> <span class='ocrx_word' id='word_1_483' title='bbox 2848 3067 2921 3130; x_wconf 81' lang='grc' dir='ltr'>ὡς</span> <span class='ocrx_word' id='word_1_484' title='bbox 2967 3063 3254 3136; x_wconf 76' lang='grc' dir='ltr'>ἄνθρωπον</span> <span class='ocrx_word' id='word_1_485' title='bbox 3289 3057 3479 3120; x_wconf 82' lang='grc' dir='ltr'>ἁπλῶς</span> <span class='ocrx_word' id='word_1_486' title='bbox 3506 3055 3744 3108; x_wconf 75' lang='grc' dir='ltr'>ἑαυτὸν·</span> 
     </span>
    </p>
   </div>
   <div class='ocr_carea' id='block_1_72' title="bbox 2147 3146 3745 3234">
    <p class='ocr_par' dir='ltr' id='par_1_72' title="bbox 2147 3146 3745 3234">
     <span class='ocr_line' id='line_1_72' title="bbox 2147 3146 3745 3234; baseline -0.012 -18"><span class='ocrx_word' id='word_1_487' title='bbox 2147 3161 2560 3234; x_wconf 77' lang='grc' dir='ltr'>ἐνεργούμενον,</span> <span class='ocrx_word' id='word_1_488' title='bbox 2593 3161 2625 3233; x_wconf 83' lang='grc' dir='ltr'>ἢ</span> <span class='ocrx_word' id='word_1_489' title='bbox 2667 3161 2743 3223; x_wconf 84' lang='grc' dir='ltr'>ὡς</span> <span class='ocrx_word' id='word_1_490' title='bbox 2786 3159 3020 3219; x_wconf 83' lang='grc' dir='ltr'>δίκαιον,</span> <span class='ocrx_word' id='word_1_491' title='bbox 3052 3156 3085 3226; x_wconf 85' lang='grc' dir='ltr'>ἢ</span> <span class='ocrx_word' id='word_1_492' title='bbox 3123 3154 3198 3217; x_wconf 84' lang='grc' dir='ltr'>ὼς</span> <span class='ocrx_word' id='word_1_493' title='bbox 3241 3151 3553 3224; x_wconf 79' lang='grc' dir='ltr'>προφήτην,</span> <span class='ocrx_word' id='word_1_494' title='bbox 3593 3148 3628 3218; x_wconf 79' lang='grc' dir='ltr'>ἦ</span> <span class='ocrx_word' id='word_1_495' title='bbox 3660 3146 3745 3210; x_wconf 76' lang='grc' dir='ltr'>ὡς</span> 
     </span>
    </p>
   </div>
   <div class='ocr_carea' id='block_1_73' title="bbox 2147 3241 3739 3316">
    <p class='ocr_par' dir='ltr' id='par_1_73' title="bbox 2147 3241 3739 3316">
     <span class='ocr_line' id='line_1_73' title="bbox 2147 3241 3739 3316; baseline -0.011 -6"><span class='ocrx_word' id='word_1_496' title='bbox 2147 3255 2474 3310; x_wconf 71' lang='grc' dir='ltr'>ἀπόστολον*</span> <span class='ocrx_word' id='word_1_497' title='bbox 2529 3253 2641 3308; x_wconf 66' lang='grc' dir='ltr'>οὔτ’</span> <span class='ocrx_word' id='word_1_498' title='bbox 2669 3247 2736 3306; x_wconf 78' lang='grc' dir='ltr'><strong>αὖ</strong></span> <span class='ocrx_word' id='word_1_499' title='bbox 2773 3252 2910 3315; x_wconf 72' lang='grc' dir='ltr'>τάςν</span> <span class='ocrx_word' id='word_1_500' title='bbox 2945 3251 3093 3311; x_wconf 86' lang='grc' dir='ltr'>θείας</span> <span class='ocrx_word' id='word_1_501' title='bbox 3135 3245 3322 3316; x_wconf 75' lang='grc' dir='ltr'>φωνὰς</span> <span class='ocrx_word' id='word_1_502' title='bbox 3354 3241 3739 3310; x_wconf 79' lang='grc' dir='ltr'>ἐξαλείφομεν,</span> 
     </span>
    </p>
   </div>
   <div class='ocr_carea' id='block_1_74' title="bbox 2145 3333 3744 3418">
    <p class='ocr_par' dir='ltr' id='par_1_74' title="bbox 2145 3333 3744 3418">
     <span class='ocr_line' id='line_1_74' title="bbox 2145 3333 3744 3418; baseline -0.012 -18"><span class='ocrx_word' id='word_1_503' title='bbox 2145 3347 2178 3417; x_wconf 81' lang='grc' dir='ltr'><strong>ἢ</strong></span> <span class='ocrx_word' id='word_1_504' title='bbox 2223 3344 2556 3418; x_wconf 83' lang='grc' dir='ltr'>ἀρνούμεθα,</span> <span class='ocrx_word' id='word_1_505' title='bbox 2601 3343 2633 3416; x_wconf 82' lang='grc' dir='ltr'>ἢ</span> <span class='ocrx_word' id='word_1_506' title='bbox 2671 3342 2901 3414; x_wconf 83' lang='grc' dir='ltr'>ἀμαθῶς</span> <span class='ocrx_word' id='word_1_507' title='bbox 2953 3358 3009 3394; x_wconf 80' lang='grc' dir='ltr'><strong>τε</strong></span> <span class='ocrx_word' id='word_1_508' title='bbox 3053 3337 3192 3409; x_wconf 85' lang='grc' dir='ltr'>ὁμοῦ</span> <span class='ocrx_word' id='word_1_509' title='bbox 3247 3336 3340 3389; x_wconf 75' lang='grc' dir='ltr'>καὶ</span> <span class='ocrx_word' id='word_1_510' title='bbox 3399 3333 3744 3403; x_wconf 72' lang='grc' dir='ltr'>βλασφήμως</span> 
     </span>
    </p>
   </div>
   <div class='ocr_carea' id='block_1_75' title="bbox 2145 3423 3743 3510">
    <p class='ocr_par' dir='ltr' id='par_1_75' title="bbox 2145 3423 3743 3510">
     <span class='ocr_line' id='line_1_75' title="bbox 2145 3423 3743 3510; baseline -0.011 -18"><span class='ocrx_word' id='word_1_511' title='bbox 2145 3433 3003 3510; x_wconf 80' lang='grc' dir='ltr'>ἀναθεματίζομεν,.εἰρημένας</span> <span class='ocrx_word' id='word_1_512' title='bbox 3046 3431 3141 3485; x_wconf 76' lang='grc' dir='ltr'>καὶ</span> <span class='ocrx_word' id='word_1_513' title='bbox 3198 3428 3456 3500; x_wconf 82' lang='grc' dir='ltr'>κειμένας</span> <span class='ocrx_word' id='word_1_514' title='bbox 3502 3425 3589 3478; x_wconf 80' lang='grc' dir='ltr'>διὰ</span> <span class='ocrx_word' id='word_1_515' title='bbox 3639 3423 3743 3494; x_wconf 72' lang='grc' dir='ltr'>τὴν</span> 
     </span>
    </p>
   </div>
   <div class='ocr_carea' id='block_1_76' title="bbox 2144 3519 3745 3604">
    <p class='ocr_par' dir='ltr' id='par_1_76' title="bbox 2144 3519 3745 3604">
     <span class='ocr_line' id='line_1_76' title="bbox 2144 3519 3745 3604; baseline -0.009 -20"><span class='ocrx_word' id='word_1_516' title='bbox 2144 3531 2242 3602; x_wconf 83' lang='grc' dir='ltr'>τῆς</span> <span class='ocrx_word' id='word_1_517' title='bbox 2291 3530 2628 3604; x_wconf 81' lang='grc' dir='ltr'>φαινομένης</span> <span class='ocrx_word' id='word_1_518' title='bbox 2675 3527 2878 3598; x_wconf 83' lang='grc' dir='ltr'>σαρκὸς</span> <span class='ocrx_word' id='word_1_519' title='bbox 2931 3525 3114 3594; x_wconf 83' lang='grc' dir='ltr'>φύσιν,</span> <span class='ocrx_word' id='word_1_520' title='bbox 3151 3522 3276 3576; x_wconf 74' lang='grc' dir='ltr'>οὔτε</span> <span class='ocrx_word' id='word_1_521' title='bbox 3323 3521 3398 3586; x_wconf 81' lang='grc' dir='ltr'>ὡς</span> <span class='ocrx_word' id='word_1_522' title='bbox 3452 3519 3745 3590; x_wconf 82' lang='grc' dir='ltr'>ἄνθρωπον</span> 
     </span>
    </p>
   </div>
   <div class='ocr_carea' id='block_1_77' title="bbox 2144 3613 3747 3693">
    <p class='ocr_par' dir='ltr' id='par_1_77' title="bbox 2144 3613 3747 3693">
     <span class='ocr_line' id='line_1_77' title="bbox 2144 3613 3747 3693; baseline -0.009 -16"><span class='ocrx_word' id='word_1_523' title='bbox 2144 3622 2351 3686; x_wconf 83' lang='grc' dir='ltr'>ἁπλῶς,</span> <span class='ocrx_word' id='word_1_524' title='bbox 2382 3623 2414 3693; x_wconf 84' lang='grc' dir='ltr'>ἢ</span> <span class='ocrx_word' id='word_1_525' title='bbox 2445 3623 2520 3685; x_wconf 81' lang='grc' dir='ltr'>ὡς</span> <span class='ocrx_word' id='word_1_526' title='bbox 2549 3622 2780 3686; x_wconf 87' lang='grc' dir='ltr'>δίκαιον,</span> <span class='ocrx_word' id='word_1_527' title='bbox 2816 3620 2848 3691; x_wconf 79' lang='grc' dir='ltr'>ἢ</span> <span class='ocrx_word' id='word_1_528' title='bbox 2883 3620 2959 3682; x_wconf 84' lang='grc' dir='ltr'>ὠς</span> <span class='ocrx_word' id='word_1_529' title='bbox 2991 3617 3300 3688; x_wconf 65' lang='grc' dir='ltr'>προφήτην,</span> <span class='ocrx_word' id='word_1_530' title='bbox 3338 3615 3369 3685; x_wconf 81' lang='grc' dir='ltr'><strong>ἦ</strong></span> <span class='ocrx_word' id='word_1_531' title='bbox 3397 3614 3473 3676; x_wconf 82' lang='grc' dir='ltr'><strong>ὡς</strong></span> <span class='ocrx_word' id='word_1_532' title='bbox 3505 3613 3747 3666; x_wconf 84' lang='grc' dir='ltr'>ἀπόστο-</span> 
     </span>
    </p>
   </div>
   <div class='ocr_carea' id='block_1_78' title="bbox 2144 3701 3744 3784">
    <p class='ocr_par' dir='ltr' id='par_1_78' title="bbox 2144 3701 3744 3784">
     <span class='ocr_line' id='line_1_78' title="bbox 2144 3701 3744 3784; baseline -0.008 -18"><span class='ocrx_word' id='word_1_533' title='bbox 2144 3714 2232 3766; x_wconf 88' lang='grc' dir='ltr'><strong>λον</strong></span> <span class='ocrx_word' id='word_1_534' title='bbox 2272 3713 2607 3784; x_wconf 66' lang='grc' dir='ltr'>ὲνηργῆσθαι</span> <span class='ocrx_word' id='word_1_535' title='bbox 2655 3712 2928 3782; x_wconf 85' lang='grc' dir='ltr'>φήσομεν·</span> <span class='ocrx_word' id='word_1_536' title='bbox 2961 3709 3023 3761; x_wconf 78' lang='grc' dir='ltr'><strong>ού</strong></span> <span class='ocrx_word' id='word_1_537' title='bbox 3053 3708 3163 3778; x_wconf 86' lang='grc' dir='ltr'>γὰρ</span> <span class='ocrx_word' id='word_1_538' title='bbox 3194 3706 3372 3774; x_wconf 56' lang='grc' dir='ltr'>ἔλεγε</span> <span class='ocrx_word' id='word_1_539' title='bbox 3413 3703 3553 3757; x_wconf 84' lang='grc' dir='ltr'>Τάδε</span> <span class='ocrx_word' id='word_1_540' title='bbox 3585 3701 3744 3769; x_wconf 76' lang='grc' dir='ltr'>λέγει</span> 
     </span>
    </p>
   </div>
   <div class='ocr_carea' id='block_1_79' title="bbox 2145 3794 3746 3878">
    <p class='ocr_par' dir='ltr' id='par_1_79' title="bbox 2145 3794 3746 3878">
     <span class='ocr_line' id='line_1_79' title="bbox 2145 3794 3746 3878; baseline -0.004 -20"><span class='ocrx_word' id='word_1_541' title='bbox 2145 3806 2380 3878; x_wconf 73' lang='grc' dir='ltr'>Κύριοςο</span> <span class='ocrx_word' id='word_1_542' title='bbox 2417 3806 2532 3860; x_wconf 83' lang='grc' dir='ltr'>ἀλλ’</span> <span class='ocrx_word' id='word_1_543' title='bbox 2562 3804 2637 3870; x_wconf 84' lang='grc' dir='ltr'>ὡς</span> <span class='ocrx_word' id='word_1_544' title='bbox 2685 3803 2815 3869; x_wconf 74' lang='grc' dir='ltr'>Υἱὸς</span> <span class='ocrx_word' id='word_1_545' title='bbox 2861 3800 3203 3876; x_wconf 82' lang='grc' dir='ltr'>νομοθετῶν·</span> <span class='ocrx_word' id='word_1_546' title='bbox 3254 3795 3436 3867; x_wconf 83' lang='grc' dir='ltr'>ιἘγὼ</span> <span class='ocrx_word' id='word_1_547' title='bbox 3483 3795 3540 3848; x_wconf 83' lang='grc' dir='ltr'>δὲ</span> <span class='ocrx_word' id='word_1_548' title='bbox 3589 3794 3746 3862; x_wconf 78' lang='grc' dir='ltr'>λέγω</span> 
     </span>
    </p>
   </div>
   <div class='ocr_carea' id='block_1_80' title="bbox 2145 3918 2352 3970">
    <p class='ocr_par' dir='ltr' id='par_1_80' title="bbox 2145 3918 2352 3970">
     <span class='ocr_line' id='line_1_80' title="bbox 2145 3918 2352 3970; baseline -0.01 -18"><span class='ocrx_word' id='word_1_549' title='bbox 2145 3918 2293 3970; x_wconf 88' lang='grc' dir='ltr'>υμιν.</span> <span class='ocrx_word' id='word_1_550' title='bbox 2330 3919 2352 3950; x_wconf 68' lang='grc' dir='ltr'><strong>ι</strong></span> 
     </span>
    </p>
   </div>
   <div class='ocr_carea' id='block_1_81' title="bbox 2601 4090 3285 4160">
    <p class='ocr_par' dir='ltr' id='par_1_81' title="bbox 2601 4090 3285 4160">
     <span class='ocr_line' id='line_1_81' title="bbox 2601 4090 3285 4160; baseline -0.01 -12"><span class='ocrx_word' id='word_1_551' title='bbox 2601 4095 2928 4160; x_wconf 72' lang='grc' dir='ltr'>Ἀπολογιά</span> <span class='ocrx_word' id='word_1_552' title='bbox 2958 4090 3285 4160; x_wconf 72' lang='grc' dir='ltr'><strong>Κυρίλλου.</strong></span> 
     </span>
    </p>
   </div>
   <div class='ocr_carea' id='block_1_82' title="bbox 2216 4198 3744 4279">
    <p class='ocr_par' dir='ltr' id='par_1_82' title="bbox 2216 4198 3744 4279">
     <span class='ocr_line' id='line_1_82' title="bbox 2216 4198 3744 4279; baseline -0.009 -17"><span class='ocrx_word' id='word_1_553' title='bbox 2216 4211 2324 4262; x_wconf 74' lang='grc' dir='ltr'>Καὶ</span> <span class='ocrx_word' id='word_1_554' title='bbox 2358 4209 2450 4262; x_wconf 90' lang='grc' dir='ltr'><strong>νῦν</strong></span> <span class='ocrx_word' id='word_1_555' title='bbox 2497 4209 2628 4279; x_wconf 75' lang='grc' dir='ltr'>ἡμῖν</span> <span class='ocrx_word' id='word_1_556' title='bbox 2679 4207 2832 4260; x_wconf 76' lang='grc' dir='ltr'>οὐδὲν</span> <span class='ocrx_word' id='word_1_557' title='bbox 2861 4201 3022 4278; x_wconf 83' lang='grc' dir='ltr'>ἦττον</span> <span class='ocrx_word' id='word_1_558' title='bbox 3061 4203 3152 4256; x_wconf 68' lang='grc' dir='ltr'><strong>διὰ</strong></span> <span class='ocrx_word' id='word_1_559' title='bbox 3200 4200 3310 4254; x_wconf 81' lang='grc' dir='ltr'>τῶν</span> <span class='ocrx_word' id='word_1_560' title='bbox 3351 4199 3481 4254; x_wconf 80' lang='grc' dir='ltr'>ἴσων</span> <span class='ocrx_word' id='word_1_561' title='bbox 3514 4198 3744 4268; x_wconf 79' lang='grc' dir='ltr'>ἔρχεται.</span> 
     </span>
    </p>
   </div>
   <div class='ocr_carea' id='block_1_83' title="bbox 463 4289 2050 4371">
    <p class='ocr_par' dir='ltr' id='par_1_83' title="bbox 463 4299 2041 4368">
     <span class='ocr_line' id='line_1_83' title="bbox 463 4299 2041 4368; baseline -0.002 -14"><span class='ocrx_word' id='word_1_562' title='bbox 463 4301 654 4354; x_wconf 89' lang='lat' dir='ltr'><strong>modus</strong></span> <span class='ocrx_word' id='word_1_563' title='bbox 687 4302 918 4354; x_wconf 88' lang='lat' dir='ltr'><strong>incedet.</strong></span> <span class='ocrx_word' id='word_1_564' title='bbox 956 4299 1090 4352; x_wconf 88' lang='lat' dir='ltr'><strong>Nam</strong></span> <span class='ocrx_word' id='word_1_565' title='bbox 1129 4313 1268 4352; x_wconf 92' lang='lat' dir='ltr'><strong>unus</strong></span> <span class='ocrx_word' id='word_1_566' title='bbox 1291 4299 1509 4366; x_wconf 88' lang='lat' dir='ltr'><strong>quidem</strong></span> <span class='ocrx_word' id='word_1_567' title='bbox 1552 4299 1858 4368; x_wconf 87' lang='lat' dir='ltr'><strong>estabsque</strong></span> <span class='ocrx_word' id='word_1_568' title='bbox 1885 4300 2041 4353; x_wconf 83' lang='lat' dir='ltr'><strong>dubi-</strong></span> 
     </span>
    </p>
   </div>
   <div class='ocr_carea' id='block_1_84' title="bbox 2156 4289 3742 4371">
    <p class='ocr_par' dir='ltr' id='par_1_84' title="bbox 2156 4289 3742 4371">
     <span class='ocr_line' id='line_1_84' title="bbox 2156 4289 3742 4371; baseline -0.006 -19"><span class='ocrx_word' id='word_1_569' title='bbox 2156 4301 2312 4369; x_wconf 62' lang='grc' dir='ltr'>ιόγων</span> <span class='ocrx_word' id='word_1_570' title='bbox 2344 4301 2442 4371; x_wconf 82' lang='grc' dir='ltr'><strong>τῆς</strong></span> <span class='ocrx_word' id='word_1_571' title='bbox 2489 4299 2788 4369; x_wconf 83' lang='grc' dir='ltr'>ἀπολογίας</span> <span class='ocrx_word' id='word_1_572' title='bbox 2815 4301 2843 4351; x_wconf 82' lang='grc' dir='ltr'><strong>ὁ</strong></span> <span class='ocrx_word' id='word_1_573' title='bbox 2874 4297 3104 4369; x_wconf 84' lang='grc' dir='ltr'>τρόπος·</span> <span class='ocrx_word' id='word_1_574' title='bbox 3155 4289 3236 4358; x_wconf 79' lang='grc' dir='ltr'>εἷς</span> <span class='ocrx_word' id='word_1_575' title='bbox 3285 4293 3383 4365; x_wconf 82' lang='grc' dir='ltr'>μὲν</span> <span class='ocrx_word' id='word_1_576' title='bbox 3431 4293 3539 4363; x_wconf 82' lang='grc' dir='ltr'><strong>γάρ</strong></span> <span class='ocrx_word' id='word_1_577' title='bbox 3584 4294 3742 4344; x_wconf 78' lang='grc' dir='ltr'>ἐστιν</span> 
     </span>
    </p>
   </div>
   <div class='ocr_carea' id='block_1_85' title="bbox 465 4383 2050 4464">
    <p class='ocr_par' dir='ltr' id='par_1_85' title="bbox 465 4387 2037 4460">
     <span class='ocr_line' id='line_1_85' title="bbox 465 4387 2037 4460; baseline 0 -16"><span class='ocrx_word' id='word_1_578' title='bbox 465 4393 666 4444; x_wconf 75' lang='lat' dir='ltr'><strong>latione</strong></span> <span class='ocrx_word' id='word_1_579' title='bbox 697 4391 1167 4445; x_wconf 81' lang='lat' dir='ltr'><strong>Durninusnoster</strong></span> <span class='ocrx_word' id='word_1_580' title='bbox 1218 4387 1375 4443; x_wconf 84' lang='lat' dir='ltr'><strong>Jcsus</strong></span> <span class='ocrx_word' id='word_1_581' title='bbox 1431 4388 1703 4454; x_wconf 86' lang='lat' dir='ltr'><strong>Christus,</strong></span> <span class='ocrx_word' id='word_1_582' title='bbox 1739 4392 1829 4460; x_wconf 91' lang='lat' dir='ltr'><strong>qni</strong></span> <span class='ocrx_word' id='word_1_583' title='bbox 1896 4391 2037 4445; x_wconf 89' lang='lat' dir='ltr'><strong>idem</strong></span> 
     </span>
    </p>
   </div>
   <div class='ocr_carea' id='block_1_86' title="bbox 2156 4383 3744 4464">
    <p class='ocr_par' dir='ltr' id='par_1_86' title="bbox 2156 4383 3744 4464">
     <span class='ocr_line' id='line_1_86' title="bbox 2156 4383 3744 4464; baseline -0.007 -19"><span class='ocrx_word' id='word_1_584' title='bbox 2156 4393 2588 4464; x_wconf 64' lang='grc' dir='ltr'>ὃμολογουμένως</span> <span class='ocrx_word' id='word_1_585' title='bbox 2642 4394 2667 4444; x_wconf 82' lang='grc' dir='ltr'>ὁ</span> <span class='ocrx_word' id='word_1_586' title='bbox 2717 4390 2923 4461; x_wconf 83' lang='grc' dir='ltr'>Κύριος</span> <span class='ocrx_word' id='word_1_587' title='bbox 2969 4389 3127 4462; x_wconf 78' lang='grc' dir='ltr'>ἡμῶν</span> <span class='ocrx_word' id='word_1_588' title='bbox 3163 4387 3372 4459; x_wconf 85' lang='grc' dir='ltr'>Ἰησοῦς</span> <span class='ocrx_word' id='word_1_589' title='bbox 3422 4383 3678 4456; x_wconf 78' lang='grc' dir='ltr'>Χριστὸς,</span> <span class='ocrx_word' id='word_1_590' title='bbox 3712 4385 3744 4436; x_wconf 83' lang='grc' dir='ltr'>ὁ</span> 
     </span>
    </p>
   </div>
   <div class='ocr_carea' id='block_1_87' title="bbox 461 4474 2050 4553">
    <p class='ocr_par' dir='ltr' id='par_1_87' title="bbox 461 4478 2038 4537">
     <span class='ocr_line' id='line_1_87' title="bbox 461 4478 2038 4537; baseline 0.003 -5"><span class='ocrx_word' id='word_1_591' title='bbox 461 4481 698 4536; x_wconf 80' lang='lat' dir='ltr'><strong>creditus</strong></span> <span class='ocrx_word' id='word_1_592' title='bbox 723 4490 947 4535; x_wconf 89' lang='lat' dir='ltr'><strong>estesse</strong></span> <span class='ocrx_word' id='word_1_593' title='bbox 977 4488 1030 4532; x_wconf 92' lang='lat' dir='ltr'><strong>et</strong></span> <span class='ocrx_word' id='word_1_594' title='bbox 1065 4495 1130 4534; x_wconf 81' lang='lat' dir='ltr'><strong>ex</strong></span> <span class='ocrx_word' id='word_1_595' title='bbox 1165 4478 1274 4534; x_wconf 89' lang='lat' dir='ltr'><strong>Deo</strong></span> <span class='ocrx_word' id='word_1_596' title='bbox 1308 4479 1465 4534; x_wconf 85' lang='lat' dir='ltr'><strong>Patre</strong></span> <span class='ocrx_word' id='word_1_597' title='bbox 1507 4481 1742 4535; x_wconf 86' lang='lat' dir='ltr'><strong>Verbum</strong></span> <span class='ocrx_word' id='word_1_598' title='bbox 1775 4493 2038 4537; x_wconf 72' lang='lat' dir='ltr'><strong>mternnm</strong></span> 
     </span>
    </p>
   </div>
   <div class='ocr_carea' id='block_1_88' title="bbox 2156 4474 3739 4553">
    <p class='ocr_par' dir='ltr' id='par_1_88' title="bbox 2156 4474 3739 4553">
     <span class='ocr_line' id='line_1_88' title="bbox 2156 4474 3739 4553; baseline -0.008 -17"><span class='ocrx_word' id='word_1_599' title='bbox 2156 4483 2304 4548; x_wconf 77' lang='grc' dir='ltr'>ιύτὸς</span> <span class='ocrx_word' id='word_1_600' title='bbox 2353 4479 2540 4536; x_wconf 73' lang='grc' dir='ltr'>εἷναιι</span> <span class='ocrx_word' id='word_1_601' title='bbox 2591 4482 3022 4553; x_wconf 83' lang='grc' dir='ltr'>πεπιστευμένος</span> <span class='ocrx_word' id='word_1_602' title='bbox 3064 4480 3160 4533; x_wconf 73' lang='grc' dir='ltr'><strong>καὶ</strong></span> <span class='ocrx_word' id='word_1_603' title='bbox 3211 4480 3276 4530; x_wconf 86' lang='grc' dir='ltr'>ὲκ</span> <span class='ocrx_word' id='word_1_604' title='bbox 3327 4475 3463 4529; x_wconf 87' lang='grc' dir='ltr'>Θεοῦ</span> <span class='ocrx_word' id='word_1_605' title='bbox 3519 4474 3739 4544; x_wconf 81' lang='grc' dir='ltr'>Πατρὸς</span> 
     </span>
    </p>
   </div>
   <div class='ocr_carea' id='block_1_89' title="bbox 461 4565 2050 4644">
    <p class='ocr_par' dir='ltr' id='par_1_89' title="bbox 461 4571 2036 4644">
     <span class='ocr_line' id='line_1_89' title="bbox 461 4571 2036 4644; baseline 0.004 -18"><span class='ocrx_word' id='word_1_606' title='bbox 461 4580 664 4642; x_wconf 65' lang='lat' dir='ltr'><strong>etante</strong></span> <span class='ocrx_word' id='word_1_607' title='bbox 684 4571 987 4632; x_wconf 81' lang='lat' dir='ltr'><strong>s:ncula;et</strong></span> <span class='ocrx_word' id='word_1_608' title='bbox 1022 4571 1073 4624; x_wconf 87' lang='lat' dir='ltr'><strong>in</strong></span> <span class='ocrx_word' id='word_1_609' title='bbox 1126 4571 1435 4625; x_wconf 81' lang='lat' dir='ltr'><strong>novissimis</strong></span> <span class='ocrx_word' id='word_1_610' title='bbox 1473 4573 1654 4626; x_wconf 71' lang='lat' dir='ltr'><strong>smculi</strong></span> <span class='ocrx_word' id='word_1_611' title='bbox 1704 4577 2036 4644; x_wconf 87' lang='lat' dir='ltr'><strong>temporibus</strong></span> 
     </span>
    </p>
   </div>
   <div class='ocr_carea' id='block_1_90' title="bbox 2156 4565 3740 4644">
    <p class='ocr_par' dir='ltr' id='par_1_90' title="bbox 2156 4565 3740 4644">
     <span class='ocr_line' id='line_1_90' title="bbox 2156 4565 3740 4644; baseline -0.006 -17"><span class='ocrx_word' id='word_1_612' title='bbox 2156 4575 2312 4644; x_wconf 52' lang='grc' dir='ltr'>λόγος</span> <span class='ocrx_word' id='word_1_613' title='bbox 2343 4575 2514 4638; x_wconf 51' lang='lat' dir='ltr'><strong>atate;</strong></span> <span class='ocrx_word' id='word_1_614' title='bbox 2545 4593 2602 4628; x_wconf 85' lang='grc' dir='ltr'><strong>τε</strong></span> <span class='ocrx_word' id='word_1_615' title='bbox 2629 4575 2724 4628; x_wconf 82' lang='grc' dir='ltr'>καὶ</span> <span class='ocrx_word' id='word_1_616' title='bbox 2753 4572 3100 4644; x_wconf 84' lang='grc' dir='ltr'>προαιώνιος,</span> <span class='ocrx_word' id='word_1_617' title='bbox 3142 4570 3240 4624; x_wconf 71' lang='grc' dir='ltr'><strong>καὶ</strong></span> <span class='ocrx_word' id='word_1_618' title='bbox 3273 4571 3328 4622; x_wconf 79' lang='grc' dir='ltr'>ὲν</span> <span class='ocrx_word' id='word_1_619' title='bbox 3357 4569 3608 4638; x_wconf 77' lang='grc' dir='ltr'>ἐσχάτοις</span> <span class='ocrx_word' id='word_1_620' title='bbox 3637 4565 3740 4618; x_wconf 86' lang='grc' dir='ltr'><strong>τοῦ</strong></span> 
     </span>
    </p>
   </div>
   <div class='ocr_carea' id='block_1_91' title="bbox 463 4656 2050 4737">
    <p class='ocr_par' dir='ltr' id='par_1_91' title="bbox 463 4661 2038 4731">
     <span class='ocr_line' id='line_1_91' title="bbox 463 4661 2038 4731; baseline 0.001 -13"><span class='ocrx_word' id='word_1_621' title='bbox 463 4663 627 4718; x_wconf 83' lang='lat' dir='ltr'><strong>homo</strong></span> <span class='ocrx_word' id='word_1_622' title='bbox 654 4678 718 4717; x_wconf 75' lang='lat' dir='ltr'><strong>ex</strong></span> <span class='ocrx_word' id='word_1_623' title='bbox 739 4663 987 4728; x_wconf 88' lang='lat' dir='ltr'><strong>muliere,</strong></span> <span class='ocrx_word' id='word_1_624' title='bbox 1023 4661 1114 4731; x_wconf 89' lang='lat' dir='ltr'><strong>qni</strong></span> <span class='ocrx_word' id='word_1_625' title='bbox 1171 4661 1545 4716; x_wconf 83' lang='lat' dir='ltr'><strong>admirabilem</strong></span> <span class='ocrx_word' id='word_1_626' title='bbox 1606 4665 1785 4719; x_wconf 89' lang='lat' dir='ltr'><strong>habuit</strong></span> <span class='ocrx_word' id='word_1_627' title='bbox 1845 4682 2038 4720; x_wconf 91' lang='lat' dir='ltr'><strong>secun-</strong></span> 
     </span>
    </p>
   </div>
   <div class='ocr_carea' id='block_1_92' title="bbox 2156 4656 3743 4737">
    <p class='ocr_par' dir='ltr' id='par_1_92' title="bbox 2156 4656 3743 4737">
     <span class='ocr_line' id='line_1_92' title="bbox 2156 4656 3743 4737; baseline -0.005 -21"><span class='ocrx_word' id='word_1_628' title='bbox 2156 4664 2336 4728; x_wconf 83' lang='grc' dir='ltr'>ιξῶνος</span> <span class='ocrx_word' id='word_1_629' title='bbox 2384 4667 2596 4737; x_wconf 82' lang='grc' dir='ltr'>καιροῖς</span> <span class='ocrx_word' id='word_1_630' title='bbox 2647 4664 2930 4734; x_wconf 84' lang='grc' dir='ltr'>ἄνθρωπος</span> <span class='ocrx_word' id='word_1_631' title='bbox 2981 4665 3047 4715; x_wconf 79' lang='grc' dir='ltr'>ἐκ</span> <span class='ocrx_word' id='word_1_632' title='bbox 3087 4659 3382 4730; x_wconf 82' lang='grc' dir='ltr'>γυναικὸς,</span> <span class='ocrx_word' id='word_1_633' title='bbox 3431 4656 3743 4728; x_wconf 77' lang='grc' dir='ltr'>παράδοξον</span> 
     </span>
    </p>
   </div>
   <div class='ocr_carea' id='block_1_93' title="bbox 463 4743 2050 4828">
    <p class='ocr_par' dir='ltr' id='par_1_93' title="bbox 463 4750 2038 4813">
     <span class='ocr_line' id='line_1_93' title="bbox 463 4750 2038 4813; baseline 0.004 -6"><span class='ocrx_word' id='word_1_634' title='bbox 463 4758 588 4809; x_wconf 86' lang='lat' dir='ltr'><strong>dum</strong></span> <span class='ocrx_word' id='word_1_635' title='bbox 621 4770 840 4810; x_wconf 78' lang='lat' dir='ltr'><strong>carnem</strong></span> <span class='ocrx_word' id='word_1_636' title='bbox 878 4753 1238 4807; x_wconf 71' lang='lat' dir='ltr'><strong>nativitatem.</strong></span> <span class='ocrx_word' id='word_1_637' title='bbox 1277 4750 1663 4809; x_wconf 84' lang='lat' dir='ltr'><strong>Verumtamen</strong></span> <span class='ocrx_word' id='word_1_638' title='bbox 1717 4771 1834 4811; x_wconf 87' lang='lat' dir='ltr'><strong>cum</strong></span> <span class='ocrx_word' id='word_1_639' title='bbox 1901 4774 2038 4813; x_wconf 91' lang='lat' dir='ltr'><strong>unus</strong></span> 
     </span>
    </p>
   </div>
   <div class='ocr_carea' id='block_1_94' title="bbox 2156 4743 3744 4828">
    <p class='ocr_par' dir='ltr' id='par_1_94' title="bbox 2156 4743 3744 4828">
     <span class='ocr_line' id='line_1_94' title="bbox 2156 4743 3744 4828; baseline -0.009 -17"><span class='ocrx_word' id='word_1_640' title='bbox 2156 4756 2387 4828; x_wconf 64' lang='grc' dir='ltr'>ιηηκὼς</span> <span class='ocrx_word' id='word_1_641' title='bbox 2419 4757 2516 4828; x_wconf 81' lang='grc' dir='ltr'><strong>τὴν</strong></span> <span class='ocrx_word' id='word_1_642' title='bbox 2549 4755 2693 4811; x_wconf 82' lang='grc' dir='ltr'><strong>κατά</strong></span> <span class='ocrx_word' id='word_1_643' title='bbox 2742 4755 2924 4826; x_wconf 85' lang='grc' dir='ltr'>σάρκα</span> <span class='ocrx_word' id='word_1_644' title='bbox 2961 4747 3410 4822; x_wconf 72' lang='grc' dir='ltr'>’γέννησιν.Ἀλλ’</span> <span class='ocrx_word' id='word_1_645' title='bbox 3442 4743 3522 4810; x_wconf 76' lang='grc' dir='ltr'>εἷς</span> <span class='ocrx_word' id='word_1_646' title='bbox 3554 4747 3744 4817; x_wconf 80' lang='grc' dir='ltr'>ὑπάρ-</span> 
     </span>
    </p>
   </div>
   <div class='ocr_carea' id='block_1_95' title="bbox 461 4837 2050 4920">
    <p class='ocr_par' dir='ltr' id='par_1_95' title="bbox 461 4845 2035 4920">
     <span class='ocr_line' id='line_1_95' title="bbox 461 4845 2035 4920; baseline 0.002 -19"><span class='ocrx_word' id='word_1_647' title='bbox 461 4857 601 4904; x_wconf 87' lang='lat' dir='ltr'><strong>esset</strong></span> <span class='ocrx_word' id='word_1_648' title='bbox 641 4845 810 4901; x_wconf 88' lang='lat' dir='ltr'><strong>Filius</strong></span> <span class='ocrx_word' id='word_1_649' title='bbox 843 4857 898 4902; x_wconf 90' lang='lat' dir='ltr'><strong>et</strong></span> <span class='ocrx_word' id='word_1_650' title='bbox 939 4845 1079 4901; x_wconf 89' lang='lat' dir='ltr'><strong>Deus</strong></span> <span class='ocrx_word' id='word_1_651' title='bbox 1107 4855 1162 4900; x_wconf 91' lang='lat' dir='ltr'><strong>et</strong></span> <span class='ocrx_word' id='word_1_652' title='bbox 1196 4845 1475 4912; x_wconf 89' lang='lat' dir='ltr'><strong>Dominus,</strong></span> <span class='ocrx_word' id='word_1_653' title='bbox 1525 4849 1854 4916; x_wconf 86' lang='lat' dir='ltr'><strong>operabatur</strong></span> <span class='ocrx_word' id='word_1_654' title='bbox 1881 4851 2035 4920; x_wconf 82' lang='lat' dir='ltr'><strong>signa</strong></span> 
     </span>
    </p>
   </div>
   <div class='ocr_carea' id='block_1_96' title="bbox 2156 4837 3743 4920">
    <p class='ocr_par' dir='ltr' id='par_1_96' title="bbox 2156 4837 3743 4917">
     <span class='ocr_line' id='line_1_96' title="bbox 2156 4837 3743 4917; baseline -0.008 -15"><span class='ocrx_word' id='word_1_655' title='bbox 2156 4866 2249 4917; x_wconf 78' lang='grc' dir='ltr'><strong>(ων</strong></span> <span class='ocrx_word' id='word_1_656' title='bbox 2279 4848 2426 4912; x_wconf 71' lang='grc' dir='ltr'>Υἱὸς,</span> <span class='ocrx_word' id='word_1_657' title='bbox 2457 4849 2551 4902; x_wconf 74' lang='grc' dir='ltr'><strong>καὶ</strong></span> <span class='ocrx_word' id='word_1_658' title='bbox 2596 4848 2751 4913; x_wconf 82' lang='grc' dir='ltr'>Θεὸς,</span> <span class='ocrx_word' id='word_1_659' title='bbox 2784 4847 2880 4900; x_wconf 65' lang='grc' dir='ltr'>καὶ</span> <span class='ocrx_word' id='word_1_660' title='bbox 2919 4845 3146 4917; x_wconf 83' lang='grc' dir='ltr'>Κύριος,</span> <span class='ocrx_word' id='word_1_661' title='bbox 3174 4839 3463 4913; x_wconf 79' lang='grc' dir='ltr'>εἰργάξετο</span> <span class='ocrx_word' id='word_1_662' title='bbox 3487 4839 3584 4902; x_wconf 85' lang='grc' dir='ltr'>τὰς</span> <span class='ocrx_word' id='word_1_663' title='bbox 3617 4837 3743 4891; x_wconf 82' lang='lat' dir='ltr'><strong>Oso-</strong></span> 
     </span>
    </p>
   </div>
   <div class='ocr_carea' id='block_1_97' title="bbox 461 4930 2050 5011">
    <p class='ocr_par' dir='ltr' id='par_1_97' title="bbox 461 4939 2041 5009">
     <span class='ocr_line' id='line_1_97' title="bbox 461 4939 2041 5009; baseline 0.003 -15"><span class='ocrx_word' id='word_1_664' title='bbox 461 4956 556 5008; x_wconf 88' lang='lat' dir='ltr'><strong>pcr</strong></span> <span class='ocrx_word' id='word_1_665' title='bbox 589 4941 846 4994; x_wconf 89' lang='lat' dir='ltr'><strong>virtutem</strong></span> <span class='ocrx_word' id='word_1_666' title='bbox 913 4939 1200 5009; x_wconf 87' lang='lat' dir='ltr'><strong>plusquam</strong></span> <span class='ocrx_word' id='word_1_667' title='bbox 1258 4939 1584 5005; x_wconf 89' lang='lat' dir='ltr'><strong>humanam;</strong></span> <span class='ocrx_word' id='word_1_668' title='bbox 1647 4941 2041 4998; x_wconf 83' lang='lat' dir='ltr'><strong>sullicieutibus</strong></span> 
     </span>
    </p>
   </div>
   <div class='ocr_carea' id='block_1_98' title="bbox 2156 4930 3740 5011">
    <p class='ocr_par' dir='ltr' id='par_1_98' title="bbox 2156 4930 3740 5011">
     <span class='ocr_line' id='line_1_98' title="bbox 2156 4930 3740 5011; baseline -0.006 -18"><span class='ocrx_word' id='word_1_669' title='bbox 2156 4941 2376 5010; x_wconf 69' lang='grc' dir='ltr'>τημείας</span> <span class='ocrx_word' id='word_1_670' title='bbox 2415 4941 2502 4993; x_wconf 82' lang='grc' dir='ltr'><strong>διὰ</strong></span> <span class='ocrx_word' id='word_1_671' title='bbox 2549 4942 2649 5011; x_wconf 80' lang='grc' dir='ltr'>τῆς</span> <span class='ocrx_word' id='word_1_672' title='bbox 2697 4940 2840 5011; x_wconf 79' lang='grc' dir='ltr'>ὑπὲρ</span> <span class='ocrx_word' id='word_1_673' title='bbox 2873 4937 3165 5008; x_wconf 80' lang='grc' dir='ltr'>ἄνθρωπον</span> <span class='ocrx_word' id='word_1_674' title='bbox 3203 4933 3420 5004; x_wconf 71' lang='grc' dir='ltr'>ἰσχύος*</span> <span class='ocrx_word' id='word_1_675' title='bbox 3456 4930 3740 5001; x_wconf 80' lang='grc' dir='ltr'>πληροφο-</span> 
     </span>
    </p>
   </div>
   <div class='ocr_carea' id='block_1_99' title="bbox 460 5018 2050 5104">
    <p class='ocr_par' dir='ltr' id='par_1_99' title="bbox 460 5030 2037 5101">
     <span class='ocr_line' id='line_1_99' title="bbox 460 5030 2037 5101; baseline 0.003 -17"><span class='ocrx_word' id='word_1_676' title='bbox 460 5031 792 5101; x_wconf 80' lang='lat' dir='ltr'><strong>argnmentis</strong></span> <span class='ocrx_word' id='word_1_677' title='bbox 823 5030 1046 5095; x_wconf 86' lang='lat' dir='ltr'><strong>docens,</strong></span> <span class='ocrx_word' id='word_1_678' title='bbox 1083 5030 1226 5100; x_wconf 91' lang='lat' dir='ltr'><strong>quod</strong></span> <span class='ocrx_word' id='word_1_679' title='bbox 1257 5032 1504 5100; x_wconf 87' lang='lat' dir='ltr'><strong>quamvis</strong></span> <span class='ocrx_word' id='word_1_680' title='bbox 1562 5031 1736 5088; x_wconf 82' lang='lat' dir='ltr'><strong>factus</strong></span> <span class='ocrx_word' id='word_1_681' title='bbox 1769 5034 1839 5088; x_wconf 87' lang='lat' dir='ltr'><strong>sit</strong></span> <span class='ocrx_word' id='word_1_682' title='bbox 1885 5049 2037 5100; x_wconf 90' lang='lat' dir='ltr'><strong>caro,</strong></span> 
     </span>
    </p>
   </div>
   <div class='ocr_carea' id='block_1_100' title="bbox 2156 5018 3738 5104">
    <p class='ocr_par' dir='ltr' id='par_1_100' title="bbox 2156 5018 3738 5101">
     <span class='ocr_line' id='line_1_100' title="bbox 2156 5018 3738 5101; baseline -0.005 -17"><span class='ocrx_word' id='word_1_683' title='bbox 2156 5032 2254 5084; x_wconf 71' lang='grc' dir='ltr'>οῶν</span> <span class='ocrx_word' id='word_1_684' title='bbox 2283 5033 2385 5098; x_wconf 79' lang='grc' dir='ltr'>ὅτι,</span> <span class='ocrx_word' id='word_1_685' title='bbox 2419 5032 2511 5085; x_wconf 75' lang='grc' dir='ltr'>καὶ</span> <span class='ocrx_word' id='word_1_686' title='bbox 2555 5035 2603 5086; x_wconf 86' lang='grc' dir='ltr'>εἰ</span> <span class='ocrx_word' id='word_1_687' title='bbox 2649 5032 2844 5101; x_wconf 84' lang='grc' dir='ltr'>γέγονε</span> <span class='ocrx_word' id='word_1_688' title='bbox 2885 5029 3042 5100; x_wconf 80' lang='grc' dir='ltr'>σὰρξ,</span> <span class='ocrx_word' id='word_1_689' title='bbox 3083 5027 3199 5082; x_wconf 85' lang='grc' dir='ltr'>ἀλλ’</span> <span class='ocrx_word' id='word_1_690' title='bbox 3236 5025 3388 5081; x_wconf 73' lang='grc' dir='ltr'>οὐδὲν</span> <span class='ocrx_word' id='word_1_691' title='bbox 3420 5018 3582 5096; x_wconf 76' lang='grc' dir='ltr'>ἧττόν</span> <span class='ocrx_word' id='word_1_692' title='bbox 3612 5024 3738 5088; x_wconf 83' lang='grc' dir='ltr'>ὲ,στι</span> 
     </span>
    </p>
   </div>
   <div class='ocr_carea' id='block_1_101' title="bbox 462 5117 2050 5196">
    <p class='ocr_par' dir='ltr' id='par_1_101' title="bbox 462 5122 2041 5192">
     <span class='ocr_line' id='line_1_101' title="bbox 462 5122 2041 5192; baseline 0.004 -18"><span class='ocrx_word' id='word_1_693' title='bbox 462 5123 815 5179; x_wconf 82' lang='lat' dir='ltr'><strong>nihilominus</strong></span> <span class='ocrx_word' id='word_1_694' title='bbox 838 5133 1017 5177; x_wconf 89' lang='lat' dir='ltr'><strong>tamen</strong></span> <span class='ocrx_word' id='word_1_695' title='bbox 1049 5124 1121 5178; x_wconf 89' lang='lat' dir='ltr'><strong>sit</strong></span> <span class='ocrx_word' id='word_1_696' title='bbox 1144 5123 1307 5177; x_wconf 90' lang='lat' dir='ltr'><strong>etiam</strong></span> <span class='ocrx_word' id='word_1_697' title='bbox 1344 5123 1422 5178; x_wconf 86' lang='lat' dir='ltr'><strong>sic</strong></span> <span class='ocrx_word' id='word_1_698' title='bbox 1457 5122 1596 5179; x_wconf 91' lang='lat' dir='ltr'><strong>Deus</strong></span> <span class='ocrx_word' id='word_1_699' title='bbox 1637 5141 1822 5192; x_wconf 85' lang='lat' dir='ltr'><strong>verus,</strong></span> <span class='ocrx_word' id='word_1_700' title='bbox 1851 5137 1904 5181; x_wconf 89' lang='lat' dir='ltr'><strong>et</strong></span> <span class='ocrx_word' id='word_1_701' title='bbox 1931 5127 2041 5180; x_wconf 81' lang='lat' dir='ltr'><strong>vir-</strong></span> 
     </span>
    </p>
   </div>
   <div class='ocr_carea' id='block_1_102' title="bbox 2156 5117 3731 5196">
    <p class='ocr_par' dir='ltr' id='par_1_102' title="bbox 2156 5117 3731 5196">
     <span class='ocr_line' id='line_1_102' title="bbox 2156 5117 3731 5196; baseline 0.001 -19"><span class='ocrx_word' id='word_1_702' title='bbox 2156 5125 2237 5178; x_wconf 72' lang='lat' dir='ltr'><strong>m‘t</strong></span> <span class='ocrx_word' id='word_1_703' title='bbox 2281 5123 2422 5177; x_wconf 75' lang='grc' dir='ltr'>οὕτω</span> <span class='ocrx_word' id='word_1_704' title='bbox 2459 5124 2590 5188; x_wconf 87' lang='grc' dir='ltr'>Θεὸς</span> <span class='ocrx_word' id='word_1_705' title='bbox 2623 5125 2877 5196; x_wconf 83' lang='grc' dir='ltr'>ἀληθινὸς</span> <span class='ocrx_word' id='word_1_706' title='bbox 2911 5125 3006 5177; x_wconf 69' lang='grc' dir='ltr'><strong>καὶ</strong></span> <span class='ocrx_word' id='word_1_707' title='bbox 3057 5121 3295 5192; x_wconf 84' lang='grc' dir='ltr'>δύναμις</span> <span class='ocrx_word' id='word_1_708' title='bbox 3343 5117 3437 5171; x_wconf 84' lang='grc' dir='ltr'><strong>τοῦ</strong></span> <span class='ocrx_word' id='word_1_709' title='bbox 3472 5117 3691 5185; x_wconf 76' lang='grc' dir='ltr'>Πατρός</span> <span class='ocrx_word' id='word_1_710' title='bbox 3715 5130 3731 5146; x_wconf 78' lang='grc'><strong>⁸</strong></span> 
     </span>
    </p>
   </div>
   <div class='ocr_carea' id='block_1_103' title="bbox 466 5205 2050 5289">
    <p class='ocr_par' dir='ltr' id='par_1_103' title="bbox 466 5212 2042 5283">
     <span class='ocr_line' id='line_1_103' title="bbox 466 5212 2042 5283; baseline 0.005 -20"><span class='ocrx_word' id='word_1_711' title='bbox 466 5222 549 5266; x_wconf 85' lang='lat' dir='ltr'><strong>tus</strong></span> <span class='ocrx_word' id='word_1_712' title='bbox 584 5213 781 5267; x_wconf 78' lang='lat' dir='ltr'><strong>l’mris.</strong></span> <span class='ocrx_word' id='word_1_713' title='bbox 817 5212 932 5267; x_wconf 78' lang='lat' dir='ltr'><strong>Non</strong></span> <span class='ocrx_word' id='word_1_714' title='bbox 971 5213 1115 5268; x_wconf 88' lang='lat' dir='ltr'><strong>enim</strong></span> <span class='ocrx_word' id='word_1_715' title='bbox 1146 5213 1496 5270; x_wconf 86' lang='lat' dir='ltr'><strong>destititesse</strong></span> <span class='ocrx_word' id='word_1_716' title='bbox 1515 5215 1658 5283; x_wconf 92' lang='lat' dir='ltr'><strong>quod</strong></span> <span class='ocrx_word' id='word_1_717' title='bbox 1695 5226 1834 5282; x_wconf 90' lang='lat' dir='ltr'><strong>erat,</strong></span> <span class='ocrx_word' id='word_1_718' title='bbox 1866 5218 2042 5273; x_wconf 85' lang='lat' dir='ltr'><strong>lactus</strong></span> 
     </span>
    </p>
   </div>
   <div class='ocr_carea' id='block_1_104' title="bbox 2156 5205 3716 5289">
    <p class='ocr_par' dir='ltr' id='par_1_104' title="bbox 2156 5205 3716 5289">
     <span class='ocr_line' id='line_1_104' title="bbox 2156 5205 3716 5289; baseline -0.007 -19"><span class='ocrx_word' id='word_1_719' title='bbox 2156 5219 2203 5270; x_wconf 79' lang='grc' dir='ltr'><strong>&gt;ὐ</strong></span> <span class='ocrx_word' id='word_1_720' title='bbox 2239 5217 2346 5289; x_wconf 90' lang='grc' dir='ltr'><strong>γάρ</strong></span> <span class='ocrx_word' id='word_1_721' title='bbox 2379 5216 2650 5271; x_wconf 81' lang='grc' dir='ltr'>πέπαυται</span> <span class='ocrx_word' id='word_1_722' title='bbox 2690 5216 2784 5270; x_wconf 87' lang='grc' dir='ltr'><strong>τοῦ</strong></span> <span class='ocrx_word' id='word_1_723' title='bbox 2819 5212 2959 5270; x_wconf 76' lang='grc' dir='ltr'>εἶναι</span> <span class='ocrx_word' id='word_1_724' title='bbox 3003 5214 3031 5267; x_wconf 88' lang='grc' dir='ltr'><strong>ὂ</strong></span> <span class='ocrx_word' id='word_1_725' title='bbox 3072 5210 3162 5286; x_wconf 85' lang='grc' dir='ltr'>ἦν,</span> <span class='ocrx_word' id='word_1_726' title='bbox 3194 5211 3486 5282; x_wconf 84' lang='grc' dir='ltr'>γενόμενος</span> <span class='ocrx_word' id='word_1_727' title='bbox 3515 5205 3716 5279; x_wconf 78' lang='grc' dir='ltr'>ἀνθρω</span> 
     </span>
    </p>
   </div>
   <div class='ocr_carea' id='block_1_105' title="bbox 523 5389 2108 5458">
    <p class='ocr_par' dir='ltr' id='par_1_105' title="bbox 523 5389 2108 5458">
     <span class='ocr_line' id='line_1_105' title="bbox 523 5389 2108 5458; baseline 0.018 -38"><span class='ocrx_word' id='word_1_728' title='bbox 523 5389 642 5426; x_wconf 62' lang='lat' dir='ltr'><strong>at-“</strong></span> <span class='ocrx_word' id='word_1_729' title='bbox 674 5390 870 5457; x_wconf 64' lang='grc' dir='ltr'><strong>ενιιηες,</strong></span> <span class='ocrx_word' id='word_1_730' title='bbox 907 5407 942 5450; x_wconf 67' lang='grc' dir='ltr'><strong>ι,</strong></span> <span class='ocrx_word' id='word_1_731' title='bbox 977 5390 1059 5444; x_wconf 79' lang='grc'><strong>19,</strong></span> <span class='ocrx_word' id='word_1_732' title='bbox 1123 5391 1166 5422; x_wconf 76' lang='grc'><strong>⁸⁸</strong></span> <span class='ocrx_word' id='word_1_733' title='bbox 1203 5393 1322 5445; x_wconf 84' lang='lat' dir='ltr'><strong>Act.</strong></span> <span class='ocrx_word' id='word_1_734' title='bbox 1365 5405 1424 5454; x_wconf 88' lang='lat' dir='ltr'><strong>It,</strong></span> <span class='ocrx_word' id='word_1_735' title='bbox 1458 5391 1539 5446; x_wconf 75' lang='grc'><strong>53.</strong></span> <span class='ocrx_word' id='word_1_736' title='bbox 1627 5392 1672 5424; x_wconf 83' lang='grc'><strong>⁸³</strong></span> <span class='ocrx_word' id='word_1_737' title='bbox 1704 5391 1892 5446; x_wconf 82' lang='lat' dir='ltr'><strong>Matth.</strong></span> <span class='ocrx_word' id='word_1_738' title='bbox 1935 5408 1988 5458; x_wconf 70' lang='grc' dir='ltr'><strong>ν,</strong></span> <span class='ocrx_word' id='word_1_739' title='bbox 2018 5393 2108 5449; x_wconf 72' lang='grc'><strong>22.</strong></span> 
     </span>
    </p>
   </div>
   <div class='ocr_carea' id='block_1_106' title="bbox 1525 5547 2707 5622">
    <p class='ocr_par' dir='ltr' id='par_1_106' title="bbox 1525 5547 2707 5622">
     <span class='ocr_line' id='line_1_106' title="bbox 1525 5547 2707 5622; baseline 0.003 -21"><span class='ocrx_word' id='word_1_740' title='bbox 1525 5547 1700 5604; x_wconf 66' lang='lat' dir='ltr'><strong>Variae</strong></span> <span class='ocrx_word' id='word_1_741' title='bbox 1735 5549 1997 5605; x_wconf 80' lang='lat' dir='ltr'><strong>lectiones</strong></span> <span class='ocrx_word' id='word_1_742' title='bbox 2026 5566 2093 5604; x_wconf 71' lang='lat' dir='ltr'><strong>ex</strong></span> <span class='ocrx_word' id='word_1_743' title='bbox 2128 5551 2310 5606; x_wconf 64' lang='lat' dir='ltr'><strong>collicc</strong></span> <span class='ocrx_word' id='word_1_744' title='bbox 2337 5551 2707 5622; x_wconf 71' lang='lat' dir='ltr'><strong>chnicriauo.</strong></span> 
     </span>
    </p>
   </div>
   <div class='ocr_carea' id='block_1_107' title="bbox 537 5693 2049 5736">
    <p class='ocr_par' dir='ltr' id='par_1_107' title="bbox 537 5693 2049 5736">
     <span class='ocr_line' id='line_1_107' title="bbox 627 5693 2049 5717; baseline 0 -1"><span class='ocrx_word' id='word_1_745' title='bbox 627 5693 639 5708; x_wconf 52' lang='grc' dir='ltr'><strong>ι</strong></span> <span class='ocrx_word' id='word_1_746' title='bbox 685 5698 734 5716; x_wconf 64' lang='lat'><strong>‘7&#39;</strong></span> <span class='ocrx_word' id='word_1_747' title='bbox 779 5699 788 5705; x_wconf 80' lang='lat'>&#39;</span> <span class='ocrx_word' id='word_1_748' title='bbox 852 5703 855 5706; x_wconf 90' lang='lat'>&#39;</span> <span class='ocrx_word' id='word_1_749' title='bbox 1194 5704 1210 5712; x_wconf 74' lang='grc' dir='ltr'><strong>α’</strong></span> <span class='ocrx_word' id='word_1_750' title='bbox 1355 5703 1363 5716; x_wconf 65' lang='lat' dir='ltr'><strong>v</strong></span> <span class='ocrx_word' id='word_1_751' title='bbox 1652 5699 1675 5717; x_wconf 67' lang='grc' dir='ltr'><strong>τ</strong></span> <span class='ocrx_word' id='word_1_752' title='bbox 1790 5705 1799 5716; x_wconf 73' lang='grc' dir='ltr'><em>ι</em></span> <span class='ocrx_word' id='word_1_753' title='bbox 2026 5700 2049 5716; x_wconf 70' lang='grc' dir='ltr'><strong>τ’</strong></span> 
     </span>
     <span class='ocr_line' id='line_1_108' title="bbox 537 5699 2049 5736; baseline 0 0"><span class='ocrx_word' id='word_1_754' title='bbox 537 5699 650 5736; x_wconf 48' lang='grc' dir='ltr'>ίηγι</span> <span class='ocrx_word' id='word_1_755' title='bbox 681 5713 830 5736; x_wconf 56' lang='lat' dir='ltr'><strong>crant</strong></span> <span class='ocrx_word' id='word_1_756' title='bbox 863 5717 1032 5736; x_wconf 51' lang='grc' dir='ltr'><strong>ια’-ωιτη</strong></span> <span class='ocrx_word' id='word_1_757' title='bbox 1130 5709 1154 5736; x_wconf 81' lang='lat' dir='ltr'><strong>ll</strong></span> <span class='ocrx_word' id='word_1_758' title='bbox 1194 5719 1254 5736; x_wconf 71' lang='lat' dir='ltr'><strong>If“</strong></span> <span class='ocrx_word' id='word_1_759' title='bbox 1310 5703 1468 5736; x_wconf 57' lang='grc' dir='ltr'><strong>νυνι-λη</strong></span> <span class='ocrx_word' id='word_1_760' title='bbox 1563 5714 1588 5736; x_wconf 73' lang='grc' dir='ltr'><strong>ν</strong></span> <span class='ocrx_word' id='word_1_761' title='bbox 1620 5721 1709 5736; x_wconf 63' lang='lat' dir='ltr'><strong>Anu</strong></span> <span class='ocrx_word' id='word_1_762' title='bbox 1742 5721 1837 5736; x_wconf 69' lang='grc' dir='ltr'><strong>*ηρ</strong></span> <span class='ocrx_word' id='word_1_763' title='bbox 1938 5712 1963 5736; x_wconf 78' lang='grc' dir='ltr'><strong><em>ι</em></strong></span> <span class='ocrx_word' id='word_1_764' title='bbox 1993 5721 2049 5736; x_wconf 68' lang='grc' dir='ltr'><strong>νη.</strong></span> 
     </span>
    </p>
   </div>
   <div class='ocr_carea' id='block_1_108' title="bbox 586 5703 2103 5768">
    <p class='ocr_par' dir='ltr' id='par_1_108' title="bbox 586 5703 2103 5768">
     <span class='ocr_line' id='line_1_109' title="bbox 586 5703 2103 5768; baseline 0.004 -20"><span class='ocrx_word' id='word_1_765' title='bbox 586 5703 650 5750; x_wconf 65' lang='grc' dir='ltr'><strong>εἰ)</strong></span> <span class='ocrx_word' id='word_1_766' title='bbox 680 5703 1050 5768; x_wconf 42' lang='lat' dir='ltr'><strong>ﬁguremus).</strong></span> <span class='ocrx_word' id='word_1_767' title='bbox 1130 5709 1154 5736; x_wconf 76' lang='grc' dir='ltr'><strong>υ</strong></span> <span class='ocrx_word' id='word_1_768' title='bbox 1193 5704 1274 5754; x_wconf 70' lang='grc' dir='ltr'><strong>ϊσ.</strong></span> <span class='ocrx_word' id='word_1_769' title='bbox 1309 5703 1488 5756; x_wconf 59' lang='grc' dir='ltr'>αὑτόν.</span> <span class='ocrx_word' id='word_1_770' title='bbox 1563 5714 1588 5743; x_wconf 73' lang='grc' dir='ltr'><strong>ν</strong></span> <span class='ocrx_word' id='word_1_771' title='bbox 1620 5703 1709 5756; x_wconf 60' lang='grc' dir='ltr'>οὖν</span> <span class='ocrx_word' id='word_1_772' title='bbox 1742 5705 1855 5766; x_wconf 81' lang='grc' dir='ltr'>τάς.</span> <span class='ocrx_word' id='word_1_773' title='bbox 1938 5712 1964 5740; x_wconf 74' lang='grc'><strong><em>³</em></strong></span> <span class='ocrx_word' id='word_1_774' title='bbox 1993 5703 2103 5756; x_wconf 75' lang='grc' dir='ltr'>οὖν.</span> 
     </span>
    </p>
   </div>
  </div>
