3936 6200
529 188 670 251 £093
1554 182 1612 234 S.
1657 178 1928 235 CtlllLLl
1971 174 2435 230 ALEXANDRINI
2474 172 2792 229 ARCIIIEP.
3583 166 3690 237 {tm

526 311 672 367 enim
706 323 804 364 nos
841 306 909 361 ad
941 318 1104 375 opera
1154 302 1319 367 bona,
1354 320 1374 354 ι
1409 301 1859 371 quemadmodum
1887 298 2080 369 sapien-

2140 302 2173 358 Α
2201 295 2540 366 κατόρθωσιν
2573 294 2794 365 ἀρετῆς.
2834 313 2851 345 ι
2905 292 3121 346 Ἐκτισε
3150 293 3255 362 γὰρ
3279 295 3417 363 ἡμᾶς
3445 296 3528 347 ἐπὶ
3553 297 3694 367 ἔργοις

530 402 773 458 tissimus
805 397 1002 452 Paulus
1047 395 1237 450 scribit
1273 394 1341 447 ³⁷.
1392 391 1765 451 Labefactavit
1804 400 1984 446 autem
2019 389 2084 443 di.

2202 384 2441 451 ἀγαυοῖς,
2496 403 2514 433 ι
2566 384 2640 445 ὼς
2696 381 2825 450 γοῦν
2869 382 2898 432 6
2956 382 3220 449 πάνσοφος
3270 382 3457 452 γράφει
3510 384 3694 451 Παῦλος.

529 492 669 544 vinae
715 487 960 556 imaginis
988 483 1462 554 pulchritudinem,
1483 491 1784 551 peccatum,
1824 479 2083 535 sordibus

2168 512 2175 527 ι
2216 474 2374 527 Ἀλλά
2418 472 2680 542 ἠφάνισεν
2725 473 2824 541 τῆς
2853 471 3116 535 Θεοειδοῦς
3142 472 3342 536 εἰκόνος
3395 474 3452 526 τδ
3493 475 3695 548 κάλλοςὴ

529 593 636 649 que
677 576 914 646 Opplevit
959 573 1291 643 splendidam
1324 571 1675 625 humanitatis
1704 568 1898 623 faciem
1944 569 2083 621 Sata-

2205 564 2469 635 ἁμαρτία,
2504 565 2596 618 καὶ
2626 561 2799 635 ρυποῦ
2849 562 3047 633 μεστὸν
3078 562 3139 615 τὸ
3163 561 3400 632 λαμπρὸν
3418 566 3508 635 τῆς
3532 566 3698 637 ἀνθρω-

531 685 648 724 nas.
688 669 954 723 Caeterum
991 665 1320 719 instaurator
1344 670 1563 716 exortus
1606 669 1708 725 est,
1740 661 1831 726 qui
1870 659 1922 713 id
1962 672 2085 729 qum

2152 650 2157 657 ’
2206 657 2435 724 πότητος
2469 653 2757 725 πρόσωπον
2775 652 3054 722 ἀπέφηνεν
3072 655 3100 705 6
3118 652 3373 715 Σατανᾶς.
3404 653 3531 706 Ἀλλ’
3556 657 3580 707 ὀ
3601 658 3698 709 ἁνα-

535 762 890 832 depravatum
919 768 1059 822 erat,
1092 758 1330 827 pristinae
1370 756 1556 811 forma:
1592 753 1849 817 restituit,
1902 766 2089 820 nosque

2206 747 2487 814 καινιστὴς
2516 745 2805 815 ὲπὲφανεν,
2843 746 2872 798 6
2902 743 3229 815 ἀναμορφῶν
3277 745 3353 807 εἰς
3386 744 3443 797 τὸ
3469 748 3520 798 ὲν
3553 736 3702 817 ἀρχαῖς

535 854 716 909 denuo
755 854 807 906 in
850 865 1004 906 suam
1042 850 1326 919 imaginem
1369 843 1794 908 transformavit,
1824 852 1885 899 ut
1914 842 2089 898 divina

2205 838 2267 892 τὸ
2288 837 2637 908 ἠδικημένον,
2668 839 2762 890 καὶ
2792 836 2954 892 πάλιν
2983 838 3127 907 ἡμᾶς
3155 836 3234 899 εἰς
3256 836 3353 907 τὴν
3379 837 3552 890 ἑαυτοῦ
3579 856 3702 908 μετα-

534 943 701 1012 ipsius
730 950 935 995 naturae
957 940 1304 994 characteres
1332 936 1487 991 nobis
1517 935 1842 989 conveniant
1867 949 1963 1004 per
1982 947 2088 988 sant

2208 930 2459 983 πλάττων
2484 930 2691 995 εἰκόνα,
2726 927 2866 981 ὥστε
2891 928 2989 999 τῆς
3032 927 3180 991 Θείας
3209 927 3415 995 φύσεως
3455 928 3593 981 αὐτοῦ
3631 930 3706 1000 ἑμ-

534 1033 916 1087 ctiticationem
943 1040 997 1085 et
1027 1030 1310 1101 justitiam,
1345 1028 1620 1096 vitamque
1640 1027 1707 1079 ad
1741 1024 1953 1079 virtutis
1984 1038 2088 1078 nor-

2209 1024 2441 1094 πρέπειν
2469 1022 2594 1085 τοὺς
2621 1021 2978 1092 χαρακτῆρας
3005 1021 3136 1091 ἡμῖν
3165 1019 3231 1073 δι’
3257 1019 3510 1087 άγιασμοῠ
3552 1023 3629 1073 καί
3646 1024 3706 1075 δι-

536 1138 675 1176 mam
697 1124 832 1175 bene
849 1121 1221 1184 compositam.
1247 1116 1363 1186 Ipse
1380 1117 1524 1171 enim
1539 1124 1623 1170 est
1639 1113 1867 1181 etjanua
1885 1121 1937 1168 et
1954 1112 2085 1166 via“

2209 1114 2521 1185 καιοσύνης,
2551 1114 2644 1168 καὶ
2669 1114 2767 1184 τῆς
2796 1112 2917 1166 κατ’
2947 1112 3148 1181 ἀρετὴν
3181 1109 3424 1176 εὐζωῖας.
3461 1113 3607 1176 Αὐτὸς
3629 1115 3707 1184 γάρ

534 1226 632 1282 per
688 1226 849 1280 quam
902 1212 969 1263 ad
1022 1208 1249 1279 quodvis
1311 1207 1509 1261 bonum
1564 1203 1769 1273 ingredi
1815 1202 2086 1272 potuimus

2212 1208 2361 1259 ἐστιν
2384 1208 2419 1276 ή
2452 1205 2592 1275 θύρα
2623 1205 2719 1258 καὶ
2748 1206 2782 1276 ἡ
2810 1203 2949 1267 ὁδὸς,
2978 1201 3045 1256 δι’
3072 1199 3141 1274 ἧς
3170 1201 3304 1272 πρὸς
3331 1204 3434 1255 πᾶν
3458 1202 3610 1255 ὁτιοῦν
3632 1205 3709 1257 τῶν

535 1312 817 1372 rectasque
834 1302 946 1356 vias
962 1299 1138 1355 facere
1153 1299 1219 1352 ⁸⁸.
1236 1297 1497 1364 Quocirca
1516 1295 1570 1349 in
1591 1294 1748 1350 nobis
1761 1294 1998 1362 quidem,
2018 1307 2088 1363 qu

2210 1297 2448 1368 ἀρίστων
2469 1296 2745 1349 εἰσελάσαι
2773 1293 3130 1364 δεδυνήμεθα,
3156 1293 3251 1346 καὶ
3266 1293 3427 1364 ὀρθάς
3445 1294 3708 1363 ποιήσασθαι

535 1393 591 1448 in
619 1393 831 1449 Christo
863 1408 1070 1456 sumus,
1112 1389 1454 1462 pulchritudo
1487 1385 1944 1456 praestantissimae
1973 1384 2089 1439 ima-

2212 1388 2455 1460 τροχιὰς,
2486 1386 2626 1439 ὥστε
2657 1388 2714 1438 ἐν
2742 1387 2876 1455 ἡμῖν
2904 1385 3002 1455 μὲν
3032 1387 3144 1446 τοῖς
3163 1385 3222 1435 ὲν
3248 1382 3460 1453 Χριστῷ
3480 1383 3535 1436 τὸ
3564 1385 3710 1448 κάλλος

537 1488 678 1557 ginis
708 1483 1031 1552 resplendet,
1059 1484 1102 1536 si
1129 1479 1383 1550 operibus
1411 1493 1474 1533 ac
1502 1478 1664 1532 rebus
1692 1475 1823 1545 ipsis
1848 1475 2017 1530 bonos
2047 1488 2091 1528 at

2210 1478 2312 1547 τῆς
2363 1479 2590 1548 ἀρίστης
2638 1476 2844 1538 εἰκόνος
2873 1474 3218 1544 ἐμφαίνεται,
3249 1475 3296 1526 εἰ
3345 1473 3408 1526 δι’
3452 1474 3606 1526 αὐτῶν
3634 1475 3713 1526 τῶν

540 1574 741 1645 probos
769 1587 866 1627 nos
890 1583 1226 1641 praestemus.
1251 1567 1306 1622 In
1341 1567 1516 1636 primo
1547 1575 1726 1620 autem
1752 1574 1975 1634 parente
1997 1578 2094 1618 om

2160 1639 2178 1645 _
2213 1569 2389 1640 ἔργων
2418 1567 2938 1638 ἁνδραγαθήσωμσν.
2978 1567 3067 1619 Ἐν
3092 1566 3151 1619 δέ
3178 1582 3243 1632 γε
3264 1565 3341 1636 τῷ
3371 1566 3714 1634 πρωτοπλάστῳ

538 1637 625 1721 nis
647 1664 860 1735 quidem
891 1637 1134 1732 aptitudo
1165 1661 1368 1724 inerat,
1394 1655 1678 1711 conferens
1703 1653 2012 1709 facultatem
2042 1668 2092 1707 at

2162 1639 2185 1693 3
2218 1637 2365 1712 πᾶσα
2398 1659 2495 1728 μὲν
2518 1637 2888 1727 ἐπιτηδειότης
2906 1652 2992 1727 ἦν,
3015 1654 3365 1725 άποφέρουσα
3390 1654 3593 1724 δύναμιν
3615 1656 3716 1725 πρὸς

539 1755 968 1827 amplectendum
1026 1752 1302 1814 virtutem,
1341 1764 1447 1804 non
1476 1756 1654 1801 tamen
1698 1745 1921 1801 omnino
1960 1753 2093 1799 actu:

2219 1749 2486 1820 ἀνάληψιν
2528 1749 2750 1820 ἀρετῆς,
2798 1748 2861 1801 οὐ
2893 1749 3109 1810 πάντως
3143 1747 3201 1800 δὲ
3232 1747 3325 1799 καὶ
3351 1745 3591 1816 ἐνέργεια.
3627 1747 3717 1799 Τοι-

539 1849 655 1903 sive
681 1845 924 1915 operatio
972 1844 1085 1913 ipsa
1118 1841 1325 1895 aderat.
1383 1836 1587 1893 Idcirco
1614 1835 1865 1891 Christus
1895 1834 2008 1904 ipse
2045 1832 2093 1888 dt

2217 1842 2422 1914 γαροῦν
2455 1842 2548 1894 zeal.
2576 1841 2739 1902 αὐτὸς
2769 1840 2872 1908 ἔφη
2895 1839 3129 1909 Χριστὸς
3161 1838 3289 1908 περὶ
3311 1839 3343 1907 ή
3353 1837 3478 1903 μῶν,
3512 1839 3612 1907 ἦτοι
3638 1838 3718 1889 τῶν

539 1938 714 1997 nobis.
741 1937 856 1990 sive
876 1935 943 1988 de
966 1933 1199 2003 propriis
1218 1929 1331 1985 suis
1351 1929 1541 1984 ovibus
1561 1926 1699 1982 dixit
1731 1943 1746 1978 ι
1784 1944 1803 1977 ι
1839 1925 1948 1994 Ego
1969 1925 2086 1980 veni

2221 1933 2367 1988 ἰδίων
2397 1932 2714 2003 προϐάτωνο
2745 1949 2763 1982 ι
2808 1929 2947 1999 Ἐγὼ
2974 1926 3136 2001 ἦλθον
3167 1929 3254 1982 ἴνα
3297 1928 3434 1999 ζωὴν
3461 1927 3618 1998 ἔχωσι,
3650 1931 3716 1980 καὶ

542 2038 601 2080 ιιι
652 2027 816 2080 vitam
874 2026 1125 2087 habeant,
1182 2032 1232 2076 et
1286 2019 1645 2075 abundantius
1696 2017 1930 2072 habeant
1961 2016 2027 2061 ι’·
2086 2033 2096 2069 ι

2220 2022 2475 2094 περισσὸν
2502 2022 2685 2092 ἔχωσι.
2724 2042 2742 2073 ι
2779 2020 3122 2074 maestam;
3157 2021 3254 2090 μὲν
3282 2020 3386 2088 γὰρ
3409 2021 3470 2089 τῇ
3488 2018 3716 2088 ἀνθρώπου

544 2118 827 2173 Βείιιιὶιιιιῐι
867 2116 1009 2170 enim
1048 2124 1131 2170 est
1172 2115 1422 2169 humanae
1448 2121 1677 2176 naturte,
1710 2110 1782 2173 id,
1804 2123 1913 2179 quo
1941 2108 2098 2161 Adam

2221 2115 2379 2185 φύσει
2406 2115 2469 2167 τὸ
2497 2115 2555 2167 ἐν
2615 2113 2785 2184 ’Δδάμ
2833 2115 2891 2166 ὲν
2938 2113 3103 2183 ἀρχῇ,
3143 2110 3385 2164 τουτέστι
3423 2111 3450 2162 6
3487 2111 3717 2179 ἁγιασμάς.

540 2208 697 2262 initio
728 2207 984 2274 praeditus
1024 2205 1221 2266 fuerat,
1282 2200 1537 2256 nimirum
1570 2197 1949 2253 sanctificatio.
2003 2194 2094 2250 Hot

2221 2206 2294 2260 T6
2314 2206 2373 2259 δὲ
2395 2205 2669 2276 περιττὸν,
2700 2203 2775 2269 ὥς
2796 2220 2859 2272 γε
2899 2199 3074 2273 οἶμαι,
3102 2202 3242 2272 φησί
3272 2201 3329 2254 τὸ
3356 2199 3468 2256 κατ’
3493 2200 3721 2270 ἐνέργειαν

539 2311 690 2362 vero,
718 2294 1101 2355 abundantius.
1124 2307 1238 2346 mea
1269 2290 1483 2360 quidem
1513 2287 1782 2343 sententia
1816 2284 2091 2356 signiﬁcat

2219 2298 2448 2371 ὁρᾶσθαι
2478 2298 2730 2359 σεπτοὺς,
2760 2295 2855 2349 καὶ
2881 2294 2949 2347 δι’
2995 2293 3179 2347 αὐτῶν
3212 2292 3321 2347 τῶν
3349 2291 3720 2363 κατορθωμάτω)

541 2386 683 2457 quod
717 2395 840 2441 actu
874 2385 988 2455 ipso
1030 2383 1203 2438 sancti
1241 2381 1543 2448 videamur,
1575 2377 1821 2450 quodque
1862 2375 2095 2450 operibn:

1241 2381 1543 2448 videamur,
1575 2377 1821 2450 quodque
1862 2375 2116 2450 operibus
2221 2385 2768 2459 καταφαιδρύνεσθαι,

542 2479 677 2550 ipsis
698 2480 934 2534 illustres
960 2478 1320 2533 declaremur.

1058 2627 1223 2701 379
1257 2629 1482 2684 CAPUT
1512 2619 1601 2683 XI.
1986 2618 1991 2623 '

2815 2596 3064 2661 ΚΕΦΑΛ.
3133 2598 3238 2659 1Α⁸.
3702 2684 3704 2687 Ι

547 2744 701 2810 Quod
727 2742 962 2798 carnales
989 2744 1095 2797 sive
1121 2747 1386 2796 naturales
1412 2741 1701 2811 voluptates
1728 2751 1973 2795 truncare
1998 2742 2101 2810 qui-

2222 2726 2345 2781 ὀτι
2372 2722 2478 2811 εάς
2527 2708 2829 2811 aeratae:
2843 2718 3298 2811 termitem
3314 2711 3724 2811 φυσικάξὲυνὲς

615 2816 730 2867 dem
765 2813 1058 2879 possimus;
1093 2813 1364 2866 eradicare
1395 2785 1571 2865 autem
1607 2812 1664 2865 in
1697 2785 2117 2865 universum'ne-

615 2898 888 2953 queamus.

2285 2785 2470 2920 ἕθθοί
2494 2785 2880 2855 κολρεῶσαι,’
2912 2785 3171 2859 ἐκκόψαι
3229 2785 3330 2842 δὲ’
3351 2785 3629 2855 παντελῶς
3670 2785 3721 2836 οὐ

2325 2863 2602 2932 υνάμεθα.

618 2995 845 3049 Videtur
897 2987 1166 3048 nonnullis
1217 2988 1651 3064 sapientissimus
1702 2977 1897 3048 Paulus
1948 2991 2172 3059 arduac

2174 3001 2187 3055 ι
2288 2976 2447 3029 Δοκεῖ
2501 2988 2644 3024 τισιν
2695 2973 2724 3025 6
2785 2972 3059 3038 πάνσοφος
3106 2964 3322 3032 Παῦλος
3391 2962 3605 3037 δυσχερῆ
3640 2962 3728 3018 τινά

546 3086 827 3157 quaedam,
870 3084 1252 3153 intellectuqne‘
1283 3052 1522 3139 difﬁcilia
1563 3084 1771 3147 dicere,
1802 3083 1956 3152 juxta
1995 3097 2100 3137 san

2172 3052 2186 3056 ﬁ
2225 3064 2402 3132 λέγειν
2432 3102 2446 3127 ,
2504 3060 2623 3132 ἦτοι
2677 3059 2964 3128 δυσνόητα,
3016 3057 3161 3112 κατὰ
3192 3057 3291 3129 τὴν
3321 3057 3426 3110 τῶν
3456 3052 3604 3125 ἁγίων
3629 3055 3726 3107 ἀπο-

546 3185 754 3234 ctorum
797 3174 1158 3246 apostolorum
1200 3190 1387 3229 vocem
1416 3170 1483 3228 ⁸⁸.
1520 3167 1674 3240 Quod
1712 3187 1838 3228 vero
1879 3172 1994 3227 haec
2033 3187 2095 3226 su

2226 3156 2430 3210 στόλων
2464 3153 2667 3222 φωνήν.
2709 3152 2834 3204 ὐτι
2879 3150 2937 3203 δὲ
2975 3149 3170 3218 σοφίας
3218 3148 3320 3218 τῆς
3373 3147 3560 3203 ἄνωθεν
3600 3138 3728 3199 ταῦτό

549 3285 716 3340 perna
740 3269 1001 3339 sapientia
1046 3268 1152 3321 sint
1189 3266 1407 3329 referta,
1445 3264 1695 3319 dubitare
1736 3263 1816 3319 fas
1854 3279 1960 3319 non
1999 3271 2082 3318 est

2231 3243 2601 3320 μεμέστωται,
2661 3245 2763 3297 οὐκ
2818 3242 2968 3296 ἔστιν
3026 3239 3425 3312 ἀμφιϐάλλεινί
3484 3235 3613 3292 λαλεῖ
3654 3236 3729 3305 γάρ

549 3325 972 3431 ioquitur-ettim
1021 3358 1271 3413 Christus
1318 3357 1370 3411 in
1419 3356 1586 3426 ipso:
1635 3355 1709 3410 ait
1768 3341 1948 3425 igitur,
2000 3358 2103 3422 qui:

2222 3338 2455 3410 Χριστὸς
2482 3339 2538 3390 ἐν
2578 3334 2742 3405 αὐτῷ.
2781 3328 2924 3404 Ἔφη
2966 3330 3166 3395 τοίνυν,
3220 3333 3304 3387 ὅτι
3361 3325 3731 3401 (Συνήδομαιτῷ

556 3471 577 3505 ι
601 3450 890 3506 Consentio
913 3449 1012 3518 legi
1040 3448 1131 3502 Dei
1156 3450 1447 3502 secundum
1482 3447 1795 3501 interiorem
1833 3446 2110 3500 hmninem.

2224 3428 2373 3501 νόμῳ
2404 3430 2496 3483 τοῦ
2525 3427 2659 3481 Θεοῦ
2696 3427 2837 3480 κατά
2888 3418 2979 3479 τὸν
3026 3425 3134 3477 ἔσω
3184 3426 3497 3496 ἄνθρωπον’
3527 3422 3671 3492 βλέπω
3693 3418 3732 3470 δὲ

557 3541 726 3595 Video
758 3548 934 3591 autem
972 3538 1131 3589 aliam
1171 3536 1342 3604 legem
1382 3535 1433 3588 in
1473 3536 1729 3588 membris
1768 3523 1931 3598 meis,
1967 3549 2111 3603 repu-

2224 3524 2385 3593 νόμον
2414 3525 2471 3574 ὲν
2503 3514 2612 3583 τοῖς
2650 3516 2839 3589 μέλεσί
2882 3534 2983 3587 μου
3018 3516 3235 3600 ἕτερον,
3258 3512 3731 3587 ἀντιστρατευόμενον

552 3640 807 3702 gnantem
845 3628 944 3699 legi
984 3628 1179 3682 mentis
1215 3639 1367 3690 meat,
1399 3636 1454 3679 et
1489 3620 1862 3694 subjicientcm
1903 3639 1986 3679 me
2024 3624 2104 3694 leg

2225 3613 2302 3684 τῷ
2331 3612 2482 3682 νόμῳ
2512 3609 2605 3662 τοῦ
2654 3602 2769 3670 νοός
2813 3624 2935 3678 μου,
2981 3596 3075 3659 καί
3120 3598 3577 3677 αἰχμαλωτίζοντά
3604 3617 3657 3670 με
3680 3596 3731 3664 τῷ

557 3725 763 3796 peccati
786 3724 854 3791 ";
891 3740 910 3774 ι
943 3730 997 3777 et
1027 3735 1214 3776 rursus
1247 3738 1260 3773 :
1302 3739 1320 3770 ι
1359 3713 1516 3772 Miser
1546 3732 1645 3787 ego
1673 3717 1862 3780 homo,
1893 3719 2015 3785 quis
2044 3733 2111 3771 mt

2225 3704 2375 3772 νόμῳ
2406 3701 2508 3770 τῆς
2556 3698 2850 3770 ἁμαρτίας.
2887 3717 2905 3750 ι
2973 3697 3081 3750 Καὶ
3131 3697 3338 3749 πάλιν
3398 3715 3416 3748 ι
3446 3694 3733 3760 Ταλαὶπὼρος

555 3781 809 3869 liberabit
837 3827 866 3865 a
896 3825 1119 3879 corpore
1148 3809 1339 3863 mortis
1369 3781 1777 3875 hujuSY'Gratia
1809 3781 1985 3861 autem
2020 3808 2109 3861 Dei

2226 3794 2335 3864 ἐγὼ
2358 3793 2451 3847 δινο
2462 3807 2658 3864 ρωπος,
2683 3790 2765 3853 τίς
2784 3807 2851 3859 με
2873 3789 3093 3859 ῥύσεται
3120 3789 3183 3843 ὲκ
3206 3789 3302 3843 τοῦ
3334 3788 3568 3859 σώματος
3585 3783 3659 3837 τοῦ
3672 3781 3733 3833 Θα-

554 3921 652 3974 per
673 3902 855 3959 Jesum
884 3902 1162 3958 Christum
1194 3898 1476 3955 Dominum
1512 3911 1752 3954 nostrum
1773 3891 1837 3954 ".
1877 3916 1895 3948 ι
1926 3897 2108 3953 Conlli

2227 3887 2387 3939 νάτου
2417 3884 2604 3936 τούτου
2632 3900 2645 3947 ;
2691 3882 2866 3951 Χάρις
2890 3882 2945 3933 δὲ
2974 3879 3049 3951 τῷ
3072 3879 3191 3951 Θεῷ
3224 3880 3316 3935 διὰ
3361 3877 3528 3951 Ἰησοῦ
3553 3870 3732 3947 Χριστοῦ

555 4000 630 4069 git
655 3997 797 4052 enim
822 4010 945 4050 cum
975 4001 1176 4056 mente,
1201 3990 1549 4047 continentia!
1574 3991 1642 4044 ob
1671 3972 1761 4043 Dei
1793 4001 1989 4043 metum
2017 3998 2101 4043 stu

2226 3973 2320 4028 τοῦ
2353 3973 2556 4044 Κυρίου
2588 3972 2764 4043 ἡμῶν,
2792 3990 2809 4022 ι
2843 3971 3367 4041 Καταστρατεύεται
3403 3969 3496 4041 μὲν
3539 3969 3630 4038 γὰρ
3668 3960 3733 4014 τοῦ

556 4091 728 4151 diosa,
758 4088 1149 4141 irritamentum
1182 4083 1394 4145 carnis,
1425 4090 1481 4135 et
1507 4081 1713 4135 viribus
1742 4080 2110 4148 conatibusqut

2228 4062 2320 4118 νοῦ
2376 4064 2663 4135 βλέποντος
2697 4066 2776 4126 εἰς
2821 4060 3150 4134 ἐγκράτειαν
3194 4063 3289 4116 διὰ
3355 4060 3445 4115 τὸν
3493 4056 3631 4128 φόϐον
3670 4049 3735 4105 τοῦ

557 4180 759 4234 nostris
780 4178 973 4246 quibus
993 4177 1113 4230 vita:
1132 4175 1421 4244 puritatem
1437 4182 1727 4236 sectamur,
1749 4170 1973 4235 resistit,
1994 4170 2111 4223 acri

2228 4150 2362 4211 Θεοῦ
2408 4156 2468 4210 τὸ
2501 4158 2706 4225 κίνὴμα
2752 4156 2853 4225 τῆς
2893 4152 3114 4226 σαρκὸς,
3168 4156 3264 4207 καὶ
3303 4154 3421 4216 ταῖς
3463 4153 3536 4215 εἰς
3569 4144 3735 4213 ἁγνείαν

557 4280 746 4335 terque
765 4232 1042 4334 repugnat.
1058 4232 1323 4318 Caeterum
1339 4262 1430 4330 qui
1443 4276 1504 4314 ea
1519 4276 1620 4328 qua
1638 4232 1824 4328 parest
1841 4232 2111 4313 sebrietatt

2227 4253 2425 4321 ὁρμαῖς
2450 4249 2821 4303 ἀντιτάττεται
2867 4248 2961 4302 καὶ
3006 4247 3293 4315 ἀντεξάγει
3325 4232 3524 4311 δεινῶς.
3559 4239 3674 4296 Ἀλλ’
3702 4233 3735 4287 οε

558 4366 801 4420 utuntur,
832 4355 999 4406 Deum
1035 4363 1341 4407 reverentcs
1361 4389 1375 4415 ,
1409 4350 1675 4418 castigant
1706 4357 1883 4402 motus
1914 4348 2112 4402 carnis.

2180 4348 2203 4407 )'
2231 4341 2387 4412 νήφει
2445 4344 2509 4411 τῇ
2560 4340 2842 4411 πρεπούσῃ
2876 4338 3167 4409 χρώμενοι,
3198 4339 3293 4392 τὸν
3335 4340 3463 4392 Θεὸν
3494 4335 3734 4403 σεϐόμενοι.

557 4416 872 4516 peccatique
899 4441 1174 4494 stimulum
1206 4440 1462 4492 hebetant
1487 4416 1649 4503 atque
1674 4436 1989 4499 retundunt,
2016 4450 2111 4489 me

2231 4432 2528 4501 ἐπιτιμῶσι
2575 4430 2652 4500 τῷ
2710 4429 2810 4499 τῆς
2869 4425 3074 4498 σαρκὸς
3134 4430 3417 4497 κινήματι,
3465 4426 3550 4478 καὶ
3590 4421 3639 4473 τὸ
3666 4416 3737 4484 τῆς

560 4535 824 4591 ditatione
852 4532 1350 4597 excrcitationcque
1384 4543 1563 4581 rerum
1593 4527 1919 4590 divinarum,
1945 4535 2000 4579 et
2052 4526 2114 4579 la-

2234 4524 2507 4596 ἁμαρτίας
2536 4521 2870 4592 ἀμϐλύνουσι
2917 4522 3140 4591 κέντρον
3188 4522 3418 4591 ἀσκήσει
3463 4504 3547 4570 καὶ
3580 4512 3738 4566 advola

560 4624 813 4687 boribus,
842 4621 1070 4690 aliisque
1102 4616 1561 4672 moderationibus
1592 4623 1824 4668 utentes.
1852 4611 1995 4667 Fieri
2028 4614 2114 4668 ita-

2236 4615 2330 4668 καὶ
2374 4616 2492 4673 ταῖς
2536 4613 2724 4675 ἄλλαις
2753 4612 3024 4682 χρώμενοι
3057 4614 3399 4672 ἐπιεικείαις.
3434 4609 3580 4660 Ὥστε
3609 4601 3736 4667 ἀπορ-

560 4732 663 4785 que
706 4730 811 4768 non
855 4722 1030 4783 potest
1074 4719 1130 4764 ut
1177 4708 1398 4763 insitam
1444 4707 1592 4761 carni
1635 4706 2114 4774 concupiscentian

2239 4703 2468 4774 ῥιζῶσαι
2515 4705 2611 4773 μὲν
2644 4704 2745 4773 τῆς
2774 4706 2974 4774 σαρκὸς
3024 4702 3121 4773 τὴν
3153 4702 3394 4772 ἔμφυτον
3419 4699 3576 4766 αὐτῆς
3598 4691 3738 4748 ὲπιϐνι

559 4809 931 4874 eradiremus;
967 4805 1261 4860 sobrietate
1289 4810 1490 4865 autem,
1532 4808 1589 4853 ut
1624 4798 1754 4863 dixi,
1791 4798 2004 4852 Obviam
2030 4797 2110 4850 ire

2237 4798 2366 4868 μίαν
2395 4797 2494 4849 οὐκ
2527 4796 2734 4849 ἕνεστν
2766 4795 2923 4866 νήψει
2959 4795 3035 4859 δὲ,
3070 4795 3144 4857 ὡς
3187 4795 3344 4864 ἔφην,
3374 4794 3471 4845 οὐκ
3500 4792 3586 4860 ὲᾷν
3612 4798 3738 4839 κατα-

563 4916 628 4955 ne
665 4899 964 4968 procaciter
1000 4897 1051 4951 in
1097 4902 1332 4948 mentem
1373 4892 1639 4959 insurgat,
1678 4890 1730 4943 in
1768 4895 1949 4943 nostra
1987 4897 2117 4956 pote

2230 4888 2592 4959 Θρασύνεσθαι
2620 4889 2715 4943 τοῦ
2742 4888 2854 4951 νοῦ,
2885 4887 3128 4950 δυνατὸν,
3181 4887 3413 4956 μάλιστα
3453 4885 3529 4936 ὄτι
3571 4879 3740 4948 γέγονεν

562 5003 702 5047 state
727 5002 809 5043 est
835 4991 1017 5055 situm,
1046 4986 1319 5057 prmcipne
1350 4983 1473 5051 quia
1505 4982 1662 5036 homo
1691 4980 1866 5036 factus
1894 4988 1978 5035 est
2015 4979 2116 5033 nni

2236 4978 2519 5050 ἄνθρωπος
2551 4981 2579 5031 6
2616 4977 2909 5048 μονογενὴς
2951 4978 3121 5045 Λόγος
3156 4977 3247 5029 τοῦ
3279 4973 3435 5036 Θεοῦ,
3465 4973 3548 5024 καὶ
3576 4962 3740 5035 ἀγριαί-

562 5083 800 5153 gcnitum
827 5077 1060 5134 Verbum
1091 5076 1206 5143 Dei,
1239 5083 1293 5127 et
1326 5073 1673 5129 ferocientem
1703 5072 1872 5141 legem
1906 5070 2111 5139 peccati

2234 5090 2390 5126 νοντα
2420 5072 2512 5124 τὸν
2541 5072 2701 5142 νόμον
2736 5075 2836 5141 τῆς
2875 5070 3168 5140 ἁμαρτίας,
3202 5067 3291 5119 τὸν
3324 5069 3381 5120 ἐν
3425 5067 3532 5126 τοῖς
3572 5060 3737 5131 μέλεσιν

564 5187 684 5242 qua:
721 5180 803 5226 est
843 5171 896 5224 in
943 5168 1200 5223 membris
1247 5166 1466 5230 nostris,
1510 5180 1613 5218 non
1661 5162 1894 5231 amplius
1941 5162 1992 5215 in
2041 5177 2118 5214 ιιοι

2232 5162 2409 5232 ἡμῶν,
2428 5162 2528 5215 οὐκ
2544 5160 2621 5213 ἔτι
2644 5160 3012 5214 νεανιεύεσθαι
3044 5159 3165 5211 καθ’
3180 5157 3335 5227 ἡμῶν
3363 5151 3737 5221 συγκεχώρηκεν.

566 5237 796 5331 grassari
830 5260 1093 5332 permisit.
1126 5260 1306 5328 Atque
1338 5259 1440 5312 hoc
1467 5256 1684 5326 quidem
1716 5255 1871 5309 docet
1903 5255 2120 5319 optimm

2296 5254 2341 5305 zl
2409 5250 2566 5305 τοῦτο
2619 5250 2819 5315 διδάξει
2880 5248 3065 5318 σαφῶς
3101 5250 3129 5300 6
3178 5247 3504 5317 πανάριστος
3545 5237 3739 5296 Παῦλον

567 5322 785 5417 ῖδίιιιιιιε,
814 5322 998 5406 dicens
1025 5368 1039 5404 :
1076 5366 1097 5401 ι
1133 5322 1286 5415 Quod
1316 5348 1462 5404 enirn
1486 5322 1827 5415 impossibile
1859 5351 1977 5397 erat
2008 5342 2121 5409 legi.

2296 5339 2357 5393 Γδ
2384 5340 2492 5412 γάρ
2525 5339 2784 5394 ἀδύνατον
2819 5337 2916 5392 τοῦ
2941 5338 3124 5407 νόμου,
3156 5337 3404 5408 γράφων,
3438 5336 3493 5385 ἐν
3512 5324 3554 5399 ᾧ
3576 5322 3741 5397 ὴσθένει

638 5522 897 5601 "ﬁpbee.
930 5538 989 5583 tl,
1028 5522 1163 5601 10.“
1192 5521 1422 5601 ³³⁸ᾇῐιιτιιιἰ
1460 5522 1598 5601 ξιξ).
1628 5520 1717 5601 M”
1743 5520 1894 5601 {(132).
1925 5536 2031 5590 XIV,
2055 5519 2105 5573 6.
2184 5520 2192 5550 '

2296 5535 2407 5572 tau.
2444 5534 2495 5582 χ,
2530 5517 2614 5575 10.
2692 5518 2732 5548 ⁸³
2772 5518 2809 5571 ll
2840 5517 2980 5570 l‘ctr.
3021 5533 3100 5582 ιιι,
3136 5519 3221 5581 l3,
3264 5516 3358 5581 νὴ
3394 5511 3511 5567 Ιιιά.
3538 5505 3637 5562 md
3672 5500 3754 5563 πέῐί

518 5596 533 5619 ‘
566 5608 623 5654 ο.
696 5590 927 5646 "llum.
968 5608 1059 5656 \‘ll,
1097 5591 1188 5655 22,
1215 5594 1303 5645 '23.
1382 5592 1424 5622 ³³
1458 5592 1585 5644 ibid.
1626 5591 1714 5656 Ἡ,
1740 5590 1831 5642 ‘25.
