3948 6188
523 233 659 317 ὡς)

1526 261 1584 316 S.
1626 260 1903 319 CYRlLLl
1943 261 2413 320 ALEXANDRINI
2442 260 2762 318 ARClllEP.

3632 261 3762 318 1l00

521 394 643 446 qua:
674 387 818 434 certe
853 392 1044 449 magna
1074 377 1234 450 381
1274 386 1436 448 atque
1468 362 1785 434 admiranda
1816 388 1900 436 est
1931 397 1945 434 :
1973 380 2078 451 qui:

2201 381 2450 451 δύναμιν,
2486 384 2520 450 ἢ
2547 359 2758 450 μεγάλή
2786 378 2880 434 καὶ
2915 378 3267 448 ἀξιάγαστος,
3295 380 3375 434 ὅτι
3403 379 3466 435 τὸ
3501 379 3762 454 δρώμενον

522 473 575 526 id
604 471 744 540 quod
769 470 971 525 factum
997 482 1102 537 est,
1128 487 1157 524 a
1184 471 1367 524 divina
1395 471 1567 540 gloria
1596 471 1830 526 alienum
1860 487 1964 526 nou
1991 481 2092 528 est.

518 560 703 630 Neque
731 559 873 615 enim
909 560 1035 627 quia
1063 560 1243 614 omnia
1276 568 1481 628 potest,
1513 560 1714 614 idcirco
1743 576 1865 615 eum
1897 561 2095 615 absur-

518 652 711 706 dorum
741 658 1081 720 operatorem
1109 650 1256 705 cerni
1291 665 1391 719 par
1414 660 1517 706 est.
1546 651 1804 721 Intelligis
1830 652 1974 706 enim
2001 652 2097 706 ab-

519 740 738 793 surdqu
770 740 914 794 dictu
944 753 1063 794 esse
1091 756 1103 792 :
1135 740 1215 793 An
1247 739 1390 796 Deus
1420 741 1592 808 possit
1617 750 1898 809 praestare,
1927 752 1985 795 ιιι
2017 742 2097 812 ip-

520 840 694 888 semet
710 845 814 885 non
835 831 906 885 sit
924 830 1098 885 Deus?
1112 832 1194 884 An
1218 832 1390 899 possit
1404 830 1613 885 ellieere
1629 832 1867 900 seipsum
1882 834 2094 902 peccati

519 921 900 991 capacem?An
928 922 1101 990 possit
1128 921 1308 976 facere
1335 932 1392 976 ut
1420 921 1531 991 ipse
1558 938 1661 976 non
1690 924 1760 977 sit
1788 923 1979 989 bonus,
2004 933 2096 979 aut

522 1018 651 1083 vita,
684 1026 777 1070 aut
805 1014 1052 1082 iustitia?
1085 1013 1309 1083 Oportet
1343 1013 1508 1083 igitur
1539 1028 1751 1068 summo
1783 1016 1966 1070 studio
1996 1017 2093 1070 ab-

518 1108 710 1178 surdas
754 1106 1061 1173 huiusmodi
1111 1107 1440 1175 quaestiones
1491 1103 1772 1159 detestari.
1816 1106 1923 1159 Cur
1964 1120 2093 1161 vero

521 1200 660 1255 Deus
694 1214 812 1254 eam
836 1240 851 1266 ,
885 1213 1005 1267 quae
1038 1197 1303 1255 fornicata
1340 1196 1446 1262 sit,
1480 1197 1659 1253 facere
1692 1214 1798 1253 non
1830 1197 2000 1266 possit
2033 1205 2093 1252 ut

518 1291 774 1362 meretrix;
805 1305 907 1344 non
940 1289 1121 1353 fuerit,
1154 1289 1205 1343 in
1237 1303 1402 1344 causa
1436 1298 1541 1355 est,
1571 1289 1715 1359 quod
1749 1289 2088 1345 mendacium

515 1392 573 1436 ut
609 1383 681 1438 sit
712 1382 915 1437 veritas
944 1381 1156 1436 edicere
1190 1389 1444 1451 nequeat.
1476 1380 1666 1451 Neque
1695 1395 1825 1435 vero
1856 1381 1959 1436 hoc
1989 1380 2088 1434 im-

516 1472 765 1538 potentiae
789 1473 962 1540 ipsum
990 1472 1190 1541 arguit,
1215 1472 1309 1526 sed
1336 1473 1671 1526 demonstrat
1696 1483 1942 1527 naturam
1971 1486 2091 1541 quis

514 1562 582 1614 ah
609 1576 673 1616 eo
698 1561 842 1630 quod
875 1563 1043 1630 ipsam
1078 1577 1182 1617 non
1209 1562 1398 1617 deceat
1423 1564 1700 1618 abhorret.
1720 1565 1967 1619 Alienum
1997 1580 2088 1619 au-

518 1664 622 1708 tem
658 1666 880 1721 prorsus
910 1650 978 1705 ab
1013 1651 1130 1719 ipso
1157 1660 1240 1705 est
1268 1652 1637 1707 mendacium.
1666 1651 1836 1708 Porro
1865 1654 2086 1708 menda-

2199 474 2302 526 οὑκ
2334 474 2561 536 ἀπεικός
2599 475 2715 525 ἐστι
2756 474 2825 542 τῇ
2867 470 2987 541 θείᾳ
3203 472 3279 526 οὐ
3320 473 3431 544 γὰρ
3475 475 3560 529 ὅτι
3600 478 3761 532 πάντα

2195 563 2439 623 δύναται,
2470 563 2559 616 διὰ
2586 562 2746 616 τοῦτο
2780 563 2878 617 καὶ
2910 563 3022 618 τῶν
3068 564 3287 618 ἀτόπων
3331 566 3573 639 ἐργάτην
3616 570 3759 623 αὐτὸν

2195 654 2427 726 ὁρᾶσθαι
2459 655 2746 725 προσήκει.
2790 654 3113 725 Ἑννοοῦμεν
3161 656 3261 726 μὲν
3292 657 3401 728 γὰρ
3445 659 3530 712 ὅτι
3575 659 3760 714 ἄτοπόν

2194 749 2310 800 ἐστι
2335 747 2395 799 τὸ
2417 747 2630 814 λέγειν’
2667 747 2729 799 El
2754 745 2977 801 δύναται
3007 749 3036 801 6
3060 748 3194 812 Θεὸς
3215 749 3406 803 ἑαυτὸν
3436 752 3660 822 ποιῆσαι
3692 756 3758 826 μὴ

2195 833 2332 889 εἶναι
2385 835 2554 901 Θεόν;
2616 836 2677 888 Et
2715 834 2937 890 δύναται
2987 837 3179 890 ἑαυτὸν
3242 840 3462 909 ποιῆσαι
3502 843 3761 912 ἁμαρτίας

2182 927 2474 992 ,δεκτικόνς
2501 928 2562 979 Εἰ
2582 926 3013 981 δύναταιὲαυτὸν
3033 928 3258 999 ποιῆσαι
3279 930 3354 1000 μὴ
3383 927 3524 985 εἶναι
3544 934 3757 1001 ἀγαθὸν,

2193 1016 2226 1084 ἦ
2260 1017 2430 1087 ζωὴν,
2482 1017 2514 1087 ἢ
2556 1017 2796 1082 δίκαιον;
2850 1019 2942 1070 Δεῖ
2964 1019 3145 1072 τοίνυν
3180 1024 3343 1075 παντὶ
3388 1026 3756 1095 παραιτεῖσθαι

2195 1107 2372 1159 σθένει
2406 1106 2505 1170 τὰς
2542 1107 2777 1170 ἀτόπους
2806 1107 2948 1162 οὓτω
2979 1109 3089 1162 τῶν
3121 1112 3465 1184 ἐρωτήσεων.
3496 1118 3597 1170 Διὰ
3630 1118 3681 1171 τί
3707 1119 3756 1171 δὲ

2190 1199 2220 1251 6
2261 1198 2395 1261 Θεὸς
2425 1197 2522 1269 τὴν
2553 1197 2929 1269 πορνεύσασαν
2954 1201 3014 1253 οὐ
3031 1200 3252 1256 δύναται
3286 1206 3509 1274 ποιῆσαί
3537 1225 3665 1261 ποτε
3690 1209 3757 1280 μὴ

2198 1287 2533 1357 γεγενῆσθαι
2561 1288 2799 1358 πόρνην;
2839 1288 2923 1341 ὅτι
2970 1289 3032 1342 οὐ
3068 1291 3128 1343 τὸ
3160 1290 3358 1360 ψεῦδος
3386 1293 3608 1349 δύναται
3639 1298 3756 1366 ἁλή-

2193 1377 2345 1433 θειαν
2386 1379 2630 1449 ποιῆσαι.
2677 1379 2787 1431 Καὶ
2829 1379 2929 1433 οὐκ
2962 1379 3244 1444 ἀσθενείας
3287 1382 3446 1437 τοῦτο
3491 1385 3752 1457 ἔγκλημα.

2189 1469 2329 1522 ἀλλὰ
2361 1469 2578 1538 φύσεως
2624 1468 2920 1534 ἀπόδειξις,
2971 1470 3032 1524 οῦ
3074 1489 3126 1525 τι
3155 1472 3348 1527 παθεῖν
3376 1476 3705 1549 ἀνεχομένης
3728 1480 3756 1531 ὃ

2192 1558 2269 1629 μὴ
2292 1559 2487 1630 πρέπει
2520 1560 2679 1631 αὐτῇ.
2722 1560 3026 1631 Ἀλλότριον
3048 1562 3106 1615 δὲ
3129 1563 3320 1617 τούτου
3347 1565 3543 1634 ψεῦδος
3569 1586 3757 1623 παντε-

2188 1646 2315 1710 λῶς.
2354 1647 2566 1712 Ψεῦδος
2592 1648 2649 1701 δέ
2675 1649 2792 1701 ἐστι
2819 1649 2879 1701 τὺ
2907 1648 3005 1721 τὴν
3034 1653 3411 1721 πορνεύσασαν
3443 1657 3664 1727 ποιῆσαι
3689 1660 3756 1728 μὴ

513 1746 654 1800 cium
678 1753 761 1798 est
780 1742 990 1799 ellieere
1010 1751 1069 1798 ut
1091 1742 1353 1798 fornicata
1380 1744 1635 1799 meretrix
1653 1784 1669 1812 ,
1692 1744 1955 1800 fornicata
1979 1759 2078 1799 non

2187 1736 2483 1805 πορνεῦσαί
2505 1754 2655 1791 ποτε.
2683 1739 2778 1791 Δεῖ
2801 1737 2882 1801 δὲ,
2915 1737 2992 1802 ὡς
3028 1740 3189 1810 ἔφην,
3238 1744 3338 1807 τὰς
3376 1745 3591 1817 εὐήθεις
3620 1747 3757 1801 οὕτω

517 1836 697 1893 fuerit.
734 1834 960 1907 Oportet
1008 1844 1210 1900 autem,
1247 1842 1306 1887 ut
1349 1833 1483 1899 dixi,
1519 1834 1713 1890 stultas
1750 1833 2082 1904 huiusmodi,

516 1930 851 1998 multumque
885 1926 1235 1983 absurditatis
1267 1926 1319 1980 in
1351 1940 1410 1982 se
1441 1926 1704 1983 habentes
1734 1925 2083 1997 quaestiones,

515 2022 582 2074 ab
612 2021 766 2076 initio
797 2034 863 2075 ne
892 2021 1182 2075 admittere
1215 2017 1460 2089 quidem.
1846 2038 1857 2043 ·

1095 2130 1324 2187 CAPUT
1357 2128 1491 2187 XIV.

510 2244 591 2298 Ad
627 2261 710 2298 eos
748 2245 835 2314 qui
874 2245 1079 2308 dicunt,
1116 2246 1252 2312 quod
1290 2245 1543 2313 ignoravit
1587 2242 1758 2299 Filias
1795 2252 2082 2297 extremum

912 2315 1085 2378 diem;
1116 2318 1365 2368 adversus
1397 2314 1674 2384 Agnoetas.

578 2426 739 2480 Aiunt
781 2427 911 2480 vero
952 2424 1113 2479 etiam
1155 2424 1321 2490 alios,
1364 2440 1486 2480 cum
1532 2423 1760 2505 audiunt
1801 2426 2078 2483 Christum

507 2518 773 2574 dicentem
808 2535 823 2572 :
859 2535 878 2568 ι
916 2516 987 2570 De
1020 2517 1105 2572 die
1138 2516 1225 2571 illa
1258 2517 1371 2572 sive
1406 2517 1536 2571 hora
1572 2532 1730 2572 nemo
1765 2518 1947 2585 novit,
1984 2535 2080 2573 ne-

507 2622 611 2677 que
652 2608 827 2677 angeli
872 2606 1154 2673 caelorum,
1199 2622 1372 2675 neque
1412 2606 1599 2673 Filius,
1641 2609 1745 2663 nisi
1791 2609 1938 2664 solus
1982 2609 2080 2663 Pa-

509 2709 614 2763 ter,
635 2698 681 2731 ⁸⁸
702 2719 721 2751 ι
743 2698 1062 2754 stultissime
1090 2698 1596 2767 imperitissimeque
1621 2698 1913 2768 allirmare,
1939 2702 2077 2756 diem

508 2789 679 2851 illam,
714 2790 827 2844 sive
860 2789 1049 2843 horam
1089 2805 1269 2843 revera
1309 2790 1541 2859 ignotam
1577 2805 1699 2847 esse
1723 2791 1900 2848 Verbo
1936 2796 2078 2863 quod

484 2870 570 2936 ἐι
600 2881 834 2936 essentia
866 2881 959 2935 Dei
989 2897 1052 2936 ac
1085 2880 1259 2935 Patris
1285 2883 1525 2951 genitum
1551 2892 1635 2938 est
1663 2901 1676 2937 :
1707 2893 1764 2938 ut
1793 2885 1864 2939 ita
1896 2885 1951 2939 in
1982 2900 2080 2939 au-

505 2971 745 3042 gelorum
786 2973 1032 3027 ordinem
1077 2972 1377 3041 redigatur,
1420 2973 1678 3044 nullaque
1719 2975 1928 3030 ratione
1971 2975 2076 3030 dif-

506 3064 646 3120 ferre
681 3064 925 3119 videatur
958 3063 1025 3118 ab
1068 3062 1133 3117 iis
1176 3063 1267 3132 qui
1310 3078 1407 3133 per
1441 3063 1615 3133 ipsum
1654 3064 1784 3120 facti
1823 3075 1969 3120 sunt.
2005 3065 2075 3119 At

2188 1826 2297 1880 τῶν
2332 1829 2651 1899 ἐρωτήσεων
2688 1830 2784 1883 καὶ
2831 1831 2965 1886 πολὺ
3001 1832 3062 1886 τὸ
3099 1834 3300 1889 ἄτοπον
3338 1837 3591 1908 ἐχούσας,
3628 1839 3755 1909 μηδὲ

2188 1919 2507 1990 προσίεσθαι
2548 1920 2645 1993 τὴν
2677 1922 2874 1995 ἀρχήν.
2970 1950 2986 1957 -

2818 2125 2975 2182 ΚΕΦ.
3029 2127 3125 2183 ΙΔ⁹.

2185 2236 2346 2318 Πρύς
2382 2235 2525 2318 τοξλς
2560 2235 2873 2318 λέγωςτας,
2918 2240 3007 2293 ὅτι
3037 2241 3432 2318 ’ἠγνόησενρό
3478 2234 3612 2318 ﬂgi-
3642 2248 3751 2318 τὴν

2321 2306 2591 2375 ἐσχάτην
2629 2302 2876 2377 ἣμέραίέ,
2909 2302 3163 2367 κατᾶἏ
3175 2302 3447 2382 fronti?»-
3477 2302 3611 2385 (10):

2252 2416 2390 2471 Φασί
2430 2435 2490 2486 γε
2515 2418 2621 2489 μὴν
2646 2420 2741 2472 καὶ
2771 2420 2991 2490 ἐτέρους
3020 2422 3361 2487 ἀκούσαντας
3385 2425 3634 2493 λέγοντος
3652 2427 3744 2480 τοῦ

2182 2508 2449 2578 Χριστοῦ·
2513 2528 2531 2561 ι
2568 2511 2704 2583 Περὶ
2734 2512 2834 2583 τῆς
2861 2513 3076 2585 ἡμέρας
3114 2514 3332 2585 ἐκείνης
3376 2518 3407 2590 ἢ
3461 2520 3559 2590 τῆς
3604 2519 3748 2591 ὧρας

2181 2602 2353 2665 οὐδεὶς
2381 2598 2542 2665 οἶδεν,
2586 2604 2706 2657 οὐδὲ
2753 2606 2800 2657 oi
2836 2605 3058 2673 ἄγγελοι
3088 2606 3197 2661 τῶν
3245 2610 3512 2680 οὐρανῶν,
3566 2614 3684 2665 οὐδὲ
3717 2616 3748 2666 6

2182 2693 2328 2757 Υἱὸς,
2378 2696 2427 2748 εί
2461 2694 2536 2765 μὴ
2562 2698 2591 2749 6
2622 2696 2813 2769 Πατὴρ
2846 2697 3025 2767 μόνος,
3049 2716 3068 2750 ι
3111 2698 3294 2768 λέγειν
3344 2701 3745 2769 ἀσυνετώτατα,

2181 2784 2255 2855 μὴ
2282 2785 2481 2839 εἰδέναι
2508 2788 2647 2841 κατὰ
2672 2788 2927 2860 ἀλήθειαν
2948 2788 3041 2843 τὸν
3070 2792 3135 2844 ὲκ
3159 2791 3260 2861 τῆς
3285 2792 3474 2858 οὐσίας
3498 2794 3593 2848 τοῦ
3615 2796 3746 2849 Θεοῦ

2179 2876 2273 2927 καὶ
2302 2876 2517 2947 Πατρδς
2562 2878 2842 2948 πεφηνότα
2872 2880 3068 2949 Λόγον,
3106 2884 3247 2954 μήτε
3279 2885 3379 2956 τὴν
3403 2885 3574 2956 ὤραν,
3610 2891 3745 2957 μήτε

2177 2965 2275 3034 τὴν
2304 2966 2521 3036 ἡμέραν
2560 2967 2796 3048 εκείνη-ν,
2835 2969 2921 3021 ἴνα
2938 2974 3051 3034 τοῖς
3080 2973 3329 3040 ἀγγέλοις
3363 2977 3744 3048 συντάττηται,

2181 3058 2273 3110 καὶ
2324 3059 2468 3112 κατὰ
2515 3044 2971 3135 μηδένα’τρόπον
3024 3065 3253 3137 διαφέρῃ
3305 3067 3414 3121 τῶν
3460 3068 3531 3122 δι’
3583 3044 3743 3125 αῦτοῦ

503 3171 631 3212 vero
655 3170 760 3226 quo
787 3165 944 3224 pacto
967 3154 1209 3225 ejusdem
1233 3153 1463 3219 ordinis,
1489 3152 1840 3225 ejusdemque
1866 3165 2074 3211 natura:

2182 3150 2502 3218 γεγονότων.
2557 3148 2689 3207 Εἶτα
2750 3155 2863 3218 πῶς
2908 3157 2964 3208 ἐν
2998 3157 3088 3229 ἴσῃ
3125 3156 3274 3223 τάξει
3328 3175 3387 3211 τε
3440 3162 3538 3214 καὶ
3590 3163 3747 3231 φύσει

501 3247 710 3303 censeri
750 3247 958 3316 possint
995 3255 1245 3302 creatura
1284 3254 1339 3301 et
1372 3243 1640 3300 Creatori
1677 3255 1771 3300 aut
1804 3247 2074 3317 quomodo

505 3353 610 3392 non
655 3338 833 3406 potius
875 3337 1143 3393 immenso
1188 3334 1474 3391 intervallo
1516 3336 1929 3407 disjungantur?
1976 3339 2074 3392 llic

502 3430 644 3483 enim
674 3437 759 3483 est
787 3443 949 3497 supra
976 3429 1159 3483 omnia
1184 3445 1198 3484 :
1229 3428 1332 3483 hoc
1357 3442 1509 3491 vero,
1536 3427 1680 3482 inter
1700 3428 1904 3482 omnia.
1933 3428 2001 3481 At
2029 3431 2071 3484 si

504 3519 852 3581 existimant,
886 3519 1058 3587 reipsa
1092 3518 1364 3579 Christum
1396 3519 1599 3589 aliquid
1631 3522 1917 3589 ignorare,
1949 3536 2073 3589 qua-

506 3621 661 3666 tenus
696 3619 779 3664 est
815 3608 990 3675 Deus,
1024 3613 1280 3664 aberrant
1313 3626 1343 3665 a
1376 3625 1573 3681 scopo,
1604 3620 1655 3668 et
1692 3611 1746 3665 in
1783 3626 1944 3680 rupes
1981 3612 2073 3665 im-

503 3703 763 3772 pingunt,
816 3711 978 3771 atque
1024 3701 1282 3757 adversus
1335 3702 1573 3756 divinam
1627 3702 1796 3771 ipsius
1844 3690 2077 3773 gloriam

500 3805 671 3849 cornu
709 3791 980 3847 attollunt.
1018 3792 1327 3848 Invenietur
1356 3792 1536 3858 enim,
1571 3793 1615 3847 si
1653 3794 1726 3847 ita
1766 3808 1827 3849 se
1862 3809 1950 3850 res
1987 3796 2074 3848 lm-

503 3884 654 3939 beret
697 3895 757 3938 ut
801 3883 903 3951 ipsi
944 3882 1167 3947 dicunt,
1219 3898 1392 3952 neque
1431 3885 1805 3941 coessentialis
1847 3886 2073 3955 amplius

503 3977 611 4031 Deo
644 3992 711 4031 ac
752 3976 898 4031 Patri
939 3974 1131 4031 Filius.
1169 3977 1226 4031 Si
1265 3977 1407 4032 enim
1448 3979 1595 4032 novit
1630 3978 1848 4046 quidem
1888 3978 2068 4043 Pater,

500 4070 711 4139 ignorat
738 4077 913 4124 autem
944 4068 1134 4133 Filius,
1162 4083 1393 4137 quonam
1412 4076 1582 4136 .pacto
1606 4067 1827 4137 aequalis
1854 4069 1904 4124 ei
1933 4070 2061 4133 erit,

498 4159 610 4214 sive
652 4157 1065 4214 coessentialis?
1106 4156 1335 4223 Oportet
1375 4158 1518 4211 enim
1563 4157 1616 4212 id
1643 4157 2055 4228 quodignorat,

498 4251 675 4305 minus
713 4265 834 4306 esse
873 4264 1033 4320 quam
1074 4249 1124 4302 id
1159 4249 1302 4317 quod
1342 4250 1524 4315 novit;
1559 4248 1721 4320 idque
1758 4264 1823 4304 eo
1860 4261 1945 4305 est
1981 4252 2068 4303 ah-

495 4343 741 4410 surdius,
778 4343 923 4412 quod
956 4342 1243 4396 consilium
1282 4357 1345 4396 ac
1379 4341 1630 4398 voluntas
1671 4344 1762 4399 Dei
1799 4354 1852 4399 et
1887 4343 2064 4398 Patris

2177 3242 2390 3313 ποίημα
2420 3244 2512 3297 καὶ
2540 3245 2811 3316 Ποιητήςς
2864 3247 2986 3311 Πῶς
3025 3248 3082 3300 δὲ
3118 3250 3216 3303 οὐκ
3247 3248 3472 3317 ἄπειρον
3501 3252 3565 3304 τὸ
3590 3241 3746 3322 {1.550-

2174 3333 2409 3401 λαϐοῦνς
2464 3335 2521 3386 ὐ
2564 3337 2661 3405 μὲν
2694 3338 2802 3408 γάρ
2835 3338 2951 3389 ἐστι
2983 3339 3199 3392 πάντων
3227 3339 3488 3394 ἐπέκεινα
3513 3358 3528 3371 ·
3569 3343 3631 3395 τὸ
3668 3343 3743 3405 δὲ,

2175 3429 2232 3479 ὲν
2260 3430 2370 3483 τοῖς
2404 3428 2557 3480 πᾶσι.
2598 3428 2658 3479 Et
2692 3427 2747 3479 δὲ
2788 3430 2991 3481 οἴονται
3024 3430 3162 3482 κατὰ
3193 3430 3449 3500 ἀλήθειαν
3479 3434 3747 3504 ἠγνοηκέο

2174 3535 2261 3571 ναι
2311 3536 2362 3571 τι
2403 3517 2659 3590 Χριστὸν,
2698 3519 2821 3572 καθ’
2862 3519 2890 3572 6
2932 3524 3131 3574 νοεῖται
3169 3522 3320 3589 Θεὸς,
3353 3525 3457 3590 ἔξω
3491 3527 3746 3597 φέρονται

2176 3608 2399 3671 σκοποῦ,
2440 3609 2535 3661 καὶ
2579 3610 2834 3679 τρέχουσι
2887 3608 3030 3663 κατὰ
3078 3612 3316 3682 πετρῶν,
3366 3614 3550 3668 καὶτὸ
3579 3616 3749 3685 κέρας

2174 3699 2443 3770 ἐγείρουσι
2482 3700 2623 3752 κατὰ
2656 3700 2754 3769 τῆς
2795 3699 2954 3771 δόξης
2983 3703 3169 3755 αὑτοῦ.
3210 3705 3585 3775 Εὐρεθήσεται
3616 3709 3749 3779 γὰρ.

2172 3791 2238 3844 ἂν
2270 3790 2440 3861 οὕτως
2470 3790 2569 3863 ἔχῃ
2600 3791 2743 3845 καθά
2770 3808 2937 3858 φασιν
2981 3793 3155 3857 αὐτοὶ,
3202 3794 3321 3847 οὐδὲ
3352 3797 3643 3866 ὁμοούσιος
3668 3800 3747 3853 ἔτι

2170 3879 2249 3950 τῷ
2263 3879 2381 3949 Θεῷ
2405 3879 2708 3951 κα“ι[1ατρί.
2741 3882 2803 3933 Εἰ
2836 3882 2945 3952 γὰρ
2974 3877 3112 3934 οἶδεν
3141 3884 3240 3952 μὲν
3265 3886 3292 3937 6
3324 3885 3536 3955 Πατὴρ,
3558 3889 3747 3954 ἀγνοεῖ

2170 3969 2226 4023 δὲ
2259 3971 2286 4022 ὁ
2322 3970 2466 4032 Υἱὸς.
2528 3968 2644 4033 πῶς
2676 3970 2789 4031 ἴσος
2819 3970 2971 4024 ἔσται
2999 3971 3168 4043 αὐτῷ,
3209 3973 3376 4044 ἤγουν
3422 3976 3748 4047 ὀμοορσιοςς

2169 4062 2260 4112 Δεῖ
2281 4058 2387 4129 γὰρ
2418 4060 2635 4122 πάντως
2663 4062 2718 4112 ἐν
2746 4059 2954 4129 μείοσιν
2997 4062 3137 4117 εἶναι
3176 4065 3269 4118 τοῦ
3306 4067 3531 4133 είδότος,
3568 4068 3636 4121 τὸ
3668 4071 3748 4139 μὴ

2169 4152 2327 4216 εξδὸς.
2361 4153 2470 4204 Kal.
2515 4150 2574 4203 τὸ
2612 4150 2694 4206 ἔτι
2732 4153 2921 4207 τούτου
2951 4156 3425 4230 παραλογώτερον,
3458 4159 3629 4229 βουλὴ
3651 4160 3747 4214 τοῦ

2168 4243 2302 4296 Θεοῦ
2319 4243 2428 4296 ’καὶ
2462 4244 2671 4314 Πατρὸς
2696 4243 3010 4319 ὠνόμασται
3031 4248 3059 4299 6
3089 4247 3235 4311 Υἱός.
3280 4248 3488 4312 Παῦλος
3514 4250 3749 4319 μὲνγὰρ

2169 4334 2294 4405 περὶ
2343 4334 2509 4387 αὑτοῦ
2544 4334 2683 4404 ἔφη’
2741 4353 2760 4386 ι
2791 4337 2887 4397 Ὃς
2966 4338 3200 4409 ἐγενήθη
3257 4341 3390 4410 ἡμῖν
3438 4341 3548 4394 ἀπὸ
3604 4340 3745 4394 Θεοῦ

493 4444 718 4490 vocatus
753 4442 837 4490 est
871 4432 1059 4488 Filius.
1089 4433 1253 4504 382
1287 4433 1482 4490 Paulus
1515 4435 1658 4491 enim
1693 4436 1759 4491 de
1790 4436 1906 4504 ipso
1940 4438 2015 4490 ait
2048 4457 2061 4490 :

2182 4427 2350 4495 τοφία.
2383 4445 2401 4478 ι
2442 4428 2552 4480 Καὶ
2579 4427 2738 4480 πάλιν
2762 4444 2774 4456 ·
2806 4446 2827 4479 ι
2851 4429 2937 4481 Ἑν
2959 4423 3004 4498 ᾧ
3031 4431 3136 4483 εἰσι
3168 4433 3368 4495 πάντες
3392 4424 3438 4485 oi
3474 4433 3745 4506 θησαυροὶ

497 4547 517 4581 ι
553 4527 654 4596 Qui
691 4526 867 4582 factus
894 4536 982 4582 est
1013 4527 1168 4581 nobis
1199 4542 1228 4579 a
1264 4528 1372 4582 Deo
1405 4526 1664 4596 sapientia
1686 4526 1753 4581 ".
1789 4545 1809 4578 ι
1843 4524 1910 4580 Ει
1945 4543 2061 4578 rur-

490 4632 585 4673 sus
612 4635 626 4672 :
661 4636 680 4673 ι
713 4614 772 4672 ln
802 4632 911 4688 quo
944 4622 1070 4671 sunt
1101 4617 1555 4671 omnes‘tltesauri
1585 4615 1862 4685 sapientiai
1891 4624 1945 4670 et
1973 4632 2061 4687 co-

489 4710 749 4782 gnitionis
779 4709 1170 4765 absconditi”.
1211 4726 1229 4760 ι
1267 4708 1408 4775 Quin
1442 4715 1495 4761 et
1528 4706 1743 4762 divinus
1775 4706 1939 4760 David
1975 4721 2063 4759 ca-

489 4805 568 4859 ttit
609 4804 677 4858 ad
719 4801 990 4859 caelestem
1032 4798 1245 4857 Patrem
1288 4814 1351 4853 ac
1395 4797 1562 4854 Deum
1606 4816 1618 4851 :
1660 4813 1680 4848 ι
1727 4795 1969 4861 Domine,
2010 4796 2062 4850 in

488 4893 762 4965 voluntate
799 4902 887 4946 tua
921 4890 1188 4943 deduxisti
1226 4904 1311 4943 me
1334 4888 1411 4943 "z
1457 4906 1475 4940 ι
1513 4885 1842 4942 voluntatem
1877 4885 2061 4958 appel-

2168 4517 2263 4587 τῆς
2307 4516 2498 4585 σοφίας
2540 4516 2635 4570 καὶ
2680 4517 2933 4583 γνώσεως
2967 4521 3295 4591 ἀπόκρυφοι.
3326 4541 3344 4572 ι
3380 4522 3593 4576 Ψὰλλει
3623 4524 3682 4577 δὲ
3716 4527 3744 4576 6

2167 4606 2454 4671 θεσπέσιος
2500 4608 2661 4661 Δαϐιδ
2701 4610 2837 4680 πρὸς
2872 4611 2960 4662 τὸν
2994 4611 3052 4662 ὲν
3082 4611 3328 4681 οὐρανοῖς
3376 4614 3602 4683 Πατέρα
3650 4615 3743 4668 καὶ

2165 4698 2334 4753 Θεόν·
2395 4718 2412 4750 ι
2438 4700 2632 4770 Κύριε,
2681 4702 2738 4752 ὲν
2778 4704 2843 4772 τῇ
2881 4701 3043 4772 βουλῇ
3090 4719 3184 4755 σου
3236 4703 3529 4775 ὠδήγησάς
3585 4723 3736 4773 με’.

2168 4791 2361 4863 βουλὴν
2392 4792 2558 4845 αὐτοῦ
2583 4792 2755 4861 λέγων
2792 4793 2884 4846 τὸν
2913 4795 2970 4860 ἐξ
2993 4792 3157 4847 αὑτοῦ
3197 4796 3371 4863 φύντα
3403 4797 3549 4851 Υίὸν.
3610 4795 3741 4851 Εἶτα

2167 4894 2282 4946 πως
2309 4884 2369 4935 οὺ
2395 4884 2599 4951 γελοῖον
2626 4885 2883 4953 ,ιὰγνοεῖν
2919 4886 3127 4941 οἴεσθαί
3146 4904 3198 4940 τι
3225 4886 3333 4940 τῶν
3370 4889 3427 4941 ἐν
3455 4888 3532 4960 τῷ
3563 4889 3743 4959 ﬂat-pl

556 5049 602 5081 ι’
625 5048 815 5102 Matth.
860 5062 1005 5106 xxiv.
1036 5046 1136 5110 5t};
1173 5045 1334 5098 Marc.
1366 5061 1485 5108 xm,
1515 5046 1601 5101 52.
1683 5047 1723 5077 ⁸¹
1762 5044 1778 5099 Ι
1810 5044 1934 5099 Cor.
1976 5058 2006 5108 t,
2040 5044 2073 5097 3

2206 5046 2253 5077 ⁸¹
2283 5045 2490 5099 Coloss.
2524 5059 2585 5108 tt,
2614 5043 2667 5095 ὅ.
2745 5043 2792 5074 ⁸³
2820 5041 2956 5097 Psal.
2994 5059 3165 5107 uxn,
3189 5043 3280 5098 25.

1648 5198 1800 5254 BDN.
1849 5197 2171 5257 VULCANll
2216 5198 2450 5254 NOTAE.

480 5358 701 5421 δυνατὰ,
742 5360 887 5412 ἁποκ
931 5356 1189 5427 ινώμεθα,
1237 5357 1307 5410 τὰ
1338 5357 1617 5426 πρέποντα
1654 5354 1825 5425 αὐτῷ,
1853 5356 1947 5408 καὶ
1976 5357 2125 5409 πᾶσα
2165 5355 2348 5409 λύεται
2380 5353 2660 5425 ἀνωφελὴς
2696 5355 2944 5425 ζήτησις.
2986 5354 3221 5408 Δύναται
3249 5356 3351 5426 μὲν
3394 5358 3504 5428 γὰρ
3534 5358 3733 5424 πάντα,

488 5428 734 5480 Βούλεται
771 5428 825 5480 δὲ
854 5375 924 5480 τί
965 5426 1184 5480 ἄριστα.
1223 5427 1333 5480 lloc
1360 5438 1465 5480 est.
1512 5424 1573 5480 Si
1611 5427 1988 5480 interroaemur
2019 5432 2087 5478 an
2113 5427 2289 5479 omnia
2325 5426 2431 5478 Deo
2464 5430 2567 5477 sint
2596 5425 2884 5480 possibilia.
2918 5428 3322 5480 respondeamus
3354 5440 3375 5477 :
3413 5443 3533 5480 arte
3561 5431 3733 5480 insutu

486 5428 734 5499 βούλεται
770 5428 825 5499 δὲ
854 5444 884 5478 τ

965 5424 1184 5497 ἄριστα.
1223 5424 1465 5497 ίιοοεδι,
1512 5424 1573 5480 St'
1611 5424 2087 5497 interrogemur_dtt
2113 5427 2289 5479 omnia
2325 5426 2431 5478 Deo
2464 5430 2567 5497 sint
2595 5424 2884 5497 possibilia,
2918 5424 3322 5491 respondeamus
3354 5440 3375 5477 :
3408 5424 3533 5497 'qu'c
3561 5431 3737 5497 ipsum

481 5493 659 5566 decent
684 5512 713 5566 ;_
734 5498 990 5565 simulque
1005 5493 1183 5548 ‘ontnis
1217 5495 1415 5549 inutilis
1446 5497 1667 5566 quwstio
1707 5495 1944 5566 sol_vitur.
1972 5493 2163 5566 Potest
2209 5496 2345 5566 enim
2376 5495 2577 5555 antnia,
2619 5493 2722 5546 vult
2762 5504 2935 5566 autem
2977 5509 3095 5562 qua:
3115 5506 3233 5547 sunt
3263 5493 3480 5559 optimo.

556 5565 666 5633 (10)
696 5563 840 5634 Idem
895 5563 1294 5634 argumentum,
1348 5579 1413 5618 an
1460 5563 1717 5620 Videlicet
1769 5564 1933 5619 Filius
1966 5565 2059 5621 Dei
2108 5564 2371 5634 ignorarit
2426 5573 2728 5617 extremum
2765 5564 2930 5627 diem,
2989 5572 3187 5617 tractat
3248 5566 3370 5619 Isid.
3431 5566 3740 5627 Pelusiotes

475 5632 652 5709 epist.
672 5632 772 5690 H7
794 5633 919 5691 libri
949 5633 1126 5700 primi.
