3936 6200
234 254 375 313 1ίθθ

1224 254 1600 314 ADVERSUS
1638 252 2448 312 ANTHROI‘OMORPIIITAS.

3363 243 3502 302 1110

232 371 439 425 duranda
480 387 540 423 τε
570 370 664 423 xai
695 371 920 441 ἀμερὲς,
958 371 1050 424 καὶ
1083 372 1489 442 ἀσχημάτιστον
1522 370 1664 427 εἶναι
1696 374 1816 427 δια-

1930 374 2094 443 magis
2125 372 2210 442 pie
2232 371 2301 427 de
2332 372 2443 427 Deo
2463 370 2731 434 sentiunt,
2770 369 2861 439 qui
2893 368 3041 423 illum
3094 366 3361 437 corporis,
3392 367 3501 417 ror-

234 461 638 532 6ε6αιοὺμενοι,
683 463 777 515 καὶ
815 461 1066 532 πανταχῆ
1111 463 1211 531 μὲν
1249 464 1536 534 ὑπάρχειν,
1584 463 1818 538 ἀπολιμ·

236 552 507 605 πάνεσθαι
544 551 602 604 δὲ
640 552 889 622 μηδενός.
933 551 1059 616 Πῶς
1088 552 1146 606 δὲ
1190 553 1413 606 κάκεῖνο
1441 552 1687 606 διέλαθεν
1719 553 1818 605 αὑ-

234 639 399 707 τοὺς;
434 641 497 694 Εἰ
529 639 640 711 γὰρ
690 639 975 710 ὁμοοὺσιος
1000 638 1076 693 ὣν
1102 643 1131 694 6
1160 640 1289 704 Υἱὸς
1322 640 1398 711 τῷ
1429 640 1641 711 Πατρὶ,’
1662 642 1821 694 κεκέ-

238 746 381 783 νωκε
416 732 515 799 τῆς
545 728 710 783 αὑτοῦ
752 730 1053 800 παρουσίας
1084 730 1174 783 τὸν
1213 730 1462 800 οὐρανὸν,
1486 732 1575 785 ὅτε
1609 732 1819 803 ἄνθρω·

239 839 341 885 πος
366 823 610 890 γέγονεν,
645 821 740 874 καὶ
770 824 883 885 τοῖς
906 822 1003 874 ἐπὶ
1036 822 1138 890 γῆς
1170 823 1655 893 συνανεστρέφετο,
1681 824 1822 896 ἆρα-

241 930 335 983 ρεν
357 914 438 967 ὅτι
484 912 580 964 καὶ
609 912 643 982 ἡ
687 912 758 983 γῆ
795 906 864 981 ἦν
905 911 1037 983 κενὴ
1064 913 1161 983 τῆς
1193 914 1288 966 τοῦ
1321 915 1533 985 Πατρὸς
1583 916 1819 970 ὑποστά-

241 1022 401 1072 σεως,
444 1005 527 1059 ὅτι
575 1003 650 1075 μὴ
690 1004 914 1073 γέγονεν
964 1003 1255 1077 ἄνθρωπος
1293 1007 1478 1070 αὑτὸς,
1530 1009 1685 1078 μήτε
1716 1008 1824 1079 μὴν

242 1096 554 1167 ἀνθρώποις
593 1096 1088 1167 συνανεστρέφετο·
1124 1096 1263 1160 ἀλλ’,
1310 1097 1398 1151 ἵνα
1450 1115 1504 1151 τι
1540 1099 1681 1152 κατὰ
1724 1100 1823 1170 τὴν

240 1188 536 1241 ἀσυνεσίαν
569 1188 750 1242 αὑτῶν
781 1187 942 1252 είπω,
982 1188 1294 1260 μεμένηκεν
1326 1191 1384 1242 ὲν
1415 1194 1526 1255 τοῖς
1552 1192 1819 1262 οὐρανοῖς.

243 1278 367 1339 Πῶς
389 1274 484 1333 οὖν
511 1279 539 1332 6
576 1279 768 1349 Σωτὴρ
799 1278 1060 1349 ἔφασκεν,
1096 1281 1176 1335 ὅτι
1225 1300 1245 1332 ι
1286 1282 1374 1334 Ἐν
1419 1283 1546 1352 ἐμοὶ
1594 1282 1770 1353 μένων
1797 1288 1826 1337 6

241 1368 456 1439 Πατὴρ,
483 1370 647 1433 αὑτὸς
676 1372 820 1423 ποιεῖ
845 1370 914 1423 τὰ
957 1370 1130 1443 ἔργας
1171 1391 1187 1423 ι
1211 1372 1337 1436 Πῶς
1364 1374 1422 1427 δὲ
1450 1374 1537 1427 διὰ
1565 1374 1659 1426 τοῦ
1691 1391 1816 1444 προ-

246 1461 420 1531 φήτου
451 1462 615 1531 φησί·
646 1481 664 1512 ι
689 1463 780 1532 Μὴ
809 1463 929 1532 οὑχὶ
955 1463 1046 1516 τὸν
1076 1464 1302 1535 οὐρανὸν
1333 1465 1427 1519 καὶ
1447 1464 1547 1535 τὴν
1579 1467 1682 1535 γῆν
1716 1464 1826 1531 ἐγὼ

244 1554 474 1623 πληρῶ;
524 1553 671 1621 λέγει
704 1554 939 1624 Κύριος;
969 1577 988 1608 ι
1028 1557 1122 1609 καὶ
1155 1556 1346 1612 πάλιν·
1382 1576 1401 1609 ι
1424 1556 1560 1621 Θεὸς
1589 1556 1825 1625 ὲγγίζων
1870 1592 1878 1599 ο

246 1646 355 1713 ἐγώ
391 1647 530 1715 ειμι,
558 1645 705 1713 λέγει
737 1646 958 1716 Κύριος,
996 1647 1090 1700 καὶ
1133 1648 1253 1717 οὑχὶ
1287 1647 1418 1712 Θεὸς
1446 1648 1767 1720 πόρρωθενς
1800 1667 1818 1699 ι

1924 478 2044 527 uias,
2078 463 2423 533 quantitatis,
2447 462 2701 531 partium,
2726 470 2781 516 et
2825 460 3012 532 ﬁgura:
3063 468 3339 529 expertem
3381 469 3502 510 esse

1922 552 2211 617 aliirmant,
2239 562 2292 608 et
2315 553 2491 608 ubivis
2521 552 2762 608 locorum
2789 566 2933 617 esse,
2963 564 3137 621 neque
3177 549 3246 604 ab
3290 545 3397 601 ulla
3442 561 3502 600 ro

1922 642 2133 697 abesse.
2160 640 2279 709 Quo
2310 652 2469 711 pacto
2494 650 2673 696 autem
2719 642 2885 701 etiam
2933 640 3063 695 illud
3115 638 3260 709 ipsos
3308 636 3503 691 latuit?

1925 732 1980 788 Si
2007 733 2153 790 enim
2205 731 2377 787 Filius
2425 732 2696 789 exsistens
2747 732 3126 793 coessentialis
3179 730 3348 795 Patri,
3377 742 3504 784 eva-

1922 820 2104 876 cuavit
2128 834 2223 877 sua
2247 822 2535 891 pmseutia
2576 822 2774 877 emtum
2805 821 3024 897 quando
3053 819 3227 875 lactus
3275 826 3355 874 est
3402 819 3496 871 lto-

1924 930 2032 983 ατο,
2068 924 2125 971 et
2177 929 2299 970 cum
2356 915 2426 971 iis
2471 916 2563 986 qui
2619 918 2672 971 in
2706 925 2848 972 terra
2897 924 3021 970 sunt
3070 924 3153 970 est
3209 925 3457 970 versatus
3484 898 3507 971 ι’

1923 1014 2344 1062 consentaneum
2372 1004 2556 1071 fuerit,
2588 1015 2789 1061 terram
2815 1020 3033 1075 quoque
3060 1004 3230 1060 fuisse
3274 1018 3501 1059 vacuam

1925 1098 2280 1168 hypostaseos
2346 1094 2542 1160 Patris.
2576 1095 2844 1165 siquidem
2884 1096 2998 1166 ipse
3044 1110 3148 1151 non
3197 1103 3282 1151 est
3329 1095 3506 1151 lactus

1925 1189 2108 1253 homo,
2134 1201 2315 1257 neque
2328 1201 2448 1242 cum
2481 1187 2793 1243 hominibus
2822 1196 3068 1243 versatus
3093 1205 3108 1243 :
3141 1187 3257 1251 sed,
3284 1199 3338 1241 ut
3359 1187 3508 1257 quid—

1926 1282 2066 1348 piam
2091 1278 2246 1347 jnxta
2285 1280 2524 1349 ipsorum
2583 1280 2910 1349 imperitiam
2969 1280 3167 1344 dicam,
3223 1280 3421 1334 mansit
3450 1281 3500 1335 in

1923 1370 2097 1425 cmlis.
2126 1362 2406 1437 Quomodo
2438 1372 2602 1441 igitur
2643 1370 2896 1427 Salvator
2926 1371 3081 1435 dixit,
3115 1372 3238 1439 quia
3282 1390 3299 1421 ι
3334 1371 3529 1437 lnauo,

1927 1476 2151 1517 manens
2182 1461 2344 1517 Pater
2367 1463 2484 1532 ipse
2535 1462 2668 1516 facit
2693 1476 2856 1531 opera
2884 1462 2925 1493 ⁶¹
2956 1462 2979 1515 ?
3025 1481 3043 1515 ι
3079 1463 3197 1528 Quo
3227 1473 3382 1531 pacto
3404 1479 3503 1514 au-

1928 1564 2033 1608 tetn
2059 1568 2156 1623 per
2176 1554 2496 1621 prephetam
2540 1556 2616 1607 ait
2648 1568 2663 1606 :
2702 1571 2721 1605 ι
2750 1554 2944 1607 Annon
2970 1555 3166 1609 crelum
3212 1565 3262 1609 et
3301 1565 3501 1607 terram

1926 1659 2025 1715 ego
2063 1644 2297 1714 impleo?
2322 1644 2497 1714 inquit
2526 1641 2787 1699 Dominus
2809 1647 2855 1678 “
2876 1645 2902 1698 ἲ
2927 1663 2947 1696 ι
2988 1655 3043 1699 et
3074 1660 3292 1700 rursus:
3324 1666 3341 1696 ι
3367 1647 3504 1701 Deus

246 1739 432 1791 Πάντα
462 1738 569 1809 γὰρ
600 1739 768 1807 ἐγγὺς
803 1739 939 1809 ἔχει,
985 1740 1053 1793 τά
1095 1740 1276 1794 πάντα
1315 1740 1541 1812 πληρῶν
1582 1740 1719 1811 ὁμοῦ
1747 1740 1823 1810 τῷ

1930 1736 2294 1807 propinquans
2319 1751 2436 1791 sum
2459 1751 2582 1807 ego,
2615 1736 3045 1806 dicitDominus,
3075 1745 3131 1793 et
3160 1754 3264 1794 non
3299 1739 3441 1793 Deus
3472 1754 3503 1793 e

246 1828 423 1901 Πατρὶ
448 1831 477 1883 6
503 1830 902 1900 γεγεννημένος
930 1830 990 1895 ἐξ
1015 1830 1180 1885 αὑτοῦ
1212 1832 1352 1885 κατὰ
1376 1832 1538 1902 φύσιν
1569 1832 1821 1904 Χριστός.

245 1919 356 1972 Καὶ
382 1917 512 1986 γοῦν
551 1920 579 1970 6
618 1920 905 1990 προφήτης
939 1918 1135 1973 Δαϐίδ’
1171 1940 1188 1970 ι
1218 1920 1328 1973 Ποῦ
1370 1920 1639 1991 πορευθῶ,
1668 1921 1822 1991 φησὶ,

244 2010 353 2064 ἀπὸ
379 2008 473 2063 τοῦ
512 2008 830 2079 Πνεῦματός
870 2026 984 2075 σου,
1015 2010 1110 2064 καὶ
1141 2010 1363 2064 ἀπὸτοῦ
1401 2011 1695 2080 προσώπου
1732 2029 1825 2064 σου

122 2129 135 2137 ~
246 2100 346 2156 ποῦ
378 2099 593 2169 φεὺξω;
626 2120 645 2153 ι
680 2100 754 2154 υὺ
786 2101 903 2172 γὰρ
934 2101 1105 2165 ἐστιν,
1152 2102 1254 2156 οῦκ
1293 2101 1440 2156 ἐστιν
1493 2103 1756 2173 οὐρανοὺς
1790 2102 1824 2172 ἢ

245 2196 347 2264 γῆν
380 2195 560 2262 εὑρεῖν
583 2192 843 2248 δύνασθαί
874 2211 1005 2248 ποτε
1037 2195 1137 2265 τῆς
1165 2196 1409 2267 ἀρρήτου
1440 2194 1705 2264 Θεότητος
1734 2212 1826 2248 κε-

245 2285 397 2349 νοὺςο
439 2284 515 2351 ὡς
562 2286 699 2356 ἔφην
730 2287 872 2357 γὰρ,
931 2286 1001 2339 τὰ
1039 2287 1218 2340 πάντα
1257 2285 1457 2357 πληροῖ
1496 2287 1530 2357 ἡ
1574 2286 1693 2339 θεία
1736 2288 1827 2339 καὶ

244 2377 531 2448 ὁμοοὺσιος
556 2378 747 2448 Τριάς.
774 2375 1119 2448 Μεμνήμεθα
1148 2376 1206 2431 δὲ
1248 2377 1330 2430 ὅτι
1359 2376 1454 2429 καὶ
1484 2377 1513 2429 6
1541 2376 1649 2430 τῶν
1688 2374 1826 2430 ὅλων

248 2469 439 2539 Σωτὴρ
473 2469 568 2522 καὶ
616 2468 819 2540 Κύριος
850 2472 961 2532 τοῖς
1004 2468 1179 2537 ἁγίοις
1206 2467 1529 2529 ἀποστόλοις
1553 2467 1788 2536 ἔφασκεν
1809 2483 1824 2499 ο

252 2583 269 2611 ι
304 2564 582 2632 Συμφέρει
604 2563 731 2631 ὑμῖν
753 2562 840 2615 ίνα
862 2560 974 2630 ἐγὼ
1006 2561 1229 2616 ἀπέλθω
1248 2576 1262 2591 ⁸
1294 2561 1391 2615 ἐὰν
1418 2561 1528 2631 γὰρ
1562 2561 1635 2631 μὴ
1663 2560 1828 2614 ἀπέλ-

245 2656 345 2718 θω,
375 2657 403 2709 6
438 2654 795 2725 Παράκλητος
825 2655 927 2708 οὑκ
956 2653 1237 2707 ἐλεύσεται
1269 2652 1406 2724 πρὸς
1437 2653 1602 2723 ὑμᾶς.
1628 2672 1646 2703 ι
1678 2653 1828 2705 Ἐπεὶ

245 2747 303 2801 δὲ
370 2745 728 2816 πεπόρευται,
788 2746 887 2816 τὴν
950 2745 1086 2799 ἰδίαν
1134 2744 1469 2815 ἀποπληρῶν
1512 2745 1824 2816 ὑπόσχεσιν,

246 2838 494 2909 ἐπεμψεν
527 2841 659 2908 ἡμῖν
688 2838 745 2902 ἐξ
770 2837 1002 2908 οὐρανοῦ
1030 2839 1121 2889 τὸν
1151 2837 1530 2908 Παράκλητον,
1559 2837 1825 2900 τουτέστι,

245 2933 307 2985 τὺ
337 2930 579 3000 Πνεῦμα.
621 2930 776 2983 Ἐστι
810 2930 867 2983 δὲ
918 2928 1204 2999 όμοούσιον
1234 2929 1314 3000 τῷ
1347 2930 1524 3001 Πατρὶ
1559 2930 1653 2982 καὶ
1692 2928 1825 2998 Υίῷ.

244 3020 373 3096 Ἆρ’
412 3020 507 3077 οὖν
544 3024 632 3076 ὅτε
681 3022 1158 3092 καταπεᾳοίτηκεν
1188 3023 1268 3084 είς
1306 3021 1409 3096 γῆν
1450 3021 1823 3093 Παράκλητος,

248 3094 339 3171 ἵνα
366 3117 572 3190 ἁγιάσῃ
600 3117 765 3184 ἡμᾶς,
796 3115 857 3167 τὸ
899 3113 1122 3183 Πνεῦμα
1156 3115 1251 3168 καὶ
1288 3094 1476 3167 οὐχ’ὲν
1510 3117 1622 3177 τοῖς
1661 3115 1827 3185 οὑρα-

246 3212 358 3271 νοῖς
384 3203 486 3281 ἦν;
521 3207 660 3261 Ἀλλ’
696 3208 869 3259 ἐκεῖνο
910 3206 1075 3274 φάναι
1113 3205 1313 3275 πρέποι
1346 3205 1435 3271 ἂν,
1474 3207 1556 3260 ὃτι
1588 3208 1822 3276 ἁγιάσαν

246 3300 398 3371 ἡμᾶς
443 3297 612 3368 ἀνέϐη
668 3296 830 3350 πάλιν
885 3297 964 3358 είς
1016 3294 1110 3347 τὸν
1144 3295 1391 3367 οὐρανὸν,
1438 3297 1532 3350 καὶ
1574 3298 1674 3350 οὑκ
1710 3297 1827 3351 ἔστι

251 3391 372 3461 μεθ’
417 3392 592 3462 ἡμῶν,
630 3391 824 3444 Καίτοι
869 3389 1198 3460 γέγραπται,
1228 3388 1309 3441 ὅτι
1361 3388 1589 3459 Πνεῦμα
1624 3389 1826 3461 Κυρίου

246 3488 352 3555 τὴν
384 3484 708 3555 οἰκουμένην
743 3483 1128 3555 πεπλήρωκεν.
1186 3482 1346 3536 Ἀλλὰ
1378 3484 1473 3537 καὶ⁵
1517 3483 1681 3546 αὑτὸς
1722 3483 1825 3556 ἔφη

249 3574 487 3646 Χριστὸς
518 3574 729 3645 μέλλων
759 3573 1076 3629 ἀναϐαίνειν
1106 3573 1243 3644 πρὸς
1262 3574 1353 3627 τὸν
1370 3573 1613 3645 Πατέρα“
1655 3595 1673 3624 ι
1697 3575 1828 3629 Ἰδοὺ

247 3667 362 3736 ἐγὼ
403 3666 521 3737 μεθ’
555 3666 708 3738 ὑμῶν
738 3667 856 3738 εἰμι
879 3667 1061 3731 πάσας
1085 3666 1184 3730 τὰς
1204 3666 1440 3737 ἡμέρας,
1478 3666 1569 3720 καὶ
1599 3665 1703 3729 ἕως
1732 3668 1830 3739 τῆς

249 3758 564 3822 συντελείας
593 3756 687 3811 τοῦ
714 3757 929 3822 αἰῶνος.
956 3777 973 3810 ι
1004 3757 1065 3811 Ei
1090 3758 1145 3811 δὲ
1178 3757 1296 3829 μεθ’
1324 3758 1481 3828 ἡμῶν
1511 3759 1648 3823 ἐστι,
1684 3759 1830 3813 κενοί

248 3869 353 3904 που
389 3851 626 3915 πάντως,
661 3851 756 3903 καὶ
782 3850 876 3904 νῦν
906 3852 1013 3903 είσι
1039 3851 1160 3921 τῆς,
1192 3849 1268 3913 ὡς
1304 3849 1457 3904 αὑτοί
1482 3866 1638 3918 φασι,
1669 3850 1833 3903 υίοτι-

249 3944 351 4012 κῆς
386 3942 739 4007 ὑποστάσεως
778 3944 829 3996 oi
859 3942 1100 4013 οὐρανοὶ,
1148 3942 1243 3995 καὶ
1293 3940 1384 3995 τὸν
1431 3942 1629 3994 κόλπον
1673 3942 1832 4010 ἀφεὶς

246 4035 343 4089 τοῦ
376 4036 591 4107 Πατρὸς
624 4037 736 4099 τοῖς
787 4034 880 4087 ἐπὶ
907 4034 1011 4104 γῆς
1060 4032 1160 4105 ἤδη
1208 4031 1409 4104 μᾶλλον
1443 4032 1828 4085 συνδιαιτᾶται.

248 4129 438 4184 Ταῦτα
465 4130 573 4201 γὰρ
607 4129 803 4182 ἐκεῖνοι
832 4126 1253 4198 ψυχρολογοῦσι,
1283 4124 1359 4187 ὡς
1391 4123 1546 4193 ἔφην.
1580 4119 1713 4176 Εἶτα
1748 4123 1830 4188 τίς

247 4221 500 4285 ἀνέξεται
529 4219 628 4289 τῆς
666 4217 888 4272 ἐκείνων
922 4216 1287 4287 ἀϐελτηρίας;
1321 4215 1353 4287 ἢ
1403 4215 1488 4278 τίς
1531 4214 1639 4267 τῶν
1677 4232 1831 4267 νουν-

246 4312 553 4383 εχεστέρων
570 4312 669 4365 οὑκ
687 4309 994 4381 ἀμφιλαφὲς
1018 4308 1198 4371 αὑτοῖς
1225 4306 1555 4378 ἐπισταλάξῃ
1579 4306 1829 4377 δάκρυον,

1927 1826 2084 1898 longe
2113 1826 2194 1880 “?-
2221 1845 2239 1878 ι
2276 1826 2470 1884 Omnia
2510 1828 2653 1882 enim
2689 1842 2855 1898 prope
2878 1843 2939 1883 se
2972 1829 3153 1896 habet,
3183 1830 3363 1883 omnia
3397 1829 3500 1882 im-

1927 1916 2079 1986 plens
2118 1917 2278 1972 simul
2329 1934 2452 1973 cum
2502 1918 2663 1975 Patre
2711 1921 2928 1991 genitus
2968 1936 3032 1975 ex
3071 1921 3186 1991 ipso
3211 1922 3501 1975 secutulnm

1929 2021 2177 2065 naturam
2203 2010 2474 2068 Christus.
2506 2011 2713 2067 Idcirco
2735 2021 2789 2066 et
2819 2012 3079 2083 propheta
3110 2013 3311 2068 David:
3343 2032 3361 2065 ι
3389 2012 3506 2080 Qun

1928 2104 2039 2168 ibo,
2072 2102 2266 2172 inquit,
2298 2117 2328 2157 a
2366 2102 2572 2174 Spiritu
2622 2113 2735 2170 tuo,
2780 2113 2836 2159 et
2864 2119 2892 2157 a
2936 2102 3074 2160 facie
3123 2110 3214 2158 tua
3261 2120 3369 2173 quo
3426 2104 3507 2158 l‘n-

1928 2194 2218 2265 giam“?i
2247 2193 2432 2265 Neque
2483 2195 2627 2250 enim
2679 2195 2803 2251 cteli
2864 2195 3100 2264 uspiam,
3138 2209 3313 2265 neque
3359 2205 3503 2250 terra

1930 2283 2158 2339 inveniri
2185 2293 2434 2353 possunt,
2463 2284 2753 2339 ineli‘abilis
2793 2285 3103 2340 Divinitatis
3127 2300 3320 2341 vacua.
3345 2284 3503 2350 Nam,

1929 2383 1988 2429 ut
2009 2374 2339 2439 dixi,omnia
2364 2375 2550 2446 implet
2573 2375 2760 2430 divina
2777 2385 2833 2431 et
2855 2376 3223 2431 coessentialis
3242 2376 3504 2441 Trinitas.

1928 2464 2267 2520 Meminerim
2318 2476 2499 2521 autem
2527 2466 2644 2535 ejus
2680 2466 2822 2537 quod
2857 2476 2912 2521 et
2964 2465 3215 2521 Salvator
3263 2466 3505 2521 omnium

1927 2568 1985 2613 et
2009 2558 2268 2614 Dominus
2299 2560 2502 2613 sanctis
2531 2558 2794 2629 apostolis
2821 2559 2957 2613 dixit
2992 2577 3004 2614 :
3040 2576 3058 2610 ι
3089 2557 3320 2628 Expedit
3357 2558 3508 2613 vobis

1930 2660 1990 2705 ut
2038 2665 2140 2721 ego
2199 2651 2424 2707 vadam:
2456 2651 2562 2705 nisi
2620 2652 2765 2706 enim
2814 2651 3023 2716 abiero,
3059 2651 3367 2706 Paracletus
3401 2666 3506 2706 nou

1931 2744 2110 2798 veniet
2135 2744 2204 2797 ad
2229 2758 2326 2799 vos
2349 2743 2417 2798 ".
2456 2762 2475 2796 ι
2537 2742 2895 2815 Posteaquam
2957 2755 3135 2798 autem
3184 2744 3337 2808 abiit,
3373 2759 3508 2814 pra:-

1929 2844 2079 2891 stans
2104 2835 2154 2889 id
2190 2837 2333 2907 quod
2390 2836 2733 2907 promiserat,
2763 2838 2908 2892 misit
2945 2838 3098 2893 nobis
3131 2853 3195 2893 ex
3228 2837 3366 2893 caalo
3402 2835 3504 2891 Pa-

1930 2929 2213 2994 racletum,
2249 2929 2352 2985 hoc
2380 2936 2485 2996 est,
2524 2930 2808 2999 Spiritum.
2841 2929 2934 2983 Est
2969 2940 3146 2983 autem
3172 2931 3219 2985 is
3251 2943 3506 2985 coesseu-

1934 3016 2077 3071 tialis
2102 3017 2249 3072 Patri
2278 3027 2332 3073 et
2358 3018 2516 3075 Filio.
2546 3020 2679 3075 Cum
2712 3034 2844 3091 ergo
2875 3019 3158 3075 descendit
3200 3020 3253 3074 in
3305 3029 3503 3073 terram

1931 3108 2243 3164 Paracletus
2288 3120 2346 3163 ut
2387 3125 2484 3166 nos
2534 3111 2930 3176 sattctiﬂcaret,
2991 3111 3230 3180 Spiritus
3258 3111 3309 3165 in
3354 3110 3506 3166 cmlis

1927 3199 2087 3252 etiam
2109 3214 2212 3254 non
2232 3202 2385 3255 erat?
2409 3200 2569 3270 Atqui
2618 3199 2763 3255 aliud
2815 3200 2978 3255 etiam
3024 3202 3308 3255 dicendum
3338 3212 3504 3266 esset,

1927 3291 2091 3362 387
2108 3292 2271 3362 quod,
2297 3309 2419 3347 cum
2443 3309 2539 3348 nos
2568 3292 2982 3361 sanctiﬁcassel,
3018 3310 3204 3350 rursus
3233 3295 3285 3348 in
3307 3294 3503 3348 ctelum

1929 3386 2328 3450 conscenderit,
2384 3401 2559 3457 neque
2613 3387 2845 3457 amplius
2908 3388 3064 3443 nobis
3130 3387 3305 3443 adest.
3347 3386 3505 3454 Atqui

1931 3477 2322 3546 scriptumest,
2361 3476 2623 3549 Spiritum
2651 3480 2743 3534 Dei
2787 3478 3080 3550 replevisse
3132 3480 3342 3534 orbem.
3368 3478 3507 3545 Quin

1930 3576 1983 3619 et
2007 3567 2121 3635 ipse
2143 3567 2389 3623 Christus
2404 3569 2469 3622 ad
2488 3568 2699 3624 Patrem
2717 3584 3128 3635 conscensurus,
3142 3569 3277 3624 dixit
3296 3584 3312 3623 :
3332 3586 3353 3622 ι
3375 3569 3513 3625 Ecce

1931 3672 2031 3727 ego
2053 3660 2330 3714 vobiscum
2360 3675 2479 3714 sum
2507 3659 2757 3715 omnibus
2780 3660 2990 3724 diebus,
3019 3670 3073 3715 et
3096 3674 3265 3730 usque
3289 3660 3354 3714 ad
3380 3674 3508 3714 con-

1931 3750 2348 3805 summationem
2408 3750 2686 3805 saeculi“.
2724 3769 2741 3802 ι
2771 3750 2829 3803 Si
2882 3764 3011 3804 vero
3056 3751 3336 3804 nobiscum
3399 3758 3507 3812 est,

1934 3841 2089 3894 vacui
2116 3841 2491 3894 suntomuinn
2517 3840 2681 3894 etiam
2723 3855 2885 3905 nunc,
2923 3852 2984 3893 ut
3038 3841 3137 3909 ipsi
3189 3840 3505 3907 loquuntur,

1938 3930 2114 3984 tilialis
2172 3931 2525 4001 hypostaseos
2572 3929 2733 3995 coeli,
2783 3938 2838 3985 et
2890 3930 3105 3985 deserto
3152 3928 3331 3985 Patris
3364 3931 3504 3994 sinu,

1935 4036 2057 4073 cum
2092 4022 2157 4075 iis
2197 4022 2285 4089 qui
2314 4021 2365 4074 iu
2406 4031 2546 4079 terra
2577 4021 2832 4088 suntiam
2865 4020 3040 4090 potius
3067 4031 3347 4088 versatur;
3375 4021 3511 4076 adeo

1936 4112 2081 4165 enim
2133 4110 2384 4174 absurda,
2420 4119 2475 4163 ut
2503 4110 2633 4177 dixi,
2665 4109 2914 4166 ellutiunt
2947 4110 3040 4163 ifli.
3070 4111 3138 4163 At
3169 4126 3319 4176 vero,
3360 4113 3512 4181 quis-

1938 4220 2060 4258 nzuu
2100 4203 2313 4258 illorum
2346 4202 2618 4257 inscitiam
2652 4200 2829 4256 ierat?
2882 4212 2975 4256 aut
3006 4204 3132 4271 quis
3179 4204 3339 4271 paulo
3390 4218 3510 4259 cor-

1938 4295 2115 4349 datior
2163 4311 2269 4349 non
2320 4293 2538 4364 jugibns
2598 4293 2852 4364 lacrymis
2910 4292 3027 4348 illos
3093 4294 3355 4363 deploret,
3418 4296 3510 4364 qui

246 4405 303 4457 οἴ
329 4420 394 4471 γε
422 4404 525 4467 τὰς
553 4403 704 4474 ἱεράς
740 4403 836 4456 καὶ
859 4401 1010 4465 θείας
1036 4400 1256 4471 Γραφὰς
1281 4398 1633 4470 ἠγνοηκότες,
1666 4398 1727 4451 τὸ
1753 4398 1825 4459 είς

1939 4401 2127 4442 sacras
2153 4395 2207 4442 et
2241 4387 2451 4442 divinas
2515 4383 2826 4456 Scripturas
2883 4385 3216 4454 ignorantes,
3247 4388 3511 4459 quidquid

246 4494 376 4549 νοῦν
408 4489 543 4565 ἧκον
573 4493 953 4556 ἀϐασανίστως
992 4493 1332 4564 ἐρεύγονται,
1375 4491 1468 4544 καὶ
1514 4489 1622 4543 τῶν
1653 4488 1830 4559 ὀρθῶν

245 4587 350 4656 τῆς
391 4585 716 4656 Ἐκκλησίας
747 4586 1035 4654 δογμάτων
1083 4583 1448 4650 ἑκπίπτουσι;
1493 4582 1559 4635 Τί
1605 4579 1684 4652 τῷ
1732 4581 1829 4633 Φι-

246 4678 437 4745 λίππῳ
476 4679 605 4748 περὶ
652 4678 748 4730 τοῦ
800 4677 1011 4747 Πατρὸς
1068 4677 1280 4744 λέγοντι
1334 4672 1770 4746 προσπεφώνηκε
1803 4674 1832 4725 6

248 4769 417 4834 Υἱός;
454 4787 470 4818 ι
494 4770 572 4822 υὺ
596 4768 870 4831 πιστεύεις
900 4769 981 4822 ὅτι
1008 4766 1118 4835 ἐγὼ
1141 4770 1198 4820 ὲν
1218 4766 1296 4835 τῷ
1331 4768 1525 4837 Πατρὶ,
1548 4766 1644 4820 καὶ
1666 4767 1693 4817 6
1718 4765 1830 4818 Πα-

245 4860 354 4932 τὴρ
374 4863 431 4915 ὲν
447 4859 569 4933 ἐμοί
590 4863 703 4913 ἐστι
719 4877 733 4925 ;
750 4860 983 4914 »Οὐκοῦν
999 4862 1281 4929 ἀμήχανον
1297 4853 1436 4911 εἷναί
1454 4873 1583 4909 ποτε
1599 4856 1719 4926 δίχα
1735 4854 1830 4909 τοῦ

246 4954 441 5024 ἑτέρου
466 4952 559 5006 τὸν
578 4952 666 5005 ἒτε
677 4970 769 5021 ρον
789 4968 802 4983 ⁸
832 4951 946 5004 ἀλλ’
970 4950 1208 5020 ἔνθαπερ
1227 4952 1254 5003 6
1278 4949 1467 5019 Πατὴρ
1494 4942 1631 5001 εἶναι
1661 4950 1833 5001 νοοῖτο

251 5045 394 5115 (ἐστὶ
417 5044 475 5097 δὲ
508 5042 830 5113 πανταχοῦ),
857 5045 973 5096 ἐκεῖ
1001 5059 1104 5094 που
1150 5043 1365 5100 πάντως
1395 5039 1488 5092 καὶ
1508 5041 1536 5092 6
1566 5038 1715 5100 Υἱὸς,
1741 5036 1834 5088 καὶ

250 5135 495 5207 ἔνθαπερ
529 5134 594 5188 ἂν
622 5137 650 5188 6
679 5135 823 5195 Υἱὸς,
866 5136 982 5186 ἐκεῖ
1016 5132 1109 5186 καὶ
1139 5133 1167 5183 6
1213 5132 1422 5201 Πατήρ.
1469 5130 1532 5182 Εἰ
1571 5128 1680 5199 γάρ
1711 5130 1827 5180 ⁴ἐστι

249 5226 596 5297 ἀπαύγασμα
640 5223 733 5278 τοῦ
766 5225 979 5296 Πατρός
1021 5225 1049 5277 6
1102 5224 1248 5286 Υἱὸς,
1294 5222 1388 5275 καὶ
1426 5221 1596 5288 Λόγος
1642 5217 1827 5280 αὑτοῦ,

251 5317 351 5372 καὶ
382 5316 567 5387 σοφία,
607 5318 701 5371 καὶ
753 5315 1004 5386 δύναμις,
1035 5315 1151 5377 πῶς
1184 5314 1307 5383 δίχα
1334 5311 1511 5379 Λόγου
1541 5309 1635 5362 καὶ
1668 5308 1830 5362 δυνά-

255 5425 403 5479 μεως
452 5410 547 5462 καὶ
585 5407 776 5477 σοφίας
822 5407 1099 5477 ἐνδέχεται
1140 5404 1380 5460 νοεῖσθαί
1409 5421 1538 5457 ποτε
1591 5401 1681 5455 τὸν
1714 5401 1830 5453 ηα-

325 5581 545 5639 “Joau.
579 5600 689 5642 τιν.
733 5586 817 5642 l0.
896 5585 939 5616 “
964 5585 1163 5641 Jcrem.
1199 5599 1361 5646 mn,
1388 5581 1480 5635 ει.
1559 5580 1603 5609 ⁸³
1628 5577 1767 5634 ibid.
1800 5575 1891 5631 25.
1974 5574 2021 5607 “
2045 5571 2188 5629 Psal.
2212 5584 2476 5637 cxxttvut,
2506 5568 2558 5625 7.
2636 5565 2857 5623 "J‘oan.
2920 5582 3033 5636 xvt,
3068 5566 3121 5621 7.

252 5669 448 5722 χχι-ιιι,
480 5656 571 5713 20.
652 5656 695 5687 ⁸⁷
718 5657 876 5713 Juan.
911 5671 1021 5722 xtv,
1064 5655 1148 5709 ιο.
1225 5655 1269 5686 ⁸³⁸
1295 5653 1310 5707 ι
1336 5653 1459 5708 Cor.
1490 5667 1530 5718 ι,
1555 5650 1647 5705 2i.

1937 4480 2068 4549 ipsis
2095 4482 2145 4533 in
2178 4487 2410 4533 mentem
2433 4503 2437 4507 -
2459 4477 2606 4537 venit
2664 4486 2868 4533 temere
2900 4488 3171 4544 eructant,
3202 4487 3257 4534 et
3288 4495 3316 4533 a
3345 4481 3512 4536 rectis

1937 4570 2192 4627 Ecclesiae
2237 4570 2584 4640 dogmatibus
2626 4570 2935 4625 excidunt?
2956 4569 3095 4637 Quid
3149 4568 3394 4641 Philippo
3443 4570 3511 4624 de

1938 4662 2099 4718 Patre
2129 4662 2322 4718 dicenti
2350 4660 2621 4731 respondit
2646 4659 2933 4716 Christus?
2963 4678 2982 4710 ι
3003 4660 3117 4715 Non
3149 4660 3325 4715 credis
3366 4661 3508 4729 quod

1938 4773 2038 4828 ego
2064 4756 2118 4812 in
2140 4756 2325 4820 Patre,
2364 4764 2418 4810 et
2441 4754 2605 4809 Pater
2655 4755 2707 4808 in
2740 4769 2824 4809 tne
2848 4761 2931 4808 est
2962 4755 3051 4807 "?
3088 4773 3106 4807 ι
3147 4752 3290 4808 Fieri
3325 4754 3513 4823 itaque

1941 4863 2046 4902 non
2079 4853 2252 4916 potest
2302 4852 2362 4897 ut
2407 4843 2547 4898 alter
2599 4841 2805 4912 absque
2861 4840 3034 4895 altero
3068 4839 3373 4895 subsistat:
3412 4840 3506 4895 sed

1937 4939 2026 4992 ubi
2050 4938 2211 4992 Patre
2246 4949 2368 4992 esse
2418 4934 2736 5003 intelligitur
2766 4932 2886 5001 (est
2910 4941 3087 4986 autem
3138 4929 3397 5001 ubique),
3435 4930 3507 4985 ibi

1938 5030 2101 5084 etiam
2151 5027 2374 5083 omnino
2410 5033 2497 5080 est
2524 5033 2580 5079 et
2636 5022 2847 5078 Filius:
2879 5032 2933 5077 et
2973 5022 3061 5076 ubi
3115 5020 3305 5082 Filius.
3338 5022 3410 5077 ibi
3454 5034 3510 5077 et

1935 5119 2114 5173 Pater.
2148 5118 2211 5171 Si
2226 5117 2369 5172 enim
2387 5123 2468 5170 est
2490 5111 2742 5181 splendor
2767 5110 2943 5164 Patris
2977 5108 3171 5172 Filius,
3192 5117 3246 5163 et
3273 5107 3505 5163 Verbum

1939 5212 2129 5282 ipsius,
2164 5219 2218 5265 et
2250 5205 2537 5277 sapientia,
2568 5214 2624 5259 et
2665 5202 2902 5273 potentia
2933 5199 2977 5232 ⁸³
3010 5217 3023 5255 :
3052 5214 3160 5269 quo
3187 5209 3346 5269 pacto
3390 5199 3504 5255 lieri

1938 5312 2113 5373 potest
2141 5312 2198 5358 ut
2223 5301 2426 5369 absque
2450 5299 2625 5354 Verbo
2650 5305 2706 5351 et
2734 5294 2995 5365 sapientia
3026 5302 3081 5349 et
3103 5292 3342 5363 potentia
3381 5306 3506 5360 per-

1937 5397 2166 5467 cipiatur
2186 5392 2386 5447 Pater?
2420 5387 2696 5458 Quomodo
2723 5395 2900 5442 autem
2930 5385 3193 5457 sapientia
3224 5383 3343 5450 Dei,
3377 5383 3510 5439 Ver-

3250 5565 3291 5597 “
3318 5562 3509 5621 Matth.
