3936 6200
535 262 665 317 illi

1531 267 1586 322 S.
1631 270 1897 327 CYRII.“
1936 275 2404 332 ALEXANDRINI
2443 280 2763 338 ARCHIEP.

3593 296 3691 354 illi

534 378 770 448 humquc
801 381 968 448 ipsius
989 398 1054 437 ac
1095 386 1331 451 putentia
1365 389 1607 455 separari
1640 389 1915 445 intellectu
1944 391 2110 461 possit

2213 393 2345 465 τέρα
2371 411 2386 460 ;
2415 395 2537 459 Πῶς
2565 396 2622 449 δὲ
2677 398 2711 466 ἡ
2762 398 2923 466 σοφία
2951 398 3044 452 τοῦ
3096 401 3226 455 Θευῦ
3272 403 3359 457 καὶ
3396 404 3544 474 Λόγος
3569 410 3691 466 αὐτοῦ

536 485 565 524 a
599 468 792 526 Patre?
821 482 913 525 aut
945 489 1052 542 quo
1082 485 1240 542 pacto
1259 492 1364 530 non
1399 477 1681 533 incxsistat
1705 480 1804 548 ipsi
1826 482 2110 537 character

535 563 746 622 iusius?
774 576 866 618 aut
899 567 1169 633 quonmdo
1213 570 1501 627 character
1539 581 1823 642 separetur
1852 587 1881 627 a
1913 573 2113 630 Patre?

534 653 601 707 At
627 668 732 725 non
756 664 839 709 est
864 657 1173 726 character,
1225 661 1473 730 inquiunt
1505 680 1520 719 :
1556 678 1730 733 neque
1759 666 1906 719 enim
1946 680 2111 735 copu-

506 745 749 818 ~landum
810 749 1143 819 hypostasim
1213 754 1510 823 hypostasi,
1572 770 1747 823 neque
1825 770 1919 809 eas
1990 771 2111 825 quae

535 833 587 889 in
620 851 725 890 una
757 840 990 897 essentia
1020 842 1318 899 exsistunt:
1340 852 1502 911 atque
1533 844 1604 898 ita
1630 843 1745 899 fere
1768 860 1889 915 qua:
1912 857 2112 902 nostra;

534 933 741 981 natura:
769 930 1098 984 conveniunt
1141 931 1207 986 ad
1256 947 1429 1001 nugas
1486 947 1615 989 suas
1660 934 2112 991 demonstrandae

536 1018 889 1075 transferunt.
928 1026 995 1074 At
1033 1037 1182 1087 vero,
1208 1024 1480 1091 quomodo
1510 1039 1615 1080 non
1658 1025 1781 1082 illos
1815 1026 2113 1098 intelligere

532 1112 792 1180 oportuit,
826 1113 992 1182 quod,
1027 1129 1147 1183 qua
1184 1115 1376 1170 divinae
1403 1126 1611 1172 natura:
1644 1128 1772 1172 sunt
1794 1118 2009 1189 propria
2049 1134 2112 1175 ac

533 1200 849 1271 peculiaria,
879 1218 988 1258 non
1025 1220 1090 1259 ex
1115 1214 1299 1262 nostra
1331 1215 1524 1262 natura
1551 1208 1826 1264 metienda
1844 1219 1993 1276 sunt,
2017 1210 2110 1267 sed

533 1293 805 1364 propriam
843 1295 1106 1352 rationem
1148 1296 1417 1367 obtinent,
1448 1299 1661 1370 ﬁdeque
1721 1303 2109 1373 suscipiuntur,

535 1399 710 1455 neque
760 1386 1089 1459 curiosiores
1140 1390 1585 1449 ratiocinationes
1630 1394 1966 1449 admittunt?
1994 1392 2112 1449 Una

531 1479 675 1532 enim
707 1487 790 1533 est
812 1479 1105 1536 ineﬁ‘abilis
1123 1481 1432 1538 Divinitatis
1459 1483 1513 1539 in
1546 1484 1721 1540 tribus
1745 1484 2110 1554 etpeculiari-

535 1571 635 1625 bus
661 1570 1052 1641 hypostasibus
1086 1582 1301 1640 natura,
1325 1575 1538 1637 diversa
1582 1575 1741 1645 plane
1770 1590 1800 1630 a
1833 1576 1987 1632 nobis
2018 1592 2102 1631 ra-

534 1661 681 1718 tione
706 1681 719 1727 ;
756 1679 930 1734 neque
960 1656 1330 1720 ereaturarunt
1359 1666 1622 1721 rationem
1647 1662 1912 1735 sequitur.
1933 1668 2111 1739 Atque

2212 486 2306 539 καὶ
2333 486 2562 558 δύναμις
2607 492 2767 542 νοοῖτ*
2798 490 2864 544 ἄν
2896 507 3025 545 ποτε
3053 492 3173 562 δίχα
3194 494 3282 547 τοῦ
3312 496 3529 567 Πατρός;
3552 500 3580 572 ἢ
3608 503 3691 569 πῶς

2180 578 2310 660 ὀὐκ
2343 579 2635 652 ἐνυπάρξει
2657 581 2805 653 αὐτῷ
2829 599 2959 636 ποτε
2985 585 3014 637 ό
3041 586 3316 657 χαρακτὴρ
3342 587 3524 656 αὐτοῦς
3544 589 3692 654 πῶςδι

2211 671 2306 722 καὶ
2335 672 2363 722 ὀ
2385 670 2670 742 χαρακτὴρ
2692 672 2817 744 δίχα
2844 673 2937 728 τοῦ
2971 675 3214 747 Πατρός;
3255 676 3488 733 ’Δλλ“οὐκ
3509 680 3603 733 ἐστι
3620 700 3695 752 χιι.

2216 761 2443 832 ρακτὴρ,
2460 764 2612 830 φασὶ,
2629 764 2712 817 ὅτι
2737 766 2799 818 οὐ
2826 766 3125 820 συναπτὲον
3144 768 3422 822 ὑπόστασιν
3443 770 3691 839 ὑποστάσει,

2211 852 2334 905 οὔτε
2361 854 2458 917 τὰς
2483 856 2539 907 ὲν
2565 857 2662 926 μιᾷ
2700 857 2859 926 οὐσίᾳ
2894 857 3271 928 ὑπαρχούσας·
3300 860 3388 913 καὶ
3406 861 3528 931 τάχα
3549 879 3629 916 που
3647 865 3695 918 τὰ

2213 943 2335 996 καθ’
2366 945 2513 1014 ἡμᾶς
2566 946 3006 1017 παρακομίζουσι
3039 950 3120 1012 είς
3157 948 3418 1016 ἀπόδειξιν
3446 951 3537 1005 τῶν
3560 935 3696 1019 αὺτοίς

2211 1033 2706 1105 πεφλυαρηιιένων.
2756 1032 2887 1089 Εἶτα
2914 1036 3032 1101 πῶς
3060 1038 3161 1091 οὐκ
3216 1037 3318 1092 ἔδει
3370 1042 3496 1093 νοεῖν
3532 1041 3694 1107 αὐτοὺς,

2210 1125 2292 1178 ὅτι
2320 1126 2390 1178 τὰ
2418 1126 2519 1194 τῆς
2553 1125 2704 1190 θείας
2747 1126 2961 1196 φύσεως
3011 1128 3117 1182 ἴδια
3168 1128 3261 1182 καὶ
3297 1128 3525 1200 ἐξαίρετα
3554 1130 3603 1184 οὐ
3637 1131 3697 1186 διὰ

2210 1217 2319 1270 τῶν
2348 1218 2470 1272 καθ’
2500 1220 2645 1289 ἡμᾶς
2696 1219 2897 1288 μᾶλλον
2948 1220 3302 1287 κανονίζεται,
3348 1221 3455 1275 ἀλλ’
3498 1225 3547 1277 ὲν
3590 1222 3695 1287 ἰδίοις

2211 1310 2327 1363 ἔστι
2365 1308 2565 1378 λόγοις,
2594 1311 2690 1363 καὶ
2731 1309 2914 1363 πίστει
2951 1310 3309 1380 λαμϐάνεται,
3350 1310 3437 1365 καὶ
3478 1329 3695 1383 περιεργοι

2210 1398 2388 1469 τέρων
2422 1398 2704 1468 λογισμῶν
2732 1398 2833 1451 οὐκ
2874 1398 3162 1468 ἀνέχεταις
3193 1399 3304 1453 Μία
3340 1398 3440 1467 γὰρ
3465 1397 3599 1467 φύσις
3617 1397 3697 1450 ἐστὶ

2212 1489 2309 1559 τῆς
2355 1490 2597 1562 ἀρρήτου
2627 1489 2894 1558 Θεότητος
2941 1491 2998 1542 ὲν
3043 1490 3369 1543 ὑποστάσεσι
3417 1490 3543 1560 τρισί
3565 1507 3610 1541 τε
3634 1491 3699 1543 ui

2215 1581 2429 1643 ίδικαίς,
2468 1581 2572 1648 ἔξω
2603 1581 2658 1634 δὲ
2689 1581 2796 1635 τῶν
2836 1582 2959 1635 καθ’
2993 1583 3143 1652 ἡμᾶς
3172 1583 3287 1634 ἐστι
3316 1581 3496 1650 λόγοιν,
3522 1581 3598 1636 καὶ
3620 1584 3703 1643 τοῖς

2212 1672 2320 1725 τῶν
2345 1673 2660 1745 κτισμάτων
2692 1673 2839 1727 ἔθεσι
2869 1676 2969 1728 οὐκ
2999 1674 3303 1729 ἀκολουθεῖ.
3340 1675 3441 1729 Καὶ
3463 1673 3595 1727 τοῦτο
3611 1673 3703 1726 ἰδεῖν

532 1755 633 1809 hoc
654 1755 873 1825 quidem
904 1772 968 1810 ex
996 1756 1179 1813 multis
1202 1757 1381 1814 videre
1407 1758 1554 1813 licet.
1583 1758 1692 1813 Nos
1711 1734 1854 1814 enim
1873 1734 2107 1829 ﬁliorum

2212 1763 2359 1816 ἔστιν
2393 1734 2721 1819 ὲκππολλῶν.
2761 1766 2956 1837 Ἡμεῖς
2995 1767 3094 1837 μὲν
3123 1766 3230 1838 γὰρ
3266 1765 3367 1819 τῶν
3407 1764 3534 1819 ἰδίων
3551 1762 3700 1816 τέκνων

534 1856 843 1901 nostrorum
875 1855 1059 1921 patres
1088 1863 1295 1913 sumus,
1327 1864 1424 1918 per
1462 1850 1688 1905 seminis
1737 1851 2108 1919 emissionem,

532 1946 581 1990 et
622 1938 1042 2014 separationem.
1079 1939 1231 2006 Quod
1277 1940 1421 1994 enim
1471 1949 1807 2009 procreatur,
1838 1943 2110 2014 propriam

531 2028 819 2102 quamdam
842 2044 908 2084 ac
936 2030 1262 2098 peculiarem
1296 2029 1539 2101 333m
1577 2031 1887 2093 universum
1932 2034 2112 2089 direr-

533 2124 750 2177 sitatem
783 2123 1137 2177 nanciscitur.
1164 2122 1278 2178 Non
1323 2131 1503 2181 autem
1534 2125 1603 2178 ita
1634 2139 1697 2179 ex
1739 2127 1845 2181 Deo
1868 2135 1921 2180 et
1950 2124 2113 2180 Patre

529 2213 725 2283 Filiutn
754 2217 993 2285 genitum
1037 2216 1292 2271 dicimus.
1320 2214 1531 2270 Ell‘ulsit
1578 2217 1721 2285 enim
1752 2231 1817 2272 ex
1861 2217 2104 2273 substan-

531 2307 602 2358 tia
646 2306 837 2377 ipsius,
861 2317 916 2362 et
983 2307 1200 2363 luminis
1260 2309 1434 2362 instar
1488 2324 1554 2362 ex
1605 2308 1719 2377 ipso
1745 2308 2107 2377 exsplenduit.

529 2395 713 2467 Neque
738 2413 867 2465 vero
892 2409 1043 2454 extra
1071 2398 1243 2467 ipsum
1282 2398 1457 2455 iactus
1511 2409 1595 2455 est
1621 2418 1634 2454 :
1665 2400 1760 2454 scd
1791 2416 1856 2455 ex
1889 2401 2026 2469 ipso,
2057 2411 2113 2457 et

528 2492 582 2544 in
616 2492 732 2560 ipso
764 2499 866 2547 est.
901 2493 979 2545 Ac
1033 2502 1290 2561 parentes
1341 2492 1559 2560 quidem
1613 2495 1786 2547 nostri
1836 2492 1962 2547 ﬁliis
1999 2492 2111 2548 suis

527 2591 652 2636 sunt
692 2582 970 2638 seniores:
998 2582 1057 2647 in
1102 2581 1213 2635 Deo
1231 2591 1413 2637 autem
1443 2584 1547 2638 hoc
1579 2597 1924 2653 nequaquam
1952 2584 2025 2638 ita
2052 2598 2111 2639 se

526 2671 709 2729 habet.
751 2671 868 2733 Una
915 2674 1060 2730 enim
1112 2687 1343 2742 semper
1371 2673 1589 2735 exsistit
1635 2690 1761 2729 cum
1812 2673 1995 2738 Patre,
2056 2683 2110 2731 et

527 2774 850 2820 coaeternam
883 2766 1050 2822 habet
1076 2782 1199 2819 cum
1222 2781 1325 2822 suo
1357 2765 1619 2823 Genitore
1658 2766 2107 2834 subsistentiam;

530 2867 589 2915 ut
630 2866 685 2911 et
729 2870 944 2928 semper
984 2867 1138 2927 pater
1202 2872 1328 2913 esse
1385 2868 1661 2912 cernatur.
1700 2855 1912 2931 Nullum
1963 2859 2107 2913 enim

530 2958 742 3019 tempus
775 2960 1011 3016 unquam
1042 2943 1164 3010 fuit,
1189 2960 1297 3015 quo
1322 2959 1428 3001 non
1458 2943 1561 3000 hoc
1603 2943 1793 3015 (pater
1819 2943 2107 3013 videlicet)

2213 1854 2449 1924 πατέρες
2486 1855 2655 1924 ἐσμὲν
2693 1856 2833 1910 κατὰ
2858 1856 3164 1930 ἀπόρροιαν
3197 1859 3289 1912 καὶ
3323 1857 3454 1912 κατά
3480 1863 3699 1931 μερισμόν.

2223 1945 2521 2017 ’Δναχωρεῖ
2552 1946 2667 2015 γὰρ
2693 1946 2756 2000 τὸ
2787 1947 3130 2020 γεννώμενον
3169 1951 3247 2013 είς
3280 1950 3443 2022 ίδικὴν
3478 1952 3702 2023 ἑτερότητα

2209 2035 2308 2105 τὴν
2361 2038 2442 2098 είς
2492 2038 2638 2090 ἆπαν
2666 2037 2988 2110 ὁλοσχερῶς.
3028 2039 3175 2093 Ἀλλ’
3218 2041 3315 2111 οὐχ
3358 2041 3515 2104 οὕτως
3555 2044 3606 2094 ὲκ
3636 2042 3702 2095 τοῦ

2209 2112 2346 2179 Θεοῦ
2378 2128 2473 2180 καὶ
2526 2127 2740 2199 [ἰατρὸς
2792 2129 3120 2201 γεννηθῆναι
3165 2147 3341 2202 φαμεν
3384 2131 3467 2185 τὸν
3499 2132 3703 2198 Υἱόν·ὲξ-

2211 2218 2456 2288 ἐλαμψεν
2483 2219 2583 2290 μὲν
2604 2220 2714 2293 γὰρ
2743 2221 2838 2292 τῆς
2871 2222 3061 2287 οὐσίας
3093 2223 3284 2290 αὑτοῦ,
3317 2224 3407 2279 καὶ
3434 2225 3568 2295 δίκην
3588 2224 3703 2293 ἐξην-

2209 2311 2387 2381 γάσθη
2421 2314 2619 2381 φωτός.
2657 2313 2797 2366 ’Δλλ⁹
2824 2315 2924 2367 οὐκ
2954 2313 3062 2380 ἔξω
3095 2315 3320 2384 γέγονεν
3356 2314 3525 2380 αὑτοῦ,
3551 2313 3643 2368 ἀλλ’
3664 2313 3704 2377 ἐξ

2211 2395 2375 2459 αὐτοῦ
2401 2404 2461 2457 τέ
2486 2405 2624 2468 ἐστι,
2653 2405 2747 2459 καὶ
2780 2406 2839 2458 ἐν
2872 2405 3040 2476 αὐτῷ.
3071 2407 3188 2461 Καὶ
3215 2406 3547 2477 πρεσϐύτεροι
3573 2405 3650 2476 μὲν
3671 2405 3703 2456 ol

2211 2497 2351 2568 mp‘
2384 2498 2517 2568 ἡμῖν
2556 2496 2795 2567 πατέρες
2848 2495 2957 2550 τῶν
3009 2496 3161 2550 ίδίων
3196 2496 3425 2551 τέκνωψ
3470 2497 3634 2568 ἥκιστα
3665 2494 3704 2549 δὲ

2207 2587 2367 2641 τοῦτο
2403 2588 2494 2642 ἐπὶ
2549 2587 2685 2641 Θεοῦ
2743 2587 2941 2659 ἀληθές
2966 2605 2981 2619 ·
3024 2589 3397 2660 συνυφέστηκε
3440 2589 3534 2660 γὰρ
3566 2585 3705 2654 dilui:

2208 2679 2407 2748 Πατρὶ,
2448 2679 2541 2732 καὶ
2589 2671 2933 2751 συνάναρχον
2962 2677 3076 2752 ἔχει
3124 2679 3228 2751 τὴν
3284 2679 3497 2751 ὓπαρξιν
3529 2677 3594 2749 τῷ
3627 2675 3705 2746 ίὸιῳ

2208 2769 2515 2841 Γεννήτορι.
2549 2769 2635 2822 ἵνα
2663 2770 2756 2824 καὶ
2781 2770 2869 2825 ἀεὶ
2906 2770 3096 2842 πατὴρ
3130 2770 3402 2842 φαίνηται.
3439 2771 3507 2825 Οὐ
3544 2770 3630 2840 γὰρ
3657 2764 3705 2840 ἦν

2207 2859 2295 2912 ὅτε
2326 2859 2485 2913 τοῦτο
2528 2860 2628 2914 οὐκ
2659 2855 2748 2931 ἦν.
2801 2859 2961 2914 Ἔστι
2991 2859 3181 2915 τοίνυν
3210 2860 3288 2931 τῷ
3328 2860 3423 2931 μὲν
3464 2858 3609 2929 Πατρὶ
3637 2858 3706 2927 τὴν

2209 2951 2370 3021 φύσιν
2398 2952 2594 3006 ταυτὸν
2632 2952 2693 3007 τὸ
2719 2951 2863 3006 θεῖόν
2892 2969 2953 3006 τε
2980 2953 3076 3007 καὶ
3121 2953 3462 3026 ὑπερκόσμον
3482 2952 3706 3021 Γέννημα.

530 3039 717 3102 fuerit.
750 3040 848 3096 Est
896 3040 1061 3110 igitur
1102 3039 1242 3094 idem
1287 3046 1477 3093 natura
1518 3051 1639 3092 cum
1677 3035 1836 3092 Patre
1865 3036 2104 3091 divinum

2214 3040 2373 3110 μόνον
2401 3041 2457 3094 δὲ
2489 3043 2546 3094 ἐν
2580 3041 2859 3112 ἑτερότητι
2883 3044 2949 3113 τῇ
2981 3041 3125 3096 κατά
3156 3044 3400 3113 υἱότητα.
3422 3042 3490 3096 Οὐ
3511 3042 3601 3112 γάρ
3623 3043 3705 3091 ἔστι

531 3143 697 3203 atque
746 3132 1243 3203 supermundanum
1284 3129 1559 3186 Germen:
1605 3127 1932 3183 discernitur
1978 3141 2109 3183 vero

531 3235 739 3280 tantum
792 3222 1068 3280 ﬁliationis
1120 3222 1352 3278 ratione.
1393 3220 1580 3291 Neque
1626 3220 1771 3278 enim
1803 3230 1889 3276 est
1933 3229 2106 3290 pater,

531 3318 657 3385 quia
705 3332 882 3386 neque
936 3316 1030 3370 ille
1087 3314 1248 3369 ﬁlius.
1290 3313 1426 3368 Cum
1466 3313 1650 3382 itaque
1701 3326 1951 3383 suprema
1985 3326 2107 3367 om-

533 3408 680 3461 nium
702 3405 937 3462 essentia
965 3405 1148 3460 omnia
1171 3403 1550 3474 impleat,quia
1569 3414 1624 3458 et
1642 3418 1856 3459 onmem
1888 3412 2106 3459 creatu-

532 3515 648 3554 ram
701 3508 758 3553 et
803 3505 1037 3552 mentem
1096 3495 1473 3566 rationemque
1523 3495 1737 3550 excedit
1791 3511 1807 3549 :
1858 3493 2110 3550 desinant

532 3589 776 3646 cavillari
824 3588 1090 3655 nonnulli,
1128 3586 1218 3656 qui
1264 3601 1330 3644 ex
1384 3586 1597 3657 privato
1648 3586 1883 3656 ipsorum
1945 3587 2110 3642 corde

533 3686 854 3753 loquuntur,
878 3690 935 3736 et
977 3696 1083 3738 non
1125 3695 1193 3736 ex
1243 3694 1343 3736 ore
1386 3679 1621 3749 Domini,
1654 3678 1798 3735 sicut
1845 3678 2108 3749 scriptum

530 3774 686 3841 est"
725 3792 740 3831 :
779 3788 847 3830 ne
912 3773 1194 3830 veritatem
1271 3772 1661 3843 opprimentes,
1706 3772 1818 3828 suis
1873 3773 2107 3843 ipsorum

532 3863 801 3935 capitibus
864 3880 1078 3936 poenam
1138 3864 1263 3920 huic
1331 3875 1553 3935 peccato
1615 3865 1851 3949 debita‘m
1923 3879 2110 3919 accer-

530 3965 671 4015 saut.

1109 4068 1339 4127 CAPUT
1372 4068 1515 4125 XIX.

532 4185 797 4243 Adversus
855 4186 1110 4248 dicentes,
1167 4182 1507 4253 Unigenitum
1562 4183 1826 4237 hominem
1883 4183 2106 4253 factum,

741 4253 896 4309 calas
928 4255 1220 4309 divinitatis
1243 4270 1355 4308 sua:
1394 4269 1583 4308 vacuus
1608 4254 1895 4323 reliquisse.

601 4430 742 4492 Sunt
756 4428 855 4498 qui
884 4427 1115 4483 absurda
1168 4427 1439 4497 quadam,
1472 4436 1532 4481 ut
1581 4426 1763 4490 audio,
1792 4440 2111 4496 summeque
2142 4406 2186 4462 θ

529 4518 759 4579 ridicula
787 4520 927 4576 dicta
955 4518 1230 4586 ell'utlunt,
1256 4523 1537 4587 loquentes
1567 4534 1633 4574 ex
1658 4520 1824 4574 corde
1849 4518 2110 4588 ipsorum,

528 4614 739 4673 etinou
768 4626 833 4666 ex
852 4625 961 4665 ore
992 4609 1224 4675 Domini,
1256 4608 1398 4664 sicut
1433 4607 1694 4679 scriptum
1716 4618 1816 4664 est.
1842 4608 1944 4665 Ubi
1964 4609 2109 4665 enim

535 4703 784 4760 veritatis
841 4699 1097 4771 splendor
1147 4714 1211 4754 ac
1256 4698 1601 4770 pulchritudo
1640 4715 1745 4756 non
1795 4699 1992 4767 elucet,
2038 4701 2111 4755 ibi

529 4795 755 4855 omnino
781 4803 936 4863 pater
967 4791 1237 4848 mendacii
1262 4790 1483 4847 exitiale
1516 4791 1798 4863 pravitatis
1826 4806 1937 4848 sua:
1966 4793 2112 4848 virus

530 4883 784 4942 eﬁ‘undit.
819 4882 1260 4954 lntelligoigitur
1288 4881 1548 4951 quosdam
1604 4891 1846 4937 extrema
1894 4882 2106 4938 inscitia

528 4987 787 5050 gravatos
844 4975 1049 5032 sentire
1106 4988 1169 5030 ac
1213 4974 1431 5041 dicere,
1478 4974 1812 5044 unigenitum
1876 4975 2103 5030 Verbum

530 5069 648 5135 Dei,
664 5084 787 5125 cum
822 5069 1021 5124 factum
1049 5078 1134 5122 est
1167 5067 1352 5130 homo,
1376 5081 1501 5122 cum
1533 5065 1838 5121 hominibus
1864 5066 1916 5119 in
1941 5081 2109 5121 carne

532 5162 752 5230 degens,
805 5173 1007 5214 vacuos
1054 5157 1355 5214 divinitatis
1401 5171 1512 5213 suae
1570 5155 1740 5212 coalos
1800 5156 2100 5226 reliquisse.

533 5250 646 5307 lloc
672 5261 851 5307 autem
869 5252 1006 5308 nihil
1026 5250 1169 5310 aliud
1196 5260 1281 5308 est
1304 5266 1469 5321 quam
1497 5250 1541 5306 si
1572 5250 1741 5315 dicas,
1765 5263 1888 5306 eum
1934 5264 2107 5319 quan-

537 5344 697 5399 titate
744 5345 1047 5401 mensurari
1102 5356 1280 5414 posse,
1325 5341 1936 5415 comprehensibilisque
1987 5356 2108 5395 esse

537 5444 765 5501 naturae,
794 5445 851 5489 et
886 5439 937 5491 in
969 5436 1088 5491 loco
1117 5452 1357 5506 manere,
1379 5436 1831 5508 quemadmodum
1854 5447 2106 5504 corpora,

538 5526 866 5598 reliquaeque
911 5537 1197 5583 creaturae.
1249 5529 1569 5600 lgnorarunt
1632 5536 1808 5585 autent
1857 5527 2109 5592 fortasse,

612 5684 656 5718 "
678 5679 880 5739 Jcrem.
911 5696 1065 5749 χχιιι,
1092 5681 1175 5736 16.

2211 3131 2416 3203 πατὴρ,
2457 3133 2539 3187 ὅτι
2577 3132 2711 3205 μηδὲ
2776 3135 2978 3199 ἐκεῖνος
3034 3134 3177 3198 υἱός-
3250 3134 3454 3197 Τοίνυν,
3490 3133 3556 3196 ὡς
3596 3131 3708 3199 ἔφην.

2210 3224 2391 3277 πάντα
2425 3224 2526 3293 τῆς
2559 3224 2822 3280 ἀνωτάτω
2860 3224 3053 3281 πασῶν
3088 3226 3290 3290 οὐσίας
3335 3224 3625 3297 πληρούσης,
3654 3222 3709 3273 ὃτι

2211 3316 2305 3369 καὶ
2336 3317 2477 3386 ὑπὲρ
2509 3317 2686 3370 κτίσιν
2714 3317 2809 3371 καὶ
2831 3314 2957 3370 νοῦν
2991 3316 3087 3371 καὶ
3116 3315 3283 3386 λόγον
3306 3316 3447 3383 ἐστὶ,
3489 3315 3553 3387 μὴ
3592 3314 3709 3383 βατα-

2214 3407 2511 3479 ριξέτωσάν
2547 3424 2714 3476 τινες,
2749 3407 3041 3473 λαλοῦντες
3066 3408 3135 3463 τὰ
3160 3409 3279 3464 ἀπὸ
3319 3409 3528 3481 καρδίας
3560 3406 3706 3466 αὐτῶν,

2212 3498 2308 3551 καὶ
2332 3498 2432 3551 οὐκ
2454 3486 2566 3552 ἀπὸ
2598 3497 2868 3569 στόματος
2903 3497 3131 3570 Κυρίου,
3157 3500 3309 3555 καθὰ
3336 3500 3627 3572 γέγραπται·
3651 3497 3709 3548 ἵνα

2214 3589 2289 3661 μὴ
2318 3589 2415 3661 τὴν
2456 3588 2719 3660 ἀλήθειαν
2760 3589 3126 3661 παραλύοντες
3178 3595 3302 3657 ταῖς
3338 3591 3529 3646 ἑαυτῶν
3563 3589 3708 3659 ψυχαῖς

2211 3682 2590 3750 ὲπαντλήσωσι
2624 3680 2722 3751 τὴν
2767 3683 2884 3744 τοῖς
2919 3680 3075 3736 τοῦτο
3112 3685 3252 3757 δρᾷν
3289 3683 3493 3739 εἰωθόσι
3524 3680 3709 3751 πρέπονο

2215 3789 2310 3826 σαν
2337 3771 2515 3842 δίκην.

2802 4064 3051 4120 ΚΕΦΑΛ.
3096 4064 3199 4119 16'.

2212 4174 2364 4259 Πρός
2412 4176 2882 4259 τοὺςιλέγοντςις
2912 4177 3016 4259 det
3042 4179 3366 4259 γεγάμεν-ος
3403 4168 3712 4259 ἇζθρωςποςᾷιξ

2284 4247 2632 4334 Μονογεζνὴς
2658 4245 2873 4334 κενοὺς
2892 4246 3092 4317 ἀφῆκε
3122 4245 3238 4317 τῆς
3266 4246 3475 4303 ἑαυτοῦ
3499 4245 3713 4309 θεότητος

2284 4332 2426 4382 τους
2455 4332 2771 4385 ουρανους.

2290 4426 2528 4479 Ἀπιστά
2580 4442 2743 4491 τινες,
2793 4426 2869 4490 ὡς
2905 4426 3127 4499 ἔμαθον,
3179 4428 3276 4482 καὶ
3306 4426 3612 4497 γελοιότητος
3638 4417 3713 4487 τῆς

2209 4518 2447 4589 ἐσχάτης
2479 4517 2755 4589 ἑπίμεστα
2802 4520 3047 4590 ῥημάτια
3085 4519 3514 4593 περικρμίζουσι,
3544 4510 3715 4568 λαλοῦν·

2209 4625 2301 4671 τες
2331 4608 2401 4661 τὰ
2431 4607 2540 4662 ἀπὸ
2585 4608 2816 4681 καρδίας
2848 4611 3048 4676 αὐτῶν,
3091 4611 3186 4664 καὶ
3218 4613 3321 4665 οὐκ
3370 4610 3473 4664 ἀπὺ
3511 4606 3716 4675 στόματος

2210 4701 2442 4771 Κυρίου,
2472 4700 2614 4755 κατὰ
2636 4701 2697 4755 τὸ
2722 4702 3125 4773 γεγραμμένον.
3164 4704 3342 4756 Ὅπου
3368 4702 3471 4773 γὰρ
3496 4698 3549 4752 τὸ
3571 4693 3715 4751 καλλος

2209 4791 2307 4860 τῆς
2334 4789 2592 4860 ἀληθείας
2623 4791 2684 4844 οὐ
2709 4791 3071 4860 διαφαίνεται,
3095 4795 3214 4846 ἐκεῖ
3234 4793 3449 4856 πάντως
3473 4793 3500 4844 ὁ
3526 4786 3605 4842 τοῦ
3621 4779 3716 4852 d95-

2214 4876 2337 4940 δους
2377 4877 2559 4949 πατὴρ
2589 4880 2742 4949 ἐκχεῖ
2784 4881 2883 4950 τῆς
2908 4882 3134 4953 ἐνούσης
3166 4881 3315 4954 αὐτῷ
3346 4881 3633 4948 σκαιότητος
3651 4873 3715 4924 τδν

2213 4970 2566 5040 ἀνδροκτόνον
2599 4971 2696 5024 ἰόν.
2748 4972 3017 5029 Μανθάνω
3066 4974 3245 5028 τοίνυν
3286 4976 3432 5037 τινας
3477 4973 3536 5023 ὲκ
3564 4961 3715 5030 πολλῆς

2210 5063 2352 5131 ἄγαν
2393 5062 2685 5127 ἀσυνεσίας
2718 5064 3020 5119 διακεῖσθαι
3060 5069 3153 5121 καὶ
3190 5066 3390 5135 λέγειν,
3435 5064 3561 5117 ότιό
3595 5071 3711 5131 μονο·

2210 5156 2375 5227 γενὴς
2407 5156 2578 5225 Λόγος
2599 5156 2693 5210 τοῦ
2723 5155 2860 5209 Θεοῦ
2889 5157 3180 5227 γενόμενος
3214 5157 3510 5227 ἄνθρωπος,
3539 5148 3715 5205 καὶτοῖς

2212 5250 2305 5303 ἐπὶ
2346 5250 2448 5320 γῆς
2490 5250 2627 5319 μετὰ
2662 5250 2862 5320 σαρκὸς
2918 5249 3403 5320 συναναστραφεὶς,
3452 5242 3619 5303 κενοὺς
3648 5235 3715 5302 τῆς

2215 5340 2408 5395 ἑαυτοῦ
2432 5340 2684 5412 θεότητος
2712 5343 2893 5412 ἀφῆκε
2917 5343 3043 5407 τοὺς
3071 5341 3356 5412 οὐρανούς.
3391 5337 3550 5392 Τοῦτο
3568 5332 3615 5387 δέ
3633 5330 3715 5380 ἐστι

2215 5434 2400 5505 ἕτερον
2437 5434 2646 5505 οὐδὲνῆ
2681 5438 2856 5489 ἐκεῖνο
2894 5435 3080 5505 φάναι,
3109 5437 3190 5488 ὅτι
3223 5434 3476 5501 ποσότητι
3508 5416 3717 5499 μετρητάς

2219 5527 2355 5590 ἐστι,
2399 5528 2492 5580 καὶ
2542 5525 2879 5600 περιληπτὴν
2919 5525 3029 5596 ἔχει
3059 5525 3155 5598 τὴν
3181 5526 3356 5596 φύσιν,
3399 5523 3487 5579 καὶ
3527 5520 3577 5571 ὲν
3606 5512 3718 5575 τόπῳ
