3936 6200
329 275 468 331 1113

1325 271 1692 328 ADVERSUS
1733 271 2541 328 AN'l'llROPOMOIH’UITAS.

3445 271 3589 332 HN

329 391 508 463 μένει,
546 389 691 444 καθὰ
718 389 814 442 καὶ
859 389 924 442 τὰ
984 385 1235 458 σώματα,
1287 387 1454 457 ἤγουν
1501 387 1567 438 τὰ
1598 386 1759 456 ἕτερα
1795 384 1890 438 τῶι

2006 385 2349 440 Divinitatem
2405 385 2779 454 incorpoream
2843 398 2985 450 esse,
3021 384 3202 456 ﬁgurae
3247 391 3300 440 et
3347 386 3582 455 partium

328 480 666 551 κτισμάτων.
697 479 856 540 Ἴσως
883 478 940 531 δὲ
973 477 1245 549 ἠγνόησαν
1278 477 1358 530 δτι
1386 477 1448 530 τὸ
1470 476 1624 529 Θεῖον
1669 474 1900 546 ἀσώμα-

326 571 420 624 τόν
442 571 578 631 ἐστι,
611 570 1041 639 ἀσχημάτιστον,
1073 567 1299 638 ἀμερὲς,
1331 568 1394 620 οὑ
1431 566 1700 637 μετρητὸν
1740 567 1899 619 ποσό-

324 678 470 731 τητι,
499 661 559 713 οὑ
590 659 1067 732 περιγραφόμενον
1117 657 1288 727 τόπῳ,
1339 656 1476 710 ἀλλὰ
1522 656 1764 727 πληροῦν
1802 657 1901 727 μὲν

323 752 393 805 τὰ
414 753 615 815 πάντα,
647 751 744 804 καὶ
770 753 826 803 ὲν
859 751 1012 812 πᾶσι,
1043 748 1329 819 άχῶρητον
1359 748 1417 801 ὃν
1456 748 1577 800 κατ’
1631 748 1768 801 ἰδίαν
1800 747 1872 817 φύ

328 859 434 897 σιν.
476 843 793 912 Γέγραπται
827 840 954 911 γὰρ,
1000 841 1082 892 ὅτι
1133 857 1152 891 ι
1187 839 1296 892 Ποῦ
1351 838 1607 910 πορευθῶ
1651 839 1758 892 ἀπὸ
1805 838 1900 892 τοῦ

328 933 645 1001 Πνεύματός
693 949 808 990 σου,
840 932 936 984 καὶ
957 929 1066 983 ἀπὸ
1108 928 1402 1001 προσώπου
1439 946 1533 982 σου
1563 929 1667 983 ποῦ
1708 930 1896 1000 φύγω;

336 1023 464 1077 Ἐὰν
488 1022 675 1075 ἀναδῶ
707 1025 784 1083 εἰς
817 1023 910 1074 τὸν
937 1020 1184 1090 οὑρανὸν,
1211 1020 1275 1074 σὺ
1296 1023 1412 1074 ἐκεῖ
1435 1017 1514 1073 εἴ·
1551 1021 1647 1075 ἐὰν
1676 1021 1901 1075 καταϐῶ

325 1117 403 1176 εἰς
427 1115 519 1166 τὸν
552 1113 704 1184 ᾅδην,
751 1111 931 1184 πάρει.
979 1113 1104 1166 Ἐὰν
1129 1112 1455 1183 ἀναλὰϐοιμι
1494 1114 1594 1176 τὰς
1620 1113 1900 1184 πτέρυγάς

325 1224 428 1277 μου
454 1208 573 1259 κατ’
621 1205 835 1277 ὄρθρον,
868 1205 963 1258 καὶ
1009 1204 1419 1276 κατασκηνὼσω
1455 1207 1535 1268 εἰς
1579 1206 1648 1260 τά
1694 1206 1899 1278 ἔσχατα

320 1297 422 1366 τῆς
451 1297 760 1367 θαλάσσης.
817 1297 911 1350 καὶ
949 1297 1059 1366 γὰρ
1097 1299 1215 1350 ἐκεῖ
1267 1298 1299 1368 ή
1335 1297 1454 1368 χεῐρ
1504 1313 1596 1350 σου
1638 1298 1897 1369 ὁδηγήσει

325 1407 424 1459 μου
445 1391 479 1444 ⁸.
512 1409 529 1440 ι
566 1388 908 1442 Ἕδειτοὶνυν
931 1390 1127 1453 αὑτοὺς
1171 1390 1272 1443 οὑκ
1302 1388 1362 1455 ἐξ
1401 1391 1670 1461 ἀμαθείας
1716 1393 1900 1461 φωνὰς

323 1479 644 1551 ἐρεύγεσθαι
671 1483 986 1552 προπετεῖς,
1026 1480 1138 1533 ἀλλ’
1176 1482 1396 1548 ἐννοεῖν,
1429 1477 1517 1536 οἷά
1543 1500 1600 1536 τε
1642 1484 1737 1537 καὶ
1771 1485 1894 1548 ὅσα,

321 1573 414 1624 καὶ
444 1573 501 1624 ἐν
545 1571 656 1625 τίσι
691 1572 986 1643 ὑπεροχαῖς
1016 1573 1048 1642 ἡ
1100 1571 1216 1625 θεία
1245 1573 1339 1626 καὶ
1369 1574 1757 1646 ὑπερμεγέθης
1805 1577 1898 1629 καὶ

319 1663 630 1734 ἀπόρρητος
661 1664 777 1717 ἐστὶ
809 1662 902 1716 τοῦ
925 1662 1058 1716 Θεοῦ
1092 1663 1271 1731 φύσις.
1305 1663 1427 1728 Πῶς
1465 1663 1560 1735 [a|.
1598 1666 1760 1738 Πότε]
1787 1669 1898 1737 γὰρ

2003 487 2302 547 expertem,
2347 492 2572 546 quaeque
2633 476 2938 545 quantitate
2985 477 3288 532 mensurari
3352 488 3407 532 et
3463 478 3583 534 loco

2002 568 2370 623 circumscribi
2422 578 2698 637 nequeat:
2730 568 2822 622 sed
2879 567 3045 638 389
3083 568 3307 638 implere
3359 569 3578 638 quidem

2001 660 2200 722 omnia,
2238 670 2292 716 et
2353 661 2404 716 in
2459 660 2730 726 omnibus,
2797 660 3225 728 immensamque
3269 674 3390 715 esse
3424 659 3578 728 juxta

2001 754 2268 822 pr0priam
2294 767 2445 807 suam
2471 758 2737 806 naturam.
2769 749 3042 819 Scriptum
3069 759 3154 804 est
3180 751 3323 804 enim
3346 765 3362 804 :
3387 769 3405 802 ι
3430 750 3580 818 Quo-

2001 860 2126 900 nam
2151 845 2238 900 ibo
2276 859 2303 897 a
2336 844 2541 914 Spiritu
2569 853 2682 906 tuo,
2709 852 2764 897 et
2801 857 2830 895 a
2861 841 3001 895 facie
3046 849 3134 895 tua
3191 856 3298 910 quo
3344 841 3582 911 fugiam?

2001 938 2057 992 Si
2099 929 2392 993 ascendero
2437 936 2491 991 in
2543 935 2763 1001 coelum,
2792 943 2846 989 tu
2889 933 2998 990 illic
3045 948 3140 989 es:
3168 933 3212 988 si
3247 933 3580 989 descendero

2000 1030 2053 1084 in
2082 1028 2370 1094 infernum,
2399 1029 2548 1085 ades.
2576 1028 2633 1084 Si
2665 1041 2947 1098 sumpsero
2983 1027 3098 1081 alas
3129 1040 3278 1082 meas
3325 1025 3577 1092 diluculo,

1998 1131 2052 1176 et
2077 1121 2388 1176 habitavero
2411 1121 2462 1175 in
2485 1120 2743 1175 extremis
2779 1118 2966 1184 maris,
3006 1118 3208 1172 etenim
3241 1116 3351 1173 illic
3387 1132 3580 1172 manus

2003 1223 2090 1268 tua
2121 1213 2348 1269 deducet
2375 1229 2460 1268 me
2484 1214 2552 1268 ὀ.
2593 1231 2610 1264 ι
2649 1211 2944 1281 Oportebat
2971 1212 3135 1280 igitur
3178 1226 3273 1267 eos
3317 1225 3421 1265 non
3469 1225 3581 1279 prae

2002 1307 2212 1363 inscitia
2239 1307 2559 1362 temerarias
2587 1307 2748 1360 hasce
2774 1321 2935 1360 voces
2961 1313 3232 1370 ernctare,
3262 1303 3356 1359 sed
3392 1318 3575 1358 secum

2001 1397 2331 1470 perpendere
2362 1398 2538 1468 qualis
2571 1406 2625 1450 et
2654 1409 2874 1464 quanta,
2909 1406 2964 1451 et
3000 1412 3159 1466 quam
3211 1395 3483 1450 excellens
3510 1394 3582 1448 sit

2000 1489 2184 1544 divina
2237 1499 2398 1558 atque
2448 1490 2712 1544 immensa
2761 1487 3158 1558 inellabilisque
3212 1488 3306 1541 Dei
3363 1496 3577 1540 natura.

2000 1579 2118 1646 Quo
2146 1591 2304 1650 pacto
2348 1581 2490 1635 enim
2524 1580 2661 1634 Deus
2693 1577 2927 1633 Verbum
2957 1579 3262 1646 sejunrtnm
3289 1576 3579 1646 aliquando

2002 1672 2166 1728 fuerit
2202 1687 2232 1726 a
2263 1671 2442 1738 Patre,
2460 1682 2552 1726 aut
2581 1673 2636 1726 in
2673 1673 2792 1743 ipso
2819 1685 3037 1727 manere
3061 1669 3320 1725 desierit?
3349 1669 3405 1724 Si
3435 1668 3579 1723 enim

317 1755 345 1806 ό
365 1752 496 1815 Θεὸς
530 1752 702 1820 Λόγος
744 1752 954 1823 ἀπέστη
983 1751 1078 1805 τοῦ
1109 1747 1250 1804 εἶναι
1287 1753 1425 1823 μετὰ
1462 1753 1555 1805 τοῦ
1599 1755 1830 1825 Πατρὸς,
1861 1755 1890 1825 ἧ

2001 1765 2114 1820 [ἰθτί
2145 1775 2322 1836 potest
2351 1775 2411 1820 ut
2438 1782 2466 1820 a
2493 1766 2694 1820 lumine
2728 1765 2943 1820 excidat
2971 1773 3357 1832 separeturth
3389 1763 3576 1831 splen-

315 1843 411 1898 τοῦ
451 1835 508 1897 ἐν
539 1844 686 1914 αὑτῷ
717 1845 940 1914 μένειν;
985 1845 1050 1897 Εἰ
1102 1845 1211 1915 γὰρ
1256 1845 1529 1914 ἐνδέχεται
1563 1846 1656 1899 τοῦ
1717 1847 1896 1915 φωτὸς

316 1935 590 1996 ἐκπεσεῖν,
616 1937 709 1990 καὶ
750 1933 1088 2004 χωρισθῆναι
1118 1935 1178 1986 τὸ
1208 1935 1548 2007 ἀπαύγασμα
1573 1936 1634 1988 τὸ
1673 1936 1769 1989 ἀπ’
1799 1937 1894 1990 αὑ·

314 2023 430 2086 τοῦ,
460 2019 528 2094 ἦν
555 2023 622 2077 ἂν
654 2023 800 2086 εἰκὸς
822 2023 1096 2094 ἐννοῆσαι,
1123 2025 1206 2079 ὅτι
1231 2024 1321 2078 τὸν
1346 2025 1471 2079 Υῖὸν
1503 2025 1781 2096 ἐνδέχεται
1816 2027 1892 2100 μὴ

314 2111 454 2169 εἶναι
496 2114 634 2184 μετὰ
672 2114 768 2167 τοῦ
814 2115 1051 2186 Πατρός.
1093 2115 1220 2179 Πῶς
1249 2116 1359 2188 γὰρ
1396 2117 1495 2170 οὑκ
1540 2118 1770 2190 ἐνόησαν
1813 2119 1893 2172 ὅτι

312 2206 565 2276 γεννητὸς
588 2207 664 2260 ῶν
697 2209 725 2261 ό
756 2208 936 2280 ἥλιοςσ
971 2208 1179 2278 κτίσμα
1208 2209 1318 2280 γάρ
1345 2212 1482 2273 ἐστι,
1507 2209 1574 2262 δι’
1603 2209 1769 2263 αὑτοῦ
1798 2209 1891 2263 τοῦ

313 2299 489 2366 Λόγου
540 2299 901 2369 παρενεχθεὶς
942 2303 1022 2364 εἰς
1069 2301 1350 2370 γέννησιν
1399 2301 1608 2370 διέρπει
1663 2301 1762 2370 μὲν
1794 2302 1894 2372 τὴν

311 2389 424 2443 ἄνω
477 2390 572 2442 καὶ
621 2391 770 2462 αὑτῷ
836 2391 1133 2462 ταχθεῖσαν
1183 2392 1334 2455 ὁδὸν,
1392 2391 1615 2462 καθίησι
1669 2391 1725 2445 δὲ
1781 2395 1892 2455 τοῖς

309 2482 655 2551 ἁπανταχόσε
688 2482 746 2536 τὸ
774 2483 911 2550 φῶς,
944 2484 1035 2535 καὶ
1059 2483 1235 2537 πάντα
1262 2481 1488 2552 πληρῶν
1517 2483 1614 2553 τῆς
1642 2481 1698 2548 ἐξ
1724 2480 1889 2535 αὑτοῦ

311 2573 687 2644 προχεομένης
716 2573 912 2644 αὑγῆς,
937 2572 1049 2642 ἔχει
1079 2573 1240 2625 πάλιν
1268 2571 1438 2642 αὑτὴν
1468 2574 1525 2624 ὲν
1551 2573 1723 2644 αὑτῷ;
1753 2574 1889 2626 Πότε

309 2665 488 2718 τοίνυν
536 2665 638 2720 οὑκ
679 2661 746 2738 ἦν
776 2667 834 2720 ὲν
884 2667 1059 2734 Πατρὶ
1093 2666 1154 2718 τὸ
1205 2665 1545 2735 ἀπαύγασμα
1590 2666 1686 2737 τῆς
1731 2666 1890 2735 δόξης

308 2757 474 2814 αὐτοῦ
504 2757 648 2829 (14);
682 2757 814 2810 πότε
849 2757 1179 2828 κεχώρισται
1209 2757 1303 2827 τῆς
1346 2759 1693 2824 ὑποστάσεως
1722 2759 1888 2813 αὑτοῦ

306 2854 336 2904 ὁ
363 2851 654 2922 χαρακτὴρ
681 2851 884 2916 αὑτοῦ;
935 2852 1030 2905 καὶ
1075 2853 1144 2905 τὰ
1194 2851 1371 2905 πάντα
1415 2851 1751 2923 πληροῦντος
1793 2852 1888 2908 τοῦ

309 2939 546 3012 Πατρὸς,
569 2941 670 2993 οὑκ
694 2940 807 3011 ἔχει
835 2940 994 2993 τοῦτο
1025 2939 1163 2994 κατὰ
1183 2939 1344 3010 φύσιν
1368 2943 1398 2993 ό
1419 2940 1565 3008 Υἱὸς,
1594 2942 1655 2995 τὸ
1685 2943 1884 3009 πάντα,

304 3034 472 3102 φημὶ,
505 3031 769 3103 πληροῦν,
793 3033 887 3084 καὶ
910 3031 1186 3102 πανταχοῦ
1212 3027 1371 3094 εἶναι,
1399 3032 1491 3086 καὶ
1520 3033 1730 3098 οὐδενὸς
1749 3037 1886 3089 ἀπο-

305 3122 704 3192 λιμπάνεσθαι;
741 3121 1071 3195 Έτεροφυὴς
1102 3123 1210 3194 ἄρα
1242 3124 1372 3195 παρ’
1396 3124 1559 3180 αὑτόν
1592 3127 1726 3179 ἐστι.
1765 3127 1888 3180 Ἐκ-

307 3213 568 3268 πιπτουσι
604 3214 787 3267 τοίνυν
823 3215 904 3277 εἰς
935 3215 1036 3288 τὴν
1079 3215 1187 3269 τῶν
1231 3216 1493 3288 Ἀριανῶν
1533 3218 1888 3291 πεπλανημέ-

306 3322 404 3375 νην
438 3306 594 3372 δόξαν
620 3307 670 3362 οἱ
696 3305 867 3359 ταῦτα
893 3307 1072 3374 λέγειν
1105 3306 1414 3378 τολμῶντες
1444 3311 1574 3380 περὶ
1602 3310 1791 3366 αὑτοῦ.
1824 3311 1887 3364 Εἰ

309 3396 410 3468 μὲν
440 3397 548 3467 γὰρ
582 3397 799 3469 ἀληθῶς
836 3399 1234 3453 πεπιστεύκασι
1275 3400 1355 3453 ὅτι
1388 3401 1484 3453 καὶ
1518 3401 1669 3466 Θεὸς,
1702 3403 1798 3457 καὶ
1822 3405 1886 3456 ὲκ

304 3487 439 3540 Θεοῦ
466 3488 680 3558 Πατρὸς
727 3492 868 3543 κατὰ
915 3489 1078 3559 φύσιν
1127 3492 1372 3561 πέφυκεν
1393 3494 1422 3546 ό
1447 3493 1594 3557 Υἱὸς,
1623 3495 1674 3548 τί
1698 3497 1773 3567 μὴ
1797 3497 1883 3550 νέ-

305 3596 468 3649 μουσι
496 3580 648 3652 αὑτῷ
683 3582 753 3637 τὰ
783 3572 849 3654 τῇ
874 3583 995 3656 θείᾳ
1025 3583 1181 3652 φύσει
1205 3585 1516 3656 πρέποντας
1542 3587 1603 3640 El
1623 3588 1679 3640 δὲ
1711 3590 1885 3660 ὄνομα

305 3672 406 3740 μὲν
433 3672 582 3743 αὑτῷ
610 3674 674 3727 τὸ
704 3674 800 3728 τοῦ
829 3675 965 3729 Θεοῦ
999 3675 1455 3748 περιπλάττουσι,
1486 3678 1597 3731 τῶν
1634 3679 1884 3750 ἀξιωμά-

299 3782 409 3818 των
464 3765 520 3819 δὲ
568 3767 930 3837 ἀποστεροῦσι
977 3769 1078 3838 τῆς
1126 3768 1758 3842 θεότητος,ἡγνοήκασι,
1801 3774 1884 3825 ὅτι

300 3857 669 3930 καταφέρουσι
716 3863 774 3913 ὲν
813 3862 1075 3931 κτίσμασι
1111 3861 1203 3914 τὸν
1249 3862 1507 3933 Ποιητὴν,
1559 3864 1652 3918 κα)⁸
1701 3867 1758 3917 ἐν
1815 3869 1880 3938 τῇ

305 3949 472 4020 μοίρᾳ
493 3949 601 4002 τῶν
636 3951 941 4020 γεγονότων
974 3953 1229 4005 τάττουσι
1265 3951 1357 4006 τὸν
1392 3953 1500 4006 τῶν
1544 3953 1680 4006 ὅλων
1727 3955 1884 4006 Γενε-

301 4041 554 4112 σιουργὸν
599 4043 693 4095 καὶ
737 4041 962 4114 Κύριον.
997 4044 1208 4099 Οὐκοῦν
1247 4039 1314 4115 ἦν
1352 4045 1450 4114 μὲν
1490 4045 1580 4098 ἐπὶ
1611 4045 1712 4114 γῆς
1742 4045 1881 4116 όρὼ-

207 4171 214 4178 ς
301 4149 465 4205 μενος
499 4133 640 4186 κατὰ
672 4135 852 4205 σάρκα
899 4135 1205 4204 ἄνθρωπος,
1250 4135 1479 4208 πλήρεις
1510 4135 1565 4189 δὲ
1613 4136 1706 4188 καὶ
1741 4135 1883 4189 οὕτω

295 4225 397 4290 τῆς
426 4223 590 4277 αὑτοῦ
619 4225 871 4296 θεότητος
899 4221 1038 4298 ἦσαν
1068 4227 1119 4277 οἱ
1147 4227 1395 4298 οὐρανοί·
1439 4226 1636 4296 πληροῖ
1670 4227 1777 4297 γὰρ
1814 4228 1883 4278 τὰ

298 4316 479 4368 πάντα
512 4314 644 4380 Θεὸς
685 4315 758 4369 ῶν
787 4319 813 4368 ό
838 4317 1030 4385 Λόγος.

896 4409 1148 4464 ΚΕΦΑΛ.
1191 4410 1275 4464 K'.

296 4499 452 4571 Πρὸς
486 4499 628 4565 τοὺς
660 4499 970 4568 λέγοντας.
1006 4501 1095 4555 ὅτι
1131 4501 1330 4568 ιόικῶς
1359 4505 1392 4556 ό
1435 4503 1625 4571 Λόγος
1657 4502 1890 4569 ἐνεργεῖ

368 4568 474 4658 id?
502 4573 848 4658 θεοσημίας,
877 4571 1058 4658 οὐδὲν
1083 4573 1348 4642 ἐχούσης
1377 4568 1535 4642 πρὸς
1555 4573 1734 4627 τοῦτο
1766 4568 1878 4641 τῆς

365 4653 455 4708 art.
465 4657 538 4705 ας
569 4653 758 4695 uorat)
794 4653 1042 4710 σαρκός.

366 4728 503 4793 Τοὺς
529 4730 584 4783 δὲ
613 4730 889 4802 λέγοντας,
912 4734 992 4786 ὅτι
1013 4733 1076 4786 οὑ
1101 4735 1204 4806 χρὴ
1230 4738 1550 4789 κοινοποιεῖν
1574 4735 1672 4807 τὴν
1705 4736 1878 4805 σάρκα

372 4846 418 4878 ’⁸
443 4846 589 4902 Psal.
615 4864 877 4915 cxxxvm,
907 4850 1063 4906 7-ιυ.

1998 1857 2096 1912 dor
2126 1859 2216 1928 qui
2251 1858 2317 1913 ab
2349 1859 2465 1928 ipso
2503 1858 2746 1927 procedit
2778 1875 2793 1910 :
2834 1856 3200 1910 verisimiliter
3229 1855 3389 1909 etiam
3428 1852 3582 1907 intel-

1999 1946 2090 2019 ligi
2123 1957 2303 2017 posset
2332 1946 2450 2002 ﬂeri
2491 1962 2648 2016 posse
2697 1957 2755 2000 ut
2795 1945 2962 2000 Filius
3001 1961 3120 1999 cum
3150 1943 3311 1998 Patre
3346 1959 3447 1996 non
3483 1943 3575 1998 sit.

1997 2039 2276 2107 Quomodo
2309 2050 2490 2094 autem
2535 2054 2641 2092 non
2703 2039 3106 2102 intellexerunt,
3137 2044 3464 2102 creaturam,
3499 2045 3576 2101 ut,

1995 2131 2224 2202 exempli
2259 2131 2454 2201 gratia,
2485 2130 2655 2186 solem
2687 2130 2834 2200 (nam
2865 2140 2919 2183 et
2949 2129 3029 2184 sol
3069 2138 3318 2184 creatura
3346 2139 3456 2194 est,
3483 2144 3578 2198 per

1998 2223 2226 2278 Verbum
2266 2224 2438 2293 ipsum
2463 2224 2530 2278 ad
2553 2234 2730 2278 ortum
2765 2221 3102 2290 traductus),
3133 2235 3231 2288 per
3255 2220 3575 2284 Zodiaenm,

1995 2315 2307 2384 prmscripta
2339 2315 2440 2370 sibi
2487 2315 2541 2368 in
2579 2315 2720 2370 cmlu
2766 2315 2854 2369 via
2891 2315 2945 2367 in
2977 2314 3162 2367 orbem
3189 2312 3352 2377 ferri;
3383 2312 3577 2366 demit-

1996 2415 2109 2460 tere
2147 2413 2326 2460 autem
2385 2406 2576 2474 quovis
2625 2407 2864 2461 locorum
2894 2421 3052 2460 suum
3101 2405 3319 2458 lumen:
3347 2418 3578 2472 cumque

1992 2496 2172 2550 Omnia
2231 2497 2451 2567 impleat
2506 2497 2794 2567 splendore
2844 2512 3004 2567 quem
3034 2512 3100 2552 ex
3128 2512 3187 2553 se
3221 2494 3467 2562 eli‘undit,
3494 2496 3576 2549 ni-

1992 2586 2288 2642 hilominus
2323 2597 2500 2642 tamen
2565 2588 2715 2644 illum
2763 2591 2925 2642 etiam
2961 2589 3015 2642 in
3047 2603 3106 2644 se
3140 2586 3418 2642 retinere?
3465 2586 3576 2640 Ali—

1991 2678 2279 2743 qnandone
2309 2676 2473 2748 igitur
2502 2692 2608 2733 non
2638 2676 2802 2734 fuerit
2823 2679 2878 2733 in
2919 2677 3080 2734 Patre
3110 2677 3363 2748 splendor
3391 2676 3577 2748 gloriae

1991 2767 2144 2835 ejus?
2171 2781 2496 2839 separatave
2519 2771 2685 2826 fuerit
2705 2771 2996 2841 aliquando
3028 2771 3097 2827 ab
3125 2773 3402 2842 hypostasi
3435 2769 3573 2839 ejus,

1991 2858 2167 2930 imago
2208 2861 2418 2931 ipsius?
2452 2872 2508 2917 et
2536 2878 2660 2917 cum
2685 2863 2885 2928 ,onmia
2921 2863 3141 2933 impleat
3186 2863 3365 2928 Pater,
3391 2877 3573 2916 annon

1990 2949 2153 3004 etiam
2180 2951 2286 3008 hoc
2333 2952 2490 3022 juxta
2541 2953 2816 3022 propriam
2869 2968 3022 3008 suam
3064 2963 3315 3007 naturam
3356 2954 3575 3008 habebit

1991 3041 2183 3108 Filius,
2227 3045 2368 3112 quod
2431 3045 2682 3101 videlicet
2736 3045 2919 3101 omnla
2985 3046 3223 3114 impleat,
3272 3055 3326 3101 et
3395 3045 3574 3101 ubivis

1989 3134 2232 3192 locorum
2284 3138 2377 3202 sit,
2410 3154 2584 3207 neque
2638 3139 2706 3193 ab
2758 3137 2866 3192 ullo
2909 3138 3352 3193 absit?Divers:e
3407 3138 3573 3209 igitur

1989 3240 2195 3286 naturae
2219 3229 2288 3284 ab
2338 3231 2456 3301 ipso
2503 3230 2628 3286 erit.
2654 3229 2918 3297 Quocirca
2957 3231 3008 3284 in
3057 3230 3385 3285 Arianorum
3419 3244 3570 3284 erro-

1989 3339 2147 3377 neam
2181 3322 2487 3392 Opinionem
2535 3321 2910 3388 prolabuntur,
2942 3321 3030 3390 qui
3071 3321 3184 3376 hmo
3225 3322 3292 3375 de
3334 3323 3448 3390 ipso
3481 3320 3569 3374 di-

1989 3429 2114 3469 cere
2153 3415 2377 3469 audent.
2399 3414 2464 3470 Si
2509 3415 2653 3467 enim
2695 3431 2822 3469 vere
2861 3415 3236 3479 crediderunt,
3278 3411 3475 3467 Filium
3517 3421 3573 3466 et

1990 3504 2181 3571 Deum,
2210 3512 2265 3559 et
2289 3519 2355 3559 ex
2391 3502 2682 3558 DeoPatre
2701 3505 2998 3560 secundum
3029 3485 3282 3558 naturam
3327 3503 3568 3572 genitum

1986 3612 2252 3652 esse:cur
2287 3612 2390 3650 non
2412 3599 2699 3654 ascribunt
2732 3598 2806 3653 illi
2833 3613 2952 3667 quae
2983 3599 3180 3652 divinae
3209 3606 3417 3651 natura:
3439 3612 3568 3651 con-

1987 3688 2252 3741 veniunt?
2286 3687 2343 3740 Si
2377 3702 2506 3743 vero
2539 3704 2737 3743 nomen
2769 3689 2986 3757 quidem
3012 3686 3106 3741 Dei
3144 3687 3242 3755 ipsi
3280 3686 3563 3756 allingunt,

1987 3778 2291 3832 divinitatis
2366 3790 2548 3833 autem
2611 3779 2968 3847 dignitatibus
3036 3789 3197 3846 atque
3263 3778 3566 3846 insignibus

1987 3871 2163 3938 ipsum
2214 3870 2454 3938 privent,
2520 3871 2773 3938 ignorant
2801 3886 2860 3924 se
2901 3868 3214 3923 Creatorem
3255 3868 3320 3921 ad
3381 3879 3563 3923 creati

1983 3957 2296 4022 deturbare,
2319 3959 2673 4027 omniumque
2695 3967 2846 4012 ortus
2869 3959 3161 4012 Auctorem
3191 3973 3254 4011 ac
3280 3957 3564 4010 Dominum

1983 4052 2169 4106 eodem
2225 4065 2346 4104 cum
2410 4051 2676 4106 creaturis
2723 4051 2913 4105 ordine
2953 4049 3244 4104 collocare.
3297 4049 3565 4115 Quocirca

1981 4152 2101 4198 erat
2125 4144 2340 4212 quidem
2372 4143 2422 4196 in
2453 4151 2618 4208 terra,
2641 4142 2788 4198 visus
2806 4141 3102 4198 secundum
3121 4155 3342 4196 carnem
3371 4143 3564 4208 homo;

1983 4233 2126 4303 pleni
2185 4241 2365 4287 autem
2423 4233 2772 4287 nihilominus
2829 4231 2999 4301 ipsius
3055 4233 3360 4286 divinitatis
3410 4245 3570 4287 erant

1983 4323 2126 4380 εαξη.
2159 4322 2352 4378 Omnia
2383 4327 2526 4377 enim
2573 4323 2760 4392 implet
2805 4324 2944 4378 Deus
2976 4324 3251 4380 exsistens
3305 4322 3562 4380 Verbum.

2472 4411 2637 4482 390
2676 4411 2905 4468 CAPUT
2944 4412 3061 4469 xx.

1987 4501 2250 4555 Adversus
2298 4501 2549 4566 dicentes,
2625 4501 2851 4555 Verbum
2920 4501 3258 4570 peculiariter
3301 4501 3565 4555 miracula

2056 4575 2285 4640 aper-ari,
2327 4584 2508 4625 sancta
2552 4573 2713 4640 ipsius
2760 4589 2920 4627 carne
2967 4573 3099 4626 nihil
3147 4574 3216 4626 ad
3244 4573 3340 4627 hoc
3382 4571 3564 4637 confe-

2056 4654 2220 4696 rente.

2054 4734 2159 4789 Eos
2178 4745 2367 4789 autem
2388 4735 2477 4802 qui
2510 4733 2776 4789 allirman‘t
2805 4750 2911 4788 non
2935 4743 3192 4804 oportere
3217 4746 3564 4788 communem

1492 4971 1648 5028 BON.
1681 4972 2023 5028 VULCANII
2057 4971 2288 5027 ΝΟΤᾸΞ.

364 5116 478 5188 (14)
520 5119 669 5194 Πότε
705 5120 914 5194 τοίνυν
949 5123 1060 5175 οὐκ
1088 5117 1168 5192 ἦν
1202 5121 1272 5176 ἐν
1301 5120 1384 5194 τῷ
1416 5122 1596 5191 Harp!
1625 5123 1690 5176 τὸ
1722 5123 1884 5178 άπαύ

1996 5140 2091 5194 ’μα
2128 5123 2235 5192 τῆς
2283 5124 2469 5192 δόξης
2503 5124 2689 5179 αὐτοῦ
2711 5141 2729 5188 ;
2763 5125 2886 5179 Isid.
2924 5123 3222 5180 Pelusiotes
3271 5126 3431 5192 epist.
3467 5124 3559 5186 58,

291 5187 306 5242 l
334 5193 384 5267 b.
416 5187 987 5267 ngeleganterlocum
1018 5187 1160 5267 hunc
1191 5192 1446 5267 explicat,
1482 5187 1706 5267 dicens;
1741 5194 1890 5246 Ka‘tt

1996 5187 2224 5267 ἇπέσιος
2251 5187 2460 5267 Παῦλος
2492 5197 2586 5248 καὶ
2614 5187 2804 5267 ῶσπερ
2833 5195 3019 5260 ἔνθους
3050 5187 3357 5267 γενόμενος,
3386 5195 3564 5248 πάντα

288 5259 362 5312 τὰ
384 5259 550 5341 γῄῐνα
581 5277 656 5312 πα
695 5261 1008 5348 αδείγματαο
1051 5259 1330 5348 ὑπερνηξά
1405 5280 1514 5330 νος,
1559 5262 1904 5348 ἀθπαύγασμα
1932 5265 2033 5336 τῆς
2072 5265 2162 5332 δόξ
2204 5283 2252 5330 ς,
2300 5265 2396 5318 καὶ
2429 5259 2895 5350 χαρακτῇρα’τῆς
2940 5259 3291 5329 amatam;
3332 5269 3433 5338 τῆς
3460 5284 3564 5320 πα-

289 5345 484 5386 τρικης
511 5329 603 5383 τὸν
629 5277 756 5386 1?le
807 5328 950 5386 εἶναι
979 5349 1243 5386 ωοισατο·
1275 5279 1491 5386 dirus»:
1520 5350 1612 5386 του
1659 5350 1874 5386 ποωτου
1918 5336 1976 5386 τὸ
2018 5285 2309 5386 συναῖτέιον.
2339 5335 2428 5386 διὰ
2473 5335 2528 5386 δὲ
2577 5351 2672 5386 του
2707 5334 2959 5386 δευτεοου
3008 5335 3470 5386 παραδείγματος-
3502 5337 3562 5386 τὸ

289 5328 484 5410 τρικῆς
511 5329 603 5383 τὸν
629 5328 756 5386 Υἱὸν
807 5328 950 5410 εἶναι
975 5328 1256 5410 ῶρίσατοί
1275 5334 1324 5410 ᾗ

291 5416 426 5452 ενυπ

1395 5333 1491 5408 μὲν
1520 5332 1881 5408 τοῦμπρῴτου-
1918 5332 2309 5408 τὸ⁷συναῖόιον,
2339 5332 2438 5389 διὰ
2464 5332 2528 5408 δὲ
2577 5332 2959 5408 τοῦδευτέρου
3008 5332 3470 5408 παραδείγματος,
3502 5337 3562 5389 τὸ

528 5417 656 5484 ατον
693 5402 936 5484 μηνύων.
973 5401 1095 5484 neq
1133 5415 1235 5470 est,
1270 5401 1337 5484 Et
1368 5401 1574 5484 divinus
1609 5401 1711 5484 ille
1745 5403 1968 5470 Paulus,
2014 5423 2075 5459 ac
2111 5406 2245 5458 velut
2279 5406 2386 5484 Qeo
2418 5405 2818 5484 plenus-[actum
2852 5401 3027 5461 omnes
3071 5401 3306 5484 terrenas
3347 5423 3560 5484 conma-

296 5481 535 5524 ratwnea
561 5473 887 5548 transiliens,
913 5473 1239 5541 splendorem
1271 5474 1456 5548 gloria:
1484 5484 1533 5527 et
1582 5473 1932 5548 characterem
1971 5488 2205 5544 paterna:
2238 5473 2568 5548 substantiw,
2602 5473 2803 5548 Filium
2831 5493 2940 5531 esse
2971 5478 3180 5540 statuit,
3211 5494 3304 5544 per
3323 5473 3557 5548 priorem

291 5541 1094 5614 enumerationemseintentum
1132 5559 1243 5614 esse
1272 5541 1446 5614 Patri,
1476 5560 1568 5613 per
1611 5544 1948 5614 posteriorem
1971 5541 2102 5598 ἰθενο
2151 5547 2618 5614 comparationem,
2653 5547 2705 5599 in
2741 5543 2904 5600 Patre
2946 5541 3354 5602 exsistere—curii
3383 5548 3550 5614 signi-

290 5608 478 5688 ficans.
513 5609 586 5688 Ita
605 5611 872 5688 gyrillus
890 5611 1166 5688 Christum
1192 5611 1397 5688 Filium
1431 5608 1544 5688 Dei.
1588 5608 1650 5666 ὲκ
1676 5612 1815 5688 θεοῦ
1867 5632 1890 5683 ρ

2001 5617 2210 5684 nm»);
2243 5608 2348 5686 πρὸ
2381 5608 2811 5681 παντὸςάἱῶνος
2840 5619 2931 5670 καὶ
2974 5619 3164 5688 χρόνου
3195 5608 3545 5688 γεννηθέντα,

289 5677 443 5743 θεὸν,
478 5680 567 5732 καὶ
603 5681 881 5752 Μονογενῆ
915 5684 1004 5734 καί
1039 5683 1400 5737 ἐνυπόστατον
1431 5687 1600 5751 Λόγον
1632 5677 2011 5747 1’3?O§,Vt)t‘ill.
