3948 6188
327 301 465 360 1115

1309 297 1365 352 S.
1406 294 1676 352 CYRILLI
1715 287 2182 349 ALEXANDRINI
2222 282 2540 341 ARCHIEP.

3449 271 3592 330 1116

327 418 510 471 facere
540 429 762 471 carnem
798 427 920 469 cum
957 411 1246 467 divinitate
1281 410 1580 479 Unigeniti,
1614 423 1791 479 neque
1821 407 1894 462 di-

2041 406 2073 475 ᾗ
2123 402 2339 473 θεότητι
2382 396 2478 453 τοῦ
2531 394 2907 464 Μονογενοῦς,
2950 392 3070 447 οὐδὲ
3119 390 3218 464 τὴν
3250 389 3482 463 θεότητα
3519 392 3593 463 τῇ

328 509 606 564 vinitatem
651 520 771 562 cum
808 519 975 560 carne
1018 504 1071 561 in
1108 502 1438 557 editiouibus
1473 501 1903 555 miraculorum:

330 598 610 654 autetiam
647 597 969 652 suscitatum
1018 608 1137 649 esse
1187 593 1452 646 Lazarum
1491 608 1523 647 e
1557 597 1907 646 monumento

330 689 599 743 clamante
636 701 742 742 nou
771 687 1011 748 homine,
1058 683 1152 739 sed
1196 682 1304 739 Deo
1332 681 1547 738 Verbo:
1575 693 1628 737 et
1657 697 1780 737 cum
1806 681 1910 735 iter

332 779 557 846 faceret,
589 793 696 834 non
728 778 893 832 Deum
923 775 1292 831 lassitudinem
1325 776 1582 839 sensisse,
1601 775 1695 829 sed
1732 773 1905 828 homi-

333 885 455 925 nem
506 877 885 937 assumptum:
931 867 1022 937 qui
1073 868 1239 921 etiam
1295 865 1493 920 famem
1541 881 1603 921 ac
1647 864 1793 919 sitim
1829 873 1911 918 est

332 969 614 1031 expertus,
653 956 912 1026 crucique
952 955 1139 1012 allixus
1167 966 1223 1012 et
1256 963 1503 1010 mortuus
1553 966 1672 1011 est:
1705 954 1759 1008 iu
1790 955 1910 1007 uni-

333 1063 550 1102 versum
581 1064 608 1098 a
640 1046 869 1102 veritate
912 1046 1168 1100 aberrare
1195 1043 1447 1110 dicimus,
1482 1039 1913 1115 mysteriumqiie

333 1136 726 1192 incarnationis
774 1136 1047 1205 ignorare.
1096 1133 1282 1203 Neque
1333 1136 1478 1188 enim
1510 1135 1742 1188 dicimus
1778 1133 1913 1187 duos

335 1242 457 1283 esse
483 1228 672 1291 Filios,
712 1241 886 1296 neque
935 1227 1071 1281 duos
1112 1225 1387 1289 Christus,
1427 1226 1520 1281 sed
1567 1240 1730 1279 unum
1756 1224 1907 1279 Chri-

335 1328 479 1373 stum
525 1328 579 1374 et
631 1318 862 1385 Filium;
909 1318 1001 1387 qui
1050 1316 1265 1385 quidem
1320 1331 1385 1370 ex
1436 1316 1547 1371 Deo
1590 1314 1754 1371 Patre
1785 1324 1915 1370 ante

336 1411 517 1466 omnia
552 1410 751 1464 saecula
786 1417 840 1463 et
899 1419 1140 1478 tempora
1188 1406 1425 1477 genitus,
1471 1416 1527 1462 et
1573 1408 1625 1461 in
1667 1407 1782 1474 ipso
1816 1422 1913 1462 ex-

338 1502 485 1558 sistit
515 1499 752 1555 Verbum
784 1501 952 1568 ipsius
985 1518 999 1555 :
1035 1500 1086 1554 in
1120 1500 1324 1555 ultimis
1354 1509 1533 1553 autem
1563 1498 1741 1554 saeculi
1780 1507 1916 1552 tem-

338 1595 563 1666 poribus
595 1595 845 1649 eumdem
871 1594 1166 1649 secundum
1202 1608 1423 1648 carnem
1451 1608 1518 1648 ex
1552 1593 1777 1648 muliere
1814 1607 1916 1646 na-

343 1698 478 1747 tum.
523 1687 599 1743 Ne
638 1689 804 1758 igitur
849 1696 1105 1755 tanquam
1148 1685 1440 1742 bianimem
1483 1685 1824 1756 distinguant
1852 1701 1917 1741 ac

340 1787 622 1848 separent,
692 1791 827 1832 neve
879 1776 1011 1831 duos
1064 1776 1221 1830 nobis
1271 1775 1531 1830 inducant
1578 1774 1778 1830 Filios.
1824 1777 1919 1830 sed

340 1883 508 1922 unum
538 1877 703 1937 atque
732 1866 981 1921 eumdem
1018 1865 1312 1930 lateautur,
1350 1874 1410 1918 ut
1440 1865 1783 1919 incarnatum
1820 1866 1918 1921 Dei

342 1957 609 2021 Verbum;
646 1958 994 2027 ejusdemque
1020 1971 1141 2012 esse
1170 1956 1350 2009 omnia
1383 1996 1399 2022 ,
1425 1967 1481 2010 et
1509 1958 1669 2011 verba
1698 1967 1751 2012 et
1788 1972 1919 2028 ope-

342 2051 604 2105 rationcs.
638 2050 771 2104 Cum
794 2050 939 2104 enim
975 2048 1089 2119 ipse
1130 2047 1274 2103 Deus
1303 2049 1395 2114 sit,
1426 2058 1481 2102 et
1522 2048 1684 2103 simul
1710 2064 1923 2120 quoque

343 2142 538 2206 homo,
576 2140 814 2208 loquitur
848 2140 1234 2197 com'enienter
1259 2148 1312 2194 et
1338 2140 1602 2195 divinitati
1644 2150 1698 2194 et
1732 2143 1924 2194 huma-

347 2232 499 2287 nitati
528 2250 542 2286 ;
568 2241 823 2301 Operatur
858 2241 1035 2285 autem
1067 2230 1231 2286 etiam
1264 2230 1517 2287 similiter
1559 2240 1613 2286 et
1659 2232 1838 2285 divina
1870 2239 1925 2284 et

347 2324 605 2378 humana.
636 2322 769 2378 Cum
809 2322 972 2392 igitur
1000 2336 1104 2376 non
1149 2322 1389 2377 fatentur
1441 2339 1604 2377 unum
1641 2322 1834 2377 Filium
1873 2332 1926 2378 et

348 2414 930 2478 Dominum,desinant
977 2413 1230 2483 imperite
1268 2428 1390 2468 eum
1446 2414 1687 2468 dividere
1710 2422 1764 2467 et
1801 2430 1925 2483 par-

349 2507 435 2559 tiri
469 2508 520 2559 in
545 2510 718 2572 duos;
759 2516 814 2558 ut
843 2521 981 2558 unus
1008 2505 1229 2573 quidem
1265 2504 1559 2573 separatim
1594 2513 1646 2559 et
1676 2506 1929 2560 distim-te

350 2596 519 2653 Filius
548 2596 903 2667 intelligatur,
938 2578 1180 2650 Verbuui
1207 2596 1462 2651 videlicet
1489 2612 1553 2651 ex
1591 2596 1700 2651 Deo
1733 2596 1925 2658 Patre:

351 2689 491 2743 alius
533 2698 710 2742 autem
768 2705 952 2743 rursus
994 2688 1285 2757 separatim
1339 2697 1393 2743 et
1437 2689 1691 2744 distincte
1737 2688 1927 2750 Filius.

354 2789 411 2830 ut
456 2777 557 2847 ipsi
606 2776 820 2847 quidem
878 2777 1087 2839 volunt,
1135 2776 1224 2845 qui
1273 2778 1544 2831 hominem
1615 2780 1930 2847 assumpsit.

354 2867 464 2922 Nos
494 2868 637 2921 enim
675 2883 1013 2938 nequaquam
1047 2868 1117 2921 ita
1153 2866 1406 2934 dicimus,
1447 2884 1618 2937 neque
1652 2869 1721 2922 ita
1753 2871 1933 2924 credi-

267 3009 275 3016 .
356 2976 514 3015 Inus:
546 2960 640 3013 sed
673 2960 814 3028 quod
865 2959 1008 3014 Deus
1036 2961 1307 3015 exsisteus
1351 2960 1587 3015 Verbqu
1616 2961 1814 3015 factum
1850 2971 1935 3016 est

356 3066 518 3115 caro,
547 3065 720 3118 neque
751 3051 908 3104 desiit
933 3066 1055 3105 esse
1082 3050 1244 3116 Deus,
1279 3050 1369 3104 sed
1394 3051 1687 3120 permansit
1709 3049 1762 3104 id
1786 3052 1928 3120 quod
1962 3086 2006 3146 ο

355 3151 493 3206 erat,
524 3142 727 3211 absque
767 3141 870 3197 ulla
903 3144 1201 3196 mutatione
1234 3143 1348 3196 sive
1381 3143 1719 3207 alteratione,
1742 3154 1795 3197 et
1816 3158 1935 3196 car—

359 3232 447 3288 nis
475 3244 634 3301 atque
658 3220 938 3303 sanguinis
970 3236 1240 3303 particeps
1269 3232 1566 3287 secundum
1594 3231 1934 3302 Scripturas:

360 3339 580 3380 carnem
626 3340 753 3379 vero
785 3326 885 3395 ipsi
923 3327 1152 3388 nnitam,
1186 3326 1569 3395 propriamque
1610 3325 1779 3393 ipsius
1806 3324 1938 3378 οπε-

361 3427 527 3485 ctam,
579 3419 760 3472 anima
792 3418 1128 3486 intelligente
1160 3419 1452 3471 animatam
1490 3416 1660 3472 fuisse
1688 3417 1938 3472 dicimus.

856 3530 1016 3601 391
1048 3529 1273 3585 CAPUT
1306 3527 1447 3583 XXI.

361 3638 626 3695 Adrersus
664 3642 894 3694 dicentes
945 3658 1044 3693 non
1083 3656 1196 3693 esse
1247 3649 1571 3705 assumptum
1621 3658 1736 3694 cum
1786 3660 1944 3697 carne

433 3710 534 3766 sibi
560 3712 739 3783 unita;
772 3722 816 3763 et
841 3713 1084 3783 aduersus
1120 3712 1582 3783 dicenteﬁcurpns
1615 3725 1943 3783 assumptum

437 3793 634 3838 sancta:
674 3779 744 3834 Tr
772 3782 920 3835 uituli
952 3782 1277 3834 commistqu
1305 3780 1490 3850 fuisse.

436 3956 782 4024 Assumptum
825 3967 952 4007 sero
988 3966 1111 4007 esse
1133 3967 1254 4007 cum
1300 3965 1468 4005 carne
1502 3950 1601 4004 sibi
1636 3953 1781 4006 unita
1810 3970 1945 4023 quo-

367 4045 527 4101 modo
551 4044 819 4115 quispiam
858 4043 1170 4113 negaverit?
1198 4044 1529 4100 Suscitatum
1563 4046 1706 4099 enim
1738 4063 1768 4099 a
1805 4062 1948 4101 mor-

372 4137 496 4202 tuis,
539 4137 712 4207 ipsnin
758 4137 1025 4200 videlicet,
1061 4137 1204 4190 sicut
1241 4136 1490 4205 apparuit
1538 4145 1591 4190 et
1635 4137 1949 4207 intelligitur

282 4211 289 4217 6
370 4230 865 4293 homo,tollocavit
902 4229 1063 4282 Pater
1109 4228 1161 4281 in
1192 4228 1384 4281 dextra
1428 4228 1607 4282 throni
1648 4230 1950 4300 majestatis

372 4323 425 4376 in
450 4321 705 4385 excelsis,
739 4338 897 4389 supra
934 4336 1148 4374 onmem
1196 4320 1582 4392 principatum,
1606 4332 1669 4378 ‘et
1710 4334 1947 4392 potesta—

2008 495 2174 567 σαρκὶ
2193 496 2252 548 ὲν
2274 494 2395 555 ταῖς
2420 486 2883 561 θαυματουργίαις
2900 502 2913 516 ⁸
2943 484 2979 556 ἢ
3003 484 3097 539 καὶ
3121 484 3202 538 ὅτι
3222 484 3315 537 τὸν
3339 482 3593 555 Λάζαρον

2009 588 2074 640 ἐκ
2104 584 2198 638 τοῦ
2249 580 2515 653 μνημείου
2562 580 2787 650 ἠγειρεν
2822 575 3081 646 φωνήσας
3130 575 3230 628 οὐκ
3267 574 3595 645 ἄνθρωπος,
3652 598 3657 603 -

2010 676 2123 730 ἀλλ’
2153 676 2181 728 6
2211 674 2343 734 Θεὸς
2394 672 2595 739 Λόγος·
2624 668 2719 721 καὶ
2747 667 2830 720 ὅτι
2862 666 2961 735 οὐχ
3000 666 3028 718 6
3059 664 3191 728 Θεὸς
3233 664 3493 718 ἐκοπίασε
3534 666 3597 717 ὲν

2009 771 2074 841 τῇ
2110 763 2411 837 ὁδοιπορίᾳ,
2446 761 2560 816 ἀλλ’
2589 761 2618 813 6
2651 755 2982 827 ἀναληφθεὶς
3027 754 3342 826 ἄνθρωπος,
3372 754 3465 808 καὶ
3496 756 3598 808 αὖ..

2011 860 2102 924 τὸς
2143 857 2428 927 ὲπείνησε,
2476 853 2572 908 καὶ
2617 849 2868 920 ἐδίψησε,
2908 848 3004 901 καὶ
3051 846 3467 918 ὲνεσταυρὼθη,
3499 845 3602 899 καὶ

2013 950 2311 1008 ἀπέθανεν·
2339 945 2649 1017 ὀλοτρόπως
2678 941 2857 1013 φαμὲν
2887 937 3321 1010 διημαρτηκέναι
3349 938 3451 1007 τῆς
3473 937 3598 1007 ἀλη-

2013 1043 2187 1107 θείας,
2228 1039 2323 1094 καὶ
2354 1038 2457 1107 τῆς
2485 1035 2629 1108 μετὰ
2655 1032 2858 1104 σαρκὸς
2899 1029 3214 1101 οἰκονομίας
3238 1029 3505 1097 ἀγνοῆσαι
3534 1027 3601 1080 τὸ

2020 1134 2336 1205 μυστήριον.
2357 1129 2431 1183 Οὐ
2470 1129 2580 1197 γὰρ
2617 1121 2759 1180 εἷναί
2798 1139 2978 1192 φαμεν
3006 1121 3170 1183 Υίοὺς
3201 1119 3314 1183 δύο,
3348 1118 3472 1172 οὐδὲ
3506 1118 3609 1170 δύο

2017 1224 2318 1297 Χριστοὺς,
2361 1220 2480 1275 ἀλλ’
2518 1221 2615 1273 ἕνα
2647 1215 2899 1287 Χριστὸν,
2930 1213 3025 1268 καὶ
3057 1212 3207 1275 Υίὸν,
3242 1211 3433 1275 τδνέκ
3462 1209 3613 1262 Θεοῦ

2023 1318 2119 1389 μὲν
2163 1314 2375 1385 Πατρὸς
2412 1311 2519 1383 πρὸ
2550 1309 2753 1371 παντὸς
2787 1305 2984 1368 αίῶνος
3016 1302 3110 1357 καὶ
3149 1302 3345 1374 χρόνου
3403 1318 3609 1370 γεννηο

2020 1408 2181 1461 θέντα
2205 1404 2358 1467 Θεὸν,
2397 1398 2662 1473 μονογενῆ
2701 1397 2796 1452 καὶ
2815 1395 3177 1449 ὲνυπόστατον
3203 1391 3374 1459 Λόγον
3400 1390 3568 1444 αὐτοῦ
3588 1406 3602 1418 ⁸

2021 1500 2078 1552 ὲν
2108 1495 2360 1565 ἐσχάτοις
2394 1492 2449 1545 δὲ
2484 1490 2577 1544 τοῦ
2622 1488 2817 1551 αίῶνος
2861 1487 3074 1558 καιροῖς
3122 1483 3213 1537 τὸν
3267 1482 3430 1536 αὐτὸν
3462 1482 3619 1535 κατὰ

2024 1588 2204 1657 σάρκα
2231 1586 2296 1637 ὲκ
2327 1579 2605 1652 γυναικός.
2629 1579 2822 1633 Τοίνυν
2852 1577 2928 1641 ὡς
2960 1575 3182 1645 δίψυχον
3223 1574 3299 1644 μὴ
3326 1573 3609 1642 ἀποδιορί-

2024 1676 2285 1741 ζέτωσαν,
2316 1669 2455 1742 μηδὲ
2474 1668 2569 1723 δύο
2610 1669 2743 1738 ἡμῖν
2771 1664 3236 1735 είσκομιζέτωσαν
3259 1663 3439 1727 Υίοὺς,
3468 1661 3621 1714 ἀλλὰ.

1952 1740 1994 1799 Β
2024 1740 2118 1822 ἕνα
2161 1766 2257 1820 καὶ
2288 1740 2387 1817 τδνν
2422 1761 2582 1815 αὐτὸν
2626 1757 3082 1830 όμολογείτωσαν,
3127 1755 3204 1817 ὡς
3250 1753 3610 1823 ὲνανθρωπή-

2025 1875 2192 1914 σαντα
2215 1854 2351 1909 Θεοῦ
2379 1853 2572 1922 Λόγον,
2600 1852 2694 1904 καὶ
2721 1848 2887 1903 αὐτοῦ
2918 1848 3119 1911 πάντα,
3151 1847 3247 1898 καὶ
3276 1843 3483 1914 φωνὰς,
3513 1843 3617 1895 καὶ

2024 1947 2321 2018 ἐνεργείας.
2359 1942 2578 2014 Ἐπειδὴ
2603 1942 2713 2013 γὰρ
2737 1943 2765 1995 6
2792 1939 2956 2002 αὐτὸς
2988 1933 3057 2009 ἦν
3085 1936 3218 2001 Θεὸς
3245 1936 3380 2006 ὁμοῦ
3431 1953 3488 1988 τε
3515 1935 3623 1987 καὶ

2024 2038 2344 2109 ἄνθρωπος,
2386 2033 2539 2087 λαλεῖ
2580 2032 2677 2085 καὶ
2726 2026 3046 2100 θεοπρεπῶς
3089 2028 3185 2081 καὶ
3231 2025 3612 2095 ἀνθρωπίνως.

2038 2130 2280 2199 Ἐνεργεῖ
2302 2127 2359 2180 δὲ
2384 2127 2584 2197 ὁμοίως
2609 2123 2705 2177 καῖ
2729 2122 2801 2175 τὰ
2831 2118 3151 2191 ἀνθρώπινα
3180 2121 3273 2172 καὶ
3305 2117 3613 2188 θεοπρεπῆ.

2028 2221 2198 2275 Ὅταν
2236 2220 2414 2274 τοίνυν
2445 2218 2545 2287 οὐχ
2591 2211 2915 2285 ὁμολογοῦσι
2946 2210 3044 2264 ἕνα
3074 2208 3203 2263 Υἰὸν
3250 2208 3347 2261 καὶ
3379 2206 3617 2278 Χριστὸν

2028 2315 2123 2369 καὶ
2159 2312 2393 2384 Κύριον,
2444 2306 2780 2380 διαιροῦντες
2830 2303 3060 2374 ἀμαθῶς
3108 2301 3483 2354 πεπαύσονται
3523 2297 3623 2353 καὶ

2028 2405 2329 2464 διῖστάντες
2363 2402 2442 2462 εἰς
2481 2398 2595 2462 δύο,
2629 2397 2703 2461 ὡς
2749 2396 2847 2449 ἕνα
2881 2394 2979 2464 μὲν
3017 2390 3201 2454 ίδικῶς
3250 2390 3345 2444 καὶ
3376 2388 3481 2441 ἀνά
3523 2388 3625 2457 μέ·

2034 2512 2122 2567 ρος
2145 2492 2273 2546 Υίὸν
2298 2490 2557 2555 νοεῖσθαι,
2584 2487 2677 2541 τὸν
2704 2488 2769 2540 ὲκ
2794 2482 2937 2551 Θεοῦ⁴
2962 2482 3178 2551 [ἰατρὸς
3200 2481 3398 2548 Λόγον,
3431 2476 3627 2547 ἕτερον

2028 2587 2085 2640 δὲ
2125 2584 2284 2638 πάλιν
2331 2581 2516 2644 ίδικῶς
2560 2580 2656 2633 καὶ
2699 2577 2802 2632 ἀνά
2834 2575 2996 2646 μέρος
3024 2573 3175 2634 Υἱὸν,
3207 2571 3322 2634 τὸν,
3350 2569 3429 2632 ὡς
3464 2568 3617 2621 αὐτοί

2033 2694 2187 2748 φασι,
2213 2672 2591 2745 ἀναληφθέντα
2620 2668 2929 2741 ἄνθρωπον.
2962 2664 3150 2735 Φαμὲν
3181 2663 3289 2732 γὰρ
3317 2661 3418 2731 οὐχ
3445 2658 3619 2721 οὕτως

2033 2773 2227 2842 ἡμεῖς,
2270 2766 2379 2821 οὐδ’
2416 2765 2588 2827 οὕτως
2629 2760 2982 2829 πιστεύομεν,
3028 2755 3141 2809 ἀλλ’
3184 2756 3266 2808 ὅτι
3298 2752 3442 2842 θεὸς
3468 2749 3562 2842 ,ὣν
3590 2752 3619 2802 6

2034 2839 2205 2930 Λόγος
2238 2859 2464 2928 γέγονεν
2495 2855 2654 2926 σάρξ,
2694 2854 2795 2906 οὐκ
2842 2847 3135 2904 ἀποϐαλὼν
3165 2845 3226 2900 τὸ
3269 2839 3410 2896 εἶναι
3452 2841 3621 2904 Θεὸς,

2037 2954 2172 3009 ἀλλά
2219 2951 2315 3005 καὶ
2350 2945 2673 3020 μεμενηκὼς
2703 2945 2843 3014 ὅπερ
2887 2937 2955 3013 ἦν
3000 2939 3281 3010 ἀτρέπτως
3313 2934 3409 2987 καὶ
3456 2931 3622 2986 ἀναλο

2038 3045 2297 3109 λοιὼτως,
2326 3042 2421 3095 καὶ
2472 3038 2670 3111 σαρκὸς
2698 3035 2795 3090 καὶ⁸
2825 3034 3058 3105 αἵματος
3098 3025 3449 3101 μετεσχηκὼς
3482 3023 3625 3076 κατά

2040 3140 2140 3202 τὰς
2171 3139 2207 3190 Γ
2215 3135 2424 3208 ραφάςο
2458 3132 2557 3202 τὴν
2599 3130 2656 3183 δέ
2690 3145 2754 3196 γε
2799 3124 3092 3179 ένωθεῖσαν
3136 3121 3305 3190 αὐτῷ,
3348 3118 3442 3172 καὶ
3491 3116 3626 3168 ἰδίαν

2041 3228 2205 3284 αὐτοῦ
2249 3225 2548 3297 γενομένην
2615 3220 2794 3291 σάρκα
2854 3214 3169 3286 ἐψυχῶσθαὶ
3233 3227 3419 3282 φαμεν
3476 3208 3637 3279 duxi;

2043 3324 2226 3393 νοερᾷ.

2626 3510 2875 3565 ΚΕΦᾹΛ.
2921 3504 3048 3560 KA'.

2045 3632 2201 3701 Πρὸς
2240 3628 2381 3693 τοὺς
2410 3626 2720 3701 ,λέγονζαςκ
2752 3622 2839 3675 ὅτι
2867 3620 2978 3701 οὐκ
3004 3609 3491 3701 ᾳὲνελήφρηέιεςὰ
3522 3608 3641 3701 τῆς

2113 3682 2440 3763 ένίωθείέης
2482 3682 2644 3767 ὰύτῷ
2678 3682 2956 3767 ὀξαρνιός.
3002 3686 3110 3763 [fui
3150 3683 3301 3767 πρρς
3342 3682 3489 3767 τσὺκς
3524 3682 3634 3767 .ξεὶ-

2374 3750 2478 3819 νῖὄὶι
2500 3764 2566 3819 τὸ
2592 3750 2939 3831 (iraira-3:65!
2969 3753 3141 3825 σῶμα
3171 3752 3243 3821 τῇ
3267 3752 3406 3822 ἁγίᾳ
3437 3750 3631 3818 τριάδι

2117 3839 2541 3911 συγκέκραται.

2121 3957 2245 4009 Ὅτι
2281 3953 2339 4006 δὲ
2370 3951 2463 4004 καὶ
2496 3945 2772 4018 ἀνελήφθη
2814 3943 2953 4015 μετά
2987 3942 3084 4011 τῆς
3135 3937 3428 4006 ἐνωθείσης
3480 3934 3643 4003 αὐτῷ

2053 4049 2275 4121 σαρκὸς,
2313 4044 2431 4107 πῶς
2460 4042 2525 4095 ἂν
2554 4037 2842 4092 ὲνδοιάσειέ
2875 4051 3000 4100 τις;
3048 4033 3153 4086 Τὸν
3182 4029 3291 4101 γὰρ
3326 4031 3389 4081 ὲκ
3420 4026 3635 4121 νεκρῶν

2052 4117 2441 4209 ἐγηγερμένον,
2473 4128 2635 4183 αὐτὸν
2663 4124 2925 4195 δηλονότι,
2955 4122 3072 4175 καθ’
3095 4122 3344 4190 ὂπέφηνε
3377 4118 3473 4170 καὶ
3503 4117 3637 4168 νοεῖ-

2051 4207 2147 4284 ται
2170 4225 2474 4297 ἄνθρωπος,
2510 4218 2800 4273 κεκάθικεν
2831 4219 2857 4269 6
2888 4213 3078 4284 Πατὴρ
3113 4213 3169 4265 ὲν
3193 4211 3342 4279 δεξιᾷ
3380 4207 3474 4261 τοῦ
3510 4207 3639 4277 9P6-

2052 4340 2143 4374 νου
2168 4320 2265 4388 τῆς
2291 4311 2675 4387 μεγαλωσύνης
2701 4311 2758 4362 ὲν
2783 4309 2893 4369 τοῖς
2916 4305 3158 4376 ὑψηλοῖς,
3181 4302 3437 4372 ὑπεράνω
3454 4300 3638 4367 πάσης

373 4422 504 4478 tem,
539 4421 593 4466 ct
627 4412 1073 4476 dominationem,
1104 4421 1160 4466 et
1194 4426 1357 4480 supra
1393 4429 1554 4467 omne
1583 4429 1774 4467 nomen
1805 4429 1931 4483 quot

2056 4410 2229 4483 ἀρχῆς
2254 4407 2350 4462 καὶ
2388 4403 2654 4471 ἐξουσίας,
2690 4400 2781 4454 καὶ
2808 4396 3119 4466 δυνάμεως,
3150 4394 3243 4446 καὶ
3275 4391 3596 4484 κυριότητος
3617 4432 3635 4452 ,

372 4502 684 4557 nominatur
709 4503 776 4555 ⁷⁸.
806 4502 996 4557 Veniet
1029 4513 1207 4556 autem
1236 4505 1310 4556 ita
1344 4518 1530 4558 rursus
1556 4518 1653 4557 suo
1684 4514 1947 4571 tempore.

373 4592 661 4648 Sulfecerit
689 4602 867 4646 autem
895 4592 961 4647 ad
996 4593 1157 4664 hujus
1198 4595 1274 4650 rei
1317 4594 1473 4648 ﬁdem
1508 4586 1820 4648 sanctorum
1848 4611 1948 4647 an-

372 4683 612 4752 gelorum
654 4698 779 4748 vox,
814 4684 905 4753 qui
929 4684 1420 4754 contemplantibus
1465 4686 1637 4755 ipsum
1687 4686 1738 4738 in
1784 4684 1951 4739 cmlos

373 4774 784 4838 ascendentem,
830 4784 1115 4844 postquam
1141 4791 1173 4830 e
1206 4776 1434 4831 mortuis
1464 4775 1755 4829 suscitatus
1782 4785 1947 4840 esset,

373 4878 560 4935 aperte
591 4868 893 4922 clamarunt
921 4885 935 4921 :
974 4887 991 4918 (
1031 4866 1127 4922 llic
1152 4878 1235 4922 est
1258 4867 1415 4941 Jesus
1445 4874 1758 4936 assumptus
1782 4883 1814 4922 a
1853 4883 1949 4921 vo—

373 4958 493 5022 bis;
524 4958 612 5011 hic
636 4961 817 5012 veniet
838 4957 1026 5010 eodem
1055 4958 1217 5013 modo
1236 4972 1343 5027 quo
1364 4959 1538 5029 ipsqu
1574 4959 1785 5013 vidistis
1818 4975 1949 5013 eun-

375 5057 483 5103 tem
511 5048 568 5101 in
591 5047 786 5104 celum
830 5048 897 5101 ⁷².
946 5068 965 5100 ι
1001 5046 1057 5102 Si
1103 5062 1233 5118 ergo
1262 5049 1355 5120 qui
1403 5050 1791 5121 assumptionis
1836 5049 1954 5119 ejus

377 5150 710 5210 spectatores
738 5141 971 5207 (uertant,
994 5139 1226 5196 Verbum
1244 5156 1409 5196 carne
1435 5150 1652 5196 exutum
1681 5142 1953 5194 viderunt:

382 5230 577 5283 merito
606 5231 848 5284 nonnulli
882 5233 1046 5287 etiam
1092 5231 1164 5285 ita
1210 5240 1499 5285 venturum
1546 5246 1669 5284 eum
1712 5230 1956 5298 suspica-

383 5333 590 5378 rentur.
626 5323 761 5377 Cum
809 5339 935 5378 rem
965 5325 1168 5379 sanctis
1208 5324 1467 5393 apostolis
1495 5320 1857 5377 certissimam
1893 5320 1954 5373 li-

385 5417 505 5470 deut
543 5415 754 5481 fecerit,
801 5416 1070 5487 pultabile
1111 5432 1308 5487 corpus
1354 5431 1509 5471 suum
1557 5413 1871 5477 ostendens,
1903 5421 1958 5467 et

384 5508 464 5561 sic
488 5517 793 5575 assumptus
828 5519 911 5562 cst
941 5525 953 5561 :
992 5507 1064 5562 ita
1102 5522 1317 5561 rursum
1350 5513 1611 5560 venturus
1646 5516 1750 5565 est,
1786 5518 1956 5571 nequc

428 5678 720 5747 .“Ephes.
755 5676 917 5745 1,2l.
994 5681 1039 5710 τ’
1063 5680 1187 5736 Act.
1226 5696 1263 5745 ι,
1302 5679 1381 5733 ll.

2055 4481 2150 4557 xuii.
2198 4498 2397 4561 παντὸς
2442 4495 2704 4564 ὀνόματος
2753 4488 3179 4560 ὀνομαζομένου.
3213 4485 3370 4550 Ἥξει
3398 4483 3453 4535 δὲ
3491 4481 3647 4535 οὕτω

2055 4592 2196 4647 κατὰ
2234 4586 2481 4660 καιρούς.
2532 4586 2641 4638 Καὶ
2680 4581 2907 4651 ἀρκέσει
2947 4578 3083 4647 πρὸς
3126 4575 3282 4629 τοῦτο
3319 4573 3430 4626 τῶν
3464 4574 3637 4639 ἁγίων

2055 4683 2302 4754 ἀγγέλων
2335 4681 2367 4750 ἡ
2400 4675 2551 4747 φωνὴ
2580 4677 2692 4739 τοῖς
2743 4673 3037 4741 θεωμένοις
3079 4669 3241 4723 αὑτὸν
3277 4667 3640 4721 ἀναϐαίνοντα

2060 4777 2196 4850 μετά
2224 4775 2323 4845 τὴν
2355 4774 2419 4825 ὲκ
2447 4768 2654 4837 νεκρῶν
2682 4766 2999 4826 ἀναϐίωσιν,
3024 4761 3324 4832 ἀναφανδόν
3353 4757 3602 4850 βοώντων
3622 4774 3636 4785 ·

2064 4848 2080 4920 ὲ
2120 4862 2285 4929 υῦτος
2332 4866 2360 4917 6
2413 4859 2620 4931 Ἰησοῦς
2661 4858 2689 4910 6
2725 4855 3055 4927 ἀναληφθεὶς
3102 4854 3194 4922 ἀφ’
3241 4851 3416 4922 ὑμῶν,
3464 4848 3641 4910 οὕτως

2059 4962 2357 5022 ἐλεύσεται,
2391 4956 2449 5008 ὃν
2482 4952 2679 5025 τρόπον
2714 4947 3011 5003 ἐθεάσασθε
3064 4946 3224 4999 αὐτὸν
3268 4943 3640 5013 πορευόμενον

2058 5053 2136 5112 εἰς
2177 5047 2269 5100 τὸν
2298 5042 2547 5114 οὐρανόν.
2576 5060 2595 5092 ι
2632 5041 2694 5093 Et
2731 5038 2829 5110 μὲν
2856 5032 2949 5091 οὖν
2976 5038 3023 5089 oi
3062 5037 3159 5106 τῆς
3190 5034 3514 5104 ἀναλήψεως
3544 5032 3641 5085 αὖε

2058 5139 2150 5193 τοῦ
2181 5136 2377 5208 θεωροὶ
2408 5131 2717 5201 γεγονότες,
2751 5129 2959 5199 γυμνὸν
2984 5127 3083 5197 τῆς
3118 5124 3321 5196 σαρκὸς
3353 5125 3445 5176 τὸν
3471 5124 3641 5191 Λόγον

2058 5227 2364 5287 τεθεανται,
2393 5221 2539 5275 οὕτω
2557 5219 2717 5274 αὐτὸν
2751 5219 2844 5272 καὶ
2872 5217 3023 5288 ἥξειν
3043 5214 3447 5268 ὑπονοείτωσάν
3474 5228 3639 5271 τινες.

2063 5319 2124 5370 Εἰ
2168 5316 2223 5369 δὲ
2257 5312 2718 5384 πεπληροφόρηκε
2761 5310 2889 5372 τοὺς
2937 5308 3127 5376 ἁγίους
3167 5302 3504 5364 ἀποστόλους
3528 5344 3542 5363 ,
3581 5299 3641 5352 τὸ

2060 5406 2376 5481 ψηλαφητόν
2398 5407 2580 5468 αὺτοῖς
2604 5403 2762 5474 σῶμα
2790 5400 2986 5463 δείξας,
3012 5398 3103 5452 καὶ
3131 5394 3305 5457 οὕτως
3328 5392 3603 5464 ἀνελήφθη
3620 5405 3645 5420 ⁸

2061 5501 2202 5555 ο⁵3;ω
2250 5498 2412 5554 πάλιν
2446 5497 2750 5561 ἐλεύσεται,
2792 5493 2883 5546 καὶ
2915 5492 3014 5544 οὐκ
3048 5490 3111 5544 ἂν
3144 5486 3501 5552 διεψεύσαντο
3530 5486 3643 5539 τῶν
