3948 6188
247 255 380 312 ΗΠ

1237 263 1611 321 ADVERSUS
1653 263 2454 323 ANTlll’tOI‘OMORPlllTAS.

3365 260 3505 314 1118

243 369 408 438 ἁγίων
437 368 752 422 ἀποστόλων
781 371 809 424 ό
843 371 930 424 ἐπ’
961 372 1110 444 αὐτῷ
1143 368 1320 445 λόγος.
1355 377 1521 432 Ἀλλὰ
1563 379 1697 451 μηδέ
1741 397 1818 432 τι·

1925 383 2153 452 apostoli
2201 383 2334 438 falsa
2364 383 2428 436 de
2473 382 2589 451 ipso
2622 379 2982 449 prmfirarint.
3031 377 3198 434 Porro
3229 392 3404 448 neque
3438 378 3503 432 il-

239 476 326 525 νες
356 461 531 513 ἐκεῖνο
553 460 739 524 κακῶς
765 463 1206 532 φανταξέτωσαν,
1246 468 1381 538 μήτε
1415 468 1522 540 μὴν
1564 470 1814 524 ὑπονοεί-

239 567 438 616 τωσαν,
470 551 554 604 ὅτι
585 551 647 604 τὸ
679 552 874 607 ὲνωθὲν
911 555 1068 626 σῶμα
1098 557 1176 627 τῷ
1210 559 1370 630 Λόγῳ
1415 563 1480 632 τῇ
1515 561 1675 630 φύσει
1717 561 1818 630 τῆς

243 640 398 712 ἁγίας
425 642 651 712 Τριὰδος
683 645 1070 718 συγκέκραται.
1115 647 1423 720 Ἀμήχανον
1449 650 1580 722 γὰρ,
1605 653 1819 722 ἐκείνην

241 731 336 803 τὴν
368 733 704 804 ἀπόρρητον,
733 737 828 790 καὶ
869 738 1146 809 ὑπερφυᾶ,
1191 743 1286 814 καὶ
1324 741 1525 806 παντὸς
1558 743 1818 798 ἐπέκεινα

243 824 336 902 καὶ
361 823 452 878 νοῦ
483 825 578 878 καὶ
605 825 765 895 λόγου
797 830 1090 901 νοουμένην
1112 831 1320 898 οὐσίαν,
1341 833 1658 905 προσθήκην
1677 835 1817 903 τινὰ,

243 914 334 968 καὶ
366 916 603 987 μάλιστα
639 920 737 990 τῆς
773 918 971 984 ἔξωθεν
1010 922 1104 975 καὶ
1149 922 1342 994 ἐτέρας
1373 923 1610 992 φύσεως,
1655 925 1817 981 δύνα-

245 1005 362 1058 σθαι
395 1005 610 1060 λαϐεῖν·
635 1007 750 1062 ἔστι
775 1010 886 1081 γὰρ
913 1013 970 1064 ἐν
998 1013 1108 1074 τοῖς
1137 1012 1260 1066 καθ’
1283 1014 1476 1068 ἑαυτὸν
1505 1015 1815 1082 παντέλεια,

243 1097 336 1150 καὶ
371 1096 494 1151 οὔτε
533 1099 652 1152 τινὰ
693 1101 918 1172 μείωσιν
959 1103 1284 1174 ἐπιδέχεται,
1315 1103 1404 1159 διὰ
1443 1105 1504 1159 τὸ
1533 1106 1820 1177 ἀτρέπτως

243 1189 335 1242 καὶ
381 1189 756 1255 ἁναλλοιώτως
802 1193 948 1264 ἔχειν
994 1194 1115 1255 ἀεὶ,
1157 1193 1282 1248 οὔτε
1339 1196 1478 1268 μὴν,
1525 1199 1598 1262 ὡς
1649 1198 1814 1269 ἔφην,

243 1279 556 1351 προσθήκης
585 1281 652 1335 ἂν
681 1281 853 1336 δέοιτό
883 1301 1048 1350 τινος.
1077 1285 1528 1357 Περιττολογοῦσι
1558 1289 1738 1343 τοίνυν
1769 1281 1830 1342 οῖ

245 1369 308 1422 ἐκ
343 1369 542 1444 πολλῆς
576 1372 846 1442 ἁμαθείας
889 1376 1031 1429 κατὰ
1079 1376 1382 1447 σύγκρασιν
1424 1379 1593 1450 ήγουν
1628 1396 1820 1433 συνουυ

248 1460 362 1514 σίαν
384 1463 492 1518 τῶν
517 1467 575 1518 ὲν
607 1468 672 1536 τῇ
715 1467 873 1536 φύσει
899 1468 998 1538 τῆς
1028 1469 1189 1538 ἁγίας
1215 1471 1449 1542 Τριάδος
1478 1473 1730 1542 χωρῆσαι
1759 1471 1820 1524 τὺ

247 1552 400 1623 σῶμα
431 1556 698 1624 λέγοντες,
747 1559 1076 1630 Διακείμεθα
1123 1562 1232 1632 γὰρ
1277 1565 1376 1634 οὐχ
1421 1562 1594 1626 οὕτως
1635 1565 1816 1634 ἡμεῖς,

243 1645 354 1698 ἀλλ’
389 1647 555 1718 ὀρθήν
598 1649 793 1721 ἔχομεν
823 1651 948 1721 περὶ
976 1650 1070 1705 τοῦ
1108 1653 1326 1707 πάντων
1367 1653 1524 1725 ἡμῶν
1567 1655 1818 1725 Σωτῆρος

1921 473 2009 526 lud
2047 473 2290 526 nonnulli
2337 486 2618 542 perperam
2657 471 3044 540 imaginentur,
3081 471 3176 525 sed
3221 485 3288 524 ne
3330 470 3502 540 suspi-

1919 575 2110 619 centur
2141 564 2392 632 quidem:
2424 577 2622 634 corpus
2666 560 2846 615 Verbo
2898 560 3109 614 unitum
3143 571 3344 616 sancta:
3377 561 3500 615 Tri-

1920 655 2110 710 nitatis
2160 665 2368 709 natura:
2407 654 2751 707 commistum
2803 651 2988 706 fuisse.
3022 651 3164 706 Fieri
3203 655 3346 706 enim
3396 667 3502 708 non

1921 757 2117 818 potest,
2149 756 2206 800 ut
2235 747 2300 800 ad
2336 733 2660 799 iueliabilem
2692 743 2852 797 -il|am
2876 751 2931 796 et
2965 744 3288 798 immensam
3318 745 3499 798 omni-

1919 856 2022 909 que
2051 839 2325 894 intellectu
2369 848 2422 892 et
2464 835 2642 891 verbis
2687 835 3025 904 superiorem
3069 835 3360 888 essentiam
3405 849 3501 888 ac-

1919 931 2096 986 cessio
2145 929 2346 997 aliqua,
2391 943 2454 981 ac
2499 925 2839 996 potissimum
2890 932 3164 994 extranea:
3209 932 3373 991 atque
3421 922 3501 977 di-

1921 1037 2088 1076 versa:
2127 1030 2352 1082 natum,
2387 1019 2496 1071 liat.
2549 1017 2642 1072 Est
2693 1016 2836 1070 enim
2881 1016 2933 1070 in
2973 1030 3032 1069 se
3071 1016 3180 1082 ipsa
3217 1013 3500 1084 peric-ctis-

1920 1117 2077 1178 sima,
2137 1111 2374 1179 nullique
2413 1107 2773 1163 imminu’tioni
2833 1107 3064 1160 obnoxia
3104 1123 3117 1160 :
3167 1105 3504 1174 quandoqui-

1919 1201 2040 1256 dem
2095 1203 2147 1253 in
2182 1200 2348 1270 ipsam
2405 1197 2544 1251 nulla
2596 1196 2752 1267 plane
2803 1196 3030 1250 mutatio
3087 1198 3202 1250 sive
3251 1195 3499 1250 alteratio

1921 1295 2093 1356 cadit,
2129 1309 2302 1362 neque
2329 1301 2642 1362 augmento,
2688 1301 2746 1344 ιιι
2774 1290 2904 1352 dixi,
2949 1288 3058 1343 ullo
3091 1289 3315 1358 indiget.
3352 1288 3500 1344 Vana

1922 1385 2102 1452 itaque
2131 1393 2185 1438 et
2235 1384 2410 1438 inanis
2439 1393 2522 1437 est
2569 1396 2758 1436 eorum
2801 1381 3008 1449 opinio,
3047 1381 3165 1446 qui,
3201 1397 3309 1450 pra:
3341 1382 3503 1436 nimia

1921 1475 2158 1540 inst-ilia,
2207 1475 2504 1528 secundum
2550 1473 2983 1527 connnistionem
3040 1471 3155 1524 sive
3187 1473 3501 1537 coitionem,

1923 1566 1974 1618 in
2013 1566 2122 1636 ipsa
2151 1573 2353 1618 sancta!
2398 1562 2683 1616 Trinitatis
2715 1573 2907 1616 natura
2938 1563 3151 1630 corpori
3180 1561 3354 1616 locum
3383 1577 3504 1617 esse

1923 1653 2275 1708 contendunt.
2329 1651 2517 1724 Neque
2559 1653 2704 1707 enim
2771 1667 2869 1706 nos
2917 1651 2990 1706 ita
3051 1652 3356 1706 sentimus:
3408 1653 3502 1706 sed

243 1737 474 1806 Χριστοῦ
512 1740 611 1810 τὴν
639 1740 815 1805 δόξαν.
839 1741 1023 1812 Φαμὲν
1061 1742 1169 1814 γὰρ
1216 1743 1378 1798 αὐτὸν
1409 1745 1499 1796 τὸν
1547 1745 1815 1814 μονογενῆ

1925 1757 2124 1800 rectam
2171 1745 2453 1814 sequimur
2483 1744 2549 1798 de
2578 1743 2795 1798 Christo
2829 1744 3068 1797 omnium
3101 1749 3345 1797 hosti-um
3381 1743 3501 1798 Sal-

245 1829 416 1896 Λόγον
469 1831 886 1902 ἐνανθρωπῆσαι
919 1833 1012 1886 τὸν
1056 1833 1190 1888 Θεὸν
1219 1833 1336 1906 [τοῦ
1360 1834 1496 1888 Θεοῦ
1515 1833 1582 1910 η,
1609 1836 1710 1888 οὐκ
1739 1836 1822 1899 εἰς

245 1924 421 1991 σάρκα
461 1921 561 1992 τὴν
608 1923 743 1976 ίδίαν
775 1924 934 1993 φύσιν
983 1929 1444 1996 μεταποιήσαντα,
1483 1925 1596 1979 ἀλλ’
1624 1928 1688 1979 ἐκ
1721 1927 1822 1998 τῆς

239 2013 400 2082 ἁγίας
447 2014 729 2086 ,Παρθένου
783 2013 1013 2072 λαϐόντα
1079 2019 1286 2086 αὑτὴν,
1330 2019 1530 2088 ἤξοντέι
1600 2035 1659 2071 τε
1723 2019 1821 2072 σὺν

241 2104 375 2173 αὐτῇ
422 2105 582 2159 πάλιν
621 2108 678 2159 ὲν
718 2111 784 2182 τῇ
811 2107 938 2181 δόξῃ
967 2107 1061 2161 τοῦ
1095 2111 1308 2180 Πατρός
1343 2110 1478 2180 μετὰ
1507 2109 1616 2162 τῶν
1643 2109 1817 2180 ἁγίων

237 2195 505 2263 ἀγγέλων.

817 2313 1070 2371 ΚΕΦΛΛ.
1107 2311 1234 2368 KD'.

237 2396 355 2453 Ὅτι
385 2397 482 2452 διὰ
514 2397 622 2466 τῆς
649 2400 806 2467 ἰδίας
826 2402 1064 2473 σαρκὸς
1101 2401 1334 2470 ἐνεργεῖ
1359 2401 1465 2470 τὰς
1497 2404 1821 2473 θεοσημίας

565 2479 572 2489 ‘
733 2471 878 2538 Θεὸς
915 2471 1001 2524 ὢν
1045 2475 1078 2526 ό
1115 2475 1322 2542 Λόγος.

309 2580 625 2653 Ἄνθρωπον
671 2582 728 2636 δὲ
756 2583 848 2638 τὸν
893 2583 1157 2654 μονογενῆ
1197 2583 1374 2652 Λόγον
1405 2583 1500 2638 τοῦ
1543 2583 1680 2638 Θεοῦ
1727 2601 1821 2654 γε-

234 2671 424 2725 νέσθαι
457 2673 660 2744 φαμὲν,
688 2673 786 2745 οὐχ
833 2675 922 2728 ἵνα
949 2673 1010 2728 τὸ
1039 2669 1178 2727 εἶναι
1215 2673 1349 2738 Θεὸς
1393 2672 1664 2744 ἀποϐάλῃ,
1700 2672 1818 2728 ἀλλ’

233 2761 350 2818 οὗθ’
373 2763 460 2818 ἵνα
485 2764 692 2834 γυμνὸς
719 2767 891 2818 νοοῖτο
917 2764 1109 2834 Λόγος,
1140 2763 1567 2836 ὲνανθρωπήσας
1593 2765 1649 2818 δὲ
1685 2765 1820 2836 μᾶλ-

234 2854 346 2919 λον,
381 2856 476 2908 καὶ
508 2857 641 2909 ἴδιον
685 2855 844 2924 σῶμα
885 2856 1256 2927 ποιησάμενος
1290 2859 1350 2911 τὸ
1379 2859 1442 2910 ὲκ
1473 2857 1571 2928 τῆς
1606 2856 1819 2929 Παρθέ-

235 2961 330 2997 νου
363 2943 457 2997 καὶ
487 2943 772 2999 Θεοτόκου.
806 2945 1014 3000 Οὐκοῦν
1038 2947 1067 2998 ὁ
1096 2945 1330 3017 Χριστὸν
1355 2945 1660 3018 ὀνομάζων,
1693 2946 1818 3000 οὔτε

1924 1849 2109 1889 vatore
2156 1836 2504 1891 sententiam.
2552 1835 2792 1889 Dicimus
2841 1835 2983 1888 cnim
3035 1835 3366 1906 unigenitum
3406 1835 3497 1889 Dei

1926 1929 2157 1984 Verbum
2194 1929 2538 1982 incarualum
2585 1941 2727 1990 esse,
2771 1941 2876 1980 non
2917 1926 3130 1996 propria
3181 1942 3275 1980 sua
3309 1935 3499 1979 natura

1922 2021 1974 2074 in
2027 2036 2244 2074 carnem
2301 2019 2476 2091 392
2523 2029 2906 2084 transmutata,
2951 2020 3044 2074 sed
3095 2034 3157 2072 ca
3199 2035 3262 2072 ex
3317 2033 3503 2072 sacro-

1921 2123 2104 2166 sancta
2147 2110 2371 2182 Virgine
2411 2119 2670 2181 acet-pta:
2710 2121 3109 2180 venturumque
3146 2111 3533 2188 cum-eadem‘

1919 2219 2084 2260 carne
2121 2217 2330 2258 rursum
2361 2203 2416 2258 in
2453 2203 2644 2274 gloria,
2682 2217 2801 2255 cmn
2823 2202 3041 2255 sanctis
3073 2201 3302 2270 angelis.

2484 2309 2709 2368 CAPUT
2762 2308 2928 2366 XXII.

1923 2403 2076 2470 Quod
2129 2418 2222 2474 per
2271 2401 2542 2474 propriam
2610 2416 2849 2474 curvique
2883 2399 3141 2454 miracula
3188 2399 3306 2454 edat
3364 2397 3501 2452 Deus

2429 2472 2688 2526 exsistam
2727 2468 2976 2523 Verbum.

1992 2586 2272 2642 Hominem
2311 2601 2460 2650 vero,
2504 2584 2836 2654 unigenitum
2873 2585 2966 2639 Dei
3014 2583 3248 2639 Verbum
3298 2585 3499 2640 factum

1921 2662 2091 2735 fuisse
2145 2677 2398 2742 dicimus,
2453 2692 2556 2732 non
2603 2686 2661 2730 ut
2708 2676 2979 2731 desineret
3021 2690 3142 2730 esse
3190 2675 3366 2741 Deus,
3404 2675 3500 2734 led

1922 2784 2097 2840 neque
2127 2779 2184 2824 ut
2216 2770 2414 2825 nudum
2451 2768 2781 2838 intelligatur
2816 2765 3071 2833 Verbum,
3112 2767 3204 2822 sed
3233 2767 3412 2835 potius
3441 2775 3500 2821 ut

1923 2861 2286 2926 incarnatutn,
2343 2859 2620 2930 proprium
2670 2859 2772 2912 sibi
2817 2873 3014 2925 corpus
3059 2871 3124 2910 ex
3185 2855 3401 2926 Virgine
3445 2865 3504 2911 et

1905 2952 2146 3022 .Deipara
2175 2949 2436 3006 alliceret.
2461 2948 2752 3016 Quot-irca,
2791 2948 2882 3016 qui
2918 2947 3194 3020 Qhristum
3235 2947 3500 3016 nominat,

237 3035 412 3104 Λόγον
439 3037 696 3106 σημαίνει
729 3037 956 3108 γυμνὸν,
985 3035 1107 3090 οὔτε
1133 3037 1420 3110 ἄνθρωπον
1449 3037 1650 3102 κοινὸν,
1682 3039 1716 3110 ἢ
1743 3038 1815 3103 ὡς

1923 3060 2027 3098 non
2083 3043 2284 3098 nudum
2347 3040 2580 3097 Verbum
2633 3039 2932 3112 signiﬁcat,
2993 3053 3168 3108 neque
3229 3037 3500 3093 hominem

233 3127 334 3182 ἕνα
377 3127 486 3182 τ’ὦν
524 3127 648 3182 καθ’
674 3131 848 3199 ἡμᾶς·
881 3129 956 3193 ὡς
993 3129 1132 3202 ἔφην
1171 3129 1263 3194 δὲ,
1309 3129 1816 3201 ὲνανθρωπήσαντα

233 3217 328 3278 τὸν
353 3221 416 3273 ὲκ
441 3219 577 3274 Θεοῦ
601 3220 810 3288 Πατρὺς
838 3221 1035 3290 Λόγον,
1065 3222 1159 3276 καὶ
1187 3221 1548 3292 κεχρισμένον
1577 3222 1658 3284 είς
1683 3221 1820 3274 ἁπο-

237 3311 454 3383 στολήν.
503 3312 578 3366 Οὐ
629 3311 736 3384 γὰρ
781 3313 1066 3384 ἄνθρωπος
1113 3312 1469 3386 ὲθεοποιήθη,
1501 3312 1651 3367 καθά
1685 3313 1820 3384 φασί

231 3421 408 3466 τινες,
435 3403 660 3466 ἐνωθεὶς
688 3403 768 3474 τῷ
795 3403 975 3473 Λόγῳ,
1011 3403 1126 3458 ἀλλ’
1168 3405 1331 3470 αὐτὸς
1358 3406 1386 3458 ὁ
1419 3405 1592 3472 Λόγος
1635 3405 1818 3474 σάρκα

231 3497 434 3560 λαϐὼν,
467 3500 560 3551 καὶ
584 3498 874 3569 γενόμενος
900 3497 1211 3570 ἄνθρωπος,
1251 3498 1527 3568 μεμένηκε
1554 3499 1648 3552 καὶ
1679 3496 1821 3551 οὕτω

233 3589 390 3652 Θεός.
421 3589 588 3643 Ὅταν
617 3583 711 3642 οῦν
741 3589 839 3653 τὰς
875 3587 1171 3660 θεοσημίας
1203 3586 1513 3660 ἐργάζεται,
1548 3589 1623 3660 μὴ
1653 3589 1822 3660 διορία

235 3696 338 3742 σας
365 3678 468 3731 ἁνὰ
516 3679 682 3750 μέρος
707 3679 805 3746 τῆς
847 3678 1012 3746 ἁγίας
1037 3678 1240 3750 σαρκὸς
1269 3677 1433 3732 αὐτοῦ
1475 3679 1566 3732 τὸν
1594 3683 1658 3732 ὲκ
1683 3679 1820 3732 Θεοῦ

231 3771 430 3838 Λόγον,
457 3770 606 3840 αὐτῷ
656 3769 798 3823 κατὰ
845 3771 1014 3840 μονὴν
1064 3771 1163 3841 τὴν
1203 3768 1297 3822 ἐπὶ
1341 3771 1436 3840 τῆς
1490 3769 1821 3840 τελουμένης

233 3863 446 3934 ἁνὰψῃς
473 3861 700 3932 δύναμιν
728 3860 862 3932 (15)*
891 3861 998 3914 νόει
1025 3861 1082 3914 δὲ
1113 3861 1311 3931 μᾶλλον
1339 3861 1598 3927 εὐσεόὦς,
1631 3863 1711 3916 ὃτι
1740 3879 1822 3932 γε-

233 3957 458 4026 νόμενος
489 3953 779 4025 ἄνθρωπος
811 3955 840 4006 ὁ
876 3953 1176 4024 μονογενὴς
1207 3954 1378 4021 Λόγος
1407 3952 1499 4006 τοῦ
1538 3952 1695 4016 Θεοῦ,
1729 3954 1822 4024 καὶ

231 4048 322 4105 διὰ
363 4047 463 4115 τῆς
513 4045 650 4107 ἰδίας
687 4045 854 4100 αὑτοῦ
901 4045 1105 4116 σαρκὸς
1156 4044 1415 4108 πολλάκις
1449 4046 1701 4116 ἐνήργει,
1746 4045 1822 4108 ὡς

235 4140 374 4197 ίδίαν
405 4139 542 4209 ἔχων
574 4139 769 4208 αὐτὴν,
797 4139 859 4191 οὐ
892 4135 1036 4192 κατὰ
1071 4137 1330 4207 σύγχυσιν
1366 4136 1398 4207 ἢ
1441 4137 1678 4208 φυρμόν.
1711 4137 1822 4190 Καὶ

231 4231 424 4300 ὥσπερ
455 4231 568 4284 ἐστι
598 4233 739 4284 νοεῖν
767 4231 907 4302 ὑπὲρ
937 4227 1230 4300 ἀνθρώπου
1263 4229 1535 4292 τέκτονος,
1577 4230 1821 4299 τεχνίτου

231 4325 416 4396 τυχὸν.
442 4323 475 4396 ἢ
504 4323 788 4396 σιδηρέως,
806 4325 890 4377 ὅτι
921 4324 1066 4376 ποιεῖ
1093 4322 1162 4376 τὰ
1191 4322 1326 4392 ἔργα
1359 4322 1502 4374 κατὰ
1525 4324 1544 4342 ‘
1569 4321 1660 4374 τοῦ
1692 4321 1822 4374 ἰδίου

1919 3136 2220 3206 vulgarem,
2254 3135 2336 3189 vel
2385 3143 2642 3204 tanquam
2677 3147 2839 3186 unum
2870 3131 3042 3186 nostri
3072 3128 3303 3185 similem
3336 3146 3352 3184 :
3383 3131 3502 3194 sed.

1921 3237 1980 3282 ut
2006 3227 2139 3292 dixi,
2185 3226 2526 3280 incarnatmn
2577 3237 2642 3278 ex
2679 3223 2787 3278 Deo
2819 3222 2980 3277 Patre
3007 3220 3266 3289 Verbum,
3315 3231 3368 3276 et
3397 3237 3500 3276 un-

1921 3327 2064 3373 ctum
2097 3319 2149 3372 in
2177 3317 2558 3386 apostolatum.
2587 3313 2776 3385 Neque
2803 3315 2945 3369 enim
2975 3315 3160 3380 homo,
3191 3322 3250 3368 ut
3282 3313 3501 3384 quidam

1921 3409 2148 3476 volunt,
2175 3409 2316 3466 Deus
2365 3418 2450 3464 est
2479 3406 2727 3474 el'l'ectns,
2771 3407 2956 3460 nuitus
2994 3403 3213 3460 Verbo:
3248 3404 3342 3460 sed
3371 3401 3504 3460 Ver-

1920 3501 2049 3558 bum
2083 3503 2254 3572 ipsum
2291 3516 2458 3556 carne
2505 3509 2783 3570 assumpta
2837 3499 2997 3553 homo
3031 3497 3254 3562 factum,
3304 3496 3504 3555 mansit

1921 3597 2082 3650 etiam
2111 3595 2274 3650 Deus.
2320 3592 2454 3648 Cum
2493 3591 2658 3662 igitur
2707 3588 2966 3644 miracula
3006 3589 3141 3655 edit,
3177 3601 3246 3643 ne
3274 3585 3502 3642 seorsim

1922 3701 2234 3757 separansa
2285 3695 2471 3741 sancta
2526 3685 2695 3753 ipsius
2745 3695 2912 3736 carne
2957 3678 3192 3734 Verbum
3237 3678 3356 3740 Dei,
3399 3677 3501 3732 soli

1922 3779 2022 3846 ipsi
2059 3779 2165 3830 vim
2199 3774 2444 3830 miraculi
2483 3773 2612 3826 editi
2648 3772 2898 3824 tribuas:
2945 3772 3038 3824 sed
3087 3769 3159 3822 ita
3203 3770 3380 3836 potius
3417 3766 3506 3836 pie

1921 3871 2122 3940 cogita,
2170 3867 2507 3937 unigenitum
2557 3865 2650 3919 Dei
2698 3861 2931 3917 Verbum
2983 3861 3256 3915 hominem
3301 3861 3503 3913 factum

1921 3961 2082 4016 etiam
2111 3974 2206 4028 per
2237 3957 2511 4028 pr0priam
2549 3968 2699 4007 suam
2727 3967 2944 4006 carnem
2980 3963 3351 4020 smpenumero
3374 3965 3505 4018 ope-

1924 4060 2096 4104 ratum
2127 4064 2267 4114 esse,
2313 4047 2510 4116 quippe
2533 4044 2621 4113 qui
2657 4043 2928 4112 propriam
2963 4042 3107 4096 illam
3153 4041 3255 4095 sibi
3302 4041 3505 4095 habue-

1925 4143 2016 4208 rit,
2061 4157 2166 4196 tton
2214 4155 2310 4209 per
2367 4137 2741 4192 confusionem
2801 4143 2856 4187 et
2909 4131 3375 4188 comutistionetn.
3428 4135 3508 4186 Ac

1923 4230 2376 4303 quemadmodum
2427 4224 2656 4295 intelligi
2712 4232 2893 4294 potest
2937 4222 3004 4277 de
3040 4220 3192 4274 fabro
3241 4220 3507 4291 (lignario

1925 4334 2048 4393 puta
2081 4325 2160 4376 vel
2194 4319 2484 4391 ferrario),
2509 4319 2650 4387 quod
2682 4325 2938 4386 operatur
2961 4313 3177 4384 quidem
3202 4314 3380 4367 anima
3411 4329 3508 4382 per

236 4417 491 4488 σώματος
519 4417 552 4486 ἡ
590 4416 737 4486 ψυχή
760 4433 772 4446 ο
811 4415 907 4468 καὶ
937 4415 1038 4470 οὐκ
1077 4413 1142 4468 ἄν
1176 4430 1261 4476 τις
1299 4415 1443 4466 είποι
1473 4412 1654 4484 ψυχῆς
1683 4412 1818 4484 ἔργα

1926 4415 2198 4486 proprium
2231 4427 2458 4480 corpus;
2495 4423 2653 4462 nemo
2685 4417 2862 4460 tamen
2896 4401 3286 4459 dixeritsolius
3317 4403 3508 4455 anima:

234 4507 407 4578 μόνης
453 4503 610 4570 εἶναι,
658 4507 762 4560 κᾶν
795 4507 935 4576 αὐτὴ
980 4508 1120 4559 κινεῖ
1167 4506 1304 4574 πρὸς
1348 4504 1486 4574 ἔργα
1520 4505 1583 4558 τὸ
1619 4503 1814 4574 σῶμα,

229 4597 369 4656 ἀλλὰ
399 4597 490 4660 τοῦ
527 4597 966 4668 συναμφοτέρουο
999 4595 1142 4649 οὕτω
1171 4597 1276 4649 νόει
1309 4597 1404 4648 καὶ
1431 4597 1524 4648 ἐπὶ
1553 4594 1814 4666 Χριστοῦ.

229 4690 348 4762 Πρὸ
375 4690 474 4760 μὲν
498 4690 605 4761 γὰρ
631 4688 729 4760 *ἰῆς
753 4688 1219 4761 ὲνανθρωπὴσεως
1241 4689 1446 4758 γυμνὸς
1473 4687 1546 4742 ὢν
1575 4687 1655 4740 ἔτι
1694 4683 1814 4742 καθ’

226 4781 426 4835 ἑαυτὴν
452 4784 481 4834 ό
519 4781 690 4852 Λόγος
721 4779 1016 4853 ἐργάζεται
1045 4780 1112 4834 τὰ
1140 4779 1456 4850 θεοπρεπῆ·
1489 4781 1726 4850 γεγονὼς
1761 4781 1818 4835 δὲ

225 4869 550 4942 ἄνθρωπος,
593 4871 814 4942 ἐνήργει
860 4872 956 4924 καὶ
989 4871 1076 4924 διὰ
1126 4874 1233 4942 τῆς,
1271 4871 1474 4942 σαρκὸς
1521 4871 1708 4944 αὐτοῦ,
1743 4873 1819 4936 ὡς

223 4963 392 5034 ἔφην·
423 4963 595 5027 οὕτως
623 4963 799 5038 ἥψατο
827 4962 933 5016 τῶν
955 4962 1188 5031 τυφλῶν,
1213 4960 1384 5024 οὕτως
1411 4963 1630 5033 ήγειρεν
1658 4963 1820 5016 πάλιν

222 5066 324 5117 τον
369 5057 470 5124 τῆς
507 5057 683 5128 χήρας
709 5055 850 5121 υίδν,
883 5057 980 5125 τὴν
1021 5057 1177 5126 χεῖρα
1225 5053 1504 5118 ἐκτείνας,
1543 5055 1638 5108 καὶ
1679 5055 1820 5124 ἁψὰσ

226 5163 396 5217 μενος
443 5148 542 5216 τῆς
577 5145 767 5218 σοροῦ·
805 5147 948 5200 οὕτω
982 5145 1188 5210 πτύσας
1237 5146 1330 5198 καὶ
1373 5145 1539 5214 πηλὸν
1577 5146 1812 5216 ποιήσας

222 5237 420 5309 ἔχρισε
453 5237 546 5291 τοῦ
577 5240 641 5291 ἐκ
667 5239 890 5307 γενετῆς
921 5235 1119 5306 τυφλοῦ
1147 5238 1270 5302 τοῦς
1295 5235 1630 5307 ὀφθαλμούς.
1661 5237 1722 5290 Εἰ
1753 5236 1811 5289 δὲ

1923 4521 2044 4560 esse
2075 4519 2266 4573 Opera,
2295 4501 2512 4556 tametsi
2547 4499 2632 4554 illa
2661 4497 2854 4554 incitet
2884 4512 2947 4550 ac
2974 4505 3188 4551 moveat
3217 4509 3412 4562 corpus
3439 4494 3506 4546 ad

1923 4611 2082 4666 opus,
2115 4597 2208 4650 sed
2245 4595 2529 4663 utriusque
2557 4609 2572 4645 :
2607 4591 2680 4645 ita
2711 4603 2926 4660 quoque
2960 4585 3299 4658 sentiendum
3330 4594 3412 4638 est
3440 4584 3507 4635 de

1925 4688 2160 4743 Christo.
2247 4683 2380 4739 Nam
2438 4692 2565 4737 ante
2619 4681 3049 4750 incgrnationem
3109 4677 3308 4730 nudum
3364 4672 3508 4728 exsi-

1925 4787 2076 4832 stens
2123 4777 2297 4830 adhuc
2336 4789 2432 4844 per
2474 4789 2533 4827 se
2583 4771 2816 4826 Verbum
2859 4782 3025 4836 opera
3072 4765 3240 4818 edidit
3281 4763 3502 4816 divina:

1927 4869 2088 4924 homo
2139 4877 2320 4921 autem
2364 4863 2596 4926 factum,
2631 4875 2726 4932 per
2770 4873 2989 4914 carnem
3025 4855 3190 4911 etiam
3242 4867 3418 4913 suum,
3451 4860 3508 4903 ut

1927 4960 2060 5024 dixi,
2089 4975 2254 5028 opera
2291 4957 2483 5012 edidit.
2513 4953 2589 5008 ita
2623 4955 2766 5007 enim
2795 4950 3036 5004 admovit
3062 4960 3282 5000 manum
3319 4941 3502 5005 cmcis,

1927 5049 2002 5104 ita
2037 5064 2250 5104 rursum
2297 5056 2519 5101 extensa
2569 5057 2728 5098 manu
2775 5037 3007 5094 loculum
3038 5037 3304 5114 attingens
3332 5034 3507 5088 susci-

1921 5140 2056 5194 tavit
2082 5126 2254 5194 vidsize
2288 5138 2450 5192 lilium
2479 5155 2492 5190 :
2532 5135 2605 5190 ita
2639 5135 2750 5188 luto
2776 5146 2841 5186 ex
2883 5139 3042 5200 sputo
3065 5144 3094 5182 e
3154 5133 3298 5182 terra
3337 5123 3504 5190 facto,

1917 5235 2070 5290 unxit
2116 5233 2302 5288 oculos
2350 5230 2476 5286 czeci
2519 5229 2590 5284 ab
2650 5235 2797 5281 ortu.
2857 5223 2914 5277 Si
2971 5235 3100 5275 vero
3144 5215 3506 5288 spiritualiter

1449 5392 1602 5449 BON.
1650 5391 1972 5449 VULCANll
2011 5389 2246 5446 NOTzE.

301 5553 421 5622 (15)
447 5552 614 5619 Λύτῷ
644 5553 792 5608 κατὰ
820 5551 1021 5623 μονὴν
1054 5551 1168 5623 τὴν
1199 5551 1299 5605 ἐπὶ
1324 5549 1432 5620 τῆς
1467 5515 1818 5623 τελουμένης

1923 5548 2126 5623 miti-nc
2162 5547 2440 5623 δύναμιν.
2476 5543 2650 5623 Loctts
2688 5551 2982 5623 corruptus
3001 5548 3065 5623 ⁸ιιι
3099 5533 3342 5623 mutilus.
3373 5531 3510 5623 Vide

221 5604 418 5683 an‘ita’
461 5604 738 5678 emoindari
781 5604 976 5694 possit;
1011 5604 1160 5692 αὑτῷ
1209 5604 1525 5692 καταμόνας
1549 5604 1818 5694 τῆν’ὲπὶἰ

1961 5604 2290 5690 τέλδιῖμένης
2315 5604 2668 5688 ’θεοσημείας
2701 5604 2913 5688 moti};
2954 5609 3216 5684 δύναμιν.
3265 5605 3323 5658 ιιι
3373 5604 3516 5656 hanc

220 5693 419 5770 itaque
444 5694 770 5752 sententiam
811 5691 1001 5754 Latine
1036 5694 1262 5752 reddidi.
