3948 6188
451 265 588 324 1119

1441 263 1502 318 S.
1541 263 1814 320 CYRILLI
1857 263 2323 320 ALEXANDRINI
2366 265 2682 320 AllClllEl‘.

3567 259 3691 315 Ηἓο

449 377 614 434 etiam
645 377 794 433 vixit.
827 376 999 445 rogita
1032 391 1218 430 rursus
1243 376 1382 446 quod
1411 377 1696 432 traducens
1724 377 2012 432 humanam

2130 381 2215 433 καὶ
2244 380 2626 451 πνευματικῶς
2663 381 2867 450 διῆγεν,
2907 379 3074 432 ὲννῦει
3109 377 3290 439 πάλιν,
3322 377 3405 429 ὅτι
3442 374 3690 430 ἀναϐιϐά-

451 478 699 525 naturam
733 466 798 519 ad
834 465 1168 535 spiritualem
1199 466 1410 521 vivendi
1445 468 1733 526 rationem.
1760 470 1872 538 ipse
1909 485 2019 523 rem

453 556 760 612 humaniter
800 570 956 609 orsus
999 555 1184 618 fuerit,
1234 565 1292 610 ut
1319 557 1401 610 via
1437 572 1502 612 ac
1549 557 1868 626 principium
1919 560 2022 613 hu-

449 663 624 702 mante
692 655 902 701 natura:
977 657 1140 710 esset,
1225 651 1282 701 u't
1342 646 1505 700 vitam
1576 648 1769 718 degere
1843 660 2022 718 posset

447 737 609 808 393
637 753 742 790 non
764 737 875 806 jam
905 737 1198 791 carnaliter
1226 745 1279 792 et
1317 737 1653 808 voluptuose,
1693 741 1787 794 sed
1842 741 2020 811 potius

450 837 634 882 sancte
659 836 712 882 et
734 826 1103 896 spiritualiter.
1130 828 1320 883 Omnis
1343 829 1486 884 enim
1540 829 1663 884 boni
1697 832 2017 901 principium

450 917 606 972 nobis
635 916 807 972 factus
838 917 954 971 fuit.
1006 916 1209 972 Idcirco
1236 919 1378 972 enim
1432 918 1606 975 factus
1641 929 1721 975 est
1752 923 1936 988 homo,
1964 933 2021 976 ut

451 1009 518 1062 ab
547 1007 913 1063 imbecillitate
959 1009 1009 1062 in
1053 1008 1225 1063 Adam
1272 1019 1574 1073 contracta,
1611 1021 1800 1066 natura
1836 1023 2018 1068 nostra

450 1097 965 1167 liberata._tanquam
985 1100 1035 1153 in
1065 1100 1203 1168 ipso,
1222 1111 1274 1155 et
1297 1102 1509 1170 quidem
1536 1103 1730 1174 prium,
1762 1103 2018 1174 spiritua-

450 1189 553 1245 iem
579 1189 720 1245 illam
757 1191 1074 1247 declararet.
1789 1217 1792 1222 -

997 1301 1227 1358 CAPUT
1261 1301 1451 1358 XXIII.

450 1411 708 1466 Adversus
741 1414 986 1474 dicentes.
1028 1417 1110 1467 An
1137 1415 1253 1482 ﬁeri
1289 1415 1511 1481 potuerit
1544 1427 1594 1467 ut
1629 1417 1868 1471 Christus
1898 1434 2019 1484 pec—

497 1493 656 1545 caret,
687 1493 896 1552 gestum
921 1485 1321 1537 similitudinem
1345 1486 1472 1538 Adw
1498 1497 1704 1553 propter
1729 1503 1934 1541 carnem
1961 1491 1988 1542 Ρ

519 1658 712 1714 Stolidi
740 1674 867 1714 vero
901 1675 965 1715 ac
987 1661 1263 1716 dementes
1285 1675 1508 1730 prorsus
1536 1673 1681 1725 sunt,
1720 1664 1808 1732 qui
1841 1663 2016 1733 ipsum

2125 471 2232 535 ζων
2271 471 2338 523 τά
2378 470 2498 524 καθ’
2527 473 2671 540 ἡμᾶς
2718 473 2796 534 εἰς
2837 470 3214 540 πνευματικὴν
3257 466 3554 532 πολιτείαν,
3599 467 3688 520 αὖ·

2121 562 2211 625 τὸς
2239 563 2440 632 ἤρξατο
2465 561 2556 614 τοῦ
2583 562 2906 632 πράγματος
2935 558 3312 631 ἀνθρωπίνως,
3341 559 3428 610 ἵνα
3463 558 3579 621 ὁδὸς
3605 560 3688 612 καὶ

2122 652 2264 722 ἀρχὴ
2303 655 2368 722 τῇ
2410 651 2694 722 ἀνθρώπου
2729 650 2886 720 φύσει
2916 649 3140 720 γένηται
3186 648 3320 718 πρὸς
3353 647 3413 700 τὸ
3444 647 3687 700 δύνασθαι

2121 743 2331 813 διαζῆν,
2361 743 2541 795 οὐκέτι
2589 740 2864 812 σαρκικῶς
2911 740 3005 793 καὶ
3053 739 3378 810 φιληδόνως,
3423 739 3592 805 ἀγίως
3639 738 3687 791 δὲ

2126 821 2326 903 μᾶλλον
2364 831 2458 885 καὶ
2495 831 2900 901 πνευματικῶς.
2937 829 3166 897 Ἀγαθοῦ
3205 829 3313 900 γὰρ
3341 828 3540 891 παντὸς
3569 830 3688 898 ἡμῖν

2122 925 2314 992 γέγονε
2358 923 2520 993 ἀρχή.
2552 924 2659 976 Καὶ
2696 922 2786 975 διά
2826 921 2984 975 τοῦτο
3024 920 3230 990 πέφηνε
3262 919 3564 990 ἄνθρωπος,
3610 921 3688 972 ἴνα

2121 1017 2221 1087 τῆς
2242 1018 2300 1069 ὲν
2325 1015 2494 1085 ’Λδάμ
2514 1014 2796 1078 ἀσθενείας
2820 1013 2918 1084 τὴν
2944 1012 3099 1082 ήμῶν
3125 1011 3286 1081 φύσιν
3307 1009 3687 1080 ἐλευθερώσας,

2120 1109 2194 1172 ὼς
2228 1109 2282 1161 ἐν
2311 1106 2460 1178 αὑτῷ
2488 1107 2577 1161 καὶ
2614 1105 2813 1177 πρώτῳ
2838 1103 2986 1174 δείξῃ
3017 1103 3409 1172 πνευματικήν.

2597 1289 2602 1293 ’
2698 1302 2947 1355 ΚΕΦΑΛ.
2996 1299 3120 1353 KI".

2123 1413 2276 1482 Πρὸς
2293 1413 2428 1477 τοὺς
2444 1411 2752 1477 λέγοντας,
2775 1411 2843 1462 Et
2868 1408 3178 1473 ἐνεδέχετο
3205 1401 3543 1486 ἁμιξρτὴσαι
3568 1407 3686 1526 X51-

2191 1484 2342 1526 στὸν
2370 1480 2708 1526 ωηηέσαντα
2751 1479 2862 1526 πλὴν
2894 1479 3180 1526 ὁμοίωσιν
3226 1493 3331 1526 του
3391 1474 3567 1526 Ἀδὰιι
3633 1474 3685 1526 ιὰ

2191 1474 2342 1568 στὸν
2367 1474 2708 1566 θέορέὰαντα
2751 1479 2862 1546 τὴν
2894 1479 3180 1546 ὁμοίωσιν
3226 1474 3331 1529 τοῦ
3391 1474 3567 1544 Ἀδὰμ
3595 1474 3685 1526 διὰ

2191 1565 2305 1619 την
2334 1565 2532 1618 σαρκα
2553 1565 2570 1612 ;

2202 1663 2471 1716 ’Λσύνετοι
2504 1663 2560 1715 δὲ
2589 1660 2865 1724 παντελῶς
2882 1662 2930 1714 οἱ
2952 1661 3047 1714 καὶ
3072 1658 3253 1724 αὑτὸν,
3281 1658 3379 1711 οὐκ
3409 1653 3503 1710 οἷδ’
3523 1658 3682 1719 ὅπως,

450 1749 614 1801 etiam
634 1746 932 1815 Christum,
961 1751 1143 1804 nescio
1178 1764 1284 1820 quo
1320 1760 1497 1818 pacto,
1529 1765 1756 1820 peccare
1782 1732 2021 1821 potuisse

2130 1756 2216 1808 τὸν
2253 1755 2486 1825 Χριστὸν
2516 1754 2956 1823 ὑποτυπήσαντες
2995 1750 3381 1822 πλημμελῆσαι
3413 1749 3681 1812 δύνασθαι,

451 1835 744 1901 afﬁrmant,
791 1853 911 1892 eam
947 1839 1016 1893 ob
1052 1853 1295 1905 causam,
1356 1841 1497 1908 quod
1544 1841 1597 1894 in
1648 1841 1818 1895 forma
1865 1841 2019 1896 nobis

452 1924 612 1978 simili
656 1941 750 1994 per
786 1926 1216 1982 incarnationem
1263 1928 1332 1982 sit
1379 1927 1591 1996 factus;
1621 1930 1874 1999 quodque
1906 1931 2020 1985 for-

453 2027 597 2066 mam
628 2016 769 2070 servi
801 2018 1092 2086 acceperit,
1119 2029 1170 2074 et
1203 2035 1322 2074 cum
1356 2020 1667 2076 hominibus
1699 2023 1750 2076 in
1784 2032 1925 2076 terra
1949 2022 2020 2077 sit

454 2115 724 2160 versatus.
771 2106 826 2162 Si
877 2110 1020 2163 enim
1063 2110 1224 2166 desiit
1271 2127 1391 2167 esse
1442 2113 1582 2181 quod
1632 2123 1772 2177 erat,
1817 2124 1911 2168 aut
1953 2129 2018 2168 ex

455 2194 637 2248 divina
684 2208 874 2252 natura
911 2200 961 2253 in
998 2202 1285 2256 humanam
1323 2199 1524 2258 tantum
1573 2219 1635 2258 ac
1665 2206 1832 2260 nostri
1871 2205 2020 2259 simi-

455 2283 557 2338 lem
605 2297 856 2342 naturant
909 2291 1094 2350 abiit:
1144 2294 1391 2349 humana:
1444 2295 1829 2350 imbecillitatis
1870 2296 2016 2350 illum

453 2387 703 2446 arguant.
738 2377 794 2434 Si
826 2396 976 2448 vero,
1009 2385 1208 2439 idcirco
1238 2385 1523 2440 humanam
1561 2397 1806 2442 naturam
1838 2399 2016 2459 gesta-

452 2465 549 2531 vit,
579 2475 662 2532 ut,
687 2483 805 2538 qua:
833 2471 886 2526 in
921 2474 1091 2528 Adam
1126 2475 1396 2531 imbecilla
1421 2487 1558 2543 erat,
1586 2479 1636 2532 in
1663 2495 1722 2534 se
1750 2479 2019 2534 validissi-

451 2571 597 2610 mam
629 2568 684 2612 et
715 2573 938 2628 peccato
963 2565 1296 2633 superiorem
1331 2568 1630 2624 declararet
1659 2585 1792 2624 :cur
1820 2569 2016 2624 frustra

452 2646 506 2700 id
548 2648 707 2704 anxie
764 2651 1040 2720 inquirunt
1097 2655 1242 2724 quod
1306 2657 1553 2714 invenire
1604 2675 1709 2713 non
1763 2661 2018 2730 possunt?

451 2737 733 2805 Quomodo
760 2753 938 2798 autem
978 2746 1145 2815 ipsius
1172 2746 1323 2801 obliti
1357 2758 1484 2802 sunt
1511 2749 1740 2804 dicentis
1769 2770 1782 2805 :
1819 2771 1836 2802 ι
1866 2750 2019 2804 Venit

451 2830 704 2902 princeps
732 2836 939 2899 mundi,
971 2846 1026 2890 et
1055 2839 1106 2890 in
1142 2853 1224 2892 me
1264 2855 1368 2894 non
1402 2840 1563 2895 habet
1591 2842 1968 2912 quidquam"?
1996 2861 2014 2894 ι

452 2923 644 2992 Arguit
678 2925 892 2993 quidem
933 2929 1142 2994 peccati
1179 2945 1392 2985 omnem
1437 2945 1680 2997 carnem,
1728 2932 1894 3000 ipsius
1925 2947 2019 2984 an-

453 3028 573 3070 ctor
615 3032 630 3070 :
669 3018 763 3072 sed
817 3019 980 3074 stulta
1033 3030 1196 3090 atque
1245 3023 1468 3078 sinistra
1520 3023 1688 3091 ipsius
1745 3023 2021 3078 accusatio

454 3107 658 3161 nullum
690 3109 743 3162 in
769 3109 987 3165 Christo
1011 3111 1188 3166 locum
1226 3114 1432 3169 habuit.
1462 3114 1670 3168 Nullum
1697 3115 1839 3169 enim
1867 3130 2020 3184 pror-

453 3211 546 3251 sus
593 3198 644 3252 in
697 3199 812 3268 ipso
864 3214 1145 3270 peccatum
1199 3205 1476 3258 inventum
1520 3206 1640 3260 fuit.
1696 3206 1903 3260 Etenim
1956 3207 2021 3260 ad

453 3288 665 3346 Judzeos
700 3292 874 3361 inquit
905 3307 922 3346 :
955 3311 971 3344 t
1005 3293 1137 3360 Quis
1168 3310 1233 3349 ex
1282 3296 1432 3351 vobis
1465 3307 1655 3368 arguet
1686 3311 1769 3350 tne
1795 3299 1862 3352 de
1895 3311 2022 3365 pec-

452 3378 614 3432 cato?
644 3379 700 3434 Si
731 3382 1012 3435 veritatem
1047 3384 1188 3448 dico,
1223 3399 1319 3438 cur
1349 3400 1455 3439 non
1481 3387 1702 3441 creditis
1733 3388 1860 3441 mihi
1885 3387 1969 3439 "2’
1998 3407 2016 3439 ι

456 3471 922 3534 Quemadmodum
967 3473 1132 3542 igitur
1166 3474 1218 3528 in
1258 3475 1428 3528 Adam
1463 3477 1806 3530 condemnati
1839 3493 2025 3533 smnus

457 3561 528 3614 ob
577 3561 1022 3630 inobedieutiam,
1084 3565 1434 3634 mandatique
1487 3568 2021 3636 transgressionem:

459 3652 532 3705 ita
577 3651 632 3706 in
677 3652 1192 3725 Christojnstilicati
1241 3672 1450 3723 sumus,
1504 3670 1722 3727 propter
1759 3662 2024 3714 omnimo-

457 3745 582 3798 dam
615 3745 780 3814 ipsius
807 3761 836 3800 a
869 3758 1092 3816 peccato
1121 3750 1536 3816 immunitatem,
1565 3750 1677 3804 sive
1713 3751 2021 3819 puritatem,

457 3842 509 3888 et
535 3833 828 3903 perfectam
855 3837 1290 3908 inculpatamque
1313 3839 1673 3894 obedientiam
1703 3848 1787 3892 :ct
1822 3850 2026 3894 naturte

459 3925 708 3982 humana:
759 3928 929 3999 gloria
974 3945 1038 3984 ac
1089 3931 1329 4000 dignitas
1379 3931 1431 3985 in
1485 3932 1586 3986 hoc
1632 3942 1714 3986 est
1757 3933 2019 3986 restituta.

457 4017 748 4074 Obstructa
798 4021 980 4091 itaque
1030 4034 1115 4077 est
1161 4023 1491 4090 maledictio,
1538 4033 1592 4078 et
1623 4023 1930 4078 obturatum
1963 4040 2024 4078 os

460 4108 688 4179 peccati,
725 4119 779 4166 et
811 4126 932 4166 cum
975 4111 1093 4181 ipso
1128 4114 1320 4169 mortis
1355 4113 1642 4183 imperium
1692 4109 1907 4169 irritum
1946 4115 2025 4168 fa-

457 4206 606 4255 ctum
645 4211 751 4267 est,
794 4217 860 4258 ac
887 4204 1285 4272 quodammodo
1319 4219 1441 4258 cum
1483 4218 1579 4258 sua
1629 4205 1810 4260 radlce
1845 4220 2027 4259 emar—

459 4290 593 4348 cuit.
643 4290 700 4346 Si
732 4293 876 4347 enim
912 4304 1216 4362 peccatum,
1257 4293 1377 4350 fons
1416 4303 1577 4362 atque
1607 4296 1756 4365 origo
1784 4298 2024 4350 omnium

467 4379 732 4436 malorum
783 4383 941 4438 nobis
987 4384 1086 4437 fuit
1129 4401 1144 4437 :
1184 4385 1408 4440 abolitio
1455 4401 1642 4439 eorum
1695 4403 1813 4456 quae
1869 4389 2026 4442 nobis

464 4471 780 4528 acciderant
827 4473 994 4529 fuerit
1051 4475 1372 4545 justiﬁcatio
1421 4478 1472 4530 in
1507 4476 1724 4532 Christo
1764 4494 1858 4548 per
1899 4480 2028 4534 obe-

463 4561 720 4618 dientiam
752 4564 1016 4635 ingressa,
1060 4567 1315 4636 omnique
1359 4567 1514 4636 plane
1541 4567 1706 4639 395I
1747 4569 1899 4638 culpa
1941 4586 2031 4623 ca-

466 4667 615 4709 rens.
667 4654 936 4722 Quocirca
977 4658 1138 4711 etiam
1190 4657 1496 4724 Adamum,
1553 4670 1610 4712 ut
1659 4660 1758 4728 ipsi
1809 4661 2028 4724 dicunt,

467 4744 687 4803 indutus
715 4758 803 4804 est
831 4768 846 4804 :
872 4766 977 4805 non
1008 4759 1184 4806 tamen
1207 4752 1279 4807 illi
1297 4753 1492 4807 similis
1525 4762 1664 4817 erat,
1684 4754 1774 4822 qui
1805 4769 1867 4811 ex
1889 4763 2031 4807 terra

465 4842 882 4896 terrenuszsed
933 4850 992 4896 ut
1041 4844 1302 4908 cmlestis,
1356 4844 1850 4914 incomparabiliter
1893 4859 2030 4913 prae-

464 4928 698 4985 stantior
739 4937 984 4986 terreno.
1035 4931 1202 4988 Porro
1249 4933 1502 5003 puritatis
1547 4951 1575 4986 a
1621 4942 1843 5001 peccato
1875 4933 2032 4987 laude

463 5013 753 5070 humanam
798 5027 1048 5074 naturam
1090 5023 1141 5076 in
1194 5024 1307 5090 ipso
1366 5031 1614 5077 ornatam
1669 5021 1831 5076 fuisse
1875 5022 2031 5078 facile

2124 1845 2212 1898 διά
2244 1845 2306 1897 τὸ
2335 1847 2392 1897 ὲν
2421 1845 2550 1898 εἴδει
2584 1845 2661 1914 τῷ
2696 1843 2816 1898 καθ’
2849 1845 2996 1912 ἡμᾶς
3034 1841 3389 1912 οἰκονομικῶς
3417 1840 3682 1909 γενέσθαι,

2127 1935 2221 1988 καὶ
2266 1935 2452 1988 δούλου
2513 1935 2726 2004 μορφὴν
2778 1934 2980 1998 λαϐεῖν,
3035 1933 3130 1986 καὶ
3187 1931 3684 2000 συναναστραφῆναι

2125 2029 2236 2090 τοῖς
2275 2027 2364 2079 ἐπὶ
2395 2027 2497 2095 γῆς
2528 2025 2833 2096 ἀνθρώποις
2891 2025 2951 2077 El
2998 2025 3096 2095 μὲν
3138 2024 3246 2094 γὰρ
3275 2023 3368 2076 τοῦ
3401 2019 3536 2075 εἶναι
3567 2023 3594 2074 ὃ
3624 2017 3686 2092 ἦν

2125 2120 2355 2188 ἀπέστη,
2383 2119 2440 2188 ἢ,
2474 2121 2536 2171 ὲκ
2568 2118 2661 2170 τοῦ
2690 2113 2995 2181 εἷναιΘεὸς,
3029 2117 3106 2180 είς
3139 2116 3198 2168 τὸ
3229 2115 3348 2169 καθ’
3379 2117 3529 2184 ἡμᾶς
3555 2109 3686 2168 εἶναι

2128 2211 2286 2279 μόνον
2340 2209 2800 2279 μεταπεφοίτηκε,
2831 2209 3147 2278 ζητήτωσαν
3190 2209 3246 2260 ἐν
3293 2207 3440 2275 αὐτῷ
3487 2206 3554 2258 τά
3598 2206 3701 2275 τῆς

2124 2299 2467 2369 ἀνθρωπίνης
2509 2299 2790 2361 ἀσθενείας
2821 2299 3156 2368 ἐγκλήματα.
3209 2297 3271 2352 Ei
3319 2296 3374 2349 δὲ
3404 2296 3493 2348 διὰ
3543 2295 3690 2348 τοῦτο

2124 2393 2222 2461 τὴν
2243 2390 2334 2443 τοῦ
2363 2391 2646 2461 ἀνθρώπου
2677 2390 2837 2460 φύσιν
2867 2391 3195 2460 πεφόρηκεν,
3219 2390 3326 2455 ἵνα,
3344 2389 3418 2450 ὡς
3441 2389 3499 2440 ἐν
3530 2387 3693 2456 Ἀδὰμ

2125 2482 2516 2552 ἀσθενήσασαν,
2536 2483 2593 2534 ὲν
2621 2481 2770 2552 αὖτῷ
2792 2481 2956 2548 δείξει
2972 2487 2987 2502 '
3009 2481 3385 2548 δυνατωτάτην
3399 2480 3494 2532 καὶ
3524 2480 3692 2549 ἀμαρο

2125 2572 2246 2634 τίσις
2275 2571 2580 2641 κρείττονα,
2613 2572 2664 2623 τί
2695 2573 2872 2641 μάτην
2911 2570 3360 2641 περιεργάζονται
3389 2569 3417 2621 ὃ
3445 2568 3692 2621 δύνανται

2124 2663 2222 2732 οὐχ
2277 2663 2490 2732 εὕρείνς
2549 2662 2666 2724 πῶς
2719 2662 2776 2715 δὲ
2827 2662 3074 2730 λέγοντος
3126 2659 3290 2714 αὐτοῦ
3339 2659 3689 2712 ἐπελάθοντοο

2131 2773 2149 2804 ι
2207 2755 2465 2822 Ἔρχεται
2501 2755 2529 2806 ὁ
2564 2752 2656 2806 τοῦ
2707 2753 2912 2823 κόσμου
2963 2752 3168 2823 ἅρχων,
3215 2751 3306 2804 καὶ
3343 2752 3402 2803 ὲν
3445 2749 3570 2818 ἐμοὶ
3601 2749 3695 2800 οὐκ

2126 2841 2237 2910 ἔχει
2264 2841 2431 2895 οὐδέν.
2475 2861 2491 2892 ι
2536 2843 2847 2913 Κατηγορεῐ
2897 2841 2994 2910 μὲν
3020 2842 3111 2894 καὶ
3140 2840 3316 2909 πάσης
3367 2839 3568 2908 σαρκὸς
3601 2837 3692 2904 τῆς

2125 2933 2397 3003 ἁμαρτίας
2430 2936 2455 2986 ὁ
2485 2935 2712 3003 εὑρετής
2731 2951 2743 2963 °
2772 2933 2886 2985 ἀλλ’
2915 2929 2982 3004 ἦν
3020 2932 3115 3003 τῆς
3144 2931 3350 2984 ἐκείνου
3385 2929 3697 2996 σκαιότητος

2128 3023 2159 3092 ἡ
2192 3023 2478 3093 περιεργία
2508 3023 2786 3092 ἄπρακτος
2816 3024 2872 3074 ὲν
2902 3021 3150 3092 Χριστῷο
3187 3019 3414 3090 εὓρηται
3439 3019 3548 3087 γὰρ
3567 3017 3700 3076 ὅλως

2127 3111 2280 3165 οὐδὲν
2310 3114 2364 3163 ἐν
2400 3112 2566 3182 αὐτῷ.
2600 3113 2707 3165 Καὶ
2739 3111 2866 3179 γοῦν
2898 3111 3032 3182 πρὸς
3076 3111 3358 3170 Ἰουδαίους
3392 3107 3494 3176 ἔφη
3519 3125 3532 3136 ·
3561 3126 3579 3157 ι
3607 3105 3699 3168 Τίς

2129 3202 2189 3266 ἐξ
2240 3201 2392 3272 ὑμῶν
2442 3202 2648 3271 ἐλέγχει
2703 3219 2770 3271 με
2821 3204 2912 3257 ἐπὶ
2965 3202 3268 3272 ἀμαρτίαςς
3329 3201 3390 3252 Εἰ
3446 3198 3700 3268 ἀλήθειαν

2129 3292 2289 3362 λέγω,
2311 3293 2397 3346 διά
2427 3294 2476 3344 τί
2505 3295 2658 3362 ὑμεῖς
2683 3293 2743 3344 οὐ
2777 3294 3055 3345 πιστεύετὲ
3088 3309 3208 3362 μοις
3242 3312 3258 3342 ι
3291 3293 3500 3359 ’Ὠσπερ
3525 3290 3700 3340 τοίνυν

2130 3381 2188 3433 ὲν
2235 3381 2405 3450 ’Λδάμ
2439 3381 2836 3451 κατεκρίθημεν
2881 3381 2970 3434 διὰ
3009 3380 3107 3450 τὴν
3138 3380 3438 3450 παρακοὴν,
3477 3378 3573 3428 καὶ
3605 3377 3701 3446 τῆς

2132 3472 2350 3540 ἐντολῆς
2384 3471 2480 3541 τὴν
2514 3471 2840 3541 παράϐασιν,
2873 3470 3044 3535 οὕτως
3076 3474 3132 3524 ἐν
3163 3469 3380 3540 Χριστῷ
3423 3467 3701 3520 δεδικαιὼο

2135 3565 2272 3634 μεθα
2319 3565 2407 3616 διὰ
2465 3564 2524 3614 τὸ
2581 3563 2934 3632 ἀπλτομμελὲς
2977 3563 3301 3628 ὁλοτρὸπως,
3339 3561 3430 3612 καὶ
3481 3561 3582 3628 τὴν
3629 3561 3706 3619 ei;

2132 3657 2276 3710 ἅπαν
2306 3658 2398 3709 καὶ
2437 3655 2733 3726 ἀμώμητον
2777 3657 3022 3726 ὑπακοήν
3043 3673 3054 3686 ·
3088 3655 3183 3708 καὶ
3213 3654 3274 3706 τὸ
3305 3652 3570 3722 καύχημα
3606 3652 3706 3720 τῆς

2131 3748 2470 3819 ἀνθρωπείας
2524 3747 2736 3816 φύσεως
2781 3750 2838 3800 ὲν
2890 3747 3060 3818 τούτῳ
3112 3749 3324 3816 γέγονε.
3382 3748 3708 3818 Πέφρακται.

2133 3840 2260 3909 γοῦν
2309 3841 2342 3910 ἡ
2387 3839 2515 3909 ἀρὰ,
2559 3840 2650 3891 καὶ
2679 3840 2739 3891 τὸ
2771 3839 2945 3908 στόμα
2973 3841 3072 3907 τῆς
3109 3837 3380 3909 ἁμαρτίας
3414 3839 3703 3908 ὲμπέφρα⁸

2134 3949 2280 3996 κται,
2312 3931 2405 3984 καὶ
2432 3932 2527 3984 σὺν
2552 3932 2696 4001 αὐτῷ
2728 3932 2788 3982 τὸ
2818 3931 2910 3983 τοῦ
2935 3930 3161 3984 θανάτου
3191 3931 3387 4001 κράτος
3421 3931 3708 3997 κατείρη-

2131 4025 2262 4085 ται⁹,
2304 4021 2492 4090 ὥσπερ
2543 4021 2718 4092 οἰκείᾳ
2749 4022 2875 4092 ῥίζῃ
2930 4019 3434 4090 συναπομαρανθέν.
3493 4018 3558 4070 Et
3604 4019 3708 4086 γὰρ

2132 4113 2348 4166 πάντων
2368 4112 2474 4165 τῶν
2501 4113 2681 4164 κακῶν
2707 4113 2963 4182 πρόξενος
2988 4115 3117 4182 ἡμῖν
3141 4114 3173 4182 ἡ
3199 4111 3439 4182 ἀμᾶρτία
3461 4111 3709 4178 γέγονεν,

2131 4203 2408 4273 ἀναίρεσις
2438 4200 2591 4255 ἔσται
2619 4201 2726 4254 τῶν
2761 4202 3182 4272 συμϐεϐηκότων
3215 4205 3246 4272 ὴ
3289 4204 3345 4255 ὲν
3374 4201 3598 4270 Χριστῷ
3631 4200 3708 4251 διο

2133 4295 2376 4358 καίωσις,
2407 4293 2472 4347 δι’
2508 4294 2752 4364 ὑπακοῆς
2780 4294 3142 4359 είσϐαίνουσα,
3178 4294 3272 4347 καὶ
3299 4294 3359 4346 τὺ
3392 4294 3712 4346 ἀνυπαίτιον

2135 4387 2330 4457 ἔχουσα
2363 4385 2656 4448 παντελῶς.
2699 4387 2860 4438 Ὥστε
2897 4385 2989 4439 καλ⁸
3017 4387 3064 4440 εί
3093 4385 3182 4439 τὸν
3224 4385 3412 4454 Ἀδὰμ,
3451 4384 3528 4448 ῶς
3554 4399 3712 4453 φασι,

2136 4475 2466 4546 πεφόρηκεν,
2497 4477 2611 4530 ἀλλ’
2654 4477 2713 4530 οὐ
2744 4477 2862 4530 κατ’
2887 4476 3092 4530 ἐκεῖνον
3132 4472 3220 4546 ἧν,
3249 4475 3340 4528 τὸν
3369 4476 3436 4527 ἐκ
3463 4478 3570 4545 γῆς
3593 4478 3714 4545 χοῖ-

2136 4568 2251 4632 κὸν,
2303 4567 2417 4621 ἀλλ’
2449 4568 2524 4631 ὡς
2566 4568 2906 4639 ἐπουράνιος,
2940 4568 3180 4638 ἀμείνων
3222 4567 3574 4638 ἀσυγκρίτως
3617 4564 3715 4616 τοῦ

2137 4653 2320 4726 χοῖκοῦ
2341 4671 2354 4684 ·
2389 4657 2478 4708 καὶ
2508 4658 2618 4718 τοῖς
2647 4657 2744 4725 τῆς
2772 4657 3184 4727 ἀναμαρτησίας
3215 4656 3457 4718 ἐπαίνοις
3482 4655 3585 4724 τὴν
3613 4655 3716 4708 ἁν-

2137 4749 2354 4820 θρὼπου
2382 4748 2541 4818 φύσιν
2573 4749 2987 4820 στεφανωμένην
3013 4754 3028 4770 ’
3060 4751 3116 4802 ἐν
3147 4748 3294 4818 αὒτῷ
3320 4747 3602 4818 θεωρῆσαί
3625 4764 3714 4808 τις

2137 4841 2203 4896 ἂν
2239 4842 2471 4904 δύναιτο,
2505 4840 2606 4913 τῆς
2644 4841 2997 4894 θεοπνεύστου
3032 4841 3256 4911 Γραφῆς
3305 4839 3716 4910 ἐπιμαρτυροῦ-

2141 4949 2236 5003 σης
2255 4931 2424 5002 αὐτῷ,
2442 4934 2523 4986 ὅτι
2560 4952 2578 4984 ι
2600 4933 2895 5004 Ἀμαρτίαν
2922 4935 3020 4988 οὐκ
3053 4933 3327 5004 ἐποίησεν,
3354 4931 3475 4984 οὐδὲ
3512 4930 3714 5002 εὑρέθη

2136 5023 2283 5086 δόλος
2314 5025 2371 5076 ὲν
2403 5023 2481 5092 τῷ
2510 5023 2736 5094 στόματι
2773 5023 2958 5078 αὐτοῦ.
2997 5044 3015 5076 ι

464 5105 588 5177 quis
627 5111 1043 5179 contempletur,
1091 5128 1212 5168 cum
1263 5114 1541 5184 Scriptura
1596 5129 1750 5167 sacra
1800 5114 1863 5167 de
1915 5116 2026 5184 ipso
2071 5125 2339 5171 testetur:
2377 5137 2394 5167 ι
2427 5118 2558 5182 Quia
2603 5129 2879 5187 peccatum
2951 5134 3054 5173 non
3088 5117 3429 5186 fecit,neque
3459 5117 3716 5173 inventus

466 5205 549 5256 est
575 5198 629 5255 in
659 5214 757 5259 ore
785 5199 902 5271 ejus
931 5205 1083 5260 do.us
1103 5206 1170 5258 ".
1205 5225 1223 5257 ι

553 5355 604 5389 ⁷³
621 5353 780 5413 Joatt.
815 5374 926 5425 xtv,
953 5360 1041 5415 50.
1085 5421 1088 5424 ,
1118 5361 1162 5393 ⁷⁸
1187 5359 1344 5417 Joan.
1383 5379 1498 5430 \‘lll,
1527 5365 1614 5418 i6.

1693 5366 1737 5396 ⁷⁸
1763 5363 1777 5416 Ι
1803 5363 1945 5418 Petr.
1985 5380 2040 5428 tt,
2075 5365 2160 5417 29..
