  <div class='ocr_page' id='page_1' title='image "/cluster/home/n/w/nwhite01/storage/ocr_20150623/76/hvd.32044073501439/570.png"; bbox 0 0 3936 6200; ppageno 0'>
   <div class='ocr_carea' id='block_1_1' title="bbox 296 267 454 353">
    <p class='ocr_par' dir='ltr' id='par_1_1' title="bbox 296 267 454 353">
     <span class='ocr_line' id='line_1_1' title="bbox 296 267 454 353; baseline 0 0"><span class='ocrx_word' id='word_1_1' title='bbox 296 267 454 353; x_wconf 70' lang='grc' dir='ltr'>ἰιεδ</span> 
     </span>
    </p>
   </div>
   <div class='ocr_carea' id='block_1_2' title="bbox 1314 292 2532 352">
    <p class='ocr_par' dir='ltr' id='par_1_2' title="bbox 1314 292 2532 352">
     <span class='ocr_line' id='line_1_2' title="bbox 1314 292 2532 352; baseline 0.002 -3"><span class='ocrx_word' id='word_1_2' title='bbox 1314 293 1687 351; x_wconf 78' lang='lat' dir='ltr'><strong>ADVERSUS</strong></span> <span class='ocrx_word' id='word_1_3' title='bbox 1725 292 2532 352; x_wconf 70' lang='lat' dir='ltr'><strong>ANTIIROPOMORPIIITAS.</strong></span> 
     </span>
    </p>
   </div>
   <div class='ocr_carea' id='block_1_3' title="bbox 3437 302 3577 358">
    <p class='ocr_par' dir='ltr' id='par_1_3' title="bbox 3437 302 3577 358">
     <span class='ocr_line' id='line_1_3' title="bbox 3437 302 3577 358; baseline 0 0"><span class='ocrx_word' id='word_1_4' title='bbox 3437 302 3577 358; x_wconf 74' lang='lat'><strong>“26</strong></span> 
     </span>
    </p>
   </div>
   <div class='ocr_carea' id='block_1_4' title="bbox 313 406 1901 485">
    <p class='ocr_par' dir='ltr' id='par_1_4' title="bbox 313 406 1899 485">
     <span class='ocr_line' id='line_1_4' title="bbox 313 406 1899 485; baseline -0.003 -17"><span class='ocrx_word' id='word_1_5' title='bbox 313 415 497 468; x_wconf 83' lang='grc' dir='ltr'>θειαν·</span> <span class='ocrx_word' id='word_1_6' title='bbox 545 406 767 466; x_wconf 64' lang='grc' dir='ltr'>ἐπειδάν</span> <span class='ocrx_word' id='word_1_7' title='bbox 809 411 866 467; x_wconf 78' lang='grc' dir='ltr'>δὲ</span> <span class='ocrx_word' id='word_1_8' title='bbox 913 411 1174 483; x_wconf 88' lang='grc' dir='ltr'>στάσιμον</span> <span class='ocrx_word' id='word_1_9' title='bbox 1211 412 1435 485; x_wconf 81' lang='grc' dir='ltr'>γένηται</span> <span class='ocrx_word' id='word_1_10' title='bbox 1466 413 1527 466; x_wconf 64' lang='grc' dir='ltr'><strong>τὸ</strong></span> <span class='ocrx_word' id='word_1_11' title='bbox 1558 413 1748 479; x_wconf 84' lang='grc' dir='ltr'>κακὸν,</span> <span class='ocrx_word' id='word_1_12' title='bbox 1779 412 1899 465; x_wconf 82' lang='grc' dir='ltr'>τότε</span> 
     </span>
    </p>
   </div>
   <div class='ocr_carea' id='block_1_5' title="bbox 2008 406 3575 485">
    <p class='ocr_par' dir='ltr' id='par_1_5' title="bbox 2008 413 3575 481">
     <span class='ocr_line' id='line_1_5' title="bbox 2008 413 3575 481; baseline 0.003 -17"><span class='ocrx_word' id='word_1_13' title='bbox 2008 420 2115 465; x_wconf 90' lang='lat' dir='ltr'><strong>tum</strong></span> <span class='ocrx_word' id='word_1_14' title='bbox 2145 413 2479 480; x_wconf 89' lang='lat' dir='ltr'><strong>pervenerit,</strong></span> <span class='ocrx_word' id='word_1_15' title='bbox 2509 419 2638 465; x_wconf 91' lang='lat' dir='ltr'><strong>tunc</strong></span> <span class='ocrx_word' id='word_1_16' title='bbox 2663 414 2895 481; x_wconf 86' lang='lat' dir='ltr'><strong>primum</strong></span> <span class='ocrx_word' id='word_1_17' title='bbox 2923 425 3094 469; x_wconf 83' lang='lat' dir='ltr'><strong>artem</strong></span> <span class='ocrx_word' id='word_1_18' title='bbox 3121 429 3271 470; x_wconf 89' lang='lat' dir='ltr'><strong>suam</strong></span> <span class='ocrx_word' id='word_1_19' title='bbox 3299 414 3575 481; x_wconf 80' lang='lat' dir='ltr'><strong>adhibent,</strong></span> 
     </span>
    </p>
   </div>
   <div class='ocr_carea' id='block_1_6' title="bbox 310 502 1890 577">
    <p class='ocr_par' dir='ltr' id='par_1_6' title="bbox 310 502 1890 577">
     <span class='ocr_line' id='line_1_6' title="bbox 310 502 1890 577; baseline -0.003 -18"><span class='ocrx_word' id='word_1_20' title='bbox 310 506 411 577; x_wconf 84' lang='grc' dir='ltr'>τὴν</span> <span class='ocrx_word' id='word_1_21' title='bbox 436 502 631 575; x_wconf 76' lang='grc' dir='ltr'>τέχνην</span> <span class='ocrx_word' id='word_1_22' title='bbox 670 505 957 573; x_wconf 77' lang='grc' dir='ltr'><strong>ἐπάγουσι,</strong></span> <span class='ocrx_word' id='word_1_23' title='bbox 992 505 1318 576; x_wconf 72' lang='grc' dir='ltr'><strong>ἐκφανείσης</strong></span> <span class='ocrx_word' id='word_1_24' title='bbox 1363 504 1546 573; x_wconf 80' lang='grc' dir='ltr'><strong>πάσης</strong></span> <span class='ocrx_word' id='word_1_25' title='bbox 1575 504 1673 575; x_wconf 80' lang='grc' dir='ltr'>τῆς</span> <span class='ocrx_word' id='word_1_26' title='bbox 1701 504 1855 557; x_wconf 85' lang='grc' dir='ltr'>νόσου</span> <span class='ocrx_word' id='word_1_27' title='bbox 1877 519 1890 533; x_wconf 93' lang='grc'><strong>·</strong></span> 
     </span>
    </p>
   </div>
   <div class='ocr_carea' id='block_1_7' title="bbox 309 592 1893 666">
    <p class='ocr_par' dir='ltr' id='par_1_7' title="bbox 309 592 1893 666">
     <span class='ocr_line' id='line_1_7' title="bbox 309 592 1893 666; baseline -0.003 -17"><span class='ocrx_word' id='word_1_28' title='bbox 309 595 486 659; x_wconf 79' lang='grc' dir='ltr'>οὕτως</span> <span class='ocrx_word' id='word_1_29' title='bbox 513 595 607 648; x_wconf 81' lang='grc' dir='ltr'>καὶ</span> <span class='ocrx_word' id='word_1_30' title='bbox 632 596 761 658; x_wconf 82' lang='grc' dir='ltr'>τοὺς</span> <span class='ocrx_word' id='word_1_31' title='bbox 789 594 975 658; x_wconf 91' lang='grc' dir='ltr'>κακῶς</span> <span class='ocrx_word' id='word_1_32' title='bbox 1003 593 1225 665; x_wconf 78' lang='grc' dir='ltr'>ἔχοντας</span> <span class='ocrx_word' id='word_1_33' title='bbox 1253 595 1352 666; x_wconf 80' lang='grc' dir='ltr'>τὴν</span> <span class='ocrx_word' id='word_1_34' title='bbox 1388 593 1567 665; x_wconf 76' lang='grc' dir='ltr'>ψυχὴν</span> <span class='ocrx_word' id='word_1_35' title='bbox 1610 592 1893 664; x_wconf 74' lang='grc' dir='ltr'>ἰατρεύων,</span> 
     </span>
    </p>
   </div>
   <div class='ocr_carea' id='block_1_8' title="bbox 307 680 1892 759">
    <p class='ocr_par' dir='ltr' id='par_1_8' title="bbox 307 680 1892 759">
     <span class='ocr_line' id='line_1_8' title="bbox 307 680 1892 759; baseline -0.004 -18"><span class='ocrx_word' id='word_1_36' title='bbox 307 688 408 759; x_wconf 82' lang='grc' dir='ltr'>τὴν</span> <span class='ocrx_word' id='word_1_37' title='bbox 434 688 499 741; x_wconf 83' lang='grc' dir='ltr'>ἐκ</span> <span class='ocrx_word' id='word_1_38' title='bbox 530 687 727 751; x_wconf 79' lang='grc' dir='ltr'><strong>κακίας</strong></span> <span class='ocrx_word' id='word_1_39' title='bbox 751 686 904 740; x_wconf 80' lang='grc' dir='ltr'><strong>νόσον</strong></span> <span class='ocrx_word' id='word_1_40' title='bbox 945 687 1221 757; x_wconf 75' lang='grc' dir='ltr'><strong>ἀνέμεινε,</strong></span> <span class='ocrx_word' id='word_1_41' title='bbox 1313 683 1628 755; x_wconf 88' lang='grc' dir='ltr'>κατεκράθη</span> <span class='ocrx_word' id='word_1_42' title='bbox 1650 685 1683 755; x_wconf 80' lang='grc' dir='ltr'><strong>ἡ</strong></span> <span class='ocrx_word' id='word_1_43' title='bbox 1709 683 1892 753; x_wconf 81' lang='grc' dir='ltr'>φύσις,</span> 
     </span>
    </p>
   </div>
   <div class='ocr_carea' id='block_1_9' title="bbox 310 774 1886 846">
    <p class='ocr_par' dir='ltr' id='par_1_9' title="bbox 310 774 1886 846">
     <span class='ocr_line' id='line_1_9' title="bbox 310 774 1886 846; baseline -0.004 -13"><span class='ocrx_word' id='word_1_44' title='bbox 310 781 495 833; x_wconf 84' lang='grc' dir='ltr'>πᾶσαν</span> <span class='ocrx_word' id='word_1_45' title='bbox 533 777 963 846; x_wconf 75' lang='grc' dir='ltr'>ὲκκαλυφθῆναι,</span> <span class='ocrx_word' id='word_1_46' title='bbox 995 776 1072 840; x_wconf 86' lang='grc' dir='ltr'>ὡς</span> <span class='ocrx_word' id='word_1_47' title='bbox 1119 775 1185 830; x_wconf 83' lang='grc' dir='ltr'>ἂν</span> <span class='ocrx_word' id='word_1_48' title='bbox 1238 775 1403 846; x_wconf 78' lang='grc' dir='ltr'>μηδὲν</span> <span class='ocrx_word' id='word_1_49' title='bbox 1435 774 1542 828; x_wconf 88' lang='grc' dir='ltr'><strong>τῶν</strong></span> <span class='ocrx_word' id='word_1_50' title='bbox 1577 774 1886 846; x_wconf 78' lang='grc' dir='ltr'>κεκρυμμέ-</span> 
     </span>
    </p>
   </div>
   <div class='ocr_carea' id='block_1_10' title="bbox 313 865 1894 939">
    <p class='ocr_par' dir='ltr' id='par_1_10' title="bbox 313 865 1894 939">
     <span class='ocr_line' id='line_1_10' title="bbox 313 865 1894 939; baseline -0.005 -15"><span class='ocrx_word' id='word_1_51' title='bbox 313 888 421 925; x_wconf 86' lang='grc' dir='ltr'>νων</span> <span class='ocrx_word' id='word_1_52' title='bbox 450 869 825 939; x_wconf 85' lang='grc' dir='ltr'>ἀθεράπευτον</span> <span class='ocrx_word' id='word_1_53' title='bbox 855 866 1076 937; x_wconf 80' lang='grc' dir='ltr'>μείνειε’</span> <span class='ocrx_word' id='word_1_54' title='bbox 1103 865 1196 919; x_wconf 91' lang='grc' dir='ltr'><strong>τοῦ</strong></span> <span class='ocrx_word' id='word_1_55' title='bbox 1235 865 1419 937; x_wconf 88' lang='grc' dir='ltr'>ίατροῦ</span> <span class='ocrx_word' id='word_1_56' title='bbox 1456 866 1614 936; x_wconf 89' lang='grc' dir='ltr'>μόνον</span> <span class='ocrx_word' id='word_1_57' title='bbox 1644 866 1703 918; x_wconf 92' lang='grc' dir='ltr'><strong>τὸ</strong></span> <span class='ocrx_word' id='word_1_58' title='bbox 1730 865 1894 934; x_wconf 80' lang='grc' dir='ltr'>φανὲν</span> 
     </span>
    </p>
   </div>
   <div class='ocr_carea' id='block_1_11' title="bbox 315 955 1895 1033">
    <p class='ocr_par' dir='ltr' id='par_1_11' title="bbox 315 955 1895 1033">
     <span class='ocr_line' id='line_1_11' title="bbox 315 955 1895 1033; baseline -0.006 -16"><span class='ocrx_word' id='word_1_59' title='bbox 315 960 733 1033; x_wconf 74' lang='grc' dir='ltr'><strong>θεραπεύοντος.</strong></span> <span class='ocrx_word' id='word_1_60' title='bbox 764 959 875 1012; x_wconf 70' lang='grc' dir='ltr'><strong>Καὶ</strong></span> <span class='ocrx_word' id='word_1_61' title='bbox 896 958 985 1012; x_wconf 83' lang='grc' dir='ltr'><strong>διὰ</strong></span> <span class='ocrx_word' id='word_1_62' title='bbox 1008 956 1169 1011; x_wconf 90' lang='grc' dir='ltr'>τοῦτο</span> <span class='ocrx_word' id='word_1_63' title='bbox 1205 955 1328 1010; x_wconf 71' lang='grc' dir='ltr'>οὔτε</span> <span class='ocrx_word' id='word_1_64' title='bbox 1353 956 1496 1011; x_wconf 84' lang='grc' dir='ltr'>κατὰ</span> <span class='ocrx_word' id='word_1_65' title='bbox 1514 958 1640 1020; x_wconf 83' lang='grc' dir='ltr'>τοὺς</span> <span class='ocrx_word' id='word_1_66' title='bbox 1668 958 1895 1027; x_wconf 76' lang='grc' dir='ltr'>καιροὺς</span> 
     </span>
    </p>
   </div>
   <div class='ocr_carea' id='block_1_12' title="bbox 314 1047 1891 1123">
    <p class='ocr_par' dir='ltr' id='par_1_12' title="bbox 314 1047 1891 1123">
     <span class='ocr_line' id='line_1_12' title="bbox 314 1047 1891 1123; baseline -0.006 -14"><span class='ocrx_word' id='word_1_67' title='bbox 314 1047 408 1109; x_wconf 81' lang='grc' dir='ltr'><strong>τοῦ</strong></span> <span class='ocrx_word' id='word_1_68' title='bbox 456 1054 603 1116; x_wconf 89' lang='grc' dir='ltr'>Νῶε,</span> <span class='ocrx_word' id='word_1_69' title='bbox 634 1052 815 1121; x_wconf 86' lang='grc' dir='ltr'>πάσης</span> <span class='ocrx_word' id='word_1_70' title='bbox 851 1049 1054 1123; x_wconf 88' lang='grc' dir='ltr'>σαρκὸς</span> <span class='ocrx_word' id='word_1_71' title='bbox 1086 1050 1143 1102; x_wconf 82' lang='grc' dir='ltr'>ὲν</span> <span class='ocrx_word' id='word_1_72' title='bbox 1192 1050 1379 1121; x_wconf 79' lang='grc' dir='ltr'>ἀδικίᾳ</span> <span class='ocrx_word' id='word_1_73' title='bbox 1424 1047 1891 1119; x_wconf 83' lang='grc' dir='ltr'>καταφθαρείσης,</span> 
     </span>
    </p>
   </div>
   <div class='ocr_carea' id='block_1_13' title="bbox 318 1139 1894 1215">
    <p class='ocr_par' dir='ltr' id='par_1_13' title="bbox 318 1139 1894 1215">
     <span class='ocr_line' id='line_1_13' title="bbox 318 1139 1894 1215; baseline -0.006 -13"><span class='ocrx_word' id='word_1_74' title='bbox 318 1149 513 1215; x_wconf 73' lang='grc' dir='ltr'>ἐπάγει</span> <span class='ocrx_word' id='word_1_75' title='bbox 542 1144 628 1199; x_wconf 87' lang='grc' dir='ltr'><strong>διά</strong></span> <span class='ocrx_word' id='word_1_76' title='bbox 665 1145 763 1214; x_wconf 84' lang='grc' dir='ltr'><strong>τῆς</strong></span> <span class='ocrx_word' id='word_1_77' title='bbox 798 1142 934 1215; x_wconf 83' lang='grc' dir='ltr'>ίδίας</span> <span class='ocrx_word' id='word_1_78' title='bbox 967 1140 1267 1214; x_wconf 75' lang='grc' dir='ltr'>ἐμφανείας</span> <span class='ocrx_word' id='word_1_79' title='bbox 1295 1142 1395 1212; x_wconf 75' lang='grc' dir='ltr'>τὴν</span> <span class='ocrx_word' id='word_1_80' title='bbox 1435 1141 1596 1207; x_wconf 84' lang='grc' dir='ltr'>ίασιν,</span> <span class='ocrx_word' id='word_1_81' title='bbox 1625 1141 1705 1193; x_wconf 84' lang='grc' dir='ltr'>ὅτι</span> <span class='ocrx_word' id='word_1_82' title='bbox 1742 1139 1894 1193; x_wconf 78' lang='grc' dir='ltr'>οὔπω</span> 
     </span>
    </p>
   </div>
   <div class='ocr_carea' id='block_1_14' title="bbox 313 1229 1892 1309">
    <p class='ocr_par' dir='ltr' id='par_1_14' title="bbox 313 1229 1892 1309">
     <span class='ocr_line' id='line_1_14' title="bbox 313 1229 1892 1309; baseline -0.006 -18"><span class='ocrx_word' id='word_1_83' title='bbox 313 1239 412 1309; x_wconf 80' lang='grc' dir='ltr'>τῆς</span> <span class='ocrx_word' id='word_1_84' title='bbox 454 1236 752 1305; x_wconf 66' lang='grc' dir='ltr'>Σώομικῆς</span> <span class='ocrx_word' id='word_1_85' title='bbox 792 1233 991 1297; x_wconf 79' lang='grc' dir='ltr'>κακίας</span> <span class='ocrx_word' id='word_1_86' title='bbox 1036 1233 1064 1285; x_wconf 95' lang='lat'><strong>6</strong></span> <span class='ocrx_word' id='word_1_87' title='bbox 1103 1231 1331 1301; x_wconf 79' lang='grc' dir='ltr'>βλαστὸς</span> <span class='ocrx_word' id='word_1_88' title='bbox 1354 1229 1553 1301; x_wconf 76' lang='grc' dir='ltr'>ὲξεφύη</span> <span class='ocrx_word' id='word_1_89' title='bbox 1578 1247 1594 1265; x_wconf 79' lang='grc' dir='ltr'><strong><em>ο</em></strong></span> <span class='ocrx_word' id='word_1_90' title='bbox 1634 1230 1753 1283; x_wconf 77' lang='grc' dir='ltr'>οὐδὲ</span> <span class='ocrx_word' id='word_1_91' title='bbox 1800 1229 1892 1283; x_wconf 71' lang='grc' dir='ltr'><strong>ἐπὶ</strong></span> 
     </span>
    </p>
   </div>
   <div class='ocr_carea' id='block_1_15' title="bbox 314 1320 1893 1398">
    <p class='ocr_par' dir='ltr' id='par_1_15' title="bbox 314 1320 1893 1398">
     <span class='ocr_line' id='line_1_15' title="bbox 314 1320 1893 1398; baseline -0.006 -16"><span class='ocrx_word' id='word_1_92' title='bbox 314 1330 406 1382; x_wconf 87' lang='grc' dir='ltr'><strong>τοῦ</strong></span> <span class='ocrx_word' id='word_1_93' title='bbox 432 1325 622 1398; x_wconf 79' lang='grc' dir='ltr'>καιροῦ</span> <span class='ocrx_word' id='word_1_94' title='bbox 653 1326 753 1395; x_wconf 84' lang='grc' dir='ltr'>τῆς</span> <span class='ocrx_word' id='word_1_95' title='bbox 780 1325 1029 1395; x_wconf 81' lang='grc' dir='ltr'><strong>Σοδόμων</strong></span> <span class='ocrx_word' id='word_1_96' title='bbox 1062 1322 1449 1394; x_wconf 80' lang='grc' dir='ltr'>καταστροφῆς</span> <span class='ocrx_word' id='word_1_97' title='bbox 1475 1325 1503 1375; x_wconf 92' lang='lat'><strong>6</strong></span> <span class='ocrx_word' id='word_1_98' title='bbox 1534 1320 1736 1391; x_wconf 86' lang='grc' dir='ltr'>Κύριος</span> <span class='ocrx_word' id='word_1_99' title='bbox 1767 1320 1893 1389; x_wconf 86' lang='grc' dir='ltr'>φαί-</span> 
     </span>
    </p>
   </div>
   <div class='ocr_carea' id='block_1_16' title="bbox 266 1412 1892 1484">
    <p class='ocr_par' dir='ltr' id='par_1_16' title="bbox 266 1412 1892 1484">
     <span class='ocr_line' id='line_1_16' title="bbox 266 1412 1892 1484; baseline -0.004 -13"><span class='ocrx_word' id='word_1_100' title='bbox 266 1422 273 1439; x_wconf 82' lang='lat'><strong>‘</strong></span> <span class='ocrx_word' id='word_1_101' title='bbox 314 1437 484 1480; x_wconf 86' lang='grc' dir='ltr'>νεται,</span> <span class='ocrx_word' id='word_1_102' title='bbox 516 1418 648 1471; x_wconf 85' lang='grc' dir='ltr'>διότι</span> <span class='ocrx_word' id='word_1_103' title='bbox 674 1415 844 1470; x_wconf 79' lang='grc' dir='ltr'>πολλὰ</span> <span class='ocrx_word' id='word_1_104' title='bbox 884 1416 994 1469; x_wconf 89' lang='grc' dir='ltr'><strong>τῶν</strong></span> <span class='ocrx_word' id='word_1_105' title='bbox 1022 1414 1329 1470; x_wconf 76' lang='grc' dir='ltr'>ὑπολοίπων</span> <span class='ocrx_word' id='word_1_106' title='bbox 1370 1413 1557 1468; x_wconf 81' lang='grc' dir='ltr'>κακῶν</span> <span class='ocrx_word' id='word_1_107' title='bbox 1581 1416 1648 1484; x_wconf 81' lang='grc' dir='ltr'>τῇ</span> <span class='ocrx_word' id='word_1_108' title='bbox 1681 1412 1892 1483; x_wconf 89' lang='grc' dir='ltr'>ἀνθρω-</span> 
     </span>
    </p>
   </div>
   <div class='ocr_carea' id='block_1_17' title="bbox 316 1507 1894 1587">
    <p class='ocr_par' dir='ltr' id='par_1_17' title="bbox 316 1507 1894 1587">
     <span class='ocr_line' id='line_1_17' title="bbox 316 1507 1894 1587; baseline -0.006 -19"><span class='ocrx_word' id='word_1_109' title='bbox 316 1516 446 1587; x_wconf 76' lang='grc' dir='ltr'>πίνῃ</span> <span class='ocrx_word' id='word_1_110' title='bbox 474 1513 552 1566; x_wconf 74' lang='grc' dir='ltr'>ἔτι</span> <span class='ocrx_word' id='word_1_111' title='bbox 596 1511 1003 1583; x_wconf 86' lang='grc' dir='ltr'>κατεκρύπτετο</span> <span class='ocrx_word' id='word_1_112' title='bbox 1050 1510 1233 1580; x_wconf 83' lang='grc' dir='ltr'>φύσει.</span> <span class='ocrx_word' id='word_1_113' title='bbox 1284 1510 1394 1563; x_wconf 86' lang='grc' dir='ltr'><strong>Ποῦ</strong></span> <span class='ocrx_word' id='word_1_114' title='bbox 1427 1509 1536 1581; x_wconf 83' lang='grc' dir='ltr'>γὰρ</span> <span class='ocrx_word' id='word_1_115' title='bbox 1566 1510 1595 1562; x_wconf 98' lang='lat'><strong>6</strong></span> <span class='ocrx_word' id='word_1_116' title='bbox 1625 1507 1894 1577; x_wconf 85' lang='grc' dir='ltr'>θεομάχος</span> 
     </span>
    </p>
   </div>
   <div class='ocr_carea' id='block_1_18' title="bbox 313 1598 1889 1674">
    <p class='ocr_par' dir='ltr' id='par_1_18' title="bbox 313 1598 1889 1674">
     <span class='ocr_line' id='line_1_18' title="bbox 313 1598 1889 1674; baseline -0.003 -17"><span class='ocrx_word' id='word_1_117' title='bbox 313 1602 551 1674; x_wconf 71' lang='grc' dir='ltr'>Φαραὼς</span> <span class='ocrx_word' id='word_1_118' title='bbox 581 1603 684 1656; x_wconf 91' lang='grc' dir='ltr'><strong>ποῦ</strong></span> <span class='ocrx_word' id='word_1_119' title='bbox 728 1602 838 1656; x_wconf 89' lang='grc' dir='ltr'><strong>τῶν</strong></span> <span class='ocrx_word' id='word_1_120' title='bbox 868 1601 1183 1670; x_wconf 72' lang='grc' dir='ltr'>Αἰγυπτίων</span> <span class='ocrx_word' id='word_1_121' title='bbox 1212 1603 1246 1673; x_wconf 76' lang='grc' dir='ltr'>ἡ</span> <span class='ocrx_word' id='word_1_122' title='bbox 1288 1601 1595 1670; x_wconf 80' lang='grc' dir='ltr'>ἀδάμαστος</span> <span class='ocrx_word' id='word_1_123' title='bbox 1624 1598 1889 1668; x_wconf 88' lang='grc' dir='ltr'>πονηρία;</span> 
     </span>
    </p>
   </div>
   <div class='ocr_carea' id='block_1_19' title="bbox 315 1689 1893 1766">
    <p class='ocr_par' dir='ltr' id='par_1_19' title="bbox 315 1689 1893 1766">
     <span class='ocr_line' id='line_1_19' title="bbox 315 1689 1893 1766; baseline -0.006 -16"><span class='ocrx_word' id='word_1_124' title='bbox 315 1697 391 1750; x_wconf 77' lang='grc' dir='ltr'><strong>οὐ</strong></span> <span class='ocrx_word' id='word_1_125' title='bbox 432 1696 539 1766; x_wconf 74' lang='grc' dir='ltr'>μὴν</span> <span class='ocrx_word' id='word_1_126' title='bbox 569 1695 690 1748; x_wconf 76' lang='grc' dir='ltr'>οὐδὲ</span> <span class='ocrx_word' id='word_1_127' title='bbox 722 1694 843 1748; x_wconf 83' lang='grc' dir='ltr'>τότε</span> <span class='ocrx_word' id='word_1_128' title='bbox 876 1693 955 1764; x_wconf 85' lang='grc' dir='ltr'>τῷ</span> <span class='ocrx_word' id='word_1_129' title='bbox 982 1692 1248 1765; x_wconf 83' lang='grc' dir='ltr'>διορθωτῇ</span> <span class='ocrx_word' id='word_1_130' title='bbox 1281 1691 1376 1745; x_wconf 87' lang='grc' dir='ltr'><strong>τοῦ</strong></span> <span class='ocrx_word' id='word_1_131' title='bbox 1409 1690 1610 1753; x_wconf 86' lang='grc' dir='ltr'>παντὸς</span> <span class='ocrx_word' id='word_1_132' title='bbox 1637 1689 1893 1761; x_wconf 75' lang='grc' dir='ltr'>εὔκαιρον</span> 
     </span>
    </p>
   </div>
   <div class='ocr_carea' id='block_1_20' title="bbox 2001 502 3580 572">
    <p class='ocr_par' dir='ltr' id='par_1_20' title="bbox 2001 502 3580 572">
     <span class='ocr_line' id='line_1_20' title="bbox 2001 502 3580 572; baseline 0.002 -15"><span class='ocrx_word' id='word_1_133' title='bbox 2001 517 2124 557; x_wconf 89' lang='lat' dir='ltr'><strong>cum</strong></span> <span class='ocrx_word' id='word_1_134' title='bbox 2151 502 2263 572; x_wconf 84' lang='lat' dir='ltr'><strong>jam</strong></span> <span class='ocrx_word' id='word_1_135' title='bbox 2308 512 2454 558; x_wconf 88' lang='lat' dir='ltr'><strong>totus</strong></span> <span class='ocrx_word' id='word_1_136' title='bbox 2486 502 2707 558; x_wconf 83' lang='lat' dir='ltr'><strong>morbus</strong></span> <span class='ocrx_word' id='word_1_137' title='bbox 2735 518 2794 559; x_wconf 88' lang='lat' dir='ltr'><strong>se</strong></span> <span class='ocrx_word' id='word_1_138' title='bbox 2826 505 3103 559; x_wconf 85' lang='lat' dir='ltr'><strong>exeruerit</strong></span> <span class='ocrx_word' id='word_1_139' title='bbox 3130 522 3143 559; x_wconf 91' lang='lat'><strong>:</strong></span> <span class='ocrx_word' id='word_1_140' title='bbox 3178 506 3248 559; x_wconf 90' lang='lat' dir='ltr'><strong>ita</strong></span> <span class='ocrx_word' id='word_1_141' title='bbox 3289 505 3453 560; x_wconf 86' lang='lat' dir='ltr'><strong>etiam</strong></span> <span class='ocrx_word' id='word_1_142' title='bbox 3485 520 3580 560; x_wconf 89' lang='lat' dir='ltr'><strong>cos</strong></span> 
     </span>
    </p>
   </div>
   <div class='ocr_carea' id='block_1_21' title="bbox 2000 593 3579 666">
    <p class='ocr_par' dir='ltr' id='par_1_21' title="bbox 2000 593 3579 666">
     <span class='ocr_line' id='line_1_21' title="bbox 2000 593 3579 666; baseline 0.003 -22"><span class='ocrx_word' id='word_1_143' title='bbox 2000 593 2092 661; x_wconf 89' lang='lat' dir='ltr'><strong>qui</strong></span> <span class='ocrx_word' id='word_1_144' title='bbox 2128 594 2322 648; x_wconf 78' lang='lat' dir='ltr'><strong>anima:</strong></span> <span class='ocrx_word' id='word_1_145' title='bbox 2349 595 2493 650; x_wconf 77' lang='lat' dir='ltr'><strong>vitiis</strong></span> <span class='ocrx_word' id='word_1_146' title='bbox 2523 595 2776 649; x_wconf 81' lang='lat' dir='ltr'><strong>laborant</strong></span> <span class='ocrx_word' id='word_1_147' title='bbox 2806 610 3030 661; x_wconf 69' lang='lat' dir='ltr'><strong>curans,</strong></span> <span class='ocrx_word' id='word_1_148' title='bbox 3072 598 3260 652; x_wconf 91' lang='lat' dir='ltr'><strong>morbo</strong></span> <span class='ocrx_word' id='word_1_149' title='bbox 3291 612 3358 651; x_wconf 84' lang='lat' dir='ltr'><strong>ex</strong></span> <span class='ocrx_word' id='word_1_150' title='bbox 3391 595 3579 666; x_wconf 87' lang='lat' dir='ltr'><strong>ncqui-</strong></span> 
     </span>
    </p>
   </div>
   <div class='ocr_carea' id='block_1_22' title="bbox 2001 685 3579 754">
    <p class='ocr_par' dir='ltr' id='par_1_22' title="bbox 2001 685 3579 754">
     <span class='ocr_line' id='line_1_22' title="bbox 2001 685 3579 754; baseline 0.002 -15"><span class='ocrx_word' id='word_1_151' title='bbox 2001 685 2073 739; x_wconf 91' lang='lat' dir='ltr'><strong>tia</strong></span> <span class='ocrx_word' id='word_1_152' title='bbox 2132 686 2371 741; x_wconf 89' lang='lat' dir='ltr'><strong>curando</strong></span> <span class='ocrx_word' id='word_1_153' title='bbox 2427 686 2692 754; x_wconf 89' lang='lat' dir='ltr'><strong>tantisper</strong></span> <span class='ocrx_word' id='word_1_154' title='bbox 2747 687 3097 754; x_wconf 80' lang='lat' dir='ltr'><strong>supersedit,</strong></span> <span class='ocrx_word' id='word_1_155' title='bbox 3152 689 3325 743; x_wconf 87' lang='lat' dir='ltr'><strong>donec</strong></span> <span class='ocrx_word' id='word_1_156' title='bbox 3381 697 3579 742; x_wconf 86' lang='lat' dir='ltr'><strong>natura</strong></span> 
     </span>
    </p>
   </div>
   <div class='ocr_carea' id='block_1_23' title="bbox 2001 776 3581 847">
    <p class='ocr_par' dir='ltr' id='par_1_23' title="bbox 2001 776 3581 847">
     <span class='ocr_line' id='line_1_23' title="bbox 2001 776 3581 847; baseline 0.004 -21"><span class='ocrx_word' id='word_1_157' title='bbox 2001 776 2261 845; x_wconf 80' lang='lat' dir='ltr'><strong>quidquid</strong></span> <span class='ocrx_word' id='word_1_158' title='bbox 2304 776 2355 831; x_wconf 94' lang='lat' dir='ltr'><strong>in</strong></span> <span class='ocrx_word' id='word_1_159' title='bbox 2392 791 2453 831; x_wconf 93' lang='lat' dir='ltr'><strong>se</strong></span> <span class='ocrx_word' id='word_1_160' title='bbox 2505 778 2630 831; x_wconf 89' lang='lat' dir='ltr'><strong>mali</strong></span> <span class='ocrx_word' id='word_1_161' title='bbox 2667 778 2902 832; x_wconf 86' lang='lat' dir='ltr'><strong>habebat</strong></span> <span class='ocrx_word' id='word_1_162' title='bbox 2948 787 3116 832; x_wconf 89' lang='lat' dir='ltr'><strong>totum</strong></span> <span class='ocrx_word' id='word_1_163' title='bbox 3168 780 3462 847; x_wconf 80' lang='lat' dir='ltr'><strong>patefecit,</strong></span> <span class='ocrx_word' id='word_1_164' title='bbox 3513 794 3581 834; x_wconf 88' lang='lat' dir='ltr'><strong>ne</strong></span> 
     </span>
    </p>
   </div>
   <div class='ocr_carea' id='block_1_24' title="bbox 2001 868 3581 939">
    <p class='ocr_par' dir='ltr' id='par_1_24' title="bbox 2001 868 3581 939">
     <span class='ocr_line' id='line_1_24' title="bbox 2001 868 3581 939; baseline 0.006 -21"><span class='ocrx_word' id='word_1_165' title='bbox 2001 868 2128 936; x_wconf 89' lang='lat' dir='ltr'><strong>quid</strong></span> <span class='ocrx_word' id='word_1_166' title='bbox 2161 868 2360 923; x_wconf 88' lang='lat' dir='ltr'><strong>occulti</strong></span> <span class='ocrx_word' id='word_1_167' title='bbox 2395 869 2699 923; x_wconf 85' lang='lat' dir='ltr'><strong>iucuratum</strong></span> <span class='ocrx_word' id='word_1_168' title='bbox 2727 869 3153 939; x_wconf 84' lang='lat' dir='ltr'><strong>relinqueretur:</strong></span> <span class='ocrx_word' id='word_1_169' title='bbox 3186 886 3306 923; x_wconf 90' lang='lat' dir='ltr'><strong>eum</strong></span> <span class='ocrx_word' id='word_1_170' title='bbox 3341 871 3581 927; x_wconf 88' lang='lat' dir='ltr'><strong>medicus</strong></span> 
     </span>
    </p>
   </div>
   <div class='ocr_carea' id='block_1_25' title="bbox 1999 960 3581 1029">
    <p class='ocr_par' dir='ltr' id='par_1_25' title="bbox 1999 960 3581 1029">
     <span class='ocr_line' id='line_1_25' title="bbox 1999 960 3581 1029; baseline -0.001 -16"><span class='ocrx_word' id='word_1_171' title='bbox 1999 974 2060 1013; x_wconf 88' lang='lat' dir='ltr'><strong>ea</strong></span> <span class='ocrx_word' id='word_1_172' title='bbox 2095 968 2305 1011; x_wconf 91' lang='lat' dir='ltr'><strong>tantum</strong></span> <span class='ocrx_word' id='word_1_173' title='bbox 2333 974 2453 1028; x_wconf 70' lang='lat' dir='ltr'><strong>qua:</strong></span> <span class='ocrx_word' id='word_1_174' title='bbox 2487 969 2753 1029; x_wconf 86' lang='lat' dir='ltr'><strong>apparent</strong></span> <span class='ocrx_word' id='word_1_175' title='bbox 2787 970 2962 1015; x_wconf 89' lang='lat' dir='ltr'><strong>curet.</strong></span> <span class='ocrx_word' id='word_1_176' title='bbox 3009 960 3214 1013; x_wconf 85' lang='lat' dir='ltr'><strong>Idcirco</strong></span> <span class='ocrx_word' id='word_1_177' title='bbox 3242 976 3414 1029; x_wconf 85' lang='lat' dir='ltr'><strong>neque</strong></span> <span class='ocrx_word' id='word_1_178' title='bbox 3443 968 3581 1015; x_wconf 86' lang='lat' dir='ltr'><strong>tem-</strong></span> 
     </span>
    </p>
   </div>
   <div class='ocr_carea' id='block_1_26' title="bbox 2001 1047 3582 1120">
    <p class='ocr_par' dir='ltr' id='par_1_26' title="bbox 2001 1047 3582 1120">
     <span class='ocr_line' id='line_1_26' title="bbox 2001 1047 3582 1120; baseline 0.003 -21"><span class='ocrx_word' id='word_1_179' title='bbox 2001 1051 2221 1118; x_wconf 76' lang='lat' dir='ltr'><strong>poribus</strong></span> <span class='ocrx_word' id='word_1_180' title='bbox 2246 1047 2381 1115; x_wconf 86' lang='lat' dir='ltr'><strong>Noe,</strong></span> <span class='ocrx_word' id='word_1_181' title='bbox 2419 1067 2542 1105; x_wconf 87' lang='lat' dir='ltr'><strong>cum</strong></span> <span class='ocrx_word' id='word_1_182' title='bbox 2571 1053 2747 1106; x_wconf 85' lang='lat' dir='ltr'><strong>omnis</strong></span> <span class='ocrx_word' id='word_1_183' title='bbox 2777 1067 2907 1107; x_wconf 88' lang='lat' dir='ltr'><strong>caro</strong></span> <span class='ocrx_word' id='word_1_184' title='bbox 2939 1052 2991 1105; x_wconf 93' lang='lat' dir='ltr'><strong>in</strong></span> <span class='ocrx_word' id='word_1_185' title='bbox 3020 1050 3305 1120; x_wconf 79' lang='lat' dir='ltr'><strong>iniquitate</strong></span> <span class='ocrx_word' id='word_1_186' title='bbox 3328 1058 3582 1120; x_wconf 84' lang='lat' dir='ltr'><strong>corrupta</strong></span> 
     </span>
    </p>
   </div>
   <div class='ocr_carea' id='block_1_27' title="bbox 1999 1140 3584 1211">
    <p class='ocr_par' dir='ltr' id='par_1_27' title="bbox 1999 1140 3584 1211">
     <span class='ocr_line' id='line_1_27' title="bbox 1999 1140 3584 1211; baseline 0.001 -19"><span class='ocrx_word' id='word_1_187' title='bbox 1999 1150 2187 1206; x_wconf 87' lang='lat' dir='ltr'><strong>esset,</strong></span> <span class='ocrx_word' id='word_1_188' title='bbox 2229 1140 2566 1211; x_wconf 82' lang='lat' dir='ltr'><strong>apparitione</strong></span> <span class='ocrx_word' id='word_1_189' title='bbox 2604 1158 2700 1196; x_wconf 89' lang='lat' dir='ltr'><strong>sua</strong></span> <span class='ocrx_word' id='word_1_190' title='bbox 2749 1142 3015 1197; x_wconf 80' lang='lat' dir='ltr'><strong>medelam</strong></span> <span class='ocrx_word' id='word_1_191' title='bbox 3059 1140 3214 1195; x_wconf 85' lang='lat' dir='ltr'><strong>all&#39;ert</strong></span> <span class='ocrx_word' id='word_1_192' title='bbox 3244 1159 3257 1194; x_wconf 90' lang='lat'><strong>:</strong></span> <span class='ocrx_word' id='word_1_193' title='bbox 3283 1140 3408 1210; x_wconf 83' lang='lat' dir='ltr'><strong>quia</strong></span> <span class='ocrx_word' id='word_1_194' title='bbox 3446 1156 3584 1194; x_wconf 83' lang='lat' dir='ltr'><strong>nun-</strong></span> 
     </span>
    </p>
   </div>
   <div class='ocr_carea' id='block_1_28' title="bbox 2000 1234 3576 1306">
    <p class='ocr_par' dir='ltr' id='par_1_28' title="bbox 2000 1234 3576 1306">
     <span class='ocr_line' id='line_1_28' title="bbox 2000 1234 3576 1306; baseline 0 -19"><span class='ocrx_word' id='word_1_195' title='bbox 2000 1235 2124 1287; x_wconf 90' lang='lat' dir='ltr'><strong>dum</strong></span> <span class='ocrx_word' id='word_1_196' title='bbox 2157 1234 2505 1289; x_wconf 82' lang='lat' dir='ltr'><strong>Sodomiticae</strong></span> <span class='ocrx_word' id='word_1_197' title='bbox 2541 1235 2797 1303; x_wconf 72' lang='lat' dir='ltr'><strong>nequitizc</strong></span> <span class='ocrx_word' id='word_1_198' title='bbox 2826 1250 3047 1306; x_wconf 77' lang='lat' dir='ltr'><strong>germen</strong></span> <span class='ocrx_word' id='word_1_199' title='bbox 3078 1234 3403 1303; x_wconf 80' lang='lat' dir='ltr'><strong>epullularat</strong></span> <span class='ocrx_word' id='word_1_200' title='bbox 3432 1254 3444 1288; x_wconf 88' lang='lat'><strong>:</strong></span> <span class='ocrx_word' id='word_1_201' title='bbox 3482 1249 3576 1287; x_wconf 87' lang='lat' dir='ltr'><strong>ne-</strong></span> 
     </span>
    </p>
   </div>
   <div class='ocr_carea' id='block_1_29' title="bbox 2001 1325 3579 1394">
    <p class='ocr_par' dir='ltr' id='par_1_29' title="bbox 2001 1325 3579 1394">
     <span class='ocr_line' id='line_1_29' title="bbox 2001 1325 3579 1394; baseline 0.002 -19"><span class='ocrx_word' id='word_1_202' title='bbox 2001 1341 2103 1394; x_wconf 86' lang='lat' dir='ltr'><strong>que</strong></span> <span class='ocrx_word' id='word_1_203' title='bbox 2140 1342 2204 1381; x_wconf 91' lang='lat' dir='ltr'><strong>eo</strong></span> <span class='ocrx_word' id='word_1_204' title='bbox 2242 1336 2483 1394; x_wconf 89' lang='lat' dir='ltr'><strong>tempore</strong></span> <span class='ocrx_word' id='word_1_205' title='bbox 2513 1341 2620 1394; x_wconf 90' lang='lat' dir='ltr'><strong>quo</strong></span> <span class='ocrx_word' id='word_1_206' title='bbox 2661 1325 3020 1380; x_wconf 83' lang='lat' dir='ltr'><strong>Sodomorum</strong></span> <span class='ocrx_word' id='word_1_207' title='bbox 3060 1326 3189 1381; x_wconf 85' lang='lat' dir='ltr'><strong>urbs</strong></span> <span class='ocrx_word' id='word_1_208' title='bbox 3231 1342 3421 1382; x_wconf 68' lang='lat' dir='ltr'><strong>eversa</strong></span> <span class='ocrx_word' id='word_1_209' title='bbox 3458 1326 3579 1390; x_wconf 84' lang='lat' dir='ltr'><strong>fuit,</strong></span> 
     </span>
    </p>
   </div>
   <div class='ocr_carea' id='block_1_30' title="bbox 2003 1417 3579 1486">
    <p class='ocr_par' dir='ltr' id='par_1_30' title="bbox 2003 1417 3579 1486">
     <span class='ocr_line' id='line_1_30' title="bbox 2003 1417 3579 1486; baseline -0.001 -16"><span class='ocrx_word' id='word_1_210' title='bbox 2003 1417 2259 1472; x_wconf 75' lang='lat' dir='ltr'><strong>Dominus</strong></span> <span class='ocrx_word' id='word_1_211' title='bbox 2310 1422 2603 1486; x_wconf 82' lang='lat' dir='ltr'><strong>apparuit:</strong></span> <span class='ocrx_word' id='word_1_212' title='bbox 2643 1418 2767 1486; x_wconf 84' lang='lat' dir='ltr'><strong>quia</strong></span> <span class='ocrx_word' id='word_1_213' title='bbox 2821 1419 2985 1470; x_wconf 81' lang='lat' dir='ltr'><strong>inulta</strong></span> <span class='ocrx_word' id='word_1_214' title='bbox 3032 1420 3210 1472; x_wconf 85' lang='lat' dir='ltr'><strong>adhuc</strong></span> <span class='ocrx_word' id='word_1_215' title='bbox 3244 1419 3296 1473; x_wconf 91' lang='lat' dir='ltr'><strong>in</strong></span> <span class='ocrx_word' id='word_1_216' title='bbox 3345 1418 3579 1472; x_wconf 77' lang='lat' dir='ltr'><strong>lllllltal‘:t</strong></span> 
     </span>
    </p>
   </div>
   <div class='ocr_carea' id='block_1_31' title="bbox 2002 1507 3579 1563">
    <p class='ocr_par' dir='ltr' id='par_1_31' title="bbox 2002 1507 3579 1563">
     <span class='ocr_line' id='line_1_31' title="bbox 2002 1507 3579 1563; baseline -0.004 0"><span class='ocrx_word' id='word_1_217' title='bbox 2002 1510 2177 1563; x_wconf 87' lang='lat' dir='ltr'><strong>anima</strong></span> <span class='ocrx_word' id='word_1_218' title='bbox 2210 1509 2336 1561; x_wconf 88' lang='lat' dir='ltr'><strong>vitia</strong></span> <span class='ocrx_word' id='word_1_219' title='bbox 2368 1508 2781 1561; x_wconf 81' lang='lat' dir='ltr'><strong>delitescebant.</strong></span> <span class='ocrx_word' id='word_1_220' title='bbox 2824 1507 2920 1562; x_wconf 89' lang='lat' dir='ltr'><strong>Ubi</strong></span> <span class='ocrx_word' id='word_1_221' title='bbox 2952 1509 3094 1561; x_wconf 88' lang='lat' dir='ltr'><strong>enim</strong></span> <span class='ocrx_word' id='word_1_222' title='bbox 3128 1507 3388 1561; x_wconf 88' lang='lat' dir='ltr'><strong>adversus</strong></span> <span class='ocrx_word' id='word_1_223' title='bbox 3414 1508 3579 1561; x_wconf 84' lang='lat' dir='ltr'><strong>Deum</strong></span> 
     </span>
    </p>
   </div>
   <div class='ocr_carea' id='block_1_32' title="bbox 2001 1596 3585 1666">
    <p class='ocr_par' dir='ltr' id='par_1_32' title="bbox 2001 1596 3585 1666">
     <span class='ocr_line' id='line_1_32' title="bbox 2001 1596 3585 1666; baseline -0.003 -13"><span class='ocrx_word' id='word_1_224' title='bbox 2001 1600 2210 1653; x_wconf 81' lang='lat' dir='ltr'><strong>bellaus</strong></span> <span class='ocrx_word' id='word_1_225' title='bbox 2240 1598 2489 1651; x_wconf 80' lang='lat' dir='ltr'><strong>Pharao?</strong></span> <span class='ocrx_word' id='word_1_226' title='bbox 2514 1599 2603 1651; x_wconf 89' lang='lat' dir='ltr'><strong>ubi</strong></span> <span class='ocrx_word' id='word_1_227' title='bbox 2634 1596 3017 1666; x_wconf 58' lang='lat' dir='ltr'><strong>Egypliorum</strong></span> <span class='ocrx_word' id='word_1_228' title='bbox 3049 1598 3309 1654; x_wconf 88' lang='lat' dir='ltr'><strong>indomita</strong></span> <span class='ocrx_word' id='word_1_229' title='bbox 3345 1598 3585 1657; x_wconf 68' lang='lat' dir='ltr'><strong>malitia?</strong></span> 
     </span>
    </p>
   </div>
   <div class='ocr_carea' id='block_1_33' title="bbox 2001 1684 3580 1753">
    <p class='ocr_par' dir='ltr' id='par_1_33' title="bbox 2001 1684 3580 1753">
     <span class='ocr_line' id='line_1_33' title="bbox 2001 1684 3580 1753; baseline 0.001 -16"><span class='ocrx_word' id='word_1_230' title='bbox 2001 1685 2070 1737; x_wconf 79' lang='lat' dir='ltr'><strong>At</strong></span> <span class='ocrx_word' id='word_1_231' title='bbox 2126 1700 2193 1738; x_wconf 90' lang='lat' dir='ltr'><strong>ne</strong></span> <span class='ocrx_word' id='word_1_232' title='bbox 2258 1694 2368 1736; x_wconf 90' lang='lat' dir='ltr'><strong>tum</strong></span> <span class='ocrx_word' id='word_1_233' title='bbox 2434 1684 2652 1753; x_wconf 82' lang='lat' dir='ltr'><strong>quidem</strong></span> <span class='ocrx_word' id='word_1_234' title='bbox 2703 1685 2867 1738; x_wconf 86' lang='lat' dir='ltr'><strong>totius</strong></span> <span class='ocrx_word' id='word_1_235' title='bbox 2925 1686 3165 1741; x_wconf 84' lang='lat' dir='ltr'><strong>universi</strong></span> <span class='ocrx_word' id='word_1_236' title='bbox 3227 1687 3580 1741; x_wconf 76' lang='lat' dir='ltr'><strong>instauraturi</strong></span> 
     </span>
    </p>
   </div>
   <div class='ocr_carea' id='block_1_34' title="bbox 317 1771 1901 1858">
    <p class='ocr_par' dir='ltr' id='par_1_34' title="bbox 317 1781 1897 1858">
     <span class='ocr_line' id='line_1_34' title="bbox 317 1781 1897 1858; baseline -0.005 -17"><span class='ocrx_word' id='word_1_237' title='bbox 317 1789 432 1858; x_wconf 68' lang='grc' dir='ltr'><strong>(ἐπὶ</strong></span> <span class='ocrx_word' id='word_1_238' title='bbox 459 1789 570 1840; x_wconf 90' lang='grc' dir='ltr'><strong>τῶν</strong></span> <span class='ocrx_word' id='word_1_239' title='bbox 608 1786 922 1853; x_wconf 79' lang='grc' dir='ltr'>Αίγυπτίων</span> <span class='ocrx_word' id='word_1_240' title='bbox 955 1786 1098 1854; x_wconf 86' lang='grc' dir='ltr'>λέγω</span> <span class='ocrx_word' id='word_1_241' title='bbox 1127 1783 1341 1853; x_wconf 83' lang='grc' dir='ltr'>κακῶν)</span> <span class='ocrx_word' id='word_1_242' title='bbox 1376 1782 1783 1853; x_wconf 84' lang='grc' dir='ltr'>καταμιχθῆναι</span> <span class='ocrx_word' id='word_1_243' title='bbox 1818 1781 1897 1852; x_wconf 83' lang='grc' dir='ltr'>τῷ</span> 
     </span>
    </p>
   </div>
   <div class='ocr_carea' id='block_1_35' title="bbox 2008 1771 3577 1858">
    <p class='ocr_par' dir='ltr' id='par_1_35' title="bbox 2008 1772 3577 1845">
     <span class='ocr_line' id='line_1_35' title="bbox 2008 1772 3577 1845; baseline 0 -19"><span class='ocrx_word' id='word_1_244' title='bbox 2008 1782 2366 1843; x_wconf 69' lang='lat' dir='ltr'><strong>opportunum</strong></span> <span class='ocrx_word' id='word_1_245' title='bbox 2424 1773 2597 1826; x_wconf 80' lang='lat' dir='ltr'><strong>visum</strong></span> <span class='ocrx_word' id='word_1_246' title='bbox 2655 1772 2755 1826; x_wconf 85' lang='lat' dir='ltr'><strong>fuit</strong></span> <span class='ocrx_word' id='word_1_247' title='bbox 2795 1773 2939 1844; x_wconf 88' lang='lat' dir='ltr'><strong>(post</strong></span> <span class='ocrx_word' id='word_1_248' title='bbox 2989 1772 3268 1845; x_wconf 60' lang='lat' dir='ltr'><strong>Egyptia,</strong></span> <span class='ocrx_word' id='word_1_249' title='bbox 3331 1775 3577 1845; x_wconf 79' lang='lat' dir='ltr'><strong>inquam,</strong></span> 
     </span>
    </p>
   </div>
   <div class='ocr_carea' id='block_1_36' title="bbox 316 1873 1896 1950">
    <p class='ocr_par' dir='ltr' id='par_1_36' title="bbox 316 1873 1896 1950">
     <span class='ocr_line' id='line_1_36' title="bbox 316 1873 1896 1950; baseline -0.004 -18"><span class='ocrx_word' id='word_1_250' title='bbox 316 1878 441 1950; x_wconf 76' lang='grc' dir='ltr'>βίῳ.</span> <span class='ocrx_word' id='word_1_251' title='bbox 483 1877 622 1931; x_wconf 79' lang='grc' dir='ltr'>Ἀλλ’</span> <span class='ocrx_word' id='word_1_252' title='bbox 653 1878 761 1931; x_wconf 79' lang='grc' dir='ltr'>ἔδει</span> <span class='ocrx_word' id='word_1_253' title='bbox 787 1878 878 1931; x_wconf 72' lang='grc' dir='ltr'>καὶ</span> <span class='ocrx_word' id='word_1_254' title='bbox 908 1877 1015 1931; x_wconf 88' lang='grc' dir='ltr'><strong>τῶν</strong></span> <span class='ocrx_word' id='word_1_255' title='bbox 1048 1876 1398 1947; x_wconf 85' lang='grc' dir='ltr'>Ἰσραηλιτῶν</span> <span class='ocrx_word' id='word_1_256' title='bbox 1420 1874 1520 1946; x_wconf 81' lang='grc' dir='ltr'>τὴν</span> <span class='ocrx_word' id='word_1_257' title='bbox 1550 1873 1896 1947; x_wconf 86' lang='grc' dir='ltr'>παρανομίαν</span> 
     </span>
    </p>
   </div>
   <div class='ocr_carea' id='block_1_37' title="bbox 315 1963 1898 2043">
    <p class='ocr_par' dir='ltr' id='par_1_37' title="bbox 315 1963 1898 2043">
     <span class='ocr_line' id='line_1_37' title="bbox 315 1963 1898 2043; baseline -0.007 -14"><span class='ocrx_word' id='word_1_258' title='bbox 315 1973 619 2043; x_wconf 76' lang='grc' dir='ltr'>ἀναφῆναι·</span> <span class='ocrx_word' id='word_1_259' title='bbox 670 1970 777 2023; x_wconf 77' lang='grc' dir='ltr'>ἔδει</span> <span class='ocrx_word' id='word_1_260' title='bbox 827 1968 1049 2038; x_wconf 77' lang='grc' dir='ltr'>καὶτῆς</span> <span class='ocrx_word' id='word_1_261' title='bbox 1113 1967 1412 2036; x_wconf 84' lang='grc' dir='ltr'>Ἀσσυρίων</span> <span class='ocrx_word' id='word_1_262' title='bbox 1458 1963 1753 2037; x_wconf 80' lang='grc' dir='ltr'>βασιλείας,</span> <span class='ocrx_word' id='word_1_263' title='bbox 1802 1964 1898 2018; x_wconf 76' lang='grc' dir='ltr'>καὶ</span> 
     </span>
    </p>
   </div>
   <div class='ocr_carea' id='block_1_38' title="bbox 314 2048 1900 2131">
    <p class='ocr_par' dir='ltr' id='par_1_38' title="bbox 314 2048 1900 2131">
     <span class='ocr_line' id='line_1_38' title="bbox 314 2048 1900 2131; baseline -0.006 -14"><span class='ocrx_word' id='word_1_264' title='bbox 314 2063 412 2117; x_wconf 79' lang='grc' dir='ltr'><strong>τοῦ</strong></span> <span class='ocrx_word' id='word_1_265' title='bbox 456 2060 944 2131; x_wconf 76' lang='grc' dir='ltr'>Ναϐουχοδονόζωρ</span> <span class='ocrx_word' id='word_1_266' title='bbox 972 2057 1071 2131; x_wconf 79' lang='grc' dir='ltr'>τὴν</span> <span class='ocrx_word' id='word_1_267' title='bbox 1102 2056 1510 2130; x_wconf 84' lang='grc' dir='ltr'>ὑπερηφανείαν</span> <span class='ocrx_word' id='word_1_268' title='bbox 1553 2048 1900 2126; x_wconf 77' lang='grc' dir='ltr'>ὑποσμύχον-</span> 
     </span>
    </p>
   </div>
   <div class='ocr_carea' id='block_1_39' title="bbox 316 2147 1898 2223">
    <p class='ocr_par' dir='ltr' id='par_1_39' title="bbox 316 2147 1898 2223">
     <span class='ocr_line' id='line_1_39' title="bbox 316 2147 1898 2223; baseline -0.004 -14"><span class='ocrx_word' id='word_1_269' title='bbox 316 2173 420 2209; x_wconf 89' lang='grc' dir='ltr'><strong>σαν</strong></span> <span class='ocrx_word' id='word_1_270' title='bbox 441 2154 528 2208; x_wconf 78' lang='grc' dir='ltr'>ἐτι</span> <span class='ocrx_word' id='word_1_271' title='bbox 552 2153 633 2223; x_wconf 82' lang='grc' dir='ltr'>τῷ</span> <span class='ocrx_word' id='word_1_272' title='bbox 662 2152 762 2222; x_wconf 84' lang='grc' dir='ltr'><strong>βίῳ</strong></span> <span class='ocrx_word' id='word_1_273' title='bbox 791 2149 1032 2221; x_wconf 81' lang='grc' dir='ltr'>φανεράν</span> <span class='ocrx_word' id='word_1_274' title='bbox 1054 2149 1335 2220; x_wconf 84' lang='grc' dir='ltr'>γενέσθαι·</span> <span class='ocrx_word' id='word_1_275' title='bbox 1366 2148 1473 2203; x_wconf 76' lang='grc' dir='ltr'>ἔδει</span> <span class='ocrx_word' id='word_1_276' title='bbox 1498 2148 1596 2216; x_wconf 81' lang='grc' dir='ltr'>τὴν</span> <span class='ocrx_word' id='word_1_277' title='bbox 1622 2148 1763 2202; x_wconf 81' lang='grc' dir='ltr'><strong>κατά</strong></span> <span class='ocrx_word' id='word_1_278' title='bbox 1789 2147 1898 2202; x_wconf 89' lang='grc' dir='ltr'><strong>τῶν</strong></span> 
     </span>
    </p>
   </div>
   <div class='ocr_carea' id='block_1_40' title="bbox 314 2234 1900 2309">
    <p class='ocr_par' dir='ltr' id='par_1_40' title="bbox 314 2234 1900 2309">
     <span class='ocr_line' id='line_1_40' title="bbox 314 2234 1900 2309; baseline -0.003 -14"><span class='ocrx_word' id='word_1_279' title='bbox 314 2242 478 2295; x_wconf 77' lang='grc' dir='ltr'>ὁσίων</span> <span class='ocrx_word' id='word_1_280' title='bbox 508 2239 842 2309; x_wconf 84' lang='grc' dir='ltr'>μιαιφονίαν,</span> <span class='ocrx_word' id='word_1_281' title='bbox 876 2234 987 2291; x_wconf 77' lang='grc' dir='ltr'>οἷόν</span> <span class='ocrx_word' id='word_1_282' title='bbox 1015 2254 1138 2292; x_wconf 88' lang='grc' dir='ltr'>τινα</span> <span class='ocrx_word' id='word_1_283' title='bbox 1167 2238 1403 2309; x_wconf 86' lang='grc' dir='ltr'>πονηρὸν</span> <span class='ocrx_word' id='word_1_284' title='bbox 1439 2236 1726 2309; x_wconf 84' lang='grc' dir='ltr'>ἀκανθώδη</span> <span class='ocrx_word' id='word_1_285' title='bbox 1773 2237 1900 2308; x_wconf 85' lang='grc' dir='ltr'>βλα-</span> 
     </span>
    </p>
   </div>
   <div class='ocr_carea' id='block_1_41' title="bbox 317 2327 1895 2400">
    <p class='ocr_par' dir='ltr' id='par_1_41' title="bbox 317 2327 1895 2400">
     <span class='ocr_line' id='line_1_41' title="bbox 317 2327 1895 2400; baseline -0.003 -16"><span class='ocrx_word' id='word_1_286' title='bbox 317 2332 446 2385; x_wconf 86' lang='grc' dir='ltr'>στὸν</span> <span class='ocrx_word' id='word_1_287' title='bbox 488 2332 588 2400; x_wconf 77' lang='grc' dir='ltr'>τῆς</span> <span class='ocrx_word' id='word_1_288' title='bbox 633 2328 813 2398; x_wconf 83' lang='grc' dir='ltr'>κακῆς</span> <span class='ocrx_word' id='word_1_289' title='bbox 858 2327 953 2382; x_wconf 92' lang='grc' dir='ltr'><strong>τοῦ</strong></span> <span class='ocrx_word' id='word_1_290' title='bbox 999 2327 1246 2382; x_wconf 81' lang='grc' dir='ltr'>διαϐόλου</span> <span class='ocrx_word' id='word_1_291' title='bbox 1311 2327 1466 2398; x_wconf 78' lang='grc' dir='ltr'>ῥίζης</span> <span class='ocrx_word' id='word_1_292' title='bbox 1528 2328 1862 2399; x_wconf 84' lang='grc' dir='ltr'>ἀναδραμεῖν</span> <span class='ocrx_word' id='word_1_293' title='bbox 1881 2344 1895 2359; x_wconf 87' lang='grc'><strong>·</strong></span> 
     </span>
    </p>
   </div>
   <div class='ocr_carea' id='block_1_42' title="bbox 317 2418 1898 2493">
    <p class='ocr_par' dir='ltr' id='par_1_42' title="bbox 317 2418 1898 2493">
     <span class='ocr_line' id='line_1_42' title="bbox 317 2418 1898 2493; baseline -0.003 -15"><span class='ocrx_word' id='word_1_294' title='bbox 317 2424 424 2478; x_wconf 80' lang='grc' dir='ltr'>εδει</span> <span class='ocrx_word' id='word_1_295' title='bbox 470 2423 571 2493; x_wconf 84' lang='grc' dir='ltr'>τὴν</span> <span class='ocrx_word' id='word_1_296' title='bbox 619 2420 729 2475; x_wconf 88' lang='grc' dir='ltr'><strong>τῶν</strong></span> <span class='ocrx_word' id='word_1_297' title='bbox 774 2419 1042 2475; x_wconf 82' lang='grc' dir='ltr'>Ἰουδαίων</span> <span class='ocrx_word' id='word_1_298' title='bbox 1075 2419 1220 2474; x_wconf 88' lang='grc' dir='ltr'><strong>κατά</strong></span> <span class='ocrx_word' id='word_1_299' title='bbox 1265 2418 1374 2473; x_wconf 88' lang='grc' dir='ltr'><strong>τῶν</strong></span> <span class='ocrx_word' id='word_1_300' title='bbox 1422 2419 1593 2487; x_wconf 83' lang='grc' dir='ltr'>ἁγίων</span> <span class='ocrx_word' id='word_1_301' title='bbox 1642 2419 1736 2472; x_wconf 85' lang='grc' dir='ltr'><strong>τοῦ</strong></span> <span class='ocrx_word' id='word_1_302' title='bbox 1764 2418 1898 2474; x_wconf 86' lang='grc' dir='ltr'>Θεοῦ</span> 
     </span>
    </p>
   </div>
   <div class='ocr_carea' id='block_1_43' title="bbox 319 2511 1893 2599">
    <p class='ocr_par' dir='ltr' id='par_1_43' title="bbox 319 2511 1893 2599">
     <span class='ocr_line' id='line_1_43' title="bbox 319 2511 1893 2599; baseline -0.003 -31"><span class='ocrx_word' id='word_1_303' title='bbox 319 2512 698 2599; x_wconf 71' lang='grc' dir='ltr'>φανερωθῆνιμ</span> <span class='ocrx_word' id='word_1_304' title='bbox 739 2511 975 2574; x_wconf 70' lang='grc' dir='ltr'>λύσσαν,</span> <span class='ocrx_word' id='word_1_305' title='bbox 1009 2511 1120 2565; x_wconf 90' lang='grc' dir='ltr'><strong>τῶν</strong></span> <span class='ocrx_word' id='word_1_306' title='bbox 1160 2511 1289 2576; x_wconf 83' lang='grc' dir='ltr'>τοὺς</span> <span class='ocrx_word' id='word_1_307' title='bbox 1340 2511 1625 2583; x_wconf 86' lang='grc' dir='ltr'>προφήτας</span> <span class='ocrx_word' id='word_1_308' title='bbox 1658 2512 1893 2565; x_wconf 78' lang='grc' dir='ltr'>ἀποκταο</span> 
     </span>
    </p>
   </div>
   <div class='ocr_carea' id='block_1_44' title="bbox 318 2600 1902 2672">
    <p class='ocr_par' dir='ltr' id='par_1_44' title="bbox 318 2600 1902 2672">
     <span class='ocr_line' id='line_1_44' title="bbox 318 2600 1902 2672; baseline -0.002 -14"><span class='ocrx_word' id='word_1_309' title='bbox 318 2605 538 2665; x_wconf 86' lang='grc' dir='ltr'>νόντων,</span> <span class='ocrx_word' id='word_1_310' title='bbox 567 2603 662 2656; x_wconf 76' lang='grc' dir='ltr'>καὶ</span> <span class='ocrx_word' id='word_1_311' title='bbox 698 2600 1116 2656; x_wconf 82' lang='grc' dir='ltr'>λιθοϐολούντων</span> <span class='ocrx_word' id='word_1_312' title='bbox 1145 2603 1270 2665; x_wconf 82' lang='grc' dir='ltr'>τοὺς</span> <span class='ocrx_word' id='word_1_313' title='bbox 1301 2601 1772 2672; x_wconf 86' lang='grc' dir='ltr'>ἀπεσταλμένους,</span> <span class='ocrx_word' id='word_1_314' title='bbox 1806 2601 1902 2656; x_wconf 73' lang='grc' dir='ltr'>καὶ</span> 
     </span>
    </p>
   </div>
   <div class='ocr_carea' id='block_1_45' title="bbox 317 2690 1902 2763">
    <p class='ocr_par' dir='ltr' id='par_1_45' title="bbox 317 2690 1902 2763">
     <span class='ocr_line' id='line_1_45' title="bbox 317 2690 1902 2763; baseline -0.001 -15"><span class='ocrx_word' id='word_1_315' title='bbox 317 2695 471 2757; x_wconf 83' lang='grc' dir='ltr'>τέλος</span> <span class='ocrx_word' id='word_1_316' title='bbox 506 2692 597 2747; x_wconf 88' lang='grc' dir='ltr'><strong>τοῦ</strong></span> <span class='ocrx_word' id='word_1_317' title='bbox 624 2691 755 2747; x_wconf 83' lang='grc' dir='ltr'>ναοῦ</span> <span class='ocrx_word' id='word_1_318' title='bbox 785 2691 993 2746; x_wconf 74' lang='grc' dir='ltr'>καὶτοῦ</span> <span class='ocrx_word' id='word_1_319' title='bbox 1024 2690 1414 2763; x_wconf 79' lang='grc' dir='ltr'>θυσιαστηρίου</span> <span class='ocrx_word' id='word_1_320' title='bbox 1447 2691 1651 2763; x_wconf 78' lang='grc' dir='ltr'>μεταξὺ</span> <span class='ocrx_word' id='word_1_321' title='bbox 1679 2692 1740 2746; x_wconf 90' lang='grc' dir='ltr'><strong>τὸ</strong></span> <span class='ocrx_word' id='word_1_322' title='bbox 1760 2690 1902 2746; x_wconf 86' lang='grc' dir='ltr'><strong>κατά</strong></span> 
     </span>
    </p>
   </div>
   <div class='ocr_carea' id='block_1_46' title="bbox 318 2781 1900 2855">
    <p class='ocr_par' dir='ltr' id='par_1_46' title="bbox 318 2781 1900 2855">
     <span class='ocr_line' id='line_1_46' title="bbox 318 2781 1900 2855; baseline -0.001 -17"><span class='ocrx_word' id='word_1_323' title='bbox 318 2785 414 2838; x_wconf 79' lang='grc' dir='ltr'><strong>τόν</strong></span> <span class='ocrx_word' id='word_1_324' title='bbox 445 2782 720 2855; x_wconf 82' lang='grc' dir='ltr'>Ζαχαρίαν</span> <span class='ocrx_word' id='word_1_325' title='bbox 749 2782 881 2852; x_wconf 79' lang='grc' dir='ltr'>ἄγος</span> <span class='ocrx_word' id='word_1_326' title='bbox 926 2782 1341 2854; x_wconf 76' lang='grc' dir='ltr'>ἐργασαμένων.</span> <span class='ocrx_word' id='word_1_327' title='bbox 1390 2781 1633 2853; x_wconf 85' lang='grc' dir='ltr'>Πρόσθες</span> <span class='ocrx_word' id='word_1_328' title='bbox 1684 2782 1763 2854; x_wconf 84' lang='grc' dir='ltr'>τῷ</span> <span class='ocrx_word' id='word_1_329' title='bbox 1798 2800 1900 2837; x_wconf 77' lang='grc' dir='ltr'>κα-</span> 
     </span>
    </p>
   </div>
   <div class='ocr_carea' id='block_1_47' title="bbox 320 2871 1902 2945">
    <p class='ocr_par' dir='ltr' id='par_1_47' title="bbox 320 2871 1902 2945">
     <span class='ocr_line' id='line_1_47' title="bbox 320 2871 1902 2945; baseline -0.002 -16"><span class='ocrx_word' id='word_1_330' title='bbox 320 2876 530 2945; x_wconf 82' lang='grc' dir='ltr'>ταλόγῳ</span> <span class='ocrx_word' id='word_1_331' title='bbox 559 2876 668 2928; x_wconf 91' lang='grc' dir='ltr'><strong>τῶν</strong></span> <span class='ocrx_word' id='word_1_332' title='bbox 700 2872 952 2944; x_wconf 84' lang='grc' dir='ltr'>πονηρῶν</span> <span class='ocrx_word' id='word_1_333' title='bbox 994 2871 1413 2944; x_wconf 80' lang='grc' dir='ltr'>βλαστημάτων,</span> <span class='ocrx_word' id='word_1_334' title='bbox 1449 2874 1545 2926; x_wconf 77' lang='grc' dir='ltr'>καὶ</span> <span class='ocrx_word' id='word_1_335' title='bbox 1587 2872 1683 2925; x_wconf 92' lang='grc' dir='ltr'><strong>τοῦ</strong></span> <span class='ocrx_word' id='word_1_336' title='bbox 1726 2873 1902 2944; x_wconf 83' lang='grc' dir='ltr'>Ἠρώ-</span> 
     </span>
    </p>
   </div>
   <div class='ocr_carea' id='block_1_48' title="bbox 319 2960 1900 3037">
    <p class='ocr_par' dir='ltr' id='par_1_48' title="bbox 319 2960 1900 3037">
     <span class='ocr_line' id='line_1_48' title="bbox 319 2960 1900 3037; baseline -0.004 -15"><span class='ocrx_word' id='word_1_337' title='bbox 319 2969 414 3022; x_wconf 87' lang='grc' dir='ltr'><strong>δου</strong></span> <span class='ocrx_word' id='word_1_338' title='bbox 442 2968 541 3037; x_wconf 82' lang='grc' dir='ltr'>τὴν</span> <span class='ocrx_word' id='word_1_339' title='bbox 572 2965 945 3035; x_wconf 81' lang='grc' dir='ltr'>παιδοφονίαν.</span> <span class='ocrx_word' id='word_1_340' title='bbox 991 2964 1142 3018; x_wconf 56' lang='grc' dir='ltr'><strong>Ἐπεὶ⁵</strong></span> <span class='ocrx_word' id='word_1_341' title='bbox 1179 2960 1272 3019; x_wconf 79' lang='grc' dir='ltr'>οὖν</span> <span class='ocrx_word' id='word_1_342' title='bbox 1301 2966 1453 3018; x_wconf 83' lang='grc' dir='ltr'>πᾶσα</span> <span class='ocrx_word' id='word_1_343' title='bbox 1490 2965 1587 3035; x_wconf 85' lang='grc' dir='ltr'>τῆς</span> <span class='ocrx_word' id='word_1_344' title='bbox 1621 2964 1820 3028; x_wconf 86' lang='grc' dir='ltr'>κακίας</span> <span class='ocrx_word' id='word_1_345' title='bbox 1867 2966 1900 3036; x_wconf 78' lang='grc' dir='ltr'>ὴ</span> 
     </span>
    </p>
   </div>
   <div class='ocr_carea' id='block_1_49' title="bbox 321 3053 1903 3127">
    <p class='ocr_par' dir='ltr' id='par_1_49' title="bbox 321 3053 1903 3127">
     <span class='ocr_line' id='line_1_49' title="bbox 321 3053 1903 3127; baseline -0.004 -15"><span class='ocrx_word' id='word_1_346' title='bbox 321 3058 549 3127; x_wconf 86' lang='grc' dir='ltr'>δύναμις</span> <span class='ocrx_word' id='word_1_347' title='bbox 593 3059 657 3110; x_wconf 80' lang='grc' dir='ltr'>ὲκ</span> <span class='ocrx_word' id='word_1_348' title='bbox 686 3056 784 3126; x_wconf 85' lang='grc' dir='ltr'>τῆς</span> <span class='ocrx_word' id='word_1_349' title='bbox 814 3055 1057 3125; x_wconf 83' lang='grc' dir='ltr'>πονηρᾶς</span> <span class='ocrx_word' id='word_1_350' title='bbox 1086 3053 1245 3124; x_wconf 75' lang='grc' dir='ltr'>ῥίζης</span> <span class='ocrx_word' id='word_1_351' title='bbox 1275 3053 1521 3125; x_wconf 85' lang='grc' dir='ltr'>ἀνεδόθη,</span> <span class='ocrx_word' id='word_1_352' title='bbox 1554 3055 1648 3108; x_wconf 83' lang='grc' dir='ltr'>καὶ</span> <span class='ocrx_word' id='word_1_353' title='bbox 1686 3054 1903 3107; x_wconf 86' lang='grc' dir='ltr'>πολυει-</span> 
     </span>
    </p>
   </div>
   <div class='ocr_carea' id='block_1_50' title="bbox 323 3126 1975 3219">
    <p class='ocr_par' dir='ltr' id='par_1_50' title="bbox 323 3126 1975 3219">
     <span class='ocr_line' id='line_1_50' title="bbox 323 3126 1975 3219; baseline -0.005 -14"><span class='ocrx_word' id='word_1_354' title='bbox 323 3151 427 3214; x_wconf 85' lang='grc' dir='ltr'><strong>δῶς</strong></span> <span class='ocrx_word' id='word_1_355' title='bbox 454 3126 661 3219; x_wconf 75' lang='grc' dir='ltr'>ηύξησε</span> <span class='ocrx_word' id='word_1_356' title='bbox 688 3149 746 3200; x_wconf 84' lang='grc' dir='ltr'>ὲν</span> <span class='ocrx_word' id='word_1_357' title='bbox 790 3150 909 3210; x_wconf 87' lang='grc' dir='ltr'>ταῖς</span> <span class='ocrx_word' id='word_1_358' title='bbox 957 3138 1309 3217; x_wconf 78' lang='grc' dir='ltr'>προαιρέσεσι</span> <span class='ocrx_word' id='word_1_359' title='bbox 1357 3144 1464 3198; x_wconf 88' lang='grc' dir='ltr'><strong>τῶν</strong></span> <span class='ocrx_word' id='word_1_360' title='bbox 1498 3145 1620 3198; x_wconf 80' lang='grc' dir='ltr'>καθ’</span> <span class='ocrx_word' id='word_1_361' title='bbox 1667 3146 1904 3215; x_wconf 80' lang='grc' dir='ltr'>ἑκάστην</span> <span class='ocrx_word' id='word_1_362' title='bbox 1932 3126 1975 3185; x_wconf 69' lang='grc' dir='ltr'><strong>(ἶ</strong></span> 
     </span>
    </p>
   </div>
   <div class='ocr_carea' id='block_1_51' title="bbox 292 3232 1903 3311">
    <p class='ocr_par' dir='ltr' id='par_1_51' title="bbox 292 3232 1903 3311">
     <span class='ocr_line' id='line_1_51' title="bbox 292 3232 1903 3311; baseline 0.001 -22"><span class='ocrx_word' id='word_1_363' title='bbox 292 3241 538 3309; x_wconf 79' lang='grc' dir='ltr'>.γενεάν,</span> <span class='ocrx_word' id='word_1_364' title='bbox 582 3243 646 3311; x_wconf 78' lang='grc' dir='ltr'>τῇ</span> <span class='ocrx_word' id='word_1_365' title='bbox 697 3232 868 3311; x_wconf 72' lang='grc' dir='ltr'>κακίᾳ</span> <span class='ocrx_word' id='word_1_366' title='bbox 912 3238 1243 3308; x_wconf 83' lang='grc' dir='ltr'>άγνωρίμως</span> <span class='ocrx_word' id='word_1_367' title='bbox 1288 3237 1710 3308; x_wconf 82' lang='grc' dir='ltr'>ὑλομανησάσῃ,</span> <span class='ocrx_word' id='word_1_368' title='bbox 1761 3237 1903 3303; x_wconf 85' lang='grc' dir='ltr'>τότε,</span> 
     </span>
    </p>
   </div>
   <div class='ocr_carea' id='block_1_52' title="bbox 326 3328 1906 3403">
    <p class='ocr_par' dir='ltr' id='par_1_52' title="bbox 326 3328 1906 3403">
     <span class='ocr_line' id='line_1_52' title="bbox 326 3328 1906 3403; baseline -0.004 -17"><span class='ocrx_word' id='word_1_369' title='bbox 326 3333 509 3396; x_wconf 82' lang='grc' dir='ltr'>καθώς</span> <span class='ocrx_word' id='word_1_370' title='bbox 537 3350 671 3403; x_wconf 87' lang='grc' dir='ltr'>φησι</span> <span class='ocrx_word' id='word_1_371' title='bbox 709 3331 848 3403; x_wconf 86' lang='grc' dir='ltr'>πρὸς</span> <span class='ocrx_word' id='word_1_372' title='bbox 890 3330 1211 3401; x_wconf 84' lang='grc' dir='ltr'>Ἀθηναίους</span> <span class='ocrx_word' id='word_1_373' title='bbox 1253 3330 1281 3381; x_wconf 90' lang='lat'><strong>6</strong></span> <span class='ocrx_word' id='word_1_374' title='bbox 1310 3329 1544 3394; x_wconf 87' lang='grc' dir='ltr'>Παῦλος,</span> <span class='ocrx_word' id='word_1_375' title='bbox 1583 3346 1603 3379; x_wconf 76' lang='grc' dir='ltr'><strong>ι</strong></span> <span class='ocrx_word' id='word_1_376' title='bbox 1646 3329 1783 3392; x_wconf 82' lang='grc' dir='ltr'>Τοὺς</span> <span class='ocrx_word' id='word_1_377' title='bbox 1804 3328 1906 3399; x_wconf 78' lang='grc' dir='ltr'>τῆς</span> 
     </span>
    </p>
   </div>
   <div class='ocr_carea' id='block_1_53' title="bbox 326 3417 1905 3493">
    <p class='ocr_par' dir='ltr' id='par_1_53' title="bbox 326 3417 1905 3493">
     <span class='ocr_line' id='line_1_53' title="bbox 326 3417 1905 3493; baseline -0.004 -18"><span class='ocrx_word' id='word_1_378' title='bbox 326 3422 547 3492; x_wconf 80' lang='grc' dir='ltr'>ἀγνοίας</span> <span class='ocrx_word' id='word_1_379' title='bbox 574 3421 798 3493; x_wconf 89' lang='grc' dir='ltr'>χρόνους</span> <span class='ocrx_word' id='word_1_380' title='bbox 834 3419 1105 3490; x_wconf 82' lang='grc' dir='ltr'>ὑπεριδὼν</span> <span class='ocrx_word' id='word_1_381' title='bbox 1146 3421 1174 3471; x_wconf 91' lang='lat'><strong>6</strong></span> <span class='ocrx_word' id='word_1_382' title='bbox 1199 3418 1348 3481; x_wconf 89' lang='grc' dir='ltr'>Θεὸς,</span> <span class='ocrx_word' id='word_1_383' title='bbox 1394 3418 1489 3472; x_wconf 78' lang='grc' dir='ltr'><strong>ἐπὶ</strong></span> <span class='ocrx_word' id='word_1_384' title='bbox 1517 3418 1627 3471; x_wconf 90' lang='grc' dir='ltr'><strong>τῶν</strong></span> <span class='ocrx_word' id='word_1_385' title='bbox 1659 3417 1905 3488; x_wconf 75' lang='grc' dir='ltr'>ἐσχάτων</span> 
     </span>
    </p>
   </div>
   <div class='ocr_carea' id='block_1_54' title="bbox 328 3504 1904 3584">
    <p class='ocr_par' dir='ltr' id='par_1_54' title="bbox 328 3504 1904 3584">
     <span class='ocr_line' id='line_1_54' title="bbox 328 3504 1904 3584; baseline -0.004 -19"><span class='ocrx_word' id='word_1_386' title='bbox 328 3512 551 3584; x_wconf 75' lang='grc' dir='ltr'>ἡμερῶν</span> <span class='ocrx_word' id='word_1_387' title='bbox 583 3510 969 3583; x_wconf 84' lang='grc' dir='ltr'>παραγίνεται,</span> <span class='ocrx_word' id='word_1_388' title='bbox 1006 3526 1047 3560; x_wconf 77' lang='grc'><strong>·»</strong></span> <span class='ocrx_word' id='word_1_389' title='bbox 1082 3509 1170 3562; x_wconf 83' lang='grc' dir='ltr'>ὅτε</span> <span class='ocrx_word' id='word_1_390' title='bbox 1202 3509 1301 3561; x_wconf 85' lang='grc' dir='ltr'>οὐκ</span> <span class='ocrx_word' id='word_1_391' title='bbox 1337 3504 1406 3579; x_wconf 76' lang='grc' dir='ltr'>ἦν</span> <span class='ocrx_word' id='word_1_392' title='bbox 1440 3510 1467 3562; x_wconf 89' lang='lat'><strong>6</strong></span> <span class='ocrx_word' id='word_1_393' title='bbox 1517 3506 1735 3571; x_wconf 86' lang='grc' dir='ltr'>συνιὼν,</span> <span class='ocrx_word' id='word_1_394' title='bbox 1780 3506 1904 3560; x_wconf 77' lang='grc' dir='ltr'>οὔτε</span> 
     </span>
    </p>
   </div>
   <div class='ocr_carea' id='block_1_55' title="bbox 326 3598 1905 3673">
    <p class='ocr_par' dir='ltr' id='par_1_55' title="bbox 326 3598 1905 3673">
     <span class='ocr_line' id='line_1_55' title="bbox 326 3598 1905 3673; baseline -0.003 -16"><span class='ocrx_word' id='word_1_395' title='bbox 326 3604 429 3657; x_wconf 74' lang='grc' dir='ltr'>οὐκ</span> <span class='ocrx_word' id='word_1_396' title='bbox 453 3599 523 3673; x_wconf 80' lang='grc' dir='ltr'>ἦν</span> <span class='ocrx_word' id='word_1_397' title='bbox 565 3605 593 3656; x_wconf 90' lang='lat'><strong>6</strong></span> <span class='ocrx_word' id='word_1_398' title='bbox 621 3600 867 3673; x_wconf 72' lang='grc' dir='ltr'>ἐκζητῶν</span> <span class='ocrx_word' id='word_1_399' title='bbox 907 3602 1000 3654; x_wconf 89' lang='grc' dir='ltr'><strong>τὸν</strong></span> <span class='ocrx_word' id='word_1_400' title='bbox 1052 3600 1204 3665; x_wconf 78' lang='grc' dir='ltr'>Θεὸν,</span> <span class='ocrx_word' id='word_1_401' title='bbox 1237 3600 1326 3654; x_wconf 76' lang='grc' dir='ltr'>ὅτε</span> <span class='ocrx_word' id='word_1_402' title='bbox 1377 3601 1575 3663; x_wconf 86' lang='grc' dir='ltr'>πάντες</span> <span class='ocrx_word' id='word_1_403' title='bbox 1607 3598 1905 3665; x_wconf 73' lang='grc' dir='ltr'>ἐξέκλιναν,</span> 
     </span>
    </p>
   </div>
   <div class='ocr_carea' id='block_1_56' title="bbox 329 3692 1909 3766">
    <p class='ocr_par' dir='ltr' id='par_1_56' title="bbox 329 3692 1909 3766">
     <span class='ocr_line' id='line_1_56' title="bbox 329 3692 1909 3766; baseline -0.003 -18"><span class='ocrx_word' id='word_1_404' title='bbox 329 3694 447 3766; x_wconf 76' lang='grc' dir='ltr'>ἅμα</span> <span class='ocrx_word' id='word_1_405' title='bbox 495 3693 897 3765; x_wconf 76' lang='grc' dir='ltr'>ἠχρειὼθησαν,</span> <span class='ocrx_word' id='word_1_406' title='bbox 948 3694 1038 3747; x_wconf 81' lang='grc' dir='ltr'>ὅτε</span> <span class='ocrx_word' id='word_1_407' title='bbox 1082 3692 1433 3762; x_wconf 84' lang='grc' dir='ltr'>συνεκλείσθη</span> <span class='ocrx_word' id='word_1_408' title='bbox 1482 3693 1551 3745; x_wconf 75' lang='grc' dir='ltr'><strong>τὰ</strong></span> <span class='ocrx_word' id='word_1_409' title='bbox 1607 3692 1782 3745; x_wconf 88' lang='grc' dir='ltr'>πάντα</span> <span class='ocrx_word' id='word_1_410' title='bbox 1828 3693 1909 3754; x_wconf 88' lang='grc' dir='ltr'><strong>είς</strong></span> 
     </span>
    </p>
   </div>
   <div class='ocr_carea' id='block_1_57' title="bbox 330 3776 1909 3857">
    <p class='ocr_par' dir='ltr' id='par_1_57' title="bbox 330 3776 1909 3857">
     <span class='ocr_line' id='line_1_57' title="bbox 330 3776 1909 3857; baseline -0.004 -17"><span class='ocrx_word' id='word_1_411' title='bbox 330 3786 629 3857; x_wconf 85' lang='grc' dir='ltr'>ἁμαρτίαν,</span> <span class='ocrx_word' id='word_1_412' title='bbox 661 3786 750 3839; x_wconf 83' lang='grc' dir='ltr'>ὅτε</span> <span class='ocrx_word' id='word_1_413' title='bbox 797 3784 1124 3838; x_wconf 75' lang='grc' dir='ltr'>ἐπλεόνασεν</span> <span class='ocrx_word' id='word_1_414' title='bbox 1166 3786 1199 3854; x_wconf 80' lang='grc' dir='ltr'><strong>ἡ</strong></span> <span class='ocrx_word' id='word_1_415' title='bbox 1248 3776 1511 3854; x_wconf 70' lang='grc' dir='ltr'>ἁμαρτία,</span> <span class='ocrx_word' id='word_1_416' title='bbox 1563 3783 1650 3836; x_wconf 83' lang='grc' dir='ltr'>ὅτε</span> <span class='ocrx_word' id='word_1_417' title='bbox 1685 3783 1818 3854; x_wconf 87' lang='grc' dir='ltr'>πρὸς</span> <span class='ocrx_word' id='word_1_418' title='bbox 1849 3782 1909 3835; x_wconf 90' lang='grc' dir='ltr'><strong>τὸ</strong></span> 
     </span>
    </p>
   </div>
   <div class='ocr_carea' id='block_1_58' title="bbox 329 3871 1909 3949">
    <p class='ocr_par' dir='ltr' id='par_1_58' title="bbox 329 3871 1909 3949">
     <span class='ocr_line' id='line_1_58' title="bbox 329 3871 1909 3949; baseline -0.005 -17"><span class='ocrx_word' id='word_1_419' title='bbox 329 3879 629 3949; x_wconf 84' lang='grc' dir='ltr'>ἀκρότατον</span> <span class='ocrx_word' id='word_1_420' title='bbox 663 3876 859 3948; x_wconf 83' lang='grc' dir='ltr'>μέτρον</span> <span class='ocrx_word' id='word_1_421' title='bbox 909 3876 939 3928; x_wconf 85' lang='lat'><strong>6</strong></span> <span class='ocrx_word' id='word_1_422' title='bbox 974 3875 1073 3944; x_wconf 84' lang='grc' dir='ltr'>τῆς</span> <span class='ocrx_word' id='word_1_423' title='bbox 1102 3873 1300 3936; x_wconf 86' lang='grc' dir='ltr'>κακίας</span> <span class='ocrx_word' id='word_1_424' title='bbox 1330 3871 1532 3945; x_wconf 72' lang='grc' dir='ltr'>ηὔξησε</span> <span class='ocrx_word' id='word_1_425' title='bbox 1561 3871 1755 3942; x_wconf 77' lang='grc' dir='ltr'>ζόφοςο</span> <span class='ocrx_word' id='word_1_426' title='bbox 1787 3872 1909 3925; x_wconf 87' lang='grc' dir='ltr'>τότε</span> 
     </span>
    </p>
   </div>
   <div class='ocr_carea' id='block_1_59' title="bbox 330 3963 1909 4041">
    <p class='ocr_par' dir='ltr' id='par_1_59' title="bbox 330 3963 1909 4041">
     <span class='ocr_line' id='line_1_59' title="bbox 330 3963 1909 4041; baseline -0.005 -17"><span class='ocrx_word' id='word_1_427' title='bbox 330 3970 578 4040; x_wconf 65' lang='grc' dir='ltr'>ἐπεφάνη</span> <span class='ocrx_word' id='word_1_428' title='bbox 622 3970 657 4041; x_wconf 78' lang='grc' dir='ltr'>ἡ</span> <span class='ocrx_word' id='word_1_429' title='bbox 707 3970 890 4040; x_wconf 88' lang='grc' dir='ltr'>χάρις,</span> <span class='ocrx_word' id='word_1_430' title='bbox 922 3967 1042 4020; x_wconf 84' lang='grc' dir='ltr'>τότε</span> <span class='ocrx_word' id='word_1_431' title='bbox 1073 3968 1107 4038; x_wconf 80' lang='grc' dir='ltr'>ἡ</span> <span class='ocrx_word' id='word_1_432' title='bbox 1139 3965 1233 4020; x_wconf 87' lang='grc' dir='ltr'><strong>τοῦ</strong></span> <span class='ocrx_word' id='word_1_433' title='bbox 1263 3963 1517 4036; x_wconf 86' lang='grc' dir='ltr'>ἀληθινοῦ</span> <span class='ocrx_word' id='word_1_434' title='bbox 1549 3964 1723 4034; x_wconf 89' lang='grc' dir='ltr'>φωτὸς</span> <span class='ocrx_word' id='word_1_435' title='bbox 1752 3964 1909 4027; x_wconf 78' lang='grc' dir='ltr'>ἀκτὶς</span> 
     </span>
    </p>
   </div>
   <div class='ocr_carea' id='block_1_60' title="bbox 330 4057 1909 4131">
    <p class='ocr_par' dir='ltr' id='par_1_60' title="bbox 330 4057 1909 4131">
     <span class='ocr_line' id='line_1_60' title="bbox 330 4057 1909 4131; baseline -0.006 -13"><span class='ocrx_word' id='word_1_436' title='bbox 330 4062 671 4125; x_wconf 71' lang='grc' dir='ltr'>ἑπανέτειλε,</span> <span class='ocrx_word' id='word_1_437' title='bbox 701 4061 821 4115; x_wconf 86' lang='grc' dir='ltr'>τότε</span> <span class='ocrx_word' id='word_1_438' title='bbox 851 4060 1125 4131; x_wconf 85' lang='grc' dir='ltr'>ὲπέφανεν</span> <span class='ocrx_word' id='word_1_439' title='bbox 1167 4062 1195 4113; x_wconf 85' lang='grc' dir='ltr'>ὁ</span> <span class='ocrx_word' id='word_1_440' title='bbox 1223 4059 1324 4130; x_wconf 82' lang='grc' dir='ltr'>τῆς</span> <span class='ocrx_word' id='word_1_441' title='bbox 1353 4057 1698 4129; x_wconf 80' lang='grc' dir='ltr'>δικαιοσύνης</span> <span class='ocrx_word' id='word_1_442' title='bbox 1720 4057 1909 4119; x_wconf 81' lang='grc' dir='ltr'>’Ἥλιος</span> 
     </span>
    </p>
   </div>
   <div class='ocr_carea' id='block_1_61' title="bbox 328 4147 1909 4223">
    <p class='ocr_par' dir='ltr' id='par_1_61' title="bbox 328 4147 1909 4223">
     <span class='ocr_line' id='line_1_61' title="bbox 328 4147 1909 4223; baseline -0.006 -14"><span class='ocrx_word' id='word_1_443' title='bbox 328 4156 444 4218; x_wconf 86' lang='grc' dir='ltr'>τοῖς</span> <span class='ocrx_word' id='word_1_444' title='bbox 465 4155 523 4207; x_wconf 84' lang='grc' dir='ltr'>ὲν</span> <span class='ocrx_word' id='word_1_445' title='bbox 544 4152 725 4207; x_wconf 89' lang='grc' dir='ltr'>σκότει</span> <span class='ocrx_word' id='word_1_446' title='bbox 754 4151 848 4206; x_wconf 74' lang='grc' dir='ltr'>καὶ</span> <span class='ocrx_word' id='word_1_447' title='bbox 878 4153 1006 4223; x_wconf 79' lang='grc' dir='ltr'>σκιᾷ</span> <span class='ocrx_word' id='word_1_448' title='bbox 1035 4149 1388 4221; x_wconf 81' lang='grc' dir='ltr'>καθημένοις,</span> <span class='ocrx_word' id='word_1_449' title='bbox 1421 4148 1544 4202; x_wconf 88' lang='grc' dir='ltr'>τότε</span> <span class='ocrx_word' id='word_1_450' title='bbox 1578 4148 1678 4213; x_wconf 89' lang='grc' dir='ltr'><strong>τάς</strong></span> <span class='ocrx_word' id='word_1_451' title='bbox 1709 4147 1909 4211; x_wconf 76' lang='grc' dir='ltr'>πολλὰς</span> 
     </span>
    </p>
   </div>
   <div class='ocr_carea' id='block_1_62' title="bbox 331 4238 1910 4316">
    <p class='ocr_par' dir='ltr' id='par_1_62' title="bbox 331 4238 1910 4316">
     <span class='ocr_line' id='line_1_62' title="bbox 331 4238 1910 4316; baseline -0.005 -16"><span class='ocrx_word' id='word_1_452' title='bbox 331 4244 577 4315; x_wconf 83' lang='grc' dir='ltr'>κεφαλὰς</span> <span class='ocrx_word' id='word_1_453' title='bbox 602 4243 697 4297; x_wconf 92' lang='grc' dir='ltr'><strong>τοῦ</strong></span> <span class='ocrx_word' id='word_1_454' title='bbox 725 4243 1017 4316; x_wconf 86' lang='grc' dir='ltr'>δράκοντος</span> <span class='ocrx_word' id='word_1_455' title='bbox 1047 4240 1393 4304; x_wconf 88' lang='grc' dir='ltr'>συνέθλασεν,</span> <span class='ocrx_word' id='word_1_456' title='bbox 1425 4240 1620 4304; x_wconf 73' lang='grc' dir='ltr'>ἐπιϐὰς</span> <span class='ocrx_word' id='word_1_457' title='bbox 1667 4238 1745 4310; x_wconf 77' lang='grc' dir='ltr'>τῷ</span> <span class='ocrx_word' id='word_1_458' title='bbox 1787 4238 1910 4293; x_wconf 72' lang='grc' dir='ltr'>ποδὶ</span> 
     </span>
    </p>
   </div>
   <div class='ocr_carea' id='block_1_63' title="bbox 331 4330 1910 4407">
    <p class='ocr_par' dir='ltr' id='par_1_63' title="bbox 331 4330 1910 4407">
     <span class='ocr_line' id='line_1_63' title="bbox 331 4330 1910 4407; baseline -0.005 -16"><span class='ocrx_word' id='word_1_459' title='bbox 331 4336 421 4391; x_wconf 83' lang='grc' dir='ltr'>διὰ</span> <span class='ocrx_word' id='word_1_460' title='bbox 460 4337 559 4406; x_wconf 79' lang='grc' dir='ltr'>τῆς</span> <span class='ocrx_word' id='word_1_461' title='bbox 587 4335 938 4407; x_wconf 86' lang='grc' dir='ltr'>ἀνθρωπίνης</span> <span class='ocrx_word' id='word_1_462' title='bbox 969 4333 1191 4405; x_wconf 85' lang='grc' dir='ltr'>σαρκὸς,</span> <span class='ocrx_word' id='word_1_463' title='bbox 1221 4331 1316 4386; x_wconf 61' lang='grc' dir='ltr'><strong>καὶ⁸</strong></span> <span class='ocrx_word' id='word_1_464' title='bbox 1350 4334 1418 4403; x_wconf 78' lang='grc' dir='ltr'><strong>τῇ</strong></span> <span class='ocrx_word' id='word_1_465' title='bbox 1461 4334 1532 4403; x_wconf 81' lang='grc' dir='ltr'>γῇ</span> <span class='ocrx_word' id='word_1_466' title='bbox 1564 4330 1910 4402; x_wconf 84' lang='grc' dir='ltr'>προσθλάσας</span> 
     </span>
    </p>
   </div>
   <div class='ocr_carea' id='block_1_64' title="bbox 2005 1863 3585 1935">
    <p class='ocr_par' dir='ltr' id='par_1_64' title="bbox 2005 1863 3585 1935">
     <span class='ocr_line' id='line_1_64' title="bbox 2005 1863 3585 1935; baseline 0.002 -17"><span class='ocrx_word' id='word_1_467' title='bbox 2005 1864 2167 1935; x_wconf 78' lang='lat' dir='ltr'><strong>mala)</strong></span> <span class='ocrx_word' id='word_1_468' title='bbox 2200 1867 2322 1918; x_wconf 81' lang='lat' dir='ltr'><strong>vita:</strong></span> <span class='ocrx_word' id='word_1_469' title='bbox 2351 1865 2587 1920; x_wconf 77' lang='lat' dir='ltr'><strong>misceri.</strong></span> <span class='ocrx_word' id='word_1_470' title='bbox 2620 1863 2918 1935; x_wconf 82' lang='lat' dir='ltr'><strong>Oportebat</strong></span> <span class='ocrx_word' id='word_1_471' title='bbox 2943 1868 3086 1920; x_wconf 88' lang='lat' dir='ltr'><strong>enim</strong></span> <span class='ocrx_word' id='word_1_472' title='bbox 3120 1867 3283 1921; x_wconf 84' lang='lat' dir='ltr'><strong>etiam</strong></span> <span class='ocrx_word' id='word_1_473' title='bbox 3318 1867 3585 1922; x_wconf 86' lang='lat' dir='ltr'><strong>Israelita-</strong></span> 
     </span>
    </p>
   </div>
   <div class='ocr_carea' id='block_1_65' title="bbox 2007 1955 3585 2029">
    <p class='ocr_par' dir='ltr' id='par_1_65' title="bbox 2007 1955 3585 2029">
     <span class='ocr_line' id='line_1_65' title="bbox 2007 1955 3585 2029; baseline 0.001 -18"><span class='ocrx_word' id='word_1_474' title='bbox 2007 1973 2122 2011; x_wconf 83' lang='lat' dir='ltr'><strong>rum</strong></span> <span class='ocrx_word' id='word_1_475' title='bbox 2149 1955 2315 2027; x_wconf 78' lang='lat'><strong>395</strong></span> <span class='ocrx_word' id='word_1_476' title='bbox 2343 1957 2763 2012; x_wconf 74' lang='grc' dir='ltr'>ἰιιυιιειιίοιιιίιιηι</span> <span class='ocrx_word' id='word_1_477' title='bbox 2799 1959 3170 2024; x_wconf 84' lang='lat' dir='ltr'><strong>manifestari;</strong></span> <span class='ocrx_word' id='word_1_478' title='bbox 3219 1959 3504 2029; x_wconf 83' lang='lat' dir='ltr'><strong>oportebat</strong></span> <span class='ocrx_word' id='word_1_479' title='bbox 3530 1970 3585 2014; x_wconf 90' lang='lat' dir='ltr'><strong>et</strong></span> 
     </span>
    </p>
   </div>
   <div class='ocr_carea' id='block_1_66' title="bbox 2006 2032 3584 2121">
    <p class='ocr_par' dir='ltr' id='par_1_66' title="bbox 2006 2032 3584 2121">
     <span class='ocr_line' id='line_1_66' title="bbox 2006 2032 3584 2121; baseline 0.003 -19"><span class='ocrx_word' id='word_1_480' title='bbox 2006 2050 2155 2117; x_wconf 76' lang='lat' dir='ltr'><strong>regni</strong></span> <span class='ocrx_word' id='word_1_481' title='bbox 2196 2049 2546 2117; x_wconf 82' lang='lat' dir='ltr'><strong>Assyriorum</strong></span> <span class='ocrx_word' id='word_1_482' title='bbox 2596 2059 2650 2105; x_wconf 89' lang='lat' dir='ltr'><strong>et</strong></span> <span class='ocrx_word' id='word_1_483' title='bbox 2683 2032 3192 2105; x_wconf 61' lang='lat' dir='ltr'><strong>Nabuchodouozor</strong></span> <span class='ocrx_word' id='word_1_484' title='bbox 3228 2050 3584 2121; x_wconf 77' lang='lat' dir='ltr'><strong>ﬂagrantissi-</strong></span> 
     </span>
    </p>
   </div>
   <div class='ocr_carea' id='block_1_67' title="bbox 2006 2138 3587 2213">
    <p class='ocr_par' dir='ltr' id='par_1_67' title="bbox 2006 2138 3587 2213">
     <span class='ocr_line' id='line_1_67' title="bbox 2006 2138 3587 2213; baseline 0.002 -19"><span class='ocrx_word' id='word_1_485' title='bbox 2006 2156 2152 2194; x_wconf 75' lang='lat' dir='ltr'><strong>mam</strong></span> <span class='ocrx_word' id='word_1_486' title='bbox 2195 2141 2507 2209; x_wconf 78' lang='lat' dir='ltr'><strong>superbiam</strong></span> <span class='ocrx_word' id='word_1_487' title='bbox 2554 2138 2897 2196; x_wconf 75' lang='lat' dir='ltr'><strong>manifestam</strong></span> <span class='ocrx_word' id='word_1_488' title='bbox 2948 2141 3065 2195; x_wconf 88' lang='lat' dir='ltr'><strong>lieri</strong></span> <span class='ocrx_word' id='word_1_489' title='bbox 3100 2143 3424 2213; x_wconf 82' lang='lat' dir='ltr'><strong>:0portebat</strong></span> <span class='ocrx_word' id='word_1_490' title='bbox 3458 2158 3587 2198; x_wconf 89' lang='lat' dir='ltr'><strong>sau-</strong></span> 
     </span>
    </p>
   </div>
   <div class='ocr_carea' id='block_1_68' title="bbox 2007 2233 3583 2304">
    <p class='ocr_par' dir='ltr' id='par_1_68' title="bbox 2007 2233 3583 2304">
     <span class='ocr_line' id='line_1_68' title="bbox 2007 2233 3583 2304; baseline -0.001 -16"><span class='ocrx_word' id='word_1_491' title='bbox 2007 2244 2219 2288; x_wconf 74' lang='lat' dir='ltr'><strong>ctorum</strong></span> <span class='ocrx_word' id='word_1_492' title='bbox 2258 2235 2459 2288; x_wconf 66' lang='lat' dir='ltr'><strong>caedem</strong></span> <span class='ocrx_word' id='word_1_493' title='bbox 2501 2233 2664 2288; x_wconf 90' lang='lat' dir='ltr'><strong>veluti</strong></span> <span class='ocrx_word' id='word_1_494' title='bbox 2699 2248 2923 2303; x_wconf 88' lang='lat' dir='ltr'><strong>pravum</strong></span> <span class='ocrx_word' id='word_1_495' title='bbox 2960 2234 3178 2304; x_wconf 51' lang='lat' dir='ltr'><strong>aliquod</strong></span> <span class='ocrx_word' id='word_1_496' title='bbox 3219 2248 3271 2287; x_wconf 89' lang='lat' dir='ltr'><strong>et</strong></span> <span class='ocrx_word' id='word_1_497' title='bbox 3306 2236 3583 2303; x_wconf 88' lang='lat' dir='ltr'><strong>spinosum</strong></span> 
     </span>
    </p>
   </div>
   <div class='ocr_carea' id='block_1_69' title="bbox 2009 2326 3586 2395">
    <p class='ocr_par' dir='ltr' id='par_1_69' title="bbox 2009 2326 3586 2395">
     <span class='ocr_line' id='line_1_69' title="bbox 2009 2326 3586 2395; baseline 0.001 -16"><span class='ocrx_word' id='word_1_498' title='bbox 2009 2327 2164 2380; x_wconf 72' lang='lat' dir='ltr'><strong>mala:</strong></span> <span class='ocrx_word' id='word_1_499' title='bbox 2214 2326 2410 2381; x_wconf 89' lang='lat' dir='ltr'><strong>diaboli</strong></span> <span class='ocrx_word' id='word_1_500' title='bbox 2468 2327 2671 2382; x_wconf 86' lang='lat' dir='ltr'><strong>radicis</strong></span> <span class='ocrx_word' id='word_1_501' title='bbox 2721 2340 2941 2395; x_wconf 81' lang='lat' dir='ltr'><strong>germen</strong></span> <span class='ocrx_word' id='word_1_502' title='bbox 2998 2327 3224 2380; x_wconf 77' lang='lat' dir='ltr'><strong>excitari</strong></span> <span class='ocrx_word' id='word_1_503' title='bbox 3257 2327 3586 2395; x_wconf 85' lang='lat' dir='ltr'><strong>:oportebat</strong></span> 
     </span>
    </p>
   </div>
   <div class='ocr_carea' id='block_1_70' title="bbox 2005 2415 3587 2471">
    <p class='ocr_par' dir='ltr' id='par_1_70' title="bbox 2005 2415 3587 2471">
     <span class='ocr_line' id='line_1_70' title="bbox 2005 2415 3587 2471; baseline -0.001 1"><span class='ocrx_word' id='word_1_504' title='bbox 2005 2415 2321 2471; x_wconf 80' lang='lat' dir='ltr'><strong>Judaeorum</strong></span> <span class='ocrx_word' id='word_1_505' title='bbox 2382 2416 2644 2471; x_wconf 85' lang='lat' dir='ltr'><strong>adversus</strong></span> <span class='ocrx_word' id='word_1_506' title='bbox 2676 2426 2897 2470; x_wconf 88' lang='lat' dir='ltr'><strong>sanctos</strong></span> <span class='ocrx_word' id='word_1_507' title='bbox 2948 2415 3041 2470; x_wconf 85' lang='lat' dir='ltr'><strong>Dei</strong></span> <span class='ocrx_word' id='word_1_508' title='bbox 3106 2416 3310 2470; x_wconf 78' lang='lat' dir='ltr'><strong>rabiem</strong></span> <span class='ocrx_word' id='word_1_509' title='bbox 3365 2415 3587 2471; x_wconf 79' lang='lat' dir='ltr'><strong>manife-</strong></span> 
     </span>
    </p>
   </div>
   <div class='ocr_carea' id='block_1_71' title="bbox 2007 2506 3587 2576">
    <p class='ocr_par' dir='ltr' id='par_1_71' title="bbox 2007 2506 3587 2576">
     <span class='ocr_line' id='line_1_71' title="bbox 2007 2506 3587 2576; baseline -0.001 -14"><span class='ocrx_word' id='word_1_510' title='bbox 2007 2508 2166 2569; x_wconf 87' lang='lat' dir='ltr'><strong>stari,</strong></span> <span class='ocrx_word' id='word_1_511' title='bbox 2211 2506 2571 2561; x_wconf 90' lang='lat' dir='ltr'><strong>occidentium</strong></span> <span class='ocrx_word' id='word_1_512' title='bbox 2606 2507 2916 2576; x_wconf 82' lang='lat' dir='ltr'><strong>prophetas,</strong></span> <span class='ocrx_word' id='word_1_513' title='bbox 2942 2517 2995 2560; x_wconf 89' lang='lat' dir='ltr'><strong>et</strong></span> <span class='ocrx_word' id='word_1_514' title='bbox 3020 2522 3112 2561; x_wconf 88' lang='lat' dir='ltr'><strong>eos</strong></span> <span class='ocrx_word' id='word_1_515' title='bbox 3134 2507 3225 2575; x_wconf 85' lang='lat' dir='ltr'><strong>qui</strong></span> <span class='ocrx_word' id='word_1_516' title='bbox 3255 2506 3404 2560; x_wconf 74' lang='lat' dir='ltr'><strong>missi</strong></span> <span class='ocrx_word' id='word_1_517' title='bbox 3429 2516 3587 2561; x_wconf 87' lang='lat' dir='ltr'><strong>erant</strong></span> 
     </span>
    </p>
   </div>
   <div class='ocr_carea' id='block_1_72' title="bbox 2008 2601 3587 2671">
    <p class='ocr_par' dir='ltr' id='par_1_72' title="bbox 2008 2601 3587 2671">
     <span class='ocr_line' id='line_1_72' title="bbox 2008 2601 3587 2671; baseline 0 -15"><span class='ocrx_word' id='word_1_518' title='bbox 2008 2602 2276 2671; x_wconf 84' lang='lat' dir='ltr'><strong>lapidibus</strong></span> <span class='ocrx_word' id='word_1_519' title='bbox 2315 2601 2692 2667; x_wconf 86' lang='lat' dir='ltr'><strong>obruentium,</strong></span> <span class='ocrx_word' id='word_1_520' title='bbox 2738 2617 2803 2658; x_wconf 92' lang='lat' dir='ltr'><strong>ac</strong></span> <span class='ocrx_word' id='word_1_521' title='bbox 2836 2602 3052 2657; x_wconf 85' lang='lat' dir='ltr'><strong>tandem</strong></span> <span class='ocrx_word' id='word_1_522' title='bbox 3100 2602 3380 2671; x_wconf 85' lang='lat' dir='ltr'><strong>piaculare</strong></span> <span class='ocrx_word' id='word_1_523' title='bbox 3410 2601 3587 2656; x_wconf 83' lang='lat' dir='ltr'><strong>scelus</strong></span> 
     </span>
    </p>
   </div>
   <div class='ocr_carea' id='block_1_73' title="bbox 2008 2693 3586 2771">
    <p class='ocr_par' dir='ltr' id='par_1_73' title="bbox 2008 2693 3586 2771">
     <span class='ocr_line' id='line_1_73' title="bbox 2008 2693 3586 2771; baseline -0.002 -20"><span class='ocrx_word' id='word_1_524' title='bbox 2008 2696 2065 2751; x_wconf 85' lang='lat' dir='ltr'><strong>iu</strong></span> <span class='ocrx_word' id='word_1_525' title='bbox 2096 2694 2418 2749; x_wconf 79' lang='lat' dir='ltr'><strong>Zachariam</strong></span> <span class='ocrx_word' id='word_1_526' title='bbox 2450 2693 2594 2749; x_wconf 86' lang='lat' dir='ltr'><strong>inter</strong></span> <span class='ocrx_word' id='word_1_527' title='bbox 2626 2694 2801 2765; x_wconf 89' lang='lat' dir='ltr'><strong>ipsum</strong></span> <span class='ocrx_word' id='word_1_528' title='bbox 2831 2695 3004 2750; x_wconf 87' lang='lat' dir='ltr'><strong>altare</strong></span> <span class='ocrx_word' id='word_1_529' title='bbox 3026 2706 3078 2751; x_wconf 92' lang='lat' dir='ltr'><strong>et</strong></span> <span class='ocrx_word' id='word_1_530' title='bbox 3112 2694 3366 2771; x_wconf 81' lang='lat' dir='ltr'><strong>templum</strong></span> <span class='ocrx_word' id='word_1_531' title='bbox 3396 2709 3586 2763; x_wconf 85' lang='lat' dir='ltr'><strong>perpe-</strong></span> 
     </span>
    </p>
   </div>
   <div class='ocr_carea' id='block_1_74' title="bbox 2010 2786 3585 2858">
    <p class='ocr_par' dir='ltr' id='par_1_74' title="bbox 2010 2786 3585 2858">
     <span class='ocr_line' id='line_1_74' title="bbox 2010 2786 3585 2858; baseline -0.001 -19"><span class='ocrx_word' id='word_1_532' title='bbox 2010 2786 2266 2840; x_wconf 80' lang='lat' dir='ltr'><strong>trautium</strong></span> <span class='ocrx_word' id='word_1_533' title='bbox 2290 2802 2305 2853; x_wconf 91' lang='lat'><strong>;</strong></span> <span class='ocrx_word' id='word_1_534' title='bbox 2330 2786 2468 2841; x_wconf 87' lang='lat' dir='ltr'><strong>adde</strong></span> <span class='ocrx_word' id='word_1_535' title='bbox 2493 2786 2657 2841; x_wconf 90' lang='lat' dir='ltr'><strong>etiam</strong></span> <span class='ocrx_word' id='word_1_536' title='bbox 2682 2788 2929 2858; x_wconf 75' lang='lat' dir='ltr'><strong>catalogo</strong></span> <span class='ocrx_word' id='word_1_537' title='bbox 2953 2803 3238 2858; x_wconf 87' lang='lat' dir='ltr'><strong>pravorum</strong></span> <span class='ocrx_word' id='word_1_538' title='bbox 3259 2787 3585 2857; x_wconf 77' lang='lat' dir='ltr'><strong>germinum,</strong></span> 
     </span>
    </p>
   </div>
   <div class='ocr_carea' id='block_1_75' title="bbox 2013 2877 3588 2950">
    <p class='ocr_par' dir='ltr' id='par_1_75' title="bbox 2013 2877 3588 2950">
     <span class='ocr_line' id='line_1_75' title="bbox 2013 2877 3588 2950; baseline 0.001 -19"><span class='ocrx_word' id='word_1_539' title='bbox 2013 2877 2300 2932; x_wconf 87' lang='lat' dir='ltr'><strong>infantium</strong></span> <span class='ocrx_word' id='word_1_540' title='bbox 2361 2880 2563 2935; x_wconf 70' lang='lat' dir='ltr'><strong>caedem</strong></span> <span class='ocrx_word' id='word_1_541' title='bbox 2628 2879 2697 2934; x_wconf 91' lang='lat' dir='ltr'><strong>ab</strong></span> <span class='ocrx_word' id='word_1_542' title='bbox 2738 2879 2952 2936; x_wconf 88' lang='lat' dir='ltr'><strong>llerode</strong></span> <span class='ocrx_word' id='word_1_543' title='bbox 3012 2880 3588 2950; x_wconf 68' lang='lat' dir='ltr'><strong>perpetratmu..Cum</strong></span> 
     </span>
    </p>
   </div>
   <div class='ocr_carea' id='block_1_76' title="bbox 2012 2968 3586 3040">
    <p class='ocr_par' dir='ltr' id='par_1_76' title="bbox 2012 2968 3586 3040">
     <span class='ocr_line' id='line_1_76' title="bbox 2012 2968 3586 3040; baseline 0.002 -19"><span class='ocrx_word' id='word_1_544' title='bbox 2012 2968 2174 3037; x_wconf 76' lang='lat' dir='ltr'><strong>igitur</strong></span> <span class='ocrx_word' id='word_1_545' title='bbox 2212 2969 2394 3023; x_wconf 89' lang='lat' dir='ltr'><strong>onmis</strong></span> <span class='ocrx_word' id='word_1_546' title='bbox 2432 2968 2486 3024; x_wconf 90' lang='lat' dir='ltr'><strong>in</strong></span> <span class='ocrx_word' id='word_1_547' title='bbox 2535 2969 2851 3025; x_wconf 87' lang='lat' dir='ltr'><strong>universum</strong></span> <span class='ocrx_word' id='word_1_548' title='bbox 2900 2972 3155 3040; x_wconf 72' lang='lat' dir='ltr'><strong>nequitia-</strong></span> <span class='ocrx_word' id='word_1_549' title='bbox 3195 2971 3277 3025; x_wconf 86' lang='lat' dir='ltr'><strong>vis</strong></span> <span class='ocrx_word' id='word_1_550' title='bbox 3308 2985 3374 3025; x_wconf 82' lang='lat' dir='ltr'><strong>ex</strong></span> <span class='ocrx_word' id='word_1_551' title='bbox 3424 2985 3586 3040; x_wconf 88' lang='lat' dir='ltr'><strong>prava</strong></span> 
     </span>
    </p>
   </div>
   <div class='ocr_carea' id='block_1_77' title="bbox 2013 3058 3590 3136">
    <p class='ocr_par' dir='ltr' id='par_1_77' title="bbox 2013 3058 3590 3136">
     <span class='ocr_line' id='line_1_77' title="bbox 2013 3058 3590 3136; baseline 0.001 -24"><span class='ocrx_word' id='word_1_552' title='bbox 2013 3058 2194 3114; x_wconf 82' lang='lat' dir='ltr'><strong>radice</strong></span> <span class='ocrx_word' id='word_1_553' title='bbox 2224 3059 2468 3126; x_wconf 78' lang='lat' dir='ltr'><strong>emersit,</strong></span> <span class='ocrx_word' id='word_1_554' title='bbox 2495 3060 2787 3129; x_wconf 83' lang='lat' dir='ltr'><strong>multisque</strong></span> <span class='ocrx_word' id='word_1_555' title='bbox 2822 3061 2999 3116; x_wconf 87' lang='lat' dir='ltr'><strong>modis</strong></span> <span class='ocrx_word' id='word_1_556' title='bbox 3036 3060 3283 3116; x_wconf 77' lang='lat' dir='ltr'><strong>excrevit</strong></span> <span class='ocrx_word' id='word_1_557' title='bbox 3313 3060 3366 3136; x_wconf 80' lang='lat' dir='ltr'><strong>in</strong></span> <span class='ocrx_word' id='word_1_558' title='bbox 3399 3059 3590 3114; x_wconf 89' lang='lat' dir='ltr'><strong>volun-</strong></span> 
     </span>
    </p>
   </div>
   <div class='ocr_carea' id='block_1_78' title="bbox 2010 3150 3585 3223">
    <p class='ocr_par' dir='ltr' id='par_1_78' title="bbox 2010 3150 3585 3223">
     <span class='ocr_line' id='line_1_78' title="bbox 2010 3150 3585 3223; baseline -0.001 -19"><span class='ocrx_word' id='word_1_559' title='bbox 2010 3151 2213 3206; x_wconf 90' lang='lat' dir='ltr'><strong>tatibus</strong></span> <span class='ocrx_word' id='word_1_560' title='bbox 2247 3167 2312 3207; x_wconf 89' lang='lat' dir='ltr'><strong>ac</strong></span> <span class='ocrx_word' id='word_1_561' title='bbox 2337 3152 2533 3207; x_wconf 89' lang='lat' dir='ltr'><strong>studiis</strong></span> <span class='ocrx_word' id='word_1_562' title='bbox 2559 3167 2656 3221; x_wconf 91' lang='lat' dir='ltr'><strong>per</strong></span> <span class='ocrx_word' id='word_1_563' title='bbox 2683 3166 3122 3221; x_wconf 87' lang='lat' dir='ltr'><strong>unamquamque</strong></span> <span class='ocrx_word' id='word_1_564' title='bbox 3155 3150 3585 3223; x_wconf 79' lang='lat' dir='ltr'><strong>generationem,</strong></span> 
     </span>
    </p>
   </div>
   <div class='ocr_carea' id='block_1_79' title="bbox 2012 3243 3592 3314">
    <p class='ocr_par' dir='ltr' id='par_1_79' title="bbox 2012 3243 3592 3314">
     <span class='ocr_line' id='line_1_79' title="bbox 2012 3243 3592 3314; baseline -0.001 -18"><span class='ocrx_word' id='word_1_565' title='bbox 2012 3243 2214 3298; x_wconf 90' lang='lat' dir='ltr'><strong>malitia</strong></span> <span class='ocrx_word' id='word_1_566' title='bbox 2256 3244 2564 3314; x_wconf 87' lang='lat' dir='ltr'><strong>promiscue</strong></span> <span class='ocrx_word' id='word_1_567' title='bbox 2606 3244 2957 3299; x_wconf 81' lang='lat' dir='ltr'><strong>luxuriante:</strong></span> <span class='ocrx_word' id='word_1_568' title='bbox 2991 3253 3102 3298; x_wconf 88' lang='lat' dir='ltr'><strong>tum</strong></span> <span class='ocrx_word' id='word_1_569' title='bbox 3157 3244 3399 3308; x_wconf 88' lang='lat' dir='ltr'><strong>demum,</strong></span> <span class='ocrx_word' id='word_1_570' title='bbox 3445 3244 3592 3298; x_wconf 81' lang='lat' dir='ltr'><strong>sicut</strong></span> 
     </span>
    </p>
   </div>
   <div class='ocr_carea' id='block_1_80' title="bbox 2008 3334 3589 3406">
    <p class='ocr_par' dir='ltr' id='par_1_80' title="bbox 2008 3334 3589 3406">
     <span class='ocr_line' id='line_1_80' title="bbox 2008 3334 3589 3406; baseline 0 -18"><span class='ocrx_word' id='word_1_571' title='bbox 2008 3334 2085 3388; x_wconf 87' lang='lat' dir='ltr'><strong>ait</strong></span> <span class='ocrx_word' id='word_1_572' title='bbox 2129 3337 2196 3388; x_wconf 89' lang='lat' dir='ltr'><strong>ad</strong></span> <span class='ocrx_word' id='word_1_573' title='bbox 2239 3334 2602 3390; x_wconf 76' lang='lat' dir='ltr'><strong>Atheuienses</strong></span> <span class='ocrx_word' id='word_1_574' title='bbox 2646 3335 2866 3400; x_wconf 81' lang='lat' dir='ltr'><strong>Paulus,</strong></span> <span class='ocrx_word' id='word_1_575' title='bbox 2910 3353 2930 3388; x_wconf 81' lang='grc' dir='ltr'><strong>ι</strong></span> <span class='ocrx_word' id='word_1_576' title='bbox 2975 3335 3297 3406; x_wconf 75' lang='lat' dir='ltr'><strong>Ignorantia:</strong></span> <span class='ocrx_word' id='word_1_577' title='bbox 3348 3346 3589 3404; x_wconf 77' lang='lat' dir='ltr'><strong>tempora</strong></span> 
     </span>
    </p>
   </div>
   <div class='ocr_carea' id='block_1_81' title="bbox 2009 3426 3583 3498">
    <p class='ocr_par' dir='ltr' id='par_1_81' title="bbox 2009 3426 3583 3498">
     <span class='ocr_line' id='line_1_81' title="bbox 2009 3426 3583 3498; baseline -0.002 -19"><span class='ocrx_word' id='word_1_578' title='bbox 2009 3426 2316 3497; x_wconf 85' lang='lat' dir='ltr'><strong>despiciens</strong></span> <span class='ocrx_word' id='word_1_579' title='bbox 2362 3426 2522 3493; x_wconf 87' lang='lat' dir='ltr'><strong>Deus,</strong></span> <span class='ocrx_word' id='word_1_580' title='bbox 2572 3426 2777 3482; x_wconf 90' lang='lat' dir='ltr'><strong>ultimis</strong></span> <span class='ocrx_word' id='word_1_581' title='bbox 2827 3427 3167 3498; x_wconf 88' lang='lat' dir='ltr'><strong>temporibus</strong></span> <span class='ocrx_word' id='word_1_582' title='bbox 3211 3426 3524 3493; x_wconf 81' lang='lat' dir='ltr'><strong>advenit&quot;;</strong></span> <span class='ocrx_word' id='word_1_583' title='bbox 3564 3445 3583 3476; x_wconf 75' lang='grc' dir='ltr'><strong>ι</strong></span> 
     </span>
    </p>
   </div>
   <div class='ocr_carea' id='block_1_82' title="bbox 2009 3521 3592 3592">
    <p class='ocr_par' dir='ltr' id='par_1_82' title="bbox 2009 3521 3592 3592">
     <span class='ocr_line' id='line_1_82' title="bbox 2009 3521 3592 3592; baseline -0.001 -17"><span class='ocrx_word' id='word_1_584' title='bbox 2009 3535 2135 3575; x_wconf 92' lang='lat' dir='ltr'><strong>cum</strong></span> <span class='ocrx_word' id='word_1_585' title='bbox 2179 3536 2285 3576; x_wconf 92' lang='lat' dir='ltr'><strong>non</strong></span> <span class='ocrx_word' id='word_1_586' title='bbox 2321 3531 2467 3575; x_wconf 89' lang='lat' dir='ltr'><strong>esset</strong></span> <span class='ocrx_word' id='word_1_587' title='bbox 2497 3522 2589 3591; x_wconf 90' lang='lat' dir='ltr'><strong>qui</strong></span> <span class='ocrx_word' id='word_1_588' title='bbox 2634 3521 2979 3592; x_wconf 78' lang='lat' dir='ltr'><strong>intelligeret,</strong></span> <span class='ocrx_word' id='word_1_589' title='bbox 3025 3537 3200 3592; x_wconf 89' lang='lat' dir='ltr'><strong>neque</strong></span> <span class='ocrx_word' id='word_1_590' title='bbox 3251 3521 3592 3576; x_wconf 84' lang='lat' dir='ltr'><strong>inveniretur</strong></span> 
     </span>
    </p>
   </div>
   <div class='ocr_carea' id='block_1_83' title="bbox 2009 3612 3592 3684">
    <p class='ocr_par' dir='ltr' id='par_1_83' title="bbox 2009 3612 3592 3684">
     <span class='ocr_line' id='line_1_83' title="bbox 2009 3612 3592 3684; baseline 0.001 -20"><span class='ocrx_word' id='word_1_591' title='bbox 2009 3612 2100 3681; x_wconf 73' lang='lat' dir='ltr'><strong>qui</strong></span> <span class='ocrx_word' id='word_1_592' title='bbox 2158 3624 2427 3680; x_wconf 67' lang='lat' dir='ltr'><strong>qumreret</strong></span> <span class='ocrx_word' id='word_1_593' title='bbox 2479 3612 2643 3668; x_wconf 90' lang='lat' dir='ltr'><strong>Deum</strong></span> <span class='ocrx_word' id='word_1_594' title='bbox 2689 3630 2705 3668; x_wconf 91' lang='lat'><strong>:</strong></span> <span class='ocrx_word' id='word_1_595' title='bbox 2747 3615 2966 3684; x_wconf 80' lang='lat' dir='ltr'><strong>quando</strong></span> <span class='ocrx_word' id='word_1_596' title='bbox 3013 3629 3204 3669; x_wconf 88' lang='lat' dir='ltr'><strong>omnes</strong></span> <span class='ocrx_word' id='word_1_597' title='bbox 3248 3613 3592 3669; x_wconf 88' lang='lat' dir='ltr'><strong>declinarant</strong></span> 
     </span>
    </p>
   </div>
   <div class='ocr_carea' id='block_1_84' title="bbox 2008 3691 3591 3777">
    <p class='ocr_par' dir='ltr' id='par_1_84' title="bbox 2008 3691 3591 3777">
     <span class='ocr_line' id='line_1_84' title="bbox 2008 3691 3591 3777; baseline -0.001 -18"><span class='ocrx_word' id='word_1_598' title='bbox 2008 3704 2276 3777; x_wconf 82' lang='lat' dir='ltr'><strong>simulque</strong></span> <span class='ocrx_word' id='word_1_599' title='bbox 2308 3704 2527 3759; x_wconf 89' lang='lat' dir='ltr'><strong>inutiles</strong></span> <span class='ocrx_word' id='word_1_600' title='bbox 2558 3704 2684 3758; x_wconf 84' lang='lat' dir='ltr'><strong>facti</strong></span> <span class='ocrx_word' id='word_1_601' title='bbox 2726 3716 2903 3768; x_wconf 86' lang='lat' dir='ltr'><strong>erant,</strong></span> <span class='ocrx_word' id='word_1_602' title='bbox 2932 3691 3152 3774; x_wconf 80' lang='lat' dir='ltr'><strong>quando</strong></span> <span class='ocrx_word' id='word_1_603' title='bbox 3184 3706 3367 3760; x_wconf 86' lang='lat' dir='ltr'><strong>omnia</strong></span> <span class='ocrx_word' id='word_1_604' title='bbox 3412 3704 3591 3773; x_wconf 88' lang='lat' dir='ltr'><strong>impli-</strong></span> 
     </span>
    </p>
   </div>
   <div class='ocr_carea' id='block_1_85' title="bbox 2009 3795 3585 3864">
    <p class='ocr_par' dir='ltr' id='par_1_85' title="bbox 2009 3795 3585 3864">
     <span class='ocr_line' id='line_1_85' title="bbox 2009 3795 3585 3864; baseline -0.005 -13"><span class='ocrx_word' id='word_1_605' title='bbox 2009 3806 2128 3851; x_wconf 89' lang='lat' dir='ltr'><strong>cata</strong></span> <span class='ocrx_word' id='word_1_606' title='bbox 2164 3796 2384 3851; x_wconf 88' lang='lat' dir='ltr'><strong>fuerunt</strong></span> <span class='ocrx_word' id='word_1_607' title='bbox 2428 3795 2652 3859; x_wconf 89' lang='lat' dir='ltr'><strong>malitia,</strong></span> <span class='ocrx_word' id='word_1_608' title='bbox 2696 3796 2912 3864; x_wconf 88' lang='lat' dir='ltr'><strong>quando</strong></span> <span class='ocrx_word' id='word_1_609' title='bbox 2943 3795 3237 3850; x_wconf 85' lang='lat' dir='ltr'><strong>abundavit</strong></span> <span class='ocrx_word' id='word_1_610' title='bbox 3277 3805 3585 3864; x_wconf 80' lang='lat' dir='ltr'><strong>peccatum,</strong></span> 
     </span>
    </p>
   </div>
   <div class='ocr_carea' id='block_1_86' title="bbox 2009 3884 3588 3955">
    <p class='ocr_par' dir='ltr' id='par_1_86' title="bbox 2009 3884 3588 3955">
     <span class='ocr_line' id='line_1_86' title="bbox 2009 3884 3588 3955; baseline -0.003 -14"><span class='ocrx_word' id='word_1_611' title='bbox 2009 3887 2224 3955; x_wconf 86' lang='lat' dir='ltr'><strong>quando</strong></span> <span class='ocrx_word' id='word_1_612' title='bbox 2275 3888 2342 3940; x_wconf 90' lang='lat' dir='ltr'><strong>ad</strong></span> <span class='ocrx_word' id='word_1_613' title='bbox 2396 3901 2664 3941; x_wconf 86' lang='lat' dir='ltr'><strong>summam</strong></span> <span class='ocrx_word' id='word_1_614' title='bbox 2733 3900 3041 3941; x_wconf 86' lang='lat' dir='ltr'><strong>mensuram</strong></span> <span class='ocrx_word' id='word_1_615' title='bbox 3097 3886 3352 3954; x_wconf 75' lang='lat' dir='ltr'><strong>nequitia:</strong></span> <span class='ocrx_word' id='word_1_616' title='bbox 3411 3884 3588 3954; x_wconf 79' lang='lat' dir='ltr'><strong>Caligo</strong></span> 
     </span>
    </p>
   </div>
   <div class='ocr_carea' id='block_1_87' title="bbox 2009 3974 3586 4045">
    <p class='ocr_par' dir='ltr' id='par_1_87' title="bbox 2009 3974 3586 4045">
     <span class='ocr_line' id='line_1_87' title="bbox 2009 3974 3586 4045; baseline -0.002 -14"><span class='ocrx_word' id='word_1_617' title='bbox 2009 3976 2253 4031; x_wconf 81' lang='lat' dir='ltr'><strong>excrevit</strong></span> <span class='ocrx_word' id='word_1_618' title='bbox 2283 3988 2302 4030; x_wconf 94' lang='lat'><strong>:</strong></span> <span class='ocrx_word' id='word_1_619' title='bbox 2329 3984 2478 4040; x_wconf 88' lang='lat' dir='ltr'><strong>tunc,</strong></span> <span class='ocrx_word' id='word_1_620' title='bbox 2514 3975 2751 4043; x_wconf 88' lang='lat' dir='ltr'><strong>inquam,</strong></span> <span class='ocrx_word' id='word_1_621' title='bbox 2790 3974 3045 4044; x_wconf 85' lang='lat' dir='ltr'><strong>apparuit</strong></span> <span class='ocrx_word' id='word_1_622' title='bbox 3080 3975 3276 4045; x_wconf 72' lang='lat' dir='ltr'><strong>gratia,</strong></span> <span class='ocrx_word' id='word_1_623' title='bbox 3317 3984 3447 4029; x_wconf 90' lang='lat' dir='ltr'><strong>tunc</strong></span> <span class='ocrx_word' id='word_1_624' title='bbox 3472 3977 3586 4028; x_wconf 83' lang='lat' dir='ltr'><strong>veri</strong></span> 
     </span>
    </p>
   </div>
   <div class='ocr_carea' id='block_1_88' title="bbox 2011 4066 3588 4137">
    <p class='ocr_par' dir='ltr' id='par_1_88' title="bbox 2011 4066 3588 4137">
     <span class='ocr_line' id='line_1_88' title="bbox 2011 4066 3588 4137; baseline 0 -14"><span class='ocrx_word' id='word_1_625' title='bbox 2011 4068 2231 4123; x_wconf 88' lang='lat' dir='ltr'><strong>luminis</strong></span> <span class='ocrx_word' id='word_1_626' title='bbox 2258 4070 2444 4124; x_wconf 84' lang='lat' dir='ltr'><strong>radius</strong></span> <span class='ocrx_word' id='word_1_627' title='bbox 2469 4066 2692 4133; x_wconf 90' lang='lat' dir='ltr'><strong>effulsit,</strong></span> <span class='ocrx_word' id='word_1_628' title='bbox 2724 4077 2851 4123; x_wconf 92' lang='lat' dir='ltr'><strong>tunc</strong></span> <span class='ocrx_word' id='word_1_629' title='bbox 2882 4076 3105 4123; x_wconf 84' lang='lat' dir='ltr'><strong>exortus</strong></span> <span class='ocrx_word' id='word_1_630' title='bbox 3132 4078 3213 4123; x_wconf 86' lang='lat' dir='ltr'><strong>est</strong></span> <span class='ocrx_word' id='word_1_631' title='bbox 3242 4068 3334 4124; x_wconf 89' lang='lat' dir='ltr'><strong>Sol</strong></span> <span class='ocrx_word' id='word_1_632' title='bbox 3360 4068 3588 4137; x_wconf 67' lang='lat' dir='ltr'><strong>justitite</strong></span> 
     </span>
    </p>
   </div>
   <div class='ocr_carea' id='block_1_89' title="bbox 2010 4160 3588 4231">
    <p class='ocr_par' dir='ltr' id='par_1_89' title="bbox 2010 4160 3588 4231">
     <span class='ocr_line' id='line_1_89' title="bbox 2010 4160 3588 4231; baseline 0.001 -14"><span class='ocrx_word' id='word_1_633' title='bbox 2010 4163 2079 4217; x_wconf 91' lang='lat' dir='ltr'><strong>iis</strong></span> <span class='ocrx_word' id='word_1_634' title='bbox 2106 4160 2197 4231; x_wconf 90' lang='lat' dir='ltr'><strong>qui</strong></span> <span class='ocrx_word' id='word_1_635' title='bbox 2242 4161 2297 4215; x_wconf 93' lang='lat' dir='ltr'><strong>in</strong></span> <span class='ocrx_word' id='word_1_636' title='bbox 2351 4161 2589 4216; x_wconf 85' lang='lat' dir='ltr'><strong>tenebris</strong></span> <span class='ocrx_word' id='word_1_637' title='bbox 2620 4173 2785 4231; x_wconf 87' lang='lat' dir='ltr'><strong>atque</strong></span> <span class='ocrx_word' id='word_1_638' title='bbox 2816 4162 2871 4217; x_wconf 92' lang='lat' dir='ltr'><strong>in</strong></span> <span class='ocrx_word' id='word_1_639' title='bbox 2903 4163 3092 4218; x_wconf 90' lang='lat' dir='ltr'><strong>umbra</strong></span> <span class='ocrx_word' id='word_1_640' title='bbox 3123 4163 3424 4228; x_wconf 82' lang='lat' dir='ltr'><strong>sedebant,</strong></span> <span class='ocrx_word' id='word_1_641' title='bbox 3460 4170 3588 4219; x_wconf 89' lang='lat' dir='ltr'><strong>tunc</strong></span> 
     </span>
    </p>
   </div>
   <div class='ocr_carea' id='block_1_90' title="bbox 2012 4252 3589 4326">
    <p class='ocr_par' dir='ltr' id='par_1_90' title="bbox 2012 4252 3589 4326">
     <span class='ocr_line' id='line_1_90' title="bbox 2012 4252 3589 4326; baseline -0.001 -17"><span class='ocrx_word' id='word_1_642' title='bbox 2012 4254 2178 4309; x_wconf 87' lang='lat' dir='ltr'><strong>multa</strong></span> <span class='ocrx_word' id='word_1_643' title='bbox 2222 4253 2403 4323; x_wconf 88' lang='lat' dir='ltr'><strong>capita</strong></span> <span class='ocrx_word' id='word_1_644' title='bbox 2439 4252 2697 4308; x_wconf 90' lang='lat' dir='ltr'><strong>draconis</strong></span> <span class='ocrx_word' id='word_1_645' title='bbox 2741 4253 3022 4320; x_wconf 82' lang='lat' dir='ltr'><strong>contrivit,</strong></span> <span class='ocrx_word' id='word_1_646' title='bbox 3058 4254 3192 4326; x_wconf 89' lang='lat' dir='ltr'><strong>pede</strong></span> <span class='ocrx_word' id='word_1_647' title='bbox 3243 4254 3333 4309; x_wconf 90' lang='lat' dir='ltr'><strong>illa</strong></span> <span class='ocrx_word' id='word_1_648' title='bbox 3368 4254 3589 4324; x_wconf 86' lang='lat' dir='ltr'><strong>procul-</strong></span> 
     </span>
    </p>
   </div>
   <div class='ocr_carea' id='block_1_91' title="bbox 2011 4345 3589 4418">
    <p class='ocr_par' dir='ltr' id='par_1_91' title="bbox 2011 4345 3589 4418">
     <span class='ocr_line' id='line_1_91' title="bbox 2011 4345 3589 4418; baseline 0.001 -17"><span class='ocrx_word' id='word_1_649' title='bbox 2011 4361 2146 4401; x_wconf 89' lang='lat' dir='ltr'><strong>cans</strong></span> <span class='ocrx_word' id='word_1_650' title='bbox 2183 4361 2278 4415; x_wconf 87' lang='lat' dir='ltr'><strong>per</strong></span> <span class='ocrx_word' id='word_1_651' title='bbox 2303 4345 2599 4401; x_wconf 87' lang='lat' dir='ltr'><strong>humanam</strong></span> <span class='ocrx_word' id='word_1_652' title='bbox 2647 4360 2890 4410; x_wconf 83' lang='lat' dir='ltr'><strong>carnem,</strong></span> <span class='ocrx_word' id='word_1_653' title='bbox 2927 4355 3195 4418; x_wconf 73' lang='lat' dir='ltr'><strong>terraeque</strong></span> <span class='ocrx_word' id='word_1_654' title='bbox 3235 4347 3388 4403; x_wconf 80' lang='lat' dir='ltr'><strong>illisit</strong></span> <span class='ocrx_word' id='word_1_655' title='bbox 3426 4356 3589 4417; x_wconf 87' lang='lat' dir='ltr'><strong>atque</strong></span> 
     </span>
    </p>
   </div>
   <div class='ocr_carea' id='block_1_92' title="bbox 333 4423 1901 4527">
    <p class='ocr_par' dir='ltr' id='par_1_92' title="bbox 333 4423 1901 4500">
     <span class='ocr_line' id='line_1_92' title="bbox 333 4423 1901 4500; baseline -0.006 -17"><span class='ocrx_word' id='word_1_656' title='bbox 333 4429 428 4483; x_wconf 75' lang='grc' dir='ltr'>καὶ</span> <span class='ocrx_word' id='word_1_657' title='bbox 446 4429 862 4500; x_wconf 70' lang='grc' dir='ltr'>καταπατήσας.</span> <span class='ocrx_word' id='word_1_658' title='bbox 894 4428 1004 4481; x_wconf 78' lang='grc' dir='ltr'><strong>Καὶ</strong></span> <span class='ocrx_word' id='word_1_659' title='bbox 1026 4426 1216 4499; x_wconf 73' lang='grc' dir='ltr'>μηδεὶς</span> <span class='ocrx_word' id='word_1_660' title='bbox 1243 4424 1381 4497; x_wconf 87' lang='grc' dir='ltr'>πρὸς</span> <span class='ocrx_word' id='word_1_661' title='bbox 1402 4425 1471 4479; x_wconf 72' lang='grc' dir='ltr'>τὰ</span> <span class='ocrx_word' id='word_1_662' title='bbox 1499 4424 1594 4477; x_wconf 89' lang='grc' dir='ltr'><strong>νῦν</strong></span> <span class='ocrx_word' id='word_1_663' title='bbox 1610 4424 1679 4477; x_wconf 74' lang='grc' dir='ltr'><strong>’ὲν</strong></span> <span class='ocrx_word' id='word_1_664' title='bbox 1700 4423 1779 4494; x_wconf 80' lang='grc' dir='ltr'>τῷ</span> <span class='ocrx_word' id='word_1_665' title='bbox 1809 4423 1901 4495; x_wconf 80' lang='grc' dir='ltr'>βίῳ</span> 
     </span>
    </p>
   </div>
   <div class='ocr_carea' id='block_1_93' title="bbox 2008 4423 3589 4527">
    <p class='ocr_par' dir='ltr' id='par_1_93' title="bbox 2012 4436 3589 4510">
     <span class='ocr_line' id='line_1_93' title="bbox 2012 4436 3589 4510; baseline 0.002 -18"><span class='ocrx_word' id='word_1_666' title='bbox 2012 4437 2284 4508; x_wconf 83' lang='lat' dir='ltr'><strong>protrivit.</strong></span> <span class='ocrx_word' id='word_1_667' title='bbox 2337 4436 2523 4509; x_wconf 84' lang='lat' dir='ltr'><strong>Neque</strong></span> <span class='ocrx_word' id='word_1_668' title='bbox 2569 4453 2697 4494; x_wconf 88' lang='lat' dir='ltr'><strong>vero</strong></span> <span class='ocrx_word' id='word_1_669' title='bbox 2742 4439 3008 4509; x_wconf 87' lang='lat' dir='ltr'><strong>quispiam</strong></span> <span class='ocrx_word' id='word_1_670' title='bbox 3073 4440 3126 4493; x_wconf 88' lang='lat' dir='ltr'><strong>in</strong></span> <span class='ocrx_word' id='word_1_671' title='bbox 3171 4440 3419 4510; x_wconf 69' lang='lat' dir='ltr'><strong>prmsenti</strong></span> <span class='ocrx_word' id='word_1_672' title='bbox 3464 4441 3589 4495; x_wconf 85' lang='lat' dir='ltr'><strong>vitae</strong></span> 
     </span>
    </p>
   </div>
   <div class='ocr_carea' id='block_1_94' title="bbox 334 4516 1908 4590">
    <p class='ocr_par' dir='ltr' id='par_1_94' title="bbox 334 4516 1908 4590">
     <span class='ocr_line' id='line_1_94' title="bbox 334 4516 1908 4590; baseline -0.004 -16"><span class='ocrx_word' id='word_1_673' title='bbox 334 4519 767 4589; x_wconf 76' lang='grc' dir='ltr'>καταψεύδεσθαι</span> <span class='ocrx_word' id='word_1_674' title='bbox 799 4518 1066 4590; x_wconf 77' lang='grc' dir='ltr'>νομιζέτω</span> <span class='ocrx_word' id='word_1_675' title='bbox 1107 4519 1197 4573; x_wconf 85' lang='grc' dir='ltr'><strong>τὸν</strong></span> <span class='ocrx_word' id='word_1_676' title='bbox 1226 4516 1405 4585; x_wconf 85' lang='grc' dir='ltr'>λόγον,</span> <span class='ocrx_word' id='word_1_677' title='bbox 1438 4516 1558 4569; x_wconf 83' lang='grc' dir='ltr'>καθ’</span> <span class='ocrx_word' id='word_1_678' title='bbox 1586 4516 1645 4570; x_wconf 83' lang='grc' dir='ltr'>ὃν</span> <span class='ocrx_word' id='word_1_679' title='bbox 1691 4518 1749 4569; x_wconf 83' lang='grc' dir='ltr'>ὲν</span> <span class='ocrx_word' id='word_1_680' title='bbox 1797 4518 1908 4579; x_wconf 74' lang='grc' dir='ltr'>τοῖς</span> 
     </span>
    </p>
   </div>
   <div class='ocr_carea' id='block_1_95' title="bbox 332 4609 1912 4683">
    <p class='ocr_par' dir='ltr' id='par_1_95' title="bbox 332 4609 1912 4683">
     <span class='ocr_line' id='line_1_95' title="bbox 332 4609 1912 4683; baseline -0.001 -17"><span class='ocrx_word' id='word_1_681' title='bbox 332 4612 662 4675; x_wconf 84' lang='grc' dir='ltr'>τελευταίοις</span> <span class='ocrx_word' id='word_1_682' title='bbox 709 4612 923 4683; x_wconf 81' lang='grc' dir='ltr'>χρόνοις</span> <span class='ocrx_word' id='word_1_683' title='bbox 976 4613 1157 4682; x_wconf 82' lang='grc' dir='ltr'>φαμὲν</span> <span class='ocrx_word' id='word_1_684' title='bbox 1207 4611 1510 4683; x_wconf 75' lang='grc' dir='ltr'>ἐπιλάμψαι</span> <span class='ocrx_word' id='word_1_685' title='bbox 1560 4609 1638 4682; x_wconf 80' lang='grc' dir='ltr'>τῷ</span> <span class='ocrx_word' id='word_1_686' title='bbox 1682 4610 1784 4682; x_wconf 82' lang='grc' dir='ltr'><strong>βίῳ</strong></span> <span class='ocrx_word' id='word_1_687' title='bbox 1820 4614 1912 4664; x_wconf 84' lang='grc' dir='ltr'><strong>τὸν</strong></span> 
     </span>
    </p>
   </div>
   <div class='ocr_carea' id='block_1_96' title="bbox 334 4702 1911 4776">
    <p class='ocr_par' dir='ltr' id='par_1_96' title="bbox 334 4702 1911 4776">
     <span class='ocr_line' id='line_1_96' title="bbox 334 4702 1911 4776; baseline -0.001 -18"><span class='ocrx_word' id='word_1_688' title='bbox 334 4704 557 4775; x_wconf 82' lang='grc' dir='ltr'>Κύριον.</span> <span class='ocrx_word' id='word_1_689' title='bbox 586 4705 734 4776; x_wconf 84' lang='grc' dir='ltr'>Ἐρεῖ</span> <span class='ocrx_word' id='word_1_690' title='bbox 769 4703 877 4775; x_wconf 85' lang='grc' dir='ltr'><strong>γὰρ</strong></span> <span class='ocrx_word' id='word_1_691' title='bbox 906 4704 935 4756; x_wconf 92' lang='lat'><strong>6</strong></span> <span class='ocrx_word' id='word_1_692' title='bbox 961 4704 1260 4773; x_wconf 85' lang='grc' dir='ltr'>ἀντιλέγων</span> <span class='ocrx_word' id='word_1_693' title='bbox 1291 4705 1454 4775; x_wconf 89' lang='grc' dir='ltr'>τυχὸν</span> <span class='ocrx_word' id='word_1_694' title='bbox 1473 4743 1489 4769; x_wconf 93' lang='grc'>,</span> <span class='ocrx_word' id='word_1_695' title='bbox 1529 4704 1611 4757; x_wconf 89' lang='grc' dir='ltr'>ὃτι</span> <span class='ocrx_word' id='word_1_696' title='bbox 1644 4702 1749 4757; x_wconf 91' lang='grc' dir='ltr'>Τὸν</span> <span class='ocrx_word' id='word_1_697' title='bbox 1778 4703 1911 4757; x_wconf 87' lang='grc' dir='ltr'>ἁνα-</span> 
     </span>
    </p>
   </div>
   <div class='ocr_carea' id='block_1_97' title="bbox 335 4794 1910 4868">
    <p class='ocr_par' dir='ltr' id='par_1_97' title="bbox 335 4794 1910 4868">
     <span class='ocr_line' id='line_1_97' title="bbox 335 4794 1910 4868; baseline -0.001 -18"><span class='ocrx_word' id='word_1_698' title='bbox 335 4797 588 4868; x_wconf 88' lang='grc' dir='ltr'>μείνοντα</span> <span class='ocrx_word' id='word_1_699' title='bbox 623 4798 751 4860; x_wconf 76' lang='grc' dir='ltr'>τοὺς</span> <span class='ocrx_word' id='word_1_700' title='bbox 798 4800 1019 4867; x_wconf 83' lang='grc' dir='ltr'>χρόνους</span> <span class='ocrx_word' id='word_1_701' title='bbox 1065 4795 1202 4866; x_wconf 86' lang='grc' dir='ltr'>πρὸς</span> <span class='ocrx_word' id='word_1_702' title='bbox 1230 4796 1329 4866; x_wconf 79' lang='grc' dir='ltr'>τὴν</span> <span class='ocrx_word' id='word_1_703' title='bbox 1379 4798 1477 4866; x_wconf 83' lang='grc' dir='ltr'>τῆς</span> <span class='ocrx_word' id='word_1_704' title='bbox 1514 4796 1715 4860; x_wconf 86' lang='grc' dir='ltr'>κακίας</span> <span class='ocrx_word' id='word_1_705' title='bbox 1744 4794 1910 4865; x_wconf 81' lang='grc' dir='ltr'>φανέ-</span> 
     </span>
    </p>
   </div>
   <div class='ocr_carea' id='block_1_98' title="bbox 333 4886 1909 4959">
    <p class='ocr_par' dir='ltr' id='par_1_98' title="bbox 333 4886 1909 4959">
     <span class='ocr_line' id='line_1_98' title="bbox 333 4886 1909 4959; baseline -0.001 -18"><span class='ocrx_word' id='word_1_706' title='bbox 333 4904 526 4959; x_wconf 90' lang='grc' dir='ltr'>ρωσιν,</span> <span class='ocrx_word' id='word_1_707' title='bbox 574 4887 723 4952; x_wconf 80' lang='grc' dir='ltr'>ὅπως</span> <span class='ocrx_word' id='word_1_708' title='bbox 752 4888 921 4958; x_wconf 80' lang='grc' dir='ltr'>αὐτὴν</span> <span class='ocrx_word' id='word_1_709' title='bbox 949 4886 1278 4957; x_wconf 82' lang='grc' dir='ltr'>αὺξηθεῖσαν</span> <span class='ocrx_word' id='word_1_710' title='bbox 1319 4886 1497 4959; x_wconf 71' lang='grc' dir='ltr'>ἐξέλῃ,</span> <span class='ocrx_word' id='word_1_711' title='bbox 1538 4888 1909 4959; x_wconf 72' lang='grc' dir='ltr'>προθέλυμνόν</span> 
     </span>
    </p>
   </div>
   <div class='ocr_carea' id='block_1_99' title="bbox 332 4977 1905 5051">
    <p class='ocr_par' dir='ltr' id='par_1_99' title="bbox 332 4977 1905 5051">
     <span class='ocr_line' id='line_1_99' title="bbox 332 4977 1905 5051; baseline -0.001 -19"><span class='ocrx_word' id='word_1_712' title='bbox 332 4980 515 5032; x_wconf 82' lang='grc' dir='ltr'>πᾶσαν</span> <span class='ocrx_word' id='word_1_713' title='bbox 530 4979 699 5051; x_wconf 75' lang='grc' dir='ltr'>αὐτὴν</span> <span class='ocrx_word' id='word_1_714' title='bbox 716 4977 863 5042; x_wconf 79' lang='grc' dir='ltr'>εἰκὸς</span> <span class='ocrx_word' id='word_1_715' title='bbox 879 4979 1232 5051; x_wconf 77' lang='grc' dir='ltr'>ἀνῃρηκέναι,</span> <span class='ocrx_word' id='word_1_716' title='bbox 1245 4977 1320 5043; x_wconf 84' lang='grc' dir='ltr'>ὡς</span> <span class='ocrx_word' id='word_1_717' title='bbox 1341 4977 1502 5048; x_wconf 80' lang='grc' dir='ltr'>μηδὲν</span> <span class='ocrx_word' id='word_1_718' title='bbox 1515 4980 1683 5050; x_wconf 77' lang='grc' dir='ltr'>αὐτῆς</span> <span class='ocrx_word' id='word_1_719' title='bbox 1694 4979 1905 5033; x_wconf 82' lang='grc' dir='ltr'>ὑπολει-</span> 
     </span>
    </p>
   </div>
   <div class='ocr_carea' id='block_1_100' title="bbox 333 5063 1907 5140">
    <p class='ocr_par' dir='ltr' id='par_1_100' title="bbox 333 5063 1907 5140">
     <span class='ocr_line' id='line_1_100' title="bbox 333 5063 1907 5140; baseline 0 -19"><span class='ocrx_word' id='word_1_720' title='bbox 333 5067 537 5140; x_wconf 76' lang='grc' dir='ltr'>φθῆναι</span> <span class='ocrx_word' id='word_1_721' title='bbox 566 5067 645 5139; x_wconf 80' lang='grc' dir='ltr'>τῷ</span> <span class='ocrx_word' id='word_1_722' title='bbox 670 5068 770 5140; x_wconf 80' lang='grc' dir='ltr'><strong>βίῳ</strong></span> <span class='ocrx_word' id='word_1_723' title='bbox 783 5067 1034 5137; x_wconf 76' lang='grc' dir='ltr'>λείψανον</span> <span class='ocrx_word' id='word_1_724' title='bbox 1052 5084 1067 5099; x_wconf 71' lang='grc'><strong><em>⁸</em></strong></span> <span class='ocrx_word' id='word_1_725' title='bbox 1089 5063 1208 5121; x_wconf 79' lang='grc' dir='ltr'>νυνὶ</span> <span class='ocrx_word' id='word_1_726' title='bbox 1220 5066 1276 5120; x_wconf 77' lang='grc' dir='ltr'>δὲ</span> <span class='ocrx_word' id='word_1_727' title='bbox 1294 5067 1462 5135; x_wconf 84' lang='grc' dir='ltr'>φόνοι,</span> <span class='ocrx_word' id='word_1_728' title='bbox 1475 5068 1569 5120; x_wconf 75' lang='grc' dir='ltr'>καὶ</span> <span class='ocrx_word' id='word_1_729' title='bbox 1584 5069 1799 5132; x_wconf 77' lang='grc' dir='ltr'>κλοπαὶ,</span> <span class='ocrx_word' id='word_1_730' title='bbox 1814 5068 1907 5121; x_wconf 75' lang='grc' dir='ltr'>καὶ</span> 
     </span>
    </p>
   </div>
   <div class='ocr_carea' id='block_1_101' title="bbox 339 5158 1911 5232">
    <p class='ocr_par' dir='ltr' id='par_1_101' title="bbox 339 5158 1911 5232">
     <span class='ocr_line' id='line_1_101' title="bbox 339 5158 1911 5232; baseline -0.001 -18"><span class='ocrx_word' id='word_1_731' title='bbox 339 5162 600 5232; x_wconf 88' lang='grc' dir='ltr'>μοιχεῖαι,</span> <span class='ocrx_word' id='word_1_732' title='bbox 630 5162 726 5215; x_wconf 73' lang='grc' dir='ltr'><strong>καὶ</strong></span> <span class='ocrx_word' id='word_1_733' title='bbox 754 5160 934 5215; x_wconf 83' lang='grc' dir='ltr'>πάντα</span> <span class='ocrx_word' id='word_1_734' title='bbox 960 5158 1225 5231; x_wconf 83' lang='grc' dir='ltr'>τολμᾶται</span> <span class='ocrx_word' id='word_1_735' title='bbox 1254 5159 1337 5214; x_wconf 86' lang='grc' dir='ltr'>τά’</span> <span class='ocrx_word' id='word_1_736' title='bbox 1364 5159 1727 5230; x_wconf 85' lang='grc' dir='ltr'>πονηρότατα.</span> <span class='ocrx_word' id='word_1_737' title='bbox 1771 5159 1911 5213; x_wconf 75' lang='grc' dir='ltr'>Ἀλλ’</span> 
     </span>
    </p>
   </div>
   <div class='ocr_carea' id='block_1_102' title="bbox 332 5251 1912 5329">
    <p class='ocr_par' dir='ltr' id='par_1_102' title="bbox 332 5251 1912 5329">
     <span class='ocr_line' id='line_1_102' title="bbox 332 5251 1912 5329; baseline -0.006 -17"><span class='ocrx_word' id='word_1_738' title='bbox 332 5260 363 5312; x_wconf 83' lang='lat'><strong>6</strong></span> <span class='ocrx_word' id='word_1_739' title='bbox 392 5258 529 5329; x_wconf 85' lang='grc' dir='ltr'>πρὸς</span> <span class='ocrx_word' id='word_1_740' title='bbox 555 5256 713 5311; x_wconf 91' lang='grc' dir='ltr'>τοῦτο</span> <span class='ocrx_word' id='word_1_741' title='bbox 743 5255 977 5327; x_wconf 84' lang='grc' dir='ltr'>βλέπων,</span> <span class='ocrx_word' id='word_1_742' title='bbox 1031 5253 1387 5326; x_wconf 86' lang='grc' dir='ltr'>ὑποδείγματί</span> <span class='ocrx_word' id='word_1_743' title='bbox 1427 5269 1533 5306; x_wconf 90' lang='grc' dir='ltr'>τινι</span> <span class='ocrx_word' id='word_1_744' title='bbox 1563 5251 1670 5306; x_wconf 87' lang='grc' dir='ltr'><strong>τῶν</strong></span> <span class='ocrx_word' id='word_1_745' title='bbox 1711 5251 1912 5322; x_wconf 88' lang='grc' dir='ltr'>γνωρί-</span> 
     </span>
    </p>
   </div>
   <div class='ocr_carea' id='block_1_103' title="bbox 337 5344 1910 5420">
    <p class='ocr_par' dir='ltr' id='par_1_103' title="bbox 337 5344 1910 5420">
     <span class='ocr_line' id='line_1_103' title="bbox 337 5344 1910 5420; baseline -0.003 -19"><span class='ocrx_word' id='word_1_746' title='bbox 337 5366 454 5420; x_wconf 88' lang='grc' dir='ltr'><strong>μων</strong></span> <span class='ocrx_word' id='word_1_747' title='bbox 482 5347 580 5419; x_wconf 76' lang='grc' dir='ltr'><strong>τὴν</strong></span> <span class='ocrx_word' id='word_1_748' title='bbox 611 5348 740 5419; x_wconf 71' lang='grc' dir='ltr'>περὶ</span> <span class='ocrx_word' id='word_1_749' title='bbox 785 5346 990 5401; x_wconf 83' lang='grc' dir='ltr'>τούτων</span> <span class='ocrx_word' id='word_1_750' title='bbox 1038 5345 1369 5419; x_wconf 77' lang='grc' dir='ltr'>ἀμφιϐολίαν</span> <span class='ocrx_word' id='word_1_751' title='bbox 1412 5344 1646 5399; x_wconf 88' lang='grc' dir='ltr'>λυσάτω.</span> <span class='ocrx_word' id='word_1_752' title='bbox 1700 5345 1910 5415; x_wconf 84' lang='grc' dir='ltr'>Ὥσπερ</span> 
     </span>
    </p>
   </div>
   <div class='ocr_carea' id='block_1_104' title="bbox 331 5437 1911 5511">
    <p class='ocr_par' dir='ltr' id='par_1_104' title="bbox 331 5437 1911 5511">
     <span class='ocr_line' id='line_1_104' title="bbox 331 5437 1911 5511; baseline -0.003 -17"><span class='ocrx_word' id='word_1_753' title='bbox 331 5439 442 5511; x_wconf 83' lang='grc' dir='ltr'><strong>γὰρ</strong></span> <span class='ocrx_word' id='word_1_754' title='bbox 475 5440 601 5493; x_wconf 86' lang='grc' dir='ltr'><strong>ίδείν</strong></span> <span class='ocrx_word' id='word_1_755' title='bbox 631 5439 745 5493; x_wconf 76' lang='grc' dir='ltr'>ἐστι</span> <span class='ocrx_word' id='word_1_756' title='bbox 775 5438 870 5493; x_wconf 75' lang='grc' dir='ltr'><strong>ἐπὶ</strong></span> <span class='ocrx_word' id='word_1_757' title='bbox 897 5439 996 5510; x_wconf 86' lang='grc' dir='ltr'>τῆς</span> <span class='ocrx_word' id='word_1_758' title='bbox 1025 5438 1133 5492; x_wconf 83' lang='grc' dir='ltr'><strong>τῶν</strong></span> <span class='ocrx_word' id='word_1_759' title='bbox 1162 5437 1408 5510; x_wconf 79' lang='grc' dir='ltr'>ἑρπετῶν</span> <span class='ocrx_word' id='word_1_760' title='bbox 1434 5437 1786 5506; x_wconf 84' lang='grc' dir='ltr'>ἀναιρέσεως,</span> <span class='ocrx_word' id='word_1_761' title='bbox 1812 5437 1911 5490; x_wconf 74' lang='grc' dir='ltr'>οὐκ</span> 
     </span>
    </p>
   </div>
   <div class='ocr_carea' id='block_1_105' title="bbox 331 5527 1911 5602">
    <p class='ocr_par' dir='ltr' id='par_1_105' title="bbox 331 5527 1911 5602">
     <span class='ocr_line' id='line_1_105' title="bbox 331 5527 1911 5602; baseline -0.003 -18"><span class='ocrx_word' id='word_1_762' title='bbox 331 5530 493 5594; x_wconf 72' lang='grc' dir='ltr'>εὐθὺς</span> <span class='ocrx_word' id='word_1_763' title='bbox 538 5532 605 5602; x_wconf 80' lang='grc' dir='ltr'>τῇ</span> <span class='ocrx_word' id='word_1_764' title='bbox 653 5531 865 5602; x_wconf 80' lang='grc' dir='ltr'>κεφαλῇ</span> <span class='ocrx_word' id='word_1_765' title='bbox 915 5530 1006 5585; x_wconf 91' lang='grc' dir='ltr'><strong>τὸν</strong></span> <span class='ocrx_word' id='word_1_766' title='bbox 1049 5529 1204 5584; x_wconf 85' lang='grc' dir='ltr'>ὃλκον</span> <span class='ocrx_word' id='word_1_767' title='bbox 1254 5527 1761 5600; x_wconf 81' lang='grc' dir='ltr'>συγκεκρουμένων,</span> <span class='ocrx_word' id='word_1_768' title='bbox 1794 5527 1911 5583; x_wconf 82' lang='grc' dir='ltr'>ἀλλ’</span> 
     </span>
    </p>
   </div>
   <div class='ocr_carea' id='block_1_106' title="bbox 405 5705 878 5771">
    <p class='ocr_par' dir='ltr' id='par_1_106' title="bbox 405 5705 878 5771">
     <span class='ocr_line' id='line_1_106' title="bbox 405 5705 878 5771; baseline 0.011 -14"><span class='ocrx_word' id='word_1_769' title='bbox 405 5705 452 5741; x_wconf 81' lang='grc'><strong>⁷⁸</strong></span> <span class='ocrx_word' id='word_1_770' title='bbox 473 5706 591 5761; x_wconf 79' lang='lat' dir='ltr'><strong>Act.</strong></span> <span class='ocrx_word' id='word_1_771' title='bbox 630 5721 758 5771; x_wconf 79' lang='lat' dir='ltr'><strong>xvn,</strong></span> <span class='ocrx_word' id='word_1_772' title='bbox 788 5706 878 5762; x_wconf 74' lang='lat'><strong>30.</strong></span> 
     </span>
    </p>
   </div>
   <div class='ocr_carea' id='block_1_107' title="bbox 2012 4529 3589 4601">
    <p class='ocr_par' dir='ltr' id='par_1_107' title="bbox 2012 4529 3589 4601">
     <span class='ocr_line' id='line_1_107' title="bbox 2012 4529 3589 4601; baseline -0.002 -15"><span class='ocrx_word' id='word_1_773' title='bbox 2012 4539 2155 4586; x_wconf 88' lang='lat' dir='ltr'><strong>statu</strong></span> <span class='ocrx_word' id='word_1_774' title='bbox 2205 4543 2514 4585; x_wconf 85' lang='lat' dir='ltr'><strong>sermonem</strong></span> <span class='ocrx_word' id='word_1_775' title='bbox 2560 4529 2706 4585; x_wconf 84' lang='lat' dir='ltr'><strong>hunc</strong></span> <span class='ocrx_word' id='word_1_776' title='bbox 2750 4530 2965 4585; x_wconf 83' lang='lat' dir='ltr'><strong>veritati</strong></span> <span class='ocrx_word' id='word_1_777' title='bbox 3014 4538 3317 4601; x_wconf 73' lang='lat' dir='ltr'><strong>repugnare</strong></span> <span class='ocrx_word' id='word_1_778' title='bbox 3357 4532 3589 4587; x_wconf 82' lang='lat' dir='ltr'><strong>arbitre-</strong></span> 
     </span>
    </p>
   </div>
   <div class='ocr_carea' id='block_1_108' title="bbox 2013 4618 3589 4686">
    <p class='ocr_par' dir='ltr' id='par_1_108' title="bbox 2013 4618 3589 4686">
     <span class='ocr_line' id='line_1_108' title="bbox 2013 4618 3589 4686; baseline -0.002 -12"><span class='ocrx_word' id='word_1_779' title='bbox 2013 4631 2121 4686; x_wconf 91' lang='lat' dir='ltr'><strong>tur,</strong></span> <span class='ocrx_word' id='word_1_780' title='bbox 2149 4628 2258 4685; x_wconf 71' lang='lat' dir='ltr'><strong>Quo</strong></span> <span class='ocrx_word' id='word_1_781' title='bbox 2285 4620 2585 4675; x_wconf 82' lang='lat' dir='ltr'><strong>asserimus</strong></span> <span class='ocrx_word' id='word_1_782' title='bbox 2617 4620 2901 4674; x_wconf 89' lang='lat' dir='ltr'><strong>Dominum</strong></span> <span class='ocrx_word' id='word_1_783' title='bbox 2944 4620 3146 4675; x_wconf 87' lang='lat' dir='ltr'><strong>ultimis</strong></span> <span class='ocrx_word' id='word_1_784' title='bbox 3176 4619 3427 4674; x_wconf 76' lang='lat' dir='ltr'><strong>humana:</strong></span> <span class='ocrx_word' id='word_1_785' title='bbox 3464 4618 3589 4671; x_wconf 66' lang='lat' dir='ltr'><strong>vitae</strong></span> 
     </span>
    </p>
   </div>
   <div class='ocr_carea' id='block_1_109' title="bbox 2015 4706 3589 4782">
    <p class='ocr_par' dir='ltr' id='par_1_109' title="bbox 2015 4706 3589 4782">
     <span class='ocr_line' id='line_1_109' title="bbox 2015 4706 3589 4782; baseline -0.003 -16"><span class='ocrx_word' id='word_1_786' title='bbox 2015 4711 2359 4782; x_wconf 87' lang='lat' dir='ltr'><strong>temporibus</strong></span> <span class='ocrx_word' id='word_1_787' title='bbox 2392 4711 2653 4766; x_wconf 76' lang='lat' dir='ltr'><strong>illuxisse.</strong></span> <span class='ocrx_word' id='word_1_788' title='bbox 2683 4711 2835 4766; x_wconf 89' lang='lat' dir='ltr'><strong>Dicet</strong></span> <span class='ocrx_word' id='word_1_789' title='bbox 2861 4711 3005 4767; x_wconf 87' lang='lat' dir='ltr'><strong>enim</strong></span> <span class='ocrx_word' id='word_1_790' title='bbox 3041 4708 3291 4765; x_wconf 78' lang='lat' dir='ltr'><strong>fortassis</strong></span> <span class='ocrx_word' id='word_1_791' title='bbox 3330 4706 3589 4762; x_wconf 85' lang='lat' dir='ltr'><strong>adversa-</strong></span> 
     </span>
    </p>
   </div>
   <div class='ocr_carea' id='block_1_110' title="bbox 2013 4797 3590 4870">
    <p class='ocr_par' dir='ltr' id='par_1_110' title="bbox 2013 4797 3590 4870">
     <span class='ocr_line' id='line_1_110' title="bbox 2013 4797 3590 4870; baseline -0.006 -11"><span class='ocrx_word' id='word_1_792' title='bbox 2013 4804 2149 4869; x_wconf 87' lang='lat' dir='ltr'><strong>rius,</strong></span> <span class='ocrx_word' id='word_1_793' title='bbox 2191 4803 2487 4858; x_wconf 87' lang='lat' dir='ltr'><strong>verisimile</strong></span> <span class='ocrx_word' id='word_1_794' title='bbox 2518 4816 2642 4857; x_wconf 85' lang='lat' dir='ltr'><strong>esse</strong></span> <span class='ocrx_word' id='word_1_795' title='bbox 2672 4816 2796 4856; x_wconf 88' lang='lat' dir='ltr'><strong>eum</strong></span> <span class='ocrx_word' id='word_1_796' title='bbox 2829 4801 2920 4870; x_wconf 89' lang='lat' dir='ltr'><strong>qui</strong></span> <span class='ocrx_word' id='word_1_797' title='bbox 2972 4809 3217 4870; x_wconf 89' lang='lat' dir='ltr'><strong>tempora</strong></span> <span class='ocrx_word' id='word_1_798' title='bbox 3249 4797 3590 4866; x_wconf 71' lang='lat' dir='ltr'><strong>prmstolatna</strong></span> 
     </span>
    </p>
   </div>
   <div class='ocr_carea' id='block_1_111' title="bbox 2012 4887 3585 4962">
    <p class='ocr_par' dir='ltr' id='par_1_111' title="bbox 2012 4887 3585 4962">
     <span class='ocr_line' id='line_1_111' title="bbox 2012 4887 3585 4962; baseline -0.008 -12"><span class='ocrx_word' id='word_1_799' title='bbox 2012 4894 2180 4951; x_wconf 87' lang='lat' dir='ltr'><strong>estad</strong></span> <span class='ocrx_word' id='word_1_800' title='bbox 2214 4892 2467 4962; x_wconf 75' lang='lat' dir='ltr'><strong>nequitia:</strong></span> <span class='ocrx_word' id='word_1_801' title='bbox 2489 4892 2985 4947; x_wconf 73' lang='lat' dir='ltr'><strong>manifestationein</strong></span> <span class='ocrx_word' id='word_1_802' title='bbox 3013 4890 3320 4955; x_wconf 88' lang='lat' dir='ltr'><strong>commoda,</strong></span> <span class='ocrx_word' id='word_1_803' title='bbox 3341 4896 3400 4943; x_wconf 88' lang='lat' dir='ltr'><strong>ut</strong></span> <span class='ocrx_word' id='word_1_804' title='bbox 3421 4887 3585 4951; x_wconf 86' lang='lat' dir='ltr'><strong>illam,</strong></span> 
     </span>
    </p>
   </div>
   <div class='ocr_carea' id='block_1_112' title="bbox 2013 4976 3584 5046">
    <p class='ocr_par' dir='ltr' id='par_1_112' title="bbox 2013 4976 3584 5046">
     <span class='ocr_line' id='line_1_112' title="bbox 2013 4976 3584 5046; baseline -0.006 -6"><span class='ocrx_word' id='word_1_805' title='bbox 2013 4999 2138 5041; x_wconf 91' lang='lat' dir='ltr'><strong>cum</strong></span> <span class='ocrx_word' id='word_1_806' title='bbox 2187 4983 2254 5037; x_wconf 88' lang='lat' dir='ltr'><strong>ad</strong></span> <span class='ocrx_word' id='word_1_807' title='bbox 2289 4997 2561 5036; x_wconf 87' lang='lat' dir='ltr'><strong>summum</strong></span> <span class='ocrx_word' id='word_1_808' title='bbox 2601 4980 2959 5046; x_wconf 78' lang='lat' dir='ltr'><strong>excrevisset,</strong></span> <span class='ocrx_word' id='word_1_809' title='bbox 2997 4978 3245 5033; x_wconf 90' lang='lat' dir='ltr'><strong>tolleret:</strong></span> <span class='ocrx_word' id='word_1_810' title='bbox 3275 4976 3584 5041; x_wconf 73' lang='lat' dir='ltr'><strong>verisimile,</strong></span> 
     </span>
    </p>
   </div>
   <div class='ocr_carea' id='block_1_113' title="bbox 2024 5066 3587 5143">
    <p class='ocr_par' dir='ltr' id='par_1_113' title="bbox 2024 5066 3587 5143">
     <span class='ocr_line' id='line_1_113' title="bbox 2024 5066 3587 5143; baseline -0.005 -13"><span class='ocrx_word' id='word_1_811' title='bbox 2024 5076 2272 5143; x_wconf 87' lang='lat' dir='ltr'><strong>inquam,</strong></span> <span class='ocrx_word' id='word_1_812' title='bbox 2293 5086 2414 5129; x_wconf 90' lang='lat' dir='ltr'><strong>esse</strong></span> <span class='ocrx_word' id='word_1_813' title='bbox 2434 5087 2554 5126; x_wconf 88' lang='lat' dir='ltr'><strong>eum</strong></span> <span class='ocrx_word' id='word_1_814' title='bbox 2579 5085 2794 5126; x_wconf 88' lang='lat' dir='ltr'><strong>omnem</strong></span> <span class='ocrx_word' id='word_1_815' title='bbox 2826 5069 2971 5123; x_wconf 90' lang='lat' dir='ltr'><strong>illam</strong></span> <span class='ocrx_word' id='word_1_816' title='bbox 3001 5067 3169 5123; x_wconf 89' lang='lat' dir='ltr'><strong>semel</strong></span> <span class='ocrx_word' id='word_1_817' title='bbox 3199 5066 3439 5122; x_wconf 77' lang='lat' dir='ltr'><strong>luriditus</strong></span> <span class='ocrx_word' id='word_1_818' title='bbox 3464 5083 3587 5122; x_wconf 88' lang='lat' dir='ltr'><strong>sns-</strong></span> 
     </span>
    </p>
   </div>
   <div class='ocr_carea' id='block_1_114' title="bbox 2019 5158 3590 5230">
    <p class='ocr_par' dir='ltr' id='par_1_114' title="bbox 2019 5158 3590 5230">
     <span class='ocr_line' id='line_1_114' title="bbox 2019 5158 3590 5230; baseline -0.006 -10"><span class='ocrx_word' id='word_1_819' title='bbox 2019 5165 2210 5220; x_wconf 90' lang='lat' dir='ltr'><strong>tulisse</strong></span> <span class='ocrx_word' id='word_1_820' title='bbox 2234 5205 2250 5230; x_wconf 91' lang='lat'><strong>,</strong></span> <span class='ocrx_word' id='word_1_821' title='bbox 2301 5164 2374 5218; x_wconf 92' lang='lat' dir='ltr'><strong>ita</strong></span> <span class='ocrx_word' id='word_1_822' title='bbox 2420 5170 2480 5217; x_wconf 91' lang='lat' dir='ltr'><strong>ut</strong></span> <span class='ocrx_word' id='word_1_823' title='bbox 2518 5161 2677 5217; x_wconf 68' lang='lat' dir='ltr'><strong>nulla:</strong></span> <span class='ocrx_word' id='word_1_824' title='bbox 2704 5160 2935 5230; x_wconf 90' lang='lat' dir='ltr'><strong>amplius</strong></span> <span class='ocrx_word' id='word_1_825' title='bbox 2964 5158 3080 5229; x_wconf 83' lang='lat' dir='ltr'><strong>ejus</strong></span> <span class='ocrx_word' id='word_1_826' title='bbox 3114 5160 3168 5213; x_wconf 91' lang='lat' dir='ltr'><strong>in</strong></span> <span class='ocrx_word' id='word_1_827' title='bbox 3205 5160 3311 5213; x_wconf 90' lang='lat' dir='ltr'><strong>vita</strong></span> <span class='ocrx_word' id='word_1_828' title='bbox 3346 5159 3590 5229; x_wconf 73' lang='lat' dir='ltr'><strong>reliquiae</strong></span> 
     </span>
    </p>
   </div>
   <div class='ocr_carea' id='block_1_115' title="bbox 2016 5250 3589 5321">
    <p class='ocr_par' dir='ltr' id='par_1_115' title="bbox 2016 5250 3589 5321">
     <span class='ocr_line' id='line_1_115' title="bbox 2016 5250 3589 5321; baseline -0.008 -7"><span class='ocrx_word' id='word_1_829' title='bbox 2016 5258 2308 5313; x_wconf 68' lang='lat' dir='ltr'><strong>haererent.</strong></span> <span class='ocrx_word' id='word_1_830' title='bbox 2342 5251 2498 5310; x_wconf 84' lang='lat' dir='ltr'><strong>Nunc</strong></span> <span class='ocrx_word' id='word_1_831' title='bbox 2527 5268 2659 5309; x_wconf 88' lang='lat' dir='ltr'><strong>vero</strong></span> <span class='ocrx_word' id='word_1_832' title='bbox 2690 5260 2747 5306; x_wconf 90' lang='lat' dir='ltr'><strong>et</strong></span> <span class='ocrx_word' id='word_1_833' title='bbox 2776 5251 2969 5314; x_wconf 67' lang='lat' dir='ltr'><strong>cades,</strong></span> <span class='ocrx_word' id='word_1_834' title='bbox 3002 5258 3057 5305; x_wconf 90' lang='lat' dir='ltr'><strong>et</strong></span> <span class='ocrx_word' id='word_1_835' title='bbox 3090 5250 3314 5321; x_wconf 69' lang='lat' dir='ltr'><strong>rapinae,</strong></span> <span class='ocrx_word' id='word_1_836' title='bbox 3344 5259 3394 5306; x_wconf 88' lang='lat' dir='ltr'><strong>et</strong></span> <span class='ocrx_word' id='word_1_837' title='bbox 3436 5250 3589 5304; x_wconf 87' lang='lat' dir='ltr'><strong>adul-</strong></span> 
     </span>
    </p>
   </div>
   <div class='ocr_carea' id='block_1_116' title="bbox 2015 5339 3588 5415">
    <p class='ocr_par' dir='ltr' id='par_1_116' title="bbox 2015 5339 3588 5415">
     <span class='ocr_line' id='line_1_116' title="bbox 2015 5339 3588 5415; baseline -0.007 -10"><span class='ocrx_word' id='word_1_838' title='bbox 2015 5349 2175 5415; x_wconf 87' lang='lat' dir='ltr'><strong>teria,</strong></span> <span class='ocrx_word' id='word_1_839' title='bbox 2226 5356 2281 5403; x_wconf 89' lang='lat' dir='ltr'><strong>et</strong></span> <span class='ocrx_word' id='word_1_840' title='bbox 2318 5345 2445 5415; x_wconf 87' lang='lat' dir='ltr'><strong>quid</strong></span> <span class='ocrx_word' id='word_1_841' title='bbox 2490 5358 2599 5399; x_wconf 88' lang='lat' dir='ltr'><strong>non</strong></span> <span class='ocrx_word' id='word_1_842' title='bbox 2646 5341 3006 5414; x_wconf 87' lang='lat' dir='ltr'><strong>pessimorum</strong></span> <span class='ocrx_word' id='word_1_843' title='bbox 3040 5339 3365 5413; x_wconf 78' lang='lat' dir='ltr'><strong>ﬂagitiorum</strong></span> <span class='ocrx_word' id='word_1_844' title='bbox 3397 5356 3588 5412; x_wconf 88' lang='lat' dir='ltr'><strong>perpe-</strong></span> 
     </span>
    </p>
   </div>
   <div class='ocr_carea' id='block_1_117' title="bbox 2014 5433 3585 5506">
    <p class='ocr_par' dir='ltr' id='par_1_117' title="bbox 2014 5433 3585 5506">
     <span class='ocr_line' id='line_1_117' title="bbox 2014 5433 3585 5506; baseline -0.004 -11"><span class='ocrx_word' id='word_1_845' title='bbox 2014 5438 2228 5495; x_wconf 79' lang='lat' dir='ltr'><strong>tratur?</strong></span> <span class='ocrx_word' id='word_1_846' title='bbox 2264 5437 2336 5492; x_wconf 82' lang='lat' dir='ltr'><strong>At</strong></span> <span class='ocrx_word' id='word_1_847' title='bbox 2364 5437 2456 5506; x_wconf 89' lang='lat' dir='ltr'><strong>qui</strong></span> <span class='ocrx_word' id='word_1_848' title='bbox 2494 5451 2561 5492; x_wconf 91' lang='lat' dir='ltr'><strong>eo</strong></span> <span class='ocrx_word' id='word_1_849' title='bbox 2605 5435 2926 5505; x_wconf 81' lang='lat' dir='ltr'><strong>respexerit,</strong></span> <span class='ocrx_word' id='word_1_850' title='bbox 2973 5433 3327 5490; x_wconf 88' lang='lat' dir='ltr'><strong>similitudine</strong></span> <span class='ocrx_word' id='word_1_851' title='bbox 3355 5435 3585 5504; x_wconf 85' lang='lat' dir='ltr'><strong>quadam</strong></span> 
     </span>
    </p>
   </div>
   <div class='ocr_carea' id='block_1_118' title="bbox 2014 5524 3589 5599">
    <p class='ocr_par' dir='ltr' id='par_1_118' title="bbox 2014 5524 3589 5599">
     <span class='ocr_line' id='line_1_118' title="bbox 2014 5524 3589 5599; baseline -0.004 -14"><span class='ocrx_word' id='word_1_852' title='bbox 2014 5546 2044 5585; x_wconf 87' lang='lat' dir='ltr'><strong>a</strong></span> <span class='ocrx_word' id='word_1_853' title='bbox 2072 5529 2233 5585; x_wconf 89' lang='lat' dir='ltr'><strong>rebus</strong></span> <span class='ocrx_word' id='word_1_854' title='bbox 2266 5527 2572 5585; x_wconf 89' lang='lat' dir='ltr'><strong>notioribus</strong></span> <span class='ocrx_word' id='word_1_855' title='bbox 2603 5537 2816 5599; x_wconf 86' lang='lat' dir='ltr'><strong>sumpta</strong></span> <span class='ocrx_word' id='word_1_856' title='bbox 2842 5526 3063 5583; x_wconf 87' lang='lat' dir='ltr'><strong>dubium</strong></span> <span class='ocrx_word' id='word_1_857' title='bbox 3097 5525 3294 5582; x_wconf 84' lang='lat' dir='ltr'><strong>solvat.</strong></span> <span class='ocrx_word' id='word_1_858' title='bbox 3322 5524 3589 5593; x_wconf 80' lang='lat' dir='ltr'><strong>Quemad-</strong></span> 
     </span>
    </p>
   </div>
  </div>
