3912 6182
404 102 538 155 Ηῖἵὶ
1418 99 1476 154 s.
1517 99 1786 154 (‘YttlLLl
1830 97 2295 153 ALEXANDRINI
2333 58 2653 150 ’.ιιιαιιιιῖικ
3516 95 3651 149 ma

401 220 669 283 nduterit,
708 234 840 272 vana
874 218 1084 273 illorum
1109 219 1329 272 consilia
1366 230 1529 289 atque
1558 222 1735 278 studia
1761 220 1812 275 iit
1841 236 1964 274 ven-

2082 223 2192 289 (όνυ
2221 219 2442 290 ζητοῦσι
2467 219 2555 271 τὺν
2582 218 2749 270 ἔλεον.
2777 218 3063 288 Τοιγάρτοι
3088 216 3401 287 κεκράτηκε
3430 218 3527 285 τῆς
3560 219 3653 268 ὑπ’

403 324 486 365 tos
534 326 653 365 mox
701 310 927 375 abeunt;
975 310 1171 379 quippe
1215 309 1303 377 qui
1336 312 1619 364 amentiam
1646 326 1801 366 suam
1839 312 1969 366 mis-

401 420 515 457 sam
564 403 845 465 facientes,
895 401 1154 470 cvestigio
1180 405 1245 455 ad
1284 416 1456 473 genua
1493 412 1669 458 vestra
1701 418 1821 458 sese
1849 418 1973 472 pro-

402 495 607 558 volant,
657 492 1035 563 supplicesque
1082 492 1292 546 veniam
1341 504 1657 562 exposcam.
1708 491 1972 545 Nimirum

402 588 655 641 cohortes
703 593 895 638 vestra:
927 582 1370 645 bellicosissima,
1422 584 1782 650 militarisque
1809 582 1973 636 disci-

403 677 561 748 ptime
610 675 967 746 peritissiuue,
1003 689 1067 728 ac
1110 674 1393 743 triumphis
1441 674 1664 742 agendis
1697 689 1972 744 nunquam

404 785 509 821 non
546 766 879 828 assuefactze,
926 777 1187 819 terrarum
1235 764 1419 819 orbem
1452 765 1826 834 subjngaruut.
1869 765 1973 819 Vos

405 860 629 930 proinde
660 869 802 913 totus
822 859 1035 919 Oriens.
1070 846 1162 912 vos
1193 866 1334 911 totus
1364 858 1509 911 canit
1538 857 1807 914 Occidens
1859 873 1977 913 our-

410 952 571 1020 nique
608 948 825 1004 laudum
872 962 1071 1016 genere
1102 947 1475 1016 prosequitur;
1519 961 1632 1014 vos,
1664 948 1754 1017 qui
1780 947 1844 1000 ad
1878 964 1976 1000 au-

409 1054 582 1097 strum
630 1050 875 1111 vergunt.
925 1054 1038 1105 vos,
1087 1039 1176 1108 qui
1213 1039 1277 1091 ad
1323 1039 1630 1108 aquilonem
1684 1040 1975 1108 pertinent,

411 1132 615 1186 festivis
640 1130 1089 1200 gratulationibus
1109 1143 1372 1183 exornare
1400 1144 1670 1199 nunquam
1703 1130 1973 1184 desinunt.

408 1223 795 1277 lnroncussum
820 1228 998 1274 autem
1027 1218 1256 1288 piissimi
1300 1225 1354 1274 et
1378 1219 1732 1274 sacratissimi
1765 1219 1977 1288 imperii

407 1315 572 1367 vestri
622 1311 1019 1366 lirnntmcntum
1063 1319 1145 1364 est
1186 1309 1300 1378 ipse
1342 1311 1596 1364 Dominus
1626 1308 1785 1365 Jesus
1815 1308 1976 1364 Chri-

407 1416 543 1459 stus.
591 1423 609 1455 ι
651 1404 751 1456 Per
799 1404 944 1457 hunc
987 1401 1157 1465 enim,
1193 1409 1250 1452 ut
1291 1400 1552 1468 scriptum
1601 1410 1704 1465 est,
1742 1400 1783 1467 ³,
1828 1415 1980 1471 reges

411 1503 656 1566 regnant,
713 1504 768 1549 et
819 1504 1062 1560 potentes
1106 1494 1404 1546 decernunt
1443 1492 1708 1559 justitiam
1760 1511 1774 1547 :
1827 1511 1845 1543 ι
1897 1504 1980 1547 est

2073 310 2300 381 οὐρανὸν
2330 309 2439 362 τῶν
2470 307 2751 378 ὑμετέρων
2801 306 3158 360 ὑπασπιστῶν
3188 309 3221 377 ἡ
3260 308 3653 377 μαχιμωτάτη,

2075 402 2166 455 καὶ
2203 401 2692 471 ἐμπειροπόλεμός,
2719 398 2812 452 καὶ
2842 399 2931 451 ἀεὶ
2957 397 3167 453 νικῶσα
3199 398 3429 470 πληθύς.
3464 398 3656 470 Ὑμεῖς

2016 512 2033 519 κ
2074 493 2197 545 ἐστε
2226 489 2334 542 τῶν
2360 490 2497 559 πρὸς
2526 489 2668 560 ἑῴαν
2700 489 2793 542 καὶ
2820 488 3063 559 ἑσπέραν
3085 490 3181 542 καὶ
3205 488 3339 559 ᾠδὴ,
3368 491 3463 542 καὶ
3490 489 3654 560 λύρα,

2075 583 2171 636 καὶ
2204 582 2419 652 ἀπάσης
2447 580 2704 643 ὑπόθεσις
2735 579 3012 651 εὐφημίας
3030 597 3044 611 ’
3074 580 3220 650 ὑμᾶς
3242 581 3291 632 οί
3320 580 3455 650 πρὸς
3479 581 3651 641 νότον,

2078 673 2170 725 καὶ
2220 672 2326 743 μὴν
2378 672 2472 725 καὶ
2511 672 2627 724 ὅσοι
2669 669 3009 740 βορειότερον
3052 668 3262 722 οἰκοῦσι
3309 670 3497 733 τόπον,
3542 687 3657 739 φω-

2077 764 2198 824 ναῖς
2246 760 2622 832 χαριστηρίοις
2670 760 3062 828 στεφανοῦντες
3113 760 3175 813 οὐ
3227 761 3656 830 καταλήγουσιν.

2081 853 2356 923 Ἐρεισμα
2386 851 2443 905 δὲ
2477 852 2537 905 τὸ
2571 851 2909 921 ἀκράδαντον
2939 854 3035 923 τῆς
3063 850 3208 905 οὕτω
3240 852 3519 921 θεοφιλοῦς
3560 854 3661 907 καὶ

2078 945 2450 1013 εύαγεστὰτης
2483 943 2634 1013 ὑμῶν
2675 942 2972 1013 βασιλείας,
3013 944 3175 1007 αὐτὸς
3202 945 3230 997 ό
3263 942 3465 1013 Κύριος
3495 945 3663 1013 ἡμῶν

2091 1037 2295 1111 Ἰησοῦς
2344 1036 2612 1107 Χριστόςο
2669 1054 2687 1085 ι
2719 1036 2797 1088 Δι’
2846 1034 3013 1088 αὐτοῦ
3053 1034 3163 1106 γὰρ
3213 1034 3453 1105 βασιλεῖς
3499 1034 3659 1104 βασι-ι

2078 1127 2333 1192 λεύουσι,
2377 1126 2469 1179 καὶ
2503 1127 2551 1179 οἱ
2604 1124 2866 1178 δυνάσται
2915 1124 3186 1195 γράφουσι
3229 1125 3602 1195 δικαιοσύνην,
3635 1146 3653 1177 ι

2081 1219 2224 1274 κατά
2250 1219 2311 1273 τὸ
2344 1215 2753 1288 γεγραμμένον.
2784 1217 2942 1271 Ἐστι
2976 1216 3085 1289 γὰρ
3112 1215 3261 1287 αὐτῷ
3293 1217 3570 1281 παναλκὲς
3599 1219 3661 1273 τὸ

2081 1310 2322 1381 θέλημα,’
2341 1310 2436 1363 καὶ
2467 1311 2522 1361 ὲν
2553 1306 2631 1379 τῷ
2659 1308 2991 1362 κατανεῦσαι
3026 1310 3185 1380 μόνον
3216 1310 3248 1380 ἡ
3290 1310 3492 1374 παντὸς
3523 1312 3664 1381 πλή-

2083 1420 2247 1476 ρωσις
2303 1400 2530 1470 ἀγαθοῦ.
2580 1399 2835 1471 Διανέμει
2879 1400 2935 1454 δὲ
2975 1402 3068 1455 καὶ
3106 1401 3228 1456 λίαν
3246 1403 3500 1479 ,ἑτοίμως
3545 1406 3663 1466 τοῖς

2080 1492 2367 1562 ἀγαπῶσιν
2393 1491 2553 1545 αὑτὸν
2594 1492 2660 1544 τὰ
2694 1493 2909 1545 πάντων
2938 1490 3190 1564 ἐξαίρετα
3238 1494 3347 1547 τῶν
3379 1495 3481 1547 ὅσα
3508 1495 3663 1548 ἐστὶν

408 1589 550 1641 enim
597 1586 670 1639 illi
706 1584 952 1638 voluntas
995 1584 1360 1652 omnipotens,
1414 1585 1695 1652 omnisque
1740 1584 1887 1648 boai,
1932 1585 1976 1638 si

2082 1585 2386 1655 ἀξιόληπτα
2435 1583 2529 1636 καὶ
2557 1582 3002 1653 τεθαυμασμένα.
3038 1584 3147 1638 Καὶ
3176 1585 3391 1656 ἀπόχρη
3433 1585 3533 1655 μὲν
3577 1586 3663 1649 είς

409 1679 581 1732 solum
635 1688 854 1739 annuat,
908 1674 1085 1743 capia.
1119 1675 1170 1743 2
1218 1674 1506 1743 Dilargitur
1540 1675 1585 1728 is
1628 1689 1760 1744 ergo
1790 1675 1979 1729 amicis

413 1771 525 1823 suis
558 1783 779 1823 munera
828 1767 880 1820 iu
917 1765 1107 1835 primis
1137 1764 1335 1819 eximia
1383 1776 1437 1819 et
1472 1765 1750 1834 praeclara,
1784 1774 1835 1819 et
1859 1780 1979 1835 quis

412 1862 465 1915 in
500 1861 673 1929 pretio
725 1859 1044 1923 habeantur,
1100 1872 1261 1926 quam
1304 1856 1537 1910 maxime
1570 1856 1781 1920 idoneo,
1826 1866 1882 1913 et
1928 1855 1980 1911 id

411 1954 626 2021 quidem
662 1951 950 2004 admodum
987 1949 1240 2003 alacriter
1281 1957 1335 2003 et
1390 1958 1658 2018 prompte.
1711 1947 1863 2015 Quod
1894 1949 1980 2003 hic

410 2044 661 2104 dicimus,
705 2041 786 2095 vel
831 2054 893 2094 ea
932 2039 1044 2093 sola
1087 2054 1209 2109 qum
1257 2038 1524 2108 majestati
1575 2049 1767 2093 vestra:
1803 2041 1871 2094 ab
1914 2054 1980 2095 eo

409 2136 607 2190 donata
632 2142 778 2197 sunt,
814 2141 868 2187 et
890 2118 1017 2187 olim
1043 2131 1238 2192 adlmc,
1276 2130 1726 2199 quemadmodum
1758 2129 1981 2185 conlidi-

2084 1673 2357 1739 ἀπόδειξιν
2385 1665 2460 1726 ὧν
2492 1671 2649 1744 εφην,
2683 1673 2753 1726 τὰ
2781 1672 2859 1744 τῷ
2899 1673 3152 1744 ὑμετέρῳ
3190 1674 3383 1745 κράτει
3422 1674 3665 1746 δεδωρη-

2088 1765 2245 1835 μένα,
2275 1764 2616 1834 δοθησόμενα
2644 1764 2701 1817 δὲ
2729 1763 2830 1831 ἔτι,
2858 1763 3004 1818 καθά
3037 1765 3502 1836 πεπιστεύκαμεν.
3538 1767 3665 1821 Ὀτι

2076 1856 2132 1913 δέ
2172 1858 2287 1910 ἐστι
2321 1858 2526 1927 κρηπὶς
2569 1857 2959 1921 ἀκατάσειστος
2995 1860 3114 1921 ταῖς
3145 1856 3411 1927 βασιλέων
3446 1859 3661 1927 τιμαῖς,

2077 1948 2175 2017 τῆς
2216 1949 2295 2011 είς
2329 1947 2461 2001 Θεὸν
2493 1947 2771 2012 εὐσεϐείας
2801 1947 2871 2000 τὰ
2908 1947 3233 2021 αὐχήματα,
3264 1948 3357 2002 καὶ
3401 1946 3461 2012 ἐξ
3485 1945 3664 2017 αὐτῆς

2081 2038 2536 2117 πειράσομαιτῆς
2554 2039 2716 2107 ἁγίας
2741 2039 2836 2092 καὶ⁵
2861 2038 3220 2093 θεοπνεύστου
3245 2039 3661 2110 πληροφορῆσαι

2080 2131 2323 2201 Γραφῆς,
2361 2130 2793 2202 βραχυλογήσας,
2817 2129 2891 2194 ὼς
2918 2129 3016 2184 ἔνι.

410 2242 551 2294 mus,
585 2225 944 2288 donabuntur,
978 2236 1164 2276 verum
1195 2235 1318 2275 esse
1361 2220 1637 2273 evidenter
1659 2221 1970 2275 ostendunt.
2013 2216 2279 2275 Caeterum
2319 2223 2462 2290 quod
2490 2221 2686 2276 eximia
2758 2221 2808 2275 in
2851 2221 3016 2275 Deum
3078 2221 3246 2291 pietas
3276 2222 3660 2278 inconcussum

413 2320 573 2392 regiae
621 2314 894 2388 dignitatis
939 2312 1347 2368 fundamentum
1389 2311 1636 2378 exsistat,
1686 2312 1736 2367 id
1776 2321 1977 2383 quanta
2019 2311 2135 2367 lieri
2167 2312 2363 2383 poterit
2424 2312 2688 2367 brevitate
2712 2321 2767 2367 et
2806 2311 3073 2376 claritate,
3110 2311 3195 2367 vel
3258 2328 3323 2367 ex
3357 2313 3469 2382 ipsa
3500 2328 3662 2369 Sacra

415 2414 704 2481 divinaque
731 2408 1011 2478 Scriptura
1041 2406 1235 2460 docere
1257 2400 1453 2459 enitar’.

479 2530 525 2587 ll
576 2528 800 2585 Plurimi
828 2528 964 2583 citra
990 2524 1414 2582 controversiam
1441 2534 1587 2581 retro
1619 2526 1755 2581 actis
1779 2536 1983 2596 tempo-

409 2628 561 2681 ribus
588 2615 866 2685 eistitere,
894 2619 985 2689 qui
1017 2618 1254 2674 Judzeam
1284 2619 1614 2689 provinciam
1641 2620 1981 2676 administra-

411 2724 538 2768 rnnt
583 2711 841 2781 regnique
862 2709 1006 2764 illius
1034 2707 1394 2779 gubernacula
1444 2717 1832 2764 tractaverunt.
1873 2709 1977 2764 Ve-

414 2818 531 2858 rum
563 2808 826 2869 quotquot
851 2813 917 2852 ex
943 2798 1048 2853 illis
1072 2799 1215 2853 cultu
1241 2808 1296 2853 ct
1325 2798 1688 2862 observantia,
1723 2814 1840 2870 qum
1870 2798 1981 2855 Deo

409 2895 693 2957 debentur,
749 2890 911 2960 impie
954 2890 1279 2961 contemptis
1343 2899 1400 2944 et
1443 2889 1666 2958 iustitiae
1724 2892 1979 2961 magistra

410 2985 526 3056 lege
556 2998 653 3054 pro
682 2982 849 3037 nibilo
879 2982 1063 3048 ducta,
1094 2996 1192 3036 suo
1225 2981 1385 3036 lastui
1419 2982 1640 3052 suisque
1672 2983 1981 3039 libidinibus

410 3079 580 3132 libere
612 3071 993 3144 indulgendum
1027 3088 1146 3128 esse
1175 3081 1519 3143 putaverunt,
1550 3087 1740 3128 onmes
1765 3074 1820 3128 hi
1856 3074 1979 3128 mali

408 3179 465 3225 et
507 3166 688 3222 miseri
723 3165 863 3219 male
902 3167 1207 3233 misereque
1244 3164 1538 3233 perierunt.
1583 3164 1674 3218 Est
1699 3166 1847 3223 enim
1896 3180 1981 3220 res

409 3257 895 3331 periculosissima,
961 3257 1235 3327 quidpiam
1293 3256 1345 3310 in
1407 3253 1578 3310 Deum
1619 3258 1980 3323 committere,

410 3350 827 3422 proculcataque
866 3349 1122 3417 aequitate
1161 3361 1482 3416 quocunque
1539 3346 1697 3402 modo
1742 3347 1797 3402 in
1840 3348 1981 3402 illius

410 3438 669 3495 oll‘ensam
704 3439 963 3494 incidere.
992 3436 1194 3493 Contra
1218 3452 1345 3491 vero
1371 3437 1678 3507 quicunque
1699 3452 1758 3492 se
1794 3438 1907 3507 pios
1929 3438 1981 3492 in

412 3533 560 3587 illum
602 3530 962 3596 declararunt,
1011 3545 1236 3601 qumque
1267 3530 1340 3584 illi
1369 3530 1631 3600 placitura
1664 3531 1979 3594 credebant,

411 3624 556 3679 omni
608 3637 707 3691 ope
749 3631 1007 3692 praestare
1043 3622 1411 3687 elaborarunt,
1439 3622 1575 3676 citra
1626 3622 1878 3677 sudorem
1918 3636 1982 3676 ac

410 3706 705 3784 pulverem,
763 3714 917 3769 hoste
945 3713 1157 3769 devicto
1212 3711 1605 3782 debellatoque,
1647 3713 1977 3782 triumphum

410 3808 741 3863 (cecinerunt.
772 3804 1047 3876 Ejusmodi
1094 3805 1234 3859 inter
1274 3814 1499 3860 cmteros
1529 3803 1624 3858 l'nit
1657 3801 1831 3858 Josias
1864 3803 1978 3870 ille,

409 3916 496 3965 qm
544 3898 805 3951 idolorum
851 3896 1146 3950 culter-ibus
1181 3911 1287 3949 una
1317 3911 1438 3951 cum
1488 3896 1618 3965 ipsis
1652 3894 1890 3949 delubris
1926 3905 1981 3949 et

408 3991 514 4044 aris
551 3990 805 4053 ini-ensis,
838 3987 1401 4057 iucautationibusque
1430 3996 1486 4042 et
1513 3987 1663 4041 l'alsis
1691 3988 1979 4041 divinatio-

411 4082 567 4135 nibus
603 4081 856 4135 omnibus
885 4094 915 4133 e
952 4078 1126 4133 medio
1168 4079 1417 4137 sublatis.
1475 4093 1538 4133 ac
1579 4077 1827 4133 inanibus
1868 4079 1979 4132 dae-

2156 2528 2230 2581 B'.
2266 2526 2515 2580 Ιῐλείττοι
2550 2524 2649 2597 μὲν
2674 2524 2782 2596 γὰρ
2809 2524 2923 2578 ὅσοι
2957 2524 3214 2594 γεγόνασι
3238 2524 3377 2578 κατά
3406 2524 3658 2597 καιροὺς,

2082 2617 2132 2669 οί
2168 2616 2267 2685 τῆς
2302 2615 2567 2668 Ἰουδαίων
2595 2613 2858 2684 ἄρξαντες
2888 2612 3093 2684 χώρας,
3119 2614 3365 2677 καὶτοὺς
3394 2613 3491 2684 τῆς
3526 2615 3660 2684 παρ’

2082 2708 2264 2770 αὐτοῖς
2290 2706 2565 2777 βασιλείας
2590 2705 2867 2768 διέποντες
2897 2705 3136 2777 θρόνους.
3177 2705 3317 2759 Ἀλλ’
3349 2708 3396 2757 οί
3430 2707 3530 2776 μὲν
3559 2706 3661 2773 τῆς

2082 2801 2160 2863 είς
2190 2799 2319 2852 Θεὸν
2352 2797 2539 2862 αίδοῦς
2570 2797 2801 2860 ἀνοσίως
2830 2796 3287 2867 ὀλιγωρήσαντες,
3319 2796 3414 2849 καὶ
3441 2797 3533 2849 τὸν
3559 2797 3663 2868 τῆς

2081 2889 2428 2961 δικαιοσύνης
2462 2888 2729 2959 πρύτανιν
2772 2887 2917 2967 παρξ
2932 2886 3089 2939 οὐδὲν
3128 2889 3442 2956 ποιούμενοι
3470 2887 3661 2956 νόμον,

2082 2984 2175 3036 καὶ
2213 2985 2324 3046 τοῖς
2357 2982 2453 3051 τῆς
2499 2980 2831 3049 φαυλότητος
2855 2991 2876 3018 ε
2912 2977 3124 3049 βόθροις
3157 2978 3383 3042 ἑαυτοὺς
3426 2977 3664 3042 ἐνιέντες

2080 3075 2130 3127 oi
2168 3072 2395 3135 τάλανες
2419 3109 2434 3134 ,
2483 3070 2644 3124 κακοὶ
2682 3068 2869 3132 κακῶς
2915 3054 3260 3121 ἀπολώλασι·
3306 3067 3664 3136 παγχάλεπον

2081 3165 2189 3237 γὰρ
2231 3163 2293 3217 τὸ
2335 3159 2699 3235 προσκρούειν
2745 3159 2885 3230 Θεῷ,
2928 3158 3025 3212 καὶ
3075 3159 3229 3213 κατὰ
3265 3176 3318 3212 τι
3351 3156 3481 3227 γοῦν
3521 3157 3663 3221 ὅλως

2081 3254 2187 3321 ἔξω
2212 3251 2473 3324 φέρεσθαι
2505 3250 2597 3304 τοῦ
2626 3250 2852 3318 εἰκότος,
2879 3249 3181 3313 λυποῦντας
3211 3251 3393 3305 αὐτόν.
3420 3251 3576 3305 Ὅσοι
3597 3252 3661 3305 6‘:

2079 3347 2179 3418 τῆς
2220 3346 2300 3409 είς
2328 3345 2489 3399 αὑτὸν
2529 3342 2809 3407 εύσεὸείας
2846 3344 3134 3414 γεγόνασιν
3175 3343 3529 3416 ἐπιμεληταὶ,
3565 3352 3665 3397 καί

2080 3435 2189 3489 τῶν
2216 3435 2560 3506 ἀρεσκόντων
2591 3433 2747 3503 αὐτῷ
2785 3436 2995 3504 γνήσιοι
3023 3433 3281 3503 φύλακες,
3308 3440 3663 3506 νενικήκασιν

2082 3528 2308 3601 ἐχθροὺς
2348 3527 2606 3597 ἀμογητὶ,
2639 3527 2732 3579 καὶ
2764 3527 3137 3597 κεκρατήκασι
3168 3527 3356 3580 τῶνδι’
3384 3528 3660 3590 ἐναντίας.

2080 3619 2334 3683 Τοιοῦτός
2373 3635 2457 3682 τις
2484 3614 2552 3689 ἧν
2588 3619 2799 3680 Ἰωσίας
2831 3619 3057 3681 ἐκεῖνος,
3083 3617 3142 3681 ὃς
3179 3619 3361 3680 αὐτοῖς
3400 3619 3663 3688 τεμένεσι

2080 3711 2175 3764 καὶ
2228 3709 2432 3781 βωμοῖς
2464 3712 2590 3774 τοὺς
2635 3708 2744 3763 τῶν
2781 3709 3014 3762 είδώλων
3053 3711 3449 3781 κατεμπρήσας
3490 3710 3661 3780 θερα-

2080 3803 2300 3865 πευτὰς,
2340 3800 2589 3873 γοητείας
2614 3817 2673 3852 τε
2710 3800 2923 3870 ἀπάσης
2949 3801 3042 3854 καὶ
3067 3800 3497 3872 ψευδομαντείας
3529 3801 3660 3870 τρό-

2079 3909 2215 3955 πους
2260 3891 2547 3961 περιελὼν,
2596 3892 2688 3945 καὶ
2734 3892 2803 3945 τὰ
2851 3891 2950 3961 τῆς
2997 3890 3380 3960 δαίμονιώδους
3435 3891 3661 3960 ἀπάτης

2080 3980 2389 4046 καταλύσας
2420 3981 2663 4049 παίγνια,
2693 3980 2787 4035 τοῦ
2829 3982 3027 4043 παντὸς
3067 3982 3223 4048 ἀξίαν
3268 3982 3521 4051 ἀπέφηνε
3564 3982 3658 4032 λόο

2080 4090 2178 4142 γον
2220 4073 2317 4144 τὴν
2348 4073 2540 4125 ἑαυτοῦ
2582 4072 2876 4141 βασιλείαν,
2912 4072 3006 4126 καὶ
3036 4071 3362 4141 ἀξιάγαστον
3405 4072 3505 4143 μὲν
3544 4076 3660 4136 toi;

411 4174 669 4226 nmniaca:
720 4173 1028 4240 imposturaa
1082 4170 1328 4224 ludibriis
1386 4169 1709 4238 proﬂigatis,
1753 4150 1977 4238 regn'utn

2091 4165 2274 4228 πάλαι,
2315 4165 2773 4236 τεθαυμασμένην
2816 4165 2871 4220 δὲ
2913 4166 3006 4219 καὶ
3046 4169 3124 4233 είς
3172 4165 3351 4237 δεῦρο,
3399 4167 3554 4236 παρὰ
3590 4184 3659 4232 γε

409 4263 651 4333 apprime
700 4260 1060 4323 nobilitatum,
1116 4274 1435 4331 summaque
1479 4261 1619 4324 apud
1670 4270 1878 4314 veteres
1916 4274 1980 4317 ac
2022 4308 2027 4313 .

410 4353 739 4406 recentiores
766 4366 952 4405 omnes
984 4351 1099 4419 qui,
1129 4366 1190 4404 ea
1231 4352 1425 4419 quibus
1453 4348 1630 4406 divina
1657 4366 1809 4404 mens
1835 4350 1979 4405 oble-

409 4454 607 4506 rtatur,
637 4442 814 4495 colere
846 4440 1171 4504 didicerunt,
1198 4440 1361 4494 laude
1396 4450 1451 4494 ct
1493 4440 1856 4494 admiratione
1892 4441 1977 4495 di-

408 4549 570 4602 gnum
612 4532 897 4601 reliquit".
961 4531 1441 4585 Vcrumenimvero
1484 4530 1831 4588 licet,isthaec
1856 4547 1975 4586 om.

410 4627 495 4678 nia
525 4641 642 4679 cum
685 4624 885 4678 virtute
936 4633 989 4675 et
1021 4622 1191 4693 gloria
1233 4638 1259 4675 a
1292 4622 1587 4693 majoribus
1629 4624 1840 4688 vestris,
1881 4638 1974 4675 vo-

407 4718 595 4786 bisque
629 4716 758 4786 ipsis
790 4726 1036 4783 suseepta
1078 4715 1470 4785 observataque
1510 4715 1700 4781 sciam,
1735 4732 1836 4767 non
1872 4715 1977 4768 erit

406 4820 584 4863 tamen
635 4808 844 4873 inutile,
910 4809 1119 4877 opinor,
1154 4807 1198 4862 si
1258 4823 1378 4877 qua:
1433 4809 1688 4878 sapientis
1733 4807 1975 4861 Ezechiae

2076 4260 2188 4322 τοῖς
2223 4257 2388 4312 εἰδόσι
2430 4261 2597 4330 τιμᾷν
2640 4259 2709 4312 τὰ
2741 4253 2822 4324 οἷς
2857 4259 2923 4313 ἂν
2969 4262 2996 4313 ὁ
3027 4259 3170 4323 θεῖος
3214 4260 3464 4329 ὲφήδοιτο
3507 4259 3659 4323 νοῦς.

2089 4350 2252 4403 Ἀλλά
2288 4351 2446 4403 ταυτὶ
2488 4351 2587 4420 μὲν
2627 4350 2844 4403 ἅπαντα
2880 4352 2993 4414 τοῖς
3021 4351 3311 4421 ὑμετέροις
3368 4349 3662 4419 προγόνοις

2076 4441 2167 4494 καὶ
2197 4442 2323 4510 ὑμῖν
2356 4440 2536 4504 αὐτοῖς
2579 4437 2637 4495 εὖ
2672 4441 2815 4511 μάλα
2855 4442 3235 4511 κατώρθωται.
3274 4442 3665 4511 Διαμεμνήσο-
3752 4464 3763 4485 κ

2078 4550 2176 4606 μαι
2203 4532 2258 4584 δὲ
2298 4533 2581 4604 χρησίμως
2613 4533 2708 4586 καὶ
2744 4533 2853 4585 τῶν
2886 4536 2944 4587 ὲν
2981 4534 3199 4605 Ἐζεκίᾳ
3227 4532 3306 4603 τῷ
3346 4534 3661 4604 σοφωτάτῳ

2084 4623 2225 4678 κατὰ
2258 4626 2482 4695 καιροὺς
2515 4625 2917 4697 πεπραγμένων
2936 4642 2950 4656 ⁸
2979 4626 3162 4696 ὀνήσει
3193 4626 3302 4695 γὰρ
3325 4625 3388 4677 οὐ
3417 4624 3663 4695 μετρίως

2082 4713 2179 4788 τὴν
2211 4714 2608 4785 εὐσεϐεστάτην
2642 4714 2796 4785 ὑμῶν
2843 4715 3087 4787 κορυφὴν
3132 4716 3164 4786 ἡ
3197 4715 3307 4767 τῶν
3353 4713 3529 4783 λόγων
3564 4713 3663 4767 δύ-

2081 4823 2266 4877 ναμις.

406 4907 604 4974 pietate
631 4918 693 4958 ac
725 4903 903 4958 studio
941 4917 1007 4957 eo
1040 4902 1092 4956 in
1128 4916 1326 4972 genere
1368 4915 1515 4972 gesta
1556 4913 1700 4967 sunt,
1735 4903 1835 4957 boc
1896 4902 2015 4955 loco
2053 4914 2177 4970 apte
2239 4916 2736 4959 commemoravero
2774 4922 2784 4957 :
2819 4902 3044 4972 hujusce
3095 4918 3326 4972 namque
3385 4901 3662 4956 narratio-

406 5001 488 5053 nis
505 5001 587 5052 vis
608 5007 660 5051 et
692 4997 910 5067 energia
946 5012 1052 5051 non
1083 5011 1270 5065 parum
1299 4996 1564 5050 commodi
1592 5005 1785 5050 vestra:
1818 4994 2132 5049 sublimitati
2165 4995 2494 5065 apportahit.

488 5179 508 5211 ³
533 5179 689 5234 Prov.
722 5194 839 5249 vni,
877 5162 983 5236 l5:
1046 5176 1156 5232 ‘IV
1190 5176 1322 5245 lleg.
1363 5192 1494 5231 mn
1537 5175 1591 5239 4,
1622 5190 1776 5244 seqq.

1520 5334 1689 5387 Variae
1730 5331 1987 5391 lectiones
2016 5329 2217 5395 codicis
2253 5328 2609 5398 Seguieriani.

473 5505 494 5532 ο
530 5491 936 5563 φιλαυτότητος.
