3936 6200
276 391 405 446 1ἑ57

338 505 410 556 1".
467 501 625 573 Ἀνήρ
669 518 749 564 τις
782 502 887 555 τῶν
934 505 998 556 ἐκ
1043 504 1357 569 Βαϐυλῶνος
1396 507 1493 575 τῆς
1535 506 1836 575 Περσικῆς,
1870 514 1912 568 Α

276 591 559 662 ’ὶδαψάκης
608 585 762 654 οὗτος
794 586 884 659 ἦν.
927 586 1094 655 Οὗτος
1139 595 1314 648 ἀνεῖλε
1350 595 1449 665 μὲν
1496 596 1734 660 ἃπασαν,
1764 596 1838 656 ὡς

270 682 397 747 ἔπος
429 683 621 746 εἰπεῖν,
646 682 742 751 τὴν
785 681 890 735 τῶν
927 682 1191 736 Ἰουδαίων
1223 683 1406 755 χώραν
1431 702 1445 715 θ
1488 684 1841 758 καταδῃώσας

269 777 322 830 δὲ
363 777 460 830 σὺν
499 776 635 846 αὐτῇ
677 774 774 845 τὴν
808 770 1139 847 Σαμάρειαν,
1180 778 1266 829 ἐπ’
1305 777 1475 848 αὐτὴν
1506 777 1591 849 ᾔει
1619 778 1717 848 τὴν
1748 777 1842 831 ἰε-

275 865 551 937 ρουσαλὴμ
582 865 891 937 μυριάνδρῳ
915 865 941 905 δ
972 866 1172 937 πληθύῖ
1201 867 1308 921 τῶν
1342 868 1447 922 ὑπὸ
1485 871 1640 940 χεῖρα
1685 869 1840 940 δορυ-

273 956 638 1027 φορούμενος*
681 956 774 1008 καὶ
808 955 1065 1025 φάλαγγα
1113 955 1213 1025 μὲν
1261 955 1489 1027 ἱππικὴν
1522 957 1622 1009 οὐκ
1667 954 1841 1025 εὐχεί-

277 1064 442 1119 ρωτον
487 1046 646 1117 ἔχων.
686 1042 886 1116 μᾶλλον
920 1045 976 1099 δὲ
1010 1045 1100 1099 καὶ
1132 1045 1487 1117 δυσάντητον·
1529 1046 1753 1117 ὁπλίτην
1783 1045 1839 1099 δὲ

273 1135 601 1209 πεζομάχον,
642 1138 737 1192 καὶ
782 1140 901 1201 ταῖς
942 1137 1191 1208 ψάμμοις
1240 1138 1545 1210 ἰσάριθμον.
1596 1135 1728 1192 Εἶτα
1760 1136 1840 1209 τῷ

272 1232 433 1302 τείχει
468 1231 805 1302 περιστήσας
828 1241 851 1269 ο
883 1228 1154 1294 ἑλεπόλεις
1184 1232 1275 1283 καὶ
1319 1231 1414 1299 τὴν
1442 1230 1534 1284 τοῦ
1602 1230 1838 1301 πολέμου

272 1321 645 1393 παρασκευὴν,
690 1320 971 1384 ἁπονοίαις
1007 1338 1065 1373 τε
1101 1314 1465 1392 ¹βαρϐαρικαῖς
1497 1321 1558 1375 οὐ
1604 1326 1841 1395 μετρίως

272 1409 1073 1491 κατωφρυωμένοςηαίρήσειν
1125 1410 1224 1479 μὲν
1272 1411 1411 1464 κατὰ
1460 1411 1659 1482 κράτος
1703 1410 1838 1482 ὁμοῦ

272 1504 389 1565 ταῖς
416 1501 602 1564 ἄλλαις
641 1502 736 1554 καὶ¹
775 1500 945 1571 αὐτὴν
978 1501 1180 1570 ἔςασκε
1219 1503 1318 1573 τὴν
1347 1501 1504 1571 ἁγίαν
1543 1502 1716 1569 πόλιν,
1747 1505 1842 1557 καὶ

273 1593 367 1662 τῆς
406 1594 644 1664 άρῤήτου
673 1591 829 1659 δόξης
861 1591 1311 1663 κατεθρασύνετο,
1334 1593 1429 1645 καὶ
1451 1592 1698 1664 παλιμφή
1709 1610 1842 1664 μους

272 1683 418 1752 ἧφίει
442 1683 645 1751 φωνὰς,
669 1683 883 1753 ἀκρατῆ
911 1684 1005 1736 καὶ
1031 1682 1278 1752 ἀχάλινον
1301 1682 1396 1753 τὴν
1419 1682 1669 1751 γλῶσσαν
1695 1683 1838 1747 ἀνεὶς

1218 388 1302 442 DE
1343 378 1782 451 RECTXFIDE,
1824 387 1913 440 AD
1954 384 2403 442 THEODOSIUM
2445 384 2579 439 ινιτ.

3374 379 3509 435 1158

2014 504 2104 559 Ill.
2158 504 2281 559 Fuit
2331 520 2394 558 ex
2439 503 2649 556 Persica
2684 502 2959 570 liabylunc'
3013 501 3094 553 vir
3146 499 3383 568 quidam,
3417 501 3507 549 t-tti

1942 592 2210 662 liapsaces
2227 608 2440 648 nomen.
2465 591 2559 645 llic
2581 603 2926 660 pos‘eaqnam
2956 590 3260 642 universum
3289 584 3505 640 Judaeu—

1941 699 2057 736 rttnt
2100 683 2427 753 provinciam
2474 680 2857 748 propemodm]
2939 687 3283 743 occupasset,
3314 674 3506 729 Sama-

1940 774 2186 841 riamqne
2223 787 2325 825 una
2357 785 2478 825 eum
2513 771 2622 839 ipsa
2667 768 2932 822 hostiliter
2962 766 3310 835 tit-populatus
3341 774 3505 827 esset,

1940 864 2111 934 copiis
2140 861 2624 918 innumerabilibus
2669 861 2900 928 stipatus
2929 859 3098 925 ipsam
3134 871 3348 926 quoque
3385 855 3508 908 llic-

1940 956 2263 1027 rosolymam
2311 955 2507 1008 adoriri
2563 953 2900 1006 moliebatur.
2948 948 3342 1002 Porro—autem
3386 961 3505 998 cum

1943 1049 2167 1104 minime
2208 1046 2648 1108 contemnendas,
2698 1046 2803 1098 imo
2845 1059 2995 1098 vero.
3022 1049 3228 1096 tantmu
3274 1053 3380 1093 non
3425 1036 3511 1089 in-

1941 1137 2325 1207 expugnabiles
2364 1135 2604 1205 equitnm
2654 1145 2863 1188 turmas
2902 1133 3307 1202 peditatumque
3348 1125 3515 1179 maris

1942 1244 2136 1284 arenas
2167 1242 2302 1296 pene
2347 1238 2649 1296 :eqttautem
2686 1224 2999 1295 adduceret,
3068 1219 3386 1275 vastatriees
3421 1232 3513 1271 ur-

1942 1316 2395 1375 binnrmachinas
2442 1317 2814 1385 reliquumque
2847 1312 2969 1370 belli
3016 1322 3333 1383 apparatum
3386 1307 3516 1364 civi-

1945 1411 2071 1464 tatis
2149 1410 2415 1464 mmnibns
2483 1410 2765 1472 admovet;
2812 1406 3147 1475 barbaraque
3199 1401 3419 1457 vesania
3453 1412 3517 1453 ac

1940 1501 2232 1570 Sttpercilio
2259 1498 2548 1570 plurimum
2598 1498 2789 1561 elatus,
2824 1498 2874 1567 3
2913 1491 3154 1551 sanctani
3201 1491 3515 1560 Hierosoly-

1943 1609 2152 1648 morum
2191 1593 2464 1648 civitatem
2513 1590 2732 1657 perinde
2772 1606 2835 1642 ac
2868 1589 3002 1642 alias
3033 1588 3082 1639 vi
3123 1601 3182 1640 se
3227 1593 3513 1653 capturum

1941 1692 2475 1753 expugnatnrnmqne
2519 1681 2836 1750 iactitabat,
2882 1688 2956 1745 et,
3013 1687 3197 1731 contra
3251 1687 3518 1727 veneran-

274 1775 365 1827 ἐπὶ
407 1772 543 1844 Θεῷ.
572 1774 713 1845 Ἔφη
741 1773 855 1845 γὰρ
898 1776 980 1828 ὅτι
1016 1773 1116 1827 κᾶν
1160 1775 1207 1826 εἰ
1239 1773 1479 1843 βούλοιτο
1515 1771 1707 1838 σώζειν
1740 1774 1838 1826 αὐ-

1955 1776 2064 1829 lam
2112 1772 2204 1827 Dei
2242 1773 2575 1843 maiestatem
2633 1772 2932 1842 petulanter
2962 1784 3175 1839 quoque
3211 1767 3513 1835 insurgens,

272 1865 418 1928 τοὺς,
459 1864 713 1935 ἀνόνητον
745 1863 960 1917 ἔσεσθαι
990 1866 1103 1927 τοῖς
1140 1864 1226 1917 ἐπ’
1250 1863 1397 1935 αὐτῷ
1432 1864 1715 1917 πεποιθόσι
1744 1863 1842 1935 τὴν

273 1956 431 2026 χάριν
468 1958 566 2026 τῆς
607 1953 944 2026 ἐπικουρίας.
979 1952 1201 2026 Ἐπειδὴ
1229 1954 1285 2008 δὲ
1317 1948 1451 2027 ἧκον
1482 1974 1623 2020 τινες
1655 1957 1839 2024 ἀπαγ-

275 2048 554 2114 γέλλοντες
584 2046 659 2116 τῷ
688 2032 899 2118 βασιλεῖ
920 2046 1020 2116 τῆς
1046 2044 1254 2101 ἑκείνου
1281 2049 1602 2119 σκαιότητος
1625 2055 1694 2101 τά
1732 2049 1845 2102 τολ-

278 2140 526 2209 μήματα,
577 2139 668 2190 καὶ
711 2139 837 2192 τοῦς
884 2137 1153 2209 Περσικοῦ
1203 2139 1548 2211 φρονήματος
1576 2141 1845 2211 γέμοντας

272 2229 483 2299 λόγους,
513 2227 634 2282 τότε
657 2227 743 2298 δὴ,
780 2226 900 2281 τότε
938 2229 1124 2299 μόναις
1154 2226 1341 2300 ὥσπερ
1369 2227 1686 2300 ἐπαλγήσας
1726 2231 1846 2292 ταῖς

273 2322 417 2377 κατὰ
460 2319 597 2374 Θεοῦ
634 2319 1001 2390 δυσφημίαις,
1048 2320 1141 2374 καὶ
1176 2318 1270 2372 τοῦ
1313 2320 1411 2392 τὴν
1452 2319 1603 2373 πόλιν
1641 2319 1846 2373 ἁλῶναι

271 2413 474 2483 ταύτην
503 2409 720 2465 ἔσεσθαι
750 2413 1025 2481 πρόφασιν
1064 2412 1350 2483 ἐμφρόνως
1381 2410 1715 2482 ὑπειληφὼς,
1752 2430 1847 2465 πε-

278 2504 633 2575 ριερρήγνυτο
665 2502 765 2574 τὴν
788 2503 1010 2574 ἐσθῆτα,
1043 2504 1137 2557 καὶ
1163 2505 1241 2568 είς
1267 2504 1359 2556 τὸν
1382 2498 1528 2557 οἷκον
1556 2503 1720 2574 ἀνέϐη
1752 2502 1845 2557 τοῦ

272 2592 431 2657 Θεοῦ,
481 2592 652 2658 λιταῖς
694 2594 934 2665 δηλονότι
976 2595 1076 2665 τὴν
1108 2594 1259 2648 θείαν
1295 2594 1464 2666 ὀργὴν
1508 2594 1844 2667 ὑποτρέχων,

274 2686 369 2738 καὶ
416 2685 523 2739 τῶν
565 2685 659 2739 ἐπὶ
708 2688 827 2749 ταῖς
888 2686 1221 2757 δυσφημίαις
1273 2687 1610 2757 αἰτιαμάτων
1660 2686 1846 2741 ἑαυτὸν

275 2775 652 2843 ἀπαλλάττων.
682 2778 792 2830 Καὶ
822 2778 875 2830 τί
902 2777 962 2831 τδ
990 2777 1266 2845 ὲντεῦθεν;
1303 2778 1521 2849 Εὐμενῆ
1555 2779 1648 2833 καὶ
1689 2779 1848 2834 ἵλεων

275 2867 646 2937 κατεστήσατο
684 2867 776 2920 τὸν
824 2866 934 2920 τῶν
979 2866 1259 2938 δυνάμεων
1318 2866 1558 2937 Κύριον·
1597 2851 1846 2938 νενίκηκε

274 2957 369 3011 τὸν
404 2957 716 3030 Ἀσσύριον·
749 2958 846 3029 οὐχ
887 2958 1055 3012 ἵππον
1098 2960 1178 3020 είς
1213 2959 1390 3030 μάχην
1419 2957 1645 3022 ὁπλίσας
1687 2957 1848 3030 εὐχά-

274 3047 444 3109 λινον,
489 3047 551 3099 οὐ
601 3047 828 3114 τοξοτῶν
865 3049 1169 3120 εὐστοχίαις
1191 3091 1206 3114 ,
1246 3048 1308 3102 οὐ
1342 3049 1581 3121 δοράτων
1627 3050 1807 3121 βολαῖς
1829 3090 1844 3114 ,

1946 1866 2220 1932 liberaqne
2266 1862 2802 1929 incontinentissitmc
2845 1876 2907 1914 ac
2947 1857 3378 1914 insolentissimze
3425 1854 3518 1907 lin-

1945 1969 2063 2022 gua:
2094 1954 2240 2007 l'rena
2289 1953 2627 2022 permittens,
2683 1950 2995 2005 naaletlictas
3044 1948 3098 2002 in
3157 1947 3325 2002 Deum
3359 1960 3517 2000 voces

1945 2049 2267 2114 detorquere
2321 2060 2447 2098 non.
2478 2042 2779 2097 dubitabat.
2823 2042 3018 2096 Aiebat
3060 2041 3225 2104 enim,
3277 2054 3372 2094 eos
3424 2040 3514 2108 qui

1944 2151 2095 2191 suam
2134 2134 2187 2189 in
2225 2135 2401 2206 ipsum
2435 2149 2585 2205 spem
2626 2133 3045 2200 collocaveram,
3078 2131 3289 2187 etiamsi
3332 2128 3514 2192 vellet,

1945 2242 2166 2283 servare
2199 2228 2508 2296 speratiqne
2550 2223 2772 2282 subsidii
2807 2225 3123 2279 beneficium
3157 2223 3357 2279 eisdem
3387 2238 3518 2291 pne-

1946 2330 2094 2375 stare
2131 2335 2235 2373 non
2297 2335 2455 2390 posse
2492 2320 2535 2374 ⁸.
2573 2320 2705 2377 Cum
2750 2337 2877 2391 ergo
2900 2320 3259 2375 accessissent
3298 2319 3389 2387 qni
3431 2319 3516 2372 in-

1944 2423 2106 2463 sanos
2159 2408 2301 2463 illius
2355 2418 2605 2473 conatus,
2655 2410 2926 2479 verbaque
2970 2409 3184 2465 Persico
3231 2408 3369 2464 [astu
3404 2418 3518 2462 tur-

1945 2501 2123 2570 gentia
2157 2500 2266 2569 regi
2289 2499 2689 2566 denuntiarent,
2726 2501 2834 2567 ille,
2862 2501 2972 2556 sola
2997 2499 3236 2555 convicia
3269 2501 3320 2554 in
3351 2499 3516 2555 Deum

1946 2591 2161 2646 detorta
2196 2591 2480 2661 regerrime
2514 2591 2717 2657 ferens,
2762 2607 2933 2662 eaque
2966 2592 3242 2661 capiendae
3284 2590 3520 2646 civitatis

1944 2696 2163 2738 causam
2202 2697 2322 2738 esse
2357 2697 2514 2752 posse
2546 2683 2653 2757 [pie
2713 2683 3113 2753 prudenterque
3143 2682 3516 2745 considerans,

1945 2774 2235 2844 derepente
2270 2758 2545 2829 eonsmssa
2595 2783 2744 2828 veste
2779 2775 2831 2830 in
2876 2774 3093 2829 domum
3129 2772 3221 2828 Dei
3256 2771 3517 2837 ascendit,

1946 2865 2259 2936 suppliciter
2315 2865 2409 2921 ira:
2455 2865 2649 2920 divina:
2691 2865 3194 2929 obsecundanshet
3232 2878 3291 2919 se
3328 2863 3398 2917 ab
3430 2861 3523 2916 illo

1946 2956 2404 3027 blasphemiarum
2447 2957 2675 3012 crimine
2712 2955 3021 3013 exsolvens.
3052 2954 3256 3025 Ecquid
3287 2954 3376 3009 illo
3404 2964 3521 3008 stn-

1948 3048 2037 3104 dio
2064 3049 2368 3119 promovit?
2393 3046 2526 3105 Illud
2553 3049 2828 3116 nimirum,
2865 3051 3006 3121 quod
3046 3050 3302 3104 virtutum
3337 3045 3523 3101 Domi-

274 3137 400 3191 οὐδὲ
434 3141 552 3202 ταῖς
598 3136 705 3191 τῶν
733 3139 1006 3193 τακτικῶν
1029 3115 1364 3211 ψέμπειρίαις
1405 3115 1511 3195 τῶν
1544 3115 1649 3195 ὐπύ
1680 3144 1847 3213 ,χεῖρα

1955 3115 2080 3193 nuni
2116 3139 2405 3208 benignum
2455 3143 2861 3213 propitiamque
2883 3115 3007 3198 tsibi
3043 3139 3313 3197 reddidit:
3346 3155 3522 3209 quan-

276 3226 579 3300 χρώμενος,
612 3226 777 3300 ψήφῳ
802 3228 858 3281 δὲ
898 3227 1098 3299 μᾶλλον
1127 3231 1193 3301 τῇ
1230 3228 1379 3300 παρὰ
1407 3227 1563 3293 Θεοῦ,
1607 3229 1706 3299 τῆς
1738 3229 1847 3283 τῶν

290 3319 592 3391 ’Λσσυρίων
618 3321 875 3390 στρατιᾶς
902 3319 992 3373 τὸν
1035 3320 1094 3373 ὲν
1130 3321 1229 3392 μιᾷ
1264 3320 1419 3374 νυκτὶ
1461 3320 1849 3393 καθορίσαντος

279 3408 530 3464 θάνατον.
564 3428 582 3461 ι
626 3409 845 3481 Ἐξῆλθε
871 3408 1000 3480 γὰρ,
1029 3409 1211 3481 φησὶν,
1244 3409 1473 3477 ἅγγελος
1501 3410 1730 3482 Κυρίου,
1757 3411 1851 3465 καὶ

280 3499 491 3553 ἀνεῖλεν
536 3501 601 3553 ὲκ
640 3503 738 3572 τῆς
785 3500 1136 3572 παρεμϐολῆς
1175 3501 1282 3554 τῶν
1316 3500 1614 3573 Ἀσσυρίων
1662 3502 1854 3555 ἑκατὸν

279 3591 613 3663 ὀγδοήκοντα
640 3592 798 3645 πέντε
819 3591 1081 3661 χιλιάδας.
1104 3592 1214 3643 Καὶ
1233 3590 1561 3654 ἀναστάντες
1583 3592 1661 3663 τῷ
1688 3590 1854 3663 πρωῒ,

284 3678 444 3754 εὗρον
476 3683 654 3736 πάντα
673 3683 741 3736 τά
774 3682 1002 3753 σώματα
1034 3682 1222 3754 νεκρά.
1261 3701 1279 3732 ι
1314 3676 1473 3736 Οὗτοι
1498 3683 1595 3753 τῆς
1631 3685 1709 3747 είς
1726 3682 1857 3737 Θεὸν

284 3771 568 3832 εὐσεϐείας
598 3772 821 3839 καρποὶ,
852 3772 945 3826 καὶ
973 3771 1063 3825 τοῦ
1099 3773 1173 3843 μὴ
1203 3772 1529 3844 ἀνασχέσθαι
1567 3773 1772 3844 φωνῆς,
1808 3776 1857 3828 εί

285 3861 413 3916 κατ’
436 3862 609 3933 αὐτῆς
633 3865 731 3933 τῆς
758 3863 906 3926 θείας
939 3863 1146 3932 γένοιτο
1173 3862 1348 3934 δόξης.

1956 3230 2268 3300 duquidem,
2303 3248 2406 3287 non
2467 3232 2691 3287 frenatis
2743 3243 2797 3287 et
2846 3233 2913 3288 ad
2954 3248 3185 3303 pugnam
3246 3229 3527 3286 instructis

1955 3321 2129 3389 equis,
2166 3337 2271 3376 non
2298 3324 2703 3395 sagittariorum
2749 3325 3094 3388 dexteritate,
3146 3339 3256 3379 non
3288 3323 3528 3377 haStato-

1958 3427 2076 3466 rum
2108 3412 2252 3481 pilis,
2285 3406 2388 3468 non
2418 3413 2614 3469 ducum
2653 3417 2864 3486 peritia,
2897 3417 2988 3472 sed
3031 3414 3123 3471 Dei
3152 3413 3367 3469 auxiliis
3402 3427 3529 3466 usus

1960 3505 2328 3576 munitusque,
2364 3509 2616 3578 Assyrios
2663 3508 2918 3564 debellari
2951 3509 3198 3574 volentis,
3233 3523 3338 3561 una
3372 3515 3531 3561 noete

1959 3610 2172 3652 onmem
2206 3598 2415 3653 illormn
2461 3601 2759 3656 exercitum
2786 3601 3005 3673 delevit,
3056 3599 3327 3669 Scriptum
3375 3612 3530 3651 nam-

1960 3700 2066 3755 que
2085 3697 2208 3743 est:
2257 3707 2276 3741 ι
2309 3689 2567 3759 Egressus
2597 3704 2679 3746 est
2705 3702 2884 3747 autem
2917 3691 3139 3763 angelus
3182 3689 3416 3753 Domini,
3478 3697 3533 3741 et

1962 3779 2229 3847 percussit
2263 3793 2333 3834 ex
2367 3781 2562 3835 castris
2599 3781 2947 3851 Assyriorum
2989 3789 3207 3835 centum
3261 3776 3533 3847 octoginta

1961 3866 2199 3937 quinque
2226 3867 2413 3922 millia.
2444 3869 2511 3922 Et
2530 3880 2811 3937 surgentes
2832 3886 2987 3924 tuane
3009 3870 3327 3926 invenerunt
3351 3869 3530 3925 onmia

283 3972 511 4027 corpora
546 3958 825 4015 mortua".
866 3977 886 4010 ι
934 3958 995 4013 lli
1080 3960 1295 4030 pietatis
1334 3970 1459 4013 sunt
1501 3958 1749 4024 fructus;
1789 3961 1900 4016 hzec
1940 3975 2149 4029 eorum,
2179 3963 2270 4032 qui
2305 3962 2648 4033 blasphemas
2709 3968 2758 4019 in
2792 3963 2955 4020 Deum
2997 3980 3155 4022 voces
3183 3980 3288 4021 non
3332 3964 3531 4030 l'crunt,

346 4066 517 4106 BI'CBS.

346 4068 517 4106 crees.

284 4068 339 4108 πὶ
358 4144 430 4195 A'.
466 4143 586 4196 Δεῖν
608 4141 665 4196 δὲ
694 4137 845 4213 οἶμαι
876 4141 1107 4213 μάλιστα
1136 4143 1256 4207 ταῖς
1290 4140 1553 4211 βασιλέων
1582 4141 1862 4195 εὐσεϐέσιν

284 4234 479 4297 ἀκοαῖς
510 4232 867 4303 παλίμφημον
911 4231 1010 4301 μὲν
1037 4232 1189 4285 οὐδὲν
1220 4230 1496 4285 λαλεῖσθαι
1522 4230 1663 4284 κατὰ
1703 4230 1859 4294 Θεοῦ,

2042 4143 2132 4199 IV.
2160 4144 2412 4200 Arbitror
2448 4154 2625 4202 autem
2668 4146 2734 4202 ad
2766 4147 2886 4215 pias
2929 4147 3230 4218 principum
3264 4162 3421 4203 aures
3454 4150 3539 4203 ni-

1971 4231 2043 4287 hil
2077 4234 2245 4303 quod-
2269 4234 2321 4288 in
2356 4234 2525 4290 Deum
2559 4234 2929 4306 blasphetnum
2962 4238 3053 4303 sit,
3086 4236 3268 4291 επιειτί
3300 4237 3534 4301 debere;

286 4327 475 4378 ἐκεῖνα
516 4323 573 4377 δὲ
618 4324 837 4395 μᾶλλον,
876 4324 976 4378 ὅσα
1025 4324 1118 4377 καὶ
1149 4321 1341 4395 μώμου
1380 4321 1580 4385 παντὸς
1625 4323 1718 4376 καὶ
1748 4322 1851 4377 δια-

1970 4337 2150 4379 verum
2182 4324 2232 4379 id
2266 4320 2492 4386 tantum,
2529 4327 2669 4395 quod
2704 4336 2856 4381 extra
2900 4343 3112 4382 omnem
3158 4338 3337 4383 notant
3364 4336 3416 4382 et
3452 4344 3540 4383 rr-

287 4415 457 4485 εολῆς
501 4416 758 4469 ἐπέκεινα
788 4415 992 4486 τρέχει,
1024 4417 1117 4469 καὶ
1149 4416 1247 4485 τῆς
1296 4413 1607 4487 πρεπούσης
1653 4413 1862 4479 δοξολοο

284 4508 416 4578 γίας
460 4507 619 4579 αὐτῴ
656 4509 889 4562 ποιεῖται
924 4507 1023 4577 τὴν
1064 4506 1289 4560 ἔκτισιν.
1333 4507 1565 4577 Ἀριστα
1606 4505 1663 4558 δὲ
1707 4504 1864 4558 τοῦτο

282 4598 446 4669 κάγὼ
483 4597 636 4664 εἰδὼς
670 4598 833 4671 ἔχειν,
865 4600 1246 4671 παρωρμήθην
1276 4599 1611 4668 ἀναγκαίως,
1641 4599 1739 4670 τῆς
1769 4599 1865 4670 ὀρ-

282 4692 393 4762 θῆς
416 4709 475 4745 τε
508 4693 601 4746 καὶ
636 4689 1001 4761 ἀποστολικῆς
1044 4689 1279 4754 πίστεως
1304 4691 1403 4759 τὴν
1438 4690 1734 4759 παράδοσιν
1771 4690 1864 4757 ὲγα

280 4784 501 4856 γράψαι
546 4784 643 4856 μὲν
681 4782 819 4854 τῷδε
862 4779 941 4852 τῷ
988 4779 1206 4851 βιϐλίῳ,
1261 4779 1434 4846 ξένιον
1474 4779 1529 4833 δὲ
1576 4778 1763 4850 ὥσπερ
1810 4797 1861 4833 τι

283 4877 661 4948 πνευματικὸν
706 4872 1072 4946 προσκομίσαι
1116 4872 1193 4943 τῷ
1223 4872 1470 4943 ὑμετέρῳ
1520 4872 1739 4943 κράτει,
1773 4875 1864 4926 καὶ

284 4970 487 5033 αὐταῖς
511 4968 568 5023 δὲ
596 4970 714 5032 ταῖς
759 4964 1200 5035 θεοφιλεστάταις
1236 4962 1452 5035 άληθῶς
1487 4962 1773 5032 βασιλίσιν,
1810 4962 1865 5015 αἳ

281 5065 361 5134 τῇ
396 5062 637 5135 ὑμετέρα
663 5059 986 5132 γαληνότητι
1020 5057 1510 5130 συναστράπτουσι.
1542 5055 1651 5109 Καὶ
1679 5058 1711 5126 ἡ
1760 5055 1861 5125 μὲν

283 5155 417 5217 ταῖς
445 5151 858 5215 εὐκταιοτάταις
885 5150 1014 5222 ὑμῖν
1041 5147 1355 5219 ὲπαυχοῦσα
1396 5149 1599 5215 γοναῖς,
1632 5147 1726 5200 καὶ
1773 5145 1869 5214 τῆς

288 5245 471 5300 εἰσαεὶ
509 5243 770 5314 διαμονῆς
799 5241 898 5306 τὰς
922 5241 1153 5323 ,ἐλπίδας
1183 5242 1295 5301 τοῖς
1338 5239 1640 5310 σκήπτροις
1682 5236 1871 5304 εἰσφέ-

291 5337 558 5429 ρουσα-κὴ
587 5335 643 5389 δὲ
673 5336 785 5398 τοῖς
823 5332 1172 5404 παρθενικοῖς
1216 5329 1558 5403 βλαστήμασι
1597 5326 1875 5398 συνακμά-

1965 4416 2375 4486 prebensioncm
2409 4417 2666 4488 positum,
2702 4419 2767 4474 ad
2814 4419 3023 4477 laudem
3054 4430 3107 4475 et
3139 4419 3387 4492 gloriam,
3420 4438 3540 4491 qua:

1962 4523 2173 4563 summo
2198 4508 2323 4576 jure
2357 4524 2570 4565 summo
2605 4510 2679 4565 illi
2709 4510 2928 4568 Numini
2966 4513 3251 4581 debentur,
3281 4515 3428 4570 omni
3472 4528 3540 4567 ex

1966 4610 2118 4670 parte
2175 4599 2358 4657 faciat.
2406 4602 2537 4657 Cum
2590 4618 2722 4674 ergo
2770 4606 3030 4676 optimum
3094 4606 3541 4661 convenientissi-

1968 4705 2219 4759 mumqne
2250 4690 2303 4746 id
2336 4705 2457 4747 esse
2482 4702 2817 4762 compertum
2850 4695 3098 4759 habeam,
3137 4694 3333 4750 incitor
3367 4709 3543 4749 neces-

1969 4782 2133 4847 sario,
2159 4789 2217 4836 ut
2243 4792 2404 4836 rectae
2426 4782 2546 4836 ﬁdei
2575 4798 2836 4839 canonem
2877 4786 2943 4839 ab
2978 4785 3235 4855 apostolis
3263 4785 3539 4848 traditum,

1969 4881 2025 4927 et
2086 4873 2530 4928 commentariolo
2594 4875 2695 4929 hoc
2761 4874 3001 4930 breviter
3068 4874 3541 4945 comprehensum,

1970 4964 2129 5019 veluti
2163 4964 2405 5032 spiritale
2436 4964 2704 5034 quoddam
2741 4966 2978 5029 senium,
3027 4981 3148 5021 cum
3182 4976 3377 5021 vestra:
3426 4983 3543 5021 ma-

1961 5053 2174 5124 jestati,
2216 5064 2326 5109 tum
2354 5054 2491 5124 ipsis
2521 5069 2736 5125 quoque
2780 5056 2981 5127 reginis
3017 5071 3157 5111 verte
3189 5056 3404 5127 pietatis
3432 5070 3549 5113 Stu-

1969 5146 2296 5201 diosissintis
2323 5145 2547 5201 oll‘erant
2570 5187 2584 5211 ,
2620 5158 2679 5201 ut
2726 5162 2845 5216 qum
2880 5147 3063 5202 ambae
3087 5163 3188 5202 una
3219 5162 3339 5202 cum
3366 5160 3544 5203 vestra

1972 5239 2265 5292 serenitate
2300 5247 2590 5293 corusccnt
2630 5237 3017 5308 insigniterque
3051 5238 3274 5295 ﬂoreant
3313 5258 3326 5295 :
3376 5241 3543 5296 altera

1972 5330 2141 5395 enim,
2179 5328 2365 5384 sobole
2394 5327 2547 5383 vobis
2575 5322 2983 5396 exoptatissima
3013 5330 3158 5398 felix,
3200 5332 3348 5404 regni
3382 5333 3545 5388 vestri

373 5491 393 5521 "
417 5488 482 5546 iV
514 5490 645 5563 Reg.
682 5504 838 5557 xvnt,
877 5488 946 5545 15
980 5503 1180 5559 seqq.;
1216 5486 1318 5544 Isa.
1356 5500 1542 5552 xxxvi,
1578 5484 1614 5538 2
1645 5498 1797 5554 seqq.
1876 5483 1895 5513 ‘
1921 5481 1988 5537 iV
2025 5481 2155 5553 Reg.
2195 5498 2310 5549 xu,
2346 5481 2436 5549 35;
2472 5482 2574 5538 lsa.
2614 5498 2822 5548 xxxv”,
2852 5482 2940 5538 56.
2976 5534 2981 5540 .

1385 5639 1556 5697 Variae
1583 5638 1841 5697 lectiones
1862 5636 2064 5694 codicis
2094 5633 2448 5705 Segttieriani.

374 5790 399 5832 ά
436 5792 730 5864 μυριάδων.
815 5801 835 5829 ί
869 5790 1244 5864 παραστήσας.
