3912 6182
455 362 592 419 1159

1463 361 1520 418 S.
1560 359 1829 416 CYRILLI
1868 361 2333 417 ALEXANDRINI
2372 362 2689 418 ARCIHEP.

3582 371 3729 428 1H0

453 482 683 551 sceptris
726 492 999 554 perpetua:
1046 484 1411 540 successionis
1442 498 1594 554 spem
1627 479 1826 546 aﬂert;
1862 480 2026 536 altera

2138 481 2325 546 ζουσα,
2353 483 2446 537 καὶ
2474 482 2572 546 τὰς
2605 483 2706 553 τῆς
2735 479 3128 553 εύκλεεστάτης
3157 482 3312 553 ύμῶν
3342 483 3621 556 βασιλείας
3645 490 3725 541 eia

453 587 609 639 vero,
640 572 785 630 inter
812 575 1081 647 virgineas
1111 591 1355 647 gemmas
1376 575 1714 635 adolescens.
1752 574 1900 643 regni
1936 588 2031 627 ve-

392 702 397 705 -
453 664 551 718 atri
604 664 1004 733 praclarissimi
1059 682 1224 724 curas
1271 668 1551 723 vobiscum
1588 650 1905 721 communes
1936 663 2034 719 ha-

453 754 562 808 bet.
635 756 804 825 Igitur
858 769 916 814 ut
969 761 1274 815 veneranda
1332 760 1506 830 capita
1541 767 1810 814 exornant
1863 756 2028 812 Indici

453 847 717 915 uniones,
775 849 848 904 ita
909 850 1171 920 spiritalis
1214 852 1409 906 animae
1458 850 1763 918 mentisque
1807 857 2032 905 ornatus

364 969 372 977 ι
453 936 559 991 erit
605 949 774 1005 recta,
800 940 857 1014 4
881 943 1091 997 sincera
1151 942 1535 1013 inculpataque
1592 930 1644 996 in
1677 940 1844 995 Deum
1877 940 2029 994 lides.

452 1026 623 1092 Quam
651 1033 870 1103 quidem
917 1032 1097 1099 iidem,
1143 1034 1269 1104 quia
1302 1050 1396 1090 vos
1432 1043 1849 1090 couservaturos
1875 1032 2033 1104 plane

335 1188 357 1195 η
453 1127 686 1192 confido,
749 1142 989 1196 praesens
1064 1128 1168 1184 hoc
1212 1129 1472 1198 scriptum
1540 1117 2032 1197 veluti'quoddam

452 1220 650 1274 mentis
699 1218 1126 1286 firmamentum,
1174 1220 1474 1290 animaeque
1506 1219 1709 1281 hunen,
1745 1228 1797 1275 et
1849 1219 2031 1274 cordis

450 1325 709 1364 coronam
746 1307 938 1365 odero.
978 1309 1250 1380 Scriptum
1301 1314 1384 1365 eet
1426 1311 1571 1366 enim
1622 1328 1637 1366 :
1676 1330 1698 1363 ι
1735 1310 1924 1366 Melibr
1948 1320 2034 1366 est

431 1402 712 1479 sapientia
754 1400 1030 1472 lapidibus
1066 1402 1355 1474 pretiosis;
1386 1410 1440 1457 et
1468 1417 1631 1458 oume
1671 1401 2032 1459 desiderabile

447 1493 500 1548 ei
546 1509 654 1548 non
707 1502 881 1563 potest
924 1493 1231 1563 comparari
1271 1493 1314 1549 ⁷.
1347 1512 1367 1546 ι
1415 1493 1490 1549 De
1540 1492 1810 1564 Unigeniti
1849 1493 2035 1564 itaque

450 1586 826 1641 incarnatione
872 1583 1111 1641 breviter
1152 1585 1315 1639 verba
1363 1584 1625 1651 facturus,
1663 1600 1908 1656 quaenam
1942 1600 2032 1641 sa-

449 1679 722 1736 erameuti
756 1680 917 1750 hujus
960 1679 1097 1734 ratio
1124 1680 1373 1744 exsistat,
1416 1689 1618 1749 quanta
1651 1678 1870 1749 quidem
1905 1694 2026 1750 per—

449 1774 734 1843 spicuitate
773 1773 839 1827 ab
890 1772 959 1827 iis
1017 1771 1069 1827 id
1117 1769 1232 1826 ﬁeri
1283 1770 1482 1841 poterit
1544 1768 1637 1840 qui
1697 1769 1749 1823 in
1811 1770 2034 1839 speculo

2136 573 2431 645 κειουμένη
2462 573 2767 646 φροντίδας.
2799 571 2952 626 Λίθοι
2989 571 3088 642 μὲν
3126 568 3222 626 οὖν
3247 573 3465 627 Ἰνδικοὶ
3480 576 3577 640 τὰς
3606 579 3723 631 ἀοι-

2134 667 2322 737 δίμους
2365 667 2520 738 ὑμῶν
2566 666 3063 739 καταφαιδρύνουσι
3119 666 3396 736 κεφαλάς,
3445 667 3624 739 ψυχῆς
3664 670 3722 726 δὲ

2138 758 2230 811 καί
2264 755 2354 810 νοῦ
2391 757 2579 827 νοητὸς
2609 755 2676 810 ἂν
2710 755 2961 825 γένοιτοί
3000 756 3223 826 κόσμος,
3255 758 3438 822 πίστις
3468 757 3605 829 όρθὴ
3628 760 3725 811 καὶ

2137 847 2534 918 ἀκαπήλευτος.
2565 846 2669 901 Ἢν
2702 847 2783 900 ὅτι
2818 847 3089 916 τηρήσετε
3123 845 3501 918 τεθαρσηκὼς,
3544 865 3722 918 προσ-

2136 939 2254 1007 άγω
2319 939 2412 994 τδν
2469 939 2662 1008 λόγον,
2718 939 2795 1002 ὡς
2848 938 3084 1010 ἔρεισμα
3157 938 3291 1002 νοῦ,
3380 939 3473 993 καὶ
3538 940 3727 1010 ψυῂς

2135 1032 2441 1103 ἀγλάϊσμα,
2483 1033 2576 1086 καὶ
2608 1032 2836 1104 καρδίας
2885 1031 3169 1101 στέφανον.
3220 1032 3532 1103 Γέγραπται
3573 1032 3723 1103 γὰρ,

2134 1125 2223 1187 ὅτι,
2259 1143 2276 1176 ι
2320 1124 2608 1196 Κρείσσων
2650 1125 2810 1195 σοφία
2835 1125 3002 1179 λίθων
3031 1123 3367 1178 πολυτελῶν·
3399 1125 3509 1178 πᾶν
3551 1124 3610 1177 δὲ
3640 1124 3723 1177 τί·

2139 1232 2261 1286 μιον
2290 1215 2391 1269 οῦκ
2436 1214 2585 1280 ἄξιον
2617 1215 2786 1285 αὐτῆς
2831 1217 2998 1270 ἐστιν.
3028 1232 3047 1265 ι
3086 1214 3300 1268 Οὐκοῦν
3332 1213 3423 1267 διὰ
3470 1212 3732 1285 βραχέων

2136 1310 2309 1362 εἰπεῖν
2346 1308 2680 1380 πειράσομαι
2711 1307 2779 1361 τὰ
2808 1308 2938 1379 περὶ
2973 1307 3074 1378 τῆς
3116 1305 3583 1377 ἐναδθρωπήσεως
3622 1305 3723 1358 τοῦ

2136 1399 2496 1469 Μονογενοῦς,
2529 1400 2622 1453 καὶ
2651 1388 2684 1452 ὅ
2712 1398 2764 1451 τί
2800 1399 2931 1452 ποτέ
2962 1399 3077 1451 ἐστι
3118 1398 3178 1451 τὸ
3212 1398 3299 1451 ἐπ’
3330 1395 3481 1466 αὐτῷ
3512 1396 3728 1467 μυστήο

2138 1509 2276 1564 ριον,
2314 1490 2603 1562 διαρθροῦν
2632 1490 2715 1544 ὃτι
2749 1489 2985 1560 μάλιστα
3020 1488 3235 1557 σαφῶς,
3266 1489 3407 1543 κατά
3436 1506 3500 1558 γε
3526 1489 3590 1542 τὸ
3625 1491 3732 1557 ἑγ-

2136 1579 2348 1652 χωροῦν
2374 1582 2485 1644 τοῖς
2515 1580 2574 1631 ὲν
2597 1579 2849 1650 ἐσόπτρῳ
2880 1580 2977 1633 καὶ
3002 1579 3286 1650 αἰνίγματι
3319 1579 3597 1650 βλέπουσι,
3623 1580 3737 1633 καὶ

2136 1672 2201 1724 ὲκ
2233 1669 2432 1743 μέρους
2468 1668 2820 1739 γινώσκουσι,
2865 1668 3009 1723 κατά
3038 1669 3098 1724 τὸ
3137 1671 3338 1741 μέτρον
3380 1671 3483 1740 τῆς
3508 1670 3733 1741 δωρεᾶς

2134 1760 2234 1831 τῆς
2282 1761 2639 1833 ἐπιχορηγίας
2668 1760 2762 1814 τοῦ
2793 1761 3129 1832 Πνεύματος,
3160 1761 3305 1841 καθά
3338 1763 3431 1816 καὶ
3464 1765 3493 1816 ὁ
3520 1764 3732 1817 θεσπέ-

441 1875 664 1919 -tantum
690 1873 744 1918 et
772 1862 1061 1933 muigmate
1102 1860 1508 1929 conspicantur,
1555 1868 1610 1913 et
1650 1872 1715 1914 ex
1752 1872 1904 1927 parte
1939 1874 2026 1913 so-

2134 1869 2245 1916 σιος
2278 1852 2476 1925 γράφει
2506 1853 2737 1919 Παῦλος·
2780 1869 2799 1905 ι
2831 1853 3020 1918 Οὐδεὶς
3050 1853 3159 1927 γὰρ
3183 1854 3335 1923 λέγει
3371 1855 3577 1926 Κύριον
3609 1857 3733 1926 ’1η-

453 1957 563 2010 lum
586 1954 631 2019 ⁸,
663 1969 861 2023 nempe
876 1952 1172 2009 secundum
1208 1966 1518 2006 mensuram
1561 1949 1873 2005 donationis
1903 1950 2029 2021 δρί-

452 2046 589 2101 ritus
631 2047 826 2111 sancti,
857 2054 916 2099 ut
949 2044 1164 2100 divinus
1214 2040 1678 2111 Paulusloquitur
1727 2042 1771 2108 ⁸,
1825 2055 2029 2111 cogno-

2131 1945 2278 2009 σοῦν,
2307 1946 2356 1998 εί
2390 1944 2466 2017 μὴ
2491 1947 2550 1998 ὲν
2576 1946 2853 2017 Πνεύματι
2884 1946 3057 2019 ἁγίῳ·
3084 1947 3180 2001 καὶ
3205 1946 3381 2013 οὐδεὶς
3409 1948 3557 2017 λέγει
3583 1950 3731 2004 ἀνά-

2130 2037 2275 2110 θεμα
2308 2038 2538 2109 Ἰησοῦν,
2568 2039 2628 2091 εἶ’
2654 2040 2730 2109 μὴ
2758 2041 2815 2092 ἐν
2847 2036 3195 2103 Βεελζεὸούλ.
3220 2058 3239 2092 ι

450 2146 607 2195 scunt
636 2138 685 2208 (ι
715 2136 887 2192 Nemo
923 2136 1066 2190 enim
1116 2135 1248 2189 dicit
1285 2132 1566 2188 Dominum
1597 2131 1803 2197 Jesum,
1839 2132 1939 2186 nisi
1980 2146 2077 2201 per
2116 2130 2377 2201 Spiritum
2411 2141 2658 2186 sanctum
2689 2131 2881 2186 :‘sicut
2919 2146 3077 2187 nemo
3141 2146 3354 2188 rursum
3403 2132 3537 2189 dicit
3584 2149 3737 2190 anas

452 2232 630 2286 thema
655 2228 863 2296 lesmn,
909 2227 1009 2281 nisi
1040 2227 1092 2281 in
1137 2222 1441 2280 Beelzebub
1468 2223 1514 2256 ¹⁰
1544 2221 1591 2294 ι)
1628 2223 1902 2295 explicare
1939 2221 2175 2279 tentabo.
3095 2213 3104 2219 ’

518 2322 586 2377 ν.
636 2321 841 2377 Dixerit
867 2331 1048 2376 autem
1107 2318 1196 2374 hic
1242 2318 1548 2387 quispiam:
1578 2316 2023 2387 Quandoquidem

447 2414 606 2481 hujus
635 2415 712 2467 rei
745 2426 908 2466 causa
938 2412 989 2465 in
1030 2424 1253 2470 arenam
1282 2407 1640 2474 descendere,
1676 2406 2024 2475 laboremque

449 2520 618 2576 usque
663 2504 801 2558 adeo
841 2501 1108 2558 diliicilem
1150 2509 1317 2569 atque
1369 2498 1597 2553 arduum
1633 2496 1818 2552 subire
1857 2495 2022 2563 libet;

448 2611 568 2667 age,
603 2595 651 2649 si
683 2593 879 2664 placet,
927 2592 1177 2646 oratione
1225 2587 1446 2642 minime
1485 2586 1550 2640 ad
1594 2586 1774 2640 fuctnn
1808 2600 2026 2654 compa-

449 2697 585 2751 rata,
619 2686 714 2741 sed
743 2700 889 2749 vera,
919 2684 1013 2737 sed
1041 2681 1279 2746 sincera,
1311 2680 1404 2733 sed
1437 2678 1504 2731 ab
1534 2678 1681 2730 omni
1711 2687 1837 2731 nota
1872 2676 2025 2730 vitiu-

446 2794 553 2847 que
577 2777 767 2843 libera,
798 2773 1000 2829 Christi
1033 2771 1346 2843 mysterium
1374 2769 1588 2837 expedi.
1618 2766 1752 2822 Nam
1785 2769 2024 2835 oracula,

445 2884 566 2940 qua:
592 2883 713 2923 cum
745 2867 799 2922 in
836 2864 1003 2931 Nora,
1037 2873 1145 2918 tum
1180 2864 1234 2918 in
1273 2862 1449 2918 Veteri
1490 2875 1707 2931 quoque
1739 2859 2023 2931 Scriptura

446 2979 511 3017 ea
539 2960 603 3017 de
630 2977 687 3016 re
711 2960 908 3030 passim
942 2964 1258 3019 occurrunt,
1284 2971 1345 3009 ea
1377 2953 1597 3027 quidam
1629 2954 1793 3008 variis
1814 2952 2026 3023 opinio-

448 3055 607 3109 nibus
638 3052 775 3109 ebrii
818 3068 847 3106 a
887 3065 1016 3106 vero
1053 3062 1417 3119 germanoque
1447 3060 1607 3102 sensu
1645 3045 1699 3099 in
1730 3054 2024 3114 praeposte-

448 3161 568 3199 rum
604 3145 943 3211 detorquent.
994 3139 1108 3194 Non
1154 3138 1287 3209 fugit
1333 3151 1433 3193 nos
1461 3152 1593 3192 sane
1632 3134 1765 3190 nihil
1812 3144 2026 3190 exstare
2054 3131 2096 3189 ο

448 3249 560 3292 tam
586 3236 900 3298 absurdum,
928 3234 1069 3303 quod
1099 3232 1415 3302 insipientes
1452 3245 1560 3285 non
1589 3238 1862 3284 attentent
1889 3245 1903 3281 :
1937 3243 2028 3283 ve-

451 3344 571 3382 rum
603 3337 866 3382 corruunt
896 3325 970 3379 illi
998 3323 1154 3395 proni
1195 3325 1248 3378 in
1277 3320 1603 3392 profundum
1639 3318 1857 3384 inferni,
1887 3319 2028 3375 sicut

444 3417 718 3486 scriptum,
739 3425 821 3470 est
848 3416 914 3479 “,
947 3420 1001 3468 et
1030 3414 1083 3468 in
1122 3412 1340 3484 pedicas
1375 3409 1602 3477 mortis;
1635 3426 1660 3463 ι
1689 3423 1794 3463 non
1829 3406 2028 3462 intelli-

449 3516 638 3576 gentes
679 3522 853 3577 neque
873 3505 1004 3576 quid
1033 3505 1351 3575 liquantur,
1370 3516 1545 3572 neque
1576 3502 1642 3556 de
1668 3499 1864 3570 quibus
1890 3497 2027 3563 amr-

453 3610 602 3654 nteut
634 3600 699 3653 η,
733 3617 753 3650 ι
787 3596 1055 3653 Retuierit
1089 3605 1268 3650 autem
1323 3605 1502 3659 nosse,
1539 3598 1593 3645 et
1631 3603 1877 3660 qumnam
1923 3588 2027 3645 ilhc

450 3689 912 3760 sintsingulorum
954 3702 1109 3755 nngre
1139 3684 1455 3753 stolataeque
1497 3680 1710 3738 fabulae.

522 3782 609 3838 Vl.
640 3782 868 3849 Quidam
920 3779 1084 3850 igitur
1132 3775 1367 3831 Verbum
1400 3790 1465 3831 ex
1507 3770 1618 3830 Deo
1651 3782 1706 3829 et
1743 3771 1903 3827 Patre
1933 3787 2022 3843 εον

450 3876 622 3932 nilum
674 3875 727 3930 in
790 3874 1027 3929 hominis
1084 3870 1257 3926 forma
1307 3868 1647 3940 apparuisse,
1692 3868 1836 3922 haud
1871 3865 2025 3921 inviti

448 3966 781 4033 concedunt;
809 3975 863 4021 at
891 3980 1020 4020 vero
1046 3979 1111 4018 ex
1143 3976 1296 4018 sacra
1329 3971 1385 4016 et
1414 3960 1630 4029 deipara
1661 3956 1883 4033 Virgine
1909 3972 2028 4010 car-

449 4076 571 4116 nem
614 4060 932 4129 sunipsisse.
983 4056 1034 4110 id
1061 4054 1249 4109 audaci
1318 4052 1621 4107 temeritate
1671 4032 2022 4105 inﬁci‘attlut‘:

449 4150 718 4221 siquidem
762 4159 928 4204 totam
960 4144 1286 4201 sacramenti
1320 4142 1483 4213 hujus
1522 4144 1783 4197 rationem
1829 4140 1881 4195 in
1913 4139 2026 4194 solo

448 4254 675 4297 c-xterno
710 4243 987 4297 schemate
1033 4237 1260 4307 positam
1308 4234 1477 4291 fuisse
1533 4233 1796 4304 sacrilege
1839 4247 2024 4287 emen-

450 4336 680 4388 tiuutur.
734 4332 837 4386 Alii
889 4340 1044 4399 turpe
1079 4327 1494 4399 pudendumque
1523 4327 1649 4393 rati,
1676 4326 1720 4380 si
1753 4325 2021 4380 hominem

453 4425 683 4479 adorare
748 4423 1056 4497 videantur,
1113 4430 1505 4491 terreuamque
1538 4432 1757 4475 carnem
1812 4430 2031 4472 suuuno.

449 4516 657 4571 bonore
691 4511 960 4578 alliciunt,
1020 4512 1144 4565 dum
1189 4509 1334 4565 fcedo
1379 4510 1479 4565 hoc
1530 4508 1759 4566 inscitia:
1811 4505 2020 4570 morbo,

450 4621 723 4676 pravoque
751 4614 804 4660 ct
838 4604 1137 4659 adulterina
1185 4601 1444 4673 religione
1480 4599 1748 4661 laborant,
1787 4595 2021 4658 Verbum

447 4716 512 4754 ex
561 4698 668 4753 Deo
707 4706 890 4753 natum
948 4697 1002 4750 in
1054 4695 1282 4761 ossium,
1310 4702 1364 4749 et
1407 4706 1695 4746 nervorum
1737 4690 2026 4761 carnisque

450 4801 701 4847 naturam
754 4791 1088 4846 demutatum
1150 4786 1439 4841 allii-munt.
1486 4784 1666 4852 Atque
1716 4784 1789 4837 ita
1839 4783 2021 4838 miseri

451 4884 550 4951 illi,
579 4883 947 4938 Enunauuelis
968 4896 1033 4935 ex
1057 4879 1274 4949 Virgine
1295 4886 1473 4933 ortum
1495 4861 1784 4931 ludibrium
1820 4874 2025 4930 haben-

451 4985 551 5039 tes,
597 4976 857 5046 optimam
905 4974 1049 5027 illam
1108 4969 1608 5038 divinissimamque
1660 4965 2021 5023 meonomiam

451 5068 761 5121 indecorum
783 5066 1046 5135 judicant.
1081 5061 1222 5117 Sunt
1244 5061 1333 5131 qui
1372 5068 1700 5123 cozeterntuu
1739 5057 1844 5113 Deo
1875 5056 2029 5112 Patri.

451 5157 687 5212 Verbum
722 5157 871 5212 tarde
914 5162 1119 5219 natum,
1150 5152 1253 5208 hoc
1285 5160 1389 5214 est,
1441 5161 1549 5204 tum
1580 5150 1794 5204 demum
1827 5149 2025 5216 produ-

450 5256 595 5301 ctum
626 5246 877 5310 credunt,
902 5259 1025 5300 cum
1056 5242 1349 5309 secundum
1379 5255 1597 5295 carnem
1628 5239 1679 5292 in
1713 5238 1894 5300 lucem.
1916 5238 2026 5292 edi-

452 5343 565 5387 tum
597 5332 649 5404 5
677 5342 780 5389 est.
806 5332 922 5390 Non
952 5334 1147 5399 desunt
1182 5347 1395 5388 rursum
1447 5329 1538 5400 qui
1572 5331 1623 5382 in
1662 5339 1864 5383 tantum
1887 5327 2024 5385 stul-

2204 2316 2280 2369 E'.
2322 2316 2460 2388 Φαίη
2495 2316 2539 2370 δ’
2567 2317 2655 2382 ἂν,
2682 2313 2857 2388 οἶμαι,
2886 2317 2994 2381 τὶς,
3036 2317 3246 2372 Ούκοῦν
3277 2319 3462 2391 ἐπειδή
3502 2337 3584 2380 σοι
3620 2322 3731 2375 καὶ

2129 2406 2232 2476 τῆς
2265 2408 2357 2460 ἐπὶ
2394 2406 2569 2477 τούτῳ
2608 2408 2807 2471 κόνεως
2842 2407 3074 2477 ἅψεσθαι
3107 2407 3273 2472 δοκεῖ,
3303 2408 3397 2462 καὶ
3438 2408 3530 2462 τὸν
3568 2410 3732 2463 οὕτω

2130 2497 2380 2570 διαϐριθῆ
2416 2500 2510 2554 καὶ
2549 2498 2824 2553 δύσοιστον
2866 2500 3163 2569 ἀνατλῆναι
3196 2500 3375 2564 πόνον,
3408 2501 3734 2557 ἀοκνότατα

2129 2589 2383 2658 διασάφει
2419 2589 2510 2644 τὸν
2536 2590 2738 2662 ἀκριϐῆ
2765 2607 2825 2644 τε
2853 2591 2948 2643 καὶ
2971 2590 3375 2661 ὰκιὸδή).ευτον,
3406 2593 3503 2646 καὶ
3530 2593 3731 2664 πάσης

2130 2683 2309 2746 αἰτίας
2350 2681 2773 2753 ἀπηλλαγμένον
2807 2682 2901 2735 ἐπὶ
2944 2681 3166 2753 Χριστῷ
3212 2682 3388 2751 λόγον.
3423 2684 3731 2755 Διαφόροις

2128 2774 2237 2846 γὰρ
2266 2772 2446 2839 δόξαις
2477 2773 2887 2842 καταμεθύουσί
2918 2792 3081 2837 τινες,
3117 2774 3599 2846 παραπλάττοντες
3636 2778 3731 2840 εἰς

2128 2867 2219 2919 τὸ,
2255 2865 2486 2930 ἀκαλλὲς
2530 2865 2597 2919 τά
2635 2866 2721 2918 ἐπ’
2762 2864 2909 2935 αύτῷ
2962 2865 3469 2938 κεχρησμῳδημένα
3493 2867 3519 2905 ε
3558 2869 3736 2937 παρὰ

2126 2976 2185 3012 τε
2218 2958 2318 3028 τῆς
2356 2958 2500 3022 Νέας
2535 2958 2631 3012 καὶ
2666 2957 3049 3031 ’Δρχαιοτέρας
3080 2958 3322 3029 ι’ραφῆς.
3360 2959 3474 3013 Ούκ
3509 2959 3734 3030 ἠγνοή-

2128 3066 2304 3122 καμεν
2349 3045 2463 3115 οὗν,
2493 3050 2570 3114 ὡς
2598 3050 2698 3103 ούκ
2738 3049 3160 3120 ἀνεπιτήδευτόν
3192 3052 3310 3103 ἐστι
3342 3050 3449 3103 τῶν
3491 3042 3731 3106 ἀτόπων

2129 3146 2242 3207 τοῖς
2280 3143 2558 3207 ἀσυνέτοις
2586 3142 2738 3196 οὐδέν
2758 3158 2773 3172 '
2803 3142 3066 3207 πίπτουσι
3098 3141 3155 3194 δὲ
3195 3143 3290 3195 καὶ
3326 3142 3445 3198 λίαν
3476 3142 3729 3215 ἑτοίμως

2129 3240 2208 3301 είς
2250 3237 2519 3307 πέταυρον
2573 3234 2723 3307 ᾷδου,
2755 3233 2900 3288 κατά
2938 3235 3001 3288 τὸ
3039 3235 3446 3308 γεγραμμένον,
3489 3236 3589 3290 καὶ
3639 3241 3729 3302 εἰς

2130 3329 2334 3398 παγίδα
2365 3327 2619 3392 θανάτου,
2652 3346 2669 3378 ι
2703 3326 2780 3397 μὴ
2804 3325 3050 3390 νοοῦντες
3081 3328 3221 3397 μήτε
3241 3326 3278 3381 ἃ
3300 3326 3541 3395 λέγουσι,
3569 3331 3727 3399 μήτε

2129 3422 2259 3492 περί
2291 3420 2453 3477 τίνων
2479 3416 2935 3473 διαϐεὸαιοῦνται.
2964 3437 2983 3470 ι
3015 3417 3172 3483 Τίνες
3200 3417 3243 3471 δ’
3268 3417 3332 3472 ἂν
3361 3413 3472 3471 εἶεν
3495 3420 3549 3471 οἱ
3580 3420 3727 3491 παρ’

2129 3512 2350 3583 ἑκάστῳ,
2386 3510 2602 3584 θρύλλοι
2656 3511 2751 3566 καὶ
2800 3510 2877 3585 τά,
2917 3510 3095 3584 σεμνά
3165 3509 3433 3583 μυθάρια,
3479 3508 3731 3573 διειπεῖπ

2127 3606 2442 3675 ἀναγκαῖον.
2628 3596 2639 3601 ’

2206 3782 2297 3850 εἶ’.
2342 3783 2405 3835 Οί
2444 3781 2544 3853 μὲν
2573 3781 2705 3852 γὰρ,
2749 3782 2840 3835 ὅτι.
2872 3781 3081 3851 πέφηνε
3125 3782 3224 3852 μὲν
3262 3781 3545 3852 ἄνθρωπος
3574 3784 3612 3835 ὁ
3652 3785 3725 3837 ἐκ

2127 3874 2261 3929 Θεοῦ
2290 3876 2408 3928 Πατ
2418 3874 2507 3948 ρδς
2533 3874 2728 3944 Λόγος,
2752 3874 2812 3927 οὐ
2847 3874 2956 3946 μὴν
2978 3874 3061 3928 ὅτι
3082 3875 3179 3929 καὶ
3211 3874 3492 3947 πεφόρηκε
3515 3876 3626 3947 τὴν
3650 3878 3723 3931 ἐκ

2125 3967 2224 4037 τῆς
2253 3964 2412 4034 ἁγίας
2446 3965 2721 4036 Παρθένου
2754 3968 2852 4021 καὶ
2873 3965 3142 4020 Θεοτόκου
3173 3964 3374 4037 σάρκα,
3405 3968 3633 4037 φρονεῖν
3656 3984 3722 4021 τε

2127 4058 2222 4111 καὶ
2256 4057 2436 4126 λέγειν
2458 4057 2846 4130 τετολμήκασι,
2873 4057 3299 4128 καταψεύδονται
3328 4057 3386 4111 δὲ
3413 4057 3589 4127 μόνην
3616 4060 3727 4113 τοῦ

2131 4149 2431 4221 μυστηρίου
2481 4148 2581 4221 τὴν
2631 4149 2877 4220 δόκησιν,
2898 4150 3118 4220 Ἕτεροι
3144 4149 3193 4203 δ’
3220 4143 3287 4203 αὖ
3336 4147 3724 4222 κατερυθρριᾷν

2130 4239 2485 4311 σκεπτόμενοι
2522 4240 2550 4280 ιι
2607 4241 2669 4293 τὺ
2700 4239 2880 4293 δοκεῖν
2922 4238 3195 4311 ἀνθρώπῳ
3234 4242 3586 4311 προσκυνεῖν,
3621 4243 3723 4294 καὶ

2116 4333 2227 4404 ’τὴν
2262 4332 2370 4385 ἀπὸ
2402 4332 2508 4402 γῆς
2544 4332 2724 4402 σάρκα
2751 4334 2873 4395 ταῖς
2897 4332 3160 4387 ἀνωτάτω
3191 4332 3370 4399 δόξαις
3400 4332 3723 4400 στεφανοῦν

2129 4424 2577 4497 παραιτούμενοι,
2606 4426 2672 4478 ὲκ
2696 4424 2795 4496 τῆς
2822 4426 2961 4495 ἄγαν
2999 4424 3239 4496 ἀμαθίας
3271 4424 3433 4494 νόθην
3456 4426 3584 4479 τινὰ
3618 4430 3722 4481 καὶ

2133 4518 2598 4590 παρεφθαρμὲνην
2648 4516 2931 4581 νοσοῦντες
2986 4518 3306 4581 εὐλάϐειαν,
3355 4521 3715 4591 παρατετρά-

2133 4607 2267 4677 903:
2331 4609 2466 4679 φασὶ
2520 4609 2611 4663 τὸν
2654 4610 2719 4662 ὲκ
2787 4607 2919 4663 Θεοῦ
2955 4609 3167 4680 Πατρὸς
3200 4608 3373 4679 φύντα
3412 4609 3597 4678 Λόγον
3632 4613 3715 4673 είς

2130 4697 2333 4752 ὀστέων
2379 4715 2439 4752 τε
2489 4700 2585 4771 καὶ
2622 4698 2829 4771 νεύρων
2873 4697 2969 4751 καὶ
3017 4696 3219 4767 σαρκὸς
3276 4695 3460 4765 φύσιν,
3502 4695 3613 4762 τὴν
3650 4698 3712 4750 ἐκ

2133 4787 2412 4860 Παρθένου
2442 4789 2695 4860 γέννησιν
2721 4788 2815 4845 τοῦ
2851 4788 3199 4861 Ἐμμανουὴλ
3231 4788 3405 4842 πλατὺ
3435 4786 3711 4856 γελῶντες

2129 4880 2177 4931 οἱ
2223 4878 2471 4944 τάλανες,
2505 4880 2601 4933 καὶ
2628 4880 2687 4933 τὺ
2717 4880 2965 4952 ἀπρεπὲς
3002 4879 3448 4952 καταγράψοντες
3482 4880 3587 4951 τῆς
3615 4881 3710 4935 οῦ-

2129 4986 2234 5032 τως
2269 4968 2502 5039 ἀρίστης
2533 4970 2629 5023 καὶ
2665 4969 3002 5041 θεοπρεποῦς
3034 4971 3368 5040 οἰκονομίας.
3404 4970 3471 5023 υἱ
3503 4970 3565 5023 δὲ
3613 4974 3709 5025 καὶ

2127 5057 2355 5129 όψιγενῆ
2402 5059 2492 5114 τὸν
2540 5060 2809 5115 συναῖδιον
2842 5060 2919 5132 τῷ
2972 5061 3148 5133 Πατρὶ
3180 5061 3313 5115 Θεδν
3346 5062 3519 5130 Λόγον
3564 5057 3707 5117 εἶναι

2130 5151 2547 5217 πεπιστεύκασι,
2577 5152 2668 5206 καὶ
2690 5156 2769 5218 εἰς
2793 5154 2853 5208 τὸ
2883 5154 3033 5225 μόλις
3056 5153 3296 5227 ὑπάρξαι
3314 5153 3706 5225 διακεκλῆσθαι

2127 5243 2270 5306 τότε,
2300 5243 2387 5296 ὅτε
2422 5245 2515 5297 καὶ
2545 5248 2644 5317 τῆς
2671 5245 2813 5300 κατὰ
2855 5247 3032 5317 σάρκα
3075 5248 3384 5319 γεννήσεως
3416 5246 3577 5316 ἔλαχε
3605 5247 3703 5317 τὴν

2128 5332 2323 5403 ἀρχήν.
2362 5333 2482 5388 Eia‘:
2521 5335 2577 5389 δὲ
2613 5338 2662 5390 οἱ
2701 5338 2793 5391 καὶ
2831 5338 2966 5410 πρὸς
2991 5337 3150 5393 τοῦτο
3192 5338 3391 5408 μανίας
3422 5337 3701 5409 δυσσεϐῶς

523 5489 541 5518 ⁷
568 5470 730 5542 Prov.
760 5503 877 5551 vui,
917 5487 1004 5541 ll.
1092 5487 1156 5539 ⁸1
1192 5485 1317 5541 Cor.
1360 5500 1479 5546 xm,
1503 5484 1601 5541 .12.
1679 5480 1738 5536 ’I
1769 5480 1894 5539 Cor.
1926 5499 2021 5551 xu,

2134 5526 2143 5551 .
2224 5462 2505 5544 “tanta.
2587 5489 3059 5559 "Psal.uv,16.
3139 5490 3394 5549 "l'l‘im.
3425 5507 3463 5559 ι,
3492 5492 3550 5550 7.

1552 5615 1721 5669 Varia:
1754 5614 2011 5673 lectiones
2040 5616 2243 5673 codicis
2270 5615 2625 5687 chuicriani.

524 5753 542 5795 ί
575 5754 796 5821 λέγοιτο,
885 5762 910 5799 8
937 5750 1510 5832 κεχρησμοδοτημένα.
1587 5746 1612 5791 ιι
1644 5750 2027 5822 σκηπτόμενοι.
