3936 6200
265 208 395 267 illi

1224 217 1313 273 DE
1353 219 1580 306 ΠΕῼΤᾹ
1624 222 1801 285 ΗΜ),
1844 223 1936 277 AD
1977 218 2426 286 TllEODOSlUM
2468 230 2606 288 IMP.

3388 240 3524 294 lli!

266 326 515 397 ἠγμένοι,
544 328 683 383 ὥστε
723 336 817 387 καὶ
863 333 1237 391 ἀνυπόστατον
1270 339 1364 391 τὸν
1405 341 1470 392 ἐκ
1503 338 1638 392 Θεοῦ
1688 357 1832 409 φασιπ

1955 344 2131 398 titiam
2177 357 2230 400 et
2261 338 2595 417 impietatem
2633 350 2867 423 prolapsi
2895 362 3046 421 sunt,
3074 364 3131 410 ut
3159 355 3253 411 Dei
3288 357 3522 415 Verbum

258 414 403 473 εἶναι
429 420 622 489 Λόγον,
651 422 804 495 ῥῆμα
830 425 886 478 δὲ
920 426 1109 491 ἁπλῶς
1137 427 1199 481 τὸ
1229 428 1371 483 κατά
1414 430 1582 499 μόνην
1613 431 1840 502 νοούμε-

259 524 352 563 νον
389 512 670 583 προφορὰν
703 515 763 568 ὲν
789 514 1065 587 ἀνθρώπῳ
1109 512 1387 586 γενέσθαι.
1436 521 1754 592 Μάρκελλος
1784 522 1841 576 δὲ

257 593 406 672 οὗτοι
439 603 533 656 καὶ
569 604 854 670 Φωτεινός.
884 609 1043 662 Δοκεί
1074 626 1136 678 γε
1167 611 1275 684 μὴν
1305 610 1400 664 καὶ
1428 610 1636 682 ἑτέροις
1684 614 1841 667 ἐναν-

258 689 547 763 θρωπῆσαι
584 694 686 764 μὲν
733 695 949 766 ἀληθῶς
975 699 1067 753 τὸν
1096 701 1407 774 Μονογενῆ,
1440 702 1535 756 καὶ
1577 704 1637 758 ὲν
1677 705 1843 777 σαρκὶ

256 783 510 852 γενέσθαι
555 787 850 855 πιστεύειν,
884 791 959 862 μὴ
994 791 1102 863 μὴν
1126 791 1206 847 ἔτι
1243 795 1337 848 καὶ
1353 794 1721 867 ὐμψυχῶσθαι
1747 814 1839 851 τε-

256 872 417 939 λείως
457 877 556 946 τὴν
600 879 1007 951 ἀναληφθεῖσαν
1047 883 1228 955 σάρκα
1270 885 1417 959 ψυχῇ
1459 887 1687 961 λογικῇ,
1742 890 1840 945 καὶ

257 964 381 1018 νοῦν
413 966 613 1042 ἐχούσῃ
641 969 733 1024 τὸν
766 970 890 1025 καθ’
927 973 1110 1043 ἡμᾶς*
1140 977 1221 1040 είς
1254 977 1482 1049 ἑνότητα
1526 979 1584 1032 δὲ
1757 983 1839 1047 είς

255 1056 424 1126 ἅπαν,
457 1058 770 1135 ὦσπεροῦν
799 1066 1021 1135 οἴονται,
1054 1071 1522 1141 κατασφίγγοντες
1547 1075 1640 1129 τόν
1678 1092 1739 1130 τε
1771 1077 1839 1132 ὲκ

255 1149 392 1204 Θεοῦ
431 1153 625 1222 Λόγον,
655 1156 748 1210 καὶ
781 1158 875 1211 τὸν
915 1160 980 1213 ἐκ
1026 1162 1128 1232 τῆς
1176 1164 1339 1233 ἁγίας
1371 1166 1650 1238 Παρθένου
1685 1169 1837 1236 ναὸν,

253 1246 578 1317 κατοικῆσαέ
609 1266 774 1318 φασιν
801 1252 860 1305 ὲν
891 1253 1041 1326 αὐτῷ
1065 1255 1156 1310 τὸν
1185 1257 1360 1327 Λόγον
1381 1276 1395 1289 ·
1434 1261 1533 1315 καὶ
1574 1262 1704 1318 ίδιον
1737 1263 1837 1334 μὲν

253 1337 588 1408 ποιήσασθαι
628 1340 691 1396 τὺ
724 1342 884 1414 σῶμα
921 1345 983 1399 τὸ
1014 1348 1340 1420 ἀναληφθὲν,
1366 1350 1547 1423 ψυχῆς
1580 1353 1637 1407 δὲ
1673 1354 1837 1409 αὐτὸν

252 1428 351 1498 τῆς
396 1429 622 1503 λογικῆς
661 1452 721 1488 τε
761 1436 858 1490 καὶ
899 1440 1092 1511 νοερᾶς
1127 1441 1479 1514 ἀναπληροῦν
1511 1445 1602 1499 τδν
1630 1432 1832 1503 ’τόπον.

256 1519 472 1592 Ἐτεροι
521 1523 567 1577 δ’
604 1519 671 1579 αὖ
709 1528 1078 1597 πρεσϐεύουσι
1127 1531 1226 1601 μὲν
1266 1536 1387 1599 ταῖς
1413 1535 1622 1590 τούτων
1652 1537 1836 1603 δόξαις

251 1609 321 1664 τὰ
365 1612 615 1680 ἐναντία,
661 1618 757 1671 καὶ
789 1618 1172 1692 ἀντιφέρονται
1214 1627 1328 1689 τοῖς
1363 1628 1728 1698 φρονήμασιν,
1768 1629 1834 1685 ἐκ

245 1720 308 1755 τε
342 1704 477 1758 Θεοῦ
505 1707 679 1777 Λόγου
713 1711 809 1764 καὶ
834 1711 1011 1785 ψυχῆς
1041 1715 1141 1785 τῆς
1173 1716 1399 1788 λογικῆς
1430 1719 1524 1773 καὶ
1557 1720 1828 1791 σώματος,

251 1796 372 1866 ἤτοι
418 1796 633 1864 τελείας
683 1802 871 1868 ἁπλῶς
905 1804 1349 1879 ἀνθρωπότητος,
1398 1813 1721 1868 συνεστάναι
1770 1827 1831 1869 τε

251 1888 348 1941 καὶ⁵
372 1889 781 1963 ἀναπεπλέχθαι
807 1895 1280 1971 διαϐεϐαιούμενοι
1305 1901 1397 1956 τὸν
1440 1903 1794 1978 Ἐμμανουήλ
1810 1923 1829 1938 ⁸

248 1978 312 2030 οὐ
347 1979 455 2049 μὴν
499 1981 580 2035 ἔτι
619 1983 715 2041 καὶ
763 1987 894 2054 ὑγιᾶ
937 1988 1032 2041 καὶ
1074 1989 1377 2062 ἀμώμητον
1411 1997 1693 2061 παντελῶς
1731 1999 1833 2071 τὴν

218 2071 337 2155 ¹ἐπ’
375 2072 523 2142 αύτῷ
568 2079 900 2148 τετηρήκασι
933 2080 1111 2147 δόξαν.
1164 2084 1562 2141 Καταδιιστᾶσι
1595 2088 1704 2161 γὰρ
1750 2091 1834 2155 εἰς

247 2161 342 2218 δύο
394 2166 486 2220 τὸν
536 2167 632 2221 ἕνα
681 2170 939 2241 Χριστὸν,
994 2174 1087 2228 καὶ¹
1137 2178 1372 2247 παχεῖαν
1408 2179 1600 2251 ὥσπερ
1646 2181 1833 2247 αὐτοῖς

249 2257 483 2323 ἐνιέντες
531 2259 627 2332 τὴν
672 2261 955 2335 διατομὴν,
1000 2265 1104 2320 ἀνὰ
1141 2267 1304 2339 μέρος
1333 2258 1595 2341 ἑκάτερον
1641 2288 1833 2342 μονον·

249 2350 370 2421 ουχὶ
415 2352 510 2405 καὶ
540 2353 754 2431 ἑστῶτα
785 2356 1306 2426 παραδεικνύουσιν
1336 2358 1526 2431 ἕτερον
1557 2360 1657 2432 μὲν
1690 2358 1831 2416 εἶναι

246 2441 638 2513 διατεινόμενοι
665 2445 757 2499 τὸν
790 2447 854 2499 ὲκ
885 2446 1163 2518 Παρθένου
1202 2449 1462 2521 τεχθέντα
1490 2451 1712 2517 τελείως
1741 2454 1833 2509 ἄν-

248 2530 488 2603 θρωπον,
514 2534 698 2605 ἕτερον
727 2535 772 2588 δ’
795 2532 862 2590 αὖ
894 2537 984 2591 τὸν
1010 2539 1073 2599 ὲκ
1103 2539 1239 2593 Θεοῦ
1257 2541 1475 2613 Πατρδς
1494 2543 1671 2612 Λόγον
1691 2562 1703 2575 ·
1732 2546 1833 2617 ούχ

242 2624 276 2677 ὃ
299 2624 352 2678 τί
384 2627 514 2680 ποτέ
542 2628 690 2681 ἐστιν
717 2629 752 2699 ἦ
784 2646 842 2682 τε
875 2629 970 2685 τοῦ
1015 2630 1152 2685 Θεοῦ
1182 2631 1196 2670 ί
1230 2632 1411 2703 φύσις,
1443 2635 1540 2689 καὶ
1566 2637 1665 2708 τῆς
1700 2654 1834 2709 σαρ-

249 2723 363 2787 κὸς.
400 2724 788 2797 διακρίνοντες,
814 2729 937 2783 οὐδὲ
980 2732 1172 2802 μόναις
1209 2735 1331 2799 ταῖς
1354 2736 1435 2800 εἰς
1462 2735 1623 2791 τοῦτο
1650 2737 1834 2808 διαφο-

250 2818 374 2884 ραῖς
412 2817 812 2890 ὲμφιλοχωρεῖν
861 2818 1156 2887 ἐθέλοντες.
1189 2826 1324 2879 Οὐδὲ
1367 2825 1477 2898 γὰρ
1509 2826 1576 2881 ἂν
1623 2829 1832 2895 ἑννοίας

246 2908 345 2975 τῆς
382 2908 613 2979 ἀληθοῦς
645 2912 723 2974 είς
757 2911 915 2966 τοῦτο
952 2912 1274 2987 διήμαρτον,
1315 2918 1438 2971 ἐπεὶ
1485 2918 1562 2991 μὴ
1605 2920 1828 2993 φύσιςή

1945 437 2366 508 anhypostuton,
2425 441 2528 497 hoc
2566 451 2669 508 est,
2722 444 2922 500 nullam
2962 446 3167 504 habens
3218 448 3520 507 subsisten-

1946 528 2073 583 tiam
2116 530 2508 601 (cujuscemodi
2549 534 2679 590 illud
2715 544 2818 602 est,
2860 536 3003 605 quod
3046 547 3177 595 tunc
3211 540 3384 596 solum
3436 550 3524 598 est
3632 612 3642 621 .

1942 630 1998 675 et
2031 620 2371 693 intelligitur,
2408 624 2532 680 dum
2563 639 2657 680 ore
2687 625 3003 696 profertur),
3049 629 3230 686 dicere
3258 630 3515 696 audeant,

1947 714 2160 782 taleque
2195 714 2427 770 Verbum
2473 716 2526 771 in
2572 717 2789 772 homine
2828 716 3028 773 factum
3069 721 3421 778 contendunt.
3453 721 3519 778 ili

1941 820 2070 862 vero
2093 816 2223 861 sunt
2247 807 2535 864 Marcellus
2561 819 2617 864 et
2647 807 2927 865 Photinus.
2958 809 3379 881 Comperiuntur
3427 812 3521 870 alii

1900 956 1903 959 λ
1941 897 2057 967 qui,
2087 897 2189 954 etsi
2218 899 2550 969 unigenitum
2585 901 2677 957 Dei
2708 900 2939 958 Verbum
2971 917 3098 958 vere
3140 903 3411 959 hominem
3438 904 3521 959 ta-

1941 997 2085 1043 ctum
2116 1000 2172 1044 et
2206 990 2549 1047 iuearnatum
2580 1008 2683 1048 non
2715 1003 2937 1062 negent,
2994 993 3174 1050 induci
3212 1004 3391 1050 tamen
3423 1010 3521 1050 ne-

1890 1108 1901 1118 ο
1939 1090 2165 1151 queunt,
2194 1089 2255 1137 ut
2275 1098 2517 1148 carnem,
2547 1099 2709 1156 quam
2745 1085 3060 1155 assumpsit,
3088 1087 3272 1141 anima
3306 1088 3519 1144 ratione

1936 1179 1993 1226 et
2038 1182 2217 1227 mente
2238 1183 2434 1229 nostrae
2479 1175 2641 1230 simili
2686 1178 2907 1247 praedita
2967 1177 3261 1248 perfectam
3309 1177 3519 1234 anima-

1939 1272 2160 1333 tamque
2214 1264 2382 1322 fuisse
2419 1267 2670 1349 credant.
2725 1268 2934 1325 Etenim
2990 1268 3226 1326 Verbum
3267 1270 3410 1341 quod
3447 1285 3519 1327 ex

1936 1355 2115 1422 Patre,
2144 1367 2198 1412 et
2228 1358 2486 1428 templum
2514 1360 2659 1431 quod
2684 1376 2749 1417 ex
2781 1376 2939 1417 sacra
2962 1360 3183 1433 Virgine
3202 1372 3383 1419 ortum
3407 1371 3514 1428 est,

1935 1445 1991 1503 in
2023 1464 2183 1505 unam
2215 1450 2509 1519 perfectam
2546 1453 2810 1508 unitatem
2833 1455 3243 1521 contrahentes,
3275 1452 3513 1510 Verbum
3576 1528 3579 1531 _

1936 1537 1990 1593 in
2022 1539 2111 1595 illo
2158 1540 2508 1608 inhabitasse,
2555 1558 2862 1613 corpusque
2905 1553 3245 1614 assumptum
3276 1544 3343 1598 ad
3388 1559 3513 1598 eum

1935 1633 2153 1687 modum
2176 1632 2578 1704 sibi-premium
2603 1633 2851 1711 eﬂ'ecisse
2870 1635 3211 1705 contingunt,
3241 1645 3300 1690 ut
3322 1635 3518 1697 animae

1933 1725 2145 1780 ratione
2203 1725 2403 1782 utentis
2469 1726 2646 1783 locum
2694 1741 2792 1797 per
2842 1742 2902 1783 se
2954 1728 3128 1799 ipsum
3177 1726 3505 1797 expleverit.

1934 1815 2074 1871 Sunt
2109 1817 2525 1889 denique/qui,
2574 1820 2767 1875 horum
2824 1820 3067 1875 omnium
3112 1819 3512 1898 opinationibus

1933 1909 2282 1966 adversantes
2309 1910 2701 1982 sententiisque
2732 1911 3089 1983 refragantes,
3106 1925 3174 1966 ex
3195 1908 3292 1965 Dei
3310 1909 3511 1978 Verbo,

1934 2000 2224 2069 animaque
2262 2001 2617 2072 intelligente,
2651 2013 2707 2059 et
2734 2017 2982 2075 corpore,
3016 2004 3121 2058 hoc
3145 2012 3251 2071 est,
3277 2003 3519 2059 humane

1934 2101 2123 2146 natura
2155 2093 2398 2148 numeris
2422 2094 2675 2150 omnibus
2699 2095 2933 2164 perlecta
2976 2095 3351 2165 absolutaque,
3382 2095 3512 2151 Em-

1935 2182 2237 2238 manuelem
2284 2184 2641 2240 constitutum
2682 2186 3152 2257 compositumque
3195 2195 3510 2243 constanter

1934 2272 2237 2343 adﬁrment;
2294 2290 2471 2346 neque
2524 2278 2704 2333 adhuc
2783 2285 2961 2333 tamen
3038 2292 3228 2333 sanam
3286 2291 3509 2348 prorsus

1931 2366 2218 2434 omnisque
2248 2367 2365 2422 vitii
2393 2379 2671 2437 expertem
2701 2368 3033 2425 sententiam
3062 2378 3299 2425 tuentur.
3324 2368 3510 2435 Quan-

1930 2460 2220 2529 doquidem
2266 2476 2433 2516 unum
2466 2460 2743 2517 Christum
2791 2463 2846 2517 in
2896 2462 3031 2516 duos
3086 2470 3398 2525 secernunt,
3428 2472 3508 2530 et,

1862 2594 1869 2613 .
1930 2566 2119 2607 crassa
2166 2552 2399 2621 quadam
2445 2553 2788 2623 separatione
2809 2554 2952 2609 inter
2983 2553 3126 2610 hunc
3155 2563 3212 2609 et
3245 2552 3392 2609 illum
3426 2554 3508 2609 in-

1930 2643 2117 2707 ducta,
2175 2652 2465 2715 utrumque
2507 2660 2754 2702 seorsum
2806 2659 2872 2701 ac
2914 2645 3072 2716 quasi
3116 2659 3210 2716 per
3253 2660 3316 2702 se
3349 2654 3509 2701 .stare

1928 2734 2268 2788 contendunt
2297 2750 2313 2787 :
2348 2744 2405 2790 et
2428 2735 2655 2790 alterum
2688 2736 2931 2805 quidem.
2968 2750 3090 2791 eum
3121 2735 3376 2790 nimirttm
3411 2734 3505 2804 qui

1930 2841 1999 2882 ex
2035 2826 2256 2897 Virgine
2281 2838 2440 2882 natus
2468 2839 2573 2891 est,
2603 2827 2903 2897 perfectum
2934 2826 3242 2892 hominem;
3270 2824 3502 2882 alterum

1898 2927 1908 2935 '
1936 2932 2149 2972 rursum
2184 2906 2357 2987 ipsum
2390 2917 2483 2972 Dei
2510 2916 2692 2973 Patris
2722 2916 2959 2974 Verbum
2996 2932 3117 2973 esse
3140 2917 3358 2982 dicunt;
3392 2930 3503 2971 non

243 2999 384 3071 αύτῦ)
421 3001 623 3071 σαρκός
646 3020 707 3056 τε
734 3006 830 3060 καὶ
857 3006 1130 3079 θεότητος.
1172 3008 1334 3065 Ἀλλά
1362 3010 1455 3066 τὸν
1491 3014 1590 3085 μὲν
1620 3016 1697 3079 ώς
1735 3016 1829 3071 ἄν·

1930 3010 2063 3081 quid
2105 3010 2247 3065 inter
2294 3008 2389 3064 Dei
2445 3020 2501 3064 et
2544 3011 2728 3065 carnis
2775 3022 3021 3065 naturam
3063 3008 3277 3064 intersit
3312 3006 3506 3063 distin-

245 3091 461 3161 θρωπον
492 3092 598 3165 ἰδίᾳ
623 3094 864 3160 τιθέντες
887 3100 982 3152 καὶ
1010 3099 1115 3154 ἀνὰ
1144 3101 1332 3172 μέρος,
1363 3104 1454 3158 τὸν
1482 3105 1562 3171 δὲ,
1595 3107 1671 3172 ὡς
1693 3108 1826 3162 Θεὸν

244 3182 404 3249 φύσει
451 3201 511 3236 τε
558 3186 654 3239 καὶ
700 3187 920 3258 ἀληθῶς
962 3190 1322 3261 ὀνομάζουσι,
1360 3197 1539 3251 καίτοι
1578 3197 1827 3265 θέλοντες

244 3270 383 3328 εἶναι
412 3277 748 3348 Χριστιανοί.
772 3281 882 3334 Καὶ
909 3280 974 3353 δὴ
1006 3284 1099 3338 καὶ
1117 3284 1325 3354 λογίδια
1359 3287 1497 3343 ἀττα
1533 3291 1662 3362 περὶ
1702 3294 1829 3346 τού-

244 3384 352 3421 των
382 3370 820 3439 συγγράφοντες,
858 3373 1035 3427 εἰπεῖν
1061 3375 1464 3448 τετολμήκασιν
1507 3381 1700 3446 αὑταῖς
1741 3382 1827 3437 λέ-

212 3456 227 3463 ’
247 3458 392 3523 ξεσιν
415 3453 517 3514 ὧδε
537 3478 549 3490 ’
603 3462 663 3515 '0
697 3463 796 3532 μὲν
828 3464 937 3537 γάρ
964 3465 1123 3535 φύσει
1162 3468 1258 3522 καὶ
1287 3469 1503 3539 ἀληθῶς
1539 3473 1663 3533 Υἱὸς
1694 3474 1724 3527 6
1762 3474 1826 3527 ἐκ

239 3550 377 3604 Θεοῦ
410 3551 626 3623 Πατρδς
667 3552 839 3623 Λόγος
885 3555 1054 3621 ἐστὶν,
1087 3559 1116 3611 6
1150 3557 1228 3622 δὲ,
1267 3561 1574 3632 ὁμωνύμως
1601 3562 1679 3635 τῷ
1710 3564 1826 3637 Υίῷ

243 3645 390 3707 Υἱός.
420 3647 530 3700 Καὶ
564 3645 682 3718 μεθ’
709 3647 871 3718 ἕτερα
902 3648 1092 3704 πάλιν
1115 3649 1262 3723 Σάρε
1290 3652 1319 3704 6
1345 3651 1441 3706 τοῦ
1466 3652 1604 3707 Θεοῦ
1629 3655 1824 3726 Λόγος,

239 3736 380 3790 ἀλλά
419 3737 706 3809 ἄνθρωπον
753 3740 1083 3811 ἀνειληφώς.
1132 3741 1190 3797 '0
1231 3743 1328 3813 μὲν
1358 3744 1469 3816 γὰρ
1499 3746 1827 3821 ,Μονογενὴς

243 3828 669 3899 προηγουμένως
708 3829 800 3882 καὶ
833 3829 956 3883 καθ’
987 3830 1203 3898 ἑαυτὸν,
1244 3832 1372 3897 Υἱὸς
1402 3832 1497 3886 τοῦ
1531 3833 1666 3888 Θεοῦ
1708 3836 1825 3889 ἐστι

240 3928 335 3982 τοῦ
368 3929 586 3983 πάντων
613 3929 949 4001 δημιουργοῦ
974 3945 986 3958 ’
1018 3930 1078 3986 δν
1121 3932 1177 3986 δὲ
1206 3932 1468 3988 ἀνέλαϐεν
1515 3934 1823 4006 ἄνθρωπον,

222 4020 302 4097 Ηοῦ
332 4019 489 4088 φύσει
517 4019 647 4083 Θεὸς
681 4018 777 4084 ὢν,
805 4022 893 4077 διά
925 4021 1018 4076 τὸν
1049 4023 1392 4080 ἀναλαϐόντα
1418 4024 1585 4082 αὑτὸν
1607 4026 1825 4099 ἀληθῶς

242 4111 372 4164 Υἱδν
396 4111 554 4178 Θεοῦ,
577 4112 884 4185 ὁμωνύμως
910 4114 1059 4186 αύτῷ
1088 4116 1440 4188 χρηματίζει.
1460 4117 1537 4172 Τὸ
1563 4118 1662 4189 μὲν
1681 4118 1822 4191 γὰρ,

245 4222 265 4253 ι
296 4202 483 4267 Οὐδεὶς
511 4202 652 4272 ἔγνω
686 4205 778 4258 τὸν
810 4206 955 4270 Υἱδν,
987 4207 1036 4258 εί
1070 4207 1145 4279 μὴ
1181 4210 1208 4261 6
1249 4209 1462 4281 Πατὴρ,
1502 4227 1521 4260 ι
1546 4209 1637 4263 τὸν
1664 4210 1825 4279 φύσει

239 4295 448 4348 τέλειον
472 4295 566 4349 καὶ
598 4295 828 4369 ἀληθείᾳ
856 4296 1008 4368 δηλοῖ
1028 4298 1094 4352 ὲκ
1126 4296 1220 4352 τοῦ
1247 4299 1461 4370 Πατρδς
1486 4300 1635 4355 Υίόν.
1658 4301 1731 4355 Τὸ
1765 4301 1824 4358 δὲ

1930 3111 2177 3173 guentes,
2213 3117 2387 3172 neque
2409 3101 2551 3156 intra
2572 3100 2716 3157 solos
2738 3102 3158 3172 discrepantium
3188 3108 3502 3155 naturarum

1928 3195 2188 3249 terminos
2233 3197 2613 3250 consistentes.
2671 3192 2749 3249 lta
2819 3194 2964 3249 enim
3025 3210 3055 3247 ιι
3105 3192 3331 3248 veritate
3397 3204 3520 3249 non.

1888 3281 2289 3341 .aberrarent:
2335 3283 2440 3339 alia
2491 3284 2638 3340 enim
2690 3284 2896 3350 carnis,
2951 3283 3054 3338 alia
3107 3297 3295 3338 rursus
3343 3280 3502 3337 Verbi

1923 3381 2008 3426 est
2035 3380 2252 3427 natura.
2301 3373 2373 3426 At
2416 3373 2470 3428 hi
2499 3373 2731 3428 alterum
2772 3387 3019 3429 seorsum
3052 3386 3114 3427 ac
3147 3385 3243 3441 per
3266 3385 3350 3436 se,
3382 3379 3505 3425 tan-

1925 3479 2088 3534 quam
2124 3480 2334 3521 merum
2372 3465 2647 3522 hominem
2693 3475 2974 3533 statuunt;
3023 3464 3251 3521 alterum
3287 3477 3414 3520 vero
3446 3471 3502 3517 nt

1925 3570 2113 3611 verum
2166 3557 2575 3629 naturalemque
2615 3559 2782 3613 Deum
2832 3557 3167 3623 nominant,“
3197 3570 3320 3612 cum
3366 3556 3506 3610 inte-

1925 3647 2029 3703 rim
2065 3660 2119 3704 et
2142 3650 2453 3706 Christiano
2487 3650 2705 3704 nomine
2729 3648 2830 3704 sibi
2859 3646 3225 3711 blandiantur,
3252 3653 3309 3701 et
3337 3659 3503 3713 quos-

1926 3740 2049 3795 dam
2075 3755 2289 3812 quoque
2318 3742 2466 3799 hisce
2495 3742 2561 3797 de
2589 3741 2748 3798 rebus
2787 3739 2999 3795 libellos
3055 3737 3500 3805 conscripserint.

1926 3832 2008 3887 Ad
2054 3834 2277 3889 verbum
2330 3842 2511 3888 autem
2559 3833 2702 3887 hunc
2748 3832 2799 3886 in
2845 3832 3062 3886 modum
3106 3829 3345 3884 scribere
3384 3827 3501 3881 ausi

1925 3932 2098 3980 sunt:
2144 3924 2242 3980 llic
2277 3924 2545 3993 siquidem
2594 3924 2828 3993 (nempe
2879 3921 2972 3977 Dei
3021 3920 3198 3977 Patris
3225 3916 3502 3987 Verbum)

1927 4029 2090 4071 verus
2113 4024 2170 4070 et
2197 4014 2457 4069 naturalis
2476 4023 2558 4068 est
2584 4012 2753 4067 Filius
2783 4030 2798 4067 :
2833 4011 2920 4067 ille
2949 4025 3077 4066 vero
3100 4010 3251 4081 (puta
3268 4007 3505 4079 Virginis

1928 4106 2128 4177 natus)
2174 4106 2449 4175 a'quivoce
2490 4103 2585 4159 Dei
2627 4102 2797 4159 Filius
2842 4101 3065 4158 dicitur.
3096 4100 3163 4156 Et
3195 4099 3351 4170 paulo
3381 4110 3507 4169 post.

1874 4231 1879 4236 λ
1928 4200 2167 4254 iterum:
2222 4198 2421 4268 Utique
2470 4197 2565 4253 Dei
2616 4196 2855 4252 Verbum
2901 4210 3007 4252 non
3054 4204 3139 4251 est
3179 4194 3361 4260 homo,
3407 4190 3504 4247 sed

1930 4290 2203 4346 hominem
2269 4288 2584 4358 assumpsit.
2657 4285 3106 4355 Quandoquidem
3184 4281 3543 4352 Unigenitns-
3577 4306 3595 4325 κ

238 4386 530 4457 λεγόμενον
572 4388 678 4443 ὑπὸ
717 4388 813 4443 τοῦ
860 4390 1116 4463 Γαϐριὴλ,
1152 4409 1174 4444 ι
1203 4391 1293 4463 Μὴ
1327 4392 1515 4461 φοϐοῦ,
1560 4393 1813 4465 Μαριάμ·

1927 4382 2030 4451 iam
2067 4380 2193 4435 inde
2226 4380 2295 4436 ab
2322 4377 2476 4435 initio
2502 4393 2598 4448 per
2621 4392 2704 4442 se,
2731 4374 2825 4432 Dei
2842 4375 3082 4431 omnium
3099 4373 3309 4444 opiﬁcis
3335 4370 3506 4425 Filius

242 4474 400 4550 εὗρες
428 4480 537 4552 γὰρ
569 4481 726 4551 χάριν
755 4481 904 4551 παρά
931 4484 1010 4553 τῷ
1036 4483 1158 4557 Θεῷ
1177 4502 1191 4517 ’
1228 4486 1321 4539 καλ⁵
1353 4485 1462 4540 ἰδοὺ
1491 4485 1738 4559 συλλήψῃ
1765 4486 1823 4540 ὲν

241 4570 462 4639 γαστρὶ,
494 4572 590 4624 καὶ
617 4569 747 4644 τέξῃ
787 4572 921 4638 υίδν,
955 4575 1051 4627 καὶ
1078 4574 1331 4639 καλέσεις
1360 4576 1620 4648 τδ.δνσμα
1655 4576 1821 4630 αὑτοῦ

255 4661 487 4731 Ἰησοῦν·
512 4680 531 4714 ι
559 4662 635 4733 τῷ
670 4663 946 4736 ἀνθρώπῳ
970 4666 1293 4738 ἐφαρμόζει.
1325 4667 1486 4721 Ἀλλά
1512 4670 1669 4723 ταυτὶ
1700 4669 1819 4739 μὲν,

241 4754 460 4807 ἐκεῖνοι.
482 4755 828 4826 Φρονήσομεν
849 4756 906 4811 δὲ
929 4759 1090 4828 ἡμεῖς
1111 4758 1209 4829 οὐχ
1230 4752 1353 4813 ὧδε.
1389 4760 1694 4815 ’Λναπείσει
1718 4761 1824 4832 γὰρ

180 4874 189 4883 -
238 4843 493 4914 οὐδαμῶς
537 4844 648 4898 τῶν
680 4848 1006 4919 ἑτεροδόξων
1045 4850 1075 4902 6
1109 4849 1300 4917 λόγος,
1332 4851 1555 4922 τροχιάν
1587 4852 1825 4921 ἀφέντας

235 4933 339 5002 τὴν
364 4934 451 4986 ἐπ’
468 4936 681 4989 εὐθεῖαν
703 4935 717 4987 i
738 4979 753 5003 ,
776 4936 1084 5009 διατρέχειν
1103 4938 1127 4978 ll
1155 4938 1349 5009 ἑτέραν
1368 4938 1466 5010 τὴν
1485 4940 1590 5007 ἔξω
1619 4941 1822 4996 σκοποῦ

240 5026 336 5081 καὶ
363 5025 820 5103 διεστραμμένην.

1929 4482 2013 4530 est
2041 4492 2055 4528 :
2094 4473 2257 4529 homo
2287 4482 2490 4537 autem,
2512 4484 2675 4540 quem
2697 4470 2962 4542 suscepit,
2993 4484 3117 4525 cum
3141 4477 3336 4524 natura
3364 4466 3503 4521 Deus

1933 4583 2037 4625 non
2070 4568 2160 4633 sit,
2206 4574 2425 4639 propter
2467 4566 2525 4638 θ
2555 4580 2680 4622 eum
2715 4580 2745 4620 a
2779 4580 2887 4637 quo
2927 4572 3231 4633 assumptus
3275 4568 3383 4625 est,
3411 4566 3504 4626 qui

1932 4672 2091 4715 verus
2112 4658 2204 4714 Dei
2237 4656 2407 4713 Filius
2429 4666 2535 4723 est,
2566 4657 2760 4713 eodem
2785 4672 2908 4713 cum
2934 4657 3051 4723 ipso
3076 4654 3295 4710 nomine
3320 4648 3503 4721 appel-
3606 4653 3612 4659 '
3729 4664 3740 4675 ·

1934 4750 2095 4806 latur.
2144 4751 2325 4816 Quare
2368 4751 2472 4804 hoc
2512 4749 2719 4804 Christi
2770 4747 3099 4803 oraculum:
3135 4762 3154 4795 ι
3185 4742 3355 4797 Nemo
3397 4741 3503 4795 scit

1930 4843 2054 4915 quis
2083 4842 2153 4897 sit
2181 4841 2369 4906 Filius,
2410 4841 2513 4896 nisi
2548 4840 2709 4895 Pater
2748 4840 2812 4905 ³³,
2851 4858 2871 4893 ι
2900 4852 3090 4894 verum
3113 4844 3170 4892 et
3201 4834 3500 4889 naturalem

1930 4939 2026 4993 Dei
2054 4936 2232 4992 Patris
2250 4936 2449 4992 Filium
2479 4936 2734 4990 ostendit.
2774 4935 2844 4989 Λι
2874 4933 3003 4988 illud
3034 4944 3165 4986 vero
3192 4946 3222 4984 a
3253 4928 3502 4986 Gabriele

1929 5028 2375 5101 pronuntiatum:
2421 5026 2541 5083 «Ne
2586 5027 2798 5092 timeas,
2846 5023 3037 5091 Maria,
3076 5021 3326 5078 invenisti
3352 5021 3496 5076 enim

240 5122 471 5192 gratiam
507 5127 648 5195 apud
691 5123 897 5180 Deum:
943 5134 998 5181 et
1044 5107 1494 5195 ecce'conctpies
1532 5125 1585 5181 in
1638 5136 1814 5189 utero,
1854 5132 1909 5180 et
1936 5125 2121 5194 paries
2182 5123 2350 5179 lilium
2397 5130 2451 5178 et
2528 5120 2748 5177 vocabis
2781 5133 2975 5175 nomen
3007 5119 3126 5189 eius
3151 5115 3334 5173 Jesum
3368 5116 3433 5179 ¹⁸,
3474 5136 3493 5168 ι

241 5214 295 5268 iu
327 5209 599 5268 hominem
628 5215 880 5284 quadrat.
911 5215 977 5271 Et
1021 5216 1136 5273 hare
1191 5215 1264 5271 illi
1296 5216 1577 5271 hactenus.
1611 5214 1718 5298 N.os
1743 5221 1922 5271 autem
1987 5215 2104 5286 ejus
2166 5215 2452 5272 sententia:
2502 5226 2840 5284 nequaquam
2878 5224 3089 5268 sumus.
3147 5208 3305 5266 Absit
3329 5208 3496 5275 enim.

333 5363 533 5422 "Luc.
566 5381 621 5431 κ,
654 5366 748 5423 22.
847 5368 891 5401 “
914 5368 1046 5424 Luc.
1080 5385 1118 5436 ι,
1157 5370 1246 5425 30.

1319 5480 1488 5537 Variae
1514 5481 1774 5537 lectiones
1799 5480 2003 5535 codicis
2049 5477 2402 5550 chuieriaui.

322 5622 333 5659 ί
371 5621 409 5691 ἦ
437 5638 496 5676 τε
532 5621 623 5678 τοῦ
652 5623 826 5694 Λόγου
858 5623 1038 5696 φύσις.
1124 5624 1136 5676 i
1181 5625 1270 5679 tn‘
1304 5624 1454 5680 εὐθύ.
1535 5626 1557 5666 ιι
1587 5623 1935 5694 διαστεὶχειν.
