3912 6182
451 246 584 302 11ίό

1374 282 1381 292 ο
1432 256 1489 311 S.
1533 250 1809 313 CYIiILLI
1851 252 2318 317 ALEXANDRINI
2357 256 2681 319 Αιιιῑιιιειν.

3564 258 3699 317 ΠΗ

444 377 502 419 ιιι
532 368 690 423 aliter
714 372 1066 427 sentientium
1099 376 1273 429 oratio
1318 377 1419 431 huc
1445 393 1542 432 nos
1608 377 1830 433 inducat
1883 389 1940 434 ut
2006 392 2156 437 recta
2190 384 2380 437 semita
2435 385 2644 449 relicta,
2722 386 3035 450 distortam,
3065 394 3120 439 et
3160 399 3190 438 a
3248 389 3400 440 recto
3456 384 3695 444 veritatis

442 472 609 526 scapo
634 457 983 517 abducenlem
1024 465 1168 519 viam
1202 466 1570 536 ingrediantur
1601 471 1639 523 ⁸.

516 549 624 604 Vll.
665 549 817 617 Quod
848 553 893 608 si
932 554 1055 623 quis
1090 556 1359 624 prolixum
1392 559 1460 614 de
1497 560 1733 629 qualibet
1780 561 2004 617 istarum

2183 565 2257 617 Z'.
2304 566 2413 618 Καὶ
2456 568 2505 619 εἰ
2552 567 2654 636 μέν
2700 584 2785 631 τις
2826 566 3001 620 ἕλοιτο
3046 565 3255 638 μακρὸν
3294 566 3380 636 ἐφ’
3418 565 3692 620 ἕκαστον⁸

442 640 757 710 opinionmn
819 659 1183 715 sermonem,
1233 651 1546 720 iustumque
1586 662 1635 706 et
1699 662 2012 707 accuratum

442 746 672 787 examen
704 733 990 791 institueie
1031 738 1227 805 vellet,
1261 756 1343 794 nm
1378 741 1699 798 Immensum
1738 744 1828 798 ille
1876 754 2013 799 tem-

443 838 544 892 pus
596 824 914 905 insumeret,
967 828 1259 899 laboreque
1312 835 1580 890 exhausto
1629 838 1915 905 praearduo
1949 851 2013 893 ac

367 970 398 985 Γ,
443 912 642 970 dimcili
676 903 1002 988 superabili,
1053 923 1139 976 vix
1185 925 1464 994 quidpiam
1511 903 1689 981 adhuc
1724 927 1883 983 laude
1925 928 2013 983 di-

441 1018 604 1075 gnum
637 1019 940 1077 praestaret.
982 1012 1152 1083 Nugis
1191 1017 1418 1085 proinde
1475 1019 1846 1089 orationisque
1880 1020 2000 1075 lon-

440 1097 681 1167 gitudine
710 1103 1110 1170 praetermissis,
1164 1108 1395 1177 agedum
1425 1109 1739 1177 perhrevem
1785 1111 2012 1178 singulis

439 1200 723 1245 censuram
754 1192 1131 1251 adhibeamus.
1157 1197 1222 1250 Et
1244 1200 1418 1266 primo
1442 1198 1660 1267 quidem
1690 1201 1806 1255 istis
1843 1203 2013 1270 phan-

441 1284 730 1336 tasntatum
761 1285 1074 1341 architectis
1109 1287 1232 1357 iure
1262 1288 1367 1343 diei
1415 1301 1578 1359 queat
1624 1306 1639 1344 :
1690 1310 1709 1343 ι
1756 1292 1964 1348 Erratis
1993 1327 2010 1360 ,-

440 1372 745 1429 ncscientes
775 1375 1085 1443 Scripturas
1114 1378 1195 1444 ⁸⁵,
1257 1395 1432 1449 neque
1483 1398 1735 1452 magtmm
1794 1385 2011 1452 pietatis

440 1464 786 1533 mysterium,
817 1467 919 1523 hoc
938 1479 1022 1524 est
1048 1470 1344 1540 Christum,
1382 1475 1475 1542 qui
1501 1473 1895 1531 manifestatns
1927 1485 2011 1532 est

440 1552 494 1606 in
531 1568 717 1623 carne,
765 1556 1095 1624 justilicatus
1114 1570 1198 1616 est
1234 1563 1285 1616 in
1334 1564 1571 1632 spiritu,
1622 1567 1872 1636 apparuit
1915 1584 2009 1622 an-

438 1645 607 1712 gelis,
668 1649 989 1719 praedicatus
1040 1662 1124 1708 est
1178 1655 1469 1725 gentibus,
1505 1658 1748 1713 creditus
1802 1668 1886 1714 est
1942 1660 1997 1714 in

440 1741 660 1807 mundo,
690 1753 1001 1811 assumptus
1059 1754 1145 1799 est
1189 1745 1243 1799 in
1296 1746 1467 1816 gloria
1529 1746 1594 1800 “.
1629 1766 1650 1801 ι
1692 1748 2005 1805 Adversarii

436 1836 616 1885 autem
652 1833 731 1887 vel
768 1844 980 1903 turpem
1012 1845 1191 1889 notam
1215 1838 1459 1906 antiquis
1490 1837 1857 1906 scriptoribus
1915 1838 2000 1893 in-

2118 656 2389 709 ποιεῖσθαι
2422 656 2601 725 λόγον,
2658 659 2754 712 καὶ
2801 658 2999 729 διαρκῆ
3030 658 3129 728 τὴν
3179 657 3431 726 βάσανον,
3467 660 3568 712 οὐκ
3605 660 3697 712 εὖ·

2117 746 2424 819 αρίθμητον
2451 749 2550 819 μέν
2577 749 2879 821 δαπανήσει
2903 749 3114 820 χρόνον.
3136 747 3389 819 Δυσαχθῆ
3417 748 3473 801 δὲ
3500 747 3699 819 ἱδρῶτα

2116 841 2210 893 καὶ
2236 839 2634 911 δυσδιάφυκτον
2671 841 2929 905 ἀνατλὰς,
2964 840 3304 913 κατορθώσει
3336 841 3505 912 μόλις.
3546 842 3696 910 Παρ-

2116 930 2267 994 ἐντες
2295 931 2360 1001 δὴ
2390 927 2483 985 οὖν
2518 932 2580 985 τὸ
2611 932 2721 985 δεῖν
2750 930 2958 985 οἴεσθαι
3005 932 3190 1004 μακρά
3221 932 3316 985 καὶ
3348 932 3550 1001 σφόδρα
3574 948 3699 985 στε-

2115 1021 2410 1092 νολεσχεῖν,
2455 1022 2551 1076 καὶ
2589 1023 2776 1094 ὀλίγην
2805 1023 3003 1094 κομιδῇ
3044 1024 3147 1095 τὴν
3193 1023 3425 1093 βάσανον
3481 1024 3697 1094 ἐπιρρι-

2115 1110 2373 1177 πτοῢντες
2408 1112 2645 1181 ἑκάστῳ,
2712 1112 2845 1185 φέρε
2880 1114 3132 1184 λέγωμεν
3179 1114 3273 1169 καὶ
3318 1113 3422 1185 πρό
3465 1130 3529 1182 γε
3583 1115 3693 1167 τῶν

2113 1203 2290 1259 ἄλλων
2316 1207 2430 1269 τοῖς
2467 1200 2767 1276 Δοκηταΐς·
2820 1222 2839 1257 ‹
2877 1206 3190 1272 Πλανᾶσθε,
3244 1206 3319 1276 μὴ
3363 1206 3563 1270 εἰδότες
3594 1207 3695 1270 τὰς

2112 1294 2357 1366 Γραφάς,
2401 1297 2537 1366 μήτε
2586 1295 2693 1367 μὴν
2748 1296 2813 1349 τὸ
2850 1296 2996 1367 μέγα
3035 1297 3134 1367 τῆς
3170 1296 3454 1360 εὐσεϐείας
3483 1299 3691 1366 μυστή-

2117 1402 2253 1456 ριον,
2273 1385 2525 1441 τουτέστι
2551 1388 2806 1459 Χριστὸν,
2832 1388 2892 1452 ὃς
2918 1385 3239 1458 ἐφανερώθη
3262 1389 3320 1440 ἐν
3369 1389 3553 1457 σαρκὶ,
3583 1388 3693 1441 ἐδι-

2112 1477 2324 1548 καιώθη
2375 1479 2434 1531 ἐν
2479 1479 2776 1548 πνεύματι,
2819 1478 2977 1550 ὤφθη
3008 1478 3283 1547 ἀγγέλοις,
3319 1479 3595 1550 ἐκηρύχθη
3630 1481 3697 1532 ἐν

2110 1566 2343 1634 ἔθνεσιν,
2384 1569 2678 1639 ἐπιστεύθη
2729 1570 2787 1623 ἐν
2839 1570 3029 1641 κόσμῳ
3057 1607 3073 1631 ,
3119 1570 3399 1640 ἀνελήφθη
3437 1572 3496 1621 ἐν
3539 1571 3687 1642 δόξῃ.

2110 1660 2231 1712 Δεῖν
2268 1659 2327 1712 δὲ
2371 1655 2524 1730 οἶμαι
2567 1662 2693 1724 τοὺς
2731 1660 2797 1714 δι’
2850 1661 3099 1725 ἐναντίας
3145 1662 3178 1731 ἢ
3228 1662 3409 1731 ψῆφον
3460 1662 3695 1729 ἐπάγειν

2108 1751 2208 1822 τὴν
2237 1752 2434 1821 αίσχίω
2461 1754 2575 1814 τοῖς
2617 1752 2808 1816 πάλαι,
2850 1753 2949 1805 xui.
2989 1752 3360 1825 ψευδηγόρους
3396 1753 3693 1806 ἀποκαλεῖν

2109 1842 2238 1905 τοὺς
2281 1842 2380 1912 τῆς
2420 1842 2748 1913 οἰκουμένης
2778 1845 3222 1914 μυσταγωγοὺς,
3253 1842 3334 1909 οἷς
3391 1845 3553 1908 αὐτὸς
3581 1845 3687 1913 ἐφη

438 1933 599 1977 urant
629 1934 872 1994 oportet;
905 1926 1162 1995 orbisque
1184 1904 1471 1991 doctores,
1521 1904 1719 1996 quibus
1759 1926 2004 1983 Christus

2111 1904 2382 2003 Χριστόςο
2436 1951 2455 1983 t
2496 1904 2859 2004 Πορευθέντες
2937 1904 3329 2006 μαθητεύσατε.
3374 1904 3553 1990 πάντα

440 2014 554 2083 ipse
582 2016 858 2086 praecepit,
913 2035 932 2068 ι
974 2016 1200 2073 Euntes'
1226 2017 1417 2073 docete
1460 2032 1657 2087 omnes
1691 2029 1881 2090 gentes
1912 2020 1955 2052 "
1990 2061 2005 2087 ,

429 2107 708 2162 "tuendacii
744 2109 1111 2179 redarguant;
1150 2109 1234 2164 vel
1256 2117 1405 2165 certe
1433 2108 1479 2166 si
1517 2111 1567 2165 id
1605 2111 1788 2166 facere
1807 2112 2007 2167 exhor-

440 2206 615 2265 reaut,
646 2207 700 2250 ut
732 2209 935 2253 rectam
976 2200 1041 2255 de
1084 2198 1306 2255 Christo
1352 2196 1670 2256 se'ntentiam
1721 2200 2005 2272 complexi,

435 2299 565 2341 suas
603 2286 849 2341 inscitias
900 2286 1083 2342 valere
1129 2286 1400 2357 jubeant;
1480 2289 1789 2360 divinisque
1855 2287 2007 2345 Scri-

430 2378 610 2448 pturis
632 2378 912 2435 mordicus
924 2378 1296 2444 adhaerentes,
1333 2392 1543 2435 necnon
1577 2389 1747 2435 tutam
1765 2382 2005 2437 erroris-

434 2485 543 2540 que
573 2480 848 2541 expertem
869 2480 1185 2529 sanctorum
1209 2473 1352 2528 viam
1372 2472 1623 2544 ingressi,
1651 2482 1797 2530 recta
1823 2475 1890 2531 ad
1920 2475 2004 2547 ip-

438 2577 554 2617 sam
580 2563 857 2619 veritatem
886 2564 1231 2621 contendant.

508 2652 645 2709 VIII.
677 2654 846 2710 Porro
872 2664 1054 2711 autem
1087 2656 1216 2711 illud
1248 2656 1465 2728 pietatis
1500 2657 1814 2729 mysterium
1857 2656 2004 2713 aliud

436 2744 642 2798 nullum
673 2753 756 2800 est
780 2745 952 2811 nobis,
977 2753 1035 2800 ut
1064 2746 1277 2816 Opinor,
1307 2761 1468 2817 quam
1494 2746 1671 2817 ipsum
1698 2746 1793 2802 Dei
1827 2746 2003 2801 Patris

441 2834 698 2902 Verbum,
717 2837 857 2906 quod
877 2837 1275 2893 manifestatum
1298 2849 1383 2894 εει
1410 2838 1461 2891 in
1487 2851 1686 2893 carne:
1706 2838 1999 2908 siquidem,

376 2970 399 2984 ρ
437 2926 617 2981 servili
651 2926 821 2982 lbrma
844 2937 1143 2998 assumpta,
1172 2944 1236 2985 ex
1264 2943 1419 2984 sacra
1446 2938 1503 2985 et
1537 2930 1753 2999 deipara
1780 2928 2004 3001 Virgine

435 3026 620 3071 uatum
638 3018 937 3075 est.Visum
963 3029 1116 3076 estet
1133 3021 1358 3092 angelis,
1390 3036 1512 3076 nam
1533 3029 1589 3076 et
1605 3036 1790 3077 recens
1817 3031 2000 3078 natum

433 3110 674 3165 venerati
703 3121 850 3180 sunt,
887 3120 944 3168 et
970 3112 1308 3184 doxologiam
1336 3113 1480 3169 illam
1509 3132 1529 3165 ι
1554 3112 1736 3169 Gloria
1761 3113 1813 3167 in
1851 3111 2004 3166 altis-

2109 2023 2261 2096 εθνη·
2295 2043 2314 2076 t
2363 2025 2397 2095 ἢ
2440 2024 2599 2096 εἴπερ
2640 2024 2801 2080 τοῦτο
2852 2031 3300 2099 καταπεφρίκασι
3331 2027 3485 2097 δρᾷν,
3547 2026 3691 2097 ὀρθά

2112 2115 2211 2187 μὲν
2241 2114 2458 2169 ἑλέσθαι
2499 2119 2715 2186 φρονεῖν
2746 2118 2815 2171 τά
2848 2119 2940 2171 ἐπὶ
2992 2118 3236 2191 Χριστῷ,
3267 2119 3582 2188 φράσαντας
3627 2117 3689 2171 δὲ

2108 2207 2170 2261 τὸ
2199 2206 2474 2280 ἐρρῶσθαι
2505 2209 2617 2263 δεῖν
2645 2212 2767 2273 ταῖς
2806 2210 2956 2280 σφῶν
2984 2210 3164 2264 αὐτῶν
3193 2210 3480 2280 ἀμαθίαις,
3514 2210 3691 2279 ἀπρὶξ

2111 2297 2211 2368 μὲν
2242 2288 2464 2369 ἔχεσθαι
2490 2298 2599 2351 τῶν
2647 2300 2806 2371 ἱερῶν
2838 2300 3212 2373 Γραμμάτων,
3243 2301 3341 2371 τὴν
3372 2300 3430 2353 δὲ
3467 2298 3693 2367 ἀπλανῆ

2108 2389 2217 2443 τῶν
2260 2391 2434 2460 ἀγίων
2480 2391 2766 2460 διάγοντας
2804 2391 2991 2463 τρίϐον
3014 2432 3029 2458 ,
3084 2392 3173 2445 ἐπ’
3214 2391 3381 2461 αὐτὴν
3419 2390 3552 2443 ἱέναι
3579 2388 3693 2460 τὴ)

2107 2480 2385 2554 ἀλήθειαν.

2179 2658 2377 2730 Η’.Εἰή
2400 2660 2509 2729 γὰρ
2545 2659 2610 2713 ἂν
2643 2659 2741 2730 οὐχ
2773 2659 2979 2732 ἕτερον,
3016 2653 3192 2729 οἶμαι,
3216 2657 3268 2711 τὶ
3296 2656 3356 2710 τὺ
3384 2656 3484 2725 τῆς
3524 2650 3693 2706 εὗσε-

2107 2750 2261 2814 ϐείας
2310 2750 2691 2822 μυστήριον,ἢ
2745 2750 2908 2814 αὐτὸς
2954 2752 3088 2821 ἡμῖν
3117 2752 3146 2803 ό
3186 2750 3259 2802 ἐκ
3282 2745 3419 2802 Θεοῦ
3466 2743 3692 2813 Πατρδς

2107 2841 2301 2909 Λόγος,
2340 2840 2399 2903 ὃς
2433 2838 2750 2910 ἐφανερώθη
2782 2842 2839 2892 ἐν
2869 2840 3033 2910 σαρκί
3056 2852 3071 2867 ⁸
3102 2837 3426 2907 γεγέννηται
3451 2834 3558 2902 γὰρ
3589 2832 3697 2887 διὰ

2104 2937 2200 3008 τῆς
2228 2936 2388 3005 ἀγίας
2436 2928 2710 3006 Παρθένου
2753 2934 2848 2989 καὶ⁹
2896 2933 3181 3007 Θεοτόκον,
3225 2929 3440 3002 μορφὴν
3489 2927 3697 2980 δούλου

2104 3024 2306 3083 λαϐὼν.
2342 3027 2519 3097 ὀφθη
2549 3025 2607 3080 δέ
2645 3027 2739 3079 καὶ
2782 3025 3055 3094 ἀγγέλοις,
3084 3023 3133 3076 οἳ
3158 3021 3489 3093 γεννηθέντα
3514 3035 3698 3072 κατα⁹

2106 3119 2423 3192 γεραίρουσι
2446 3134 2459 3148 ·
2491 3137 2509 3170 ι
2539 3117 2676 3182 Δόξα
2710 3134 2790 3181 τε,
2823 3114 3008 3184 φασιν,
3038 3116 3094 3169 ἐν
3121 3112 3369 3183 ὑψίστοις
3410 3110 3550 3179 Θεῷ,
3588 3102 3699 3163 καὶ

436 3202 591 3256 simis
621 3200 752 3269 Deo,
781 3214 834 3258 et
859 3204 910 3259 in
947 3215 1089 3259 terra
1122 3220 1246 3275 pax,
1293 3205 1346 3259 in
1378 3205 1689 3260 hominibus
1716 3206 1858 3260 bona
1909 3218 2003 3259 vo-

2111 3213 2201 3266 ἐπὶ
2228 3213 2330 3281 γῆς
2356 3212 2568 3282 εἰρήνη,
2590 3212 2647 3263 ἐν
2668 3209 2977 3282 ἀνθρώποις
3002 3208 3238 3262 εὐδοκία.
3268 3226 3287 3260 ι
3312 3204 3442 3261 Καΐ
3455 3204 3562 3275 μὴν
3587 3207 3704 3258 καὶ

434 3293 615 3349 luntas
640 3295 707 3359 τ’,
746 3294 1053 3350 ediderunt.
1106 3295 1274 3350 Iidem
1305 3296 1384 3351 illi
1435 3297 1744 3367 pastoribus
1786 3310 2003 3365 quoque
2010 3340 2034 3383 θ

435 3385 601 3439 Deum
629 3386 864 3442 Verbum
895 3399 1114 3458 propter
1150 3404 1246 3443 uos
1290 3390 1343 3443 in
1388 3405 1607 3444 carnem
1653 3388 1866 3444 venisse
1912 3389 2002 3442 de-

336 3482 343 3489 '
434 3475 805 3529 nuntiarunt:
843 3494 863 3528 t
921 3475 1101 3542 Ecce,
1149 3476 1443 3546 inquiunt,
1496 3486 1657 3531 natus
1714 3486 1800 3531 est
1846 3476 2001 3531 vobis

434 3565 592 3621 hodie
623 3566 893 3632 Salvator,
922 3569 1013 3637 qui
1038 3578 1123 3623 est
1152 3568 1404 3623 Christus
1440 3569 1704 3623 Dominus
1731 3608 1747 3633 ,
1783 3568 1836 3622 in
1869 3569 2005 3623 civi-

435 3666 544 3712 tate
578 3657 765 3713 David.
788 3658 853 3711 Et
886 3659 990 3713 hoc
1026 3659 1131 3713 erit
1157 3659 1310 3713 vobis
1342 3660 1555 3729 signum
1576 3659 1628 3729 7
1658 3677 1672 3713 :
1711 3658 2002 3714 Invenietis

434 3750 693 3805 ihl‘autem
725 3751 919 3819 pannis
945 3751 1243 3806 involutum
1272 3792 1287 3817 ,
1336 3762 1390 3805 et
1417 3751 1650 3819 positum
1692 3751 1746 3806 in
1797 3766 1997 3820 praese-

433 3843 524 3913 pio
547 3843 614 3895 η.
654 3842 826 3898 rCum
845 3844 1107 3911 ejusmodi
1140 3859 1269 3913 ergo
1303 3843 1568 3904 Deiortus
1596 3858 1691 3913 per
1722 3842 1999 3914 Virginem

434 3935 725 4000 exstiterit,
765 3935 994 4006 talisque
1032 3935 1272 4007 ejusdem
1305 3935 1356 3991 in
1401 3951 1565 3991 carne
1608 3935 1999 3998 manifestatio,

428 4026 699 4096 quomodo
744 4043 849 4082 non
884 4043 1077 4099 magna
1137 4028 1380 4095 vanitas,
1428 4042 1685 4098 meraque
1729 4027 2002 4083 temeritas

428 4126 539 4183 est;
572 4117 680 4172 imo
704 4132 832 4174 vero
852 4119 1123 4189 quomodo
1150 4133 1257 4173 non
1301 4126 1483 4188 aperta
1509 4118 1737 4185 insania,
1765 4132 2001 4174 merum-

429 4224 537 4280 que
581 4209 839 4265 delirium
891 4220 997 4276 est,
1050 4220 1158 4266 tam
1218 4211 1442 4276 illustri,
1505 4221 1722 4280 tamque
1766 4208 1999 4268 evidenti

433 4302 748 4357 meonomiaa
777 4303 1101 4373 apparentia;
1124 4319 1320 4357 nomen
1362 4303 1639 4373 imponere
1663 4304 1684 4356 ‘l
1714 4302 2001 4357 Enimvero

418 4393 477 4447 ‘si
507 4388 669 4446 Verbi
695 4392 999 4448 iucarnatio
1023 4392 1345 4459 nothi-aest,
1374 4403 1467 4446 aut
1504 4407 1590 4446 res
1622 4402 1827 4446 tantmn
1862 4392 1965 4444 ima
1981 4398 2009 4430 -'

344 4510 359 4519 ρ
432 4481 661 4552 ginaria,
691 4497 791 4537 nec
813 4481 978 4550 Virgo
1009 4498 1138 4538 vere
1163 4484 1322 4539 enixa
1348 4492 1455 4545 est,
1493 4497 1622 4553 ergo
1664 4498 1838 4552 neque
1859 4480 1997 4537 Ver-

2106 3303 2219 3365 τοῖς
2248 3299 2472 3371 ποιμέσι
2506 3298 3010 3370 κατασημαίνοντες
3033 3296 3123 3350 τὸν
3157 3296 3222 3349 δι’
3247 3297 3393 3368 ἡμᾶς
3420 3295 3480 3346 ἐν
3514 3294 3699 3362 σαρκὶ

2105 3389 2238 3443 Θεὸν
2258 3390 2452 3457 Λόγον,
2497 3407 2515 3439 ι
2553 3387 2685 3441 Ἰδοὺ
2716 3388 2801 3457 δὴ,
2830 3387 3013 3457 φασὶν,
3048 3385 3315 3456 ἐγεννήθη
3350 3384 3479 3452 ὑμῖν
3511 3384 3698 3452 σήμε-

2108 3495 2202 3550 ρον
2236 3477 2449 3548 Σωτὴρ,
2473 3478 2532 3540 ὃς
2566 3477 2684 3529 ἐστι
2712 3474 2947 3545 Χριστὸς
2974 3473 3197 3544 Κύριος,
3228 3474 3286 3525 ἐν
3310 3471 3460 3524 πόλει
3487 3467 3691 3524 Δαυῖδ.

2106 3570 2214 3624 Καὶ
2232 3568 2391 3622 τοῦτο
2408 3569 2537 3639 ὑμῖν
2559 3567 2621 3621 τὸ
2649 3570 2876 3638 σημεῖον
2896 3584 2908 3596 ·
2943 3566 3221 3637 Εὑρὴσετε
3247 3564 3444 3635 βρέφος
3465 3565 3695 3633 ἐσπαρ-

2104 3659 2444 3731 γανωμένον,
2491 3659 2587 3713 καί
2619 3658 2874 3729 κείμενον
2917 3659 2974 3710 ἐν
3014 3657 3211 3729 φάτνῃ.
3250 3673 3269 3706 ι
3316 3655 3380 3707 Εἰ
3426 3650 3564 3704 Θεοῦ
3629 3648 3698 3706 δὲ

2103 3752 2261 3814 τόκος
2289 3749 2378 3803 διὰ
2406 3748 2701 3821 παρθένου,
2740 3748 2838 3803 καὶ
2865 3748 3173 3818 φανέρωσις
3208 3746 3267 3798 ὲν
3316 3742 3501 3812 σαρκὶ,
3559 3741 3694 3803 πῶς

2102 3844 2203 3897 οὐκ
2240 3841 2477 3913 ἀδρανὴς
2530 3839 2901 3910 είκαιομυθία,
2953 3839 3071 3903 πῶς
3122 3838 3180 3891 δὲ
3210 3837 3330 3907 οὐχὶ
3365 3834 3533 3906 μανία
3588 3832 3694 3886 καὶ

2101 3932 2287 4003 λῆρος,
2315 3930 2378 3983 τὸ
2419 3932 2519 4001 τῆς
2545 3928 2819 4000 δοκήσεως
2842 3928 3014 3997 ὄνομα
3056 3926 3159 3996 τῆς
3189 3924 3335 4001 οὗτοι
3362 3919 3582 3990 ’σαφοῦς
3623 3936 3692 3973 τε

2102 4024 2197 4077 καὶ
2230 4020 2493 4093 ἐναργοῦς
2519 4020 2895 4090 καταγράφειν
2926 4016 3277 4088 οἱκονομίας;
3318 4016 3380 4068 Εἰ
3407 4014 3516 4083 γάρ
3550 4012 3694 4065 σκιά

2103 4116 2199 4170 καὶ
2245 4113 2468 4182 δόκησις
2525 4107 2615 4183 ἦν,
2655 4112 2750 4165 καὶ
2795 4109 2920 4164 οὔτε
2955 4108 3232 4181 σάρκωσις
3282 4103 3515 4175 ἀληθῶς,
3547 4101 3693 4154 οὔτε

2084 4190 2213 4277 μὴν
2241 4204 2464 4257 τέτοκεν
2487 4204 2522 4275 ἡ
2573 4200 2873 4273 Παρθένος,
2905 4199 3007 4253 οὐκ
3035 4196 3331 4252 ἐπελάϐετο
3362 4188 3694 4263 σπέρματος

2115 4296 2366 4368 Ἀϐραὰμ
2386 4298 2414 4349 ό
2439 4296 2503 4349 ἐκ
2529 4292 2663 4348 Θεοῦ
2688 4293 2903 4364 Πατρὸς
2927 4291 3119 4360 Λόγος,
3151 4289 3249 4361 οὐχ
3274 4284 3529 4358 ὡμοιώθη
3562 4284 3692 4346 τῡῖς

2101 4387 2368 4454 ἀδελφοῖς.
2400 4384 2536 4438 Σκιά
2556 4388 2653 4426 ’³ου
2684 4383 2894 4455 γάρ,οὑ
2931 4382 3103 4445 τύπος
3159 4380 3228 4434 τὰ
3277 4378 3400 4433 καθ’
3428 4376 3612 4447 ἡμᾶς.
3650 4374 3688 4445 ἢ

2100 4478 2342 4551 δόκησις⁸
2376 4474 2491 4534 ἀλλ’
2517 4487 2542 4515 ο
2574 4477 2743 4548 ἐσμὲν
2756 4478 2813 4530 ἐν
2832 4477 3080 4548 σώμασιν
3112 4475 3303 4536 άπτοῖς
3329 4488 3385 4524 τε
3419 4467 3514 4521 καὶ
3543 4468 3690 4537 ὀρα-

435 4572 586 4637 hum,
624 4572 765 4642 quod
804 4584 870 4626 ex
916 4572 1023 4627 Deo
1071 4570 1233 4628 Patre
1266 4572 1488 4642 prodiit,
1528 4586 1711 4627 semen
1763 4571 1999 4626 Abrahae

2111 4571 2247 4633 τοῖς,
2289 4570 2385 4623 καὶ
2424 4568 2522 4640 ’μὴν
2570 4569 2775 4639 γηγενῆ
2813 4568 2877 4638 δὴ
2926 4566 3131 4636 ταύτην
3173 4565 3349 4636 σάρκα
3389 4578 3691 4630 κατημφί-

430 4661 829 4729 apprehendit,
886 4676 1063 4731 neque
1108 4659 1368 4718 fratribus
1406 4660 1767 4716 assitnilatum
1808 4670 1892 4715 est
1923 4662 1991 4715 ’°.

2099 4661 2337 4732 εσμένοι,
2369 4660 2464 4715 καὶ
2489 4659 2691 4731 φθορᾶς
2722 4659 2816 4715 καὶ
2845 4659 3031 4714 παθῶν
3065 4655 3375 4728 ἡττώμεθα.

431 4756 640 4810 Etenim
671 4770 788 4824 quae
814 4756 866 4811 iu
896 4757 1049 4812 nobis
1077 4767 1391 4823 cernuntur,
1426 4769 1488 4810 ea
1527 4769 1628 4809 nec
1668 4765 1843 4826 typus,
1880 4769 1978 4808 nec
2018 4758 2229 4821 utnbra,
2264 4770 2362 4811 nec
2418 4763 2689 4825 spectrum
2735 4764 2881 4820 sunt,
2949 4753 3041 4808 sed
3077 4751 3295 4811 veritas,
3330 4757 3379 4804 et
3410 4762 3496 4802 res
3528 4745 3683 4813 ipsa.

435 4849 678 4903 Vivimus
719 4864 952 4920 namque
994 4850 1046 4904 in
1087 4850 1406 4918 corporibus
1433 4888 1448 4912 ,
1491 4864 1612 4918 qua:
1649 4856 1705 4903 et
1754 4848 1895 4919 tangi
1943 4857 1997 4903 et
2036 4848 2204 4904 videri
2276 4857 2534 4918 possunt;
2577 4855 2899 4916 terrenaque
2965 4860 3130 4901 carne
3185 4842 3384 4903 vestiti,
3429 4840 3686 4893 interimi

439 4940 763 5011 catterisque
788 4941 1135 5012 passiouibus
1173 4941 1395 5010 subjecti
1418 4954 1627 4995 sumus.

501 5034 590 5089 IX.
633 5033 799 5105 Igitur
833 5038 876 5090 si
912 5036 1001 5090 Dei
1044 5035 1276 5091 Verbum
1310 5050 1438 5090 caro
1485 5035 1683 5089 factum
1727 5048 1831 5088 non
1868 5043 1949 5089 est
1978 5073 1998 5096 ,

428 5140 550 5181 cum
603 5141 703 5181 nec
731 5127 782 5181 in
826 5143 892 5183 eo
920 5127 1068 5197 quod
1108 5127 1385 5191 sustinuit,
1439 5134 1701 5180 tentatum
1737 5123 1845 5190 sit,
1886 5139 1989 5178 non

463 5283 544 5331 .t'
568 5283 751 5337 Matth.
792 5280 1046 5346 saluii).
1156 5279 1199 5313 ¹⁶
1258 5282 1273 5337 Ι
1334 5270 1477 5336 Tim.
1531 5296 1614 5346 nt,
1672 5280 1758 5335 I6.

426 5346 473 5384 ’°
503 5353 659 5409 Ilebr.
698 5368 755 5413 tt.
792 5356 880 5416 lli,
913 5354 996 5405 l7,

1867 5275 1909 5312 "
1934 5277 2123 5333 Matth.
2158 5294 2349 5345 xxvtu,
2406 5276 2491 5333 19.

2175 5033 2251 5088 8'.
2292 5027 2505 5087 Οὐκοῦν
2544 5033 2592 5086 εἰ
2619 5033 2695 5104 μὴ
2723 5032 2913 5101 γέγονε
2955 5029 3087 5103 σάρξ
3125 5033 3154 5084 ὁ
3179 5025 3371 5096 Λόγος,
3394 5026 3515 5081 οὐδὲ
3542 5029 3607 5079 ἐν
3638 5018 3684 5092 ᾧ

2105 5122 2372 5178 πέπονθεν
2420 5123 2582 5188 αὐτὸς
2631 5122 2970 5195 πειρασθεὶς,
3004 5122 3227 5175 δύναται
3264 5118 3376 5182 τοῖς
3414 5116 3683 5189 πειραζοο

2598 5278 2641 5310 ⁸³
2700 5277 2830 5334 Luc.
2864 5293 2923 5344 ιι,
2952 5276 3039 5331 IL.
3155 5276 3197 5309 "
3254 5274 3382 5330 ibid.
3440 5275 3529 5339 H,
3584 5274 3676 5329 Β.

1510 5483 1682 5540 Varia:
1708 5484 1965 5542 lectiones
1986 5487 2188 5542 codicis
2214 5485 2564 5558 Seguieriaui.

500 5636 519 5679 ι
548 5641 777 5711 ἑκάστῳ.
857 5645 895 5672 η’
927 5645 949 5673 η
982 5643 1150 5704 ἴσως,
1173 5637 1231 5690 οὐ
1266 5638 1405 5692 σκιά.

1491 5646 1514 5673 ⁰
1550 5641 1674 5694 σκιά
1702 5641 1807 5712 γάρ
1836 5642 1950 5699 οὔτι
1990 5661 2090 5696 που
2129 5643 2195 5695 τά
2232 5643 2350 5696 καθ’
2383 5643 2547 5711 ἡμᾶς,
2586 5641 2723 5696 ἀλλ’.
