3936 6200
358 245 494 300 H.525

1313 250 1397 304 DE
1437 251 1660 307 RECTA
1704 250 1880 353 FIDE,
1928 248 2017 305 AD
2058 255 2509 315 THEODOSIUM
2550 258 2687 315 IMP.

3467 270 3604 329 H56

356 360 541 428 μένοις
567 355 852 429 βοηθῆσαι.
879 361 1012 414 Οὐδὲ
1041 362 1147 433 γὰρ
1178 363 1240 417 ἄν
1268 382 1319 417 τι
1344 368 1507 420 πάθοι
1539 367 1686 431 σκιὰ,
1713 369 1894 437 οῖχετα

2023 382 2197 441 potest
2229 374 2297 430 iis
2329 377 2419 446 qui
2448 384 2726 433 tentantur
2749 391 2905 449 opem
2936 379 3101 438 ferre.
3138 383 3430 456 Siquidem
3456 392 3604 447 nulla

351 448 417 518 δὴ
452 445 546 501 οὖν
579 448 638 500 τὸ
669 448 891 519 σύμπαν
927 453 1057 522 ἡμῖν
1088 455 1168 517 είς
1190 455 1255 508 τὸ
1287 456 1452 527 μηδὲν
1497 459 1733 529 ἀληθῶς.
1768 461 1925 512 Ποῖον

348 541 458 612 γὰρ
496 540 574 593 ἔτι
621 540 790 594 νῶτον
836 541 1067 597 δέδωκεν
1110 547 1250 619 ὑπὲρ
1285 550 1472 620 ἡμῶνς
1528 548 1561 622 ἢ
1606 553 1764 606 ποίαν
1812 557 1926 615 τοῖς

349 632 571 686 παίουσι
605 635 841 705 παρειὰν
875 629 1550 713 ὑποστρώσαςξπρδξτὰς
1578 646 1640 698 ἐκ
1660 645 1765 699 τῶν
1799 646 1925 702 Ἰου-

346 721 513 775 δαίων
550 724 893 796 διεκαρτέρει
942 728 1189 800 πληγάς;
1248 732 1399 802 ἥλοις
1445 734 1501 788 δὲ
1552 736 1920 808 διαπεπαρθαί

344 815 536 885 χεῖράς
562 825 623 869 τε
652 818 749 871 καὶ
777 819 944 882 πόδας
963 820 1053 872 τὸν
1082 822 1179 874 οὐκ
1203 824 1259 875 ἐν
1285 827 1447 894 σαρκὶ
1474 828 1773 898 πεφηνότα,
1801 830 1920 883 τίνα

346 904 411 975 δὴ
438 908 640 977 τρόπον
667 910 874 983 οίηθείη
904 929 985 975 τις
1015 913 1114 979 ἇνζ
1166 914 1198 985 ἢ
1233 916 1413 979 ποίαν,
1445 919 1566 972 εἰπέ
1604 937 1716 990 μοι,
1760 921 1920 974 πλευ-

348 995 449 1065 ρὰν
495 997 873 1064 διανύττοντες
903 1004 952 1055 oi
1011 1003 1245 1058 Πιλάτου
1274 1007 1583 1079 δορυφόροι,
1629 1011 1689 1063 τὸ
1738 1011 1917 1081 τίμιον

344 1082 484 1157 αἷμα
512 1090 913 1156 συναναόλύζον
933 1092 1086 1148 ὕδατι
1109 1099 1219 1160 τοῖς
1245 1097 1539 1169 θεωμένοις
1561 1102 1913 1172 παρέδειξαν;

346 1181 456 1234 Καὶ
494 1183 544 1235 εί
576 1183 680 1253 χρὴ
718 1184 925 1237 τούτων
958 1187 1017 1240 τὸ
1044 1188 1299 1243 ἐπέκεινα
1327 1190 1527 1260 λέγειν,
1554 1192 1678 1247 οῦτε
1711 1195 1916 1250 ἀπέθα-

343 1289 432 1325 νεν
462 1273 605 1345 ὑπὲρ
637 1274 817 1345 ἡμῶν,
860 1275 984 1330 οὔτε
1025 1278 1130 1350 μὴν
1167 1281 1512 1355 ἐγήγερταιό
1545 1286 1797 1357 Χριστός.
1837 1283 1912 1343 Οῦ

342 1363 777 1434 παραδεχθέντος
821 1368 901 1429 εἰς
939 1367 1216 1440 ἀλήθειαν,
1264 1372 1562 1427 κεκένωται
1605 1375 1704 1445 μὲν
1751 1377 1782 1446 ἡ
1822 1378 1911 1430 πί-

343 1469 481 1517 στις,
517 1454 725 1524 οἴχεται
763 1455 819 1508 δὲ
867 1458 895 1509 ὁ
933 1461 1248 1531 σταυρὸς,ή
1284 1462 1379 1515 τοῦ
1426 1465 1631 1535 κόσμου
1667 1468 1910 1537 σωτηρία

341 1545 432 1596 καὶ
467 1542 604 1616 ζωὴ,
628 1547 719 1599 καὶ
747 1546 960 1601 διόλωλε
989 1551 1269 1615 παντελῶς
1303 1555 1336 1623 ἡ
1369 1554 1477 1607 τῶν
1512 1558 1569 1607 ἐν
1604 1556 1783 1610 πίστει
1813 1575 1907 1611 κε-

338 1637 692 1706 κοιμημένων
716 1638 891 1703 ἐλπίς.
922 1637 993 1695 Εὖ
1043 1643 1150 1713 γὰρ
1190 1637 1291 1697 ὧδε
1330 1645 1477 1716 ἔχειν
1504 1648 1674 1701 ἐδόκει
1713 1651 1805 1704 καὶ
1831 1649 1907 1720 τῷ

2032 465 2081 518 ἰιι
2116 467 2359 521 umbram
2412 469 2590 536 passio
2619 470 2816 525 cadere
2864 480 3061 542 potest.
3105 489 3268 548 atque
3304 481 3374 534 ita
3411 485 3591 539 omnia

2027 571 2146 624 qua:
2172 557 2359 612 salutis
2400 568 2597 613 nostra:
2626 576 2788 614 causa
2822 561 2960 617 facta
3004 579 3149 632 sunt,
3182 585 3310 625 vere
3366 573 3417 627 in
3455 575 3600 628 nihio

2026 647 2134 701 lum
2168 648 2428 731 recident.
2459 648 2589 703 Nam
2618 651 2775 720 quale
2808 652 3053 722 dorsum,
3087 675 3292 727 qumso,
3318 678 3415 731 pro
3439 667 3600 721 nobis

2023 720 2333 790 caedendum
2385 739 2612 807 praebuit
2651 742 2745 795 “7
2791 753 2883 798 aut
2924 720 3115 814 quales
3168 720 3596 818 percutientilms

2022 830 2486 895 genasexhibuit?
2525 840 2616 885 aut
2669 836 2938 901 quomodo
2983 839 3049 893 ad
3112 839 3421 899 Judzeorum
3477 863 3596 903 ver-

2022 918 2146 972 hera
2185 919 2398 974 fortiter
2426 923 2711 992 perstitit?
2776 935 2871 980 aut
2929 927 3228 996 cujusmodi
3277 949 3466 991 manus
3503 950 3596 994 aut

2020 1010 2182 1079 pedes
2211 1011 2378 1066 clavis
2414 1015 2629 1082 pervios
2662 1016 2845 1071 habuit
2879 1018 2903 1071 ?
2942 1031 3033 1073 aut
3071 1023 3230 1091 quale
3258 1025 3397 1081 latus
3434 1027 3591 1084 Pilatl

2017 1102 2279 1158 satellites
2342 1104 2710 1172 perfodientes
2761 1111 3059 1178 pretiosum
3121 1119 3438 1187 sanguinem
3487 1137 3590 1179 una

2016 1209 2136 1246 cum
2170 1208 2306 1263 aqua
2352 1196 2603 1252 ﬂuentem
2643 1204 2994 1259 cernentibus
3024 1209 3379 1264 ostenderunt
3407 1212 3451 1243 ”
3482 1214 3588 1268 Ηζι

2013 1295 2071 1337 ιιι
2109 1285 2190 1339 his
2228 1286 2458 1355 amplius
2497 1291 2752 1358 quiddam
2798 1295 2971 1347 dicam
3008 1311 3024 1349 :
3059 1296 3166 1352 Nec
3214 1314 3338 1355 vere
3377 1317 3588 1372 quoque

2011 1391 2108 1445 pro
2136 1378 2287 1431 nobis
2311 1391 2537 1433 mortem
2569 1384 2793 1449 oppetiit
2827 1384 3077 1442 Christus
3105 1389 3380 1458 Dominus,
3414 1410 3588 1463 neque

2009 1478 2072 1518 ex
2091 1466 2316 1519 mortuis
2332 1470 2697 1524 exsuscitalus
2715 1483 2814 1526 est.
2838 1473 2947 1529 Hoc
2960 1487 3136 1530 autem
3153 1494 3436 1544 concesso.
3453 1486 3585 1539 fides

2011 1564 2192 1611 nostra
2243 1558 2399 1626 plane
2440 1558 2759 1629 evanescit;
2817 1568 2882 1617 ad
2939 1567 3053 1621 haec
3100 1584 3231 1624 crux
3261 1612 3276 1636 ,
3340 1589 3459 1642 qute
3500 1587 3583 1630 est

2013 1650 2195 1701 mundi
2244 1648 2390 1703 salus
2442 1660 2496 1704 et
2543 1652 2649 1703 vita
2687 1693 2702 1716 ,
2756 1655 2981 1720 interit;
3027 1658 3211 1714 interit
3256 1663 3488 1732 denique
3528 1678 3582 1720 et

342 1726 599 1796 μακαρίῳ
637 1726 868 1799 Παύλῳ·
906 1748 924 1781 ι
955 1731 1254 1803 Παρέδωκα
1286 1736 1402 1806 ’γὰρ
1443 1737 1589 1808 ὑμῖν,
1626 1741 1810 1811 φησιν,
1848 1743 1894 1792 ἐκ.

2690 1711 2699 1716 _
2968 1711 2980 1720 ,
3260 1711 3487 1732 μων-.-
3531 1711 3580 1720 ..

2009 1741 2257 1794 universa
2288 1756 2502 1811 quoque
2537 1742 2748 1797 illorum
2812 1744 3006 1801 ﬁducia
3058 1752 3148 1819 qui
3201 1753 3251 1805 in
3298 1755 3401 1808 fide
3454 1759 3580 1811 dor-

336 1813 596 1883 πρώτοις,
642 1816 671 1870 ὃ
715 1819 809 1872 καὶ
856 1818 1185 1892 παρέλαϐον,
1227 1825 1308 1878 ὅτι
1359 1828 1593 1897 Χριστὸς
1635 1830 1905 1885 ἀπέθανεν

336 1905 478 1975 ὑπὲρ
512 1906 620 1959 τῶν
673 1909 957 1981 ἁμαρτιῶν
993 1914 1151 1984 ἡμῶν
1186 1918 1324 1971 κατά
1372 1918 1471 1983 τὰς
1520 1922 1761 1991 Γραφάς,
1811 1906 1904 1979 καὶ

332 1996 417 2048 ὅτι
444 1996 638 2068 ἐτάφη,
692 2001 786 2057 καὶ
836 2002 918 2055 ὃτι
967 2004 1260 2077 ἐγήγερται
1303 2012 1371 2080 τῇ
1417 2011 1598 2082 ἡμέρα
1642 2016 1707 2084 τῇ
1746 2014 1902 2085 τρίτῃ

332 2089 476 2142 κατὰ
512 2089 610 2154 τὰς
643 2092 883 2163 Γραφὰς,
937 2097 1030 2149 καὶ
1074 2097 1156 2150 ὅτι
1186 2097 1340 2172 ὤφθη
1394 2102 1580 2173 Κηφᾷ,
1625 2100 1744 2157 εἶτα
1788 2110 1902 2171 τοῖς

330 2178 574 2233 δώδεκα·
612 2181 805 2237 ἔπειτα
835 2182 988 2256 ὥςςθη
1029 2188 1215 2243 ἐπάνω
1248 2194 1623 2257 πεντακοσίοις
1653 2197 1902 2267 ἀδελφοῖς

330 2270 570 2339 ἐφάπαξ,
600 2276 658 2340 ἐξ
698 2269 773 2329 ὧν
811 2278 859 2329 oi
904 2278 1122 2343 πλείους
1155 2280 1407 2350 μένουσιν
1445 2285 1549 2348 ἕως
1581 2287 1724 2357 ἄρτι,
1759 2290 1902 2354 τινὲς

328 2362 385 2414 δὲ
418 2364 513 2417 καὶ
546 2366 916 2437 ἐκοιμήθησαν
936 2385 950 2400 ο
981 2368 1169 2424 ἔπειτα
1206 2372 1363 2444 ὤφθη
1410 2374 1669 2446 Ἰακώϐῳ,
1709 2378 1900 2432 ἔπειτα

329 2458 445 2519 τοῖς
478 2459 799 2524 ἀποστόλοις
830 2464 995 2516 πᾶσιν
1014 2479 1029 2494 ο
1060 2464 1288 2535 ἔσχατον
1319 2465 1374 2519 δε
1413 2468 1630 2521 πάντων
1661 2469 1899 2540 ὡσπερεὶ

325 2550 404 2620 τῷ
428 2553 761 2625 ἐκτρώματι,
786 2554 940 2629 ῶερθη
967 2559 1154 2629 κάμοί.
1188 2581 1205 2612 ι
1232 2561 1342 2613 Καὶ
1373 2562 1491 2633 μεθ’
1519 2563 1680 2636 ἐτερα
1705 2566 1896 2618 πάλιν*

333 2660 351 2692 ι
388 2641 448 2695 Ei
481 2643 536 2697 δὲ
567 2646 802 2717 Χριστὸς
826 2649 1180 2721 κηρύσσεται,
1207 2652 1289 2705 ὅτι
1316 2656 1399 2706 κέκ
1427 2655 1635 2725 νεκρῶν
1669 2656 1900 2731 ἐγήγερ-

321 2739 433 2797 ται,
479 2733 596 2796 πῶς
632 2734 881 2804 λέγουσιν
915 2740 971 2791 ἐν
1004 2740 1133 2811 ὑμῖν
1161 2758 1331 2806 τινες,
1370 2743 1452 2796 ὅτι
1486 2744 1780 2809 ἀνάστασις
1808 2765 1897 2800 νε-

323 2821 474 2889 κρῶν
503 2825 604 2879 οὐκ
637 2825 820 2895 ἐστιν;
867 2831 916 2882 εἰ
945 2830 1000 2883 δὲ
1036 2831 1336 2897 ἀνάστασις
1364 2834 1575 2906 νεκρῶν
1601 2838 1699 2892 οῦκ
1728 2837 1896 2901 ἐστιν,

317 2917 438 2970 ούδέ
471 2918 703 2988 Χριστός
728 2922 1025 2991 ἐγήγερται
1052 2941 1065 2954 ο
1107 2925 1154 2977 ei
1182 2924 1237 2977 δὲ
1273 2926 1507 2997 Χριστὸς
1532 2928 1631 2980 οὐκ
1661 2930 1897 3004 ἐγήγερ-

2011 1831 2265 1887 nn'erunt.
2308 1831 2421 1888 Hoc
2458 1849 2689 1904 namque
2728 1847 2875 1892 recte
2922 1840 3045 1895 hinc
3089 1846 3381 1916 consequi,
3415 1856 3469 1902 et
3497 1851 3577 1903 di-

2005 1924 2129 1975 vino
2160 1939 2372 1995 quoque
2400 1924 2567 1982 Paulo
2589 1927 2760 1981 visum
2797 1928 2933 1997 fuit;
2963 1932 3037 1986 ait
3070 1950 3300 2005 namque
3329 1954 3341 1990 :
3375 1956 3393 1989 ι
3436 1939 3576 1994 Tra-

2005 2014 2112 2065 didi
2140 2016 2283 2067 enim
2309 2016 2461 2069 vobis
2490 2016 2541 2070 in
2575 2018 2786 2084 primis,
2816 2022 2960 2088 quod
2992 2031 3047 2076 et
3074 2026 3253 2093 accepi
3280 2043 3293 2079 :
3322 2030 3570 2097 quoniam

2003 2104 2250 2159 Christus
2303 2117 2550 2160 mortuus
2601 2120 2686 2164 est
2726 2126 2821 2179 pro
2843 2115 3079 2180 prorutis
3127 2118 3329 2173 nosnis
3381 2136 3575 2193 secun-

2004 2198 2126 2249 dum
2152 2196 2489 2265 Scripturas;
2537 2209 2593 2254 et
2629 2203 2754 2270 quia
2805 2205 3047 2272 sepultus
3093 2217 3209 2271 est,
3243 2217 3297 2262 ct
3333 2212 3456 2279 quia
3481 2227 3570 2266 re-

2002 2292 2241 2343 surrexit
2292 2292 2447 2344 tertia
2486 2293 2575 2345 die
2620 2295 2915 2347 secundum
2969 2296 3310 2367 Scripturas;
3353 2312 3407 2354 et
3444 2303 3568 2369 quia

2003 2382 2149 2433 visus
2179 2390 2261 2435 est
2280 2381 2494 2450 Cephae,
2520 2396 2574 2438 et
2602 2394 2723 2452 post
2748 2387 2852 2440 hoc
2879 2389 3125 2443 undecim
3154 2409 3169 2444 :
3195 2393 3387 2447 deinde
3422 2397 3586 2460 visus.

2001 2480 2084 2523 est
2114 2471 2393 2540 plusquam
2418 2474 2728 2542 quingentis
2759 2474 3020 2531 fratribus
3046 2479 3243 2546 simul;
3274 2496 3337 2536 ex
3360 2483 3563 2549 quibus
3612 2518 3618 2524 ι

2001 2560 2151 2616 multi
2190 2571 2411 2618 manent
2444 2579 2616 2633 usque
2648 2567 2842 2626 adhuc.
2873 2569 3088 2636 quidam
3116 2582 3294 2627 autem
3334 2575 3570 2629 dormie-

2001 2664 2174 2708 runt:
2211 2653 2405 2709 deinde
2452 2654 2596 2710 visus
2656 2667 2736 2712 est
2793 2669 2847 2711 et
2889 2657 3132 2725 Jacobo,
3195 2664 3387 2719 deinde
3437 2681 3569 2735 apo-

2000 2744 2154 2798 stolis
2174 2744 2426 2797 omnibus
2458 2761 2471 2796 :
2502 2745 2794 2799 novissime
2825 2756 3004 2801 autem
3034 2750 3275 2804 omnium
3311 2761 3566 2821 tanquam

2002 2833 2252 2888 abortivo
2288 2833 2434 2886 visus
2462 2842 2545 2887 est
2588 2842 2644 2887 et
2689 2835 2819 2888 mihi
2862 2837 2931 2890 ”.
2980 2855 3000 2888 ι
3055 2838 3122 2892 Et
3171 2842 3357 2908 paucis
3401 2843 3568 2896 inter-

1994 2926 2193 2997 jectis:
2234 2943 2253 2977 ι
2308 2925 2363 2979 Si
2414 2935 2593 2979 autem
2633 2926 2884 2981 Christus
2934 2930 3259 2996 praedicatur
3316 2933 3374 3003 8
3419 2934 3561 3002 quod

315 3026 431 3071 ται,
470 3010 627 3064 κενὸν
677 3011 784 3085 ἄρα
828 3014 890 3067 τὸ
923 3017 1183 3086 κήρυγμα
1228 3016 1405 3086 ήμῶν.
1441 3019 1588 3091 Κενὴ
1625 3021 1682 3075 δὲ
1717 3026 1808 3077 καὶ
1853 3028 1885 3096 ή

2000 3018 2300 3075 resurrexit
2328 3034 2355 3069 a
2403 3019 2654 3081 mortuis,
2710 3021 2979 3087 quomodo
3028 3023 3245 3092 quidam
3287 3026 3476 3080 dicunt
3511 3027 3563 3079 iu

315 3103 500 3166 πίστις
531 3104 704 3175 ήμῶν,
733 3107 1104 3177 εὑρισκόμεθα
1130 3109 1187 3161 δέ
1210 3110 1304 3162 καὶ
1326 3109 1767 3185 ψευδομάρτυρες
1793 3116 1885 3169 τοῦ

314 3193 471 3256 Θεοῦ,
493 3194 574 3247 ὅτι
607 3194 1068 3268 ἐμαρτυρήσαμεν
1100 3200 1242 3253 κατά
1267 3200 1360 3254 τοῦ
1390 3201 1545 3266 Θεοῦ,
1581 3205 1662 3257 ὅτι
1698 3207 1886 3278 ἤγειρε

311 3282 406 3335 τὸν
432 3284 684 3354 Χριστὸν,
719 3286 778 3338 ὃν
821 3288 921 3341 οὐκ
953 3289 1197 3359 ήγειρεν,
1238 3291 1397 3361 εἴπερ
1432 3291 1541 3363 ἄρα
1569 3298 1752 3365 νεκροὶ
1786 3299 1886 3351 οὐκ

313 3373 631 3444 ἐγείρονται.
670 3396 689 3428 ι
723 3378 954 3449 Τεθναίη
985 3379 1094 3450 γὰρ
1122 3379 1209 3443 ἂν,
1230 3382 1351 3434 εἰπέ
1379 3400 1488 3450 μοι,
1516 3384 1636 3438 τίνα
1663 3385 1727 3456 δὴ
1758 3388 1884 3458 τρό-

309 3477 411 3516 πον
441 3465 473 3534 ἡ
509 3466 665 3533 σκιά;
699 3467 816 3531 πῶς
844 3460 938 3523 οὖν
971 3468 1236 3540 ἀνέστησε
1265 3472 1355 3525 τὸν
1383 3474 1616 3543 Χριστὸν
1638 3478 1665 3529 ὀ
1694 3478 1883 3548 Πατὴρ

310 3557 468 3611 σκιὰν
491 3559 623 3613 ὄντα
655 3562 750 3614 καὶ
798 3561 1038 3631 δόκησιν,
1081 3563 1176 3615 καὶ
1222 3565 1336 3627 τοῖς
1376 3565 1472 3618 τοῦ
1523 3566 1755 3621 θανάτου
1797 3568 1882 3622 δε-

309 3650 468 3717 σμοῖς
496 3649 593 3721 οὐχ
625 3650 928 3722 ἀλώσιμον;
959 3653 1201 3724 Οἰχέσθω
1228 3655 1291 3727 δὴ
1324 3651 1415 3709 οῦν
1443 3658 1472 3710 ὁ
1498 3659 1720 3713 ἐκείνων
1750 3662 1881 3731 ἐμε-

304 3736 417 3802 τὸς,
452 3737 624 3809 μύθου
655 3740 711 3794 δέ
740 3740 935 3805 ἄλλως,
972 3744 1067 3796 καὶ
1118 3744 1332 3798 ἀνοσίου
1387 3745 1584 3816 βουλῆς
1630 3750 1877 3821 ἀποδρά-

306 3848 488 3901 σματα
525 3832 594 3886 τά
621 3833 750 3904 παρ’
792 3834 973 3898 αὐτοῖς
1002 3846 1029 3885 P
1054 3835 1356 3906 ἡγούμεθα.
1390 3838 1527 3902 Τοὺς
1557 3839 1664 3910 γὰρ
1700 3844 1876 3896 τοιού-

299 3939 427 3985 τους
474 3926 607 3994 ήμῖν
660 3926 1109 3997 προκαταμηνύει
1157 3928 1383 3998 γράφων
1432 3918 1809 4004 τοῦἛωτῆρος
1845 3937 1874 3989 ὁ

304 4014 572 4086 μαθητής*
609 4034 626 4068 t
666 4018 785 4071 Ὅτι
810 4018 992 4071 πολλοὶ
1018 4018 1462 4092 ψευδοπροφῆται
1488 4023 1872 4092 ἐξεληλύθασιν

301 4110 382 4171 εις
414 4108 506 4161 τὸν
551 4109 772 4181 κόσμον.
825 4112 912 4164 Ἐν
952 4113 1126 4182 τούτῳ
1170 4114 1494 4181 γινώσκεται
1532 4116 1594 4169 τὸ
1647 4118 1871 4189 Πνεῦμα

297 4199 393 4252 τοῦ
428 4201 582 4257 θεοῦ.
626 4203 741 4256 Πᾶν
781 4202 997 4274 πνεῦμα
1028 4203 1055 4255 ὃ
1084 4205 1335 4272 ὁμολογεῖ
1396 4206 1602 4277 Ἰησοῦν
1635 4209 1869 4279 Χριστὸν

297 4292 356 4344 ἐν
403 4292 565 4363 σαρκὶ
611 4293 927 4362 ἐληλυθότα,
987 4296 1050 4348 ἐκ
1090 4294 1180 4347 τοῦ
1228 4296 1378 4349 θεοῦ
1433 4299 1571 4353 ἐστι.
1605 4301 1711 4352 Καὶ
1755 4302 1864 4353 πᾶν
1892 4370 1904 4382 ,

1992 3114 2167 3176 vobis,
2216 3111 2470 3179 quoniam
2521 3112 2851 3166 resurrectio
2899 3123 3236 3169 mortuorum
3282 3132 3386 3170 non
3429 3118 3563 3171 est?

1990 3210 2084 3265 Sin
2117 3216 2298 3262 autem
2326 3209 2656 3261 resurrectio
2689 3218 3023 3263 mortuorum
3060 3226 3163 3263 non
3219 3222 3302 3266 est
3324 3249 3340 3273 ,
3388 3229 3563 3282 neque

1986 3302 2235 3357 Christus
2267 3302 2587 3355 resurrexit.
2619 3300 2675 3354 Si
2728 3310 2907 3356 autem
2939 3303 3191 3358 Christus
3237 3321 3342 3359 non
3378 3322 3561 3359 resur-

1986 3392 2148 3479 rexit,
2203 3393 2377 3446 inanis
2416 3401 2497 3445 est
2537 3393 2854 3457 praedicatio
2890 3405 3071 3447 nostra
3097 3435 3111 3459 ,
3148 3396 3324 3451 inanis
3376 3409 3459 3451 est
3504 3408 3560 3452 et

1986 3484 2116 3537 fides
2147 3490 2329 3535 nostra
2358 3497 2372 3545 ;
2408 3480 2718 3535 invenimur
2769 3494 2949 3537 autem
2981 3494 3035 3539 et
3076 3486 3197 3541 falsi
3246 3497 3410 3541 testes
3440 3489 3556 3554 Dei,

1982 3574 2238 3641 quoniam
2264 3572 2633 3627 testimonium
2655 3575 2888 3630 diximus
2913 3578 3176 3632 adversus
3198 3577 3384 3643 Deum,
3413 3583 3556 3648 quod

1981 3667 2327 3726 suscitaverit
2394 3665 2712 3729 Christum,
2756 3682 2915 3736 quem
2966 3685 3070 3723 non
3130 3672 3453 3731 suscitavit.
3508 3674 3554 3727 si

1980 3755 2176 3808 mortui
2210 3770 2313 3808 non
2355 3766 2643 3824 resurgunt
2682 3757 2749 3810 “.
2791 3776 2809 3808 ι
2845 3756 2943 3811 llic
2988 3774 3088 3828 ego
3128 3760 3239 3827 jam
3281 3770 3332 3813 te
3386 3762 3555 3814 inter-

1983 3859 2114 3913 rogo
2140 3861 2151 3895 :
2184 3842 2499 3912 Erquouam
2535 3845 2694 3897 modo
2721 3849 2910 3899 umbra
2949 3849 3259 3902 moriatur?
3299 3867 3404 3917 quo
3435 3867 3555 3907 rur-

1974 3950 2092 3989 sum
2129 3944 2287 4001 pacto
2325 3934 2566 3988 caelestis
2598 3933 2760 3990 Pater
2793 3936 3068 3992 Christum
3113 3942 3179 3993 ad
3224 3942 3389 3995 vitam
3452 3958 3540 3997 re-

1975 4026 2210 4088 vocavit,
2240 4024 2415 4094 utqui
2447 4026 2691 4087 quaedam
2723 4033 2931 4080 tantum
2966 4029 3153 4084 umbra
3184 4044 3240 4087 et
3285 4050 3379 4087 rex
3415 4036 3553 4090 ima-

1970 4116 2217 4187 ginaria,
2263 4131 2384 4183 qua:
2433 4117 2627 4172 mortis
2691 4119 2739 4171 vi
2758 4119 2930 4174 neniis
2977 4123 3096 4192 capi
3147 4140 3251 4179 nou
3322 4138 3497 4195 potest
3530 4170 3544 4191 ,

1968 4208 2241 4263 exstiterit
2265 4208 2288 4261 ?
2324 4207 2622 4287 AFacessant
2649 4210 2875 4279 proinde
2895 4213 3263 4271 istiuscemodi
3296 4217 3509 4287 ineptia!
3531 4260 3547 4283 ,

1969 4300 2286 4354 insanorum
2322 4284 2491 4368 ‘plane
2548 4301 2901 4358 consiliorum
2947 4316 3002 4360 et
3046 4306 3349 4362 fabularum
3395 4313 3549 4365 ebul«

296 4378 514 4450 πνεῦμα
561 4381 590 4434 ὃ
632 4382 707 4453 μὴ
754 4383 1007 4453 ὁμολογεῖ
1049 4385 1138 4438 τὸν
1194 4386 1422 4456 Ἰησοῦν,
1476 4389 1541 4441 ἐκ
1591 4384 1689 4442 τοῦ
1730 4378 1894 4444 Θεοῦ

1995 4392 2192 4445 imenta
2237 4392 2380 4446 dicta
2430 4390 2646 4446 illormn
2682 4394 2965 4450 habemus.
3016 4396 3330 4477 Huiusmodi
3377 4417 3547 4468 nuga-

291 4473 391 4525 οὐκ
435 4472 568 4532 ἔστι.
620 4476 731 4529 Καὶ
782 4477 941 4530 τοῦτό
995 4479 1113 4532 ἐστι
1161 4480 1221 4532 τὸ
1268 4479 1361 4532 τοῦ
1410 4481 1787 4554 ’Ἃντιχρίστου
1838 4484 1866 4538 ὃ

292 4565 585 4636 ἀκηκόατε,
618 4568 697 4621 ὅτι
735 4567 974 4639 ἔρχεται,
1006 4571 1098 4623 καὶ
1147 4570 1242 4624 νῦν
1273 4573 1330 4625 ἐν
1385 4572 1460 4643 τῷ
1495 4574 1685 4651 κόσμῳ
1719 4577 1865 4629 ἐστὶν

289 4656 411 4725 ἤδη.
449 4658 508 4709 Ei
540 4659 646 4728 γὰρ
681 4661 754 4729 μὴ
793 4661 1018 4728 γέγονεν
1055 4662 1362 4733 ἄνθρωπος,
1400 4666 1537 4736 μήτε
1574 4665 1681 4737 μὴν
1731 4667 1863 4721 ἀνα-

288 4748 521 4818 ϐέϐηκεν
549 4751 606 4802 ἐν
635 4751 800 4818 σαρκὶ
845 4752 982 4823 πρὸς
1013 4754 1103 4805 τὸν
1135 4755 1193 4807 ἐν
1221 4754 1469 4825 οὐρανοῖς
1506 4758 1723 4829 Πατέρα
1772 4759 1866 4812 καὶ

285 4839 438 4903 Θεὸν,
477 4841 585 4894 οὐδ’
608 4841 672 4897 ἂν
699 4843 1015 4916 ὑποστρέψῃ
1043 4844 1102 4910 ἐξ
1137 4848 1368 4918 οὐρανοῦ
1412 4849 1534 4902 καθ’
1568 4851 1735 4920 ἡμᾶς,
1772 4851 1864 4905 ἄν·

283 4929 502 5001 θρωπος
526 4933 769 5002 δηλονότι
805 4936 898 4989 καὶ
926 4937 985 4989 ἐν
1016 4939 1201 5009 σαρκί.

1965 4493 2111 4536 tores
2162 4483 2471 4538 exorituros
2539 4483 2768 4540 dilectus
2822 4487 3124 4544 Salvatoris
3169 4492 3342 4547 nostri
3379 4492 3543 4546 disci-

1967 4575 2122 4643 putus
2173 4589 2269 4629 nos
2309 4584 2434 4628 ante
2462 4577 2829 4643 praemonuit:
2888 4597 2907 4630 ι
2954 4579 3219 4646 Quoniam
3248 4620 3265 4646 ,
3322 4582 3541 4651 inquit,

1967 4664 2119 4720 tnulti
2154 4664 2630 4734 pseudopropheta:
2657 4669 2910 4722 exierunt
2946 4670 2998 4723 in
3034 4672 3314 4724 mundum.
3347 4671 3404 4724 In
3438 4672 3542 4725 hoc

1966 4757 2315 4825 cognoscitur
2341 4754 2578 4824 Spiritus
2603 4756 2695 4813 Dei
2735 4776 2748 4811 :
2780 4758 2971 4815 Omnis
2998 4762 3220 4828 Spiritus
3250 4762 3339 4829 qui
3376 4763 3539 4815 conli-
3585 4825 3589 4828 ν

1967 4857 2113 4901 tetur
2154 4844 2342 4900 Jesum
2383 4846 2657 4901 Christum
2702 4847 2757 4901 in
2814 4864 2978 4904 carne
3012 4850 3255 4915 venisse,
3299 4867 3367 4906 ex
3427 4850 3540 4906 Deo

1963 4947 2081 5001 est;
2134 4947 2191 4990 ct
2238 4935 2414 4990 omnis
2452 4937 2673 5005 spiritus
2725 4940 2813 5008 qui
2866 4940 3026 4994 solvit
3065 4939 3283 5006 Jesum,
3318 4958 3385 4996 ex
3429 4944 3540 4999 Deo

282 5041 386 5079 non
439 5038 543 5083 est.
620 5030 686 5086 Et
755 5032 842 5089 hic
890 5033 1294 5099 Antichristus,
1355 5036 1420 5090 de
1476 5050 1585 5106 quo
1631 5035 1879 5100 audistis,
1915 5034 2175 5104 Quoniam
2232 5031 2403 5095 νοηίι»
2437 5041 2492 5085 el
2527 5034 2749 5088 ηυιιείιι
2788 5036 2987 5089 ιιιιιηιιο
3026 5047 3107 5091 εει
3135 5038 3201 5092 ⁸⁸-
3240 5057 3258 5091 ³
3301 5038 3355 5093 Si
3390 5038 3533 5094 εηίιιι

277 5117 394 5186 ipse
464 5133 623 5179 natus
654 5141 755 5179 non
821 5137 924 5193 est,
1003 5144 1179 5198 neque
1253 5142 1415 5183 carne
1458 5129 1679 5183 indutus
1746 5129 1811 5184 ad
1869 5127 2148 5183 caelestem
2208 5124 2420 5178 Patrem
2472 5134 2527 5179 et
2586 5127 2750 5180 Deum
2801 5128 3088 5196 ascendit;
3152 5145 3323 5202 neque
3373 5134 3535 5189 homo

277 5224 495 5280 quoque
563 5213 787 5282 perinde
841 5231 1031 5272 aenos
1088 5232 1252 5273 carne
1273 5215 1582 5273 vestitusde
1611 5216 1765 5272 uelis
1821 5216 1947 5272 olim
1993 5227 2310 5269 reversurus
2341 5221 2446 5266 est.

348 5373 386 5402 "
415 5370 519 5427 lsa.
557 5390 607 5439 ι,
633 5374 665 5429 (Ξ
767 5378 808 5408 ’ί
833 5375 989 5433 Joan.
1030 5394 1140 5446 an,
1179 5379 1268 5435 δι.
1350 5379 1434 5434 ²³Ι
1465 5378 1591 5435 Cor.
1625 5393 1712 5446 xv,
1741 5378 1862 5433 5-8.

1954 5379 2002 5411 "‘
2042 5379 2170 5434 ibid.
2211 5379 2385 5435 I243.

2465 5380 2510 5412 ³³
2552 5376 2567 5431 1
2598 5373 2755 5433 Joan.
2788 5393 2860 5441 tv,
2898 5378 3001 5434 1-5.

1360 5511 1532 5569 Variae
1556 5513 1809 5571 lectiones
1841 5512 2041 5570 codicis
2065 5511 2421 5583 Seguieriani.

317 5711 327 5721 .
347 5650 374 5691 ι’
400 5641 636 5698 ἐκείνων.
