3936 6200
355 218 493 275 ΗΜ

1356 213 1417 271 S.
1456 213 1736 271 CYRILLI
1775 211 2247 267 ALEXANDRINI
2287 212 2609 269 ARCHIEP.

3490 215 3645 270 ιιιδ

419 333 489 390 Χ.
526 332 695 387 Porro
720 337 901 385 autem
929 327 1249 385 existimare
1299 327 1383 399 (nt
1413 328 1505 383 alii
1544 327 1765 397 quidam
1818 336 1929 382 sto-

2111 327 2170 379 l'.
2210 324 2285 378 Τὸ
2314 324 2371 378 δὲ
2394 324 2459 396 δὴ
2489 324 2586 379 καί¹
2613 326 2834 396 ἐτέρους
2866 324 3076 379 οἴεσθαέ
3110 343 3167 377 τε
3198 324 3297 379 καὶ
3320 330 3547 396 φρονεῖν
3579 331 3644 385 ἐξ

350 426 617 481 lidissime
653 420 973 478 existimant
1005 431 1057 476 et
1085 419 1384 489 praedicant
1414 419 1676 490 (Verbum
1720 435 1786 475 ex
1824 418 1939 475 Deo

349 515 613 586 genitum,
638 521 760 566 ortu
778 526 844 566 ex
865 524 1022 567 sacra
1045 508 1267 579 Virgine
1300 510 1589 581 repudiato
1618 520 1941 581 naturaeque

289 625 297 632 ·
351 618 552 662 nostra:
584 604 794 659 ratione
816 612 1149 673 coalempta,
1178 602 1232 656 iu
1265 613 1537 658 terrenam
1563 618 1786 657 carnem
1817 616 1940 657 esse

350 702 688 755 demutatum
710 737 727 762 ,
757 699 807 751 id
843 697 991 751 aliud
1022 696 1283 761 nihilest,
1316 712 1479 766 quam
1509 697 1942 766 dispensationis

351 799 755 845 sacramentum
785 799 972 858 aperte
1011 788 1427 858 blasphemare,
1462 788 1780 859 divinisque
1812 804 1944 843 con-

354 884 493 940 siliis
528 892 732 938 temere
762 881 1050 938 insultare.
1097 881 1313 936 Etenim
1362 881 1744 936 universorum
1796 882 1942 937 Con-

355 978 538 1042 ditor,
595 984 651 1029 et
695 975 925 1029 multum
970 974 1024 1028 in
1083 972 1457 1028 misericordia
1511 973 1605 1029 Dei
1657 972 1939 1039 Verbum,

356 1079 578 1138 prepter
598 1082 697 1123 nos
730 1068 892 1121 homo
915 1066 1115 1120 factum
1139 1065 1210 1133 ",
1233 1076 1287 1122 et
1300 1082 1369 1121 ex
1403 1066 1629 1121 muliere
1662 1076 1844 1120 natum
1870 1066 1941 1132 ",

355 1160 707 1229 semetipsum
762 1158 1136 1213 exinanivit”
1169 1175 1183 1214 :
1221 1177 1240 1209 ι
1290 1157 1362 1215 Ut
1391 1159 1649 1227 quoniam
1688 1158 1863 1228 pueri,
1903 1176 1925 1210 ι

359 1252 462 1306 hoc
496 1260 581 1307 est
615 1266 735 1318 nos,
770 1270 789 1303 ι
831 1250 1536 1306 communicaverantcarni
1559 1260 1618 1305 et
1651 1250 1930 1319 sanguini.

357 1352 412 1397 et
439 1343 554 1413 ipse
589 1344 847 1399 similiter
870 1344 1225 1413 participaret
1254 1344 1460 1399 eisdem
1491 1359 1507 1398 :
1559 1352 1617 1396 ut
1663 1357 1758 1412 per
1793 1357 1943 1397 mor-

359 1442 467 1488 tem
496 1436 801 1489 destrueret
836 1449 961 1489 eum
997 1437 1087 1502 qui
1122 1434 1359 1488 habebat
1390 1435 1587 1488 mortis
1624 1434 1940 1503 imperium,

361 1525 463 1580 hoc
484 1535 568 1580 est
594 1526 903 1592 diabolum,
940 1535 994 1581 et
1020 1525 1279 1580 liberaret
1327 1540 1423 1580 eos
1456 1526 1547 1594 qui
1576 1527 1776 1577 timnre
1803 1541 1946 1578 mor-

364 1616 432 1669 tis
462 1630 557 1683 per
574 1624 738 1669 totam
759 1614 924 1667 vitam
945 1614 1163 1668 obnoxii
1178 1622 1336 1668 erant
1354 1614 1601 1668 servituti
1622 1614 1722 1664 η.»
1745 1613 1808 1667 Et
1833 1614 1946 1667 haec

361 1708 580 1777 quidem
600 1707 777 1760 divina
792 1704 1097 1774 Scriptura.
1113 1705 1193 1759 llli
1214 1715 1393 1760 autem
1410 1714 1516 1759 tam
1536 1704 1741 1759 salubri
1758 1706 1953 1759 decen-

364 1800 511 1867 tique
537 1797 765 1854 consilio
814 1797 1134 1853 indecentiae
1163 1806 1343 1851 notam
1396 1796 1656 1861 inurunt,
1702 1804 1758 1851 et
1792 1796 1944 1864 quasi

362 1888 422 1960 9
446 1887 642 1956 majori
667 1888 931 1958 sapientia
958 1886 1194 1958 praediti,
1224 1887 1394 1957 ipsius
1410 1902 1626 1957 quoque
1662 1886 1955 1957 sapientiae

362 1987 582 2037 decreta
615 1983 1036 2051 reprehendunt.
1071 1981 1239 2036 Alunt
1280 1983 1421 2037 enim
1458 1996 1567 2037 non
1601 1982 1833 2048 decere,
1888 1990 1948 2036 ut

368 2076 713 2147 Unigeuitum
769 2091 892 2132 cum
942 2075 1128 2131 dolore
1166 2084 1354 2145 partus
1392 2090 1456 2130 ex
1504 2074 1728 2129 muliere
1762 2085 1945 2128 natum

365 2179 711 2234 astruamus;
735 2166 913 2236 potius
942 2175 1122 2220 autem
1143 2166 1570 2221 existimandum
1599 2164 1947 2221 diviuiVerbi

367 2270 618 2335 naturam
660 2258 713 2311 in
741 2268 1013 2312 terrenum
1041 2257 1146 2311 hoc
1169 2256 1550 2324 inﬁrmumque
1586 2269 1786 2325 corpus
1819 2270 1950 2309 con-

363 2366 577 2406 versam
592 2364 735 2406 esse.
751 2351 928 2419 Atque
950 2350 1024 2403 ita
1056 2364 1178 2404 eum
1195 2348 1286 2417 qui
1303 2347 1483 2402 omnis
1503 2346 1824 2401 mutationis
1852 2362 1947 2402 ex-

325 2477 340 2490 .
367 2460 493 2515 pch
514 2453 631 2507 est,
686 2442 971 2497 mutationi
1008 2439 1672 2510 subjectnmconlingunt.
1707 2437 1947 2492 Firmata

322 2524 327 2529 ’
367 2550 449 2592 est
478 2552 711 2608 namque
737 2535 829 2591 Dei
858 2545 1052 2590 natura
1083 2530 1133 2588 iit
1162 2534 1401 2604 propriis
1420 2532 1578 2587 bonis
1607 2532 1945 2602 immoteque

371 2631 425 2684 in
444 2631 641 2700 quibus
655 2640 738 2683 est
757 2627 1056 2682 commodis
1071 2640 1289 2695 semper
1316 2625 1581 2694 persistit.
1610 2627 1682 2680 At
1704 2641 1833 2681 vero
1852 2642 1952 2681 ua-

373 2730 492 2774 tura
519 2728 823 2789 procreata,
849 2719 979 2773 etin
1010 2728 1252 2788 tempore
1277 2728 1335 2771 ttt
1352 2718 1641 2773 exsisteret
1663 2718 1946 2786 producta;

373 2828 479 2867 non
514 2820 689 2882 potest
717 2810 1002 2865 mutationi
1038 2825 1144 2864 non
1178 2825 1304 2866 esse
1340 2810 1606 2881 subjecta.
1658 2810 1769 2866 Nec
1794 2811 1948 2865 ﬁrma

372 2903 529 2960 nobis
568 2904 889 2958 assertionis
918 2901 1086 2981 [hujus
1122 2903 1472 2957 fundamenta
1541 2901 1949 2974 verissimaeque

2041 417 2356 488 ἀμετρήτου
2388 416 2619 480 νωθείας
2644 417 2900 488 γέννησιν
2925 416 3028 486 μὲν
3052 418 3352 487 ἀνήνασθαι
3405 418 3510 489 τὴν
3549 419 3643 473 διὰ

2040 508 2140 577 τῆς
2170 508 2335 577 ἀγίας
2368 508 2648 580 Παρθένου
2689 508 2784 562 τὸν
2825 510 2891 562 ὲκ
2920 508 3057 562 Θεοῦ
3090 508 3266 578 φύντα
3310 510 3510 578 Λόγον,
3542 513 3640 565 καὶ

2043 603 2206 671 φύσιν
2238 602 2341 673 μὲν
2368 602 2641 673 ἀτιμάσαι
2661 600 2925 673 τὴν.καθ’
2956 603 3129 672 ἡμᾶς,
3174 603 3641 673 παρατετράφθαι

2042 695 2099 748 δὲ
2131 693 2334 764 μᾶλλον
2363 693 2529 747 αὑτὸν
2562 694 2644 758 εἰς
2667 693 2768 764 τὴν
2792 693 2902 747 ἀπὸ
2933 692 3036 763 τῆς
3058 693 3163 764 γῆς
3184 695 3386 763 σάρκα,
3420 694 3639 766 ὖιισφηο

2046 786 2292 856 μούντων
2322 785 2442 839 ἐστὶ
2471 784 2572 857 τὴν
2602 785 2941 857 οἰκονομίαν,
2969 786 3068 839 καὶ
3101 788 3214 850 τοῖς
3248 785 3417 851 θείοις
3452 788 3643 859 σκέμ-

2046 893 2215 946 μασιν
2260 877 2520 947 ἐπιτιμᾷν
2577 875 2887 947 ᾑρημένων.
2929 876 2988 928 '0
3038 875 3138 945 μὲν
3181 874 3291 944 γὰρ
3326 876 3438 929 τῶν
3494 878 3643 931 ὅλων

2042 968 2412 1039 Δημιουργὸς,
2444 968 2538 1021 καὶ
2564 967 2734 1031 πολὺς
2756 968 2836 1032 εἰς
2858 967 3007 1021 ἔλεον
3036 966 3131 1022 τοῦ
3153 967 3291 1022 Θεοῦ
3332 970 3513 1038 Λόγος
3540 987 3639 1023 xs-

2044 1062 2287 1116 κένωκεν
2321 1062 2515 1117 έαυτδν
2541 1063 2608 1117 δι’
2632 1064 2804 1134 ἡμᾶς,
2824 1064 3119 1135 γενόμενος
3142 1062 3449 1137 ἄνθρωπος,
3481 1067 3644 1135 γενόο

2047 1171 2209 1225 μενος
2243 1157 2308 1208 ὲκ
2332 1155 2610 1224 γυναικός·
2652 1175 2671 1208 ι
2705 1157 2801 1209 Ἴν’
2833 1157 3065 1229 ἐπείπερ
3100 1157 3330 1228 αἵματος
3368 1159 3465 1211 καὶ
3499 1177 3643 1228 σαρ-

2044 1246 2143 1310 κὸς
2161 1246 2525 1319 κεκοινώνηκε
2544 1247 2612 1301 τὰ
2644 1248 2853 1312 παιδία,
2892 1269 2911 1300 ι
2947 1250 3229 1303 τουτέστιν
3258 1253 3443 1322 ἡμεῖς,
3479 1271 3501 1303 σ
3536 1254 3641 1306 καὶ

2046 1338 2210 1401 αὐτὸς
2257 1339 2656 1410 παραπλησίως
2710 1344 2957 1412 μετασχῇ
3009 1341 3121 1395 τῶν
3155 1343 3370 1395 αὐτῶν·
3418 1343 3512 1396 ῖνα
3548 1343 3645 1398 διὰ

2045 1428 2143 1482 τοῦ
2175 1429 2408 1483 θανάτου
2469 1434 2792 1506 καταργήσῃ
2830 1433 2923 1486 τὸν
2964 1433 3026 1487 τὸ
3058 1434 3259 1505 κράτος
3303 1434 3502 1505 ἔχοντα
3540 1435 3642 1489 τοῦ

2048 1522 2307 1584 θανάτου,
2335 1523 2583 1577 τουτέστι
2622 1523 2713 1578 τὸν
2741 1524 3009 1591 διάϐολον,
3059 1527 3152 1580 καὶ
3190 1527 3479 1599 ἀπαλλάξῃ
3514 1529 3637 1582 τού-

2046 1629 2192 1677 τους,
2227 1614 2339 1667 ὃσοι
2367 1612 2520 1685 φόῦῳ
2559 1613 2792 1669 θανάτου
2824 1616 2911 1669 διὰ
2959 1618 3159 1681 παντὸς
3196 1618 3291 1671 τοῦ
3324 1619 3426 1690 ζῇν
3457 1619 3643 1690 ἔνοχοι

2052 1702 2194 1778 ἦσαν
2227 1708 2492 1773 δουλείας.
2526 1729 2545 1762 ι
2582 1705 2711 1763 Ὧδε
2743 1710 2851 1783 γὰρ
2875 1710 2977 1781 ἔφη
3010 1710 3072 1764 τδ
3100 1711 3341 1783 Γράμμα
3371 1712 3433 1765 τὸ
3465 1712 3639 1783 ἱερόν.

2054 1802 2116 1854 Ol
2166 1800 2223 1853 δὲ
2269 1801 2371 1870 τῆς
2399 1800 2543 1854 οὕτω
2583 1802 2867 1870 παγκάλου
2913 1802 3010 1855 καὶ
3058 1802 3290 1873 ἀρίστης
3334 1803 3535 1872 βουλῆς
3572 1804 3645 1857 τὸ

2054 1890 2302 1960 ἀπρεπὲς
2348 1891 2727 1963 καθορίζουσι,
2768 1893 2863 1945 καὶ
2920 1891 3111 1960 ὥσπερ
3153 1891 3276 1945 ὲνδν
3330 1893 3518 1955 αὐτοῖς
3566 1892 3646 1945 τά

2051 1981 2265 2052 ἀμείνω
2296 1986 2537 2053 φρονεῖν,
2557 1983 2653 2037 καὶ
2672 1985 2783 2046 τοῖς
2811 1982 2908 2052 τῆς
2931 1984 3121 2053 σοφίας
3148 1984 3444 2054 ἐπιτιμῶσι
3472 1983 3647 2053 σκέμ-

2057 2092 2210 2146 μασι.
2251 2075 2342 2146 Μὴ
2371 2076 2480 2147 γὰρ
2504 2074 2568 2147 δὴ
2598 2075 2798 2146 χρῆναι
2841 2075 3093 2143 λέγουσιν
3137 2075 3303 2129 ὠδῖνα
3344 2076 3440 2128 καὶ
3474 2075 3646 2129 τόκον

2053 2170 2120 2223 ὲκ
2144 2168 2403 2238 γυναικὸς
2433 2168 2809 2239 καταγράφειν
2831 2170 2979 2239 ἡμᾶς
3003 2168 3098 2222 τοῦ
3126 2168 3494 2237 Μονογενοῦς,
3528 2170 3647 2222 οἶε-

2054 2259 2181 2314 σθαι
2210 2260 2267 2314 δὲ
2299 2259 2498 2331 μᾶλλον
2525 2259 2626 2332 τὴν
2672 2259 2767 2313 τοῦ
2799 2258 2976 2328 Λόγου
3013 2258 3174 2329 φύσιν
3208 2261 3287 2322 εἰς
3330 2257 3396 2312 τὸ
3434 2257 3645 2330 σαθρὸν

2052 2355 2117 2426 δὴ
2157 2353 2315 2409 τοῦτο
2364 2354 2458 2408 καὶ
2509 2354 2742 2424 γηγενὲς
2773 2352 3285 2424 μετεστοιχειῶσθαι
3318 2351 3504 2420 σῶμα,
3537 2350 3645 2405 καὶ

2027 2477 2030 2480 ~
2053 2443 2263 2514 τροπὴν
2284 2442 2655 2512 φαντάζεσθαι
2682 2442 2778 2496 τοῦ
2799 2443 3006 2514 τροπὴν
3026 2442 3125 2496 οὐκ
3145 2442 3367 2505 εἰδότος.
3384 2443 3645 2512 Ἐρήρει-

2057 2552 2179 2589 σται
2227 2535 2337 2605 γὰρ
2370 2535 2405 2604 ἡ
2451 2532 2544 2587 τοῦ
2577 2532 2711 2587 Θεοῦ
2743 2532 2904 2602 φύσις
2962 2535 3022 2587 ὲν
3057 2533 3207 2596 ἰδίοις
3255 2533 3505 2603 ἀγαθοῖς,
3542 2534 3644 2586 καὶ

2051 2626 2451 2682 ἀκατάσειστον
2476 2625 2587 2697 ἔχει
2622 2625 2720 2679 σὺν
2748 2625 2832 2694 ἐφ’
2861 2635 2889 2675 ιι
2916 2620 2999 2689 οἷς
3028 2626 3145 2679 ἐστι
3165 2624 3647 2697 διαμονήν.Φύσις

2059 2718 2160 2793 μὲν
2206 2718 2317 2791 γὰρ
2344 2721 2379 2790 ἡ
2423 2718 2650 2789 γενητὴ,
2696 2719 2791 2771 καὶ
2830 2717 3009 2789 χρόνῳ
3056 2717 3454 2789 παρενεχθεῖσα
3499 2715 3644 2786 πρὸς

2055 2810 2273 2880 γένεσιν
2300 2818 2346 2875 ι’,
2392 2809 2555 2863 πάθοι
2605 2809 2671 2863 ἀν
2716 2809 2817 2879 τὴν
2867 2807 3175 2862 ἀλλοίωσιν.
3225 2806 3336 2860 Kal
3378 2805 3484 2858 οὐκ
3532 2804 3646 2871 ἐξω

2055 2904 2216 2973 λόγου
2267 2902 2361 2958 τοῦ
2414 2901 2746 2973 καθήκοντός
2793 2917 2851 2953 τε
2902 2900 2997 2955 καὶ
3052 2888 3287 2969 ἀληθοῦς
3327 2898 3393 2951 τὸ
3444 2897 3646 2968 χρῆμα

375 2997 612 3051 rati0nes
643 2995 860 3050 desunt.
894 2994 1027 3049 Nam
1062 3010 1227 3050 onme
1255 2993 1399 3063 quod
1447 2994 1529 3047 sui
1569 3008 1691 3049 esse
1743 2993 1953 3064 simpli-

2058 2998 2322 3052 κείσεται.
2349 2997 2423 3050 Τὸ
2454 2995 2564 3067 γάρ
2596 2995 2772 3066 ἀρχὴν
2802 2994 2939 3058 ὅλως
2967 2993 3061 3047 τοῦ
3087 2988 3223 3047 εἰναι
3255 2992 3436 3061 λαχὸν,
3469 2990 3647 3043 οἱονεί

373 3090 512 3143 riter
543 3088 757 3143 initium
792 3087 1005 3159 habuit,
1031 3087 1142 3155 jam
1178 3086 1580 3156 quodammodo
1610 3085 1773 3141 simul
1814 3086 1951 3142 insi-

374 3191 487 3236 tam
520 3182 682 3235 habet
720 3182 1160 3237 mutabilitatem.
1192 3181 1262 3233 At
1291 3194 1419 3235 vero
1455 3179 1635 3246 Deus,
1669 3180 1762 3251 qui
1806 3177 1954 3233 omni

375 3285 576 3340 mente,
611 3285 665 3328 et
695 3283 909 3340 natura,
930 3283 983 3328 et
1006 3273 1381 3343 generatione,
1404 3281 1459 3327 et
1486 3266 1835 3342 corruptione
1861 3286 1957 3325 su-

378 3372 562 3436 perior
588 3379 691 3435 est,
722 3370 1082 3423 substantiam
1129 3370 1277 3424 mnni
1326 3370 1634 3425 mutatione
1666 3370 1955 3425 sublimio-

379 3476 513 3524 rem,
542 3459 902 3528 potentiorem
928 3459 1302 3530 majoremque
1356 3460 1542 3514 habet.
1594 3460 1659 3514 Et
1702 3459 1959 3530 quemad-

381 3551 608 3604 modum
659 3552 705 3606 is
767 3560 974 3605 nat'urae
1020 3566 1133 3606 sine
1178 3550 1444 3619 qualitate
1496 3551 1751 3607 omnibus
1796 3553 1958 3608 rebus

377 3643 582 3700 creatis
621 3652 863 3714 praestat,
896 3642 1272 3711 immensoque
1297 3642 1584 3697 intervallo
1613 3651 1735 3713 post
1778 3658 1837 3699 se
1866 3658 1957 3698 re-

378 3738 577 3809 linquit
606 3747 724 3793 orta
763 3736 947 3791 omnia
979 3755 992 3791 :
1025 3737 1096 3799 ita
1127 3750 1189 3789 ea
1223 3736 1587 3798 incommoda.
1647 3750 1768 3805 qua:
1797 3736 1959 3791 rebus

379 3831 451 3886 ab
487 3830 578 3884 illo
599 3830 832 3884 conditis
869 3829 1118 3883 accidere
1159 3828 1354 3893 solent,
1408 3827 1545 3882 adeo
1603 3828 1957 3893 transcendit,

380 3932 438 3976 ut
467 3921 600 3976 nihil
642 3921 711 3976 ab
743 3921 870 3984 illis.
909 3919 1124 3975 tametsi
1176 3930 1371 3974 natura
1426 3934 1523 3972 sua
1575 3918 1753 3973 noxia:
1786 3918 1911 3972 sint
1943 3956 1958 3982 ,

2057 3111 2180 3158 πως
2223 3092 2323 3164 ἡδη
2374 3092 2470 3145 καὶ
2528 3088 2974 3161 συνεσπαρμένον
3023 3087 3136 3158 ἔχει
3179 3085 3238 3139 τὸ
3288 3082 3647 3138 ἀλλοιοῦσθαι

2055 3185 2183 3240 δεῖν.
2214 3185 2347 3247 Θεὸς
2378 3182 2434 3236 δὲ
2475 3184 2504 3236 ὁ
2545 3181 2750 3244 παντὸς
2797 3179 3059 3233 ἐπέκεινα
3102 3176 3219 3242 νὸὗ,
3264 3176 3361 3230 καὶ
3395 3175 3643 3242 φύσεως,

2057 3278 2153 3332 καὶ
2183 3276 2469 3344 γενέσεως,
2504 3274 2600 3327 καὶ
2629 3272 2857 3343 φθορᾶς,
2882 3270 2980 3341 τὴν
3007 3269 3238 3340 ὓπαρξιν
3268 3267 3405 3338 έχων
3437 3265 3647 3339 ἐξῃρη-

2062 3369 2230 3441 μένην
2263 3367 2360 3420 καὶ
2397 3365 2797 3437 ὑπερίσχουσαν
2822 3374 2869 3427 ’,
2902 3361 3142 3432 ἀμείνων
3184 3358 3336 3412 ἔσται
3386 3358 3483 3410 καὶ
3516 3375 3650 3428 τρο.

2059 3460 2189 3530 πῆς.
2240 3457 2352 3511 Καὶ
2402 3454 2591 3525 ῶσπερ
2632 3452 2710 3523 τῷ
2738 3452 2838 3522 τῆς
2876 3450 3012 3514 ἰδίας
3045 3448 3257 3518 φύσεως
3301 3446 3445 3516 λόγῳ
3497 3463 3648 3500 mv-

2058 3553 2148 3617 τδς
2199 3550 2295 3605 τοῦ
2334 3547 2657 3619 κεκλιμένου
2707 3545 2844 3616 πρὸς
2876 3543 3090 3612 γένεσιν
3128 3538 3539 3611 ὑπερανέστηκέ
3582 3555 3648 3591 τε

2060 3643 2154 3701 καὶ
2209 3641 2609 3713 ύπερφέρεται,
2670 3637 2767 3690 καὶ
2820 3634 2981 3688 τοῦτο
3045 3631 3399 3703 ἀσυγκρίτοις
3447 3630 3647 3698 διαφο-

2063 3737 2216 3806 ραῖςο
2269 3730 2413 3785 οὕτω
2472 3729 2569 3783 καὶ
2628 3730 2686 3781 ὲν
2738 3718 2883 3789 τοῖς
2913 3724 3129 3777 εἰωθόσι
3177 3720 3497 3792 συμϐαίνειν
3530 3722 3649 3782 τοῖς

2059 3826 2126 3880 δι’
2178 3823 2342 3878 αὐτοῦ
2394 3820 2672 3890 γεγονόσιν
2721 3815 3147 3889 ὑπερανεστὴξει
3198 3813 3360 3867 πάλιν
3411 3812 3647 3875 παθεῖν,

2060 3919 2160 3972 οὐκ
2206 3915 2360 3978 εἰδὼς
2415 3913 2477 3965 τὸ
2532 3910 2774 3979 πεφυκὸς
2838 3909 3065 3962 ἀδικεῖν.
3121 3904 3329 3960 Ούκοῦν
3381 3905 3441 3957 ἐν
3507 3905 3651 3972 ἀγα-

380 4016 490 4084 pati
524 4025 708 4085 queat.
751 4013 892 4068 Dens
926 4025 1160 4082 namque
1212 4012 1266 4066 in
1298 4012 1456 4067 bonis
1483 4018 1567 4066 est
1612 4009 1742 4064 nulli
1789 4018 1963 4064 muta—

2066 4010 2181 4072 θοῖς
2215 4008 2313 4080 μὲν
2346 4006 2406 4060 τὸ
2436 4005 2591 4058 Θεῖον
2632 3999 3048 4073 ἀμεταπτώτως
3088 3998 3203 4052 ὲστί
3223 4014 3237 4029 ·
3269 3996 3339 4069 τὰ
3368 3996 3424 4050 δέ
3454 4013 3519 4065 γε
3545 3996 3648 4064 τῆς

383 4105 515 4157 tiuni
565 4103 878 4171 subjectus:
927 4114 1194 4159 creatum
1228 4114 1410 4156 autem
1447 4104 1498 4156 in
1548 4101 1783 4171 quadam
1834 4116 1962 4171 per-

2066 4102 2299 4163 κτίσεως
2350 4099 2409 4151 έν
2454 4095 2741 4150 ἀλλοιώσει
2772 4095 2867 4147 καὶ
2907 4093 3171 4163 τροπαῖς,
3214 4091 3308 4143 καὶ
3345 4088 3650 4159 ἀγχίθυρον

382 4206 541 4265 petua
569 4197 870 4249 mutatione
900 4210 967 4249 ac
1012 4194 1395 4249 vicissitudine
1443 4201 1757 4271 versantur.
1799 4188 1963 4258 Cujus

2066 4194 2258 4264 ἔχοντα
2318 4191 2415 4260 τὴν
2467 4185 2795 4258 παραφορὰν
2828 4185 2869 4237 ί.
2905 4183 3016 4236 Καὶ
3047 4181 3206 4235 τοῦτο
3253 4180 3540 4245 γινώσκων
3584 4174 3648 4232 εὖ

306 4303 312 4306 ‘
386 4287 462 4341 rei
495 4286 755 4353 preplteta
788 4284 1057 4339 Jeremias
1083 4300 1425 4355 nequaquam
1463 4285 1719 4354 ignarus,
1758 4283 1963 4353 optime

2071 4286 2237 4357 μάλα,
2264 4282 2358 4335 καὶ
2396 4280 2472 4345 ὡς
2507 4281 2705 4351 ἄριστα
2744 4273 3050 4346 φιλοσοφῶν
3081 4275 3111 4326 ὀ
3157 4272 3443 4342 προφήτης
3475 4271 3649 4339 Ἱερε-

385 4379 816 4447 pltilosOpbatus,
851 4376 1022 4429 Deum
1065 4377 1139 4431 ita
1181 4376 1516 4446 compellat:
1556 4393 1575 4426 ι
1629 4373 1707 4427 Tu
1739 4375 1959 4442 quidem

2069 4375 2218 4445 μίας,
2263 4369 2529 4440 ἁνεφώνει
2566 4369 2702 4440 πρὸς
2731 4367 2821 4420 τὸν
2849 4364 3014 4429 Θεὸν,
3041 4366 3125 4417 ὅτι
3165 4383 3183 4414 ι
3214 4362 3286 4414 Σὺ
3333 4360 3651 4430 καθήμενος

387 4478 439 4531 in
466 4472 722 4529 sarculum
750 4487 1074 4543 permaues;
1107 4486 1207 4525 nos
1251 4480 1432 4523 autem
1467 4482 1573 4522 una
1605 4483 1727 4523 cum
1763 4467 1962 4522 saeculo

2066 4469 2145 4531 εἰς
2169 4466 2260 4519 τὸν
2292 4462 2490 4527 αἰῶνα,
2521 4460 2617 4514 καὶ
2652 4459 2815 4529 ἡμεῖς
2852 4454 3217 4525 ἀπολλύμενοι
3256 4451 3346 4504 τὸν
3381 4448 3579 4503 αἰῶνα.

385 4566 673 4622 interimus
696 4538 764 4621 ".
800 4581 819 4616 ι
856 4561 1022 4618 Sedet
1049 4538 1195 4618 enim
1230 4562 1373 4615 Deus
1403 4570 1660 4628 tanquam
1705 4558 1758 4612 in
1801 4557 1961 4621 solio,

2065 4554 2389 4612 Καθεδεῖται
2417 4550 2526 4620 γὰρ
2560 4548 2750 4619 ὥσπερ
2776 4548 2833 4600 ἐν
2874 4545 3023 4608 ἰδίοις
3054 4542 3252 4606 θώκοις
3287 4540 3348 4593 τὸ
3368 4539 3524 4592 Θεῑον
3552 4538 3653 4628 ἀεὶ

389 4674 606 4728 semper
642 4671 896 4728 regnans,
952 4664 1005 4710 et
1035 4655 1088 4708 in
1116 4668 1306 4709 omnes
1352 4652 1639 4722 imperium
1676 4664 1963 4715 exercens,

2071 4644 2353 4719 βασιλεῦον
2385 4643 2478 4696 καὶ
2506 4637 2889 4712 κατακρατοῦν
2911 4636 3018 4690 τῶν
3043 4636 3200 4701 ὅλων,
3232 4634 3325 4686 καὶ
3348 4630 3453 4684 ὑπὸ
3477 4627 3656 4698 μηδεο

387 4719 565 4821 neque
590 4719 982 4818 ullisvuuquam
1015 4719 1520 4817 perturbationibus
1547 4743 1787 4814 agitatur
1816 4757 1830 4795 :
1863 4756 1963 4796 nos

2067 4739 2159 4802 νὸς
2208 4736 2315 4790 τῶν
2348 4732 2539 4788 παθῶν
2589 4727 3023 4801 τυραννούμενον
3044 4744 3057 4757 ·
3091 4727 3251 4797 ἡμεῖς
3273 4723 3331 4777 δὲ
3357 4719 3457 4792 τὴν
3484 4719 3654 4787 φύσιν

386 4854 597 4908 autem,
635 4853 887 4899 naturam
933 4842 998 4895 ad
1040 4841 1403 4899 mutationem
1445 4837 1963 4906 cnnversionemque

2060 4827 2478 4904 εὑτροχωτάτην
2503 4824 2595 4877 καὶ
2617 4819 3004 4892 εύπαράφορον
3032 4816 3229 4886 κομιδῇ
3257 4813 3395 4916 προς
3421 4809 3656 4865 ἀλλοιω-

392 4933 879 5006 propensissimam
930 4931 1135 4997 sortiti,
1179 4929 1342 4986 simul
1385 4945 1508 4983 cum
1542 4928 1757 4983 .smcuio
1803 4927 1963 4981 intar-

2068 4943 2153 4979 σιν
2183 4923 2399 4991 ἔχοντες
2424 4917 2522 4970 καὶ
2541 4915 2771 4986 τροπὴν,
2798 4908 3155 4980 ἀπολλύμεθα
3171 4908 3262 4961 τὸν
3281 4907 3476 4967 αἰῶνα,
3500 4916 3657 4954 τουτο

396 4995 538 5083 imus
559 5066 574 5092 ,
607 5026 711 5082 hoc
739 5037 842 5093 est,
868 5026 1110 5096 quolibet
1141 5033 1401 5094 tempore,
1433 5021 1801 5090 temporisque
1829 5021 1963 5072 arti-

2068 5017 2217 5070 έστιν
2242 5014 2302 5066 ὲν
2347 5007 2510 5065 παντί
2538 5023 2599 5060 τε
2653 5004 2832 5077 καιρῷ
2861 5004 2956 5060 καὶ
2990 5002 3171 5073 χρόνῳ
3214 4995 3445 5096 φθα-ρτοί
3479 4997 3653 5096 ἐσμεν

389 5117 515 5173 culo
580 5118 938 5174 vicissitudiui
1022 5116 1370 5185 interituique
1424 5113 1714 5169 obnoxiam
1796 5111 1963 5165 vitam

2069 5108 2165 5162 καὶ
2192 5102 2429 5177 τρεπτοί.
2481 5098 2608 5154 Οὖτ⁸
2654 5093 2748 5153 οὖν
2777 5097 2838 5151 τὸ
2870 5096 3024 5150 Θεῖον
3075 5094 3270 5162 γένοιτ’
3311 5090 3377 5145 ἄν
3407 5103 3541 5140 ποτε
3592 5086 3655 5138 ἐν

393 5207 657 5278 degintus.
689 5206 876 5278 Neque
902 5222 1034 5277 ergo
1060 5182 1318 5261 divinitas
1350 5203 1825 5274 perturbationum
1863 5203 1963 5255 im-

2073 5196 2405 5270 παρατροπῇ
2434 5193 2534 5263 τῆς
2565 5190 2704 5255 ἰδίας
2734 5188 3105 5261 ἑδραιότητος,
3139 5184 3372 5251 ὲξωσθὲν
3400 5182 3509 5236 {me
3540 5182 3655 5233 τῶν

462 5362 508 5396 ’⁸
543 5360 699 5418 Juan.
728 5378 767 5430 ι,
804 5363 888 5419 14.
985 5363 1028 5395 ³⁷
1068 5362 1246 5417 Galat.
1283 5376 1355 5427 tv,
1384 5361 1438 5416 ιι.
1515 5359 1561 5392 ⁸⁸
1604 5358 1832 5429 Philipp.
1862 5373 1920 5422 tt,
1957 5356 1963 5373 '

2086 5357 2131 5390 ²⁹
2170 5352 2337 5407 llebr.
2373 5367 2432 5418 ιι,
2466 5349 2555 5405 14.
2630 5349 2675 5404 ἱίὲ
2714 5314 2947 5403 Barucb.
2983 5360 3065 5410 In,
3099 5343 3153 5400 3.

1235 5478 1250 5489 ’
1479 5499 1652 5553 Varia:
1677 5497 1936 5553 lectiones
1958 5493 2163 5549 conisis
2190 5488 2548 5562 Seguicriaui.

468 5641 501 5682 «ι
536 5633 633 5700 τὴν
663 5633 765 5701 ἐφ’.
848 5642 868 5670 τ
908 5630 1158 5699 ὓπαρξιν.
1239 5643 1259 5671 ι
1304 5631 1759 5703 ὑπερισχύουσαν.
1846 5634 1861 5670 ί
1900 5631 2281 5707 παραφθορὰν.
