3936 6200
345 294 486 353 ιιιθ

342 408 564 469 παθῶνο
591 407 706 463 οὔτ’
736 408 804 462 ἂν
832 410 865 481 ἡ
895 409 1110 483 φθαρτή
1133 416 1313 487 τεκαὶ
1344 416 1702 493 άλλοιουμένη
1732 424 1918 493 φύσις,

340 498 622 579 τουτέστιν
665 500 699 569 ὴ
749 501 1009 571 γεννητὴ,
1036 503 1536 577 καταπλουτήσειεν
1568 509 1635 564 ἂν
1682 513 1916 585 οῦσιώδη

466 584 752 662 ἀτρεψίαν,
817 589 925 645 οὐδ’
977 591 1045 645 ἂν
1083 571 1415 665 ὲπαυχήσείε
1458 602 1572 664 τοῖς
1619 605 1718 673 τῆς
1766 571 1917 669 θείας

339 681 558 749 φύσεως
585 681 831 751 ἀγαθοῖς,
865 683 943 745 ὼς
977 684 1149 749 ἰδίοις,
1177 688 1211 756 ὴ
1254 689 1455 754 κτίσις
1488 692 1780 748 ἀκούσεται
1806 698 1916 769 γάρ

340 774 602 843 εὐλόγως’
636 794 656 826 ι
677 776 865 846 Τίγὰρ
887 775 1027 846 ἔχεις
1046 776 1075 830 ὃ
1106 779 1205 832 οὐκ
1227 779 1454 848 ἔλαϐεςς
1481 803 1499 836 ι
1536 785 1659 841 Ὅτι
1678 788 1734 841 δέ
1768 791 1915 844 ἐστιν

338 867 608 936 ἄτρεπτος
632 867 730 938 μὲν
763 867 857 921 καὶ
879 868 1242 934 ἀναλλοίωτος
1263 875 1542 941 παντελῶς
1568 879 1600 949 ἡ
1623 879 1716 933 τοῦ
1739 881 1912 950 Λόγου

336 957 521 1027 φύσις,
556 956 821 1028 ἀλλοιωτὴ
847 958 905 1011 δὲ
932 958 1167 1032 πάντηή
1196 964 1417 1035 γενητὴ,
1454 968 1798 1040 καταθρήσαι
1827 990 1913 1037 τις

335 1048 401 1104 ἂν
438 1051 532 1104 καὶ
561 1049 684 1103 λίαν
723 1050 980 1117 εὐκόλως,
1006 1053 1484 1124 άναμελῳδοῦντος
1521 1059 1580 1111 ἐν
1625 1061 1933 1133 Πνεύματι-
1956 1094 1967 1101 -

335 1140 430 1192 τοῦ
464 1140 733 1211 μακαρίου
758 1141 923 1194 Δαυτδ
941 1157 956 1172 ’
994 1162 1011 1193 ι
1033 1144 1097 1196 Οἱ
1122 1145 1345 1216 οὐρανοὶ
1379 1148 1727 1216 ἀπολοῦνται,
1762 1153 1825 1205 σὺ
1854 1154 1911 1207 δὲ

332 1231 615 1302 βιαμένεις
636 1251 649 1264 ·
678 1236 776 1290 καὶ
803 1238 1007 1304 πάντες
1038 1240 1114 1305 ὡς
1159 1245 1376 1315 ἱμάτιον
1413 1247 1908 1321 παλαιωθήσονται,

336 1324 429 1376 καὶ
459 1325 591 1379 ὡσεὶ
647 1329 996 1413 περισόλαιον
1031 1333 1224 1401 ἑλίξεις
1261 1339 1481 1405 αὐτοὺς,
1524 1342 1619 1395 καὶ
1669 1342 1905 1415 ἀλλαγή-

337 1431 521 1468 σονται
540 1432 554 1445 ·
587 1417 651 1470 σὺ
682 1419 739 1472 δὲ
777 1423 805 1474 ὁ
835 1423 1000 1488 αὐτὸς
1030 1420 1099 1490 εἴ,
1127 1427 1223 1481 καὶ
1249 1428 1318 1483 τὰ
1346 1430 1439 1503 ἔτη
1474 1448 1568 1485 σου
1601 1434 1700 1487 οὐκ
1730 1435 1910 1489 ὲκλεί-

330 1504 512 1573 ψουσι.
551 1527 571 1560 ι
604 1509 716 1564 Ποῦ
744 1514 1036 1585 τοιγαροῦν
1075 1518 1384 1595 μεμένηκεν
1416 1522 1444 1575 ὁ
1483 1523 1648 1587 αὐτὸς
1678 1524 1759 1578 ἔτι
1787 1528 1816 1580 ὁ
1844 1529 1908 1581 ἐκ

331 1595 466 1649 Θεοῦ
517 1598 713 1668 Λόγος,
763 1601 927 1676 εἴπερ
957 1606 1105 1660 ἐστὶν
1155 1609 1355 1678 ἀληθὲς
1386 1612 1581 1676 είπεῖν,
1606 1614 1686 1667 ὅτι
1723 1616 1908 1686 μεθεὶς

330 1689 393 1741 τὸ
417 1691 825 1762 ὲρηρεισμὲνως
844 1713 905 1749 τε
931 1698 1025 1751 καὶ
1049 1699 1359 1772 ἀκλονήτως
1383 1702 1545 1774 ἔχειν,
1566 1706 1903 1776 καταπεφοί-

329 1795 464 1847 τηκε
503 1783 604 1852 μὲν
629 1785 707 1848 είς
737 1786 874 1857 ὅπερ
897 1788 999 1841 οὐκ
1030 1784 1119 1861 ἦν,
1165 1794 1599 1865 μεταπεποίηται
1623 1796 1678 1850 δὲ
1707 1798 1799 1851 καὶ
1828 1798 1902 1862 είς

2013 1795 2128 1850 lieri
2161 1805 2360 1866 p0test,
2388 1805 2445 1850 ut
2476 1797 2569 1852 Dei
2598 1798 2833 1877 Verbum
2868 1802 3007 1857 idem
3033 1818 3259 1873 prorsus
3288 1802 3576 1866 manserit,
3676 1861 3691 1876 ,

1305 302 1392 357 DE
1432 303 1662 362 RECTA
1700 306 1877 377 FIDE,
1919 311 2010 366 AD
2049 312 2492 373 TllEODOSIUM
2533 316 2674 374 IMP.

3457 329 3597 389 H50

2020 427 2274 497 pulsione
2293 439 2448 485 extra
2473 433 2707 502 propriae
2722 435 3036 493 stabilitatis
3062 437 3269 494 limites
3297 438 3593 511 aliquando

2019 520 2444 589 exturbabitur;
2486 538 2660 593 neque
2693 529 3062 597 corruptibilis
3103 546 3320 586 rursum
3353 542 3407 586 et
3450 532 3594 588 alte-

2019 608 2205 663 rabilis
2237 620 2451 677 natura,
2490 613 2594 669 hoc
2625 625 2711 671 est
2755 627 2963 685 creata,
3006 622 3355 677 essentialem
3394 624 3591 677 immu-

2018 699 2342 756 tabilitatem
2403 705 2727 775 quandoque
2787 708 3162 778 adipiscetur;
3232 730 3408 784 neque
3483 715 3590 769 nlla

2014 792 2235 849 omnino
2268 808 2520 850 creatura
2550 798 2748 854 divina:
2782 809 2989 856 natura:
3020 802 3177 857 bouis
3204 804 3398 859 ~velnti
3451 820 3581 874 pro-

2015 884 2149 954 priis
2205 884 2499 954 aliquando
2543 890 2936 957 coronabitur;
2985 893 3169 948 audiet
3227 896 3396 965 enim,
3441 908 3495 951 et
3537 898 3591 952 id

2013 974 2227 1043 quidem
2269 978 2465 1033 merito
2518 996 2532 1035 :
2590 998 2610 1031 ι
2667 980 2805 1047 Quid
2857 983 3024 1039 habes
3064 987 3207 1056 quod
3272 1003 3377 1042 non
3441 1003 3592 1042 acce-

2013 1063 2230 1133 pisti"?
2254 1085 2273 1119 ι
2302 1065 2455 1134 Quod
2485 1079 2663 1125 autem
2686 1072 2853 1143 ipsius
2867 1072 3031 1131 Verbi
3055 1085 3245 1132 natura
3271 1079 3443 1134 modis
3474 1094 3592 1133 om-

2012 1156 2172 1212 nibus
2195 1158 2266 1214 sit
2294 1160 2672 1229 immutabilis,
2715 1177 2770 1219 et
2814 1166 3156 1225 invariabilis
3182 1211 3197 1235 ,
3240 1171 3419 1225 omnis
3459 1186 3592 1226 vero

2011 1246 2190 1302 credin
2219 1253 2439 1306 omnino
2475 1256 2747 1311 mutabilis
2780 1258 2904 1329 ιο,
2933 1259 2986 1313 id
3018 1275 3084 1315 ex
3127 1262 3311 1316 divino
3337 1262 3587 1329 .Davide,

2009 1340 2248 1395 suaviter
2264 1342 2316 1395 in
2341 1341 2542 1412 Spiritu
2564 1346 2897 1415 modulante,
2919 1330 3066 1404 nullo
3083 1352 3302 1421 negotio
3322 1351 3590 1421 perspici-

2012 1440 2100 1484 tur
2127 1447 2142 1485 :
2177 1449 2196 1482 ι
2226 1431 2382 1498 Creli,
2410 1435 2559 1488 canit
2586 1435 2652 1502 is,
2678 1437 2953 1505 peribunt,
2978 1447 3031 1494 tu
3050 1452 3230 1495 autem
3260 1456 3583 1510 permanes;

2008 1532 2062 1576 et
2090 1538 2279 1578 omnes
2313 1525 2456 1580 sicut
2484 1528 2865 1583 vestimentum
2897 1541 3242 1586 veterascent
3267 1571 3283 1596 ,
3341 1541 3396 1586 et
3440 1533 3581 1586 sicut

2007 1614 2345 1683 opertorium
2381 1615 2624 1693 involves
2662 1634 2778 1683 eos,
2812 1620 3242 1676 etmutabuntur
3273 1640 3288 1676 :
3318 1632 3373 1676 tu
3398 1633 3580 1677 autem

2006 1704 2149 1759 idem
2195 1705 2308 1775 ipse
2348 1720 2428 1771 es,
2460 1714 2515 1760 et
2552 1709 2678 1762 anni
2724 1711 2798 1763 tui
2845 1727 2951 1765 non
2976 1711 3314 1768 deﬁcient".
3358 1713 3464 1766 iAt
3490 1712 3583 1782 qui

331 1872 534 1943 σαρκὸς
572 1874 756 1943 φύσιν,
789 1879 881 1931 καὶ
914 1880 994 1939 είς
1017 1857 1078 1933 τί)
1115 1857 1435 1955 φθείρεσθαι
1464 1857 1741 1956 πεφυκόςς
1773 1857 1902 1959 *Αρξ

2010 1888 2054 1942 si
2077 1902 2202 1942 vere
2226 1888 2491 1944 asseritur
2513 1872 2812 1947 stabilitate
2833 1893 3392 1965 immutabilitateque
3416 1910 3579 1964 quam

304 1961 420 2018 νοῦν
446 1967 565 2038 οὐχὶ
585 1968 750 2040 λῆρός
776 1984 834 2024 τε
874 1971 975 2043 ήδη
998 1973 1093 2027 καὶ
1126 1976 1290 2045 μανία
1319 1977 1509 2043 ταυτί;
1542 1980 1723 2034 καίτοι
1780 1981 1901 2045 πῶς

326 2053 393 2113 ἂν
417 2057 710 2112 ἐνδοιάσειέ
746 2077 833 2124 τις
866 2079 881 2125 ;

2010 1978 2266 2045 habebat,
2304 1980 2617 2051 relicta,_in
2651 1984 2781 2039 illud
2839 1986 3147 2051 transiisse,
3197 1987 3340 2056 quod
3391 1998 3583 2056 suapte

2014 2080 2207 2126 natura
2246 2087 2353 2126 non
2385 2085 2544 2140 erat,
2592 2087 3128 2150 transmutatumque
3167 2095 3287 2134 esse
3316 2082 3369 2134 in
3419 2088 3580 2133 natu-
3682 2087 3687 2091 ’

329 2162 469 2213 ram,
504 2148 608 2204 hoc
637 2160 743 2215 est,
795 2152 847 2207 in
912 2155 966 2209 id
1025 2157 1169 2226 quod
1211 2160 1486 2228 corrumpi
1537 2169 1720 2216 natum
1766 2172 1868 2216 est.
1934 2162 2152 2226 Annon,
2213 2165 2466 2232 obsecro,
2539 2166 2727 2225 istbmc
2768 2185 2917 2226 mera
2950 2148 3078 2226 sunt
3107 2172 3579 2247 deliriaiannon,

327 2250 514 2310 aperte
562 2253 691 2297 sunt
743 2245 1014 2302 insanim?
1072 2251 1213 2305 Sunt
1264 2255 1512 2321 equidem
1544 2255 1678 2308 citra
1728 2255 1891 2310 ullam
1934 2271 2161 2328 prorsus
2189 2258 2653 2316 controversiam.

384 2335 502 2402 .IA'.
545 2336 689 2407 Ὦρα
718 2338 829 2407 γὰρ
859 2339 1034 2394 εἰπεῖν
1061 2345 1182 2407 ταῖς
1212 2344 1436 2397 ἐκείνων
1464 2346 1728 2415 ἀμαθίαις
1757 2348 1903 2401 ἀντι-

327 2425 601 2489 τείνοντας
651 2428 1046 2500 ἀμαθέστερον,
1094 2432 1170 2496 ὡς
1205 2433 1354 2487 ἔστιν
1396 2437 1513 2509 οὐκ,
1533 2437 1759 2500 ἀπεικὸς
1805 2438 1899 2491 καὶ

296 2514 427 2581 ,τὴν
477 2515 579 2568 οὐκ
614 2515 721 2568 ἀπὸ
750 2516 857 2586 γῆς
903 2519 1080 2590 σάρκα
1126 2521 1260 2592 πρὸς
1285 2530 1316 2560 ιι
1356 2524 1456 2595 τὴν
1498 2526 1597 2593 τῆς
1645 2526 1901 2598 θεότητος

328 2603 489 2671 φύσιν
532 2604 831 2676 ἀναφοιτᾷν
883 2606 1142 2663 δύνασθαί
1174 2627 1325 2676 ποτε,
1360 2613 1457 2666 καὶ
1488 2613 1589 2685 τῆς
1640 2615 1898 2669 ἀνωτάτω

218 2744 225 2749 .
329 2694 521 2747 πασῶν
549 2696 738 2759 οὐσίας
778 2697 1029 2765 γενέσθαι
1076 2700 1351 2757 σύστασιν.
1393 2704 1456 2758 Ei
1500 2706 1606 2777 γάρ
1641 2706 1780 2778 αύτὴ
1806 2708 1905 2779 τῆς

329 2784 583 2854 θεότητος
613 2786 795 2856 φύσις,
825 2789 969 2842 κατά
1000 2785 1206 2864 γε’τὴν
1251 2795 1476 2849 ἐκείνων
1508 2797 1906 2871 ἐμϐροντησίαν

320 2877 407 2939 εἰς
434 2875 534 2945 τὴν
562 2878 659 2949 τῆς
695 2880 898 2950 σαρκὸς
932 2884 1357 2955 μετακεχὼρηκε
1402 2886 1584 2955 φύσιν,
1623 2890 1796 2955 οὐδὲν,
1830 2891 1908 2957 ὡς

326 2967 500 3033 ἔοικε,
536 2970 598 3022 τὸ
643 2962 906 3044 ἀπεῖργον
944 2974 1045 3039 ἔτι,
1072 2962 1170 3047 τὴν
1197 2977 1298 3048 μὲν
1345 2979 1496 3032 κάτω
1528 2997 1587 3033 τε
1627 2983 1723 3035 καὶ
1765 2983 1904 3036 ἰδίαν

2074 2348 2167 2402 XI.
2205 2349 2417 2418 Alioqui
2449 2360 2619 2405 restat
2652 2360 2709 2404 ut
2739 2351 3008 2418 dicamus,
3043 2354 3258 2409 illorum
3286 2355 3578 2412 stoliditati

1999 2442 2249 2496 stolidius
2282 2443 2564 2512 quidpiam
2595 2457 2954 2515 opponentes,
2988 2449 3281 2502 absurdum
3312 2464 3415 2504 non
3444 2466 3569 2507 esse

2003 2542 2061 2587 ut
2090 2542 2300 2587 terrena
2329 2533 2495 2588 etiam
2527 2550 2656 2590 caro
2696 2537 2867 2604 possit
2891 2538 2944 2592 in
2971 2538 3275 2595 divinitatis
3315 2550 3565 2596 naturam

2002 2622 2293 2692 aliquando
2340 2625 2626 2689 converti,
2674 2625 2903 2697 ﬁerique
2960 2629 3263 2684 substantia
3326 2632 3572 2686 omnium

2000 2713 2382 2786 supremam.
2412 2713 2545 2769 Nam
2577 2718 2624 2771 si
2655 2717 2837 2772 divina
2863 2719 2979 2788 ipsa
3011 2729 3227 2788 natura,
3255 2721 3411 2785 juxta
3455 2732 3575 2778 stu-

2002 2802 2184 2873 pidum
2224 2804 2440 2861 illorum
2462 2821 2706 2872 sensum,
2740 2811 2961 2864 transiit
2992 2811 3043 2865 in
3074 2814 3260 2868 carnis
3296 2822 3571 2880 naturam,

2001 2895 2135 2951 nihil
2160 2897 2381 2953 obstare
2410 2898 2646 2963 videtur,
2669 2902 2959 2970 quominus
2986 2918 3135 2970 caro,
3185 2902 3496 2961 inferiorem
3523 2917 3578 2961 et

2000 2986 2281 3056 prepriam
2336 2988 2729 3044 trausceudens
2782 2998 3089 3059 naturam,
3159 2992 3578 3049 transformetur

248 3074 263 3089 ’
325 3060 490 3128 φύσιν
546 3061 957 3132 ύπερπέτασθαι
1013 3066 1112 3136 τὴν
1172 3067 1372 3140 σάρκα,
1426 3072 1901 3141 μεταπλάττεσθαι

2006 3077 2169 3131 etiam
2224 3078 2275 3132 iu
2335 3078 2591 3133 deitatem
2634 3088 2688 3133 et
2725 3095 2994 3136 summam
3042 3084 3362 3139 essentiam.
3406 3085 3570 3154 Atqui

321 3152 378 3204 es
421 3152 515 3206 καὶ
567 3153 702 3224 πρὸς
756 3154 1029 3227 θεότητα,
1087 3160 1184 3212 καὶ
1225 3161 1306 3225 είς
1352 3161 1538 3216 οὐσίαν
1595 3162 1694 3236 τὴν
1756 3164 1899 3218 ἀνω-

321 3243 487 3299 τάτω.
539 3243 679 3297 Ἀλλ’
726 3245 788 3297 οὐ
844 3249 966 3310 ταῖς
1040 3248 1262 3302 ἐκείνων
1312 3250 1628 3316 άσυνεσίαις
1696 3253 1759 3307 τὸ
1808 3254 1900 3307 εὐ-

325 3333 507 3398 πειθὲς
567 3337 945 3408 χαριούμεθα,
1012 3338 1256 3412 ἑψόμεθα
1298 3351 1337 3380 τ’
1375 3342 1434 3398 δὲ
1507 3345 1710 3415 μᾶλλον
1777 3350 1897 3413 ταῖς

325 3425 493 3490 θείαις
518 3428 779 3499 Γραφαίς,
816 3431 916 3485 καὶ
949 3433 1235 3505 Προφήτου
1269 3436 1367 3507 μὲν
1403 3437 1653 3507 λέγοντος
1674 3457 1689 3471 ο
1725 3459 1745 3492 ι
1766 3441 1896 3496 Ἰδοὺ

320 3520 357 3591 ἡ
392 3519 659 3591 παρθένος
702 3522 760 3574 ἐν
808 3525 1009 3595 γαστρὶ
1056 3526 1188 3592 ἕξει,
1232 3530 1327 3583 καὶ¹
1359 3530 1571 3598 τέξεται
1621 3534 1756 3600 υίὸν,
1802 3536 1898 3589 καὶ

320 3612 614 3666 καλέσουσι
664 3614 724 3667 τὸ
777 3615 945 3687 ὄνομα
984 3617 1166 3673 αὐτοῦ
1212 3621 1586 3695 Ἐμμανουήλ·
1642 3644 1661 3677 ι
1722 3645 1895 3683 κατα-

274 3766 284 3774 ο
321 3703 715 3774 σφραγίζοντος
747 3707 804 3761 δὲ
842 3708 940 3780 τὴν
974 3712 1434 3784 προαναφώνησιν
1478 3715 1571 3769 τοῦ
1620 3720 1892 3792 μακαρίου

322 3795 362 3852 Γ
365 3795 581 3868 αόριήλ,
610 3797 703 3850 καὶ
724 3798 822 3869 τὴν
849 3800 1055 3854 ἄνωθεν
1086 3802 1266 3873 ψῆφον
1294 3808 1358 3875 τῇ
1397 3806 1655 3880 παρθένῳ
1676 3809 1895 3882 διερμη-

320 3887 566 3953 νεύοντος
586 3905 598 3919 ’
636 3908 654 3942 ι
680 3890 772 3961 Μὴ
813 3891 981 3960 φοϐοῦ
1016 3894 1144 3965 γάρ,
1174 3894 1301 3965 ἔφη.
1344 3899 1581 3971 Μαριάμ
1601 3916 1616 3931 ·
1648 3902 1730 3955 ὅτι
1782 3904 1893 3958 ἰδοὺ

322 3979 568 4052 συλλήψῃ
603 3982 660 4034 ὲν
687 3984 907 4054 γαστρὶ,
945 3985 1040 4038 καὶ
1071 3985 1202 4059 τέξῃ
1233 3987 1369 4052 υἱὸν,
1409 3991 1504 4043 καὶ
1555 3992 1807 4059 καλέσεις
1833 3997 1894 4051 τὸ

318 4071 489 4142 δνομα
540 4072 706 4128 αὐτοῦ
755 4076 986 4145 Ἰησοῦν.
1027 4095 1045 4130 ι
1093 4079 1189 4132 Ἐκ
1239 4084 1500 4148 γυναικὸς
1543 4081 1638 4139 οὖν
1676 4087 1894 4159 άληθῶς

319 4165 679 4235 γεγεννῆσθαι
732 4168 1065 4239 πιστεύομεν
1122 4170 1214 4225 τὸν
1266 4174 1636 4249 Ἐμμανουήλ,
1690 4181 1783 4233 καὶ
1831 4181 1894 4234 τὸ

320 4254 573 4326 λαμπρόν
601 4275 661 4312 τε
689 4261 783 4313 καὶ
818 4261 1149 4329 άξιάγαστον
1188 4266 1288 4336 τῆς
1327 4268 1537 4323 ἑαυτῶν
1567 4271 1785 4340 φύσεως
1829 4274 1891 4326 οὐ

319 4348 627 4438 διωσόμεθα
682 4353 979 4427 καύχημα,
1020 4358 1344 4430 φρονοῦντες
1381 4362 1577 4433 ὀρθῶς.
1633 4365 1894 4438 Ἐπεδρά-

324 4437 453 4528 alito
479 4452 506 4481 ι
537 4440 645 4512 γὰρ
670 4442 698 4495 ὀ
730 4445 1041 4519 Μονογενὴς
1085 4449 1209 4519 οὐχὶ
1243 4449 1344 4521 τῆς
1389 4452 1526 4517 ἰδίας
1552 4453 1770 4524 φύσεως

318 4526 429 4596 γάρ
460 4527 527 4581 ἂν
555 4530 709 4585 οὐδέν
733 4550 785 4587 τι
817 4535 1016 4603 μᾶλλον
1042 4538 1112 4592 τὰ
1133 4538 1255 4593 καθ’
1291 4542 1442 4612 ἡμᾶς
1471 4543 1529 4597 ὲν
1558 4526 1890 4617 ἀμείνοσι-ν),

317 4617 432 4670 ἀλλ’
447 4620 568 4674 οὐδὲ
588 4624 688 4693 τῆς
714 4626 959 4695 ἀγγέλων
973 4644 986 4659 ·
1007 4628 1163 4698 ἀλλὰ,
1190 4632 1221 4683 ι’
1242 4634 1560 4705 σπέρματος
1583 4636 1856 4710 Ἀϐραὰμ,
1870 4657 1888 4693 ι

317 4711 463 4803 καθά
496 4714 839 4803 γέγραπται.
864 4714 974 4772 Ἦν
1020 4721 1129 4789 γάρ
1178 4724 1349 4789 οὕτω,
1385 4729 1481 4780 καὶ
1523 4728 1618 4799 οὐχ
1662 4730 1889 4803 ἑτέρως,

314 4802 376 4855 τὸ
408 4802 758 4876 διολισθῆσαν
787 4810 868 4873 εἰς
899 4809 1107 4881 φθοράν
1145 4813 1535 4870 ἀνασώσασθαι
1565 4820 1740 4887 γένος.

386 4981 486 5035 IB’.
529 4982 595 5036 Τί
638 4984 729 5052 δέ;
762 4986 884 5057 οὐχὶ
925 4987 1145 5044 κάκεῖνο
1190 4991 1331 5062 πρὸς
1369 4994 1551 5047 τοῖσδε
1610 4997 1887 5051 καταθαυ-

319 5071 515 5140 μάζειν
547 5074 732 5144 ἄξιον;
770 5080 1053 5151 μονονουχὶ
1081 5081 1190 5154 γὰρ
1232 5085 1328 5138 καὶ
1367 5084 1429 5139 τὸ
1457 5086 1731 5158 ἐρρῶσθαι
1761 5089 1893 5158 φρά-

2002 3184 2108 3224 ιιοιι
2148 3169 2220 3223 ita
2259 3170 2575 3239 desipimus,
2621 3187 2722 3226 nec
2770 3182 2915 3238 tanta
2970 3173 3194 3230 levitate
3243 3190 3454 3240 sumus,
3490 3184 3566 3242 ut,

2000 3261 2331 3331 posthabitis
2363 3272 2569 3318 sanctae
2598 3263 2899 3334 Scriptura:
2932 3265 3154 3330 litteris,
3193 3265 3405 3320 insana:
3452 3265 3575 3320 illo-

2004 3368 2121 3406 rum
2175 3353 2464 3408 sententia:
2518 3364 2626 3410 tam
2702 3354 2896 3411 leviter
2955 3357 3402 3420 subscribamus,
3453 3373 3575 3412 cum

2000 3444 2261 3512 propheta
2307 3444 2509 3500 diserte
2563 3444 2747 3499 dicat:
2788 3464 2806 3497 ι
2849 3446 2993 3501 Ecce
3035 3446 3188 3518 virgo
3216 3445 3485 3514 concipiet
3523 3455 3579 3500 et

1998 3534 2171 3603 pariet
2228 3534 2429 3602 lilium,
2476 3536 2863 3593 et'voczibitur
2918 3552 3114 3592 nomen
3182 3538 3301 3607 ejus
3354 3537 3576 3592 Emma-

1998 3627 2122 3681 nuel
2150 3626 2225 3695 ³⁸;
2251 3647 2270 3680 ι
2312 3627 2612 3698 beatusque
2653 3628 2865 3684 Domini
2903 3629 3132 3699 angelus
3171 3628 3417 3696 Gabriel,
3447 3645 3584 3698 pro»,

1995 3717 2172 3786 pheta:
2204 3719 2485 3773 oraculum
2532 3719 2870 3774 conﬁrmans
2919 3712 3254 3789 cmlesteque
3294 3722 3574 3774 decretum
3640 3782 3645 3789 ρ

2001 3806 2201 3877 Virgini
2222 3823 2518 3878 exponens,
2546 3810 2618 3863 ita
2646 3810 2902 3877 pradicet
2930 3824 2944 3862 :
2976 3827 2994 3860 ι
3017 3809 3095 3864 Ne
3124 3810 3337 3874 timeas,
3369 3807 3571 3862 Maria:

1995 3913 2121 3954 ecce
2152 3901 2424 3964 concipies
2450 3901 2502 3954 in
2525 3909 2699 3964 utero,
2724 3908 2779 3954 et
2801 3901 2980 3969 paries
3014 3900 3203 3965 lilium,
3259 3910 3314 3954 et
3344 3899 3570 3955 vocabis

1997 4004 2188 4045 nomen
2224 3988 2339 4060 ejus
2382 3989 2564 4045 Jesutn
2593 3990 2659 4044 “.
2709 4007 2727 4041 ι
2768 3990 3174 4046 Emmanuelem
3212 3990 3439 4058 proinde
3498 4003 3566 4045 ex

1995 4080 2221 4137 muliere
2245 4094 2371 4137 vere
2428 4093 2615 4136 natum
2652 4091 2815 4145 ,eerto
2853 4082 3169 4148 credimus;
3219 4098 3394 4152 neque
3440 4081 3568 4136 illu«

1994 4182 2162 4227 strem
2194 4171 2360 4237 illam,
2408 4188 2730 4243 summaque
2775 4172 3138 4228 admiratione
3171 4174 3388 4243 dignam
3415 4182 3574 4228 natu-

1996 4278 2070 4318 ra:
2092 4273 2288 4318 nostrae
2308 4263 2557 4336 gloriam,
2588 4265 2632 4319 si
2657 4273 2806 4319 certe
2831 4264 3092 4335 sapimus,
3117 4264 3569 4334 aspernabimur;

1995 4356 2235 4426 suscepit
2274 4372 2507 4426 namque
2546 4356 2877 4429 Unigenitus
2930 4373 3036 4412 non
3080 4358 3355 4429 propriam
3409 4365 3570 4412 natu-

1996 4462 2109 4503 ram
2150 4449 2278 4521 (hac
2324 4450 2467 4503 enim
2507 4450 2718 4505 ratione
2754 4450 2887 4505 nihil
2937 4450 3186 4506 utilitatis
3227 4461 3433 4506 naturae
3473 4465 3573 4519 no-

1990 4551 2117 4597 stra:
2148 4543 2514 4613 accessisset),
2540 4544 2633 4599 sed
2664 4544 2840 4615 neque
2864 4544 3163 4615 angelicam
3190 4557 3406 4614 quoque
3447 4556 3566 4595 sus-

1993 4635 2174 4706 cepit;
2219 4649 2430 4699 vertun,
2460 4645 2518 4690 ut
2552 4637 2819 4708 scriptum
2866 4646 2986 4704 est,
3016 4655 3035 4689 ι
3095 4634 3327 4690 Abraba:
3382 4646 3568 4687 semen

1995 4727 2355 4797 apprehendit
2386 4727 2455 4782 ³⁸.
2492 4746 2509 4779 ι
2554 4727 2669 4783 lloc
2700 4729 2870 4809 enim‘,
2899 4742 3002 4781 non
3028 4726 3136 4781 alio
3171 4726 3329 4778 modo
3372 4722 3571 4777 ltumaq

1998 4835 2123 4873 num
2162 4834 2332 4890 genus
2364 4820 2417 4874 in
2452 4819 2733 4874 interitum
2782 4818 3091 4890 prolapsum
3127 4813 3420 4870 instaurari
3466 4826 3568 4882 po-

1996 4917 2157 4962 terat.
3262 4981 3270 4992 ε

2060 4999 2174 5057 ΧΗ.
2208 5001 2347 5069 Quid
2380 5003 2601 5057 autem?
2649 5003 2843 5057 Annon
2880 5014 3115 5066 summa,
3144 5012 3351 5068 quaeso,
3385 4995 3565 5052 admi-

1991 5092 2203 5149 ratione
2233 5093 2454 5165 diguum
2487 5104 2591 5160 est,
2637 5092 2927 5164 quosdam,
2960 5080 3087 5146 dum
3125 5099 3360 5147 mentem
3409 5102 3569 5147 suam

385 5228 427 5260 ³⁸
470 5231 484 5284 l
522 5229 647 5286 Cor.
684 5248 755 5297 tv,
784 5233 835 5289 7.
912 5235 958 5268 ³²
996 5234 1138 5292 Psal.
1170 5252 1244 5303 Cl,
1280 5238 1364 5303 l7,
1399 5236 1484 5295 l8.
1559 5238 1606 5271 ³³
1648 5240 1748 5295 Isa.
1805 5258 1901 5309 vn,

2006 5284 2019 5300 .
2099 5247 2146 5279 ”
2185 5244 2317 5301 Luc.
2348 5260 2387 5313 ι,
2416 5246 2507 5302 50.
2585 5247 2629 5281 ³³
2672 5246 2835 5303 Hebr.
2869 5262 2930 5314 ll,
2968 5245 3054 5302 l6.

1398 5391 1570 5448 Variae
1591 5394 1845 5451 lectiones
1874 5397 2078 5454 codicis
2103 5399 2462 5469 Seguieriaui.

421 5528 447 5562 ιι
480 5523 580 5585 είς.
656 5532 683 5559 ν
710 5525 1165 5596 προσκεισόμεθα.
1247 5543 1270 5570 ι
1312 5528 1627 5583 ἐπελάϐετο.

388 5670 464 5743 ll)
496 5673 556 5729 Al
604 5684 651 5731 ct
686 5692 943 5745 suprema
972 5681 1201 5733 omnium
1228 5682 1539 5736 substantia;
1569 5681 1868 5751 subjectum
1909 5700 2016 5738 esse
2043 5686 2231 5753 possit.
