3912 6182
249 193 351 249 1ίῖἱῦ
1137 175 1224 232 DE
1260 175 1488 230 RECTA
1531 173 1711 230 FIDE.
1756 169 1844 224 Al)

1888 165 2328 224 'rueunnsum
2371 166 2508 222 l'tZl‘.
2603 140 2612 150 ’
3310 168 3440 223 tun

241 278 311 363 τεΙ
340 307 412 360 καὶ
457 301 638 365 ἰδικῶς
689 300 785 368 οὑχ
842 294 1192 367 ὑφεστηκότα
1253 290 1610 362 φαντάζονται
1665 291 1756 343 τον
1786 294 1829 349 Α

1888 290 2029 340 lentu
2083 284 2400 355 loquuntur.
2466 285 2837 352 Imaginantur
2881 282 3026 338 enim
3094 281 3443 354 Unigenitnm

240 396 487 467 Μονογενῆι
523 395 617 448 καὶ
647 392 745 446 οὑκ
774 387 912 444 εἶναι
950 388 1049 459 μὲν
1094 388 1151 439 ἐν
1195 385 1489 438 ὑποστάσει
1519 383 1586 453 τῇ
1637 378 1757 433 καθ’

1888 378 1956 431 )ei
2013 377 2244 432 Verbum
2279 378 2703 447 anhypostatbn,
2740 378 2844 432 hoc
2894 386 2998 442 est,
3047 376 3441 441 subsistentia,

240 492 410 550 ἑαυτὸν,
434 486 581 561 ῥῆμα
606 484 665 536 δὲ
695 480 884 543 ἁπλῶς
908 521 923 546 ,
965 480 1058 533 καὶ
1088 477 1245 544 λόγον
1288 474 1379 527 τὸν
1411 473 1554 526 κατὰ,
1595 470 1761 541 μόνην

1888 469 1947 522 'el
1980 469 2278 539 hypnstasi,
2309 485 2412 535 qua
2454 483 2550 538 per
2578 482 2638 522 se
2666 482 2791 522 vere
2821 484 2885 523 ac
2910 467 3131 539 proprie
3160 469 3444 534 subsistat,

234 579 317 650 τὴν
345 576 597 652 προφορὰν
624 571 879 644 γενέσθαι
925 567 1078 641 παρὰ
1130 564 1288 619 θεοῦ.
1327 565 1415 627 Ὠς
1460 563 1554 617 καὶ
1581 564 1639 616 ὲν
1677 562 1763 614 ἀνα

1888 562 2227 627 lestitutum;
2267 562 2471 614 nudum
2518 571 2701 615 autem
2742 561 2991 628 verbum,
3046 577 3111 617 ac
3144 562 3446 633 simplicem

241 671 402 743 θρώπῳ
426 665 742 736 κατοικῆσαι
784 678 948 732 φασιν
996 663 1046 713 οἱ
1087 657 1336 721 τάλανες.
1385 654 1672 718 Συνθέντες
1705 652 1761 707 δὲ

1888 668 2173 709 ,ermouem
2206 654 2317 707 sola
2352 653 2798 721 pronuntiatione
2830 667 2859 706 a
2904 653 3012 707 Deo
3051 654 3257 707 editum
3299 667 3443 706 csse.

240 765 354 821 οὑτω
374 763 449 829 τὸν
478 758 708 832 Ἰησοῦν,
741 755 915 824 ἁγίων
945 752 1043 824 μὲν
1077 746 1218 803 εἷναί
1251 766 1415 818 φασιν
1440 747 1761 817 ἀγιιὺτερον,

1892 747 1978 801 loc
2006 761 2171 817 porro
2197 745 2533 816 prolatitium
2568 744 2794 799 verbum
2828 746 3013 801 miseri
3042 746 3118 800 illi
3150 748 3199 800 in
3229 747 3449 803 homine

239 860 289 913 ού
314 857 397 929 μὴν
420 834 492 907 Est
526 853 620 906 καὶ
638 849 794 907 Θεὸν.
818 844 1029 901 Οὑκοῦν
1054 841 1197 896 καθά
1219 841 1314 895 καὶ
1346 842 1374 893 6
1394 838 1488 892 τοῦ
1513 838 1764 908 Σωτῆρος

1888 838 2204 893 nhabitasse
2233 836 2526 892 amrmaut.
2553 837 2628 891 Ita
2655 838 3015 906 compositum
3053 836 3241 894 Jesum
3274 850 3438 893 czete-

241 948 493 1005 ὲπιστέλλει
531 942 779 1016 μαθητὴς
802 979 817 1004 ,
850 939 934 1002 τίς
981 938 1133 990 ἐστιν
1165 937 1193 988 6
1221 933 1481 1003 ψεύστης,
1531 933 1581 984 εἰ
1631 930 1704 1000 μὴ
1736 929 1765 982 6

1888 931 1943 985 'is
1972 929 2183 985 sanctis
2206 944 2329 984 esse
2349 930 2500 982 aiunt
2527 929 2881 994 sanctiorem,
2908 944 3014 984 non
3041 939 3222 986 tamen
3255 931 3447 989 Deum.

239 1043 543 1116 ἀρνούμενος,
573 1038 654 1090 ὃτι
697 1031 905 1106 Ἰησοῦς
930 1032 1031 1084 οὑκ
1070 1028 1219 1082 ἐστιν
1252 1029 1280 1081 6
1307 1024 1578 1098 Χιριστόςς
1610 1017 1766 1086 οὗτός

1888 1024 1938 1077 tt
1980 1024 2123 1093 quis,
2178 1032 2239 1077 ut
2290 1020 2590 1076 Salvatoris
2650 1023 2819 1077 nostri
2873 1022 3178 1091 discipulus
3239 1023 3450 1087 scribit,

237 1113 357 1190 ἐστιν
394 1137 417 1187 6
448 1130 832 1200 ’Δντίχριστος,
874 1126 902 1178 6
930 1121 1266 1193 ἀρνούμενος
1298 1118 1391 1172 τὸν
1418 1116 1638 1187 Πατέρα
1671 1113 1768 1167 καὶ

1890 1117 2099 1173 nendax
2129 1124 2233 1179 est,
2270 1115 2373 1169 nisi
2414 1114 2458 1169 is
2490 1115 2581 1185 qui
2654 1124 2817 1183 negat
2845 1116 3100 1185 quoniam
3142 1115 3303 1172 Jesus
3346 1134 3452 1171 non

235 1228 311 1281 τὸν
338 1222 455 1277 Υξόν.
487 1221 602 1281 Πᾶς
634 1219 663 1270 6
693 1213 1025 1287 ἀρνούμενος
1055 1211 1146 1264 τὸν
1176 1209 1326 1271 TD»),
1379 1205 1501 1259 οὑδὲ
1531 1205 1623 1258 τὸν
1656 1205 1769 1257 Πα-

1888 1220 1953 1265 est
1977 1211 2248 1265 Christus.
2283 1208 2385 1265 llic
2439 1218 2524 1264 est
2575 1207 2967 1271 Antichristus,
2999 1209 3090 1277 qui
3144 1218 3303 1278 negat
3352 1207 3454 1261 Pa-

235 1318 345 1389 τέρα
378 1315 506 1385 ἔχει·
550 1313 578 1364 6
623 1307 901 1381 ὁμολογῶν
941 1303 1031 1358 τὸν
1073 1302 1230 1367 Υἱὺν,
1272 1300 1367 1354 καὶ
1412 1301 1502 1352 τὸν
1548 1297 1768 1369 Πατέρα

1888 1318 2008 1356 ,ι’θηι
2056 1313 2110 1355 et
2158 1300 2378 1355 Fliinm.
2430 1297 2624 1355 Omnis
2676 1301 2767 1371 qui
2817 1311 2983 1370 negat
3031 1299 3250 1367 Filium,
3281 1315 3456 1370 neque

236 1409 349 1479 ἔχει..
391 1407 583 1474 Ἄμφω
628 1401 738 1471 γὰρ
791 1398 884 1452 καὶ
933 1395 1001 1448 δι’
1058 1396 1296 1464 ἀμφοῖν,
1358 1392 1454 1445 καὶ
1512 1392 1771 1461 ἑκάτερος

1888 1392 2090 1446 Patrem
2145 1392 2354 1446 habet:
2393 1391 2482 1459 qui
2530 1390 2820 1445 conﬁtetur
2866 1389 3084 1452 Filium,
3136 1402 3191 1445 et
3233 1390 3455 1443 Patrem

236 1504 284 1556 ὲν
311 1498 527 1569 ἑκατέρῳ
552 1535 566 1561 ,
604 1493 741 1566 πρός
788 1508 846 1545 τε
887 1488 1048 1561 ἡμῶν
1093 1480 1278 1540 αὑτῶν
1338 1482 1571 1537 καὶτῶν
1600 1481 1770 1550 ἁγίων

1888 1485 2057 1539 tabet.
2084 1482 2324 1554 Uterque
2352 1488 2434 1538 est
2458 1482 2606 1535 enim
2641 1496 2740 1551 per
2768 1490 3062 1549 utrumque
3094 1498 3108 1546 ;
3144 1489 3198 1534 et
3230 1490 3460 1549 uterque

235 1594 446 1664 ἀγγέλων
491 1586 964 1658 ὲπιγινώσκονται.
996 1584 1070 1636 υὺ
1101 1580 1209 1653 γὰρ
1249 1580 1313 1635 ἄν
1343 1596 1426 1643 τις
1475 1576 1770 1648 ἀναμάθοι,
1807 1650 1844 1664 Δ

1888 1592 2089 1631 rursum
2115 1590 2238 1630 cum
2270 1576 2339 1630 ab
2373 1574 2604 1642 angelis,
2643 1583 2754 1627 tum
2797 1588 2827 1625 a
2868 1572 3031 1626 nobis
3076 1572 3210 1641 ipsis
3244 1586 3461 1640 quoque

233 1650 286 1741 τί.
307 1650 405 1739 ἔστι
432 1650 638 1752 Πατὴρ,
677 1680 726 1732 εί
761 1676 835 1749 μὴ
865 1675 994 1729 Υἱὸν
1029 1650 1319 1740 ὑφεστῶτά
1349 1687 1410 1723 τε
1455 1670 1550 1723 καὶ
1580 1684 1771 1736 γεγεν-
1804 1650 1848 1708 Β

1888 1668 1930 1719 in
1970 1666 2146 1720 altero
2203 1678 2335 1719 esse
2391 1663 2750 1734 dignust-itur.
2787 1659 2937 1715 llaud
2991 1661 3134 1715 enim
3190 1662 3459 1731 quispiam

233 1781 433 1851 νημένον
486 1775 786 1839 είσδέξαιτο
830 1768 974 1825 κατά
1014 1768 1162 1822 νοῦν.
1205 1765 1344 1821 Ἀλλ’
1376 1764 1486 1819 οὐδ’
1545 1763 1611 1818 ἂν
1648 1763 1676 1816 ὅ
1722 1761 1777 1814 τί

1888 1758 2008 1828 quid
2067 1758 2137 1813 sit
2196 1756 2360 1812 Pater
2396 1755 2670 1821 didicerit,
2728 1755 2830 1809 nisi
2891 1753 3084 1811 Filium
3142 1765 3349 1819 natum,
3406 1764 3462 1810 et

234 1845 347 1927 ποτέ
373 1875 508 1925 ἐστιν
537 1871 564 1922 6
591 1866 719 1930 Υἱὸς
746 1863 1015 1936 ἀναμάθοι
1046 1861 1229 1924 πάλιν,
1259 1861 1305 1912 εί
1333 1858 1429 1929 μὴ,
1447 1858 1530 1910 ὅτι
1560 1855 1779 1908 τέτοκεν

1888 1860 2260 1920 euypostaton,
2296 1849 2400 1903 hoc
2433 1858 2516 1902 est
2563 1862 2659 1917 per
2713 1861 2772 1902 se
2822 1845 3236 1911 subsistentem,
3282 1858 3463 1902 mente

231 1969 257 2021 6
294 1964 483 2034 Πατὴρ,
519 1959 854 2030 διενθυμοῖτο
888 1953 1094 2023 σαφῶς.
1129 1950 1341 2005 Οὐκοῦν
1376 1949 1668 2016 ἀναγκαῖον
1703 1939 1782 1998 οἷ-

1888 1943 2175 2011 eoncipiat.
2212 1938 2318 1993 Sed
2351 1954 2527 2009 neque
2556 1939 2684 2008 quid
2713 1940 2783 1993 sit
2813 1939 3006 2004 Filius,
3043 1955 3260 1993 rursum
3296 1940 3462 1995 intel-

234 2058 321 2129 μαί
343 2030 554 2108 ποὺνκαὶ
580 2049 818 2120 ἀσφαλὲς
850 2049 1044 2109 εἰπεῖν,
1072 2045 1146 2105 ὡς
1174 2044 1333 2114 εἴπερ
1362 2040 1510 2093 ἐστὶν
1542 2036 1784 2107 ἀνύπαρ-

1888 2034 1972 2106 Iigi
2026 2049 2056 2087 a
2103 2046 2376 2102 quoquam
2433 2030 2781 2113 queathnisi
2817 2032 2957 2101 quod
2998 2030 3159 2086 Pater
3190 2033 3461 2107 genuerit,

231 2120 344 2213 κτος
373 2146 564 2211 ὁΥἱὸς,
612 2144 722 2197 οὐδ’
771 2142 837 2197 ἂν
874 2140 967 2194 τὸν
1023 2137 1246 2209 Πατέρα
1281 2133 1495 2204 πατέρα
1544 2130 1686 2185 κατὰ
1721 2129 1781 2182 τὸ

1888 2123 2091 2195 liquido
2120 2121 2262 2192 apud
2293 2136 2414 2199 sese
2451 2122 2767 2177 constituat.
2803 2120 3169 2191 Quamobrem
3204 2139 3463 2178 necessa-

229 2242 406 2314 ἀληθὲς
427 2240 703 2310 νοήσωμεν
728 2234 813 2289 ἄν.
847 2231 956 2288 Ποῦ
981 2230 1088 2301 γάρ
1113 2230 1229 2283 ἐστι
1271 2225 1474 2295 πατὴρ,
1509 2225 1558 2276 εί
1590 2222 1664 2294 μὴ
1696 2222 1783 2274 τέ-

1888 2216 2027 2270 rium
2060 2225 2190 2286 puto
2223 2229 2286 2269 ac
2313 2229 2565 2270 securum
2619 2214 2735 2270 lore
2777 2215 2961 2270 dicere
2991 2215 3159 2287 quod,
3207 2216 3253 2269 si
3292 2215 3466 2271 Filius

227 2304 370 2391 τοκεν
406 2304 647 2404 inn-Bibe;
698 2327 921 2401 ἢεῖπερ
957 2325 1254 2404 γεγέννηκε
1294 2319 1356 2372 τὸ
1394 2317 1471 2389 μὴ
1512 2313 1780 2385 ὑφεστὼς,

1888 2322 1990 2360 non
2027 2305 2300 2372 subsistit,
2336 2320 2512 2374 neque
2540 2304 2706 2359 Pater
2741 2319 2956 2374 quoque
2984 2320 3110 2359 vere
3141 2305 3303 2359 Pater
3335 2306 3461 2361 erit.

230 2426 354 2499 μηδὲ
395 2396 631 2495 ὑπάρχον
679 2396 834 2485 ὅλως,
875 2396 937 2471 τὸ
985 2401 1245 2486 γεννηθὲν
1284 2411 1435 2465 ἔσται
1482 2410 1543 2462 τὸ
1596 2406 1780 2478 μηδέν.

1888 2397 1988 2454 Ubi
2021 2397 2167 2452 enim
2199 2398 2305 2450 erit
2346 2407 2522 2465 pater,
2579 2396 2624 2449 si
2663 2409 2790 2451 rere.
2821 2411 2925 2451 non
2972 2398 3199 2465 genuit?
3228 2396 3465 2454 Rursum

330 2516 431 2589 γάρ
456 2487 647 2586 τοι-’μὴ
670 2510 919 2582 ὑφεστὼς
944 2550 957 2574 ,
990 2510 1048 2561 ὲν
1079 2507 1181 2576 ῐσῳ
1210 2505 1287 2575 τῷ
1321 2499 1783 2589 μηδενὶ,ῌμᾶξ.>.ον

1888 2490 1925 2544 si
1964 2490 2014 2542 id
2061 2488 2203 2556 quod
2233 2488 2440 2556 genuit,
2485 2501 2591 2541 non
2632 2487 2901 2553 subsistit,
2961 2498 3052 2542 aut
3100 2491 3322 2545 omnino
3360 2508 3464 2548 non

222 2611 276 2665 δὲ
303 2578 749 2668 παντελῶςνοὺδέν
768 2618 782 2632 ·
810 2594 929 2653 εἶτα
960 2594 1052 2651 τοῦ
1088 2593 1314 2667 μηδενὸς
1351 2590 1503 2643 ἔσται
1538 2585 1727 2657 Πατὴρ
1755 2586 1784 2638 6

1888 2578 2138 2645 exsistit,
2199 2579 2373 2647 ipsum
2447 2578 2690 2648 genitum
2762 2578 2898 2633 nihil
2960 2580 3256 2649 quidquam
3318 2584 3465 2639 erit:

222 2701 367 2764 δυάς.
1887 2670 2326 2742 quandoquidem
2365 2669 2511 2738 quod
2554 2684 2660 2723 non
2715 2669 2994 2734 subsistit,
3030 2685 3184 2741 teque
3217 2686 3278 2726 ac
3314 2673 3469 2741 nihil,

1888 2773 1978 2816 aut
2006 2761 2089 2834 (ut
2128 2762 2308 2816 verius
2352 2759 2550 2833 dicam)
2580 2760 2714 2816 nihil
2758 2770 2841 2818 est
2871 2776 3095 2833 prorsus
3121 2780 3135 2818 :
3164 2778 3295 2835 ergo
3329 2763 3473 2821 Deus

1889 2855 2071 2910 nullus
2094 2855 2255 2910 Pater
2282 2854 2409 2909 erit.

289 2961 382 3012 li'.
436 2955 573 3010 Ἀλλ’
620 2946 665 3006 ὦ
704 2950 992 3023 βέλτιστοι,
1035 2945 1202 3016 φαίην
1241 2942 1309 2996 ἂν
1342 2940 1517 3011 ἔγωγε
1552 2937 1690 3010 πρός
1721 2952 1786 3005 γε
1813 2969 1858 3027 c

1960 2946 2103 3003 XIV.
2168 2948 2367 3001 Verqu
2428 2944 2734 3014 lmjusmodi
2795 2946 3046 3002 doctores
3099 2948 3292 3003 merito
3339 2964 3474 3003 sane

215 3052 341 3112 τοὶς
369 3048 469 3102 τῶν
491 3044 746 3100 τοιούτων
797 3038 1105 3117 ἐξηγητὰς,
1134 3035 1290 3099 ὑθλος
1316 3033 1521 3094 είκαῖος
1551 3030 1619 3083 τά
1654 3028 1783 3099 παρ’

1891 3054 2120 3110 magnos
2169 3049 2466 3109 nugatores
2518 3038 2925 3108 appellaverint.
2967 3040 3180 3113 Alioqui
3237 3056 3474 3112 percon-

215 3141 389 3213 ὑμῶν.
417 3140 486 3192 Ἦ
519 3136 650 3207 γοῦν
681 3135 928 3206 ἐρομένῳ
973 3129 1207 3203 φράζετε
1228 3167 1243 3190 ,
1280 3125 1396 3188 πῶς
1442 3122 1718 3213 ἐξαίρετος
1744 3119 1786 3213 φή
1818 3148 1825 3153 -

1888 3132 2036 3187 canti
2072 3131 2227 3184 mihi
2261 3130 2605 3201 respondete,
2637 3145 2941 3204 ecquonam
2977 3143 3133 3201 pacto
3163 3132 3254 3187 Dei
3288 3144 3343 3188 et
3374 3133 3475 3187 Pa-

209 3211 296 3298 είς
327 3233 468 3304 ἡμᾶς
494 3231 771 3299 ἀγάπησις
797 3225 891 3279 τοῦ
915 3223 1048 3277 Θεοῦ
1079 3220 1173 3275 καὶ
1221 3216 1453 3289 Πατρός.
1487 3216 1595 3268 Καὶ
1622 3216 1670 3267 εί
1698 3211 1785 3265 δέ·

1892 3224 1991 3276 tris
2015 3237 2141 3293 erga
2175 3238 2273 3277 uos
2324 3223 2539 3277 dilectio
2564 3222 2764 3277 eximia
2793 3224 3086 3278 exstiterit.
3120 3223 3253 3277 Nam
3305 3225 3351 3280 si
3382 3224 3474 3279 Fi-

180 3325 387 3378 ’δωκεν
409 3320 546 3389 ὑπὲρ
579 3317 735 3389 ἡμῶν
775 3314 866 3367 τὸν
905 3312 1054 3371 Υἱὺν.
1086 3310 1177 3362 τὸν
1207 3308 1326 3362 καθ’
1371 3307 1514 3376 ὑμᾶς
1561 3305 1661 3375 οὐχ
1690 3305 1787 3371 ὑφ-

1893 3313 2043 3380 lium,
2111 3315 2203 3383 qni
2242 3323 2429 3374 vestra
2470 3313 2740 3368 sententia
2787 3328 2894 3368 non
2931 3314 3214 3379 subsistit,
3249 3329 3346 3385 pro
3380 3331 3477 3371 no-

206 3410 499 3483 εστηκότα,
545 3408 606 3460 τὺ
642 3404 809 3476 μηδὲν
855 3403 961 3473 ἀρα
1005 3401 1237 3453 δέδωκεν
1269 3398 1410 3468 ὑπὲρ
1456 3394 1635 3466 ἡμῶν.
1680 3393 1791 3446 Καὶ

1892 3405 1976 3461 bis
2006 3407 2254 3471 tradidit,
2291 3405 2425 3459 nihil
2461 3406 2647 3474 utique
2673 3405 2897 3461 omnino
2942 3406 3113 3461 nostri
3147 3421 3312 3460 causa
3364 3417 3477 3462 tra-

203 3506 337 3561 οὑαε
369 3503 505 3574 σὰρξ
532 3502 560 3554 6
586 3500 756 3567 Λόγος
786 3497 1031 3565 γέγονεν,
1062 3491 1188 3545 οὔτε
1236 3491 1329 3543 τὸν
1363 3490 1544 3559 τίμιον
1566 3484 1789 3553 ⁸ὑπέστη

1893 3500 2051 3554 didit.
2087 3497 2193 3553 Sed
2228 3513 2404 3568 neque
2451 3497 2687 3552 Verbum
2718 3512 2935 3568 quoque
2968 3497 3169 3567 factum
3202 3508 3290 3553 est
3323 3515 3475 3568 caro,

206 3597 473 3669 σταυρὸν,
508 3592 634 3648 οὔτε
665 3593 985 3660 κατήργηκε
1031 3583 1128 3638 τοῦ
1177 3582 1410 3636 θανάτου
1464 3579 1525 3632 τὸ
1567 3579 1788 3647 κράτος,

1895 3604 2073 3658 neque
2098 3590 2396 3658 pretiosam
2425 3588 2526 3659 13
2549 3604 2768 3643 crucem
2798 3588 3082 3656 sustinuit,
3113 3592 3295 3661 neque"
3322 3607 3475 3645 mor-

198 3691 337 3749 οὑτε
360 3667 475 3760 μὴν
499 3685 761 3741 ἀνεϐίωσε
792 3681 973 3736 πάλιν.
1006 3678 1066 3731 Εί
1099 3676 1210 3745 γάρ
1251 3676 1364 3727 ἐστι
1396 3671 1458 3760 τό
1502 3670 1668 3760 μηδὲν
1698 3667 1792 3760 καῖ

1898 3683 1964 3736 tis
1994 3683 2280 3751 imperium
2320 3681 2543 3745 delevit,
2578 3695 2754 3750 neque
2802 3681 2854 3735 iu
2899 3682 3089 3745 vitam,
3116 3698 3277 3753 quam
3311 3683 3480 3752 depo-

196 3781 583 3850 ἀνύπαρκτος,
624 3773 747 3828 καθ’
779 3770 923 3840 ὑμᾶς
945 3808 960 3832 ,
986 3766 1102 3832 πῶς
1156 3764 1213 3817 ἐν
1253 3778 1316 3829 γε
1347 3758 1559 3819 τούτοις
1596 3754 1792 3850 γένοιτ’

1895 3783 2100 3838 snerat,
2137 3774 2315 3827 denuo
2348 3788 2626 3827 reversum
2674 3782 2777 3828 est.
2814 3771 2949 3827 Nam
2985 3773 3054 3836 si,
3096 3784 3151 3826 nt
3181 3788 3274 3827 vos
3303 3789 3477 3844 nuga-

192 3873 311 3937 ἇν;
348 3843 722 3936 Πεφενάκικεν
765 3847 857 3913 οὖν
890 3858 998 3929 ἄρα
1033 3857 1132 3926 τῆς
1184 3850 1344 3920 ἀγίας
1385 3846 1609 3919 Γραφῆς
1645 3847 1673 3898 6
1707 3843 1795 3937 λός

1896 3865 2049 3930 mini,
2082 3864 2215 3918 nihil
2243 3872 2348 3926 est,
2387 3880 2561 3930 neque
2617 3865 2669 3918 in
2720 3880 2901 3919 rerum
2950 3875 3140 3918 natura
3190 3865 3477 3931 subsistit;

191 3981 306 4036 γος
338 3962 470 4024 τοὺς
499 3954 956 4015 πεπιστευκότας,
990 3949 1086 4002 καὶ
1121 3948 1155 4017 ἠ
1180 3945 1278 4014 τῆς
1318 3943 1553 4036 πίστεως
1580 3936 1793 4036 ἑδραιόᾷ⁸

1896 3971 2004 4025 quo
2042 3967 2198 4027 pacto
2248 3958 2359 4010 ha‘c
2402 3957 2454 4010 in
2504 3956 2650 4008 illttm
2695 3956 3066 4010 conveniunt?
3102 3955 3308 4010 Ditiua:
3349 3971 3480 4036 ergo

188 4026 309 4128 ἑηξ
362 4056 577 4123 οἴχεται
610 4048 747 4121 πρὸς
792 4046 854 4099 τὺ
903 4042 1090 4112 μηδέν.
1136 4039 1200 4091 Τί
1231 4037 1321 4102 δέ;
1382 4033 1483 4091 οὑκ
1516 4034 1574 4085 ὲν
1610 4029 1792 4128 μορφῇ

1898 4026 2193 4120 Scriptura:
2230 4050 2315 4105 his
2344 4049 2447 4119 qui.
2469 4048 2818 4104 crediderunt
2862 4048 3192 4116 imposuere,
3249 4026 3481 4119 lideique

187 4125 349 4203 Θεοῦ
383 4144 653 4213 ὑπάρχειν
684 4139 775 4191 τὸν
804 4136 954 4199 Υίὸν,
995 4132 1057 4186 τὸ
1088 4131 1231 4205 ἱερὸν
1271 4129 1408 4223 ἡμῖν
1449 4125 1796 4223 κατεσήμανε

1898 4143 2131 4197 ilrmitas
2170 4146 2386 4196 redacta
2414 4150 2498 4196 est
2544 4141 2597 4195 in
2635 4139 2891 4194 nihilum.
2933 4142 3129 4197 Annon
3168 4157 3340 4195 sacra:
3367 4139 3482 4196 Lit-

182 4237 483 4309 Γράμμα,
524 4231 709 4285 είκόνα
747 4245 808 4280 τε
838 4225 999 4279 αὑτὸν
1035 4221 1130 4275 καὶ
1162 4215 1491 4290 χαρακτῆρά
1533 4231 1666 4309 φησι
1698 4215 1794 4266 τοῦ

1900 4244 2030 4289 terte
2055 4232 2252 4288 Filium
2296 4233 2347 4286 in
2382 4233 2554 4287 forma
2608 4231 2702 4286 Dei
2751 4245 2871 4287 esse
2912 4246 3010 4287 nos
3056 4233 3253 4288 docent
3294 4232 3386 4288 “?
3414 4250 3480 4289 an

181 4308 654 4397 Γετεννηκότος;
683 4320 876 4374 Καίτοι
910 4316 1028 4379 πῶς
1062 4311 1222 4366 τοῦτό
1258 4311 1406 4362 ἐστιν
1451 4309 1551 4378 οὑχ
1592 4308 1797 4361 ἅπασιν
1828 4312 1863 4368 ι]

1904 4339 2009 4379 non
2034 4323 2311 4379 Genitdris
2344 4323 2637 4394 imaginem
2678 4333 2730 4377 et
2765 4322 3135 4378 characterem
3188 4322 3337 4378 illurn
3386 4342 3477 4394 ap-

178 4416 473 4488 ὲναργὲς,
520 4404 681 4468 αἵδε
724 4408 951 4472 είκόνες,
998 4405 1074 4469 ὡς
1103 4403 1171 4456 τὰ
1216 4401 1530 4473 ἀρχέτυπα;
1558 4398 1640 4452 δεῖ
1668 4398 1798 4468 γὰρ,

1901 4414 2170 4488 pellant”
2193 4416 2217 4469 ?
2243 4415 2308 4469 At
2343 4415 2429 4470 cui
2466 4413 2689 4471 dubium
2721 4429 2842 4470 esse
2897 4424 3075 4485 potest
3118 4417 3378 4488 imagines
3407 4418 3482 4472 ita

172 4510 387 4571 .τῦτως
436 4507 609 4569 αὑτὰς
652 4504 748 4557 καὶ
784 4501 884 4571 οὐχ
929 4499 1132 4569 ἑτέρως
1166 4495 1329 4567 ἔχειν.
1363 4492 1595 4555 Οὐκοῦν,
1643 4492 1692 4544 εί
1724 4491 1801 4561 μὴ

1903 4522 1999 4578 per
2037 4507 2218 4564 omnia
2254 4506 2477 4564 ail‘ectas
2500 4523 2622 4563 esse
2652 4521 2927 4579 oportere,
2962 4509 3099 4564 sicut
3138 4510 3249 4581 ipsa
3286 4521 3484 4580 proto-

164 4600 587 4661 ἐνυπόστατος
637 4598 671 4667 ή
706 4592 893 4656 είκὼν,
947 4592 1085 4662 μήτε
1134 4589 1239 4661 μὴν
1278 4590 1336 4641 ὲν
1365 4584 1598 4656 ὑπάρξει
1631 4586 1804 4638 νοοῖτο

1904 4601 2076 4672 typa?
2112 4601 2185 4656 ita
2213 4603 2385 4667 enim,
2420 4617 2521 4657 nec
2550 4601 2710 4657 aliter
2760 4617 2982 4657 necesse
3014 4613 3097 4658 est
3128 4604 3247 4659 illas
3276 4584 3334 4660 se
3380 4606 3479 4658 ha-

156 4697 257 4766 τῇ
290 4691 429 4746 καθ’
458 4689 651 4743 ἑαυτὸν
696 4690 725 4742 6
750 4685 1040 4757 χαρακτήρ
1061 4700 1077 4713 ·
1118 4680 1490 4737 ἀνυπόστατον
1530 4675 1670 4731 εἶναι
1700 4675 1803 4729 δὼ-

1903 4692 2055 4749 berc.
2094 4694 2149 4748 Si
2187 4709 2315 4764 ergo
2345 4695 2524 4762 imago
2558 4710 2662 4747 non
2690 4694 2963 4759 subsistit,
2991 4710 3165 4763 neque
3199 4699 3486 4751 character

162 4801 433 4849 σουσιν,
476 4781 552 4846 ὼς
589 4780 649 4847 ἐξ
684 4778 986 4847 ἀναγκαίου
1021 4775 1201 4843 λόγου,
1230 4773 1326 4826 καὶ
1362 4772 1453 4825 τὸν
1483 4766 1655 4839 οὗπέρ
1688 4771 1803 4822 ἐστι

1910 4800 2095 4855 perse
2133 4786 2384 4849 exsistit;
2422 4798 2475 4838 et
2508 4785 2653 4839 illum
2685 4785 2860 4853 ipsum
2895 4800 3131 4855 quoque,
3165 4786 3317 4857 cujus
3343 4788 3482 4842 inta-

146 4876 536 4954 χοιρακτὴρ,
566 4872 743 4927 καὶ-τὸ
771 4872 870 4943 τῆς
900 4869 1107 4932 εἰκόνος
1139 4865 1371 4929 ἀκαλλὲς
1406 4864 1802 4942 ἀναδραμεῖται

1908 4889 1976 4944 go
2012 4875 2093 4929 vel
2145 4876 2434 4928 character
2478 4884 2584 4939 est,
2644 4891 2748 4929 non
2798 4878 3099 4932 subsistere
3142 4889 3396 4948 oportet:
3437 4882 3482 4936 si

136 4954 440 5031 αὲάντως
464 4966 560 5019 ἐπὶ
588 4965 647 5019 τὸ
677 4963 1008 5035 ἀρχέτυπον.

1907 4965 2124 5035 quidem
2159 4963 2410 5032 imaginis
2445 4965 2632 5019 ritinm
2664 4967 2718 5021 in
2758 4967 2934 5038 ipsum
2985 4969 3337 5041 archetypum
3373 4987 3487 5028 om-

1907 5058 2037 5113 nino
2068 5057 2354 5111 redundat.
2579 5127 2583 5131 ‘

252 5145 384 5200 lE’.
433 5137 578 5197 Εἶτα
626 5140 749 5195 εἱπέ
801 5157 890 5211 μοι
919 5176 935 5202 ,
986 5135 1255 5198 Φίλιππος
1305 5133 1678 5207 χριστομαθὴς
1727 5134 1806 5189 ὣν

1977 5145 2098 5201 XV.
2123 5146 2394 5203 Praeterea
2427 5147 2535 5213 dic,
2570 5150 2784 5212 amabo.
2821 5165 2943 5206 cum
2976 5148 3254 5222 Philippus
3282 5153 3484 5212 Christi

114 5249 371 5310 ἀγαν,
423 5237 527 5290 τὸν
573 5234 707 5289 ὄντα
761 5235 855 5288 καὶ
898 5227 1244 5301 ὑφεστηκότα
1292 5229 1513 5300 Πατέρα
1563 5227 1805 5283 κατιδεῖν

1908 5239 2227 5309 discipulus,
2260 5237 2462 5305 Patris,
2495 5241 2585 5310 qui
2631 5250 2793 5296 estet
2821 5242 3093 5308 subsistit,
3123 5246 3336 5303 videndi
3364 5265 3487 5317 per-

110 5339 175 5402 i;
196 5331 391 5396 ξίου,
428 5328 612 5396 λέγων
636 5342 649 5355 ·
689 5343 707 5377 ι
736 5325 933 5396 Κύριε,
962 5322 1132 5389 δεῖξον
1162 5323 1292 5391 ἡμῖν
1314 5318 1405 5375 τὸν
1439 5321 1679 5392 Πατέρα,
1710 5323 1805 5376 καὶ

1909 5330 2138 5400 cupidus
2165 5331 2343 5385 aiebat
2375 5346 2388 5383 :
2427 5348 2445 5381 ι
2478 5330 2725 5397 Domine,
2764 5336 2992 5392 ostende
3037 5338 3194 5394 nobis
3247 5339 3484 5404 Patrem,

102 5422 367 5494 ἀρκεῖ
409 5420 590 5489 ﬂgiti;
622 5436 639 5468 ι
692 5415 726 5482 ἢ
776 5414 906 5484 γοῦν
952 5414 1044 5467 τὸν
1085 5412 1185 5466 οὑκ
1223 5412 1352 5466 ὅντα
1384 5413 1477 5465 καὶ
1506 5413 1806 5466 ἀνυπόστα-

1907 5432 1962 5475 et
1991 5421 2184 5477 sullicit
2214 5421 2371 5477 nobis
2390 5420 2470 5489 “;
2505 5442 2523 5475 ι
2559 5422 2821 5492 ejusmodi
2854 5432 3100 5485 contueri
3142 5432 3375 5499 volebat,
3399 5437 3487 5501 qui
3578 5476 3583 5481 ι

98 5532 153 5566 τ
172 5528 271 5562 ον
293 5527 313 5573 ;
359 5502 734 5577 ’Λ).ὶ,⁹,οἷμαι,
761 5506 895 5577 φαίη
915 5520 996 5567 τις
1018 5504 1083 5557 ἂν
1098 5534 1099 5537 η
1116 5503 1389 5574 μελλήσας
1417 5503 1588 5567 οὐδὲν,
1607 5504 1689 5556 ὅτι
1713 5506 1802 5557 τὸν

1912 5529 2085 5585 neque
2117 5514 2425 5582 exsisteret,
2462 5533 2636 5589 neque
2683 5520 3041 5577 srbsistcrct?
3070 5524 3204 5582 Puto
3234 5541 3363 5581 sane
3397 5544 3491 5581 ne-

250 5649 311 5678 “
372 5646 629 5717 l‘lnlipp.
665 5662 721 5716 ιι,
756 5646 808 5698 6.
889 5645 931 5675 ³³
974 5643 1136 5697 llehr.
1170 5658 1222 5706 tl,
1262 5644 1310 5695 3.
1394 5644 1436 5675 “
1475 5641 1632 5698 Joan.
1669 5662 1780 5716 xw,
1811 5649 1863 5701 8.
