3912 6182
460 147 478 199 1
499 151 558 199 Ῐῦ
569 150 594 197 κ)

1436 158 1492 197 ὲν.
1537 143 1808 198 cum.“
1853 142 2320 222 ALEXANDRINI
2361 141 2679 197 AllClllliP.

3571 145 3711 199 1Ἰῖίῖ

453 261 655 314 minem
716 255 977 322 futurum,
1027 271 1120 326 qut
1185 270 1289 310 nan
1350 257 1616 328 intrepide
1687 259 2026 328 respondeat,

2133 259 2261 312 ὄντα
2295 277 2353 311 τε
2390 260 2484 312 καὶ
2520 257 2882 328 ύφεστηκότα.
2919 257 3090 327 Εἴπερ
3133 251 3225 309 οὖν
3256 256 3372 309 ἐστι
3400 256 3459 309 τὸ
3491 259 3659 328 μηδὲν
3689 264 3716 314 ό
3773 292 3782 300 ·

455 353 600 406 illum
628 352 808 405 videre
834 349 1174 405 desiderasse
1217 348 1308 418 qui
1353 351 1643 405 exsisteret
1683 362 1733 404 et
1770 351 2034 407 subsislev

453 453 556 499 ret.
611 442 667 497 Si
713 457 864 508 ergo,
906 442 1058 512 juxta
1088 440 1402 496 effrenatam
1455 441 1668 495 illorum
1727 444 2030 507 audaciam,

455 534 627 590 Filius
680 534 812 588 niltil
870 543 1058 597 est,ut
1119 534 1210 603 qui
1255 548 1356 587 nou
1396 534 1691 600 subsistat;
1729 550 1827 588 cur
1871 535 2034 605 igitur

453 643 550 698 per
581 641 638 680 se
693 625 887 695 ipsum,
919 633 977 678 ut
1019 624 1333 692 imaginem,
1370 625 1434 676 ad
1491 624 1669 678 Patris
1699 626 2028 695 agnitionem

454 719 723 772 adducere
755 732 852 770 nos
907 715 1120 770 voluit?
1172 716 1262 768 Ait
1292 716 1433 769 enim
1470 733 1483 769 :
1520 733 1555 764 σ-
1581 715 1758 770 Tanto
1793 727 2032 786 tempore

453 809 734 863 vobiscum
763 823 906 873 sum,
941 817 1125 861 etnon
1159 808 1456 878 cognovisti
1493 824 1598 871 ine,
1634 807 1915 878 Philippe?
1942 809 2030 877 qui

452 900 596 954 videt
636 913 740 966 me,
775 900 920 953 videt
952 907 1005 951 et
1035 898 1268 952 Patrem.
1301 898 1416 952 Non
1453 900 1653 964 credis,
1691 899 1815 968 quia
1845 915 1945 970 ego
1979 900 2030 954 in

455 991 635 1059 Patre,
670 1003 724 1046 et
771 990 930 1045 Pater
964 991 1016 1046 in
1074 1006 1159 1044 me
1190 1002 1271 1046 cst
1298 991 1382 1044 “?
1418 992 1528 1061 Ego
1559 1002 1614 1058 et
1657 991 1820 1047 Pater
1865 1009 2028 1047 ιιιιιιηι

454 1102 641 1140 smnus
661 1085 730 1138 ⁸⁸.
767 1104 784 1137 ι
817 1083 958 1150 Jam,
991 1094 1047 1137 ut
1072 1099 1170 1152 ego
1196 1083 1407 1152 opinor,
1447 1099 1605 1138 nemo
1630 1098 1750 1137 enm
1779 1085 1866 1154 qui
1899 1086 2030 1139 sub-

451 1179 616 1242 sistit,
635 1177 686 1231 iu
713 1193 776 1232 eo
794 1178 885 1246 qui
905 1193 1008 1232 non
1029 1177 1292 1241 subsistit,
1319 1179 1497 1230 videre
1515 1188 1696 1253 queat.
1719 1176 1825 1232 Nec
1849 1178 2027 1246 aliqua

454 1285 668 1323 rursum
703 1268 911 1323 ratione
967 1269 1192 1337 intelligi
1253 1277 1449 1337 potest,
1475 1269 1744 1337 quomodo
1787 1269 1924 1322 idem
1959 1270 2031 1323 sit

449 1375 545 1430 per
566 1360 767 1424 omnia,
791 1361 932 1428 quod
962 1375 1068 1414 non
1105 1360 1342 1421 exsistit,
1377 1375 1496 1412 cum
1533 1375 1597 1414 eo
1626 1360 1769 1428 quod
1788 1361 2023 1416 exsistit.

449 1453 730 1520 Quomodo
761 1467 890 1507 vero
921 1451 1079 1506 Pater
1103 1453 1209 1507 erit
1241 1453 1292 1506 iu
1324 1450 1478 1514 Filio,
1511 1462 1566 1506 et
1589 1452 1757 1508 Filius
1785 1454 2024 1509 vicissim

453 1543 506 1596 in
553 1540 758 1596 Patre?
793 1541 987 1594 Annon
1037 1541 1366 1612 respondere
1416 1540 1468 1594 in
1535 1551 1785 1610 promptu
1835 1553 1940 1607 est,
1977 1541 2022 1596 si

2139 351 2286 413 Υἱὸς,
2322 351 2416 404 ᾶτε
2473 350 2536 418 δὴ
2586 349 2660 419 μὴ
2711 347 3055 418 ὑφεστηκὼς,
3102 347 3247 402 κατᾶ
3280 364 3344 414 γε
3389 346 3449 400 τὸ
3489 349 3717 404 ἐκείνων

2136 442 2388 512 ἀχάλινον
2434 441 2654 513 Θράσοςο
2685 443 2766 503 είς
2809 442 2992 494 εἰκόνα
3023 441 3119 494 καὶ
3151 441 3354 509 γνῶσιν
3383 441 3586 512 ἀκριϐῆ
3621 439 3714 496 τοῦ

2134 533 2347 603 Πατρὸς
2392 532 2582 584 ἑαυτὸν
2632 534 2763 602 ἡμῖν
2811 531 3039 584 ἀνῡότου
3093 531 3456 603 παρεκόμιζε,
3501 533 3710 601 λέγων’

2139 643 2156 675 ι
2187 623 2452 677 Τοσοῦτον
2479 623 2671 694 χρόνον
2704 623 2824 692 μεθ’
2851 623 3008 695 ὑμῶν
3047 625 3183 693 εἰμι,
3210 625 3308 676 καὶ
3341 625 3442 678 ούκ
3470 623 3716 693 ἔγνωκάς

2135 733 2225 786 με,
2253 713 2512 781 Φίλιππε;
2548 717 2577 769 6
2605 715 2866 788 ἑωρακὼς
2905 717 3028 786 ἐμὲ,
3061 703 3276 786 ἑώρακε
3321 715 3418 769 καὶ
3468 716 3558 768 τὸν
3606 719 3717 770 Πα-

2133 807 2288 877 τέρα.
2311 807 2401 877 .ού
2429 807 2728 870 πιστεύεις,
2758 808 2842 860 ὃτι
2873 807 2984 876 ἐγὼ
3013 808 3070 860 ὲν
3101 807 3180 879 τῷ
3224 809 3401 878 Harp!
3425 809 3521 862 καὶ
3542 812 3572 862 6
3599 811 3718 862 II:-

2131 898 2235 969 τὴρ
2283 899 2342 951 ὲν
2391 898 2514 968 ἐμοί
2545 900 2729 964 ὲστινς
2773 897 2914 966 Ἐγὼ
2942 899 3036 952 καὶ
3063 899 3091 952 6
3121 900 3311 970 Πατὴρ
3337 901 3398 952 ’ἐν
3429 901 3599 971 ἐσμεν
3632 920 3647 966 ;
3693 921 3711 953 ι

2146 990 2284 1043 Ἀλλ’
2313 991 2414 1043 οὑκ
2433 989 2519 1053 ἂν,
2547 986 2702 1058 οἶμαί
2726 1007 2852 1054 που,
2871 990 2960 1042 τὸν
2978 990 3322 1060 ὑφεστηκότα
3348 990 3716 1061 καταθρῆσειέ

2129 1096 2216 1140 τις
2253 1078 2309 1130 ἓν
2342 1095 2406 1146 γε
2446 1078 2523 1148 τῷ
2555 1078 2630 1148 μὴ
2661 1078 3026 1146 ὑψεστηκότιο
3061 1077 3170 1130 οὐδ’
3211 1078 3277 1131 ἂν
3313 1079 3545 1132 ὲννοοίτό
3581 1095 3716 1132 ποτε

2131 1169 2226 1221 καὶ
2257 1169 2453 1221 ταυτὸν
2481 1169 2560 1231 εἰς
2596 1168 2742 1221 ἅπαν
2772 1167 2867 1238 τῷ,
2895 1168 2969 1238 μὴ
3017 1168 3317 1238 ὑπάρχοντι
3344 1169 3404 1222 τδ
3439 1170 3710 1239 ὑπάρχον.

2134 1261 2326 1312 Ἔσται
2357 1259 2414 1312 δὲ
2442 1259 2592 1320 ὅπως
2625 1259 2684 1311 ὲν
2714 1256 2828 1328 ms
2862 1258 2958 1326 μὲν
2988 1259 3016 1310 6
3046 1259 3258 1328 Πατὴρ,
3283 1259 3312 1311 6
3343 1238 3471 1320 Υιδξ
3495 1258 3540 1310 δ’
3562 1238 3629 1311 αὖ
3655 1261 3714 1310 ἐν

2127 1351 2203 1421 τῷ
2234 1350 2438 1420 Πατρί;
2475 1351 2545 1402 Ἢ
2579 1349 2677 1418 ούχ
2719 1349 2940 1418 ἕτοιμον
2972 1350 3168 1415 εἰπεῖν,
3200 1349 3276 1412 ὡς
3307 1351 3354 1402 εί
3394 1350 3468 1419 μή
3501 1351 3644 1402 ἐστιν
3685 1349 3717 1399 6

2127 1443 2298 1510 Λόγος
2342 1441 2398 1493 ὲν
2437 1439 2668 1510 ὑπάρξει
2697 1442 2762 1510 τῇ
2795 1439 2919 1492 καθ’
2948 1439 3159 1505 ἑαυτὸν,
3199 1439 3599 1493 κινδυνεύσειεν
3643 1441 3715 1494 ἂν

2127 1534 2222 1586 καὶ
2267 1531 2428 1594 αὐτὸς
2471 1533 2500 1584 6
2548 1532 2759 1602 Πατὴρ,
2789 1531 2930 1601 ἔχων
2971 1531 3071 1602 μὲν
3116 1533 3174 1584 ὲν
3219 1532 3398 1602 ἑαυτῷ
3430 1531 3492 1585 τὸ
3519 1532 3715 1601 μηδὲν,

457 1630 686 1686 Verbum
717 1632 932 1700 propria
957 1630 1302 1686 subsistentia
1327 1631 1657 1696 destituitur,
1685 1633 1858 1702 ipsum
1891 1647 2024 1700 quo-

2129 1623 2415 1694 νοούμενος
2439 1622 2790 1692 δὲηύτάρχειν
2824 1623 2882 1674 ἐν
2915 1621 2993 1692 τῷ
3024 1622 3241 1692 μηδενὶς
3275 1623 3348 1675 Τὸ
3375 1623 3484 1692 γὰρ
3519 1625 3616 1677 οὐκ
3650 1626 3716 1677 ’ὸν

449 1738 558 1795 que
595 1721 809 1778 Patrem
864 1723 915 1776 in
947 1723 1237 1778 discrimen
1285 1723 1577 1778 adductum
1627 1723 1716 1790 iri,
1754 1732 1812 1778 ut
1843 1724 1933 1795 qui
1973 1724 2024 1779 id

452 1816 504 1869 in
533 1830 590 1870 se
621 1815 813 1870 babeat
837 1814 982 1884 quod
1024 1815 1156 1872 nibil
1187 1825 1291 1880 est,
1325 1825 1486 1885 atque
1514 1817 1584 1887 ita
1611 1817 1662 1870 in
1688 1815 1834 1870 nullo
1855 1825 2024 1888 “pror-

451 1921 544 1961 sus
587 1920 708 1960 esse
763 1905 1132 1974 intelligatur?
1156 1904 1289 1959 Nam
1326 1907 1467 1976 quod
1502 1908 1724 1962 omnino
1759 1921 1862 1961 non
1917 1915 2019 1972 est,

452 1995 504 2048 id
539 1995 806 2050 nibilesse
833 1995 1055 2064 intelligi
1084 1997 1260 2052 debet.
1289 1996 1426 2052 Sunt
1462 2013 1594 2054 sane
1627 1998 1813 2053 istbaec
1844 1999 2022 2070 omnia

447 2087 844 2157 Spinosissima,
900 2089 1191 2158 multisque
1237 2099 1291 2144 et
1338 2092 1548 2158 magnis
1603 2090 2024 2146 absurditatibus

451 2178 628 2246 plena.
665 2176 862 2231 Verum
913 2177 1345 2233 adversariorum
1385 2169 1579 2250 dogma
1613 2179 1664 2234 in
1704 2183 1883 2234 omnia
1911 2182 2024 2235 bmc

449 2271 681 2322 absurda
737 2278 914 2338 urget.
979 2267 1108 2324 Jure
1174 2286 1306 2325 sane
1364 2272 1666 2342 meritoque
1722 2272 2025 2328 admiretur

447 2362 739 2432 quispiam,
768 2377 874 2433 qua
924 2365 1136 2419 ratione
1189 2363 1350 2418 Pater
1383 2366 1563 2418 omnia
1603 2380 1724 2436 qua:
1759 2367 1811 2421 in
1841 2381 2020 2422 rerum

451 2455 551 2506 bac
586 2454 936 2509 universitate
976 2465 1294 2524 cernuntur,
1329 2472 1424 2525 per
1451 2454 1647 2510 Filium
1689 2458 2022 2523 condiderit,

446 2542 492 2593 si
552 2542 750 2596 nullam
812 2542 900 2597 ille
981 2559 1214 2613 unquam
1275 2545 1495 2599 sortitus
1556 2557 1640 2600 est
1695 2547 2024 2618 bypostasin.

453 2628 558 2704 14
586 2633 736 2699 Quod
769 2633 814 2688 si
843 2633 966 2704 quis
1001 2635 1382 2704 interrogetur,
1417 2649 1594 2690 utrum
1634 2638 1701 2692 iis
1735 2653 1856 2707 quae
1877 2647 2024 2705 sunt,

449 2738 568 2777 esse
592 2723 655 2777 sit
682 2725 901 2792 bonum,
921 2740 989 2780 an
1023 2723 1163 2780 forte
1191 2742 1297 2781 non
1319 2742 1458 2792 esse,
1487 2731 1666 2782 statim
1697 2723 1835 2783 liand
1867 2729 2027 2785 dubie

452 2816 798 2884 respondebit
846 2818 1018 2872 satius
1062 2833 1184 2874 esse
1212 2819 1473 2874 exsistere
1539 2835 1701 2888 quam
1747 2836 1850 2875 non
1885 2821 2028 2875 exsi-

450 2917 617 2972 stere,
637 2908 776 2962 unde
803 2909 983 2978 epifex
1008 2909 1097 2965 ille
1135 2926 1342 2976 rerum,
1365 2913 1454 2982 qui
1483 2912 1587 2968 illis
1602 2928 1720 2982 quae
1739 2913 2024 2984 aliquando

2127 1716 2284 1780 ὅλως,
2315 1715 2466 1767 οὐδὲν
2499 1714 2564 1768 ἂν
2591 1717 2762 1767 νοοῖτο
2796 1713 3004 1768 λοιπόν.
3037 1715 3147 1767 Καὶ
3193 1715 3294 1768 οὑκ
3327 1715 3568 1786 ἂτραχυς
3603 1717 3714 1785 μὲν

2125 1810 2154 1862 6
2183 1807 2338 1876 λόγος
2358 1821 2370 1834 ·
2413 1805 2671 1876 πλείστην
2696 1804 2804 1876 γὰρ
2832 1805 2964 1874 ὅσην
3015 1805 3071 1858 ἐν
3121 1806 3298 1876 ἑαυτῷ
3329 1807 3430 1877 τὴν
3476 1808 3718 1861 ἀτοπίαν

2125 1904 2293 1954 νοσεῖ’
2331 1897 2676 1969 περιίστησιν
2717 1893 2809 1950 οὖν
2857 1897 3006 1968 ὅμως
3039 1899 3118 1960 εἰς
3148 1896 3207 1951 1:6
3240 1898 3450 1968 ἀπηχὲς
3487 1899 3716 1951 τῶν-δι’

2125 1990 2373 2052 ἐναντίας
2405 1989 2467 2042 τὸ
2498 1989 2694 2058 δόγμα.
2727 1987 3112 2058 Κατατεοήποι
3144 1988 3188 2041 δ’
3219 1989 3284 2044 ἄν
3325 2006 3410 2053 τις
3455 1990 3714 2053 εἰκότως,

2125 2083 2246 2136 τίνα
2274 2079 2338 2151 δὴ
2369 2080 2569 2154 τρόπον
2617 2081 2676 2132 ὲν
2711 2077 2788 2148 τῷ
2816 2077 2928 2148 Υἱῷ
2960 2077 3038 2148 τῷ
3085 2077 3161 2148 μὴ
3193 2077 3411 2149 λαχόντι
3450 2078 3514 2132 τὸ
3542 2074 3714 2143 εἶναι,

2124 2173 2195 2228 τὰ
2241 2173 2368 2228 ὄντα
2417 2171 2717 2242 πεποίηκεν
2763 2171 2792 2222 6
2841 2171 3051 2240 Πατήρ.
3097 2169 3158 2222 Ei
3191 2169 3249 2222 δὲ
3286 2169 3349 2241 δή
3385 2187 3468 2234 τις
3500 2170 3714 2241 ἔροιτο,

2126 2266 2331 2336 πότερα
2359 2267 2470 2327 τοῖς
2505 2259 2625 2316 οὖσι
2651 2261 2712 2315 τὸ
2743 2258 2880 2315 εἶναι
2903 2261 3087 2324 καλὸν,
3122 2259 3154 2331 ἢ
3189 2260 3322 2328 γοῦν
3359 2261 3420 2315 τὸ
3452 2261 3528 2332 μὴ
3562 2257 3716 2316 εἶναι

2124 2359 2323 2428 τυχόνο
2355 2356 2491 2426 φαίη
2535 2373 2621 2420 τις
2657 2355 2722 2408 ἂν
2750 2350 2937 2417 εὐθὺς,
2973 2354 3054 2406 ὅτι
3085 2354 3146 2405 τὸ
3182 2348 3339 2406 εἶναι.
3357 2352 3417 2406 '0
3444 2352 3552 2424 γὰρ
3588 2355 3721 2416 τοῖς

2125 2451 2226 2503 οὐκ
2271 2445 2388 2502 οὖσί
2435 2465 2564 2500 ποτε
2615 2447 2675 2501 τὸ
2721 2441 2861 2500 εἶναι
2910 2445 3056 2509 δοὺς,
3088 2443 3294 2512 ἀγαθὸς
3335 2445 3420 2498 ὅτι
3469 2445 3718 2515 μάλιστα

2127 2539 2501 2612 κεχρημάτικέ
2551 2555 2610 2592 τε
2642 2540 2736 2592 καὶ
2781 2537 2927 2590 ἐστιν
2975 2539 3003 2590 6
3045 2537 3420 2608 Δημιουργόςο
3452 2537 3564 2607 ἔχοι
3598 2537 3722 2608 γὰρ

2128 2635 2196 2688 ἂν
2238 2628 2341 2688 ὧδε
2372 2633 2435 2686 τὸ
2464 2633 2656 2704 χρῆμα
2684 2635 2752 2704 τῇ
2779 2633 2959 2702 φύσει.
2991 2631 3201 2685 Οὐκοῦν
3244 2634 3300 2685 ὲν
3341 2632 3630 2701 ἀμείνοσιν
3684 2635 3722 2702 ἡ

2126 2725 2319 2788 κτίσις,
2350 2725 2492 2794 ἤπερ
2520 2725 2548 2777 6
2573 2723 2641 2776 δι’
2664 2718 2726 2777 οὗ
2753 2724 2824 2776 τὰ
2850 2724 3029 2776 πάντα
3063 2722 3319 2794 παρήχθη
3367 2723 3503 2793 πρὸς
3549 2724 3727 2788 γένε-

2129 2833 2212 2868 σιν
2231 2832 2243 2844 ⁸
2281 2817 2308 2868 6
2341 2815 2439 2885 μὲν
2482 2813 2590 2886 γὰρ
2620 2815 2718 2884 οὑχ
2747 2814 3113 2884 ὑφεστηκέναι
3143 2815 3380 2882 λέγεται,
3413 2815 3484 2867 τὰ
3508 2814 3564 2866 δὲ
3603 2816 3726 2884 ὗςρο

2127 2907 2348 2976 ἐστηκε,
2388 2908 2480 2959 καὶ
2507 2907 2566 2958 ὲν
2597 2905 2674 2976 τῷ
2707 2902 2843 2958 εἶναι
2870 2907 3163 2960 νοεῖται.Ὢ
3192 2906 3291 2975 τῆς
3332 2907 3440 2959 τῶν
3486 2908 3730 2960 ἐννοιῶν

451 3013 555 3052 non
585 3010 764 3067 erant,
792 3016 913 3057 esse
938 3001 1248 3072 impertitns
1288 3013 1390 3068 est,
1423 3005 1660 3071 Optimus
1701 3004 2019 3076 appellatur,

2129 2998 2392 3061 ἁτοπίαςῑ
2435 2999 2614 3066 ἄπαγε
2640 3000 2739 3068 τῆς
2769 2997 3112 3078 δυσφημίαςῑ
3155 3017 3173 3049 ι
3206 2999 3320 3051 Ζῶν
3350 2998 3458 3069 γὰρ
3480 3000 3509 3051 6
3532 2999 3730 3066 Λόγος

449 3101 506 3144 ct
533 3101 636 3144 est.
659 3091 810 3159 Quod
851 3093 894 3147 si
944 3093 1015 3147 ita
1059 3110 1144 3150 res
1190 3095 1370 3159 habet,
1414 3104 1471 3150 ut
1533 3097 1777 3166 profecto
1837 3097 2022 3163 habet,

452 3185 827 3252 consequitur,
863 3197 922 3239 ut
979 3185 1188 3241 meliori
1247 3188 1557 3242 conditione
1593 3189 1702 3242 sint
1736 3197 2023 3254 creatnrze,

451 3290 610 3346 quam
654 3278 744 3332 ille
775 3277 910 3347 ipse,
939 3293 1034 3348 per
1066 3293 1228 3349 quem
1254 3281 1437 3335 omnia
1459 3291 1642 3359 creata
1674 3289 1833 3335 sunt:
1859 3295 2029 3350 quan-

455 3367 738 3436 doquidem
783 3370 829 3421 is
852 3369 1147 3425 subsistere
1175 3381 1421 3439 negatur,
1457 3371 1543 3426 illa
1577 3385 1703 3426 vero
1728 3371 2029 3426 subsistunt

460 3461 842 3528 pr0priantque
876 3471 1123 3530 naturam
1152 3465 1344 3518 sortita
1401 3473 1816 3532 cognoscuntur.
1853 3462 1897 3518 Ο
1921 3463 2018 3517 ab-

457 3549 649 3606 surdas
703 3552 1089 3621 cogitationes!
1129 3552 1378 3610 facessite
1409 3570 1531 3608 cum
1585 3555 1706 3609 istis
1738 3562 2023 3608 contume-

458 3639 607 3694 liosis
659 3641 903 3696 vocibus.
939 3661 958 3694 ι
996 3642 1190 3696 Vivum
1241 3653 1325 3698 est
1364 3645 1506 3699 enim
1554 3643 1647 3698 Dei
1687 3642 1946 3703 Verbum.
1973 3651 2026 3696 et

454 3729 661 3794 eﬂicax,
702 3749 720 3783 ι
749 3740 803 3785 ut
826 3733 1086 3800 scriptum
1125 3735 1294 3789 est".
1335 3737 1515 3802 Quare
1564 3735 1783 3805 et-ipse
1808 3748 2026 3804 quoque

457 3817 714 3875 Dominus
739 3821 916 3876 aiebat
950 3839 964 3875 :
1005 3839 1026 3874 ι
1068 3823 1178 3892 Ego
1207 3839 1324 3878 sum
1351 3826 1458 3879 vita
1489 3825 1554 3879 “'.
1591 3844 1611 3878 ι
1652 3824 1814 3894 Atqui
1848 3824 1890 3878 si
1916 3839 2022 3878 non

453 3911 718 3976 διιὺεὶειίι,
761 3915 1033 3982 quomodo
1095 3915 1198 3970 vita
1243 3916 1347 3971 dici
1399 3927 1491 3970 aut
1544 3918 1770 3986 cogitari
1799 3915 2028 3985 potest?

2087 3120 2098 3131 -
2123 3091 2216 3144 τοῦ
2245 3089 2403 3156 Θεοῦ,
2434 3091 2528 3142 καὶ
2558 3091 2808 3160 ἐνεργὴς,
2832 3109 2849 3141 ι
2877 3090 3020 3144 καθὰ
3049 3091 3377 3162 γέγραπται.
3410 3089 3725 3163 Τοιγάρτοι

2125 3183 2216 3236 καὶ
2249 3182 2505 3251 ἕτασκεν·
2535 3201 2554 3234 ι
2577 3182 2718 3250 Ἐγώ
2747 3185 2861 3254 είμι
2890 3184 2922 3253 ἡ
2952 3182 3089 3254 ζωή.
3116 3201 3135 3234 ι
3160 3183 3414 3236 Ἀλλ⁹ούκ
3443 3184 3508 3236 ἂν
3530 3187 3726 3238 νοοῖτο

2126 3271 2259 3342 ζωὴ,
2305 3271 2380 3344 μὴ
2415 3271 2765 3341 ὑφεστηκώςο
2802 3271 2916 3342 ζωὴ
2961 3272 3019 3325 δέ
3057 3274 3172 3326 ἐστι
3203 3272 3345 3327 κατὰ
3369 3271 3560 3342 φύσινο
3601 3265 3725 3328 δίι-

2125 3360 2384 3431 ψεύσεται
2411 3360 2518 3432 γὰρ
2553 3361 2822 3431 οὐδαμῶς.
2855 3361 2928 3413 Τὸ
2955 3361 3063 3432 ἄρα
3100 3361 3175 3432 μὴ
3204 3363 3499 3430 ὑφεστάναι
3523 3361 3726 3430 λέγειν

2127 3452 2218 3506 τὸν
2251 3453 2316 3506 ὲκ
2348 3451 2484 3519 Θεοῦ
2517 3454 2793 3523 πεφηνότα
2821 3453 3013 3521 Λόγον,
3037 3453 3427 3523 ψευδηγόρημα
3480 3455 3722 3526 σαθρὸν,

2127 3549 2222 3603 καὶ
2266 3550 2463 3620 φρενὸς
2508 3549 2842 3618 ἀπόϐρασμα
2882 3550 2980 3619 τῆς
3026 3548 3340 3612 λιοώδουςε.
3367 3551 3567 3604 Μωσεί
3611 3555 3727 3621 γὰρ

2127 3640 2362 3709 ἔφασκεν
2394 3641 2554 3705 αὑτός
2577 3655 2591 3670 ⁸
2626 3660 2644 3692 ι
2669 3639 2811 3707 Ἐγώ
2842 3641 2958 3711 είμι
2983 3641 3010 3692 6
3043 3640 3139 3694 ὢν.
3167 3661 3183 3691 ι
3216 3641 3286 3693 T6
3313 3641 3368 3693 δὲ
3393 3639 3454 3693 6v
3483 3641 3726 3712 ἀληθῶς

2129 3735 2185 3785 ὲν
2232 3731 2526 3786 ὑποστάσει
2571 3735 2637 3803 τῇ
2687 3732 2810 3786 καθ’
2865 3732 3029 3786 ἑαυτὸ
3082 3732 3415 3802 σωζόμενον,
3470 3733 3606 3796 πῶς
3660 3736 3724 3787 ἂν

2128 3823 2300 3877 νοοῖτό
2328 3839 2456 3876 ποτε
2493 3823 2566 3894 μὴ
2599 3824 2940 3895 ὑφεστηκόςς
2972 3815 3182 3878 Οὐκοῦν
3209 3823 3315 3877 τῶν
3341 3825 3467 3895 τῇδε
3505 3825 3725 3898 διειλη-

2132 3915 2306 3983 φότων
2339 3914 2704 3986 καθοριοῦμεν
2739 3915 2963 3979 εἰκότως
2993 3916 3054 3968 τὸ
3078 3917 3159 3980 είς
3187 3916 3354 3986 ἄκρον
3392 3917 3646 3985 ἀμαθές.

457 4002 548 4057 Est
576 4015 754 4058 autem
783 4009 888 4059 vita
929 4021 1116 4078 suapte
1162 4021 1378 4075 natura,
1430 4011 1577 4079 nullo
1602 4011 1745 4064 enim
1788 4017 1943 4079 pacto
1986 4006 2260 4062 mentitur.
2307 4005 2459 4062 Unde
2501 4008 2811 4077 quicunque
2852 4006 3111 4073 Verbum,
3162 4011 3307 4078 quod
3342 4024 3408 4063 ex
3449 4009 3573 4064 Deo
3626 4028 3726 4065 ua-

457 4103 566 4150 tum
593 4108 697 4160 est,
722 4076 1066 4154 subsistentia
1091 4101 1346 4170 spoliant,
1385 4076 1830 4156 illiomendacium
1898 4098 2055 4170 longe
2129 4076 2533 4168 putidissimum
2589 4076 2863 4166 eﬂntiunt,
2917 4076 3494 4167 stolidissiinarmnque
3554 4118 3720 4154 men-

457 4187 588 4239 tium
617 4188 806 4240 sordes
833 4200 1114 4243 evomuut.
1140 4191 1220 4244 Ad
1254 4189 1468 4262 Moysen
1524 4193 1668 4245 enim
1707 4192 1880 4260 ipsum
1913 4189 2022 4241 ait:
2071 4204 2091 4238 ι
2123 4185 2233 4255 Ego
2291 4201 2408 4241 sum
2468 4187 2558 4255 qui
2615 4203 2733 4242 sum
2769 4187 2835 4242 “.
2874 4205 2893 4238 ι
2928 4187 3081 4253 Quod
3121 4195 3304 4242 autem
3336 4201 3462 4242 vere
3510 4203 3625 4256 per
3667 4210 3728 4248 se

455 4289 560 4341 est,
619 4278 888 4345 quomodo
926 4280 976 4332 id
1023 4281 1240 4350 propria
1293 4283 1644 4337 subsistentia
1703 4281 2022 4336 destitutum
2063 4277 2294 4345 confingi
2361 4279 2683 4348 quandoque
2705 4278 2917 4349 poteSt?
2944 4278 3055 4333 Hos
3086 4279 3270 4348 itaque
3306 4279 3398 4348 qui
3465 4278 3550 4332 ita
3591 4297 3724 4335 sen-

459 4374 616 4435 tiunt,
651 4370 774 4440 jure
827 4387 1051 4426 summae
1097 4375 1377 4444 cujusdam
1426 4377 1656 4430 inscitia:
1697 4374 2199 4431 condemnabimus.

524 4463 665 4518 XVI.
705 4466 810 4521 Sed
839 4481 1011 4534 neque
1037 4467 1156 4522 illos
1180 4483 1412 4536 quoque,
1443 4483 1539 4523 nos
1563 4469 1653 4539 qui
1688 4468 1871 4522 sedula
1898 4468 2020 4521 dili-

2194 4466 2308 4531 ις’.
2356 4464 2433 4519 Οὐ
2463 4465 2568 4535 μὴν
2588 4466 2614 4505 δ
2645 4466 2767 4521 οὑδὲ
2791 4467 3031 4530 ἐκείνους
3063 4469 3442 4538 ὲπαινὲσομεν,
3482 4469 3718 4540 φιλοθη-

455 4557 711 4627 gentique
741 4557 1155 4624 investigatione
1184 4559 1465 4611 veritatem
1515 4558 1788 4627 inquirere
1835 4556 2026 4610 didici-

359 4659 364 4663 ‘
457 4665 601 4712 tuus,
648 4647 804 4704 facile
858 4648 1382 4714 commcndabimus,
1437 4649 1529 4718 qui
1573 4664 1790 4704 carnem
1850 4646 2028 4702 Verbo

458 4739 664 4793 nnitam
692 4739 869 4793 anima
894 4738 1120 4793 rationis
1148 4740 1405 4810 participe
1426 4739 1736 4795 destitutam
1757 4739 2028 4802 arbitrati,

459 4828 694 4882 Verbum
757 4842 941 4893 carne,
973 4841 1092 4897 quae
1139 4829 1360 4883 vitalem
1415 4840 1620 4884 tantum
1669 4840 1724 4884 et
1775 4829 2028 4884 sensilem

457 4923 748 4975 motionem
775 4921 966 4975 sortita
1001 4920 1094 4984 sit,
1127 4919 1371 4974 indutum
1425 4921 1776 4976 introducunt
1810 4939 1822 4974 :
1859 4930 2027 4973 totam

459 5025 587 5064 vero
613 5011 807 5065 mentis
824 5010 1249 5082 etintelligentis
1283 5012 1475 5066 anima:
1504 5012 1610 5065 vim
1641 5012 2028 5082 euergiamquc

460 5101 747 5173 Unigenito
777 5103 1114 5171 attribuunt;
1159 5103 1317 5160 fateri
1351 5103 1520 5170 enim,
1545 5105 1728 5161 nescio
1755 5104 2027 5174 quomodo

2135 4560 2248 4629 ρεῖν
2282 4552 2340 4610 εὖ
2386 4558 2528 4627 μάλα
2558 4557 2924 4626 δεδιδαγμένοι
2968 4558 3030 4610 τὸ
3073 4557 3290 4626 ἀληθὲς,
3338 4559 3387 4610 οῖ
3433 4564 3720 4627 tntis-0::

2132 4651 2348 4719 λέγουσι
2408 4650 2582 4721 ψυχῆς
2644 4651 2864 4722 λογικῆς
2919 4651 3020 4724 τὴν
3069 4651 3356 4705 ἑνωθεῖσαν
3408 4651 3490 4720 τῷ
3559 4657 3724 4722 Λόγῳ

2137 4744 2335 4814 σάρκα.
2365 4743 2538 4810 Σαρδιλ⁸
2587 4742 2694 4811 γάρ
2740 4759 2840 4794 που
2889 4744 3057 4813 μόνην
3104 4742 3202 4814 τὴν
3245 4741 3482 4811 ζωτικὴν
3527 4761 3598 4797 τε
3631 4751 3724 4799 καὶ

2133 4832 2454 4904 αἰσθητικὴν
2481 4832 2721 4903 λαχούσῃ
2744 4833 2958 4903 κίνησιν
2984 4835 3374 4905 ἀμφιεννύντες
3393 4834 3486 4885 τὸν
3517 4838 3726 4905 Λόγον.

2131 4925 2542 4996 παραφέρουσιν
2570 4927 2646 4988 εἰς
2678 4927 2906 4996 κόσμον,
2936 4926 3036 4996 τὴν
3071 4925 3164 4979 νοῦ
3195 4928 3291 4980 καὶ
3323 4924 3512 4995 ψυχῆς
3567 4929 3734 4998 ἐνέρ-

2131 5032 2288 5082 γειαν
2339 5015 2699 5085 ἀπονέμοντες
2746 5017 2826 5086 τῷ
2885 5018 3198 5086 Μονογενεῖ.
3248 5019 3731 5090 Κατειπεφρὶκαςι

2132 5105 2261 5178 γὰρ,
2299 5106 2400 5160 οὑκ
2427 5103 2522 5160 οἷδ’
2555 5107 2721 5172 ὅπως,
2754 5108 3071 5182 ψυχωθείσῃ
3120 5109 3309 5180 λογικῇ
3335 5109 3486 5179 ψυχῇ
3522 5114 3594 5182 τῇ
3624 5114 3733 5165 ἁν-

524 5259 572 5291 ⁸⁸
608 5257 766 5314 Joan.
791 5277 900 5325 xw,
936 5261 988 5315 9.
1067 5261 1110 5292 ⁵⁸
1146 5259 1298 5318 Joan.
1337 5276 1391 5326 x,
1423 5261 1510 5316 30.
1614 5262 1656 5291 ‘7
1701 5259 1862 5316 Hebr.
1897 5277 1968 5323 tv,
2005 5263 2026 5316 l

2171 5263 2214 5294 ⁸⁸
2253 5260 2408 5319 Joan.
2441 5277 2552 5329 xiv,
2582 5261 2635 5317 6.
2714 5265 2759 5294 "
2800 5263 2970 5322 Exod.
3007 5283 3090 5333 nt,
3128 5265 3212 5323 Η.

1561 5416 1726 5474 Varia
1764 5417 2017 5474 lectiones
2051 5417 2252 5475 codicis
2282 5416 2638 5490 Seguieriani.

529 5535 557 5565 ³
593 5534 970 5609 mmmam;
1052 5536 1078 5576 ιι
1112 5535 1325 5591 ούκοῦν.
