3936 6200
347 216 480 295 U5"

1185 292 1189 296 .
1279 236 1369 291 DE
1404 234 1633 292 RECTA
1674 235 1851 305 FIDE,
1892 236 1986 291 AD
2027 234 2472 294 TllEODOSIUM
2511 236 2654 313 IMP,
2718 196 2726 203 ἡ

3451 249 3589 306 1158

340 355 591 430 θρωπίνη
650 359 815 426 σαρκὶ
875 349 1016 410 κάτά
1069 354 1232 426 φύσιν
1293 355 1534 427 ἡνῶσθαι
1594 356 1685 410 τὸν
1743 356 1915 425 Λόγον

2029 362 2298 422 verentur,
2319 355 2551 411 Verbum
2577 358 2726 413 carni
2760 357 3025 425 humanae,
3055 359 3235 414 anima
3262 359 3592 431 intelligente

339 449 621 520 ίμολογεῖν
640 462 655 476 °
693 449 792 518 τῆς
843 445 943 518 μὲν
975 444 1183 500 ἄνωθέν
1212 463 1272 500 τε
1302 447 1398 501 καὶ
1425 447 1788 519 ἀρχαιοτάτης
1820 446 1914 498 πίο

343 557 514 605 στεως
571 542 668 609 τὴν
720 538 1017 609 παράδοσιν
1070 537 1249 608 ὀλίγου
1310 539 1589 603 παντελῶς
1639 538 1914 604 ἀξιοῦντες

340 633 519 701 λόγου,
553 631 769 701 θελήσει
817 630 875 683 δὲ
923 629 1062 704 μόνῃ
1109 633 1175 703 τῇ
1210 630 1352 685 κατά
1399 631 1540 701 σφᾶς
1584 630 1781 695 αὐτοὺς
1824 636 1916 686 καὶ

340 725 454 787 τοῖς
503 721 867 793 ἀνθρωπίνοις
915 721 1027 775 δεῖν
1075 720 1305 776 ἔπεσθαι
1351 721 1656 791 λογισμοῖς,
1685 722 1915 792 ἀμαθῶς

340 814 630 885 ᾑρημένοι,
657 813 751 867 καὶ
773 812 1095 884 φρονοῦντες
1117 811 1331 884 ἀληθῶς
1359 813 1489 883 παρ’
1521 812 1548 865 δ
1576 813 1658 865 δεῖ
1676 816 1913 885 φρονεῖν.

340 909 450 962 Καὶ
501 908 585 971 τίς
616 909 644 961 ό
687 907 844 975 λόγος
875 906 1058 970 αὐτοῖς
1089 905 1182 958 τοῦ
1230 904 1434 958 τοιοῦδε
1460 905 1767 976 δόγματος,
1808 904 1917 975 ἐγὼ

341 1002 555 1074 φράσω.
586 1000 689 1054 Τὸν
720 998 858 1053 Θεοῦ
890 988 1118 1071 μεσίτην
1146 1000 1240 1052 καὶ
1270 997 1594 1072 ἀνθρώπων,
1632 1000 1771 1053 κατά
1818 1000 1918 1064 τὰς

340 1094 586 1165 Γραφάς,
621 1092 941 1161 συγκεῖσθαι
983 1109 1162 1162 φαμεν
1194 1090 1257 1145 ἐκ
1288 1108 1346 1145 τε
1379 1092 1475 1162 τῆς
1510 1091 1630 1144 καθ’
1658 1092 1807 1163 ἡμᾶς
1825 1093 1919 1146 ἀν-

344 1188 694 1260 θρωπότητος
731 1184 952 1247 τελείως
980 1184 1211 1255 ἐχούσης
1244 1183 1387 1238 κατά
1434 1183 1523 1237 τὸν
1558 1184 1689 1239 ἴδιον
1736 1185 1916 1254 λόγον,

344 1282 438 1335 καὶ
485 1284 548 1333 ὲκ
600 1278 695 1333 τοῦ
750 1277 1052 1349 πεφηνότος
1100 1277 1166 1330 ὲκ
1213 1275 1349 1329 Θεοῦ
1396 1276 1538 1330 κατὰ
1567 1279 1729 1346 φύσιν
1761 1276 1916 1343 Υίοῦ,

301 1403 310 1411 -
342 1371 586 1427 τουτέστι
610 1369 706 1424 τοῦ
733 1368 1089 1438 Μονογενοῦς.
1123 1369 1589 1440 Διαϐεὸαιούμεθα
1617 1370 1675 1424 δὲ
1704 1370 1921 1426 σύνοδον

348 1465 448 1537 μέν
478 1481 615 1529 τινα,
644 1462 739 1516 καὶ
781 1460 879 1532 τὴν
926 1461 1064 1532 ὑπὲρ
1095 1460 1251 1530 λόγον
1275 1462 1600 1533 συνδρομὴν,
1625 1463 1705 1525 είς
1726 1463 1920 1517 ἕνωσιν

294 1538 298 1547 Ι
344 1558 545 1612 ἀνίσων
584 1572 645 1609 τε
679 1554 772 1609 καὶ
799 1553 1066 1624 ἀνομοίων
1093 1554 1408 1624 πεπρᾶχθαι
1446 1554 1826 1624 φύσεων.Ἕνα
1864 1555 1923 1609 δ’

344 1646 439 1703 οὖν
488 1648 636 1719 ὅμως
701 1642 959 1717 Χριστὸν,
998 1645 1094 1699 καὶ
1135 1645 1341 1717 Κύριον
1378 1646 1606 1717 Ἰησοῦν,
1644 1646 1737 1699 καὶ
1791 1646 1921 1701 Υἱὸν

2020 448 2259 519 perfecte
2307 455 2363 504 et
2404 448 2691 506 inl‘ormate
2735 451 3029 507 secundum
3076 461 3327 507 naturam
3384 454 3591 509 uuitunt

2019 553 2159 595 esse.
2197 537 2418 606 Verum,
2450 541 2576 595 dum
2630 543 2704 597 ita
2756 543 3221 613 philosophantur,
3248 544 3481 615 antiqua!
3540 557 3595 601 et

2020 630 2146 684 olim
2183 632 2393 687 tradita:
2440 633 2565 687 ﬁdei
2618 633 2880 687 rationem
2935 635 3157 691 omnino
3204 637 3503 708 negligunt,
3536 647 3593 691 et

2020 725 2314 781 voluntatis
2343 740 2454 781 sum
2477 726 2679 796 judicio
2704 726 2840 781 male
2884 742 3017 784 sano
3043 729 3296 800 (utquod
3328 731 3592 785 humanas

2024 824 2230 870 tantum
2253 817 2492 873 rationes
2524 829 2575 873 et
2619 818 2959 888 conjecturas
2992 821 3144 890 sequi
3180 821 3384 890 soleat)
3429 835 3597 889 prave

2023 908 2212 974 innixi,
2245 923 2403 965 secus
2451 924 2614 980 quam
2663 926 2849 965 revera
2903 921 3239 982 oportuerat,
3284 916 3500 983 sapiunt
3536 924 3594 966 et

2023 1004 2281 1057 sentiunt.
2313 1001 2379 1056 Et
2413 1017 2683 1072 quaenam,
2708 1002 2960 1069 obsecro,
2998 1002 3266 1073 dogmatis
3306 1004 3465 1073 hujus
3511 1013 3596 1058 est
3662 996 3667 1001 ”

2024 1094 2199 1148 ratio?
2230 1094 2436 1151 Dicam.
2490 1093 2840 1149 Mediatorcm
2888 1096 2979 1151 Dei
3006 1105 3060 1151 et
3089 1096 3366 1150 hominum
3397 1095 3465 1164 '°,
3492 1097 3595 1150 hoc

2023 1197 2107 1241 est
2135 1187 2436 1255 Christum,
2462 1202 2533 1244 ex
2560 1188 2898 1243 humanitate
2946 1187 3186 1243 numeris
3225 1188 3477 1243 omnibus
3507 1202 3596 1243 sc-

2024 1279 2256 1334 eundum
2300 1283 2573 1351 propriam
2630 1283 2892 1338 rationem
2953 1285 3190 1351 perfecta
3245 1291 3300 1336 et
3348 1281 3592 1335 absoluta

2026 1370 2364 1441 naturalique
2409 1373 2503 1427 Dei
2538 1372 2700 1440 Filio,
2743 1374 2845 1429 hoc
2885 1383 2966 1428 est
2996 1372 3306 1443 Unigenito,
3331 1374 3595 1428 constitu-

2027 1472 2165 1527 tum,
2202 1462 2500 1535 Seripturis
2534 1467 2919 1522 convenienter
2945 1468 3318 1536 praedicamus.
3347 1466 3597 1519 Ailirma-

2027 1569 2148 1609 nius
2184 1564 2364 1610 autem
2393 1566 2613 1610 naturas
2636 1557 2904 1626 dispares,
2930 1570 2994 1610 ac
3018 1556 3161 1611 inter
3197 1570 3258 1611 se
3280 1555 3593 1617 dissimiles,

2026 1647 2260 1725 quadam
2313 1647 2549 1704 coitione
2593 1657 2648 1704 et
2689 1662 2957 1703 concursu
2985 1648 3076 1717 qui
3125 1647 3304 1703 verbis
3336 1649 3594 1719 explicari

346 1739 709 1811 ὀνομάζεσθαι
764 1737 1219 1808 ὲπιγινώσκομεν,
1257 1740 1314 1790 ἐν
1371 1738 1555 1810 ταυτῷ
1600 1741 1696 1793 καὶ
1750 1740 1927 1812 ὑπάρ-

2029 1753 2132 1793 non
2164 1747 2362 1809 potest,
2388 1739 2438 1793 in
2466 1754 2631 1794 unum
2663 1739 3005 1795 convenisse.
3030 1738 3390 1809 Agnoscimus
3418 1747 3594 1794 tamen

345 1850 530 1906 χοντα,
562 1832 659 1886 καὶ
705 1830 994 1900 νοούμενον
1037 1829 1170 1883 Θεόν
1212 1847 1273 1883 τε
1318 1829 1455 1901 όμοῦ
1487 1831 1581 1883 καὶ
1613 1830 1921 1903 ἄνθρωπον.

360 1926 749 1979 ’Ᾱδιάσπαστον
787 1923 844 1976 δὲ
882 1921 1163 1986 παντελῶς
1190 1920 1288 1992 τὴν
1319 1922 1512 1978 ἕνωσιν
1538 1922 1815 1995 διατηρεῖν
1844 1926 1924 1978 εἰ-

348 2014 603 2088 θίσμεθα,
631 2014 722 2068 τδν
749 2012 914 2068 αὑτὸν
947 2008 1087 2067 εἶναι
1119 2014 1214 2069 καὶ
1243 2014 1527 2085 Μονογενῆ
1554 2014 1924 2081 πιστεύοντες,

348 2109 445 2163 καὶ
493 2105 859 2177 πρωτότοκονο
910 2105 1189 2176 Μονογενῆ
1240 2103 1358 2174 μὲν,
1389 2103 1465 2167 ὡς
1521 2103 1655 2158 Θεοῦ
1715 2105 1929 2176 Πατρὺς

345 2201 541 2270 Λόγον,
582 2200 677 2252 καὶ
702 2200 768 2252 ὲκ
799 2196 898 2268 τῆς
926 2197 1112 2261 οὐσίας
1147 2196 1312 2250 αὐτοῦ
1352 2196 1635 2268 πεφηνότα
1655 2214 1669 2228 ·
1703 2197 1919 2270 πρωτό-

346 2311 507 2348 τοκον
543 2294 588 2346 δ’
618 2287 709 2356 αὖ,
739 2290 873 2345 καθδ
906 2291 1131 2360 γέγονεν
1158 2288 1464 2360 ἄνθρωπος,
1500 2289 1595 2344 καὶ
1622 2290 1680 2342 ὲν
1704 2288 1924 2353 πολλοῖς

349 2385 836 2455 ἀδελφοῖςῖοτπερ
869 2382 979 2455 γὰρ
1011 2376 1090 2446 εἷς
1136 2385 1253 2435 ἐστι
1285 2380 1419 2444 Θεὸς
1446 2382 1474 2436 ὁ
1503 2379 1715 2451 Πατὴρ,
1757 2380 1818 2445 ἐξ
1858 2371 1921 2434 οῦ

347 2477 418 2542 τὰ
449 2477 625 2532 πάντα
645 2492 659 2506 ·
690 2474 838 2529 οὕτω
859 2475 952 2528 καὶ
978 2469 1059 2538 εἷς
1091 2470 1295 2544 Κύριος
1330 2470 1540 2543 Ἰησοῦς
1568 2470 1823 2542 Χριστὸς,
1849 2470 1929 2526 δι’

349 2566 411 2627 οὗ
434 2571 502 2624 τὰ
528 2570 723 2624 πάντα.
750 2568 884 2622 Θεὸν
912 2568 1020 2637 γὰρ
1048 2567 1177 2621 ὄντα
1206 2564 1348 2619 κατά
1374 2563 1535 2633 φύσιν
1565 2563 1926 2633 ἐπιγινώσκο-

355 2680 454 2733 μεν
488 2662 580 2715 τὸν
620 2660 686 2714 δι’
718 2654 780 2715 οὗ
805 2660 873 2713 τὰ
903 2661 1101 2724 πάντα,
1131 2658 1324 2727 Λόγον,
1352 2658 1446 2712 καὶ
1477 2658 1526 2712 εἰ
1551 2655 1741 2727 γέγονε
1769 2655 1926 2728 σὰρξ,

351 2750 629 2806 τουτέστιν
653 2749 960 2818 ἄνθρωπος.

2021 1844 2190 1884 ιιιιιιιιι
2230 1826 2332 1900 l5
2360 1830 2658 1896 Christum,
2678 1840 2731 1886 et
2755 1831 3039 1886 Dominum
3068 1829 3276 1897 Iesum,
3307 1842 3363 1885 et
3394 1830 3591 1885 Filium

2023 1928 2313 1988 vocatum;
2352 1923 2548 1992 quippe
2577 1936 2699 1977 cum
2721 1922 2880 1977 simul
2908 1920 3051 1977 Deus
3074 1923 3325 1978 etlhomo
3367 1923 3597 1978 exsistat

2024 2015 2302 2086 mentique
2348 2031 2409 2071 se
2462 2015 2676 2071 offerat.
2704 2015 2919 2071 Etenim
2960 2018 3090 2072 unio
3143 2017 3231 2072 illa
3277 2028 3631 2073 naturarum.

2026 2123 2199 2178 usque
2254 2110 2390 2164 adeo
2441 2110 2716 2165 individua
2779 2111 3153 2182 intlivulsaque
3202 2112 3295 2167 est
3329 2123 3388 2167 ut
3433 2127 3599 2168 unum

2028 2198 2387 2269 eumdemque
2445 2200 2783 2271 unigenitum
2843 2203 3005 2257 simul
3065 2213 3119 2258 et
3181 2204 3597 2274 primogenitum

2029 2288 2351 2342 credamus:
2386 2288 2722 2358 unigenitum
2756 2292 2995 2360 quidem,
3021 2302 3274 2362 tanquam
3309 2293 3398 2347 Dei
3425 2292 3600 2345 Patris

2029 2378 2289 2442 Verbum,
2314 2394 2378 2433 ex
2407 2378 2549 2435 ill-ius
2575 2381 2880 2436 substantia
2922 2395 3104 2437 natum
3128 2400 3145 2448 ;
3176 2383 3596 2453 primogenitum

2024 2484 2176 2539 vero,
2210 2480 2474 2540 quatenus
2520 2473 2663 2528 inter
2695 2473 2891 2529 multos
2917 2474 3115 2529 fratres
3162 2476 3321 2529 homo
3350 2475 3599 2530 exstitit:

2024 2561 2460 2632 quandoquidem
2506 2572 2564 2616 ut
2620 2578 2758 2619 unus
2816 2574 2901 2619 est
2952 2564 3097 2620 Deus
3146 2563 3329 2631 Pater,
3374 2580 3438 2620 ex
3494 2581 3603 2634 quo

2024 2653 2239 2721 omnia;
2272 2654 2342 2709 ita
2382 2668 2524 2709 unus
2552 2670 2767 2725 quoque
2801 2666 2886 2712 est
2926 2656 3186 2713 Dominus
3236 2656 3395 2713 Jesus
3447 2656 3605 2712 Chri-

2025 2755 2161 2809 stus,
2190 2760 2287 2816 per
2334 2759 2492 2816 quem
2544 2747 2726 2802 omnia
2749 2747 2815 2802 “.
2850 2747 2984 2803 Nam
3039 2747 3275 2803 Verbum
3322 2749 3474 2813 illud,
3508 2764 3605 2818 per

351 2842 495 2913 quod
536 2842 716 2897 omnia
762 2844 1089 2905 consistunt,
1119 2837 1417 2895 secundum
1457 2845 1709 2893 naturam
1748 2837 1913 2892 Deum
1954 2838 2368 2904 essenovimus,
2398 2837 2615 2895 etiamsi
2651 2854 2804 2907 caro,
2872 2840 2976 2895 hoc
3029 2850 3112 2896 est
3183 2840 3344 2896 homo
3402 2841 3602 2897 iactum

353 2945 459 2993 εει.

422 3026 528 3087 lZ’.
579 3026 717 3081 Ἀλλ’
747 3025 862 3082 οὔτι
890 3042 992 3079 που
1021 3023 1225 3096 σφόδρα
1250 3026 1370 3088 ταῖς
1395 3023 1454 3077 ὲν
1477 3024 1611 3094 ἡμῖν
1637 3012 1766 3093 περὶ
1801 3020 1922 3075 τού-τ

2094 3019 2259 3076 XVII.
2310 3021 2603 3088 Caeterum,
2628 3037 2816 3079 eorum
2867 3024 3011 3079 dicta
3056 3038 3180 3079 cum
3248 3026 3449 3080 nostris
3497 3041 3603 3079 non
3700 3003 3723 3013 ’

2032 3114 2168 3169 satis
2199 3122 2520 3184 congruunt.
2566 3112 2697 3170 Nam
2745 3123 2802 3171 et
2838 3114 2937 3185 ipsi
2964 3130 3180 3187 quoque
3213 3132 3379 3172 unum
3430 3117 3603 3173 solum
3692 3127 3701 3136 '

353 3140 449 3178 του
496 3120 678 3188 δόξαις
723 3121 791 3175 τά
836 3119 1061 3173 ἐκείνων
1114 3117 1618 3189 συμφέρεται.Ἔνα
1667 3115 1769 3187 μὲν
1818 3114 1928 3186 γὰρ

353 3213 803 3288 ὁμολογουμένως
868 3210 1264 3282 παραδέχονται
1328 3209 1423 3262 καὶ
1484 3207 1640 3261 αὐτοὶ
1721 3205 1928 3278 Ἰησοῦν

354 3307 612 3379 Χριστὸν,
642 3303 1021 3376 παρωθοῦνται
1052 3302 1110 3356 δὲ
1139 3301 1279 3366 λίαν,
1311 3301 1385 3364 ὡς
1413 3300 1670 3363 δυσσεϐὲς
1695 3300 1776 3353 ὅτι
1822 3298 1928 3370 μά-

355 3400 533 3465 λιστα,
561 3396 910 3467 καταδιιστᾷν
950 3396 1031 3458 είς
1072 3392 1167 3447 δύο
1210 3393 1302 3447 τὸν
1336 3392 1703 3464 Ἐμμανουήλ.
1737 3392 1930 3464 Ψυχῆς

357 3489 406 3546 δ’
429 3483 522 3545 οὖν
548 3489 698 3559 ὅμως
724 3485 827 3556 τῆς
854 3483 1202 3557 ἀνθρωπίνης
1246 3483 1342 3537 καὶ
1367 3483 1593 3555 λογικῆς
1620 3483 1722 3555 τὴν
1751 3482 1931 3554 σάρκα

359 3578 695 3649 χωρίσαντες
737 3574 832 3629 καὶ
873 3572 1276 3644 γυμνώσαντες,
1312 3572 1554 3645 ἡνῶσθαί
1593 3590 1757 3642 φασιν
1790 3574 1927 3646 αὐτῇ

357 3673 450 3727 τὸν
478 3673 543 3725 ὲκ
570 3668 706 3724 Θεοῦ
734 3668 934 3737 Λόγον·
960 3665 1249 3738 ἐξεύρηται
1273 3665 1331 3719 δέ
1361 3682 1446 3729 τις
1481 3664 1664 3729 αὐτοῖς
1710 3665 1804 3719 καὶ
1844 3683 1932 3720 πι-

360 3760 539 3826 θανὸς,
584 3758 660 3823 ὡς
702 3756 931 3822 οἴονται,
966 3754 1102 3827 πρὸς
1134 3753 1292 3808 τοῦτο
1329 3753 1509 3823 λόγος.
1543 3754 1627 3808 Τά
1669 3742 1779 3825 ⁸ίάρ
1824 3770 1930 3821 τοι,

359 3855 527 3925 φασὶ,
571 3852 712 3907 κατά
764 3849 1014 3905 σύνθεσιν
1062 3848 1200 3920 πρὸς
1248 3846 1367 3912 ἐνὸς
1412 3846 1620 3902 τελείου
1672 3848 1933 3902 σύστασιν

361 3942 874 4016 συνδεδραμηκότα,
911 3941 1054 4013 μέρη
1080 3958 1138 3993 τε
1178 3951 1202 3979 ο
1230 3939 1326 3994 καὶ
1350 3938 1412 4004 ἐξ
1452 3938 1659 3994 ἀτελῶν
1702 3938 1932 4011 δρᾶσθαι

360 4036 510 4108 φιλεῖ
560 4034 653 4090 τοῦ
689 4034 911 4098 τελείως
958 4033 1174 4104 ἔχοντος
1220 4031 1343 4087 καθ’
1372 4030 1569 4095 ἑαυτὸ,
1604 4031 1700 4085 καὶ
1749 4029 1824 4096 ὡς
1874 4030 1933 4084 ἐν

366 4129 474 4199 ἰδίᾳ
505 4126 687 4196 φύσει,
722 4127 822 4196 τῆς
860 4125 926 4178 ὲκ
955 4123 1135 4194 μερῶν
1163 4122 1466 4188 συνθέσεως
1498 4121 1560 4176 οὐ
1588 4120 1930 4193 δεδεημένου.

365 4219 677 4288 Τοιγάρτοι,
716 4215 871 4285 φασὶ,
933 4212 1294 4285 παραιτητέον
1358 4211 1603 4278 εἰκότως,
1648 4208 1933 4280 ἄνθρωπον

361 4308 546 4364 δοῦναι
578 4307 805 4370 τέλειον,
834 4306 926 4359 τὸν
956 4303 1321 4359 συνενωθέντα
1350 4301 1432 4374 τῷ
1463 4302 1625 4374 Λόγῳ
1665 4300 1813 4368 ναὸν,
1845 4300 1937 4356 ἵνα

359 4403 460 4456 καὶ
492 4401 524 4469 ἠ
558 4398 813 4464 ἒνωσιςά,
847 4398 993 4469 ἥπερ
1023 4396 1089 4451 ἂν
1134 4397 1229 4450 ἐπὶ
1260 4394 1484 4467 Χριστῷ
1529 4396 1703 4449 νοοῖτο
1748 4391 1935 4463 τυχὸν,

361 4490 570 4563 ἀκριϐῆ
598 4507 658 4544 τε
708 4489 804 4544 καὶ
836 4488 1155 4559 ἀδιάϐλητον
1203 4488 1296 4542 τὸν
1350 4487 1437 4540 ἐπ’
1463 4486 1633 4558 αὐτῆς
1660 4484 1936 4549 ἀποσώζοι

357 4582 541 4649 λόγον.
581 4581 691 4636 Καὶ
745 4581 852 4652 μὴν
896 4582 1116 4636 κάκεῖνο
1166 4579 1452 4653 προσθεῖεν
1496 4578 1583 4642 ἂν,
1612 4576 1802 4650 ὥσπερ
1842 4571 1937 4631 οῦν

355 4674 600 4749 ἠγοῦμαι
626 4684 671 4741 ε,
696 4672 877 4728 πάλιν.
907 4672 967 4725 Ei
994 4672 1104 4743 γὰρ
1131 4671 1191 4737 ἐξ
1218 4670 1508 4742 ἀνθρώπου
1528 4669 1758 4736 τελείου,
1777 4669 1934 4739 φασὶ,

358 4764 456 4817 καὶ
485 4764 578 4816 τοῦ
615 4762 680 4818 ὲκ
708 4761 802 4816 τοῦ
834 4762 1046 4834 [ἰατρὸς
1082 4762 1233 4827 ὄντος
1257 4761 1436 4831 Λόγου
1462 4761 1710 4833 φήσομεν
1732 4758 1753 4801 ί
1791 4755 1930 4814 εἶναι

354 4856 451 4911 τὸν
485 4854 854 4926 Ἐμμανουὴλ,
887 4855 947 4908 οὐ
1012 4853 1185 4925 βραχὺ
1240 4853 1302 4906 τὸ
1355 4852 1550 4924 δεῖμα,
1611 4852 1811 4925 μᾶλλον
1872 4851 1930 4905 δὲ

354 4945 692 5016 ἀδιάφυκτον
757 4946 856 5019 ηδη
896 4961 1013 5008 πως
1077 4945 1430 5013 ἀναφανεῖται
1488 4941 1695 5006 λοιπὸν,
1728 4941 1788 4995 τὸ
1833 4940 1929 4995 καὶ

353 5035 675 5108 ἀϐουλήτως
720 5034 845 5090 δεῖν’
876 5034 971 5090 δύο
1016 5034 1114 5104 μὲν
1143 5033 1312 5097 υἱοὺς,
1359 5033 1628 5101 Χριστοὺς
1669 5033 1714 5086 δ’
1735 5027 1802 5086 αὖ
1837 5032 1931 5085 δύο

355 5130 579 5199 φρονεῖν
621 5144 683 5181 τε
728 5127 825 5182 καὶ
873 5126 1072 5197 λέγειν.
1103 5121 1237 5179 Εἶτα
1268 5125 1322 5178 τί
1346 5124 1557 5187 τούτοις
1599 5123 1930 5195 ἀντεροῦμεν

356 5221 553 5290 ἡμεῖςς
601 5218 826 5289 Πρῶτον
856 5220 975 5290 μὲν,
1004 5219 1084 5272 ὅτι
1110 5216 1211 5288 τῆς
1244 5216 1477 5279 πίστεως
1505 5215 1604 5287 τὴν
1627 5214 1797 5278 οὓτως
1827 5216 1929 5285 ἀρ·-

431 5378 477 5408 ”
520 5377 534 5429 l
567 5377 707 5434 Tim.
739 5392 801 5441 ιι,
831 5377 885 5431 5.
958 5376 1003 5408 "
1044 5374 1063 5429 Ι
1091 5375 1213 5431 Cor.
1245 5390 1361 5440 vm,
1394 5373 1448 5429 6.

2034 3205 2304 3262 Christum
2369 3217 2556 3277 aperte
2620 3209 2978 3274 constituunt,
3037 3217 3091 3263 et
3148 3223 3313 3263 unum
3390 3208 3606 3264 Eminu-

2034 3297 2246 3376 nuelem
2293 3299 2348 3354 in
2401 3299 2536 3355 duos
2589 3297 2868 3364 divellere,
2921 3309 3174 3370 tanquam
3220 3315 3333 3356 rem
3394 3314 3607 3355 summa

2034 3404 2155 3446 cum
2198 3390 2478 3461 impietate
2518 3389 2884 3460 coniunctam,
2925 3405 3273 3461 summopere
3314 3405 3609 3446 exsecran-

2038 3489 2128 3536 tur
2159 3498 2174 3537 :
2204 3481 2300 3537 sed
2331 3479 2567 3537 Verbum
2623 3482 2838 3537 interim
2869 3484 3044 3549 carni,
3078 3498 3197 3554 quae
3219 3482 3481 3550 humana,
3504 3484 3608 3539 hoc

2036 3586 2137 3640 est,
2164 3576 2377 3631 ratione
2407 3574 2631 3646 prtedita
2681 3575 2861 3630 anima
2911 3585 3077 3630 exuta
3124 3575 3488 3646 destitutaque
3514 3576 3607 3639 sit,

2039 3666 2244 3721 unitum
2273 3651 2599 3737 praedicant;
2629 3676 2683 3721 et
2712 3682 2811 3721 cur
2851 3668 2992 3723 istud
3036 3667 3329 3738 praedicare
3351 3667 3604 3731 debeant,

2039 3755 2301 3812 rationem
2333 3756 2621 3810 admodum
2647 3755 2987 3826 plausibilem
3016 3758 3350 3827 comperisse
3364 3771 3425 3811 se
3450 3767 3609 3811 antu.
3706 3780 3709 3781 ν

2039 3854 2208 3901 mant.
2237 3846 2406 3901 Aiunt
2432 3846 2740 3914 enim,quae
2769 3846 2837 3900 ad
2884 3847 3045 3901 unius
3084 3845 3309 3916 perfecti
3347 3849 3611 3901 constitu—

2040 3936 2242 3991 tionem
2285 3948 2386 4002 per
2430 3934 2877 4004 compositionem
2933 3944 3289 3998 concurrunt,
3318 3948 3381 3989 ea
3429 3944 3612 4004 partes

2037 4037 2229 4083 esseet
2249 4027 2688 4099 imperfectorum
2713 4031 2976 4085 rationem
3010 4027 3293 4103 obtinere;
3320 4043 3444 4083 nam
3468 4029 3610 4097 quod

2038 4118 2338 4189 perfectum
2368 4128 2455 4174 est
2476 4118 2572 4190 per
2608 4134 2687 4187 se,
2717 4128 2880 4190 atque
2905 4128 2964 4174 ιιι
3015 4119 3069 4174 in
3123 4119 3339 4190 propria
3392 4128 3612 4183 natura,

1966 4242 2010 4298 υ
2040 4225 2146 4265 nou
2187 4224 2323 4281 opus
2380 4210 2563 4276 habet,
2598 4218 2660 4264 ut
2712 4209 2781 4265 ad
2828 4210 3109 4280 partialem
3163 4207 3608 4278 compositionem

2034 4302 2218 4358 veniat
2245 4319 2261 4357 :
2294 4300 2459 4372 atque
2482 4301 2604 4357 ideo
2628 4301 2928 4358 carendum
2954 4314 3078 4356 esse
3128 4301 3319 4357 sedulo
3369 4314 3439 4357 ne
3475 4308 3615 4356 tent-

2032 4394 2205 4467 plutu,
2233 4395 2380 4465 quod
2409 4392 2590 4450 Verbo
2614 4394 2830 4450 unitum
2864 4403 2970 4461 est,
3004 4390 3305 4466 perlectum
3335 4394 3611 4450 hominem

2035 4474 2312 4544 exstitisse
2355 4488 2736 4556 concedentes,
2758 4498 3007 4544 exactam
3060 4489 3208 4543 illam
3255 4489 3416 4544 unius
3442 4489 3613 4543 ratio~

2034 4592 2178 4645 nem,
2207 4593 2328 4649 qua:
2366 4572 2420 4634 in
2442 4578 2661 4636 Christo
2707 4580 2971 4636 accidisse
3016 4580 3373 4649 dignoscitur,
3403 4579 3612 4633 merita:

2034 4668 2316 4725 calumnia.-
2361 4685 2718 4742 exponamus.
2752 4671 2891 4739 Quin
2945 4681 3001 4727 et
3050 4672 3179 4727 illud
3230 4683 3446 4740 quoque
3506 4668 3617 4723 huc

2041 4760 2348 4832 adjecturos
2372 4763 2657 4832 suspicor;
2694 4775 2909 4832 nempe,
2934 4761 2980 4817 si
3006 4775 3074 4817 ex
3101 4760 3319 4817 homine
3349 4758 3609 4828 perfecto,

2039 4861 2096 4908 et
2116 4851 2211 4908 Dei
2240 4851 2422 4908 Patris
2452 4852 2630 4910 Verbo
2685 4851 3097 4908 Emmanuelem
3145 4850 3417 4907 coaluisse
3461 4848 3615 4903 dira-

2031 4957 2175 5007 mus,
2209 4942 2265 4997 in
2293 4941 2426 4998 illud
2456 4957 2555 4999 nos
2599 4953 2653 5000 et
2694 4958 2971 5015 magnum,
3003 4953 3053 4999 et
3087 4943 3248 5014 plane
3298 4943 3614 4998 inevitabile

2029 5031 2328 5101 periculum
2354 5040 2613 5089 venturos
2643 5046 2783 5097 esse,
2805 5042 2864 5087 ut
2893 5032 2976 5087 vel
3007 5031 3160 5088 inviti
3183 5031 3317 5086 duos
3338 5032 3608 5098 Christos,

2029 5135 2084 5180 et
2116 5126 2252 5182 duos
2304 5126 2489 5182 itidem
2530 5123 2671 5181 ﬁlios
2723 5134 2911 5181 tenere
2954 5134 3010 5181 et
3055 5123 3298 5196 proﬁteri
3330 5139 3611 5194 cogamur.

2028 5215 2196 5283 Cedo,
2228 5217 2356 5287 quid
2417 5231 2515 5273 nos
2570 5216 2638 5273 ad
2676 5216 2810 5273 since
2854 5216 3617 5288 respondebimus?Apprime

1452 5516 1622 5574 Varia:
1653 5517 1912 5573 lectiones
1941 5515 2145 5573 codicis
2183 5516 2544 5587 Seguieriani.

436 5666 458 5695 ε
501 5655 643 5727 μέρη
668 5652 727 5710 τέ
751 5655 875 5711 είσι.
951 5652 979 5695 ἀ
1017 5652 1283 5718 σύνθεσις.

1366 5665 1388 5693 ε
1431 5646 1673 5725 ἐγῷμαι.
1756 5653 1776 5693 τ
1811 5652 2132 5725 συντίθεμεν
2162 5652 2253 5708 τὸν
2296 5654 2664 5724 Ἐμμανουήλ.
