3910 6200
346 214 483 273 1153

1311 202 1371 260 s.
1408 204 1682 262 CYRILLI
1714 188 2182 258 ALEXANDRINI
2225 185 2543 258 AltClllEl‘.

3462 214 3603 267 ΙΙΤο

346 330 625 398 indignum
658 338 778 379 esse
839 336 938 377 nos
962 319 1394 389 antiquissimam
1429 319 1550 373 lldci
1580 319 1923 373 traditionem

2029 319 2341 387 χαιοτάτην,
2368 318 2462 371 καὶ
2501 315 2560 382 ἐξ
2589 317 2767 371 αὐτῶν
2801 317 2910 370 τῶν
2951 319 3121 386 ἁγίων
3167 322 3480 376 ἀποστόλων
3525 327 3611 378 ὄι-

345 422 436 493 (υι
494 435 615 489 ηιιω
652 416 720 473 ab
750 417 881 485 ipsis
930 413 1138 469 sanctis
1168 412 1423 481 apostolis
1458 411 1698 480 profecta
1724 412 1789 463 ad
1827 426 1924 465 nos

346 526 516 583 usque
531 509 815 585 peruenit)
842 515 1059 578 prapter
1082 504 1329 560 curiosas
1366 502 1625 571 quasdam
1651 517 1712 556 ac
1734 517 1924 570 super-

348 616 614 658 vacaneas
660 602 903 655 rationes
948 612 1011 651 ac
1061 595 1481 664 disceptationes
1531 594 1805 659 deserere,
1844 594 1923 648 vel

348 695 531 749 nimiis
557 691 998 762 inquisitionihns
1031 691 1278 741 humanae
1304 686 1500 740 mentis
1525 697 1740 755 captum
1766 701 1925 740 exce-

346 786 527 841 dentia
554 784 862 851 subjicere;
898 779 1003 850 16
1028 777 1108 831 t'el
1140 778 1191 831 in
1221 776 1454 830 medium
1500 777 1723 831 exsilire
1759 776 1921 830 veluti

342 882 574 949 lodices,
607 885 666 929 ιιι
698 884 881 929 nostro
921 886 1107 934 sensu,
1140 878 1448 936 contempto
1477 869 1743 939 periculo;
1771 869 1926 936 quid-

347 972 431 1025 \‘is
467 969 772 1030 metientes,
801 965 1045 1020 dicamus
1075 980 1089 1015 :
1120 960 1231 1014 lloc
1275 970 1420 1014 recte
1471 976 1527 1014 se
1582 961 1762 1023 habet,
1797 960 1925 1013 illtnl

350 1076 477 1113 vero
510 1053 918 1121 sccns.Qnante
961 1052 1153 1114 satius,
1190 1059 1499 1118 quantoque
1549 1048 1733 1102 utilius
1765 1048 1924 1112 foret,

348 1148 747 1219 sapientissimo
768 1144 876 1200 Deo
908 1142 1257 1198 consiliorum
1304 1155 1523 1195 suorum
1573 1139 1811 1193 rationes
1839 1142 1922 1192 in-

352 1253 498 1311 tegrc
527 1240 861 1310 permittere,
896 1246 952 1291 et
975 1250 1037 1290 ea
1072 1248 1192 1304 quae
1234 1233 1333 1304 ipsi
1364 1232 1744 1305 probatissima
1779 1241 1925 1298 sunt,

349 1335 513 1405 impie
534 1348 639 1388 non
663 1331 1077 1403 reprehendere,
1112 1329 1409 1397 praesertim
1429 1342 1551 1383 cum
1579 1327 1724 1381 illum
1741 1337 1929 1397 aperte

350 1425 716 1489 dicentem,et
760 1423 921 1493 quasi
954 1422 1387 1491 expostulantetn
1422 1421 1742 1473 audiamus:
1768 1438 1786 1470 ι
1812 1417 1925 1473 Non

350 1528 475 1572 sunt
509 1516 730 1570 consilia
764 1530 881 1568 mea
911 1514 1045 1567 sicut
1067 1513 1288 1566 consilia
1326 1521 1525 1575 vestra,
1552 1527 1650 1564 nec
1676 1511 1772 1564 rite
1797 1524 1928 1564 meae

352 1618 412 1662 ut
435 1608 536 1663 via:
571 1616 801 1660 vestrae:
830 1604 923 1658 sed
978 1604 1122 1657 sicut
1161 1604 1325 1657 distat
1376 1602 1571 1656 cwlum
1605 1618 1633 1655 a
1660 1612 1827 1665 terra,
1853 1605 1924 1655 ita

352 1703 451 1755 via:
476 1715 656 1754 metea
685 1700 786 1753 viis
828 1698 1044 1762 vestris,
1068 1706 1124 1751 et
1165 1696 1521 1766 cegitationes
1554 1710 1683 1750 mea:
1714 1712 1743 1749 a
1774 1698 1923 1767 cogi—

353 1792 645 1846 tationibus
677 1791 867 1845 vestris
888 1791 954 1844 ⁸’.
986 1809 1005 1841 ι

420 1883 610 1939 XVlil.
645 1883 824 1950 Quare
863 1884 990 1938 licet
1026 1879 1306 1949 templum,
1340 1878 1481 1949 quod
1509 1876 1688 1934 Verbo
1716 1879 1923 1934 unitum

352 1988 456 2044 est,
496 1976 673 2030 anima
705 1975 940 2029 humana
970 1975 1269 2044 perlectum
1297 1982 1351 2027 et
1396 1972 1745 2027 informatum
1774 1980 1927 2025 certo

352 2071 660 2133 credamus,
701 2082 806 2121 non
859 2067 994 2121 duos
1047 2076 1224 2120 tamen
1281 2064 1424 2119 ﬁlios
1483 2065 1793 2127 adoramus,
1828 2076 1927 2116 nec

350 2164 487 2218 deus
518 2160 766 2215 Christos
795 2159 1160 2229 agnoscimus.
1186 2155 1259 2213 Ut
1290 2156 1434 2210 enim
1467 2154 1679 2209 tametsi
1711 2153 1929 2207 Ennua-

354 2254 563 2307 nuelem
621 2267 684 2305 ex
743 2250 856 2305 sola
912 2264 1076 2304 carne
1110 2257 1166 2301 et
1203 2247 1294 2301 Dei
1343 2246 1517 2299 Patris
1552 2240 1925 2309 Verbo,justa

353 2346 668 2413 opinionem
732 2357 892 2408 quant
950 2339 1025 2394 illi
1083 2333 1924 2407 complectuntur,compositum

353 2442 619 2494 statuant,
681 2430 825 2483 nulla
857 2429 1031 2482 adhuc
1066 2436 1246 2480 tamen
1297 2426 1504 2480 ratione
1538 2424 1641 2478 huc
1678 2423 1753 2476 illi
1786 2421 1927 2491 adigi

352 2536 413 2576 se
452 2528 786 2591 paterentur,
832 2526 887 2570 ut
908 2532 1074 2571 carne
1109 2529 1377 2574 seorsum,
1402 2522 1459 2567 et
1490 2512 1778 2580 Unigenito
1803 2525 1925 2563 rur-

352 2627 471 2669 Snm
502 2625 745 2664 seorsum
801 2606 997 2677 posito,
1043 2607 1178 2660 duos
1216 2604 1460 2659 Christos
1508 2600 1922 2671 proﬁterentur;

354 2703 429 2757 ita
460 2717 557 2757 nos
608 2713 843 2769 quoque,
869 2696 1119 2767 quamvis
1170 2694 1268 2749 Dei
1307 2692 1565 2757 Verbum,
1602 2694 1925 2747 humanitati

357 2805 556 2851 nostra:
588 2792 881 2847 secundum
908 2789 1138 2861 propriae
1168 2798 1373 2843 natura:
1408 2789 1672 2842 rationem
1704 2785 1927 2841 omnino

355 2885 592 2957 perfecte
644 2885 879 2949 unitum,
921 2880 1287 2951 ineﬂ'abilique
1353 2894 1417 2935 ac
1477 2879 1928 2947 incomprehenso

354 2978 514 3048 plane
544 2977 704 3033 modo
745 2975 1012 3030 sociatum
1049 2973 1403 3037 allirmamus,
1452 2987 1558 3026 non
1589 2973 1724 3028 duos
1747 2983 1924 3025 tamen

356 3069 494 3127 ﬁlios
547 3077 725 3124 mente
772 3066 1133 3137 concipimus,
1166 3065 1263 3120 sed
1328 3080 1492 3118 unum
1549 3064 1924 3132 emndemque,

355 3160 446 3229 qui
479 3158 695 3228 quidem
745 3164 938 3213 natura
982 3155 1122 3209 Deus
1171 3153 1465 3217 essistens,
1495 3160 1679 3222 utpote
1715 3167 1783 3207 ex
1832 3151 1924 3205 Dei

355 3262 411 3307 et
443 3249 621 3305 Patris
655 3247 959 3303 substantia
998 3255 1169 3309 ortus,
1202 3252 1256 3298 et
1309 3245 1361 3297 in
1425 3241 1689 3297 extremis
1744 3241 1927 3297 surculi

358 3342 690 3411 temporibus
748 3340 910 3395 homo
958 3336 1136 3392 lactus
1172 3335 1241 3397 ⁸³,
1281 3343 1340 3389 et
1383 3349 1450 3388 ex
1503 3349 1658 3389 sacra
1709 3334 1928 3403 deipara

356 3433 579 3501 Virgine
607 3438 787 3492 natus,
814 3443 937 3483 cum
969 3443 998 3481 a
1031 3426 1210 3490 nobis,
1252 3434 1363 3478 tum
1411 3426 1479 3479 ab
1536 3425 1668 3493 ipsis
1711 3437 1930 3493 quoque

355 3522 561 3576 Sanctis
598 3517 825 3588 angelis,
860 3514 1155 3572 secundum
1212 3514 1518 3582 Scripturas
1555 3514 1622 3581 “,
1654 3516 1849 3570 colitur
1873 3523 1930 3569 et

356 3612 635 3665 aduratur.

427 3702 565 3759 XIX.
599 3702 752 3770 Quod
802 3702 847 3758 si
888 3700 1125 3756 dixerint
1151 3716 1322 3773 genus
1357 3710 1603 3758 nostrum
1636 3700 1753 3755 solo
1795 3699 1924 3757 Uni-

355 3797 523 3868 εειιίιί
577 3798 811 3851 adventu
866 3796 1163 3867 indiguisse
1226 3807 1390 3866 atque
1429 3797 1551 3850 ideo
1580 3795 1751 3863 illum,
1776 3796 1925 3866 quod

238 3900 257 3909 '
352 3893 422 3946 ab
460 3892 537 3946 iis-
556 3892 648 3961 qui
677 3891 729 3944 in
776 3891 936 3947 terris
973 3891 1194 3962 degunt,
1232 3891 1406 3955 cerni,
1458 3890 1740 3959 amiceque
1803 3905 1924 3944 cunt

355 3985 661 4040 hominibus
684 3985 1018 4077 coniversari,
1056 3995 1111 4038 et
1138 3985 1259 4039 vita:
1290 3983 1617 4054 evangelicae
1662 3983 1800 4036 riam
1831 3999 1927 4038 no-

352 4076 437 4131 bis
467 4076 884 4145 praemonstrare
935 4077 1115 4141 vellet,
1138 4077 1534 4145 dispensatoria
1564 4076 1799 4145 quadam
1833 4091 1923 4129 ra-

354 4170 503 4224 tione
524 4167 694 4221 solam
732 4182 959 4223 carnem
1001 4169 1158 4224 nobis
1191 4168 1426 4222 similem
1481 4168 1718 4221 induisse
1747 4166 1925 4236 (Dens

354 4273 588 4326 namque
622 4262 917 4313 secundum
942 4275 1094 4314 Suam
1115 4271 1359 4313 naturam
1378 4260 1482 4314 sub
1515 4268 1792 4328 aspectum
1818 4273 1922 4312 non

2024 411 2265 481 ήκουσαν
2292 410 2372 471 εἰς
2401 410 2547 478 ἡμᾶς
2579 409 2897 479 παράδοσιν,
2931 411 2992 462 οὐ
3034 412 3157 475 ταῖς
3187 412 3564 485 ὐπερμέτροις
3583 427 3611 464 ε

2024 499 2330 571 ἀκριϐείαις
2352 500 2637 552 καταλύειν
2656 501 2681 540 h
2706 498 2877 566 ἄξιον,
2905 500 3029 556 οὔτε
3055 503 3161 575 μὴν
3184 508 3304 569 ταῖς
3334 509 3413 568 εἰς
3436 508 3613 578 ἀκρον

2025 589 2274 661 ἐρεύναις
2318 590 2613 661 ὑποφέρειν
2655 590 2725 643 τὰ
2793 592 2935 660 ὑπὲρ
2981 592 3126 658 νοῦν,
3155 594 3417 648 ἀλλὀὑδὲ
3450 598 3613 667 ἥκειν

2024 684 2103 745 είς
2151 683 2315 752 μέσον
2362 680 2558 753 οἷάπερ
2582 684 2735 747 τινάς
2774 684 3031 754 ὁριστὰς,
3078 686 3171 738 καί
3221 685 3615 757 ῥιψοκινδύνως

2025 775 2315 843 λέγοντας,
2361 776 2435 839 ὡς
2487 776 2549 828 τὸ
2592 778 2739 830 δεῖνα
2788 776 2887 847 μὲν
2936 776 3134 848 ὀρθῶς,
3164 777 3227 831 τὸ
3262 779 3407 832 δεῖνα
3455 780 3500 832 δ’
3540 777 3611 834 αὖ

2025 868 2230 938 ἑτέρως
2257 867 2422 938 ἔχειν.
2442 869 2639 939 Ἐχρῆν
2673 868 2871 937 δήπου,
2894 869 2991 921 καὶ
3017 864 3084 939 ἦν
3111 869 3334 939 ἄμεινον
3366 871 3607 940 ἀληθῶς,

2025 959 2321 1029 ἀπονέμειν
2358 960 2559 1030 μᾶλλον
2614 961 2691 1032 τῷ
2723 962 2982 1031 πανσόφῳ
3011 962 3130 1033 Θεῷ
3167 963 3277 1015 τῶν
3314 963 3458 1016 ἰδίων
3489 964 3610 1017 δια-

2027 1054 2270 1123 σκέψεων
2316 1054 2417 1123 τὴν
2466 1055 2605 1119 ὁδὸν,
2642 1055 2737 1108 καὶ
2770 1055 2843 1126 μὴ
2872 1060 2983 1120 τοῖς
3021 1053 3078 1109 εὖ
3117 1056 3261 1127 ἔχειν
3292 1058 3425 1129 παρ’
3453 1059 3606 1129 αὐτῷ

2024 1144 2523 1216 δεδοκιμασμένοις,
2595 1146 2824 1211 ἀνοσίως
2886 1150 3171 1219 ἐπιτιμᾷν.
3230 1149 3606 1221 ’Δκουσόμεθα

2025 1235 2135 1306 γὰρ
2162 1235 2411 1305 λέγοντος
2441 1238 2687 1307 ἐναργῶς
2707 1254 2719 1266 ο
2754 1257 2773 1289 ι
2802 1239 2874 1291 Οὐ
2902 1239 3011 1310 γάρ
3037 1242 3174 1293 εἰσιν
3208 1243 3261 1293 αἱ
3287 1239 3470 1311 βουλαί
3502 1259 3607 1313 μου

2025 1327 2213 1398 ὥσπερ
2246 1328 2302 1381 αἰ
2334 1327 2520 1398 βουλαὶ
2547 1329 2722 1399 ὑμῶν,
2752 1330 2875 1383 οὐδὲ
2915 1330 3105 1402 ὥσπερ
3137 1333 3192 1384 αἰ
3222 1333 3331 1386 ὁδοὶ
3360 1334 3518 1402 ὑμῶν
3548 1337 3606 1387 al

2025 1417 2132 1470 ὁδοί
2168 1435 2267 1487 μου
2288 1432 2301 1444 ⁸
2355 1417 2471 1470 ἀλλ’
2499 1418 2576 1482 ὼς
2606 1419 2796 1488 ἀπέχει
2840 1421 2868 1469 ὁ
2901 1420 3130 1491 οὐρανὸς
3177 1422 3285 1475 ἀπὸ
3326 1423 3424 1492 τῆς
3452 1423 3562 1492 γῆς
3587 1465 3604 1485 ,

2025 1508 2197 1595 οῦτως
2223 1509 2417 1580 ἀπέχει
2449 1512 2483 1581 ἡ
2512 1511 2629 1575 ὁδός
2663 1529 2765 1581 μου
2794 1511 2902 1566 ἀπὸ
2929 1514 3038 1566 τῶν
3054 1513 3190 1566 ὁδῶν
3221 1515 3394 1585 ὑμῶν,
3417 1517 3511 1569 καὶ
3535 1518 3604 1570 τά

2026 1599 2363 1669 διανοήματα
2398 1599 2552 1670 ὑμῶν
2583 1601 2690 1654 ἀπὸ
2724 1601 2821 1672 τῆς
2850 1604 3086 1669 διανοίας
3123 1622 3243 1675 μου.
3278 1625 3297 1655 ι

2098 1872 2205 1925 Ill'.
2251 1871 2413 1935 Υἱοὺς
2472 1872 2528 1926 δὲ
2554 1871 2671 1926 οὔτι
2707 1890 2809 1926 που
2846 1872 2938 1926 δύο
2975 1876 3444 1945 προσκυνήσομεν,
3475 1875 3603 1929 ἀλλ’

2025 1964 2146 2017 οὐδὲ
2177 1965 2221 2017 Χ
2230 1966 2447 2036 ριστοὺς
2476 1965 2707 2036 ἐροῦμεν
2726 1963 2837 2027 δύο,
2861 1964 2965 2019 κᾶν
2990 1965 3301 2035 ἑψυχῶσθαι
3333 1967 3603 2020 πιστεῦωο

2029 2072 2128 2125 μεν
2150 2055 2294 2127 ψυχῇ
2318 2057 2508 2127 λογικῇ
2537 2057 2626 2109 τὸν
2653 2056 2923 2110 ἑνωθέντα
2943 2057 3021 2127 τῷ
3054 2058 3210 2128 Λόγῳ
3238 2058 3607 2129 ναόν.Ὦσπερ

2026 2148 2161 2219 γὰρ,
2190 2148 2331 2202 κατά
2355 2165 2417 2217 γε
2448 2148 2508 2201 τὸ
2554 2148 2785 2211 ἐκείνοις
2812 2145 2870 2203 εὖ
2901 2149 3045 2219 ἔχειν
3075 2149 3285 2208 δοκοῦν,
3321 2151 3426 2204 κᾶν
3457 2152 3507 2202 εί
3539 2153 3607 2205 ὲι

2030 2238 2196 2310 μόνης
2222 2239 2432 2307 λέγοιτο
2450 2240 2524 2288 i-l
2550 2239 2651 2307 τῆς
2678 2238 2901 2309 σαρκὸς,
2929 2238 3127 2293 καὶτοῦ
3145 2242 3210 2291 ἐκ
3230 2239 3365 2293 Θεοῦ
3392 2243 3609 2312 nam;

2027 2330 2333 2400 πεφηνότος
2383 2329 2579 2397 Λόγου,
2609 2329 2785 2393 οὐδεὶς
2822 2330 3021 2394 αὐτοὺς
3058 2330 3339 2384 ἀναπείσει
3378 2332 3606 2402 τρόπος,

2026 2420 2132 2473 ἀνὰ
2165 2419 2327 2491 μέρος
2353 2419 2450 2490 τὴν
2487 2420 2665 2490 σάρκα
2695 2420 2962 2486 τιθέντας,
2998 2420 3092 2473 καὶ
3115 2421 3217 2474 ἀνὰ
3252 2422 3419 2493 μέρος
3438 2423 3609 2477 αὑτὸν

2027 2510 2329 2579 Μονογενῆ,
2358 2509 2526 2563 δυάδα
2575 2510 2632 2563 δὲ
2672 2511 2919 2581 Χριστῶν
2956 2510 3276 2580 ὁμολογεῖνο
3306 2510 3450 2563 οὕτω
3502 2511 3609 2565 κᾶν

2026 2603 2092 2670 τῇ
2117 2599 2235 2653 καθ’
2265 2602 2414 2670 ἡμᾶς
2449 2601 2830 2671 άνθρωπὸεητι
2857 2600 3075 2664 τελείως
3104 2600 3324 2673 ἐχούσῃ,
3369 2603 3515 2654 κατά
3538 2619 3605 2669 γε

2025 2692 2116 2744 τὸν
2145 2693 2244 2763 τῆς
2276 2692 2411 2756 ἰδίας
2460 2692 2672 2760 φύσεως
2722 2688 2899 2761 λόγον,
2932 2694 3094 2746 οἱονεὶ
3128 2695 3517 2763 συνενηνιὴεθαι
3547 2711 3607 2745 τε

2027 2783 2122 2835 καὶ
2156 2780 2399 2852 ἡνῶσθαι
2444 2781 2690 2851 λέγωμεν
2720 2782 3051 2853 ἀπορρήτως
3082 2799 3141 2834 τε
3181 2782 3277 2835 καὶ
3305 2782 3444 2852 ὑπὲρ
3472 2781 3604 2835 νοῦν

2026 2874 2117 2927 τὸν
2160 2874 2225 2927 ἐκ
2266 2872 2401 2926 Θεοῦ
2443 2872 2635 2942 Λόγον,
2671 2874 2770 2943 οὐχ
2798 2874 2931 2926 υἱῶν
2953 2873 3118 2926 δυάδα
3145 2874 3435 2944 νοήσομεν,
3476 2875 3608 2927 ἀλλ’

2029 2964 2125 3018 ἕνα
2151 2965 2247 3018 καί
2277 2964 2370 3017 τὸν
2397 2964 2581 3027 αὐτὸν,
2615 2963 2776 3033 φύσει
2815 2966 2913 3034 μὲν
2944 2967 3073 3020 ὄντα
3105 2965 3257 3030 Θεὸν,
3283 2966 3378 3017 καὶ
3421 2965 3486 3029 ἐξ
3512 2966 3611 3019 αὖε

2028 3056 2127 3126 τῆς
2158 3056 2434 3127 πεφηνότα
2476 3054 2577 3125 τῆς
2623 3056 2809 3119 οὐσίας
2837 3057 2933 3110 τοῦ
2965 3056 3101 3110 Θεοῦ
3148 3057 3241 3110 καὶ
3274 3058 3519 3129 Πατρός·
3548 3061 3613 3110 ὲν

2027 3147 2275 3215 ἐσχάτοις
2305 3146 2362 3200 δὲ
2386 3145 2479 3199 τοῦ
2507 3147 2702 3211 αἰῶνος
2730 3151 2942 3219 καιροῖς
2977 3149 3266 3219 γενόμενον
3289 3149 3609 3220 ἄνθρωπον,

2028 3240 2124 3293 καὶ
2154 3239 2243 3292 διὰ
2283 3240 2380 3309 τῆς
2418 3240 2580 3307 ἁγίας
2611 3242 2705 3294 καὶ
2734 3241 2997 3295 Θεοτόκου
3035 3242 3306 3314 Παρθένου
3340 3259 3613 3313 γεγεννη-

2031 3329 2209 3399 μένθνν
2245 3330 2342 3383 καὶ
2371 3330 2509 3401 πρός
2540 3348 2598 3385 τε
2630 3332 2788 3403 ἡμῶν
2818 3332 2998 3387 αὐτῶν
3028 3333 3122 3386 καὶ
3158 3335 3266 3387 τῶν
3294 3335 3471 3404 ἁγίων
3503 3336 3610 3403 ἀγ-

2029 3421 2202 3490 γέλων
2236 3422 2732 3494 προσκυνούμενον,
2766 3425 2909 3478 κατὰ
2933 3424 3030 3488 τὰς
3058 3425 3097 3477 Γ
3100 3425 3299 3495 ραφάς.

2098 3711 2198 3765 ιϐ’.
2241 3712 2302 3765 Εἰ
2332 3710 2388 3765 δὲ
2416 3709 2482 3782 δὴ
2509 3713 2683 3780 φαῖεν,
2715 3711 2799 3764 ὅτι
2831 3710 2998 3781 μόνης
3030 3709 3128 3780 μὲν
3166 3706 3339 3762 ἐδεῖτο
3363 3708 3432 3761 τά
3465 3707 3611 3763 καθ’

2027 3806 2174 3875 ἡμᾶς
2218 3805 2315 3875 τῆς
2359 3802 2455 3856 τοῦ
2503 3801 2842 3871 Μονογενοῦς
2887 3800 3215 3870 ἐπιδημίαςο
3246 3798 3513 3871 ἐθελήσας
3546 3800 3615 3853 δὲ

2026 3896 2259 3966 ὀφθῆναι
2283 3898 2397 3958 τοῖς
2425 3896 2516 3948 ἐπὶ
2546 3896 2667 3966 γῆς,
2684 3898 2786 3948 καὶ
2808 3893 3115 3964 ἀνθρώποις
3146 3893 3611 3962 συναναστραφῆ-

2027 4006 2133 4051 ναι,
2167 3985 2486 4057 παραδεῖξαί
2528 4004 2588 4039 τε
2628 3989 2762 4057 ἡμῖν
2809 3987 2910 4055 τῆς
2957 3985 3292 4055 ἀγγελικῆςΙι
3327 3984 3607 4047 πολιτείας

2026 4080 2123 4150 τὴν
2155 4078 2293 4143 ὁδὸν,
2325 4079 2680 4148 οἰκονομικῶς
2701 4079 3008 4148 ἠμπίσχετο
3031 4076 3043 4115 ³
3075 4076 3175 4148 τὴν
3201 4076 3447 4146 ὀμοίανω
3470 4078 3609 4147 ἡμῖν

2026 4172 2206 4242 σάρκα
2253 4169 2334 4241 (τὸ
2360 4171 2468 4240 γάρ
2496 4187 2578 4224 τοι
2621 4170 2775 4222 Θεῖον
2805 4168 2945 4222 κατά
2971 4167 3134 4237 φύσιν
3167 4166 3303 4221 ἰδίαν
3335 4167 3435 4237 οὐχ
3469 4168 3609 4237 ὁρα-

2025 4264 2159 4331 τόν)⁶
2197 4264 2527 4333 ἠγνοηκότες
2567 4261 2862 4316 ἁλώσονται
2882 4264 2981 4330 τῆς
3012 4259 3479 4330 ὲνανθρωπήσεως
3510 4259 3609 4312 τὸν

353 4348 559 4417 cadit),
599 4348 673 4401 illi
715 4350 1107 4405 incarnationis
1158 4366 1381 4418 scopum
1426 4365 1485 4403 se
1508 4350 1776 4418 ignorare,
1813 4363 1923 4402 ma-

2032 4354 2253 4419 σδιοπδν,
2270 4354 2361 4407 καὶ
2379 4354 2651 4416 συνιέντες
2670 4351 2922 4421 οὐδαμῶς
2945 4352 3007 4404 τὸ
3030 4352 3173 4420 μέγα
3196 4350 3293 4420 τῆς
3320 4350 3573 4402 εὐσεϐείας
3584 4370 3605 4412 ;

353 4453 628 4510 gnumque
693 4440 822 4496 illud
880 4443 1099 4510 pietatis
1133 4443 1446 4513 mysterium
1483 4443 1529 4474 "
1563 4457 1785 4511 prorsus
1814 4457 1920 4494 non

354 4532 676 4602 intelligere,
702 4543 888 4601 aperte
921 4533 1234 4587 ostendunt.
1263 4532 1396 4586 Nam
1423 4534 1467 4588 si
1503 4527 1828 4602 Unigenitus
1857 4542 1921 4584 ea

353 4626 525 4680 solum
561 4629 626 4679 de
675 4640 837 4680 causa
886 4626 1220 4693 incarnatus,
1243 4626 1342 4679 hoc
1391 4633 1494 4690 est,
1532 4625 1692 4679 homo
1752 4624 1927 4680 lactus

351 4729 582 4786 est,quo
606 4719 675 4771 ab
718 4718 785 4771 iis
801 4717 892 4787 qui
929 4717 983 4771 in
1024 4718 1181 4771 terris
1221 4725 1435 4771 aetatem
1469 4726 1655 4785 agunt,
1683 4717 1925 4785 conspici

354 4820 556 4881 posset,
586 4809 830 4879 nihilque
877 4809 1023 4864 aliud
1079 4820 1340 4878 praeterea
1369 4810 1641 4863 commodi
1669 4808 1815 4863 illius
1844 4809 1927 4863 in-

352 4902 600 4956 earnatio
629 4902 877 4957 humana:
919 4911 1123 4955 naturae
1167 4901 1346 4955 attulit
1377 4921 1390 4956 :
1418 4916 1516 4956 cur
1557 4901 1768 4955 illorum
1800 4916 1923 4956 sen-

355 4996 538 5049 tentia:
580 4995 926 5050 subscribere
960 4993 1063 5063 17
1095 5010 1197 5047 non
1230 4994 1431 5063 pigeat,
1459 4993 1550 5062 qui
1581 4993 1921 5061 phantastica

356 5095 563 5141 tantum
621 5101 787 5141 carne
832 5100 890 5144 et
922 5100 1150 5155 corpore
1182 5084 1411 5140 Verbum
1454 5085 1720 5147 indutmn,
1745 5099 1921 5152 neque

2034 4445 2350 4515 μυστήριον.
2377 4444 2441 4496 Εἰ
2486 4443 2594 4513 γὰρ
2632 4429 2721 4514 δὴ⁸
2740 4443 2908 4513 μόνην
2934 4442 3049 4513 ἔχει
3082 4443 3180 4514 τὴν
3214 4444 3474 4515 ἀφορμὴν
3502 4444 3603 4498 toﬁ

2026 4537 2253 4608 ὀφθῆναι
2283 4542 2396 4601 τοῖς
2429 4539 2522 4591 ἐπὶ
2555 4539 2658 4609 γῆς
2691 4538 2785 4592 τοῦ
2834 4540 3172 4608 Μονογενοῦς
3221 4543 3253 4611 ἡ
3298 4542 3605 4611 σάρκωσις,

2026 4628 2242 4698 ἧγουνιι
2294 4628 2734 4700 ὲνανθρώπησις,
2788 4628 3087 4700 προσετέθη
3119 4638 3224 4697 γεο
3276 4631 3382 4700 μὴν
3411 4631 3608 4701 ἕτερον

2024 4718 2176 4771 οὐδὲν
2213 4721 2278 4790 τῇ
2307 4719 2597 4790 ἀνθρώπου
2622 4720 2801 4788 φύσει·
2834 4720 2953 4783 πῶς
2981 4720 3081 4773 οὐκ
3104 4720 3326 4791 ἄμεινον
3353 4722 3457 4792 ἥδη
3485 4740 3609 4787 πως

2024 4810 2119 4862 καὶ
2151 4811 2329 4879 σοφῶν
2348 4821 2396 4874 P,
2437 4814 2501 4882 τῇ
2529 4811 2638 4864 τῶν
2672 4813 2925 4882 Δοκητῶν
2955 4811 3326 4883 συμφέρεσθαι
3350 4812 3481 4884 δόξῃ
3506 4817 3610 4867 καὶ

2027 4902 2175 4972 ἡμᾶς
2207 4903 2423 4966 αὐτοὺς,
2442 4903 2491 4956 οἳ
2529 4904 2731 4973 σαρκός
2758 4921 2816 4957 τε
2844 4903 2983 4975 ὁμοῦ
3011 4905 3104 4957 καὶ
3131 4904 3318 4987 niveo
3344 4905 3611 4975 σώματος

2029 4994 2504 5063 ἀπαμφιεννύντες
2545 4995 2636 5047 τὸν
2668 4996 2861 5063 Λόγον,
2894 4991 3074 5065 ὦφθαι
3110 4996 3209 5067 μὲν
3257 4996 3350 5048 ἐπὶ
3386 4997 3497 5067 γῆς
3526 4999 3608 5061 ὡς

2027 5084 2310 5155 ἄνθρωπον
2339 5087 2806 5158 μυθοπλαστοῦσιν
2831 5090 2879 5140 οί
2899 5087 3152 5151 δείλαιοι;
3188 5086 3623 5160 Ἥμαρτηκότεξ

423 5240 468 5272 ³⁸
508 5240 609 5294 lsa.
639 5256 725 5306 LV,
759 5243 812 5297 8.
888 5242 933 5273 ⁵³
974 5239 1133 5295 llebr.
1168 5257 1207 5305 ι,
1243 5241 1295 5307 l,
1326 5241 1382 5293 2.
1457 5241 1502 5271 “
1543 5239 1684 5295 Psal.
1717 5255 1858 5304 σενι,
1890 5240 1922 5295 8

2029 5241 2065 5272 ⁵⁸
2108 5243 2121 5296 I
2155 5241 2294 5296 Tim.
2330 5257 2415 5306 ιιι,
2450 5242 2535 5295 l6.

1462 5394 1632 5447 Varia:
1669 5393 1925 5449 lectiones
1958 5397 2159 5451 codicis
2192 5397 2547 5469 Seguieriani.

356 5624 537 5691 σετίθη
563 5640 643 5689 γε.
722 5632 749 5669 ι’
779 5622 968 5690 σοφόν.

426 5551 850 5628 ςήὺπὲρμετρον.
907 5563 956 5628 ’⁸
980 5554 1316 5608 καταλιπεῖν.
1403 5552 1486 5604 ἰ-ἱ
1524 5551 1745 5608 ἕλοιντο.
1813 5552 1836 5591 ιι
1870 5551 2251 5624 εὖαγγελικῆς.
2313 5550 2687 5624 ιὴμπέσχετο.
2748 5568 2784 5595 m
2830 5556 2983 5615 ἰδίαν.
3023 5568 3049 5598 υ
3097 5555 3328 5615 εἴτόὖν.
3408 5568 3433 5595 °
3462 5574 3597 5628 προ*
