3910 6200
291 270 422 331 H61

1243 268 1332 326 DE
1371 266 1597 326 RECTA
1636 265 1793 322 FIDE
1831 266 1921 321 AD
1960 266 2405 327 THEODOSIUM
2448 270 2586 327 IMP.

3404 280 3545 339 “62

288 389 348 444 δὲ
375 382 659 459 τάληθῶς
690 382 870 439 ἁλοῖεν
906 384 973 440 ἂν
1006 383 1100 440 καὶ
1132 384 1191 439 οὗ
1224 386 1322 440 σὺν
1353 385 1539 457 ἱδρῶτι
1570 381 1866 456 μακρῷ.Ἢ

1975 383 2024 438 iu
2063 385 2296 442 hominis
2324 395 2546 454 natura,
2574 388 2667 445 sed
2694 389 2746 445 lu
2781 390 3019 450 hominis
3049 401 3257 450 tantum
3290 397 3546 453 similitu-

288 482 391 537 οὐκ
418 480 641 551 ἄμεινον
668 479 908 550 ἐροῦσιν,
940 481 988 533 εἰ
1018 479 1185 552 μηδὲν
1211 481 1419 550 ὀνίνησι
1451 478 1548 550 τὴν
1574 478 1863 550 ἀνθρώπου

289 572 454 642 φύσιν
496 572 526 624 ό
569 571 633 624 ἐκ
669 570 806 623 Θεοῦ
832 570 1027 640 Λόγος,
1062 572 1112 624 εἰ
1141 572 1236 625 καὶ
1268 571 1461 640 γέγονε
1493 571 1649 641 σάρξ,
1689 571 1865 624 ἀπαλ-

288 661 578 716 λάττεσθαι
607 661 705 731 μὲν
752 660 1093 732 ἀκαθαρσίας
1142 660 1447 730 σαρκικῆς,
1477 659 1623 727 δόξαι
1648 658 1737 731 [δ’]
1769 655 1864 713 οὖν

288 750 437 817 ἀπαξ
476 749 552 821 τῷ
584 751 759 821 γηΐνῳ
786 750 1228 823 προσκεχρῆσθαι
1263 749 1498 821 σώματι,
1533 750 1861 819 διαπερᾶναί

287 859 347 897 τε
369 841 513 897 οὕτω
544 841 638 896 τὸν
668 841 1004 914 προτεθέντα
1034 841 1264 907 σκοπόν;
1295 842 1390 906 Τίς
1419 838 1512 898 οὖν
1541 843 1608 897 ἂν
1653 845 1865 912 γένοιτο

286 934 471 989 λοιπὸν
503 934 607 1005 τῆς
663 932 958 1004 ἐπιδημίας
990 934 1018 986 ό
1044 932 1237 1002 λόγος,
1274 934 1307 1006 ἢ
1351 934 1435 998 τίς
1468 934 1497 986 ὁ
1533 933 1734 1005 τρόπος
1764 935 1865 1006 τῆς

288 1025 793 1098 ἔνανθρωπήσεως,
841 1026 1158 1097 πέπρακται
1192 1025 1249 1078 δὲ
1292 1026 1416 1080 ὅτου
1445 1027 1626 1098 χάριν,
1683 1026 1738 1079 εἴ
1778 1043 1864 1090 τις

288 1116 467 1189 ἔροιτο
494 1117 677 1187 τυχὸν,
695 1116 1091 1172 ἀπακούσεται
1120 1120 1251 1188 παρ’
1276 1118 1463 1189 ἡμῶν
1493 1119 1559 1173 Ἡ
1576 1117 1696 1172 θεία
1720 1118 1865 1173 διδά-

291 1210 370 1275 ξει
398 1207 726 1279 Γραφή.Ἵθι
753 1208 817 1277 δὴ
861 1204 975 1275 οὖν,
999 1202 1044 1263 ὧ
1093 1213 1330 1279 γενναῖε,
1359 1208 1532 1263 πυθοῦ
1563 1211 1671 1264 τῶν
1702 1209 1864 1282 ἱερῶν

286 1301 660 1374 Γραμμάτων,
692 1301 786 1354 καὶ
811 1303 932 1363 ταῖς
975 1300 1085 1356 τῶν
1115 1303 1284 1371 ἀγίων
1312 1303 1626 1357 ἀποστόλων
1653 1306 1862 1374 φωναῖς

288 1391 568 1464 ἐνερείσας
595 1388 654 1446 εὖ
686 1391 832 1462 μάλα
863 1395 962 1465 τῆς
1000 1393 1236 1458 διανοίας
1261 1394 1354 1448 τὸν
1381 1394 1680 1465 ὀφθαλμὸν,
1709 1395 1863 1465 ἄθρει

288 1484 354 1555 δὴ
389 1484 577 1547 καλῶς
603 1485 665 1537 τὸ
686 1484 1040 1557 ζητούμενον.
1066 1486 1210 1556 Ἔφη
1248 1486 1430 1540 τοίνυν
1462 1488 1491 1540 ό
1522 1487 1685 1556 σοφὸς
1730 1488 1864 1559 ἡμῖν

293 1574 525 1640 Παῦλος,
570 1574 732 1628 αὐτὸν
777 1573 916 1644 έχων
961 1575 1021 1627 ὲν
1070 1572 1260 1644 ἑαυτῷ
1293 1573 1558 1628 λαλοῦντα
1605 1574 1859 1645 Χριστόν·

295 1685 316 1720 r
338 1665 559 1739 Ἐπειδὴ
609 1666 668 1721 δὲ
717 1666 788 1720 τά
838 1665 1028 1720 παιδία
1075 1664 1473 1737 κεκοινώνηκεν
1510 1667 1740 1738 αἵματος
1768 1666 1865 1721 καὶ

291 1758 513 1831 σαρκὸς,
530 1760 624 1812 καὶ
652 1757 814 1823 αὐτὸς
843 1758 1241 1830 παραπλησίως
1266 1758 1497 1830 μετέσχε
1526 1759 1636 1812 τῶν
1658 1757 1858 1823 αὐτῶν,

290 1849 380 1905 ἵνα
403 1850 491 1905 διά
511 1848 607 1903 τοῦ
636 1849 869 1905 θανάτου
897 1853 1223 1924 καταργήσῃ
1245 1852 1337 1905 τόν
1360 1851 1421 1905 τὸ
1445 1852 1651 1920 κράτος
1672 1851 1865 1922 ἔχοντα

288 1937 384 1991 τοῦ
417 1936 669 2002 θανάτου,
697 1937 945 1991 τουτέστι
977 1939 1068 1993 τὸν
1118 1939 1392 2006 διάϐολον,
1430 1942 1525 1994 καὶ
1574 1941 1862 2014 ἀπαλλάξῃ

286 2028 531 2094 τούτους,
577 2029 694 2082 ὅσοι
747 2029 899 2101 φόϐῳ
948 2030 1180 2085 θανάτου
1230 2031 1317 2085 διὰ
1366 2032 1565 2096 παντὸς
1611 2032 1705 2087 τοῦ
1764 2034 1864 2105 ζῇν

288 2121 463 2192 ἔνοχοι
487 2116 626 2192 ἦσαν
660 2121 922 2186 δουλείας.
949 2140 967 2175 ι
997 2125 1107 2177 Καὶ
1141 2123 1246 2195 μὴν
1275 2125 1370 2178 καὶ
1398 2124 1624 2196 ἑτέρωθι
1662 2125 1863 2197 τρόπον

288 2213 422 2283 qua:
467 2212 879 2284 ἀφηγούμενος,
921 2234 939 2265 ι
969 2214 1042 2267 Τὸ
1089 2215 1196 2287 γὰρ
1244 2216 1506 2271 ἀδύνατον
1543 2216 1637 2271 τοῦ
1670 2218 1858 2288 νόμου,

290 2304 479 2377 φησὶν,
513 2306 572 2359 ἐν
596 2300 641 2373 ᾧ
670 2306 885 2375 ἠσθένει
909 2306 1000 2361 διά
1019 2307 1120 2378 τῆς
1149 2309 1371 2378 σαρκὸς,
1400 2310 1576 2373 όΘεὸς
1605 2309 1698 2362 τὸν
1728 2311 1860 2366 ἑαυ-

289 2397 383 2453 τοῦ
420 2398 549 2453 Υἰδν
578 2398 869 2470 ἐκπέμψας
898 2401 956 2455 ὲν
980 2399 1291 2471 ὁμοιώματι
1334 2400 1539 2473 σαρκὸς
1562 2402 1857 2472 ἁμαρτίας,

288 2491 383 2544 καί
428 2490 557 2562 περὶ
598 2489 894 2560 ἁμαρτίας,
926 2491 1214 2563 κατέκρινε
1260 2490 1363 2561 τὴν
1408 2492 1685 2564 ἁμαρτίαν
1709 2494 1766 2548 ἑν
1791 2497 1858 2565 τῇ

291 2581 475 2650 σαρκὶ,
510 2579 599 2635 ἵνα
625 2580 687 2633 τὸ
716 2580 993 2652 δικαίωμα
1017 2579 1111 2634 τοῦ
1135 2581 1301 2652 νόμου
1329 2580 1591 2652 πληρωθῇ
1622 2581 1680 2634 ὲν
1705 2583 1860 2653 ἡμῖν,

288 2676 401 2737 τοῖς
431 2675 506 2746 μὴ
536 2672 881 2745 κατά’σάρκα
915 2673 1331 2746 περιπατοῦσιν,
1358 2672 1496 2729 ἀλλά
1522 2672 1666 2727 κατά
1698 2672 1865 2728 πνεῦ-

293 2783 441 2837 μα.»

1971 475 2098 531 dine
2137 477 2188 530 in
2221 479 2379 533 terris
2411 480 2732 555 apparuisse
2765 481 3109 539 fabulantur?
3140 487 3334 543 Verum
3368 503 3543 558 quau-

1974 576 2085 621 tum
2110 567 2162 620 bi
2189 568 2372 623 miseri
2407 585 2436 624 a
2466 564 2711 628 veritatis
2754 587 2917 643 scopo
2960 577 3239 644 aberrent,
3276 578 3418 633 facili
3448 597 3542 633 uc-

1971 658 2119 726 gotio
2167 660 2376 715 ostendi
2431 671 2627 732 potest.
2681 663 2758 730 Si,
2822 667 3061 736 inquam,
3124 671 3217 725 Dei
3280 673 3544 739 Verbum,

1971 749 2181 805 etiamsi
2208 766 2335 807 caro
2364 752 2564 809 factum
2607 765 2710 821 est,
2738 757 2942 811 nullum
2974 760 3118 816 aliud
3147 763 3398 825 humana:
3447 782 3547 819 na-

1973 847 2104 893 tura:
2130 842 2467 897 commodum
2489 844 2697 911 attulit,
2733 861 2800 900 an
2836 863 2944 902 non
2977 850 3176 906 rectius
3212 863 3547 910 statueretur

1971 931 2207 986 acaruis
2253 934 2471 1001 quidem
2523 935 2862 991 immunditia
2921 940 3145 995 omnino
3194 942 3540 1010 abstinuisse,

1972 1030 2186 1077 terreno
2220 1022 2571 1082 nihilominus
2604 1040 2832 1096 corpore
2892 1031 2965 1084 uti
3000 1018 3171 1086 visum
3208 1048 3349 1099 esse,
3380 1045 3543 1106 atque
3582 1074 3591 1079 ο

1968 1111 2070 1167 bac
2101 1113 2310 1170 ratione
2349 1115 2489 1186 quod
2532 1117 2849 1174 decreverat
2905 1120 3232 1188 perfecisse?
3271 1126 3541 1184 Caeterum

1969 1202 2091 1271 quis
2113 1203 2371 1260 adventus
2401 1205 2543 1261 illius
2582 1207 2747 1265 fuerit
2799 1226 2949 1277 usus;
2976 1221 3032 1267 et
3055 1214 3232 1283 qualis
3280 1217 3541 1275 incarna-

1972 1293 2133 1350 tionis
2165 1297 2432 1365 modus,si
2456 1299 2577 1368 quis
2607 1299 2744 1357 forte
2764 1317 2792 1355 a
2820 1302 2974 1359 nobis
2997 1305 3326 1375 sciscitetur,
3358 1312 3541 1379 cujus-

1969 1403 2075 1458 que
2120 1390 2197 1446 rei
2251 1394 2424 1462 gratia
2461 1404 2671 1463 patrata
2717 1397 2819 1466 sit;
2854 1399 2943 1454 ille
2981 1403 3226 1471 responsi
3285 1404 3401 1460 loco
3437 1407 3541 1462 hoc

1958 1483 2156 1551 .paucis
2206 1482 2615 1556 habeatzAge,
2660 1488 2807 1543 istud
2868 1490 3045 1545 divina
3100 1492 3385 1563 Scriptura
3443 1499 3541 1553 tibi

1971 1573 2273 1643 patefaciet.
2304 1573 2455 1630 Vade
2515 1591 2644 1649 ergo
2692 1588 2747 1633 et
2800 1594 2987 1636 sacras
3016 1581 3249 1637 Litteras
3298 1587 3539 1655 consule,

1970 1665 2276 1736 mentisque
2321 1668 2535 1724 oculum
2573 1680 2886 1727 sanctorum
2913 1675 3278 1743 apostolorum
3316 1679 3542 1735 vocibus

1966 1754 2140 1823 infer;
2170 1766 2223 1812 et
2250 1760 2392 1828 quod
2411 1761 2937 1830 quazritur,dilucide
2970 1765 3056 1820 hic
3081 1782 3201 1821 mox
3231 1767 3536 1825 iutuebere.

1964 1847 2132 1917 Igitur
2183 1849 2621 1920 sapientissimus
2670 1854 2949 1923 apostolus
2994 1856 3216 1927 Paulus,
3254 1860 3344 1929 qui
3381 1859 3542 1916 Chri-

1966 1948 2106 1995 stum
2128 1939 2179 1995 iu
2203 1955 2263 1996 se
2284 1941 2591 2012 loquentem
2624 1945 2878 2014 habebat,
2914 1948 2981 2004 ad
3011 1949 3154 2006 hunc
3175 1954 3389 2008 modum
3413 1966 3543 2009 cou-‘

1965 2031 2329 2087 ciouaturu'
2379 2033 2514 2100 Quia
2586 2050 2716 2107 ergo
2782 2040 2932 2107 pueri
3005 2046 3542 2101 communicaverunt

1967 2124 2116 2178 carni
2145 2133 2201 2180 et
2228 2126 2499 2197 sanguini,
2522 2136 2576 2182 et
2624 2128 2739 2197 ipse
2767 2130 3020 2185 similiter
3064 2133 3538 2203 participaviteis-

1971 2215 2116 2280 dem,
2145 2223 2200 2269 ut
2238 2230 2332 2285 per
2379 2227 2607 2271 mortem
2654 2220 2961 2276 destrueret
3004 2236 3127 2277 eum
3168 2223 3259 2292 qui
3307 2223 3541 2280 habebat

1971 2307 2163 2360 mortis
2196 2306 2500 2376 imperium,
2539 2307 2589 2361 id
2624 2319 2708 2363 est
2748 2309 3043 2377 diabolum,
3076 2322 3130 2367 et
3159 2312 3419 2369 liberaret
3446 2328 3540 2369 eos

1971 2397 2062 2467 qui
2093 2411 2192 2468 per
2236 2406 2402 2452 totam
2454 2398 2616 2451 vitam
2654 2382 2890 2454 obnoxii
2937 2408 3093 2456 erant
3136 2403 3383 2459 ser'vituti
3411 2404 3480 2459 “.
3514 2417 3535 2456 ι

1970 2490 2109 2545 Alibi
2134 2489 2273 2544 idem
2305 2490 2466 2544 aliam
2503 2504 2717 2560 quoque
2756 2491 2918 2562 hujus
2964 2494 3042 2548 rei
3090 2509 3311 2550 causam
3343 2498 3538 2566 aperit;

1972 2583 2173 2639 Scribit
2203 2582 2346 2637 enim
2373 2599 2387 2637 :
2420 2600 2439 2634 ι
2475 2583 2625 2649 Quod
2674 2584 3006 2653 impossibile
3042 2598 3159 2641 erat
3189 2587 3317 2659 legi,
3350 2589 3403 2644 in
3433 2605 3542 2661 quo

1970 2676 2347 2732 inﬁrmabatur
2396 2689 2492 2744 per
2522 2688 2740 2731 carnem
2764 2718 2779 2743 ,
2819 2676 2959 2733 Deus
2981 2679 3176 2735 Filium
3211 2696 3367 2737 suum
3419 2684 3543 2739 ruit-

1974 2781 2092 2825 tens
2123 2769 2176 2821 in
2207 2766 2616 2821 similitudinem
2656 2768 2838 2823 carnis
2879 2771 3109 2839 peccati,
3141 2781 3195 2826 et
3221 2772 3287 2827 de
3317 2784 3543 2842 peccato

289 2861 565 2917 damnavit
608 2871 892 2931 peccatum
952 2862 1005 2917 in
1045 2877 1229 2927 carne,
1265 2870 1323 2918 ut
1358 2862 1679 2934 justilicatio
1719 2862 1854 2935 legis
1893 2863 2211 2934 impleretur
2268 2860 2520 2925 iuuobis,
2548 2858 2638 2928 qui
2670 2872 2776 2915 non
2849 2862 3143 2918 secundum
3178 2878 3394 2919 carnem
3425 2876 3543 2919 atu—

290 2954 560 3018 bulamus,
582 2954 675 3009 sed
709 2953 1003 3009 secundum
1038 2955 1379 3023 spiritum".
1417 2974 1436 3008 ι

360 3049 450 3102 K'.
492 3040 615 3120 ’Ἆρ’
640 3042 752 3111 οὖν,
785 3045 907 3116 οθχὶ
943 3044 1358 3119 προδηλότατον,
1389 3049 1485 3103 καὶ⁴
1534 3049 1712 3124 οὐδενί⁹
1759 3048 1866 3104 τῶν

2044 3046 2381 3102 Χλιιιιιηοιι
2421 3044 2825 3116 ερειιίεείιιιιιηι
2882 3052 2987 3110 est,
3050 3045 3303 3112 obsecro,
3352 3022 3544 3118 unige-

288 3139 460 3195 ὄντων
489 3140 824 3211 ἀσυμφανὲς,
851 3141 935 3194 ὅτι
964 3137 1087 3193 καθ’
1120 3140 1267 3210 ἡμᾶς
1304 3139 1531 3209 γέγονεν
1563 3143 1592 3195 ό
1619 3142 1861 3209 Μονογε-

290 3230 406 3304 νὴς,
433 3231 682 3285 τουτέστι
708 3231 912 3295 τέλειος
938 3230 1245 3302 ἄνθρωπος,
1279 3229 1366 3285 ἵνα
1399 3231 1503 3301 τῆς
1537 3231 1638 3302 μὲν
1680 3233 1865 3285 ἐπεισ-

292 3324 458 3379 άκτου
491 3322 697 3397 φθορᾶς
726 3324 789 3376 τὸ
820 3324 1008 3395 γήϊνον
1047 3323 1208 3394 ἡμῶν
1250 3322 1539 3395 ἀπαλλάξῃ
1581 3323 1760 3394 σῶμα,
1796 3324 1863 3394 τῇ

291 3416 414 3472 καθ’
446 3416 640 3471 ῑνωσιν
679 3414 962 3487 οἰκονομίᾳ
1001 3413 1103 3486 τὴν
1138 3413 1274 3469 ἰδίαν
1303 3412 1455 3485 αὑτῷ
1482 3413 1626 3486 ζωὴν
1663 3414 1823 3478 ὲνιείς
1846 3431 1859 3445 ·

291 3508 468 3581 ψυχὴν
488 3509 545 3563 δὲ
572 3508 710 3562 ἰδίαν
728 3507 829 3580 τὴν
851 3506 1199 3578 ἀνθρωπίνην
1220 3507 1565 3579 ποιούμενος,
1589 3506 1867 3578 ἁμαρτίας

294 3600 464 3673 αὐτὴν
493 3600 750 3673 ἀποφήνῃ
793 3599 1101 3671 κρείττονα,
1136 3597 1239 3669 τῆς
1271 3597 1407 3662 ἰδίας
1438 3598 1652 3668 φύσεως
1677 3597 1738 3650 τὸ
1773 3612 1869 3650 πε-

294 3689 472 3761 πηγός
499 3705 559 3742 τε
586 3689 682 3742 καὶ
704 3687 995 3761 ἄτρεπτον,
1027 3681 1224 3756 οἷάπερ
1244 3686 1376 3758 ἐρίῳ
1403 3687 1604 3757 βαφὴν,
1635 3688 1869 3754 ἔγκατα-

296 3781 517 3854 χρώσας
560 3780 736 3852 αὐτῇς
785 3781 907 3834 Δεῖν
933 3779 1044 3852 γὰρ
1075 3774 1229 3850 οἶμαι
1258 3780 1371 3842 τοῖς
1401 3778 1755 3849 περὶτούτων
1783 3779 1867 3832 λό-

295 3887 414 3941 γοις
444 3868 925 3941 παραδειγμάτων,
942 3868 1077 3923 πολὺ
1103 3868 1223 3922 λίαν
1251 3867 1867 3939 έχουσιτὸάσυμφανές·

295 3963 409 4035 ὁρῶ
441 3962 539 4035 μὲν
566 3961 672 4033 γὰρ
707 3960 863 4032 μόλις
893 3963 951 4017 ὲν
977 3960 1226 4031 ἐσόπτρῳ
1248 3974 1308 4012 τε
1353 3960 1449 4013 καὶ
1492 3957 1772 4028 αἰνίγματι
1803 3958 1873 4012 τά

297 4053 421 4109 θεῖά
448 4070 508 4107 τε
535 4053 632 4107 καὶ
661 4051 801 4123 ὑπὲρ
833 4050 958 4105 νοῦν
991 4051 1289 4122 μυστήρια.
1326 4048 1426 4119 Εῐη
1450 4047 1495 4101 δ’
1527 4048 1594 4102 ἂν
1621 4047 1721 4101 οὐκ
1749 4047 1872 4101 ἀτο-

297 4162 426 4210 πον,
454 4139 632 4214 οἶμαι,
666 4142 728 4196 τὸ
756 4141 975 4213 χρῆμαο
1006 4142 1160 4213 φέρει
1208 4141 1317 4212 γὰρ
1348 4142 1406 4195 ὲν
1440 4138 1616 4210 ἐαυτῷ
1660 4138 1753 4192 τὸν
1794 4142 1873 4193 εἰ-

301 4236 456 4301 κότα,
476 4234 674 4305 μᾶλλον
702 4234 759 4288 δὲ
788 4234 885 4288 καὶ
911 4233 1002 4287 τὸν
1034 4231 1210 4303 ἀληθῆ
1235 4231 1732 4303 λογισμόν.”Ωσπερ
1755 4226 1869 4296 οὖν,

301 4327 698 4400 ὲπειδὴγέγονε
721 4326 859 4398 σάρξ
879 4325 970 4381 τοῦ
992 4324 1380 4391 ζωοποιοῦντος
1397 4323 1466 4377 τὰ
1480 4323 1656 4378 πάντα
1671 4324 1868 4394 Λόγου,

1973 3139 2143 3195 uitum
2173 3136 2266 3194 Dei
2293 3136 2487 3192 Filium
2515 3136 2746 3193 similem
2774 3136 2952 3201 nobis,
2980 3137 3080 3191 hoc
3108 3146 3214 3202 est,
3243 3125 3542 3208 perfectum

1968 3232 2241 3287 hominem
2294 3229 2493 3284 factum
2534 3236 2678 3292 esse,
2699 3239 2805 3298 quo
2831 3227 3089 3282 nimirum
3141 3237 3414 3282 terrenum
3442 3229 3545 3285 hoc

1968 3324 2212 3380 nostrum
2241 3336 2461 3393 corpus,
2484 3321 2594 3375 vita
2618 3319 2835 3390 propria
2852 3334 2945 3390 per
2966 3319 3354 3375 ueconomicam
3392 3320 3548 3376 ιιιιίοέ

1967 3430 2088 3470 nem
2113 3414 2186 3469 illi
2220 3413 2486 3474 immissa,
2514 3410 2583 3464 ab
2608 3410 2824 3464 inducta
2856 3409 3202 3478 corruptione
3248 3408 3544 3478 liberaret;

1956 3503 2200 3584 animum
2232 3511 2443 3556 Tlll’ellllll
2496 3500 2813 3562 humanam,
2837 3508 3189 3569 posteaquam
3229 3499 3376 3555 illaut
3415 3515 3546 3570 pro-

1968 3595 2143 3664 priam
2172 3592 2275 3647 sibi
2301 3591 2654 3655 reddidisset,
2690 3604 2910 3659 sua‘que
2953 3588 3161 3669 natura:
3197 3589 3455 3646 ﬁrmitate
3484 3606 3549 3647 ac

1972 3684 2411 3741 lmmutabilitate
2436 3682 2660 3751 perinde
2693 3697 2757 3737 ac
2800 3682 2969 3737 vellus
3004 3683 3186 3737 colore
3230 3684 3544 3747 imbuisset,

1969 3786 2191 3848 peccato
2222 3776 2558 3845 superiorem
2583 3774 2885 3830 declararet
2902 3776 3188 3830 ?Arbitror
3208 3777 3351 3830 enim
3369 3791 3546 3831 exem-

1969 3869 2096 3938 plis,
2137 3874 2256 3937 quae
2289 3881 2400 3921 rem
2437 3881 2532 3935 per
2554 3880 2614 3920 se
2646 3865 2934 3919 obscuram
2969 3866 3210 3919 nonnihil
3238 3867 3544 3933 illustrem,

1972 3960 2026 4013 iu
2060 3959 2160 4012 hae
2206 3956 2447 4011 doctrina
2487 3966 2623 4026 opus
2649 3964 2807 4010 esse:
2835 3955 3098 4024 siquidem
3139 3957 3245 4027 ιε
3289 3958 3548 4028 mysteria

1971 4050 2177 4116 divina,
2211 4057 2468 4115 tanquam
2521 4047 2773 4099 humanae
2804 4046 3001 4100 mentis
3029 4061 3248 4102 sensum
3274 4050 3547 4104 exceden-

1976 4140 2069 4206 tia,
2095 4140 2179 4193 vix
2222 4141 2275 4193 iu
2333 4137 2552 4205 speculo
2601 4146 2656 4190 et
2696 4134 3035 4204 muigmatice
3076 4137 3316 4192 videmus
3340 4139 3407 4195 ⁸⁸.
3453 4139 3548 4195 Est

1973 4241 2150 4288 autem
2189 4229 2494 4299 exemplum
2550 4228 2769 4282 allatum
2805 4228 2870 4281 ad
2902 4242 3015 4282 rem
3057 4240 3546 4300 peropportunum,

1973 4324 2170 4394 quippe
2199 4322 2343 4392 quod
2363 4334 2550 4375 Verum
2597 4321 2793 4391 potius,
2826 4334 2993 4390 quam
3023 4321 3318 4377 verisimile
3344 4326 3444 4390 rei,
3478 4327 3546 4379 de

300 4419 367 4473 τὸ
397 4419 599 4489 φθορᾶς
635 4419 732 4471 καὶ
774 4416 1004 4472 θανάτου
1052 4414 1421 4487 ὑπερφέρεται
1465 4413 1697 4484 κράτος·
1732 4413 1866 4467 κατά

1978 4431 2083 4486 qua
2114 4429 2296 4470 sermo
2322 4422 2421 4477 est,
2475 4412 2775 4485 symbolum
2829 4427 2941 4482 prae
2971 4427 3030 4468 se
3088 4413 3248 4469 ferat.
3278 4415 3550 4482 Quemad-

301 4513 396 4570 τὸν
445 4512 625 4578 αὑτὸν,
673 4507 847 4580 οἶμαι,
895 4509 1120 4581 τρόπον,
1177 4508 1298 4562 ἐπεὶ
1343 4506 1535 4576 γέγονε
1585 4505 1731 4578 ψυχὴ
1781 4504 1866 4558 τοῦ

1984 4505 2202 4559 modum
2229 4517 2359 4574 ergo
2389 4518 2537 4569 caro,
2561 4513 2915 4573 posteaquam
2950 4503 3107 4560 Verbi
3136 4506 3316 4560 omnia
3368 4507 3548 4563 viviti-

303 4586 659 4676 πλημμελεῖν
685 4601 786 4655 οὐκ
829 4600 1061 4666 εἰδότος,
1093 4599 1491 4671 ἐρηρεισμένην
1528 4596 1642 4668 ἔχει
1690 4596 1866 4650 λοιπὸν

1983 4597 2164 4654 cautis
2191 4612 2319 4652 caro
2337 4595 2526 4653 ell‘ecta
2553 4604 2657 4661 est,
2697 4597 2886 4653 mortis
2917 4607 2972 4652 et
2995 4598 3550 4668 corruptionisiuipc«

300 4699 403 4768 τὴν
448 4695 533 4765 ἐφ’
555 4693 727 4748 ἅπασι
777 4694 891 4755 τοῖς
940 4690 1165 4759 ἀγαθοῖς
1213 4690 1617 4762 ἀμεταποίητον
1665 4688 1866 4753 στάσιν,

1982 4692 2064 4748 rio
2085 4692 2334 4761 superior
2351 4693 2554 4747 evasit:
2578 4691 2658 4747 sic
2688 4693 2890 4757 anima,
2922 4702 2979 4745 ut
2994 4708 3093 4762 ego
3109 4693 3325 4774 quidem
3347 4696 3546 4758 sentio,

305 4790 399 4842 καὶ
435 4787 535 4857 τῆς
577 4785 747 4838 πάλαι
788 4780 913 4837 καθ’
942 4780 1102 4852 ἡμῶν
1130 4780 1565 4852 τυραννευούσης
1594 4779 1866 4851 ἁμαρτίας

1980 4791 2330 4853 posteaquam
2361 4782 2505 4837 illius
2527 4782 2715 4838 effecta
2752 4790 2836 4837 est
2870 4783 2959 4852 qui
2988 4790 3267 4851 peccatum
3312 4796 3419 4837 non
3452 4798 3554 4839 uo-

304 4877 652 4950 ἁσυγκρίτως
675 4871 1115 4943 εὐσθενεστέραν.
1146 4870 1369 4942 Πρῶτός
1388 4886 1449 4922 τε
1473 4870 1584 4940 γὰρ
1605 4869 1700 4923 καί
1722 4868 1866 4939 μόνος

1980 4874 2080 4940 vit,
2102 4888 2132 4928 e
2161 4872 2390 4942 vestigio
2436 4881 2637 4927 statum
2671 4873 2907 4940 tinuum,
2948 4882 3012 4927 ac
3040 4874 3091 4925 in
3116 4871 3369 4928 omnibus
3394 4873 3553 4931 bouis

305 4968 592 5040 ἄνθρωπος
641 4967 734 5021 ἰπὶ
784 4965 884 5036 τῆς
926 4965 1030 5033 γῆς
1074 4962 1104 5014 ὁ
1144 4959 1379 5032 Χριστὸς
1429 4978 1448 5012 ι
1476 4961 1577 5013 οὐκ
1624 4961 1866 5031 ἑποίησει

1984 4965 2254 5030 stabilem,
2278 4973 2606 5033 peccatoque
2641 4965 2785 5033 quod
2810 4964 2936 5019 olim
2970 4964 3307 5034 tyrannidem
3332 4980 3556 5021 exerce-

308 5060 606 5133 ἁμαρτίαν,
638 5059 758 5114 οὐδὲ
790 5055 988 5129 εὑρέθη
1017 5052 1165 5117 δόλος
1195 5055 1253 5106 ὲν
1278 5051 1358 5123 τῷ
1388 5052 1611 5122 στόματι
1639 5050 1825 5104 αὑτοῦ.
1857 5067 1866 5100 ι

1985 5057 2097 5123 bat,
2129 5056 2312 5113 multis
2368 5058 2612 5127 partibus
2655 5057 3013 5127 potentiorem
3043 5064 3203 5112 nacta
3260 5065 3365 5112 est.
3395 5055 3555 5113 Chri-

322 5153 474 5218 Ῥίζα
498 5152 556 5206 δὲ
585 5152 771 5221 ὥσπερ
802 5151 897 5205 καὶ
928 5144 1154 5218 ἀπαρχὴ
1183 5143 1495 5215 τεθειμένος
1521 5141 1631 5197 τῶν
1656 5145 1736 5207 εἰς
1765 5159 1885 5197 και-

317 5244 510 5314 νόνητα
538 5243 685 5313 ζωῆς
713 5238 1214 5313 ἁναμορφουμὲνων
1244 5239 1303 5292 ὲν
1330 5238 1627 5307 Πνεύματι,
1652 5238 1746 5291 καὶ
1776 5238 1876 5309 τὴν

313 5333 409 5389 τοῦ
432 5332 681 5404 σώματος
700 5331 1026 5400 ἀφθαρσίαν,
1048 5331 1145 5385 καὶ
1164 5328 1227 5383 τὸ
1246 5328 1345 5408 τῆς
1368 5326 1619 5397 θεότητος
1641 5328 1880 5407 ἀσφαλες

313 5422 726 5497 ἐρηρεισμένον,
753 5420 830 5485 ὡς
855 5423 913 5473 ὲν
945 5420 1157 5490 μεθέξει
1187 5418 1283 5472 καί⁵
1307 5416 1453 5472 κατά
1474 5417 1651 5489 χάριν,
1682 5418 1776 5471 καὶ
1800 5420 1880 5484 εἰς

316 5515 464 5570 ἅπαν
518 5512 621 5585 ἤδη
671 5512 731 5566 τὸ
776 5509 1115 5581 ἀνθρώπινον
1160 5507 1520 5580 παραπέμψει
1558 5508 1734 5577 γένος.
1770 5508 1883 5563 Καὶ

388 5666 436 5698 ⁸⁸
476 5663 636 5720 Hebr.
671 5679 731 5729 ιι,
764 5664 852 5729 14,
886 5663 971 5719 lii.

522 5760 796 5820 Ριιιιοι..
836 5760 952 5821 Gn.
1003 5758 1270 5821 LXXVI.

1987 5157 2103 5203 stus
2157 5157 2390 5217 namque
2429 5148 2635 5216 primus
2683 5156 2738 5202 et
2766 5147 2914 5202 solus
2942 5161 3007 5203 ex
3040 5148 3368 5204 omnibusin
3404 5155 3553 5204 terra

1991 5254 2011 5289 ι
2044 5246 2327 5307 peccatum
2362 5252 2469 5292 non
2490 5238 2637 5304 fecit,
2674 5253 2774 5293 nec
2805 5238 2959 5293 dolus
2996 5238 3248 5299 iuventus
3268 5246 3353 5295 est
3383 5239 3435 5295 in
3457 5254 3555 5296 ore

1988 5326 2131 5383 illius
2156 5328 2223 5381 ”.
2268 5347 2287 5381 ι
2325 5327 2427 5395 Qui
2475 5344 2612 5384 unus
2652 5328 2876 5398 proinde
2908 5330 3116 5399 positus
3150 5337 3408 5402 tauquam
3461 5346 3553 5387 ra-

1989 5419 2079 5476 dix
2118 5430 2173 5476 et
2202 5422 2412 5476 initiqu
2460 5422 2729 5491 quoddam
2765 5432 3110 5491 cunctorum,
3144 5424 3235 5494 qui
3259 5423 3313 5479 in
3348 5420 3552 5493 Spiritu

1992 5512 2059 5565 ad
2111 5513 2235 5567 vita:
2292 5513 2583 5568 novitatem
2640 5513 3051 5583 instaurantur,
3091 5523 3146 5573 et
3177 5514 3421 5587 corporis
3454 5513 3558 5569 ima

1046 5662 1090 5694 "
1132 5660 1288 5717 Rom.
1317 5678 1437 5732 vru,
1472 5663 1527 5732 3,
1564 5663 1621 5718 ι.
1695 5663 1742 5696 ⁸⁸
1780 5661 1866 5717 lC

1985 5666 2223 5730 “11,12.
2303 5669 2349 5704 ”
2388 5669 2406 5725 Ι
2439 5667 2586 5727 Petr.
2620 5687 2679 5742 ιι,
2710 5672 2800 5727 Si.
2848 5662 2851 5669 ’

3163 5759 3237 5827 37
