3912 6182
511 191 650 254 1163

1501 185 1558 239 S.
1600 181 1869 240 CYBILLI
1909 179 2376 236 ALEXANDRINI
2418 172 2732 234 AliClllEP.

3564 174 3676 231 Ηθί

508 315 915 378 mortalitatem,
940 318 995 366 et
1021 322 1142 365 eam
1161 319 1278 376 qua?
1301 318 1365 362 ex
1392 305 1674 360 divinitate
1695 303 2079 371 proﬁciscitur,

2199 301 2343 354 τοῦτο
2384 301 2540 364 εἰδὼς
2585 303 2612 354 ὀ
2663 297 2947 360 θεσπέσιος
2979 295 3174 365 γράφει
3220 290 3438 354 Παῦλοςο
3480 291 3675 363 ι”οσπερ

509 409 860 466 securitatem
923 417 986 458 ac
1049 401 1383 464 ﬁrmitatem,
1434 399 1728 452 secundum
1791 395 2078 463 quamdam

511 501 700 571 gratia:
758 493 1304 551 communicationem
1360 489 1414 543 in
1455 488 1768 543 universum
1796 486 2078 540 hominum

510 605 678 662 genus
704 589 1058 643 transmittet.
1083 584 1250 654 Cujus
1267 580 1485 652 quidem
1531 594 1606 634 re.
1633 579 1848 634 divinus
1879 577 2083 631 Paulus

508 701 614 740 non
652 685 894 754 ignarus,
939 681 1010 734 ita
1041 677 1270 733 scribit:
1312 695 1330 728 ‹
1380 675 1531 731 Sicut
1569 673 1904 744 portavimus
1949 671 2086 725 ima-

508 777 690 845 ginem
732 773 958 836 terreni,
989 780 1266 840 portemus
1298 777 1350 824 et
1379 766 1670 837 imaginem
1700 763 1939 820 cmlestis
1967 763 2032 815 ⁸ο.
2057 782 2076 814 ι

509 864 802 934 Imaginem
865 861 1068 915 terreni
1101 857 1355 929 peccandi
1393 855 1828 926 propensionem,
1854 861 1910 906 et
1934 866 2082 905 mor-

506 967 616 1012 tem
645 953 912 1025 quzchinc
946 951 1142 1010 oritur,
1174 957 1365 1004 vocat:
1391 955 1447 1001 at
1486 961 1616 1000 vero
1660 959 1755 1014 per
1790 943 2077 1014 imaginem

499 1045 766 1108 cazlcstis,
798 1047 896 1098 hoc
921 1051 1024 1104 est,
1047 1039 1274 1102 Christi,
1307 1036 1669 1091 constantiam
1730 1035 1782 1088 in
1840 1033 2156 1099 sanctitate,

505 1141 693 1208 ptioue
726 1138 791 1191 ad
821 1137 982 1189 vitam
1002 1144 1054 1188 et
1074 1131 1532 1186 immortalitatem
1560 1128 1827 1198 designat.

581 1228 723 1283 XXI.
767 1226 962 1279 Totum
996 1225 1179 1291 itaque
1219 1220 1314 1274 Dei
1352 1220 1583 1273 Verbum
1619 1218 1715 1272 toti
1753 1226 1962 1272 natura:
1996 1232 2093 1272 no-

510 1330 638 1376 stra:
688 1315 939 1372 humanm
983 1315 1194 1368 unitum
1245 1311 1562 1367 asserimus.
1610 1309 1764 1365 Nulla
1818 1311 1960 1364 enim
2006 1325 2093 1364 ra-

515 1412 662 1466 tione
694 1407 990 1477 putandum
1019 1413 1123 1467 est,
1166 1402 1411 1471 principe
1447 1401 1619 1456 nostri
1646 1411 1822 1470 parte,
1856 1401 1960 1455 hoc
1985 1409 2090 1465 est,

512 1501 690 1556 anima
719 1497 987 1564 neglecta,
1017 1493 1474 1564 peregrinationis
1496 1507 1608 1547 sure
1643 1491 1919 1547 molestias
1941 1491 2091 1546 carni

515 1590 700 1658 largiri
734 1573 991 1643 voluisse.
1023 1584 1258 1639 Pulchre
1301 1593 1480 1638 autem
1516 1598 1612 1652 per
1646 1593 1936 1653 utramque
1967 1599 2094 1652 paro

517 1693 624 1736 tem
684 1675 1106 1747 dispensationis
1162 1683 1562 1730 sacramentum
1605 1674 1876 1742 perfecit:
1928 1688 2094 1728 carne

517 1787 613 1827 sua
653 1779 906 1837 tanquam
937 1781 1141 1838 organo
1186 1766 1254 1819 ad
1289 1765 1471 1820 carnis
1502 1780 1688 1834 opera,
1717 1764 2094 1834 naturalesque

516 1861 884 1932 mgritudines,
912 1874 975 1913 ac
1009 1868 1203 1913 caztera
1244 1855 1418 1911 cilicia
1459 1857 1872 1926 vituperationis
1901 1871 2094 1925 exper-

515 1953 626 2017 tia;
669 1949 850 2002 anima
890 1961 1101 2001 rursum
1131 1947 1198 1999 ad
1249 1945 1514 2000 humanas
1566 1945 1978 2014 inculpatasque
2010 1945 2093 1998 af-

518 2040 782 2094 fectiones
829 2038 1101 2092 utebatur.
1145 2033 1280 2089 Nam
1331 2043 1384 2089 et
1429 2034 1689 2099 esuriem,
1737 2043 1792 2088 et
1834 2034 2094 2103 longioris

519 2132 728 2188 itineris
757 2129 1022 2193 laborem,
1068 2137 1122 2182 et
1168 2140 1420 2194 pavorem
1463 2141 1526 2181 ac
1561 2138 1787 2190 metum,
1830 2135 1884 2180 et
1923 2125 2094 2180 tristi—

521 2223 672 2288 tiam,
705 2229 760 2276 et
794 2233 1073 2286 angorem,
1103 2226 1158 2271 et
1189 2217 1357 2285 ipsam
1393 2216 1628 2284 denique
1661 2217 1714 2269 in
1749 2230 1923 2274 cruce.
1951 2230 2097 2270 mor-

521 2328 626 2368 tem
657 2309 944 2380 pertulisse
976 2308 1226 2364 traditur.
1254 2305 1468 2361 Etenim
1513 2306 1660 2360 nullo
1695 2314 1943 2376 cogente,
1978 2307 2096 2360 ani-

519 2419 662 2459 mam
701 2417 854 2458 suam
891 2400 1061 2455 nostri
1097 2414 1262 2455 causa
1296 2399 1480 2468 posuit
1503 2399 1570 2465 “,
1615 2413 1724 2467 quo
1754 2399 2008 2453 nimirum
2043 2409 2098 2453 et

519 2494 657 2550 vivis
685 2501 740 2549 et
765 2492 992 2547 mortuis
1014 2491 1390 2545 dominaretur
1412 2491 1479 2544 “.
1514 2490 1579 2543 Et
1601 2490 1818 2558 quidem
1847 2490 1952 2560 19
1976 2505 2096 2544 car-

519 2599 640 2640 nem
674 2597 829 2638 suam
857 2581 998 2636 citra
1033 2580 1465 2635 controversiam
1496 2579 1835 2634 liberationis
1863 2580 2094 2648 pretium

521 2689 619 2745 pro
653 2673 895 2728 omnium
932 2685 1098 2726 carne
1131 2670 1390 2740 dependit
1417 2688 1431 2738 ;
1460 2671 1698 2724 animam
1731 2686 1860 2726 vero
1889 2670 2092 2739 justum

522 2780 620 2835 pro
671 2761 978 2818 mortalium
1021 2760 1264 2816 omnium
1316 2759 1602 2815 animabus
1657 2760 1890 2829 pretium
1942 2760 2096 2814 exhi-

522 2857 664 2919 buit,
712 2853 930 2909 tametsi
961 2853 1125 2907 vitam
1153 2866 1316 2921 quam
1363 2861 1620 2920 posuerat
1651 2852 1798 2921 (nam
1825 2853 1932 2906 vita
1979 2861 2098 2906 erat

2187 393 2294 464 γὰρ
2333 393 2674 462 ἐφορέσαμεν
2705 391 2805 462 τὴν
2845 387 3029 441 εἰκόνα
3073 383 3162 438 τοῦ
3203 381 3393 453 χοϊκοῦ,
3417 382 3680 452 φορέσωμεν

2188 487 2282 537 καὶ
2305 483 2402 552 τὴν
2440 483 2624 536 εἰκόνα
2650 481 2746 535 τοῦ
2773 476 3118 548 ἐπουρανίου.
3145 493 3162 526 ι
3187 473 3368 527 Εῐκόνα
3395 472 3479 542 μὶν
3501 472 3592 540 γὰρ
3607 471 3679 525 τοῦ

2190 574 2399 645 χοϊκοῦ,
2436 574 2494 626 τὺ
2539 571 2815 627 εύόλισθον
2871 569 2976 639 ἔφη
3027 566 3159 636 πρὸς
3194 563 3463 634 ἁμαρτίαν,
3487 563 3570 616 και
3611 563 3680 614 τὸν

2190 665 2440 719 ὶντεῦθεν
2473 666 2604 736 ἡμῖν
2650 661 3012 734 ὲπιῤῥιφέντα
3042 659 3264 713 θάνατον
3288 674 3302 686 ε
3345 655 3508 708 εἰκόνα
3549 652 3595 704 δὲ
3631 646 3682 704 αὖ

2189 759 2284 812 τοῦ
2338 756 2686 827 ἐπουρανίου,
2718 755 2968 809 τουτέστι
3018 749 3271 822 Χριστοῦ,
3311 747 3370 802 τὸ
3409 746 3586 815 ἑδραῖον
3623 745 3685 805 είς

2191 850 2482 920 ἁγιασμδν,
2513 849 2606 904 καὶ
2639 848 2736 920 τὴν
2761 850 2828 901 ὲκ
2851 846 3083 900 Θανάτου
3130 844 3221 896 καὶ
3254 840 3444 911 φθορᾶς
3480 839 3688 905 ἀνακομι-

2189 942 2286 1014 δήν
2315 959 2375 996 τε
2402 941 2498 996 καὶ
2523 941 2868 997 ἀνακαίνισιν
2892 941 2972 1003 εἰς
2997 935 3302 1007 ἀφθαρσίαν
3330 932 3415 987 καὶ
3439 931 3580 1000 ζωῆνο

2194 1033 2542 1102 reditumque
2583 1041 2640 1086 et
2689 1030 3135 1088 instaurationem
3160 1042 3226 1082 ex
3259 1036 3421 1081 morte
3457 1033 3503 1076 et
3545 1035 3690 1076 cortu.

2268 1220 2403 1274 ΚΜ.
2448 1217 2610 1273 Ὀλον
2660 1213 2752 1272 οὖν
2793 1217 2891 1288 ὅλη
2939 1210 3275 1285 συνηνῷσθαί
3316 1224 3478 1278 φαμεν
3516 1207 3572 1274 τῇ
3603 1181 3691 1254 καθ’

2196 1312 2344 1381 ἡμᾶς
2370 1309 2754 1381 ἀνθρωπότητι
2795 1308 2888 1362 τὸν
2918 1309 2984 1361 ὲκ
3017 1305 3154 1360 Θεοῦ
3181 1303 3365 1370 Λόγον.
3399 1298 3468 1350 Οὐ
3503 1295 3594 1362 γάρ
3617 1307 3692 1342 που

2195 1403 2256 1457 τὸ
2303 1403 2527 1471 ἄμεινον
2587 1405 2645 1456 ὲν
2697 1403 2846 1472 ἡμῖν,
2887 1399 3134 1453 τουτέστι
3197 1393 3386 1464 ψυχὴν,
3439 1387 3614 1447 οὐδενὸς
3650 1383 3697 1434 ἂν

2194 1495 2396 1566 ἠξίωσε
2439 1496 2623 1564 λόγου,
2675 1494 2812 1566 μόνῃ
2857 1492 3204 1564 δωρούμενος
3228 1491 3293 1558 τῇ
3323 1482 3474 1556 σαρκὶ
3499 1480 3581 1548 τῆς
3605 1478 3696 1529 ἑπι-

2195 1587 2397 1657 δημίας
2424 1587 2552 1650 τοὺς
2581 1585 2796 1649 πόνους.
2841 1587 3177 1656 Ἐπράττετο
3213 1580 3268 1632 δὲ
3301 1573 3469 1635 καλῶς
3495 1572 3550 1624 δι’
3575 1568 3702 1657 ἄμφω

2347 1677 2662 1748 οἰκονομίας
2711 1678 2775 1730 τὸ
2831 1655 3170 1748 μυστήριον’
3222 1665 3598 1741 προσεχρήσατο
3641 1655 3699 1748 δὲ,

2197 1745 2453 1841 καθάπερ
2476 1745 2714 1840 ὀργάνῳ,
2747 1745 2843 1841 τῇ-
2861 1760 2961 1840 μὲν
2998 1745 3118 1839 ista
3162 1761 3346 1834 σαρκὶ,
3383 1755 3490 1831 [τὰ]
3520 1751 3630 1822 πρδε
3656 1745 3706 1800 τὰ

2200 1856 2424 1931 σαρκὺς’
2447 1860 2585 1931 ἔργα
2609 1878 2668 1914 τε
2704 1860 2801 1914 καὶ
2831 1859 3255 1932 ἀρρωστήματα
3287 1847 3496 1922 φυσικὰ,
3532 1843 3610 1897 καὶ
3632 1841 3706 1893 ὅσα

2201 1952 2392 2023 μώμου
2427 1953 2644 2023 μακράν
2664 1965 2678 1982 ⁸
2711 1951 2858 2023 ψυχῇ
2883 1951 2927 2004 δ’
2954 1945 3020 2004 αὖ
3054 1951 3120 2020 τῇ
3164 1947 3291 2018 ἰδίᾳ,
3319 1943 3448 2014 πρὸς
3471 1939 3531 1992 τὰ
3550 1932 3710 2003 ἀνθρώ·

2199 2045 2330 2100 πινά
2359 2061 2418 2098 τε
2447 2045 2540 2098 καὶ
2564 2045 2862 2099 άνυπαίτια
2891 2041 3063 2112 πάθη.
3091 2041 3358 2110 Πεινῆσαι
3398 2034 3496 2103 γὰρ
3518 2029 3707 2096 λέγεται,

2198 2139 2400 2200 κόπους
2461 2138 2785 2205 ὑπενεγκεῖν
2837 2136 2966 2198 τοὺς
3020 2135 3084 2186 ἐκ
3146 2127 3372 2204 μακρῶν
3434 2117 3712 2192 ὁδωποριῶνν

2199 2229 2389 2292 πτοίας
2422 2246 2481 2282 τε
2521 2229 2614 2282 καὶ
2646 2228 2869 2298 φόϐους,
2899 2227 2994 2280 καὶ
3026 2224 3236 2295 λύπην,
3265 2221 3358 2274 καὶ
3386 2214 3615 2285 ἀγωνίαν,
3642 2207 3713 2262 καὶ

2199 2321 2289 2376 τὸν
2322 2320 2418 2374 ἐπὶ
2450 2319 2528 2391 τῷ
2573 2297 2795 2390 σταυρῷ
2829 2318 3082 2371 θάνατον.
3130 2306 3611 2378 Ἐπαναγκάζοντος
3635 2297 3716 2391 γᾷρ

2196 2407 2434 2471 ρύδενὸς,
2465 2388 2727 2461 τέθεικεν
2751 2388 2844 2476 ἀφ’
2889 2404 3084 2460 ἑαυτοῦ
3121 2403 3225 2474 τὴν
3259 2401 3392 2456 ἰδίαν
3416 2395 3574 2467 ψυχὴν
3611 2388 3715 2455 ὑπὲρ

2197 2500 2381 2571 ἡμῶν.
2417 2501 2503 2555 ἵνα
2532 2500 2626 2554 καὶ
2645 2501 2855 2571 νεκρῶν
2893 2499 2987 2553 καὶ
3021 2496 3250 2562 ζώντων
3276 2489 3550 2563 κυριεύσῃ⁶
3582 2481 3716 2551 σάρκα

2203 2593 2302 2663 μὲν
2339 2593 2436 2664 τὴν
2485 2592 2643 2660 ίδίαν,
2673 2593 2773 2662 τῆς
2820 2592 3076 2646 ἁπάντων
3120 2587 3328 2660 σαρκὸς
3373 2573 3718 2636 ἁνταποτιννὺςο

2199 2683 2370 2754 δῶρον
2409 2683 2623 2753 άληθῶς
2645 2683 2916 2750 ἀντάξιον·
2935 2681 3118 2752 ψυχὴν
3145 2680 3226 2742 δὲ,
3259 2675 3433 2748 ψυχῆς
3465 2669 3720 2754 ἀντίλυτρον

2199 2753 2301 2842 τῆς
2328 2772 2585 2827 ἁπάντων
2616 2773 2961 2841 ποιούμενος,
3001 2771 3050 2824 εί
3085 2771 3191 2824 καὶ
3226 2767 3424 2823 ἀνεϐίω
3455 2762 3614 2819 πάλιν,
3639 2753 3723 2821 ζωὴ

2201 2864 2346 2918 κατὰ
2375 2863 2537 2933 φύσιν
2568 2864 2832 2934 ὑπάρχων
2855 2864 2931 2924 ὡς
2960 2861 3122 2925 Θεός.
3158 2862 3272 2915 Καὶ
3295 2857 3424 2928 γοῦν
3445 2857 3472 2908 ὁ
3495 2849 3725 2906 θεσπέσιος

2130 1627 2169 1682 Β

519 2962 582 3009 ιιι
619 2950 760 3006 Deus
814 2949 1110 3004 secundum
1169 2953 1444 3014 naturalis,
1493 2944 1669 2998 denuo
1719 2945 2094 3014 resumpserit.

2202 2957 2410 3029 Πέτρος
2432 2996 2447 3021 ο
2485 2977 2502 3008 ι
2541 2957 2768 3027 Ἄνδρες
2797 2955 3041 3024 ἀδελφοὶ,
3072 2955 3276 3025 φησιν,
3306 2951 3423 3018 ἐξὸν
3449 2948 3602 3002 εἰπεῖν
3624 2940 3728 3012 μετὰ

521 3044 658 3100 llinc
687 3043 903 3097 divinus
945 3040 1183 3095 Petrus:
1222 3057 1240 3088 ι
1273 3036 1406 3103 Viri,
1442 3037 1635 3106 inquit,
1687 3036 1905 3098 fratres,
1942 3037 2102 3092 liceat

523 3139 788 3192 audenter
822 3136 1004 3188 dicere
1049 3131 1116 3184 ad
1154 3145 1246 3186 vos
1276 3130 1341 3185 de
1390 3128 1694 3198 patriarcha
1729 3129 1921 3192 David,
1967 3143 2102 3198 quo-

522 3229 669 3282 niam
697 3236 751 3281 ct
775 3223 1063 3280 defunctus
1093 3230 1200 3286 est,
1232 3229 1281 3275 et
1315 3219 1559 3290 sepultus
1580 3229 1684 3283 est,
1711 3227 1762 3272 et
1789 3218 2100 3288 sepulcrum

523 3317 640 3387 ejus
667 3327 752 3372 est
783 3316 924 3385 apud
975 3329 1074 3368 nos
1108 3327 1277 3382 usque
1321 3312 1373 3366 in
1421 3311 1740 3367 hodiernum
1773 3312 1938 3365 diem.
1971 3310 2104 3382 Pro-

525 3411 684 3479 pheta
724 3410 888 3478 igitur
927 3421 1049 3460 cum
1083 3413 1249 3468 esset,
1293 3413 1349 3458 et
1395 3404 1562 3458 sciret
1596 3405 1722 3472 quia
1752 3403 2104 3471 jurejurando

521 3502 762 3571 jurassct
821 3499 895 3552 illi
957 3497 1117 3561 Deus,
1175 3495 1242 3550 de
1302 3494 1481 3550 fructu
1530 3495 1698 3549 lumbi
1753 3494 1871 3563 ejus
1913 3495 2105 3549 sedere

527 3610 689 3665 super
715 3593 898 3649 sedem
927 3590 1066 3659 ejus,
1121 3588 1412 3659 providens
1447 3587 1657 3642 locutus
1692 3597 1777 3642 est
1819 3589 1885 3642 de
1923 3601 2104 3641 resur-

528 3687 767 3741 rectione
809 3685 1034 3751 Christi,
1089 3685 1216 3753 quia
1248 3697 1424 3752 neque
1473 3683 1764 3737 derelictus
1808 3690 1892 3737 est
1925 3683 1978 3736 in
2021 3681 2105 3735 itt-

527 3780 705 3843 terno,
737 3792 912 3845 neque
937 3791 1066 3829 caro
1097 3775 1216 3842 ejus
1249 3775 1383 3830 vidit
1407 3773 1811 3842 corruptionem
1835 3773 1901 3824 ⁸³.
1940 3791 1958 3824 ι
1994 3771 2106 3826 Nec

526 3869 671 3924 enim
729 3866 810 3919 fas
852 3873 937 3919 est
986 3864 1188 3928 dicere,
1245 3875 1463 3915 carnem
1514 3858 1694 3914 Verbo
1746 3859 1954 3913 unitam
2004 3857 2106 3909 ali-

529 3958 746 4030 quando
778 3957 1016 4027 putuisse
1065 3953 1360 4022 corrumpi,
1395 3963 1487 4006 aut
1524 3951 1760 4007 divinam
1799 3949 1943 4004 illam
1987 3948 2105 4002 ani-

530 4068 671 4108 tnam
719 4053 859 4105 intra
907 4049 1104 4104 inferni
1141 4058 1329 4117 portas
1369 4047 1622 4101 detineri.
1657 4045 1813 4111 Nam,
1871 4054 1928 4097 ut
1967 4042 2106 4097 divi-

532 4161 638 4199 nus
686 4143 881 4197 Petrus
904 4141 1000 4205 ait,
1043 4139 1223 4194 anima
1272 4136 1389 4204 ejus
1421 4137 1473 4190 in
1510 4136 1726 4190 inferno
1771 4135 1960 4189 relicta
1997 4147 2103 4187 non

528 4235 653 4290 fuit.
698 4233 884 4302 Neque
932 4246 1061 4286 vero
1109 4239 1358 4282 naturam
1408 4227 1725 4296 illam,qute
1771 4242 1873 4282 nec
1923 4234 2104 4280 mente

528 4323 951 4394 comprehendi,
1011 4336 1184 4390 neque
1234 4336 1330 4390 per
1379 4328 1609 4375 mortem
1671 4318 1940 4373 ullatenus
1985 4317 2103 4386 capi

529 4426 728 4488 potest,
756 4416 858 4470 hoc
883 4425 966 4468 est
990 4412 1264 4482 Unigeniti
1291 4412 1651 4474 divinitatem,
1677 4425 1708 4464 e
1733 4409 2104 4464 subterraneis

530 4509 638 4564 illis
667 4506 934 4574 specubus
970 4517 1184 4558 rursum
1226 4503 1516 4558 emersisse
1548 4503 1790 4558 dicemus
1817 4518 1830 4554 :
1858 4500 2102 4569 quando-

531 4603 747 4672 quidem
812 4598 958 4652 nulla
1005 4595 1365 4650 admiratione
1411 4595 1630 4663 dignum
1677 4604 1861 4658 esset,
1911 4595 1958 4648 si
2010 4593 2103 4650 Dei

534 4694 772 4750 Verbum
808 4689 1106 4746 divinitatis
1136 4689 1184 4742 vi
1221 4689 1578 4756 ejusdemque
1611 4684 1848 4740 ellicacia
1894 4689 2100 4753 nimim,

531 4787 671 4856 apud
697 4784 899 4840 inferos
932 4797 1038 4838 non
1074 4781 1385 4846 mansisset,
1413 4795 1534 4834 cum
1564 4779 1956 4834 admirabiliter
1982 4795 2100 4834 om-

532 4880 691 4932 nibus
755 4875 918 4937 adsit,
976 4872 1305 4942 impleatque
1362 4874 1564 4925 omnia.
1629 4869 1812 4924 Deitas
1867 4884 2102 4938 namque

529 4968 678 5020 omni
717 4967 834 5020 loco
863 4973 919 5020 et
949 4962 1478 5031 circumscriptione,
1515 4972 1570 5015 et
1607 4961 1956 5016 mensurabili
1989 4976 2104 5014 ma-

527 5057 810 5127 gnitudine
858 5055 1126 5124 superior,
1180 5070 1209 5108 a
1262 5053 1411 5108 nullo
1477 5053 1596 5120 capi
1649 5051 2102 5118 comprehendive

527 5159 728 5217 potest.

2205 3047 2513 3118 παρρησίας
2547 3048 2686 3118 πρὸς
2725 3048 2871 3117 ὑμᾶς
2918 3047 3048 3116 περί
3077 3045 3184 3099 τοῦ
3214 3043 3542 3114 πατριάρχου
3586 3029 3728 3090 suos,

2201 3137 2284 3190 ὅτι
2313 3137 2409 3189 καὶ
2440 3136 2760 3208 ἐτελεύτησε
2797 3139 2892 3191 καὶ
2926 3136 3106 3208 ἐτάφη
3136 3177 3151 3202 ,
3185 3137 3283 3191 καὶ
3316 3136 3375 3188 τὸ
3408 3132 3580 3203 μνῆμα
3607 3120 3731 3177 αὐτοῦ

2203 3230 2351 3285 ἐστιν
2382 3231 2441 3284 ἐν
2487 3231 2617 3301 ἡμῖν
2663 3231 2792 3302 ἄχρι
2835 3230 2936 3300 τῆς
2971 3232 3195 3302 ἡμέρας
3231 3229 3454 3298 ταύτης.
3498 3221 3732 3294 Προφήτης

2203 3318 2296 3375 οῦν
2329 3321 2613 3392 ὑπάρχων,
2658 3322 2752 3374 καὶ
2781 3319 2940 3381 εἰδὼς
2968 3358 2982 3384 ,
3013 3322 3099 3374 ὃτι
3151 3323 3310 3392 ὅρκῳ
3350 3320 3550 3389 ὤμοσεν
3576 3309 3736 3379 αύτῴὂ

2204 3415 2359 3478 Θεὸς,
2389 3415 2453 3467 ὲκ
2481 3413 2695 3484 καρποῦ
2738 3414 2834 3482 τῆς
2869 3413 3067 3482 ὀσφύος
3101 3413 3278 3468 αὐτοῦ
3320 3412 3530 3465 καθίσαι
3571 3401 3735 3460 ὲπὶτοῦ

2206 3504 2398 3574 θρόνου
2441 3503 2629 3570 αὑτοῦ,
2679 3503 2944 3574 προειδὼς
2989 3503 3234 3574 ὲλάλησε
3283 3505 3414 3574 περὶ
3440 3503 3532 3571 τῆς
3556 3495 3739 3552 ἁναστέο

2207 3614 2346 3660 σεως
2377 3595 2471 3649 τοῦ
2517 3596 2776 3667 Χριστοῦ,
2813 3598 2896 3649 ὅτι
2937 3594 3061 3648 οὔτε
3115 3594 3516 3665 ἐγκατελείφθη
3561 3594 3588 3660 ἡ
3629 3583 3740 3657 ψδῂ

2207 3686 2375 3739 αὑτοῦ
2401 3689 2480 3750 είς
2504 3687 2661 3758 ᾅδην,
2687 3687 2800 3742 οῦθῗ
2828 3690 2864 3758 ὴ
2899 3687 3040 3758 σάρξ
3066 3689 3246 3743 αὑτοῦ
3274 3685 3383 3742 οἶδε
3415 3682 3692 3753 διαφθοράν.
3723 3696 3737 3726 ›

2206 3777 2282 3830 Ού
2317 3777 2426 3848 γάρ
2449 3795 2531 3830 τοι
2555 3777 2714 3848 θέμις
2750 3781 2944 3843 εἰπεῖν,
2997 3779 3187 3850 φθορᾷ
3228 3780 3333 3850 μὲν
3363 3774 3603 3829 δύνασθαι
3642 3785 3740 3838 κρι-

2205 3869 2415 3922 τεῖσθαί
2446 3887 2575 3922 ποτε
2621 3871 2718 3941 τὴν
2761 3870 3056 3926 ἑνωθεῖσαν
3103 3873 3188 3942 τῷ
3230 3872 3391 3942 Λόγῳ
3440 3870 3620 3939 σάρκας
3648 3863 3744 3915 κάτ’

2206 3977 2330 4031 οχον
2348 3961 2392 4014 δ’
2411 3956 2479 4014 αὖ
2501 3964 2618 4024 ταῖς
2641 3961 2766 4033 ᾅδου
2797 3962 2992 4026 πύλαις
3015 3964 3121 4033 τὴν
3147 3964 3308 4017 θείαν
3329 3961 3572 4032 γενέσθαι
3587 3955 3740 4025 ψυχήν

2208 4051 2309 4106 ούκ
2331 4053 2724 4124 ἐγκατελείφθη
2743 4054 2850 4124 γὰρ
2874 4056 2953 4116 είς
2983 4054 3145 4125 ᾅδην,
3165 4055 3320 4110 καθὰ
3346 4055 3439 4108 καὶ
3465 4056 3490 4107 ό
3514 4048 3746 4105 θεσπέσιος

2209 4141 2311 4212 ἔφη
2348 4141 2578 4211 Πέτρος.
2610 4141 2684 4194 Οὐ
2717 4143 2824 4212 γάρ
2865 4160 2967 4194 που
2992 4143 3097 4213 τήν
3129 4161 3192 4198 τε
3235 4143 3480 4211 ἄληπτον
3505 4132 3745 4192 παντελῶς.

2213 4233 2306 4285 καὶ
2349 4232 2624 4288 ἀνάλωτον
2666 4233 2744 4302 τῷ
2781 4233 2997 4303 θανάτῳ
3031 4235 3230 4301 φύσιν,
3265 4236 3515 4289 τουτέστι
3543 4230 3632 4300 τὴν
3663 4223 3751 4278 θεό-

2138 4298 2181 4353 D
2209 4338 2349 4392 τητα
2377 4321 2472 4374 τοῦ
2505 4298 2846 4390 Μονογενοῦς
2868 4362 2885 4386 ,
2935 4298 3054 4376 τιῖιν-
3082 4298 3222 4379 ὑπὸ.
3248 4325 3416 4396 χθόνα
3453 4298 3625 4394 μυχῶν
3656 4319 3753 4370 ἀνα·

2211 4413 2531 4484 κεκομίσθαι
2561 4417 2804 4485 φήσομεν
2825 4433 2838 4447 ο
2869 4415 2992 4468 οὔτε
3024 4417 3142 4488 γὰρ
3175 4418 3247 4471 ἂν
3286 4417 3498 4488 ἠξιώθη
3527 4417 3580 4468 τὸ
3610 4411 3757 4483 χρῆμα

2209 4505 2510 4574 θαύματος,
2545 4507 2593 4558 εἰ
2636 4507 2711 4576 μὴ
2770 4507 3082 4578 μεμένηκεν
3111 4512 3201 4572 είς
3230 4510 3331 4564 τὸν
3363 4509 3494 4580 ᾅδην
3524 4509 3551 4559 ό
3575 4507 3633 4557 ὲκ
3654 4497 3756 4553 Θεοῦ

2205 4599 2398 4666 Λόγος,
2463 4603 2530 4670 τῇ
2574 4601 2672 4669 τῆς
2740 4600 2994 4669 θεότητος
3053 4602 3328 4671 ἐνεργείᾳ
3371 4618 3427 4654 τε
3482 4601 3571 4652 καὶ
3619 4593 3759 4662 φύσει,

2209 4690 2532 4760 παραδόξως
2591 4707 2650 4742 τε
2713 4691 2808 4743 καὶ
2868 4691 3010 4762 ὑπὲρ
3069 4691 3266 4760 λόγον,
3316 4691 3537 4761 πληρῶν
3588 4685 3672 4756 μὲν
3713 4680 3758 4732 τά

2212 4782 2409 4844 πάντα,
2441 4783 2537 4835 καὶ
2566 4786 2678 4844 τοῖς
2709 4785 2874 4837 πᾶσιν
2903 4783 3221 4855 ἐπιδημῶν,
3239 4784 3542 4854 ’Δνὼτερον
3565 4778 3661 4848 γάρ
3686 4787 3758 4825 πω

2213 4873 2306 4924 καὶ
2339 4873 2701 4944 περιορισμοῢ
2736 4874 2830 4930 καὶ
2853 4873 3018 4927 τόπου
3051 4877 3153 4928 καὶ
3184 4875 3462 4946 μεγέθους
3492 4860 3758 4942 μετρητοῦ·ι

2210 4967 2272 5017 τὸ
2301 4963 2479 5028 Θεῖον,
2516 4965 2647 5018 αὐτὸ
2685 4965 2742 5018 δὲ
2775 4967 2881 5020 ὑπὸ
2910 4968 3145 5036 μηδενὸς
3178 4966 3558 5038 χωρούμενον.

604 5289 648 5320 ⁶⁰
691 5288 861 5344 lCor.
906 5303 994 5356 xv,
1022 5285 1112 5341 49.
1189 5287 1230 5316 ⁶¹
1273 5285 1479 5341 lJoan.
1510 5301 1590 5350 ιιι,
1625 5285 1711 5342 16.
1791 5283 1834 5313 θ’
1878 5282 2033 5337 Rom.
2070 5299 2096 5336 χ

2207 5285 2262 5340 9.
2344 5285 2387 5315 ⁸³
2426 5285 2546 5339 Act.
2584 5303 2642 5348 ιι,
2676 5286 2852 5341 9.951.

1628 5436 1794 5491 Varia:
1826 5434 2092 5490 lectiones
2131 5435 2333 5490 codicis
2365 5433 2726 5505 Seguieriani.

662 5593 857 5667 μέτρου
885 5594 976 5647 καὶ
1005 5593 1194 5665 τόμου.
1225 5592 1523 5661 Utrumque
1548 5591 1700 5646 deest
1729 5591 1779 5644 in
1820 5589 2096 5655 manuscri

2229 5589 2584 5657 Seguierano.
