3910 6200
288 290 425 351 1165

1234 274 1325 335 DE
1364 276 1591 333 RECTA
1632 275 1787 331 FIDE
1827 277 1915 331 AI)
1957 275 2404 333 TilEGDOSlUM
2430 273 2586 329 ‘iMP.

3393 281 3532 337 1166

357 408 486 463 KB‘.
509 400 820 474 Παράδοξον
839 407 862 438 ι’
891 397 948 452 δὲ
975 395 1071 452 καὶ⁴
1100 396 1280 451 οὐδενὶ
1314 397 1422 451 τῶν
1447 395 1616 451 όντων
1645 395 1860 467 θαυμα-

2030 395 2197 451 XXII.
2243 395 2435 449 Mirum
2484 408 2613 449 vero
2666 392 2837 449 videri
2890 393 3071 459 debet,
3128 396 3269 466 quod
3337 412 3537 471 corpus

286 495 411 552 στὸν
431 504 479 558 ⁸,
507 497 590 548 ὅτι
620 490 783 561 σῶμα
824 488 922 560 μὲν
955 487 1154 541 ἀνεόίω
1186 486 1245 540 τδ
1281 489 1350 558 τῇ
1398 486 1557 555 φύσει
1584 485 1855 556 φθαρτόν·

282 580 352 655 ἢν
380 582 489 652 γάρ
524 580 655 633 ῖδιον
679 576 773 631 τοῦ
805 574 1083 647 ἀφθάρτου
1109 575 1305 643 Λόγου.
1321 572 1479 645 Ψυχὴ
1501 573 1557 626 δὲ
1583 574 1647 645 δὴ
1674 575 1860 639 πάλιν,

284 671 384 742 τὴν
431 669 566 741 πρὸς
614 668 778 724 αὐτὸν
807 664 1052 736 λαχοῦσα
1082 664 1390 738 συνδρομήν
1418 680 1479 715 τε
1510 667 1604 719 καὶ
1634 665 1851 730 ἕνωσιν,

286 763 728 833 καταπεφοίτηκε
763 759 863 831 μὲν
910 761 990 822 εἰς
1025 758 1176 831 ᾅδου,
1224 758 1519 829 θεοπρεπεῖ
1543 758 1603 812 δὲ
1631 758 1860 828 δυνάμει

252 852 382 910 ’καὶ
443 852 665 924 ἐξουσίᾳ
716 851 998 923 χρωμένη,
1044 850 1140 904 καὶ
1176 852 1290 914 τοῖς
1343 852 1523 904 ἐκεῖσε
1586 848 1861 916 πνεύμασι

288 946 664 1016 κατεφαίνετο.
726 943 1022 1015 Τοιγάρτοι
1100 943 1196 997 καὶ
1256 940 1462 1011 ἔφασκε
1506 942 1617 1004 τοῖς
1672 943 1730 994 ὲν
1780 939 1864 993 δε-

290 1042 475 1111 σμοῖς·
512 1059 532 1090 ‹
580 1020 853 1102 ’ἐξέλθετε
872 1052 887 1067 ο
917 1035 1013 1091 καὶ
1037 1036 1149 1099 τοῖς
1174 1036 1231 1087 ὲν
1264 1033 1341 1105 τῷ
1367 1033 1577 1087 σκότειο
1626 1034 1858 1086 Ἀνακα-

287 1130 576 1185 λύπτεσθε.
613 1147 631 1180 ι
670 1128 779 1181 Καί
811 1145 900 1199 μοι
951 1118 1100 1181 δοκεῖ
1141 1126 1307 1196 φάναι
1341 1143 1393 1178 τι
1436 1124 1675 1179 τοιοῦτον
1707 1124 1804 1178 καὶ
1834 1125 1864 1177 ό

290 1216 575 1280 Θεσπέσιος
616 1215 821 1285 Πέτρος
866 1215 997 1286 περί
1038 1206 1134 1268 τοῦ
1191 1213 1327 1267 Θεοῦ
1380 1213 1578 1282 Λόγου,
1625 1213 1719 1267 καὶ
1763 1212 1863 1287 τῇς

282 1312 411 1365 ’καθ’
437 1309 629 1363 ἕνωσιν
667 1292 979 1380 οἰκονομίας
1000 1311 1017 1345 ί
1050 1306 1428 1379 γεγενημένης
1459 1305 1622 1360 αὐτοῦ
1646 1304 1825 1376 ψυχῆς
1844 1320 1858 1334 ·

295 1422 315 1457 ι
351 1406 615 1476 Κρεῖττον
645 1402 754 1474 γὰρ
779 1398 1264 1471 ἀγαθοποιοῦντας,
1300 1400 1349 1451 εἰ
1382 1396 1525 1451 θέλοι
1561 1397 1623 1450 τὸ
1650 1395 1863 1466 θέλημα

289 1497 384 1552 τοῦ
410 1494 567 1560 Θεοῦ,
596 1495 848 1566 πάσχειν,
874 1493 908 1566 ἦ
938 1492 1371 1553 κακοποιοῦντας
1391 1507 1402 1522 ·
1431 1491 1514 1544 ὅτι
1546 1489 1639 1542 καὶ
1673 1490 1700 1541 ό
1725 1489 1865 1559 Χρι-

291 1589 417 1654 στὸς
452 1585 599 1652 ἅπαξ
633 1586 774 1656 ὑπὲρ
804 1583 1147 1657 ἁμαρτωλῶν
1181 1581 1419 1636 ἀπέθανε
1442 1619 1457 1645 ,
1486 1580 1691 1642 δίκαιος
1723 1578 1863 1649 ὑπὲρ

289 1681 510 1746 ἀδίκων,
559 1679 626 1731 ἵν’
654 1679 802 1749 ἡμᾶς
851 1674 1178 1747 προσαγάγῃ
1230 1672 1307 1744 τῷ
1352 1671 1493 1741 Θεῷ,
1527 1669 1863 1732 θανατωθεὶς

1964 496 2157 556 suapte
2191 494 2384 540 natura
2430 484 2669 539 interitui
2717 496 2771 539 et
2811 485 2970 540 morti
2999 486 3292 542 obnoxium
3349 489 3416 542 ad
3455 490 3536 543 vi-

1965 584 2075 629 tam
2118 575 2297 629 denuo
2364 573 2590 629 redierit
2634 590 2648 627 :
2695 574 2748 629 id
2798 576 2942 628 enim
2997 574 3323 631 immortalis
3369 575 3535 631 Verbi

1964 667 2243 737 proprium
2293 673 2432 721 erat.
2483 664 2574 720 Sic
2623 678 2839 735 quoque
2886 666 3087 731 anima,
3130 682 3249 735 qua:
3281 683 3402 723 cum
3446 669 3538 724 illo

1966 758 2251 826 conjuncta
2284 758 2640 829 copuiataque
2672 759 2870 825 fuerat,
2897 760 2963 813 ad
2991 758 3194 815 inferos
3219 763 3495 816 descendit
3519 801 3535 826 ,

1965 851 2253 920 divinaque
2280 850 2480 905 virtute
2514 865 2578 905 ac
2610 850 2850 920 potentia
2883 859 3062 915 utens,
3093 852 3372 921 spiritibus
3399 869 3538 923 quo-

1964 954 2071 1008 que
2100 940 2298 995 ibidem
2331 940 2563 1010 captivis
2591 952 2711 995 sese
2740 939 2985 995 exhibuit
3009 939 3073 993 “.
3109 932 3322 996 Etenim
3354 944 3419 999 iis
3443 945 3537 1014 qui

1962 1028 2197 1084 vinculis
2248 1030 2319 1084 ibi
2355 1029 2639 1084 constricti
2675 1029 3064 1084 detinebantur
3095 1048 3108 1084 :
3146 1049 3164 1080 ι
3197 1031 3374 1095 Exite,
3414 1034 3489 1086 ait
3520 1050 3534 1086 :

1965 1122 2032 1178 iis
2056 1136 2181 1177 vero
2218 1121 2309 1191 qui
2350 1122 2591 1178 tenebris
2612 1122 3030 1192 operiebantur:
3057 1121 3390 1179 Revelamini
3418 1125 3483 1178 ⁸⁸.
3512 1144 3530 1178 ι

1963 1215 2140 1284 Atque
2192 1215 2297 1269 buc
2352 1214 2481 1268 mihi
2534 1229 2761 1284 magnus
2836 1214 2923 1268 ille
2978 1214 3171 1271 Petrus
3230 1218 3538 1288 respexisse

1963 1304 2195 1369 videtur,
2233 1318 2355 1358 cum
2385 1303 2451 1357 de
2488 1301 2584 1356 Dei
2619 1301 2817 1366 Verbo,
2854 1300 3203 1374 ejusdemque
3237 1307 3536 1361 secundum

1966 1395 2417 1465 dispensatoriam
2470 1393 2725 1449 unionem
2776 1394 2978 1462 anima,
3036 1398 3179 1451 hunc
3214 1397 3265 1452 in
3317 1399 3537 1454 modum

1965 1474 2322 1542 concionatur
2353 1504 2367 1539 :
2403 1505 2421 1537 (
2452 1484 2644 1541 Melius
2689 1498 2771 1541 est
2819 1488 2966 1541 enim
3022 1488 3425 1545 benefacieutes
3471 1492 3538 1561 (si

1965 1578 2212 1634 voluntas
2245 1576 2338 1632 Dei
2376 1576 2527 1647 velit)
2564 1579 2697 1647 pati,
2730 1593 2890 1647 quam
2924 1578 3329 1635 malefacieutes
3362 1599 3375 1634 :
3408 1583 3538 1651 quia

1965 1670 2020 1724 e‘t
2047 1668 2300 1725 Christus
2332 1668 2497 1722 semel
2536 1684 2634 1738 pro
2662 1670 2900 1738 peccatis
2933 1672 3133 1726 nostris
3162 1682 3407 1728 mortuus
3431 1684 3536 1743 est,

291 1771 391 1841 μὲν
440 1769 641 1842 σαρκὶ,
674 1745 1048 1838 ’ζωοποιηθεὶς
1091 1745 1160 1819 δὲ*
1193 1764 1273 1836 τῷ
1316 1763 1622 1833 πνεύματι·
1689 1764 1748 1816 ὲν
1793 1755 1859 1831 ᾧ,

1968 1761 2138 1831 iusttts
2180 1775 2277 1831 pro
2302 1760 2541 1830 injustis,
2570 1761 2678 1831 20
2705 1768 2762 1814 ut
2809 1772 2908 1816 nos
2940 1759 3158 1817 otl'erret
3187 1764 3296 1818 Deo
3323 1780 3337 1830 ;
3387 1782 3539 1821 mor-

289 1862 459 1943 φησι,⁸
498 1860 596 1914 καὶ
656 1861 767 1923 τοῖς
831 1860 889 1912 ὲν
959 1857 1172 1929 φυλακῇ
1237 1855 1511 1927 πνεύμασι
1574 1853 1860 1924 πορευθεὶς

287 1948 919 2024 ὲκήρυξεν,ἀπειθήσασί
944 1965 1094 2002 ποτε.
1121 1966 1142 2002 ι
1173 1947 1306 2002 Οὐδὲ
1332 1946 1462 2017 γὰρ,
1494 1943 1670 2016 οἶμαι,
1703 1947 1860 2015 φαῖεν

288 2040 377 2106 ἂν,
421 2039 493 2103 ὡς
541 2037 722 2109 γυμνὴ
751 2039 845 2092 καὶ
875 2037 994 2092 καθ’
1034 2036 1232 2108 ἑαυτὴν
1273 2037 1307 2107 ἡ
1339 2035 1531 2107 θεότης
1558 2034 1651 2089 τοῦ
1683 2037 1858 2089 Μονο-

1962 1853 2199 1908 titicatus
2260 1852 2476 1921 quidem
2547 1866 2749 1916 carne,
2818 1851 3121 1910 vivificatus
3189 1866 3366 1910 autem
3426 1860 3538 1927 spi-

1961 1945 2065 2000 ritu
2084 1944 2149 2010 ",
2213 1943 2265 1998 in
2316 1956 2422 2012 quo
2465 1953 2520 1998 et
2567 1944 2650 1998 bis
2684 1943 2774 2013 qui
2815 1944 2866 1997 iu
2915 1959 3137 2001 carcere
3187 1957 3344 2001 erant
3373 1949 3537 2019 spiri-

1962 2036 2103 2091 tibus
2152 2035 2378 2090 veniens
2430 2034 2780 2104 praedicavit,
2836 2034 2928 2104 qui
3002 2036 3264 2093 increduli
3321 2038 3540 2097 fuerant

288 2127 482 2197 γενοῦς
520 2126 962 2196 καταπεφοίτηκε
1009 2126 1107 2197 μὲν
1142 2127 1221 2189 εἰς
1267 2125 1418 2196 ᾆδον,
1476 2124 1762 2196 διεκήρυξε
1800 2120 1858 2177 δὲ

1968 2124 2270 2195 aliquando.
2285 2142 2303 2175 ι
2332 2121 2444 2179 Nec
2466 2138 2594 2179 vero
2614 2124 2795 2179 dicent
2820 2124 3158 2181 divinitatem
3178 2142 3271 2197 per
3291 2145 3350 2186 se
3370 2129 3537 2186 solam

287 2222 399 2282 τοῖς
444 2220 622 2272 ἐκεῖσε
669 2218 973 2288 πνεύμασιν
1008 2257 1023 2282 ,
1073 2217 1315 2282 ἄποπτος
1362 2213 1496 2272 οὖσα
1540 2216 1852 2280 παντελῶς·

248 2362 257 2373 ,
288 2311 530 2381 κρεῖττον
558 2309 665 2381 γάρ
693 2309 780 2363 ἀεὶ
818 2308 911 2362 τοῦ
937 2309 1167 2380 ὁρᾶσθαι
1193 2311 1255 2362 τὸ
1296 2308 1470 2363 Θεῖον.
1509 2308 1651 2361 Ἀλλ’
1677 2308 1738 2361 οὐ
1771 2307 1855 2360 Bo-

287 2402 445 2469 λήσει
472 2402 565 2453 καὶ
589 2399 1074 2471 ἐσχηματισμένως
1116 2401 1197 2462 είς
1229 2399 1287 2453 τὸ
1315 2397 1494 2470 ψυχῆς
1525 2394 1663 2463 εἶδος
1687 2399 1856 2469 αὐτὴν

292 2489 684 2563 μεμορφῶσθαι
731 2488 974 2561 δώσομεν
997 2504 1010 2518 '
1061 2489 1429 2560 παραιτητέον
1463 2488 1571 2563 γάρ
1609 2489 1861 2559 πανταχῆ

290 2583 387 2653 τὴν
413 2582 653 2652 δόκησιν.
671 2581 810 2635 Ἀλλ’
838 2581 1029 2652 ὥσπερ
1058 2584 1172 2644 τοῖς
1194 2581 1287 2634 ἐπὶ
1314 2580 1419 2651 γῆς
1443 2562 1856 2650 συνανεστράφη

295 2674 432 2745 μετὰ
458 2675 679 2746 σαρκὸς,
714 2673 855 2727 οὕτω
903 2673 996 2726 και
1042 2677 1163 2736 ταῖς
1195 2675 1273 2736 εις
1302 2672 1428 2744 ᾅδου
1457 2672 1656 2744 ψυχαῖς
1682 2672 1862 2742 διεκή-

294 2766 469 2837 ρυξεν,
521 2766 652 2821 ἴδιον
706 2765 846 2835 ἔχων
905 2765 1155 2834 φόρημα,
1207 2763 1306 2835 τὴν
1363 2763 1655 2817 ὲνωθεῖσαν
1709 2763 1857 2833 αὐτῷ

294 2859 493 2929 ψυχήν·

293 2950 579 3017 degebant,
631 2957 874 3004 versatus
922 2948 1088 3017 estin
1138 2961 1410 3016 corpore;
1445 2948 1517 3002 ita
1585 2948 1887 3018 spiritibus,

1965 2216 2033 2272 ad
2071 2215 2277 2271 inferos
2318 2217 2686 2283 descendisse,
2730 2215 3130 2288 spiritibusque.
3166 2220 3366 2277 ibidem
3409 2239 3540 2279 con-

1964 2308 2132 2363 clusis
2178 2308 2537 2378 praedicasse;
2587 2323 2709 2364 cum
2766 2308 2880 2378 ipsa
2933 2310 3154 2365 omnino
3200 2314 3304 2367 sub
3353 2317 3540 2373 oculos

1967 2398 2073 2454 nori
2102 2399 2292 2464 cadat,
2338 2398 2791 2469 praestantiorque
2847 2398 2938 2464 sit,
2985 2414 3150 2468 quam
3210 2412 3268 2456 ut
3312 2406 3379 2459 ab
3427 2406 3538 2461 ullo

1966 2487 2114 2543 cerni
2151 2496 2338 2558 queat.
2372 2487 2480 2542 Nec
2508 2488 2671 2541 etiam
2710 2488 3113 2543 concedendum
3152 2501 3234 2546 est
3280 2493 3447 2563 ipsam
3483 2497 3534 2551 in

1967 2589 2314 2649 apparentem
2361 2579 2555 2633 anima:
2605 2579 2838 2648 Speciem
2882 2582 3320 2639 transformat-am
3368 2600 3537 2642 esse:

1965 2671 2233 2740 siquidem
2288 2679 2526 2723 externa:
2577 2669 2733 2724 istius
2784 2672 3111 2740 apparentia:
3170 2683 3537 2731 commentum

1967 2763 2193 2821 omnino
2228 2761 2498 2831 repudiari
2550 2762 2726 2816 debet.
2774 2761 2880 2816 Sed
2917 2764 3368 2832 quemadmodum
3410 2765 3541 2822 Uni-

1964 2857 2179 2927 genitus
2229 2870 2355 2909 cum
2414 2854 2515 2918 iis,
2561 2854 2651 2922 qui
2701 2853 2759 2908 in
2829 2857 3149 2925 corporibus
3197 2859 3309 2914 suis
3358 2860 3540 2916 adhuc

1962 2948 2054 3017 qui
2109 2947 2247 3016 apud
2299 2944 2502 2999 inferos
2558 2945 2907 3012 tenebantur,
2968 2948 3203 3003 animam
3251 2962 3432 3006 mente
3484 2963 3539 3008 et

295 3043 509 3096 ratione
546 3042 824 3109 prmditam
862 3040 964 3095 sibi
997 3039 1341 3109 conjunctam
1380 3040 1606 3104 habens,
1643 3041 2001 3095 concionatus
2042 3048 2146 3095 est.

368 3134 495 3186 Kl".
534 3132 641 3186 Kal.
679 3131 846 3201 βαθὺς
876 3133 974 3203 μὲν
1007 3131 1136 3196 ἴσως
1166 3132 1263 3185 καὶ
1290 3131 1600 3204 ἀπόρρητος
1653 3133 1863 3204 ἀληθῶς

2038 3130 2225 3186 XXIII.
2270 3131 2365 3187 Est
2414 3145 2546 3187 sane
2579 3131 2975 3189 incarnationis
3020 3136 3208 3191 modus
3254 3140 3537 3197 admodum

293 3226 389 3280 καὶ
428 3228 550 3288 ταῖς
595 3225 891 3299 ἡμετέραις
938 3224 1200 3288 διανοίαις
1242 3224 1342 3295 οὐχ
1386 3223 1658 3295 ἁλώσιμος
1698 3226 1725 3277 ὁ
1764 3223 1863 3293 τῆς

292 3316 757 3388 ἔνανθρωπήσεως
785 3315 1003 3386 τρόπος.
1049 3315 1257 3369 Ἐκεῖνο
1285 3316 1331 3369 δ’
1363 3310 1456 3369 οὖν
1488 3316 1638 3385 ὅμως
1669 3315 1858 3369 ἀναλο-

294 3406 541 3476 γίζεσθαι
586 3404 819 3477 πρέπει·
865 3404 934 3459 τὰ
975 3404 1085 3475 γάρ
1111 3421 1196 3458 τοι
1246 3403 1321 3476 μὴ
1364 3402 1487 3458 καθ’
1520 3406 1669 3475 ἡμᾶς
1706 3405 1866 3457 πολυ-

295 3500 654 3569 πραγμονεῖν,
688 3498 789 3550 οὐκ
817 3497 1052 3567 ἀζήμιον
1073 3512 1089 3528 σ
1141 3498 1468 3551 ἀνούστατον
1505 3496 1561 3550 δὲ
1588 3495 1867 3561 παντελῶς

294 3591 356 3644 τὸ
389 3590 642 3661 βασάνοις
680 3590 975 3661 ὑποφέρειν
1000 3589 1067 3643 τά
1100 3589 1239 3659 ὑπὲρ
1265 3588 1414 3653 νοῦν,
1453 3589 1543 3642 καὶ
1574 3587 1867 3659 πειρᾶσθαι

293 3684 436 3737 νοεῖν
472 3681 509 3735 ἀ
558 3682 656 3752 οὐχ
680 3676 896 3735 οἷόντε.
928 3683 999 3735 Ἦ
1027 3682 1125 3735 οὐκ
1166 3677 1343 3748 οἶσθα,
1389 3682 1472 3736 ὅτι
1516 3684 1578 3734 τδ
1629 3680 1762 3750 βαθὺ
1804 3682 1866 3753 δὴ

294 3772 455 3827 τοῦτο
486 3773 803 3843 μυστήριον,
836 3772 930 3823 καὶ
956 3770 1079 3825 νοῦν
1107 3772 1375 3843 ὑπερέχον
1406 3770 1499 3824 τὸν
1526 3772 1583 3823 ἐν
1614 3770 1769 3839 ἡμῖν,
1800 3773 1866 3841 τῇ

295 3864 454 3936 ἡμῶν
478 3862 899 3933 ἀπεριεργάστῳ
926 3862 1106 3915 πίστει
1161 3864 1485 3934 τετίμηται;
1514 3863 1587 3915 Τὸ
1612 3864 1668 3916 δὲ
1701 3865 1867 3918 ἀσυν-

226 4011 233 4020 ,
296 3959 434 4023 ἑτως
470 3959 681 4028 λέγειν,
730 3978 748 4010 ι
782 3957 902 4022 Πῶς
928 3956 1145 4010 δύναται
1173 3954 1344 4009 ταῦτα
1386 3954 1674 4023 γενέσθαι;
1713 3971 1731 4005 ι
1768 3954 1868 4007 Νι-

300 4051 526 4121 κοδήμῳ
544 4067 603 4103 τε
627 4050 821 4121 ἐκείνῳ
864 4048 959 4102 καὶ
990 4050 1103 4110 τοῖς
1130 4048 1253 4101 κατ’
1286 4046 1450 4099 αὐτὸν
1476 4046 1867 4117 ἀπονέμοντες,

300 4140 687 4202 ἀνενδοιάστως
720 4135 1153 4210 παραδεξὼμεθα
1185 4136 1255 4190 τὰ
1276 4136 1365 4190 διὰ
1384 4134 1477 4189 τοῦ
1520 4135 1666 4189 θείου
1700 4134 1871 4189 Πνεῦ-

306 4245 476 4300 ματος
521 4226 1011 4299 χρησμῳδοὺμενα,
1051 4227 1144 4279 καὶ
1197 4224 1343 4295 αὐτῷ
1380 4224 1439 4278 δὲ
1489 4224 1869 4293 πιστεύσωμεν

299 4318 510 4387 λέγοντι
546 4317 762 4390 Χριστῷ
784 4333 796 4346 ’
836 4336 854 4369 ι
895 4316 1087 4388 Ἀμὴν,
1120 4315 1264 4387 ἀμὴν
1287 4316 1431 4385 λέγω
1480 4317 1629 4386 ὑμῖν,
1655 4314 1691 4368 ἃ
1723 4315 1862 4368 οῖδα-

306 4430 426 4483 μεν,
478 4406 764 4482 λαλοῦμεν,
815 4411 909 4465 καὶ
950 4409 986 4463 ἃ
1020 4410 1365 4482 ἑωράκαμεν,
1407 4407 1808 4479 μαρτυροῦμεν.
1846 4426 1863 4459 ι

1970 3224 2206 3288 subtilis,
2247 3236 2481 3293 vereque
2522 3224 2956 3295 inexplicabilis;
3008 3226 3129 3283 talis
3163 3230 3398 3299 demum,
3442 3235 3538 3304 qui

1970 3316 2317 3386 cogitationis
2358 3325 2657 3387 captusque
2686 3318 2859 3384 nostri
2891 3322 3169 3391 angustias
3198 3323 3382 3380 multis
3419 3341 3544 3396 par-

1969 3409 2115 3465 tibus
2154 3407 2402 3463 excedat.
2436 3408 2778 3480 Quapropter
2815 3410 2949 3466 illud
2998 3413 3191 3469 iterum
3239 3416 3544 3489 iterumque

1970 3501 2277 3569 expendere
2331 3514 2428 3555 nos
2473 3502 2681 3556 decet:
2724 3516 2952 3573 nempe,
3006 3514 3066 3558 ut
3121 3508 3364 3575 periculo
3437 3522 3545 3566 non

1971 3600 2130 3647 vacat
2173 3592 2445 3648 curiosius
2484 3593 2537 3647 in
2577 3606 2639 3648 ea
2672 3593 2967 3664 inquirere,
3005 3612 3126 3667 quae
3158 3598 3391 3657 humana
3435 3618 3544 3659 non

1973 3695 2095 3738 sunt
2122 3702 2135 3737 :
2165 3684 2236 3738 ita
2280 3693 2538 3740 extremae
2571 3686 2857 3741 dementia:
2890 3688 3058 3743 videri
3098 3705 3161 3744 ea
3196 3707 3315 3762 qua:
3348 3694 3545 3749 mentis

1973 3785 2173 3831 nostrae
2225 3779 2397 3832 aciem
2442 3778 2751 3845 excedunt,
2801 3779 3024 3833 humani
3066 3782 3255 3851 judicii
3317 3785 3541 3840 trutina:

1973 3869 2241 3937 subjicere
2282 3867 2459 3923 ntoliri
2490 3888 2501 3922 :
2534 3869 2616 3922 vel
2665 3869 2732 3923 ad
2778 3883 2965 3924 eorum
3018 3885 3233 3925 rursum
3282 3873 3545 3944 cognitio-

1973 3974 2096 4014 nem
2152 3959 2309 4022 eniti,
2369 3974 2488 4028 quxe
2541 3958 2687 4014 nullo
2740 3968 2900 4028 pacto
2949 3968 3135 4014 nostra
3189 3961 3543 4033 intelligentia

1974 4047 2360 4118 comprehendi
2410 4056 2654 4116 possunt.
2698 4047 2886 4104 Nescis
2916 4049 3234 4118 profundum
3282 4053 3383 4108 hoc
3431 4070 3548 4126 my-

1974 4140 2225 4206 sterium,
2256 4140 2515 4208 omnique
2549 4136 2785 4194 humano
2808 4154 2972 4196 sensu
3007 4141 3313 4206 sublimius.
3343 4145 3446 4200 {ide
3477 4149 3547 4202 ab

1973 4230 2119 4286 omni
2176 4231 2389 4286 curiosa
2443 4222 2693 4300 indagine
2736 4231 2910 4287 aliena
2964 4232 3221 4289 honorari
3273 4250 3301 4289 a
3351 4226 3553 4293 nobis?

1975 4321 2337 4388 Quamobrem
2371 4321 2585 4375 stultam
2616 4304 2758 4376 iliam
2791 4323 3140 4392 quaestionem
3169 4341 3185 4381 :
3221 4344 3239 4377 ι
3269 4323 3548 4393 Quomodo

1976 4422 2201 4483 possunt
2243 4415 2356 4468 haec
2391 4412 2501 4470 ﬁeri
2530 4412 2664 4466 στι)
2710 4413 3002 4469 Nicodemo
3028 4416 3253 4487 ejusque
3283 4418 3549 4474 similibus

302 4504 543 4575 υὶχέσθω
568 4504 633 4575 δὴ
665 4497 760 4559 οῦν
788 4503 953 4575 λῆρος
985 4501 1084 4573 μὲν
1115 4500 1280 4567 ἄπας,
1330 4499 1497 4572 μῦθός
1526 4517 1584 4553 τε
1612 4498 1863 4569 ἀδρανὴς,

1980 4504 2385 4574 relinquentes,
2440 4503 2573 4559 citra
2637 4502 2801 4559 ullam
2860 4486 3254 4562 haesitationem
3314 4508 3548 4578 Spiritus

299 4599 396 4651 καὶ
434 4596 773 4666 ψευδοδοξία,
809 4595 902 4648 καὶ
936 4592 1395 4666 κεκομψευμένων
1440 4592 1740 4664 ρημάτωνιι
1787 4608 1876 4659 φε-

301 4688 595 4760 νακισμόςο
647 4686 987 4758 προσιέμεθα
1029 4684 1146 4738 οῦτι
1199 4703 1301 4738 που
1352 4683 1413 4738 τὸ
1486 4682 1872 4737 κατασίνεσθαι

302 4781 547 4852 πεφυκὸς
569 4819 584 4845 ,
615 4780 717 4834 κᾶν
757 4780 806 4832 εί
838 4780 949 4841 τοῖς
983 4777 1121 4846 ἄγαν
1163 4776 1579 4848 ὲξησκημένοις,
1631 4776 1726 4829 καὶ
1768 4775 1873 4846 μὴν

300 4875 395 4926 καὶ
424 4875 641 4943 πικροῖς
669 4873 819 4943 ἡμᾶς
846 4872 1232 4940 κατακροτοῖεν
1273 4871 1299 4907 V
1331 4869 1510 4936 λόγοις
1538 4870 1586 4921 οἱ
1627 4868 1696 4920 δι’
1718 4870 1869 4919 ἐνανο

299 4965 439 5026 τὶας.
476 4965 632 5016 Ἐστι
663 4964 773 5032 γὰρ
816 4961 877 5014 τὸ
920 4959 1062 5013 θεῖον
1109 4960 1269 5030 ἡμῶν
1318 4960 1618 5031 μυστήριον
1666 4959 1766 5010 οὐκ
1811 4958 1870 5009 ἐν

256 5120 261 5125 _
301 5072 367 5106 πε
379 5055 508 5118 ιθοῖς
535 5054 726 5123 σοφίας
753 5051 1099 5123 ἀνθρωπίνης
1128 5050 1328 5119 λόγοις,
1362 5048 1477 5103 ἀλλ’
1506 5050 1564 5101 ὲν
1593 5047 1871 5110 ἀποδείξει

300 5146 446 5200 Πνεύ
454 5163 643 5217 ματος.

1973 4596 2149 4652 sancti
2182 4596 2398 4652 oracula
2440 4587 2821 4665 suscipiamus,
2862 4596 3073 4667 ipsique
3114 4598 3332 4654 Clu-isto
3375 4600 3439 4654 de
3488 4608 3548 4654 se

1974 4688 2213 4758 loquenti
2266 4687 2424 4743 [idem
2476 4687 2816 4744 habeamus:
2850 4706 2868 4739 ι
2901 4688 3093 4756 Amen,
3147 4689 3341 4758 inquit,
3390 4704 3545 4744 amen

1973 4779 2094 4834 dico
2133 4778 2310 4843 vobis,
2366 4778 2491 4847 quia
2545 4792 2663 4847 qua:
2698 4778 2919 4842 scimus,
2970 4777 3275 4846 loquimur;
3344 4786 3397 4830 et
3430 4790 3548 4847 quas

1973 4870 2226 4933 vidimus,
2253 4866 2594 4922 testamur".
2628 4887 2646 4920 ι
2682 4867 2909 4923 Valeant
2940 4868 3103 4938 igitur
3130 4867 3343 4936 deliria,
3375 4869 3551 4925 faccs~

1979 4969 2101 5013 sant
2133 4972 2322 5012 omnes
2354 4957 2580 5012 inﬁrmae
2611 4959 2675 5011 ad
2709 4956 3395 5027 persuadendum-fabula
3430 4960 3549 5029 opi—

1984 5050 2277 5116 niouesque
2311 5046 2480 5112 falsa),
2512 5061 2575 5100 ac
2605 5046 3004 5115 pbaleratarum
3036 5046 3344 5101 vocularqu
3380 5049 3553 5119 impo«

1986 5148 2150 5192 sturaa
2175 5156 2191 5193 :
2218 5136 2349 5191 nihil
2380 5137 2521 5190 enim
2563 5136 2705 5205 quod
2739 5134 3121 5189 detrimentum
3154 5134 3351 5192 all'erre
3393 5138 3551 5204 solet,

303 5228 667 5304 admittimus;
706 5235 920 5291 etiamsi
982 5233 1275 5290 adversarii
1336 5231 1808 5287 exercitatissimis
1869 5230 2263 5300 acerrimisque
2316 5226 2618 5283 rationibus
2678 5241 2777 5283 nos
2838 5227 3191 5296 pulsaverint.
3253 5228 3347 5286 Est
3406 5230 3548 5287 enim

377 5392 424 5423 °"
464 5391 478 5443 Ι
514 5392 655 5445 Pelr.
687 5407 765 5456 Ill,
798 5390 882 5443 l9.
962 5390 1006 5420 ⁸⁵
1046 5387 1149 5443 Isa.
1182 5402 1328 5451 χιιι,
1358 5385 1412 5440 9.
1493 5386 1538 5417 "
1576 5385 1594 5438 l
1626 5386 1770 5441 Pctr.
1806 5401 1863 5439 Ill

1968 5389 2010 5452 7,
2046 5385 2133 5442 13.
2214 5385 2256 5419 ⁸⁷
2297 5384 2453 5438 Joan.
2487 5398 2572 5447 ιιι,
2605 5382 2658 5436 9.
2739 5382 2783 5413 ⁸⁸
2824 5382 2952 5439 ibid.
2987 5383 3073 5438 Η.

1393 5539 1565 5596 Variae
1596 5539 1855 5595 lectiones
1886 5539 2090 5596 codicis
2115 5540 2474 5610 Segueiriaui.

387 5692 410 5723 ι’
438 5683 497 5736 οὐ
524 5682 842 5751 παράδοξον.
920 5690 942 5718 ⁸
970 5679 1333 5752 ἀθαύμαστον.
1418 5682 1433 5718 ί
1465 5682 1831 5752 οἰκονομικήν.
1909 5687 1935 5716 υ
1967 5679 2268 5750 ῥηματίων.
2346 5689 2374 5718 ν
2405 5682 2673 5752 κρατοῖεν.
