3910 6200
299 138 314 147 ’
402 177 538 234 “67
1358 167 1416 224 s.
1456 165 1736 226 uvarum
1776 152 2247 222 ALEXANDRINI
2283 145 2604 220 Αιιειιιερ.
3505 157 3657 225 nos

400 287 637 341 divinum
662 283 762 341 hoc
793 291 1035 340 nostrum
1070 290 1492 349 sacramentum,
1525 297 1634 339 non
1670 281 1723 335 in
1785 276 2234 350 persuasibilibus
2295 276 2547 331 humanae
2614 272 2897 345 sapientiae
2922 276 3104 333 verbis
3137 295 3154 334 :
3184 279 3281 336 sed
3321 278 3375 334 in
3417 278 3661 352 Spiritus

397 377 711 433 oSIensione
747 374 981 446 positum
1002 373 1070 429 “.
1102 393 1120 427 ι

466 467 658 523 XXIV.
703 465 1020 537 Unigcnitus
1050 467 1233 537 igitur,
1264 466 1356 538 qui
1381 476 1435 521 et
1467 467 1632 533 Deus,
1659 474 1715 521 ει
1746 464 1968 521 univer—
1995 486 2010 528 Α

2142 461 2265 517 KA'.
2308 461 2440 528 Θεὸς
2481 456 2575 516 οὖν
2609 459 2894 532 ὑπάρχων,
2937 460 3033 514 καὶ
3090 460 3198 515 τῶν
3238 462 3376 516 ὅλων
3424 464 3656 535 Κύριος,

398 575 579 615 sorum
634 558 930 614 secundum
981 550 1295 635 Scripturas
1338 558 1600 615 Dominus
1652 567 1769 625 est,
1816 557 1938 613 nobi

2112 554 2215 609 ατὰ
2256 555 2356 619 τὰς
2393 552 2651 626 Γραφὰς,
2697 554 2726 606 ὁ
2763 551 3113 624 Μονογενὴς,
3172 554 3442 624 ὲπέφανεν
3479 557 3618 627 ἡμῖν
3641 574 3656 587 ·

397 651 648 720 apparuit
682 668 695 704 :
728 649 876 705 visus
906 660 991 706 est
1026 651 1080 705 in
1117 659 1260 705 terra
1284 650 1354 718 ⁷⁸,
1383 660 1438 705 ει
1467 651 1628 706 homo
1652 649 1848 717 factus,
1881 649 1941 703 hi

2111 643 2227 715 ιφθη
2273 643 2382 716 γὰρ
2426 643 2520 696 ἐπὶ
2560 642 2700 712 γῆς,
2739 642 2836 695 καὶ
2869 642 3153 714 ἐπέλαμψε
3195 640 3309 709 τοῖς
3353 647 3410 699 ἐν
3448 646 3655 707 σκότει,

396 741 484 813 qui
528 743 581 795 in
626 741 1288 805 tenebris'versabantur,
1339 739 1534 805 illuxit,
1592 755 1701 794 non
1742 739 1940 810 phanta

2112 735 2359 806 ενόμενος
2381 734 2667 806 ἄνθρωπος
2688 773 2705 800 ,
2730 734 2790 787 οὐ
2823 733 3040 804 δοκήσει
3061 773 3077 800 ,
3109 733 3185 806 μὴ
3207 731 3449 804 γένοιτοε
3483 735 3656 807 μανία

395 839 586 898 smate,
630 830 723 886 aut
769 841 997 886 externo
1038 840 1244 885 tantum
1296 832 1604 897 schemate,
1643 830 1815 887 absit!
1867 833 1936 887 ho

2113 824 2181 897 ὰρ
2210 824 2368 879 τοῦτό
2400 842 2462 894 γε
2492 827 2732 895 φρονεῖν,
2758 824 2791 895 ἢ
2819 824 3001 895 λέγειν
3025 841 3039 855 ’
3068 820 3193 879 οὔτε
3224 825 3333 899 μὴν
3362 829 3442 891 εἰς
3470 829 3657 900 σάρκα

390 924 537 978 enim
568 923 790 988 sentire,
820 931 912 976 aut
939 922 1139 987 dicere,
1170 931 1248 977 est
1278 932 1465 1001 aperte
1498 923 1761 978 insanire.
1787 921 1934 992 Neqn

2106 915 2428 987 παρενεχθεὶς
2453 914 2597 970 κατὰ
2639 915 2992 986 μετάστασιν,
3026 915 3061 987 ἢ
3090 917 3331 989 τροπήν*
3354 917 3650 972 ἀναλλοίω-

386 1022 611 1067 rursum
650 1025 747 1082 per
778 1012 860 1066 sui
908 1011 1281 1079 mutationem,
1321 1021 1413 1065 aut
1441 1013 1871 1079 conversionem,
1915 1013 1930 1067 i

2109 1029 2164 1075 ος
2196 1010 2306 1082 γὰρ
2346 1009 2435 1064 ἀεὶ
2469 1008 2611 1063 κατὰ
2636 1009 2699 1062 τὸ
2735 1008 2867 1063 αὐτὸ
2912 1009 3008 1062 καὶ
3052 1006 3315 1074 ὡσαύτως
3356 1009 3493 1081 ἔχων
3528 1012 3559 1064 ὁ
3584 1010 3653 1085 ἐξ(

396 1118 617 1159 carnem
663 1101 1086 1157 transformatus
1116 1103 1219 1172 21
1253 1112 1336 1158 est
1366 1121 1379 1156 :
1410 1098 1503 1159 Dei
1556 1104 1700 1158 enim
1731 1104 1940 1159 Verbum

2110 1103 2207 1157 νεοῦ
2237 1103 2428 1172 Λόγος.
2471 1101 2613 1156 Ἀλλ’
2643 1100 2766 1155 οὐδὲ
2795 1101 3093 1173 όμόχρονον
3115 1106 3182 1174 τῇ
3217 1102 3380 1173 σαρκὶ
3405 1100 3503 1175 τὴν
3543 1098 3654 1157 ῦπ-

395 1194 574 1250 umnis
622 1192 937 1248 mutationis
987 1207 1202 1264 expers,
1250 1206 1357 1247 uno
1408 1209 1624 1265 semper
1670 1195 1934 1265 eodem‘qn

2106 1192 2230 1267 ,pEtv
2257 1193 2397 1263 έχων
2421 1207 2433 1221 ⁸
2468 1191 2632 1256 αὐτὸς
2673 1194 2772 1264 γάρ
2798 1195 2913 1247 ἐστι
2946 1193 3054 1246 τῶν
3084 1193 3297 1247 αἰώνων
3330 1196 3358 1248 ό
3384 1184 3650 1267 Ποιητής.

395 1284 557 1339 modo
603 1298 662 1338 se
701 1283 887 1337 habet.
932 1282 1116 1351 Nerine
1164 1297 1401 1338 comvam
1455 1298 1577 1337 cum
1627 1298 1791 1339 carne
1838 1285 1939 1340 sub

2108 1284 2212 1337 lbra
2240 1285 2346 1354 μὴν
2371 1283 2448 1346 ὡς
2470 1281 2629 1348 λόγος
2657 1282 3051 1349 ἀνυπόστατος,
3079 1283 3199 1337 οὐδὲ
3220 1284 3296 1348 ὡς
3320 1286 3467 1357 ῥῆμα
3489 1279 3652 1357 ψιλδν

396 1373 654 1430 stantiam
681 1374 905 1428 sortitus
927 1376 1011 1428 est
1037 1389 1051 1425 :
1084 1373 1196 1442 ipse
1225 1388 1457 1442 namque
1498 1373 1818 1431 saeculorum
1847 1382 1940 1431 oon

2108 1393 2132 1428 ν
2167 1373 2440 1445 ἀνθρώπῳ
2466 1371 2689 1441 γεγονός
2705 1380 2732 1408 ι
2755 1389 2767 1402 ·
2794 1373 2822 1425 ὁ
2855 1372 2963 1444 γάρ
2991 1390 3072 1427 τοι
3097 1372 3277 1427 καλῶν
3302 1374 3371 1429 τὰ
3393 1376 3493 1428 οὐκ
3517 1370 3652 1429 ὅντα

394 1465 537 1519 ditor
573 1473 680 1519 est.
715 1461 907 1534 Neque
948 1465 1303 1533 hypostaseos
1329 1479 1537 1528 exsors,
1571 1473 1628 1519 ut
1661 1480 1843 1522 sermo
1878 1481 1938 1521 au

2104 1462 2206 1521 ποτὲ
2283 1461 2420 1536 πρὸς
2470 1463 2711 1534 ,ὓπαρξιν
2776 1463 2871 1518 καὶ
2927 1464 3176 1534 γένεσιν,
3232 1467 3648 1539 προῦφέστηκεν

393 1557 593 1611 nudum
622 1560 828 1609 tantum
865 1555 1204 1623 simplexque
1233 1558 1481 1620 verbum,
1507 1556 1648 1625 quod
1676 1556 1729 1610 in
1754 1554 1935 1611 homin

2104 1552 2422 1626 ιναγκαίωςσ
2472 1554 2637 1618 αὐτὸς
2678 1554 2788 1626 γάρ
2818 1556 2966 1608 ἐστιν
3015 1558 3048 1627 ἡ
3095 1555 3245 1625 ζωὴ,
3280 1558 3535 1627 πεφηνὼς
3580 1562 3648 1613 ἐκ

392 1646 716 1705 inhabitavit
746 1667 759 1703 :
792 1662 915 1702 nam
947 1646 1035 1717 qui
1085 1662 1146 1702 ea
1190 1661 1309 1717 qure
1354 1663 1457 1701 non
1496 1658 1642 1714 sunt,
1683 1658 1872 1704 evocat
1912 1664 1936 1702 u

2104 1649 2221 1719 ’ωῆς
2257 1646 2352 1701 τοῦ
2383 1646 2519 1700 Θεοῦ
2554 1644 2647 1699 καὶ
2679 1646 2893 1717 Πατρὸς
2913 1684 2929 1710 ,
2959 1646 3112 1711 ὄντος
3137 1664 3197 1699 τε
3224 1648 3318 1700 καὶ
3353 1650 3648 1719 νοουμένου

395 1744 504 1799 sint
552 1751 607 1796 ει
647 1740 936 1805 exsistant,
994 1740 1041 1793 is
1089 1739 1398 1803 necessario
1443 1740 1770 1809 praecxsistit
1802 1760 1817 1797 :
1852 1741 1937 1811 ips

2108 1742 2195 1793 ar‘
2242 1740 2375 1793 ἰδίαν
2423 1737 2740 1791 ὑπόστασιν.
2780 1737 2921 1790 Ἀλλ’
2958 1738 3079 1790 οὐδὲ
3115 1738 3288 1811 μόνην
3334 1740 3652 1811 ἠμπέσχετο

394 1833 538 1890 enim
589 1841 673 1889 est
716 1832 822 1886 vita
859 1845 926 1885 ex
976 1829 1082 1884 vita
1140 1831 1251 1884 Deo
1296 1825 1461 1885 Patre
1508 1834 1831 1899 procedens,
1876 1848 1938 1902 qu

2106 1831 2254 1902 ’ἀρκα
2282 1829 2459 1902 ψυχῆς
2490 1827 2706 1900 ὲρήμην
2742 1827 2843 1896 τῆς
2885 1828 3140 1900 λογικῆς·
3181 1831 3504 1901 γεγέννηται
3541 1832 3650 1903 γάρ

395 1924 613 1996 quidem
661 1922 958 1979 secundum
1001 1922 1273 1992 propriam
1322 1922 1634 1991 hypostasin
1687 1931 1741 1977 et
1776 1930 1869 1979 'est
1912 1939 1939 1980 e

2106 1922 2220 1977 ιατά
2247 1921 2503 1993 ἀλήθειαν
2532 1921 2595 1973 ὲκ
2628 1917 2907 1989 γυναικὸς,
2940 1920 3035 1973 καὶ
3065 1919 3309 1990 πέφηνεν
3338 1920 3650 1992 ἄνθρωπος,

394 1994 731 2085 intelligitur.
769 2012 875 2067 Sed
911 2026 1087 2081 neque
1123 2027 1342 2068 carnem
1374 2021 1611 2081 qno‘que,
1636 2028 1756 2082 quae
1784 1994 1938 2067 anim.

2129 2011 2237 2075 ζῶν
2265 2000 2361 2064 κάι
2391 2011 2675 2083 ὑπάρχων,
2690 2006 2786 2064 καὶ
2817 2010 3086 2074 συναῒδιος
3106 2010 3185 2081 τῷ
3213 2010 3333 2082 Θεῷ
3363 2012 3458 2065 καὶ
3474 2000 3652 2085 Πατρλ

393 2106 603 2160 ratione
637 2105 860 2175 praedita
898 2114 1136 2169 vacaret,
1169 2103 1343 2158 induit
1371 2104 1843 2173 :quandoquidem
1886 2104 1937 2159 vi

2108 2102 2209 2166 ιεὸς
2232 2104 2425 2171 Λόγος,
2471 2102 2683 2173 μορφὴν
2703 2101 2888 2155 δούλου
2920 2100 3099 2155 λαϐὼν
3118 2120 3132 2135 ι
3166 2103 3261 2156 καὶ
3290 2103 3434 2157 ἔστιν
3458 2102 3652 2177 ὥσπερ

388 2211 513 2249 vum
555 2194 685 2249 illud
728 2195 1161 2263 subsistensqne,
1208 2208 1271 2247 ac
1303 2193 1411 2249 Deo
1436 2192 1586 2249 Patri
1628 2203 1932 2249 coarternnn

2109 2209 2127 2244 ν
2164 2190 2379 2263 θεότητι
2428 2184 2675 2258 τέλειος,
2722 2190 2867 2244 οῦτω
2900 2192 2993 2245 καὶ
3036 2190 3095 2245 ὲν
3138 2191 3520 2266 ἀνθρωπότητι
3559 2197 3653 2248 τέ-

378 2282 529 2341 Deus
554 2284 791 2341 Verbum
823 2285 1007 2340 servili
1052 2284 1223 2339 forma
1254 2294 1527 2356 suscepta,
1576 2299 1705 2340 vere
1736 2300 1803 2340 ex
1847 2302 1922 2338 ιιιι

2110 2298 2246 2345 ειος⁸
2284 2282 2384 2335 οὐκ
2426 2284 2490 2336 ὲκ
2543 2281 2709 2353 μόνης
2756 2281 3008 2352 θεότητος
3053 2282 3147 2336 καί
3193 2285 3395 2356 σαρκὸς
3438 2286 3521 2349 εἰς
3552 2286 3654 2339 ἕνα

385 2372 519 2434 liere
567 2386 774 2444 natum,
820 2388 874 2431 et
909 2377 1070 2431 homo
1113 2375 1315 2432 factum
1365 2384 1484 2441 est,
1519 2384 1709 2446 estque
1739 2375 1929 2447 perind

2109 2374 2310 2446 ῖριστὸν
2342 2372 2454 2427 ’καὶ
2485 2364 2690 2445 Κῦριον
2736 2373 2831 2427 icti.
2862 2373 2991 2427 Υἰδν
3024 2375 3399 2446 συγκείμενος,
3433 2376 3553 2429 ἀλλ’
3581 2378 3653 2429 ἐκ

385 2469 685 2541 perlectum
737 2468 792 2522 in
837 2467 1179 2523 humanitate
1210 2482 1275 2523 ac
1322 2467 1375 2522 in
1411 2467 1632 2522 deitate.
1677 2464 1790 2520 Non
1824 2466 1928 2522 enin

2107 2469 2217 2519 υοῖν
2264 2465 2514 2530 τελείοιν,
2557 2463 2955 2537 άνθρωπότητα
2984 2464 3049 2538 δὴ
3077 2464 3221 2534 λέγω
3266 2467 3361 2522 καὶ
3390 2464 3651 2538 θεότητα,

384 2566 454 2615 ει
500 2559 616 2616 sola
661 2573 826 2615 carne
870 2566 927 2613 et
977 2558 1196 2625 deitate,
1247 2559 1341 2614 sed
1384 2573 1449 2613 ex
1482 2557 1722 2627 perlecta
1772 2557 1928 2611 ltuma

1905 2572 1966 2610 ac
2071 2561 2151 2622 εἰς
2179 2559 2277 2612 ἕνα
2302 2558 2394 2611 καί
2421 2557 2512 2610 τὸν
2538 2556 2699 2611 αὐτὸν
2728 2556 3046 2628 παραδόξως
3078 2556 3449 2629 συνδούμενος.

386 2656 556 2710 nitate
586 2663 640 2709 et
675 2650 959 2709 divinitate
989 2654 1042 2708 in
1088 2670 1254 2709 unum
1321 2654 1683 2724 eumdetnqne
1748 2652 2038 2708 Dominum
2079 2650 2370 2708 et‘l’ilium
2424 2662 2479 2709 et
2524 2652 2805 2707 Christum
2853 2648 3157 2710 admirabili
3200 2658 3432 2727 quodam
3487 2646 3655 2711 modo

384 2747 691 2814 concrevit,
717 2746 1046 2817 coaluitquc.

458 2838 627 2897 XXV.
669 2841 737 2895 At
779 2839 866 2895 bic
913 2839 1285 2896 sciscitabitur
1336 2839 1478 2897 forte
1510 2842 1824 2913 quispiam:
1865 2860 1963 2901 cu-

2136 2840 2265 2893 KE'.
2320 2839 2468 2910 Ἐρεῖ
2495 2838 2551 2891 δέ
2582 2855 2688 2906 τις,
2717 2837 2858 2894 κατὰ
2889 2837 2951 2890 τὸ
2979 2836 3144 2900 εἰκός·
3177 2838 3310 2892 Τίνα
3335 2838 3397 2911 δὴ
3426 2828 3528 2894 οῦν
3558 2844 3651 2894 τέ-

382 2932 623 3003 jusmodi
673 2933 887 2987 tandem
916 2947 1069 2987 sacra
1113 2933 1275 3005 Virgo
1299 2934 1506 3004 peperit
1533 2975 1547 3001 ,
1594 2930 1926 2991 hominemne

2108 2947 2226 2984 axsv
2273 2930 2306 3001 ἡ
2357 2930 2488 2997 ἁγία
2517 2925 2841 3014 ’Παρθένος;
2891 2924 2983 2983 τὸν
3025 2930 3331 3004 ἄνθρωπον,
3367 2933 3401 3005 ἢ
3442 2935 3538 2987 τὸν
3580 2925 3652 2989 ἑκ

389 3042 456 3082 an
491 3024 586 3080 Dei
621 3025 889 3082 Verbum?
919 3024 1016 3080 Cui
1040 3038 1142 3081 nos
1166 3025 1575 3095 respondemus,
1601 3025 1744 3081 istud
1773 3027 1933 3097 exqui

2105 3020 2201 3074 Ιεοῦ
2230 3020 2436 3089 Λόγον;
2469 3007 2654 3092 Φαμὲν
2690 3022 2747 3074 δὲ
2774 3022 2966 3092 ἡμεῖς·
3002 3022 3111 3075 Καὶ
3134 3022 3293 3076 τοῦτό
3320 3023 3385 3093 γέ
3422 3026 3571 3080 ἐστιν
3612 3029 3649 3097 ἡ

389 3128 533 3182 rere,
583 3112 714 3173 nihil
773 3117 919 3172 aliud
979 3131 1124 3180 esse,
1174 3131 1334 3187 quam
1384 3132 1595 3186 errare,
1649 3127 1704 3174 et
1756 3134 1789 3173 a
1834 3131 1933 3174 veri

2109 3111 2352 3183 λάνησις,
2389 3113 2482 3166 καὶ
2513 3113 2574 3166 τὸ
2598 3113 2945 3185 ἁμάρτὴμαγ
2977 3112 3071 3166 τοῦ
3116 3103 3418 3184 πρέποντός
3450 3133 3511 3169 τε
3548 3122 3653 3172 καὶ

388 3209 727 3281 honestoque
759 3208 971 3264 abduci.
1003 3202 1175 3263 Nemo
1210 3218 1331 3278 post
1358 3210 1613 3268 unionem
1641 3210 1932 3266 divisionen

2106 3203 2317 3277 ληθοῦς.
2346 3204 2439 3275 Μὴ
2472 3205 2701 3276 γάρ’μοι
2733 3195 3086 3277 διέλῃς’μετὰ
3130 3205 3229 3277 τὴν
3259 3206 3474 3273 ἕνωσιν,
3505 3211 3650 3280 μηδὲ

388 3300 520 3355 mihi
578 3298 779 3370 tingat;
852 3312 1027 3369 neque
1070 3292 1505 3354 'Emmanuelem
1567 3298 1625 3353 in
1686 3299 1932 3354 hominen

2104 3296 2271 3361 ιιστὰς
2302 3299 2382 3361 εἰς
2403 3295 2689 3369 ἄνθρωπον
2723 3295 2965 3360 ἰδικῶςῑ,
3001 3298 3095 3351 καὶ
3123 3300 3205 3362 εἰς
3232 3299 3387 3364 Θεὸν,
3411 3301 3648 3373 διπρόσ-

388 3406 675 3457 seorsum,
719 3399 773 3445 et
820 3390 875 3445 in
925 3388 1094 3443 Deum
1146 3400 1397 3445 seorsum
1445 3391 1782 3461 dispescens,
1828 3391 1932 3446 dua

2113 3403 2210 3439 πον
2256 3388 2390 3457 ἡμῖν
2432 3384 2709 3440 ἁνατύπου
2758 3386 2851 3439 τὸν
2890 3378 3378 3462 Ἐμμανουήλ-’μὴ
3411 3390 3522 3461 ἄρα
3561 3410 3653 3456 τις

384 3495 646 3552 personas
691 3478 939 3536 ell‘ormet
964 3499 977 3535 :
1005 3496 1071 3536 ne
1112 3481 1237 3552 quis
1276 3482 1523 3537 meritam
1571 3483 1724 3537 vobis
1756 3479 1928 3553 [nobis

2108 3480 2194 3549 μῖν
2219 3490 2244 3519 α
2276 3479 2504 3543 εἰκότως
2530 3479 2966 3549 διαμωμήσαιτο,
3001 3482 3219 3550 φρονεῖν
3240 3480 3521 3551 ἑλομένοις
3550 3483 3652 3555 ὀρ-

384 3579 573 3626 notam
626 3570 825 3633 inurat,
888 3577 1141 3639 tanquam
1184 3570 1274 3640 qui
1324 3567 1457 3624 nihil
1512 3578 1716 3624 rectum
1766 3582 1928 3639 saper

2104 3570 2152 3624 ὃν
2187 3571 2285 3641 μὲν
2314 3571 2490 3634 οὐδὲν,
2512 3573 2687 3624 έκεῖνο
2708 3572 2766 3624 δὲ
2802 3571 3025 3642 μᾶλλον,
3055 3571 3082 3625 δ
3113 3573 3209 3626 καὶ
3235 3571 3323 3627 διὰ
3349 3573 3447 3643 τῆς
3478 3576 3648 3642 ἁγίας

383 3660 680 3719 iustituatis
705 3658 1120 3734 [instituamus],
1147 3660 1241 3715 sed
1272 3660 1325 3714 id
1359 3660 1532 3716 solum
1567 3658 1710 3730 quod
1740 3674 1836 3729 per
1872 3658 1925 3714 di

2103 3660 2433 3732 ατεδικάσθη
2487 3661 2730 3733 Γραφῆς.
2769 3656 2896 3715 Ὧδε
2937 3664 3048 3735 γάρ
3100 3680 3185 3727 τις
3240 3664 3345 3735 ἔφη
3392 3652 3503 3718 τῖὖν
3544 3665 3647 3719 τοῦ

383 3756 540 3811 vinas
578 3755 892 3823 Scripturas
925 3752 1347 3809 condemnatum
1378 3762 1483 3809 est.
1526 3748 1679 3809 Unus
1714 3751 1857 3807 enim
1889 3767 1927 3807 e:

2102 3752 2299 3824 [ριστοῦ
2329 3752 2586 3824 μαθητῶν
2608 3769 2620 3782 ·
2655 3773 2672 3803 ι
2716 3753 2904 3824 Ὑμεῖς
2936 3753 3013 3818 δὲ,
3038 3755 3330 3827 ἀγαπητοὶ,
3358 3744 3646 3828 μνήσθητε

384 3846 584 3904 Christi
630 3844 913 3916 discipulis
946 3845 1064 3900 ait:
1102 3862 1121 3897 ι
1155 3842 1287 3911 Vos,
1324 3842 1656 3912 charissimi,
1688 3855 1926 3899 memore

2101 3843 2169 3896 ὦν
2195 3844 2455 3914 ῥημάτων
2485 3843 2594 3896 τῶν
2628 3845 3041 3917 προειρημένων
3062 3846 3169 3900 ὑπὸ
3194 3848 3303 3901 τῶν
3321 3848 3645 3901 ἀποστόλων

383 3936 914 4003 estote'vcrborum,
962 3952 1081 4007 qua:
1122 3936 1380 4006 praedicta
1419 3945 1545 3993 sunt
1595 3936 1664 3991 ab
1700 3935 1925 4005 apostoli

2101 3933 2151 3987 οῦ
2184 3934 2387 4004 Κυρίου
2416 3933 2575 4005 ἡμῶν
2619 3935 2793 4005 Ἰησοῦ
2842 3936 3104 4009 Χριστοῦ,
3144 3937 3225 3991 ὅτι
3267 3938 3455 4007 ελεγον
3486 3940 3645 4012 ὑμῖν,

380 4027 595 4083 Domini
650 4028 817 4083 nostri
846 4024 996 4082 ~Jesu
1044 4026 1274 4093 Christi,
1337 4028 1429 4098 qui
1478 4027 1733 4083 dicebant
1780 4026 1924 4081 vobis

2104 4048 2139 4083 ιι
2190 4028 2528 4098 ἐπ’ὲσχάτου
2572 4028 2679 4081 τῶν
2709 4029 2914 4100 χρόνων
2960 4029 3269 4083 ἐλεύσονται
3303 4032 3361 4083 ὲν
3394 4032 3648 4100 ἐμπαιγ-

382 4117 641 4189 quoniam
688 4118 743 4171 in
792 4116 1104 4174 novissimis
1132 4117 1463 4187 temporibus
1503 4118 1721 4172 venient
1769 4117 1924 4172 illnso

2102 4110 2194 4193 ονῇ
2235 4110 2562 4193 ἐμπαῖκται,
2614 4120 2755 4174 κατὰ
2787 4120 2884 4185 τὰς
2947 4122 3158 4176 ἑαυτῶν
3202 4123 3497 4195 ἐπιθυμίας
3540 4141 3646 4178 πο-

385 4224 494 4272 rcs,
532 4209 828 4263 secundum
858 4209 1128 4267 desideria
1164 4226 1261 4267 sua
1292 4209 1635 4266 ambulantes
1671 4210 1725 4269 in
1771 4210 1929 4280 impie

2102 4212 2349 4282 ευόμενοι
2378 4210 2489 4263 τῶν
2514 4209 2799 4264 ἀσεϐειῶν.
2832 4206 2989 4265 Οὗτοί
3018 4214 3154 4267 εἰσιν
3186 4213 3235 4265 οἰ
3260 4213 3641 4285 ἀποδιορξζσν⁴

385 4298 601 4352 tatibus.
648 4296 714 4351 lli
752 4309 877 4353 sunt
904 4301 996 4370 qui
1039 4310 1347 4371 segregant,
1378 4301 1667 4365 animales,
1702 4302 1929 4371 spiritun

2097 4319 2170 4369 ες,
2200 4302 2441 4373 ψυχικοὶ,
2483 4292 2700 4372 πνεῦμα
2729 4301 2805 4373 μὴ
2835 4303 3067 4372 ἔχοντες.
3092 4322 3112 4356 ι
3137 4304 3211 4357 Οὐ
3232 4305 3529 4376 διοριστέον
3542 4301 3641 4359 οὖν

385 4401 490 4440 non
526 4385 874 4440 habentes“.
978 4359 1135 4443 Nullo
1185 4359 1367 4460 itaque
1410 4391 1568 4445 modo
1615 4359 1919 4461 segregatio

2100 4413 2169 4466 ρα
2193 4395 2315 4448 κατ’
2340 4390 2529 4447 οὐδένα
2556 4394 2778 4464 τρόπον,
2808 4393 2916 4446 εἴτε
2943 4383 3023 4447 δεῖ
3047 4394 3284 4465 μάλιστα
3312 4397 3383 4450 τά
3410 4396 3507 4450 δύο
3527 4415 3638 4467 φα-

374 4489 505 4533 ‘nem
560 4477 859 4532 concedere
904 4477 986 4533 fas
1036 4486 1139 4543 est,
1185 4478 1313 4534 licet
1361 4489 1484 4550 post
1541 4482 1798 4535 unionem
1850 4484 1918 4535 du

2096 4485 2214 4554 ῆναι
2257 4485 2396 4554 μετὰ
2445 4484 2543 4553 τὴν
2592 4484 2809 4548 ἕνωσιν,
2869 4483 2963 4537 καὶ
3015 4484 3121 4537 ἀνά
3173 4486 3332 4557 μέρος
3369 4488 3640 4559 ἑκάτερον

382 4580 644 4641 apparere
670 4566 923 4635 debeant,
956 4578 1012 4624 et
1041 4569 1294 4623 distincte
1322 4571 1395 4625 sit
1425 4579 1714 4639 utrumque
1734 4560 1924 4625 'intelli

2099 4578 2213 4629 >εῖν.
2264 4566 2460 4628 Ἶστέον
2486 4570 2599 4640 οὖν,
2643 4568 2723 4627 ὅτι
2760 4573 2956 4646 θεωρεί
2986 4575 3088 4646 μέν
3116 4592 3237 4629 τινα
3274 4577 3489 4645 φύσεων
3521 4579 3643 4636 δια-

381 4661 636 4733 gendum.
683 4660 952 4727 Quocirca
1002 4661 1305 4727 sciendum,
1351 4662 1693 4717 considerari
1738 4662 1925 4733 quiden

2100 4667 2228 4740 ορὰν
2257 4669 2284 4720 ὁ
2320 4666 2443 4729 νοῦς
2464 4684 2476 4697 ·
2509 4667 2702 4721 ταυτὸν
2735 4667 2841 4739 γὰρ
2872 4666 2991 4720 οὔτι
3040 4685 3138 4721 που
3166 4667 3417 4739 θεότητος
3450 4687 3512 4722 τε
3540 4672 3644 4725 val.

382 4755 450 4807 ab
482 4752 756 4809 intellectu
786 4753 1078 4823 quamdam
1100 4761 1418 4810 naturarum
1451 4752 1809 4810 dilierentiam
1831 4752 1926 4827 (ne

2101 4755 2546 4828 νθρωπότητοςδο
2581 4756 2879 4821 εἰσδέξεται
2923 4756 2980 4811 δὲ
3020 4757 3155 4829 ὁμοῦ
3201 4754 3319 4823 ταῖς
3356 4762 3487 4831 περί
3514 4766 3645 4815 τοῦ-

372 4858 484 4914 que
514 4846 658 4900 enim
684 4852 766 4900 est
788 4843 979 4899 eadem
1004 4844 1221 4900 deitatis
1246 4855 1301 4901 et
1332 4845 1687 4901 humanitatis
1708 4845 1916 4915 natura]

2095 4866 2163 4902 ων
2190 4847 2418 4911 ἐννοίαις
2448 4849 2544 4900 καὶ
2572 4848 2668 4919 τὴν
2690 4849 2897 4919 ἀμφοῖν
2936 4850 3016 4913 εἰς
3050 4850 3276 4921 ἑνότητα
3301 4851 3639 4923 συνδρομήν.

374 4936 473 4992 sed
517 4951 620 4990 uua
654 4950 776 4990 cum
822 4936 925 4992 hac
973 4936 1414 4993 consideratione
1444 4937 1715 5008 percipiet
1748 4938 1918 4992 utrius

2104 4936 2268 4991 ὑκοῦν
2313 4937 2486 5001 Θεδςε
2534 4937 2637 5009 μὲν
2683 4938 2846 5009 ἐξέφυ
2881 4939 2975 4992 τοῦ
3010 4939 3221 5012 Πατρδς
3259 4941 3334 5004 ὡς
3372 4942 3541 5006 Θεὸς,
3574 4947 3644 4998 ἐκ

376 5039 483 5096 que
517 5041 842 5084 concursum
872 5028 940 5083 ad
968 5028 1244 5083 unionem.
1283 5028 1432 5085 Unus
1469 5034 1650 5099 itaque
1678 5036 1763 5084 eat
1789 5028 1919 5084 Cltri

2099 5026 2335 5099 lapOévou
2383 5024 2438 5082 δὲ
2487 5030 2793 5102 ἄνθρωπος.
2842 5024 2900 5083 Ὀ
2950 5030 3059 5102 γὰρ
3108 5034 3173 5086 ὲκ
3232 5031 3366 5085 Θεοῦ
3419 5034 3643 5104 Πατρδς

450 5180 494 5212 ⁸⁸
534 5180 553 5233 l
584 5180 707 5238 Cor.
739 5195 799 5247 tt,
828 5180 883 5235 4.
961 5182 1008 5213 ὀ
1032 5180 1259 5239 ~Baruch
1289 5198 1370 5252 ιιι,
1400 5182 1492 5239 58.
1569 5183 1613 5215 ’ί
1654 5179 1776 5238 Jud.
1809 5184 1987 5240 l7—l9.

1470 5336 1639 5395 Varia:
1670 5338 1929 5396 lectiones
1954 5337 2173 5397 codicis
2201 5337 2560 5412 Seguieriani.

371 5479 780 5621 .legrbc.‘
814 5479 1178 5603 ἇεὲἑιαρτεῖν.
1292 5490 1315 5517 ι
1347 5479 1587 5552 ἀληθῶν,
1616 5481 1814 5547 καἰείς
1837 5480 1958 5536 θεὸν
1994 5480 2152 5552 λόγον
2184 5480 2387 5546 ἰδικῶς.
2463 5535 2476 5550 ,
2499 5492 2518 5513 ⁶
2540 5481 2625 5537 τσ.
2665 5482 2812 5554 ὑμῖν.
2928 5484 2956 5524 ιθ
2991 5484 3076 5538 ἵσ.
3111 5485 3300 5556 θεότης
3331 5502 3390 5541 τε
3416 5488 3511 5539 καὶ
3531 5487 3635 5537 ἂν-
