3910 6200
311 336 450 396 H69

1259 339 1347 395 ne
1383 339 1613 399 neum
1651 341 1809 398 rma
1849 343 1943 398 an
1983 318 2436 402 'rnaooosnmt
2470 343 2608 400 me.

3325 369 3336 379 -
3413 343 3549 400 H70

306 456 634 538 ἀπορρήτως
668 457 761 510 καὶ
792 457 931 529 ὑπὲρ
963 459 1086 514 νοῦν
1111 460 1432 533 ἀναλάμψας
1457 465 1648 533 Λόγος,
1682 483 1859 536 γεγεν-

1975 477 2111 533 stus,
2160 467 2250 538 qui
2284 469 2502 538 quidem
2553 483 2618 522 ex
2656 465 2764 521 Deo
2801 464 2964 521 Patre
2995 449 3252 521 'nascitur
3283 471 3339 518 ιιι
3384 463 3546 529 Deus,

304 548 502 618 νῆσθαι
540 537 755 616 λέγεται
787 551 853 603 ὲκ
892 552 1180 619 γυναικὸς,
1228 558 1638 627 καταφοιτήσας
1676 559 1734 612 ὲν
1784 559 1877 615 ἀν·-

298 638 648 709 θρωπότητι,
678 640 772 694 καὶ
800 639 989 705 καθεὶς
1017 643 1209 699 ἑαυτὸν
1238 647 1316 709 είς
1343 646 1480 718 ὅπερ
1511 648 1612 702 οὐκ
1639 643 1708 720 ἦν
1728 665 1743 681 ο
1777 651 1874 722 οὐχ

305 729 392 782 ἵνα
422 729 588 802 μείνῃ.
608 731 1000 800 κεκενωμένος,
1031 733 1146 787 ἀλλ’
1175 735 1262 789 ἵνα
1283 736 1415 801 Θεὸς
1453 733 1588 792 εῖναι
1615 741 1875 812 πιστεύη-

301 838 428 884 ται,
464 821 559 874 καὶ
588 823 644 875 ὲν
676 822 804 876 εῖδει
831 822 907 894 τῷ
952 825 1074 879 καθ’
1119 827 1266 898 ἡμᾶς
1295 829 1554 901 πεφηνὼς
1597 832 1690 885 ἐπὶ
1733 835 1870 903 γῆς,

299 916 397 985 οὐχ
420 915 496 978 ὡς
523 917 581 970 ὲν
606 916 879 989 ἀνθρώπῳ
905 922 1258 992 κατοικήσας,
1288 923 1406 977 ἀλλ’
1437 925 1514 988 ὡς
1539 925 1698 990 αὐτὸς
1732 927 1874 981 κατά

300 1007 601 1078 ἀλήθειαν(1
649 1009 936 1080 ἄνθρωπος
968 1013 1226 1082 γεγονὼς,
1277 1018 1416 1088 μετά
1453 1019 1549 1070 τοῦ
1595 1019 1694 1089 τὴν
1732 1019 1868 1076 ίδίαν

298 1099 682 1153 ἀνασώσασθαι
729 1101 904 1166 δόξαν.
955 1104 1066 1157 Καὶ
1106 1104 1234 1175 γοῦν
1266 1109 1294 1160 ὁ
1333 1107 1616 1173 θεσπέσιος
1657 1109 1870 1175 Παῦλος

299 1189 372 1242 τά
398 1191 529 1243 πολὺ
560 1191 656 1261 τῆς
691 1192 934 1264 ἀλλήλων
967 1195 1382 1267 ὁμοουσιότητος
1441 1198 1763 1270 διεστηκότα
1810 1219 1870 1256 τε

300 1279 396 1332 καὶ
439 1281 734 1352 ἀμετρήτῳ
761 1283 995 1354 διαφορᾷ
1037 1285 1487 1357 διεσχοινισμένα,
1535 1289 1764 1359 θεότητά
1810 1308 1868 1344 τε

299 1370 394 1424 καὶ
417 1371 830 1444 ἀνθρωπότητα,
865 1374 1138 1444 συλλέγων
1165 1377 1246 1440 είς
1275 1376 1333 1431 ἓν
1364 1379 1743 1448 οἰκονομικῶς,
1777 1381 1868 1435 καὶ

297 1461 358 1527 ἑξ
382 1463 585 1532 ἀμφοῖν
612 1463 703 1516 τὸν
731 1463 828 1516 ἕνα
861 1465 1290 1536 κατασημαίνων
1321 1467 1556 1539 Χριστὸν
1599 1471 1692 1523 καὶ
1740 1470 1868 1525 Υίὸν

297 1553 392 1606 καὶ
417 1552 568 1619 Θεὸν,
628 1573 646 1606 ι
687 1554 898 1620 Παῦλος
923 1555 1130 1620 δοῦλος,
1177 1558 1361 1628 φησιν,
1399 1558 1574 1627 Ἰησοῦ
1605 1561 1865 1629 Χριστοῦ,

296 1643 493 1715 κλητὸς
558 1645 890 1713 ἀπόστολος,
944 1649 1327 1719 ἀφωρισμένος
1391 1651 1472 1713 είς
1536 1651 1866 1720 Εὐαγγέλιον

1978 560 2085 632 22
2116 573 2180 614 ex
2208 574 2363 617 sacra
2393 571 2570 614 autem
2594 557 2815 628 Virgine
2845 567 2904 614 ut
2941 557 3124 635 homo.
3169 556 3378 621 Etenim
3407 554 3547 608 idem

1978 649 2106 704 illud
2153 649 2386 706 Verbum
2435 650 2577 720 quod
2626 648 2990 720 inexplicabili
3033 649 3228 714 modo,
3281 661 3549 715 supraque

1975 754 2191 795 omnem
2243 741 2491 796 humanm
2545 738 2744 795 mentis
2802 749 3019 809 captum
3081 739 3250 794 eluxit
3313 753 3379 792 ex
3437 735 3549 800 Deo

1975 829 2155 896 Patre,
2193 829 2245 885 in
2281 831 2574 885 humanam
2613 839 2861 884 naturam
2899 829 3254 894 descendens,
3301 836 3358 883 et
3397 827 3448 880 in
3493 826 3545 880 id

1976 923 2121 992 qu‘od
2157 939 2268 979 non
2315 933 2435 979 erat
2485 938 2544 979 se
2591 923 2891 987 dimittens,
2940 937 3006 977 ex
3060 919 3287 974 muliere
3334 932 3549 989 quoque

1975 1015 2174 1070 dicitur
2208 1024 2394 1070 natum
2427 1034 2439 1070 :
2475 1031 2580 1070 non
2629 1031 2738 1084 quo
2773 1021 3020 1069 maneret
3059 1011 3419 1072 exinanitum,
3451 1007 3547 1064 sed

1974 1105 2117 1160 Deus
2165 1119 2288 1160 esse
2323 1105 2665 1172 crederetur,
2703 1113 2990 1175 postquam
3037 1101 3200 1157 etiam
3253 1100 3305 1154 in
3340 1107 3547 1153 naturae

1974 1203 2173 1250 nostrae
2199 1193 2372 1250 forma
2403 1195 2455 1250 iu
2509 1196 2670 1250 terris
2714 1195 2966 1266 apparuit
3004 1212 3028 1256 :~
3055 1201 3451 1260 nontanquam
3498 1190 3547 1244 is

1972 1288 2064 1358 qui
2105 1287 2378 1343 hominem
2414 1288 2723 1355 inhabitet,
2744 1287 2837 1345 sed
2872 1296 3128 1357 tamquam
3175 1285 3222 1342 is
3253 1285 3344 1355 qui
3384 1284 3545 1342 homo

1971 1381 2148 1449 reipsa
2177 1379 2637 1451 exsistat,,gloria
2675 1387 2854 1440 tamen
2893 1393 2990 1439 sua
3031 1375 3544 1450 prorsus-incolumi

1970 1477 2025 1523 et
2050 1467 2221 1523 salva.
2253 1467 2594 1538 Quapmpler
2624 1469 2849 1525 divinus
2871 1467 3069 1526 Paulus
3103 1466 3461 1532 divinitatem,
3491 1475 3548 1521 et

1971 1559 2408 1623 humanitatem,
2463 1561 2773 1629 quaequod,
2827 1561 2895 1616 ad
2953 1569 3162 1613 naturae
3210 1558 3544 1613 identitatem

1970 1651 2190 1715 attinet,
2224 1649 2540 1719 longissimo
2573 1649 2882 1714 intervallo,
2936 1649 3309 1718 immensoque
3347 1647 3545 1704 discri-

295 1736 452 1802 Θεοῦ,
482 1736 510 1789 ὃ
544 1739 1014 1810 προεπηγγείλατο
1038 1741 1125 1794 διὰ
1149 1741 1258 1794 τῶν
1290 1742 1588 1815 προφητῶν
1616 1741 1782 1795 αὑτοῦ
1808 1744 1859 1795 ὲν

1973 1743 2117 1796 mine
2163 1757 2192 1794 a
2236 1756 2294 1796 se
2342 1748 2527 1796 mutuo
2560 1740 2785 1805 distant,
2832 1739 3234 1808 dispensatione
3282 1738 3336 1792 in
3379 1753 3543 1792 unum

294 1825 537 1896 Γραφαίς
573 1829 757 1898 ἁγίαις
790 1830 1036 1902 περὶτοῦ
1064 1831 1196 1885 Υἱοῦ
1225 1831 1416 1895 αὐτοῦ,
1443 1832 1536 1886 τοῦ
1567 1833 1859 1903 γενομένου

1974 1839 2282 1901 εοεεηενει
2315 1844 2379 1885 ex
2427 1830 2676 1898 utrisque
2711 1844 2876 1883 unum
2921 1827 3219 1891 Christum,
3249 1827 3418 1881 Deum
3447 1825 3544 1891 Εἰς

292 1917 358 1969 ὲκ
407 1917 719 1988 σπέρματος
771 1922 933 1976 Δαὸὶδ
974 1922 1116 1976 κατά
1154 1924 1354 1993 σάρκα,
1406 1923 1517 1977 τοῦ
1555 1924 1866 1996 ὁρισθέντος

290 2002 425 2055 Υίοῦ
457 2003 592 2059 Θεοῦ
632 2009 689 2060 ἐν
727 2009 994 2080 δυνάμει,
1038 2009 1195 2062 me.
1219 2009 1435 2080 πνεῦμα
1467 2011 1800 2083 ἁγιωσύνης.
1837 2031 1856 2064 ι

303 2095 435 2150 Ἰδοὺ
458 2096 520 2167 δὴ
556 2098 741 2167 σαφῶς
767 2100 1076 2170 ἀφωρίσθαι
1104 2101 1268 2171 φησιν
1293 2103 1482 2155 ἑαυτὸν
1502 2103 1583 2166 είς
1613 2103 1861 2171 Εὐαγγέ-

289 2187 403 2240 λιον
424 2188 578 2255 Θεοῦ,
617 2191 795 2244 καίτοι
824 2192 1052 2262 γράφων
1085 2193 1408 2263 ἀναφανδόν·
1447 2212 1465 2245 ι
1496 2195 1570 2248 Οῦ
1597 2194 1705 2267 γὰρ
1735 2196 1861 2248 ἑαυ-

287 2281 416 2342 τοὺς
441 2281 805 2352 κηρύσσομεν,
829 2283 964 2337 ἀλλά
990 2285 1223 2354 Χριστὸν
1253 2286 1479 2355 Ἰησοῦν·
1511 2305 1529 2338 ι
1561 2287 1654 2340 καὶ
1675 2286 1857 2340 πάλιν·

294 2388 313 2422 ι
348 2371 422 2423 Οὐ
453 2371 563 2442 γὰρ
592 2371 781 2442 ἔκρινά
819 2391 870 2426 τι
905 2375 1101 2429 εἰδέναι
1126 2370 1186 2428 ’ἐν
1235 2377 1384 2444 ὑμῖν,
1416 2378 1464 2429 εί
1511 2376 1585 2446 μὴ
1627 2376 1860 2449 Χριστὸν

299 2463 530 2533 Ἰησοῦν,
563 2465 657 2518 καὶ
682 2464 870 2519 τοῦτον
901 2467 1336 2540 ἐσταυρωμένον.
1372 2488 1388 2519 ι

1971 1921 2101 1976 lium
2138 1930 2393 1976 constare
2439 1919 2758 1986 ostendens,
2787 1919 2861 1974 ita
2895 1919 2972 1974 ait
3007 1937 3022 1973 :
3059 1937 3077 1970 ι
3107 1917 3308 1972 Paulus
3355 1931 3545 1972 servus

1972 2013 2096 2068 Jesu
2129 2013 2354 2078 Christi,
2377 2023 2603 2068 vocatus
2631 2012 2928 2082 apostolus,
2955 2019 3269 2081 segregatus
3289 2009 3342 2064 in
3366 2007 3544 2073 Evan-

1969 2104 2166 2174 gelium
2221 2103 2337 2168 Dei,
2383 2103 2524 2172 quod
2573 2111 2699 2156 ante
2746 2101 3072 2170 promiserat
3119 2114 3218 2170 per
3254 2099 3546 2169 prophetas

1968 2211 2104 2251 suos
2129 2197 2182 2249 in
2211 2195 2514 2265 Scripturis
2555 2195 2764 2250 sanctis
2798 2194 2865 2250 de
2909 2193 3046 2248 Filio
3078 2207 3200 2257 suo,
3229 2192 3330 2262 qui.
3364 2191 3544 2252 factus

1966 2296 2051 2342 cst
2100 2286 2148 2340 ei
2205 2300 2273 2340 ex
2321 2287 2530 2341 semine
2582 2284 2754 2340 David
2806 2285 3106 2342 secundum
3160 2299 3402 2347 carnem,
3451 2281 3546 2351 qui

1966 2375 2378 2447 praedestinatus
2411 2385 2494 2430 est
2525 2374 2696 2430 Filius
2723 2374 2818 2430 Dei
2867 2375 2922 2429 in
2968 2374 3190 2438 virtute,
3232 2371 3544 2438 secundum

1966 2467 2222 2536 spiritum
2264 2465 2807 2522 sanctiﬁcationis".
2847 2486 2866 2519 ›
2920 2467 3062 2528 Ecce
3115 2466 3209 2520 tibi
3248 2473 3436 2533 aperte
3485 2462 3540 2516 in

287 2554 639 2623 Evangeiium
689 2556 782 2611 Dei
835 2571 1174 2628 segregatum
1225 2559 1477 2615 aﬂirmat.
1523 2559 1684 2628 Atqui
1735 2559 1860 2615 alibi
1903 2559 2103 2615 diserte
2173 2557 2239 2612 ad
2284 2558 2428 2614 hunc
2476 2559 2694 2614 modum
2741 2559 2976 2614 scribit:
3010 2577 3028 2610 ι
3093 2557 3210 2613 Non
3260 2572 3359 2618 nos
3397 2555 3544 2626 ipsos

288 2647 681 2715 praedicamus,
727 2650 822 2704 sed
866 2651 1054 2706 .lesum
1103 2649 1380 2706 Christum
1402 2653 1470 2703 τ’.
1501 2671 1520 2702 ι
1574 2649 1808 2705 Rursum
1844 2667 1858 2703 :
1905 2668 1923 2703 ι
1961 2647 2333 2719 Nonjudieavi
2369 2665 2454 2706 me
2479 2648 2686 2721 aliquid
2744 2650 2888 2706 seire
2948 2652 3002 2710 in
3030 2651 3206 2717 vobis,
3236 2647 3540 2712 nisilesum

301 2737 602 2806 Christum,
626 2753 679 2796 et
702 2744 842 2798 hunc
867 2742 1182 2797 cruciﬁxum
1204 2744 1272 2798 ⁷⁸.
1312 2763 1330 2795 ι

357 2832 503 2897 ΚΤ.
546 2831 672 2886 Υὶὸν
697 2833 756 2886 δὲ
778 2833 939 2886 αὑτὸν
983 2833 1258 2904 ὀνομάσας
1291 2831 1448 2898 Θεοῦ,
1479 2836 1576 2889 καὶ
1600 2835 1664 2887 ἐκ
1692 2834 1858 2905 σπέρ-

289 2936 459 2990 ματος
512 2921 607 2975 τοῦ
665 2923 826 2977 Δαϐιδ
879 2924 1238 2994 γεγεννῆσθαί
1301 2941 1486 2995 φησιν,
1519 2924 1752 2997 ὡρίσθαι
1798 2943 1858 2979 τε

285 3012 680 3084 διισχυρίςε-ται
711 3015 802 3068 καὶ
833 3016 911 3080 εἰς
941 3016 1068 3069 Υίὸν
1095 3016 1252 3070 Θεοῦ.
1295 3017 1420 3081 Πῶς
1447 3011 1560 3084 οῦν,
1589 3018 1710 3070 είπέ
1743 3035 1854 3088 μοι,

286 3101 421 3166 Θεὸς
462 3105 490 3157 ὁ
541 3105 604 3157 ὲκ
638 3106 949 3178 σπέρματος
979 3109 1187 3178 ἀναφὸς
1235 3107 1328 3162 τοῦ
1375 3110 1572 3176 Δαὸίδ;
1617 3111 1676 3163 '0
1707 3109 1763 3162 δὲ
1795 3110 1860 3180 δὴ
1890 3151 1932 3208 C

287 3198 381 3249 καὶ
413 3197 516 3268 πρὸ
557 3197 788 3264 αἰώνων,
837 3199 930 3252 καὶ
959 3200 1144 3264 ἀῖδίως
1179 3201 1322 3265 Υἱὸς,
1359 3201 1496 3254 καθὸ
1525 3202 1763 3272 πέφηνεν
1795 3204 1860 3256 ὲκ

285 3286 442 3353 Θεοῦ,
471 3289 594 3343 τίνα
624 3290 685 3360 δὴ
708 3291 911 3360 τρόπον
941 3293 1018 3356 είς
1042 3292 1169 3345 Υἱὸν
1189 3291 1396 3364 ὡρίσθη
1429 3292 1586 3359 Θεοῦ,
1607 3293 1860 3364 καθάπερ

285 3380 365 3444 εἰς
408 3379 578 3450 ἀρχὰς
601 3391 624 3419 ε
657 3381 752 3434 τοῦ
788 3383 1086 3452 ὑφεστάναι
1137 3383 1530 3454 παρενεχθείς;
1571 3383 1716 3454 Ἐφη
1750 3385 1860 3456 γὰρ

283 3469 443 3534 αὐτὸς
466 3473 592 3542 περὶ
624 3472 816 3527 ἑαυτοῦ
837 3490 850 3502 ·
881 3494 898 3526 ι
924 3470 1059 3528 Εῐπε
1083 3475 1286 3544 Κύριος
1314 3474 1450 3549 πρός
1481 3490 1572 3545 με’
1603 3475 1731 3540 Υἱός
1756 3495 1858 3547 μου

284 3555 338 3611 εἴ
382 3561 468 3626 σὺ,
517 3561 628 3629 ἐγὼ
677 3563 918 3636 σήμερον
962 3565 1268 3634 γεγέννηκά
1308 3581 1389 3618 σε.
1435 3583 1453 3616 ι
1505 3563 1679 3617 καίτοι
1723 3563 1855 3630 τοῦ,

281 3650 568 3720 σήμερον,
603 3653 806 3718 ἀείπως
834 3656 967 3725 ἡμῖν
995 3657 1090 3725 οὐχ
1115 3658 1196 3708 ὅτι
1227 3656 1317 3709 τὸν
1348 3655 1744 3727 παρῳχηκότα,
1766 3656 1858 3709 τὸν

280 3743 554 3798 ἐνεστῶτα
584 3744 638 3798 δὲ
672 3745 872 3814 μᾶλλον
894 3747 1329 3818 καταδηλοῦντος
1358 3749 1571 3818 καιρόν.
1608 3748 1753 3802 Βαθὺ
1791 3748 1854 3802 τὸ

283 3837 602 3913 μυστήριον,
650 3838 790 3891 ἀλλὰ
836 3841 946 3902 τοῖς
998 3840 1095 3909 μὲν
1141 3839 1246 3894 ἀνὰ
1297 3839 1461 3912 μέρος
1508 3837 1704 3892 τιθεῖσι
1761 3839 1859 3892 καὶ

275 3928 571 3999 διορίζουσι
597 3929 920 3998 δυσέφικτόν
943 3947 1002 3983 τε
1029 3931 1124 3995 καὶ
1153 3931 1357 4001 ἄπορον
1383 3929 1620 4000 ἀληθῶς.
1647 3929 1771 3992 Τοῖς
1793 3945 1857 3998 γε

281 4021 392 4093 μὴν
443 4023 522 4085 εἰς
579 4022 806 4093 ἑνότητα
855 4024 1292 4092 κατασφίγγουσι
1343 4023 1433 4078 τὸν
1485 4023 1854 4094 Ἐμμανουὴλ,

280 4112 448 4182 ἐγγύς
477 4130 535 4165 τε
570 4114 710 4167 ἑλεῖν
767 4114 860 4167 καὶ
907 4114 1232 4184 ἑτοιμοτάτη
1282 4113 1401 4165 λίαν
1453 4115 1485 4184 ἡ
1536 4113 1645 4165 τῶν
1697 4112 1857 4181 ἱερῶν

275 4204 565 4274 δογμάτων,
593 4205 974 4276 ἀκιδδήλευτος
1025 4203 1244 4272 γνῶσις.
1283 4204 1341 4255 '0
1372 4203 1483 4274 γάρ
1514 4201 1590 4273 τῷ
1623 4202 1857 4272 φῦσαντι

280 4292 570 4357 συναῖδιος,
597 4294 692 4347 καὶ
717 4295 822 4365 πρὸ
850 4294 1050 4358 παντὸς
1084 4292 1278 4356 αἰῶνος
1298 4293 1444 4357 Υἱὸς,
1468 4292 1656 4362 ἐπειδὴ
1683 4309 1856 4347 καταοο

281 4383 513 4454 βέϐηκεν
548 4385 628 4448 εἰς
656 4385 752 4458 τὴν
787 4385 1078 4457 ἀνθρώπου
1117 4385 1300 4453 φύσιν,
1331 4385 1432 4437 οῦκ
1483 4383 1854 4454 ἀπολισθήσας

2040 2831 2232 2887 XXVI.
2274 2831 2446 2888 Porro
2494 2842 2673 2890 autem
2713 2848 2837 2892 cum
2874 2832 3047 2903 ipsum
3071 2831 3180 2887 Dei
3210 2831 3406 2888 Filium
3429 2849 3539 2889 no-

1967 2923 2160 2988 minet,
2191 2931 2246 2977 et
2289 2923 2354 2978 de
2397 2922 2608 2978 semine
2657 2924 2826 2979 David
2863 2932 3054 2979 natum
3097 2924 3368 2991 enuntiat,
3401 2925 3542 2980 etin

1965 3014 2060 3068 Dei
2120 3013 2316 3068 Filium
2366 3015 2810 3084 praedestinatum
2876 3015 3160 3070 conﬁrmat
3197 3017 3344 3086 :jam
3413 3017 3538 3085 dic,

1965 3121 2169 3175 quaeso,
2219 3121 2328 3177 qua
2378 3107 2590 3164 ratione
2641 3108 2687 3165 is
2741 3107 2884 3172 Deus
2929 3119 3034 3173 est,
3078 3109 3170 3178 qui
3223 3125 3291 3164 ex
3334 3109 3543 3170 semine

1964 3196 2135 3254 David
2172 3206 2333 3254 natus
2361 3200 2484 3255 est?
2515 3199 2774 3266 Rursum,
2806 3215 2963 3270 quem
3000 3211 3129 3258 ante
3153 3201 3348 3258 saecula
3379 3201 3542 3257 Pater

1963 3289 2064 3344 sibi
2105 3297 2432 3345 coaeternum
2477 3291 2685 3361 genuit,
2733 3307 2972 3362 quonam
3023 3303 3185 3364 pacto
3223 3293 3396 3349 Filius
3442 3293 3541 3352 Dei

1962 3380 2383 3450 przedeslinatus
2433 3391 2563 3449 est”.
2588 3384 2811 3454 perinde
2859 3386 3072 3442 scilicet
3114 3385 3271 3455 quasi
3323 3386 3538 3440 initium

1962 3471 2291 3526 subsistendi
2339 3474 2654 3543 acciperet?
2679 3473 2800 3545 Ipse
2835 3476 3172 3546 namquede
3203 3476 3493 3547 seipsoait
3521 3494 3553 3531 :a

1969 3578 1988 3613 ι
2021 3559 2282 3616 Dominus
2329 3563 2467 3620 dixit
2509 3564 2577 3618 ad
2620 3579 2744 3620 me:
2778 3563 2949 3622 Filius
2990 3580 3141 3622 meus
3202 3581 3263 3623 es
3319 3575 3394 3630 tu,
3439 3579 3540 3635 ego

1962 3652 2122 3707 hodie
2149 3653 2307 3723 genui
2337 3663 2387 3708 te
2407 3653 2478 3712 7‘.
2513 3673 2531 3706 ι
2568 3655 2712 3711 Sane
2738 3671 2862 3711 cum
2891 3657 3162 3726 particula
3192 3657 3331 3722 haec,
3357 3656 3534 3722 hodie,

1961 3757 2197 3812 praesens
2231 3743 2346 3798 fere
2378 3757 2596 3813 semper
2644 3761 2918 3817 nunquam
2958 3747 3290 3816 praeteritum
3328 3756 3538 3816 tempus

1962 3835 2202 3897 denotet,
2230 3833 2558 3903 profundum
2585 3836 2804 3906 aliquod
2827 3842 3154 3907 mysterium
3183 3839 3269 3906 hic
3300 3838 3537 3892 insinua-

1963 3932 2068 3988 tur,
2099 3924 2194 3978 sed
2232 3924 2304 3987 iis,
2333 3925 2426 3995 qui
2463 3927 2706 3981 sectione
2736 3927 2962 3998 inducta
2992 3942 3239 3984 seorsum
3276 3927 3532 3984 conside-

1959 4023 2082 4078 rant
2117 4023 2172 4068 et
2199 4013 2490 4077 collocant.
2523 4015 2660 4070 Nam
2691 4017 2782 4086 qui
2809 4015 3216 4072 Emmanuelem
3253 4019 3320 4072 ad
3351 4019 3537 4073 unita-

1963 4114 2067 4158 tem
2100 4114 2378 4172 revocant,
2411 4105 2476 4162 iis
2524 4115 2579 4162 et
2626 4108 2729 4162 hoc
2772 4107 2971 4178 ipsum,
3014 4116 3067 4164 et
3096 4117 3292 4164 caetera
3330 4109 3532 4179 omnia,

1959 4211 2078 4266 qua
2107 4197 2174 4252 ad
2215 4198 2484 4261 sinceram
2514 4213 2796 4254 sacrorum
2825 4200 3134 4268 dogmatum
3171 4199 3534 4269 cognitionem

1958 4288 2256 4361 pertinent,
2315 4302 2443 4346 sunt
2493 4291 2670 4354 obvia,
2726 4299 2994 4362 captuque
3030 4290 3316 4348 facillima.
3365 4292 3536 4349 Filius

1959 4379 2166 4450 itaque,
2202 4379 2293 4449 qui
2328 4382 2608 4452 generanti
2648 4380 2796 4437 Patri
2829 4391 3134 4438 coaeternus
3173 4391 3278 4449 est,
3311 4391 3365 4440 et
3408 4393 3536 4441 ante

275 4474 372 4536 τοῦ
415 4469 553 4538 εἶναι
583 4475 736 4540 Θεὸς,
760 4475 1088 4548 προσλαϐὼν
1115 4475 1177 4528 τὸ
1207 4473 1570 4546 ἀνθρώπινον,
1605 4475 1764 4528 νοοῖτ’
1786 4473 1852 4529 ἂν

1967 4469 2558 4534 οηιιιῑιηηεωευιοτιιιη
2603 4479 2818 4526 aetatem
2851 4471 3290 4539 subsistensest,
3319 4483 3536 4542 postea-

276 4565 504 4629 εἰκότως
534 4567 631 4619 κα)⁸
669 4568 734 4626 ὲκ
765 4558 1087 4637 σπέρματος
1127 4555 1485 4636 γεγεννῆσθαι
1515 4563 1681 4618 Δαὸὶδ
1704 4601 1722 4627 ,
1758 4563 1852 4618 καὶ

275 4659 551 4732 νεωτάτην
579 4659 721 4730 ἔχειν
764 4660 860 4732 τὴν
892 4662 948 4715 ἐν
981 4660 1359 4732 ἀνθρωπότητι
1389 4659 1640 4730 γέννησιν
1659 4658 1678 4696 τ
1700 4676 1715 4692 ⁶
1747 4657 1853 4716 ὤσ-

275 4767 336 4803 τε
363 4751 462 4803 οὐκ
483 4753 507 4790 3
533 4737 820 4821 ’ἀλλότριον
868 4751 1033 4806 αὑτοῦ
1076 4752 1136 4805 τὸ
1174 4752 1538 4824 προσληφθέν,
1572 4751 1687 4806 ἀλλ’
1723 4749 1853 4804 ἴδιον

275 4843 514 4914 ἀληθῶς.
570 4843 892 4912 Λελόγισται
938 4845 1227 4914 τοιγαροῦν
1255 4845 1332 4907 ὡς
1379 4845 1435 4896 ἓν
1477 4843 1611 4914 πρὸς
1664 4842 1848 4907 αὐτὸν,

274 4932 529 5004 καθάπερ
561 4932 753 5002 ἀμέλει
785 4932 878 4985 καὶ
915 4931 1014 5003 τὴν
1041 4926 1384 5003 ἀνθρωπείαν
1405 4932 1651 4994 σύνθεσιν
1679 4949 1850 5003 κατα-

274 5022 454 5094 ορὴσῃ
498 5039 580 5086 τις
619 5023 711 5076 ἄν·
758 5021 1171 5092 συμπέκλεκται
1215 5023 1324 5094 γὰρ
1357 5021 1414 5088 ἐξ
1446 5024 1712 5097 ἀνομοίων
1753 5023 1850 5093 τὴν

274 5113 460 5180 φύσιν,
505 5115 682 5185 ψυχῆς
713 5115 800 5186 δὴ,
833 5114 998 5182 λέγω,
1033 5116 1129 5168 καὶ
1175 5114 1426 5186 σώματος
1449 5110 1615 5169 ·’ἀλλ’
1646 5112 1737 5170 οῦν
1770 5112 1850 5180 εἷς

274 5203 480 5254 νοεῖται
510 5202 568 5255 τὸ
601 5202 1012 5274 συναμφότερον
1053 5202 1368 5274 ἄνθρωπος·
1418 5203 1492 5267 ὡς
1526 5204 1634 5257 ἀπὸ
1678 5206 1849 5274 μόνης

279 5290 378 5362 μὲν
406 5293 506 5362 τῆς
536 5292 740 5364 σαρκὸς
776 5293 895 5346 ὅλον
922 5292 1034 5346 ἔσθ’
1052 5293 1138 5346 ὅτε
1167 5295 1584 5364 κατωνομάσθαι
1610 5293 1670 5345 τὸ
1688 5293 1847 5357 ζῶον,

1956 4575 2117 4631 quam
2152 4559 2438 4620 divinitate
2490 4576 2598 4618 non
2645 4562 2868 4630 amissa,
2935 4562 3030 4618 sed
3063 4563 3404 4624 humanitate
3447 4576 3535 4617 as-

1957 4662 2190 4723 sumpta,
2259 4655 2318 4719 in,
2374 4654 2610 4710 hominis
2653 4655 3058 4730 23.naturam
3128 4652 3530 4718 sesedimisit;

1957 4747 2265 4815 meritoque
2293 4754 2349 4800 et
2384 4760 2451 4800 ex
2486 4744 2656 4802 David
2699 4761 2917 4816 quoque
2957 4746 3166 4802 semine
3191 4742 3530 4814 progenitus,

1958 4848 2014 4892 et
2056 4839 2253 4907 oppido
2308 4853 2499 4893 recens
2549 4848 2710 4893 natus
2768 4838 3105 4892 humanitate
3153 4835 3530 4904 praedicatur:

1961 4932 2162 5001 quippe
2200 4946 2320 4986 cum
2360 4931 2412 4986 id
2455 4931 2596 4999 quod
2633 4932 2949 5000 assumpsit,
2996 4928 3065 4985 ab
3094 4942 3160 4984 eo
3189 4927 3336 4983 nullo
3372 4927 3534 4983 modo

1959 5021 2193 5076 alienum
2227 5022 2321 5077 sed
2355 5035 2481 5077 vere
2516 5022 2660 5078 illius
2695 5023 2974 5092 proprium
3009 5021 3082 5077 sit
3114 5039 3128 5075 ε
3165 5035 3334 5090 quare
3360 5037 3530 5083 unum

1960 5123 2213 5171 censetur
2247 5131 2368 5171 cum
2405 5115 2542 5184 ipso.
2571 5114 3038 5181 Quemadmodum
3069 5113 3529 5184 ex_empli.causa,
3595 5123 3602 5128 ‘

1960 5207 2014 5261 in
2048 5208 2284 5274 hominis
2332 5222 2544 5277 quoque
2582 5206 2969 5276 compositione
3005 5207 3256 5263 accidere
3289 5206 3531 5262 animad-

1958 5297 2246 5366 vertimus;
2281 5297 2338 5354 is.
2361 5297 2560 5354 etenim
2593 5311 2662 5353 ex
2688 5296 2868 5353 anima
2905 5305 2959 5354 et
2988 5311 3246 5370 corpore,
3282 5295 3530 5366 partibus

346 5445 417 5480 ἰ’
457 5447 614 5504 Rom.
649 5464 689 5512 t,
724 5449 832 5506 1-4.
908 5450 953 5483 τ’
992 5449 1012 5505 1
1043 5451 1169 5507 Cor.
1205 5465 1278 5518 IV,
1309 5450 1362 5505 5.
1439 5451 1484 5483 ⁷³
1524 5451 1552 5506 Ι·
1575 5450 1698 5508 Cor.
1734 5467 1794 5515 ιι,
1833 5451 1859 5505 Ε

1972 5453 2018 5484 ⁷⁸
2057 5453 2200 5515 Psal.
2231 5468 2288 5520 lt,
2318 5455 2368 5511 7.

1382 5606 1553 5662 Variae
1590 5606 1848 5661 lectiones
1900 5609 2100 5666 codicis
2137 5609 2471 5681 Seguicriani

350 5733 380 5778 ἀ
412 5734 549 5788 κατὰ
574 5735 750 5804 φύσιν.

835 5749 855 5775 θ
889 5737 1084 5808 ἀρχήν.
1169 5738 1185 5776 ί
1220 5737 1446 5807 γένετιν.
1527 5749 1548 5784 6
1589 5739 1699 5789 ἔστι
1727 5737 1780 5789 δὲ
1805 5739 1920 5794 οῦκ.
