3910 6200
310 184 453 244 H73

1268 186 1355 241 DE
1393 188 1617 247 RECTA
1664 191 1820 250 FIDE
1857 193 1950 250 AD
1990 193 2444 256 THEODOSiUM‘
2479 197 2617 255 IMP.

3431 205 3569 261 11ἳᾶ

308 298 370 359 εὖ
396 300 667 374 βεϐηκότα
691 299 784 354 καὶ
814 302 997 370 σοφόν.
1035 286 1328 375 Ἕκκριτον
1352 307 1464 378 γὰρ
1494 304 1633 363 εῖναί
1661 327 1802 383 φημι
1826 312 1886 365 τὸ

1999 330 2294 374 memorare
2327 318 2485 385 velit,
2545 304 2747 386 ann‘on,
2780 324 3021 391 inquam,
3050 320 3156 393 bos
3179 334 3367 378 omnes
3395 321 3565 393 gloria

311 395 504 467 γέρας,
533 392 626 447 καὶ⁵
654 391 766 445 δεῖν
794 392 1113 447 ἀνακεῖσθαι
1162 395 1297 467 μόνῃ
1326 399 1392 468 τῇ
1434 399 1543 452 τῶν
1571 399 1707 455 ὅλων
1742 400 1891 471 βασι-

309 485 419 540 λίδι
453 484 631 554 φύσει.
660 482 786 547 Πῶς
810 478 904 538 οὖν
954 484 1021 538 ἂν
1060 485 1270 555 γένοιτο
1304 487 1511 558 Κύριος
1538 489 1635 560 τῆς
1666 490 1824 562 δόξης
1861 493 1890 545 ὁ

311 571 766 643 ἐσταυρωμένος
803 592 822 625 ι
859 572 932 625 Τὸ
954 571 1011 625 δὲ
1038 574 1380 645 ἀπαύγασμα
1407 576 1501 630 τοῦ
1533 578 1766 651 Πατρὸς,
1798 583 1891 635 καὶ

310 667 412 737 τῆς
439 667 627 731 οὐσίας
651 668 681 721 ό
702 668 1051 740 χαρακτὴρ,ό
1078 670 1257 740 φέρων
1283 671 1352 725 τά
1379 673 1556 728 πάντα
1575 674 1653 746 τῷ
1685 677 1888 749 ῥήματι

309 756 410 819 τῆς
438 755 725 829 δυνάμεως
747 754 1221 829 αὐτοῦ,κρείττων’
1237 762 1486 831 ἀγγέλων
1509 784 1529 817 ι
1560 765 1889 837 γεγενῆσθαι

308 845 528 915 λέγεται
548 864 562 877 ·
594 849 737 920 τάχα
770 850 962 917 πουκτδ
990 850 1230 917 ἔλαττον,
1281 855 1356 918 ὡς
1387 854 1652 926 ἠγοῦμαι,
1685 856 1887 924 λαόὼν,

309 939 401 993 ὅτε
430 932 675 1010 πέφηνεν
704 940 1010 1013 ἄνθρωπος.
1044 944 1360 1012 Γέγραπται
1391 947 1496 1017 γάρ
1517 963 1529 977 ·
1559 947 1692 1001 «Τὸν
1715 948 1888 1020 βραχύ

309 1047 366 1083 τι
397 1032 527 1102 παρ’
561 1031 826 1100 ἀγγέλους
849 1032 1230 1104 ἠλαττωμένον
1253 1035 1523 1107 βλέπομεν
1548 1036 1775 1109 Ἰησοῦν,
1803 1039 1892 1095 διὰ

310 1119 376 1174 τὸ
404 1120 631 1193 πάθημα
662 1120 756 1176 τοῦ
785 1121 1042 1187 θανάτου,
1064 1122 1191 1195 δόξῃ
1218 1125 1312 1179 καὶ
1338 1129 1472 1199 τιμῇ
1500 1128 1889 1201 ἐστεφανωμέ-

202 1260 211 1268 .
312 1230 423 1267 νον.
462 1232 481 1263 ›
515 1209 643 1285 Ἆρ’
675 1210 769 1268 οὖν
795 1214 1070 1286 ὲξώσομεν
1097 1217 1189 1270 τὸν
1210 1218 1275 1271 ὲκ
1301 1219 1436 1273 Θεοῦ
1471 1222 1684 1293 Πατρός
1715 1240 1893 1294 πεφη-

311 1305 443 1360 νότα
470 1307 645 1375 Λόγον
695 1307 796 1378 τῆς
841 1307 991 1380 αύτῷ
1039 1310 1359 1381 πρεπούσης
1402 1314 1693 1378 ούσιώδους
1725 1317 1893 1386 ὑπερ-

312 1397 465 1468 οχῆς,
492 1398 586 1452 καὶ
626 1397 726 1469 τῆς
768 1397 907 1469 πρὸς
934 1400 1095 1453 αὐτὸν
1137 1401 1400 1479 ἀκριϐοῦς
1429 1405 1749 1477 ὲμφερείας,
1797 1407 1893 1462 καὶ
1926 1386 1935 1397 ⁸

310 1489 414 1560 τῆς
446 1491 553 1544 τῶν
582 1492 832 1560 ἀγγέλων
864 1491 1117 1556 εὐκλείας
1145 1494 1458 1565 ἡττώμενον
1487 1497 1776 1566 βλέποντες
1805 1500 1892 1556 διὰ

311 1583 376 1637 τὸ
405 1582 504 1653 τῆς
538 1584 850 1653 οἰκονομίας
899 1586 1277 1656 μικροπρεπὲς
1305 1588 1625 1659 νοούμενον;
1672 1593 1748 1644 Οὐ
1786 1592 1889 1663 μὲν

1993 408 2389 479 maiestateque
2421 423 2597 481 usque
2645 411 2780 467 adeo
2809 390 3132 482 praecedenti
3173 413 3358 469 multis
3395 390 3565 483 parti-

1993 501 2096 557 bus
2135 501 2429 558 inferiores
2460 502 2848 559 conﬁtebitur?
2882 503 3151 560 Honorem
3192 504 3389 577 quippe
3428 522 3569 577 prte-

1993 591 2442 648 cellentissimum
2476 606 2598 649 esse
2640 593 2782 659 dico,
2819 595 3028 664 solique
3060 596 3290 665 principi
3324 596 3565 651 omnium

1994 691 2209 737 natura:
2239 679 2610 737 tribuendum.
2643 680 2924 748 Quomodo
2961 697 3090 753 ergo
3117 682 3279 740 fuerit
3305 683 3567 740 Dominus

1995 770 2181 842 gloriae
2222 770 2278 827 in
2321 785 2484 828 cruce
2528 772 2790 828 suiﬁxus?
2846 790 2865 825 ι
2900 773 3165 843 Splendor
3201 790 3331 830 vero
3364 774 3563 839 Patris,

1993 869 2048 915 et
2074 859 2390 917 substantia:
2429 861 2576 918 illius
2594 856 2909 928 character,
2941 873 3164 931 portans
3189 866 3368 919 omnia
3399 865 3565 920 verbo

1995 951 2221 1008 virtutis
2261 944 2396 1017 suae,
2444 952 2654 1023 angelis
2696 952 3042 1022 prestantior
3078 952 3364 1008 effectus"
3396 973 3417 1006 ι
3448 969 3568 1024 pcr-

1997 1044 2258 1099 hibetur:
2292 1043 2531 1101 fortasse
2559 1046 2709 1114 quia,
2744 1052 2802 1098 ut
2838 1044 3097 1109 arbitror,
3125 1045 3304 1100 minus
3337 1046 3565 1115 accepit,

1995 1135 2210 1206 quando
2238 1136 2488 1206 apparuit
2514 1135 2691 1191 factus
2737 1136 2921 1192 homo.
2958 1136 3230 1206 Scriptum
3268 1145 3351 1192 est
3379 1137 3522 1192 enim
3552 1158 3565 1193 :

2001 1248 2020 1281 ο
2052 1230 2188 1285 Eum
2243 1230 2335 1299 qui
2388 1228 2604 1285 modico
2657 1243 2818 1297 quam
2866 1229 3063 1300 angeli,
3115 1229 3418 1285 minoratus
3464 1240 3565 1293 est,

1997 1310 2246 1378 videmus
2269 1319 2454 1376 Iesum
2489 1330 2711 1390 propter
2738 1320 3042 1391 passionem
3075 1321 3288 1384 mortis,
3320 1321 3488 1391 gloria
3516 1330 3570 1375 et

1997 1413 2204 1468 honore
2239 1421 2560 1468 coronatum
2578 1412 2646 1466 ιθ.
2680 1431 2699 1465 ι
2736 1410 2845 1467 Sed
2893 1412 3132 1481 nunquid
3160 1412 3396 1468 Verbum
3426 1413 3569 1481 quod

1996 1519 2061 1558 ex
2114 1502 2277 1558 Patre
2328 1512 2516 1559 natum
2565 1513 2671 1566 est,
2716 1504 2786 1557 ob
2835 1502 2887 1558 id
2939 1503 3009 1557 ab
3044 1505 3336 1559 eminentia
3373 1504 3461 1557 illa
3516 1513 3571 1559 et

1996 1594 2283 1665 dignitate,
2320 1608 2441 1664 quae
2482 1594 2846 1649 essentialiter
2875 1595 2926 1648 in
2966 1593 3095 1648 illud
3124 1596 3398 1659 convenit,
3438 1609 3568 1650 nec-

311 1663 428 1726 οὖν.
469 1666 634 1741 Οἶμαι
659 1652 768 1742 γὰρ
796 1652 926 1737 δεῖν,
951 1652 1073 1726 οῦτε
1096 1652 1203 1728 τῶν
1228 1652 1585 1748 ἀνθρωπίνων
1612 1652 1891 1734 άπαλλάτ-

1999 1699 2103 1741 non
2135 1686 2205 1740 ab
2247 1696 2438 1741 exacta
2481 1684 2573 1738 illa
2603 1684 2786 1739 Patris
2814 1685 3171 1741 similitudine
3198 1685 3566 1751 exclndcmus,

311 1778 428 1815 τειν
469 1762 749 1826 παντελῶς
793 1762 882 1817 τὸν
929 1767 995 1818 ὲκ
1030 1763 1167 1819 Θεοῦ
1217 1768 1391 1836 Λόγον
1438 1771 1579 1840 μετὰ
1611 1774 1711 1844 τὴν
1756 1775 1893 1845 πρὸς

313 1854 495 1924 σάρκα
546 1854 799 1917 σύνοδον,
847 1855 972 1909 οὔτε
1026 1858 1134 1929 μὴν
1188 1860 1346 1928 δόξης
1397 1863 1497 1933 τῆς
1556 1864 1893 1937 θεοπρεποῦς

311 1944 637 2017 ἀποστερεῖν
662 1946 721 1999 τὸ
749 1947 1111 2015 ἀνθρώπινον,
1155 1953 1204 2005 ei
1247 1954 1305 2006 ὲν
1348 1954 1571 2026 Χριστῷ
1593 1960 1766 2012 νοοῖτο
1798 1961 1892 2013 καὶ

309 2036 544 2106 λέγοιτο.

1992 1776 2136 1848 quod
2190 1764 2487 1832 secundum
2543 1775 2966 1846 dispensationis
3023 1789 3331 1831 mensuram
3390 1776 3569 1829 animo

1990 1878 2341 1940 conceptum,
2390 1868 2706 1939 angelorum
2752 1868 2980 1938 gloriam
3017 1882 3122 1922 non
3170 1866 3429 1947 attingit?
3456 1867 3567 1924 Ne-

1991 1975 2305 2031 quaquam:
2337 1960 2577 2014 arbitror
2624 1961 2768 2013 enim
2802 1958 2896 2013 Dei
2927 1957 3161 2014 Verbum
3191 1969 3314 2029 post
3358 1973 3569 2014 assum-

1993 2062 2138 2121 ptam
2179 2052 2347 2107 semel
2382 2060 2623 2114 carnem,
2658 2049 2727 2104 ab
2763 2050 3012 2104 humana:
3053 2059 3258 2105 naturae
3304 2049 3597 2104 conditio-7

310 2131 474 2187 nihus
496 2132 602 2203 25
633 2148 740 2189 non
788 2147 909 2190 esse
962 2136 1179 2206 penitus
1225 2138 1655 2209 excludendum;
1714 2159 1890 2215 neque
1929 2145 2251 2201 humanitati
2327 2158 2565 2208 rursum,
2596 2144 2664 2208 si,
2699 2151 2758 2196 ut
2800 2143 2853 2197 in
2891 2140 3110 2198 Christo
3187 2150 3287 2208 est,
3317 2141 3566 2198 conside-

310 2230 484 2286 retur,
509 2222 759 2291 gloriam,
789 2236 909 2293 qua:
936 2225 1104 2279 Deum
1135 2229 1311 2291 decet,
1343 2228 1714 2299 denegandam
1741 2248 1881 2289 esse.

383 2314 519 2368 KH'.
560 2314 707 2386 Πλὴν
732 2315 1100 2385 ἐρησομένους
1147 2319 1249 2372 οὐκ
1290 2320 1537 2391 ἠγνόησα
1576 2340 1728 2389 τινας
1752 2342 1765 2357 ο
1793 2326 1890 2390 Τίς

291 2401 377 2481 δὴ
404 2401 512 2472 ἄρα
534 2402 682 2455 ἐστὶν
708 2401 923 2474 άληθῶς
956 2402 1165 2475 Ἰησοῦς
1198 2407 1462 2478 Χριστός;
1491 2411 1520 2463 ό
1542 2411 1609 2464 ἐκ
1634 2414 1894 2480 γυναικὸς

311 2494 620 2565 ἄνθρωπος,
652 2495 822 2565 ἤγουν
912 2496 978 2549 ὲκ
1003 2495 1139 2553 Θεοῦ
1170 2498 1376 2568 Λόγος;
1415 2501 1528 2556 Καὶ
1554 2503 1759 2573 ἠλίθιον
1795 2506 1896 2577 μὲν

312 2586 507 2657 κομιδῇ
569 2585 630 2640 τὸ
692 2575 1057 2642 διατεῖνεσθαι
1113 2591 1381 2660 περιττά,
1437 2594 1531 2647 καὶ
1591 2575 1894 2666 φληνάῴοις

311 2675 684 2754 εῖκαιομύθοικς
712 2676 1182 2748 ἁνταναφωνεῖνιι.
1203 2680 1342 2752 Ἐρῶ
1367 2682 1410 2735 δ’
1439 2680 1555 2749 οῦν,
1583 2686 1665 2739 ὅτι
1695 2689 1895 2757 σφαλε-

315 2768 408 2840 ρόν
438 2786 497 2822 τε
528 2770 621 2823 καὶ
652 2768 754 2823 οὐκ
782 2767 1017 2841 ἀζήμιον
1058 2770 1121 2824 τὸ
1168 2772 1477 2844 διατέμνειν
1519 2777 1601 2840 εἰς
1644 2778 1758 2845 δύο,
1802 2782 1896 2835 καὶ

312 2861 590 2932 ἀναμέρος
639 2862 814 2933 ἱστᾷν,
849 2862 1139 2934 ἄνθρωπόν
1188 2881 1251 2918 τε
1304 2867 1401 2921 καὶ
1428 2867 1622 2937 Λόγον,
1653 2872 1754 2926 οὐκ
1798 2874 1894 2927 ἀν-

2064 2324 2302 2380 XXV’III.
2336 2324 2451 2378 Non
2508 2324 2751 2393 ignoravi
2799 2333 2977 2379 autem
3009 2323 3239 2388 futuros,
3271 2324 3361 2393 qui
3395 2326 3567 2381 inter-

1992 2424 2226 2484 rogent:
2263 2415 2531 2485 Agedum,
2584 2424 2707 2470 uter
2757 2429 2883 2469 vere
2935 2424 3020 2468 est
3069 2412 3225 2471 Jesus
3270 2413 3569 2471 Christus?

1994 2513 2111 2567 isne
2162 2512 2252 2580 qui
2307 2511 2467 2565 homo
2498 2523 2562 2564 ex
2614 2508 2839 2563 muliere
2889 2517 3047 2563 natus
3098 2516 3202 2576 est,
3227 2523 3296 2563 an
3329 2506 3567 2565 Verbum

1994 2608 2137 2676 quod
2196 2621 2258 2660 ex
2315 2604 2425 2658 Deo
2464 2590 2703 2671 genitum
2739 2601 2857 2658 est?
2881 2600 2973 2656 Nae
3002 2602 3228 2657 stultum
3256 2610 3340 2659 est
3374 2615 3571 2670 super-

1996 2690 2460 2748 vacaneis-verbis
2475 2688 2822 2754 contendere,
2860 2704 2924 2744 ac
2963 2687 3295 2758 quibuslibet
3336 2688 3570 2745 anilibus

1994 2782 2152 2852 nugis
2185 2795 2310 2836 sese
2355 2791 2648 2849 opponere.
2681 2778 3003 2847 Respondeo
3056 2777 3412 2834 nihilominus
3460 2793 3569 2834 non

1995 2872 2170 2928 solum
2232 2869 2621 2941 periculosum,
2647 2870 2740 2925 sed
2791 2869 2954 2925 etiam
3012 2869 3374 2939 perniciosum
3424 2883 3569 2936 esse,

313 2956 584 3028 εχομένης
626 2956 726 3027 τῆς
768 2959 1105 3029 οἰκονομίας,
1137 2961 1232 3015 καὶ
1255 2962 1492 3034 Χριστὸν
1520 2936 1632 3016 ἕνα
1679 2962 1892 3035 βοώνσης

1999 2936 2271 3021 hominem
2303 2972 2360 3018 et
2384 2960 2623 3018 Verbum
2658 2961 2963 3032 seiungere,
3002 2936 3258 3030 iactaque
3307 2961 3574 3018 divisione

312 3047 412 3119 τῆς
453 3046 810 3102 θεοπνεύστου
838 3049 1062 3120 Γραφῆς
1082 3066 1097 3080 ο
1129 3051 1328 3122 χρῆναι
1362 3051 1472 3123 γὰρ
1522 3051 1698 3121 ἔγωγέ
1723 3071 1890 3125 φημι,

316 3140 454 3209 μήτε
500 3138 591 3191 τὸν
625 3139 689 3192 ὲκ
716 3138 852 3193 Θεοῦ
890 3139 1063 3208 Λόγον
1110 3141 1530 3213 ἀνθρωπότητος
1571 3142 1715 3213 δίχα,
1753 3144 1893 3215 μήτε

317 3229 423 3303 μὴν
452 3231 544 3285 τὸν
575 3232 641 3284 ὲκ
668 3231 928 3300 γυναικὸς
958 3232 1327 3303 άποτεχθέντα
1370 3234 1518 3297 ναὸν,
1552 3234 1628 3298 ὡς
1655 3236 1730 3305 μὴ
1756 3236 1891 3289 ἑνω-

313 3320 475 3377 θέντα
516 3321 593 3393 τῷ
617 3323 794 3394 Λόγῳ,
840 3323 1077 3393 Χριστὸν
1107 3325 1316 3395 Ἰησοῦν
1361 3326 1745 3396 ὀνομάζεσθαι.
1775 3328 1894 3383 Ἀν-

312 3413 627 3484 θρωπότητι
654 3412 760 3486 γάρ
786 3412 908 3467 καθ’
942 3413 1138 3469 ἕνωσιν
1164 3415 1515 3486 οἰκονομικὴν
1561 3417 1893 3488 άπορῤήτως

314 3505 773 3577 συνενηνεγμένος
820 3507 849 3561 ό
902 3508 967 3561 ὲκ
1010 3505 1147 3561 Θεοῦ
1182 3507 1373 3574 Λόγος,
1404 3510 1606 3561 νοεῖται
1634 3510 1889 3579 Χριστός.

324 3597 621 3670 ’Δνώτερος
667 3598 768 3669 μὲν
816 3598 1254 3668 άνθρωπότητος,
1288 3599 1364 3662 ὡς
1413 3599 1577 3669 φύσει
1622 3600 1754 3665 Θεὸς
1798 3602 1893 3655 καὶ

310 3687 474 3753 Υἱός·
522 3689 624 3743 οὐκ
654 3689 940 3761 ἀτιμάζων
983 3689 1041 3743 δὲ
1098 3691 1195 3744 καὶ
1239 3690 1301 3743 τὸ
1327 3692 1388 3743 ἐν
1418 3690 1610 3756 ὑφέσει
1641 3691 1894 3758 γενέσθαι

310 3783 509 3849 δοκεῖν,
553 3783 642 3839 διὰ
689 3784 750 3837 τὺ
801 3783 1162 3856 ἀνθρώπινον.
1235 3784 1521 3856 Τοιγάρτοι
1598 3784 1729 3839 ποτὲ
1793 3786 1897 3855 μὲν

310 3876 582 3945 ἔφασκεν*
624 3876 724 3929 ι⁹0
766 3875 1029 3947 ἑωρακὼς
1081 3876 1202 3947 ἐμὲ,
1248 3877 1463 3948 ἑώρακε
1506 3876 1599 3931 τὸν
1652 3878 1893 3948 Πατέρα.

324 3966 469 4037 Ἐγὼ
510 3970 605 4023 καὶ
632 3970 661 4020 ό
688 3967 881 4040 Πατὴρ
915 3966 975 4021 ἓν
1002 3970 1200 4039 ὲσμενο
1233 3986 1252 4021 ι
1291 3968 1421 4022 ποτὲ
1466 3969 1526 4022 δὲ
1568 3964 1636 4023 αὖ
1687 3968 1851 4023 πάλιν
1878 3984 1892 3996 ·

1996 3063 2290 3123 utrumque
2333 3066 2579 3109 seorsum
2618 3060 2894 3117 statuere;
2939 3051 3139 3121 quippe
3197 3064 3318 3105 cum
3352 3050 3572 3120 dispen-

1995 3146 2225 3203 sationis
2254 3145 2570 3218 mysterium
2589 3143 2855 3215 ejusmodi
2886 3142 3184 3199 sectionem
3226 3156 3571 3213 nequaquam

1993 3240 2264 3306 admittat,
2299 3250 2354 3294 et
2376 3239 2556 3294 divina
2592 3246 2856 3309 prteterea
2911 3236 3191 3308 Scriptura
3240 3251 3409 3292 unum
3440 3234 3574 3292 dun-

1995 3339 2147 3385 taxat
2201 3330 2479 3386 Christum
2515 3344 2638 3385 esse
2695 3330 2901 3385 diserte
2956 3330 3163 3397 tradat;
3199 3342 3387 3386 assero
3425 3329 3570 3385 enim

1994 3437 2171 3491 neque
2202 3421 2297 3477 Dei
2341 3420 2571 3477 Verbum
2612 3422 2820 3491 absque
2850 3421 3213 3488 humanitate,
3238 3434 3413 3490 neque
3434 3428 3573 3476 tem-

1995 3514 2142 3582 plum
2176 3527 2414 3576 rursum,
2455 3513 2598 3575 quod
2638 3526 2708 3566 ex
2753 3511 2982 3566 muliere
3030 3511 3083 3565 in
3130 3510 3304 3567 lucem
3365 3511 3572 3566 editum

1996 3615 2103 3677 est,
2128 3605 2229 3658 nisi
2260 3601 2579 3659 cumVerbo
2593 3601 2942 3672 coniunctum
2973 3602 3361 3668 sit,Christum
3387 3602 3571 3659 Iesum

1996 3695 2256 3765 appellari
2311 3708 2489 3764 posse.
2549 3693 2995 3765 Quandoquidem
3039 3693 3146 3749 ‘Dei
3188 3694 3422 3750 Verbum
3473 3706 3573 3762 per

1997 3787 2452 3856 dispensatoriam
2496 3786 2745 3853 copulam
2786 3785 3091 3839 admirabili
3131 3784 3292 3839 modo
3320 3783 3573 3839 humanas

1996 3886 2205 3930 natura:
2258 3876 2493 3940 unitum,
2532 3876 2782 3930 Christus
2839 3888 2958 3930 esse
3019 3875 3384 3943 cognoscitur.
3437 3872 3572 3928 Nam

1994 3966 2098 4022 etsi
2132 3966 2264 4022 illud
2305 3976 2367 4021 ut
2422 3966 2567 4022 Deus
2597 3964 2973 4035 naturaiisque
3026 3965 3124 4020 Dei
3172 3964 3351 4021 Patris
3379 3963 3569 4032 Filius,

320 4059 420 4117 ιὈ
450 4062 642 4132 Πατήρ
676 4074 776 4131 μου
823 4059 1026 4130 μείζων
1065 4076 1167 4130 μου
1213 4060 1390 4115 ἐστίν’
1430 4079 1449 4112 ι
1483 4061 1547 4113 οὐ
1580 4060 1748 4131 μείων
1786 4060 1892 4131 γὰρ

1999 4059 2336 4113 humanitate
2370 4058 2620 4129 superius
2647 4058 2736 4123 sit,
2754 4066 2992 4113 attamen
3022 4065 3246 4128 propter
3264 4064 3587 4127 susceptam.

311 4150 388 4208 ὢν
424 4151 517 4206 τοῦ
566 4152 779 4224 Πατρὸς
830 4151 974 4209 κατά
1018 4169 1082 4222 γε
1132 4151 1196 4205 τὸ
1245 4154 1306 4209 ιν
1351 4153 1511 4225 οὐσίᾳ
1551 4151 1767 4217 ταυτὸν,
1798 4153 1892 4207 καὶ

1999 4151 2231 4207 hominis
2263 4161 2513 4206 naturam
2540 4151 2595 4205 in
2625 4150 2931 4206 humilitate
2961 4149 3147 4221 jacere
3169 4163 3277 4205 non
3303 4148 3575 4205 detrecta-

314 4246 457 4300 κατὰ
499 4247 609 4300 πᾶν
655 4243 835 4302 ὁτιοῦν
866 4245 929 4298 τὸ
964 4243 1304 4307 ἰσοστατοῦν,
1324 4262 1325 4265 ‘
1348 4246 1406 4299 ὲν
1442 4245 1721 4300 ἐλάττοσιν
1749 4240 1892 4300 εἶναι

1999 4243 2096 4297 vit.
2142 4244 2320 4314 Atque
2373 4245 2479 4300 huc
2514 4242 2679 4300 tendit
2731 4243 2863 4298 illud
2905 4242 3107 4299 Christi
3142 4261 3157 4299 :
3198 4257 3225 4297 ι
3273 4240 3375 4310 Qui
3427 4232 3577 4298 vi‘det

314 4354 449 4408 φησι
475 4338 562 4393 διὰ
593 4339 656 4393 τὸ
680 4337 1046 4410 ἀνθρώπινον.
1291 4303 1300 4307 ν
1924 4303 1973 4362 D

314 4444 481 4485 unum
515 4445 703 4488 smnus
727 4431 810 4498 ⁸¹;
841 4450 861 4483 ι
888 4442 945 4486 et
1000 4430 1130 4487 illud
1204 4440 1419 4486 rursum
1464 4429 1733 4500 ejusdem.
1762 4427 1927 4484 Pater
1964 4445 2116 4487 meus
2163 4427 2342 4500 maior
2380 4443 2466 4485 me
2538 4439 2621 4487 est
2648 4431 2715 4485 ⁸⁸.
2756 4450 2775 4485 ι
2809 4429 3069 4498 Quamvis
3094 4429 3263 4496 enim,
3300 4427 3415 4485 sive
3443 4427 3574 4483 sub-

314 4527 532 4581 stantia:
566 4525 1075 4593 identitatem,sive
1105 4526 1248 4582 aliud
1282 4526 1666 4595 quodcunque,
1700 4524 1752 4579 in
1784 4538 1893 4593 quo
1965 4526 2087 4582 cum
2137 4522 2300 4581 Patre
2350 4526 2588 4582 conferri
2643 4533 2824 4596 queat,
2885 4535 3115 4598 spectes,
3145 4522 3324 4583 Patre‘
3366 4534 3573 4591 nequa-

2001 4348 2109 4404 me,
2147 4337 2293 4393 videt
2319 4345 2376 4393 et
2396 4336 2612 4393 Patrem
2649 4344 2830 4391 meum
2849 4336 2929 4406 In;
2961 4353 2982 4390 ι
3009 4345 3085 4404 et,
3125 4355 3145 4389 ι
3185 4334 3297 4408 Ego
3330 4343 3383 4391 et
3410 4333 3577 4392 Pater
3676 4334 3681 4347 ’

313 4634 479 4696 quam
515 4620 693 4674 minor
723 4618 829 4684 sit;
873 4627 1052 4674 tamen
1076 4628 1299 4689 pr0pter
1335 4627 1669 4689 assumptum
1693 4617 2108 4686 humanitatem,
2129 4620 2292 4676 Patre
2314 4623 2580 4675 minerem
2608 4634 2666 4674 se
2699 4627 2878 4677 vocat.

384 4713 516 4769 KO’.
557 4710 903 4783 Κηρύττεται
933 4709 991 4763 δὲ
1023 4711 1119 4763 καὶ
1148 4709 1237 4763 διὰ
1267 4709 1379 4764 τῶν
1425 4710 1587 4780 ιερῶν
1625 4710 1887 4783 Γραμμάε

313 4822 446 4872 των,
484 4805 612 4858 ποτὲ
647 4804 747 4874 μὲν
773 4801 850 4865 ὡς
877 4801 999 4864 ὅλος
1032 4799 1110 4853 ὣν
1136 4800 1444 4870 ἄνθρωπος,
1478 4801 1898 4872 σεσιωπημένης

316 4897 483 4953 αὐτοῦ
511 4896 614 4965 τῆς
637 4894 892 4963 θεότητος
921 4890 1283 4961 οἰκονομικῶς
1303 4907 1317 4923 υ
1350 4894 1481 4945 ποτὲ
1522 4893 1582 4947 δὲ
1629 4889 1696 4947 αὖ
1733 4893 1899 4947 πάλιν

2073 4712 2269 4769 XXIX.
2304 4714 2443 4782 Quin
2470 4728 2637 4768 sacrae
2667 4724 2885 4783 quoque
2912 4711 3133 4765 Littera
3179 4706 3575 4777 dispensatoris

2004 4806 2235 4875 quadam
2290 4806 2520 4868 ratione,
2548 4803 2828 4858 divinitate
2886 4801 3031 4856 illius
3054 4811 3364 4867 suppressa,
3402 4805 3575 4855 totum

2005 4890 2277 4945 interdum
2314 4891 2616 4960 prmdicant
2664 4899 2722 4945 ut
2753 4888 3276 4951 hominem;contra
3322 4899 3575 4940 nonnun-

2004 4996 2167 5052 quam
2192 4982 2530 5038 humanitate
2557 4978 2799 5050 ejusdem
2832 4978 3014 5043 tacita,
3047 4985 3216 5032 totum
3253 4975 3575 5047 quandoque

2006 5073 2366 5129 insinuantut
2392 5071 2580 5126 Deum.
2611 5072 2863 5125 Attamen
2913 5075 3138 5139 propter
3164 5066 3445 5138 utriusque
3477 5078 3577 5121 na-

2006 5175 2142 5220 turae
2200 5165 2251 5219 in
2306 5178 2469 5219 unam
2529 5161 2882 5231 eamdemque
2912 5174 3197 5230 personam
3260 5157 3572 5224 coitionem,

316 4989 393 5053 ὡς
445 4987 597 5053 Θεὸς,
637 4983 1059 5056 σεσιωπημένης
1107 4981 1273 5036 αὑτοῦ
1302 4983 1403 5053 τῆς
1431 4982 1897 5056 άνθρωπότητοςζ

317 5080 584 5135 ἀδικεῖται
604 5078 661 5133 δὲ
700 5076 822 5131 κατ’
854 5075 1049 5130 οὐδένα
1068 5074 1291 5146 τρόπον,
1317 5073 1406 5129 διά
1443 5075 1545 5146 τὴν
1586 5077 1790 5147 ἀμφοῖν
1816 5077 1898 5140 εἰς

319 5166 550 5236 ἑνότητα
598 5164 888 5235 σύμϐασιν.
930 5163 1043 5218 Καὶ
1077 5161 1206 5232 γοῦν
1229 5166 1258 5218 ό
1290 5163 1576 5228 θεσπέσιος
1604 5164 1835 5230 Παῦλος,
1866 5167 1895 5219 ό

394 5324 443 5357 ⁷⁹
466 5324 629 5380 Hebr.
665 5324 706 5387 l,
735 5324 791 5388 5,
827 5323 881 5377 ι.
957 5322 1001 5354 δ’
1033 5321 1196 5378 Hebr.
1243 5336 1299 5385 ll,
1334 5318 1388 5374 9.
1464 5316 1687 5375 “Joan.
1736 5334 1844 5384 xlv,
1880 5320 1892 5373 ε

2010 5321 2054 5352 δ’
2089 5318 2245 5375 Joan.
2280 5334 2334 5383 κ,
2381 5316 2468 5371 50.
2545 5317 2591 5349 ⁸³
2620 5315 2775 5374 Joan.
2833 5331 2946 5387 xw,
2982 5313 3073 5373 28.

1430 5457 1604 5516 Variae
1635 5461 1893 5516 lectiones
1925 5458 2126 5515 codicis
2172 5456 2534 5528 chnieriani.

398 5604 427 5645 h
455 5601 765 5673 φληνάφους
789 5596 1167 5668 εἱκαιομυθίας
1197 5596 1621 5663 ἁνταναφωνεῖν.
