3910 6200
227 285 362 346 ιιττ

1176 287 1261 342 DE
1299 287 1525 344 RECTA
1568 286 1721 342 FIDE
1759 287 1851 342 AD
1891 286 2335 346 THEODOSIUM
2376 288 2510 344 IMP.

3327 290 3469 346 H78

293 400 373 455 A'.
424 394 485 451 '0
531 397 693 460 αὐτὸς
732 393 826 450 οῦν
878 396 986 469 ἄρα
1036 400 1129 452 καὶ¹
1180 402 1474 471 μονογενής
1523 403 1658 463 ἐστι,
1703 400 1794 454 καὶ

1968 402 2136 457 XXX.
2181 403 2325 459 Idem
2387 407 2570 474 itaque
2621 405 2926 475 ttnigenitus
2972 413 3028 462 et
3075 405 3470 476 primogenitns

221 487 597 559 πρωτότοκος’
634 489 663 540 ό
687 488 797 559 γάρ
825 506 906 542 τοι
950 491 1242 561 μονογενὴς
1276 492 1350 554 ὡς
1377 491 1527 556 Θεὸς,
1576 491 1790 562 πρωτό-.

218 595 380 642 τοκος
439 580 496 631 ὲν
545 579 696 649 ἡμῖν,
733 579 855 632 καθ’
889 579 1084 634 ἕνωσιν
1135 582 1490 652 οἰκονομικῶς
1511 580 1558 644 κ,
1591 582 1682 635 καὶ
1733 584 1791 639 ὲν

220 669 437 731 πολλοῖς
469 669 718 738 ἀδελφοῖς
762 669 837 733 ὡς
882 670 1165 741 ἄνθρωπος
1187 688 1200 702 ·
1255 673 1323 724 ἵν’
1347 673 1510 743 ἡμεῖς
1541 665 1688 742 ὦμεν
1716 671 1792 734 ὡς

221 762 281 814 ὲν
312 759 462 829 αὐτῷ
501 777 562 813 τε
600 761 696 815 καὶ
727 760 795 814 δι’
824 761 988 815 αὑτοῦ
1024 762 1131 815 υἱοὶ
1157 762 1293 815 Θεοῦ
1326 762 1569 831 φυσικῶς
1608 779 1666 816 τε
1700 762 1793 816 καὶ

221 851 361 914 κατὰ
390 850 553 922 χάριν
577 867 592 882 ⁸
622 851 867 920 φυσικῶς
901 853 1021 923 μὲν,
1043 853 1118 916 ὡς
1141 855 1202 910 ὲν
1220 853 1368 923 αὐτῷ
1395 871 1454 906 τε
1487 853 1578 907 καὶ
1607 854 1751 924 μόνῳ
1773 869 1786 882 ·

227 941 563 1012 μεθεκτικῶς
599 943 655 996 δὲ
684 945 777 996 καὶ
825 943 968 997 κατὰ
1000 944 1158 1016 χάριν
1206 948 1369 1015 ἡμεῖς
1413 946 1480 998 δι’
1513 945 1676 998 αὐτοῦ
1733 947 1790 998 ὲν

225 1031 740 1102 Πνεύματι.”Ωσπερ
770 1029 863 1087 οὖν
901 1033 1120 1102 γέγονεν
1149 1035 1278 1096 ἴδιον
1307 1039 1404 1107 τῆς
1433 1036 1790 1106 ἀνθρωπότη-

224 1137 315 1184 τος
367 1123 426 1174 ὲν
463 1122 684 1192 Χριστῷ
731 1122 791 1174 τὸ
841 1123 1146 1192 μονογενὲς,
1186 1125 1274 1178 διὰ
1316 1125 1376 1178 τὸ
1425 1126 1668 1196 ἡνῶσθαι
1716 1126 1792 1196 τῷ

222 1211 383 1282 Λόγῳ
428 1212 570 1265 κατὰ
615 1210 884 1282 σύμϐασιν
931 1214 1310 1287 οἰκονομικήν*
1345 1216 1516 1280 οὕτως
1544 1217 1672 1270 ῐδιον
1697 1217 1792 1271 τοῦ

224 1303 422 1371 Λόγου,
440 1301 521 1365 τὸ,
532 1301 601 1355 ἐν
618 1301 868 1368 πολλοῖς
879 1303 1182 1373 ἀδελφοῖς,
1203 1307 1296 1359 καὶ
1307 1307 1387 1370 τὸ,
1400 1310 1789 1375 πρωτότοκος,

223 1395 315 1449 διὰ
347 1394 408 1447 τὸ
433 1393 671 1464 ἡνῶσθαι
703 1394 888 1464 σαρκί.
913 1395 1328 1466 Ἐρηρεισμένον
1354 1397 1399 1451 δ’
1423 1393 1515 1451 οὖν
1554 1398 1693 1468 ἔχων
1731 1401 1794 1454 τὸ

225 1480 366 1539 εἶναι
384 1485 535 1547 Θεὸς,
569 1483 665 1537 καὶ
689 1484 894 1554 τροπῆς
922 1485 1162 1555 ἀμείνων
1194 1487 1474 1558 ὑπάρχων,
1504 1490 1591 1541 ἀεὶ
1625 1489 1794 1559 μεμέ-

226 1592 390 1647 νηκεν
419 1575 554 1645 ὅπερ
581 1570 670 1646 ἦν,
703 1574 799 1627 καὶ
837 1576 925 1628 ὅτε
956 1575 1178 1643 γέγονεν
1220 1577 1527 1647 ἅνθρωπος,
1555 1582 1621 1650 τῇ
1649 1579 1794 1631 κατὰ

227 1671 444 1725 πάντων
475 1671 737 1742 ὑπεροχῇ,
774 1667 898 1742 δόξῃ
931 1686 990 1727 τε
1019 1673 1086 1741 τῇ
1118 1670 1378 1724 ἀνωτάτω
1413 1668 1792 1738 κατεστεμμέ-

226 1779 338 1824 νος.
361 1762 647 1830 Τοιγάρτοι
676 1761 1027 1814 κεκέλευσται
1065 1760 1183 1830 μεθ’
1206 1760 1362 1831 ήμῶν
1395 1762 1488 1814 καὶ
1517 1760 1655 1829 αὑτὴ
1682 1760 1792 1813 τῶν

226 1853 342 1930 ἀνω
367 1853 691 1922 πνευμάτων
729 1854 762 1923 ή
794 1849 926 1921 ἀγία
958 1869 1017 1904 τε
1045 1852 1540 1924 καιπαμμακαρία
1587 1851 1794 1921 πληθὺς

227 1943 550 2013 προσκυνεῖν
596 1939 892 2013 αύτῷ.*Ην
935 1942 1044 2012 γὰρ
1088 1942 1259 2013 δήπου
1307 1942 1400 1995 καὶ
1453 1942 1598 2013 μάλα
1647 1942 1795 2006 εἰκὸς

231 2034 530 2104 ἀνήνασθαι
581 2033 679 2105 τὴν
705 2032 1095 2105 προσκύνησιν,
1125 2033 1218 2086 καὶ
1246 2034 1577 2103 κατοκνῆσαι
1603 2035 1790 2104 τιμᾷν,

227 2123 289 2183 τὸ
330 2124 427 2193 τῆς
474 2123 889 2195 ἀνθρωπότητος
938 2123 1349 2196 σμικροπρεπὲς
1397 2124 1658 2194 ὁρῶντας,
1701 2125 1795 2178 καὶ

226 2219 320 2274 τὸν
347 2221 414 2274 δι’
445 2221 590 2291 ἡμᾶς
621 2220 913 2292 γενόμενον
941 2220 1062 2274 καθ’
1088 2221 1235 2290 ἡμᾶς
1262 2221 1362 2273 οὐκ
1392 2219 1621 2284 ἀξιῶσαι
1649 2220 1795 2284 δοξο-

228 2309 430 2379 λογεῖν,
457 2309 864 2378 ἀποφοιτῶντας
892 2309 969 2373 ὡς
995 2308 1266 2363 ἀπωτάτω
1297 2309 1390 2362 τοῦ
1418 2309 1794 2378 πεπλανῆσθαι

227 2401 708 2455 δοκεῖν.¹Ἀποπτον
731 2400 840 2473 γὰρ
869 2399 962 2454 καὶ
981 2400 1164 2464 αὐτοῖς
1189 2396 1258 2472 ἦν
1285 2399 1445 2454 ἔτιτὸ
1471 2402 1561 2452 ἐπὶ
1577 2401 1796 2472 Χριστῷ

233 2489 550 2559 μυστήριον,
591 2487 920 2552 ὲξενάλυπτε
971 2487 1028 2538 δὲ
1079 2485 1139 2539 τὸ
1192 2485 1414 2556 Πνεῦμα
1461 2486 1664 2548 αὐτοῖς,
1701 2484 1798 2538 καὶ

228 2579 506 2638 δυσσεϐεῖν
551 2579 649 2643 οὐκ
689 2577 839 2648 ὴφίεοι
883 2578 1008 2640 τοὺς
1052 2576 1432 2646 ἡγιασμένους.
1501 2576 1797 2646 Τοιγάρτοι

231 2672 394 2744 φησιν
426 2673 454 2724 ό
485 2670 768 2733 θεσπέσιος
799 2669 1003 2732 Παῦλος
1025 2685 1038 2700 ο
1075 2670 1274 2721 (Ὅταν
1319 2668 1377 2720 δὲ
1405 2668 1674 2738 εἰσαγάγῃ
1704 2665 1797 2723 τὸν

235 2753 586 2837 Πρωτότοκον
631 2764 710 2825 εἰς
739 2761 836 2833 τὴν
886 2761 1231 2832 οἰκουμένην,
1261 2761 1408 2830 λέγει
1430 2779 1444 2792 ·
1473 2759 1582 2814 Καὶ
1622 2775 1797 2831 προσ-

231 2855 624 2925 κυνησάτωσαν
676 2854 824 2924 αὐτῷ
879 2855 1076 2918 πάντες
1118 2853 1338 2922 ἄγγελοι
1379 2853 1538 2908 Θεοῦ.
1563 2853 1660 2904 »⁸0
1687 2851 1797 2924 γὰρ

234 2945 458 3015 ἰδιότητι
502 2947 698 3014 φυσικῇ
733 2943 828 3013 τῆς
870 2943 1191 3012 οἰκουμένης
1226 2941 1446 3012 ἁπάσης
1477 2939 1792 3008 διενεγκὼν,
1837 2975 1850 2980 ς

1893 496 1998 564 27
2037 505 2119 549 est
2150 513 2162 548 :
2203 497 2511 564 unigenitus
2541 497 2754 565 quidem
2791 507 2850 552 ut
2879 499 3040 562 Deus,
3073 499 3466 568 primogenitus

1895 595 2022 634 vero
2079 591 2346 650 quatenus
2411 586 2708 638 secundum
2760 586 3145 642 mconomicam
3209 588 3461 645 unionem

1895 669 2034 726 inter
2058 685 2155 725 nos
2174 683 2230 725 et
2270 671 2410 726 inter
2437 673 2632 728 multos
2667 675 2861 728 fratres
2905 675 3066 729 homo
3087 685 3334 731 versatus
3357 687 3460 741 est.

1893 773 1999 827 quo
2024 769 2078 814 et
2115 775 2212 814 nos
2242 777 2453 831 quoque
2497 763 2549 816 in
2580 763 2697 832 ipso
2727 773 2783 818 et
2822 780 2916 832 per
2955 766 3130 835 ipsum
3165 768 3461 823 secundum

1895 861 2142 904 naturam
2168 862 2223 906 et
2247 854 2472 921 gratiam
2507 853 2601 907 lilii
2633 855 2722 909 Dei
2757 854 3090 911 eiiiceremur
3119 876 3131 912 :
3163 859 3460 913 secundum

1894 954 2142 997 naturam
2173 946 2408 1013 quidem,
2440 954 2497 1000 ut
2530 947 2582 1000 in
2616 948 2732 1016 ipso
2772 953 2825 1002 et
2858 963 2964 1002 uno
3006 966 3020 1002 :
3055 951 3464 1018 participatione

1893 1048 2043 1098 vero,
2085 1043 2136 1086 et
2173 1036 2463 1088 secundum
2501 1037 2728 1106 gratiam
2783 1052 2877 1104 per
2907 1038 3082 1106 ipsum
3143 1039 3195 1092 in
3231 1038 3460 1105 Spiritu.

1894 1122 2351 1190 Quemadmodum
2381 1127 2542 1194 igitur
2572 1126 2768 1181 Christi
2805 1129 3147 1194 humanitati,
3181 1137 3461 1197 propterea

1893 1214 2034 1282 quod
2065 1216 2362 1272 secmtdum
2390 1216 2809 1286 dispensationis
2841 1218 3086 1284 copulam
3122 1217 3300 1272 Verbo
3332 1234 3463 1272 con-

1889 1305 2202 1374 junctaest,
2230 1308 2567 1377 unigenitum
2603 1323 2725 1364 esse
2755 1319 2809 1362 et
2862 1309 2966 1362 dici
3008 1307 3309 1379 'proprium
3334 1307 3464 1363 clie-

1892 1407 2040 1453 ctum
2079 1409 2160 1454 est
2195 1417 2208 1452 :
2248 1402 2316 1452 ita
2356 1401 2640 1465 Vcrbo,eo
2669 1401 2811 1470 quod
2833 1401 3052 1457 'unitum
3085 1410 3167 1455 est
3198 1403 3369 1468 carni,
3405 1403 3462 1456 id

1894 1492 2169 1559 proprium
2231 1491 2432 1546 factum
2464 1503 2565 1557 est,
2601 1505 2657 1545 ut
2705 1493 2844 1546 inter
2893 1494 3089 1546 multos
3134 1493 3328 1546 fratres
3358 1492 3466 1560 pri-t

1895 1582 2190 1650 mogcnitns
2222 1582 2293 1635 sit
2320 1590 2374 1635 et
2406 1583 2726 1651 appelletur.
2761 1583 2892 1636 Cum
2928 1583 3018 1636 Dei
3060 1584 3238 1650 itaque
3267 1591 3458 1634 natura

1894 1671 2124 1736 stabilis,
2151 1672 2371 1726 immota
2418 1673 2702 1740 omnisque
2757 1674 3073 1727 mutationis
3119 1688 3311 1742 expers
3365 1672 3457 1738 sit,

1896 1777 2166 1830 nunquam
2198 1761 2336 1816 Deus
2373 1763 2602 1816 Verbum
2634 1778 2737 1817 non
2783 1765 2982 1818 mansit
3017 1765 3158 1833 quod
3193 1761 3458 1818 crat.Ne-

1893 1867 1998 1922 que
2029 1869 2154 1908 vero
2187 1865 2294 1906 tum
2328 1856 2541 1921 quando
2559 1854 2720 1909 homo
2743 1855 2914 1910 factus
2941 1865 3042 1918 est,
3067 1871 3291 1911 summze
3313 1857 3459 1909 illius

1897 1943 2192 2012 tnajcslatis
2216 1953 2267 1997 et
2285 1942 2604 2012 gloriaa,qua
2638 1954 2860 1999 czcteros
2891 1959 3078 1998 omnes
3111 1943 3265 2013 longe
3289 1959 3458 2010 supe-

1895 2045 1998 2098 rat,
2047 2035 2298 2089 coronant
2347 2034 2554 2088 amisit.
2614 2035 2970 2100 Quamobrem
3026 2045 3211 2089 sancta
3264 2035 3350 2087 illa
3406 2035 3464 2089 in

1895 2126 2190 2197 primisque
2223 2129 2378 2182 beata
2409 2128 2710 2183 cmlestium
2736 2128 3024 2196 spirituum
3065 2127 3372 2189 multitudo,
3405 2135 3465 2180 ut

1893 2215 2040 2270 illum
2084 2219 2294 2283 adoret,
2321 2233 2472 2288 mque
2525 2234 2588 2272 ac
2623 2234 2722 2273 nos
2755 2220 3066 2272 mandatum
3103 2217 3334 2283 accepit.
3357 2214 3462 2292 Ροτ

1897 2317 2037 2363 terat
2061 2311 2225 2376 enim,
2263 2311 2377 2366 sola
2404 2312 2759 2367 humanitatis
2792 2312 3054 2380 parvitate
3083 2321 3135 2363 et
3164 2308 3466 2374 abjectione

1895 2399 2227 2470 inspecta,et
2256 2404 2471 2471 quidem
2512 2403 2634 2471 jure
2685 2403 3004 2470 meritoque,
3040 2400 3299 2467 ejusmodi
3331 2399 3463 2452 ado-

1895 2494 2157 2549 rationem
2186 2507 2458 2557 recusare,
2490 2501 2545 2547 et
2593 2491 2814 2546 honoris
2866 2493 3068 2546 cultum
3119 2489 3464 2544 cunctantius

1897 2583 2224 2652 impendere.
2274 2598 2337 2638 ac
2398 2583 2471 2636 illi
2505 2583 2595 2651 qui
2660 2592 2880 2651 propter
2914 2598 3013 2638 nos
3052 2583 3223 2636 nostri
3271 2579 3464 2636 similis

1895 2672 2118 2728 eﬂ'ectus
2171 2672 2363 2739 fuerat,
2395 2672 2839 2742 gloriﬁcationcm
2887 2674 3176 2741 denegare,
3239 2683 3304 2722 ne
3356 2681 3466 2736 quo

1896 2778 2080 2818 errore
2103 2764 2472 2834 imprudentes
2494 2765 2995 2834 constringerentur
3021 2780 3036 2816 :
3064 2761 3289 2816 necdum
3315 2760 3459 2814 enim

1895 2858 1950 2911 et
1989 2855 2160 2927 ipsius
2212 2857 2527 2926 mysterium
2579 2855 2708 2910 illud
2751 2855 2955 2910 Christi
3000 2852 3270 2923 cognitum
3322 2859 3464 2915 erat,

1897 2962 2082 3001 verum
2129 2960 2196 3000 ne
2225 2946 2584 3002 sanctissima:
2636 2945 2739 3001 illae
2763 2955 3026 3001 creatum
3080 2945 3132 2997 in
3190 2958 3308 2997 eam
3362 2942 3465 2994 im-

228 3037 336 3102 ἔξω
363 3051 422 3086 τε
449 3034 616 3103 αὐτῆς
653 3033 931 3103 ὑπάρχων,
960 3033 1095 3087 καθὸ
1123 3034 1321 3095 νοεῖται
1357 3031 1508 3094 Θεὸς,
1545 3030 1794 3101 εἰσϐέϐη-

1898 3039 2148 3107 pietatem
2200 3037 2524 3100 inciderent,
2555 3036 2793 3106 Spiritus
2821 3037 2872 3090 id
2911 3036 3018 3089 illis
3050 3033 3282 3102 aperuit.
3325 3031 3462 3084 Hinc

228 3144 325 3198 κεν
355 3127 432 3188 εἰς
460 3124 648 3197 αὐτὴν,
677 3125 840 3196 μέρος
863 3125 1068 3194 κόσμου
1093 3122 1370 3193 πεφηνῲς,
1393 3123 1467 3184 ῶς
1488 3122 1791 3192 ἄνθρωπος’

229 3218 371 3290 πλὴν
403 3218 465 3271 ού
493 3218 580 3271 διὰ
608 3215 764 3270 τοῦτο
801 3215 900 3285 τῆς
933 3215 1081 3278 θείας
1117 3214 1394 3268 ἁπὼλισθε
1424 3215 1602 3284 δόξης.
1621 3216 1796 3285 Προσ-

230 3311 470 3377 κυνεῐται
496 3307 602 3379 γὰρ
629 3307 703 3368 ὡς
730 3306 1062 3377 Μονογενής,
1086 3305 1188 3359 κᾶν
1205 3306 1254 3357 εί
1279 3305 1494 3359 καλοῖτο
1524 3305 1796 3374 πρωτότοο

229 3417 358 3464 κος·
411 3401 546 3471 ὅπερ
592 3399 739 3452 ἐστὶν
787 3397 1034 3469 ἐναργῶς
1081 3398 1192 3460 τοῖς
1237 3396 1336 3478 τῆς
1380 3395 1795 3467 ἀνθρωπότητος

233 3493 452 3564 μέτροις
481 3493 564 3545 ὃτι
597 3491 832 3562 μάλιστα
861 3494 1090 3560 πρέπον.

1893 3129 2021 3184 illud
2070 3127 2257 3183 Pauli:
2295 3143 2315 3178 ι
2371 3126 2435 3180 Ει
2486 3141 2606 3181 cum
2671 3126 2876 3180 inducit
2943 3121 3364 3192 Primogenitum
3407 3119 3461 3172 in

1892 3219 2077 3274 orbem
2113 3227 2288 3283 terrae,
2317 3216 2446 3272 dicit
2479 3235 2493 3270 :
2525 3216 2591 3270 Et
2635 3217 2860 3270 adorent
2887 3229 3009 3268 eum
3032 3266 3042 3276 _
3065 3227 3255 3268 onmes
3279 3209 3454 3279 angeli

1893 3308 2008 3375 ejus
2029 3309 2096 3362 9'.
2121 3328 2140 3361 ι
2175 3308 2228 3364 is
2267 3308 2433 3372 enim,
2457 3308 2546 3376 qui
2597 3316 2806 3362 natura:
2837 3307 3165 3376 proprietate
3209 3301 3464 3359 universo

1894 3405 2160 3452 terrarum
2193 3397 2324 3452 orbe
2369 3397 2654 3453 sublimior
2677 3407 2782 3464 est,
2806 3405 2858 3452 et
2884 3403 3044 3466 prout
3095 3393 3238 3447 Deus
3286 3397 3468 3446 mente

1891 3488 2218 3558 concipitur,
2248 3497 2404 3544 extra
2431 3489 2604 3557 ipsum
2629 3498 2736 3552 est.
2775 3489 2827 3542 in
2862 3488 3039 3555 ipsum
3091 3493 3152 3539 ut
3187 3484 3350 3537 homo
3377 3481 3464 3532 in-

229 3599 464 3654 gressus,
497 3598 622 3650 pars
649 3582 833 3635 mundi
867 3580 1089 3637 clfecuts
1112 3591 1191 3635 est
1220 3587 1640 3638 :‘vcrumtamen
1674 3577 1871 3632 nullam
1934 3593 1998 3634 ea
2025 3580 2089 3635 de
2112 3593 2274 3636 causa
2335 3580 2530 3635 divina:
2573 3579 2760 3649 gloria:
2822 3579 3088 3646 jacturam
3124 3579 3272 3634 fecit.
3323 3576 3473 3632 Ad0-.

231 3687 380 3734 ratur
407 3690 634 3744 namque
663 3684 719 3728 ut
757 3674 1099 3744 Unigenitus,
1157 3675 1256 3729 etsi
1303 3673 1598 3743 appelletur
1658 3675 2069 3744 primogenitus,
2125 3689 2245 3744 quae
2304 3689 2436 3730 sane
2480 3673 2768 3745 appellatio
2827 3673 3181 3730 humanitatis
3235 3673 3471 3730 modulis
3567 3673 3569 3676 ⁴

230 3782 394 3840 quam
434 3771 635 3835 optime
669 3769 940 3821 convenit.

302 3854 562 3930 ΔΑ’.⁷Αρ’
593 3854 684 3912 οὖν
721 3859 797 3922 ὡς
838 3858 1122 3929 ἄνθρωπον
1161 3858 1609 3928 προσκυνήσομεν
1641 3855 1799 3926 μόνον

228 3955 320 4008 τὸν
353 3952 735 4022 Ἐμμανουὴλ;
775 3952 865 4020 Μὴ
894 3949 1134 4018 γένοιτοί
1167 3948 1334 4018 λῆρος
1364 3947 1471 4018 γὰρ
1514 3947 1613 4017 ήδη
1644 3947 1800 4000 τοῦτο

230 4045 328 4100 καὶ
357 4044 562 4112 ἀπάτη,
603 4044 696 4096 καὶ
731 4042 1015 4112 πλάνησις.
1066 4040 1346 4110 Διοίσομεν
1388 4040 1445 4094 δὲ
1493 4040 1614 4093 κατ’
1647 4039 1799 4092 οὐδὲν

227 4135 338 4189 τῶν
365 4137 429 4205 τῇ
465 4133 640 4188 κτίσει
670 4132 1107 4204 λελατρευκότων
1131 4132 1281 4202 παρὰ
1302 4130 1394 4183 τὸν
1420 4131 1679 4184 κτίσαντα
1702 4129 1798 4182 καὶ

1970 3855 2162 3912 XXXI.
2204 3859 2416 3925 Ergone
2449 3856 2850 3911 Emmanuelem
2888 3866 2944 3910 ut
2988 3857 3158 3911 solum
3194 3855 3464 3910 hominem

1897 3946 2275 4003 adorabimtts?
2319 3946 2536 4002 Minime
2585 3950 2822 4017 gentium
2871 3965 2884 4001 :
2941 3948 3085 4000 istud
3139 3946 3282 4000 enim
3334 3944 3469 3998 nihil

1896 4036 2039 4089 aliud
2091 4034 2248 4102 foret,
2277 4051 2438 4106 quam
2497 4037 2790 4102 errare,in
2849 4036 3093 4090 fraudem
3157 4035 3357 4097 induci,
3403 4047 3467 4086 ac

1899 4129 2154 4182 delirare.
2179 4126 2290 4183 Hac
2329 4128 2594 4197 siquidem
2639 4128 2846 4184 ratione
2902 4129 3036 4183 nihil
3075 4129 3362 4198 quidquam
3400 4125 3469 4179 ab

231 4225 483 4294 ποιητὴν,
539 4224 738 4288 οἵτινες
795 4243 813 4274 ‹
863 4222 1199 4294 μετήλλαξαν
1247 4221 1347 4292 τὴν
1395 4221 1652 4292 ἀλήθειαν
1703 4219 1796 4273 τοῦ

1903 4220 1968 4302 iis
1997 4220 2439 4283 dissentiremus,
2475 4222 2566 4290 qui
2610 4221 2822 4291 opiﬁcis
2847 4231 2901 4274 et
2936 4219 3296 4289 procreatoris
3351 4217 3469 4271 loco

229 4315 369 4370 Θεοῦ
402 4316 458 4367 ὲν
487 4315 562 4386 τῷ
592 4315 798 4385 ψεύδει,
833 4334 852 4366 ›
900 4313 1044 4367 κατὰ
1084 4313 1146 4366 τὸ
1192 4311 1594 4384 γεγραμμένον.
1623 4305 1717 4374 Οἷς
1750 4313 1796 4366 εἰ

1899 4319 2198 4365 creaturam
2233 4312 2613 4376 adoravernnt,
2633 4331 2650 4363 ι
2683 4312 3090 4380 veritatemque,
3118 4319 3176 4363 ut
3207 4308 3466 4377 scriptum

231 4407 609 4475 φρονήσαιμεν
655 4403 883 4473 ἀδελφὰ,
916 4403 1012 4456 καὶ
1057 4400 1498 4472 συνακουσόμεθα
1544 4400 1801 4464 πάντως’

237 4518 258 4561 φ
289 4496 593 4560 Φάσκοντες
617 4492 756 4551 εῖναι
784 4495 957 4565 σοφοὶ,
984 4493 1402 4566 ἐμωράνθησαν,
1433 4493 1526 4548 καὶ
1565 4491 1800 4562 ήλλαξαν

227 4589 336 4660 τὴν
368 4588 524 4654 δόξαν
566 4585 659 4640 τοῦ
691 4585 968 4657 ἀφθάρτου
1005 4584 1139 4638 Θεοῦ
1169 4587 1225 4638 ἐν
1249 4583 1554 4654 ὁμοιώματι
1597 4583 1802 4647 εἰκόνος

232 4677 477 4750 φθαρτοῦ
510 4677 821 4748 ἀνθρώπου,
856 4679 949 4730 καὶ
979 4677 1262 4739 πετεινῶν,
1289 4675 1383 4729 καὶ
1433 4674 1796 4741 τετραπόδων,

229 4773 330 4827 καὶ
381 4770 643 4841 ἑρπετῶν.
682 4770 783 4822 »Ἢ
830 4770 938 4840 γὰρ
992 4770 1112 4838 ούχί
1157 4769 1251 4822 καὶ
1301 4770 1462 4838 ἡμεῖς
1510 4766 1662 4820 αὐτοὶ
1707 4767 1800 4820 καὶ

235 4863 481 4932 ἰσουργοὶ
499 4863 592 4915 καί⁵
615 4860 920 4932 σύμφρονες
945 4863 1051 4922 τοῖς
1078 4859 1526 4930 μνημονευθεῖσιν
1544 4859 1796 4929 ἐσόμεθα,

228 4951 332 5024 τὴν
356 4953 448 5006 τοῦ
478 4951 614 5006 Θεοῦ
645 4952 802 5016 δόξαν
839 4954 896 5005 ἐν
924 4951 1000 5020 τῷ
1025 4949 1206 5020 ψεύδει
1243 4950 1712 5019 μεταλλάττοντες,
1744 4953 1802 5002 ἐν

228 5042 540 5114 ὁμοιώματι
560 5043 766 5106 εἰκόνος
790 5042 1027 5112 φθαρτοῦ
1045 5041 1354 5111 ἀνθρώπου,
1374 5043 1418 5093 εἰ
1435 5040 1509 5103 ὡς
1530 5042 1801 5112 ἀνθρώπῳ

229 5134 395 5204 ψιλῷ,
435 5135 526 5187 καὶ
559 5135 638 5186 ὲνὶ
667 5133 780 5186 τῶν
814 5133 938 5186 καθ’
965 5133 1110 5202 ἡμᾶς
1133 5133 1492 5204 προσοίσομεν
1509 5133 1605 5202 τὴν
1634 5150 1802 5202 προσ-

230 5223 460 5294 κύνησιν
503 5223 582 5294 τῷ
616 5223 992 5294 Ἐμμανουήλ;
1029 5224 1091 5276 Τί
1118 5222 1208 5289 δέ;
1236 5223 1354 5291 ούχί
1387 5224 1479 5274 καὶ
1520 5223 1656 5293 αὐτὴ
1689 5223 1794 5275 τῶν

301 5379 349 5411 ⁸⁸
382 5380 543 5434 Hebr.
574 5396 612 5446 ι,
645 5379 699 5433 6.
777 5379 823 5410 ³⁸
857 5379 1012 5434 Rom.
1039 5397 1075 5444 ι,
1104 5379 1192 5434 ‘25.
1269 5379 1311 5408 ⁸⁷
1345 5378 1472 5432 ibid.
1505 5377 1701 5442 22,25.

1903 4412 1982 4456 est
2015 4402 2061 4438 "
2091 4403 2142 4455 in
2170 4402 2508 4456 mendacium
2537 4411 2974 4459 converterunt.»
3010 4401 3065 4457 Si
3094 4402 3306 4456 illorum
3338 4413 3469 4469 ergo

1896 4494 2180 4548 sententiae
2197 4495 2612 4560 accesserimus,
2633 4495 2852 4550 omnino
2869 4508 2971 4548 una
2996 4509 3116 4548 cum
3143 4493 3247 4547 illis
3269 4502 3322 4547 et
3337 4491 3468 4546 illud

1895 4583 2135 4653 Apostoli
2185 4601 2401 4654 quoque
2471 4587 2751 4640 audiemus
2797 4604 2811 4640 :
2862 4604 2880 4636 ‹
2945 4585 3193 4639 Dicentes
3233 4598 3292 4638 se
3347 4595 3467 4636 esse

1896 4676 2186 4745 sapientes,
2215 4677 2324 4746 28
2349 4678 2498 4732 stulti
2539 4676 2663 4732 facti
2697 4686 2851 4743 sunt;
2884 4685 2937 4731 et
2965 4683 3308 4731 mutaverunt
3357 4672 3468 4741 glo-

1900 4768 2034 4820 riam
2083 4767 2509 4835 incorruptibilis
2547 4769 2638 4824 Dei
2674 4769 2724 4822 in
2774 4767 3182 4822 similitudinem
3221 4762 3468 4832 imaginis

1898 4858 2262 4927 corruptibilis
2289 4861 2540 4922 hominis,
2561 4871 2611 4914 et
2641 4859 2936 4920 volucrum,
2957 4869 3011 4912 et
3036 4857 3466 4924 quadrupedum,

1898 4959 1952 5002 et
1982 4957 2288 5015 serpentum
2322 4949 2388 5003 ³⁷.
2425 4966 2443 4999 ι
2474 4949 2649 5014 Quid?
2690 4963 2867 5002 nonne
2896 4957 2948 5001 et
2976 4961 3073 4999 nos
3122 4943 3218 5012 ipsi
3256 4958 3470 5012 quoque

1900 5040 1986 5104 iis,
2018 5054 2248 5109 quorum
2311 5041 2468 5093 modo
2518 5039 2887 5102 meminimus,
2925 5035 3120 5089 similia
3177 5034 3354 5088 facere
3414 5042 3471 5101 _ct

1901 5132 2101 5185 sentire
2133 5129 2494 5194 ceusebimur,
2524 5130 2692 5198 utqui
2733 5129 2821 5182 Dei
2871 5127 3096 5195 gloriam
3152 5126 3204 5178 in
3252 5125 3472 5178 mendu-

1903 5223 2044 5276 cium
2073 5235 2126 5278 et
2147 5225 2552 5283 similitudinem
2597 5221 2849 5289 imaginis
2879 5217 3246 5289 corruptibilis
3295 5219 3472 5272 homi~

1334 5513 1507 5570 Varia:
1545 5514 1803 5572 lectiones
1833 5514 2036 5572 codicis
2077 5513 2434 5586 Seguicriani.

315 5655 338 5693 ιι
370 5653 731 5723 οἰκονομικήν.
