3910 6200
443 258 583 316 H79

1433 249 1489 302 S.
1533 245 1806 302 (lYRll.LI
1849 240 2312 296 ALEXANDHINI
2353 237 2666 295 AliClllEP.

3546 237 3710 292 “80-

443 373 528 428 nis
605 367 1082 429 demutaverimus,
1147 366 1193 419 si
1267 362 1671 418 Emmanuelem
1751 371 2004 428 tanquam

2134 356 2354 426 ιγγέλων
2403 358 2434 426 ἡ
2483 355 2694 426 πληθὺς
2738 356 2850 418 τοῖς
2893 356 2971 417 εἰς
3024 352 3180 406 τοῦτο
3237 352 3434 423 μανίας
3487 353 3695 422 ἥκουσι

447 463 669 525 nudum,
702 467 1006 526 nostraeque
1028 453 1354 510 conditionis
1376 451 1646 506 hominem
1675 445 2009 502 adorationis

441 550 585 605 cultu
642 545 1064 618 prosequemur?
1101 542 1290 599 Nonne
1344 540 1579 596 caelestis
1645 553 1857 608 quoque
1924 536 2012 589 ille

443 640 758 710 angelorum
813 647 984 692 matus
1045 637 1098 691 in
1159 643 1359 690 tantam
1418 631 1683 686 insaniam
1748 625 2013 698 prolapsis

443 729 926 784 annumerabitur?
953 727 1094 794 Quin
1156 734 1210 780 et
1265 737 1482 794 gregem
1533 721 1894 782 ethnicorum,
1925 732 2012 769 ar-

445 825 639 885 bitror,
670 838 775 879 non
818 822 923 877 erit
957 837 1053 875 cur
1081 820 1532 880 condemnemus;
1574 829 1671 868 nec
1702 811 1858 866 facile
1907 810 2011 865 elui

447 915 644 985 poterit
684 921 924 968 veterum
969 912 1249 980 culparum
1281 923 1439 963 noxa.
1477 907 1634 961 Errat
1683 920 1916 973 namque
1961 912 2016 959 et

448 1022 589 1060 nunc
621 1020 834 1075 quoque
868 1005 1086 1074 perinde
1125 1017 1186 1057 ac
1215 1001 1364 1066 olim,
1397 1009 1450 1053 et
1484 999 1729 1052 semitam
1779 1013 1899 1065 qua:
1948 996 2014 1049 ad

448 1097 734 1150 veritatem
789 1095 958 1158 ducit,
1022 1093 1285 1159 ignorat:
1329 1103 1502 1159 neque
1559 1090 1746 1142 beatus
1817 1086 2017 1141 Paulus

449 1185 582 1243 satis
646 1193 950 1254 opportune
1012 1181 1233 1236 Galatas
1285 1180 1544 1247 increpat.
1605 1178 1694 1231 Ait
1743 1191 2014 1246 namque:

454 1293 474 1328 ι
512 1273 663 1328 Tunc
715 1274 1025 1343 ignorantes
1060 1272 1248 1336 Deum,
1282 1271 1347 1324 iis
1387 1269 1476 1340 qui
1509 1279 1702 1323 natura
1738 1285 1841 1322 non
1895 1276 2022 1322 sunt

449 1364 547 1428 dii,
578 1364 918 1418 serviebatis.
973 1361 1125 1416 Nunc
1175 1369 1355 1415 autem
1384 1375 1504 1418 cum
1536 1359 1700 1414 Deum
1745 1372 2012 1429 cognove-

453 1455 592 1519 ritis,
628 1455 736 1508 imo
770 1454 968 1523 cogniti
1026 1453 1147 1508 sitis
1181 1467 1209 1505 a
1243 1452 1374 1514 Deo,
1415 1452 1684 1521 quomodo
1749 1449 2018 1504 converti~

452 1543 584 1596 mini
622 1543 812 1596 iterum
843 1543 908 1594 ad
943 1542 1156 1594 inﬁrma
1187 1551 1349 1610 atque
1383 1555 1549 1610 egena
1581 1541 1871 1604 elementa,
1901 1540 2021 1607 qui-

453 1636 554 1691 bus
588 1637 762 1688 denuo
811 1631 1014 1688 servire
1049 1632 1208 1687 vultis
1239 1632 1334 1684 ἐἳ
1381 1650 1398 1682 ι
1435 1631 1568 1684 Nam
1601 1631 1700 1685 nisi
1750 1629 2017 1696 Christus,

2117 447 2528 510 συντετάξεταις
2569 445 2906 516 Ἀνεείτητον
2935 445 3011 509 δὲ,
3037 440 3191 514 οἶμαί
3219 461 3342 507 που,
3365 443 3465 514 τὴν
3489 443 3585 496 ἐπὶ
3613 442 3695 511 τῷ

2115 536 2494 606 πεπλανῆσθαι
2519 535 2736 605 γραφὴν
2790 536 2883 588 καὶ
2907 538 2971 605 τῇ
3002 536 3112 588 τῶν
3136 534 3303 588 ἐθνῶν
3332 534 3501 603 ἀγέλῃ
3530 551 3693 603 περι-

2117 629 2382 699 θήσομεν·
2419 630 2511 682 καὶ
2543 629 2941 683 δυσαπόνιπτον
2965 630 3076 700 ἔχει
3106 629 3214 683 τῶν
3242 629 3487 700 ἀρχαίων
3512 630 3693 682 αἰτιαο

2120 719 2306 789 μάτων
2356 721 2416 773 τὺ
2463 721 2676 791 βλάϐος.
2729 718 3004 774 Πλανᾶταὶ
3042 720 3171 791 γὰρ,
3211 716 3405 789 οἶμαι,
3453 719 3550 773 καὶ
3595 719 3698 772 νῦν

2118 810 2270 864 οὐδὲν
2297 805 2478 881 ἦττον,
2510 812 2542 882 ἦ
2573 813 2758 876 πάλαι,
2783 812 2878 866 καὶ
2906 813 3004 882 τὴν
3028 813 3108 875 είς
3129 811 3258 866 εὐθὺ
3282 811 3698 881 διαστείχουσαν

2119 901 2354 971 ἠγνόηκε
2386 902 2586 972 τρίϐον.
2617 904 2729 956 Καὶ
2753 904 3024 974 περιττὸς,
3051 902 3124 967 ὡς
3149 902 3345 968 ἔοικεν,
3368 905 3396 956 6
3420 902 3701 972 μακάριος

2123 993 2352 1056 Παῦλος,
2395 995 2732 1064 προσφωνῶν
2777 1013 2834 1048 τε
2886 997 3070 1060 αὐτοῖς
3103 995 3197 1048 καὶ
3239 994 3444 1063 λέγων’
3486 1013 3504 1044 ι
3528 994 3699 1046 Ἀλλὰ

2120 1083 2240 1135 τότε
2274 1084 2372 1152 μὲν
2406 1083 2505 1137 οὐκ
2552 1084 2752 1146 εἰδότες
2801 1084 2953 1150 Θεὸν,
2983 1082 3331 1137 ἐδουλεύσατε
3376 1085 3493 1145 τοῖς
3532 1083 3702 1150 φύσει

2124 1176 2197 1245 μὴ
2225 1170 2340 1228 οῦσι
2389 1174 2548 1238 Θεοῖς.
2578 1175 2692 1228 Νῦν
2720 1176 2776 1229 δὲ
2804 1177 3020 1244 γνόντες
3044 1176 3193 1239 Θεὸν,
3235 1177 3432 1246 μᾶλλον
3459 1176 3519 1228 δὲ
3555 1193 3702 1242 γνω-

2125 1267 2340 1330 σοέντες
2387 1267 2490 1320 ὑπὸ
2537 1267 2694 1330 Θεοῦ,
2733 1268 2850 1330 πῶς
2888 1269 3244 1338 ἐπιστρέφετε
3282 1268 3440 1322 πάλιν
3490 1269 3582 1320 ἐπὶ
3633 1267 3704 1318 τὰ

2122 1358 2320 1428 ἀσθενῆ
2367 1358 2460 1410 καὶ
2492 1359 2685 1428 πτωχὰ
2733 1361 2988 1430 στοιχεῖα,
3033 1355 3113 1422 οἷς
3140 1359 3301 1412 πάλιν
3327 1359 3537 1412 ἄνωθεν
3572 1358 3704 1410 δου-

2123 1439 2298 1502 λεύειν
2345 1448 2560 1513 οἐλετε;
2595 1468 2614 1502 ι
2671 1449 2828 1502 Ποῖον
2859 1451 2965 1522 γὰρ
2996 1451 3075 1503 ἔτι
3106 1450 3236 1503 Θεὸν
3281 1449 3609 1524 ὲγνῴκασιν,
3648 1449 3699 1499 εί

2128 1541 2203 1611 μὴ
2253 1539 2411 1608 φύσει
2457 1541 2590 1604 Θεδς
2635 1541 2663 1594 6
2708 1543 2960 1613 Χριστὸς,
2994 1543 3074 1605 εἰς
3120 1543 3179 1595 δν
3228 1541 3703 1603 πεπιστεύκασινς

2126 1630 2236 1682 Καὶ
2287 1629 2335 1682 ει
2386 1629 2811 1701 λελατρεύκασιν
2858 1630 3148 1702 ἀνθρώπῳ,
3175 1633 3287 1694 τοῖς
3332 1632 3432 1701 τῆς
3461 1630 3709 1700 ἀρχαίας

455 1725 508 1778 in
533 1738 690 1794 quem
731 1723 1097 1787 crediderunt,
1121 1731 1308 1793 suapte
1346 1731 1534 1776 natura
1565 1721 1706 1777 Deus
1747 1731 1849 1785 est,
1882 1737 2016 1790 qua-

2134 1721 2338 1791 πλάνης
2391 1722 2665 1792 ἐνέχονται
2715 1723 3028 1794 βρόχοις.Ἦ
3062 1725 3161 1777 οὐκ
3189 1723 3385 1793 ἀληθὲς
3433 1724 3464 1776 ὃ
3513 1740 3707 1791 φημις

456 1813 581 1878 lem,
637 1826 840 1880 quaeso,
904 1811 1070 1866 Deum
1134 1811 1542 1881 cognoverunt?
1590 1811 1656 1864 Et
1717 1811 1762 1866 si
1819 1810 2022 1864 homini

455 1904 781 1968 servierunt,
835 1919 940 1956 non
983 1901 1189 1970 antiqui
1247 1901 1448 1956 erroris
1482 1900 1691 1969 laqueis
1731 1899 2023 1953 etiamnum

457 1995 649 2048 irrctiti
685 1994 976 2048 tenentur?
1008 1993 1084 2044 An
1120 2007 1218 2062 ego
1258 2006 1360 2044 non
1415 2007 1598 2045 verum
1654 1991 1810 2044 dico?
1841 1991 2027 2058 utique

459 2085 599 2140 dico.
657 2085 849 2140 Cernis
927 2085 1114 2154 igitur,
1175 2083 1640 2138 Christianissime
1711 2083 2024 2150 imperator,

456 2177 726 2246 quomodo
753 2175 1077 2231 necessariis
1128 2174 1434 2228 netionibus
1490 2173 1730 2238 adducti,
1766 2172 1855 2226 Dei
1895 2173 2028 2226 Ver-

456 2269 608 2332 bum,
635 2269 819 2322 cstoin
850 2267 1019 2322 forma
1050 2277 1233 2321 nostra
1283 2267 1611 2336 apparuerit,
1635 2275 1893 2334 tanquam
1940 2279 2029 2318 ve-

458 2377 576 2416 rum
607 2371 797 2413 natura
828 2360 990 2414 Deum
1023 2361 1316 2427 prudenter
1363 2357 1593 2411 adorare
1632 2355 1744 2410 fere
1791 2354 2031 2423 compel-

459 2448 664 2520 lamur;
688 2449 884 2517 quippe
911 2463 1032 2501 cum
1056 2449 1282 2500 duarum
1308 2455 1624 2500 naturarum
1668 2445 1720 2498 in
1763 2445 2027 2499 unitatem

459 2553 754 2592 concursus
788 2538 943 2592 facile
971 2537 1163 2606 possit,
1197 2536 1239 2590 si
1271 2551 1376 2604 qua
1399 2551 1493 2589 nos
1518 2537 1695 2589 turbat
1716 2535 2027 2604 aliquando,

459 2613 818 2697 suspicionem
858 2628 1043 2682 tollere
1096 2630 1160 2680 de
1201 2626 1314 2680 sola
1365 2626 1718 2680 humanitate.
1746 2625 2032 2680 Enimvero

461 2717 622 2772 Vcrhi
671 2727 858 2771 natura
915 2718 1202 2771 humanam
1257 2725 1503 2768 naturam
1547 2717 1870 2785 suscipiens,
1925 2731 2029 2768 non

459 2821 544 2865 est
588 2811 727 2862 nuda
770 2810 1074 2864 humanitas
1105 2827 1117 2862 :
1149 2809 1255 2862 imo
1310 2823 1436 2862 vero
1465 2791 1719 2876 .propria
1775 2807 1942 2877 gloria
1977 2816 2033 2862 et

462 2901 744 2969 majestate
812 2911 1146 2970 assumplam
1201 2908 1448 2954 naturam
1501 2903 1789 2961 excedens,
1844 2899 2032 2954 incon-

459 3003 723 3058 cussaque
777 3004 840 3044 ac
891 2989 1111 3044 immota
1181 2989 1494 3060 persistens,
1553 2989 1748 3044 nullam
1810 3003 2033 3060 prorsus

2139 1814 2359 1884 ’Δληθὲς
2388 1814 2486 1884 μὲν
2505 1810 2820 1886 οῦν.”Λορει
2838 1816 2901 1884 δὴ
2922 1811 3034 1878 οῦν,
3057 1808 3101 1867 ὧ
3124 1814 3429 1885 φιλόχριστε
3449 1814 3708 1883 βασιλεῦ,

2126 1907 2273 1967 ὅπως
2299 1905 2354 1971 ἐξ
2382 1904 2698 1972 ἀναγκαίων
2724 1905 3234 1977 ἦδησυλλογισμῶν
3260 1904 3543 1974 μονονουχὶ
3578 1923 3710 1957 συν-

2125 1995 2413 2067 ωθούμεθα
2460 1997 2595 2066 πρός
2646 2014 2709 2065 γε
2757 1997 2817 2050 τὺ
2863 1997 2974 2050 δεῖν
3021 1997 3325 2067 ἐμφρόνως,
3356 1996 3430 2058 ὡς
3465 1995 3590 2064 Θεῷ
3633 1996 3713 2063 τῷ

2128 2088 2267 2141 κατὰ
2316 2087 2497 2156 φύσιν,
2525 2091 2848 2159 προσκυνεῖν
2881 2087 2958 2158 τῷ
2990 2089 3053 2140 ὲκ
3099 2085 3230 2140 Θεοῦ
3272 2086 3491 2156 Πατρδς
3544 2087 3709 2154 φύντι

2130 2181 2306 2250 Λόγῳ,
2336 2181 2430 2233 καὶ
2459 2181 2517 2234 ὲν
2549 2179 2625 2249 τῷ
2665 2181 2782 2234 καθ’
2811 2181 2958 2250 ἡμᾶς
3003 2179 3264 2250 πεφηνότι
3297 2181 3568 2248 σχήματι’
3610 2179 3714 2244 τῆς

2129 2270 2330 2338 ἀμφοῖν
2353 2271 2430 2331 είς
2458 2269 2682 2338 ἑνότητα
2709 2268 3013 2338 συνδρομῆς
3033 2268 3134 2321 οὒκ
3178 2268 3446 2328 ἁνικάνως
3470 2265 3604 2334 ἐχού
3617 2283 3714 2334 σης

2130 2359 2265 2431 πρὸς
2309 2360 2368 2412 τὸ
2412 2360 2672 2426 ἀφανίσαι
2716 2359 2876 2428 τυχὸν
2911 2359 2971 2412 τὸ
3001 2360 3093 2412 καὶ
3122 2358 3234 2411 ἐσθ’
3263 2359 3349 2411 ὅτε
3389 2357 3604 2409 λυποῦν
3638 2359 3716 2419 εἰς

2133 2451 2299 2520 μόνης
2342 2452 2488 2521 ἡμᾶς
2533 2450 2949 2521 ἁνθρωπότητος
3000 2450 3269 2518 ὑποψίαν⁸
3318 2447 3718 2517 προσλαϐοῦσα

2130 2541 2238 2612 γὰρ
2265 2548 2296 2610 ἡ
2331 2541 2423 2593 τοῦ
2467 2541 2640 2608 Λόγου
2673 2541 2834 2610 φύσις
2867 2542 2928 2593 τὸ
2956 2541 3310 2612 ἀνθρώπινον,
3350 2541 3451 2592 οὐκ
3492 2539 3714 2609 ἀνθρω-

2131 2630 2301 2700 πότης
2335 2629 2486 2682 ἔσται
2517 2630 2682 2700 ψιλή·
2725 2630 2927 2682 νικῶσα
2979 2631 3034 2682 δὲ
3087 2630 3284 2696 μᾶλλον
3329 2629 3435 2699 ἰδία
3479 2629 3620 2701 δόξῃ
3662 2631 3716 2681 τὸ

2133 2721 2498 2792 προσληφθὲν,
2535 2723 2592 2773 ὲν
2617 2721 2895 2791 ἀκλονήτῳ
2930 2720 3160 2784 σώζεται
3186 2723 3412 2791 ὁιαμονῇ
3453 2722 3556 2789 τῆς
3595 2721 3714 2774 Θεο-

2134 2811 2376 2882 πρεποῦς
2411 2811 2706 2882 ὑπεροχῆς.
2736 2812 2920 2865 Ταῦτα
2969 2811 3292 2881 φρονοῦντες
3341 2814 3390 2864 οἱ
3441 2812 3716 2881 μαθηταὶ,

2134 2901 2500 2970 προσεκύνουν
2542 2901 2823 2969 λέγοντες·
2881 2921 2897 2952 ι
2923 2901 3160 2969 ’Δληθῶς
3200 2901 3334 2954 θεοῦ
3380 2903 3513 2965 Υἱὸς
3569 2898 3626 2953 εἴ
3651 2921 3664 2932 ο
3697 2921 3715 2951 ι

2136 2992 2313 3045 καίτοι
2367 2991 2535 3061 βάδην
2579 2992 2724 3044 ἰόντα
2771 2991 3078 3061 βλέποντες,
3117 2992 3212 3045 καὶ
3260 2993 3318 3042 ὲν
3370 2991 3539 3063 σαρκὶ
3585 2991 3722 3042 καθ’

463 3081 657 3135 divinae
685 3081 826 3135 illius
843 3081 1178 3136 excellentiae
1221 3096 1380 3151 passa
1425 3090 1512 3135 est
1547 3078 1837 3146 iacturam.
1870 3080 2024 3148 Cujus

2137 3082 2284 3150 ἡμᾶς
2304 3097 2317 3111 ·
2361 3079 2448 3131 ἐπ’
2482 3081 2653 3150 ἄκρου
2683 3080 2789 3151 γὰρ
2831 3080 2893 3150 δὴ
2925 3081 3089 3134 διέθει
3120 3081 3365 3151 κύματος
3392 3081 3722 3149 παραδόξως

461 3171 676 3238 quidem
728 3170 801 3223 rei
834 3168 1035 3225 Christi
1073 3169 1319 3238 discipuli
1357 3185 1461 3222 non
1498 3169 1693 3237 ignari,
1721 3169 2022 3222 adorabunt

2129 3171 2204 3232 ὼς
2229 3169 2380 3232 Θεός.

461 3276 605 3327 eum,
655 3263 936 3318 dicentes:
976 3281 994 3314 ι
1035 3261 1169 3317 Vere
1238 3260 1406 3316 Filius
1457 3261 1546 3314 Dei
1607 3276 1666 3315 es
1705 3269 1758 3314 tu
1795 3263 1862 3325 ”,
1904 3281 1922 3312 ι
1966 3261 2069 3316 etsi
2147 3262 2296 3316 illum
2355 3263 2578 3332 pedibus
2629 3273 2870 3326 euntem,
2921 3274 3214 3334 nostroque
3271 3265 3433 3320 modo
3492 3280 3737 3336 corpore

462 3354 708 3408 indutum
770 3353 1087 3417 cernebant,
1113 3352 1256 3421 quod
1287 3351 1680 3406 admirabiliter
1707 3351 1759 3404 in
1801 3352 2032 3407 summis
2070 3351 2322 3408 ﬂuctibus
2347 3353 2679 3416 amhulabat,
2703 3355 2777 3405 uti
2816 3353 2974 3407 Deus.

531 3445 641 3513 29
658 3441 871 3496 XXXII.
901 3441 1005 3496 Sed
1031 3442 1227 3510 aliquis
1250 3441 1389 3494 forte
1410 3458 1473 3495 ex
1499 3441 1583 3505 iis,
1607 3441 1696 3510 qui
1724 3442 1845 3496 huic
1870 3450 2032 3496 tanta:

461 3537 644 3606 gloriae
691 3535 1063 3597 adversantur,
1122 3532 1265 3586 dicet
1303 3549 1317 3584 :
1354 3532 1548 3600 Ecquis
1601 3533 1690 3586 ille
1738 3542 1877 3595 erat,
1941 3531 2030 3601 qui

463 3626 674 3682 mulieri
731 3623 1085 3678 Samaritana:
1133 3621 1356 3676 aiebat:
1391 3640 1410 3674 ι
1453 3621 1561 3676 Vos
1607 3623 1844 3677 adoratis
1891 3623 2034 3690 quod

462 3719 724 3776 nescitis:
759 3732 855 3771 nos
909 3724 1089 3769 autem
1137 3714 1426 3768 adoramus
1475 3714 1617 3783 quod
1670 3713 1872 3768 scitnus
1901 3714 1957 3767 '?
2007 3733 2027 3766 ι

461 3811 742 3878 Quomodo
779 3823 906 3877 ergo
946 3815 1090 3862 recte
1120 3805 1398 3869 adoratur,
1433 3805 1522 3874 qui
1559 3805 1701 3860 inter
1742 3803 2032 3860 adorantes

461 3901 748 3957 censetur?
813 3901 889 3952 Ad
942 3899 1041 3952 hoe
1101 3897 1348 3966 equidem
1403 3895 1797 3964 responderim,
1852 3895 2028 3962 istud,

350 4060 361 4069 ι
461 3995 592 4059 Quis
631 3993 718 4046 ille
747 4002 882 4058 erat,
918 3991 982 4044 de
1011 3990 1223 4045 Christo
1262 3989 1454 4044 stolide
1484 3988 1707 4044 omnino
1737 3995 1898 4058 atque
1929 3989 2030 4041 im-

460 4088 632 4156 perite
665 4085 768 4138 dici
801 4100 814 4137 :
855 4083 1000 4138 nullo
1025 4084 1167 4138 enim
1209 4083 1364 4135 modo
1399 4081 1653 4134 Christus
1682 4080 1889 4135 divisus
1923 4089 2023 4135 est.

461 4179 640 4243 Quare
689 4177 778 4245 qui
817 4191 938 4230 cum
975 4173 1288 4228 muliercula
1329 4173 1672 4242 loquebatur,
1706 4181 1822 4226 erat
1868 4187 2026 4237 unus,

459 4278 514 4322 et
546 4268 694 4320 solus
746 4267 1002 4320 Dominus
1053 4264 1207 4319 Jesus
1259 4265 1528 4326 Christus,
1573 4279 1638 4318 ex
1692 4264 2029 4319 humanitate

2210 3442 2332 3495 AB'.
2379 3443 2524 3513 Ἑρεί
2564 3441 2619 3494 δὲ
2663 3441 2790 3504 ἴσως
2822 3444 2848 3494 ὁ
2884 3445 2946 3512 τῇ
2989 3443 3165 3512 τοιᾷδε
3208 3444 3333 3516 δόξῃ
3369 3447 3724 3516 μαχόμενος⁸

2139 3531 2252 3586 Καὶ
2279 3531 2363 3594 τίς
2393 3527 2461 3601 ἦν
2494 3533 2522 3584 ό
2551 3531 2728 3600 λέγων
2761 3532 2896 3604 πρὸς
2923 3532 3022 3602 τὴν
3049 3535 3104 3586 ὲν
3131 3536 3412 3606 Σαμαρείᾳ
3448 3546 3722 3604 γυναῖκαε

2144 3639 2162 3672 ι
2223 3621 2410 3690 Ὑμεῖς
2443 3623 2797 3690 προσκυνεῖτε
2844 3623 2870 3674 ὃ
2900 3617 2998 3675 οὐκ
3037 3624 3234 3688 οἴδατε,
3281 3628 3443 3695 ἡμεῖς
3472 3646 3725 3700 προσκυ-

2137 3711 2336 3782 νοῦμεν
2361 3712 2389 3765 ὃ
2425 3713 2646 3782 οἴδαμεν
2673 3731 2686 3778 ;
2725 3733 2741 3763 ι
2779 3711 2913 3768 Εἶτα
3090 3715 3237 3769 ἔσται
3270 3725 3669 3791 προσκυνητὸς
3697 3725 3722 3776 ὁ

2135 3807 2246 3866 τοῖς
2294 3803 2656 3874 προσκυνοῦσι
2720 3803 3176 3876 συντεταγμένοςς
3233 3809 3374 3876 Ἐγὼ
3432 3813 3494 3864 δὲ
3552 3817 3723 3885 φαίην

2135 3895 2221 3958 ἂν,
2257 3896 2338 3948 ὅτι
2394 3895 2474 3961 τὸ,
2507 3896 2602 3958 Τίς
2649 3891 2754 3966 ἦν;
2786 3897 2922 3959 ὅλως
2977 3897 3069 3950 ἐπὶ
3112 3899 3350 3968 Χριστοῦ
3395 3901 3719 3974 λεγόμενον,

2135 3988 2410 4059 ἁσύφηλόν
2437 4005 2496 4040 τε
2530 3989 2627 4041 καὶ
2659 3989 2870 4058 ἀμαθές
2894 4006 2906 4019 ο
2945 3990 3267 4062 μεμέρισται
3297 3994 3408 4062 γὰρ
3440 3997 3718 4067 οὐδαμῶς.

2145 4077 2206 4129 ³0
2235 4078 2290 4130 δὲ
2326 4076 2403 4146 τῷ
2435 4078 2641 4148 γυναίῳ
2671 4079 3005 4149 προσλαλῶν,
3034 4083 3062 4133 6
3091 4077 3170 4144 εἷς
3190 4099 3247 4134 τε
3285 4084 3377 4135 καὶ
3404 4087 3578 4153 μόνος
3616 4089 3722 4140 Κύ-

2141 4185 2253 4238 ριος
2281 4164 2350 4238 ἦν
2391 4169 2598 4240 Ἰησοῦς
2636 4169 2890 4240 Χριστὸς,
2925 4173 2986 4224 ἐκ
3025 4171 3124 4241 τῆς
3167 4177 3595 4246 προσκυνούσης
3631 4181 3722 4230 ἀν-

2138 4259 2504 4331 θρωπότητος,
2555 4261 2647 4315 καὶ
2671 4264 2736 4314 ἐκ
2775 4263 2874 4331 τῆς
2917 4265 3395 4334 προσκυνουμένης
3439 4266 3723 4338 θεότητος,

460 4357 719 4410 adorante
747 4364 799 4408 et
827 4356 1094 4409 adoranda
1131 4355 1406 4408 divinitate
1432 4354 1776 4418 constitutus,
1805 4353 1932 4408 illud
1977 4356 2024 4408 in

2135 4351 2196 4404 τὸ
2236 4348 2374 4404 εἷναί
2413 4369 2470 4404 τε
2523 4353 2616 4404 καὶ
2655 4353 3014 4422 ὀνομάζεσθαι
3046 4355 3176 4417 Θεός
3205 4373 3262 4408 τε
3316 4357 3455 4426 ὁμοῦ
3497 4362 3602 4412 καὶ
3637 4363 3726 4414 ἄν.

460 4460 521 4500 se
575 4445 956 4512 complectens,
1016 4445 1159 4498 unde
1215 4446 1352 4498 Dens
1403 4443 1654 4498 simulet
1699 4445 1860 4498 homo
1904 4460 2031 4500 vere

459 4537 589 4602 dici,
622 4536 914 4606 haberique
943 4534 1108 4603 possit
1137 4551 1151 4586 :
1197 4535 1642 4600 quemadmodum
1679 4534 1930 4588 videlicet
1965 4536 2032 4589 de

456 4645 524 4682 eo
553 4627 708 4681 aliter
747 4627 926 4680 dicere
965 4625 1086 4694 quis
1127 4635 1341 4692 potest;
1376 4632 1640 4693 quatenus
1687 4625 1828 4679 enim
1891 4626 2031 4681 Deus

458 4728 562 4781 est,
597 4718 707 4786 ipse
761 4716 1017 4771 Dominus
1065 4716 1248 4786 gloriae
1277 4719 1443 4771 ‘esse
1499 4715 1852 4783 intelligitur;
1897 4730 2032 4785 qua-

459 4822 616 4872 tenus
665 4825 792 4864 vero
820 4810 995 4864 factus
1045 4817 1126 4864 est
1163 4809 1324 4863 homo
1350 4808 1440 4862 ille
1466 4806 1556 4876 qui
1609 4805 1702 4861 Dei
1753 4807 2028 4863 consortio

460 4901 880 4970 gioriﬁcahatur,
904 4900 1072 4970 gloria
1103 4900 1394 4969 indigebat,
1417 4899 1563 4967 iuxta
1595 4898 1723 4952 illud
1751 4914 1765 4953 :
1799 4917 1817 4948 ι
1842 4897 2022 4961 Pater,

460 4990 696 5055 clariﬁca
745 4990 940 5045 Filium
979 4998 1126 5042 tuum
1165 4988 1206 5042 ³.
1256 5007 1274 5039 ι
1329 4986 1442 5053 Nae,
1478 4987 1573 5042 sed
1618 4984 1756 5042 unus
1811 4986 2026 5041 interim

461 5081 752 5134 secundum
801 5079 1106 5148 Seripturas
1129 5088 1211 5133 est
1247 5078 1523 5142 Dominus,
1551 5092 1654 5132 una
1689 5077 1840 5140 ﬁdes,
1862 5092 2026 5131 unum

462 5173 728 5242 baptisma
761 5171 804 5228 ⁸.
876 5171 943 5226 Et
992 5169 1440 5240 quemadmodum
1487 5183 1590 5222 una
1655 5177 1740 5223 cst
1785 5167 1915 5223 ﬁdes
1973 5169 2025 5221 in

533 5326 578 5357 "
600 5325 776 5379 Galat.
808 5340 880 5388 tv,
909 5326 962 5389 8,
987 5325 1035 5377 9.
1115 5326 1159 5357 ⁹⁹
1183 5323 1366 5378 Matth.
1394 5338 1502 5390 xw,
1534 5323 1622 5378 55.

1705 5321 1719 5350 ¹
1759 5321 1920 5376 Joan.
1959 5337 2034 5387 tv,
2060 5321 2150 5374 22.

2138 4439 2370 4510 Θρωπος,
2424 4440 2622 4510 ἀληθὲς
2652 4441 2789 4511 ἔχων
2834 4443 2920 4510 ἐφ’
2969 4443 3179 4512 ἐαυτῷ·
3231 4444 3488 4516 καθάπερ
3518 4448 3728 4518 ἀμέλει

2139 4531 2272 4601 φαίη
2309 4549 2390 4594 τις
2424 4532 2490 4585 ἂν
2525 4534 2620 4586 καὶ
2659 4533 2860 4602 ἑτέρως
2888 4536 3014 4604 περὶ
3044 4531 3294 4609 αὑτοῦοῇ
3333 4538 3432 4607 μὲν
3457 4541 3575 4609 γάρ
3613 4543 3726 4596 ἐστι

2137 4621 2288 4687 Θεὸς,
2328 4625 2484 4675 νοοῖτ’
2524 4623 2590 4676 ἂν
2617 4624 2878 4695 ὑπάρχων
2904 4624 3063 4688 αὐτὸς
3094 4628 3123 4678 6
3167 4627 3266 4695 τῆς
3286 4628 3447 4698 δόξης
3476 4631 3725 4702 Κύριος

2138 4708 2171 4790 ᾖ
2200 4713 2256 4766 δὲ
2285 4714 2506 4782 γέγονεν
2539 4717 2567 4768 6
2595 4714 2734 4768 κατὰ
2775 4713 2990 4784 μέθεξιν
3021 4717 3119 4785 τὴν
3149 4718 3294 4787 παρὰ
3321 4718 3458 4772 Θεοῦ
3496 4721 3732 4786 δοξαζὸ-

2136 4822 2293 4873 μενος
2338 4807 2642 4876 ἄνθρωπος,
2682 4807 2851 4860 ἐδεῖτο
2881 4808 2975 4860 καὶ
3008 4807 3186 4878 δόξης,
3213 4811 3384 4877 λέγων
3404 4828 3419 4841 ⁸
3452 4830 3468 4861 ι
3509 4814 3728 4883 Πάτερ,

2133 4894 2352 4961 δόξασόν
2376 4913 2467 4948 σου
2491 4896 2584 4948 τὸν
2605 4896 2748 4951 Υἱόν.
2767 4916 2785 4948 ι
2807 4897 2969 4962 Ἀλλ’,
2993 4893 3116 4961 «El;
3140 4899 3361 4970 Κύριος,
3379 4901 3480 4970 μία
3511 4906 3726 4969 πίστις,

2133 4985 2190 5038 ἓν
2207 4985 2508 5057 βάπτισμα,
2538 5005 2557 5040 ι
2580 4989 2719 5041 κατὰ
2747 4988 2808 5041 τὸ
2835 4990 3464 5062 γεγραμμένον.Ὥσπερ
3484 4991 3588 5048 οὖν
3615 4998 3728 5047 ἐστι

2138 5079 2236 5148 μία
2274 5079 2458 5143 πίστις
2485 5082 2518 5150 ἠ
2542 5081 2598 5132 ὲν
2621 5081 2842 5152 Χριστῷ
2869 5081 2910 5146 ι,
2946 5082 3041 5134 καὶ
3071 5082 3129 5134 ἓν
3158 5081 3371 5153 ἀληθῶς
3403 5084 3727 5155 βάπτισμα.

2134 5168 2310 5222 καίτοι
2352 5169 2760 5241 βαπτιζομένων
2799 5171 2894 5226 καὶ
2927 5173 3369 5227 πεπιστευκότων
3428 5175 3599 5245 ἡμῶν
3652 5179 3729 5238 ei;

2231 5324 2250 5352 ¹
2274 5321 2295 5374 l
2323 5323 2446 5378 Cor.
2483 5340 2542 5388 ιι,
2574 5327 2626 5379 8.
2701 5327 2720 5357 ³
2751 5325 2906 5382 Joan.
2936 5343 3068 5395 ιινιι,
3111 5329 3162 5384 ί.
3241 5330 3263 5364 δ
3293 5326 3496 5399 Ephes.
3529 5342 3617 5394 Iv,
3644 5330 3704 5389 5.

1557 5481 1729 5536 Varia:
1765 5482 2026 5538 lcetioncs
2060 5482 2258 5538 codicis
2306 5482 2660 5552 Seguicriani.

549 5611 564 5658 3
595 5613 674 5677 εἰς
710 5614 960 5682 Χριστόν.
