3910 6200
196 253 325 314 "Si

1152 251 1242 311 DE
1282 256 1512 315 RECTA
1544 255 1703 312 FIDE
1740 257 1832 314 AD
1870 257 2319 322 TIIEODOSlUM
2357 265 2490 322 IMP.

3311 278 3457 348 “82

193 374 438 447 Πατέρα,
471 373 565 426 καὶ
595 371 743 435 Υἱὸν,
779 371 872 426 καὶ
915 366 1068 441 ἅγιον
1098 374 1323 446 Πνεῦμα
1342 394 1357 407 ·
1390 377 1529 432 κατά
1553 378 1645 430 τὸν
1673 377 1773 430 αύ-

1896 379 2183 450 Ihristum,
2233 393 2287 438 et
2334 402 2498 451 unum
2575 387 2702 443 item
2787 390 3339 462 baptistua,’etiamsi
3394 399 3453 454 in

190 468 308 531 τὸν,
340 461 515 536 οἶμαι,
554 463 753 534 τρόπον
792 477 851 515 τε
882 465 977 518 καὶ
999 463 1178 532 λόγον,
1218 465 1317 536 μία
1346 465 1772 536 προσκύνησιςὴ

193 556 431 627 Πατρδς,
464 556 559 611 καὶ
588 540 1285 624 ἒνανθρωπήσαντοςίΥἱοῦ,
1315 557 1408 610 καὶ
1430 556 1585 627 ἁγίου
1614 558 1776 612 Πνεύ.

198 664 389 718 ματος.
449 644 851 715 Ἒξωσθήσεται
901 645 1011 716 γὰρ
1043 644 1280 717 οὐδαμοῦ
1323 646 1417 701 τοῦ
1456 652 1777 719 προσκυνεῖ-

197 736 326 790 σθαι
354 736 463 790 δείν
502 722 639 806 πρός
664 751 723 787 τε
751 736 785 805 ἡ
795 734 914 803 μῶν
936 734 1118 788 αὐτῶν
1154 736 1251 790 καὶ
1279 735 1388 790 τῶν
1416 737 1590 806 ἀγῑων
1612 738 1776 810 ἀγγέ-

196 828 306 882 λων
330 829 359 881 6
380 826 714 898 Μονογενὴς,
747 827 795 880 εἰ
820 826 912 879 καὶ
937 826 1128 898 γέγονε
1156 826 1314 899 σὰρξ,
1343 829 1439 883 καὶ
1467 829 1776 901 ἐσκήνωσεν

196 922 258 974 ὲν
282 921 435 992 ⁴ημῖν,
462 918 841 990 κεχρημάτικέ
882 935 941 974 τε
973 918 1316 991 πρωτότοκος
1363 920 1439 985 ὡς
1472 922 1529 977 ὲν
1562 921 1777 987 πολλοῖς

199 1015 449 1084 ἀδελφοῖς
469 1027 483 1041 ο
516 1012 638 1066 ἐπεὶ
675 1013 759 1077 τίς
782 1011 848 1066 ἂν
882 1011 967 1084 εἴη
1016 1012 1177 1067 πάλιν
1207 1013 1237 1066 6
1265 1013 1366 1084 τῆς
1396 1014 1484 1066 ἐπ’
1515 1014 1662 1086 αύτῷ
1688 1015 1778 1070 πί-

202 1125 375 1172 στεως
417 1106 608 1175 λόγὸς;
658 1104 785 1169 Πῶς
817 1099 912 1159 οῦν
942 1104 1043 1158 οὐκ
1073 1104 1222 1171 ἄξιον
1272 1105 1433 1172 ιδείν;
1470 1106 1608 1162 Οὐδὲ
1647 1094 1811 1179 γὰρ,’

201 1194 378 1269 οἶμαι,
408 1198 565 1268 φαῖεν
593 1194 680 1259 ἂν,
712 1196 872 1267 εἴπερ
903 1212 967 1266 γε
1003 1196 1209 1250 ἕλοιντο
1237 1199 1454 1266 φρονεῖν
1479 1196 1675 1269 ὀρθῶς,
1703 1198 1779 1262 ὡς
1808 1187 1813 1197 ’

202 1292 299 1354 El;
325 1289 484 1361 μόνον
512 1287 956 1358 πεπιστεύκαμεν
977 1286 1069 1341 τὸν
1091 1290 1155 1342 ὲκ
1188 1287 1322 1342 Θεοῦ
1356 1288 1571 1361 Πατρὸς
1604 1288 1781 1358 φύντα

203 1380 396 1449 Λόγον,
448 1376 888 1449 ἀπογυμνοῦντες
932 1377 1094 1431 αὐτὸν
1121 1378 1222 1449 τῆς
1276 1380 1502 1451 σαρκός·
1551 1380 1662 1434 οὐδ’
1711 1380 1778 1436 αὖ

206 1473 384 1524 ἐκεῖνο
414 1472 734 1541 παρήσομεν
760 1471 963 1523 εἰπεῖν·
998 1470 1267 1547 λελέξεται
1299 1473 1406 1542 γάρ
1425 1488 1439 1504 ο
1475 1474 1536 1526 ού
1566 1472 1676 1545 γὰρ
1701 1475 1782 1538 εἰς

205 1567 303 1624 ἕνα
329 1565 437 1618 τῶν
468 1563 590 1617 καθ’
615 1564 787 1634 ἡμᾶς,
813 1562 935 1616 οὔτε
956 1563 1063 1635 μὴν
1091 1566 1170 1627 εἰς
1198 1563 1484 1635 ἄνθρωπον
1506 1566 1539 1636 ἡ
1577 1567 1780 1632 πίστις,

1874 467 2115 537 Patrem,
2143 482 2197 528 et
2246 474 2460 545 Filium,
2486 486 2540 531 et
2571 476 2831 548 Spiritum
2861 492 3106 537 sanctum
3142 485 3450 555 credamus,

1875 570 1931 616 et
1959 563 2300 630 baptizemur
2328 584 2342 621 :
2377 567 2449 621 ita
2482 568 2659 638 plane,
2683 579 2742 623 ut
2764 585 2864 642 ego
2894 572 3153 635 arbitror.
3179 588 3284 631 una
3315 591 3452 645 quo-

1877 667 1983 723 que
2015 654 2214 722 Patris,
2253 666 2308 712 et
2346 658 2613 714 incarnati
2643 658 2790 726 Filii,
2822 670 2878 715 et
2908 660 3144 731 Spiritus
3170 666 3341 720 sancti
3372 676 3457 721 est

1876 745 2143 803 adoratio.
2202 745 2458 814 Quamvis
2525 752 2669 806 enim
2720 750 3043 823 Unigenitus
3093 770 3221 811 caro
3279 755 3458 813 factus

1878 836 2018 892 inter
2062 852 2160 892 nos
2215 839 2492 907 habitarit,
2543 856 2643 897 nec
2699 857 2804 896 non
2868 844 3262 914 primogenitus
3317 848 3458 904 inter

1877 930 2076 986 multos
2138 928 2336 986 fratres
2383 934 2679 1002 appellatus
2735 935 2806 989 sit
2838 935 2895 1001 ⁸,
2938 936 3042 990 hoc
3089 946 3266 992 tamen
3325 939 3458 995 nihil

1879 1020 2120 1090 impedit,
2158 1024 2443 1092 quominus
2495 1041 2617 1081 cum
2648 1040 2677 1080 a
2703 1025 2879 1090 nobis,
2909 1035 3022 1081 tum
3054 1028 3120 1083 ab
3152 1028 3283 1097 ipsis
3326 1044 3460 1096 quo-

1879 1129 1984 1183 que
2033 1115 2238 1187 angelis
2281 1117 2493 1171 adorari
2539 1118 2753 1175 debeat.
2807 1117 2941 1173 Nam
2995 1135 3115 1188 qua:
3179 1120 3281 1174 alia
3337 1119 3459 1174 ﬁdei

1848 1208 2017 1263 .ratio
2050 1206 2103 1260 in
2135 1211 2308 1277 ipsum
2353 1216 2602 1263 constare
2629 1210 2850 1279 posset?
2878 1210 3162 1278 Quomodo
3184 1228 3310 1268 vero
3356 1213 3460 1266 hoc

1880 1300 2108 1369 quazsitu
2144 1314 2247 1354 non
2280 1300 2545 1370 dignum?
2593 1300 2777 1371 Neque
2821 1302 2965 1359 enim
2998 1302 3080 1374 (si
3111 1306 3270 1358 modo
3316 1314 3460 1361 recte

1881 1405 2069 1459 sapere
2098 1391 2402 1463 voluerint’)
2435 1392 2630 1448 dicturi
2659 1405 2807 1461 sunt,
2856 1396 3074 1466 opinor,
3109 1397 3253 1466 quod
3283 1398 3333 1450 in
3367 1396 3458 1450 Dei

1880 1480 2058 1538 Patris
2113 1481 2344 1537 Verbum
2390 1483 2564 1538 solum
2629 1499 2792 1540 carne
2839 1497 3060 1541 exutum
3127 1492 3458 1542 credamus:

1881 1587 2057 1643 neque
2093 1572 2220 1626 illud
2256 1588 2470 1628 rursum
2500 1575 2916 1642 prmteriblmus,
2946 1591 3142 1643 nempe
3172 1578 3314 1645 quod
3356 1592 3461 1631 non

207 1656 324 1711 ἀλλ’
355 1657 435 1721 εἰς
469 1655 601 1709 Θεὸν
644 1655 947 1726 πράττεται
992 1654 1085 1708 τὸν
1132 1655 1291 1725 φύσει
1326 1656 1672 1727 καὶ’ἀληοὦς
1723 1660 1781 1711 ὲν

1896 1667 1938 1719 in
1983 1679 2145 1718 unum
2179 1664 2409 1733 aliquem
2454 1664 2623 1719 nostri
2669 1665 2924 1731 similem,
2968 1675 3060 1720 aut
3094 1666 3146 1720 in
3187 1667 3461 1721 hominem

207 1746 486 1818 προσώπῳ
535 1745 795 1817 Χριστοῦ.
840 1745 1177 1818 Συλλήψεται
1231 1746 1289 1799 δὲ
1320 1747 1399 1817 τῷ
1441 1726 1585 1820 λόγῳ
1629 1750 1724 1802 καὶ
1755 1750 1785 1804 6

1896 1753 1991 1808 [ide
2029 1726 2331 1819 tendamus,
2364 1755 2456 1809 sed
2480 1754 2643 1822 quod,
2667 1756 2769 1811 sub
2793 1726 3019 1825 persona
3036 1757 3259 1822 Christi,
3287 1760 3338 1812 in
3372 1773 3465 1813 ve-

209 1838 374 1907 σοφὸς
400 1837 627 1908 γράφων
657 1836 870 1901 Παῦλος
889 1854 902 1867 ν
943 1856 961 1888 ι
1010 1838 1083 1890 Οὐ
1122 1837 1230 1910 γὰρ
1260 1838 1486 1902 ἑαυτοὺς
1516 1840 1786 1911 κηρύσσο-

211 1945 334 2007 μεν,
369 1929 503 1983 ἀλλά
526 1929 761 2000 Χριστὸν
801 1927 1008 1999 Ἰησοῦν
1047 1928 1251 1999 Κύριον
1277 1947 1291 1961 ·
1336 1931 1562 1994 ἑαυτοὺς
1592 1931 1647 1984 δὲ
1668 1932 1787 1985 δού-

208 2018 333 2081 λους
359 2016 514 2088 ὑμῶν
556 2018 643 2071 διὰ
684 2017 858 2088 Ἰησοῦ
892 2018 1153 2090 Χριστοῦ.
1180 2019 1298 2072 Ὀτι
1332 2019 1361 2071 6
1392 2019 1525 2085 Θεὸς
1564 2023 1590 2075 6
1616 2022 1785 2076 εἰπὼν

208 2112 275 2169 ὲκ
310 2111 533 2174 σκότους
554 2111 668 2179 φῶς
697 2111 930 2182 λάμψαι,
963 2111 1023 2176 ὃς
1043 2111 1281 2184 ἔλαμψεν
1305 2116 1363 2167 ἐν
1393 2116 1510 2178 ταῖς
1539 2116 1787 2187 καρδίαις

209 2199 389 2269 ἡμῶν,
425 2200 563 2271 πρὸς
585 2204 863 2271 φωτισμὸν
886 2204 985 2271 τῆς
1011 2202 1266 2270 γνώσεως
1300 2203 1399 2274 τῆς
1422 2204 1580 2277 δόξης
1619 2204 1785 2259 αὑτοῦ

210 2295 271 2357 ὲν
310 2290 589 2364 προσώπῳ
635 2292 808 2365 Ἰησοῦ
852 2292 1110 2365 Χριστοῦ.
1156 2314 1173 2345 ι
1217 2295 1347 2348 Ἰδοὺ
1377 2295 1440 2366 δὴ
1490 2296 1678 2366 σαφῶς
1728 2313 1785 2350 τε

211 2383 310 2437 καὶ
336 2382 582 2454 ἐναργῶς
618 2385 645 2437 6
670 2384 951 2455 φωτισμὸς
982 2384 1081 2455 τῆς
1113 2384 1367 2453 γνώσεως
1390 2384 1481 2439 τοῦ
1526 2386 1660 2440 Θεοῦ
1695 2389 1789 2442 καὶ

211 2476 427 2549 Πατρὸς
456 2478 513 2531 ὲν
537 2476 811 2548 προσώπῳ
832 2476 1094 2546 διέλαμψε
1118 2476 1211 2529 τοῦ
1244 2476 1482 2547 Χριστοῦ
1505 2493 1518 2508 ·
1564 2479 1787 2551 τοιγάρ-

209 2585 294 2631 τοι
325 2568 419 2623 καὶ
447 2569 681 2638 ἔφασκεν
700 2584 715 2599 ’
748 2586 767 2619 ι
809 2568 867 2621 '0
891 2567 1147 2639 ἑωρακὼς
1183 2568 1302 2639 ἐμὲ,
1327 2566 1537 2641 ἑώρακε
1566 2570 1656 2625 τὸν
1679 2571 1789 2629 Πα-

210 2659 367 2730 τέρα.
399 2691 469 2701 -—-
514 2659 654 2730 Ἐγὼ
680 2660 775 2715 καὶ
800 2663 828 2715 6
856 2659 1043 2739 Πατὴρ
1069 2659 1130 2713 ἓν
1155 2661 1340 2732 ἐσμεν.
1388 2680 1407 2717 ι

284 2840 408 2896 ΛΓ.
442 2840 740 2913 Χαρακτὴρ
771 2839 827 2894 δὲ
869 2841 896 2894 6
930 2840 1073 2905 θεῖος
1117 2841 1178 2895 οὗ
1216 2841 1546 2912 σωματικὸς,
1587 2840 1703 2894 ἀλλ’
1732 2841 1790 2895 ὲν

213 2934 444 3004 δυνάμει
488 2933 581 2986 καὶ
627 2933 752 3005 δόξῃ
794 2936 861 3002 τῇ
907 2932 1371 3007 Θεοπρεπεστὰτῃ.
1422 2934 1593 2989 Τοῦτο
1638 2934 1694 2988 δὲ
1723 2929 1790 3007 ἦν

1888 1862 2005 1901 rum
2045 1855 2097 1901 et
2143 1846 2441 1900 naturalem
2492 1846 2686 1900 Deum.
2745 1846 2842 1902 Cui
2885 1857 2940 1903 et
2985 1849 3201 1917 sapiens
3251 1864 3465 1918 quoque

1886 1936 2085 1992 Paulus
2117 1936 2485 2007 patrocinatur
2513 1954 2527 1990 :
2559 1938 2747 1993 scribit
2776 1938 2918 1993 enim
2952 1954 3024 1994 τι(
3066 1939 3183 1994 Non
3221 1951 3464 1994 nosmet-

1888 2025 2034 2097 ipsos
2079 2025 2455 2094 prmdicamus,
2501 2026 2595 2080 sed
2642 2024 2822 2081 Jesum
2858 2026 3134 2082 Christum
3169 2028 3465 2083 Dominum
3559 2077 3575 2091 ,

1889 2126 2171 2183 nostrum;
2203 2131 2302 2172 nos
2332 2124 2510 2172 autem
2538 2132 2727 2173 servos
2748 2128 2960 2174 vestros
2987 2135 3080 2189 per
3096 2119 3299 2176 Jesum.
3333 2120 3469 2187 Quo-

1889 2209 2030 2260 niam
2062 2205 2201 2260 Deus
2224 2206 2316 2277 qui
2341 2207 2476 2262 dixit
2502 2207 2568 2263 de
2596 2210 2831 2264 tenebris
2865 2209 3035 2265 lucem
3066 2211 3466 2279 splendescere,

1889 2304 2001 2372 ipse
2061 2299 2238 2354 illuxit
2278 2300 2331 2353 in
2389 2299 2642 2355 cordibus
2691 2302 2888 2371 nostris
2918 2304 2984 2356 ad
3026 2302 3467 2358 illuminationent

1888 2391 2125 2446 scientiae
2163 2390 2429 2445 claritatis
2457 2390 2550 2444 Dei
2582 2395 2635 2445 in
2668 2391 2803 2446 facie
2829 2392 2938 2462 30
2968 2394 3166 2447 Christi
3206 2392 3330 2448 Jesu
3357 2394 3400 2446 ⁸.
3443 2413 3463 2447 ι

1890 2481 2029 2537 Ecce
2073 2491 2258 2553 aperte
2313 2480 2692 2550 evidenterqne
2738 2482 3059 2537 illuminatio
3103 2482 3347 2538 scientia:
3378 2483 3471 2539 Dei

1890 2571 2068 2629 Patris
2108 2573 2159 2628 in
2198 2586 2426 2644 persona
2476 2572 2677 2628 Christi
2718 2572 2937 2628 effulsit.
3006 2573 3157 2630 Unde
3203 2583 3253 2629 et
3308 2574 3470 2642 ipse:

1901 2686 1920 2719 ι
1945 2666 2045 2734 Qui
2076 2668 2221 2721 videt
2253 2683 2362 2731 me,
2390 2668 2585 2738 inquit,
2619 2668 2763 2723 videt
2788 2676 2841 2722 et
2889 2666 3168 2722 Patrcnt'.
3190 2697 3259 2707 —
3288 2668 3398 2736 Ego
3419 2673 3477 2723 et

1892 2758 2060 2815 Pater
2093 2774 2257 2813 unum
2286 2774 2471 2813 sumus
2496 2760 2538 2814 ⁸.
2570 2748 2592 2811 ἰ

1963 2848 2204 2905 XXXIII.
2233 2849 2499 2905 Caeterum
2528 2851 2743 2905 divinus
2786 2850 3074 2906 character
3104 2866 3206 2906 non
3238 2860 3320 2907 est
3353 2865 3474 2906 cors

1893 2956 2106 3013 porcus,
2144 2942 2238 2997 sed
2290 2942 2343 2995 in
2393 2956 2602 2995 summa
2658 2942 2856 2995 virtute
2900 2952 2955 2996 et
2988 2942 3154 3011 gloria
3205 2957 3324 3010 qua:
3365 2941 3478 2996 Deo

214 3025 519 3098 ἀκραιφνὲς
557 3026 615 3079 ὲν
652 3026 892 3098 Χριστῷ.
926 3026 1290 3099 Γνωρίζεσθαι
1320 3027 1377 3080 δὲ
1417 3027 1508 3081 καὶ
1548 3027 1636 3081 διὰ
1666 3027 1791 3080 τού-

1897 3032 2168 3098 convenit,
2197 3031 2424 3104 positus.
2470 3032 2595 3085 Erat
2627 3031 2672 3086 is
2697 3045 2861 3099 porro
2892 3032 2947 3085 in
2976 3031 3194 3085 Christo
3234 3031 3478 3101 apprime

216 3136 327 3175 των
353 3117 526 3189 ἠξξον,
560 3119 651 3172 καὶ
679 3118 767 3172 διὰ
809 3119 910 3189 τῆς
946 3118 1052 3172 τῶν
1084 3118 1379 3189 δρωμένων
1419 3118 1692 3192 ὑπεροχῆς
1716 3120 1795 3186 εἰς

220 3209 430 3272 ἑννοίας
473 3209 767 3280 ἀναιροιτᾷν
807 3209 907 3272 τὰς
938 3209 1022 3261 ἐπ’
1062 3208 1211 3279 αύτῷ
1244 3209 1370 3271 τοὺς
1414 3210 1797 3282 ἀκροωμένους

220 3301 401 3375 ἡθελε,
430 3300 976 3373 κατασμικρυνούσης
997 3302 1157 3355 αὐτὸν
1185 3303 1370 3373 ἠρέμα
1396 3302 1547 3373 παρά
1584 3320 1649 3371 γε
1685 3304 1798 3368 τοῖς

221 3395 503 3459 ἀσυνέτοις
530 3394 630 3464 τῆς
671 3393 956 3464 όρωμένης
1006 3394 1226 3466 σαρκός,
1267 3413 1285 3445 ι
1315 3395 1378 3447 Εἰ
1411 3395 1520 3466 γὰρ
1566 3396 1626 3449 ού
1659 3396 1799 3453 ποιῶ

222 3487 292 3540 τὰ
321 3486 456 3558 ἔργα
499 3485 594 3539 τοῦ
628 3486 840 3557 Πατρός
888 3502 1012 3556 μου,
1044 3485 1197 3557 φησὶ,
1227 3484 1301 3557 μὴ
1351 3485 1636 3540 πιστεύετέ
1670 3504 1796 3559 μοι’

224 3582 271 3631 εἰ
304 3578 359 3632 δὲ
382 3577 541 3644 ποιῶ,
572 3577 674 3632 κᾶν
717 3577 841 3647 ἐμοὶ
869 3576 943 3648 μὴ
974 3576 1287 3648 πιστεύητε,
1318 3578 1427 3640 τοῖς
1466 3577 1646 3647 ἔργοις
1698 3595 1799 3648 μου

218 3670 568 3725 πιστεύσατε.
607 3691 625 3722 ι
658 3672 826 3725 Φάναι
850 3670 906 3724 δὲ
927 3667 1078 3742 οἶμαι
1110 3671 1268 3724 ταυτὶ
1291 3671 1350 3724 τὸ
1380 3671 1634 3742 τηνικάδε
1664 3673 1800 3743 Χριφ

225 3763 370 3826 στὸν,
428 3760 529 3815 οὐκ
565 3760 850 3827 ἁσυντελὲς
890 3764 971 3824 εἰς
1020 3762 1206 3833 ὄνησιν
1255 3761 1431 3815 εἰδότα
1480 3762 1542 3814 τὸ
1591 3763 1797 3834 χρῆμα.

235 3853 455 3924 Ἐπειδὴ
484 3854 592 3923 γὰρ
633 3854 801 3923 ᾤοντο
840 3853 972 3908 Θεὸν
1015 3854 1114 3924 μὲν
1157 3854 1257 3907 οὐκ
1295 3851 1434 3908 εἶναι
1467 3856 1605 3910 κατὰ
1642 3855 1802 3923 φύσιν

222 3946 316 4000 τὸν
372 3946 439 3999 δι’
478 3946 625 4016 ἡμᾶς
674 3944 1155 4018 ὲνηνθρωπηκότα,
1209 3944 1363 4015 ψιλὸν
1412 3945 1468 3999 δὲ
1519 3946 1803 4017 ἄνθρωπον

223 4037 415 4103 ἁπλῶς
445 4039 565 4093 καθ’
596 4041 764 4110 ἡμᾶς,
799 4040 1174 4110 ἁπαράδεκτον
1202 4039 1257 4092 δὲ
1290 4039 1377 4097 διὰ
1400 4038 1559 4106 τοῦτο
1586 4039 1685 4109 τὴν
1714 4039 1803 4093 ἐπ’

224 4128 378 4200 αὐτῷ
413 4129 594 4183 πίστιν
631 4128 908 4183 ἐποιοῦντό
948 4146 1127 4192 τινες·
1178 4129 1490 4198 ἀναγκαίως
1528 4129 1588 4183 τὸ
1618 4130 1801 4199 δεῖμα,

228 4224 324 4287 καὶ
372 4223 465 4275 τὸν
523 4224 617 4276 ἐπὶ
649 4221 858 4284 τούτοις
887 4220 1045 4274 ὸκνον
1092 4221 1545 4291 ὑποτεμνόμενος,
1592 4224 1656 4290 τῇ
1705 4222 1806 4292 τῆς

227 4312 484 4381 θεότητος
514 4310 673 4381 φύσει
693 4311 792 4383 τὴν
822 4310 1002 4363 πίστιν
1027 4308 1298 4371 ἀνατιθεὶς
1329 4309 1404 4373 ὡς
1438 4311 1495 4362 ἐν
1530 4310 1805 4381 προσώπῳ

1897 3133 2120 3181 exactus
2149 3131 2203 3179 et
2233 3123 2462 3178 lucidus.
2517 3120 2698 3177 Voluit
2726 3131 2906 3177 autem
2939 3136 3042 3177 non
3073 3136 3171 3191 per
3201 3123 3314 3177 hazc
3357 3131 3477 3175 tau~

1899 3225 2009 3269 tum
2070 3215 2211 3269 dicta
2268 3215 2637 3280 innotescere,
2683 3212 2777 3267 sed
2827 3227 2925 3283 per
2975 3227 3197 3281 operum
3263 3226 3482 3281 quoque

1898 3305 2270 3362 excellentiam
2323 3303 2543 3358 volebat
2585 3303 2860 3359 auditores
2897 3304 2964 3358 ad
3016 3303 3264 3358 notitiam
3312 3302 3480 3370 ipsius

1901 3399 2304 3462 conscendere;
2343 3397 2385 3451 si
2433 3396 2648 3464 quidem
2692 3410 2891 3465 corpus
2938 3395 3080 3464 quod
3135 3395 3479 3458 cernebatur,

1899 3489 2274 3543 auctoritatem
2315 3487 2460 3541 illius
2484 3486 2626 3554 apud
2661 3484 3029 3555 imprudentes
3081 3487 3249 3555 magis
3282 3486 3481 3554 magis-

1899 3597 2002 3652 que
2045 3581 2271 3636 subiude
2315 3578 2609 3635 minuebat.
2665 3579 2755 3633 Ait
2794 3593 2922 3648 ergo
2959 3596 2973 3635 :
3020 3599 3038 3631 ι
3070 3579 3124 3634 Si
3192 3596 3296 3633 non
3345 3578 3485 3633 facio

1901 3688 2063 3743 Opera
2096 3672 2276 3728 Patris
2337 3672 2463 3738 mei,
2513 3670 2679 3725 nolite
2725 3673 2989 3726 credere:
3017 3670 3063 3724 si
3102 3681 3280 3725 autem
3323 3669 3479 3735 facio,

1902 3765 2005 3820 etsi
2035 3764 2161 3820 mihi
2194 3780 2299 3819 non
2327 3764 2567 3825 creditis,
2602 3761 2859 3830 operibus
2888 3762 3095 3817 credite
3129 3763 3172 3817 ’.
3229 3780 3248 3813 ι
3280 3761 3351 3814 Ea
3384 3775 3483 3814 au-

1908 3867 2014 3910 tem
2050 3854 2328 3909 Christum
2361 3855 2561 3908 dixisse
2590 3852 2867 3917 existimo,
2894 3866 3014 3920 quae
3047 3861 3172 3906 tunc
3197 3851 3481 3906 utilitatem

1904 3947 2134 4004 allatura
2167 3953 2408 4000 noverat.
2454 3943 2588 3999 Nam
2638 3960 2759 4001 cum
2804 3943 2959 4012 vulgo
2992 3957 3307 4011 persuasum
3341 3951 3486 3997 esset

1904 4053 2049 4102 eum,
2069 4038 2160 4106 qui
2192 4036 2362 4091 nostri
2381 4051 2542 4090 causa
2572 4037 2734 4091 homo
2766 4034 2940 4091 factus
2960 4045 3064 4100 est,
3097 4046 3289 4090 natura
3317 4034 3486 4089 Deum

1906 4144 2010 4183 non
2047 4142 2188 4193 esse,
2215 4129 2307 4182 sed
2332 4128 2600 4182 hominem
2647 4127 2966 4196 simpliciter
2994 4128 3151 4182 nobis
3173 4142 3269 4198 per
3304 4127 3487 4182 omnia

1907 4218 2159 4284 similem,
2192 4228 2248 4272 et
2274 4217 2343 4273 ob
2370 4218 2418 4271 id
2448 4217 2664 4287 quidam
2700 4218 2857 4271 ﬁdem
2895 4219 2947 4272 in
2975 4218 3120 4273 illttm
3156 4235 3259 4272 non
3291 4217 3487 4272 admit-

1909 4310 2121 4365 tendam
2168 4308 2500 4363 aliirmarent
2544 4326 2558 4362 :
2602 4308 2747 4363 omni
2801 4318 2974 4363 metus
3024 4309 3489 4378 cunctationisqne

225 4400 466 4473 Πατρὸς,
492 4402 586 4454 καὶ
615 4401 734 4472 οὐχὶ
756 4404 819 4472 τῇ
852 4399 973 4453 καθ’
997 4401 1142 4471 ἡμᾶς
1167 4400 1607 4471 σμικροπρεπείᾳ
1639 4416 1794 4470 προσ-

1907 4416 2065 4455 causa
2115 4400 2372 4469 praecisa,
2420 4398 2759 4469 Pateruaque
2811 4415 3040 4471 persona
3096 4410 3343 4470 sumpta,
3378 4414 3486 4455 non

227 4497 448 4567 νέμων,
491 4494 766 4563 ἔφασκεν
823 4512 841 4545 ι
891 4493 949 4549 '0
1005 4492 1274 4563 πιστεύων
1320 4494 1401 4556 εἰς
1442 4491 1561 4562 ἐμὲ,
1599 4492 1659 4544 ού
1714 4509 1803 4544 πι-

227 4587 411 4642 στεύει
457 4589 535 4650 εἰς
574 4586 694 4657 ἐμὲ,
741 4586 877 4640 ἀλλά
928 4587 1005 4650 εἰς
1034 4587 1123 4640 τὸν
1163 4585 1457 4657 πέμψαντά
1501 4601 1601 4655 με·
1652 4586 1803 4639 καὶὸ

226 4679 454 4750 θεωρῶν
484 4678 605 4750 ἐμὲ,
651 4678 844 4748 θεωρεῖ
896 4676 988 4749 τὸν
1023 4675 1316 4747 πέμψαντά
1367 4693 1454 4746 με.
1489 4694 1507 4727 ι
1538 4670 1665 4748 ’Ἆρ’
1710 4668 1804 4729 οὗν

224 4771 330 4825 οὐκ
356 4772 469 4824 ἴσον
513 4772 721 4825 εἰπεῖν*
753 4766 821 4821 Ὢ
862 4766 970 4821 τῶν
1011 4766 1159 4837 ἐμῶν
1205 4768 1464 4837 κατήκοοι
1502 4765 1693 4836 λόγων,
1729 4766 1804 4838 μὴ

227 4861 408 4935 μικρά
443 4863 535 4917 καὶ
558 4859 908 4933 χαμαιρριφῆ
937 4858 1005 4911 τὰ
1032 4859 1112 4922 εἰς
1139 4858 1236 4928 ἐμὲ
1271 4857 1520 4923 δοξάζετε
1540 4872 1553 4885 ⁶
1585 4858 1694 4911 ἴστε
1722 4858 1802 4924 δὲ,

222 4954 313 5008 ὅτι
340 4952 438 5024 τὴν
485 4953 565 5015 εἰς
605 4951 765 5004 αὐτὸν
815 4948 915 5020 ἐμὲ
960 4948 1020 5000 τὸ
1046 4945 1320 5016 ὁρώμενον
1346 4947 1403 4999 ὲν
1438 4947 1602 5021 σαρκὶ
1632 4964 1805 5017 προσ-

227 5043 435 5113 ιέμενοι
500 5042 725 5103 πίστιν,
768 5038 869 5092 οὐκ
921 5037 1001 5100 εἰς
1040 5035 1327 5107 ἄνθρωπον
1376 5034 1560 5098 ἁπλῶς
1618 5034 1807 5089 ἔσεσθε

226 5134 681 5196 πεπιστευκότες,
712 5130 826 5184 ἀλλ’
871 5130 950 5194 εἰς
979 5128 1141 5181 αὐτὸν
1179 5126 1269 5180 τὸν
1310 5125 1528 5198 Πατέρα
1555 5125 1623 5179 δι’
1652 5126 1808 5196 ἐμοῦ,

226 5223 328 5280 τοῦ
353 5226 494 5280 κατὰ
516 5226 624 5279 πᾶν
648 5222 824 5278 ὁτιοῦν
866 5222 994 5284 ἴσως
1014 5238 1074 5274 τε
1098 5220 1193 5273 καὶ
1216 5216 1651 5291 ἀπαραλλάκτως
1669 5216 1813 5288 ἔχονυ

226 5331 326 5387 τος
348 5313 504 5381 Υἱοῦ,
540 5312 915 5386 σαρκωθὲντος
963 5312 1063 5383 μὲν
1092 5310 1160 5365 δι’
1187 5310 1353 5380 ὑμᾶς,
1380 5309 1474 5362 καὶ
1499 5309 1814 5379 περίὸλημα

235 5406 652 5478 σμικροπρεπὲς
702 5403 1128 5472 οἱκειωσαμένου
1194 5403 1293 5470 τὴν
1368 5399 1762 5471 ἀνθρωπότητα
1792 5417 1804 5431 ο

235 5497 301 5554 τ5
332 5514 396 5565 γε
431 5498 536 5569 μὴν
568 5496 782 5565 ἰσοιρυὲς
812 5512 871 5548 τε
896 5496 989 5548 καὶ
1017 5493 1285 5564 ἰπουργὸν,
1320 5492 1410 5546 καὶ
1441 5494 1495 5543 εν
1523 5491 1810 5561 ταυτότητι

1910 4493 2157 4546 humana:
2191 4490 2505 4561 abjectioni,
2543 4493 2637 4547 sed
2665 4492 2860 4547 divinae
2889 4500 3094 4549 naturae
3128 4494 3286 4548 ﬁdem
3330 4491 3487 4546 attri-

1910 4584 2065 4649 buit;
2100 4584 2177 4638 ait
2218 4584 2406 4639 enim:
2445 4603 2464 4636 ι
2505 4582 2605 4650 Qui
2650 4585 2819 4639 credlt
2848 4585 2900 4639 in
2928 4599 3036 4648 me,
3074 4599 3178 4638 non
3224 4583 3395 4637 credit
3436 4582 3488 4634 in

1911 4690 2014 4739 me,
2048 4673 2143 4730 sed
2172 4674 2226 4731 in
2255 4690 2377 4730 eum
2405 4676 2495 4745 qui
2531 4675 2680 4730 misit
2708 4691 2793 4730 me
2825 4694 2838 4731 :
2874 4684 2921 4730 et
2964 4676 3055 4743 qui
3086 4675 3229 4728 videt
3259 4687 3368 4736 me,
3409 4674 3491 4722 'vi-

1911 4767 2000 4822 det
2038 4780 2171 4821 eunr
2187 4766 2280 4835 qui
2323 4767 2471 4821 misit
2496 4783 2583 4821 me
2610 4767 2673 4819 '°.
2730 4784 2749 4816 ι
2794 4765 3025 4820 Perinde
3064 4779 3128 4818 ac
3154 4763 3199 4818 si
3226 4763 3367 4818 dicat
3398 4778 3413 4815 :
3448 4759 3492 4815 Ο

1912 4856 2014 4911 viri
2058 4855 2148 4923 qui
2189 4870 2276 4909 me
2310 4855 2531 4919 auditis,
2580 4870 2649 4910 ne
2702 4870 2865 4924 parva
2910 4864 2965 4908 et
3015 4851 3236 4906 humilia
3281 4851 3350 4905 de
3404 4864 3491 4903 me

1913 4945 2206 5016 opincmini
2257 4962 2272 5002 :
2323 4946 2457 5019 quin
2522 4947 2576 5001 id
2650 4948 2833 5017 potius
2900 4945 2967 5001 de
3031 4958 3116 5003 me
3175 4954 3488 5012 persuasum

1915 5037 2069 5093 vobis
2099 5038 2373 5101 habetote,
2423 5051 2615 5108 nempe
2644 5038 2688 5091 si
2715 5040 2766 5091 in
2808 5052 2894 5093 me
2934 5050 3093 5107 quem
3137 5036 3189 5088 in
3217 5035 3320 5090 hoc
3365 5050 3491 5089 cor-

1916 5141 2048 5198 pore
2086 5127 2331 5189 ccrnitis,
2377 5127 2739 5193 credideritis,
2797 5142 2902 5179 nuu
2956 5127 3008 5180 in
3055 5140 3218 5179 unum
3255 5124 3496 5194 aliquem

1909 5232 1976 5273 ex
2004 5218 2185 5273 multis
2211 5218 2514 5272 credituros
2546 5232 2638 5270 vos
2664 5230 2804 5282 esse,
2838 5216 2930 5271 sed
2957 5216 3009 5270 in
3042 5215 3216 5285 ipsum
3248 5216 3494 5281 Patrem,

1910 5326 2007 5381 per
2035 5326 2121 5366 me
2144 5310 2339 5366 Filium
2373 5325 2386 5361 :
2415 5310 2505 5378 qui
2551 5310 2679 5364 licet
2720 5310 2886 5364 vestri
2930 5324 3092 5364 causa
3139 5323 3267 5364 caro
3313 5308 3495 5363 Iactus

1911 5403 2036 5468 sim,
2082 5413 2137 5458 et
2182 5403 2337 5456 vilem
2402 5401 2561 5456 istam
2614 5402 2846 5457 hominis
2896 5401 3124 5456 formam
3182 5400 3490 5462 iuduerim,

1909 5493 2057 5547 Patri
2105 5503 2278 5546 tamen
2325 5487 2545 5549 ouiniuo
2580 5494 2825 5562 mqualis,
2854 5492 3107 5563 nullaque
3151 5492 3204 5546 in
3236 5506 3293 5547 re
3323 5492 3394 5548 ab
3421 5506 3490 5547 eo

313 5657 519 5716 I:Rmn.
557 5676 672 5727 vm,
702 5660 789 5715 29.
858 5660 877 5689 θ
909 5657 1077 5714 ιςοτ.
1120 5672 1191 5724 tv,
1228 5658 1280 5721 2'5,
1313 5659 1366 5710 6.
1438 5658 1455 5687 ⁷
1488 5654 1642 5710 Joan.
1684 5668 1793 5719 xw,

1936 5652 1957 5681 '
1985 5650 2139 5707 Joan.
2178 5669 2228 5719 x,
2258 5652 2344 5708 50.
2417 5654 2435 5683 ⁹
2463 5653 2618 5710 Joan.
2664 5668 2714 5719 κ,
2740 5650 2829 5705 57.
2886 5650 2927 5682 ὀ
2966 5647 3101 5705 Joan
3132 5664 3231 5715 xu,
3272 5648 3364 5715 44,
3391 5647 3485 5704 £5.
