  <div class='ocr_page' id='page_1' title='image "/cluster/home/n/w/nwhite01/storage/ocr_20150623/76/hvd.32044073501439/600.png"; bbox 0 0 3910 6200; ppageno 0'>
   <div class='ocr_carea' id='block_1_1' title="bbox 163 240 308 298">
    <p class='ocr_par' dir='ltr' id='par_1_1' title="bbox 163 240 308 298">
     <span class='ocr_line' id='line_1_1' title="bbox 163 240 308 298; baseline 0.007 -1"><span class='ocrx_word' id='word_1_1' title='bbox 163 240 308 298; x_wconf 75' lang='grc'><strong>1185</strong></span> 
     </span>
    </p>
   </div>
   <div class='ocr_carea' id='block_1_2' title="bbox 1122 238 2462 299">
    <p class='ocr_par' dir='ltr' id='par_1_2' title="bbox 1122 238 2462 299">
     <span class='ocr_line' id='line_1_2' title="bbox 1122 238 2462 299; baseline 0.004 -6"><span class='ocrx_word' id='word_1_2' title='bbox 1122 238 1210 294; x_wconf 86' lang='lat' dir='ltr'><strong>DE</strong></span> <span class='ocrx_word' id='word_1_3' title='bbox 1249 238 1471 295; x_wconf 79' lang='lat' dir='ltr'><strong>RECTA</strong></span> <span class='ocrx_word' id='word_1_4' title='bbox 1513 241 1668 295; x_wconf 84' lang='lat' dir='ltr'><strong>FiDE</strong></span> <span class='ocrx_word' id='word_1_5' title='bbox 1710 240 1801 293; x_wconf 80' lang='lat' dir='ltr'><strong>AD</strong></span> <span class='ocrx_word' id='word_1_6' title='bbox 1842 240 2287 298; x_wconf 76' lang='lat' dir='ltr'><strong>THEODOSIUM</strong></span> <span class='ocrx_word' id='word_1_7' title='bbox 2329 243 2462 299; x_wconf 79' lang='lat' dir='ltr'><strong>IMP.</strong></span> 
     </span>
    </p>
   </div>
   <div class='ocr_carea' id='block_1_3' title="bbox 3276 231 3410 299">
    <p class='ocr_par' dir='ltr' id='par_1_3' title="bbox 3276 231 3410 299">
     <span class='ocr_line' id='line_1_3' title="bbox 3276 231 3410 299; baseline -0.015 -3"><span class='ocrx_word' id='word_1_8' title='bbox 3276 231 3410 299; x_wconf 70' lang='lat'><strong>“88</strong></span> 
     </span>
    </p>
   </div>
   <div class='ocr_carea' id='block_1_4' title="bbox 160 349 1745 429">
    <p class='ocr_par' dir='ltr' id='par_1_4' title="bbox 160 349 1739 427">
     <span class='ocr_line' id='line_1_4' title="bbox 160 349 1739 427; baseline 0.001 -20"><span class='ocrx_word' id='word_1_9' title='bbox 160 369 328 410; x_wconf 78' lang='grc' dir='ltr'><strong>νατον</strong></span> <span class='ocrx_word' id='word_1_10' title='bbox 359 350 578 415; x_wconf 69' lang='grc' dir='ltr'><strong>ὑποδὺς,</strong></span> <span class='ocrx_word' id='word_1_11' title='bbox 618 349 711 406; x_wconf 75' lang='grc' dir='ltr'><strong>καὶ</strong></span> <span class='ocrx_word' id='word_1_12' title='bbox 746 349 1115 423; x_wconf 74' lang='grc' dir='ltr'><strong>ἐγηγερμένος</strong></span> <span class='ocrx_word' id='word_1_13' title='bbox 1155 355 1213 407; x_wconf 86' lang='grc' dir='ltr'><strong>ὲν</strong></span> <span class='ocrx_word' id='word_1_14' title='bbox 1250 354 1400 427; x_wconf 80' lang='grc' dir='ltr'><strong>δόξῃ,</strong></span> <span class='ocrx_word' id='word_1_15' title='bbox 1424 356 1517 409; x_wconf 75' lang='grc' dir='ltr'><strong>καὶ</strong></span> <span class='ocrx_word' id='word_1_16' title='bbox 1545 357 1608 409; x_wconf 81' lang='grc' dir='ltr'><strong>ἐκ</strong></span> <span class='ocrx_word' id='word_1_17' title='bbox 1628 356 1739 409; x_wconf 87' lang='grc' dir='ltr'><strong>Να-</strong></span> 
     </span>
    </p>
   </div>
   <div class='ocr_carea' id='block_1_5' title="bbox 1851 349 3412 429">
    <p class='ocr_par' dir='ltr' id='par_1_5' title="bbox 1851 356 3412 429">
     <span class='ocr_line' id='line_1_5' title="bbox 1851 356 3412 429; baseline 0.001 -20"><span class='ocrx_word' id='word_1_18' title='bbox 1851 372 2073 414; x_wconf 83' lang='lat' dir='ltr'><strong>zarenus</strong></span> <span class='ocrx_word' id='word_1_19' title='bbox 2132 356 2427 429; x_wconf 85' lang='lat' dir='ltr'><strong>appellatus</strong></span> <span class='ocrx_word' id='word_1_20' title='bbox 2464 358 2583 428; x_wconf 81' lang='lat' dir='ltr'><strong>fuit,</strong></span> <span class='ocrx_word' id='word_1_21' title='bbox 2634 361 2732 416; x_wconf 83' lang='lat' dir='ltr'><strong>nisi</strong></span> <span class='ocrx_word' id='word_1_22' title='bbox 2784 359 3030 417; x_wconf 91' lang='lat' dir='ltr'><strong>Christus</strong></span> <span class='ocrx_word' id='word_1_23' title='bbox 3079 359 3254 425; x_wconf 70' lang='lat' dir='ltr'><strong>Iesus,</strong></span> <span class='ocrx_word' id='word_1_24' title='bbox 3310 359 3412 411; x_wconf 88' lang='lat' dir='ltr'><strong>hoc</strong></span> 
     </span>
    </p>
   </div>
   <div class='ocr_carea' id='block_1_6' title="bbox 162 440 1736 517">
    <p class='ocr_par' dir='ltr' id='par_1_6' title="bbox 162 440 1736 517">
     <span class='ocr_line' id='line_1_6' title="bbox 162 440 1736 517; baseline 0 -18"><span class='ocrx_word' id='word_1_25' title='bbox 162 444 359 514; x_wconf 77' lang='grc' dir='ltr'><strong>ζαρὲτ,</strong></span> <span class='ocrx_word' id='word_1_26' title='bbox 390 444 439 497; x_wconf 85' lang='grc' dir='ltr'><strong>εί</strong></span> <span class='ocrx_word' id='word_1_27' title='bbox 467 442 543 513; x_wconf 76' lang='grc' dir='ltr'><strong>μὴ</strong></span> <span class='ocrx_word' id='word_1_28' title='bbox 565 440 800 513; x_wconf 71' lang='grc' dir='ltr'><strong>Χριστὸς</strong></span> <span class='ocrx_word' id='word_1_29' title='bbox 840 444 1062 515; x_wconf 85' lang='grc' dir='ltr'><strong>Ἰησοῦς,</strong></span> <span class='ocrx_word' id='word_1_30' title='bbox 1104 447 1379 499; x_wconf 79' lang='grc' dir='ltr'><strong>τουτέστιν</strong></span> <span class='ocrx_word' id='word_1_31' title='bbox 1407 449 1435 501; x_wconf 98' lang='lat'><strong>6</strong></span> <span class='ocrx_word' id='word_1_32' title='bbox 1467 447 1571 517; x_wconf 79' lang='grc' dir='ltr'><strong>πρὸ</strong></span> <span class='ocrx_word' id='word_1_33' title='bbox 1603 464 1736 502; x_wconf 89' lang='grc' dir='ltr'><strong>παν-</strong></span> 
     </span>
    </p>
   </div>
   <div class='ocr_carea' id='block_1_7' title="bbox 163 533 1742 611">
    <p class='ocr_par' dir='ltr' id='par_1_7' title="bbox 163 533 1742 611">
     <span class='ocr_line' id='line_1_7' title="bbox 163 533 1742 611; baseline 0.001 -21"><span class='ocrx_word' id='word_1_34' title='bbox 163 535 261 600; x_wconf 83' lang='grc' dir='ltr'><strong>τὸς</strong></span> <span class='ocrx_word' id='word_1_35' title='bbox 292 536 393 607; x_wconf 82' lang='grc' dir='ltr'><strong>μὲν</strong></span> <span class='ocrx_word' id='word_1_36' title='bbox 427 533 619 597; x_wconf 85' lang='grc' dir='ltr'><strong>αἰῶνος</strong></span> <span class='ocrx_word' id='word_1_37' title='bbox 647 534 714 589; x_wconf 80' lang='grc' dir='ltr'><strong>ἐκ</strong></span> <span class='ocrx_word' id='word_1_38' title='bbox 734 534 870 589; x_wconf 91' lang='grc' dir='ltr'><strong>Θεοῦ</strong></span> <span class='ocrx_word' id='word_1_39' title='bbox 898 537 1110 608; x_wconf 81' lang='grc' dir='ltr'><strong>Πατρὸς</strong></span> <span class='ocrx_word' id='word_1_40' title='bbox 1130 539 1457 610; x_wconf 66' lang='grc' dir='ltr'><strong>ἀπορρήτοις</strong></span> <span class='ocrx_word' id='word_1_41' title='bbox 1481 556 1742 611; x_wconf 82' lang='grc' dir='ltr'><strong>γεγεννη-</strong></span> 
     </span>
    </p>
   </div>
   <div class='ocr_carea' id='block_1_8' title="bbox 168 624 1739 702">
    <p class='ocr_par' dir='ltr' id='par_1_8' title="bbox 168 624 1739 702">
     <span class='ocr_line' id='line_1_8' title="bbox 168 624 1739 702; baseline 0.003 -22"><span class='ocrx_word' id='word_1_42' title='bbox 168 626 354 697; x_wconf 81' lang='grc' dir='ltr'><strong>μένος,</strong></span> <span class='ocrx_word' id='word_1_43' title='bbox 382 627 447 679; x_wconf 75' lang='grc' dir='ltr'><strong>έν</strong></span> <span class='ocrx_word' id='word_1_44' title='bbox 474 625 530 678; x_wconf 87' lang='grc' dir='ltr'><strong>δέ</strong></span> <span class='ocrx_word' id='word_1_45' title='bbox 557 642 620 694; x_wconf 88' lang='grc' dir='ltr'><strong>γε</strong></span> <span class='ocrx_word' id='word_1_46' title='bbox 652 624 729 696; x_wconf 85' lang='grc' dir='ltr'><strong>τῷ</strong></span> <span class='ocrx_word' id='word_1_47' title='bbox 759 625 957 699; x_wconf 85' lang='grc' dir='ltr'><strong>λοίσθῳ</strong></span> <span class='ocrx_word' id='word_1_48' title='bbox 998 630 1092 682; x_wconf 81' lang='grc' dir='ltr'><strong>καὶ</strong></span> <span class='ocrx_word' id='word_1_49' title='bbox 1119 630 1199 693; x_wconf 91' lang='grc' dir='ltr'><strong>είς</strong></span> <span class='ocrx_word' id='word_1_50' title='bbox 1226 629 1396 700; x_wconf 81' lang='grc' dir='ltr'><strong>πέρας</strong></span> <span class='ocrx_word' id='word_1_51' title='bbox 1432 631 1616 702; x_wconf 79' lang='grc' dir='ltr'>ἥκοντι</span> <span class='ocrx_word' id='word_1_52' title='bbox 1645 629 1739 684; x_wconf 90' lang='grc' dir='ltr'><strong>τοῦ</strong></span> 
     </span>
    </p>
   </div>
   <div class='ocr_carea' id='block_1_9' title="bbox 166 716 1739 791">
    <p class='ocr_par' dir='ltr' id='par_1_9' title="bbox 166 716 1739 791">
     <span class='ocr_line' id='line_1_9' title="bbox 166 716 1739 791; baseline 0.004 -21"><span class='ocrx_word' id='word_1_53' title='bbox 166 716 365 780; x_wconf 75' lang='grc' dir='ltr'><strong>αἰῶνος</strong></span> <span class='ocrx_word' id='word_1_54' title='bbox 407 716 606 788; x_wconf 82' lang='grc' dir='ltr'><strong>καιρῷ,</strong></span> <span class='ocrx_word' id='word_1_55' title='bbox 632 718 728 772; x_wconf 76' lang='grc' dir='ltr'><strong>καὶ</strong></span> <span class='ocrx_word' id='word_1_56' title='bbox 775 720 1100 789; x_wconf 80' lang='grc' dir='ltr'><strong>σωματικῶς</strong></span> <span class='ocrx_word' id='word_1_57' title='bbox 1133 723 1195 775; x_wconf 79' lang='grc' dir='ltr'><strong>ἐκ</strong></span> <span class='ocrx_word' id='word_1_58' title='bbox 1228 723 1517 791; x_wconf 86' lang='grc' dir='ltr'><strong>γυναικός;</strong></span> <span class='ocrx_word' id='word_1_59' title='bbox 1552 724 1610 777; x_wconf 83' lang='grc' dir='ltr'>ὐ</span> <span class='ocrx_word' id='word_1_60' title='bbox 1649 722 1739 777; x_wconf 83' lang='grc' dir='ltr'><strong>πί-</strong></span> 
     </span>
    </p>
   </div>
   <div class='ocr_carea' id='block_1_10' title="bbox 168 801 1741 886">
    <p class='ocr_par' dir='ltr' id='par_1_10' title="bbox 168 801 1741 886">
     <span class='ocr_line' id='line_1_10' title="bbox 168 801 1741 886; baseline 0.005 -25"><span class='ocrx_word' id='word_1_61' title='bbox 168 824 288 861; x_wconf 84' lang='grc' dir='ltr'><strong>στιν</strong></span> <span class='ocrx_word' id='word_1_62' title='bbox 322 801 415 863; x_wconf 81' lang='grc' dir='ltr'><strong>οῦν</strong></span> <span class='ocrx_word' id='word_1_63' title='bbox 444 807 553 879; x_wconf 80' lang='grc' dir='ltr'><strong>ἄρα</strong></span> <span class='ocrx_word' id='word_1_64' title='bbox 581 807 680 879; x_wconf 84' lang='grc' dir='ltr'><strong>τὴν</strong></span> <span class='ocrx_word' id='word_1_65' title='bbox 727 809 864 881; x_wconf 82' lang='grc' dir='ltr'><strong>πρὸς</strong></span> <span class='ocrx_word' id='word_1_66' title='bbox 904 811 1067 865; x_wconf 76' lang='grc' dir='ltr'><strong>αὐτὸν</strong></span> <span class='ocrx_word' id='word_1_67' title='bbox 1100 819 1125 847; x_wconf 92' lang='lat'>°</span> <span class='ocrx_word' id='word_1_68' title='bbox 1159 813 1538 885; x_wconf 78' lang='grc' dir='ltr'><strong>προσιέμενος,</strong></span> <span class='ocrx_word' id='word_1_69' title='bbox 1569 815 1741 886; x_wconf 72' lang='grc' dir='ltr'><strong>γέρας</strong></span> 
     </span>
    </p>
   </div>
   <div class='ocr_carea' id='block_1_11' title="bbox 166 897 1741 976">
    <p class='ocr_par' dir='ltr' id='par_1_11' title="bbox 166 897 1741 976">
     <span class='ocr_line' id='line_1_11' title="bbox 166 897 1741 976; baseline 0.006 -26"><span class='ocrx_word' id='word_1_70' title='bbox 166 897 460 951; x_wconf 75' lang='grc' dir='ltr'><strong>ἀποίσεται</strong></span> <span class='ocrx_word' id='word_1_71' title='bbox 506 897 567 951; x_wconf 77' lang='grc' dir='ltr'><strong>τὸ</strong></span> <span class='ocrx_word' id='word_1_72' title='bbox 633 897 941 969; x_wconf 74' lang='grc' dir='ltr'><strong>ἐξαίρετονο</strong></span> <span class='ocrx_word' id='word_1_73' title='bbox 991 901 1407 975; x_wconf 85' lang='grc' dir='ltr'><strong>διακεκλήσεται</strong></span> <span class='ocrx_word' id='word_1_74' title='bbox 1458 904 1566 976; x_wconf 79' lang='grc' dir='ltr'><strong>γὰρ</strong></span> <span class='ocrx_word' id='word_1_75' title='bbox 1626 900 1741 970; x_wconf 77' lang='grc' dir='ltr'><strong>υἱὸς</strong></span> 
     </span>
    </p>
   </div>
   <div class='ocr_carea' id='block_1_12' title="bbox 166 979 1742 1063">
    <p class='ocr_par' dir='ltr' id='par_1_12' title="bbox 166 979 1742 1063">
     <span class='ocr_line' id='line_1_12' title="bbox 166 979 1742 1063; baseline 0.005 -20"><span class='ocrx_word' id='word_1_76' title='bbox 166 988 325 1044; x_wconf 88' lang='grc' dir='ltr'><strong>Θεοῦ.</strong></span> <span class='ocrx_word' id='word_1_77' title='bbox 364 1008 384 1042; x_wconf 73' lang='grc' dir='ltr'><strong>ι</strong></span> <span class='ocrx_word' id='word_1_78' title='bbox 421 979 577 1044; x_wconf 78' lang='grc' dir='ltr'><strong>Ὅσοι</strong></span> <span class='ocrx_word' id='word_1_79' title='bbox 613 988 722 1062; x_wconf 76' lang='grc' dir='ltr'><strong>γὰρ</strong></span> <span class='ocrx_word' id='word_1_80' title='bbox 753 990 942 1045; x_wconf 77' lang='grc' dir='ltr'><strong>ἔλαϐον</strong></span> <span class='ocrx_word' id='word_1_81' title='bbox 980 993 1165 1061; x_wconf 77' lang='grc' dir='ltr'><strong>αὐτὸν,</strong></span> <span class='ocrx_word' id='word_1_82' title='bbox 1203 995 1399 1049; x_wconf 79' lang='grc' dir='ltr'><strong>ἔδωκεν</strong></span> <span class='ocrx_word' id='word_1_83' title='bbox 1438 991 1620 1061; x_wconf 74' lang='grc' dir='ltr'><strong>αὐτοῖς</strong></span> <span class='ocrx_word' id='word_1_84' title='bbox 1658 998 1742 1063; x_wconf 79' lang='grc' dir='ltr'><strong>ἐξ·</strong></span> 
     </span>
    </p>
   </div>
   <div class='ocr_carea' id='block_1_13' title="bbox 165 1076 1743 1152">
    <p class='ocr_par' dir='ltr' id='par_1_13' title="bbox 165 1076 1743 1152">
     <span class='ocr_line' id='line_1_13' title="bbox 165 1076 1743 1152; baseline 0.006 -19"><span class='ocrx_word' id='word_1_85' title='bbox 165 1079 358 1134; x_wconf 84' lang='grc' dir='ltr'><strong>ουσίαν</strong></span> <span class='ocrx_word' id='word_1_86' title='bbox 392 1076 559 1134; x_wconf 86' lang='grc' dir='ltr'><strong>τέκνα</strong></span> <span class='ocrx_word' id='word_1_87' title='bbox 587 1080 724 1134; x_wconf 83' lang='grc' dir='ltr'>Θεοῦ</span> <span class='ocrx_word' id='word_1_88' title='bbox 757 1082 1031 1151; x_wconf 82' lang='grc' dir='ltr'><strong>γενέσθαι,</strong></span> <span class='ocrx_word' id='word_1_89' title='bbox 1064 1088 1175 1149; x_wconf 86' lang='grc' dir='ltr'><strong>τοῖς</strong></span> <span class='ocrx_word' id='word_1_90' title='bbox 1202 1087 1546 1141; x_wconf 80' lang='grc' dir='ltr'><strong>πιστεύουσιν</strong></span> <span class='ocrx_word' id='word_1_91' title='bbox 1568 1090 1648 1152; x_wconf 87' lang='grc' dir='ltr'><strong>είς</strong></span> <span class='ocrx_word' id='word_1_92' title='bbox 1681 1090 1743 1142; x_wconf 82' lang='grc' dir='ltr'><strong>τὸ</strong></span> 
     </span>
    </p>
   </div>
   <div class='ocr_carea' id='block_1_14' title="bbox 165 1166 1742 1252">
    <p class='ocr_par' dir='ltr' id='par_1_14' title="bbox 165 1166 1742 1252">
     <span class='ocr_line' id='line_1_14' title="bbox 165 1166 1742 1252; baseline 0.007 -28"><span class='ocrx_word' id='word_1_93' title='bbox 165 1171 341 1241; x_wconf 72' lang='grc' dir='ltr'><strong>δνομα</strong></span> <span class='ocrx_word' id='word_1_94' title='bbox 368 1166 534 1227; x_wconf 81' lang='grc' dir='ltr'><strong>αὐτοῦ</strong></span> <span class='ocrx_word' id='word_1_95' title='bbox 558 1189 574 1205; x_wconf 77' lang='grc' dir='ltr'><strong><em>ο</em></strong></span> <span class='ocrx_word' id='word_1_96' title='bbox 602 1170 651 1226; x_wconf 75' lang='grc' dir='ltr'><strong>οἳ</strong></span> <span class='ocrx_word' id='word_1_97' title='bbox 685 1173 785 1228; x_wconf 79' lang='grc' dir='ltr'><strong>οὐκ</strong></span> <span class='ocrx_word' id='word_1_98' title='bbox 808 1175 866 1242; x_wconf 77' lang='grc' dir='ltr'><strong>ἐξ</strong></span> <span class='ocrx_word' id='word_1_99' title='bbox 893 1174 1158 1247; x_wconf 81' lang='grc' dir='ltr'><strong>αίμάτων,</strong></span> <span class='ocrx_word' id='word_1_100' title='bbox 1192 1179 1312 1232; x_wconf 77' lang='grc' dir='ltr'><strong>οὐδὲ</strong></span> <span class='ocrx_word' id='word_1_101' title='bbox 1348 1181 1411 1234; x_wconf 85' lang='grc' dir='ltr'><strong>ὲκ</strong></span> <span class='ocrx_word' id='word_1_102' title='bbox 1441 1180 1742 1252; x_wconf 82' lang='grc' dir='ltr'><strong>θελήματος</strong></span> 
     </span>
    </p>
   </div>
   <div class='ocr_carea' id='block_1_15' title="bbox 169 1260 1740 1340">
    <p class='ocr_par' dir='ltr' id='par_1_15' title="bbox 169 1260 1740 1340">
     <span class='ocr_line' id='line_1_15' title="bbox 169 1260 1740 1340; baseline 0.01 -28"><span class='ocrx_word' id='word_1_103' title='bbox 169 1260 393 1332; x_wconf 77' lang='grc' dir='ltr'><strong>σαρκὸς,</strong></span> <span class='ocrx_word' id='word_1_104' title='bbox 445 1260 567 1315; x_wconf 76' lang='grc' dir='ltr'><strong>οὐδὲ</strong></span> <span class='ocrx_word' id='word_1_105' title='bbox 609 1262 674 1317; x_wconf 78' lang='grc' dir='ltr'><strong>ἐκ</strong></span> <span class='ocrx_word' id='word_1_106' title='bbox 723 1263 1027 1336; x_wconf 82' lang='grc' dir='ltr'><strong>θελήματος</strong></span> <span class='ocrx_word' id='word_1_107' title='bbox 1076 1268 1286 1340; x_wconf 78' lang='grc' dir='ltr'><strong>ἀνδρὸς,</strong></span> <span class='ocrx_word' id='word_1_108' title='bbox 1343 1271 1456 1325; x_wconf 78' lang='grc' dir='ltr'><strong>ἀλλ’</strong></span> <span class='ocrx_word' id='word_1_109' title='bbox 1490 1268 1555 1327; x_wconf 78' lang='grc' dir='ltr'><strong>ἐκ</strong></span> <span class='ocrx_word' id='word_1_110' title='bbox 1606 1274 1740 1327; x_wconf 84' lang='grc' dir='ltr'><strong>Θεοῦ</strong></span> 
     </span>
    </p>
   </div>
   <div class='ocr_carea' id='block_1_16' title="bbox 169 1350 1740 1432">
    <p class='ocr_par' dir='ltr' id='par_1_16' title="bbox 169 1350 1740 1432">
     <span class='ocr_line' id='line_1_16' title="bbox 169 1350 1740 1432; baseline 0.011 -29"><span class='ocrx_word' id='word_1_111' title='bbox 169 1350 557 1423; x_wconf 70' lang='grc' dir='ltr'><strong>ἐγεννήθησαν.</strong></span> <span class='ocrx_word' id='word_1_112' title='bbox 595 1370 614 1404; x_wconf 80' lang='grc' dir='ltr'><strong>ι</strong></span> <span class='ocrx_word' id='word_1_113' title='bbox 655 1351 774 1408; x_wconf 83' lang='grc' dir='ltr'><strong>Ἵνα</strong></span> <span class='ocrx_word' id='word_1_114' title='bbox 804 1354 913 1426; x_wconf 81' lang='grc' dir='ltr'><strong>γὰρ</strong></span> <span class='ocrx_word' id='word_1_115' title='bbox 950 1357 1174 1430; x_wconf 85' lang='grc' dir='ltr'><strong>γένηται</strong></span> <span class='ocrx_word' id='word_1_116' title='bbox 1218 1360 1514 1432; x_wconf 80' lang='grc' dir='ltr'><strong>πρωτεύων</strong></span> <span class='ocrx_word' id='word_1_117' title='bbox 1544 1364 1603 1419; x_wconf 81' lang='grc' dir='ltr'><strong>ἐν</strong></span> <span class='ocrx_word' id='word_1_118' title='bbox 1633 1367 1740 1419; x_wconf 80' lang='grc' dir='ltr'><strong>πᾶ-</strong></span> 
     </span>
    </p>
   </div>
   <div class='ocr_carea' id='block_1_17' title="bbox 171 1441 1742 1525">
    <p class='ocr_par' dir='ltr' id='par_1_17' title="bbox 171 1441 1742 1525">
     <span class='ocr_line' id='line_1_17' title="bbox 171 1441 1742 1525; baseline 0.01 -31"><span class='ocrx_word' id='word_1_119' title='bbox 171 1457 258 1494; x_wconf 80' lang='grc' dir='ltr'><strong>σιν</strong></span> <span class='ocrx_word' id='word_1_120' title='bbox 290 1441 473 1507; x_wconf 78' lang='grc' dir='ltr'><strong>αὐτὸς,</strong></span> <span class='ocrx_word' id='word_1_121' title='bbox 528 1443 673 1498; x_wconf 76' lang='grc' dir='ltr'><strong>καθὰ</strong></span> <span class='ocrx_word' id='word_1_122' title='bbox 721 1444 1052 1516; x_wconf 85' lang='grc' dir='ltr'><strong>γέγραπται,</strong></span> <span class='ocrx_word' id='word_1_123' title='bbox 1100 1468 1119 1500; x_wconf 75' lang='grc' dir='ltr'><strong>ι</strong></span> <span class='ocrx_word' id='word_1_124' title='bbox 1165 1451 1488 1524; x_wconf 83' lang='grc' dir='ltr'><strong>γεγέννηται</strong></span> <span class='ocrx_word' id='word_1_125' title='bbox 1544 1454 1642 1525; x_wconf 82' lang='grc' dir='ltr'><strong>μὲν</strong></span> <span class='ocrx_word' id='word_1_126' title='bbox 1677 1457 1742 1510; x_wconf 79' lang='grc' dir='ltr'><strong>ἐκ</strong></span> 
     </span>
    </p>
   </div>
   <div class='ocr_carea' id='block_1_18' title="bbox 170 1531 515 1600">
    <p class='ocr_par' dir='ltr' id='par_1_18' title="bbox 170 1531 515 1600">
     <span class='ocr_line' id='line_1_18' title="bbox 170 1531 515 1600; baseline 0.003 -16"><span class='ocrx_word' id='word_1_127' title='bbox 170 1531 454 1600; x_wconf 73' lang='grc' dir='ltr'><strong>γυναικός.</strong></span> <span class='ocrx_word' id='word_1_128' title='bbox 495 1551 515 1585; x_wconf 78' lang='grc' dir='ltr'><strong>ι</strong></span> 
     </span>
    </p>
   </div>
   <div class='ocr_carea' id='block_1_19' title="bbox 241 1622 1734 1709">
    <p class='ocr_par' dir='ltr' id='par_1_19' title="bbox 241 1622 1734 1709">
     <span class='ocr_line' id='line_1_19' title="bbox 241 1622 1734 1709; baseline 0.012 -35"><span class='ocrx_word' id='word_1_129' title='bbox 241 1622 383 1689; x_wconf 68' lang='lat' dir='ltr'><strong>AC7.</strong></span> <span class='ocrx_word' id='word_1_130' title='bbox 424 1623 639 1696; x_wconf 82' lang='grc' dir='ltr'><strong>Ἐπειδὴ</strong></span> <span class='ocrx_word' id='word_1_131' title='bbox 673 1624 731 1678; x_wconf 92' lang='grc' dir='ltr'><strong>δέ</strong></span> <span class='ocrx_word' id='word_1_132' title='bbox 761 1628 910 1682; x_wconf 80' lang='grc' dir='ltr'><strong>ἐστιν</strong></span> <span class='ocrx_word' id='word_1_133' title='bbox 940 1629 1160 1702; x_wconf 80' lang='grc' dir='ltr'><strong>ἀπαρχὴ</strong></span> <span class='ocrx_word' id='word_1_134' title='bbox 1193 1632 1294 1703; x_wconf 84' lang='grc' dir='ltr'><strong>τῆς</strong></span> <span class='ocrx_word' id='word_1_135' title='bbox 1318 1634 1734 1709; x_wconf 80' lang='grc' dir='ltr'><strong>ἁναμορφουμέ-</strong></span> 
     </span>
    </p>
   </div>
   <div class='ocr_carea' id='block_1_20' title="bbox 168 1713 1740 1800">
    <p class='ocr_par' dir='ltr' id='par_1_20' title="bbox 168 1713 1740 1800">
     <span class='ocr_line' id='line_1_20' title="bbox 168 1713 1740 1800; baseline 0.013 -35"><span class='ocrx_word' id='word_1_136' title='bbox 168 1720 273 1783; x_wconf 74' lang='grc' dir='ltr'><strong>νης</strong></span> <span class='ocrx_word' id='word_1_137' title='bbox 299 1713 530 1778; x_wconf 77' lang='grc' dir='ltr'><strong>κτίσεως</strong></span> <span class='ocrx_word' id='word_1_138' title='bbox 549 1715 617 1769; x_wconf 82' lang='grc' dir='ltr'><strong>δι’</strong></span> <span class='ocrx_word' id='word_1_139' title='bbox 645 1717 918 1789; x_wconf 85' lang='grc' dir='ltr'><strong>ἀγιασμοῦ</strong></span> <span class='ocrx_word' id='word_1_140' title='bbox 943 1722 1081 1792; x_wconf 82' lang='grc' dir='ltr'><strong>πρὸς</strong></span> <span class='ocrx_word' id='word_1_141' title='bbox 1105 1723 1259 1790; x_wconf 83' lang='grc' dir='ltr'><strong>Θεὸν,</strong></span> <span class='ocrx_word' id='word_1_142' title='bbox 1289 1727 1384 1780; x_wconf 76' lang='grc' dir='ltr'><strong>καὶ</strong></span> <span class='ocrx_word' id='word_1_143' title='bbox 1412 1728 1519 1800; x_wconf 86' lang='grc' dir='ltr'><strong>πρό</strong></span> <span class='ocrx_word' id='word_1_144' title='bbox 1543 1745 1607 1798; x_wconf 92' lang='grc' dir='ltr'><strong>γε</strong></span> <span class='ocrx_word' id='word_1_145' title='bbox 1629 1730 1740 1785; x_wconf 87' lang='grc' dir='ltr'><strong>τῶν</strong></span> 
     </span>
    </p>
   </div>
   <div class='ocr_carea' id='block_1_21' title="bbox 168 1803 1741 1893">
    <p class='ocr_par' dir='ltr' id='par_1_21' title="bbox 168 1803 1741 1893">
     <span class='ocr_line' id='line_1_21' title="bbox 168 1803 1741 1893; baseline 0.013 -38"><span class='ocrx_word' id='word_1_146' title='bbox 168 1803 351 1857; x_wconf 72' lang='grc' dir='ltr'><strong>ἄλλων</strong></span> <span class='ocrx_word' id='word_1_147' title='bbox 383 1805 546 1871; x_wconf 79' lang='grc' dir='ltr'><strong>αὐτὸς</strong></span> <span class='ocrx_word' id='word_1_148' title='bbox 588 1809 843 1879; x_wconf 84' lang='grc' dir='ltr'><strong>γεννητὸς</strong></span> <span class='ocrx_word' id='word_1_149' title='bbox 887 1812 1101 1885; x_wconf 78' lang='grc' dir='ltr'><strong>ἐδείχθη</strong></span> <span class='ocrx_word' id='word_1_150' title='bbox 1161 1814 1227 1869; x_wconf 77' lang='grc' dir='ltr'><strong>ἐκ</strong></span> <span class='ocrx_word' id='word_1_151' title='bbox 1257 1817 1592 1890; x_wconf 86' lang='grc' dir='ltr'><strong>Πνεύματος,</strong></span> <span class='ocrx_word' id='word_1_152' title='bbox 1643 1821 1741 1893; x_wconf 79' lang='grc' dir='ltr'><strong>τὴν</strong></span> 
     </span>
    </p>
   </div>
   <div class='ocr_carea' id='block_1_22' title="bbox 165 1895 1742 1977">
    <p class='ocr_par' dir='ltr' id='par_1_22' title="bbox 165 1895 1742 1977">
     <span class='ocr_line' id='line_1_22' title="bbox 165 1895 1742 1977; baseline 0.013 -30"><span class='ocrx_word' id='word_1_153' title='bbox 165 1895 369 1967; x_wconf 71' lang='grc' dir='ltr'><strong>’ἀνδρός</strong></span> <span class='ocrx_word' id='word_1_154' title='bbox 397 1913 455 1949; x_wconf 89' lang='grc' dir='ltr'><strong>τε</strong></span> <span class='ocrx_word' id='word_1_155' title='bbox 488 1896 583 1951; x_wconf 75' lang='grc' dir='ltr'><strong>καὶ</strong></span> <span class='ocrx_word' id='word_1_156' title='bbox 627 1900 884 1967; x_wconf 76' lang='grc' dir='ltr'><strong>γυναικὸς</strong></span> <span class='ocrx_word' id='word_1_157' title='bbox 908 1903 970 1956; x_wconf 83' lang='grc' dir='ltr'><strong>οὐ</strong></span> <span class='ocrx_word' id='word_1_158' title='bbox 1011 1907 1319 1977; x_wconf 85' lang='grc' dir='ltr'><strong>περιμένων</strong></span> <span class='ocrx_word' id='word_1_159' title='bbox 1369 1911 1605 1975; x_wconf 83' lang='grc' dir='ltr'><strong>σύνοδον,</strong></span> <span class='ocrx_word' id='word_1_160' title='bbox 1648 1915 1742 1968; x_wconf 79' lang='grc' dir='ltr'><strong>καὶ</strong></span> 
     </span>
    </p>
   </div>
   <div class='ocr_carea' id='block_1_23' title="bbox 173 1985 1743 2076">
    <p class='ocr_par' dir='ltr' id='par_1_23' title="bbox 173 1985 1743 2076">
     <span class='ocr_line' id='line_1_23' title="bbox 173 1985 1743 2076; baseline 0.013 -38"><span class='ocrx_word' id='word_1_161' title='bbox 173 1985 276 2040; x_wconf 82' lang='grc' dir='ltr'><strong>οὐκ</strong></span> <span class='ocrx_word' id='word_1_162' title='bbox 308 1987 503 2059; x_wconf 78' lang='grc' dir='ltr'><strong>ἀτιμίᾳ</strong></span> <span class='ocrx_word' id='word_1_163' title='bbox 535 1989 630 2043; x_wconf 63' lang='grc' dir='ltr'><strong>καλ¹</strong></span> <span class='ocrx_word' id='word_1_164' title='bbox 661 1989 838 2063; x_wconf 85' lang='grc' dir='ltr'><strong>μὼμῳ</strong></span> <span class='ocrx_word' id='word_1_165' title='bbox 885 1995 1261 2061; x_wconf 73' lang='grc' dir='ltr'><strong>καταδικάζων</strong></span> <span class='ocrx_word' id='word_1_166' title='bbox 1301 2001 1399 2072; x_wconf 77' lang='grc' dir='ltr'><strong>τὴν</strong></span> <span class='ocrx_word' id='word_1_167' title='bbox 1434 2003 1597 2071; x_wconf 73' lang='grc' dir='ltr'><strong>φύσιν</strong></span> <span class='ocrx_word' id='word_1_168' title='bbox 1640 2006 1743 2076; x_wconf 86' lang='grc' dir='ltr'><strong>(τί-</strong></span> 
     </span>
    </p>
   </div>
   <div class='ocr_carea' id='block_1_24' title="bbox 176 2082 1744 2168">
    <p class='ocr_par' dir='ltr' id='par_1_24' title="bbox 176 2082 1744 2168">
     <span class='ocr_line' id='line_1_24' title="bbox 176 2082 1744 2168; baseline 0.013 -38"><span class='ocrx_word' id='word_1_169' title='bbox 176 2094 298 2168; x_wconf 86' lang='grc' dir='ltr'><strong>μιος</strong></span> <span class='ocrx_word' id='word_1_170' title='bbox 323 2082 432 2151; x_wconf 69' lang='grc' dir='ltr'><strong>γὰρ</strong></span> <span class='ocrx_word' id='word_1_171' title='bbox 451 2082 479 2134; x_wconf 89' lang='lat'><strong>6</strong></span> <span class='ocrx_word' id='word_1_172' title='bbox 506 2082 705 2151; x_wconf 85' lang='grc' dir='ltr'><strong>γάμος,</strong></span> <span class='ocrx_word' id='word_1_173' title='bbox 734 2084 829 2137; x_wconf 82' lang='grc' dir='ltr'><strong>καὶ</strong></span> <span class='ocrx_word' id='word_1_174' title='bbox 863 2102 882 2136; x_wconf 73' lang='grc' dir='ltr'><strong>ι</strong></span> <span class='ocrx_word' id='word_1_175' title='bbox 910 2086 938 2138; x_wconf 86' lang='grc' dir='ltr'><strong>ὁ</strong></span> <span class='ocrx_word' id='word_1_176' title='bbox 972 2087 1185 2152; x_wconf 81' lang='grc' dir='ltr'><strong>πλάσας</strong></span> <span class='ocrx_word' id='word_1_177' title='bbox 1221 2091 1315 2144; x_wconf 83' lang='grc' dir='ltr'><strong>ἀπ’</strong></span> <span class='ocrx_word' id='word_1_178' title='bbox 1343 2093 1539 2166; x_wconf 83' lang='grc' dir='ltr'><strong>ἀρχῆς,</strong></span> <span class='ocrx_word' id='word_1_179' title='bbox 1576 2095 1744 2168; x_wconf 85' lang='grc' dir='ltr'><strong>ἄρσεν</strong></span> 
     </span>
    </p>
   </div>
   <div class='ocr_carea' id='block_1_25' title="bbox 173 2167 1743 2253">
    <p class='ocr_par' dir='ltr' id='par_1_25' title="bbox 173 2167 1743 2253">
     <span class='ocr_line' id='line_1_25' title="bbox 173 2167 1743 2253; baseline 0.013 -32"><span class='ocrx_word' id='word_1_180' title='bbox 173 2167 271 2222; x_wconf 79' lang='grc' dir='ltr'><strong>και</strong></span> <span class='ocrx_word' id='word_1_181' title='bbox 306 2168 442 2239; x_wconf 82' lang='grc' dir='ltr'><strong>θῆλυ</strong></span> <span class='ocrx_word' id='word_1_182' title='bbox 495 2171 750 2241; x_wconf 72' lang='grc' dir='ltr'><strong>ἐποίησεν</strong></span> <span class='ocrx_word' id='word_1_183' title='bbox 781 2174 1023 2248; x_wconf 81' lang='grc' dir='ltr'><strong>αὐτοὺς),</strong></span> <span class='ocrx_word' id='word_1_184' title='bbox 1056 2177 1190 2249; x_wconf 80' lang='grc' dir='ltr'><strong>ἀλλὰ</strong></span> <span class='ocrx_word' id='word_1_185' title='bbox 1226 2181 1303 2252; x_wconf 80' lang='grc' dir='ltr'><strong>τῷ</strong></span> <span class='ocrx_word' id='word_1_186' title='bbox 1352 2184 1559 2253; x_wconf 74' lang='grc' dir='ltr'><strong>μείζονι</strong></span> <span class='ocrx_word' id='word_1_187' title='bbox 1590 2167 1621 2237; x_wconf 47' lang='lat' dir='ltr'><strong>p’</strong></span> <span class='ocrx_word' id='word_1_188' title='bbox 1650 2188 1743 2241; x_wconf 77' lang='grc' dir='ltr'><strong>και</strong></span> 
     </span>
    </p>
   </div>
   <div class='ocr_carea' id='block_1_26' title="bbox 166 2260 1745 2344">
    <p class='ocr_par' dir='ltr' id='par_1_26' title="bbox 166 2260 1745 2344">
     <span class='ocr_line' id='line_1_26' title="bbox 166 2260 1745 2344; baseline 0.013 -34"><span class='ocrx_word' id='word_1_189' title='bbox 166 2260 522 2330; x_wconf 80' lang='grc' dir='ltr'><strong>ἀσυγκρίτως</strong></span> <span class='ocrx_word' id='word_1_190' title='bbox 570 2261 951 2335; x_wconf 82' lang='grc' dir='ltr'><strong>ύπερκειμένῳ</strong></span> <span class='ocrx_word' id='word_1_191' title='bbox 1007 2268 1330 2341; x_wconf 83' lang='grc' dir='ltr'><strong>προσνέμων</strong></span> <span class='ocrx_word' id='word_1_192' title='bbox 1378 2273 1477 2344; x_wconf 72' lang='grc' dir='ltr'><strong>ἤδη</strong></span> <span class='ocrx_word' id='word_1_193' title='bbox 1529 2291 1645 2340; x_wconf 86' lang='grc' dir='ltr'><strong>πως</strong></span> <span class='ocrx_word' id='word_1_194' title='bbox 1675 2278 1745 2331; x_wconf 78' lang='grc' dir='ltr'><strong>τὰ</strong></span> 
     </span>
    </p>
   </div>
   <div class='ocr_carea' id='block_1_27' title="bbox 171 2346 1745 2434">
    <p class='ocr_par' dir='ltr' id='par_1_27' title="bbox 171 2346 1745 2434">
     <span class='ocr_line' id='line_1_27' title="bbox 171 2346 1745 2434; baseline 0.01 -33"><span class='ocrx_word' id='word_1_195' title='bbox 171 2346 523 2417; x_wconf 86' lang='grc' dir='ltr'><strong>ἀνθρώπινα·</strong></span> <span class='ocrx_word' id='word_1_196' title='bbox 559 2351 851 2420; x_wconf 80' lang='grc' dir='ltr'><strong>γεννητοὺς</strong></span> <span class='ocrx_word' id='word_1_197' title='bbox 888 2352 997 2424; x_wconf 80' lang='grc' dir='ltr'><strong>γὰρ</strong></span> <span class='ocrx_word' id='word_1_198' title='bbox 1031 2354 1364 2426; x_wconf 86' lang='grc' dir='ltr'><strong>Πνεύματος,</strong></span> <span class='ocrx_word' id='word_1_199' title='bbox 1397 2359 1496 2412; x_wconf 78' lang='grc' dir='ltr'><strong>οὐκ</strong></span> <span class='ocrx_word' id='word_1_200' title='bbox 1534 2361 1745 2434; x_wconf 83' lang='grc' dir='ltr'><strong>ἀνδρῶν</strong></span> 
     </span>
    </p>
   </div>
   <div class='ocr_carea' id='block_1_28' title="bbox 171 2436 1743 2522">
    <p class='ocr_par' dir='ltr' id='par_1_28' title="bbox 171 2436 1743 2522">
     <span class='ocr_line' id='line_1_28' title="bbox 171 2436 1743 2522; baseline 0.012 -35"><span class='ocrx_word' id='word_1_201' title='bbox 171 2438 322 2509; x_wconf 76' lang='grc' dir='ltr'><strong>ημᾶς</strong></span> <span class='ocrx_word' id='word_1_202' title='bbox 364 2436 446 2491; x_wconf 74' lang='grc' dir='ltr'><strong>ἔτι</strong></span> <span class='ocrx_word' id='word_1_203' title='bbox 493 2439 852 2509; x_wconf 73' lang='grc' dir='ltr'><strong>χρηματίζειν</strong></span> <span class='ocrx_word' id='word_1_204' title='bbox 894 2442 1071 2513; x_wconf 69' lang='grc' dir='ltr'><strong>ἤθελε.</strong></span> <span class='ocrx_word' id='word_1_205' title='bbox 1106 2446 1216 2499; x_wconf 76' lang='grc' dir='ltr'><strong>Καὶ</strong></span> <span class='ocrx_word' id='word_1_206' title='bbox 1254 2446 1403 2514; x_wconf 81' lang='grc' dir='ltr'><strong>γοῦν,</strong></span> <span class='ocrx_word' id='word_1_207' title='bbox 1452 2466 1470 2500; x_wconf 81' lang='lat' dir='ltr'><strong>r</strong></span> <span class='ocrx_word' id='word_1_208' title='bbox 1502 2450 1743 2522; x_wconf 72' lang='grc' dir='ltr'><strong>Πατέρα,</strong></span> 
     </span>
    </p>
   </div>
   <div class='ocr_carea' id='block_1_29' title="bbox 171 2527 1748 2612">
    <p class='ocr_par' dir='ltr' id='par_1_29' title="bbox 171 2527 1748 2612">
     <span class='ocr_line' id='line_1_29' title="bbox 171 2527 1748 2612; baseline 0.011 -33"><span class='ocrx_word' id='word_1_209' title='bbox 171 2528 333 2599; x_wconf 66' lang='grc' dir='ltr'><strong>φησι,</strong></span> <span class='ocrx_word' id='word_1_210' title='bbox 364 2527 440 2601; x_wconf 78' lang='grc' dir='ltr'><strong>μὴ</strong></span> <span class='ocrx_word' id='word_1_211' title='bbox 463 2528 728 2599; x_wconf 86' lang='grc' dir='ltr'><strong>καλέσητε</strong></span> <span class='ocrx_word' id='word_1_212' title='bbox 755 2531 909 2603; x_wconf 82' lang='grc' dir='ltr'><strong>ὑμῶν</strong></span> <span class='ocrx_word' id='word_1_213' title='bbox 938 2533 1032 2588; x_wconf 77' lang='grc' dir='ltr'><strong>ἐπὶ</strong></span> <span class='ocrx_word' id='word_1_214' title='bbox 1068 2534 1169 2605; x_wconf 75' lang='grc' dir='ltr'><strong>τῆς</strong></span> <span class='ocrx_word' id='word_1_215' title='bbox 1207 2534 1337 2608; x_wconf 79' lang='grc' dir='ltr'><strong>γῆς’</strong></span> <span class='ocrx_word' id='word_1_216' title='bbox 1370 2533 1452 2603; x_wconf 74' lang='grc' dir='ltr'><strong>εἷς</strong></span> <span class='ocrx_word' id='word_1_217' title='bbox 1472 2541 1576 2612; x_wconf 86' lang='grc' dir='ltr'><strong>γάρ</strong></span> <span class='ocrx_word' id='word_1_218' title='bbox 1600 2544 1748 2596; x_wconf 75' lang='grc' dir='ltr'><strong>ἐστιν</strong></span> 
     </span>
    </p>
   </div>
   <div class='ocr_carea' id='block_1_30' title="bbox 179 2616 1747 2700">
    <p class='ocr_par' dir='ltr' id='par_1_30' title="bbox 179 2616 1747 2700">
     <span class='ocr_line' id='line_1_30' title="bbox 179 2616 1747 2700; baseline 0.01 -31"><span class='ocrx_word' id='word_1_219' title='bbox 179 2619 214 2670; x_wconf 83' lang='lat'><strong>6</strong></span> <span class='ocrx_word' id='word_1_220' title='bbox 236 2616 423 2689; x_wconf 73' lang='grc' dir='ltr'><strong>Πατὴρ</strong></span> <span class='ocrx_word' id='word_1_221' title='bbox 465 2618 621 2689; x_wconf 81' lang='grc' dir='ltr'><strong>ὑμῶν</strong></span> <span class='ocrx_word' id='word_1_222' title='bbox 644 2621 675 2671; x_wconf 91' lang='lat'><strong>6</strong></span> <span class='ocrx_word' id='word_1_223' title='bbox 704 2620 972 2692; x_wconf 80' lang='grc' dir='ltr'><strong>οὐράνιος,</strong></span> <span class='ocrx_word' id='word_1_224' title='bbox 1006 2623 1206 2688; x_wconf 83' lang='grc' dir='ltr'><strong>πάντες</strong></span> <span class='ocrx_word' id='word_1_225' title='bbox 1246 2626 1303 2680; x_wconf 81' lang='grc' dir='ltr'><strong>δὲ</strong></span> <span class='ocrx_word' id='word_1_226' title='bbox 1337 2628 1491 2698; x_wconf 82' lang='grc' dir='ltr'><strong>ὑμεῖς</strong></span> <span class='ocrx_word' id='word_1_227' title='bbox 1534 2631 1747 2700; x_wconf 78' lang='grc' dir='ltr'><strong>ἀδελφοί</strong></span> 
     </span>
    </p>
   </div>
   <div class='ocr_carea' id='block_1_31' title="bbox 178 2709 1749 2787">
    <p class='ocr_par' dir='ltr' id='par_1_31' title="bbox 178 2709 1749 2787">
     <span class='ocr_line' id='line_1_31' title="bbox 178 2709 1749 2787; baseline 0.01 -26"><span class='ocrx_word' id='word_1_228' title='bbox 178 2710 328 2762; x_wconf 76' lang='grc' dir='ltr'><strong>ἐστε.</strong></span> <span class='ocrx_word' id='word_1_229' title='bbox 362 2726 382 2760; x_wconf 75' lang='grc' dir='ltr'><strong>ι</strong></span> <span class='ocrx_word' id='word_1_230' title='bbox 418 2709 628 2763; x_wconf 84' lang='grc' dir='ltr'><strong>Οὐκοῦν</strong></span> <span class='ocrx_word' id='word_1_231' title='bbox 655 2710 955 2783; x_wconf 83' lang='grc' dir='ltr'><strong>ἀμώμητον</strong></span> <span class='ocrx_word' id='word_1_232' title='bbox 986 2716 1263 2780; x_wconf 81' lang='grc' dir='ltr'><strong>παντελῶς</strong></span> <span class='ocrx_word' id='word_1_233' title='bbox 1284 2717 1344 2771; x_wconf 83' lang='grc' dir='ltr'><strong>τὸ</strong></span> <span class='ocrx_word' id='word_1_234' title='bbox 1368 2721 1642 2775; x_wconf 78' lang='grc' dir='ltr'><strong>πιστεύειν</strong></span> <span class='ocrx_word' id='word_1_235' title='bbox 1668 2725 1749 2787; x_wconf 82' lang='grc' dir='ltr'><strong>εἰς</strong></span> 
     </span>
    </p>
   </div>
   <div class='ocr_carea' id='block_1_32' title="bbox 183 2801 1750 2886">
    <p class='ocr_par' dir='ltr' id='par_1_32' title="bbox 183 2801 1750 2886">
     <span class='ocr_line' id='line_1_32' title="bbox 183 2801 1750 2886; baseline 0.008 -30"><span class='ocrx_word' id='word_1_236' title='bbox 183 2801 367 2869; x_wconf 76' lang='grc' dir='ltr'><strong>αὑτὸν,</strong></span> <span class='ocrx_word' id='word_1_237' title='bbox 411 2803 612 2873; x_wconf 79' lang='grc' dir='ltr'><strong>μᾶλλον</strong></span> <span class='ocrx_word' id='word_1_238' title='bbox 638 2804 694 2858; x_wconf 78' lang='grc' dir='ltr'><strong>δὲ</strong></span> <span class='ocrx_word' id='word_1_239' title='bbox 720 2806 814 2859; x_wconf 79' lang='grc' dir='ltr'><strong>καὶ</strong></span> <span class='ocrx_word' id='word_1_240' title='bbox 844 2809 910 2877; x_wconf 74' lang='grc' dir='ltr'><strong>τῇ</strong></span> <span class='ocrx_word' id='word_1_241' title='bbox 934 2806 1044 2861; x_wconf 84' lang='grc' dir='ltr'><strong>τῶν</strong></span> <span class='ocrx_word' id='word_1_242' title='bbox 1066 2804 1551 2882; x_wconf 77' lang='grc' dir='ltr'><strong>πλημμελημάτων</strong></span> <span class='ocrx_word' id='word_1_243' title='bbox 1574 2815 1750 2886; x_wconf 84' lang='grc' dir='ltr'><strong>ἀμνη-</strong></span> 
     </span>
    </p>
   </div>
   <div class='ocr_carea' id='block_1_33' title="bbox 1840 452 3414 522">
    <p class='ocr_par' dir='ltr' id='par_1_33' title="bbox 1840 452 3414 522">
     <span class='ocr_line' id='line_1_33' title="bbox 1840 452 3414 522; baseline -0.001 -17"><span class='ocrx_word' id='word_1_244' title='bbox 1840 458 1943 515; x_wconf 86' lang='lat' dir='ltr'><strong>est,</strong></span> <span class='ocrx_word' id='word_1_245' title='bbox 1999 467 2135 506; x_wconf 89' lang='lat' dir='ltr'><strong>unus</strong></span> <span class='ocrx_word' id='word_1_246' title='bbox 2178 452 2282 515; x_wconf 89' lang='lat' dir='ltr'><strong>ille,</strong></span> <span class='ocrx_word' id='word_1_247' title='bbox 2332 452 2421 522; x_wconf 88' lang='lat' dir='ltr'><strong>qui</strong></span> <span class='ocrx_word' id='word_1_248' title='bbox 2478 452 2835 521; x_wconf 76' lang='lat' dir='ltr'><strong>inexplicabili</strong></span> <span class='ocrx_word' id='word_1_249' title='bbox 2882 454 3040 508; x_wconf 90' lang='lat' dir='ltr'><strong>modo</strong></span> <span class='ocrx_word' id='word_1_250' title='bbox 3086 463 3210 507; x_wconf 90' lang='lat' dir='ltr'><strong>ante</strong></span> <span class='ocrx_word' id='word_1_251' title='bbox 3252 464 3414 504; x_wconf 84' lang='lat' dir='ltr'><strong>omne</strong></span> 
     </span>
    </p>
   </div>
   <div class='ocr_carea' id='block_1_34' title="bbox 1840 540 3410 611">
    <p class='ocr_par' dir='ltr' id='par_1_34' title="bbox 1840 540 3410 611">
     <span class='ocr_line' id='line_1_34' title="bbox 1840 540 3410 611; baseline 0.001 -18"><span class='ocrx_word' id='word_1_252' title='bbox 1840 555 2010 595; x_wconf 57' lang='lat' dir='ltr'><strong>arvum</strong></span> <span class='ocrx_word' id='word_1_253' title='bbox 2042 556 2105 596; x_wconf 80' lang='lat' dir='ltr'><strong>ex</strong></span> <span class='ocrx_word' id='word_1_254' title='bbox 2134 540 2243 596; x_wconf 89' lang='lat' dir='ltr'><strong>Deo</strong></span> <span class='ocrx_word' id='word_1_255' title='bbox 2275 540 2433 595; x_wconf 92' lang='lat' dir='ltr'><strong>Patre</strong></span> <span class='ocrx_word' id='word_1_256' title='bbox 2460 542 2693 611; x_wconf 81' lang='lat' dir='ltr'><strong>genitus,</strong></span> <span class='ocrx_word' id='word_1_257' title='bbox 2723 544 2909 598; x_wconf 80' lang='lat' dir='ltr'><strong>ultimo</strong></span> <span class='ocrx_word' id='word_1_258' title='bbox 2942 543 3042 597; x_wconf 90' lang='lat' dir='ltr'><strong>hoc</strong></span> <span class='ocrx_word' id='word_1_259' title='bbox 3071 553 3124 596; x_wconf 87' lang='lat' dir='ltr'><strong>et</strong></span> <span class='ocrx_word' id='word_1_260' title='bbox 3153 541 3218 594; x_wconf 89' lang='lat' dir='ltr'><strong>ad</strong></span> <span class='ocrx_word' id='word_1_261' title='bbox 3252 541 3410 594; x_wconf 88' lang='lat' dir='ltr'><strong>tinem</strong></span> 
     </span>
    </p>
   </div>
   <div class='ocr_carea' id='block_1_35' title="bbox 1835 617 3415 703">
    <p class='ocr_par' dir='ltr' id='par_1_35' title="bbox 1835 617 3415 703">
     <span class='ocr_line' id='line_1_35' title="bbox 1835 617 3415 703; baseline 0.001 -20"><span class='ocrx_word' id='word_1_262' title='bbox 1835 629 1945 699; x_wconf 84' lang='lat' dir='ltr'><strong>jam</strong></span> <span class='ocrx_word' id='word_1_263' title='bbox 1975 631 2293 686; x_wconf 89' lang='lat' dir='ltr'><strong>decurrentc</strong></span> <span class='ocrx_word' id='word_1_264' title='bbox 2322 617 2503 686; x_wconf 47' lang='lat' dir='ltr'><strong>saeculi</strong></span> <span class='ocrx_word' id='word_1_265' title='bbox 2538 639 2775 698; x_wconf 86' lang='lat' dir='ltr'><strong>tempore</strong></span> <span class='ocrx_word' id='word_1_266' title='bbox 2820 632 3174 703; x_wconf 75' lang='lat' dir='ltr'><strong>corporaliter</strong></span> <span class='ocrx_word' id='word_1_267' title='bbox 3202 646 3415 701; x_wconf 89' lang='lat' dir='ltr'><strong>quoque</strong></span> 
     </span>
    </p>
   </div>
   <div class='ocr_carea' id='block_1_36' title="bbox 1841 720 3412 793">
    <p class='ocr_par' dir='ltr' id='par_1_36' title="bbox 1841 720 3412 793">
     <span class='ocr_line' id='line_1_36' title="bbox 1841 720 3412 793; baseline -0.001 -19"><span class='ocrx_word' id='word_1_268' title='bbox 1841 737 1906 776; x_wconf 80' lang='lat' dir='ltr'><strong>ex</strong></span> <span class='ocrx_word' id='word_1_269' title='bbox 1955 720 2177 779; x_wconf 84' lang='lat' dir='ltr'><strong>muliere</strong></span> <span class='ocrx_word' id='word_1_270' title='bbox 2233 732 2390 778; x_wconf 89' lang='lat' dir='ltr'><strong>natus</strong></span> <span class='ocrx_word' id='word_1_271' title='bbox 2441 722 2567 777; x_wconf 86' lang='lat' dir='ltr'><strong>est?</strong></span> <span class='ocrx_word' id='word_1_272' title='bbox 2611 722 2760 777; x_wconf 88' lang='lat' dir='ltr'><strong>Unde</strong></span> <span class='ocrx_word' id='word_1_273' title='bbox 2820 725 2911 793; x_wconf 85' lang='lat' dir='ltr'><strong>qui</strong></span> <span class='ocrx_word' id='word_1_274' title='bbox 2971 724 3125 777; x_wconf 69' lang='lat' dir='ltr'><strong>tidem</strong></span> <span class='ocrx_word' id='word_1_275' title='bbox 3158 724 3209 777; x_wconf 93' lang='lat' dir='ltr'><strong>in</strong></span> <span class='ocrx_word' id='word_1_276' title='bbox 3240 723 3412 792; x_wconf 88' lang='lat' dir='ltr'><strong>ipsum</strong></span> 
     </span>
    </p>
   </div>
   <div class='ocr_carea' id='block_1_37' title="bbox 1841 811 3412 882">
    <p class='ocr_par' dir='ltr' id='par_1_37' title="bbox 1841 811 3412 882">
     <span class='ocr_line' id='line_1_37' title="bbox 1841 811 3412 882; baseline -0.001 -16"><span class='ocrx_word' id='word_1_277' title='bbox 1841 811 2152 882; x_wconf 80' lang='lat' dir='ltr'><strong>complexus</strong></span> <span class='ocrx_word' id='word_1_278' title='bbox 2180 814 2359 882; x_wconf 80' lang='lat' dir='ltr'><strong>fuerit,</strong></span> <span class='ocrx_word' id='word_1_279' title='bbox 2390 815 2640 875; x_wconf 78' lang='lat' dir='ltr'><strong>eximiam</strong></span> <span class='ocrx_word' id='word_1_280' title='bbox 2668 815 2790 869; x_wconf 88' lang='lat' dir='ltr'><strong>inde</strong></span> <span class='ocrx_word' id='word_1_281' title='bbox 2826 814 3123 868; x_wconf 80' lang='lat' dir='ltr'><strong>mercedem</strong></span> <span class='ocrx_word' id='word_1_282' title='bbox 3154 813 3412 881; x_wconf 73' lang='lat' dir='ltr'><strong>gloriam-</strong></span> 
     </span>
    </p>
   </div>
   <div class='ocr_carea' id='block_1_38' title="bbox 1842 888 3416 974">
    <p class='ocr_par' dir='ltr' id='par_1_38' title="bbox 1842 888 3416 974">
     <span class='ocr_line' id='line_1_38' title="bbox 1842 888 3416 974; baseline -0.003 -17"><span class='ocrx_word' id='word_1_283' title='bbox 1842 919 1946 973; x_wconf 85' lang='lat' dir='ltr'><strong>que</strong></span> <span class='ocrx_word' id='word_1_284' title='bbox 1987 904 2278 974; x_wconf 85' lang='lat' dir='ltr'><strong>reportabit</strong></span> <span class='ocrx_word' id='word_1_285' title='bbox 2310 920 2324 957; x_wconf 87' lang='lat'><strong>:</strong></span> <span class='ocrx_word' id='word_1_286' title='bbox 2359 905 2636 960; x_wconf 86' lang='lat' dir='ltr'><strong>vocabitur</strong></span> <span class='ocrx_word' id='word_1_287' title='bbox 2680 919 2909 972; x_wconf 86' lang='lat' dir='ltr'><strong>namque</strong></span> <span class='ocrx_word' id='word_1_288' title='bbox 2952 902 3117 956; x_wconf 88' lang='lat' dir='ltr'><strong>Filius</strong></span> <span class='ocrx_word' id='word_1_289' title='bbox 3147 888 3264 957; x_wconf 43' lang='lat' dir='ltr'><strong>Dei;</strong></span> <span class='ocrx_word' id='word_1_290' title='bbox 3322 898 3416 955; x_wconf 64' lang='lat' dir='ltr'><strong>Est</strong></span> 
     </span>
    </p>
   </div>
   <div class='ocr_carea' id='block_1_39' title="bbox 1842 990 3415 1065">
    <p class='ocr_par' dir='ltr' id='par_1_39' title="bbox 1842 990 3415 1065">
     <span class='ocr_line' id='line_1_39' title="bbox 1842 990 3415 1065; baseline -0.003 -17"><span class='ocrx_word' id='word_1_291' title='bbox 1842 990 1983 1049; x_wconf 87' lang='lat' dir='ltr'><strong>enim</strong></span> <span class='ocrx_word' id='word_1_292' title='bbox 2011 990 2148 1065; x_wconf 84' lang='lat' dir='ltr'><strong>apud</strong></span> <span class='ocrx_word' id='word_1_293' title='bbox 2176 991 2421 1051; x_wconf 73' lang='lat' dir='ltr'><strong>sanctum</strong></span> <span class='ocrx_word' id='word_1_294' title='bbox 2451 992 2712 1052; x_wconf 83' lang='lat' dir='ltr'><strong>Joannem</strong></span> <span class='ocrx_word' id='word_1_295' title='bbox 2748 1012 2763 1050; x_wconf 83' lang='lat'><strong>:</strong></span> <span class='ocrx_word' id='word_1_296' title='bbox 2799 1013 2816 1045; x_wconf 85' lang='lat' dir='ltr'><strong>r</strong></span> <span class='ocrx_word' id='word_1_297' title='bbox 2850 993 3119 1062; x_wconf 89' lang='lat' dir='ltr'><strong>Quotquot</strong></span> <span class='ocrx_word' id='word_1_298' title='bbox 3145 995 3286 1046; x_wconf 91' lang='lat' dir='ltr'><strong>enim</strong></span> <span class='ocrx_word' id='word_1_299' title='bbox 3331 1006 3415 1044; x_wconf 90' lang='lat' dir='ltr'><strong>re-</strong></span> 
     </span>
    </p>
   </div>
   <div class='ocr_carea' id='block_1_40' title="bbox 1842 1083 3413 1157">
    <p class='ocr_par' dir='ltr' id='par_1_40' title="bbox 1842 1083 3413 1157">
     <span class='ocr_line' id='line_1_40' title="bbox 1842 1083 3413 1157; baseline -0.006 -15"><span class='ocrx_word' id='word_1_300' title='bbox 1842 1097 2101 1157; x_wconf 74' lang='lat' dir='ltr'><strong>ceperunt</strong></span> <span class='ocrx_word' id='word_1_301' title='bbox 2129 1086 2299 1156; x_wconf 88' lang='lat' dir='ltr'><strong>illum,</strong></span> <span class='ocrx_word' id='word_1_302' title='bbox 2330 1089 2479 1142; x_wconf 81' lang='lat' dir='ltr'><strong>dedit</strong></span> <span class='ocrx_word' id='word_1_303' title='bbox 2511 1089 2616 1143; x_wconf 89' lang='lat' dir='ltr'><strong>illis</strong></span> <span class='ocrx_word' id='word_1_304' title='bbox 2649 1096 2966 1157; x_wconf 87' lang='lat' dir='ltr'><strong>potestatem</strong></span> <span class='ocrx_word' id='word_1_305' title='bbox 3000 1085 3135 1138; x_wconf 87' lang='lat' dir='ltr'><strong>tilios</strong></span> <span class='ocrx_word' id='word_1_306' title='bbox 3164 1084 3252 1136; x_wconf 83' lang='lat' dir='ltr'><strong>Dei</strong></span> <span class='ocrx_word' id='word_1_307' title='bbox 3279 1083 3413 1144; x_wconf 70' lang='lat' dir='ltr'><strong>fieri,</strong></span> 
     </span>
    </p>
   </div>
   <div class='ocr_carea' id='block_1_41' title="bbox 1843 1177 3417 1249">
    <p class='ocr_par' dir='ltr' id='par_1_41' title="bbox 1843 1177 3417 1249">
     <span class='ocr_line' id='line_1_41' title="bbox 1843 1177 3417 1249; baseline -0.006 -15"><span class='ocrx_word' id='word_1_308' title='bbox 1843 1180 1924 1234; x_wconf 85' lang='lat' dir='ltr'><strong>his</strong></span> <span class='ocrx_word' id='word_1_309' title='bbox 1961 1177 2051 1249; x_wconf 79' lang='lat' dir='ltr'><strong>‘qui</strong></span> <span class='ocrx_word' id='word_1_310' title='bbox 2091 1181 2320 1235; x_wconf 86' lang='lat' dir='ltr'><strong>&#39;credunt</strong></span> <span class='ocrx_word' id='word_1_311' title='bbox 2360 1184 2413 1235; x_wconf 91' lang='lat' dir='ltr'><strong>in</strong></span> <span class='ocrx_word' id='word_1_312' title='bbox 2448 1181 2661 1236; x_wconf 88' lang='lat' dir='ltr'><strong>nomine</strong></span> <span class='ocrx_word' id='word_1_313' title='bbox 2714 1183 2870 1247; x_wconf 83' lang='lat' dir='ltr'><strong>ejus;</strong></span> <span class='ocrx_word' id='word_1_314' title='bbox 2909 1177 2997 1244; x_wconf 85' lang='lat' dir='ltr'><strong>qui</strong></span> <span class='ocrx_word' id='word_1_315' title='bbox 3043 1192 3145 1229; x_wconf 91' lang='lat' dir='ltr'><strong>nou</strong></span> <span class='ocrx_word' id='word_1_316' title='bbox 3179 1191 3243 1229; x_wconf 76' lang='lat' dir='ltr'><strong>ex</strong></span> <span class='ocrx_word' id='word_1_317' title='bbox 3293 1190 3417 1229; x_wconf 90' lang='lat' dir='ltr'><strong>san-</strong></span> 
     </span>
    </p>
   </div>
   <div class='ocr_carea' id='block_1_42' title="bbox 1842 1270 3417 1343">
    <p class='ocr_par' dir='ltr' id='par_1_42' title="bbox 1842 1270 3417 1343">
     <span class='ocr_line' id='line_1_42' title="bbox 1842 1270 3417 1343; baseline -0.003 -21"><span class='ocrx_word' id='word_1_318' title='bbox 1842 1273 2112 1343; x_wconf 76' lang='lat' dir='ltr'><strong>guiuihus,</strong></span> <span class='ocrx_word' id='word_1_319' title='bbox 2154 1281 2325 1342; x_wconf 84' lang='lat' dir='ltr'><strong>neque</strong></span> <span class='ocrx_word' id='word_1_320' title='bbox 2352 1290 2415 1328; x_wconf 74' lang='lat' dir='ltr'><strong>ex</strong></span> <span class='ocrx_word' id='word_1_321' title='bbox 2456 1273 2728 1327; x_wconf 76' lang='lat' dir='ltr'><strong>voluntate</strong></span> <span class='ocrx_word' id='word_1_322' title='bbox 2773 1270 2969 1335; x_wconf 90' lang='lat' dir='ltr'><strong>carnis,</strong></span> <span class='ocrx_word' id='word_1_323' title='bbox 3028 1282 3199 1339; x_wconf 82' lang='lat' dir='ltr'><strong>neque</strong></span> <span class='ocrx_word' id='word_1_324' title='bbox 3227 1282 3290 1320; x_wconf 77' lang='lat' dir='ltr'><strong>cx</strong></span> <span class='ocrx_word' id='word_1_325' title='bbox 3323 1281 3417 1318; x_wconf 87' lang='lat' dir='ltr'><strong>vo-</strong></span> 
     </span>
    </p>
   </div>
   <div class='ocr_carea' id='block_1_43' title="bbox 1842 1359 3417 1429">
    <p class='ocr_par' dir='ltr' id='par_1_43' title="bbox 1842 1359 3417 1429">
     <span class='ocr_line' id='line_1_43' title="bbox 1842 1359 3417 1429; baseline -0.003 -13"><span class='ocrx_word' id='word_1_326' title='bbox 1842 1362 2049 1418; x_wconf 87' lang='lat' dir='ltr'><strong>luntate</strong></span> <span class='ocrx_word' id='word_1_327' title='bbox 2078 1365 2197 1429; x_wconf 81' lang='lat' dir='ltr'><strong>viri,</strong></span> <span class='ocrx_word' id='word_1_328' title='bbox 2225 1367 2315 1419; x_wconf 83' lang='lat' dir='ltr'><strong>sed</strong></span> <span class='ocrx_word' id='word_1_329' title='bbox 2344 1381 2407 1418; x_wconf 79' lang='lat' dir='ltr'><strong>ex</strong></span> <span class='ocrx_word' id='word_1_330' title='bbox 2443 1359 2549 1418; x_wconf 78' lang='lat' dir='ltr'><strong>Deo</strong></span> <span class='ocrx_word' id='word_1_331' title='bbox 2576 1365 2682 1417; x_wconf 91' lang='lat' dir='ltr'><strong>nati</strong></span> <span class='ocrx_word' id='word_1_332' title='bbox 2707 1363 2912 1418; x_wconf 78' lang='lat' dir='ltr'><strong>sunt&quot;.</strong></span> <span class='ocrx_word' id='word_1_333' title='bbox 2955 1381 2973 1413; x_wconf 77' lang='grc' dir='ltr'><strong>ι</strong></span> <span class='ocrx_word' id='word_1_334' title='bbox 3010 1360 3139 1414; x_wconf 82' lang='lat' dir='ltr'><strong>Nam</strong></span> <span class='ocrx_word' id='word_1_335' title='bbox 3171 1374 3277 1428; x_wconf 90' lang='lat' dir='ltr'><strong>quo</strong></span> <span class='ocrx_word' id='word_1_336' title='bbox 3306 1359 3417 1428; x_wconf 77' lang='lat' dir='ltr'><strong>ipso</strong></span> 
     </span>
    </p>
   </div>
   <div class='ocr_carea' id='block_1_44' title="bbox 1842 1449 3416 1520">
    <p class='ocr_par' dir='ltr' id='par_1_44' title="bbox 1842 1449 3416 1520">
     <span class='ocr_line' id='line_1_44' title="bbox 1842 1449 3416 1520; baseline 0.001 -17"><span class='ocrx_word' id='word_1_337' title='bbox 1842 1451 2129 1520; x_wconf 87' lang='lat' dir='ltr'><strong>primatqu</strong></span> <span class='ocrx_word' id='word_1_338' title='bbox 2162 1453 2212 1505; x_wconf 91' lang='lat' dir='ltr'><strong>in</strong></span> <span class='ocrx_word' id='word_1_339' title='bbox 2242 1467 2428 1505; x_wconf 87' lang='lat' dir='ltr'><strong>omnes</strong></span> <span class='ocrx_word' id='word_1_340' title='bbox 2456 1454 2745 1514; x_wconf 80' lang='lat' dir='ltr'><strong>obtineret,</strong></span> <span class='ocrx_word' id='word_1_341' title='bbox 2768 1463 2823 1505; x_wconf 88' lang='lat' dir='ltr'><strong>ut</strong></span> <span class='ocrx_word' id='word_1_342' title='bbox 2849 1452 3105 1520; x_wconf 86' lang='lat' dir='ltr'><strong>scriptum</strong></span> <span class='ocrx_word' id='word_1_343' title='bbox 3127 1449 3317 1515; x_wconf 71' lang='lat' dir='ltr'><strong>est&quot;,r</strong></span> <span class='ocrx_word' id='word_1_344' title='bbox 3352 1462 3416 1501; x_wconf 76' lang='lat' dir='ltr'><strong>ex</strong></span> 
     </span>
    </p>
   </div>
   <div class='ocr_carea' id='block_1_45' title="bbox 1843 1539 2609 1594">
    <p class='ocr_par' dir='ltr' id='par_1_45' title="bbox 1843 1539 2609 1594">
     <span class='ocr_line' id='line_1_45' title="bbox 1843 1539 2609 1594; baseline -0.003 -2"><span class='ocrx_word' id='word_1_345' title='bbox 1843 1539 2065 1592; x_wconf 84' lang='lat' dir='ltr'><strong>muliere</strong></span> <span class='ocrx_word' id='word_1_346' title='bbox 2095 1540 2239 1593; x_wconf 87' lang='lat' dir='ltr'><strong>nasci</strong></span> <span class='ocrx_word' id='word_1_347' title='bbox 2282 1540 2445 1593; x_wconf 83' lang='lat' dir='ltr'><strong>voluit</strong></span> <span class='ocrx_word' id='word_1_348' title='bbox 2475 1541 2540 1594; x_wconf 82' lang='lat'><strong>&quot;.</strong></span> <span class='ocrx_word' id='word_1_349' title='bbox 2592 1559 2609 1590; x_wconf 76' lang='grc' dir='ltr'><strong>ι</strong></span> 
     </span>
    </p>
   </div>
   <div class='ocr_carea' id='block_1_46' title="bbox 1914 1626 3415 1699">
    <p class='ocr_par' dir='ltr' id='par_1_46' title="bbox 1914 1626 3415 1699">
     <span class='ocr_line' id='line_1_46' title="bbox 1914 1626 3415 1699; baseline -0.001 -18"><span class='ocrx_word' id='word_1_350' title='bbox 1914 1626 2153 1683; x_wconf 74' lang='lat' dir='ltr'><strong>XXXVI.</strong></span> <span class='ocrx_word' id='word_1_351' title='bbox 2186 1629 2317 1696; x_wconf 87' lang='lat' dir='ltr'><strong>Quia</strong></span> <span class='ocrx_word' id='word_1_352' title='bbox 2355 1646 2480 1682; x_wconf 85' lang='lat' dir='ltr'><strong>vero</strong></span> <span class='ocrx_word' id='word_1_353' title='bbox 2520 1640 2781 1683; x_wconf 64' lang='lat' dir='ltr'><strong>creatura:</strong></span> <span class='ocrx_word' id='word_1_354' title='bbox 2814 1646 2909 1699; x_wconf 80' lang='lat' dir='ltr'><strong>per</strong></span> <span class='ocrx_word' id='word_1_355' title='bbox 2940 1628 3415 1682; x_wconf 64' lang='lat' dir='ltr'><strong>sanctiﬁcationem</strong></span> 
     </span>
    </p>
   </div>
   <div class='ocr_carea' id='block_1_47' title="bbox 1845 1716 3417 1790">
    <p class='ocr_par' dir='ltr' id='par_1_47' title="bbox 1845 1716 3417 1790">
     <span class='ocr_line' id='line_1_47' title="bbox 1845 1716 3417 1790; baseline -0.002 -16"><span class='ocrx_word' id='word_1_356' title='bbox 1845 1722 1984 1790; x_wconf 83' lang='lat' dir='ltr'><strong>apud</strong></span> <span class='ocrx_word' id='word_1_357' title='bbox 2037 1722 2198 1775; x_wconf 88' lang='lat' dir='ltr'><strong>Demu</strong></span> <span class='ocrx_word' id='word_1_358' title='bbox 2252 1716 2551 1775; x_wconf 70' lang='lat' dir='ltr'><strong>reformata:</strong></span> <span class='ocrx_word' id='word_1_359' title='bbox 2589 1720 2797 1775; x_wconf 88' lang='lat' dir='ltr'><strong>initium</strong></span> <span class='ocrx_word' id='word_1_360' title='bbox 2864 1722 3098 1782; x_wconf 78' lang='lat' dir='ltr'><strong>exstitit,</strong></span> <span class='ocrx_word' id='word_1_361' title='bbox 3141 1720 3253 1789; x_wconf 84' lang='lat' dir='ltr'><strong>ipse</strong></span> <span class='ocrx_word' id='word_1_362' title='bbox 3310 1736 3417 1789; x_wconf 74' lang='lat' dir='ltr'><strong>pra:</strong></span> 
     </span>
    </p>
   </div>
   <div class='ocr_carea' id='block_1_48' title="bbox 1847 1811 3416 1883">
    <p class='ocr_par' dir='ltr' id='par_1_48' title="bbox 1847 1811 3416 1883">
     <span class='ocr_line' id='line_1_48' title="bbox 1847 1811 3416 1883; baseline -0.004 -15"><span class='ocrx_word' id='word_1_363' title='bbox 1847 1814 2056 1868; x_wconf 64' lang='lat' dir='ltr'><strong>caeteris</strong></span> <span class='ocrx_word' id='word_1_364' title='bbox 2083 1812 2329 1867; x_wconf 80' lang='lat' dir='ltr'><strong>omnibus</strong></span> <span class='ocrx_word' id='word_1_365' title='bbox 2363 1828 2427 1866; x_wconf 83' lang='lat' dir='ltr'><strong>cx</strong></span> <span class='ocrx_word' id='word_1_366' title='bbox 2464 1812 2669 1881; x_wconf 86' lang='lat' dir='ltr'><strong>Spiritu</strong></span> <span class='ocrx_word' id='word_1_367' title='bbox 2715 1813 2926 1883; x_wconf 81' lang='lat' dir='ltr'><strong>genitus</strong></span> <span class='ocrx_word' id='word_1_368' title='bbox 2969 1811 3288 1874; x_wconf 74' lang='lat' dir='ltr'><strong>declaratur,</strong></span> <span class='ocrx_word' id='word_1_369' title='bbox 3326 1818 3416 1862; x_wconf 56' lang='lat' dir='ltr'><strong>ut.</strong></span> 
     </span>
    </p>
   </div>
   <div class='ocr_carea' id='block_1_49' title="bbox 1847 1901 3415 1975">
    <p class='ocr_par' dir='ltr' id='par_1_49' title="bbox 1847 1901 3415 1975">
     <span class='ocr_line' id='line_1_49' title="bbox 1847 1901 3415 1975; baseline -0.003 -16"><span class='ocrx_word' id='word_1_370' title='bbox 1847 1907 1972 1974; x_wconf 85' lang='lat' dir='ltr'><strong>pote</strong></span> <span class='ocrx_word' id='word_1_371' title='bbox 2028 1904 2232 1973; x_wconf 83' lang='lat' dir='ltr'><strong>absque</strong></span> <span class='ocrx_word' id='word_1_372' title='bbox 2278 1904 2377 1957; x_wconf 85' lang='lat' dir='ltr'><strong>viri</strong></span> <span class='ocrx_word' id='word_1_373' title='bbox 2429 1903 2775 1975; x_wconf 88' lang='lat' dir='ltr'><strong>mulierisque</strong></span> <span class='ocrx_word' id='word_1_374' title='bbox 2822 1919 3110 1972; x_wconf 79' lang='lat' dir='ltr'><strong>congressu</strong></span> <span class='ocrx_word' id='word_1_375' title='bbox 3154 1902 3205 1956; x_wconf 92' lang='lat' dir='ltr'><strong>in</strong></span> <span class='ocrx_word' id='word_1_376' title='bbox 3244 1901 3415 1955; x_wconf 80' lang='lat' dir='ltr'><strong>lucent</strong></span> 
     </span>
    </p>
   </div>
   <div class='ocr_carea' id='block_1_50' title="bbox 1850 1992 3418 2066">
    <p class='ocr_par' dir='ltr' id='par_1_50' title="bbox 1850 1992 3418 2066">
     <span class='ocr_line' id='line_1_50' title="bbox 1850 1992 3418 2066; baseline -0.003 -16"><span class='ocrx_word' id='word_1_377' title='bbox 1850 1997 2020 2051; x_wconf 77' lang='lat' dir='ltr'><strong>fusus.</strong></span> <span class='ocrx_word' id='word_1_378' title='bbox 2048 1992 2237 2066; x_wconf 78' lang='lat' dir='ltr'><strong>Neque</strong></span> <span class='ocrx_word' id='word_1_379' title='bbox 2272 1997 2472 2051; x_wconf 91' lang='lat' dir='ltr'><strong>idcirco</strong></span> <span class='ocrx_word' id='word_1_380' title='bbox 2513 2006 2687 2050; x_wconf 86' lang='lat' dir='ltr'><strong>tamen</strong></span> <span class='ocrx_word' id='word_1_381' title='bbox 2720 1997 2949 2066; x_wconf 83' lang='lat' dir='ltr'><strong>aliquam</strong></span> <span class='ocrx_word' id='word_1_382' title='bbox 2994 1995 3294 2066; x_wconf 71' lang='lat' dir='ltr'><strong>ignominizc</strong></span> <span class='ocrx_word' id='word_1_383' title='bbox 3322 1998 3418 2046; x_wconf 77' lang='lat' dir='ltr'><strong>“no-</strong></span> 
     </span>
    </p>
   </div>
   <div class='ocr_carea' id='block_1_51' title="bbox 1848 2086 3420 2160">
    <p class='ocr_par' dir='ltr' id='par_1_51' title="bbox 1848 2086 3420 2160">
     <span class='ocr_line' id='line_1_51' title="bbox 1848 2086 3420 2160; baseline -0.005 -15"><span class='ocrx_word' id='word_1_384' title='bbox 1848 2098 1958 2145; x_wconf 88' lang='lat' dir='ltr'><strong>tam</strong></span> <span class='ocrx_word' id='word_1_385' title='bbox 1988 2098 2193 2143; x_wconf 58' lang='lat' dir='ltr'><strong>natura!</strong></span> <span class='ocrx_word' id='word_1_386' title='bbox 2222 2089 2438 2144; x_wconf 87' lang='lat' dir='ltr'><strong>inurere</strong></span> <span class='ocrx_word' id='word_1_387' title='bbox 2468 2087 2634 2143; x_wconf 88' lang='lat' dir='ltr'><strong>voluit</strong></span> <span class='ocrx_word' id='word_1_388' title='bbox 2663 2096 2825 2160; x_wconf 73' lang='lat' dir='ltr'><strong>(sunt</strong></span> <span class='ocrx_word' id='word_1_389' title='bbox 2852 2087 2993 2142; x_wconf 91' lang='lat' dir='ltr'><strong>enim</strong></span> <span class='ocrx_word' id='word_1_390' title='bbox 3026 2087 3227 2155; x_wconf 66' lang='lat' dir='ltr'><strong>nuptiae</strong></span> <span class='ocrx_word' id='word_1_391' title='bbox 3254 2086 3420 2138; x_wconf 54' lang='lat' dir='ltr'><strong>bono-</strong></span> 
     </span>
    </p>
   </div>
   <div class='ocr_carea' id='block_1_52' title="bbox 1851 2174 3417 2255">
    <p class='ocr_par' dir='ltr' id='par_1_52' title="bbox 1851 2174 3417 2255">
     <span class='ocr_line' id='line_1_52' title="bbox 1851 2174 3417 2255; baseline -0.005 -20"><span class='ocrx_word' id='word_1_392' title='bbox 1851 2174 2050 2235; x_wconf 84' lang='lat' dir='ltr'><strong>rabiles</strong></span> <span class='ocrx_word' id='word_1_393' title='bbox 2077 2178 2140 2246; x_wconf 78' lang='grc'><strong>¹¹,</strong></span> <span class='ocrx_word' id='word_1_394' title='bbox 2169 2188 2222 2235; x_wconf 91' lang='lat' dir='ltr'><strong>et</strong></span> <span class='ocrx_word' id='word_1_395' title='bbox 2254 2199 2272 2231; x_wconf 74' lang='grc' dir='ltr'><strong>ι</strong></span> <span class='ocrx_word' id='word_1_396' title='bbox 2298 2180 2389 2250; x_wconf 89' lang='lat' dir='ltr'><strong>qui</strong></span> <span class='ocrx_word' id='word_1_397' title='bbox 2420 2179 2569 2233; x_wconf 91' lang='lat' dir='ltr'><strong>initio</strong></span> <span class='ocrx_word' id='word_1_398' title='bbox 2600 2178 2849 2255; x_wconf 79' lang='lat' dir='ltr'><strong>formavit</strong></span> <span class='ocrx_word' id='word_1_399' title='bbox 2876 2178 3078 2241; x_wconf 88' lang='lat' dir='ltr'><strong>omnia,</strong></span> <span class='ocrx_word' id='word_1_400' title='bbox 3124 2176 3417 2231; x_wconf 71' lang='lat' dir='ltr'><strong>masculum</strong></span> 
     </span>
    </p>
   </div>
   <div class='ocr_carea' id='block_1_53' title="bbox 1852 2267 3416 2339">
    <p class='ocr_par' dir='ltr' id='par_1_53' title="bbox 1852 2267 3416 2339">
     <span class='ocr_line' id='line_1_53' title="bbox 1852 2267 3416 2339; baseline -0.004 -15"><span class='ocrx_word' id='word_1_401' title='bbox 1852 2279 1903 2325; x_wconf 89' lang='lat' dir='ltr'><strong>et</strong></span> <span class='ocrx_word' id='word_1_402' title='bbox 1935 2270 2185 2324; x_wconf 80' lang='lat' dir='ltr'><strong>feminam</strong></span> <span class='ocrx_word' id='word_1_403' title='bbox 2217 2269 2344 2324; x_wconf 79' lang='lat' dir='ltr'><strong>fecit</strong></span> <span class='ocrx_word' id='word_1_404' title='bbox 2390 2286 2485 2325; x_wconf 85' lang='lat' dir='ltr'><strong>eos</strong></span> <span class='ocrx_word' id='word_1_405' title='bbox 2508 2268 2553 2301; x_wconf 83' lang='grc'><strong>¹²</strong></span> <span class='ocrx_word' id='word_1_406' title='bbox 2585 2288 2603 2321; x_wconf 81' lang='grc' dir='ltr'><strong>ι</strong></span> <span class='ocrx_word' id='word_1_407' title='bbox 2629 2270 2669 2339; x_wconf 90' lang='grc'><strong>),</strong></span> <span class='ocrx_word' id='word_1_408' title='bbox 2714 2271 2808 2323; x_wconf 88' lang='lat' dir='ltr'><strong>sed</strong></span> <span class='ocrx_word' id='word_1_409' title='bbox 2859 2277 3103 2322; x_wconf 86' lang='lat' dir='ltr'><strong>naturam</strong></span> <span class='ocrx_word' id='word_1_410' title='bbox 3132 2267 3416 2321; x_wconf 76' lang='lat' dir='ltr'><strong>humanam</strong></span> 
     </span>
    </p>
   </div>
   <div class='ocr_carea' id='block_1_54' title="bbox 1852 2351 3419 2431">
    <p class='ocr_par' dir='ltr' id='par_1_54' title="bbox 1852 2351 3419 2431">
     <span class='ocr_line' id='line_1_54' title="bbox 1852 2351 3419 2431; baseline -0.002 -21"><span class='ocrx_word' id='word_1_411' title='bbox 1852 2351 2207 2431; x_wconf 73' lang='lat' dir='ltr'><strong>prmstantiori</strong></span> <span class='ocrx_word' id='word_1_412' title='bbox 2251 2360 2539 2429; x_wconf 86' lang='lat' dir='ltr'><strong>multisque</strong></span> <span class='ocrx_word' id='word_1_413' title='bbox 2568 2360 2808 2428; x_wconf 87' lang='lat' dir='ltr'><strong>partibus</strong></span> <span class='ocrx_word' id='word_1_414' title='bbox 2838 2358 3205 2413; x_wconf 84' lang='lat' dir='ltr'><strong>excellentiori</strong></span> <span class='ocrx_word' id='word_1_415' title='bbox 3243 2357 3419 2426; x_wconf 81' lang='lat' dir='ltr'><strong>digni-</strong></span> 
     </span>
    </p>
   </div>
   <div class='ocr_carea' id='block_1_55' title="bbox 1854 2434 3420 2519">
    <p class='ocr_par' dir='ltr' id='par_1_55' title="bbox 1854 2434 3420 2519">
     <span class='ocr_line' id='line_1_55' title="bbox 1854 2434 3420 2519; baseline -0.003 -15"><span class='ocrx_word' id='word_1_416' title='bbox 1854 2460 1961 2504; x_wconf 87' lang='lat' dir='ltr'><strong>tate</strong></span> <span class='ocrx_word' id='word_1_417' title='bbox 2019 2451 2476 2504; x_wconf 83' lang='lat' dir='ltr'><strong>cohonestandarn</strong></span> <span class='ocrx_word' id='word_1_418' title='bbox 2529 2448 2785 2519; x_wconf 87' lang='lat' dir='ltr'><strong>putavit:</strong></span> <span class='ocrx_word' id='word_1_419' title='bbox 2824 2464 2926 2503; x_wconf 91' lang='lat' dir='ltr'><strong>non</strong></span> <span class='ocrx_word' id='word_1_420' title='bbox 2966 2448 3108 2501; x_wconf 89' lang='lat' dir='ltr'><strong>enim</strong></span> <span class='ocrx_word' id='word_1_421' title='bbox 3161 2434 3283 2514; x_wconf 81' lang='lat' dir='ltr'><strong>viri,</strong></span> <span class='ocrx_word' id='word_1_422' title='bbox 3327 2447 3420 2501; x_wconf 89' lang='lat' dir='ltr'><strong>sed</strong></span> 
     </span>
    </p>
   </div>
   <div class='ocr_carea' id='block_1_56' title="bbox 1855 2537 3422 2612">
    <p class='ocr_par' dir='ltr' id='par_1_56' title="bbox 1855 2537 3422 2612">
     <span class='ocr_line' id='line_1_56' title="bbox 1855 2537 3422 2612; baseline -0.002 -17"><span class='ocrx_word' id='word_1_423' title='bbox 1855 2540 2087 2612; x_wconf 90' lang='lat' dir='ltr'><strong>Spiritus</strong></span> <span class='ocrx_word' id='word_1_424' title='bbox 2122 2556 2338 2609; x_wconf 76' lang='lat' dir='ltr'><strong>germen</strong></span> <span class='ocrx_word' id='word_1_425' title='bbox 2381 2554 2501 2595; x_wconf 92' lang='lat' dir='ltr'><strong>esse</strong></span> <span class='ocrx_word' id='word_1_426' title='bbox 2541 2540 2793 2607; x_wconf 84' lang='lat' dir='ltr'><strong>deinceps</strong></span> <span class='ocrx_word' id='word_1_427' title='bbox 2836 2553 2933 2593; x_wconf 91' lang='lat' dir='ltr'><strong>nos</strong></span> <span class='ocrx_word' id='word_1_428' title='bbox 2982 2537 3150 2591; x_wconf 84' lang='lat' dir='ltr'><strong>voluit</strong></span> <span class='ocrx_word' id='word_1_429' title='bbox 3182 2552 3197 2591; x_wconf 86' lang='lat'><strong>:</strong></span> <span class='ocrx_word' id='word_1_430' title='bbox 3235 2547 3288 2592; x_wconf 94' lang='lat' dir='ltr'><strong>et</strong></span> <span class='ocrx_word' id='word_1_431' title='bbox 3317 2538 3422 2592; x_wconf 87' lang='lat' dir='ltr'><strong>huc</strong></span> 
     </span>
    </p>
   </div>
   <div class='ocr_carea' id='block_1_57' title="bbox 1855 2628 3417 2699">
    <p class='ocr_par' dir='ltr' id='par_1_57' title="bbox 1855 2628 3417 2699">
     <span class='ocr_line' id='line_1_57' title="bbox 1855 2628 3417 2699; baseline -0.003 -15"><span class='ocrx_word' id='word_1_432' title='bbox 1855 2640 2063 2699; x_wconf 78' lang='lat' dir='ltr'><strong>spectat</strong></span> <span class='ocrx_word' id='word_1_433' title='bbox 2094 2648 2108 2684; x_wconf 92' lang='lat'><strong>:</strong></span> <span class='ocrx_word' id='word_1_434' title='bbox 2144 2647 2163 2681; x_wconf 73' lang='grc' dir='ltr'><strong>ι</strong></span> <span class='ocrx_word' id='word_1_435' title='bbox 2200 2628 2412 2684; x_wconf 85' lang='lat' dir='ltr'><strong>Patrem</strong></span> <span class='ocrx_word' id='word_1_436' title='bbox 2443 2629 2607 2684; x_wconf 89' lang='lat' dir='ltr'><strong>nolite</strong></span> <span class='ocrx_word' id='word_1_437' title='bbox 2628 2629 2779 2683; x_wconf 89' lang='lat' dir='ltr'><strong>vobis</strong></span> <span class='ocrx_word' id='word_1_438' title='bbox 2801 2641 2992 2682; x_wconf 84' lang='lat' dir='ltr'><strong>vocare</strong></span> <span class='ocrx_word' id='word_1_439' title='bbox 3017 2640 3175 2696; x_wconf 89' lang='lat' dir='ltr'><strong>super</strong></span> <span class='ocrx_word' id='word_1_440' title='bbox 3197 2634 3417 2681; x_wconf 87' lang='lat' dir='ltr'><strong>terram.</strong></span> 
     </span>
    </p>
   </div>
   <div class='ocr_carea' id='block_1_58' title="bbox 1857 2714 3420 2779">
    <p class='ocr_par' dir='ltr' id='par_1_58' title="bbox 1857 2714 3420 2779">
     <span class='ocr_line' id='line_1_58' title="bbox 1857 2714 3420 2779; baseline -0.004 -1"><span class='ocrx_word' id='word_1_441' title='bbox 1857 2714 2007 2779; x_wconf 82' lang='lat' dir='ltr'><strong>Unus</strong></span> <span class='ocrx_word' id='word_1_442' title='bbox 2037 2722 2178 2776; x_wconf 78' lang='lat' dir='ltr'><strong>enim</strong></span> <span class='ocrx_word' id='word_1_443' title='bbox 2210 2731 2292 2777; x_wconf 88' lang='lat' dir='ltr'><strong>est</strong></span> <span class='ocrx_word' id='word_1_444' title='bbox 2331 2720 2487 2776; x_wconf 86' lang='lat' dir='ltr'><strong>Pater</strong></span> <span class='ocrx_word' id='word_1_445' title='bbox 2516 2729 2696 2776; x_wconf 85' lang='lat' dir='ltr'><strong>vester</strong></span> <span class='ocrx_word' id='word_1_446' title='bbox 2726 2719 2960 2774; x_wconf 74' lang='lat' dir='ltr'><strong>cmlestis</strong></span> <span class='ocrx_word' id='word_1_447' title='bbox 2991 2735 3005 2771; x_wconf 73' lang='grc' dir='ltr'><strong>ε</strong></span> <span class='ocrx_word' id='word_1_448' title='bbox 3034 2734 3221 2774; x_wconf 86' lang='lat' dir='ltr'><strong>omnes</strong></span> <span class='ocrx_word' id='word_1_449' title='bbox 3243 2729 3420 2773; x_wconf 88' lang='lat' dir='ltr'><strong>autem</strong></span> 
     </span>
    </p>
   </div>
   <div class='ocr_carea' id='block_1_59' title="bbox 1855 2808 3425 2878">
    <p class='ocr_par' dir='ltr' id='par_1_59' title="bbox 1855 2808 3425 2878">
     <span class='ocr_line' id='line_1_59' title="bbox 1855 2808 3425 2878; baseline -0.001 -15"><span class='ocrx_word' id='word_1_450' title='bbox 1855 2829 1952 2868; x_wconf 85' lang='lat' dir='ltr'><strong>vos</strong></span> <span class='ocrx_word' id='word_1_451' title='bbox 1990 2811 2186 2868; x_wconf 82' lang='lat' dir='ltr'><strong>fratres</strong></span> <span class='ocrx_word' id='word_1_452' title='bbox 2228 2813 2359 2867; x_wconf 89' lang='lat' dir='ltr'><strong>estis</strong></span> <span class='ocrx_word' id='word_1_453' title='bbox 2380 2812 2444 2867; x_wconf 75' lang='grc'><strong>’³.</strong></span> <span class='ocrx_word' id='word_1_454' title='bbox 2485 2830 2504 2863; x_wconf 80' lang='grc' dir='ltr'><strong>ι</strong></span> <span class='ocrx_word' id='word_1_455' title='bbox 2541 2810 2899 2878; x_wconf 86' lang='lat' dir='ltr'><strong>Quamobrem</strong></span> <span class='ocrx_word' id='word_1_456' title='bbox 2936 2808 2989 2863; x_wconf 89' lang='lat' dir='ltr'><strong>in</strong></span> <span class='ocrx_word' id='word_1_457' title='bbox 3024 2809 3172 2864; x_wconf 91' lang='lat' dir='ltr'><strong>illum</strong></span> <span class='ocrx_word' id='word_1_458' title='bbox 3204 2810 3425 2864; x_wconf 88' lang='lat' dir='ltr'><strong>credere</strong></span> 
     </span>
    </p>
   </div>
   <div class='ocr_carea' id='block_1_60' title="bbox 184 2891 1745 2983">
    <p class='ocr_par' dir='ltr' id='par_1_60' title="bbox 184 2891 1745 2977">
     <span class='ocr_line' id='line_1_60' title="bbox 184 2891 1745 2977; baseline 0.01 -31"><span class='ocrx_word' id='word_1_459' title='bbox 184 2893 310 2964; x_wconf 76' lang='grc' dir='ltr'><strong>στίᾳ</strong></span> <span class='ocrx_word' id='word_1_460' title='bbox 357 2894 662 2966; x_wconf 88' lang='grc' dir='ltr'><strong>τετίμηται.</strong></span> <span class='ocrx_word' id='word_1_461' title='bbox 713 2896 918 2967; x_wconf 80' lang='grc' dir='ltr'><strong>Γράφει</strong></span> <span class='ocrx_word' id='word_1_462' title='bbox 969 2897 1027 2951; x_wconf 79' lang='grc' dir='ltr'><strong>δὲ</strong></span> <span class='ocrx_word' id='word_1_463' title='bbox 1062 2891 1163 2953; x_wconf 84' lang='grc' dir='ltr'><strong>ὧδε</strong></span> <span class='ocrx_word' id='word_1_464' title='bbox 1214 2899 1375 2955; x_wconf 81' lang='grc' dir='ltr'><strong>πάλιν</strong></span> <span class='ocrx_word' id='word_1_465' title='bbox 1414 2904 1443 2956; x_wconf 89' lang='lat'><strong>6</strong></span> <span class='ocrx_word' id='word_1_466' title='bbox 1499 2902 1745 2977; x_wconf 78' lang='grc' dir='ltr'><strong>ἔκκριτος</strong></span> 
     </span>
    </p>
   </div>
   <div class='ocr_carea' id='block_1_61' title="bbox 1851 2891 3427 2983">
    <p class='ocr_par' dir='ltr' id='par_1_61' title="bbox 1854 2895 3427 2976">
     <span class='ocr_line' id='line_1_61' title="bbox 1854 2895 3427 2976; baseline -0.004 -15"><span class='ocrx_word' id='word_1_467' title='bbox 1854 2907 1998 2962; x_wconf 89' lang='lat' dir='ltr'><strong>omni</strong></span> <span class='ocrx_word' id='word_1_468' title='bbox 2027 2920 2247 2975; x_wconf 80' lang='lat' dir='ltr'><strong>prorsus</strong></span> <span class='ocrx_word' id='word_1_469' title='bbox 2291 2895 2707 2976; x_wconf 73' lang='lat' dir='ltr'><strong>reprehensione</strong></span> <span class='ocrx_word' id='word_1_470' title='bbox 2737 2913 2890 2959; x_wconf 87' lang='lat' dir='ltr'><strong>vacat</strong></span> <span class='ocrx_word' id='word_1_471' title='bbox 2920 2921 2933 2969; x_wconf 93' lang='lat'><strong>;</strong></span> <span class='ocrx_word' id='word_1_472' title='bbox 2973 2905 3079 2958; x_wconf 90' lang='lat' dir='ltr'><strong>imo</strong></span> <span class='ocrx_word' id='word_1_473' title='bbox 3111 2902 3252 2957; x_wconf 88' lang='lat' dir='ltr'><strong>istud</strong></span> <span class='ocrx_word' id='word_1_474' title='bbox 3301 2915 3427 2969; x_wconf 62' lang='lat' dir='ltr'><strong>pec-</strong></span> 
     </span>
    </p>
   </div>
   <div class='ocr_carea' id='block_1_62' title="bbox 173 2983 1749 3066">
    <p class='ocr_par' dir='ltr' id='par_1_62' title="bbox 173 2983 1749 3066">
     <span class='ocr_line' id='line_1_62' title="bbox 173 2983 1749 3066; baseline 0.01 -31"><span class='ocrx_word' id='word_1_475' title='bbox 173 2983 423 3048; x_wconf 78' lang='grc' dir='ltr'><strong>Παῦλος·</strong></span> <span class='ocrx_word' id='word_1_476' title='bbox 459 3003 478 3037; x_wconf 76' lang='grc' dir='ltr'><strong>ι</strong></span> <span class='ocrx_word' id='word_1_477' title='bbox 510 2985 725 3050; x_wconf 87' lang='grc' dir='ltr'><strong>Είδότες</strong></span> <span class='ocrx_word' id='word_1_478' title='bbox 746 2986 824 3052; x_wconf 88' lang='grc' dir='ltr'><strong>δὲ,</strong></span> <span class='ocrx_word' id='word_1_479' title='bbox 853 2987 934 3041; x_wconf 84' lang='grc' dir='ltr'><strong>ὅτι</strong></span> <span class='ocrx_word' id='word_1_480' title='bbox 964 2989 1025 3042; x_wconf 81' lang='grc' dir='ltr'><strong>οὐ</strong></span> <span class='ocrx_word' id='word_1_481' title='bbox 1049 2988 1352 3045; x_wconf 80' lang='grc' dir='ltr'><strong>δικαιοῦται</strong></span> <span class='ocrx_word' id='word_1_482' title='bbox 1377 2993 1662 3066; x_wconf 76' lang='grc' dir='ltr'><strong>ἄνθρωπος</strong></span> <span class='ocrx_word' id='word_1_483' title='bbox 1689 2997 1749 3063; x_wconf 74' lang='grc' dir='ltr'><strong>ἐξ</strong></span> 
     </span>
    </p>
   </div>
   <div class='ocr_carea' id='block_1_63' title="bbox 174 3074 1746 3158">
    <p class='ocr_par' dir='ltr' id='par_1_63' title="bbox 174 3074 1746 3158">
     <span class='ocr_line' id='line_1_63' title="bbox 174 3074 1746 3158; baseline 0.009 -31"><span class='ocrx_word' id='word_1_484' title='bbox 174 3074 356 3145; x_wconf 76' lang='grc' dir='ltr'><strong>ἔργων</strong></span> <span class='ocrx_word' id='word_1_485' title='bbox 401 3074 592 3146; x_wconf 86' lang='grc' dir='ltr'><strong>νόμου,</strong></span> <span class='ocrx_word' id='word_1_486' title='bbox 622 3076 715 3130; x_wconf 72' lang='grc' dir='ltr'><strong>ἐὰν</strong></span> <span class='ocrx_word' id='word_1_487' title='bbox 749 3077 825 3149; x_wconf 81' lang='grc' dir='ltr'><strong>μὴ</strong></span> <span class='ocrx_word' id='word_1_488' title='bbox 866 3077 956 3132; x_wconf 88' lang='grc' dir='ltr'><strong>διά</strong></span> <span class='ocrx_word' id='word_1_489' title='bbox 997 3080 1232 3146; x_wconf 85' lang='grc' dir='ltr'><strong>πίστεως</strong></span> <span class='ocrx_word' id='word_1_490' title='bbox 1274 3082 1449 3154; x_wconf 84' lang='grc' dir='ltr'><strong>Ἰησοῦ</strong></span> <span class='ocrx_word' id='word_1_491' title='bbox 1487 3086 1746 3158; x_wconf 86' lang='grc' dir='ltr'><strong>Χριστοῦ,</strong></span> 
     </span>
    </p>
   </div>
   <div class='ocr_carea' id='block_1_64' title="bbox 176 3167 1751 3243">
    <p class='ocr_par' dir='ltr' id='par_1_64' title="bbox 176 3167 1751 3243">
     <span class='ocr_line' id='line_1_64' title="bbox 176 3167 1751 3243; baseline 0.006 -22"><span class='ocrx_word' id='word_1_492' title='bbox 176 3167 274 3221; x_wconf 75' lang='grc' dir='ltr'><strong>καὶ</strong></span> <span class='ocrx_word' id='word_1_493' title='bbox 301 3167 462 3238; x_wconf 69' lang='grc' dir='ltr'><strong>ἡμεῖς</strong></span> <span class='ocrx_word' id='word_1_494' title='bbox 505 3167 588 3231; x_wconf 83' lang='grc' dir='ltr'><strong>είς</strong></span> <span class='ocrx_word' id='word_1_495' title='bbox 623 3168 859 3240; x_wconf 78' lang='grc' dir='ltr'><strong>Χριστὸν</strong></span> <span class='ocrx_word' id='word_1_496' title='bbox 902 3170 1305 3243; x_wconf 68' lang='grc' dir='ltr'><strong>ἐπιστεύσαμεν</strong></span> <span class='ocrx_word' id='word_1_497' title='bbox 1336 3174 1423 3228; x_wconf 81' lang='grc' dir='ltr'><strong>ἵνα</strong></span> <span class='ocrx_word' id='word_1_498' title='bbox 1448 3175 1751 3231; x_wconf 83' lang='grc' dir='ltr'><strong>δικαιωθῶ-</strong></span> 
     </span>
    </p>
   </div>
   <div class='ocr_carea' id='block_1_65' title="bbox 181 3257 1749 3340">
    <p class='ocr_par' dir='ltr' id='par_1_65' title="bbox 181 3257 1749 3340">
     <span class='ocr_line' id='line_1_65' title="bbox 181 3257 1749 3340; baseline 0.008 -30"><span class='ocrx_word' id='word_1_499' title='bbox 181 3273 283 3328; x_wconf 79' lang='grc' dir='ltr'><strong>μεν</strong></span> <span class='ocrx_word' id='word_1_500' title='bbox 313 3258 371 3310; x_wconf 74' lang='grc' dir='ltr'><strong>ὲν</strong></span> <span class='ocrx_word' id='word_1_501' title='bbox 416 3257 585 3330; x_wconf 78' lang='grc' dir='ltr'><strong>αὐτῷ.</strong></span> <span class='ocrx_word' id='word_1_502' title='bbox 628 3278 647 3311; x_wconf 77' lang='grc' dir='ltr'><strong>ι</strong></span> <span class='ocrx_word' id='word_1_503' title='bbox 686 3259 1023 3332; x_wconf 81' lang='grc' dir='ltr'><strong>Κατοκνήσω</strong></span> <span class='ocrx_word' id='word_1_504' title='bbox 1064 3261 1121 3315; x_wconf 79' lang='grc' dir='ltr'><strong>δὲ</strong></span> <span class='ocrx_word' id='word_1_505' title='bbox 1152 3263 1420 3334; x_wconf 81' lang='grc' dir='ltr'><strong>οὐδαμῶς,</strong></span> <span class='ocrx_word' id='word_1_506' title='bbox 1472 3259 1610 3339; x_wconf 75' lang='grc' dir='ltr'><strong>ὅπερ</strong></span> <span class='ocrx_word' id='word_1_507' title='bbox 1649 3268 1749 3340; x_wconf 70' lang='grc' dir='ltr'><strong>ἢδη</strong></span> 
     </span>
    </p>
   </div>
   <div class='ocr_carea' id='block_1_66' title="bbox 179 3347 1749 3432">
    <p class='ocr_par' dir='ltr' id='par_1_66' title="bbox 179 3347 1749 3432">
     <span class='ocr_line' id='line_1_66' title="bbox 179 3347 1749 3432; baseline 0.008 -31"><span class='ocrx_word' id='word_1_508' title='bbox 179 3348 395 3419; x_wconf 77' lang='grc' dir='ltr'><strong>φθάσας</strong></span> <span class='ocrx_word' id='word_1_509' title='bbox 420 3347 576 3421; x_wconf 70' lang='grc' dir='ltr'><strong>ἔφην,</strong></span> <span class='ocrx_word' id='word_1_510' title='bbox 606 3350 989 3423; x_wconf 83' lang='grc' dir='ltr'><strong>ἀνακυκλήσας</strong></span> <span class='ocrx_word' id='word_1_511' title='bbox 1031 3354 1227 3420; x_wconf 74' lang='grc' dir='ltr'><strong>εἰπεῖν’,</strong></span> <span class='ocrx_word' id='word_1_512' title='bbox 1263 3356 1343 3409; x_wconf 85' lang='grc' dir='ltr'><strong>ὄτι</strong></span> <span class='ocrx_word' id='word_1_513' title='bbox 1369 3358 1603 3429; x_wconf 84' lang='grc' dir='ltr'><strong>Χριστὸς</strong></span> <span class='ocrx_word' id='word_1_514' title='bbox 1645 3362 1749 3432; x_wconf 86' lang='grc' dir='ltr'><strong>Ἰη-</strong></span> 
     </span>
    </p>
   </div>
   <div class='ocr_carea' id='block_1_67' title="bbox 180 3438 1748 3512">
    <p class='ocr_par' dir='ltr' id='par_1_67' title="bbox 180 3438 1748 3512">
     <span class='ocr_line' id='line_1_67' title="bbox 180 3438 1748 3512; baseline 0.008 -20"><span class='ocrx_word' id='word_1_515' title='bbox 180 3438 312 3502; x_wconf 81' lang='grc' dir='ltr'><strong>σοῦς</strong></span> <span class='ocrx_word' id='word_1_516' title='bbox 341 3439 402 3493; x_wconf 83' lang='grc' dir='ltr'><strong>οὐ</strong></span> <span class='ocrx_word' id='word_1_517' title='bbox 439 3440 647 3512; x_wconf 80' lang='grc' dir='ltr'><strong>γυμνὸς</strong></span> <span class='ocrx_word' id='word_1_518' title='bbox 679 3441 774 3496; x_wconf 79' lang='grc' dir='ltr'><strong>καὶ</strong></span> <span class='ocrx_word' id='word_1_519' title='bbox 825 3441 948 3498; x_wconf 86' lang='grc' dir='ltr'><strong>καθ’</strong></span> <span class='ocrx_word' id='word_1_520' title='bbox 983 3444 1174 3503; x_wconf 77' lang='grc' dir='ltr'><strong>ἑαυτὸν</strong></span> <span class='ocrx_word' id='word_1_521' title='bbox 1199 3449 1399 3501; x_wconf 84' lang='grc' dir='ltr'><strong>νοεῖται</strong></span> <span class='ocrx_word' id='word_1_522' title='bbox 1447 3450 1476 3501; x_wconf 90' lang='lat'><strong>6</strong></span> <span class='ocrx_word' id='word_1_523' title='bbox 1505 3451 1568 3503; x_wconf 83' lang='grc' dir='ltr'><strong>ὲκ</strong></span> <span class='ocrx_word' id='word_1_524' title='bbox 1614 3451 1748 3504; x_wconf 86' lang='grc' dir='ltr'><strong>Θεοῦ</strong></span> 
     </span>
    </p>
   </div>
   <div class='ocr_carea' id='block_1_68' title="bbox 179 3527 1753 3607">
    <p class='ocr_par' dir='ltr' id='par_1_68' title="bbox 179 3527 1753 3607">
     <span class='ocr_line' id='line_1_68' title="bbox 179 3527 1753 3607; baseline 0.006 -25"><span class='ocrx_word' id='word_1_525' title='bbox 179 3527 375 3596; x_wconf 87' lang='grc' dir='ltr'><strong>Λόγος,</strong></span> <span class='ocrx_word' id='word_1_526' title='bbox 399 3529 514 3582; x_wconf 77' lang='grc' dir='ltr'><strong>ἀλλ’</strong></span> <span class='ocrx_word' id='word_1_527' title='bbox 541 3529 630 3582; x_wconf 83' lang='grc' dir='ltr'><strong>ὅτε</strong></span> <span class='ocrx_word' id='word_1_528' title='bbox 654 3530 959 3599; x_wconf 77' lang='grc' dir='ltr'><strong>προσέλαϐε</strong></span> <span class='ocrx_word' id='word_1_529' title='bbox 981 3531 1042 3585; x_wconf 80' lang='grc' dir='ltr'><strong>τὸ</strong></span> <span class='ocrx_word' id='word_1_530' title='bbox 1063 3532 1424 3606; x_wconf 86' lang='grc' dir='ltr'><strong>ἀνθρώπινον,</strong></span> <span class='ocrx_word' id='word_1_531' title='bbox 1456 3538 1550 3590; x_wconf 74' lang='grc' dir='ltr'><strong>καὶ</strong></span> <span class='ocrx_word' id='word_1_532' title='bbox 1583 3539 1753 3607; x_wconf 84' lang='grc' dir='ltr'><strong>ἀσυγ-</strong></span> 
     </span>
    </p>
   </div>
   <div class='ocr_carea' id='block_1_69' title="bbox 180 3618 1751 3698">
    <p class='ocr_par' dir='ltr' id='par_1_69' title="bbox 180 3618 1751 3698">
     <span class='ocr_line' id='line_1_69' title="bbox 180 3618 1751 3698; baseline 0.006 -26"><span class='ocrx_word' id='word_1_533' title='bbox 180 3618 359 3691; x_wconf 83' lang='grc' dir='ltr'><strong>χύτως</strong></span> <span class='ocrx_word' id='word_1_534' title='bbox 384 3620 659 3692; x_wconf 79' lang='grc' dir='ltr'><strong>ὲνεπλάκη</strong></span> <span class='ocrx_word' id='word_1_535' title='bbox 690 3622 873 3693; x_wconf 88' lang='grc' dir='ltr'><strong>σαρκί.</strong></span> <span class='ocrx_word' id='word_1_536' title='bbox 892 3623 1080 3689; x_wconf 86' lang='grc' dir='ltr'><strong>Οῦτως</strong></span> <span class='ocrx_word' id='word_1_537' title='bbox 1112 3624 1303 3696; x_wconf 83' lang='grc' dir='ltr'><strong>ἔχοντα</strong></span> <span class='ocrx_word' id='word_1_538' title='bbox 1334 3627 1426 3681; x_wconf 78' lang='grc' dir='ltr'><strong>καὶ</strong></span> <span class='ocrx_word' id='word_1_539' title='bbox 1453 3627 1751 3698; x_wconf 82' lang='grc' dir='ltr'><strong>ὁρώμενον,</strong></span> 
     </span>
    </p>
   </div>
   <div class='ocr_carea' id='block_1_70' title="bbox 180 3710 1753 3788">
    <p class='ocr_par' dir='ltr' id='par_1_70' title="bbox 180 3710 1753 3788">
     <span class='ocr_line' id='line_1_70' title="bbox 180 3710 1753 3788; baseline 0.004 -21"><span class='ocrx_word' id='word_1_540' title='bbox 180 3716 278 3767; x_wconf 80' lang='grc' dir='ltr'><strong>καὶ</strong></span> <span class='ocrx_word' id='word_1_541' title='bbox 308 3713 368 3768; x_wconf 77' lang='grc' dir='ltr'><strong>ἐν</strong></span> <span class='ocrx_word' id='word_1_542' title='bbox 406 3713 537 3768; x_wconf 82' lang='grc' dir='ltr'><strong>εῐδει</strong></span> <span class='ocrx_word' id='word_1_543' title='bbox 567 3713 646 3786; x_wconf 84' lang='grc' dir='ltr'><strong>τῷ</strong></span> <span class='ocrx_word' id='word_1_544' title='bbox 696 3714 827 3768; x_wconf 71' lang='grc' dir='ltr'><strong>καθό</strong></span> <span class='ocrx_word' id='word_1_545' title='bbox 845 3716 994 3787; x_wconf 80' lang='grc' dir='ltr'><strong>ἡμᾶς</strong></span> <span class='ocrx_word' id='word_1_546' title='bbox 1038 3710 1394 3787; x_wconf 74' lang='grc' dir='ltr'><strong>τυγχάνοντα,</strong></span> <span class='ocrx_word' id='word_1_547' title='bbox 1425 3721 1537 3782; x_wconf 88' lang='grc' dir='ltr'><strong>τοῖς</strong></span> <span class='ocrx_word' id='word_1_548' title='bbox 1578 3719 1753 3788; x_wconf 82' lang='grc' dir='ltr'><strong>ἁγίοις</strong></span> 
     </span>
    </p>
   </div>
   <div class='ocr_carea' id='block_1_71' title="bbox 178 3804 1757 3881">
    <p class='ocr_par' dir='ltr' id='par_1_71' title="bbox 178 3804 1757 3881">
     <span class='ocr_line' id='line_1_71' title="bbox 178 3804 1757 3881; baseline 0.003 -21"><span class='ocrx_word' id='word_1_549' title='bbox 178 3804 500 3869; x_wconf 79' lang='grc' dir='ltr'><strong>ἀποστόλοις</strong></span> <span class='ocrx_word' id='word_1_550' title='bbox 542 3805 860 3878; x_wconf 77' lang='grc' dir='ltr'><strong>παρέδειξεν</strong></span> <span class='ocrx_word' id='word_1_551' title='bbox 884 3807 913 3859; x_wconf 86' lang='lat'><strong>6</strong></span> <span class='ocrx_word' id='word_1_552' title='bbox 945 3807 1156 3879; x_wconf 81' lang='grc' dir='ltr'><strong>Πατὴρ,</strong></span> <span class='ocrx_word' id='word_1_553' title='bbox 1192 3811 1377 3881; x_wconf 70' lang='grc' dir='ltr'><strong>φωνῆς</strong></span> <span class='ocrx_word' id='word_1_554' title='bbox 1423 3809 1631 3863; x_wconf 78' lang='grc' dir='ltr'><strong>ἀνωθεν</strong></span> <span class='ocrx_word' id='word_1_555' title='bbox 1664 3812 1757 3864; x_wconf 78' lang='grc' dir='ltr'><strong>ὲκο</strong></span> 
     </span>
    </p>
   </div>
   <div class='ocr_carea' id='block_1_72' title="bbox 177 3894 1754 3971">
    <p class='ocr_par' dir='ltr' id='par_1_72' title="bbox 177 3894 1754 3971">
     <span class='ocr_line' id='line_1_72' title="bbox 177 3894 1754 3971; baseline 0.001 -20"><span class='ocrx_word' id='word_1_556' title='bbox 177 3898 546 3971; x_wconf 81' lang='grc' dir='ltr'><strong>πεμπομένης</strong></span> <span class='ocrx_word' id='word_1_557' title='bbox 592 3897 807 3952; x_wconf 76' lang='grc' dir='ltr'><strong>τοιᾶσδε</strong></span> <span class='ocrx_word' id='word_1_558' title='bbox 830 3915 843 3929; x_wconf 91' lang='grc'><strong>·</strong></span> <span class='ocrx_word' id='word_1_559' title='bbox 886 3917 905 3951; x_wconf 79' lang='lat' dir='ltr'><strong>r</strong></span> <span class='ocrx_word' id='word_1_560' title='bbox 940 3894 1107 3964; x_wconf 75' lang='grc' dir='ltr'><strong>Οὗτός</strong></span> <span class='ocrx_word' id='word_1_561' title='bbox 1157 3901 1305 3953; x_wconf 76' lang='grc' dir='ltr'><strong>ἐστιν</strong></span> <span class='ocrx_word' id='word_1_562' title='bbox 1347 3900 1376 3952; x_wconf 87' lang='lat'><strong>6</strong></span> <span class='ocrx_word' id='word_1_563' title='bbox 1413 3900 1539 3967; x_wconf 80' lang='grc' dir='ltr'><strong>Υἱός</strong></span> <span class='ocrx_word' id='word_1_564' title='bbox 1586 3918 1688 3971; x_wconf 90' lang='grc' dir='ltr'><strong>μου</strong></span> <span class='ocrx_word' id='word_1_565' title='bbox 1724 3901 1754 3952; x_wconf 90' lang='grc' dir='ltr'><strong>ὀ</strong></span> 
     </span>
    </p>
   </div>
   <div class='ocr_carea' id='block_1_73' title="bbox 178 3984 1754 4063">
    <p class='ocr_par' dir='ltr' id='par_1_73' title="bbox 178 3984 1754 4063">
     <span class='ocr_line' id='line_1_73' title="bbox 178 3984 1754 4063; baseline 0.003 -21"><span class='ocrx_word' id='word_1_566' title='bbox 178 3989 484 4063; x_wconf 85' lang='grc' dir='ltr'><strong>ἀγαπητὸς,</strong></span> <span class='ocrx_word' id='word_1_567' title='bbox 523 3992 580 4044; x_wconf 82' lang='grc' dir='ltr'><strong>έν</strong></span> <span class='ocrx_word' id='word_1_568' title='bbox 616 3984 662 4059; x_wconf 83' lang='grc' dir='ltr'>ᾧ</span> <span class='ocrx_word' id='word_1_569' title='bbox 692 3991 1002 4062; x_wconf 82' lang='grc' dir='ltr'><strong>ηὑδόκησα·</strong></span> <span class='ocrx_word' id='word_1_570' title='bbox 1048 3990 1215 4045; x_wconf 84' lang='grc' dir='ltr'><strong>αὐτοῦ</strong></span> <span class='ocrx_word' id='word_1_571' title='bbox 1253 3990 1499 4046; x_wconf 89' lang='grc' dir='ltr'><strong>ἀκούετε.</strong></span> <span class='ocrx_word' id='word_1_572' title='bbox 1535 4012 1553 4046; x_wconf 77' lang='grc' dir='ltr'><strong>ι</strong></span> <span class='ocrx_word' id='word_1_573' title='bbox 1590 3992 1754 4058; x_wconf 84' lang='grc' dir='ltr'><strong>Σύνες</strong></span> 
     </span>
    </p>
   </div>
   <div class='ocr_carea' id='block_1_74' title="bbox 177 4075 1752 4154">
    <p class='ocr_par' dir='ltr' id='par_1_74' title="bbox 177 4075 1752 4154">
     <span class='ocr_line' id='line_1_74' title="bbox 177 4075 1752 4154; baseline 0.003 -21"><span class='ocrx_word' id='word_1_574' title='bbox 177 4075 299 4144; x_wconf 77' lang='grc' dir='ltr'><strong>οὖν,</strong></span> <span class='ocrx_word' id='word_1_575' title='bbox 335 4081 483 4145; x_wconf 78' lang='grc' dir='ltr'><strong>ὅπως</strong></span> <span class='ocrx_word' id='word_1_576' title='bbox 513 4081 634 4149; x_wconf 80' lang='grc' dir='ltr'><strong>οὐκ,</strong></span> <span class='ocrx_word' id='word_1_577' title='bbox 671 4082 760 4136; x_wconf 86' lang='grc' dir='ltr'><strong>Ἐν</strong></span> <span class='ocrx_word' id='word_1_578' title='bbox 792 4082 986 4154; x_wconf 80' lang='grc' dir='ltr'><strong>τούτῳ,</strong></span> <span class='ocrx_word' id='word_1_579' title='bbox 1022 4084 1208 4153; x_wconf 80' lang='grc' dir='ltr'><strong>φησὶν,</strong></span> <span class='ocrx_word' id='word_1_580' title='bbox 1236 4084 1386 4137; x_wconf 77' lang='grc' dir='ltr'><strong>ἐστὶν</strong></span> <span class='ocrx_word' id='word_1_581' title='bbox 1413 4086 1442 4136; x_wconf 89' lang='grc' dir='ltr'>ὀ</span> <span class='ocrx_word' id='word_1_582' title='bbox 1477 4085 1598 4147; x_wconf 83' lang='grc' dir='ltr'><strong>Υίός</strong></span> <span class='ocrx_word' id='word_1_583' title='bbox 1628 4102 1752 4154; x_wconf 89' lang='grc' dir='ltr'><strong>μου,</strong></span> 
     </span>
    </p>
   </div>
   <div class='ocr_carea' id='block_1_75' title="bbox 178 4172 1753 4248">
    <p class='ocr_par' dir='ltr' id='par_1_75' title="bbox 178 4172 1753 4248">
     <span class='ocr_line' id='line_1_75' title="bbox 178 4172 1753 4248; baseline 0.002 -21"><span class='ocrx_word' id='word_1_584' title='bbox 178 4174 272 4228; x_wconf 80' lang='grc' dir='ltr'><strong>ἵνα</strong></span> <span class='ocrx_word' id='word_1_585' title='bbox 309 4172 384 4246; x_wconf 79' lang='grc' dir='ltr'><strong>μὴ</strong></span> <span class='ocrx_word' id='word_1_586' title='bbox 416 4173 522 4228; x_wconf 79' lang='grc' dir='ltr'><strong>ἀνὰ</strong></span> <span class='ocrx_word' id='word_1_587' title='bbox 555 4174 740 4247; x_wconf 83' lang='grc' dir='ltr'><strong>μέρος,</strong></span> <span class='ocrx_word' id='word_1_588' title='bbox 775 4176 850 4240; x_wconf 85' lang='grc' dir='ltr'><strong>ὡς</strong></span> <span class='ocrx_word' id='word_1_589' title='bbox 898 4176 1085 4248; x_wconf 73' lang='grc' dir='ltr'><strong>ἕτερος</strong></span> <span class='ocrx_word' id='word_1_590' title='bbox 1127 4178 1185 4229; x_wconf 80' lang='grc' dir='ltr'><strong>ὲν</strong></span> <span class='ocrx_word' id='word_1_591' title='bbox 1214 4176 1384 4248; x_wconf 77' lang='grc' dir='ltr'><strong>ἑτέρῳ</strong></span> <span class='ocrx_word' id='word_1_592' title='bbox 1430 4176 1609 4248; x_wconf 66' lang='grc' dir='ltr'><strong>τυχὸν,</strong></span> <span class='ocrx_word' id='word_1_593' title='bbox 1638 4177 1753 4232; x_wconf 87' lang='grc' dir='ltr'><strong>ἀλλ’</strong></span> 
     </span>
    </p>
   </div>
   <div class='ocr_carea' id='block_1_76' title="bbox 1850 2994 3420 3061">
    <p class='ocr_par' dir='ltr' id='par_1_76' title="bbox 1850 2994 3420 3061">
     <span class='ocr_line' id='line_1_76' title="bbox 1850 2994 3420 3061; baseline -0.004 -9"><span class='ocrx_word' id='word_1_594' title='bbox 1850 3006 2091 3052; x_wconf 81' lang='lat' dir='ltr'><strong>eatornm</strong></span> <span class='ocrx_word' id='word_1_595' title='bbox 2123 2996 2412 3061; x_wconf 89' lang='lat' dir='ltr'><strong>oblivione,</strong></span> <span class='ocrx_word' id='word_1_596' title='bbox 2436 2994 2536 3050; x_wconf 91' lang='lat' dir='ltr'><strong>hoc</strong></span> <span class='ocrx_word' id='word_1_597' title='bbox 2564 3004 2645 3050; x_wconf 85' lang='lat' dir='ltr'><strong>e&#39;st</strong></span> <span class='ocrx_word' id='word_1_598' title='bbox 2676 2996 3071 3052; x_wconf 86' lang='lat' dir='ltr'><strong>condonatione</strong></span> <span class='ocrx_word' id='word_1_599' title='bbox 3100 2994 3420 3048; x_wconf 84' lang='lat' dir='ltr'><strong>honoratum</strong></span> 
     </span>
    </p>
   </div>
   <div class='ocr_carea' id='block_1_77' title="bbox 1851 3080 3425 3156">
    <p class='ocr_par' dir='ltr' id='par_1_77' title="bbox 1851 3080 3425 3156">
     <span class='ocr_line' id='line_1_77' title="bbox 1851 3080 3425 3156; baseline -0.005 -12"><span class='ocrx_word' id='word_1_600' title='bbox 1851 3096 1953 3144; x_wconf 90' lang='lat' dir='ltr'><strong>est.</strong></span> <span class='ocrx_word' id='word_1_601' title='bbox 2008 3086 2210 3144; x_wconf 87' lang='lat' dir='ltr'><strong>Scribit</strong></span> <span class='ocrx_word' id='word_1_602' title='bbox 2239 3090 2383 3141; x_wconf 88' lang='lat' dir='ltr'><strong>enim</strong></span> <span class='ocrx_word' id='word_1_603' title='bbox 2421 3088 2650 3144; x_wconf 79' lang='lat' dir='ltr'><strong>eximius</strong></span> <span class='ocrx_word' id='word_1_604' title='bbox 2689 3087 2775 3142; x_wconf 90' lang='lat' dir='ltr'><strong>ille</strong></span> <span class='ocrx_word' id='word_1_605' title='bbox 2804 3086 3077 3156; x_wconf 85' lang='lat' dir='ltr'><strong>apostolus</strong></span> <span class='ocrx_word' id='word_1_606' title='bbox 3124 3080 3318 3138; x_wconf 81' lang='lat' dir='ltr'><strong>Paulus</strong></span> <span class='ocrx_word' id='word_1_607' title='bbox 3357 3085 3425 3137; x_wconf 86' lang='lat' dir='ltr'><strong>ad</strong></span> 
     </span>
    </p>
   </div>
   <div class='ocr_carea' id='block_1_78' title="bbox 1852 3175 3425 3248">
    <p class='ocr_par' dir='ltr' id='par_1_78' title="bbox 1852 3175 3425 3248">
     <span class='ocr_line' id='line_1_78' title="bbox 1852 3175 3425 3248; baseline -0.005 -12"><span class='ocrx_word' id='word_1_608' title='bbox 1852 3180 1993 3236; x_wconf 92' lang='lat' dir='ltr'><strong>hunc</strong></span> <span class='ocrx_word' id='word_1_609' title='bbox 2025 3180 2263 3235; x_wconf 89' lang='lat' dir='ltr'><strong>modum.</strong></span> <span class='ocrx_word' id='word_1_610' title='bbox 2315 3197 2334 3229; x_wconf 72' lang='grc' dir='ltr'><strong>ι</strong></span> <span class='ocrx_word' id='word_1_611' title='bbox 2370 3176 2614 3234; x_wconf 89' lang='lat' dir='ltr'><strong>Scientcs</strong></span> <span class='ocrx_word' id='word_1_612' title='bbox 2647 3186 2825 3232; x_wconf 90' lang='lat' dir='ltr'><strong>autem</strong></span> <span class='ocrx_word' id='word_1_613' title='bbox 2876 3178 3000 3248; x_wconf 88' lang='lat' dir='ltr'><strong>quia</strong></span> <span class='ocrx_word' id='word_1_614' title='bbox 3032 3192 3134 3231; x_wconf 89' lang='lat' dir='ltr'><strong>non</strong></span> <span class='ocrx_word' id='word_1_615' title='bbox 3160 3175 3425 3246; x_wconf 74' lang='lat' dir='ltr'><strong>iustiﬁca-</strong></span> 
     </span>
    </p>
   </div>
   <div class='ocr_carea' id='block_1_79' title="bbox 1846 3264 3424 3344">
    <p class='ocr_par' dir='ltr' id='par_1_79' title="bbox 1846 3264 3424 3344">
     <span class='ocr_line' id='line_1_79' title="bbox 1846 3264 3424 3344; baseline -0.003 -19"><span class='ocrx_word' id='word_1_616' title='bbox 1846 3279 1942 3344; x_wconf 42' lang='lat' dir='ltr'><strong>‘tur</strong></span> <span class='ocrx_word' id='word_1_617' title='bbox 1991 3271 2151 3326; x_wconf 89' lang='lat' dir='ltr'><strong>homo</strong></span> <span class='ocrx_word' id='word_1_618' title='bbox 2198 3286 2261 3325; x_wconf 80' lang='lat' dir='ltr'><strong>ex</strong></span> <span class='ocrx_word' id='word_1_619' title='bbox 2304 3271 2555 3340; x_wconf 85' lang='lat' dir='ltr'><strong>operibus</strong></span> <span class='ocrx_word' id='word_1_620' title='bbox 2603 3271 2753 3341; x_wconf 81' lang='lat' dir='ltr'><strong>legis,</strong></span> <span class='ocrx_word' id='word_1_621' title='bbox 2801 3270 2899 3324; x_wconf 93' lang='lat' dir='ltr'><strong>nisi</strong></span> <span class='ocrx_word' id='word_1_622' title='bbox 2945 3283 3037 3339; x_wconf 83' lang='lat' dir='ltr'><strong>per</strong></span> <span class='ocrx_word' id='word_1_623' title='bbox 3080 3268 3234 3323; x_wconf 87' lang='lat' dir='ltr'><strong>tidem</strong></span> <span class='ocrx_word' id='word_1_624' title='bbox 3296 3264 3424 3321; x_wconf 78' lang='lat' dir='ltr'><strong>Jesu</strong></span> 
     </span>
    </p>
   </div>
   <div class='ocr_carea' id='block_1_80' title="bbox 1851 3354 3426 3430">
    <p class='ocr_par' dir='ltr' id='par_1_80' title="bbox 1851 3354 3426 3430">
     <span class='ocr_line' id='line_1_80' title="bbox 1851 3354 3426 3430; baseline -0.003 -13"><span class='ocrx_word' id='word_1_625' title='bbox 1851 3358 2084 3430; x_wconf 87' lang='lat' dir='ltr'><strong>Christi;</strong></span> <span class='ocrx_word' id='word_1_626' title='bbox 2120 3372 2171 3416; x_wconf 88' lang='lat' dir='ltr'><strong>et</strong></span> <span class='ocrx_word' id='word_1_627' title='bbox 2204 3377 2298 3417; x_wconf 87' lang='lat' dir='ltr'><strong>nos</strong></span> <span class='ocrx_word' id='word_1_628' title='bbox 2323 3363 2373 3415; x_wconf 93' lang='lat' dir='ltr'><strong>in</strong></span> <span class='ocrx_word' id='word_1_629' title='bbox 2399 3363 2613 3418; x_wconf 87' lang='lat' dir='ltr'><strong>Christo</strong></span> <span class='ocrx_word' id='word_1_630' title='bbox 2650 3354 2778 3418; x_wconf 77' lang='lat' dir='ltr'><strong>Jesu</strong></span> <span class='ocrx_word' id='word_1_631' title='bbox 2811 3361 3156 3425; x_wconf 84' lang='lat' dir='ltr'><strong>credidimus,</strong></span> <span class='ocrx_word' id='word_1_632' title='bbox 3185 3370 3243 3414; x_wconf 91' lang='lat' dir='ltr'><strong>ut</strong></span> <span class='ocrx_word' id='word_1_633' title='bbox 3264 3359 3426 3429; x_wconf 79' lang='lat' dir='ltr'><strong>justi-</strong></span> 
     </span>
    </p>
   </div>
   <div class='ocr_carea' id='block_1_81' title="bbox 1854 3450 3422 3523">
    <p class='ocr_par' dir='ltr' id='par_1_81' title="bbox 1854 3450 3422 3523">
     <span class='ocr_line' id='line_1_81' title="bbox 1854 3450 3422 3523; baseline -0.002 -19"><span class='ocrx_word' id='word_1_634' title='bbox 1854 3451 2076 3507; x_wconf 84' lang='lat' dir='ltr'><strong>ticemur</strong></span> <span class='ocrx_word' id='word_1_635' title='bbox 2105 3452 2158 3507; x_wconf 90' lang='lat' dir='ltr'><strong>in</strong></span> <span class='ocrx_word' id='word_1_636' title='bbox 2191 3452 2306 3523; x_wconf 86' lang='lat' dir='ltr'><strong>ipso</strong></span> <span class='ocrx_word' id='word_1_637' title='bbox 2332 3452 2397 3505; x_wconf 74' lang='lat'><strong>“.</strong></span> <span class='ocrx_word' id='word_1_638' title='bbox 2434 3468 2452 3504; x_wconf 75' lang='grc' dir='ltr'><strong>ι</strong></span> <span class='ocrx_word' id='word_1_639' title='bbox 2505 3451 2769 3507; x_wconf 67' lang='lat' dir='ltr'><strong>Caeterum</strong></span> <span class='ocrx_word' id='word_1_640' title='bbox 2797 3450 2938 3519; x_wconf 88' lang='lat' dir='ltr'><strong>quod</strong></span> <span class='ocrx_word' id='word_1_641' title='bbox 2976 3465 3136 3519; x_wconf 88' lang='lat' dir='ltr'><strong>supra</strong></span> <span class='ocrx_word' id='word_1_642' title='bbox 3173 3450 3422 3514; x_wconf 83' lang='lat' dir='ltr'><strong>iudicavi,</strong></span> 
     </span>
    </p>
   </div>
   <div class='ocr_carea' id='block_1_82' title="bbox 1854 3537 3420 3615">
    <p class='ocr_par' dir='ltr' id='par_1_82' title="bbox 1854 3537 3420 3615">
     <span class='ocr_line' id='line_1_82' title="bbox 1854 3537 3420 3615; baseline -0.006 -17"><span class='ocrx_word' id='word_1_643' title='bbox 1854 3544 1904 3598; x_wconf 85' lang='lat' dir='ltr'><strong>id</strong></span> <span class='ocrx_word' id='word_1_644' title='bbox 1935 3554 2175 3615; x_wconf 84' lang='lat' dir='ltr'><strong>repetere</strong></span> <span class='ocrx_word' id='word_1_645' title='bbox 2211 3558 2315 3609; x_wconf 79' lang='lat' dir='ltr'><strong>non</strong></span> <span class='ocrx_word' id='word_1_646' title='bbox 2361 3544 2646 3614; x_wconf 80' lang='lat' dir='ltr'><strong>gravabor,</strong></span> <span class='ocrx_word' id='word_1_647' title='bbox 2678 3549 2805 3611; x_wconf 86' lang='lat' dir='ltr'><strong>puta</strong></span> <span class='ocrx_word' id='word_1_648' title='bbox 2843 3541 2933 3596; x_wconf 91' lang='lat' dir='ltr'><strong>Dei</strong></span> <span class='ocrx_word' id='word_1_649' title='bbox 2964 3538 3138 3593; x_wconf 83' lang='lat' dir='ltr'><strong>Patris</strong></span> <span class='ocrx_word' id='word_1_650' title='bbox 3188 3537 3420 3593; x_wconf 82' lang='lat' dir='ltr'><strong>Verbum</strong></span> 
     </span>
    </p>
   </div>
   <div class='ocr_carea' id='block_1_83' title="bbox 1855 3628 3423 3705">
    <p class='ocr_par' dir='ltr' id='par_1_83' title="bbox 1855 3628 3423 3705">
     <span class='ocr_line' id='line_1_83' title="bbox 1855 3628 3423 3705; baseline -0.006 -16"><span class='ocrx_word' id='word_1_651' title='bbox 1855 3636 1993 3690; x_wconf 90' lang='lat' dir='ltr'><strong>unde</strong></span> <span class='ocrx_word' id='word_1_652' title='bbox 2039 3650 2134 3705; x_wconf 89' lang='lat' dir='ltr'><strong>per</strong></span> <span class='ocrx_word' id='word_1_653' title='bbox 2182 3645 2240 3690; x_wconf 85' lang='lat' dir='ltr'><strong>se</strong></span> <span class='ocrx_word' id='word_1_654' title='bbox 2292 3635 2526 3704; x_wconf 88' lang='lat' dir='ltr'><strong>positmn</strong></span> <span class='ocrx_word' id='word_1_655' title='bbox 2576 3650 2679 3689; x_wconf 92' lang='lat' dir='ltr'><strong>non</strong></span> <span class='ocrx_word' id='word_1_656' title='bbox 2729 3633 2950 3702; x_wconf 86' lang='lat' dir='ltr'><strong>intelligi</strong></span> <span class='ocrx_word' id='word_1_657' title='bbox 2994 3630 3299 3693; x_wconf 86' lang='lat' dir='ltr'><strong>Christum;</strong></span> <span class='ocrx_word' id='word_1_658' title='bbox 3329 3628 3423 3684; x_wconf 90' lang='lat' dir='ltr'><strong>sed</strong></span> 
     </span>
    </p>
   </div>
   <div class='ocr_carea' id='block_1_84' title="bbox 1857 3723 3422 3791">
    <p class='ocr_par' dir='ltr' id='par_1_84' title="bbox 1857 3723 3422 3791">
     <span class='ocr_line' id='line_1_84' title="bbox 1857 3723 3422 3791; baseline -0.005 -11"><span class='ocrx_word' id='word_1_659' title='bbox 1857 3736 1981 3781; x_wconf 86' lang='lat' dir='ltr'><strong>tunc</strong></span> <span class='ocrx_word' id='word_1_660' title='bbox 2007 3727 2218 3782; x_wconf 87' lang='lat' dir='ltr'><strong>demqu</strong></span> <span class='ocrx_word' id='word_1_661' title='bbox 2255 3728 2305 3780; x_wconf 90' lang='lat' dir='ltr'><strong>id</strong></span> <span class='ocrx_word' id='word_1_662' title='bbox 2339 3734 2530 3780; x_wconf 85' lang='lat' dir='ltr'><strong>nomen</strong></span> <span class='ocrx_word' id='word_1_663' title='bbox 2561 3724 2878 3791; x_wconf 87' lang='lat' dir='ltr'><strong>obtinuisse,</strong></span> <span class='ocrx_word' id='word_1_664' title='bbox 2915 3739 3038 3778; x_wconf 90' lang='lat' dir='ltr'><strong>cum</strong></span> <span class='ocrx_word' id='word_1_665' title='bbox 3070 3723 3301 3776; x_wconf 86' lang='lat' dir='ltr'><strong>humana</strong></span> <span class='ocrx_word' id='word_1_666' title='bbox 3331 3736 3422 3773; x_wconf 86' lang='lat' dir='ltr'><strong>na-</strong></span> 
     </span>
    </p>
   </div>
   <div class='ocr_carea' id='block_1_85' title="bbox 1856 3806 3423 3881">
    <p class='ocr_par' dir='ltr' id='par_1_85' title="bbox 1856 3806 3423 3881">
     <span class='ocr_line' id='line_1_85' title="bbox 1856 3806 3423 3881; baseline -0.003 -17"><span class='ocrx_word' id='word_1_667' title='bbox 1856 3822 1974 3865; x_wconf 87' lang='lat' dir='ltr'><strong>tura</strong></span> <span class='ocrx_word' id='word_1_668' title='bbox 1998 3822 2269 3881; x_wconf 83' lang='lat' dir='ltr'><strong>assmnpta</strong></span> <span class='ocrx_word' id='word_1_669' title='bbox 2304 3812 2437 3866; x_wconf 89' lang='lat' dir='ltr'><strong>citra</strong></span> <span class='ocrx_word' id='word_1_670' title='bbox 2482 3812 2641 3865; x_wconf 85' lang='lat' dir='ltr'><strong>ullam</strong></span> <span class='ocrx_word' id='word_1_671' title='bbox 2681 3812 2902 3866; x_wconf 89' lang='lat' dir='ltr'><strong>omnino</strong></span> <span class='ocrx_word' id='word_1_672' title='bbox 2932 3808 3296 3864; x_wconf 79' lang='lat' dir='ltr'><strong>coal&#39;usiouem</strong></span> <span class='ocrx_word' id='word_1_673' title='bbox 3327 3806 3423 3861; x_wconf 88' lang='lat' dir='ltr'><strong>ad-</strong></span> 
     </span>
    </p>
   </div>
   <div class='ocr_carea' id='block_1_86' title="bbox 1849 3898 3422 3972">
    <p class='ocr_par' dir='ltr' id='par_1_86' title="bbox 1849 3898 3422 3972">
     <span class='ocr_line' id='line_1_86' title="bbox 1849 3898 3422 3972; baseline -0.004 -15"><span class='ocrx_word' id='word_1_674' title='bbox 1849 3901 2093 3972; x_wconf 73' lang='lat' dir='ltr'><strong>iunctum</strong></span> <span class='ocrx_word' id='word_1_675' title='bbox 2119 3913 2200 3956; x_wconf 88' lang='lat' dir='ltr'><strong>est</strong></span> <span class='ocrx_word' id='word_1_676' title='bbox 2229 3902 2400 3955; x_wconf 86' lang='lat' dir='ltr'><strong>carni.</strong></span> <span class='ocrx_word' id='word_1_677' title='bbox 2434 3899 2508 3956; x_wconf 85' lang='lat' dir='ltr'><strong>Ita</strong></span> <span class='ocrx_word' id='word_1_678' title='bbox 2536 3902 2806 3966; x_wconf 64' lang='lat' dir='ltr'><strong>allectum,</strong></span> <span class='ocrx_word' id='word_1_679' title='bbox 2835 3912 2889 3955; x_wconf 89' lang='lat' dir='ltr'><strong>et</strong></span> <span class='ocrx_word' id='word_1_680' title='bbox 2915 3899 3238 3968; x_wconf 82' lang='lat' dir='ltr'><strong>aspectabile</strong></span> <span class='ocrx_word' id='word_1_681' title='bbox 3260 3898 3422 3951; x_wconf 75' lang='lat' dir='ltr'><strong>allec-</strong></span> 
     </span>
    </p>
   </div>
   <div class='ocr_carea' id='block_1_87' title="bbox 1858 3989 3420 4059">
    <p class='ocr_par' dir='ltr' id='par_1_87' title="bbox 1858 3989 3420 4059">
     <span class='ocr_line' id='line_1_87' title="bbox 1858 3989 3420 4059; baseline -0.002 -16"><span class='ocrx_word' id='word_1_682' title='bbox 1858 4001 1999 4053; x_wconf 86' lang='lat' dir='ltr'><strong>tum,</strong></span> <span class='ocrx_word' id='word_1_683' title='bbox 2049 4000 2339 4059; x_wconf 85' lang='lat' dir='ltr'><strong>nostraque</strong></span> <span class='ocrx_word' id='word_1_684' title='bbox 2402 3991 2572 4045; x_wconf 78' lang='lat' dir='ltr'><strong>fortun</strong></span> <span class='ocrx_word' id='word_1_685' title='bbox 2628 3993 2882 4045; x_wconf 86' lang='lat' dir='ltr'><strong>vestitum</strong></span> <span class='ocrx_word' id='word_1_686' title='bbox 2933 3990 3170 4045; x_wconf 69' lang='lat' dir='ltr'><strong>caele‘stis</strong></span> <span class='ocrx_word' id='word_1_687' title='bbox 3238 3989 3420 4053; x_wconf 88' lang='lat' dir='ltr'><strong>Pater,</strong></span> 
     </span>
    </p>
   </div>
   <div class='ocr_carea' id='block_1_88' title="bbox 1855 4079 3420 4150">
    <p class='ocr_par' dir='ltr' id='par_1_88' title="bbox 1855 4079 3420 4150">
     <span class='ocr_line' id='line_1_88' title="bbox 1855 4079 3420 4150; baseline -0.002 -14"><span class='ocrx_word' id='word_1_688' title='bbox 1855 4095 1986 4136; x_wconf 90' lang='lat' dir='ltr'><strong>voce</strong></span> <span class='ocrx_word' id='word_1_689' title='bbox 2030 4081 2244 4136; x_wconf 65' lang='lat' dir='ltr'><strong>caelitus</strong></span> <span class='ocrx_word' id='word_1_690' title='bbox 2290 4080 2528 4150; x_wconf 89' lang='lat' dir='ltr'><strong>delapsa,</strong></span> <span class='ocrx_word' id='word_1_691' title='bbox 2584 4081 2787 4135; x_wconf 79' lang='lat' dir='ltr'><strong>sanctis</strong></span> <span class='ocrx_word' id='word_1_692' title='bbox 2833 4080 3068 4134; x_wconf 89' lang='lat' dir='ltr'><strong>ostendit</strong></span> <span class='ocrx_word' id='word_1_693' title='bbox 3111 4079 3368 4149; x_wconf 81' lang='lat' dir='ltr'><strong>apostolis</strong></span> <span class='ocrx_word' id='word_1_694' title='bbox 3404 4096 3420 4133; x_wconf 89' lang='lat'><strong>:</strong></span> 
     </span>
    </p>
   </div>
   <div class='ocr_carea' id='block_1_89' title="bbox 1862 4170 3426 4243">
    <p class='ocr_par' dir='ltr' id='par_1_89' title="bbox 1862 4170 3426 4243">
     <span class='ocr_line' id='line_1_89' title="bbox 1862 4170 3426 4243; baseline 0.001 -18"><span class='ocrx_word' id='word_1_695' title='bbox 1862 4191 1881 4225; x_wconf 74' lang='grc' dir='ltr'><strong>ι</strong></span> <span class='ocrx_word' id='word_1_696' title='bbox 1923 4172 2042 4237; x_wconf 88' lang='lat' dir='ltr'><strong>llic,</strong></span> <span class='ocrx_word' id='word_1_697' title='bbox 2072 4172 2267 4243; x_wconf 89' lang='lat' dir='ltr'><strong>inquit,</strong></span> <span class='ocrx_word' id='word_1_698' title='bbox 2301 4182 2382 4226; x_wconf 89' lang='lat' dir='ltr'><strong>est</strong></span> <span class='ocrx_word' id='word_1_699' title='bbox 2409 4170 2580 4227; x_wconf 85' lang='lat' dir='ltr'><strong>Filius</strong></span> <span class='ocrx_word' id='word_1_700' title='bbox 2610 4187 2761 4228; x_wconf 91' lang='lat' dir='ltr'><strong>meus</strong></span> <span class='ocrx_word' id='word_1_701' title='bbox 2800 4171 3046 4233; x_wconf 87' lang='lat' dir='ltr'><strong>dilectus,</strong></span> <span class='ocrx_word' id='word_1_702' title='bbox 3085 4170 3191 4242; x_wconf 81' lang='lat'><strong>33</strong></span> <span class='ocrx_word' id='word_1_703' title='bbox 3224 4173 3274 4226; x_wconf 87' lang='lat' dir='ltr'><strong>in</strong></span> <span class='ocrx_word' id='word_1_704' title='bbox 3315 4184 3426 4240; x_wconf 87' lang='lat' dir='ltr'><strong>quo</strong></span> 
     </span>
    </p>
   </div>
   <div class='ocr_carea' id='block_1_90' title="bbox 179 4260 1745 4341">
    <p class='ocr_par' dir='ltr' id='par_1_90' title="bbox 179 4260 1745 4341">
     <span class='ocr_line' id='line_1_90' title="bbox 179 4260 1745 4341; baseline 0.001 -22"><span class='ocrx_word' id='word_1_705' title='bbox 179 4260 265 4330; x_wconf 70' lang='grc' dir='ltr'><strong>εἷς</strong></span> <span class='ocrx_word' id='word_1_706' title='bbox 295 4267 466 4319; x_wconf 81' lang='grc' dir='ltr'><strong>νοοῖτο</strong></span> <span class='ocrx_word' id='word_1_707' title='bbox 493 4268 522 4320; x_wconf 93' lang='lat'><strong>6</strong></span> <span class='ocrx_word' id='word_1_708' title='bbox 551 4267 711 4333; x_wconf 81' lang='grc' dir='ltr'><strong>αὐτὸς</strong></span> <span class='ocrx_word' id='word_1_709' title='bbox 738 4278 767 4318; x_wconf 74' lang='lat' dir='ltr'><strong>q</strong></span> <span class='ocrx_word' id='word_1_710' title='bbox 792 4267 915 4323; x_wconf 83' lang='grc' dir='ltr'><strong>καθ’</strong></span> <span class='ocrx_word' id='word_1_711' title='bbox 942 4268 1135 4322; x_wconf 72' lang='grc' dir='ltr'><strong>ἕνωσιν</strong></span> <span class='ocrx_word' id='word_1_712' title='bbox 1167 4270 1537 4340; x_wconf 69' lang='grc' dir='ltr'><strong>οἰκονομικήν.</strong></span> <span class='ocrx_word' id='word_1_713' title='bbox 1561 4270 1745 4341; x_wconf 81' lang='grc' dir='ltr'><strong>Πλημ-</strong></span> 
     </span>
    </p>
   </div>
   <div class='ocr_carea' id='block_1_91' title="bbox 1851 4260 3430 4341">
    <p class='ocr_par' dir='ltr' id='par_1_91' title="bbox 1862 4264 3430 4335">
     <span class='ocr_line' id='line_1_91' title="bbox 1862 4264 3430 4335; baseline -0.001 -14"><span class='ocrx_word' id='word_1_714' title='bbox 1862 4268 1989 4321; x_wconf 90' lang='lat' dir='ltr'><strong>mihi</strong></span> <span class='ocrx_word' id='word_1_715' title='bbox 2033 4265 2171 4321; x_wconf 86' lang='lat' dir='ltr'><strong>bene</strong></span> <span class='ocrx_word' id='word_1_716' title='bbox 2209 4264 2542 4335; x_wconf 86' lang='lat' dir='ltr'><strong>complacui;</strong></span> <span class='ocrx_word' id='word_1_717' title='bbox 2577 4266 2750 4335; x_wconf 91' lang='lat' dir='ltr'><strong>ipsum</strong></span> <span class='ocrx_word' id='word_1_718' title='bbox 2796 4265 2977 4319; x_wconf 88' lang='lat' dir='ltr'><strong>audite</strong></span> <span class='ocrx_word' id='word_1_719' title='bbox 3010 4264 3073 4319; x_wconf 79' lang='grc'><strong>’³.</strong></span> <span class='ocrx_word' id='word_1_720' title='bbox 3120 4283 3138 4316; x_wconf 75' lang='grc' dir='ltr'><strong>ι</strong></span> <span class='ocrx_word' id='word_1_721' title='bbox 3192 4265 3430 4319; x_wconf 78' lang='lat' dir='ltr'><strong>Adverte</strong></span> 
     </span>
    </p>
   </div>
   <div class='ocr_carea' id='block_1_92' title="bbox 184 4357 1756 4433">
    <p class='ocr_par' dir='ltr' id='par_1_92' title="bbox 184 4357 1756 4433">
     <span class='ocr_line' id='line_1_92' title="bbox 184 4357 1756 4433; baseline 0.004 -23"><span class='ocrx_word' id='word_1_722' title='bbox 184 4357 349 4430; x_wconf 76' lang='grc' dir='ltr'><strong>μελὲς</strong></span> <span class='ocrx_word' id='word_1_723' title='bbox 377 4358 434 4411; x_wconf 75' lang='grc' dir='ltr'><strong>δὲ</strong></span> <span class='ocrx_word' id='word_1_724' title='bbox 453 4359 532 4412; x_wconf 81' lang='grc' dir='ltr'><strong>ὅτι</strong></span> <span class='ocrx_word' id='word_1_725' title='bbox 561 4359 623 4414; x_wconf 81' lang='grc' dir='ltr'><strong>τὸ</strong></span> <span class='ocrx_word' id='word_1_726' title='bbox 642 4360 959 4415; x_wconf 86' lang='grc' dir='ltr'><strong>ἀντιτείνειν</strong></span> <span class='ocrx_word' id='word_1_727' title='bbox 984 4361 1122 4427; x_wconf 80' lang='grc' dir='ltr'><strong>ἐστὶ,</strong></span> <span class='ocrx_word' id='word_1_728' title='bbox 1151 4362 1249 4415; x_wconf 78' lang='grc' dir='ltr'><strong>καὶ</strong></span> <span class='ocrx_word' id='word_1_729' title='bbox 1272 4361 1382 4415; x_wconf 83' lang='grc' dir='ltr'><strong>τῶν</strong></span> <span class='ocrx_word' id='word_1_730' title='bbox 1406 4362 1488 4415; x_wconf 84' lang='grc' dir='ltr'><strong>ὅτι</strong></span> <span class='ocrx_word' id='word_1_731' title='bbox 1524 4362 1756 4433; x_wconf 84' lang='grc' dir='ltr'><strong>μάλιστα</strong></span> 
     </span>
    </p>
   </div>
   <div class='ocr_carea' id='block_1_93' title="bbox 185 4444 1753 4524">
    <p class='ocr_par' dir='ltr' id='par_1_93' title="bbox 185 4444 1753 4524">
     <span class='ocr_line' id='line_1_93' title="bbox 185 4444 1753 4524; baseline 0.006 -28"><span class='ocrx_word' id='word_1_732' title='bbox 185 4444 638 4517; x_wconf 82' lang='grc' dir='ltr'><strong>σφαλερωτάτων,</strong></span> <span class='ocrx_word' id='word_1_733' title='bbox 698 4449 981 4505; x_wconf 88' lang='grc' dir='ltr'><strong>ἀναπείθει</strong></span> <span class='ocrx_word' id='word_1_734' title='bbox 1033 4451 1260 4524; x_wconf 81' lang='grc' dir='ltr'><strong>γράφων</strong></span> <span class='ocrx_word' id='word_1_735' title='bbox 1326 4451 1579 4522; x_wconf 85' lang='grc' dir='ltr'><strong>Ἰωάννης</strong></span> <span class='ocrx_word' id='word_1_736' title='bbox 1626 4452 1753 4506; x_wconf 86' lang='grc' dir='ltr'><strong>ὠδί-</strong></span> 
     </span>
    </p>
   </div>
   <div class='ocr_carea' id='block_1_94' title="bbox 188 4532 1752 4613">
    <p class='ocr_par' dir='ltr' id='par_1_94' title="bbox 188 4532 1752 4613">
     <span class='ocr_line' id='line_1_94' title="bbox 188 4532 1752 4613; baseline 0.007 -28"><span class='ocrx_word' id='word_1_737' title='bbox 188 4551 208 4585; x_wconf 74' lang='grc' dir='ltr'><strong>ι</strong></span> <span class='ocrx_word' id='word_1_738' title='bbox 245 4532 370 4587; x_wconf 81' lang='grc' dir='ltr'><strong>Ὀτι</strong></span> <span class='ocrx_word' id='word_1_739' title='bbox 405 4534 542 4608; x_wconf 83' lang='grc' dir='ltr'><strong>αὕτη</strong></span> <span class='ocrx_word' id='word_1_740' title='bbox 587 4538 733 4591; x_wconf 77' lang='grc' dir='ltr'><strong>ἐστὶν</strong></span> <span class='ocrx_word' id='word_1_741' title='bbox 778 4540 810 4610; x_wconf 73' lang='grc' dir='ltr'>ἡ</span> <span class='ocrx_word' id='word_1_742' title='bbox 852 4541 1129 4612; x_wconf 86' lang='grc' dir='ltr'><strong>μαρτυρία</strong></span> <span class='ocrx_word' id='word_1_743' title='bbox 1173 4540 1267 4595; x_wconf 89' lang='grc' dir='ltr'><strong>τοῦ</strong></span> <span class='ocrx_word' id='word_1_744' title='bbox 1300 4540 1458 4607; x_wconf 88' lang='grc' dir='ltr'><strong>Θεοῦ,</strong></span> <span class='ocrx_word' id='word_1_745' title='bbox 1488 4542 1569 4595; x_wconf 76' lang='grc' dir='ltr'><strong>ὅτι</strong></span> <span class='ocrx_word' id='word_1_746' title='bbox 1604 4551 1629 4581; x_wconf 67' lang='grc' dir='ltr'><em>τ</em></span> <span class='ocrx_word' id='word_1_747' title='bbox 1652 4552 1752 4613; x_wconf 74' lang='grc' dir='ltr'><strong>’με-</strong></span> 
     </span>
    </p>
   </div>
   <div class='ocr_carea' id='block_1_95' title="bbox 183 4624 1758 4699">
    <p class='ocr_par' dir='ltr' id='par_1_95' title="bbox 183 4624 1758 4699">
     <span class='ocr_line' id='line_1_95' title="bbox 183 4624 1758 4699; baseline 0.007 -23"><span class='ocrx_word' id='word_1_748' title='bbox 183 4624 505 4697; x_wconf 79' lang='grc' dir='ltr'><strong>μαρτύρηκε</strong></span> <span class='ocrx_word' id='word_1_749' title='bbox 552 4628 682 4699; x_wconf 75' lang='grc' dir='ltr'><strong>περὶ</strong></span> <span class='ocrx_word' id='word_1_750' title='bbox 728 4628 821 4682; x_wconf 90' lang='grc' dir='ltr'><strong>τοῦ</strong></span> <span class='ocrx_word' id='word_1_751' title='bbox 861 4629 990 4683; x_wconf 87' lang='grc' dir='ltr'><strong>Υίοῦ</strong></span> <span class='ocrx_word' id='word_1_752' title='bbox 1036 4631 1224 4686; x_wconf 83' lang='grc' dir='ltr'><strong>αὑτοῦ.</strong></span> <span class='ocrx_word' id='word_1_753' title='bbox 1261 4632 1318 4685; x_wconf 90' lang='lat'><strong>&#39;0</strong></span> <span class='ocrx_word' id='word_1_754' title='bbox 1365 4632 1634 4686; x_wconf 86' lang='grc' dir='ltr'><strong>πιστεύων</strong></span> <span class='ocrx_word' id='word_1_755' title='bbox 1677 4635 1758 4697; x_wconf 86' lang='grc' dir='ltr'><strong>είς</strong></span> 
     </span>
    </p>
   </div>
   <div class='ocr_carea' id='block_1_96' title="bbox 179 4708 1758 4794">
    <p class='ocr_par' dir='ltr' id='par_1_96' title="bbox 179 4708 1758 4794">
     <span class='ocr_line' id='line_1_96' title="bbox 179 4708 1758 4794; baseline 0.008 -29"><span class='ocrx_word' id='word_1_756' title='bbox 179 4713 277 4766; x_wconf 77' lang='grc' dir='ltr'><strong>τὸν</strong></span> <span class='ocrx_word' id='word_1_757' title='bbox 304 4713 433 4769; x_wconf 79' lang='grc' dir='ltr'><strong>Υίὸν</strong></span> <span class='ocrx_word' id='word_1_758' title='bbox 460 4716 556 4770; x_wconf 87' lang='grc' dir='ltr'><strong>τοῦ</strong></span> <span class='ocrx_word' id='word_1_759' title='bbox 595 4717 753 4783; x_wconf 89' lang='grc' dir='ltr'><strong>Θεοῦ,</strong></span> <span class='ocrx_word' id='word_1_760' title='bbox 783 4718 896 4788; x_wconf 82' lang='grc' dir='ltr'><strong>ἔχει</strong></span> <span class='ocrx_word' id='word_1_761' title='bbox 921 4708 1031 4789; x_wconf 55' lang='grc' dir='ltr'><strong>τὴν</strong></span> <span class='ocrx_word' id='word_1_762' title='bbox 1055 4722 1362 4794; x_wconf 81' lang='grc' dir='ltr'><strong>μαρτυρίαν</strong></span> <span class='ocrx_word' id='word_1_763' title='bbox 1407 4722 1499 4776; x_wconf 92' lang='grc' dir='ltr'><strong>τοῦ</strong></span> <span class='ocrx_word' id='word_1_764' title='bbox 1530 4722 1665 4778; x_wconf 91' lang='grc' dir='ltr'><strong>Θεοῦ</strong></span> <span class='ocrx_word' id='word_1_765' title='bbox 1699 4725 1758 4778; x_wconf 83' lang='grc' dir='ltr'><strong>ὲν</strong></span> 
     </span>
    </p>
   </div>
   <div class='ocr_carea' id='block_1_97' title="bbox 179 4804 1759 4884">
    <p class='ocr_par' dir='ltr' id='par_1_97' title="bbox 179 4804 1759 4884">
     <span class='ocr_line' id='line_1_97' title="bbox 179 4804 1759 4884; baseline 0.008 -28"><span class='ocrx_word' id='word_1_766' title='bbox 179 4804 380 4875; x_wconf 76' lang='grc' dir='ltr'><strong>ἑαυτῷ·</strong></span> <span class='ocrx_word' id='word_1_767' title='bbox 400 4806 430 4858; x_wconf 86' lang='grc' dir='ltr'><strong>ὁ</strong></span> <span class='ocrx_word' id='word_1_768' title='bbox 453 4806 527 4878; x_wconf 82' lang='grc' dir='ltr'><strong>μὴ</strong></span> <span class='ocrx_word' id='word_1_769' title='bbox 544 4808 816 4863; x_wconf 86' lang='grc' dir='ltr'><strong>πιστεύων</strong></span> <span class='ocrx_word' id='word_1_770' title='bbox 845 4807 969 4881; x_wconf 89' lang='grc' dir='ltr'><strong>[είς]</strong></span> <span class='ocrx_word' id='word_1_771' title='bbox 992 4810 1085 4863; x_wconf 80' lang='grc' dir='ltr'><strong>τὸν</strong></span> <span class='ocrx_word' id='word_1_772' title='bbox 1105 4812 1252 4875; x_wconf 79' lang='grc' dir='ltr'><strong>Υἱὸν,</strong></span> <span class='ocrx_word' id='word_1_773' title='bbox 1272 4812 1508 4884; x_wconf 81' lang='grc' dir='ltr'><strong>ψεύστην</strong></span> <span class='ocrx_word' id='word_1_774' title='bbox 1531 4816 1759 4884; x_wconf 84' lang='grc' dir='ltr'><strong>πεποίη-</strong></span> 
     </span>
    </p>
   </div>
   <div class='ocr_carea' id='block_1_98' title="bbox 177 4896 1758 4974">
    <p class='ocr_par' dir='ltr' id='par_1_98' title="bbox 177 4896 1758 4974">
     <span class='ocr_line' id='line_1_98' title="bbox 177 4896 1758 4974; baseline 0.006 -26"><span class='ocrx_word' id='word_1_775' title='bbox 177 4909 284 4948; x_wconf 80' lang='grc' dir='ltr'><strong>κεν</strong></span> <span class='ocrx_word' id='word_1_776' title='bbox 313 4896 495 4960; x_wconf 79' lang='grc' dir='ltr'><strong>αὐτὸν,</strong></span> <span class='ocrx_word' id='word_1_777' title='bbox 524 4898 608 4952; x_wconf 85' lang='grc' dir='ltr'><strong>ὄτι</strong></span> <span class='ocrx_word' id='word_1_778' title='bbox 632 4899 732 4951; x_wconf 87' lang='grc' dir='ltr'><strong>οὐκ</strong></span> <span class='ocrx_word' id='word_1_779' title='bbox 756 4898 1074 4954; x_wconf 70' lang='grc' dir='ltr'><strong>ἐπίστευσεν</strong></span> <span class='ocrx_word' id='word_1_780' title='bbox 1108 4903 1189 4965; x_wconf 88' lang='grc' dir='ltr'><strong>είς</strong></span> <span class='ocrx_word' id='word_1_781' title='bbox 1215 4903 1315 4974; x_wconf 67' lang='grc' dir='ltr'><strong>τὴν</strong></span> <span class='ocrx_word' id='word_1_782' title='bbox 1344 4905 1667 4974; x_wconf 84' lang='grc' dir='ltr'><strong>μαρτυρίαν,</strong></span> <span class='ocrx_word' id='word_1_783' title='bbox 1692 4908 1758 4974; x_wconf 80' lang='grc' dir='ltr'><strong>ἣν</strong></span> 
     </span>
    </p>
   </div>
   <div class='ocr_carea' id='block_1_99' title="bbox 182 4970 1757 5062">
    <p class='ocr_par' dir='ltr' id='par_1_99' title="bbox 182 4970 1757 5062">
     <span class='ocr_line' id='line_1_99' title="bbox 182 4970 1757 5062; baseline 0.008 -25"><span class='ocrx_word' id='word_1_784' title='bbox 182 4988 612 5060; x_wconf 82' lang='grc' dir='ltr'><strong>μεμαρτύρηκεν</strong></span> <span class='ocrx_word' id='word_1_785' title='bbox 655 4992 684 5043; x_wconf 91' lang='lat'><strong>6</strong></span> <span class='ocrx_word' id='word_1_786' title='bbox 724 4990 855 5053; x_wconf 81' lang='grc' dir='ltr'><strong>Θεὸς</strong></span> <span class='ocrx_word' id='word_1_787' title='bbox 884 4991 1012 5062; x_wconf 75' lang='grc' dir='ltr'><strong>περὶ</strong></span> <span class='ocrx_word' id='word_1_788' title='bbox 1055 4991 1151 5046; x_wconf 88' lang='grc' dir='ltr'><strong>τοῦ</strong></span> <span class='ocrx_word' id='word_1_789' title='bbox 1190 4970 1320 5047; x_wconf 56' lang='lat' dir='ltr'><strong>fieri</strong></span> <span class='ocrx_word' id='word_1_790' title='bbox 1346 4970 1547 5049; x_wconf 74' lang='grc' dir='ltr'><strong>αὑτοῦ.</strong></span> <span class='ocrx_word' id='word_1_791' title='bbox 1588 4970 1757 5050; x_wconf 70' lang='grc' dir='ltr'><strong>»Μέ-</strong></span> 
     </span>
    </p>
   </div>
   <div class='ocr_carea' id='block_1_100' title="bbox 182 5075 1754 5157">
    <p class='ocr_par' dir='ltr' id='par_1_100' title="bbox 182 5075 1754 5157">
     <span class='ocr_line' id='line_1_100' title="bbox 182 5075 1754 5157; baseline 0.004 -26"><span class='ocrx_word' id='word_1_792' title='bbox 182 5078 506 5148; x_wconf 82' lang='grc' dir='ltr'><strong>μαρτύρηκε</strong></span> <span class='ocrx_word' id='word_1_793' title='bbox 542 5079 620 5144; x_wconf 81' lang='grc' dir='ltr'><strong>δὲ,</strong></span> <span class='ocrx_word' id='word_1_794' title='bbox 652 5081 735 5134; x_wconf 79' lang='grc' dir='ltr'><strong>ὅτι</strong></span> <span class='ocrx_word' id='word_1_795' title='bbox 767 5075 935 5143; x_wconf 77' lang='grc' dir='ltr'><strong>Οὗτος</strong></span> <span class='ocrx_word' id='word_1_796' title='bbox 961 5084 990 5134; x_wconf 91' lang='lat'><strong>6</strong></span> <span class='ocrx_word' id='word_1_797' title='bbox 1020 5082 1156 5150; x_wconf 82' lang='grc' dir='ltr'><strong>μετά</strong></span> <span class='ocrx_word' id='word_1_798' title='bbox 1209 5083 1429 5152; x_wconf 71' lang='grc' dir='ltr'><strong>σαρκὸς,</strong></span> <span class='ocrx_word' id='word_1_799' title='bbox 1466 5085 1560 5137; x_wconf 74' lang='grc' dir='ltr'><strong>καὶ</strong></span> <span class='ocrx_word' id='word_1_800' title='bbox 1589 5088 1646 5137; x_wconf 85' lang='grc' dir='ltr'><strong>ὲν</strong></span> <span class='ocrx_word' id='word_1_801' title='bbox 1686 5088 1754 5157; x_wconf 78' lang='grc' dir='ltr'><strong>τῇ</strong></span> 
     </span>
    </p>
   </div>
   <div class='ocr_carea' id='block_1_101' title="bbox 1853 4353 3429 4426">
    <p class='ocr_par' dir='ltr' id='par_1_101' title="bbox 1853 4353 3429 4426">
     <span class='ocr_line' id='line_1_101' title="bbox 1853 4353 3429 4426; baseline -0.002 -15"><span class='ocrx_word' id='word_1_802' title='bbox 1853 4365 2032 4412; x_wconf 87' lang='lat' dir='ltr'><strong>autem</strong></span> <span class='ocrx_word' id='word_1_803' title='bbox 2072 4355 2340 4426; x_wconf 87' lang='lat' dir='ltr'><strong>quomodo</strong></span> <span class='ocrx_word' id='word_1_804' title='bbox 2386 4355 2473 4410; x_wconf 88' lang='lat' dir='ltr'><strong>hic</strong></span> <span class='ocrx_word' id='word_1_805' title='bbox 2510 4370 2614 4410; x_wconf 90' lang='lat' dir='ltr'><strong>non</strong></span> <span class='ocrx_word' id='word_1_806' title='bbox 2654 4355 2843 4410; x_wconf 89' lang='lat' dir='ltr'><strong>dicat:</strong></span> <span class='ocrx_word' id='word_1_807' title='bbox 2881 4353 2935 4409; x_wconf 90' lang='lat' dir='ltr'><strong>ln</strong></span> <span class='ocrx_word' id='word_1_808' title='bbox 2982 4356 3082 4411; x_wconf 90' lang='lat' dir='ltr'><strong>hoc</strong></span> <span class='ocrx_word' id='word_1_809' title='bbox 3126 4364 3209 4409; x_wconf 84' lang='lat' dir='ltr'><strong>est</strong></span> <span class='ocrx_word' id='word_1_810' title='bbox 3260 4354 3429 4408; x_wconf 79' lang='lat' dir='ltr'><strong>Filius</strong></span> 
     </span>
    </p>
   </div>
   <div class='ocr_carea' id='block_1_102' title="bbox 1852 4447 3424 4517">
    <p class='ocr_par' dir='ltr' id='par_1_102' title="bbox 1852 4447 3424 4517">
     <span class='ocr_line' id='line_1_102' title="bbox 1852 4447 3424 4517; baseline -0.002 -14"><span class='ocrx_word' id='word_1_811' title='bbox 1852 4465 2038 4517; x_wconf 63' lang='lat' dir='ltr'><strong>uicus;</strong></span> <span class='ocrx_word' id='word_1_812' title='bbox 2074 4464 2173 4505; x_wconf 92' lang='lat' dir='ltr'><strong>nec</strong></span> <span class='ocrx_word' id='word_1_813' title='bbox 2224 4463 2467 4504; x_wconf 89' lang='lat' dir='ltr'><strong>seorsum</strong></span> <span class='ocrx_word' id='word_1_814' title='bbox 2510 4459 2571 4503; x_wconf 88' lang='lat' dir='ltr'><strong>ut</strong></span> <span class='ocrx_word' id='word_1_815' title='bbox 2612 4448 2749 4503; x_wconf 89' lang='lat' dir='ltr'><strong>alter</strong></span> <span class='ocrx_word' id='word_1_816' title='bbox 2785 4449 2837 4503; x_wconf 92' lang='lat' dir='ltr'><strong>in</strong></span> <span class='ocrx_word' id='word_1_817' title='bbox 2865 4447 3035 4503; x_wconf 85' lang='lat' dir='ltr'><strong>altero</strong></span> <span class='ocrx_word' id='word_1_818' title='bbox 3077 4447 3424 4517; x_wconf 81' lang='lat' dir='ltr'><strong>intelligatur,</strong></span> 
     </span>
    </p>
   </div>
   <div class='ocr_carea' id='block_1_103' title="bbox 1851 4541 3431 4613">
    <p class='ocr_par' dir='ltr' id='par_1_103' title="bbox 1851 4541 3431 4613">
     <span class='ocr_line' id='line_1_103' title="bbox 1851 4541 3431 4613; baseline -0.003 -18"><span class='ocrx_word' id='word_1_819' title='bbox 1851 4542 1946 4596; x_wconf 87' lang='lat' dir='ltr'><strong>sed</strong></span> <span class='ocrx_word' id='word_1_820' title='bbox 1985 4545 2277 4598; x_wconf 86' lang='lat' dir='ltr'><strong>secundum</strong></span> <span class='ocrx_word' id='word_1_821' title='bbox 2305 4541 2754 4613; x_wconf 89' lang='lat' dir='ltr'><strong>dispensatoriam</strong></span> <span class='ocrx_word' id='word_1_822' title='bbox 2788 4542 3037 4595; x_wconf 88' lang='lat' dir='ltr'><strong>unionem</strong></span> <span class='ocrx_word' id='word_1_823' title='bbox 3083 4553 3222 4593; x_wconf 90' lang='lat' dir='ltr'><strong>unus</strong></span> <span class='ocrx_word' id='word_1_824' title='bbox 3257 4541 3431 4593; x_wconf 73' lang='lat' dir='ltr'><strong>idem-</strong></span> 
     </span>
    </p>
   </div>
   <div class='ocr_carea' id='block_1_104' title="bbox 1852 4613 3427 4702">
    <p class='ocr_par' dir='ltr' id='par_1_104' title="bbox 1852 4613 3427 4702">
     <span class='ocr_line' id='line_1_104' title="bbox 1852 4613 3427 4702; baseline -0.004 -20"><span class='ocrx_word' id='word_1_825' title='bbox 1852 4646 1957 4702; x_wconf 88' lang='lat' dir='ltr'><strong>que</strong></span> <span class='ocrx_word' id='word_1_826' title='bbox 2009 4613 2328 4702; x_wconf 81' lang='lat' dir='ltr'><strong>simpliciter</strong></span> <span class='ocrx_word' id='word_1_827' title='bbox 2395 4631 2714 4700; x_wconf 82' lang='lat' dir='ltr'><strong>accipiatur.</strong></span> <span class='ocrx_word' id='word_1_828' title='bbox 2801 4629 3012 4695; x_wconf 86' lang='lat' dir='ltr'><strong>Quanto</strong></span> <span class='ocrx_word' id='word_1_829' title='bbox 3067 4636 3243 4681; x_wconf 88' lang='lat' dir='ltr'><strong>autem</strong></span> <span class='ocrx_word' id='word_1_830' title='bbox 3302 4639 3427 4678; x_wconf 85' lang='lat' dir='ltr'><strong>cum</strong></span> 
     </span>
    </p>
   </div>
   <div class='ocr_carea' id='block_1_105' title="bbox 1859 4713 3424 4790">
    <p class='ocr_par' dir='ltr' id='par_1_105' title="bbox 1859 4713 3424 4790">
     <span class='ocr_line' id='line_1_105' title="bbox 1859 4713 3424 4790; baseline -0.008 -14"><span class='ocrx_word' id='word_1_831' title='bbox 1859 4721 2172 4777; x_wconf 89' lang='lat' dir='ltr'><strong>discrimine</strong></span> <span class='ocrx_word' id='word_1_832' title='bbox 2215 4735 2510 4790; x_wconf 88' lang='lat' dir='ltr'><strong>erroreque</strong></span> <span class='ocrx_word' id='word_1_833' title='bbox 2552 4720 2899 4789; x_wconf 76' lang='lat' dir='ltr'><strong>coniunctum</strong></span> <span class='ocrx_word' id='word_1_834' title='bbox 2931 4721 3022 4781; x_wconf 83' lang='lat' dir='ltr'><strong>sit,</strong></span> <span class='ocrx_word' id='word_1_835' title='bbox 3050 4719 3195 4771; x_wconf 89' lang='lat' dir='ltr'><strong>hisce</strong></span> <span class='ocrx_word' id='word_1_836' title='bbox 3230 4713 3424 4773; x_wconf 85' lang='lat' dir='ltr'><strong>obniti,</strong></span> 
     </span>
    </p>
   </div>
   <div class='ocr_carea' id='block_1_106' title="bbox 1860 4807 3427 4874">
    <p class='ocr_par' dir='ltr' id='par_1_106' title="bbox 1860 4807 3427 4874">
     <span class='ocr_line' id='line_1_106' title="bbox 1860 4807 3427 4874; baseline -0.004 -8"><span class='ocrx_word' id='word_1_837' title='bbox 1860 4812 1911 4866; x_wconf 88' lang='lat' dir='ltr'><strong>id</strong></span> <span class='ocrx_word' id='word_1_838' title='bbox 1938 4810 2788 4874; x_wconf 84' lang='lat' dir='ltr'><strong>dilucidedemonstratJoannes,</strong></span> <span class='ocrx_word' id='word_1_839' title='bbox 2811 4811 2880 4863; x_wconf 87' lang='lat' dir='ltr'><strong>ita</strong></span> <span class='ocrx_word' id='word_1_840' title='bbox 2915 4809 3160 4863; x_wconf 88' lang='lat' dir='ltr'><strong>scribens</strong></span> <span class='ocrx_word' id='word_1_841' title='bbox 3187 4823 3201 4860; x_wconf 90' lang='lat'><strong>:</strong></span> <span class='ocrx_word' id='word_1_842' title='bbox 3233 4826 3251 4859; x_wconf 75' lang='grc' dir='ltr'><strong>ι</strong></span> <span class='ocrx_word' id='word_1_843' title='bbox 3283 4807 3427 4874; x_wconf 80' lang='lat' dir='ltr'><strong>Quo-</strong></span> 
     </span>
    </p>
   </div>
   <div class='ocr_carea' id='block_1_107' title="bbox 1857 4898 3432 4969">
    <p class='ocr_par' dir='ltr' id='par_1_107' title="bbox 1857 4898 3432 4969">
     <span class='ocr_line' id='line_1_107' title="bbox 1857 4898 3432 4969; baseline -0.003 -12"><span class='ocrx_word' id='word_1_844' title='bbox 1857 4905 2000 4958; x_wconf 86' lang='lat' dir='ltr'><strong>niam</strong></span> <span class='ocrx_word' id='word_1_845' title='bbox 2030 4905 2132 4957; x_wconf 91' lang='lat' dir='ltr'><strong>hoc</strong></span> <span class='ocrx_word' id='word_1_846' title='bbox 2160 4912 2245 4956; x_wconf 90' lang='lat' dir='ltr'><strong>cst</strong></span> <span class='ocrx_word' id='word_1_847' title='bbox 2277 4903 2644 4957; x_wconf 91' lang='lat' dir='ltr'><strong>testimonium</strong></span> <span class='ocrx_word' id='word_1_848' title='bbox 2679 4902 2794 4963; x_wconf 91' lang='lat' dir='ltr'><strong>Dei,</strong></span> <span class='ocrx_word' id='word_1_849' title='bbox 2832 4902 2973 4969; x_wconf 90' lang='lat' dir='ltr'><strong>quod</strong></span> <span class='ocrx_word' id='word_1_850' title='bbox 3004 4909 3087 4954; x_wconf 87' lang='lat' dir='ltr'><strong>est</strong></span> <span class='ocrx_word' id='word_1_851' title='bbox 3112 4898 3432 4953; x_wconf 77' lang='lat' dir='ltr'><strong>testiﬁcatus</strong></span> 
     </span>
    </p>
   </div>
   <div class='ocr_carea' id='block_1_108' title="bbox 1856 4989 3433 5067">
    <p class='ocr_par' dir='ltr' id='par_1_108' title="bbox 1856 4989 3433 5067">
     <span class='ocr_line' id='line_1_108' title="bbox 1856 4989 3433 5067; baseline -0.003 -21"><span class='ocrx_word' id='word_1_852' title='bbox 1856 4995 1923 5048; x_wconf 89' lang='lat' dir='ltr'><strong>de</strong></span> <span class='ocrx_word' id='word_1_853' title='bbox 1952 4993 2088 5047; x_wconf 79' lang='lat' dir='ltr'><strong>Filio</strong></span> <span class='ocrx_word' id='word_1_854' title='bbox 2117 5007 2239 5048; x_wconf 90' lang='lat' dir='ltr'><strong>suo.</strong></span> <span class='ocrx_word' id='word_1_855' title='bbox 2279 4993 2382 5058; x_wconf 87' lang='lat' dir='ltr'><strong>Qui</strong></span> <span class='ocrx_word' id='word_1_856' title='bbox 2420 4992 2594 5048; x_wconf 87' lang='lat' dir='ltr'><strong>credit</strong></span> <span class='ocrx_word' id='word_1_857' title='bbox 2627 4992 2682 5047; x_wconf 87' lang='lat' dir='ltr'><strong>in</strong></span> <span class='ocrx_word' id='word_1_858' title='bbox 2717 4991 2914 5045; x_wconf 73' lang='lat' dir='ltr'><strong>Filium</strong></span> <span class='ocrx_word' id='word_1_859' title='bbox 2950 4991 3065 5055; x_wconf 78' lang='lat' dir='ltr'><strong>Dei,</strong></span> <span class='ocrx_word' id='word_1_860' title='bbox 3094 4990 3255 5043; x_wconf 88' lang='lat' dir='ltr'><strong>habet</strong></span> <span class='ocrx_word' id='word_1_861' title='bbox 3282 4989 3433 5067; x_wconf 75' lang='lat' dir='ltr'><strong>testi-</strong></span> 
     </span>
    </p>
   </div>
   <div class='ocr_carea' id='block_1_109' title="bbox 1858 5078 3431 5148">
    <p class='ocr_par' dir='ltr' id='par_1_109' title="bbox 1858 5078 3431 5148">
     <span class='ocr_line' id='line_1_109' title="bbox 1858 5078 3431 5148; baseline -0.004 -10"><span class='ocrx_word' id='word_1_862' title='bbox 1858 5085 2093 5139; x_wconf 89' lang='lat' dir='ltr'><strong>monium</strong></span> <span class='ocrx_word' id='word_1_863' title='bbox 2149 5085 2238 5138; x_wconf 90' lang='lat' dir='ltr'><strong>Dei</strong></span> <span class='ocrx_word' id='word_1_864' title='bbox 2289 5084 2341 5137; x_wconf 91' lang='lat' dir='ltr'><strong>in</strong></span> <span class='ocrx_word' id='word_1_865' title='bbox 2383 5098 2462 5138; x_wconf 90' lang='lat' dir='ltr'><strong>se.</strong></span> <span class='ocrx_word' id='word_1_866' title='bbox 2506 5082 2606 5148; x_wconf 85' lang='lat' dir='ltr'><strong>Qui</strong></span> <span class='ocrx_word' id='word_1_867' title='bbox 2652 5096 2756 5137; x_wconf 92' lang='lat' dir='ltr'><strong>non</strong></span> <span class='ocrx_word' id='word_1_868' title='bbox 2803 5080 2973 5137; x_wconf 88' lang='lat' dir='ltr'><strong>credit</strong></span> <span class='ocrx_word' id='word_1_869' title='bbox 3011 5078 3164 5145; x_wconf 83' lang='lat' dir='ltr'><strong>Filio,</strong></span> <span class='ocrx_word' id='word_1_870' title='bbox 3205 5080 3431 5134; x_wconf 85' lang='lat' dir='ltr'><strong>menda-</strong></span> 
     </span>
    </p>
   </div>
   <div class='ocr_carea' id='block_1_110' title="bbox 275 5211 1745 5331">
    <p class='ocr_par' dir='ltr' id='par_1_110' title="bbox 275 5237 1736 5331">
     <span class='ocr_line' id='line_1_110' title="bbox 275 5237 1736 5331; baseline 0.005 -40"><span class='ocrx_word' id='word_1_871' title='bbox 275 5237 492 5331; x_wconf 38' lang='lat' dir='ltr'><strong>f-inLan.</strong></span> <span class='ocrx_word' id='word_1_872' title='bbox 529 5255 602 5331; x_wconf 56' lang='lat' dir='ltr'><strong>ut,</strong></span> <span class='ocrx_word' id='word_1_873' title='bbox 627 5239 870 5331; x_wconf 37' lang='grc' dir='ltr'><strong>ηιξκιε.</strong></span> <span class='ocrx_word' id='word_1_874' title='bbox 1029 5239 1303 5331; x_wconf 42' lang='grc' dir='ltr'><strong>ϐοιοςείιι,</strong></span> <span class='ocrx_word' id='word_1_875' title='bbox 1338 5242 1424 5331; x_wconf 51' lang='grc'><strong>18.</strong></span> <span class='ocrx_word' id='word_1_876' title='bbox 1492 5245 1537 5275; x_wconf 85' lang='grc'><strong>²⁰</strong></span> <span class='ocrx_word' id='word_1_877' title='bbox 1560 5244 1736 5331; x_wconf 61' lang='lat' dir='ltr'><strong>Galat.</strong></span> 
     </span>
    </p>
   </div>
   <div class='ocr_carea' id='block_1_111' title="bbox 1851 5211 3422 5331">
    <p class='ocr_par' dir='ltr' id='par_1_111' title="bbox 1858 5211 3422 5331">
     <span class='ocr_line' id='line_1_111' title="bbox 1858 5211 3422 5331; baseline -0.001 -34"><span class='ocrx_word' id='word_1_878' title='bbox 1858 5245 1910 5297; x_wconf 69' lang='grc'><strong>4.</strong></span> <span class='ocrx_word' id='word_1_879' title='bbox 1979 5211 2024 5277; x_wconf 20' lang='grc' dir='ltr'>ὐ</span> <span class='ocrx_word' id='word_1_880' title='bbox 2064 5243 2227 5299; x_wconf 86' lang='lat' dir='ltr'><strong>llebr.</strong></span> <span class='ocrx_word' id='word_1_881' title='bbox 2258 5244 2457 5331; x_wconf 67' lang='lat' dir='ltr'><strong>xur,4.</strong></span> <span class='ocrx_word' id='word_1_882' title='bbox 2536 5245 2581 5276; x_wconf 81' lang='grc'>”</span> <span class='ocrx_word' id='word_1_883' title='bbox 2623 5240 2809 5296; x_wconf 81' lang='lat' dir='ltr'><strong>Matth.</strong></span> <span class='ocrx_word' id='word_1_884' title='bbox 2854 5238 3055 5307; x_wconf 51' lang='lat' dir='ltr'><strong>xm}.</strong></span> <span class='ocrx_word' id='word_1_885' title='bbox 3156 5239 3203 5273; x_wconf 80' lang='grc'><strong>’³</strong></span> <span class='ocrx_word' id='word_1_886' title='bbox 3226 5237 3422 5295; x_wconf 69' lang='lat' dir='ltr'><strong>Matth.</strong></span> 
     </span>
    </p>
   </div>
   <div class='ocr_carea' id='block_1_112' title="bbox 182 5308 1658 5378">
    <p class='ocr_par' dir='ltr' id='par_1_112' title="bbox 182 5308 1658 5378">
     <span class='ocr_line' id='line_1_112' title="bbox 182 5308 1658 5378; baseline 0.005 -17"><span class='ocrx_word' id='word_1_887' title='bbox 182 5322 347 5370; x_wconf 74' lang='lat' dir='ltr'><strong>mu,</strong></span> <span class='ocrx_word' id='word_1_888' title='bbox 382 5310 437 5362; x_wconf 87' lang='lat'><strong>9.</strong></span> <span class='ocrx_word' id='word_1_889' title='bbox 529 5310 573 5341; x_wconf 78' lang='lat'>“</span> <span class='ocrx_word' id='word_1_890' title='bbox 624 5308 799 5364; x_wconf 81' lang='lat' dir='ltr'><strong>Galat.</strong></span> <span class='ocrx_word' id='word_1_891' title='bbox 833 5326 893 5375; x_wconf 86' lang='grc' dir='ltr'><strong>ιι,</strong></span> <span class='ocrx_word' id='word_1_892' title='bbox 937 5310 1022 5365; x_wconf 68' lang='grc'><strong>16.</strong></span> <span class='ocrx_word' id='word_1_893' title='bbox 1133 5313 1178 5345; x_wconf 74' lang='grc'><strong>’⁵</strong></span> <span class='ocrx_word' id='word_1_894' title='bbox 1208 5314 1399 5367; x_wconf 80' lang='lat' dir='ltr'><strong>Matth.</strong></span> <span class='ocrx_word' id='word_1_895' title='bbox 1429 5328 1563 5378; x_wconf 81' lang='lat' dir='ltr'><strong>xm,</strong></span> 
     </span>
    </p>
   </div>
   <div class='ocr_carea' id='block_1_113' title="bbox 1267 5466 2377 5537">
    <p class='ocr_par' dir='ltr' id='par_1_113' title="bbox 1267 5466 2377 5537">
     <span class='ocr_line' id='line_1_113' title="bbox 1267 5466 2377 5537; baseline 0 -16"><span class='ocrx_word' id='word_1_896' title='bbox 1267 5467 1436 5521; x_wconf 76' lang='lat' dir='ltr'><strong>Variae</strong></span> <span class='ocrx_word' id='word_1_897' title='bbox 1465 5466 1732 5524; x_wconf 88' lang='lat' dir='ltr'><strong>lectiones</strong></span> <span class='ocrx_word' id='word_1_898' title='bbox 1769 5467 1969 5523; x_wconf 88' lang='lat' dir='ltr'><strong>codicis</strong></span> <span class='ocrx_word' id='word_1_899' title='bbox 2018 5466 2377 5537; x_wconf 79' lang='lat' dir='ltr'><strong>Seguieriani.</strong></span> 
     </span>
    </p>
   </div>
   <div class='ocr_carea' id='block_1_114' title="bbox 274 5596 1728 5670">
    <p class='ocr_par' dir='ltr' id='par_1_114' title="bbox 274 5596 1728 5670">
     <span class='ocr_line' id='line_1_114' title="bbox 274 5596 1728 5670; baseline 0.002 -20"><span class='ocrx_word' id='word_1_900' title='bbox 274 5601 301 5634; x_wconf 82' lang='grc' dir='ltr'><strong><em>ο</em></strong></span> <span class='ocrx_word' id='word_1_901' title='bbox 334 5598 411 5661; x_wconf 74' lang='grc' dir='ltr'><strong>οἱς</strong></span> <span class='ocrx_word' id='word_1_902' title='bbox 439 5596 621 5652; x_wconf 74' lang='grc' dir='ltr'><strong>αὐτόν.</strong></span> <span class='ocrx_word' id='word_1_903' title='bbox 701 5608 728 5649; x_wconf 78' lang='grc'><strong>1³</strong></span> <span class='ocrx_word' id='word_1_904' title='bbox 762 5599 1048 5670; x_wconf 80' lang='grc' dir='ltr'><strong>κρείττονι.</strong></span> <span class='ocrx_word' id='word_1_905' title='bbox 1128 5610 1154 5650; x_wconf 61' lang='lat'><strong>1</strong></span> <span class='ocrx_word' id='word_1_906' title='bbox 1191 5601 1284 5655; x_wconf 78' lang='grc' dir='ltr'><strong>καὶ</strong></span> <span class='ocrx_word' id='word_1_907' title='bbox 1317 5600 1499 5663; x_wconf 79' lang='grc' dir='ltr'><strong>αὐτός.</strong></span> <span class='ocrx_word' id='word_1_908' title='bbox 1580 5610 1600 5638; x_wconf 73' lang='grc' dir='ltr'><strong><em>τ</em></strong></span> <span class='ocrx_word' id='word_1_909' title='bbox 1642 5601 1728 5669; x_wconf 72' lang='grc' dir='ltr'><strong>ἤν.</strong></span> 
     </span>
    </p>
   </div>
  </div>
