3910 6200
386 200 527 273 ΗΒΊ

1421 201 1479 259 s.
1515 190 1799 280 crtum
1840 180 2310 253 ALEXANDRlNI
2347 170 2667 247 ARClllEi’.

3520 176 3663 235 H88

386 343 506 385 cem
536 326 666 383 fecit
685 340 833 392 eum,
859 324 987 396 quia
1019 338 1123 380 non
1157 314 1331 381 credit
1358 321 1411 377 in
1440 321 1807 378 testimonium
1827 318 1973 389 quod

2093 314 2169 368 τοῦ
2201 313 2388 367 δούλου
2425 314 2631 384 μορφῇ,
2658 306 2962 381 μοναδικῶς
2991 304 3086 360 καὶ
3131 302 3316 367 ίδικῶς
3353 301 3484 373 ὲμὺς
3526 301 3662 367 alr,-

388 418 710 475 testiﬁcatus
741 425 825 474 est
864 415 1009 471 Deus
1060 416 1126 470 de
1154 413 1291 469 Filio
1319 428 1421 468 suo
1443 413 1511 465 ’⁸.
1553 430 1571 462 ι
1626 409 1973 466 Testiticatus

2074 406 2182 470 θῶς
2210 404 2356 468 Υἱός.
2387 404 2496 459 Kal.
2520 402 2688 474 αὐτὴν
2719 401 2776 454 δὲ
2806 400 2905 471 τὴν
2929 398 3018 452 διά
3044 397 3140 451 τοῦ
3167 394 3322 465 ἁγίου
3351 391 3665 460 βαπτίσμαο

358 502 474 560 ἐει
504 519 683 561 autem
717 522 866 575 eum,
900 507 993 572 qui
1026 519 1189 560 carne
1217 502 1509 572 servilique
1532 500 1717 557 forma
1757 499 1973 553 indutus

2093 514 2163 562 τος
2195 495 2394 551 εὐκλεᾶ
2422 496 2601 565 χάριν,
2642 492 2738 547 καὶ
2781 491 2881 563 τὴν
2906 491 2963 545 ὲν
2993 488 3143 562 αὐτῷ
3188 484 3545 575 ζωοποίησιν,
3566 482 3666 575 οιαὶ

389 600 661 666 apparuit,
694 600 872 663 unice,
902 598 1122 668 proprie
1158 610 1223 651 ae
1252 610 1377 651 vere
1407 609 1566 650 suum
1596 608 1718 649 esse
1752 589 1969 646 Filium.

389 687 655 743 Praeterea
701 689 968 743 illustrem
1000 688 1146 741 illam
1174 686 1318 741 sacri
1353 684 1695 757 baptismatis
1719 681 1969 753 gratiam,

389 795 621 848 qumque
663 781 762 849 ipsi
802 776 1040 855 cphmr‘et
1076 777 1518 844 vivificatiouem,
1548 784 1604 832 et
1632 774 1725 829 Dei
1757 772 1978 843 partici—

389 871 659 939 pationem
690 861 787 941 per
815 869 1298 926 sanctiﬁcatiouem
1332 869 1386 922 in
1418 867 1622 938 Spiritu
1667 878 1764 935 per
1787 862 1974 919 Jesum

388 961 661 1015 Christum
719 961 876 1017 nobis
934 961 1238 1030 obtingere,
1305 958 1598 1014 fatebimur
1642 956 1973 1013 necessario.

388 1052 731 1108 Meminimus
795 1054 937 1107 enim
991 1050 1253 1106 Joannem
1295 1051 1563 1105 dicentem
1597 1066 1612 1104 :
1647 1065 1667 1100 ι
1705 1045 1808 1113 Qui
1857 1057 1979 1116 ιιοει

389 1159 475 1197 me
517 1154 778 1197 venturus
826 1154 930 1208 est,
979 1142 1170 1197 fortior
1214 1157 1299 1196 me
1344 1151 1447 1204 est,
1489 1139 1647 1210 cujus
1704 1154 1810 1193 non
1856 1154 1976 1193 sum

389 1229 584 1296 dignus
639 1230 1003 1285 calceamenta
1054 1240 1321 1299 portare:
1372 1231 1476 1285 iste
1535 1244 1631 1283 vos
1687 1228 1981 1298 baptizabit

391 1319 598 1390 Spiritu
647 1331 835 1376 sancto
867 1332 923 1377 et
954 1322 1062 1392 igui
1096 1323 1163 1375 ’⁷.
1212 1340 1231 1374 ι
1286 1320 1405 1376 .lam
1448 1321 1539 1375 hic
1575 1327 1630 1375 te
1659 1320 1934 1390 interrogo
1964 1337 1977 1373 :

393 1430 519 1468 num
558 1414 763 1482 Spiritu
793 1423 984 1468 sancto
1017 1424 1071 1468 et
1094 1414 1202 1482 igni
1242 1412 1526 1482 baptizare
1560 1427 1719 1482 posse
1749 1427 1887 1481 opus
1909 1412 1983 1466 sit

392 1506 565 1559 solius
598 1507 845 1559 humana:
881 1504 1126 1559 naturae?
1159 1504 1314 1571 Quis,
1341 1519 1547 1574 quaeso.
1573 1504 1718 1558 istud
1758 1502 1982 1558 credat?

390 1597 552 1664 Atqui
590 1597 765 1649 virum
801 1596 950 1649 illum
988 1596 1080 1664 qui
1117 1611 1241 1650 mox
1290 1595 1582 1649 adfuturus
1608 1608 1671 1649 ac
1718 1594 1982 1649 videndus

2073 589 2171 662 τὴν
2199 587 2335 642 Θεοῦ
2368 586 2586 659 μέθεξιν
2615 586 2682 639 δι’
2704 580 2982 654 ἁγιασμοῦ
3014 581 3071 634 ὲν
3099 577 3400 649 Πνεῦματι,
3430 572 3519 628 διὰ
3563 573 3669 641 ’1η-

2076 680 2170 751 aq?»
2194 678 2433 753 Χριστοῦ
2462 676 2779 748 πεπρᾶχθαί
2799 673 3043 744 δώσομεν
3071 670 3407 740 ἀναγκαίως.
3431 666 3660 737 Μεμνή-

2080 771 2219 844 μεθα
2242 771 2353 841 γάρ
2388 769 2634 824 Ἰωάννου
2664 767 2916 836 λέγοντος
2941 782 2954 795 ·
2984 783 3004 816 ι
3059 763 3119 817 Ὀ
3157 762 3336 816 ὀπίσω
3376 777 3479 831 μου
3506 755 3667 828 ἐρχό-

2080 881 2263 936 μενος,
2288 861 2636 934 ἰσχυρότερός
2665 876 2767 931 μου
2807 860 2980 922 ἐστὶν,
3010 847 3072 910 οὗ
3102 853 3202 908 οὐκ
3227 852 3344 924 εἰμὶ
3390 850 3579 912 ἱκανὸς
3601 844 3669 900 τὰ

2078 957 2405 1027 ὑποδήματα
2425 952 2714 1025 βαστάσαι⁸
2732 953 2938 1015 ἐκεῖνος
2960 950 3105 1020 ὑμᾶς
3127 946 3386 1019 βαπτίσει
3404 946 3462 997 ὲν
3488 939 3670 995 Πνεῦ-

2081 1065 2211 1118 ματι
2247 1045 2386 1116 ἁγίῳ
2416 1046 2510 1099 καὶ
2537 1043 2723 1115 πυρί.»
2754 1038 2925 1113 Ἀρα,
2954 1042 3078 1095 είπέ
3109 1052 3220 1110 μοι,
3250 1037 3351 1107 τῆς
3378 1034 3670 1105 καθ’ήμίς

2079 1135 2685 1211 ἀνθρωπότητος,έργον
2706 1132 2844 1189 εἷναί
2861 1149 3040 1205 φαμεν
3062 1132 3122 1185 τὸ
3143 1134 3201 1185 ὲν
3221 1129 3504 1201 Πνεῦματι
3527 1125 3672 1195 ἁγίῳ

2082 1227 2364 1299 βαπτίζειν
2392 1226 2654 1282 δύνασθαι
2686 1226 2782 1280 καὶ
2810 1224 2943 1295 πυρί
2969 1242 2985 1291 ;
3024 1224 3137 1277 Kal.
3163 1222 3283 1284 πῶς
3316 1219 3383 1274 ἂν
3405 1220 3489 1291 εἴη
3508 1218 3670 1271 τοῦτό

2080 1340 2180 1392 ys;
2230 1323 2340 1377 Kal.
2389 1321 2496 1394 μὴν
2545 1322 2715 1393 ἄνδρα
2758 1321 2936 1390 λέγων
2978 1318 3068 1373 τὸν
3111 1318 3238 1372 ὅσον
3278 1315 3494 1370 οὐδέπω
3525 1332 3670 1384 παρ-

2082 1415 2340 1486 εσόμενόν
2365 1431 2424 1467 τε
2448 1414 2541 1468 καὶ
2556 1412 2951 1484 ὀφθησόμενον,
2978 1410 3141 1465 αὑτὸν
3167 1409 3273 1479 ἔφη
3300 1405 3584 1478 βαπτίζειν
3611 1409 3671 1458 ὲν

2083 1506 2216 1575 πυρὶ
2248 1505 2342 1558 καὶ
2381 1504 2522 1574 ἁγίῳ
2553 1502 2852 1572 Πνεῦματι,
2881 1501 2942 1554 οὐ
2989 1500 3051 1554 τὸ
3094 1497 3376 1568 ἀλλότριον
3422 1497 3537 1558 τοῖς
3570 1493 3674 1563 βα-

2085 1596 2427 1667 πτιζομένοις
2454 1593 2664 1649 ὲνιέντα
2689 1592 2913 1663 Πνεῦμα
2935 1588 3321 1661 δουλοπρεπῶς
3348 1589 3442 1641 καὶ
3470 1587 3679 1655 ὐπουρέ

391 1698 528 1749 erat,
560 1684 765 1755 Spiritu
792 1695 982 1741 sancto
1006 1697 1059 1740 et
1095 1686 1218 1757 igne
1251 1685 1654 1755 baptizaturum
1686 1685 1979 1753 przcdicat:

2093 1687 2278 1756 τικῶς,
2305 1685 2420 1740 ἀλλ’
2454 1685 2531 1749 ὼς
2555 1683 2688 1739 Θεὸν
2740 1683 2885 1738 κατὰ
2918 1682 3080 1752 φύσιν
3117 1683 3240 1753 μετ’
3289 1678 3536 1746 ἐξουσίας
3570 1677 3677 1745 τῆς

392 1778 588 1846 quippe
615 1793 736 1832 cum
786 1779 1041 1833 immittat
1070 1776 1331 1848 Spiritum
1364 1774 1674 1845 baptizatis,
1711 1789 1815 1829 non
1850 1773 1983 1829 alie-

396 1884 548 1935 num,
581 1882 642 1924 ut
664 1885 855 1925 servus
888 1880 940 1926 et
980 1870 1242 1932 minister,
1280 1867 1373 1922 sed
1407 1878 1466 1921 ut
1497 1866 1640 1921 Deus
1676 1852 1978 1920 secundum

396 1975 641 2018 naturam
689 1978 811 2016 cum
852 1977 1059 2016 summa
1108 1968 1372 2031 potestate
1396 1969 1449 2013 et
1479 1958 1806 2012 auctoritate
1858 1972 1980 2012 eum

398 2057 490 2126 qui
555 2071 620 2109 ex
676 2054 767 2108 illo
799 2064 881 2108 est
935 2063 991 2107 et
1046 2054 1216 2122 ipsius
1253 2059 1338 2106 est
1367 2051 1640 2122 pr0prius.
1704 2047 1807 2103 Per
1841 2050 1984 2103 hunc

394 2163 614 2218 quoque
648 2147 865 2201 divinus
900 2147 1186 2200 character
1215 2143 1371 2198 nobis
1411 2142 1779 2211 imprimitur;
1816 2141 1984 2195 refor-

396 2250 612 2290 mamur
640 2235 784 2288 enim
813 2235 865 2288 in
905 2232 1185 2287 Christum
1215 2228 1423 2297 Jesum,
1457 2229 1623 2283 veluti
1660 2230 1713 2281 in
1744 2227 1979 2282 divinam

396 2327 688 2396 quamdam
715 2324 1008 2395 imaginem
1041 2339 1057 2377 :
1094 2337 1200 2376 non
1224 2321 1369 2391 quod
1402 2334 1719 2389 corpoream
1750 2318 1984 2388 aliquam

397 2417 895 2472 conformationem
944 2416 1235 2470 subeamus
1275 2411 1463 2484 (istud
1505 2425 1742 2480 namque
1774 2411 1985 2482 opinari

397 2509 643 2578 desipere
670 2508 883 2581 esset);
911 2508 1004 2563 sed
1050 2507 1195 2577 quod
1226 2505 1462 2575 Spiritus
1491 2504 1663 2559 sancti
1692 2503 1986 2574 participes

397 2600 596 2665 elfecti,
639 2603 812 2670 ipsum
840 2601 891 2653 iu
919 2599 1076 2652 nohis
1118 2597 1401 2652 Christqu
1458 2595 1776 2660 habeamus,
1818 2594 1905 2675 ita.
1930 2605 1990 2648 ut

2086 1776 2350 1832 ἀνωτάτω
2379 1777 2438 1831 τὸ
2470 1775 2529 1841 ἐξ
2571 1774 2739 1830 αὐτοῦ
2773 1792 2830 1829 τε
2870 1774 2965 1829 καὶ
2997 1774 3128 1827 ῐδιον
3155 1769 3319 1827 αὐτοῦ
3342 1787 3356 1803 ο
3385 1770 3456 1824 δι’
3484 1762 3548 1822 οὗ
3579 1764 3679 1821 καὶ

2087 1870 2116 1922 ὁ
2155 1869 2295 1933 θεῖος
2343 1870 2474 1939 ἡμῖν
2521 1867 2913 1938 ἐνσημαίνεται
2945 1866 3258 1938 χαρακτήρ.
3297 1862 3678 1933 Ἀναμορφοὺ-

2093 1960 2233 2028 μεθα
2264 1960 2393 2032 γὰρ,
2418 1960 2494 2024 ὡς
2517 1960 2598 2024 εἰς
2626 1957 2810 2012 εἰκόνα
2840 1959 2938 2029 τὴν
2969 1957 3140 2024 θείαν,
3174 1958 3255 2020 εἰς
3284 1955 3516 2027 Χριστὸν
3562 1955 3677 2024 ἰη-

2093 2050 2242 2115 σοῦν,
2305 2051 2367 2104 οὐ
2420 2052 2734 2122 σωματικὸν
2781 2050 3144 2121 ὑπομένοντες
3182 2047 3274 2102 τον
3316 2046 3678 2117 άναπλασμδν

2091 2141 2309 2214 (κομιδῇ
2324 2142 2433 2214 γάρ
2450 2142 2643 2213 εὔηθες
2674 2141 2883 2196 οἴεσθαι
2907 2138 3214 2211 ταυτὶ),διά
3236 2138 3293 2192 δὲ
3320 2137 3413 2190 τοῦ
3445 2137 3679 2208 μεταλα-

2089 2236 2205 2304 χεῖν
2235 2233 2391 2301 ἁγίου
2416 2232 2754 2306 Πνεῦματος,
2786 2232 2950 2285 αὑτὸν
2984 2232 3043 2285 ὲν
3074 2232 3289 2292 ἑαυτοῖς
3316 2226 3678 2292 πλουτοῦντες

2089 2322 2353 2395 Χριστόν
2392 2324 2466 2388 ὡς
2495 2324 2594 2395 ἤδη
2626 2324 2915 2396 χαίροντας
2939 2324 3117 2377 ἐκεῖνο
3149 2324 3348 2394 φωνεῖν
3367 2339 3380 2352 ·
3415 2340 3435 2374 r
3479 2321 3681 2390 ’Δγαλο

2090 2414 2295 2468 λιάσθω
2320 2416 2353 2486 ἡ
2379 2415 2524 2486 ψυχή
2577 2432 2680 2486 μου
2716 2416 2807 2468 ἐπὶ
2846 2414 2923 2486 τῷ
2949 2413 3141 2485 Κυρίῳ
3160 2429 3173 2443 °
3216 2412 3435 2467 ἐνέδυσε
3464 2411 3577 2481 γάρ
3606 2428 3680 2482 με

2094 2505 2309 2577 ἱμάτιον
2339 2504 2629 2575 σωτηρίου,
2659 2508 2753 2560 καὶ
2796 2506 3000 2578 χιτῶνα
3036 2504 3393 2577 εὐφροσύνης.
3416 2534 3490 2544 --
3519 2504 3680 2557 Ὅσοι

2093 2597 2202 2666 γάρ
2225 2599 2304 2662 εἰς
2330 2597 2565 2671 Χριστὸν
2588 2598 2974 2669 ἐϐαπτίσθητε,
3009 2598 3246 2669 Χριστὸν
3269 2596 3613 2653 ἐνεδύσασθε.
3654 2612 3675 2649 ι

395 2692 506 2759 jam
554 2694 681 2746 illud
748 2694 1121 2761 propheticum
1164 2688 1487 2744 laztabuuolis
1538 2696 1761 2743 cantare
1805 2686 1966 2742 liceat
2006 2706 2020 2741 :
2068 2708 2086 2740 ι
2128 2689 2372 2745 Exsultet
2419 2691 2599 2746 anima
2634 2707 2753 2747 mea
2809 2692 2861 2745 in
2896 2692 3164 2746 Domino:
3197 2690 3370 2747 induit
3400 2691 3548 2747 enim
3589 2705 3683 2745 me

400 2784 601 2838 arnictu
642 2784 854 2848 salutis,
882 2781 1129 2850 stulaquc
1170 2779 1366 2833 laetitiae
1394 2779 1535 2833 ¹⁸.-
1558 2777 1884 2847 Quicunque
1944 2778 2087 2832 enim
2139 2778 2193 2833 in
2229 2778 2448 2835 Christo
2480 2780 2733 2851 baptizati
2762 2781 2915 2845 estis,
2948 2781 3228 2838 Christum
3270 2782 3522 2839 induistis
3545 2784 3615 2838 ".
3658 2795 3678 2829 ι

472 2875 736 2933 XXXVII.
777 2876 928 2944 Quod
972 2876 1012 2930 si
1044 2875 1168 2945 quis
1195 2874 1425 2929 ulterius
1467 2875 1807 2944 interroget:
1847 2869 1984 2926 Num

2164 2871 2285 2927 AZ'.
2318 2874 2381 2926 Ei
2414 2874 2470 2927 δὲ
2492 2874 2555 2946 δή
2585 2892 2668 2940 τις
2697 2873 2874 2946 ἔροιτο
2900 2869 3140 2946 προσιών
3165 2890 3179 2904 ·
3203 2870 3329 2946 τΔρ*
3358 2870 3454 2928 οὖν
3481 2878 3563 2940 είς
3582 2879 3685 2933 ἄν·

401 2986 530 3042 ergo
557 2971 609 3024 in
634 2969 904 3026 hominem
950 2966 1211 3035 baptizati
1257 2966 1497 3019 sumus?
1542 2966 1607 3019 Et
1634 2965 1736 3019 hoc
1776 2964 1987 3019 inlicia—

2096 2962 2313 3036 θρωπον
2336 2965 2746 3037 βεϐαπτίσμεθα
2771 2984 2786 3032 ;
2812 2966 2922 3019 Καὶ
2947 2965 3103 3019 τοῦτο
3128 2961 3269 3020 εἶναι
3286 2967 3532 3037 φήσομεν
3554 2969 3690 3040 ἁλὴο

401 3065 503 3120 l-or
559 3064 800 3119 minime.
857 3058 966 3132 35
1035 3059 1140 3113 Sed
1184 3058 1287 3112 hoc
1349 3074 1375 3109 a
1443 3057 1599 3112 nobis
1666 3071 1988 3132 responsum

404 3157 589 3212 audiet
652 3173 665 3209 :
723 3156 872 3208 Heus
941 3131 1030 3215 tu,
1094 3152 1342 3220 quisquis
1385 3166 1475 3215 es,
1545 3150 1674 3219 quid
1748 3131 1992 3205 moliris?

407 3252 549 3301 itaue
606 3261 822 3302 onmem
888 3260 1037 3313 spem
1104 3243 1155 3296 in
1211 3251 1409 3297 terram
1460 3240 1747 3297 detrahis?
1806 3241 1991 3310 Bapti-

407 3341 515 3393 zati
558 3352 688 3394 sane
740 3351 929 3389 sumus
970 3350 1072 3387 non
1129 3334 1181 3386 in
1221 3333 1489 3387 hominem
1529 3332 1867 3400 simpliciter,
1904 3345 1994 3385 ve-

409 3445 531 3485 rum
550 3432 601 3484 in
624 3429 793 3482 Deum
815 3427 1085 3480 hominem
1108 3425 1331 3489 factum,
1345 3424 1435 3493 qui
1457 3437 1665 3492 patrias,
1681 3432 1995 3491 veteresque

408 3534 579 3574 noxas
613 3519 678 3572 iis
700 3517 791 3586 qui
820 3516 976 3569 tidem
1002 3515 1054 3568 in
1080 3514 1225 3567 illum
1274 3510 1747 3583 prmstolabantur,
1772 3510 1854 3566 vel
1894 3527 1994 3581 po-

412 3612 518 3665 tius
557 3607 819 3679 complexi
866 3612 1015 3677 supt,
1045 3604 1289 3659 remittit.
1351 3602 1499 3657 L‘nde
1536 3601 1755 3656 divinus
1798 3599 1995 3657 Petrus

409 3682 624 3757 «lmlaaos
652 3701 727 3754 ita
754 3698 1049 3768 alloquitur
1075 3713 1088 3751 :
1129 3715 1147 3748 ι
1179 3694 1561 3749 Ptenitentiam
1589 3694 1752 3764 agite,
1779 3702 1834 3748 et
1861 3693 1993 3763 bap-

413 3796 609 3848 tizetur
632 3790 1009 3859 unusquisque
1038 3796 1279 3842 vestrum
1315 3787 1366 3840 in
1397 3786 1619 3840 nomine
1640 3783 1769 3840 Jesu
1794 3783 1997 3840 Christi

413 3886 466 3939 ln
498 3882 866 3938 remissionem
905 3888 1251 3949 peccatorum
1291 3886 1641 3943 vestrorum;
1677 3885 1732 3930 et
1763 3874 1997 3946 accipie-

413 3962 484 4035 tis
512 3976 711 4029 donum
753 3973 986 4041 Spiritus
1015 3969 1186 4025 sancti
1211 3968 1275 4021 '°.
1324 3986 1343 4020 ι
1394 3967 1619 4022 l’cccata
1658 3981 1891 4035 namque
1930 3967 1997 4023 iis

413 4068 504 4133 qui
541 4067 614 4120 illi
656 4066 954 4129 attinerent,
1008 4062 1343 4123 condonans,
1383 4073 1480 4113 suo
1525 4074 1648 4112 mox
1706 4058 1857 4126 ungit
1902 4071 1997 4115 eos

413 4161 630 4232 spiritu,
672 4173 834 4228 quem
866 4155 1082 4227 quidem
1123 4165 1182 4207 nt
1214 4152 1304 4206 Dei
1354 4150 1531 4207 Patris
1587 4151 1824 4206 Verbum
1885 4150 1997 4221 ipse

413 4251 681 4313 immittit,
710 4260 763 4303 et
786 4264 850 4303 ex
877 4248 1091 4317 propria
1124 4255 1319 4299 natura
1361 4244 1412 4297 in
1448 4260 1546 4298 nos
1575 4244 1729 4312 quasi
1754 4259 1819 4297 ex
1849 4241 1998 4296 fonte

2095 3057 2244 3112 θειαν
2271 3068 2319 3123 ³,
2353 3060 2448 3113 καὶ
2476 3058 2615 3131 πρὸς
2642 3058 2799 3131 ἡμῶν
2819 3057 3210 3113 ἀντακούσεται
3232 3059 3552 3132 ’.Εὐφήμεῂ
3581 3062 3684 3116 ἇν-

2094 3149 2281 3222 θρωπε
2302 3166 2316 3180 ·
2357 3151 2410 3202 τί
2457 3150 2613 3222 δρᾷς,
2642 3145 2688 3205 ὧ
2726 3142 2902 3215 οὗτος,
2937 3150 3321 3220 κατακομίζων
3358 3155 3376 3189 ί
3404 3153 3565 3223 ἡμῶν
3598 3155 3685 3219 εἰς

2093 3244 2197 3314 γῆν
2226 3242 2327 3314 τὴν
2359 3242 2583 3305 ἐλπίδας
2614 3242 3038 3314 Βεδαπτίσμεθα
3082 3242 3194 3313 γὰρ
3222 3243 3323 3297 οὐκ
3347 3246 3429 3307 εἰς
3469 3244 3688 3315 ἂνθρω-

2096 3350 2195 3386 πον
2215 3333 2420 3396 ἁπλῶς,
2441 3332 2556 3387 ἀλλ’
2577 3334 2656 3396 είς
2674 3333 2806 3387 Θεὸν
2831 3333 3314 3404 ὲνηνθρωπηκότα,
3338 3336 3435 3388 καὶ
3458 3336 3687 3390 ἀνιέντα

2096 3422 2287 3493 ποινῆς
2314 3428 2364 3485 ⁸³,
2403 3421 2501 3475 καὶ
2524 3420 2631 3474 τῶν
2659 3422 2904 3493 ἀρχαίων
2936 3422 3279 3491 αῑτιαμάτων
3317 3422 3444 3486 τοὺς
3468 3424 3573 3493 τὴν
3602 3425 3688 3488 εἰς

2095 3512 2257 3566 αὐτὸν
2289 3512 2471 3567 πίστιν
2499 3512 2919 3582 ὲκδεδεγμένους
2950 3523 3000 3578 τ,
3026 3512 3230 3584 μᾶλλον
3250 3512 3305 3566 δὲ
3334 3512 3689 3583 είσδεδεγμὲ-

2096 3621 2244 3669 νους’
2274 3604 2368 3658 καὶ
2389 3604 2518 3673 γοῦν
2539 3604 2568 3656 ὁ
2595 3602 2879 3668 θεσπέσιος
2905 3604 3110 3675 Πέτρος
3143 3603 3418 3667 Ἰουδαίοις
3442 3605 3690 3675 προσλαα

2096 3698 2205 3751 λῶν
2222 3697 2324 3768 ἔφη
2343 3713 2355 3726 ·
2384 3715 2403 3749 ι
2427 3697 2814 3767 Μετανοήσατε
2835 3692 2951 3764 οὖν,
2970 3698 3063 3750 καὶ
3086 3696 3439 3767 βαπτισθήτω
3452 3697 3688 3764 ἕκαστος

2098 3786 2252 3858 ὑμῶν
2303 3786 2398 3840 ἐπὶ
2452 3784 2530 3857 τῷ
2585 3778 2810 3857 ὀνόματι
2856 3784 3033 3857 Ἰησοῦ
3076 3783 3314 3857 Χριστοῦ
3359 3786 3441 3849 είς
3485 3786 3688 3855 ἄφεσιν

2099 3878 2382 3949 ἁμαρτιῶν
2416 3877 2598 3949 ὑμῶν·
2635 3878 2730 3931 καὶ
2751 3876 2986 3949 λήψεσθε
3019 3877 3119 3949 τὴν
3152 3876 3360 3949 δωρεὰν
3394 3875 3491 3929 τοῦ
3524 3878 3686 3945 ἁγίου

2098 3969 2437 4039 Πνεύματος.
2484 3986 2504 4022 ι
2557 3966 2833 4022 Ἀπολύων
2882 3967 2990 4040 γὰρ
3044 3967 3323 4038 ἁμαρτίας
3386 3967 3479 4019 τὸν
3531 3966 3691 4037 αὐτῷ

2100 4058 2519 4133 προσκείμενον,
2557 4057 2635 4129 τῷ
2659 4058 2774 4129 ίδίῳ
2808 4058 2993 4112 λοιπὸν
3030 4057 3316 4128 καταχρίει
3357 4057 3645 4127 Πνεύματι
3671 4096 3687 4123 ,

2098 4151 2236 4221 ὅπερ
2268 4150 2444 4219 ἐνίησι
2494 4148 2591 4219 μὲν
2620 4149 2805 4215 αὐτὸς,
2832 4148 2906 4212 ὡς
2945 4150 3011 4203 ὲκ
3054 4147 3187 4202 Θεοῦ
3219 4148 3441 4219 Πατρδς
3486 4148 3690 4215 Λόγος.

2100 4242 2193 4294 καὶ
2244 4240 2306 4305 ἐξ
2353 4241 2489 4304 ἰδίας
2534 4242 2665 4311 ἡμῖν
2716 4239 3062 4311 ἀναπηγάξει
3103 4239 3338 4308 φύσεως.
3391 4238 3587 4292 Κοινὺν
3630 4240 3693 4294 δὶ
3766 4286 3781 4297 .

414 4341 649 4415 quodam
690 4339 1016 4395 transfundit
1056 4356 1069 4391 :
1110 4337 1412 4406 quinetiam
1452 4334 1708 4389 facultate
1740 4335 1837 4388 hac
1883 4349 1987 4402 pro-

2101 4329 2291 4400 ὥσπερ
2336 4329 2398 4381 τὸ
2446 4328 2635 4400 χρῆμα
2664 4326 2834 4392 τιθεὶς
2872 4330 2940 4397 τῇ
2973 4325 3112 4397 μετά
3146 4324 3351 4396 σαρκὸς
3401 4324 3695 4396 οἰκονομίᾳ

416 4444 535 4505 pter
603 4431 855 4485 unionem
894 4440 949 4483 et
990 4427 1383 4484 incarnationis
1434 4426 1819 4490 teconomiam,
1867 4441 1990 4479 cum

416 4525 637 4583 homine
658 4523 1076 4586 communicata,
1101 4519 1457 4589 corporaliter
1488 4528 1707 4587 quoque
1738 4525 1799 4570 ut
1834 4517 1995 4571 homo

418 4614 751 4688 inSpirabat;
792 4611 1085 4667 insutilavit
1137 4609 1283 4664 enim
1334 4607 1389 4662 in
1434 4616 1653 4663 sanctos
1701 4604 1993 4675 apostolos,

418 4710 632 4766 dicens:
657 4724 676 4758 ι
696 4704 938 4775 Accipite
961 4701 1222 4770 Spiritum
1240 4706 1489 4753 sanctum
1507 4696 1571 4749 ".
1599 4714 1618 4747 ι
1646 4695 1751 4750 Sed
1776 4711 1795 4744 ι
1823 4708 1999 4764 neque

414 4816 484 4855 ex
508 4812 760 4855 mensura
805 4798 897 4851 dat
930 4794 1214 4863 Spiritum,
1246 4810 1265 4845 ι
1293 4790 1450 4860 juxta
1476 4787 1702 4845 Joannis
1722 4801 1905 4841 vocem
1926 4785 1997 4851 ”,

416 4892 510 4947 sed
542 4907 608 4946 ex
644 4904 706 4945 se
762 4904 867 4942 nou
917 4900 1076 4940 secus
1107 4900 1171 4938 ac
1212 4882 1375 4937 Pater
1430 4881 1683 4935 eumdem
1745 4875 1999 4933 infundit.

418 5089 450 5130 ο
480 5076 656 5130 medio
680 5075 891 5137 tollens,
935 5070 1093 5125 modo
1131 5069 1393 5138 Spiritum
1434 5068 1541 5120 Deo
1565 5076 1620 5120 et
1648 5063 1817 5131 Patri,
1843 5062 2001 5116 modo

424 5179 638 5219 rursum
682 5164 782 5232 ipsi
823 5162 958 5218 Filio
992 5161 1203 5216 tribuit.
1256 5158 1348 5215 Sic
1385 5159 1528 5214 enim
1566 5155 1793 5213 scribit:
1828 5170 1848 5205 c
1891 5151 2001 5209 Vos

2098 4420 2187 4476 διά
2212 4420 2310 4492 τὴν
2357 4420 2571 4484 ἕνωσιν,
2611 4421 2706 4473 καὶ
2746 4419 2821 4484 ὡς
2855 4420 3140 4490 ἄνθρωπος
3193 4416 3410 4471 ὲνέπνει
3441 4433 3698 4486 σωματι-

2102 4514 2247 4577 κῶς·
2284 4511 2584 4583 ἐνεφύσησε
2614 4512 2720 4584 γάρ
2750 4514 2862 4577 τοῖς
2894 4510 3070 4580 ἁγίοις
3093 4509 3435 4573 ἀποστόλοις,
3474 4508 3696 4562 εἰπών’

2110 4626 2128 4659 ι
2163 4605 2370 4661 Λάϐετε
2417 4604 2641 4675 Πνεῦμα
2670 4606 2847 4673 ἆγιον.
2889 4622 2909 4655 ι
2939 4604 3049 4658 Ka‘t
3082 4619 3101 4654 r
3132 4602 3232 4656 οὐκ
3272 4604 3338 4654 ὲκ
3371 4600 3572 4672 μέτρου
3606 4600 3699 4654 δίει

2102 4698 2254 4764 δωσι,
2285 4714 2304 4748 ι
2356 4695 2495 4750 κατά
2525 4695 2623 4767 τὴν
2664 4696 2913 4749 Ἰωάννου
2940 4695 3145 4765 φωνὴν,
3174 4693 3238 4746 τὸ
3268 4691 3519 4761 Πνεῦμα,
3565 4692 3698 4746 ἀλλ’

2103 4788 2264 4851 αὐτὸς
2289 4787 2495 4857 ἐνίησιν
2524 4786 2584 4852 ἐξ
2608 4787 2827 4852 ἑαυτοῦ,
2864 4786 3117 4856 καθάπερ
3164 4783 3357 4854 ἀμέλει
3393 4782 3487 4835 καὶ
3515 4783 3545 4834 ὁ
3574 4782 3698 4834 Πα-

2106 4882 2232 4949 τήρ.
2262 4880 2372 4933 Καὶ
2395 4878 2524 4947 γοῦν
2546 4881 2575 4932 ὁ
2619 4877 2907 4940 θεσπέσιος
2937 4875 3168 4939 Παῦλος,
3204 4875 3332 4943 ὃλην
3373 4873 3699 4943 ἀποστήσας

2109 5062 2204 5115 καὶ
2246 5061 2423 5131 Πατρλ⁸
2474 5058 2799 5129 προσνέμων
2832 5059 3048 5128 ὁρᾶται,
3077 5057 3205 5111 ποτὲ
3246 5056 3290 5109 δ’
3328 5050 3396 5107 αὖ
3424 5053 3505 5124 τῷ
3553 5053 3696 5122 Υξῴ.

2110 5152 2316 5224 Γράφει
2363 5151 2470 5221 γὰρ
2507 5144 2642 5203 ὦδε·
2682 5168 2701 5200 ι
2750 5150 2936 5219 Ὑμεῖς
2983 5148 3040 5202 δὲ
3086 5149 3187 5200 οὐκ
3234 5136 3357 5199 ἐστὶ
3409 5147 3469 5199 ἐν
3502 5147 3702 5221 σαρκὶ,

492 5316 540 5349 ²⁶
560 5312 758 5388 Uenit.
797 5331 847 5381 v,
880 5315 933 5380 9,
968 5315 1053 5368 lt).
1130 5316 1173 5346 "
1213 5313 1401 5367 Matth.
1432 5327 1514 5378 ιιι,
1554 5312 1640 5366 ll.
1684 5309 1729 5340 ’⁸
1760 5307 1901 5363 Psal.
1926 5322 1987 5361 xx

2098 5349 2112 5371 ,
2138 5305 2190 5360 9.
2234 5307 2279 5338 ”
2304 5305 2479 5360 Galat.
2511 5321 2592 5370 ιιι,
2617 5306 2704 5357 ‘27.
2755 5304 2799 5334 ³⁸
2836 5303 2961 5357 Act.
2997 5319 3053 5369 ιι,
3084 5302 3174 5358 28.
3218 5302 3259 5333 ³⁸
3288 5300 3444 5357 Joan.
3473 5316 3566 5363 xx,
3599 5300 3695 5354 22.

1516 5467 1687 5522 Variae
1719 5466 1975 5520 lectiones
2029 5463 2231 5518 codicis
2264 5461 2623 5532 Seguteriaui.

500 5615 523 5649 ε
562 5607 781 5679 ἀληθές.
864 5611 876 5645 ι
912 5607 1314 5677 κατακομίζεις.
1393 5617 1416 5643 υ
1451 5603 1666 5657 ποινῶν.

864 5611 876 5645 ι
912 5607 1314 5677 κατακομίζεις.

1749 5612 1769 5637 τ
1808 5599 2250 5670 εἲσδεδεγμένους
2284 5598 2486 5667 absque
2518 5599 2642 5653 alits
2679 5597 2878 5654 verbis.

2966 5608 2987 5634 ⁸
3018 5592 3168 5645 αὖτόι
