3910 6200
267 259 406 318 H89
1233 258 1320 314 DE
1360 255 1588 314 RECTA
1627 252 1785 310 FIDE
1823 250 1915 305 Al)
1953 247 2402 305 TIIEODOSIUM
2443 246 2579 305 IMP.

3394 250 3539 310 “90

265 385 381 439 ἀλλ’
430 384 488 439 ὲν
521 380 834 453 Πνεύματι,
876 379 1033 452 εἴπερ
1081 378 1308 450 Πνεῦμα
1358 377 1494 432 Θεοῦ
1543 376 1742 431 ἐνοικεῖ
1787 376 1845 426 ὲν

1968 379 2130 424 ιιιιοηι
2172 371 2225 423 in
2266 385 2429 425 carne
2452 385 2556 424 non
2590 369 2743 437 estis,
2784 371 2878 427 sed
2907 372 2960 427 in
2995 372 3199 444 Spiritu
3230 389 3246 428 :
3278 375 3325 431 si
3352 384 3535 433 tamen

158 467 162 471 4
266 477 414 546 ὑμῖν.
451 473 522 527 Εἴ
544 490 629 537 τις
656 473 712 527 δὲ
740 471 967 542 Πνεῦμα
993 469 1233 541 Χριστοῦ
1259 470 1361 524 οὐκ
1393 468 1527 540 ἔχει,
1563 461 1718 531 οὗτος
1749 467 1849 520 οὐκ

1968 458 2192 529 Spiritus
2231 459 2323 515 Dei
2367 460 2576 515 habitat
2619 460 2675 514 in
2714 460 2888 529 vobis,
2928 461 2985 518 Si
3022 463 3146 534 quis
3191 474 3370 521 autem
3413 467 3537 539 Spi-

268 566 413 620 ἔστιν
447 563 610 619 αὐτοῦ
636 578 652 593 ⁸
694 564 743 615 εί
793 562 850 615 δὲ
891 561 1127 632 Χριστὸς
1155 561 1214 614 ὲν
1262 561 1412 631 ὑμῖν,
1448 557 1509 613 τὸ
1540 558 1639 629 μὲν
1688 556 1848 628 σῶμα

1968 551 2118 604 ritum
2157 550 2359 606 Christi
2401 566 2506 605 non
2537 551 2716 617 habet,
2759 550 2849 607 hic
2888 568 2994 609 non
3034 565 3119 610 est
3158 555 3293 624 ejus.
3335 557 3393 612 Si
3440 573 3537 614 au-

267 655 463 726 νεκρδν
490 655 580 710 διὰ
616 653 914 726 ἁμαρτίαν,
949 653 1011 706 τὸ
1047 652 1103 706 δὲ
1134 650 1354 722 πνεῦμα
1387 649 1495 715 ζῶν
1535 649 1623 703 διά
1646 649 1852 703 δικαιο-

1968 656 2061 696 tem
2090 641 2338 697 Christus
2369 641 2420 696 in
2458 641 2612 696 vobis
2645 649 2750 707 est,
2778 657 2979 714 corpus
3012 646 3227 714 quidem
3260 657 3534 703 mortuum

268 749 455 820 σύνην.
498 768 517 800 ι
567 749 805 820 Ι’Δραρεεν
834 742 951 812 οὖν,
981 746 1061 801 ὄτι
1093 747 1188 800 καὶ
1226 745 1358 800 ῑδιόν
1394 746 1510 798 ἐστι
1539 737 1598 797 τὸ
1625 740 1850 813 Πνεῦμα

266 840 360 894 τοῦ
397 839 553 905 Υίοῦ,
586 839 680 892 καὶ
701 837 817 891 οὔτι
851 855 952 892 που
993 837 1153 909 μόνον
1246 837 1417 907 Λόγος
1443 836 1561 889 ἐστὶ
1592 832 1852 906 πεφηνὼς

269 935 334 988 ὲκ
366 933 602 1005 Πατρὸς,
645 932 759 987 ἀλλ’
786 934 835 987 εί
877 933 972 988 καὶ⁸
1006 935 1180 986 νοοῖτο
1215 931 1340 985 καθ’
1377 932 1528 1004 ἡμᾶς
1563 931 1851 1000 ἄνθρωπος

269 1024 529 1095 γεγονὼς,
557 1025 619 1077 οὐ
648 1024 758 1078 τῶν
784 1025 881 1096 τῆς
908 1023 1164 1095 θεότητος
1195 1023 1502 1095 ἰδιωμάτων
1534 1022 1610 1087 ὡς
1641 1026 1698 1077 ὲν
1745 1022 1851 1093 ἰδίᾳ

270 1118 431 1187 φύσει
463 1117 804 1188 λειπόμενος.
841 1117 949 1170 Καὶ
990 1115 1119 1186 γοῦν
1148 1117 1311 1181 αὐτὸς
1352 1115 1615 1188 ὑπάρχων
1638 1116 1672 1184 ἡ
1712 1115 1850 1169 πάνδ-

269 1226 376 1263 των
415 1207 552 1278 ζωὴ,
579 1207 669 1262 διά
714 1206 814 1278 τὴν
862 1209 928 1262 ἐκ
963 1207 1059 1261 τοῦ
1107 1206 1310 1271 ζῶντος
1354 1207 1570 1277 Πατρὸς
1613 1206 1854 1275 άρῤητον

270 1301 547 1372 γέννησιν,
576 1300 957 1365 ζωοποιεῖσθαι
987 1300 1205 1370 λέγεται
1241 1298 1364 1370 μεθ’
1407 1296 1584 1370 ἡμῶν.
1622 1296 1777 1367 Πάρα
1805 1296 1851 1348 δ’

271 1386 363 1446 οῦν
388 1393 536 1462 ὅμως
584 1391 711 1445 ἰδεῖν
738 1391 1098 1462 χαριζόμενον
1134 1390 1232 1460 μὲν
1278 1391 1346 1460 τῇ
1394 1388 1499 1459 ἰδίᾳ
1543 1387 1709 1457 σαρκὶ
1755 1386 1854 1456 τῆς

275 1483 612 1557 θεοπρεποῦς
640 1482 925 1553 ἐνεργείας
962 1480 1063 1553 τὴν
1099 1481 1278 1548 δόξαν,
1306 1472 1679 1550 οἰκειούμενον
1718 1478 1763 1530 δ’
1784 1472 1851 1530 αὖ

273 1579 372 1648 τὴν
402 1578 579 1648 σάρκα
606 1584 656 1639 γ,
689 1575 782 1628 καὶ
813 1573 974 1628 οἱονεί
1009 1591 1127 1637 πως
1167 1570 1292 1626 καθ’
1336 1571 1531 1626 ἕνωσιν
1577 1571 1854 1639 οἰκονομι-

277 1668 398 1738 κὴν,
433 1666 528 1720 καὶ
556 1667 623 1736 τῇ
658 1663 765 1735 ἰδία
780 1662 1143 1734 ητεριτιθέντα
1173 1661 1356 1732 φύσει.

346 1916 477 1970 AH’.
522 1915 593 1967 Ἣ
620 1913 740 1984 οὐχὶ
767 1913 831 1985 δὴ
872 1913 1107 1984 μάλιστα
1138 1913 1376 1985 πρέπειν
1402 1913 1519 1983 ἐρεῖ
1551 1929 1635 1975 τις
1672 1911 1753 1981 τῷ
1787 1927 1853 1980 γε

273 2007 385 2061 ὄντι
416 2006 558 2061 κατὰ
602 2005 766 2076 φύσιν
793 2006 858 2059 ἐκ
903 2004 1038 2059 Θεοῦ
1068 2006 1281 2078 Πατρὸς
1316 2005 1497 2076 Λόγῳ,
1534 2004 1613 2075 τῷ
1651 2003 1859 2057 ἄνωθεν

274 2099 430 2169 ἥκειν
456 2097 637 2162 καὶἿιξ
660 2095 891 2167 ούρανοῦ
914 2136 928 2161 ,
952 2095 1014 2149 τὸ
1055 2095 1341 2164 ζωογονεῖν
1379 2094 1641 2148 δύνασθαι
1670 2093 1741 2147 τά
1779 2087 1860 2157 οἷς

275 2192 343 2244 ἂν
371 2189 572 2244 ἐνιέναι
602 2188 845 2259 βούλοιτο
870 2188 970 2258 τὴν
992 2188 1171 2259 (tum;
1204 2188 1269 2240 Τί
1296 2187 1355 2240 δὲ
1385 2186 1446 2239 τὸ
1476 2186 1856 2256 δημιουργεῖν,

274 2282 397 2336 εἰπέ
430 2298 557 2353 μοις
591 2280 789 2345 θεῖκῶς
821 2281 938 2353 δοίη
972 2297 1056 2344 τις
1076 2280 1145 2336 ἂν
1181 2274 1343 2344 εἶναι,
1378 2280 1411 2351 ἢ
1439 2279 1549 2332 τῶν
1580 2278 1858 2350 ἀνθρωπί-

274 2391 415 2441 νων;
439 2372 721 2444 Οὐδαμῶς.
752 2373 874 2437 Πῶς
903 2372 1118 2440 τοίνυν;
1160 2373 1336 2444 Ἦμᾶς
1366 2371 1618 2436 ζωοποιεῖ
1657 2371 1755 2441 μὲν
1785 2370 1860 2434 ὡς

274 2466 441 2529 Θεός·
477 2466 618 2537 πλὴν
659 2466 721 2518 οὐ
759 2464 906 2536 μόνῳ
939 2464 1017 2537 τῷ
1053 2465 1379 2536 μεταλαχεῖν
1413 2463 1568 2534 ἁγίου
1605 2462 1861 2533 Πνεύμα-

274 2572 397 2623 τος,
443 2556 559 2610 ἀλλ’
604 2556 827 2627 ὲδεστὴν
858 2557 1132 2628 παραθεὶς
1179 2557 1273 2610 καὶ
1311 2557 1411 2628 τὴν
1456 2557 1863 2630 ἀναληφθεῖσαν

278 2650 458 2720 σάρκα
479 2648 571 2700 τοῦ
588 2647 718 2701 Υίοῦ
741 2647 835 2700 τοῦ
859 2646 1170 2720 ἀνθρώπου.
1194 2648 1340 2719 Ἔφη
1371 2647 1498 2720 γάρ,
1513 2650 1595 2702 ὃτι
1619 2628 1642 2701 ⁷(
1668 2628 1858 2721 Ἀμην,

277 2737 425 2808 ἀμὴν
475 2737 619 2805 λέγω
656 2738 809 2808 ὑμῖν,
863 2738 959 2791 ἐὰν
1014 2739 1088 2808 μὴ
1130 2737 1341 2808 φάγητε
1385 2739 1484 2809 τὴν
1533 2738 1712 2810 σάρκα
1766 2738 1860 2792 τοῦ

278 2829 412 2882 Υίοῦ
438 2828 533 2882 τοῦ
579 2828 893 2900 ἀνθρώπου,
937 2830 1032 2883 καὶ
1065 2830 1228 2901 πίητε
1261 2829 1323 2882 τὸ
1355 2826 1527 2901 αἷμα,
1570 2831 1670 2884 οὐκ
1710 2831 1862 2903 ἔχετε

278 2921 425 2993 ζωὴν
455 2923 513 2974 ὲν
542 2922 773 2984 ἑαυτοῖς.
806 2941 823 2973 ι
858 2920 1430 2994 Κατακερτομούντων
1457 2921 1516 2976 δὲ
1554 2923 1716 2976 αὐτὸν
1753 2924 1864 2978 τῶν

291 3011 563 3066 Ἰουδαίων
606 3010 771 3075 ποτὲ,
817 3012 911 3065 καὶ
956 3012 1056 3084 τὴν
1102 3014 1195 3065 ἐπὶ
1239 3014 1354 3075 τοῖς
1387 3013 1638 3083 ἀμείνοσι
1684 3013 1863 3086 ψῆφον
1891 3052 1933 3109 c

281 3106 572 3172 ἀνάπτειν,
612 3106 712 3160 οὐκ
749 3101 847 3157 οἶδ’
876 3106 1056 3170 ὅπως,
1101 3105 1598 3177 ἐπικεχειρηκότων
1644 3104 1722 3178 τῷ
1760 3124 1865 3178 μα-

282 3197 459 3269 καρίῳ
486 3198 694 3263 Μωσεῖ,
722 3196 1022 3268 εἰρηκότων
1042 3196 1100 3250 δὲ
1124 3198 1429 3268 ἀναφανδόν
1449 3216 1461 3229 ο
1491 3217 1509 3250 t
1542 3200 1605 3253 Οί
1631 3201 1867 3272 πατέρες

282 3292 442 3363 ἡμῶν
483 3291 684 3361 ἔφαγον
721 3292 784 3346 τὸ
825 3291 1002 3362 μάννα
1045 3293 1102 3344 ὲν
1149 3294 1214 3363 τῇ
1259 3293 1479 3364 ἐρήμῳ,
1526 3292 1708 3357 καθώς
1749 3294 1870 3349 ἐστι

283 3384 691 3454 γεγραμμένον’
715 3384 932 3454 Ἄρτον
943 3383 1012 3436 ἐκ
1028 3383 1134 3438 τοῦ
1149 3384 1411 3453 οὐρανοῦ
1427 3385 1649 3440 ἔδωκεν
1661 3385 1869 3453 αὐτοῖς

284 3475 503 3546 φαγεῖν
522 3492 537 3506 ·
566 3476 620 3529 τί
651 3478 821 3540 ποιεῖς
850 3476 915 3530 σὺ
938 3478 1184 3547 σημεῖον,
1212 3475 1301 3530 ἵνα
1321 3476 1664 3547 πιπεύωμέν
1697 3495 1812 3543 σοις
1843 3497 1861 3529 ›

283 3569 339 3622 τί
378 3568 618 3639 ἐργάζῃ,
659 3568 736 3633 ώς
775 3567 980 3622 ἄνωθεν
1018 3569 1149 3638 ἡμῖν
1196 3568 1291 3622 καὶ
1331 3568 1389 3632 ἐξ
1425 3568 1657 3640 ούρανοῦ
1696 3587 1868 3625 κατα-

286 3661 520 3731 κομίσας
548 3662 606 3725 τὸ
637 3660 831 3730 σῶμα;
864 3661 1027 3731 φησιν
1046 3677 1061 3689 '
1094 3679 1112 3712 ι
1154 3659 1344 3731 Ἀμὴν,
1374 3660 1523 3733 άμὴν
1548 3661 1690 3731 λέγω
1716 3664 1867 3734 ὑμῖν,

287 3754 349 3807 οὐ
379 3753 622 3820 Μωῦσῆς
654 3752 892 3806 δέδωκεν
924 3753 1056 3823 ὑμῖν
1083 3752 1174 3806 τὸν
1203 3753 1366 3823 ἄρτον
1395 3754 1461 3805 ἐκ
1486 3752 1581 3805 τοῦ
1611 3752 1868 3825 ούρανοῦ,

286 3847 402 3903 ἁλλ’
432 3849 459 3901 6
488 3848 681 3917 Πατήρ
714 3861 815 3916 μου
849 3844 1062 3898 δίδωσιν
1093 3845 1221 3916 ὑμῖν
1244 3844 1336 3898 τὸν
1365 3845 1530 3916 άρτον
1564 3846 1629 3897 ὲκ
1656 3845 1751 3899 τοῦ
1781 3848 1872 3900 ού-

291 3940 456 4015 ρανοῦ
500 3941 591 3993 τὸν
623 3937 895 4008 ἀληθινόν.
928 3938 988 3991 '0
1018 3938 1127 4009 γὰρ
1160 3936 1325 4008 ἄρτος
1354 3936 1447 3990 τοῦ
1481 3936 1619 4007 Θεοῦ
1665 3939 1813 3992 ἐστιν
1844 3941 1872 3992 6

289 4030 639 4086 καταῦαίνων
678 4032 743 4083 ὲκ
790 4029 883 4083 τοῦ
935 4028 1189 4100 ούρανοῦ,
1234 4029 1328 4082 καὶ
1378 4027 1523 4100 ζωὴν
1570 4029 1747 4093 διδοὺς
1793 4029 1871 4101 τῷ

290 4125 501 4196 κόσμῳ.
531 4143 549 4175 ι
585 4123 697 4176 Καὶ
736 4123 873 4195 πρός
906 4139 969 4191 γε
1013 4122 1221 4184 τούτοις
1251 4120 1416 4175 πάλιν
1460 4118 1744 4194 μονονούχὶ
1779 4122 1873 4176 καὶ

290 4216 540 4288 δακτύλῳ
568 4225 590 4253 ι
622 4215 976 4279 καταδεικνὺς
1016 4215 1207 4268 ἑαυτὸν
1236 4213 1550 4284 ὲνσώματον
1575 4225 1632 4254 δ’
1669 4232 1687 4265 ι
1722 4212 1873 4282 ’Ἐγώ

292 4311 408 4381 είμι
434 4311 462 4361 6
487 4307 649 4378 ἄρτος
673 4308 701 4360 6
735 4306 863 4370 ζῶν,
894 4305 921 4358 6
951 4307 1015 4358 ὲκ
1058 4305 1152 4358 τοῦ
1180 4303 1412 4377 ούρανοῦ
1441 4304 1705 4368 καταϐάς.
1747 4305 1873 4359 Ἐάν

1952 742 2037 788 est
2073 741 2293 804 propter
2330 744 2634 803 peccatum,
2673 733 2898 802 spiritus
2934 745 3117 791 autem
3150 738 3283 792 vivit
3312 749 3538 810 prapter

1948 823 2395 894 jttstilicationem
2425 824 2490 878 ³³.
2542 843 2560 875 ι
2605 824 2762 879 Patet
2801 840 2929 897 ergo
2958 825 3224 895 Spiritum
3256 829 3376 883 Filii
3404 844 3541 899 quo-

1954 932 2062 988 que
2112 916 2386 986 preprium
2427 930 2582 982 esse,
2622 931 2722 971 nec
2758 916 2934 971 solum
2975 926 3247 987 quatenus
3301 914 3538 975 Verbum

1954 1019 2039 1065 est
2070 1025 2134 1066 ex
2165 1009 2323 1064 Patre
2357 1011 2643 1080 prodiens,
2658 1010 2752 1066 sed
2783 1011 2945 1066 etiam
2972 1011 3019 1065 si
3052 1011 3319 1081 cogitetur
3346 1028 3542 1067 secun-

1955 1103 2079 1158 dum
2139 1115 2239 1156 nos
2276 1101 2438 1158 homo
2494 1103 2690 1167 fartus,
2737 1101 3032 1157 divinitatis
3093 1103 3538 1172 proprietatibus,

1955 1211 2083 1266 qua}
2115 1211 2165 1249 tn
2208 1197 2480 1266 propriam
2537 1195 2680 1251 illius
2724 1205 2973 1249 naturam
3026 1197 3374 1263 conveniunt,
3433 1211 3540 1253 non

1956 1288 2267 1342 destitutus.
2308 1285 2441 1340 Nam
2482 1286 2609 1341 licet
2646 1296 2704 1341 ut
2742 1288 2902 1339 homo
2942 1284 3171 1355 proinde
3210 1302 3274 1341 ac
3314 1303 3413 1341 nos
3460 1289 3542 1343 vi-

1956 1377 2164 1431 viﬁcari
2203 1378 2472 1432 interdum
2504 1377 2753 1441 dicatur;
2795 1386 3032 1430 attamen
3068 1377 3542 1448 prepterinexpli-

1956 1468 2184 1524 cabilem
2218 1468 2361 1522 illam
2401 1468 2467 1522 ex
2508 1468 2725 1521 vivente
2758 1466 2920 1522 Patre
2958 1468 3384 1537 generationem,
3426 1484 3543 1523 om-

1958 1561 2107 1614 nium
2143 1559 2251 1613 vita
2290 1558 2530 1613 exsistit.
2593 1556 2789 1611 Videre
2830 1566 2914 1611 est
2959 1564 3137 1610 autem
3174 1557 3263 1611 ubi
3308 1556 3542 1613 Verbum

1960 1651 2154 1704 divina:
2201 1649 2436 1703 actionis
2483 1647 2713 1717 gloriam
2763 1646 2998 1714 propriae
3031 1644 3180 1700 carni
3224 1644 3487 1716 largiatur
3525 1664 3543 1705 :

1961 1750 2147 1796 contra
2172 1755 2389 1795 rursum
2425 1739 2516 1793 ubi
2542 1752 2664 1808 qua:
2690 1735 2872 1791 carnis
2898 1745 3046 1803 sunt,
3066 1735 3119 1789 in
3147 1750 3205 1790 se
3230 1736 3543 1803 transferat,

1960 1845 2024 1885 ac
2075 1838 2293 1901 propter
2340 1826 2764 1897 dispensationis
2821 1826 3074 1881 unionem
3126 1828 3357 1896 propria:
3406 1842 3543 1899 quo-
3640 1876 3652 1893 κ

1961 1919 2250 1975 dammodo
2290 1927 2497 1972 natura:
2527 1917 2751 1971 tribuat.

2034 2010 2317 2066 XXXVIII.
2379 2010 2575 2063 Annon
2628 2009 2680 2063 in
2736 2007 2995 2075 Verbum,
3060 2011 3201 2080 quod
3246 2010 3549 2067 secundum

1962 2114 2212 2157 naturam
2260 2116 2290 2155 a
2357 2101 2468 2155 Deo
2500 2097 2664 2155 Patre
2718 2100 2986 2170 procedit,
3015 2103 3250 2156 maxime
3292 2103 3549 2159 convenit

1962 2209 2197 2265 Superne
2225 2184 2386 2249 ac'de
2420 2192 2559 2249 cmlo
2587 2191 2800 2257 venire,
2833 2191 2942 2262 35
2972 2208 3146 2263 eaque
3201 2195 3401 2264 quibus
3460 2196 3547 2251 vi-

1965 2296 2074 2338 tam
2102 2285 2367 2355 impartiri
2398 2285 2655 2351 voluerit,
2695 2299 2854 2353 posse
2884 2285 3198 2340 viviﬁcare?
3225 2287 3339 2355 Dic,
3365 2304 3549 2357 qumso

1966 2391 2039 2448 te,
2069 2381 2310 2450 nunquid
2372 2382 2557 2436 divino
2624 2381 2783 2435 modo
2819 2382 3055 2436 condere
3117 2398 3180 2437 ac
3239 2399 3545 2453 procreare,

1963 2472 2212 2527 humanae
2243 2482 2451 2526 natura:
2481 2471 2821 2542 largiendum
2853 2472 2977 2527 est?
3010 2470 3233 2527 Minime
3279 2475 3547 2545 gentium.

1964 2562 2149 2632 Ecqtto
2181 2576 2312 2631 ergo
2360 2562 2519 2617 modo
2569 2576 2668 2617 nos
2710 2560 2981 2617 viviilcat?
3017 2573 3075 2617 nt
3118 2561 3303 2619 Deus:
3333 2579 3551 2620 verum-a

1967 2664 2144 2711 tamen
2207 2672 2311 2709 non
2366 2671 2460 2725 per
2494 2656 2595 2710 hoc
2626 2654 2797 2710 solum
2835 2656 2887 2711 id
2943 2654 3093 2735 facit,
3124 2659 3268 2727 quod
3301 2669 3547 2714 sanctum

1966 2747 2121 2802 nobis
2166 2748 2429 2817 Spiritum
2490 2748 2823 2817 itnpartitur,
2855 2749 2948 2804 sed
3000 2765 3097 2820 per
3147 2750 3248 2806 hoc
3304 2765 3547 2822 quoque,

1965 2839 2106 2909 quod
2159 2837 2278 2893 Filii
2347 2839 2583 2893 hominis
2615 2854 2857 2907 carnem,
2889 2855 3050 2909 quant
3083 2845 3412 2913 assumpsit,
3460 2859 3551 2898 ve-

1968 2928 2227 2984 scendam
2280 2929 2551 2998 proponit.
2587 2928 2675 2984 Ait
2707 2930 2850 2983 enim
2882 2945 2896 2982 :
2935 2948 2955 2981 t
2992 2930 3192 2995 Amen,
3220 2940 3404 2985 amen'
3429 2932 3555 2987 dico

1967 3020 2143 3086 vobis,
2175 3022 2274 3076 nisi
2329 3021 2789 3076 mantlucaveritis
2844 3037 3062 3078 carnem
3115 3018 3237 3077 Filii
3292 3024 3548 3090 hominis,

1966 3121 2023 3169 et
2050 3112 2297 3168 hiberitis
2338 3112 2455 3180 ejus
2497 3113 2839 3183 sanguinem,
2890 3127 2995 3168 non
3047 3113 3319 3170 habebitis
3383 3115 3550 3171 vitam

1968 3204 2020 3257 in
2048 3203 2199 3258 vobis
2219 3203 2286 3256 “.
2323 3222 2342 3256 ι
2381 3205 2616 3257 llnrsutn
2649 3219 2773 3258 cum
2809 3202 2981 3258 Judaei
3028 3190 3223 3275 ipsum.
3250 3205 3553 3276 aliquando

1966 3296 2301 3360 deriderent,
2362 3297 2733 3366 conviciisque
2807 3305 3144 3367 appeterent,
3195 3313 3261 3353 ac
3334 3299 3553 3354 beatum

1966 3387 2187 3459 Moysen
2229 3388 2303 3442 illi
2335 3388 2518 3443 nescio
2558 3403 2666 3458 quo
2694 3389 2872 3461 modo
2915 3398 3331 3459 anteponentes,
3366 3400 3555 3469 aperte

1969 3481 2247 3536 dicerent:
2287 3499 2306 3532 ι
2349 3478 2538 3535 Patres
2594 3481 2762 3535 nostri
2816 3483 3287 3538 manducaverunt
3354 3498 3554 3537 manna

1968 3569 2023 3624 in
2054 3572 2288 3635 deserto,
2332 3571 2471 3625 sicut
2513 3570 2775 3647 scriptum
2811 3581 2936 3627 est:
2973 3571 3174 3627 Panem
3202 3573 3266 3629 de
3305 3573 3431 3629 caelo
3458 3574 3553 3629 dea

1969 3662 2044 3716 dit
2077 3665 2150 3719 eis
2188 3665 2554 3728 manducare;
2589 3664 2731 3734 quod
2771 3679 2901 3735 ergo
2941 3673 2996 3719 tu
3038 3664 3250 3734 signum
3298 3665 3451 3732 facis,
3496 3674 3557 3721 ut

1971 3756 2259 3810 credamus
2283 3755 2376 3810 tibi
2403 3756 2494 3809 ³⁵ἳ
2524 3756 2661 3822 Quid
2696 3756 2964 3825 operaris,
2997 3764 3056 3810 ttt
3081 3772 3280 3825 corpus
3319 3771 3556 3826 superne

1971 3845 2040 3902 de
2069 3845 2212 3901 coelo
2258 3846 2415 3901 nobis
2469 3847 2718 3901 attulisse
2773 3846 3553 3917 credarisiﬂesponditille:
3661 3900 3667 3906 .

1979 3956 1996 3990 ι
2025 3936 2222 4001 Amen,
2265 3950 2425 3989 amen
2452 3935 2576 3990 dico
2616 3936 2792 4000 vobis,
2833 3935 3193 4007 ttonlloyses
3232 3936 3378 3990 dedit
3405 3936 3559 3993 vobis

1972 4043 2167 4102 panem
2198 4027 2266 4082 de
2310 4027 2469 4094 (telo,
2505 4026 2598 4082 sed
2647 4025 2810 4080 Pater
2861 4041 3016 4082 meus
3057 4026 3149 4081 dat
3182 4027 3335 4083 vobis
3361 4043 3554 4099 panem

1974 4124 2041 4176 tle
2073 4119 2212 4176 cmlo
2264 4134 2451 4174 verum
2480 4135 2495 4173 :
2531 4118 2689 4188 panis
2744 4118 2887 4173 enim
2939 4116 3033 4173 Dei
3058 4127 3162 4185 est,
3195 4119 3289 4188 qui
3318 4120 3384 4174 de
3416 4120 3558 4177 cmlo

1974 4213 2272 4279 descendit,
2301 4221 2355 4268 et
2404 4213 2495 4268 dat
2538 4211 2705 4266 vitam
2742 4211 2943 4267 mundo
2974 4209 3041 4266 ³⁸.
3082 4230 3102 4263 ι
3145 4211 3387 4282 Denique
3437 4216 3584 4268 tan-‘

1979 4314 2090 4359 tum
2144 4318 2252 4358 non
2304 4302 2474 4373 digito
2533 4302 2775 4371 seipsum
2821 4303 2874 4356 in
2922 4319 3151 4372 corpore
3205 4308 3557 4360 constitutum

290 4418 378 4464 τις
404 4399 552 4470 φάγῃ
579 4402 643 4453 ἐκ
671 4398 765 4452 τοῦ
804 4398 967 4470 ἄρτου
1003 4396 1216 4463 τούτου,
1243 4396 1397 4469 ζήσει
1428 4398 1508 4460 εἰς
1546 4397 1638 4451 τὸν
1664 4396 1863 4452 αίῶναε

1979 4398 2379 4460 demonstrans,
2415 4393 2489 4449 ita
2528 4393 2649 4448 ait:
2690 4412 2709 4446 t
2746 4393 2857 4463 Ego
2901 4408 3021 4450 sum
3066 4395 3223 4464 panis
3264 4398 3440 4463 vivus,
3465 4399 3558 4466 qui

294 4493 391 4547 καὶ
427 4493 456 4544 ὁ
490 4493 651 4562 άρτος
683 4491 740 4545 δὲ
769 4491 827 4546 ὃν
863 4489 974 4561 ἐγὼ
999 4490 1175 4555 δώσω,
1214 4492 1247 4561 ἠ
1293 4488 1429 4560 σάρξ
1462 4507 1564 4561 μου
1595 4491 1767 4558 ἐστὶν,
1804 4490 1872 4563 ἢν

293 4582 407 4653 ιγὼ
442 4581 597 4636 δώσω
636 4582 776 4649 ὑπὲρ
822 4582 920 4654 τῆς
962 4582 1056 4637 τοῦ
1099 4582 1302 4653 κόσμου
1344 4579 1512 4653 ζωῆς.
1546 4582 1605 4635 Ὀ
1643 4580 1873 4654 τρώγων

298 4692 401 4747 μου
429 4674 528 4745 τὴν
558 4672 757 4744 σάρκα,
787 4673 879 4747 καὶ
907 4673 1076 4726 πίνων
1111 4690 1213 4743 μου
1243 4671 1306 4725 τὸ
1339 4664 1500 4743 αἷμα,
1534 4674 1592 4726 ὲν
1619 4672 1745 4743 ἐμοὶ
1778 4673 1874 4742 μέ-

296 4746 397 4832 νει,
428 4762 582 4833 κάγὼ
608 4765 666 4817 ὲν
700 4746 868 4833 uoco:
912 4762 1110 4825 Καθὼς
1142 4763 1428 4816 ἀπέστειλέ
1463 4781 1530 4834 με
1557 4762 1586 4814 6
1619 4763 1728 4828 ζῶν
1762 4764 1875 4817 Πα-

296 4857 422 4929 τὴρ,
465 4855 621 4925 κάγὼ
659 4854 737 4920 ζῶ
778 4854 866 4907 διά
907 4853 998 4906 τὸν
1030 4854 1280 4924 Πατέραο
1312 4854 1406 4907 καὶ
1442 4856 1471 4907 6
1496 4854 1725 4926 τρώγων
1773 4871 1871 4925 με,

297 4947 550 5009 κάκεῖνος
576 4942 732 5016 ζήσει
764 4943 833 4996 δι’
855 4942 977 5013 ὲμέ.
1010 4962 1027 4994 ι
1063 4941 1255 4994 Καίτοι
1288 4941 1405 5004 πῶς
1444 4942 1542 4994 οὐκ
1580 4942 1778 5012 ἀληθὲς
1807 4945 1882 4996 εί-

299 5038 446 5102 πεῖν,
471 5034 546 5100 ώς
574 5034 1015 5105 καταπεφοίτηκε
1049 5034 1146 5104 μὲν
1173 5034 1275 5087 οὐκ
1304 5032 1365 5098 ἐξ
1386 5032 1632 5105 οὐρανῶν
1652 5037 1685 5104 ἡ
1720 5034 1877 5106 σάρξ,

299 5127 415 5182 ἀλλ’
451 5122 521 5198 ἦν
563 5127 628 5180 ὲκ
658 5126 961 5198 Παρθένου,
992 5124 1133 5179 κατὰ
1164 5124 1263 5187 τὰς
1301 5123 1559 5194 Γραφάς;
1598 5122 1723 5176 ’Ότι
1765 5123 1881 5178 ἐστι

375 5305 421 5338 ³¹
448 5304 603 5361 Joan.
638 5321 721 5374 ιιι,
775 5307 826 5361 5.
907 5305 950 5337 ³³
974 5305 1133 5359 Rom.
1168 5320 1287 5369 vm,
1337 5304 1390 5367 9,
1428 5304 1517 5357 10.

306 5373 394 5439 εε,
422 5377 513 5444 57,
537 5376 627 5432 58.

1981 4488 2047 4544 de
2103 4486 2244 4542 coelo
2289 4486 2565 4543 descendi.
2591 4484 2649 4540 Si
2692 4486 2816 4556 quis
2862 4486 3279 4544 manducaverit
3328 4503 3394 4544 ex
3453 4489 3557 4544 hoc

1980 4593 2139 4650 pane,
2171 4578 2315 4633 vivet
2345 4578 2397 4633 in
2428 4588 2690 4633 azternum
2726 4594 2740 4630 :
2773 4585 2829 4632 et
2855 4579 3010 4649 panis
3041 4594 3202 4648 quem
3247 4583 3347 4647 ego
3395 4577 3556 4644 dabo,

1982 4685 2111 4726 caro
2128 4685 2245 4726 mea
2276 4680 2361 4726 est
2390 4684 2489 4741 pro
2528 4670 2713 4725 mundi
2740 4670 2871 4723 vita.
2907 4668 3009 4737 Qui
3042 4669 3332 4724 manducat
3384 4683 3559 4722 meam

1982 4769 2301 4827 carnem,et
2335 4760 2473 4816 bibit
2514 4774 2694 4816 meum
2725 4760 3066 4833 sanguinem,
3110 4759 3161 4812 in
3215 4772 3300 4812 me
3358 4771 3560 4820 manet,

1983 4861 2036 4909 et
2064 4867 2164 4923 ego
2190 4852 2244 4906 in
2290 4850 2405 4909 illo.
2451 4849 2605 4905 Sicut
2637 4863 2724 4905 me
2757 4849 2905 4904 misit
2934 4849 3121 4903 vivens
3160 4846 3344 4911 Pater,
3378 4856 3432 4902 et
3462 4862 3564 4917 ego

1980 4942 2104 4997 vivo
2133 4949 2356 5011 propter
2392 4938 2612 4994 Patrem
2641 4956 2656 4993 :
2690 4948 2745 4994 et
2775 4940 2869 5009 qui
2898 4938 3193 4994 manducat
3223 4954 3332 5004 me,
3364 4949 3419 4994 et
3447 4939 3563 5007 ipse

1982 5034 2128 5088 vivet
2167 5040 2391 5103 prepter
2431 5046 2519 5087 me
2546 5030 2612 5084 ".
2664 5048 2686 5081 ι
2730 5030 2893 5099 Atqui
2950 5028 3080 5084 nulli
3143 5029 3434 5085 obscurum
3484 5040 3568 5085 cst

1982 5139 2201 5181 carnem
2227 5123 2354 5179 Filii
2380 5124 2616 5179 hominis
2643 5136 2750 5177 non
2800 5121 3146 5177 descendisse
3171 5121 3239 5176 de
3280 5120 3454 5184 caelis,
3472 5124 3565 5177 sed

1615 5305 1660 5336 ³⁵
1696 5303 1856 5361 Joan.

1968 5305 2109 5371 .54.
2188 5306 2233 5338 ιι
2260 5306 2393 5361 ibid.
2417 5304 2622 5372 30,5l.
2701 5301 3144 5371 "ibid.aa,sa.
3222 5307 3265 5339 ιτ
3306 5306 3566 5371 ibid.5!,
3644 5264 3653 5348 ξ

1402 5513 1581 5568 Varim
1613 5514 1875 5569 lectiones
1908 5513 2125 5569 codices
2161 5512 2530 5595 chuieriani.

382 5655 410 5698 1
433 5648 498 5701 τὰ
526 5647 742 5719 σαρκός.
822 5657 844 5685 ι
880 5644 1162 5709 δακτύλοις
1195 5644 1619 5717 κατασημαὶνων
1652 5644 1815 5699 αὑτὸν
1844 5643 2178 5715 ὲνσώματον.
2258 5652 2278 5719 f'
2312 5645 2368 5698 ἐν
2398 5643 2630 5716 σώματι.
