3910 6200
380 185 513 242 “0|

1371 173 1431 229 S.
1469 169 1746 228 CYRILLI
1786 165 2260 223 ALEXANDRINI
2300 161 2623 221 ARCHIEP.

3423 173 3429 180 -
3475 145 3642 216 ἰιοα

379 315 410 354 e
439 310 595 352 sacra
618 290 826 364 virgine
853 286 1151 344 secundum
1185 287 1497 356 Scripturas
1519 295 1784 356 sumptam
1809 297 1951 346 esse,

2087 280 2108 332 ὲ
2143 280 2244 332 οὐκ
2273 278 2488 341 ἐδεστὸς
2519 279 2547 329 ὁ
2587 274 2782 343 Λόγος,
2815 271 2929 326 ἀλλ’
2960 271 3038 336 είς
3077 272 3134 325 ἓν
3166 272 3334 342 ἄμφω
3365 271 3643 340 συλλέγων

378 402 532 457 atque
559 395 764 440 certum
799 392 878 436 est
906 397 919 434 :
959 379 1186 434 Verbum
1217 378 1514 432 secundum
1553 393 1610 431 se
1639 376 1951 430 manducari

379 496 485 534 non
515 492 706 548 posse;
727 484 965 529 attamen
997 471 1292 527 secundum
1320 470 1775 538 dispensatoriam
1809 469 1954 522 illam

380 571 660 632 unionem,
681 565 864 620 multis
893 564 1092 633 passim
1123 561 1254 616 locis
1282 561 1464 614 videre
1488 560 1631 620 licet,
1659 569 1716 612 ιιι
1754 559 1958 611 utrius-

381 675 488 730 que
510 667 716 713 naturaa
751 655 1114 724 proprietates
1161 650 1500 705 familiariter
1547 651 1648 704 sibi
1707 649 1962 703 vindicet

383 760 733 820 usurpetque.
763 747 941 813 Quare
979 743 1272 797 Nicodemo
1324 744 1640 812 mysterium
1706 742 1807 795 hoc
1852 755 1959 794 non

385 839 724 909 intelligenti,
756 838 850 891 sed
879 835 1124 904 imperite
1157 851 1170 886 ι
1211 852 1227 883 ι
1272 832 1552 898 Quomodo
1589 840 1820 900 possunt
1849 831 1962 883 hanc

388 931 540 985 ﬁeri?
561 950 580 982 ι
613 927 930 989 sciscitanti,
954 926 1022 979 ita
1049 923 1322 978 occurrit:
1351 941 1368 974 ι
1396 923 1452 976 Si
1482 933 1696 975 terrena
1729 921 1840 973 dixi
1873 934 1977 973 ro-,

390 1025 495 1088 bis,
514 1033 684 1075 etnon
705 1019 944 1080 creditis,
961 1015 1229 1085 quomodo
1257 1014 1299 1068 si
1328 1013 1566 1067 C(elestia
1587 1013 1736 1066 vobis
1757 1012 1966 1073 dixero,

389 1111 677 1167 credetis?
713 1110 777 1163 Et
822 1124 980 1162 nemo
1043 1106 1288 1160 ascendit
1347 1104 1400 1156 in
1459 1101 1675 1174 caelum,
1710 1100 1810 1174 nisi
1876 1100 1965 1167 qui

390 1200 668 1256 descendit
701 1198 766 1252 de
799 1198 959 1260 cmlo,
999 1196 1168 1249 Filius
1209 1175 1319 1262 36
1361 1189 1595 1244 hominis
1620 1173 1684 1241 ⁵⁸.
1713 1205 1729 1238 ι
1771 1173 1970 1240 ludatis

391 1303 570 1346 autem
617 1289 804 1343 eodem
833 1288 992 1356 plane
1029 1283 1254 1339 inscitiae
1290 1282 1480 1335 morbo
1523 1293 1644 1332 cum
1683 1277 1971 1330 Nicodemo

394 1379 780 1439 labbrantibus,
809 1377 1018 1445 ipsique
1066 1374 1208 1444 quod
1253 1383 1448 1438 corpus
1475 1383 1628 1422 suum
1672 1365 1968 1426 viviﬁcnm,

394 1469 601 1525 necnon
624 1471 689 1522 de
707 1467 844 1522 crelo
876 1467 1141 1534 dilapsum
1163 1463 1480 1525 aﬂirmaret,
1501 1459 1682 1514 nescio
1705 1459 1973 1527 quomodo

397 1563 622 1614 illudere
675 1574 780 1613 non
819 1539 1211 1617 dubitantibus,
1239 1554 1319 1608 sic
1370 1553 1550 1606 aiebat
1591 1565 1607 1604 :
1655 1569 1673 1601 ι
1717 1549 1827 1602 lloc
1881 1563 1973 1602 vos

2059 368 2200 421 κατά
2222 366 2492 437 σύμϐασιν
2513 361 2860 434 οἰκονομικὴν
2882 361 2948 414 τά
2973 361 3080 441 τῷν
3103 360 3317 429 φύσεων
3343 359 3638 431 ἰδιώματα.

2057 459 2147 511 atat
2179 457 2385 526 μυρίων
2424 457 2563 507 ὅσων
2590 455 2722 524 ἡμῖν
2747 453 2938 523 ὁρᾶται
2967 450 3164 519 λόγων.
3198 451 3492 520 Νικοδήμῳ
3538 451 3642 520 μὲν

2059 549 2167 620 γὰρ
2188 550 2247 602 οὺ
2282 548 2518 601 συνιέντι
2541 545 2602 598 τὸ
2635 545 2958 616 μυστήριον,
2985 543 3388 614 ἀνακεκραγότι
3413 543 3469 596 δὲ
3498 544 3645 612 ἀμα-

2067 639 2362 704 θῶςοιΠῶς
2389 637 2610 692 δύναται
2640 635 2809 690 ταῦτα
2840 633 3094 704 γενέσθαι
3115 635 3268 696 ;-Εἰ
3297 634 3364 687 τὰ
3399 634 3643 702 ἐπίγεια,

2065 733 2246 802 φησὶν,
2280 727 2430 782 εἶπον
2465 730 2616 799 ὑμῖν,
2659 727 2752 782 καὶ
2779 728 2840 780 οὐ
2876 727 3162 780 πιστεύετε
3183 743 3196 756 ·
3229 727 3344 789 πῶς
3379 726 3472 779 ἐὰν
3505 727 3647 780 εἴπω

2064 825 2132 877 τὰ
2167 822 2468 894 ἐπουράνια
2503 821 2652 890 ὑμῖν,
2687 819 3044 890 πιστεύσητες
3080 818 3189 872 Καὶ
3224 818 3398 880 οὐδεὶς
3443 818 3647 871 ἀναϐέ-

2067 915 2234 985 ϐηκεν
2265 917 2343 977 εἰς
2369 913 2458 965 τὸν
2487 910 2734 982 οὐρανὸν,
2764 913 2814 964 εί
2849 910 2924 982 μὴ
2949 913 2982 985 ό
3011 911 3139 972 Υἱὸς
3162 909 3257 962 τοῦ
3291 909 3581 978 ἀνθρώπου
3617 911 3651 962 ὁ

2070 984 2134 1059 ἐκ
2172 1003 2265 1058 τοῦ
2300 1001 2527 1074 οὖρανοῦ
2571 1001 2837 1081 καταϐάς.
2865 1019 2881 1052 ι
2929 984 3204 1064 Ἰουδαίοις
3240 1018 3296 1079 τε
3338 1001 3500 1053 πάλιν
3548 1000 3652 1072 τὴν

2069 1100 2192 1169 ἴσην
2222 1096 2414 1166 ἐκείνῳ
2446 1095 2690 1149 νοσοῦσιν
2713 1093 3091 1156 ἀπαιδευσίαν,
3125 1095 3218 1148 καὶ
3251 1095 3526 1168 διαγελᾷν,
3549 1095 3654 1146 οὐκ

2071 1186 2163 1244 οἷδ’
2186 1191 2353 1255 ὅπως,
2381 1188 2658 1258 ἑλομένοις
2680 1186 2860 1252 αὑτὸν,
2877 1185 3110 1256 ἐπείπερ
3134 1185 3238 1256 ἔφη
3267 1178 3530 1250 ζωοπόιδν
3551 1184 3656 1238 καὶ

2072 1282 2130 1348 ἐξ
2165 1281 2394 1352 οὐρανοῦ
2437 1280 2498 1332 τὸ
2531 1281 2660 1332 ἴδιον
2697 1279 2883 1350 σῶμα·
2919 1297 2936 1328 ι
2974 1278 3144 1330 T0610
3183 1279 3328 1347 ὑμᾶς
3369 1275 3657 1332 σκανδαλίσ

2075 1372 2188 1435 ζειξ
2232 1371 2395 1442 φησίν
2422 1388 2434 1401 υ
2470 1369 2563 1425 ἰάν
2589 1365 2686 1423 οὖν
2711 1369 2949 1440 θεωρῆτε
2973 1368 3062 1421 τὸν
3088 1368 3214 1421 Υἱὸν
3240 1367 3334 1421 τοῦ
3361 1367 3654 1437 ἀνθρώπου

2076 1463 2432 1517 ἀναϐαίνοντα
2477 1463 2612 1516 ὅπου
2645 1458 2713 1532 ἦν
2755 1461 2814 1513 τὸ
2858 1455 3155 1531 πρότερονς
3187 1479 3204 1510 ι
3248 1461 3318 1512 Ἢ
3349 1460 3469 1529 οὐχὶ
3501 1459 3658 1511 τετέ-

2078 1552 2201 1622 χθαι
2238 1551 2414 1621 φαμὲν
2457 1552 2520 1626 έκ
2564 1548 2821 1618 γυναικὸς
2867 1547 2955 1600 τὸν
2991 1547 3370 1617 Ἐμμανουήλ;
3416 1545 3524 1598 I106
3559 1541 3658 1598 οὖν

396 1645 765 1702 scandalizat?
790 1643 844 1698 Si
875 1659 1003 1711 ergo
1027 1641 1272 1696 videritis
1296 1640 1489 1695 Filium
1524 1639 1756 1692 hominis
1789 1653 1973 1692 ascen-

2087 1645 2138 1696 τὸ
2167 1643 2430 1715 πρότερον
2455 1637 2546 1712 ἦν,
2577 1641 2608 1711 ἢ
2642 1640 2758 1702 πῶς
2787 1637 3125 1708 ἀναϐέϐηκεν
3156 1637 3284 1690 ἔνθα
3319 1639 3480 1708 φησὶν
3512 1635 3660 1690 εἶναι

399 1739 612 1790 dentem
661 1735 747 1790 tibi
798 1735 946 1802 prius
992 1733 1213 1788 erat"?
1250 1750 1269 1784 ι
1319 1731 1497 1798 Quid?
1531 1745 1708 1784 nonne
1760 1729 1973 1783 Emma-

399 1825 614 1882 nnelem
646 1840 711 1880 ex
740 1826 965 1879 muliere
1015 1833 1200 1877 natum
1235 1820 1502 1877 dicimus?
1538 1820 1636 1876 Ubi
1669 1835 1798 1890 ergo
1827 1821 1974 1890 prius

397 1926 539 1982 erat,
576 1929 668 1969 aut
699 1930 803 1984 qua
845 1915 1056 1968 ratione
1083 1927 1148 1968 eo
1179 1912 1489 1966 ascendisse
1528 1925 1588 1965 se
1633 1910 1847 1974 asserit,
1883 1909 1971 1962 ubi

403 2018 530 2061 ante
552 2006 709 2059 erat?
738 2004 922 2058 Nonne
961 2017 1189 2073 corpore
1225 2002 1327 2057 sibi
1359 2001 1508 2056 unito
1534 2016 1595 2054 ex
1627 2009 1810 2054 sancta
1846 1984 1971 2054 Vir-

402 2100 528 2169 gine
575 2106 763 2151 natum
819 2095 1172 2166 proﬁtemur?
1218 2095 1409 2149 Annon
1461 2108 1678 2147 carnem
1738 2107 1856 2161 qua:
1909 2092 1975 2144 de

405 2200 550 2243 terra
575 2197 678 2253 est,
693 2189 834 2257 quod
870 2188 1086 2254 quidem
1108 2185 1172 2238 ad
1191 2185 1461 2254 propriam
1487 2195 1732 2238 naturam
1761 2184 1976 2248 attinet,

405 2271 729 2333 ineliicacem
778 2280 844 2331 ad
877 2279 978 2332 hoc
1023 2293 1144 2333 esse
1198 2279 1566 2346 agnoscimus,
1610 2288 1668 2330 ut
1704 2278 1981 2331 vivilicare

406 2371 616 2440 p0ssit?
648 2371 762 2436 Quo
793 2370 956 2440 igitur
1013 2369 1172 2424 modo
1201 2370 1314 2434 die,
1339 2383 1539 2438 quasso,
1567 2377 1658 2421 aut
1690 2383 1817 2423 caro
1845 2370 1980 2423 vivi-

408 2460 507 2514 ftca
545 2469 649 2525 est,
681 2469 773 2512 aut
819 2473 1017 2527 corpus
1061 2459 1201 2526 quod
1257 2467 1526 2510 terrenum
1560 2466 1697 2510 este
1735 2455 1872 2509 crelo
1900 2457 1982 2508 di-

407 2556 615 2622 lapsum
643 2550 862 2620 intelligi
904 2548 1124 2618 potest?
1151 2547 1346 2617 Utique
1376 2547 1672 2602 secundum
1709 2547 1983 2612 unionem,

2081 1735 2282 1795 αὑτὸν,
2325 1732 2501 1786 καίτοι
2557 1730 2840 1801 τεχθέντος
2891 1728 2978 1781 διὰ
3016 1729 3114 1799 τῆς
3167 1729 3329 1797 ἀγίας
3375 1728 3659 1800 Παρθένου

2081 1824 2174 1878 106
2201 1823 2489 1884 ένωθέντος
2513 1820 2660 1891 αὑτῷ
2689 1820 2958 1890 σώματος;
2983 1819 3116 1889 Οὐχὶ
3139 1821 3194 1873 δὲ
3227 1821 3322 1874 καὶ
3351 1822 3663 1891 ἀπρακτεῖν

2081 1913 2476 1986 ὁμολογήσαιμ)
2501 1912 2528 1952 b
2559 1911 2625 1965 ἂν
2654 1911 2751 1981 τὴν
2785 1909 2892 1963 ἀπὸ
2927 1909 3032 1979 γῆς
3066 1911 3244 1981 σάρκα
3291 1911 3426 1982 πρὸς
3462 1911 3523 1962 τὸ
3564 1909 3666 1962 δύ-

2080 2007 2274 2060 νασθαι
2306 2005 2609 2070 ζωοποιεῖν,
2654 2004 2776 2056 ὅσον
2819 1999 2953 2074 ἦκεν
2988 2005 3078 2064 ,εἰς
3115 2004 3249 2056 ἰδίαν
3297 2002 3490 2073 φύσινς
3534 2002 3678 2066 Πῶς·

2081 2094 2193 2161 οὖν,
2217 2097 2338 2150 είπέ
2370 2113 2482 2167 μοι,
2511 2094 2772 2159 ζωοποιὸς
2799 2095 2831 2164 ἡ
2861 2092 3028 2160 σάρξ;
3059 2095 3090 2164 ἢ
3125 2093 3242 2156 πῶς
3269 2094 3335 2148 ἀν
3361 2097 3535 2146 νοοῖτο
3562 2095 3667 2145 καὶ

2085 2187 2143 2253 ἐξ
2177 2184 2410 2258 οὐρανοῦ
2455 2185 2516 2237 τὸ
2558 2185 2667 2238 ἀπὸ
2695 2185 2826 2256 γῆς
2871 2184 3007 2237 Καθ’
3047 2185 3238 2236 ἕνωσιν
3271 2185 3531 2254 δηλονότι,
3562 2184 3670 2254 τὴν

2085 2277 2224 2348 πρός
2263 2276 2326 2345 γέ
2371 2293 2512 2346 φημι
2543 2276 2633 2328 τὸν
2670 2275 2846 2340 ζῶντά
2889 2293 2947 2328 τε
2993 2277 3087 2329 καὶ
3130 2276 3418 2344 οὐρανόθεν
3447 2276 3624 2342 Λόγον
3652 2292 3666 2304 ·

2086 2369 2429 2440 φρονήσομεν
2467 2369 2576 2438 γὰρ
2620 2367 2717 2420 ὡδὶ
2752 2367 2820 2419 τὰ
2867 2366 2987 2420 λίαν
3021 2366 3178 2438 ὀρθὰ,
3217 2369 3308 2419 καὶ
3344 2369 3458 2428 τοῖς
3499 2369 3674 2437 ἱεροῖς

2089 2458 2456 2528 συμϐαίνοντα
2490 2458 2704 2525 Λόγοις.
2724 2457 2822 2528 Εἴη
2839 2457 2946 2527 γὰρ
2965 2458 3062 2528 οὐχ
3087 2458 3271 2527 ἕτερος
3288 2459 3380 2509 καὶ
3402 2460 3676 2528 Δημιουρ-

2089 2549 2182 2618 γδς
2208 2549 2424 2613 θεῖκῶς,
2456 2549 2550 2600 καὶ
2577 2548 2665 2601 ὅτε
2695 2547 2770 2618 μὴ
2799 2548 2921 2617 δίχα
2951 2551 3123 2601 νοοῖτο
3153 2547 3372 2618 σαρκός.

411 2660 516 2712 qua
564 2644 687 2697 vivo
735 2641 807 2696 illi
863 2641 1180 2709 caelestique
1233 2631 1409 2693 Verbo
1468 2637 1819 2708 coniunctum
1873 2649 1977 2693 est.
2031 2638 2185 2696 Hunc
2229 2656 2360 2711 ergo
2411 2641 2465 2694 in
2515 2641 2729 2694 modum
2775 2640 3095 2702 sentientes,
3150 2653 3298 2704 vera,
3359 2637 3678 2705 divinisque

411 2733 634 2790 Litteris
689 2736 1060 2785 consentanea
1128 2727 1445 2782 sentiemus.
1465 2722 1611 2780 Unus
1644 2724 1785 2778 enim
1819 2725 2067 2796 idemque
2105 2728 2322 2783 divinus
2342 2739 2425 2782 est
2447 2725 2640 2798 Opifex
2664 2729 2826 2782 etiam
2849 2743 3014 2782 carne
3046 2728 3292 2782 vestitus;

481 2821 724 2878 XXXIX.
770 2818 1104 2890 Astipulatur
1142 2818 1265 2872 huic
1300 2831 1518 2887 quoque
1545 2815 1806 2870 doctrina:
1857 2816 1982 2868 divi-

2166 2820 2290 2873 AB'.
2332 2818 2688 2889 Συλλήπτορα
2735 2816 2790 2870 δὲ
2831 2814 2925 2870 106
2971 2815 3132 2884 λόγου
3172 2819 3469 2888 ποιήσομαι
3507 2817 3680 2874 πάλιν

413 2931 517 2972 nus
545 2915 656 2978 ille,
687 2909 1036 2979 cmlcstisq’ue
1068 2908 1348 2979 sapientia:
1395 2907 1653 2977 magister
1701 2905 1988 2974 Apostolus

415 3005 632 3061 Paulus.
652 3001 853 3058 Scribit
881 3003 1061 3054 autem
1087 2998 1140 3051 in
1167 2998 1280 3052 hzec
1301 2999 1463 3052 verba
1491 3014 1504 3050 :
1539 3012 1556 3047 ι
1593 2994 1811 3050 Gratias
1834 3011 1992 3064 agen-

417 3109 499 3152 tes
519 3097 653 3158 Deo,
680 3093 771 3164 qui
803 3093 992 3162 dignos
1025 3098 1121 3144 nos
1157 3087 1284 3144 fecit
1317 3089 1368 3142 in
1416 3097 1623 3158 partem
1671 3086 1834 3142 sortis
1864 3103 1990 3142 sau-

417 3198 626 3243 ctorum
680 3187 732 3238 in
780 3180 1136 3248 lumine;qui
1200 3179 1398 3250 eripuit
1449 3194 1546 3233 nos
1604 3175 1670 3232 de
1727 3187 1993 3245 potestate

422 3278 794 3337 tenebrarum,
820 3283 872 3327 et
905 3271 1177 3325 transtulit
1201 3270 1255 3324 in
1282 3285 1504 3337 regnum
1534 3261 1658 3322 Filii
1688 3268 1994 3323 dilectiOnis

420 3381 555 3431 suae,
601 3366 652 3418 in
706 3377 812 3432 quo
863 3362 1125 3415 habemus
1185 3360 1633 3428 redemptionem,
1689 3368 1740 3413 et
1800 3360 1991 3413 remis-

421 3459 629 3513 sionem
684 3463 1024 3522 pecCatorum
1059 3469 1070 3502 :
1101 3450 1191 3519 Qui
1222 3461 1303 3504 est
1333 3451 1508 3518 imago
1558 3449 1650 3503 Dei
1684 3449 1992 3514 invisibilis,

364 3529 366 3532 6
420 3544 814 3616 primogenittis
837 3544 1012 3596 amnis
1031 3551 1292 3595 creatura:
1314 3555 1328 3594 :
1354 3541 1606 3608 quoniam
1639 3540 1690 3593 in
1720 3539 1835 3608 ipso
1863 3556 1995 3593 con-

425 3641 534 3693 dita
568 3645 694 3692 sunt
726 3636 976 3687 universa
1012 3633 1064 3686 in
1090 3632 1264 3694 cmlis,
1307 3643 1360 3686 et
1396 3633 1448 3686 in
1482 3639 1646 3692 terra,
1681 3631 1908 3686 visibilia
1943 3640 1996 3686 et

425 3725 744 3788 invisibilia,
789 3725 902 3778 sive
947 3722 1174 3786 'l‘hroni,
1225 3723 1338 3776 sive
1385 3720 1822 3784 Domiuationes,
1885 3723 1998 3775 sive

424 3819 786 3887 Principatus,
821 3816 936 3869 sive
989 3813 1296 3868 I'otestates
1322 3825 1335 3867 :
1363 3813 1543 3866 omn’iu
1589 3819 1685 3882 per
1713 3813 1910 3882 ipsum,
1944 3823 1998 3868 ct

426 3911 479 3964 in
504 3911 618 3978 ipso
646 3916 827 3961 creata
857 3915 1022 3969 sunt;
1059 3914 1112 3956 et
1144 3905 1258 3973 ipse
1289 3913 1372 3958 est
1404 3915 1530 3958 ante
1557 3915 1769 3969 omnes,
1802 3917 1857 3958 et
1879 3921 1998 3959 om-

429 4004 516 4056 nia
551 4003 603 4054 in
634 4001 750 4068 ipso
778 3997 1122 4053 constant.Et
1141 3998 1256 4066 ipse
1271 3997 1790 4066 estcaputcorporis
1815 3997 1998 4050 Eccle-

427 4095 540 4155 siae,
571 4093 660 4160 qui
692 4102 770 4144 est
802 4090 1146 4158 principium,
1180 4089 1569 4157 primogenitns
1612 4096 1678 4142 ex
1735 4088 1995 4153 mortuis;

2090 2909 2185 2962 ὡδὶ
2220 2908 2536 2980 γεγραφότα
2558 2908 2648 2961 τὸν
2675 2907 3051 2978 οὑρανόφρονα
3087 2906 3180 2959 καὶ
3212 2907 3497 2961 θεσπέσιον
3526 2910 3684 2964 no.6-

2090 2996 2208 3050 )tov'
2244 3016 2262 3048 ι
2292 2997 2753 3069 Εὑχαριστοῦντες
2800 2996 2876 3067 τῷ
2913 2996 3031 3067 Θεῷ
3065 2997 3161 3049 καὶ
3195 3000 3402 3070 Πατρὶ,
3435 2999 3512 3068 τῷ
3552 3002 3685 3054 lxa-

2091 3088 2323 3143 νώσαντι
2353 3091 2501 3159 ἡμᾶς
2533 3091 2613 3152 εἰς
2639 3088 2736 3158 τὴν
2767 3089 2960 3159 μερίδα
2995 3088 3086 3141 106
3117 3089 3321 3159 κλήρου
3357 3091 3460 3143 τῶν
3495 3092 3680 3159 ἁγίων

2093 3180 2150 3232 ἐν
2180 3180 2256 3249 τῷ
2285 3180 2454 3248 φωτί·
2487 3180 2545 3244 ὃς
2583 3179 2851 3250 ἐρρύσατο
2881 3182 3027 3250 ἡμᾶς
3067 3181 3128 3232 ἐκ
3166 3182 3260 3250 τῆς
3302 3178 3549 3247 ἐξουσίας
3579 3184 3682 3237 τοῦ

2095 3273 2338 3339 σκότους,
2363 3273 2458 3324 καὶ
2491 3271 2824 3342 μετέστησεν
2853 3275 2931 3334 είς
2961 3271 3058 3342 τὴν
3091 3272 3369 3341 βασιλείαν
3403 3275 3498 3327 106
3537 3277 3674 3328 ΥΞοῦ

2095 3365 2193 3434 τῆς
2224 3364 2446 3434 ἀγάπης
2485 3362 2684 3442 αὑτοῦ,
2729 3365 2785 3415 ὲν
2818 3356 2862 3429 ᾧ
2900 3362 3094 3432 ἔχομεν
3133 3358 3230 3434 τὴν
3275 3364 3680 3434 ἀπολύτρωσιν,

2094 3456 2193 3526 τὴν
2217 3454 2411 3522 ἄφεσιν
2445 3455 2553 3506 τῶν
2585 3453 2872 3523 ἁμαρτιῶν
2898 3470 2911 3483 ο
2945 3453 3001 3516 ὃς
3037 3455 3184 3508 ἐστιν
3211 3455 3370 3529 είκὼν
3400 3455 3495 3508 106
3539 3456 3682 3510 Θεοῦ
3709 3433 3716 3442 1

2095 3547 2190 3599 τοῦ
2238 3544 2502 3618 ἀοράτου,
2546 3545 2889 3613 πρωτότοκος
2945 3547 3124 3616 πάσης
3171 3547 3435 3610 κτίσεως-⁸
3484 3548 3566 3600 ὅτι
3622 3551 3684 3602 έν

2098 3635 2247 3707 αὺτῷ
2284 3635 2506 3705 ἐκτίσθη
2537 3636 2604 3688 τά
2633 3634 2832 3710 πάντα,
2861 3634 2928 3687 τά
2957 3636 3014 3687 ὲν
3042 3639 3154 3696 τοῖς
3185 3637 3454 3706 οὐρανοῖς,
3486 3639 3579 3689 καὶ
3615 3638 3682 3691 τὰ

2099 3728 2192 3780 ἐπὶ
2228 3726 2327 3795 τῆς
2365 3724 2491 3794 γῆς,
2523 3725 2592 3778 τά
2627 3725 2797 3795 ὁρατά
2831 3725 2926 3777 καὶ
2953 3724 3024 3778 τὰ
3055 3725 3258 3795 ἀόρατα
3281 3739 3296 3755 ·
3321 3726 3432 3776 εἴτε
3465 3725 3679 3795 Θρόνοι,

2099 3818 2208 3871 εἴτε
2245 3818 2612 3887 κυριότητες,
2662 3817 2771 3869 εἴτε
2824 3817 3050 3888 Ἀρχαὶ,
3099 3817 3209 3869 εἴτε
3263 3816 3576 3882 Ἐξουσίαι,
3615 3820 3682 3872 τὰ

2100 3909 2277 3962 πάντα
2305 3908 2371 3960 δι’
2397 3905 2560 3960 αὐτοῦ
2612 3909 2706 3960 καὶ
2739 3909 2818 3970 είς
2850 3909 3011 3962 αὑτὶν
3059 3907 3302 3962 ἔκτισται
3325 3925 3339 3939 ο
3379 3910 3476 3962 καὶ
3518 3900 3685 3976 αὑτός

2102 4002 2218 4054 ἐστι
2242 3999 2346 4070 πρὸ
2366 4000 2603 4063 πάντων,
2637 4000 2730 4052 καὶ
2763 4000 2830 4054 τά
2865 4000 3041 4053 πάντα
3074 4002 3132 4053 ὲν
3161 4000 3310 4070 αὐτῷ
3343 4002 3644 4072 συνέστηκε
3666 4018 3680 4032 ⁸

2101 4093 2196 4145 καὶ
2221 4091 2381 4154 αὑτός
2404 4093 2552 4144 ἐστιν
2586 4092 2618 4162 ἡ
2649 4091 2859 4161 κεφαλὴ
2888 4090 2981 4143 τοῦ
3019 4090 3270 4160 σώματος
3309 4093 3411 4161 τῆς
3449 4091 3687 4162 Ἐκκλη-

430 4192 487 4236 υι
513 4183 585 4235 sit
620 4183 670 4234 in
733 4180 984 4233 omnibus
1046 4180 1160 4248 ipse
1212 4177 1500 4246 primatum
1535 4188 1742 4231 tenens.
1780 4175 1914 4242 Quia
1949 4178 1979 4229 it

2108 4185 2248 4246 σίαςν
2283 4183 2340 4245 ὅς
2369 4183 2514 4233 ὲστιν
2543 4182 2705 4252 ἀρχὴ,
2740 4172 3084 4252 πρωτότοκος
3111 4184 3172 4234 ἐκ
3200 4182 3309 4234 τῶν
3335 4182 3570 4252 νεκρῶν,
3600 4184 3688 4235 ἵνα

433 4277 548 4345 ipso
583 4273 910 4339 complacuit
962 4287 1176 4325 omnem
1232 4271 1619 4340 plenitudinem
1673 4269 1996 4332 inhabitare,

431 4377 487 4423 et
519 4381 613 4434 per
653 4380 774 4418 eum
821 4363 1169 4416 reconciliare
1201 4364 1380 4415 omnia
1412 4361 1462 4414 iu
1499 4360 1999 4428 ipsum,pacilicans

434 4472 526 4526 per
555 4455 871 4522 sanguinem
900 4453 1078 4506 crucis
1107 4453 1244 4520 ejus,
1279 4453 1394 4506 sive
1428 4467 1546 4519 qua:
1581 4450 1634 4503 in
1679 4449 1858 4513 terris,
1888 4451 2000 4502 sive

433 4559 552 4615 ηιιςιε
591 4547 641 4599 in
669 4546 818 4599 caelis
845 4544 1050 4598 sunt”.
1095 4563 1113 4594 ›
1161 4545 1237 4596 En
1277 4543 1362 4596 hic
1395 4543 1585 4594 iterum
1612 4540 1810 4593 diserte
1833 4553 1998 4606 espo-

434 4638 600 4698 nitur,
627 4652 728 4706 per.
764 4637 968 4706 ipsum,
1003 4645 1060 4690 et
1115 4636 1166 4687 in
1204 4636 1318 4703 ipso
1362 4632 1541 4685 omnia
1577 4644 1696 4683 esse
1747 4630 2000 4686 condita:

433 4745 649 4785 rursum
684 4739 810 4781 ante
855 4728 1033 4781 omnia
1058 4727 1340 4785 exsistere,
1534 4723 1892 4789 nniverSaque
1949 4723 1998 4771 in

435 4825 551 4892 ipso
573 4833 846 4885 constare,
875 4831 985 4873 tum
1018 4821 1191 4888 ipsum
1247 4831 1459 4885 quoque
1489 4816 1902 4886 primogenitum
1936 4828 2001 4868 ex

355 4945 368 4957 ο
439 4914 665 4967 mortuis
720 4913 993 4979 pratdicat,
1043 4915 1131 4978 qui
1173 4927 1264 4978 per
1314 4911 1628 4979 sanguinem
1678 4908 1857 4962 crucis
1894 4919 2005 4958 sua:

434 5005 614 5059 Omnia
656 5003 976 5072 pacillcaril.
1001 5012 1108 5054 tam
1163 5017 1279 5067 qum
1315 5001 1363 5052 in
1391 5000 1545 5054 unlis
1592 5014 1751 5066 quam
1779 5012 1896 5064 qua:
1950 4998 2002 5047 in

438 5095 623 5150 terris.
654 5098 722 5148 At
777 5096 922 5164 quis,
971 5112 1172 5162 quwso,
1219 5109 1282 5146 ex
1344 5093 1572 5146 mortuis
1615 5089 2006 5159 pt'itnogenitns

511 5249 554 5282 ³⁸
579 5247 736 5304 Joan.
774 5265 856 5312 in,
888 5247 1039 5313 9-12,
1082 5250 1168 5303 13.
1247 5247 1290 5280 ⁸³
1319 5245 1476 5302 Joan.
1511 5244 1697 5312 vi,65.

1775 5245 1819 5276 ‘°
1843 5242 2054 5299 Coloss.

2106 4272 2329 4341 γένηται
2358 4272 2416 4324 ὲν
2448 4271 2611 4323 πᾶσιν
2639 4269 2800 4333 αὐτὸς
2830 4271 3146 4340 πρωτεύων.
3174 4271 3296 4324 Ὀτι
3325 4273 3382 4324 ὲν
3410 4272 3558 4342 αὐτῷ
3600 4273 3690 4324 εὐ-

2107 4364 2300 4433 δόκησε
2337 4362 2442 4414 πᾶν
2486 4363 2546 4414 τὸ
2577 4361 2847 4432 πλήρωμα
2889 4364 3239 4434 κατοικῆσαι,
3283 4363 3375 4415 καὶ
3415 4363 3485 4416 δι’
3516 4366 3688 4418 αὑτοῦ

2108 4455 2551 4520 ἀποκαταλλάξαι
2589 4455 2654 4507 τὰ
2707 4458 2882 4507 πάντα
2929 4456 3006 4517 είς
3050 4454 3232 4518 αὐτὸν,
3265 4457 3691 4526 εἰρηνοποιήσας

2109 4544 2196 4598 διά
2250 4545 2342 4597 106
2399 4545 2627 4613 αἵματος
2671 4543 2764 4595 106
2825 4543 3060 4614 σταυροῦ
3102 4544 3290 4606 αὐτοῦ,
3343 4545 3449 4596 εἴτε
3489 4546 3559 4596 1‘1
3597 4547 3692 4597 ἐπὶ

2107 4633 2206 4704 τῆς
2236 4636 2358 4702 γῆς,
2405 4636 2514 4686 εἴτε
2553 4633 2620 4686 τά
2663 4635 2719 4684 ὲν
2755 4633 2867 4694 τοῖς
2895 4635 3164 4708 οὐρανοῖς.
3193 4654 3211 4684 ι
3261 4634 3391 4686 Ἰδοὺ
3424 4635 3491 4704 δὴ
3527 4635 3693 4687 πάλιν

2108 4725 2410 4792 ἀναφανδὸν
2437 4725 2502 4776 δι’
2527 4723 2718 4786 αὑτοῦ,
2747 4724 3019 4794 φησ“ι,καὶ
3049 4725 3128 4786 εἰς
3153 4723 3312 4775 αὑτὸν
3342 4724 3590 4776 ἔκτισται
3628 4727 3693 4776 τὰ

2106 4817 2300 4878 πάντα,
2331 4817 2423 4868 καὶ
2457 4815 2560 4885 μὴν
2582 4816 2663 4868 ὅτι
2688 4815 2793 4884 πρὸ
2808 4817 3023 4869 πάντων
3043 4817 3176 4878 ἐστὶ,
3199 4817 3289 4868 καὶ
3308 4816 3389 4867 ὅτι
3418 4817 3486 4869 τὰ
3509 4816 3690 4869 πάντα

2109 4907 2438 4975 συνέστηκεν
2471 4908 2528 4958 ὲν
2585 4905 2762 4975 αὐτῷ’
2831 4906 3114 4960 itala-310v
3147 4902 3286 4958 εἷναί
3354 4923 3491 4975 φησι
3534 4923 3690 4973 119(9-

2106 4999 2322 5051 τότοκον
2347 5001 2410 5051 ὲκ
2443 4999 2674 5068 νεκρῶν,
2701 4998 3185 5070 είρηνοποιήσαντα
3211 4997 3302 5052 διὰ
3324 4997 3417 5050 106
3453 4998 3688 5067 αἵματος

2105 5088 2199 5141 106
2229 5089 2462 5159 σταυροῦ
2487 5089 2673 5152 0.6106,
2692 5092 2761 5144 τά
2778 5109 2834 5144 τε
2861 5093 2917 5145 ὲν
2937 5092 3204 5163 οὐρανοῖς,
3228 5090 3322 5145 καὶ
3345 5090 3412 5144 τά
3441 5089 3536 5143 ἐπὶ
3562 5089 3668 5160 γῆς

2104 5260 2142 5306 t,
2173 5241 2361 5298 12-90.

1541 5401 1720 5457 Variae
1757 5401 2016 5457 lectiones
2042 5399 2245 5454 codicis
2271 5395 2632 5466 Segnieriani.

520 5535 546 5577 δ
571 5538 1006 5607 ὁμολογήσωμεν,
1037 5538 1163 5610 [vel]
1191 5538 1610 5607 ὁμολογήσομεν.
