3910 6200
251 314 390 370 1195

1197 317 1282 372 DE
1316 316 1542 373 RECTA
1583 315 1737 371 FIDE
1773 315 1864 370 AD
1901 313 2342 372 Τιιεουοειωι
2379 315 2516 369 IMP.

3345 311 3483 370 ιιῡι

253 422 387 478 Εἶτα
417 425 504 489 τίς
533 425 561 476 6
592 426 657 478 ὲκ
694 426 904 496 νεκρῶν
953 429 1326 498 πρωτότοκος,
1371 433 1418 483 εἰ
1471 430 1543 500 μὴ
1588 429 1821 499 Χριστὸς

1929 438 2021 483 est.
2063 430 2429 484 uisiChristus
2458 428 2636 492 Jesus,
2664 427 2764 482 hoc
2801 435 2904 491 est,
2943 429 2994 480 in
3055 441 3219 482 carne
3267 437 3321 483 et
3359 443 3482 483 cum

265 515 492 585 Ἰησοῦς,
516 517 794 570 τουτέστιν
836 519 893 569 ὲν
926 519 1088 591 σαρκὶ
1121 521 1215 572 καὶ
1258 521 1394 588 μετὰ
1429 520 1627 589 σαρκὸς
1661 521 1688 572 ὁ
1718 519 1818 570 Λό-

254 623 382 675 γοςς
414 606 644 675 Τεθναεη
676 609 784 678 γὰρ
816 607 881 661 ἂν
909 609 1162 676 οὐδαμῶς
1191 611 1253 662 τὸ
1282 626 1345 677 γε
1374 611 1453 671 εἰς
1485 609 1620 661 ἰδίαν
1659 609 1820 676 φύσιν

252 694 406 768 ἧκον,
437 697 566 761 Θεὸς
596 697 671 750 ὣν
698 700 726 751 6
759 699 929 765 Λόγος
949 715 962 728 ·
990 699 1099 751 οὐδ’
1122 701 1188 753 ἂν
1221 702 1390 752 νοοῖτο
1418 699 1525 752 τῶν
1557 701 1694 752 ὅλων
1727 700 1822 766 δη-

257 787 534 858 μιουργὸς,
565 787 686 840 καθ’
713 788 859 858 ἡμᾶς
883 787 958 840 ὣν
989 789 1292 858 ἄνθρωπος,
1324 790 1374 841 εἰ
1406 790 1480 860 μὴ
1511 789 1821 860 δεδημιούρ·

253 896 388 948 γηκε
415 880 515 948 μὲν
537 879 612 941 ὡς
636 878 787 941 Θεὸς,
815 877 918 931 κᾶν
942 879 990 930 εἰ
1018 878 1091 949 μὴ
1116 879 1238 949 δίχα
1261 879 1653 952 σαρκὸςςνοοῖτο
1683 880 1820 950 μετὰ

251 969 347 1039 τὴν
375 969 590 1022 ἕνωσιν.
621 967 967 1037 Πρωτότοκος
993 968 1048 1021 δὲ
1078 971 1175 1022 καὶ⁸
1207 973 1270 1024 ἐκ
1299 971 1529 1041 νεκρῶν,
1559 971 1694 1024 καθὸ
1725 972 1820 1024 πέ-

253 1076 420 1129 φηνεν
444 1058 750 1128 ἄνθρωπος,
773 1058 873 1112 οὐκ
897 1059 1186 1132 ἀποϐαλὼν
1207 1061 1267 1114 τὸ
1287 1057 1424 1114 εἶναι
1450 1062 1581 1125 Θεὸς
1607 1062 1694 1116 διὰ
1717 1061 1817 1129 τὴν

253 1149 410 1204 ἐνανο
420 1149 682 1220 ρὼπησιν.

324 1243 412 1293 Μ’.
452 1240 611 1303 Ἴδοις
643 1241 688 1292 δ’
715 1239 781 1295 ἂν
807 1241 900 1294 καὶ
929 1240 1157 1312 ἑτέρωθι
1185 1240 1273 1295 διὰ
1301 1241 1409 1296 τῶν
1441 1243 1619 1296 αὐτῶν
1646 1243 1821 1308 ἰόντας

253 1332 426 1400 λόγων
450 1334 574 1396 τοὺς
598 1335 1096 1404 πνευματοφ6ρους.
1130 1336 1382 1406 Ἰωάννης
1409 1337 1506 1407 μὲν
1529 1336 1636 1406 γὰρ
1653 1375 1669 1400 ,
1692 1357 1710 1389 ι
1734 1339 1823 1392 Ἐν

255 1425 418 1493 ἀρχῇ,
453 1424 638 1494 φησιν,
673 1421 741 1495 ἦν
775 1427 803 1479 6
829 1425 1024 1492 Λόγος,
1066 1427 1161 1478 καὶ
1196 1428 1224 1477 6
1256 1426 1427 1492 Λόγος
1463 1423 1530 1496 ἦν
1565 1429 1700 1498 πρὸς
1731 1426 1822 1480 τὸν

255 1515 407 1577 Θεὸν,
437 1517 530 1567 καὶ
560 1515 693 1576 Θεὸς
730 1511 799 1584 ἦν
824 1517 850 1567 ὁ
883 1516 1074 1582 Λόγος.
1124 1509 1292 1579 Οὗτος
1323 1513 1392 1586 ἦν
1421 1519 1479 1570 ἐν
1508 1519 1650 1589 ἀρχῇ
1687 1519 1821 1588 πρὸς

255 1606 343 1658 τὸν
376 1604 528 1658 Θεόν.
563 1604 748 1657 Πάντα
774 1604 841 1656 δι’
865 1604 1030 1656 αὐτοῦ
1059 1605 1296 1671 ἐγένετο,
1325 1605 1417 1657 καλ⁵
1447 1607 1618 1676 χωρὶς
1656 1607 1820 1661 αὑτοῦ

256 1695 472 1761 ἐγένετο
509 1694 625 1747 οὐδὲ
656 1694 734 1747 ἓν.
766 1713 783 1744 ι
820 1694 1032 1757 Παῦλος
1059 1695 1115 1747 δὲ
1153 1688 1219 1748 αὖ
1242 1711 1255 1724 °
1296 1712 1316 1746 ι
1348 1690 1444 1757 Εἷς
1485 1696 1617 1758 Θεὸς
1645 1698 1673 1748 6
1705 1700 1821 1752 Πα-

1921 537 2084 574 carue
2117 520 2397 575 Verbum?
2423 521 2556 574 Nam
2603 535 2726 575 cum
2763 520 2994 575 Verbum
3033 520 3173 575 Deus
3227 521 3317 588 sit,
3341 523 3483 591 quod

1921 611 2136 678 quidem
2182 613 2248 664 ad
2312 613 2582 681 propriam
2644 620 2891 664 naturam
2953 612 3163 676 attinet,
3204 613 3482 666 intermori

1923 701 2072 755 nullo
2100 703 2257 756 modo
2308 711 2526 770 potest:
2558 716 2734 770 neque
2775 702 2818 754 si
2865 702 3026 754 homo
3068 709 3274 755 tantum
3313 703 3485 756 nostri

1922 790 2114 844 similis
2139 792 2229 856 sit,
2259 791 2635 846 universorum
2671 791 2920 844 conditor
2955 789 3058 842 dici
3101 799 3310 859 potest;
3349 806 3484 844 con-

1927 882 2061 936 didit
2097 892 2272 936 autem
2302 891 2360 935 ut
2402 881 2563 946 Deus,
2595 881 2694 935 etsi
2751 888 2872 948 post
2904 879 3156 933 unionem
3190 881 3328 934 citra
3363 896 3484 935 car-

1923 986 2044 1026 nem
2071 986 2176 1025 non
2210 971 2564 1040 intelligatur.
2599 971 2999 1042 Primogenitus
3021 978 3199 1023 autem
3237 987 3304 1026 ex
3335 987 3484 1025 mor-

1924 1057 2031 1110 tuis
2066 1068 2321 1122 vm'atur;
2371 1069 2531 1125 prout
2578 1058 2742 1113 homo
2786 1057 3058 1126 apparuit,
3088 1058 3265 1112 divina
3294 1069 3485 1114 natura

1923 1155 2045 1214 post
2074 1158 2398 1216 assumptam
2438 1149 2833 1204 humanitatem
2876 1163 2982 1203 non
3017 1149 3244 1218 ahjecta.

1994 1233 2106 1290 XL.
2143 1235 2340 1292 Videas
2363 1247 2421 1292 et
2441 1239 2576 1295 alios
2613 1253 2822 1308 quoque
2844 1239 3024 1294 divino
3048 1239 3251 1310 Spiritu
3283 1240 3490 1297 amatos

1925 1325 2193 1381 similibus
2223 1330 2507 1384 sententiis
2538 1346 2919 1399 nonnunquam
2942 1331 3208 1400 uti.Apud
3225 1331 3484 1388 Joannem

1925 1416 2038 1470 haec
2062 1417 2290 1488 legimus
2324 1438 2338 1474 :
2381 1439 2399 1472 ι
2444 1420 2500 1474 1η
2534 1423 2798 1491 principio
2841 1432 2959 1476 erat
2984 1420 3242 1487 Verbum,
3271 1432 3324 1476 et
3359 1422 3487 1475 Ver-

1925 1509 2053 1563 bum
2097 1520 2215 1563 erat
2253 1512 2391 1579 apud
2446 1514 2634 1578 Deum,
2663 1524 2716 1566 et
2761 1513 2900 1566 Deus
2939 1523 3054 1567 erat
3098 1512 3348 1567 Verbum.
3375 1517 3490 1568 Hoc

1923 1608 2043 1653 erat
2085 1600 2138 1653 in
2189 1602 2458 1671 principio
2508 1591 2653 1670 apud
2717 1604 2904 1658 Deum.
2931 1604 3123 1657 Omnia
3185 1619 3278 1673 per
3314 1605 3487 1673 ipsum

1924 1688 2065 1743 facta
2093 1702 2238 1754 sunt,
2269 1701 2322 1746 et
2351 1693 2469 1746 sine
2495 1693 2614 1761 ipso
2641 1694 2840 1747 factum
2865 1704 2948 1748 est
2975 1711 3150 1764 neque
3181 1713 3343 1750 uimm
3366 1698 3432 1752 “.
3464 1719 3483 1749 ι

253 1785 378 1855 τηρ,
418 1785 477 1848 ἐξ
510 1778 570 1837 οὗ
601 1785 670 1837 τὰ
699 1785 908 1838 πάνταο
954 1786 1048 1838 καὶ
1090 1781 1169 1850 εἷς
1213 1785 1417 1857 Κύριος
1451 1787 1656 1858 Ἰησοῦς
1686 1790 1819 1858 Χρι-

1929 1781 2077 1848 Apud
2118 1781 2336 1835 beatum
2384 1782 2609 1837 Paulum
2660 1799 2847 1838 rursus
2898 1786 3057 1839 verba
3108 1787 3193 1840 illa
3231 1805 3244 1839 :
3292 1807 3309 1838 ι
3339 1788 3490 1843 Unus

258 1876 378 1939 στὸς
399 1918 414 1941 ,
445 1877 513 1929 δι’
552 1871 613 1929 οὗ
647 1878 714 1929 τὰ
743 1877 940 1931 πάντα.
969 1897 987 1928 ›
1036 1877 1174 1930 Ἀλλ’
1205 1879 1362 1946 εἴπερ
1393 1874 1461 1948 ἦν
1492 1895 1545 1932 τι
1587 1881 1822 1949 μεσολα·

257 1967 385 2020 ϐοῦν
421 1967 555 2037 μετὰ
577 1969 638 2021 τὸ
669 1968 907 2037 ἡνῶσθαι
940 1969 1103 2039 σαρκὶ
1128 1969 1218 2021 τὸν
1252 1969 1444 2035 Λόγον,
1476 1969 1570 2022 καὶ
1599 1970 1682 2033 εἰς
1711 1972 1824 2023 ἐτε-

260 2059 459 2130 ρότητα
496 2059 879 2129 καταδιαιροῦν
921 2060 1022 2130 τὴν
1062 2058 1137 2122 ὡς
1167 2061 1224 2111 ὲν
1258 2059 1371 2128 Υἱῷ
1409 2058 1573 2112 δυάδα
1601 2071 1622 2098 ο
1658 2062 1820 2130 φημὶ,

257 2148 397 2200 κατὰ
421 2149 482 2201 τό
507 2167 614 2202 τισι
647 2150 860 2204 δοκοῦν·
890 2149 1008 2212 πῶς
1036 2149 1257 2220 ἐκτίσθη
1289 2148 1503 2203 ἅπαντα
1527 2151 1615 2204 διὰ
1650 2151 1823 2220 Ἰησοῦ

257 2238 528 2309 Χριστοῦ;
564 2240 724 2293 Ἀλλὰ
776 2241 884 2311 μὴν
935 2239 1158 2311 ἐκτίσθη
1210 2241 1276 2294 δι’
1317 2241 1480 2296 αὑτοῦ
1513 2242 1582 2295 τὰ
1625 2243 1818 2297 πάντα.

258 2330 529 2399 Πρόδηλον
574 2327 688 2395 οὖν,
735 2332 817 2384 ὅτι
848 2331 918 2384 τὰ
956 2332 1114 2399 φύσει
1147 2349 1205 2386 τε
1255 2333 1348 2386 καὶ
1393 2332 1536 2394 ἰδίως
1584 2333 1820 2401 ἐνυπάρο

257 2437 419 2491 χοντα
459 2421 536 2491 τῷ
580 2423 644 2475 ὲκ
686 2423 896 2494 Πατρὸς
939 2423 1052 2478 ὄντι
1103 2424 1277 2493 Λόγῳ,
1325 2427 1619 2494 τετήρηται
1663 2424 1822 2478 πάλιν

257 2511 423 2582 αὐτῷ,
469 2514 563 2566 καὶ
603 2515 692 2567 ὅτε
732 2515 967 2584 πέφηνεν
1016 2514 1322 2585 ἄνθρωπος.
1361 2514 1688 2582 Ἐπισφαλὲς
1733 2511 1825 2569 οὖν

256 2603 363 2673 ἄρα
407 2603 466 2656 τὸ
503 2603 810 2674 διατέμνειν
853 2605 1186 2676 ἀποτολμᾷν.
1218 2600 1312 2668 Εἷς
1337 2606 1444 2676 γὰρ
1482 2606 1685 2676 Κύριος
1728 2607 1826 2677 Ἰη-

259 2692 385 2757 σοῦς
419 2695 670 2763 Χριστὸς,
701 2698 792 2749 καὶ
814 2695 880 2748 δι’
908 2696 1072 2771 αὐτοῦ
1113 2696 1183 2749 τὰ
1216 2697 1395 2751 πάντα
1427 2697 1822 2768 δεδημιούργη-

259 2801 350 2836 κεν
373 2786 401 2836 6
429 2787 636 2856 Πατήρ.
665 2786 968 2857 Τοιγαροῦν
1001 2788 1091 2841 καὶ
1122 2788 1451 2859 δημιουργὸς
1478 2789 1693 2852 θεῖκῶς,
1732 2790 1824 2842 καὶ

257 2875 519 2939 ζωοποιὸς
551 2877 624 2938 ὡς
657 2876 795 2948 ζωὴ,
827 2877 1188 2948 ἀνθρωπίνοις
1215 2896 1274 2931 τε
1303 2874 1369 2932 αὖ
1407 2879 1500 2932 καὶ
1539 2882 1652 2942 τοῖς
1685 2880 1826 2951 ὑπὲρ

258 2964 543 3035 ἄνθρωπον
576 2965 859 3036 ἱδιώμασιν
897 2970 975 3031 εἰς
1007 2967 1066 3020 ’ἐν
1095 2985 1148 3020 τι
1179 2968 1241 3020 τὸ
1291 2967 1489 3037 μεταξὺ
1529 2970 1821 3039 συγκείμε-

257 3072 368 3118 νος.
419 3055 659 3127 Μεσὶτης
699 3059 806 3129 γάρ
851 3060 966 3111 ἐστι
1008 3058 1143 3112 Θεοῦ
1183 3059 1276 3112 καὶ
1319 3059 1642 3128 ἀνθρώπων,
1686 3060 1824 3112 κατὰ

255 3145 356 3208 τὰς
396 3146 646 3216 Γραφὰς,
688 3147 844 3216 φύσει
886 3149 984 3218 μὲν
1016 3150 1275 3220 ὑπάρχων
1305 3150 1437 3211 Θεὸς
1467 3151 1559 3203 καὶ
1597 3151 1658 3202 οὐ
1703 3150 1825 3220 δίχα

259 3236 493 3306 σαρκός·
539 3237 824 3308 ἄνθρωπος
872 3240 928 3292 δὲ
962 3239 1210 3309 ἀληθῶς,
1257 3243 1350 3294 καὶ
1384 3242 1444 3294 οὐ
1489 3243 1642 3311 ψιλὸς
1699 3244 1822 3296 καθ’

258 3326 423 3395 ἡμᾶς,
449 3327 563 3379 ἀλλ’
585 3327 660 3379 ὢν
683 3329 822 3399 ὅπερ
844 3325 934 3399 ἦν,
959 3331 1048 3382 καὶ
1065 3332 1112 3382 εἰ
1128 3331 1316 3398 γέγονε
1339 3331 1494 3402 σάρξ.
1514 3333 1827 3401 Γέγραπται

259 3418 388 3488 γὰρ,
412 3418 490 3470 ὃτι
520 3437 539 3470 ι
575 3418 780 3489 Ἰησοῦς
809 3420 1042 3492 Χριστὸς
1062 3421 1188 3490 χθὲς
1217 3422 1310 3474 καὶ
1331 3423 1588 3494 σήμερον,
1614 3425 1643 3476 6
1665 3423 1827 3485 αὐτὸς

259 3508 353 3560 καὶ
382 3509 462 3570 εἰς
487 3509 615 3571 τοὺς
641 3509 862 3572 αἰῶνας.
899 3528 918 3559 ι

1925 1880 2010 1925 est
2055 1870 2197 1925 Deus
2227 1871 2406 1937 Pater,
2432 1888 2498 1926 ex
2547 1887 2654 1941 quo
2699 1875 2997 1928 omnia:et
3051 1891 3186 1929 ιιιιιιε
3232 1876 3489 1932 Dominus

1923 1961 2080 2017 Jesus
2103 1962 2370 2028 Christus,
2391 1979 2486 2032 per
2527 1981 2684 2033 quem
2728 1967 2909 2020 omnia
2938 1965 3004 2018 δ’.
3042 1985 3062 2018 ι
3106 1965 3276 2020 Porro
3306 1979 3486 2023 autem

1923 2053 1968 2107 si
2001 2064 2348 2124 posteaquam
2400 2055 2632 2110 Verbum
2696 2058 2905 2111 unitum
2941 2069 3027 2112 est
3051 2059 3222 2125 carni,
3252 2061 3486 2116 medium

1925 2142 2138 2212 aliquod
2178 2145 2460 2208 divelleris,
2489 2161 2552 2200 ac
2586 2148 2637 2200 in
2695 2148 2932 2213 diversa,
2965 2159 3090 2216 puta
3141 2151 3193 2204 in
3251 2151 3480 2206 ﬁliorum

1926 2232 2261 2295 dualitatem,
2288 2243 2345 2286 ut
2380 2235 2696 2302 quibusdam
2739 2226 2936 2306 plac-et,
2986 2240 3492 2304 distrahens,inter—

1925 2323 2098 2387 cedit;
2138 2325 2404 2391 quomodo
2455 2325 2635 2378 omnia
2676 2341 2771 2393 per
2817 2327 3000 2380 Jesum
3051 2329 3322 2385 Christum
3354 2311 3489 2385 con;

1926 2411 2036 2466 dita
2084 2427 2204 2466 esse
2257 2428 2381 2466 vere
2415 2415 2714 2468 asscritur?
2746 2417 2910 2484 Atqui
2959 2418 3140 2470 omnia
3184 2433 3279 2486 per
3312 2420 3486 2488 ipsum

1927 2511 2051 2556 sunt
2107 2501 2342 2556 condita.
2379 2502 2732 2571 Perspicuum
2792 2515 2874 2558 est
2930 2522 3079 2576 ergo,
3136 2510 3338 2573 omnia,
3373 2525 3492 2578 quae

1929 2593 2104 2648 Verbo
2125 2611 2188 2648 ex
2227 2594 2384 2647 Patre
2419 2608 2543 2649 nato
2585 2597 2801 2664 proprie
2828 2607 2882 2651 et
2930 2599 3249 2655 naturaliter
3283 2600 3486 2663 insunt,

1925 2698 1988 2737 ea
2020 2685 2133 2754 ipsa
2171 2685 2376 2754 integra
2408 2686 2454 2738 ci
2503 2687 2880 2754 permansisse,
2906 2689 3068 2744 etiam
3109 2700 3218 2744 tum
3251 2707 3375 2746 cum
3411 2693 3492 2746 t'a-

1925 2789 2069 2847 ctum
2105 2789 2187 2832 est
2213 2779 2395 2832 homo.
2435 2778 2800 2835 Periculosum
2836 2783 3060 2853 proinde
3084 2791 3167 2838 est
3194 2785 3486 2840 sectionem

1925 2869 2161 2936 aliquam
2191 2870 2445 2922 inducere
2479 2888 2492 2923 :
2524 2881 2664 2925 'unus
2703 2872 2846 2925 enim
2897 2883 2979 2926 est
3027 2873 3287 2928 Dominus
3331 2873 3492 2931 Jesus

1927 2963 2195 3025 Christus,
2235 2979 2330 3031 per
2380 2979 2539 3033 quem
2589 2965 2746 3020 l'ater
2798 2968 3038 3020 condidit
3089 2971 3290 3023 omnia.
3341 2969 3494 3024 Unde

1929 3057 2177 3110 conditor
2228 3065 2330 3120 est,
2374 3067 2430 3109 ut
2479 3058 2655 3121 Deus;
2692 3058 2994 3112 viviﬁcator
3059 3075 3186 3114 vero
3246 3070 3302 3113 ut
3343 3062 3491 3124 vita;

1927 3161 1992 3200 ex
2016 3147 2432 3216 proprietatibus
2463 3149 2712 3202 humanis
2739 3157 2792 3202 et
2818 3150 3234 3217 superhumanis
3253 3152 3305 3204 in
3329 3169 3493 3205 unum

1927 3239 2194 3307 quoddam
2223 3239 2452 3291 medium
2475 3239 2795 3293 coeuntibus
2821 3241 3164 3294 constitutus.
3189 3240 3489 3312 Siquidem,

1928 3327 2220 3384 secundum
2283 3329 2614 3398 Scripturas,
2657 3328 2749 3384 Dei
2794 3340 2849 3384 et
2901 3333 3177 3385 hominum
3231 3334 3495 3388 mediator

1927 3427 2010 3471 est
2045 3416 2125 3480 ἠς
2151 3416 2242 3484 qui
2271 3417 2486 3485 quidem
2525 3427 2712 3472 natura
2751 3429 2835 3473 est
2869 3419 3031 3486 Deus,
3065 3423 3227 3476 etiam
3252 3425 3296 3478 si
3328 3438 3495 3478 carne

1929 3508 2000 3562 sit
2033 3507 2288 3572 indutus;
2329 3523 2487 3561 verus
2528 3519 2704 3564 autem
2754 3511 2932 3576 homo,
2966 3529 3070 3565 non
3110 3525 3288 3567 tamen
3329 3531 3494 3584 purus

258 3611 318 3654 ut
338 3617 434 3656 nos
461 3621 474 3656 :
503 3619 624 3656 nam
654 3606 753 3658 etsi
789 3602 1020 3660 Verbum
1056 3606 1255 3662 factum
1289 3615 1372 3662 est
1409 3621 1560 3676 caro,
1594 3605 1791 3661 mansit
1829 3603 2176 3673 tamenquod
2205 3612 2342 3657 erat.
2363 3601 2630 3673 Scriptum
2657 3615 2740 3660 est
2763 3606 2944 3663 enim:
2978 3624 2996 3658 ε
3040 3606 3194 3664 Jesns
3249 3608 3496 3666 Christus

260 3696 372 3751 heri
405 3703 460 3749 et
494 3696 670 3762 hodie,
696 3708 749 3750 et
788 3697 926 3752 idem
957 3709 1012 3752 et
1039 3699 1090 3752 in
1130 3699 1323 3754 sazcula
1344 3699 1411 3753 “.
1447 3719 1466 3752 ι

325 3783 463 3839 MA'.
508 3787 578 3838 Ἦ
619 3786 726 3856 γὰρ
775 3788 895 3857 οὐχὶ
933 3789 1020 3842 διὰ
1057 3789 1158 3858 τῆς
1200 3790 1359 3857 ἁγίας
1419 3791 1514 3844 καὶ
1561 3791 1818 3844 Θεοτόκου

258 3876 534 3948 Παρθένου
563 3878 812 3948 τετέχθαι
843 3883 1022 3950 φαμὲν
1062 3882 1155 3933 καὶ
1189 3881 1520 3950 πιστεύομεν
1549 3883 1608 3934 ὲν
1654 3861 1820 3950 ἔσχα-

255 3984 368 4030 τοις
395 3967 488 4020 τοῦ
524 3967 719 4027 αἰῶνος
747 3967 956 4041 καιροῖς
981 3972 1071 4024 τὸν
1117 3973 1496 4042 Ἐμμανουήλ;
1535 3969 1670 4026 Εἶτα
1703 3972 1820 4035 πῶς

254 4058 413 4111 τοῦτο
458 4059 558 4111 οὐκ
589 4060 848 4130 ἀλήθεια;
886 4063 958 4115 Τὸ
985 4063 1040 4116 δὲ
1061 4063 1147 4131 δὴ,
1187 4064 1314 4133 χθὲς
1354 4064 1449 4117 καὶ
1487 4065 1745 4134 σήμερον,
1776 4056 1822 4116 ὧ

256 4147 566 4217 φιλόχριστε
592 4147 831 4217 βασιλεῦ,
856 4153 1044 4222 καιρὸν
1073 4154 1202 4222 ἡμῖν
1228 4152 1322 4204 τὸν
1345 4153 1698 4223 ἐνεστηκότα,
1726 4153 1821 4206 καὶ

253 4239 346 4291 τὸν
376 4239 472 4310 ἤδη
508 4244 873 4310 παρῳχηκότα
911 4244 1368 4314 κατασημαίνειεν
1391 4243 1414 4282 ἀ
1455 4243 1538 4297 ἄν.
1570 4244 1693 4306 Πῶς
1729 4241 1822 4298 οὖν

255 4331 285 4382 6
315 4328 472 4391 αὐτὸς
501 4329 566 4383 ἂν
607 4332 691 4401 εἴη
723 4331 802 4394 εἷς
847 4349 905 4384 τε
948 4333 1040 4384 τὸν
1090 4334 1492 4404 παρῳχηκότα,
1543 4335 1718 4386 καίτοι
1757 4352 1821 4403 γε
1854 4357 1897 4410 ι)

257 4416 471 4484 γένεσιν
512 4416 662 4471 οὖπω
704 4419 845 4472 κατὰ
872 4421 970 4490 τὴν
1003 4421 1142 4473 κατὰ
1170 4421 1348 4488 σάρκα
1377 4420 1554 4490 λαχών
1576 4437 1590 4486 ;
1614 4422 1822 4476 Οὐκοῦν

253 4503 324 4577 ἦν
351 4508 380 4559 ὁ
416 4507 584 4575 Λόγος
614 4509 670 4562 ὲν
702 4511 867 4581 ἀρχῇ,
909 4511 1003 4564 καὶ
1036 4511 1110 4574 ὼς
1147 4511 1206 4575 ἐξ
1244 4510 1414 4563 ἀϊδίου
1447 4527 1506 4562 τε
1538 4511 1632 4562 καὶ
1664 4509 1824 4580 ἀτρέ-

256 4616 394 4652 πτου
427 4599 682 4670 πεφηνὼς
707 4600 801 4652 τοῦ
832 4601 967 4655 Θεοῦ
1007 4603 1100 4656 καὶ
1131 4603 1360 4672 Πατρὸς,
1394 4602 1505 4672 ἔχει
1535 4603 1630 4654 καὶ
1662 4602 1824 4665 αὐτὸς

258 4691 316 4742 ὲν
341 4689 446 4760 ἰδίᾳ
474 4689 633 4759 φύσει
660 4690 720 4742 τὸ
745 4692 916 4745 ἀΐδιόν
938 4711 997 4744 τε
1028 4695 1120 4746 καὶ
1148 4695 1436 4763 ἄτρεπτον.
1467 4695 1536 4746 Ἦ
1555 4693 1674 4763 οὐχὶ
1693 4692 1824 4746 νεώ-

254 4794 415 4830 τατον
449 4780 664 4850 κομιδῇ,
692 4781 925 4845 καὶτοῖς
964 4782 1063 4851 τῆς
1105 4784 1571 4854 ὲνανθρωπήσεως
1611 4784 1823 4855 χρόνοις

257 4868 696 4941 συνδεδραμηκὸς
717 4871 883 4941 ὄνομα
896 4872 974 4942 τῷ
997 4873 1154 4941 Λόγῳ
1176 4873 1256 4936 τὸ,
1277 4875 1528 4942 Χριστὸς
1558 4874 1822 4942 Ἰησοῦς;

255 4958 369 5010 Καὶ
400 4959 509 5027 μὴν
539 4959 699 5013 τοῦτο
731 4963 860 5032 ἡμῖν
892 4962 990 5032 ήδη
1028 4961 1117 5014 διὰ
1143 4961 1408 5015 πλείστων
1447 4963 1585 5015 ὅσων
1611 4963 1821 5034 ἐδείχθη

253 5048 450 5116 λόγων.
479 5050 642 5113 Σύνες
687 5049 800 5116 οὖν,
832 5053 913 5106 ὅτι
954 5053 1189 5123 Χριστὸν
1223 5052 1448 5120 Ἰησοῦν,
1484 5052 1580 5105 καὶ⁹
1621 5054 1682 5104 οὐ
1727 5071 1825 5122 μο-

255 5137 473 5201 νοειδῶς
503 5140 592 5192 τὸν
621 5141 811 5208 Λόγον,
847 5141 978 5210 χθές
1010 5158 1068 5195 τε
1117 5142 1209 5205 καὶ
1255 5143 1492 5210 σήμερον
1531 5141 1620 5193 τὸν
1665 5142 1827 5195 αὑτὸν

255 5222 395 5281 εἶναι
429 5247 560 5301 φησι
596 5232 688 5284 καὶ
716 5234 795 5294 εἰς
833 5233 958 5296 τοὺς
996 5233 1216 5297 αἰῶνας.
1251 5231 1373 5294 Πῶς
1404 5229 1448 5283 δ’
1480 5230 1545 5283 ἂν
1578 5231 1676 5300 ἔχῃ
1704 5243 1727 5270 ε
1766 5234 1826 5285 τὸ

328 5383 548 5440 "Joan.
591 5402 628 5447 ι,
662 5386 780 5439 1-5.
858 5385 900 5414 ⁶¹
933 5383 1098 5440 ICor.
1133 5401 1245 5450 vui,
1284 5384 1333 5438 6.
1413 5381 1501 5435 “l
1530 5383 1667 5438 Tim.
1714 5399 1773 5447 ιι,

2001 3785 2133 3841 XLI.
2181 3787 2373 3844 Annon
2419 3787 2824 3842 Emmanuelem
2866 3789 2918 3842 in
2965 3789 3274 3844 novissimis
3310 3791 3494 3845 saeculi

1929 3873 2260 3942 temporibus
2285 3889 2350 3926 ex
2379 3888 2529 3926 sacra
2549 3874 2772 3942 Deipara
2806 3874 3025 3943 Virgine
3046 3887 3222 3930 ortum
3259 3880 3492 3934 dicimus

1928 3973 1986 4019 ct
2023 3963 2332 4017 credimus?
2362 3963 2539 4029 Sane;
2577 3979 2678 4018 nec
2721 3965 2774 4020 id
2828 3966 2882 4019 in
2923 3967 3273 4034 quaestionem
3323 3970 3493 4025 cadit.

1927 4055 2194 4110 Caeterum
2253 4067 2372 4106 cum
2426 4052 2540 4105 heri
2579 4061 2634 4105 et
2672 4052 2829 4107 hodie
2885 4055 3215 4120 praeteritum
3262 4067 3317 4112 et
3352 4074 3491 4128 prae-

1928 4161 2052 4200 sens
2081 4153 2292 4213 tempus
2311 4141 2612 4211 signiﬁcent
2644 4159 2657 4207 ;
2692 4141 2802 4211 38
2827 4145 3120 4212 quomodo,
3140 4144 3493 4201 Christianis-

1927 4235 2062 4291 sime
2092 4236 2405 4303 imperator,
2432 4233 2570 4287 idem
2606 4235 2827 4290 omnino
2872 4235 2976 4289 dici
3010 4246 3189 4304 potest
3217 4241 3494 4307 praeterito

1926 4327 2248 4396 tempore,si
2283 4326 2578 4380 secundum
2610 4340 2825 4381 carnem
2858 4328 3084 4382 necdum
3101 4341 3216 4383 erat
3242 4332 3494 4401 genitus?

1927 4417 2161 4473 Verbum
2182 4417 2318 4472 citra
2336 4415 2495 4468 ullam
2527 4418 2947 4471 controversiam
2972 4418 3024 4471 in
3058 4419 3322 4489 principio
3350 4433 3488 4484 erat,

1929 4521 2090 4581 atque
2111 4520 2168 4564 ut
2203 4524 2267 4564 ex
2296 4519 2497 4562 asterno
2517 4517 2571 4563 et
2597 4507 2915 4563 immutabili
2965 4509 3072 4564 Deo
3115 4510 3276 4566 Patre
3303 4526 3495 4581 procec

1931 4604 2030 4670 dit,
2075 4603 2146 4656 ita
2179 4603 2354 4672 ipsum
2381 4615 2594 4670 quoque
2615 4603 2905 4655 secundum
2952 4605 3223 4670 propriam
3251 4613 3495 4656 naturam

1928 4695 2280 4750 aeternitatem
2304 4702 2360 4747 et
2381 4693 2864 4748 immutabilitatem
2888 4697 3140 4764 possidet.
3165 4695 3268 4745 Sed
3296 4707 3492 4758 nonne,

1929 4785 2126 4854 inquis,
2160 4798 2351 4837 nomen
2384 4783 2485 4835 hoc
2517 4782 2672 4834 Jews
2698 4782 2936 4834 Christus
2962 4781 3244 4832 admodum
3281 4794 3492 4841 recens,

1931 4875 2035 4930 hoc
2073 4883 2156 4927 est
2185 4874 2299 4941 ipso
2331 4871 2719 4924 incarnationis
2749 4872 2998 4933 articulo,
3023 4869 3200 4923 Verbo
3228 4870 3497 4924 accessit?

1931 4969 2060 5033 Nm;
2093 4968 2194 5021 hoc
2222 4966 2362 5019 enim
2395 4967 2637 5034 pluribus
2665 4965 2775 5032 iam
2811 4975 2934 5018 ante
2959 4981 2986 5016 a
3021 4963 3172 5018 nobis
3223 4974 3497 5018 ostensum

1935 5071 2036 5117 est.
2057 5058 2307 5113 Advertis
2338 5073 2466 5125 ergo
2506 5057 2646 5126 quod
2691 5056 2960 5110 Christum
2990 5055 3194 5116 Iesum,
3224 5064 3279 5108 et
3311 5069 3412 5108 nan
3441 5055 3496 5108 in

1935 5165 2038 5202 una
2077 5149 2246 5201 forma
2282 5145 2534 5210 Verbum,
2562 5147 2674 5199 heri
2693 5153 2747 5198 et
2777 5144 2936 5198 hodie
2964 5155 3018 5198 et
3045 5144 3095 5197 in
3125 5144 3316 5198 smcula
3348 5160 3499 5198 emn-

1935 5236 2054 5289 dem
2091 5247 2214 5288 esse
2251 5234 2413 5288 dicat.
2442 5233 2510 5286 At
2562 5233 2830 5302 quomodo
2864 5233 3097 5287 humana
3149 5241 3501 5303 natumque:

1933 5382 1989 5414 ’⁵⁷⁵
2023 5383 2183 5437 llcbr.
2223 5399 2333 5439 xm.
2361 5384 2409 5436 8.

1354 5542 1522 5595 Varia:
1550 5541 1805 5596 lectiones
1835 5539 2034 5595 codicis
2067 5538 2424 5609 Seguicriani.

330 5694 354 5720 ⁸
388 5683 442 5734 ἐν
477 5681 606 5736 υἱῶν
635 5683 804 5736 δυάδι.
877 5684 900 5721 ἀ
935 5683 1348 5751 κατασημαίνει.
1431 5693 1453 5719 (⁸
1484 5679 1613 5748 ἔχοι.

575 5776 840 5835 ΡΛτιιοι.
888 5777 929 5835 G
944 5795 1000 5833 ιι.
1053 5773 1302 5833 LXXVI.

3063 5772 3137 5829 38
