3910 6200
405 247 566 305 ’1195

1408 243 1481 297 'S.
1527 241 1790 296 CYRILIJ
1831 237 2295 294 ALEXANDRINI
2335 233 2655 292 ARCHIEP.

3517 229 3656 286 H96

431 359 715 417 mutationi
762 359 991 414 obnoxia
1031 364 1131 423 est,
1159 367 1212 412 et
1260 357 1558 426 praxsertim
1593 356 1693 421 illi,
1717 355 1860 426 quod
1922 356 1988 410 de

2104 352 2354 422 ἱτρεπτόν
2402 368 2458 404 τε
2509 351 2602 403 καὶ
2643 347 2740 417 τὴν
2774 348 2830 399 ὲν
2873 344 3159 414 ταυτότητι
3195 343 3518 413 διαμονὴνὴ
3560 345 3655 396 άν-

431 469 538 508 ιιοιι
568 465 686 505 csse
710 450 788 504 'ad
829 463 948 504 esse
980 458 1036 505 et
1067 449 1248 502 vivere
1295 456 1480 502 evecta
1509 455 1611 509 est,
1636 444 1990 501 immutabili-

435 552 593 596 Iatem
625 551 678 596 et
705 541 756 594 in
789 540 1070 595 identitate
1119 538 1468 592 stabilitatem
1501 537 1745 590 obtinere
1775 536 1992 604 potest?

430 633 786 687 Aberravitne
820 646 949 701 ergo
982 647 1010 684 a
1034 628 1280 684 veritatis
1310 642 1472 695 scopo
1498 626 1773 695 Scriptura
1814 639 1989 688 sacra,

433 725 558 776 dum
595 737 715 776 enm
746 721 836 789 qui
885 721 999 773 heri
1029 725 1303 786 nouerat,
1333 718 1484 785 prius
1513 716 1790 770 exstitisse
1839 728 1990 768 com-

437 811 732 864 memorat?
763 809 917 865 Absit
946 808 1150 876 procul,
1178 816 1236 862 ut
1275 807 1382 861 tale
1413 805 1687 875 quidpiam
1741 802 1991 871 .equidem

436 903 608 957 dicam
646 899 922 971 (Christus
943 898 1096 964 ',enim
1119 896 1272 951 Jesus
1297 896 1438 950 idem
1466 905 1549 950 est
1569 895 1706 960 beri,
1729 903 1785 950 et
1812 893 1990 956 hodie,

435 1003 492 1046 et
516 992 568 1046 in
599 990 848 1059 sarcula),
877 998 968 1043 aut
1001 998 1060 1042 ut
1094 988 1343 1051 Verbum,
1377 987 1592 1043 tametsi
1627 999 1757 1040 caro
1789 984 1993 1039 factum

435 1093 536 1145 est,
565 1081 996 1149 antiquissimum
1037 1088 1092 1134 et
1143 1077 1476 1137 immutabile
1524 1091 1648 1132 esse
1698 1076 1994 1145 pradicare

437 1174 718 1229 dubiteml
791 1181 920 1242 put-0
980 1169 1122 1224 enim
1176 1171 1421 1224 eumdem
1487 1167 1778 1238 signiﬁcari
1821 1167 1994 1221 etiam

433 1275 558 1332 poSI
583 1265 833 1318 unionem
864 1277 984 1316 cum
1016 1263 1232 1330 propria
1265 1270 1530 1325 carne,ut
1579 1258 1696 1315 heri
1725 1257 1998 1313 exsisten-

433 1365 543 1410 tem
596 1363 758 1423 atque
804 1357 1286 1423 prmexsistentem.
1330 1352 1544 1407 Etenim
1597 1364 1718 1405 cum
1774 1348 1996 1402 insanus

432 1447 653 1502 duximus
727 1447 1000 1501 Christum
1065 1452 1466 1508 exsecraretur,
1510 1441 1831 1510 repulsaque
1897 1437 1998 1491 lide

439 1538 702 1607 lapidibus
759 1538 1003 1591 eumdem
1039 1539 1270 1591 obruere
1315 1534 1619 1588 adoriretur
1669 1531 1826 1596 (nam
1876 1543 1995 1582 cum

372 1670 375 1673 .
432 1629 709 1682 hominem
766 1628 936 1681 nostri
991 1627 1220 1681 similem
1271 1631 1537 1687 cerneret,
1595 1620 1994 1689 indignabatur,

437 1719 576 1786 quod
612 1726 821 1771 aetatem
852 1717 1082 1770 humana
1117 1715 1372 1781 majorem
1403 1713 1504 1766 sibi
1529 1718 1808 1779 arrogaret
1825 1723 1869 1778 ι,
1895 1707 1999 1760 tale

437 1817 495 1860 nt
529 1808 670 1860 Deus
715 1806 780 1860 de
815 1821 872 1860 se
919 1803 1280 1860 testimonium
1337 1803 1473 1857 dixit
1507 1819 1519 1854 :
1558 1819 1574 1851 ι
1615 1799 1804 1861 Amen,
1842 1812 1997 1850 amen

437 1899 557 1952 dico
583 1898 754 1960 vobis,
783 1897 1095 1964 priusquam
1129 1895 1399 1949 Abraham
1428 1893 1578 1948 ﬁeret
1611 1907 1710 1961 ego
1745 1905 1862 1943 sum
1883 1889 1949 1941 ⁸⁸.
1975 1907 1993 1939 ι

436 1986 516 2040 Ad
545 1985 660 2038 haec
691 1992 876 2039 contra
912 1983 986 2037 illi
1019 2002 1031 2037 :
1063 2002 1082 2035 ‹
1137 1982 1532 2051 Quinquaginta
1569 1994 1739 2033 annos
1766 1977 1998 2032 nondum

440 2078 625 2139 habes,
683 2084 738 2130 et
794 2075 1064 2128 Abraham
1115 2073 1293 2127 vidisti
1315 2072 1391 2124 “'l
1435 2090 1453 2122 ι
1507 2069 1741 2125 Joannes
1791 2081 2002 2137 quoque

439 2168 511 2220 ita
544 2168 620 2222 ait
651 2184 665 2218 :
696 2183 714 2216 ι
751 2164 849 2218 Hic
871 2173 975 2227 est,
1001 2164 1064 2218 de
1091 2177 1197 2232 quo
1224 2161 1330 2216 dixi
1365 2161 1548 2214 vobis:
1577 2161 1707 2214 Post
1741 2172 1825 2212 me
1856 2155 2002 2210 venit

437 2256 542 2318 vir,
577 2255 665 2323 qui
694 2262 815 2307 ante
849 2267 931 2306 me
959 2252 1128 2305 factus
1169 2259 1270 2316 est,
1309 2249 1431 2318 quia
1461 2251 1606 2318 prior
1639 2262 1722 2300 me
1747 2255 1860 2300 erat
1881 2245 1947 2298 ‘7.
1976 2263 1994 2295 ι

436 2345 508 2400 At
538 2345 806 2414 quomodo
840 2358 959 2397 cum
997 2341 1395 2396 Emmanuelem
1419 2349 1471 2394 et
1507 2340 1680 2392 virum
1719 2345 1997 2406 agnoscat,

436 2443 493 2488 et
512 2435 681 2488 virum
709 2433 968 2495 nominet,
995 2430 1141 2484 illum
1193 2430 1450 2497 priorem,
1487 2436 1542 2481 et
1569 2436 1691 2480 ante
1724 2442 1783 2480 se
1806 2426 2000 2480 factum

439 2525 714 2594 praedicat,
746 2537 866 2577 cum
898 2533 1077 2577 tamen
1107 2529 1163 2576 et
1219 2519 1444 2582 tardius,
1469 2526 1523 2572 et
1557 2528 1677 2585 post
1704 2517 1876 2585 ipsum
1903 2531 2000 2568 na-

438 2625 525 2671 tus
550 2595 731 2672 esset?
753 2614 858 2670 Sed
881 2612 1047 2684 gloria
1073 2610 1210 2665 forte
1238 2623 1302 2664 ac
1335 2609 1595 2678 dignitate
1639 2606 1847 2661 Joanne
1889 2620 2003 2659 ma-

434 2708 608 2776 jorem
627 2706 970 2773 prioremque
997 2702 1268 2756 exstitisse
1287 2699 1428 2754 dicet
1451 2699 1737 2768 quispiam,
1759 2707 1817 2752 ut
1839 2697 2000 2766 ohjici

441 2797 682 2864 intelligo
715 2814 730 2849 :
770 2809 954 2850 verum
1013 2794 1257 2848 oratione
1288 2806 1407 2846 non'
1449 2790 1735 2844 admodum
1793 2789 2001 2854 prolixa

440 2889 652 2944 ostendi
678 2895 876 2956 potest,
904 2885 1174 2954 ejusmodi
1201 2881 1591 2952 expositionem
1619 2890 1671 2936 et
1699 2895 1918 2949 pravam
1950 2888 2003 2932 et

2091 443 2308 515 θρώπου
2342 441 2521 510 φύσις,
2552 441 2729 492 καίτοι
2760 440 2971 506 κίνησιν
3019 434 3387 506 ὑπομένουσα,
3426 434 3520 486 καὶ
3550 437 3655 503 προ

2091 553 2153 603 γε
2183 535 2290 587 τῶν
2317 533 2490 588 ἄλλων
2519 533 2617 602 τὴν
2641 531 2700 594 ἐξ
2727 531 2827 582 οὐκ
2850 529 3018 582 όντων
3047 528 3128 589 εἰς
3152 527 3212 578 τὸ
3236 522 3372 579 εἶναι
3399 523 3493 578 καί
3525 524 3654 594 ζῇνς

2092 623 2473 691 Διημάρτηκεν
2501 619 2593 673 οὖν
2621 620 2728 690 ἄρα
2762 616 3028 687 τάληθοῦς
3075 618 3207 686 ἡμῖν
3233 614 3293 667 τὸ
3324 615 3565 684 Γράμμα
3600 613 3658 664 τὸ

2094 713 2272 784 ἰερόν;
2322 714 2416 766 καὶ
2443 713 2534 764 τὸν
2573 710 2696 780 χθὲς
2730 711 2829 762 οὐκ
2853 709 2981 762 ὅντα
3014 706 3260 778 προεῖναί
3292 722 3458 776 φησι;
3493 704 3659 773 Φαίην

2093 804 2160 857 ἂν
2196 804 2315 872 οὐχί
2344 803 2498 855 τοῦτο
2529 801 2658 870 ἐγὼ,
2689 799 2886 854 πολλοῦ
2917 816 2981 866 γε
3015 798 3108 850 καὶ
3136 797 3247 850 δεῖ*
3280 795 3406 865 χθὲς
3437 795 3545 863 γὰρ
3572 795 3660 847 καὶ

2096 896 2332 964 σήμερον
2374 894 2401 944 ὁ
2431 892 2589 952 αὐτὸς
2624 891 2716 943 καὶ
2746 891 2826 951 εἰς
2870 889 2996 950 τοὺς
3047 886 3250 948 αίῶνας
3280 883 3488 955 Ἰησοῦς
3529 884 3662 952 Χριο

2097 988 2238 1048 στός.
2267 985 2340 1038 Τὸ
2364 984 2421 1037 δὲ
2458 983 2552 1037 τοῦ
2585 983 2757 1050 Λόγου
2806 979 3186 1051 πρεσϐύτατόν
3224 994 3284 1030 τε
3323 977 3416 1030 καὶ
3449 974 3661 1036 άκλινὲς

2094 1080 2291 1150 ἣκιστα
2318 1077 2417 1146 μὲν
2441 1076 2769 1146 ἀρνήσομαι,
2794 1072 2963 1127 καὶεί
2988 1073 3180 1142 γέγονε
3210 1070 3381 1140 σάρξ·
3405 1070 3662 1137 οἰήσομαι

2092 1170 2150 1224 δὲ
2180 1169 2298 1224 καθ’
2321 1169 2514 1221 ἕνωσιν
2547 1165 2682 1236 μετὰ
2719 1168 2816 1235 τῆς
2853 1164 2988 1228 ἰδίας
3022 1161 3225 1234 σαρκὸς
3255 1161 3332 1224 ὡς
3368 1159 3494 1229 χθὲς
3535 1159 3661 1210 ὄντα

2096 1261 2188 1314 καὶ
2219 1260 2637 1331 προϋπάρχοντα
2681 1254 3110 1327 κατώηλοῦσθαι
3151 1252 3312 1306 πάλιν
3341 1249 3522 1304 αὐτόν.
3551 1248 3660 1302 Καὶ

2097 1351 2226 1420 γοῦν
2285 1349 2721 1421 κατεμυσάττετο
2762 1346 2860 1415 μὲν
2926 1343 3291 1416 παραφρονῶν
3318 1341 3338 1379 ί
3394 1339 3660 1401 Ἰουδαῖος,

2098 1443 2190 1497 καὶ
2247 1439 2571 1494 καταλιθοῦν
2594 1438 2752 1491 αὐτὸν
2774 1437 3068 1506 ἐπεχείρει,
3092 1435 3191 1504 τὴν
3212 1433 3394 1485 πίστιν
3414 1433 3477 1484 ού
3503 1447 3663 1500 προσ-

2099 1534 2330 1602 ιέμενος.
2382 1529 2758 1597 Κατετεθήπει
2814 1527 2940 1596 γὰρ,
2991 1527 3072 1579 ὅτι
3121 1525 3300 1578 καίτοι
3349 1522 3469 1576 καθ’
3518 1522 3658 1590 ἡμᾶς

2099 1623 2372 1693 ὁρώμενος
2403 1621 2706 1691 ἄνθρωπος,
2735 1619 2831 1686 τῆς
2873 1618 3013 1687 ὑπὲρ
3043 1614 3327 1684 ἄνθρωπον
3374 1613 3663 1683 ἀρχαιότη·

2099 1731 2188 1776 τος
2227 1712 2407 1780 ἐαυτῷ
2451 1711 2511 1762 τὸ
2549 1707 2920 1779 πρεσϐύτατον
2953 1704 3342 1775 ἐπεμαρτύρει,
3388 1703 3563 1771 λέγων
3594 1701 3664 1763 ὡς

2099 1804 2229 1865 Θεός
2253 1817 2269 1834 ⁸
2306 1821 2323 1854 ι
2366 1801 2556 1871 Ἀμὴν,
2589 1801 2735 1870 ἀμὴν
2765 1799 2906 1866 λέγω
2941 1798 3088 1866 ὑμῖν,
3122 1796 3251 1866 πρὶν
3289 1793 3544 1862 Ἀϐραὰμ
3573 1809 3664 1859 γε·

2100 1891 2318 1955 νέσθαι,
2365 1887 2473 1956 ἐγώ
2525 1891 2660 1958 εἰμι.
2690 1907 2706 1937 ι
2755 1887 2882 1938 Ὅτε
2929 1886 3023 1938 κα)⁴
3057 1884 3194 1954 πρὸς
3235 1882 3391 1936 τοῦτο
3431 1881 3665 1950 ἔφασκον

2101 1985 2324 2036 ἐκεῖνον
2358 2001 2375 2032 ι
2407 1981 2749 2048 Πεντήκοντα
2778 1976 2870 2047 ἔτη
2897 1975 3048 2029 οὔπω
3088 1974 3250 2044 ἔχεις,
3295 1976 3386 2027 καὶ
3419 1973 3666 2042 Ἀϐραάμ

2101 2074 2384 2145 ἐώρακας;
2425 2091 2442 2122 ι
2495 2071 2637 2140 Ἔφη
2683 2070 2740 2122 δὲ
2789 2068 2950 2122 πάλιν
2994 2067 3087 2143 καὶ
3123 2065 3374 2134 Ἰωάννης
3399 2083 3414 2096 ’
3453 2082 3470 2115 ι
3500 2059 3667 2126 Οὗτός

2102 2168 2249 2228 ἐστι,
2293 2165 2421 2234 περὶ
2451 2157 2511 2215 οὗ
2555 2161 2664 2231 ἐγὼ
2693 2156 2844 2213 εἷπον
2876 2160 3032 2229 ύμῖν·
3077 2159 3281 2213 Ὀπίσω
3313 2175 3412 2228 μου
3447 2157 3666 2227 ἔρχεται

2102 2255 2258 2326 ἀνὴρ,
2299 2254 2356 2317 ὃς
2396 2251 2705 2323 ἔμπροσθέν
2749 2269 2849 2320 μου
2895 2251 3136 2318 γέγονεν,
3179 2249 3259 2301 ὅτι
3305 2247 3521 2318 πρῶτός
3570 2263 3665 2317 μου

2100 2341 2186 2415 ἦν.
2216 2365 2233 2396 ι
2271 2343 2458 2397 Καίτοι
2495 2342 2612 2406 πῶς
2646 2341 2810 2412 ἄνδρα
2842 2358 2900 2394 τε
2940 2339 3093 2402 εἰδὼς
3123 2340 3216 2392 καὶ
3257 2339 3542 2410 ὀνομάζων
3583 2340 3668 2393 τὸν

2115 2436 2481 2506 Ἑμμανουὴλ,
2514 2433 2821 2504 ἔμπροσθέν
2859 2450 2917 2486 τε
2949 2431 3147 2495 αὑτοῦ,
3191 2433 3285 2484 καὶ
3321 2431 3538 2500 πρῶτον
3578 2448 3667 2498 γεο

2103 2528 2288 2582 νέσθαι
2327 2527 2460 2596 φησί
2498 2525 2588 2580 τὸν
2625 2526 2848 2595 ὀψιγενῆ
2883 2541 2941 2576 τε
2989 2525 3084 2576 καὶ
3129 2523 3250 2591 μετ’
3293 2522 3488 2588 αὖτόν;
3531 2521 3668 2574 Ἀλλ’

2102 2622 2218 2689 ἐρεῖ
2244 2635 2328 2681 τις
2368 2617 2524 2679 ἴσωςο
2561 2616 2905 2687 Ἔμπροσθεν
2939 2615 3101 2667 αὑτὸν
3133 2615 3227 2667 καὶ
3270 2614 3482 2687 πρῶτον
3521 2617 3671 2680 γενέ-

2105 2711 2226 2763 σθαι
2266 2709 2400 2779 φησὶ
2433 2707 2574 2762 κατά
2603 2725 2664 2776 γε
2695 2707 2794 2778 τὴν
2821 2706 2998 2770 δόξαν,
3023 2705 3210 2776 ὥσπερ
3243 2703 3336 2758 οὖν
3368 2705 3550 2758 ἔπεισί
3586 2723 3667 2776 μοι

2103 2803 2270 2854 νοεῖν·
2304 2801 2399 2852 καὶ
2445 2799 2551 2870 μὴν
2586 2799 2668 2851 ὅτι
2701 2797 2950 2866 κίϐδηλόν
2983 2815 3043 2851 τε
3076 2798 3172 2851 καὶ
3203 2797 3410 2867 ἀμαθὲς
3451 2798 3517 2850 τὸ
3548 2800 3669 2871 τῇδε

2103 2893 2265 2954 νοεῖν,
2294 2891 2353 2942 ού
2393 2889 2598 2960 μακρὸς
2628 2891 2759 2958 ἡμῖν
2789 2887 2988 2952 διδάξει
3020 2888 3196 2957 λόγος.
3231 2889 3671 2959 Παραδεξάμενοι

442 2978 668 3032 inscitia:
700 2975 913 3044 plenam
969 2988 1107 3027 esse.
1135 2970 1267 3026 Nam
1308 2971 1354 3026 si
1401 2971 1638 3039 priorem
1686 2983 1829 3034 esse,
1860 2969 2000 3024 idem

2104 2981 2212 3051 γὰρ
2228 2981 2290 3034 τὸ
2315 3001 2331 3032 ι
2353 2981 2656 3052 ἔμπροσθεν
2688 2998 2704 3030 ι
2727 2981 2805 3042 εἰς
2825 2979 2905 3042 τὸ,
2935 2979 3154 3050 ἄμεινον
3168 2981 3226 3032 ὲν
3255 2979 3402 3050 δόξῃ,
3426 2981 3572 3034 κατὰ
3589 2982 3671 3033 τὸν

439 3084 562 3125 esse
592 3067 942 3122 statuerimus
977 3064 1116 3132 quod
1151 3063 1259 3134 39
1283 3062 1335 3115 in
1355 3061 1524 3131 gloria
1554 3060 1816 3130 potiorem
1847 3075 2000 3126 esse;

441 3161 626 3215 eadem
669 3158 889 3212 omnino
932 3155 1141 3210 ratione
1176 3153 1527 3223 posteriorem
1563 3165 1682 3207 esse
1718 3151 1858 3206 idem
1899 3151 2006 3205 erit

444 3251 584 3320 quod
607 3249 774 3318 gloria
805 3246 1114 3300 inferiorem
1144 3262 1156 3296 :
1183 3231 1347 3312 atque
1379 3244 1453 3296 ita
1486 3241 1762 3295 Christum
1796 3239 2006 3294 Joanne

443 3341 753 3395 inferiorem
792 3336 855 3406 (ο
890 3351 1000 3390 rem
1050 3335 1282 3389 maxime
1315 3332 1604 3387 absurdam
1630 3333 1644 3384 ἰ
1666 3332 1683 3400 )
1707 3332 2003 3386 concedere

445 3429 828 3499 compellemur
866 3445 880 3481 :
921 3427 1010 3479 Ait
1051 3425 1193 3480 enim
1245 3442 1258 3477 :
1301 3442 1320 3474 ι
1358 3423 1486 3477 Post
1532 3437 1620 3476 me
1658 3423 1801 3476 venit
1838 3421 1939 3476 vir.
1982 3439 1999 3471 ι

447 3520 592 3575 Sane
621 3517 666 3572 si
702 3525 869 3579 recte,
899 3513 1110 3582 quodin
1139 3510 1366 3566 Psalmis
1395 3510 1461 3564 de
1484 3523 1550 3565 eo
1583 3508 1843 3576 scriptum
1879 3506 2008 3576 legi-

446 3617 556 3674 tur,
580 3606 1017 3676 expeuderiinus,
1042 3617 1153 3654 rem
1187 3601 1342 3670 longe
1365 3599 1520 3652 aliter
1548 3599 1747 3652 habere
1777 3597 2008 3650 arbitra-

445 3701 623 3756 bimur
651 3715 665 3750 :
698 3713 717 3748 ι
747 3695 898 3762 Quis,
932 3696 1125 3763 inquit,
1151 3693 1204 3748 in
1235 3690 1466 3746 nubibus
1489 3689 1786 3759 aequabitur
1821 3686 2002 3760 Domi-

445 3792 554 3848 no?
587 3790 780 3847 similis
814 3789 918 3842 erit
949 3786 1173 3839 Domino
1206 3785 1258 3838 in
1310 3783 1432 3838 liliis
1489 3781 1581 3836 Dei
1609 3779 1694 3834 δεῖ
1731 3797 1751 3832 ι
1785 3778 2005 3834 Summa

446 3887 609 3956 igitur
639 3881 930 3949 antiquitas
958 3876 1134 3932 Verbo
1171 3884 1424 3944 tanquam
1455 3873 1564 3928 Deo
1588 3872 1885 3928 secundum
1915 3885 2009 3924 na-

451 3986 648 4036 turam,
679 3969 892 4025 etiamsi
954 3966 1100 4022 carni
1133 3967 1339 4019 unitum
1369 3964 1458 4028 sit,
1487 3962 1822 4032 pr0priaaque
1849 3970 2007 4014 natu-

447 4079 519 4118 ra:
547 4065 683 4118 bona
704 4075 826 4114 cum
850 4070 1076 4127 corpore
1098 4055 1239 4124 quod
1270 4055 1581 4123 assumpsit,
1612 4052 2008 4108 communicare

445 4152 804 4213 consueverit,
830 4147 1172 4202 attribuenda
1204 4155 1306 4201 est.

518 4242 676 4298 XLII.
713 4241 864 4304 Quod
899 4239 1040 4294 istud
1081 4249 1257 4292 autem
1287 4238 1356 4290 Ita
1401 4249 1458 4291 se
1509 4235 1720 4298 habeat,
1760 4241 2010 4302 recteque

2107 3075 2220 3127 ἴσον
2251 3090 2350 3124 που
2380 3072 2555 3140 λόγον,
2589 3073 2680 3123 καὶ
2707 3071 2768 3124 τὸ
2800 3090 2818 3122 ι
2853 3070 3026 3124 ὀπίσω
3059 3089 3076 3122 ι
3129 3072 3370 3142 φήσομεν
3397 3071 3457 3124 τὸ
3511 3071 3588 3133 ὡς
3617 3074 3672 3122 ἐν

2108 3165 2328 3236 εὐκλείᾳ.
2380 3163 2629 3234 δεύτερον
2659 3159 2716 3218 εὖ
2752 3163 2895 3234 μάλα
2927 3163 3282 3234 καταδηλοῢν.
3328 3164 3670 3234 Συμϐήσεται

2107 3257 2284 3310 τοίνυν
2317 3256 2392 3318 ὡς
2431 3253 2492 3319 ἐξ
2522 3255 2770 3325 ἀνάγκης
2808 3257 2939 3325 ἡμῖν
2975 3255 3076 3324 τῆς
3108 3254 3353 3308 Ἰωάννου
3385 3253 3547 3324 δόξης
3585 3258 3674 3324 ἠτ-

2106 3344 2300 3398 τᾶσθαι.
2340 3343 2594 3415 Χριστὸν,
2619 3343 2715 3396 καὶ
2742 3344 2915 3396 ὀπίσω
2953 3343 3200 3414 δραμεῖν,
3243 3343 3519 3407 ἀσυνέτως
3547 3345 3672 3414 ὁμο-

2107 3437 2283 3504 λογεῖν
2310 3439 2354 3488 Β.
2385 3437 2530 3506 Ἔφη
2557 3435 2684 3504 γὰρ,
2713 3436 2794 3489 ὅτι
2819 3455 2837 3487 ι
2876 3433 3082 3489 Ὀπίσω
3111 3453 3212 3506 μου
3237 3434 3451 3505 ἔρχεται
3476 3435 3668 3507 ἀνήρ.»

2117 3527 2181 3579 Ὢ
2206 3528 2305 3596 τῆς
2334 3526 2596 3591 ἀτοπίαςί
2627 3525 2924 3597 οἰησόμεθα
2957 3526 3173 3596 γὰρούχ
3200 3518 3301 3578 ὧδε
3333 3525 3498 3595 ἔχειν,
3530 3528 3673 3580 ἐννε-

2109 3618 2364 3687 νοηκότες
2399 3616 2573 3687 ὀρθῶς
2605 3616 2666 3671 τὸ
2747 3618 2802 3670 ἐν
2847 3617 3096 3686 Ψαλμοῖς
3135 3617 3522 3687 γεγραμμένον
3545 3659 3561 3684 ,
3600 3620 3674 3670 ὅτι

2115 3726 2132 3760 ι
2162 3707 2254 3770 Τίς
2290 3709 2348 3760 ἐν
2376 3708 2626 3777 νεφέλαις
2680 3705 3001 3777 ἰσωθήσεται
3032 3705 3110 3777 τῷ
3151 3707 3374 3777 Κυρίῳ;
3409 3709 3675 3777 ὁμοιωθή-

2112 3817 2260 3852 σεται
2290 3799 2367 3869 τῷ
2394 3799 2584 3869 Κυρίῳ
2609 3801 2666 3851 ἐν
2692 3800 2828 3861 υἰοῖς
2851 3797 2985 3851 Θεοῦ
3010 3816 3024 3862 ;
3051 3816 3069 3849 ι
3108 3797 3421 3852 Ἀναθετέον
3448 3794 3549 3853 οὖν
3577 3799 3676 3868 ἄρα

2111 3884 2203 3937 καὶ
2235 3885 2375 3938 κατὰ
2405 3885 2602 3954 σαρκὸς
2624 3884 2773 3952 αύτῷ
2795 3885 2856 3937 τὸ
2885 3885 3273 3956 πρεσϐύτατον,
3295 3886 3370 3948 ῶς
3393 3887 3520 3958 Θεῷ
3544 3888 3675 3940 κατὰ

2111 3975 2274 4042 φύσιν
2325 3974 2576 4028 ἐνωθέντι
2627 3975 2810 4046 σαρκὶ,
2859 3977 2953 4029 καὶ
2983 3976 3049 4030 τὰ
3073 3976 3175 4047 τῆς
3222 3978 3430 4040 οἰκείας
3466 3980 3676 4047 φύσεως

2111 4067 2290 4136 ἀγαθὰ
2317 4070 2637 4122 κοινοποιεῖν
2670 4069 2881 4123 εἰωθότι
2909 4068 2987 4140 τῷ
3018 4069 3132 4141 ἰδίῳ
3165 4070 3395 4141 σώματι.

2182 4245 2313 4299 ΜΒ’.
2355 4243 2524 4297 Τοῦτο
2566 4243 2609 4296 δ’
2649 4243 2715 4297 ἃν
2752 4244 2941 4314 μάθοις
2975 4239 3077 4300 ὦδέ
3121 4264 3178 4300 τε
3212 4247 3352 4316 ἔχον,
3397 4249 3498 4301 καὶ
3531 4253 3676 4321 εἷρξ-

447 4335 650 4390 dictum
682 4331 773 4398 sit,
811 4333 864 4386 id
895 4345 963 4385 ex
988 4328 1107 4383 aliis
1145 4341 1356 4397 quoque
1394 4325 1736 4390 testimoniis,
1775 4325 1817 4380 si
1851 4325 2000 4378 modo

2115 4333 2274 4404 μένον
2304 4333 2497 4406 ὀρθῶς,
2527 4333 2622 4386 καὶ
2647 4334 2703 4400 ἐξ
2733 4334 2934 4405 ἑτέρων
2962 4336 3140 4400 εὐθὺς,
3169 4337 3325 4407 εἴπερ
3349 4337 3515 4401 ἕλοιο,
3552 4355 3676 4410 μαρο

444 4424 683 4488 libuerit,
703 4422 860 4477 facile
889 4421 1180 4476 didiceris:
1213 4419 1344 4473 dicit
1366 4432 1598 4486 namque
1633 4415 1826 4470 alicubi
1868 4416 2008 4469 Deus

448 4531 545 4588 per
600 4513 886 4582 quemdam
945 4519 1252 4566 sanctorum
1278 4508 1657 4577 prophetarum
1693 4507 1758 4559 de
1788 4504 2006 4560 Christo

442 4625 505 4664 ex
537 4607 744 4664 semine
797 4604 961 4660 David
1000 4602 1292 4657 secundum
1325 4612 1544 4654 carnem
1576 4605 1733 4651 orto:
1772 4613 1789 4646 ‹
1832 4595 1897 4649 Et
1928 4604 2002 4658 tu,

446 4698 723 4754 Bethleem
771 4696 966 4749 domus
1013 4693 1268 4761 Ephrata,
1303 4704 1408 4743 non
1437 4687 1656 4756 parvula
1699 4701 1757 4741 es
1793 4686 1843 4739 in
1888 4686 2005 4739 mil-

444 4790 584 4843 libus
613 4787 768 4842 Juda.
793 4785 871 4839 Ex
911 4794 961 4838 te
995 4781 1124 4836 mihi
1155 4780 1459 4852 egredietur
1489 4777 1582 4848 qui
1627 4779 1698 4832 sit
1755 4776 1998 4831 Domina.

445 4892 528 4936 tor
559 4879 746 4941 Israel,
777 4887 832 4932 et
861 4888 1112 4945 egressus
1141 4872 1256 4942 ejus
1287 4872 1353 4926 ab
1391 4870 1546 4926 initio
1567 4886 1594 4922 a
1630 4870 1818 4924 diebus
1848 4877 2006 4923 mter—

413 4969 630 5025 ’uitatis
654 4970 720 5024 ".
752 4988 769 5020 ι
800 4971 875 5023 De
901 4966 1024 5021 ﬁliis
1046 4979 1172 5020 vero
1198 4963 1361 5018 Israel
1390 4963 1790 5017 sacratissimus
1813 4961 2007 5016 Paulus

445 5073 517 5115 ita
572 5062 762 5116 scribit
799 5080 812 5114 :
850 5078 868 5110 ι
908 5056 1108 5113 Omnes
1152 5045 1225 5110 in
1254 5053 1434 5124 Moyse
1475 5052 1728 5124 baptizati
1779 5063 1905 5106 sunt
1955 5052 2006 5106 in

448 5153 589 5207 nube
605 5161 659 5204 et
685 5152 735 5206 in
753 5151 974 5214 mari,et
991 5163 1176 5205 omnes
1200 5147 1443 5204 eamdem
1463 5158 1638 5200 escam
1674 5143 2004 5213 spiritualem

448 5243 926 5306 manducaverunt,
959 5251 1012 5296 et
1061 5255 1249 5296 omnes
1299 5237 1546 5318 eutiidem
1603 5243 1785 5306 potum
1851 5235 2010 5304 spiri-

518 5357 562 5387 "
599 5355 755 5409 Joan.
789 5356 1011 5420 vm,58.
1088 5357 1132 5386 "
1163 5355 1290 5407 ibid.
1327 5354 1413 5406 57.
1490 5352 1532 5382 ’⁸⁷
1564 5351 1718 5405 Joan.
1758 5367 1795 5415 ι,
1823 5353 1900 5406 50.

2114 4424 2333 4495 τυριῶν.
2363 4425 2504 4495 Ἔφη
2548 4426 2646 4496 μὲν
2679 4425 2787 4496 γάρ
2821 4444 2918 4479 που
2953 4427 3083 4489 Θεὸς
3112 4428 3240 4497 περὶ
3274 4429 3367 4481 τοῦ
3401 4432 3467 4482 ἐκ
3517 4431 3676 4500 σπέρ-

2116 4533 2283 4585 ματος
2325 4515 2483 4568 Δαυῒδ
2531 4517 2592 4569 τὸ
2631 4517 2770 4570 κατὰ
2805 4518 2982 4588 σάρκα
3015 4519 3248 4588 Χριστοῦ
3293 4521 3360 4573 δι’
3403 4522 3528 4585 ἑνὸς
3576 4523 3675 4575 τῶν

2112 4606 2279 4674 ἁγίων
2327 4607 2654 4676 προφητῶν
2698 4628 2716 4659 ι
2760 4610 2869 4662 Καὶ
2922 4611 3006 4673 σὺ,
3064 4609 3342 4681 Βηθλεὲμ,
3391 4609 3542 4677 οἶκος
3590 4613 3676 4666 τοῦ

2124 4696 2385 4768 Ἐφραθᾶ,
2412 4697 2485 4768 μὴ
2514 4698 2789 4766 ὀλιγοστὸς
2813 4697 2862 4752 εἷ
2887 4700 2980 4754 τοῦ
3004 4697 3136 4755 εἶναι
3155 4703 3213 4753 ὲν
3227 4703 3460 4771 χιλιάσιν
3492 4705 3675 4759 Ἰούδα.

2129 4787 2222 4840 Ἐκ
2242 4789 2334 4841 σοῦ
2361 4806 2451 4859 μοι
2471 4789 2811 4853 ἐξελεύσεται
2836 4791 2928 4844 τοῦ
2959 4788 3096 4845 εἶναι
3116 4794 3193 4855 εἰς
3220 4794 3494 4865 Ἄρχοντα
3520 4796 3580 4847 ἐν
3607 4794 3679 4864 τῷ

2127 4879 2368 4948 ’ῐσραήλο
2402 4879 2496 4932 καὶ
2535 4881 2590 4932 αἰ
2623 4880 2789 4944 ἔξοδοι
2823 4881 2984 4934 αὑτοῦ
3017 4883 3118 4949 ἀπ’
3142 4881 3318 4953 ἀρχῆς
3355 4882 3413 4948 ἐξ
3455 4883 3676 4955 ἡμερῶν

2113 4970 2326 5032 αἰῶνος.
2357 4990 2375 5021 ι
2414 4971 2548 5041 Περὶ
2579 4971 2633 5024 δέ
2668 4989 2730 5041 γε
2759 4974 2866 5026 τῶν
2902 4973 3035 5026 υἱῶν
3072 4975 3284 5046 Ἰσραὴλ
3312 4977 3340 5028 ὁ
3387 4977 3675 5047 ἱερώτατος

2114 5057 2344 5122 Παῦλος,
2375 5060 2455 5112 ὅτι
2491 5077 2508 5110 ι
2539 5061 2746 5125 Πάντες
2773 5064 2850 5126 εἰς
2884 5063 2974 5115 τὸν
3007 5065 3244 5134 Μωῦσῆν
3273 5064 3675 5135 ἐϐαπτίσθησαν

2117 5149 2173 5200 ἐν
2205 5151 2270 5219 τῇ
2304 5150 2502 5220 νεφέλῃ
2531 5151 2623 5204 καὶ
2646 5152 2702 5204 ὲν
2724 5155 2790 5223 τῇ
2825 5151 3085 5224 θαλάσσῃ,
3122 5153 3214 5205 καὶ
3245 5153 3444 5216 πάντες
3485 5153 3677 5224 βρῶμα

2118 5241 2483 5310 πνευματικὸν
2529 5243 2590 5294 τὸ
2632 5244 2762 5296 αὐτὸ
2809 5245 3024 5313 ἔφαγον,
3072 5246 3164 5298 καὶ
3210 5246 3406 5308 πάντες
3451 5247 3515 5299 τὸ
3553 5244 3675 5300 αὐτὸ

1984 5353 2026 5382 ⁸⁸
2057 5351 2196 5407 Psal.
2230 5371 2490 5421 Lxxxvm,
2519 5357 2574 5412 7.
2649 5357 2692 5389 δ’
2725 5357 2882 5413 Mich.
2924 5375 2977 5423 v,
3005 5359 3071 5426 2;
3105 5359 3290 5414 Matth.
3340 5376 3398 5426 ιι,
3429 5359 3478 5413 ϐ.

1553 5467 1723 5521 Varia:
1755 5466 2011 5521 lectiones
2033 5466 2234 5522 codicis
2265 5465 2621 5538 Segnieriani.

526 5584 545 5624 ί
579 5587 605 5638 ὁ
637 5586 956 5654 παράφρων.
1035 5587 1058 5623 ⁸
1092 5585 1354 5636 ὑπονοεῖν.
