3910 6200
259 292 394 352 119⁸7

1208 290 1296 346 DE
1334 288 1557 346 RECTA
1599 286 1754 346 FIDE
1794 287 1883 343 AD
1923 285 2364 347 TIIEODOSIUM
2404 294 2532 351 1MP.

3352 300 3493 359 “98

258 404 631 476 πνευματικὸν
663 402 815 457 ἔπιον
848 405 994 475 πόμα
1015 420 1028 435 ·
1064 404 1247 459 ἔπινον
1286 405 1393 478 γάρ
1421 408 1482 461 ὲκ
1531 421 1829 476 πνευματι-

1934 404 2131 460 tualetn
2218 406 2470 463 biberunt
2508 425 2522 462 :
2572 407 2825 485 bibebant
2880 418 3060 469 autem
3111 374 3181 468 de
3224 413 3492 484 spirituali

258 502 362 573 κῆς
380 496 771 568 ἀκολουθούσης
797 496 1001 568 πέτρας
1020 513 1033 528 ·
1056 499 1091 569 ἡ
1116 497 1173 551 δὲ
1194 498 1368 569 πέτρα
1385 493 1453 569 ἦν
1475 500 1505 553 6
1525 496 1777 568 Χριστός.
1801 515 1819 547 ι

1933 504 2287 566 consequente
2307 513 2398 573 eos
2429 508 2601 570 petra,
2613 508 2763 569 petra
2782 511 2958 559 autem
2978 514 3094 560 erat
3107 504 3352 562 Christus
3371 507 3439 563 ⁸ο.
3466 528 3487 561 ι

262 594 452 663 Ἀθρει
491 589 554 659 δὴ
597 584 691 642 οῦν
727 589 786 640 ὲν
833 588 1052 659 Χριστῷ
1098 588 1272 661 Ἰησοῦ
1318 588 1667 660 δεικνύμενον
1704 586 1824 641 καθ’

258 684 449 737 ἕνωσιν
488 678 833 749 οἰκονομικὴν
863 678 922 731 τὸ
965 678 1145 742 ίδικῶς
1175 679 1270 732 τοῦ
1301 680 1476 747 Λόγου
1515 678 1825 748 πρεσϐύτα-

256 792 369 828 τον.
401 770 471 825 Ἦ
506 771 605 823 οὐκ
633 760 867 840 ἐναργὴς
902 771 930 822 6
958 767 1150 836 λόγος;
1184 768 1286 823 Τὸν
1310 768 1504 838 ,γάρτοι
1533 768 1828 839 Βηθλεεμί-

256 880 376 935 την,
412 861 489 925 ὡς
518 862 801 931 ἄνθρωπον
837 861 930 913 καὶ
968 860 1032 912 ἐκ
1063 859 1343 927 γυναικὸς,
1375 860 1470 913 ἀπ’
1498 860 1671 932 ἀρχῆς
1699 861 1829 917 αίῶ-

258 973 361 1020 νος
383 954 484 1017 τὰς
527 952 740 1019 ἐξόδους
770 950 912 1021 ἔχειν
947 946 1007 1004 εὖ
1036 950 1182 1020 μάλα
1219 951 1417 1020 φησίν·
1451 953 1507 1004 ὲν
1540 952 1682 1022 ἀρχῇ
1717 952 1829 1022 γάρ

258 1045 324 1115 ἦν
350 1045 444 1100 καὶ
474 1043 580 1115 πρὸ
605 1042 805 1106 παντὸς
844 1041 1037 1106 αἰῶνος
1064 1041 1091 1093 6
1119 1041 1546 1113 ὲνανθρωπήσας
1571 1039 1703 1105 Θεὸς
1726 1041 1827 1096 Λό-

260 1152 386 1208 γος·
420 1137 513 1190 καὶ
544 1134 706 1196 αὐτὸς
739 1129 807 1204 ἦν
836 1135 869 1204 ή
905 1134 1101 1204 πέτρα,
1133 1133 1458 1203 δεδιψηκότοι
1490 1135 1580 1188 τὸν
1613 1135 1828 1206 Ἰσραὴλ

260 1232 371 1291 τοῖς
395 1227 525 1299 παρ’
553 1225 744 1279 ἐλπίδα
777 1225 871 1279 καὶ
893 1225 1170 1296 ἀδοκήτως
1206 1224 1568 1295 ὲκμεθύσκων
1596 1225 1826 1297 νάμασι·

262 1321 436 1376 καίτοι
470 1317 751 1388 γεννηθεὶς
788 1315 930 1369 κατά
956 1332 1018 1387 γε
1059 1315 1157 1386 τὴν
1191 1315 1366 1389 σάρκα
1395 1317 1488 1370 καὶ
1526 1316 1588 1369 τὸ
1625 1315 1832 1391 ἀνθρώ-

262 1429 414 1465 πινον
461 1412 519 1463 ὲν
548 1409 797 1478 ἐσχάτοις
836 1405 931 1460 τοῦ
975 1407 1168 1471 αἰῶνος
1223 1410 1453 1478 καιροῖς,
1493 1409 1589 1461 καὶ
1646 1424 1833 1477 κεχρι·

268 1503 460 1573 σμένος
484 1502 582 1571 τὴν
604 1501 684 1562 εἰς
712 1497 860 1551 τόνδε
891 1496 983 1549 τὸν
1013 1497 1214 1567 κόσμον
1231 1496 1531 1567 ἀποστολὴν
1562 1496 1709 1567 παρά
1735 1496 1829 1551 τοῦ

262 1592 396 1649 Θεοῦ
422 1594 513 1645 καὶ
543 1590 783 1662 Πατρός·
816 1588 1233 1658 κατωνόμασται
1263 1589 1369 1660 γὰρ
1396 1591 1494 1658 οὐχ
1526 1589 1714 1659 ἐτέρου
1737 1604 1830 1641 του

262 1683 483 1757 χάρινῆ
511 1683 598 1736 διὰ
639 1681 796 1737 τοῦτο
828 1679 1079 1751 Χριστός.
1127 1682 1360 1750 Χριστὸς
1403 1681 1459 1735 δὲ
1490 1678 1559 1754 ἦν
1593 1681 1833 1753 η’πέτρα

263 1743 405 1826 κατά
437 1743 530 1825 τδν
569 1769 753 1840 νόμον,
800 1743 894 1822 καί
943 1743 1047 1821 τὸν
1073 1743 1305 1822 Παῦλον.
1343 1743 1831 1838 Ἒπαγωνιεῖταίδ
1866 1743 1904 1796 Β

265 1860 331 1917 αὖ
364 1863 457 1916 καὶ
503 1861 825 1933 συναθλήσει
867 1859 943 1930 τῷ
971 1858 1113 1930 λόγῳ
1159 1862 1255 1915 καὶ
1293 1862 1322 1915 ό
1352 1862 1515 1931 σοφὸς
1546 1862 1831 1933 Ἰωάννης,

266 1952 544 2026 μονονουχὶ
571 1953 665 2005 καὶ
696 1952 1028 2023 συναγείρων
1067 1951 1163 2016 τάς
1199 1952 1419 2022 φύσεις,
1467 1954 1563 2008 καὶ
1602 1955 1833 2008 συνδέων

262 2049 342 2110 είς
390 2046 583 2101 ἕνωσιν
621 2043 730 2097 τῶν
773 2045 1012 2115 ἑκατέρα
1044 2047 1353 2116 προσόντων
1387 2047 1693 2117 ἰδιωμάτων
1732 2048 1833 2119 τὴν

260 2136 509 2207 δύναμιν.
546 2135 656 2189 Θέα
703 2135 814 2205 γάρ
859 2136 887 2188 ὅ
919 2152 1117 2205 φησιν·
1160 2153 1180 2187 ι
1216 2138 1279 2190 Ὀ
1315 2132 1383 2207 ἦν
1425 2138 1519 2190 ἀπ’
1560 2139 1764 2209 ἀρχῆς,
1805 2138 1834 2192 δ

262 2226 598 2296 ἀκηκόαμεν,
650 2224 679 2277 δ
731 2225 1054 2296 ἑωράκαμεν
1098 2224 1208 2289 τοῖς
1254 2225 1548 2297 ὀφθαλμοῖς
1585 2226 1767 2298 ήμῶν,
1804 2227 1834 2280 δ

263 2318 630 2389 ἐθεασάμεθα,
663 2319 757 2371 καὶ
787 2317 840 2368 αἱ
887 2319 1065 2387 χεῖρες
1113 2318 1269 2388 ἡμῶν
1305 2318 1660 2389 ἐψηλάφησαν
1705 2321 1834 2391 περὶ

260 2408 354 2462 τοῦ
403 2409 578 2477 Λόγου
626 2409 723 2478 τῆς
774 2406 957 2478 ζωῆς·
997 2408 1144 2479 καὶή
1176 2408 1289 2479 ζωὴ
1345 2408 1693 2481 ἐφανερώθη,
1741 2414 1834 2466 καὶ

261 2500 614 2571 ἑωράκαμεν,
661 2500 756 2552 καὶ
809 2497 1218 2570 μαρτυροῦμεν,
1276 2500 1371 2553 καὶ
1416 2500 1834 2572 ἀπαγγέλλομεν

263 2593 392 2658 ὑμῖν
428 2589 570 2660 ζωὴν
599 2591 697 2659 τὴν
738 2589 972 2654 αἰώνιον,
1009 2590 1128 2659 ἥτις
1170 2583 1238 2659 ἦν
1281 2590 1418 2659 πρὸς
1456 2591 1546 2644 τὸν
1590 2592 1832 2664 Πατέρα,

261 2684 357 2737 καὶ
414 2681 735 2752 ἐφανερώθη
782 2681 931 2752 ὑμῖν.
964 2701 983 2732 ι
1030 2680 1159 2733 Ἰδοὺ
1209 2681 1299 2733 τὸν
1354 2682 1485 2736 ὄντα
1531 2684 1627 2736 ἀπ’
1662 2685 1834 2756 ἀρχῆς

259 2768 440 2843 ῶφθαί
476 2773 534 2825 τέ
565 2789 730 2842 φησιν
776 2771 1055 2841 ἐναργῶς,
1090 2772 1378 2842 ὑπομεῖναι
1429 2773 1486 2826 δὲ
1531 2775 1625 2827 καί
1665 2777 1831 2847 ἁφήν.

273 2865 657 2935 Ἀνεκεκράγει
687 2863 793 2933 γὰρ
821 2863 849 2914 6
875 2862 1078 2933 Θωμᾶς
1098 2878 1110 2893 ·
1151 2882 1170 2915 ε
1210 2863 1268 2917 '0
1299 2863 1500 2935 Κύριός
1533 2883 1656 2937 μου,
1688 2870 1780 2922 καὶ
1807 2872 1836 2923 6

260 2955 394 3019 Θεός
427 2973 551 3025 μου,
583 2973 601 3006 ι
646 2953 1034 3024 ἀναμετρήσας
1063 2954 1311 3025 δακτύλῳ
1367 2956 1605 3027 πλευράν
1641 2976 1700 3012 τε
1738 2960 1836 3032 τὴν

1927 585 2004 642 Εη
2034 572 2476 647 ευωιιιαιυῖίίιιω
2499 593 2894 662 antiquitatem,
2925 610 3044 665 quae
3066 596 3121 650 in
3155 595 3336 653 Verbo
3358 612 3489 666 pro-

1926 680 2042 749 prie
2099 681 2372 748 convenit,
2424 683 2721 739 secundum
2778 685 3169 741 mconomicam
3238 687 3491 741 unionem

1935 769 2022 825 hic
2052 768 2272 826 Christo
2309 770 2435 827 Jesu
2471 773 2795 842 assignatam
2818 788 2958 830 esse.
2996 775 3077 829 An
3122 776 3385 831 obscurus
3409 786 3494 829 est

1928 858 2018 915 hic
2037 860 2259 916 sermo?
2289 860 2581 919 Evidenter
2616 865 2762 918 enim
2816 866 3035 934 exponit
3085 866 3494 922 Bctbleemitam

1929 950 2097 1017 illum,
2128 951 2219 1021 qui
2268 966 2334 1008 ex
2394 953 2619 1009 muliere
2662 966 2822 1009 natus
2874 964 2957 1010 est
3015 958 3197 1022 homo,
3230 958 3297 1012 ab
3341 955 3495 1010 initio

1930 1040 2107 1097 surculi
2129 1043 2330 1097 exitum
2363 1043 2563 1099 habere
2589 1062 2604 1099 :
2632 1044 2684 1098 in
2749 1045 3017 1115 principio
3065 1045 3213 1099 enim
3272 1054 3329 1099 et
3370 1055 3494 1099 ante

1930 1132 2108 1187 omnia
2160 1133 2355 1189 sarcula
2376 1144 2495 1189 erat
2534 1138 2676 1204 quod
2724 1137 3062 1193 incarnatum
3110 1146 3193 1191 est
3231 1135 3491 1203 Verbum,

1932 1224 2151 1293 ipseque
2175 1232 2289 1279 erat
2342 1235 2495 1294 petra
2538 1226 2791 1297 illa,qua:
2836 1227 3192 1283 Israeliticum
3237 1228 3492 1299 pOpulttm

1931 1316 2201 1371 sitientem
2233 1317 2523 1386 insperatis
2561 1318 3054 1390 inexSpectatisqne
3084 1335 3237 1389 aqua:
3280 1320 3496 1376 ﬂuentis

1934 1407 2218 1463 inebriavit
2250 1426 2263 1463 :
2303 1409 2519 1464 etiamsi
2540 1411 2593 1463 in
2612 1411 2922 1466 novissimis
2950 1411 3132 1467 saeculi
3161 1411 3495 1482 temporibus

1930 1499 2223 1557 secundum
2252 1514 2495 1564 carnem,
2520 1502 2919 1571 humanamque
2954 1511 3206 1557 naturam
3243 1502 3496 1572 progeni-

1934 1600 2043 1654 tus,
2072 1598 2126 1647 et
2142 1591 2396 1647 missione
2437 1591 2491 1645 in
2520 1593 2662 1649 hunc
2695 1593 2953 1647 mundum
2989 1609 3022 1647 a
3054 1594 3163 1647 Deo
3207 1592 3367 1647 Patre
3414 1592 3498 1645 in-

1933 1689 2126 1739 unctus
2156 1682 2256 1740 sit:
2276 1698 2450 1752 neque
2495 1683 2643 1738 enim
2686 1684 2902 1740 aliunde
2934 1686 3035 1741 hoc
3064 1700 3259 1741 nomen
3293 1685 3498 1741 Christi

1934 1771 2160 1843 sortitus
2196 1783 2306 1839 est,
2338 1789 2498 1844 quam
2558 1774 2627 1829 ab
2671 1790 2776 1830 una
2806 1778 2911 1837 hac
2955 1777 3209 1832 unctione
3261 1788 3317 1832 et
3379 1777 3501 1831 fun-

1934 1863 2147 1931 ctione;
2176 1865 2328 1935 atqui
2358 1864 2631 1929 Christus,
2669 1865 2962 1921 secundum
3005 1864 3176 1935 legem
3216 1876 3274 1922 et
3306 1881 3502 1922 secun-
3578 1876 3581 1879 ‘

1933 1956 2060 2013 dum
2084 1955 2304 2012 beatum
2322 1954 2574 2017 Paulum,
2595 1964 2713 2010 erat
2741 1954 2826 2009 illa
2846 1965 3017 2026 petra.
3046 1955 3341 2012 Conﬁrmat
3363 1957 3501 2011 hanc

1935 2062 2148 2104 rursum
2181 2047 2507 2103 sententiam
2538 2057 2594 2103 et
2625 2048 2843 2117 sapiens
2869 2046 3107 2105 Joannes
3136 2062 3387 2118 quoque;
3427 2052 3501 2104 si-

1933 2139 2147 2210 quidem
2176 2138 2286 2211 40
2319 2146 2543 2195 naturas
2572 2139 2628 2193 in
2660 2155 2824 2193 υιιιιω
2855 2141 3250 2221 quodammodo
3280 2154 3498 2211 cogens,

1933 2232 2441 2302 proprietatemque
2493 2232 2622 2297 vim,
2663 2245 2783 2300 quae
2852 2231 3067 2301 utrique
3131 2230 3397 2297 adjacent,
3447 2231 3499 2284 in

1935 2321 2185 2377 unionem
2215 2320 2484 2389 redigens,
2508 2320 2583 2376 ita
2598 2321 2793 2376 scribit
2824 2337 2838 2374 :
2874 2338 2894 2373 ι
2918 2320 3069 2387 Quod
3092 2318 3195 2375 fuit
3223 2322 3290 2375 ab
3321 2320 3497 2385 initio,

1933 2410 2076 2481 quod
2101 2409 2425 2473 audivimus,
2454 2409 2598 2478 quod
2625 2409 2857 2465 vidimus
2886 2409 3059 2465 oculis
3100 2409 3323 2475 nostris,
3357 2413 3498 2479 quod

1934 2502 2326 2571 perspeximus,
2364 2510 2420 2556 et
2477 2515 2668 2557 manus
2697 2509 2894 2557 nostrae
2925 2507 3404 2565 contrectaverunt
3434 2502 3503 2554 de

1934 2592 2112 2649 Verbo
2169 2592 2315 2657 vitae.
2331 2601 2388 2648 et
2420 2593 2526 2648 vita
2573 2591 2912 2648 manifestata
2953 2600 3056 2657 est,
3073 2601 3130 2647 et
3170 2577 3422 2657 vidimus,
3447 2603 3503 2647 et
3578 2632 3587 2651 κ

1936 2691 2217 2749 testamur,
2266 2692 2321 2738 et
2370 2684 2752 2737 annuntiamus
2792 2681 2945 2737 vobis
3001 2682 3165 2736 vitam
3217 2692 3497 2743 aeternam,

1933 2788 2055 2842 qua:
2103 2780 2224 2829 erat
2275 2773 2416 2843 apud
2473 2770 2710 2836 Patrem,
2767 2780 2822 2827 et
2879 2772 3128 2842 apparuit
3178 2772 3333 2827 nobis
3360 2771 3429 2827 ⁸⁸.
3475 2795 3497 2826 ρ

1934 2863 2075 2918 Ecce
2124 2862 2324 2919 diserte
2375 2860 2608 2939 aliirmat
2662 2875 2809 2924 eum,
2839 2862 2928 2929 qui
2971 2860 3073 2915 fuit
3119 2861 3188 2916 ab
3247 2862 3419 2927 initio,
3448 2871 3505 2915 et

1935 2952 2108 3007 visum
2164 2966 2306 3017 esse,
2354 2959 2410 3006 et
2461 2951 2780 3021 palpabilem
2845 2949 3049 3006 factum
3102 2966 3243 3007 esse.
3288 2951 3500 3006 Etenim

260 3044 358 3098 τοῦ
398 3043 663 3113 σώματος,
692 3042 788 3096 καὶ
824 3042 924 3105 τὰς
970 3042 1281 3114 διατρήσεις
1312 3043 1422 3097 τῶν
1473 3045 1638 3115 ἥλων.
1670 3048 1830 3116 Γεγε-

1936 3039 2191 3106 Thomas,
2220 3048 2566 3109 posteaquam
2607 3054 2803 3095 manus
2837 3039 2891 3094 in
2944 3039 3107 3105 latus,
3139 3050 3194 3094 et
3221 3040 3419 3110 digitos
3444 3040 3498 3095 in

261 3136 456 3207 νῆσθαι
500 3135 557 3188 δέ
596 3151 726 3205 φησι
755 3135 890 3198 ’τοὺς
921 3133 1107 3202 ἁγίους
1148 3135 1477 3201 ἀποστόλους
1510 3139 1604 3192 καὶ
1633 3141 1661 3192 6
1692 3140 1833 3205 θεῖος

263 3230 391 3298 ἡμῖν
433 3226 642 3288 Λουκᾶς
688 3225 959 3288 αὐτόπτας
1008 3242 1068 3277 τε
1118 3226 1211 3279 καὶ
1264 3226 1544 3299 ὑπηρέτας
1596 3230 1688 3283 τοῦ
1722 3231 1830 3285 Λό-

262 3337 359 3387 γου
379 3334 394 3349 σ
424 3318 615 3387 γέγονε
652 3315 761 3387 γάρ
792 3317 1042 3386 ἐμφανὴς
1069 3318 1098 3370 6
1125 3319 1441 3388 ἀσώματος,
1473 3322 1568 3374 καὶ
1598 3323 1772 3387 ἁπτὸς
1802 3324 1832 3376 6

263 3410 503 3482 ἀναφὴς·
533 3410 634 3463 οῦκ
679 3408 882 3461 ὀθνεῖον
911 3407 1048 3478 ἔχων
1081 3409 1396 3481 περίὸλημα
1442 3412 1540 3484 τὴν
1586 3414 1695 3469 ἀπὸ
1726 3415 1830 3485 γῆς

264 3502 469 3572 σάρκα,
507 3500 623 3553 ἀλλ’
659 3499 791 3553 ἴδιον
822 3498 992 3570 αὐτὴν
1030 3498 1398 3571 ποιησάμενος
1442 3505 1589 3571 ναὸν,
1637 3509 1733 3560 καὶ
1770 3510 1828 3560 ὲν

264 3595 401 3663 αὐτῇ
435 3632 450 3658 ,
476 3592 570 3644 καὶ
608 3592 703 3644 σὺν
731 3591 866 3660 αὐτῇ
898 3586 1300 3661 γνωριζόμενος
1328 3592 1403 3655 ὡς
1430 3593 1563 3658 Θεὸς
1592 3598 1687 3653 καὶ
1716 3597 1832 3651 Kc-

267 3701 400 3755 ριος.
442 3680 761 3754 Γεγραφότα
807 3681 863 3734 δὲ
906 3675 1064 3736 οἶσθά
1108 3697 1211 3735 που
1258 3684 1354 3737 καὶ
1394 3684 1485 3739 τὸν
1536 3686 1856 3756 ἱερώτατον

263 3773 506 3828 Παῦλον·
548 3791 567 3824 ‹
596 3772 783 3835 Οὐδεὶς
812 3771 921 3842 γὰρ
967 3771 1123 3842 ἡμῶν
1163 3771 1341 3842 ἑαυτῷ
1376 3771 1479 3844 ζῇ,
1518 3775 1611 3828 καὶ
1652 3777 1830 3841 οὐδεὶς

262 3863 441 3935 ἑαυτῷ
481 3862 835 3933 ἀποθνήσκει.
870 3862 995 3916 Ἐάν
1032 3879 1091 3915 τε
1134 3862 1251 3934 γάρ
1291 3863 1491 3935 ζῶμεν,
1529 3865 1609 3937 τῷ
1642 3868 1832 3939 Κυρίῳ

261 3956 480 4025 ζῶμεν·
523 3954 616 4007 ἐάν
652 3971 712 4006 τε
759 3951 1213 4024 ἀποθνήσκωμεν,
1242 3953 1319 4025 τῷ
1354 3956 1546 4027 Κυρίῳ
1588 3956 1830 4029 ἀποθνή..

264 4059 500 4116 σκομεν·
543 4042 638 4097 ὲάν
677 4059 735 4095 τε
776 4040 867 4095 οῦν
896 4041 1098 4112 ζῶμεν,
1133 4043 1228 4097 ἐάν
1268 4060 1327 4096 τε
1373 4044 1826 4116 ἀποθνήσκωμεν,

259 4137 356 4192 τοῦ
386 4135 593 4205 Κυρίου
627 4134 814 4205 ἐσμέν.
855 4134 947 4196 Et;
979 4133 1134 4186 τοῦτο
1160 4133 1285 4205 ⁵γὰρ
1316 4135 1551 4205 Χριστὸς
1596 4137 1831 4193 ἀπέθανε

264 4228 358 4279 καὶ
381 4224 594 4293 ἔζησεν,
623 4224 708 4277 ἵνα
731 4220 941 4290 νεκρῶν
971 4220 1064 4273 καὶ
1091 4220 1311 4284 ζώντων
1347 4222 1629 4295 κυριεύσῃ.
1657 4244 1675 4274 ι

1936 3133 2208 3188 clavorum
2262 3131 2525 3188 foramina
2575 3130 2861 3197 intulisset,
2903 3130 3082 3186 statim
3126 3130 3446 3186 exclamavit
3485 3150 3500 3187 :

1941 3243 1960 3276 ι
1990 3224 2248 3283 Dominus
2272 3238 2444 3288 meus,
2481 3232 2537 3277 et
2564 3222 2707 3277 Deus
2747 3237 2899 3279 meus
2926 3204 3052 3276 ⁵¹.’›
3082 3222 3219 3288 Quin
3268 3223 3502 3278 eximius

1936 3328 2151 3384 quoque
2176 3314 2508 3384 evangelista
2546 3312 2726 3368 Lucas
2754 3323 2971 3368 sanctos
3016 3312 3286 3382 apostolos
3337 3312 3503 3369 Verbi

1937 3414 2292 3478 spectatores,
2341 3405 2583 3474 ejusdem
2641 3403 2921 3458 ministros
2985 3402 3257 3457 exstitisse
3305 3402 3380 3456 ait
3406 3401 3500 3456 ":

1938 3511 2061 3552 nam
2097 3498 2187 3567 qui
2215 3497 2461 3567 corporis
2476 3510 2667 3566 expers
2701 3504 2841 3559 erat,
2861 3494 3036 3549 factus
3053 3503 3136 3549 est
3154 3493 3498 3563 spectabilis:

1935 3600 1990 3646 et
2009 3589 2101 3659 qui
2129 3589 2271 3659 tangi
2294 3603 2399 3644 non
2425 3598 2654 3659 poterat,
2677 3598 2890 3643 terrena
2913 3602 3077 3643 carne
3096 3603 3203 3642 non
3241 3597 3496 3658 tanquam

1934 3688 2197 3737 extraneo
2234 3680 2466 3745 amictu,
2498 3679 2593 3735 sed
2623 3690 2881 3748 tanquam
2909 3680 3126 3749 proprio
3157 3681 3356 3749 templo
3383 3693 3502 3735 sese

1937 3772 2185 3836 inducas,
2229 3771 2406 3825 factus
2459 3780 2541 3824 est
2584 3769 2885 3839 palpaliilis,
2917 3779 2976 3823 et
3020 3771 3072 3823 in
3118 3770 3252 3837 ipsa,
3276 3777 3332 3823 et
3377 3783 3499 3821 cum

1935 3862 2049 3932 ipsa
2064 3862 2226 3916 etiam
2259 3863 2336 3914 uti
2357 3859 2496 3914 Deus
2523 3869 2579 3915 et
2601 3859 2859 3913 Dominus
2883 3859 3132 3928 cognitus
3159 3857 3279 3913 fuit.
3308 3858 3499 3912 Hemi-

1938 3950 2096 4006 nistis
2148 3964 2362 4020 quoque
2414 3948 2846 4003 sacratissimum
2893 3947 3116 4003 Paulum
3174 3948 3373 4003 alicubi
3423 3950 3498 4002 ita

1936 4040 2251 4109 scripsisse:
2286 4056 2305 4090 ι
2328 4037 2497 4094 Nemo
2527 4048 2768 4093 nostrum
2801 4037 2903 4093 sibi
2932 4037 3084 4103 vivit,
3106 4046 3162 4093 et
3194 4054 3352 4094 nemo
3384 4040 3487 4095 sibi

1935 4132 2182 4188 moritur.
2220 4132 2345 4187 Sive
2389 4132 2640 4195 vivimus,
2676 4130 2903 4186 Domino
2949 4130 3208 4197 vivimus,
3240 4133 3355 4187 sive
3389 4148 3501 4187 rno-

1946 4225 2136 4287 rimur,
2182 4223 2410 4277 Domino
2445 4221 2724 4276 morimur.
2753 4219 2879 4277 Sive
2919 4235 3048 4291 ergo
3092 4220 3342 4287 vivimus,
3386 4222 3501 4277 sive

265 4318 548 4379 morimur,
590 4314 793 4371 Dornini
839 4329 1043 4369 sumus.
1085 4312 1143 4367 In
1184 4315 1286 4370 hoc
1325 4317 1465 4370 enim
1510 4316 1756 4374 Christus
1813 4331 2057 4376 mortuus
2105 4328 2224 4384 est,
2256 4326 2307 4373 et
2347 4317 2659 4383 resurrexit,
2715 4325 2773 4372 ut
2824 4326 2878 4372 et
2940 4316 3187 4372 vivorum
3243 4329 3298 4373 et
3351 4335 3500 4375 mor-

264 4425 477 4467 tuorum
517 4411 819 4466 dominetur
840 4410 906 4462 “.
934 4427 951 4459 ι

331 4507 463 4563 Ml".
513 4507 750 4577 ’Λραρεν
776 4502 868 4559 οῦν
900 4504 1135 4576 άληθῶς,
1170 4507 1250 4559 ὅτι
1298 4507 1654 4579 κεκυρίευκεν
1700 4510 1830 4579 ἀλη-

2004 4507 2182 4586 Χμιι.
2230 4507 2365 4564 Vere
2399 4508 2582 4579 itaque
2613 4506 2858 4571 decebat,
2894 4516 2952 4562 ut
2983 4507 3227 4562 vivorum
3264 4518 3500 4563 mortuo-

257 4600 369 4663 θῶς
399 4598 609 4670 νεκρῶν
641 4615 699 4652 τε
726 4599 819 4652 καὶ
862 4598 1080 4663 ζώντων
1106 4601 1134 4652 6
1185 4597 1259 4669 μὴ
1292 4599 1477 4671 ἑτέρου
1522 4618 1616 4655 του
1647 4602 1824 4674 χάριν,

260 4691 399 4762 πλὴν
432 4690 514 4744 ὅτι
550 4688 701 4743 τοῦδέ
736 4706 797 4742 τε
845 4691 941 4743 καὶ
977 4692 1160 4761 μόνου,
1194 4690 1426 4754 τεθνεὼς
1459 4694 1552 4749 καὶ
1598 4696 1828 4765 ἐγηγερ-

260 4782 441 4852 μένος.
473 4783 607 4834 Τίνα
634 4783 698 4853 δὴ
735 4777 827 4835 οῦν
856 4782 962 4854 ἀρα
996 4784 1196 4853 φαμὲν,
1225 4784 1302 4848 ὡς
1331 4785 1498 4839 ὑπέδυ
1530 4786 1629 4856 μὲν
1660 4785 1827 4841 θάνα-

252 4889 368 4934 ⁶τον,
402 4872 601 4926 ἀνεϐίω
647 4872 693 4924 δ’
723 4867 813 4939 αὖ,
849 4872 882 4943 ἢ
931 4872 1021 4925 τὸν
1052 4873 1179 4927 Υίὸν
1227 4874 1499 4944 δηλονότιξ
1554 4876 1698 4929 Ἀλλ’
1745 4878 1827 4931 ὅτι

255 4963 357 5034 μὲν
385 4965 475 5017 τὸν
496 4965 644 5029 Υἰὸν,
681 4961 1035 5025 άπαστισοῦν,
1070 4958 1243 5032 οἶμαι,
1276 4964 1620 5021 συννεύσειεν
1640 4965 1725 5022 ἄν.
1757 4967 1823 5020 Τί

252 5049 348 5106 οὖν
380 5052 641 5124 ἑροῦμεν;
673 5050 875 5123 πότερα
903 5050 1091 5121 θνητός
1121 5049 1180 5102 τέ
1207 5051 1323 5103 ἐστι
1357 5052 1453 5105 καὶ
1481 5054 1655 5125 φθορᾷ
1686 5056 1823 5111 κάτ-

251 5161 375 5214 οχος
410 5148 437 5198 6
487 5146 550 5197 ὲκ
590 5142 724 5196 Θεοῦ
760 5141 972 5213 Πατρὸς
997 5141 1185 5210 Λόγος,
1214 5140 1247 5211 ἢ
1283 5140 1426 5212 πέρα
1464 5141 1696 5198 θανάτου
1730 5146 1823 5198 καὶ

253 5234 467 5304 φθορᾶς
491 5233 727 5303 ἀμείνων
752 5233 830 5296 ὡς
871 5233 1022 5303 (wh;
1069 5232 1260 5287 Καίτοι
1321 5232 1437 5295 πῶς
1466 5234 1565 5303 οὐχ
1619 5234 1823 5289 ἅπασιν

252 5323 502 5392 ἐναργὲς,
532 5325 611 5376 ὅτι
651 5322 882 5376 θανάτου
922 5324 1181 5393 κρείττων
1225 5323 1301 5386 ὡς
1337 5322 1493 5393 ζωῆς
1541 5319 1675 5377 Εἶτα
1706 5323 1824 5386 πῶς

255 5416 483 5483 γέγονεν
507 5417 563 5467 ὲν
588 5417 799 5486 νεκροῖς
830 5414 923 5467 καλ⁸
944 5413 1242 5485 ἐλεύθερος,
1266 5413 1406 5468 κατὰ
1446 5412 1546 5476 τάς
1572 5413 1828 5483 Γραφάςς

250 5505 475 5576 τεθναίη
510 5508 617 5577 γὰρ
647 5505 762 5558 οῦτι
810 5523 912 5557 που
963 5504 1082 5558 καθ’
1112 5505 1297 5558 ἑαυτὸν
1337 5506 1365 5557 6
1416 5503 1604 5572 Λόγος.
1650 5504 1830 5575 Φαμὲν

328 5680 376 5712 ⁵⁸
401 5680 417 5732 l
440 5680 761 5745 Cor.x,‘2-«i.
838 5680 878 5711 "
906 5678 919 5732 l
944 5676 1098 5731 .Iuau.
1132 5690 1170 5738 ι,
1202 5676 1326 5741 i,9..
1406 5679 1449 5708 δ’
1475 5674 1628 5730 Joan.
1654 5678 1851 5739 ΜΛΝ,

1933 4618 2159 4674 rumque
2194 4602 2583 4665 dominaretur,
2618 4601 2707 4672 qui
2747 4599 2941 4654 nullius
2980 4598 3232 4662 alterius,
3268 4599 3360 4652 sed
3400 4598 3500 4650 lm-

1929 4695 2018 4763 jus
2045 4695 2215 4751 solius
2245 4708 2431 4756 causa,
2461 4700 2517 4747 et
2546 4699 2792 4748 mortuus
2821 4699 2982 4754 esset,
3013 4696 3068 4744 et
3099 4689 3400 4743 revixisset.
3426 4687 3498 4741 At

1935 4800 2094 4853 quem
2121 4784 2305 4847 alium,
2333 4797 2541 4853 quaeso,
2569 4790 2794 4836 mortem
2826 4780 3082 4840 subiisse,
3110 4779 3413 4844 iterumque
3440 4775 3495 4830 in

1934 4874 2099 4927 vitam
2144 4874 2369 4927 rediisse
2415 4872 2749 4940 putabimus,
2795 4884 2957 4938 quam
3009 4867 3236 4921 Filium?
3278 4864 3495 4919 Nullum

1931 4964 2112 5032 itaque
2135 4961 2332 5025 alium;
2361 4975 2535 5030 neque
2561 4960 2613 5013 id
2646 4958 2806 5024 ullus,
2831 4958 3042 5028 opinor,
3070 4955 3283 5010 inﬁcias
3313 4955 3490 5010 iverit.

1932 5053 2067 5120 Quid
2111 5052 2272 5124 igitur
2305 5050 2584 5106 dicemus?
2624 5049 2865 5119 nunquid
2912 5048 3001 5102 Dei
3044 5045 3223 5101 Patris
3263 5044 3495 5101 Verbum

1935 5144 2091 5198 inerti
2116 5142 2555 5212 corruptionique
2577 5140 2868 5196 obnoxium
2893 5152 3034 5200 esse,
3061 5153 3126 5192 an
3150 5138 3328 5205 potius
3348 5136 3492 5190 omni

1933 5242 2140 5298 morte,
2189 5232 2443 5301 omnique
2488 5231 2863 5298 corruptione,
2912 5227 3343 5299 quandoquidem
3387 5227 3493 5280 vita

1929 5323 2408 5392 est,.pra:stautius
2433 5323 2597 5387 esse?
2625 5320 2811 5389 Atqui,
2847 5330 2906 5374 ut
2932 5321 3039 5374 vita
3070 5326 3172 5384 est,
3205 5328 3377 5372 morte
3405 5332 3496 5371 su-

1930 5414 2110 5479 perius
2136 5427 2277 5479 esse,
2306 5413 2428 5481 quis
2459 5426 2563 5466 non
2592 5410 2776 5465 videt?
2803 5410 3081 5477 Quomodo
3111 5410 3272 5481 igitur
3296 5423 3491 5465 secun-

1931 5504 2056 5556 dum
2100 5503 2473 5573 Scripturas"
2507 5502 2651 5558 inter
2696 5513 2934 5557 mortuos
2973 5501 3202 5558 liberum
3247 5499 3495 5557 exstitit?

1932 5678 1977 5708 ⁸³
1998 5676 2126 5731 Luc.
2156 5677 2262 5744 1,2.
2340 5678 2384 5709 "‘
2405 5677 2559 5735 Rom.
2584 5692 2695 5744 xw,
2721 5677 2774 5743 7,
2804 5678 2856 5735 8.
2927 5680 2972 5712 "
3002 5677 3146 5734 Psal.
3170 5693 3411 5744 Lxxxvu,
3434 5675 3488 5733 6.
