3910 6200
407 269 541 326 H99

1387 264 1439 319 S.
1480 262 1753 321 CYRILLI
1792 252 2259 319 ALEXANDRINI
2298 258 2613 320 ARCHIEP.

3516 264 3661 324 BOD

403 382 547 437 Sane
576 379 701 436 licet
725 379 956 435 Verbum
986 392 1082 449 per
1106 392 1164 434 se
1193 376 1359 433 emori
1392 391 1731 448 nequaquam
1759 376 1970 444 valeat,

2080 374 2187 443 οὖν,
2237 379 2317 431 ὅτι
2354 378 2657 450 τεθνεώσης
2691 377 2854 432 αὐτοῦ
2882 369 2985 451 τῆς
3017 379 3238 452 σαρκὸς,
3290 379 3455 443 αὐτὸς
3495 380 3665 435 τοῦτο

401 482 638 525 attamen
677 483 844 523 carne
884 467 1027 524 illius
1069 466 1510 531 intermoriente,
1547 467 1720 535 ipsum
1757 480 1971 536 quoque

405 571 627 615 mortem
660 574 977 629 perpessum
1013 568 1162 615 recte
1193 560 1531 629 perhibetur.
1563 557 1732 628 igitur
1761 559 1850 627 qui
1885 571 1971 613 se-

401 653 632 705 cundum
664 651 847 705 carnis
876 649 1046 720 legem
1066 690 1081 716 ,
1110 650 1513 719 humanamque
1546 659 1793 703 naturam
1828 663 1972 703 more

400 751 524 799 tuus
551 753 655 807 est,
683 754 738 799 et
764 742 1091 807 resurrexit;
1123 742 1262 797 idem
1298 743 1385 797 ille
1416 756 1519 795 non
1551 742 1754 809 absque
1784 754 1969 807 carne,

402 836 510 891 imo
543 851 673 891 vero
710 849 832 890 cum
872 848 1070 896 carne,
1107 842 1161 887 et
1197 833 1249 887 in
1291 847 1453 888 carne
1491 830 1705 901 imperii
1742 831 1969 901 gloriam

399 926 661 991 obtinuit;
696 925 1023 995 planumque
1053 923 1201 985 fecit,
1231 921 1334 993 41
1368 930 1595 975 mortem
1626 921 1841 990 quidem
1877 935 1972 974 na-

400 1027 535 1071 turae
568 1018 812 1071 humanae
841 1014 1177 1069 affectionem
1206 1027 1354 1076 esse;
1384 1026 1414 1065 a
1443 1012 1671 1066 mortuis
1702 1020 1883 1066 autem
1912 1025 1973 1067 se

402 1109 578 1162 denuo
616 1106 877 1170 excitare,
916 1105 1112 1159 divina:
1149 1104 1366 1158 virtutis
1410 1118 1565 1172 opus.
1605 1101 1724 1169 Quo
1770 1102 1969 1157 factum

401 1206 508 1263 est,
542 1206 600 1252 ut
634 1212 728 1266 per
760 1206 1049 1265 utrumque
1082 1203 1458 1265 cognoscatur,
1496 1202 1551 1249 et
1587 1194 1740 1249 nobis
1774 1194 1972 1251 similis

400 1290 658 1351 ut'homo,
684 1298 740 1343 et
767 1286 921 1341 nobis
949 1300 1162 1341 rursum
1196 1286 1445 1355 superior
1468 1294 1525 1339 ul
1554 1285 1714 1351 Deus,
1743 1285 1965 1340 univer-

399 1392 692 1448 sorumque
718 1377 997 1443 Dominus,
1021 1377 1109 1446 qui
1138 1377 1301 1430 etiam
1330 1385 1457 1430 ante
1482 1384 1815 1445 assumptam
1847 1389 1971 1430 car-

402 1487 521 1526 nem
558 1485 661 1525 una
698 1484 816 1524 cum
856 1469 1016 1523 Patre
1050 1483 1149 1522 suo
1184 1467 1464 1537 regnabat.
1502 1468 1680 1537 Atque
1715 1466 1872 1521 talem
1908 1466 1974 1521 il-

403 1562 510 1614 lum
566 1575 687 1615 esse
741 1560 1074 1628 intelligehat
1127 1556 1465 1622 Nathanael,
1520 1572 1643 1613 cum
1698 1557 1902 1613 diceret
1957 1575 1970 1610 :

2070 469 2289 537 λέγεται
2318 468 2530 525 παθεῖν.
2566 467 2775 523 Οὐκοῦν
2797 470 2857 524 οὐ
2884 470 3006 541 δίχα
3038 471 3262 542 σαρκὸς,
3296 472 3395 524 σὺν
3419 472 3568 541 αὐτῇ
3602 472 3661 525 δὲ

2074 557 2275 628 μᾶλλον
2325 557 2419 610 καὶ
2464 559 2520 610 ὲν
2565 559 2700 629 αὐτῇ
2733 559 2832 630 τὴν
2864 560 2963 629 τῆς
2991 560 3311 629 κυριότητος
3358 559 3664 624 ἀνεδέξατο

2070 645 2249 711 δόξαν,
2273 647 2301 698 6
2329 647 2477 718 νόμῳ
2509 647 2709 718 σαρκὸς
2734 648 2829 701 καὶ
2852 644 3011 717 φύσει
3036 652 3102 720 τῇ
3136 648 3255 701 καθ’
3283 651 3434 718 ἡμᾶς
3462 649 3665 719 τεθνη-

2071 738 2205 805 κὼς,
2242 739 2337 793 καὶ
2364 739 2738 809 ἐγηγερμένος
2758 757 2771 771 ·
2799 740 3142 811 ἀνθρώπινον
3180 741 3277 811 μὲν
3304 738 3365 793 τὸ
3398 740 3664 795 τεθνάναι

2071 831 2265 895 πάθος,
2290 832 2570 901 ἐνέργημα
2599 830 2655 884 δὲ
2685 830 2864 885 θεῖκὸν
2890 832 2951 885 τὸ
2976 832 3268 886 ἀναϐιῶναι
3295 832 3532 898 δεικνὺς,
3569 830 3665 886 ἵνα

2071 919 2138 973 δι’
2168 921 2372 991 ἀμφοῖν
2400 920 2736 992 γνωρίζηται
2771 919 2891 974 καθ’
2937 922 3085 991 ἡμᾶς
3126 938 3183 975 τε
3214 922 3349 992 ἅμα,
3387 923 3484 976 καὶ
3514 924 3664 993 ὑπὲρ

2070 1011 2217 1081 ἡμᾶς
2240 1010 2317 1074 ὡς
2339 1010 2491 1075 Θεὸς,
2521 1011 2616 1065 καὶ
2648 1011 2756 1065 τῶν
2779 1011 2915 1065 ὅλων
2945 1011 3185 1081 γεγονὼς
3213 1012 3391 1083 ὁρῷτο
3422 1014 3657 1084 Κύριος,

2071 1106 2098 1157 6
2129 1104 2223 1158 καὶ
2265 1103 2371 1173 πρὸ
2426 1103 2629 1175 σαρκὸς
2669 1102 2967 1173 βασιλεύων
3017 1103 3157 1173 μετὰ
3211 1103 3305 1156 τοῦ
3358 1104 3493 1157 ἰδίου
3542 1106 3663 1159 Πα-

2071 1194 2218 1264 τρός.
2248 1192 2434 1256 Οὕτως
2452 1193 2612 1247 αὑτὸν
2640 1195 2669 1246 6
2683 1194 2975 1265 Ναθαναὴλ
2992 1193 3390 1262 ἐπιγινώσκων,
3411 1195 3625 1263 ἔφασκε
3644 1212 3657 1226 ·

2079 1303 2097 1337 t
2149 1283 2359 1346 Ῥαϐδὶ,
2393 1284 2456 1337 σὺ
2484 1278 2536 1336 εἴ
2566 1286 2594 1337 6
2625 1283 2753 1348 Υἱὸς
2797 1284 2889 1337 τοῦ
2938 1283 3097 1348 Θεοῦ,
3147 1285 3210 1337 σὺ
3244 1280 3294 1337 εἷ
3323 1285 3352 1336 6
3401 1284 3660 1353 βασιλεὺς

2073 1372 2168 1426 τοῦ
2234 1372 2474 1444 Ἰσραήλ.
2523 1392 2542 1426 ι
2602 1373 2775 1436 Αὐτὸς
2819 1374 2877 1427 δὲ
2923 1376 3037 1437 τοῖς
3087 1373 3280 1427 ἑαυτοῦ
3343 1375 3655 1445 μαθηταῖς·

2082 1486 2099 1520 r
2133 1467 2324 1538 Ὑμεῖς
2358 1467 2575 1521 καλεῖτέ
2599 1483 2688 1537 με,
2717 1466 2904 1537 φησιν,
2934 1466 2961 1518 6
2984 1467 3185 1536 Κύριος
3216 1466 3351 1519 καὶὸ
3382 1467 3657 1521 Διδάσκαο

2074 1556 2185 1622 λος,
2219 1558 2314 1609 καὶ
2343 1557 2521 1620 καλῶς
2551 1557 2736 1626 λέγετε
2758 1574 2773 1588 ⁸
2822 1560 2938 1628 εἰμὶ
2959 1561 3087 1632 γάρ.
3143 1580 3161 1612 ι
3203 1563 3390 1633 Ἐργῳ
3418 1561 3477 1615 δὲ
3519 1562 3656 1615 αὖτό

409 1652 656 1715 «εὶὶιιιιιιί,
685 1659 738 1703 ιιι
768 1664 827 1705 es
858 1648 1025 1703 Filius
1058 1648 1173 1714 Dei,
1205 1657 1259 1701 tu
1292 1662 1351 1702 es
1383 1663 1475 1702 rex
1506 1646 1671 1703 Israel
1694 1648 1761 1702 ".
1798 1667 1817 1701 ι
1856 1648 1975 1718 Ipse

2080 1648 2455 1719 πιστούμενος,
2485 1650 2667 1721 ἀνίησι
2706 1651 2807 1722 μὲν
2851 1653 3145 1723 ἁμαρτίας,
3181 1654 3432 1720 ἐξουσίαν
3463 1654 3521 1707 δὲ
3566 1654 3654 1707 δέ·

404 1753 585 1799 autem
616 1744 683 1796 ad
714 1756 842 1797 suos
872 1740 1163 1809 discipulos
1191 1740 1263 1793 ita
1292 1739 1543 1794 dicebat:
1581 1757 1599 1790 ‹
1635 1739 1740 1795 Vos
1767 1740 1970 1796 vocatis

2080 1738 2220 1791 δωκε
2251 1739 2394 1792 κατὰ
2442 1741 2767 1810 πνευμάτων
2808 1722 3159 1814 ἀκαθάρτων,
3189 1744 3329 1796 ὥστε
3371 1744 3656 1803 ἐκϐάλλειν

406 1849 509 1897 me,
543 1833 795 1902 Magister
822 1840 876 1886 et
906 1830 1152 1894 Domine,
1186 1837 1239 1884 et
1272 1825 1407 1883 liene
1442 1829 1622 1885 dicitis
1655 1844 1671 1883 :
1718 1844 1836 1884 sum
1886 1838 1969 1884 ει-

404 1926 547 1981 enim
568 1924 635 1979 ⁸⁷.
681 1942 697 1974 ι
739 1921 803 1975 Et
846 1935 1011 1991 opere
1040 1921 1158 1989 ipso
1187 1919 1368 1974 verbis
1412 1919 1526 1975 suis
1570 1918 1973 1974 ﬁdem'faciens

404 2026 637 2086 peccata
675 2014 912 2079 remisit,
952 2018 1386 2080 potestatemque
1429 2018 1618 2065 contra
1670 2010 1975 2067 immundos

402 2107 624 2175 spiritus
659 2104 917 2175 apostolis
952 2102 1290 2180 impertivit;
1329 2115 1438 2170 quo
1472 2101 1726 2156 nimirum
1763 2110 1818 2155 et
1853 2101 1975 2157 illos

404 2198 646 2268 eiiciam,
687 2206 740 2251 et
780 2209 994 2250 omnem
1038 2202 1295 2262 praeterea
1340 2192 1712 2263 aegritudinem
1754 2203 1809 2249 et
1853 2194 1972 2247 lan-

404 2302 622 2359 guorem
673 2287 729 2340 in
780 2285 974 2356 populo
1016 2292 1228 2339 curent.
1272 2281 1330 2337 in
1381 2283 1598 2338 nomine
1645 2285 1791 2338 enim
1840 2282 1969 2339 Jesu

404 2379 601 2434 Christi
646 2374 934 2441 Nazareni,
978 2374 1200 2427 claudus
1242 2372 1333 2439 qui
1375 2372 1444 2425 ad
1488 2370 1803 2441 Speciosam
1847 2386 1972 2441 por-

2077 1829 2236 1894 αὐτὰ,
2267 1831 2362 1884 καὶ
2397 1829 2719 1901 θεραπεύειν
2750 1833 2930 1887 πᾶσαν
2959 1833 3113 1888 νόσον
3144 1834 3239 1887 καὶ
3265 1835 3448 1887 πᾶσαν
3488 1835 3656 1904 μαλα-

2077 1920 2202 1973 κίαν
2224 1920 2280 1971 ὲν
2299 1919 2377 1989 τῷ
2403 1918 2537 1989 λαῷ.
2580 1921 2668 1973 Ἐν
2690 1921 2915 1993 ὀνόματι
2945 1922 3055 1992 γὰρ
3092 1921 3267 1993 Ἰησοῦ
3294 1924 3533 1994 Χριστοῦ
3559 1925 3653 1977 τοῦ

2078 2009 2401 2081 Ναζωραίου
2431 2010 2825 2082 τεθεράπευται
2868 2014 2965 2085 μὲν
3006 2015 3034 2067 6
3062 1999 3155 2067 τὼ⁸
3182 2014 3307 2067 πόδε
3341 2014 3655 2086 λελωῶςμέ-

2080 2118 2189 2167 νος,
2250 2101 2345 2154 καὶ
2376 2104 2440 2171 τῇ
2485 2102 2674 2175 Ὡραίᾳ
2720 2103 3058 2173 προσιζάνων
3100 2105 3265 2175 πύλη.
3316 2106 3656 2177 Ἀρρωστέαν

2078 2192 2134 2245 δὲ
2163 2191 2259 2262 τὴν
2291 2190 2434 2245 οὕτω
2466 2193 2681 2265 μακρὰν
2710 2194 3052 2263 ἀπεσείσατο,
3082 2197 3175 2249 καὶ
3208 2196 3401 2266 κομιδῇ
3437 2196 3654 2249 62:36:6-

2079 2298 2280 2351 φυκτον
2330 2282 2513 2354 διέδρα
2565 2284 2717 2337 νόσον
2759 2284 2971 2347 Αἰνέας,
3008 2286 3142 2356 πρὸς
3193 2286 3253 2339 ὃν
3294 2287 3323 2338 6
3367 2286 3653 2347 Oeensem;

2078 2371 2182 2443 ἔφη
2209 2372 2445 2443 Πέτρος·
2481 2392 2500 2426 t
2546 2375 2729 2451 Αἰνέα,
2761 2376 2903 2429 ἰᾶταί
2949 2393 3007 2429 σε
3052 2377 3259 2447 Ἰησοῦς
3291 2380 3319 2431 6
3346 2378 3644 2450 Χριστός.ι

407 2483 516 2525 tam
566 2470 817 2534 sedebat,
865 2472 1086 2521 sanatus
1132 2473 1215 2519 est
1236 2464 1303 2516 ⁸³.
1351 2462 1474 2517 Pari
1525 2464 1687 2518 modo
1732 2461 1970 2531 IEneas,
2006 2478 2128 2519 cum
2190 2466 2495 2521 diutissime
2564 2469 2957 2537 tegrotavisset,
2994 2470 3289 2533 convaluit,
3322 2479 3375 2523 et
3407 2472 3651 2524 morbum

408 2573 542 2630 pene
578 2545 1028 2611 immedicabilem
1063 2552 1269 2619 evasit;
1306 2566 1430 2606 cum
1475 2565 1705 2622 magnus
1742 2550 1833 2606 ille
1856 2550 2062 2608 Petrus
2134 2553 2237 2609 hac
2302 2568 2427 2609 eum
2460 2556 2705 2610 oratione
2738 2557 3129 2627 compellaret:
3162 2577 3181 2610 ι
3247 2558 3446 2626 λΕιιεο,
3495 2573 3655 2616 sanat

409 2666 459 2709 te
492 2648 748 2705 Dominus
770 2644 933 2700 Jesus
960 2642 1208 2698 Christus
1230 2642 1297 2695 ⁸³.

475 2740 661 2798 κων.
710 2738 1088 2805 Undecunque
1143 2736 1306 2805 igitur
1355 2736 1421 2789 ad
1473 2735 1757 2791 veritatem
1814 2750 1968 2791 com-

409 2834 579 2906 pulsi,
611 2839 665 2886 et
694 2844 812 2900 qua:
845 2826 1263 2883 sacris'Litteris
1294 2828 1509 2883 decreta
1543 2835 1699 2895 sunt,
1732 2828 1974 2883 studiose

2149 2736 2277 2791 MA'.
2307 2737 2649 2809 Πανταχόθεν
2674 2734 2765 2792 οὖν
2796 2738 2904 2808 ἄρα
2932 2738 3330 2807 συνωθούμενοι
3362 2738 3500 2809 πρὸς
3521 2738 3654 2809 ἀλή·
3686 2688 3698 2830 ἓ

2082 2830 2257 2896 θειαν,
2306 2832 2401 2885 καὶ
2429 2831 2491 2884 τὸ
2534 2834 2644 2895 τοῖς
2678 2832 2842 2903 ἱεροῖς
2887 2830 3183 2902 Γράμμασι.
3215 2830 3405 2883 δοκοῦν
3437 2831 3655 2900 [mh-

408 2922 651 2977 veucrari
688 2920 994 2982 studentes,
1031 2924 1084 2971 et
1118 2915 1337 2971 Patrum
1373 2918 1670 2973 sententias
1703 2917 1972 2984 aemulati,

2080 2922 2190 2973 τεῖν
2215 2915 2274 2974 εὖ
2319 2919 2466 2990 μάλα
2510 2921 2920 2991 σπουδάζοντες,
2948 2922 3043 2976 καὶ
3083 2923 3204 2984 ταῖς
3244 2920 3353 2974 τῶν
3401 2922 3656 2991 πατέρων

409 3030 530 3070 eum
564 3012 656 3082 qui
689 3026 753 3066 ex
788 3010 971 3063 radice
1000 3007 1172 3073 Jesse,
1204 3006 1295 3078 qui
1328 3022 1392 3062 ex
1423 3009 1632 3063 semine
1662 3010 1850 3075 David,
1884 3011 1973 3079 qui

410 3122 473 3161 ex
518 3104 743 3159 muliere
783 3100 1079 3157 secundum
1123 3116 1369 3168 carnem,
1408 3101 1499 3170 qui
1544 3101 1826 3157 nobiscum
1873 3101 1975 3167 legi

409 3196 702 3262 obnoxius,
735 3204 793 3247 ut
822 3194 1012 3257 homo,
1045 3206 1206 3263 supra
1240 3207 1340 3248 nos
1372 3200 1583 3257 autem,
1618 3203 1671 3247 et
1704 3208 1870 3261 supra
1902 3192 1978 3248 le-

411 3304 556 3358 gem,
585 3296 643 3340 ut
674 3285 814 3339 Deus
846 3302 859 3338 :
893 3284 984 3352 qui
1018 3291 1239 3353 propter
1269 3298 1387 3347 nos,
1423 3292 1735 3352 nostraeque
1766 3293 1974 3338 natura:

412 3378 843 3435 similitudinem.
868 3375 1148 3429 nobiscum
1176 3374 1319 3427 inter
1342 3383 1584 3427 mortuos
1609 3372 1827 3428 habitus
1853 3385 1934 3428 est
1959 3392 1973 3428 :

412 3471 500 3539 qui
537 3482 698 3536 supra
735 3481 831 3519 nos
865 3464 1095 3533 denique
1127 3478 1221 3531 per
1250 3463 1484 3533 seipsum
1521 3473 1575 3518 et
1602 3464 1900 3519 vivificator
1924 3472 1981 3519 et

416 3559 522 3612 vita
561 3566 663 3619 est,
700 3570 881 3610 verum
923 3553 1015 3608 Dei
1055 3553 1248 3607 Filium
1290 3569 1414 3609 esse
1455 3555 1763 3619 credimus;
1807 3569 1979 3624 neque

414 3648 802 3705 humanitatem
849 3645 1130 3699 divinitate
1174 3645 1486 3715 spoliantes,
1531 3660 1704 3713 neque
1742 3644 1977 3699 Verbum

416 3755 626 3795 rursum
659 3746 780 3808 post
810 3735 1239 3806 inexplicabilem
1272 3736 1415 3789 illam
1444 3744 1499 3789 et
1530 3750 1783 3790 arcanam
1818 3735 1973 3789 unio-

414 3846 535 3885 nem
579 3830 913 3884 humanitate
950 3835 1244 3893 ementes;
1284 3827 1378 3881 sed
1418 3842 1581 3881 unum
1623 3826 1979 3897 eumdemque

416 3919 606 3973 Filium
631 3934 696 3973 ex
726 3915 1133 3972 duabusrebus
1151 3915 1202 3969 in
1233 3931 1394 3968 unum
1423 3914 1714 3983 quoddam,
1740 3915 1882 3984 quod
1909 3929 1976 3970 ex

416 4017 645 4076 utroque
676 4023 781 4061 non
807 4006 1102 4061 secundum
1135 4014 1339 4058 natura:
1365 4004 1726 4069 eversionem,
1757 4004 1849 4059 sed
1879 4019 1977 4059 ex—

415 4094 801 4149 cellentissima
841 4093 928 4148 illa
972 4093 1170 4147 unione
1206 4091 1595 4147 admirabiliter
1628 4092 1974 4148 constitutum

392 4196 516 4248 ‘cst,
545 4185 885 4241 confitentes.
1579 4192 1585 4199 '

2079 3013 2332 3083 ἑπόμενοι
2374 3011 2572 3078 δόξαις,
2618 3013 2708 3066 τὸν
2736 3014 2799 3065 ἐκ
2838 3012 2993 3084 ῥίζης
3036 3013 3250 3073 Ἰεσσαὶ,
3276 3012 3366 3065 τὸν
3391 3013 3456 3064 ὲκ
3490 3014 3659 3081 σπέρ-

2081 3120 2248 3174 ματος
2272 3102 2456 3169 Δαυῒδ,
2480 3103 2570 3156 τὸν
2598 3105 2662 3155 ὲκ
2688 3102 2947 3171 γυναικὸς
2983 3103 3125 3155 κατὰ
3166 3102 3365 3172 σάρκα,
3395 3101 3488 3154 τὸν
3531 3100 3655 3170 μεθ’

2077 3194 2236 3265 ἡμῶν
2290 3194 2393 3246 ὑπὸ
2442 3194 2607 3263 νόμον
2658 3193 2731 3256 ὡς
2784 3193 3090 3263 ἄνθρωπον,
3143 3191 3239 3244 καὶ
3289 3192 3431 3263 ὑπὲρ
3481 3193 3651 3261 ἡμᾶς,

2080 3284 2218 3353 ὑπὲρ
2270 3283 2433 3353 νόμον
2476 3281 2555 3343 ὡς
2588 3282 2755 3347 Θεὸν,
2806 3282 2899 3334 τὸν
2942 3282 3010 3335 δι’
3056 3284 3203 3352 ἡμᾶς
3252 3298 3332 3346 τε,
3384 3282 3481 3336 καὶ
3533 3283 3659 3336 καθ’

2079 3375 2246 3444 ἡμᾶς,
2303 3372 2421 3442 μεθ’
2474 3373 2633 3442 ἡμῶν
2681 3373 2738 3424 ὲν
2790 3374 3026 3443 νεκροῖς,
3076 3372 3166 3424 τὸν
3202 3372 3342 3442 ὑπὲρ
3389 3374 3539 3442 ἡμᾶς
3587 3371 3657 3425 δι’

2081 3465 2277 3519 ἑαυτὸν
2298 3462 2580 3531 ζωοποιὸν,
2610 3464 2704 3517 καὶ
2729 3463 2895 3534 ζωὴν,
2920 3463 3046 3517 Υἱὸν
3071 3460 3208 3517 εἶναι
3237 3463 3330 3515 τοῦ
3357 3462 3488 3515 Θεοῦ
3511 3466 3661 3518 κατὰ

2078 3553 2336 3625 ἀλήθειαν
2386 3553 2750 3623 πιστεύομεν·
2805 3551 2925 3605 οὔτε
2968 3551 3251 3621 ψιλοῦντες
3302 3550 3554 3622 θεότητος
3598 3552 3660 3605 τὸ

2078 3643 2437 3716 ἀνθρώπινον,
2464 3642 2587 3695 οὔτε
2612 3642 2718 3713 μὴν
2747 3641 3163 3712 άνθρωπότητος
3184 3642 3659 3711 ἀπαμφιεννύντες

2077 3735 2169 3789 τὸν
2194 3734 2367 3803 Λόγον
2415 3732 2556 3804 μετὰ
2600 3732 2699 3801 τὴν
2745 3732 3024 3804 ἄφραστόν
3055 3748 3115 3784 τε
3164 3732 3259 3786 καὶ
3297 3732 3657 3802 ἀπερινόητον

2078 3826 2269 3879 ἕνωσιν
2289 3842 2304 3858 ο
2342 3824 2455 3878 ἀλλ’
2487 3824 2584 3878 ἕνα
2621 3824 2713 3877 καὶ
2756 3824 2847 3877 τὸν
2877 3824 3039 3877 αὐτὸν
3065 3823 3455 3894 ὁμολογοῦντες
3503 3823 3654 3888 Υἰὸν,

2078 3917 2142 3970 ὲκ
2165 3916 2310 3969 δυοῖν
2347 3916 2699 3986 πραγμάτοιν
2730 3916 2810 3978 εἰς
2838 3915 2897 3966 ἓν
2941 3931 2995 3977 τι
3024 3913 3117 3967 τὸν
3145 3914 3205 3979 ἐξ
3246 3902 3449 3984 ἀμφοῖν
3480 3916 3656 3986 ἀπορ-

2079 4006 2256 4075 ρήτως
2300 4005 2668 4075 ὲκπεφηνότα,
2717 4004 2837 4058 καθ’
2869 4004 3063 4057 ἕνωσιν
3104 4004 3345 4075 δηλονότι
3376 4004 3479 4076 τῂν
3511 4006 3657 4060 ἀνω-

2077 4096 2242 4160 τάτω,
2274 4095 2369 4148 καὶ
2403 4095 2462 4147 οὐ
2494 4094 2707 4163 φύσεως
2740 4095 3120 4166 παρατροπήν.

486 4273 648 4327 XLV.
684 4273 855 4329 Porro
887 4283 1066 4330 autem
1101 4284 1362 4343 quantum
1394 4275 1746 4330 emolumenti
1781 4276 1813 4330 ii
1840 4290 1975 4345 per-

2153 4278 2287 4332 ME'.
2327 4278 2490 4330 Ὅσον
2526 4276 2634 4348 γὰρ
2677 4277 2789 4339 τοῖς
2847 4273 2990 4335 οὕτω
3039 4272 3321 4338 δοξάζουσι
3372 4275 3657 4343 περιέσται

416 4364 623 4432 cepturi
648 4373 794 4430 sunt,
819 4365 909 4433 qui
933 4364 1003 4418 ita
1026 4365 1287 4429 sentiunt,
1312 4364 1414 4419 hoc
1436 4366 1647 4419 divinus
1672 4365 1757 4420 ille
1781 4366 1981 4421 Christi

417 4452 710 4522 discipulus
744 4454 827 4508 his
846 4454 1036 4509 verbis
1067 4454 1308 4509 declarat
1340 4468 1354 4505 :
1392 4473 1411 4506 ί
1449 4455 1582 4522 Qui,
1618 4457 1817 4525 inquit,
1849 4473 1983 4513 eon-

418 4550 593 4601 l'essus
617 4543 798 4609 fuerit,
822 4547 961 4614 quod
984 4541 1140 4598 Jesus
1162 4543 1440 4599 estrFilius
1464 4544 1588 4612 Dei;
1614 4545 1667 4599 in
1693 4546 1790 4600 hoc
1818 4549 1981 4615 Deus,

416 4647 469 4692 et
502 4638 616 4707 ipse
642 4636 880 4692 vicissim
911 4636 963 4690 in
998 4635 1105 4689 Deo
1139 4643 1318 4688 manet
1343 4634 1409 4687 °°.
1447 4652 1466 4687 ι
1502 4633 1653 4701 Quod
1685 4645 1861 4691 autem
1889 4636 1982 4693 Je-

418 4746 510 4785 sus
537 4728 808 4793 Christus,
839 4728 930 4797 qui
962 4726 1259 4782 secundum
1289 4739 1506 4781 carnem
1537 4741 1602 4780 ex
1634 4724 1799 4782 David
1829 4738 1983 4785 ortus

417 4828 521 4883 cst,
548 4818 616 4873 sit
643 4832 801 4873 verus
826 4826 880 4871 et
908 4814 1169 4870 naturalis
1198 4813 1292 4871 Dei
1323 4813 1521 4881 Filius,
1551 4824 1819 4885 quatenus
1838 4814 1980 4873 Ver-

420 4912 543 4964 hum
571 4924 696 4964 caro
720 4908 920 4964 factum
948 4906 1216 4962 habitavit
1241 4908 1293 4962 in
1322 4907 1477 4963 nobis
1501 4925 1514 4962 :
1540 4908 1681 4963 istud
1704 4907 1812 4980 42
1842 4909 1981 4964 idem

421 5001 509 5055 ille
533 4998 767 5054 Joannes
797 4997 1056 5070 ejusmodi
1087 4998 1334 5053 oratione
1360 4999 1613 5068 explanat
1644 5016 1657 5052 :
1692 5017 1712 5051 ‹
1746 5000 1980 5065 Scimus,

421 5093 529 5156 ait,
564 5092 815 5160 quoniam
852 5090 1021 5145 Filius
1057 5087 1150 5144 Dei
1188 5090 1368 5155 venit,
1402 5098 1457 5144 et
1489 5089 1632 5144 dedit
1667 5090 1822 5145 nobis
1854 5104 1982 5146 sen-

420 5198 560 5245 sum,
585 5192 642 5234 ut
666 5198 1051 5252 cognoscamus
1074 5196 1260 5236 verum
1291 5179 1480 5245 Deum,
1505 5190 1559 5235 et
1586 5180 1754 5236 simus
1781 5181 1835 5235 in
1857 5196 1983 5237 vero

422 5271 557 5326 Filio
584 5272 701 5340 ejus
728 5271 854 5326 Jesu
884 5272 1103 5327 Christo
1134 5290 1147 5326 :
1182 5272 1269 5327 hic
1298 5280 1382 5327 est
1408 5286 1569 5326 verus
1598 5270 1759 5339 Deus,
1792 5282 1846 5327 et
1872 5274 1982 5327 vita

419 5361 708 5414 aeterna":
742 5379 761 5412 ι
791 5376 884 5429 ρει·
906 5362 1077 5430 ipsum
1102 5371 1156 5416 et
1179 5375 1299 5416 cum
1330 5362 1445 5431 ipso
1472 5362 1579 5417 Deo
1602 5360 1748 5416 Patri
1776 5362 1847 5417 sit
1870 5366 1983 5431 glo-

422 5452 520 5516 ria,
541 5465 661 5505 cum
686 5462 869 5506 sancto
884 5462 946 5506 et
971 5453 1315 5507 adorandoet
1339 5454 1554 5508 vivifieo
1582 5454 1808 5523 Spiritu,
1837 5471 1982 5511 nunc

417 5552 469 5597 et
503 5559 714 5613 semper
741 5554 794 5597 et
831 5544 879 5598 in
918 5542 1108 5598 szrcula
1145 5543 1485 5597 smculorum.
1519 5546 1708 5600 Amen.

482 5658 527 5691 "
563 5656 717 5713 Joan.
747 5673 783 5724 ι,
818 5657 903 5709 49.
971 5656 1013 5687 ⁸⁷
1040 5654 1191 5710 Joan.
1238 5671 1353 5720 ιιιιι,
1379 5656 1463 5709 15.
1542 5656 1585 5687 ἠ
1614 5659 1732 5712 Act.
1767 5673 1849 5723 ιιι,
1881 5659 1933 5713 9.

2088 5663 2204 5716 Act.
2257 5678 2331 5729 ιχ,
2363 5662 2450 5716 50.
2530 5664 2573 5694 ⁸ο
2607 5662 2797 5718 Ηο;ιιι.
2836 5679 2908 5727 ιν,
2950 5664 3031 5717 15.

2082 4369 2143 4422 τδ
2171 4369 2380 4439 κέρδος,
2406 4369 2657 4437 σαφηνιεί
2677 4366 2905 4437 γράφων
2932 4367 2961 4419 6
2985 4355 3338 4436 τοῦΧριστοῦ
3369 4365 3619 4434 μαθητής
3638 4379 3652 4392 ·

2089 4448 2108 4511 i
2151 4462 2247 4522 Ὃς
2287 4459 2353 4513 ἂν
2400 4458 2729 4530 ὁμολογήσῃ,
2779 4459 2863 4511 ὅτι
2894 4456 3103 4527 Ἰησοῦς
3143 4458 3292 4511 ἐστιν
3334 4459 3362 4510 ὁ
3400 4458 3529 4521 Υἱὸς
3559 4457 3658 4511 τοῦ

2083 4550 2238 4615 Θεοῦ,
2270 4554 2298 4606 6
2326 4551 2457 4615 Θεὸς
2480 4552 2537 4603 ὲν
2559 4548 2708 4620 αὑτῷ
2739 4549 2911 4620 μένει,
2949 4549 3044 4602 καὶ
3072 4541 3226 4612 οὗτος
3254 4549 3312 4601 ἐν
3339 4548 3414 4618 τῷ
3453 4546 3597 4618 Θεῷ.
3635 4565 3654 4599 ι

2085 4644 2207 4697 Ὅτι
2254 4643 2311 4695 δὲ
2366 4641 2574 4713 Ἰησοῦς
2616 4641 2850 4713 Χριστὸς
2895 4642 2925 4694 6
2960 4643 3026 4695 ὲκ
3071 4639 3239 4695 Δαυῒδ
3265 4639 3404 4693 κατὰ
3452 4641 3657 4709 σάρκα,

2083 4732 2223 4786 κατὰ
2250 4732 2410 4801 φύσιν
2448 4732 2541 4786 καὶ
2585 4731 2802 4802 ἀληθῶς
2847 4733 2994 4787 ἐστιν
3035 4732 3161 4797 Υἱὸς
3189 4731 3284 4786 τοῦ
3312 4730 3473 4799 Θεοῦ,
3517 4731 3661 4785 καθὸ

2083 4823 2272 4891 γέγονε
2302 4822 2440 4892 σὰρξ
2464 4824 2495 4876 6
2529 4822 2723 4891 Λόγος,
2758 4822 2853 4877 καὶ
2883 4824 3191 4895 ἐσκήνωσεν
3217 4825 3275 4877 ὲν
3294 4824 3449 4893 ἡμῖν,
3484 4840 3664 4877 κατα-

2085 4913 2342 4984 σφραγιεῖ
2380 4912 2556 4981 λέγων
2599 4913 2629 4965 6
2675 4913 2837 4983 σοφὸς
2892 4914 3182 4985 Ἰωάννης⁴
3219 4933 3237 4965 ι
3282 4913 3388 4967 Καὶ
3433 4913 3665 4983 οἴδαμεν

2082 5003 2163 5057 ὃτι
2192 5003 2319 5067 Υἱὸς
2353 5004 2449 5057 τοῦ
2480 5004 2614 5057 Θεοῦ
2659 5005 2807 5076 ἥκει,
2859 5006 2954 5059 καὶ
3002 5004 3200 5059 ἔδωκεν
3234 5006 3369 5075 ἡμῖν
3395 5004 3661 5063 διάνοιαν,

2085 5096 2171 5148 ἵνα
2199 5094 2553 5167 γινώσκωμεν
2580 5097 2671 5151 τὸν
2702 5097 2953 5169 ἀληθινὸν
2978 5096 3129 5151 Θεόν.
3162 5098 3271 5151 Καὶ
3299 5096 3464 5165 ἐσμὲν
3494 5098 3553 5147 ὲν
3586 5096 3664 5164 τῷ

2083 5183 2341 5255 ἀληθινῷ,
2391 5186 2449 5239 έν
2491 5185 2570 5256 τῷ
2620 5186 2723 5256 υἱῷ
2770 5185 2934 5240 αὐτοῦ
2979 5184 3154 5256 Ἰησοῦ
3201 5183 3441 5254 Χριστῷ.
3490 5174 3665 5239 Οὗτός

2083 5276 2230 5328 ἐστιν
2252 5278 2280 5328 6
2298 5276 2546 5347 ἀληθινὸς
2568 5276 2720 5342 Θεὸς,
2743 5277 2837 5330 καὶ
2858 5276 2969 5347 ζωὴ
3008 5276 3225 5339 αἰώνιος
3243 5290 3258 5305 ⁸
3284 5273 3379 5327 καὶ
3400 5272 3469 5325 δι’
3492 5269 3662 5323 αὑτοῦ

2082 5382 2143 5416 τε
2174 5366 2267 5418 καὶ
2298 5367 2394 5419 σὺν
2423 5367 2571 5437 αὐτῷ
2601 5366 2679 5437 τῷ
2710 5368 2885 5438 Πατρ“ι
2922 5370 3017 5420 καὶ
3043 5368 3161 5437 Θεῷ
3186 5369 3219 5437 ἡ
3262 5366 3408 5430 δόξα,
3443 5366 3539 5418 σὺν
3585 5364 3664 5432 τῷ

2084 5458 2244 5529 ἁγίῳ,
2276 5459 2370 5511 καὶ
2404 5458 2782 5529 προσκυνητῷ,
2830 5459 2923 5511 καὶ
2954 5457 3203 5528 ξωοποιῷ
3235 5458 3533 5526 Πνεύματι,
3567 5453 3661 5507 νῦν

2086 5552 2179 5602 καὶ
2204 5550 2308 5617 ἀεὶ,
2340 5551 2433 5604 καὶ
2465 5552 2543 5613 εἰς
2574 5551 2698 5613 τοὺς
2726 5550 2927 5613 αἰῶνας
2956 5550 3063 5602 τῶν
3093 5548 3323 5602 αἰώνων.
3370 5547 3569 5615 Ἀμήν.

3132 5664 3172 5693 ⁶¹
3211 5660 3409 5717 lJoan.
3447 5676 3532 5725 tu,
3566 5659 3655 5713 20.
