3910 6200
337 273 466 330 1201

1441 278 1529 335 ne
1565 274 1791 334 περι-Α
1835 271 1989 328 nos
2025 273 2117 328 AD
2161 258 2477 331 neetnss.

3431 266 3571 323 1ρὲὐὲ

1572 577 2340 702 ΚΥΡΙΛΛΟΥ

1373 794 1934 850 ΑΡΧΙΕΠῙΣΚΟΠΟΥ
1985 793 2499 850 ΑΛΕΞΑΝΔΡΕῘΑΣ

1474 913 2410 1068 ΠΡΟΣΦΩΝΗΤΙΚΟΣ

1163 1157 1358 1212 ΤΑΙΣ
1411 1158 2116 1212 ΕΥΣΕΒΕΣΤΑΤΛΙΣ
2169 1160 2726 1214 ΒΛΣΙΛΙΣΣΛΙΣ.

1931 1347 1998 1358 -ιφ

1432 1706 1948 1764 ABCHIEPISCOP!
1987 1707 2449 1766 ALEXANDRINI

1759 1882 2104 1971 LIBER

1320 2071 1822 2150 Religiosissimis
1865 2073 2120 2150 Reginis
2164 2079 2580 2152 nuncupatus.

405 2409 484 2464 αι’.
525 2406 916 2479 Σεμωλὸγημα
961 2406 1059 2478 μὲν
1096 2406 1490 2477 οίκουμενικδν,
1538 2406 1808 2478 καύχημα.
1843 2407 1900 2460 δὲ

2077 2407 2116 2461 l.
2151 2409 2289 2462 Sane
2315 2422 2406 2462 vos
2431 2422 2616 2464 sacras
2640 2409 3078 2479 castissimasqne
3099 2408 3298 2464 Christi
3323 2409 3559 2466 omnium

331 2499 446 2555 τῶν
471 2500 640 2569 ἁγίων
683 2498 1016 2568 Ἑκκλησιῶν
1053 2497 1151 2552 τοῦ
1198 2497 1416 2551 πάντων
1466 2497 1713 2568 Σωτῆρος
1741 2498 1898 2568 ἡμῶν

347 2591 520 2661 Ἰησοῦ
546 2588 780 2661 Χριστοῦ
811 2590 942 2661 φαίη
971 2607 1051 2652 τις
1074 2589 1161 2653 ἂν,
1195 2590 1288 2642 καὶ
1321 2588 1466 2659 μάλα
1489 2587 1731 2652 εἰκότως,
1756 2588 1898 2658 ὑμᾶς

333 2681 398 2752 δὴ
421 2682 520 2745 τὰς
551 2681 702 2752 ίεράς
735 2682 830 2734 καὶ
871 2681 1178 2747 πανάγνους
1222 2678 1646 2747 αὺτοῦ-νύμφας,
1682 2677 1899 2730 εὐσεϐέ-

335 2789 528 2826 σταται
567 2773 662 2826 καὶ
691 2771 1101 2840 θεοφιλέσταται
1135 2768 1420 2838 βασιλίδες,
1452 2763 1540 2831 αἷς
1566 2769 1626 2821 τὸ
1656 2767 1898 2838 παμποί-

332 2863 482 2917 κιλον
512 2864 614 2932 τῆς
637 2863 836 2934 ἀρετῆς
861 2860 1301 2932 ὲναπαστράπτει
1330 2861 1543 2926 κάλλος,
1573 2860 1634 2912 τὸ
1660 2863 1772 2924 τοῖς
1799 2859 1899 2930 τῆς

333 2951 587 3023 θεότητος
622 2951 921 3023 ὀφθαλμοῖς
948 2951 1044 3024 ήδύ
1076 2969 1136 3006 τε
1189 2953 1280 3006 καὶ
1306 2950 1729 3021 γνωριμώτατον
1751 2968 1764 2981 ’
1801 2969 1900 3023 με·-

332 3043 465 3113 λέτῃ
492 3044 549 3096 δὲ
573 3043 667 3096 καὶ
706 3043 908 3114 σπουδῇ
943 3043 1141 3112 μᾶλλον
1169 3042 1226 3095 δὲ
1257 3042 1358 3114 ἤδη
1391 3041 1771 3113 κατώρθωται,
1809 3043 1902 3096 καὶ¹

330 3134 397 3205 δὴ
446 3135 505 3186 ἐν
557 3133 739 3186 πίστει
776 3133 1064 3204 διαπρέπει
1112 3132 1266 3203 ὀρθῇ,
1320 3133 1440 3186 κατ’
1470 3134 1656 3188 οὐδένα
1704 3136 1901 3207 τρόπον

335 3226 726 3297 σεσαλευμένῃ.
773 3225 1004 3296 Γράφων
1046 3225 1102 3278 δέ
1151 3224 1254 3279 πού
1307 3242 1471 3295 φησιν
1517 3228 1546 3279 ὁ
1598 3227 1900 3297 σοφώτατος

334 3317 542 3382 Παῦλος
570 3315 887 3388 ὀνομασθείς
916 3314 1152 3386 ἀληθῶς,
1182 3316 1276 3369 καὶ
1314 3316 1373 3369 τὸ
1401 3315 1493 3369 τοῦ
1528 3317 1762 3386 Χριστοῦ
1791 3320 1903 3381 τοῖς

335 3407 540 3462 ἔθνεσιν
593 3408 950 3478 ἱερουργήσας
1000 3408 1328 3478 μυστήριον
1384 3425 1402 3458 ι
1454 3407 1638 3474 Ὥστε,
1688 3407 1902 3476 ἀδελφοί

339 3516 438 3570 μου
467 3499 762 3568 ἀγαπητοὶ,
814 3499 1017 3570 ἑδραῖοι
1059 3497 1294 3567 γίνεσθε,
1355 3499 1763 3570 ἀμετακίνητοι,
1805 3517 1903 3553 πε-

339 3588 677 3657 ρισσεύοντες
706 3586 867 3658 ὲν.τῷ
889 3586 1034 3658 ἔργῳ
1053 3586 1146 3640 τοῦ
1172 3587 1375 3659 Κυρίου
1397 3589 1645 3642 πάντοτε.
1678 3608 1698 3641 ι
1729 3591 1902 3643 Ὅπου

334 3679 444 3750 γὰρ
471 3678 810 3749 πίστιςνόρθὴ
830 3680 924 3731 καὶ
944 3680 1244 3750 ἀμώμητος
1264 3682 1377 3743 τοῖς
1401 3679 1461 3744 ἐξ
1482 3680 1658 3750 ἔργων
1687 3681 1902 3748 ἀγαθῶν

336 3749 685 3841 καυχήμασιν
714 3766 774 3824 εὖ
809 3770 952 3842 μάλα
984 3749 1339 3841 συμφέρεται,
1373 3773 1466 3824 καὶ
1492 3749 1768 3842 ἰσόδρομοι»
1791 3772 1903 3842 ἔχει
1932 3749 1976 3803 Β

334 3861 435 3933 τὴν
459 3861 750 3933 συμϐολὴν,
783 3864 899 3916 ἐκεῖ
923 3880 1022 3917 που
1047 3864 1263 3928 πάντως
1288 3864 1371 3935 εἴη
1393 3862 1458 3917 ἂν
1487 3866 1544 3916 ὲν
1569 3864 1733 3917 παντὶ
1756 3863 1906 3933 καλῷ

334 3953 630 4023 τελειότης,
661 3955 756 4007 καὶ
800 3955 861 4008 τὸ
905 3956 1105 4026 ἀρτίως
1133 3955 1256 4026 ἔχον
1283 3956 1361 4019 είς
1404 3955 1694 4026 ἁγιασμόν.
1737 3955 1906 4023 Λόγος

341 4044 442 4116 μὲν
487 4041 580 4098 οὖν
619 4046 764 4108 ἄπας
801 4047 830 4099 ὁ
856 4046 914 4099 ὲν
939 4047 1088 4117 ἡμῖν,
1120 4045 1220 4117 τῆς
1248 4047 1473 4117 ἐνούσης
1504 4047 1635 4116 ὑμῖν,
1661 4045 1908 4109 εὐκλείας

342 4134 573 4188 κατόπιν
600 4133 836 4204 ἔρχεται,
867 4134 961 4187 καὶ
985 4133 1235 4204 ὁμολογεῖ
1251 4135 1348 4203 τὴν
1366 4129 1556 4206 ἧτταν,
1582 4133 1907 4205 ἐρυθριάσας

338 4224 526 4277 οὐδέν·
573 4227 656 4294 εἴη
706 4225 752 4278 δ’
799 4225 866 4278 ἂν
909 4226 1002 4278 καὶ
1048 4223 1380 4296 συγγνώμης
1432 4225 1600 4291 ἄξιος,
1643 4225 1692 4277 εἰ
1740 4225 1907 4278 δέδιεν

341 4317 598 4380 ἐπαινεῖν,
624 4308 700 4370 ὧν
729 4316 828 4368 οὐκ
867 4315 933 4370 ἂν
964 4315 1205 4386 ἐφίκοιτο
1238 4315 1340 4386 τῆς
1368 4316 1540 4381 ἀξίας.
1573 4317 1635 4370 El
1668 4316 1770 4387 μὲν
1797 4315 1907 4388 γὰρ

341 4407 459 4478 ἔχει
495 4408 554 4460 τὺ
598 4409 856 4463 δύνασθαι
903 4407 1302 4480 κατορθοῦν-τὸ
1325 4409 1679 4479 ποθούμενον,
1729 4408 1909 4462 διαδε-

340 4498 598 4567 6λήσεται
629 4498 748 4569 μὲν,
779 4501 912 4554 πολὺ
941 4501 1174 4572 νοσήσας
1197 4500 1258 4555 τὺ
1284 4499 1528 4571 ἀδρανές.
1554 4499 1664 4554 Καὶ
1690 4499 1787 4572 τὴν
1829 4501 1909 4563 είς

341 4585 502 4640 τοῦτο
529 4589 784 4660 μέλλησιν
813 4589 1196 4645 ἀπαλλαττέτω
1236 4591 1426 4662 μηδεὶς
1469 4590 1578 4643 τῶν
1618 4593 1699 4654 είς
1746 4588 1910 4662 ρᾳθυ-

345 4677 480 4746 μίαν
512 4679 881 4747 αίτιαμάτων·
923 4680 1015 4743 οὒς
1051 4681 1160 4752 γὰρ
1187 4676 1256 4752 ἦν
1303 4680 1447 4744 είκὺς
1489 4681 1909 4736 κατακαλλύνειν

339 4768 601 4822 δύνασθαι
629 4773 752 4834 ταῖς
774 4772 853 4833 είς
873 4770 1072 4842 ἀρετὴν
1093 4771 1409 4840 εὐφημίαις,
1429 4771 1546 4826 ἀνθ’
1577 4772 1696 4825 ὅτου
1728 4771 1906 4837 λυπεῖ,

344 4859 554 4930 σιωπᾷν
592 4860 888 4931 ᾑρημένοςς
935 4862 995 4913 Εἰ
1030 4860 1086 4914 δὲ
1115 4861 1311 4926 ἀτονεῖ,
1342 4862 1434 4915 καὶ
1469 4862 1627 4926 δέδιε,
1657 4863 1750 4916 καὶ
1783 4864 1911 4934 ὀμο-

341 4949 492 5017 λογεῖ
518 4951 615 5020 τὴν
643 4945 833 5022 ἧτταν,
859 4952 956 5005 οὑκ
980 4951 1128 5022 αὐτῷ
1147 4951 1211 5023 δὴ
1241 4952 1438 5022 μᾶλλον
1460 4953 1558 5016 τὰς
1578 4954 1754 5019 αίτίας
1782 4957 1910 5009 ἀνα·

2001 2507 2239 2551 nostrum
2273 2496 2568 2553 Salvatoris
2599 2514 2824 2569 sponsas
2855 2499 3326 2570 (religiosissime,
3361 2515 3422 2555 ac
3454 2501 3562 2556 Deo

2000 2589 2359 2644 dilectissimze
2387 2590 2780 2661 imperatrices)
2805 2592 2952 2647 orbis
2982 2602 3245 2646 terrarum
3275 2607 3562 2646 ornamen-

2003 2691 2111 2732 tum
2131 2720 2144 2745 ,
2173 2680 2746 2750 sanctissimarumque
2779 2681 3138 2736 Ecclesiarum
3170 2681 3333 2737 decus
3362 2682 3564 2752 Optimo

1995 2771 2115 2840 jure
2144 2771 2406 2839 quispiam
2443 2771 2723 2840 appellarit
2757 2790 2770 2827 :
2801 2772 2855 2826 in
2888 2772 3085 2841 quibus
3118 2771 3370 2826 nimirum
3405 2787 3565 2827 omne

2001 2863 2256 2915 virtutum
2283 2876 2471 2931 genus,
2499 2863 2780 2930 omnisque
2805 2872 3026 2918 ornatus
3051 2863 3242 2917 divinae
3266 2862 3565 2933 majestatis

2000 2953 2170 3008 oculis
2207 2962 2392 3023 gratus
2426 2963 2784 3025 acceptusque
2822 2955 3045 3010 mirifice
3081 2955 3346 3024 splendet.
3383 2954 3566 3023 Neque

2003 3042 2087 3099 his
2119 3043 2308 3111 opibus
2341 3052 2629 3110 contentaa,
2663 3059 2876 3099 omnem
2911 3060 3125 3117 quoque
3157 3060 3342 3099 curam
3377 3061 3564 3100 omne-

2001 3146 2104 3202 que
2146 3133 2379 3188 studium
2423 3132 2714 3197 adhibetis,
2758 3148 2866 3204 quo
2916 3133 3020 3188 fide
3065 3143 3211 3189 recta
3258 3134 3566 3211 nullamque

2003 3223 2056 3276 in
2089 3233 2295 3292 partem
2325 3223 2614 3280 vacillante
2647 3225 2957 3293 excellatis;
2992 3239 3258 3281 memores
3291 3225 3434 3280 haud
3468 3227 3564 3280 du-

2002 3313 2089 3368 bie
2117 3313 2282 3381 illius,
2311 3316 2454 3384 quod
2486 3314 2917 3383 sapientissimus
2949 3314 3558 3385 mysteriorum'Christi

2002 3408 2358 3478 dispensator,
2375 3411 2721 3479 gentiumque
2735 3400 2942 3465 doctor.
2959 3407 3157 3464 Paulus
3176 3407 3394 3464 scribit:
3423 3425 3442 3460 ι
3465 3408 3565 3463 lta-

2003 3514 2125 3568 que,
2151 3499 2345 3556 fratres
2376 3501 2479 3555 mei
2507 3500 2707 3566 dilecti,
2730 3500 2826 3564 ait,
2850 3499 3069 3555 stabiles
3096 3509 3267 3555 estote
3293 3509 3348 3554 et
3375 3500 3568 3554 immo-

2003 3590 2159 3656 biles,
2179 3591 2510 3646 abundantes
2534 3591 2585 3644 in
2607 3604 2768 3660 opere
2791 3591 2996 3645 Domini
3020 3590 3310 3660 semper“.
3327 3608 3348 3644 ι
3383 3589 3568 3660 Quan-

2005 3683 2294 3753 doquidem
2320 3683 2408 3738 ubi
2439 3683 2569 3739 fides
2595 3691 2742 3738 recta
2771 3691 2824 3738 et
2858 3683 3124 3753 inculpata
3156 3697 3274 3736 cum
3305 3683 3564 3736 bonarum

2007 3773 2278 3827 actionum
2321 3773 2605 3827 honestate
2641 3772 3004 3841 coniungitur,
3043 3771 3401 3841 aequabilique
3447 3771 3564 3824 nisu

2005 3871 2061 3917 et
2090 3877 2248 3917 cursu
2278 3877 2401 3917 cum
2433 3862 2536 3916 illis
2567 3863 2885 3932 copulatur;
2921 3862 2990 3916 ibi
3020 3862 3198 3917 omnis
3227 3861 3353 3916 boni
3385 3861 3566 3928 perfe-

2006 3953 2114 4007 ctio
2146 3952 2694 4022 sanctificationisque
2728 3951 3008 4022 integritas
3041 3952 3390 4021 comperitur.
3420 3952 3566 4018 Qua-

2008 4056 2226 4114 pr0pter
2245 4059 2341 4099 nos
2362 4045 2544 4114 gloriae
2564 4055 2617 4100 et
2638 4044 2934 4100 celebritati
2953 4053 3143 4100 vestra:
3165 4059 3347 4113 parem
3369 4046 3569 4099 oratio-

2007 4138 2092 4190 nis
2122 4135 2438 4207 dignitatem
2471 4134 2664 4191 afferre
2695 4151 2800 4190 non
2834 4151 3021 4208 posse,
3056 4138 3280 4208 ingenue
3312 4138 3564 4203 fatemur,

2008 4242 2108 4283 nec
2141 4226 2512 4283 erubescimus
2543 4246 2558 4282 :
2589 4229 2730 4284 unde
2759 4237 2814 4284 et
2841 4230 2993 4283 venia
3023 4245 3238 4300 quoque
3269 4229 3414 4301 digni
3448 4247 3564 4286 me-

2009 4318 2113 4372 rito
2156 4317 2514 4381 censebimur,
2561 4318 2608 4373 si
2652 4332 2715 4373 ea
2759 4317 2981 4375 laudare
3022 4335 3290 4387 veremur,
3337 4335 3566 4391 quorum

2008 4405 2382 4462 excellentiam
2427 4421 2524 4461 nos
2562 4407 2775 4477 assequi
2815 4422 2974 4478 posse
3014 4423 3117 4464 non
3157 4419 3407 4480 putamus
3448 4429 3463 4466 :
3505 4425 3569 4465 ac

2008 4497 2274 4567 siquidem
2302 4496 2378 4562 id,
2404 4497 2543 4567 quod
2571 4506 2824 4568 praestare
2850 4499 3240 4566 desideramus,
3267 4514 3386 4554 cum
3414 4499 3570 4554 laude

2008 4587 2298 4658 prmstaudi
2332 4586 2643 4642 facultatem
2679 4587 3020 4654 haberemus,
3047 4589 3169 4659 jure
3202 4588 3442 4657 profecto
3474 4601 3567 4642 ac-

2010 4694 2343 4748 cusaremur,
2372 4680 2416 4734 si
2446 4679 2516 4735 de
2543 4678 2856 4734 inﬁrmitate
2884 4687 3068 4734 nostra
3096 4678 3257 4732 anxie
3285 4676 3445 4732 nimis
3473 4692 3566 4731 co-

2009 4772 2263 4843 gitantes,
2290 4772 2636 4827 cunctantius
2665 4784 2945 4838 ageremus
2969 4783 3183 4838 :Aneque
3211 4768 3437 4838 ignaviae
3463 4767 3568 4821 crio

2011 4878 2131 4917 men
2164 4863 2348 4916 liceret
2376 4860 2631 4930 effugere,
2661 4867 2843 4928 utpote
2871 4859 2962 4928 qui
2993 4859 3206 4914 silentio
3237 4866 3471 4926 utentes,
3503 4858 3567 4912 iis

2011 4965 2146 5021 quos
2185 4951 2254 5006 ob
2286 4951 2538 5004 virtutem
2581 4949 2792 5004 meritis
2833 4949 3046 5004 laudum
3088 4947 3371 5018 praeconiis
3412 4961 3569 5002 exor-

343 5038 605 5110 θήσομεν,
638 5041 754 5094 ἀλλ’
788 5042 916 5113 ὑμῖν
963 5045 1082 5106 ταῖς
1116 5041 1260 5096 οὕτω
1301 5043 1669 5113 περιφανέσιν,
1707 5046 1763 5098 αϊ
1791 5048 1909 5109 ταῖς

2013 5055 2146 5096 nare
2185 5041 2564 5105 debueramus,
2606 5037 2904 5094 molestiam
2947 5039 3146 5108 potius,
3191 5036 3572 5106 tristitiamque

341 5130 453 5183 τῶν
513 5132 657 5187 ἰδίων
715 5135 1218 5206 ἀνδραγαθημάτων
1272 5135 1566 5207 ὑπεροχαῖς
1626 5137 1720 5190 καὶ
1778 5139 1906 5202 τοὺς

2011 5145 2346 5204 pareremus.
2374 5127 2480 5202 53
2511 5127 2773 5184 Caeterum
2805 5127 3020 5196 quando
3044 5123 3151 5195 jam
3181 5133 3340 5180 antea
3372 5124 3437 5180 de
3470 5125 3571 5178 im-

343 5223 591 5288 ἅπαντας
621 5230 844 5296 κοσμεῖν
879 5227 1133 5292 είωθότας
1177 5227 1366 5292 λόγους
1411 5227 1561 5281 οὐδὲν
1589 5228 1748 5293 ὄντας
1796 5230 1901 5283 ἀπ-

342 5315 599 5385 εφήνατε.
631 5314 780 5389 Αἷμα
809 5319 906 5390 μὲν
934 5319 1042 5390 γὰρ
1070 5321 1198 5391 ὑμῖν
1241 5319 1447 5374 ἄνωθεν
1475 5321 1569 5373 καὶ
1596 5322 1659 5374 ὲκ
1685 5320 1909 5391 μακρῶν

341 5403 468 5472 ἣκει
516 5405 722 5477 χρόνων
769 5409 832 5462 τδ
879 5409 1180 5480 βασιλικόν·
1229 5410 1544 5481 παρατείνει
1589 5411 1646 5464 δὲ
1693 5411 1786 5464 καὶ
1829 5412 1909 5474 είς

341 5495 524 5567 δεῦρο,
557 5497 648 5551 καὶ
679 5498 781 5567 ἔτι,
830 5501 970 5557 καθά
1014 5503 1472 5575 πεπιστεύκαμεν.
1513 5503 1650 5557 Ἀλλ’
1689 5503 1796 5557 [MD
1844 5503 1908 5571 δὴ

332 5665 336 5670 ·
449 5655 492 5685 ⁸¹
524 5651 689 5711 lCor.
725 5671 812 5724 xv,
850 5656 934 5712 58.

2014 5222 2305 5280 becillitate
2346 5230 2527 5276 nostra
2568 5222 2620 5274 in
2663 5219 2908 5284 dicendo,
2956 5219 3253 5289 timoreque
3291 5221 3569 5289 conquesti

2014 5312 2357 5381 confessique
2385 5325 2594 5378 sumus,
2624 5323 2830 5380 nosque
2855 5312 3006 5367 oneri
3039 5319 3186 5366 tanto
3216 5311 3450 5381 impares
3479 5311 3570 5366 de—

2015 5405 2370 5470 claravimus;
2406 5417 2503 5458 vos
2537 5402 2709 5470 magis
2743 5402 2940 5458 silentii
2975 5401 3132 5474 hujus
3165 5401 3376 5472 culpam
3410 5400 3565 5456 susti-

2016 5497 2234 5564 nebitis,
2255 5509 2374 5566 quae
2397 5494 2631 5552 illustres
2654 5494 2809 5563 adeo,
2835 5495 3074 5567 adeoque
3097 5494 3399 5565 conspicuae
3421 5491 3569 5558 estis,
