3910 6200
431 272 567 328 1205

1409 278 1465 333 s.
1506 254 1776 334 CYRILLl
1819 273 2284 335 ALEXANDRINI
2323 270 2640 332 Ακοκιιῖι).

3523 276 3656 332 1208

431 398 495 444 ut
527 398 715 443 vestra:
744 389 972 444 virtutes
1005 404 1069 444 ac
1103 399 1246 446 recte
1279 392 1415 448 facta
1449 395 1687 448 omnium
1723 405 1990 450 oratorum

2102 397 2194 478 καὶ
2225 393 2368 464 μάλα
2398 391 2601 461 σαφῶς,
2637 390 2730 444 καὶ
2769 389 2866 458 τῆς
2895 391 2953 441 ἐν
2994 391 3212 460 Χριστῳ
3243 391 3515 458 βασιλείας
3542 392 3658 442 tm-

433 481 792 547 eloquentiam
825 479 982 548 longe
1007 481 1243 535 vincant.
1274 482 1406 538 Nam
1437 494 1490 540 ct
1523 487 1724 554 regiqu
1753 495 1988 541 vestrum

433 584 600 639 genus
633 569 744 638 jam
785 569 909 624 inde
945 569 1014 624 ab
1054 571 1278 626 exordio
1315 573 1472 642 longa
1511 583 1812 642 temporum
1851 576 1994 630 serie

432 660 712 729 hucusque
740 671 823 715 est
853 670 1227 732 propagatum,
1259 670 1313 715 et
1341 661 1586 729 ulterius,
1614 673 1673 718 ut
1701 663 1991 729 credimus,

431 750 487 804 in
524 761 796 819 posterum
834 751 1009 806 adhuc
1049 752 1430 821 propagabitur
1463 767 1479 806 :
1516 768 1618 809 nec
1651 770 1756 809 non
1791 755 1990 810 Christi

433 856 662 911 regnum
691 857 996 912 capessere,
1021 851 1076 897 et
1102 855 1190 905 ea,
1215 857 1333 910 qua:
1361 842 1434 896 illi
1462 852 1614 914 grata
1641 853 1787 909 sunt,
1816 843 1994 899 facere

428 939 486 985 et
520 933 718 988 sentire
749 933 1002 998 studetis;
1036 933 1234 1000 partim
1271 933 1485 1001 quidem
1518 935 1789 1003 praeclaris
1821 935 1991 990 actiu-

430 1021 592 1077 nibus
633 1022 1009 1092 inculpataque
1057 1024 1181 1088 ﬁde,
1215 1034 1273 1079 ut
1309 1024 1467 1094 paulo
1499 1035 1624 1078 ante
1657 1025 1985 1090 dicebamus,

2097 484 2471 556 δραττόμεναι,
2500 482 2566 535 τᾶι
2596 481 2743 551 αύτῷ
2775 479 3031 534 δοκοῦντα
3063 483 3277 550 φρονεῖν
3308 498 3366 533 τε
3399 481 3492 533 καὶ
3528 482 3658 550 δρᾷν

2098 573 2423 637 σπουδάζετε
2443 590 2456 604 ο
2483 572 2640 625 τοῦτο
2671 571 2790 642 μὲν,
2816 570 2890 634 ὡς
2923 571 3078 640 ἔφην.
3106 571 3284 641 ἔργοις
3307 589 3361 624 τε
3389 574 3483 625 καὶ
3507 574 3658 640 ἀμωο

2078 664 2255 735 ’μήτῳ
2303 663 2700 734 διαπρέπουσαι
2742 661 2943 724 πίστει,
2985 661 3078 714 καὶ
3124 661 3222 725 τὰς
3268 662 3418 730 ὑμῶν
3467 679 3524 713 τε
3568 662 3659 713 καὶ

2100 755 2399 825 βασιλείους
2427 753 2593 817 αὐλὰς
2617 755 2682 823 τῇ
2721 751 2822 821 τῆς
2847 751 3140 822 παρθενίας
3170 750 3658 820 καταλαμπρύνου-

2100 862 2189 899 σαι
2240 845 2399 917 δόξῃ·
2465 842 2622 896 τοῦτο
2683 843 2762 908 δὲ,
2828 841 3315 904 πολυτελεστάτους
3366 841 3656 896 ἀνιστῶσαι

2097 938 2254 1000 ναοὺς
2292 935 2367 1002 τῷ
2404 933 2642 1005 Χριστῷ.
2683 934 3018 1004 Κεχάρισται
3049 933 3155 1003 γὰρ
3190 934 3318 1002 παρ’
3348 932 3510 985 αὑτοῦ
3539 935 3656 996 ταῖς

2096 1025 2275 1094 ἁγίαις
2300 1023 2452 1094 ὑμῶν
2479 1024 2677 1093 ψυχαῖς
2707 1022 2842 1092 μετά
2869 1021 2976 1074 τῶν
3003 1022 3179 1075 ἄλλων
3207 1023 3300 1074 καὶ
3326 1022 3499 1075 τοῦτο.

430 1121 744 1181 praestantes
775 1130 788 1178 ;
818 1115 1010 1185 partim
1043 1124 1249 1172 vestras
1279 1115 1560 1186 regiasque
1599 1115 1748 1170 aulas
1789 1116 2113 1185 virginitatis
2157 1116 2323 1184 gloria
2351 1116 2803 1178 contlecorantes;
2856 1115 3045 1181 partim
3095 1113 3327 1181 denique
3379 1123 3654 1182 sumptuo-

429 1207 642 1263 sissima
679 1210 872 1279 templa
907 1209 1120 1265 CltriSlo
1155 1211 1472 1265 excitantes.
1498 1209 1629 1263 Nam
1664 1219 1718 1265 et
1751 1209 1852 1264 hoc
1890 1224 2100 1278 quoque
2125 1210 2339 1278 pietatis
2371 1207 2601 1261 studium
2653 1207 2792 1260 inter
2835 1216 3025 1260 caetera
3074 1194 3161 1258 ille
3211 1207 3415 1260 sanctis
3466 1207 3660 1262 vestris

428 1299 622 1355 animis
651 1299 950 1368 impertitus
980 1308 1082 1355 est.

503 1391 564 1444 ll.
608 1391 798 1458 Igitur,
843 1402 901 1444 ut
944 1407 1011 1448 ex
1054 1393 1223 1449 sacris
1266 1393 1488 1448 Litteris
1531 1392 1732 1460 aliquid
1776 1407 1991 1462 quoque

392 1484 742 1550 ~depromatn
779 1501 794 1537 :
829 1501 846 1534 ι
886 1482 1124 1538 Gaudete
1144 1484 1197 1538 in
1234 1483 1461 1539 Domino
1497 1499 1710 1553 semper
1743 1500 1757 1537 :
1794 1485 1990 1538 iterum

429 1573 569 1636 dico,
588 1573 836 1641 gaudete,
867 1573 1127 1629 modestia
1149 1583 1333 1629 vestra
1363 1584 1484 1628 nota
1517 1577 1586 1628 sit
1613 1574 1864 1630 omnibus
1894 1576 1990 1629 ho-

428 1663 664 1716 minibus
685 1663 752 1716 ".
794 1683 813 1714 ι
853 1663 962 1718 lmo
996 1678 1124 1718 vero
1158 1663 1474 1733 jamdudum
1507 1665 1595 1718 illa
1630 1664 1769 1734 apud
1804 1679 1992 1720 omnes

428 1752 705 1806 civitatum
747 1762 802 1806 et
841 1754 1119 1822 regionum
1157 1754 1396 1808 omnium
1438 1754 1683 1808 homines
1720 1754 1989 1824 divulgata

427 1845 768 1911 percrebuit;
800 1859 973 1915 neque
1000 1859 1157 1900 secus
1188 1844 1302 1900 fere
1333 1855 1495 1914 atque
1525 1845 1714 1900 tabella
1744 1847 1986 1915 quaedam

429 1932 695 2001 depictam
731 1934 782 1988 in
814 1949 872 1989 se
905 1935 1123 2004 pietatis
1150 1935 1205 1990 in
1233 1935 1505 1991 Christum
1533 1945 1868 1991 venustatem
1898 1951 1988 2006 ge-

427 2037 585 2089 rens,
624 2024 834 2093 lateque
878 2025 1253 2095 resplendens,
1291 2028 1532 2081 omnium
1577 2027 1986 2080 admirationem

430 2115 706 2170 excitavit.
742 2115 912 2170 Ratus
942 2131 1060 2171 sum
1097 2127 1273 2172 autem
1308 2117 1620 2172 nonnullum
1654 2131 1830 2187 operae
1860 2131 1984 2185 pre-

431 2206 562 2260 tium
616 2222 700 2261 me
749 2205 1047 2272 lacturum,
1090 2210 1136 2260 si
1180 2205 1332 2260 vobis
1374 2220 1500 2260 vere
1545 2206 1748 2260 sanctis
1788 2205 1988 2261 Christi

427 2297 640 2366 sponsis
671 2298 999 2364 (quanquam
1033 2296 1096 2349 ad
1128 2295 1355 2364 quodvis
1382 2310 1518 2364 opus
1549 2294 1748 2350 bonum
1779 2295 1990 2350 abunde

427 2389 706 2442 instructae
732 2387 1042 2457 videamini)
1073 2387 1307 2440 libellum
1336 2387 1511 2452 hunc,
1543 2401 1648 2441 non
1680 2386 1752 2440 ita
1783 2385 1987 2454 pridem

429 2495 458 2530 a
496 2491 580 2532 me
614 2477 982 2540 elaboratum,
1017 2477 1162 2531 velut
1195 2476 1437 2546 spiritale
1469 2476 1734 2546 quoddam
1770 2477 1987 2531 xenium

429 2582 796 2636 nuncuparem
835 2585 848 2621 :
887 2568 978 2637 qui
1018 2568 1230 2636 quidem
1272 2582 1376 2621 non
1419 2567 1898 2630 contemnendum,
1933 2575 1990 2620 ut

425 2660 635 2728 opinor,
683 2659 974 2715 lectoribus
1018 2659 1274 2716 allaturus
1320 2667 1404 2714 est
1449 2659 1694 2714 utilitatis
1734 2658 1986 2714 fructum.

429 2751 706 2819 Siquidem
745 2765 869 2816 eos,
904 2751 993 2818 qui
1035 2761 1180 2806 recte
1218 2766 1411 2820 sapere
1449 2751 1850 2816 dedidicerant,
1888 2751 1992 2806 hoc

428 2853 546 2910 est,
581 2842 778 2909 quibus
811 2841 883 2895 ita
920 2854 1237 2910 persuasum
1276 2850 1359 2897 est
1394 2841 1462 2897 de
1495 2842 1715 2897 Christo
1751 2842 1990 2897 omnium

430 2931 732 2996 Salvatore,
763 2933 816 2987 in
847 2932 986 2987 viam
1017 2933 1260 2998 reducet,
1289 2942 1344 2988 et
1371 2934 1437 2988 ad
1464 2948 1645 2988 veram
1671 2932 1990 3002 sapientiam

429 3019 676 3075 instituet
713 3039 726 3074 :
763 3029 988 3076 caeteros
1021 3035 1180 3086 vero,
1213 3021 1303 3091 qui
1339 3033 1542 3077 rectum
1577 3023 1740 3077 animi
1773 3035 1988 3077 sensum

429 3113 648 3178 habent,
674 3122 728 3168 et
753 3113 807 3166 in
833 3114 1076 3169 veritatis
1099 3114 1341 3169 doctrina
1373 3114 1684 3183 persistunt,
1710 3113 1875 3168 variis
1901 3129 1992 3166 ar.

431 3213 808 3272 gumentorum
841 3213 896 3258 et
927 3205 1318 3260 sententiarum
1354 3205 1617 3268 inventis,
1653 3204 1988 3258 divinarum-

430 3311 536 3364 que
570 3295 974 3362 Scripturarum
1007 3295 1555 3350 demonstrationibus
1584 3295 1638 3348 in
1671 3293 1774 3348 [ide
1802 3308 1989 3348 corro-

429 3385 662 3443 borabit.
711 3384 846 3440 Hinc
891 3385 1102 3440 etenim.
1143 3394 1195 3438 et
1245 3383 1644 3438 Emmanuelem
1692 3397 1878 3436 verum
1927 3396 1993 3436 ac

430 3474 727 3527 naturalem
756 3472 1022 3536 Deum,.et
1045 3470 1316 3540 Virginem
1344 3486 1580 3535 rursum,
1605 3486 1722 3540 quae
1749 3486 1870 3524 eum
1898 3485 1993 3538 pe-

430 3564 567 3632 perit
587 3602 602 3627 ,
632 3577 811 3616 veram
841 3571 1063 3631 propter
1093 3562 1263 3630 ipsum
1293 3560 1573 3629 Deiparam
1603 3575 1742 3626 esse,
1773 3563 1988 3631 planum

433 3656 543 3710 liet.
579 3653 635 3708 Si
670 3653 761 3723 qui
798 3661 977 3706 autem
1015 3661 1169 3715 sunt,
1205 3653 1293 3720 qui
1330 3652 1472 3706 istud
1502 3653 1707 3705 sentire
1737 3660 1792 3706 et
1827 3651 1992 3720 protl-

431 3745 529 3800 teri
573 3753 852 3809 verentur,
895 3744 948 3797 hi
993 3741 1312 3812 profundum
1360 3741 1486 3795 illud
1528 3741 1745 3811 pietatis
1789 3748 1992 3813 myste-

433 3838 569 3892 rium
589 3878 604 3904 ,
634 3845 692 3890 ut
723 3851 854 3890 sane
882 3836 1109 3899 videtur,
1143 3850 1478 3904 nequaquam
1506 3835 1834 3904 expendunt.
1862 3833 1992 3888 Per-

430 3929 797 3996 necessarium
852 3937 1028 3982 autem
1081 3927 1318 3993 judicavi
1372 3941 1432 3980 ea
1484 3926 1672 3994 paucis
1723 3927 1826 3981 hoc
1878 3925 1995 3981 loco

2165 1395 2237 1446 B'.
2279 1391 2486 1447 Οὐκοῦν
2538 1391 2670 1461 (ἐρῶ
2697 1390 2803 1459 γάρ
2834 1406 2887 1443 τι
2916 1388 3094 1442 λαϐὼν
3122 1390 3214 1441 καὶ
3244 1392 3308 1442 ὲκ
3353 1389 3460 1441 τῶν
3501 1391 3659 1458 ίερῶν

2096 1483 2472 1556 Γραμμάτων)
2519 1501 2535 1534 ι
2575 1482 2805 1552 Χαίρετε
2854 1483 2912 1534 ὲν
2961 1481 3147 1551 Κυρίῳ
3181 1481 3443 1534 πάντοτε·
3500 1483 3658 1535 πάλιν

2089 1575 2225 1644 ἐρῶ,
2274 1574 2511 1644 χαίρετε.
2557 1572 2630 1624 Τὸ
2673 1571 2914 1644 ἐπιεικὲς
2960 1571 3112 1641 ὑμῶν
3158 1571 3454 1640 γνωσθήτω
3497 1573 3658 1624 πᾶσιν

2095 1663 2419 1735 ἀνθρώποις.
2469 1683 2488 1714 ι
2541 1660 2814 1730 Ἐγνὼσθη
2867 1661 2963 1730 μὲν
2996 1656 3113 1723 οὖν,
3152 1661 3243 1714 καὶ
3289 1660 3655 1731 διαϐεϐόηται,

2094 1755 2190 1808 καὶ
2231 1757 2341 1817 τοῖς
2379 1753 2482 1806 ἀ.νά
2515 1754 2695 1806 πᾶσαν
2745 1750 2927 1820 χώραν
2958 1769 3019 1804 τε
3050 1753 3144 1806 καὶ
3191 1751 3363 1813 πόλιν,
3407 1752 3658 1824 καθάπερ

2092 1862 2176 1908 τις
2207 1843 2368 1897 ιίκὼν
2384 1843 2600 1915 γραφὴν
2629 1842 2823 1912 ἔχουσα
2851 1843 2948 1914 τῆς
2979 1845 3059 1907 είς
3087 1844 3321 1914 Χριστὸν
3350 1844 3653 1909 εὐσεϐείας,

2092 1934 2154 1988 τὺ
2205 1934 2397 1997 κάλλος
2457 1934 2750 2004 διέλαμψεν
2827 1935 3109 2005 ἐναργῶς,
3173 1936 3267 1988 καὶ
3315 1933 3408 1987 τοῦ
3460 1936 3657 1997 παντὸς

2091 2025 2296 2097 ἠξιώθη
2328 2024 2620 2094 θαύματος.
2666 2025 2860 2096 ’ῼήθην
2889 2025 2945 2077 δὲ
2977 2024 3084 2077 δεῖν
3122 2025 3215 2078 καὶ
3236 2027 3355 2088 ταῖς
3392 2027 3529 2094 πρὸς
3554 2027 3658 2080 πᾶν

2092 2114 2268 2168 ὁτιοῦν
2299 2115 2408 2168 τῶν
2437 2115 2654 2183 ἀγαθῶν
2687 2114 2940 2185 ἐχούσαις
2971 2116 3173 2185 ἀρτίως
3199 2117 3446 2187 χάρισμα
3471 2136 3522 2170 τι
3569 2135 3657 2188 με·

2093 2203 2340 2258 ταδοῦναι
2371 2206 2758 2274 πνευματικὸν,
2787 2207 2862 2269 ὡς
2893 2206 3074 2272 ἁγίαις
3115 2207 3349 2274 Χριστοῦ
3397 2208 3654 2276 νύμφαις,

2092 2291 2248 2346 τοῦτο
2275 2293 2339 2364 δὴ
2367 2294 2426 2346 τὸ
2455 2295 2654 2364 ἀρτίως
2684 2297 2808 2366 ἐμοὶ
2839 2297 3068 2366 πονηθὲν
3100 2296 3320 2366 βιϐλίον,
3345 2299 3404 2350 ού
3433 2300 3658 2368 μετρίαν

2094 2385 2354 2455 παρέχειν
2385 2385 2704 2456 δυνάμενον,
2737 2385 2812 2449 ῶς
2831 2404 2894 2454 γε
2919 2383 3089 2457 οἶμαι,
3128 2390 3239 2450 τοῖς
3259 2387 3659 2457 ἐντευξομένοις

2093 2476 2190 2544 τὴν
2224 2477 2428 2546 ὄνησιν.
2475 2477 2614 2540 Τοὺς
2662 2480 2760 2547 μὲν
2793 2477 2901 2548 γὰρ
2947 2479 3047 2530 οῦκ
3088 2478 3224 2549 ὀρθὰ
3269 2481 3482 2546 φρονεῖν
3528 2479 3659 2531 δεδι-

2093 2568 2411 2637 δαγμένους,
2443 2568 2608 2638 ἧγουν
2641 2569 3140 2636 ἀναπεπεισμένους
3170 2567 3295 2637 περὶ
3322 2566 3414 2619 τοῦ
3443 2567 3662 2619 πάντων

2095 2658 2250 2728 ἡμῶν
2285 2659 2535 2730 Σωτῆρος
2577 2658 2834 2729 Χριστοῦ,
2875 2659 3010 2726 πρὸς
3055 2659 3422 2729 ἐπανόρθωσιν
3467 2658 3664 2711 ἀνακο-

2099 2753 2232 2820 μιεῖ,
2267 2750 2361 2804 καὶ
2408 2751 2825 2820 μυσταγωγήσει
2855 2749 3035 2814 καλῶς
3059 2768 3070 2780 ο
3105 2749 3230 2813 τούς
3271 2766 3336 2828 γε
3381 2751 3486 2821 μὴν
3513 2751 3659 2822 ὀρθῷ

2097 2840 2396 2912 βεϐηκότας
2423 2840 2518 2910 νῷ,
2551 2841 2640 2894 καὶ
2665 2842 2780 2904 τοῖς
2815 2841 2914 2911 τῆς
2943 2839 3199 2909 ἀληθείας
3225 2839 3660 2910 ὲμφιλοχωροῦν-

2094 2949 2194 2993 τας
2221 2931 2500 3001 δόγμασιν,
2537 2931 2968 3003 ἀσφαλεστέρους
2995 2932 3264 3000 ἀποφανεῖ
3291 2933 3402 2994 τοῖς
3431 2929 3489 2994 ἐξ
3522 2933 3658 2997 ἀγα-

2097 3021 2204 3074 θῶν
2238 3023 2455 3076 ἐννοιῶν
2482 3023 2836 3094 πολυτρόποις
2869 3022 3153 3094 εὑρέμασι,
3180 3023 3274 3075 καὶ
3312 3024 3429 3084 ταῖς
3459 3023 3527 3074 ἐκ
3565 3024 3659 3091 τῆς

2094 3112 2445 3167 θεοπνεύστου
2459 3114 2675 3184 Γραφῆς
2692 3114 3044 3180 ἀποδείξεσιν.
3057 3113 3218 3184 Μαθή
3228 3113 3407 3168 σεταιιι
3428 3113 3560 3182 γὰρ,
3579 3114 3659 3166 δτι

2093 3205 2251 3273 φύσει
2301 3205 2397 3274 μὲν
2440 3207 2534 3258 καὶ
2574 3203 2801 3273 ἀληθείᾳ
2841 3204 2972 3266 Θεός
3015 3205 3162 3256 ἐστιν
3205 3205 3233 3256 ό
3290 3200 3658 3272 Ἐμμανουὴλ,

2093 3295 2352 3358 Θεοτόκος
2397 3295 2454 3348 δὲ
2495 3295 2561 3348 δι’
2593 3294 2756 3347 αὑτὸν
2799 3296 2950 3364 καὶὴ
3001 3294 3236 3348 τεκοῦσα
3272 3292 3570 3363 Παρθένος.
3601 3293 3662 3346 Εἰ

2093 3386 2199 3457 γὰρ
2237 3385 2301 3456 δὴ
2327 3386 2492 3454 φάναι
2522 3402 2578 3438 τε
2612 3385 2767 3439 τοῦτο
2796 3387 2890 3440 καὶ
2934 3388 3148 3456 φρονεῖν
3178 3384 3423 3448 δεδιότες,
3470 3385 3538 3437 οὐ
3581 3401 3662 3436 νε-

2094 3479 2342 3548 νοήκασι,
2371 3477 2510 3530 κατά
2533 3476 2596 3529 τὸ
2631 3477 2802 3543 είκὺς,
2840 3477 2900 3530 τὸ
2928 3476 3064 3547 βαθὺ
3105 3475 3208 3545 τῆς
3240 3475 3526 3539 εὐσεϐείας
3558 3492 3661 3544 μυο

2097 3565 2336 3635 στήριον.
2371 3566 2583 3636 Χρῆναι
2608 3565 2666 3618 δὲ
2703 3564 3068 3634 ὑπολαμϐάνω
3094 3563 3182 3616 διά
3217 3562 3459 3634 βραχέων
3486 3564 3662 3616 εἰπεῖν

2091 3655 2192 3725 τήν
2239 3671 2298 3708 τε
2327 3652 2689 3724 ἀποστολικὴν
2719 3653 2814 3708 καὶ
2857 3653 3216 3724 εύαγγελικὴν
3248 3651 3570 3723 παράδοσιν,
3599 3651 3663 3718 ἢν

2091 3745 2186 3798 ἐπὶ
2213 3746 2433 3817 Χριστῷ
2484 3749 2500 3788 ί
2540 3748 2833 3814 πεποίηται
2879 3745 2957 3816 τῷ
2998 3746 3215 3800 πάντων
3252 3746 3524 3817 Δεσπότῃ,
3572 3744 3664 3795 καὶ

2089 3837 2308 3906 ἀπάσης
2349 3837 2407 3890 δὲ
2447 3838 2545 3906 τῆς
2573 3837 2929 3892 θεοπνεύστου
2980 3836 3204 3906 Γραφῆς
3243 3835 3332 3889 τὸν
3381 3835 3468 3888 ἐπ’
3523 3831 3665 3900 αὐτῷ

2092 3928 2310 3990 σκοπὸν,
2351 3927 2446 3982 καὶ
2473 3929 2594 3981 ὅποι
2643 3929 2774 3980 ποτὲ
2813 3927 2983 3996 βλέπῃ
3012 3924 3119 3978 τῶν
3156 3927 3260 3996 τῆς
3289 3926 3555 3996 ἀληθείας
3586 3925 3665 3977 δο-

429 4030 696 4089 repetere,
721 4037 838 4088 quae
862 4020 1086 4089 apostoli
1113 4029 1167 4074 et
1191 4019 1536 4088 evangelista:
1562 4019 1626 4072 de
1645 4017 1757 4092 44
1775 4015 1990 4072 Christo

2096 4018 2316 4090 γμάτων
2346 4020 2380 4089 ἡ
2407 4019 2653 4090 δύναμις.

428 4111 664 4164 omnium
708 4111 933 4165 Domino
973 4110 1340 4176 tradiderunt,
1376 4106 1488 4164 tum
1529 4125 1589 4163 ea
1629 4124 1842 4178 quoque
1881 4125 1986 4164 non
2059 4110 2357 4180 praterire,
2394 4125 2513 4178 qua!
2554 4110 2608 4166 in
2685 4112 2898 4166 caeteris
2937 4122 3137 4168 sanctae
3175 4111 3466 4178 Scriptum:
3514 4108 3698 4160 lihris'

429 4224 490 4261 ea
529 4211 641 4276 ipsa
679 4211 743 4264 de
779 4223 835 4263 re
870 4209 1173 4271 habentur;
1208 4218 1261 4262 et
1293 4208 1513 4262 omnino
1545 4221 1850 4275 exponere,
1886 4222 1998 4276 quo
2033 4216 2240 4276 spectet
2272 4207 2352 4260 vis
2415 4209 2724 4276 dogmatum
2755 4208 3018 4263 veritatis.

503 4305 592 4358 ιιι.
631 4304 912 4358 Credimus
947 4303 1106 4372 igitur
1141 4302 1192 4355 in
1217 4317 1376 4355 unum
1400 4301 1563 4356 Deum
1586 4299 1798 4355 Patrem
1819 4301 1990 4356 omni-

2169 4301 2243 4354 l".
2284 4300 2617 4371 Πιστεύομεν
2644 4300 2822 4354 τοίνυν
2847 4303 2927 4364 είς
2951 4301 3047 4355 ἕνα
3067 4300 3197 4354 Θεὸν
3222 4298 3440 4368 Πατέρα
3469 4313 3665 4350 παντός

431 4399 701 4460 potcntem
723 4431 738 4452 ,
765 4390 1055 4444 visibilium
1109 4399 1164 4444 et
1192 4389 1537 4444 invisibilium
1565 4391 1804 4444 omnium
1861 4384 1994 4444 con—

433 4485 684 4538 ditorem.
711 4481 777 4534 Et
806 4482 860 4536 in
891 4497 1054 4534 unum
1091 4479 1373 4534 Dominum
1400 4479 1584 4535 Jesum
1609 4480 1876 4535 Christum
1905 4481 1994 4534 Fi-

435 4576 561 4630 lium
605 4573 743 4643 ejus,
781 4582 907 4628 ante
944 4585 1104 4626 omne
1139 4569 1390 4624 sarculum
1430 4578 1482 4624 et
1522 4579 1732 4639 tempus
1771 4584 1837 4625 ex
1879 4571 1993 4639 ipso

439 4665 759 4724 naturaliter
789 4663 1050 4733 genitum.
1084 4659 1216 4714 Nam
1252 4660 1392 4728 quod
1423 4659 1489 4715 ad
1523 4668 1734 4729 tempus
1765 4661 1988 4725 attinet,

434 4769 586 4826 atque
623 4753 868 4823 principii
907 4765 1129 4820 expers,
1170 4758 1225 4806 et
1260 4759 1558 4806 coreternus
1597 4757 1709 4816 est,
1748 4761 1909 4820 atque
1945 4752 1992 4806 is

434 4848 526 4917 qui
573 4846 722 4902 illum
770 4845 985 4915 genuit;
1029 4843 1323 4912 eademque
1372 4857 1584 4912 quoque
1633 4853 1898 4912 potestate
1939 4853 1998 4898 et

433 4937 602 5004 gloria
639 4952 760 4994 cum
797 4935 887 4990 illo
919 4944 1034 5001 est,
1064 4948 1160 5003 per
1187 4934 1364 4988 omnia
1395 4933 1624 5003 denique
1651 4943 1707 4990 et.
1737 4934 1790 4989 in
1819 4935 1994 4990 omni-

436 5027 536 5084 bus
563 5026 735 5082 eidem
763 5021 1226 5095 mqualis.‘l“igura
1254 5037 1486 5091 namque
1509 5032 1564 5077 et
1589 5022 1842 5092 splendor
1865 5025 1994 5079 sub-

432 5117 644 5171 stantia:
685 5116 829 5172 illius
866 5116 1036 5173 est“.
1076 5114 1358 5171 Credimus
1395 5113 1646 5170 similiter
1679 5123 1736 5170 et
1773 5115 1826 5168 in
1867 5129 1998 5169 san-

435 5221 578 5264 etum
596 5223 810 5278 quoque
827 5209 1108 5279 Spiritum,
1129 5222 1287 5278 quem
1307 5222 1337 5264 a
1356 5207 1536 5263 divina
1553 5218 1744 5268 natura
1760 5205 1994 5264 alienum

529 5368 574 5400 ⁸³
613 5368 836 5438 Philipp.
861 5385 932 5433 tv,
973 5369 1019 5422 ι.
1118 5370 1160 5402 ⁸⁵
1195 5367 1354 5424 llebr.
1381 5385 1417 5433 1,
1447 5369 1499 5423 5.

2100 4395 2361 4465 κράτορα,
2403 4394 2622 4448 πάντων
2652 4392 2858 4464 ὁρατῶν
2889 4409 2949 4445 τε
2994 4393 3088 4446 καὶ
3119 4392 3364 4460 ἀοράτων
3410 4391 3660 4460 ποιητήν.

2101 4485 2208 4536 Καὶ
2239 4486 2316 4545 είς
2345 4483 2438 4536 ἓνα
2466 4482 2666 4553 Κύριον
2700 4481 2906 4552 Ἰησοῦν
2937 4480 3169 4552 Χριστὸν
3198 4480 3287 4534 τὸν
3321 4480 3447 4532 Υίὺν
3475 4478 3663 4540 αὐτοῦ,

2097 4572 2420 4641 γεννηθέντα
2451 4571 2592 4625 κατὰ
2623 4571 2782 4638 φύσιν
2811 4571 2870 4636 ιξ
2901 4569 3063 4624 αὑτοῦ
3098 4569 3200 4641 πρὸ
3243 4567 3440 4630 παντὸς
3471 4567 3666 4628 αἰῶνος

2098 4665 2193 4718 καὶ
2222 4665 2444 4734 χρόνου·
2480 4663 2574 4716 καὶ
2604 4662 2712 4732 γάρ
2756 4663 2871 4714 ἔστι
2901 4662 3234 4731 συνάναρχος
3265 4659 3409 4713 κατὰ
3450 4660 3665 4729 χρόνον.

2099 4757 2190 4809 καὶ
2229 4754 2495 4815 συναῖδιος
2546 4753 2624 4822 τῷ
2673 4753 2787 4823 ίδίῳ
2833 4753 3143 4823 Γεννήτορι,
3195 4749 3446 4818 σύνεδρός
3474 4766 3538 4801 τε
3577 4747 3668 4800 καὶ

2101 4845 2343 4915 ίσοκλεὴς
2375 4843 2541 4915 αύτῷ,
2576 4845 2668 4897 καὶ
2701 4844 2904 4914 ίσάιητι
2952 4841 3388 4912 κατεστεμμένος
3429 4843 3499 4910 τῇ
3534 4838 3664 4910 πρὸς

2097 4935 2205 4988 πᾶν
2238 4932 2445 4986 ὁτιοῦν·
2467 4932 2754 5003 χαρακτὴρ
2785 4933 2892 5003 γάρ
2923 4932 3038 4985 ἐστι
3073 4931 3166 4984 καὶ
3196 4929 3544 4998 ἀπαύγασμα
3569 4928 3664 4995 τῆς

2099 5024 2444 5088 ὑποστάσεως
2476 5022 2660 5078 αὑτοῦ.
2693 5023 3027 5093 Πιστιύομεν
3053 5023 3110 5076 δὲ
3137 5021 3336 5091 ὁμοίως
3375 5021 3467 5074 καὶ
3500 5023 3585 5082 εἰς
3609 5018 3665 5070 τὸ

2100 5116 2321 5187 Πνεῦμα
2358 5115 2417 5170 τὺ
2445 5115 2618 5184 ἀγιον,
2659 5115 2758 5168 ούκ
2789 5115 3064 5186 ἀλλότριον
3090 5113 3220 5168 αὐτὸ
3247 5111 3348 5180 τῆς
3377 5111 3532 5174 θείας
3563 5109 3662 5179 φύ-

2099 5225 2235 5271 σεως
2265 5205 2768 5276 καταλογιζόμενοι·
2799 5206 2892 5260 καὶ
2917 5205 3025 5276 γάρ
3053 5206 3200 5258 ἐστιν
3224 5205 3290 5258 ὲκ
3319 5200 3538 5275 [ἰατρὸς
3568 5218 3667 5270 φυ-

1543 5499 1712 5554 Varia:
1744 5499 2001 5555 lectiones
2033 5500 2233 5556 codicis
2265 5501 2625 5571 Seguieriani.

504 5631 532 5676 λ
563 5632 912 5706 μαθήσονται.
994 5633 1008 5672 ί
1053 5633 1118 5685 ίσ
1162 5634 1194 5692 ἦ
1221 5632 1312 5684 ἐπὶ
1341 5633 1445 5702 Χρ.
