3910 6200
438 241 572 298 1307

1418 244 1476 300 ε.
1515 245 1782 301 CYRILLI
1821 248 2284 307 ALEXANDRINI
2321 252 2633 308 ARCIIIEP.

3523 261 3672 315 1208

436 375 540 413 non
589 358 730 428 quod
789 359 841 412 in
900 371 1119 412 carnem
1175 357 1506 414 demutatum
1567 362 1865 428 transierit,
1901 365 1995 419 sed

2104 366 2278 436 σάρκα
2313 367 2512 433 λαϐὼν,
2544 368 2618 431 ὡς
2646 368 2801 437 ἔτην,
2837 369 2932 420 καὶ
2973 368 3320 440 ἀνθρωπίνην
3353 373 3470 441 μεθ’
3505 372 3672 443 ἡμῶν

446 448 586 518 quod
622 462 687 502 ex
721 447 833 515 ipsa
866 460 1019 500 sacra
1053 438 1270 516 Virgine
1301 462 1516 503 carnem
1559 451 1873 519 susceperit,
1902 452 2000 507 hu-

438 552 786 607 manamque,
837 545 896 596 ut
949 545 1075 590 ante
1129 537 1429 607 expositum
1485 550 1589 606 est,
1643 541 1995 609 nativitatem,

433 628 659 698 perinde
688 644 752 684 ac
780 643 896 692 nos,
929 629 1221 695 subiverit;
1257 645 1362 698 quo
1399 631 1650 685 nimirum
1694 633 1856 687 homo
1898 649 1996 688 no.

432 722 529 776 stri
567 736 726 776 causa
758 712 979 786 factum,
1013 736 1165 775 more
1199 721 1416 788 quidem
1449 721 1676 775 aliorum
1721 723 1995 777 hominum

434 825 661 867 mortem
692 821 989 882 pateretur,
1033 813 1342 881 proculcato
1372 823 1548 867 autem
1594 815 1783 868 mortis
1827 815 1995 884 impe-

435 899 535 964 rio,
567 895 746 954 divina
785 903 832 955 vi
871 917 1084 955 rursum
1127 913 1452 971 resurgeret.
1501 903 1610 956 Hoc
1653 904 1794 957 enim
1837 907 1997 959 modo

433 987 633 1042 factum
669 1001 773 1055 est,
804 999 863 1044 ut
907 1006 1002 1044 nos
1049 1005 1264 1058 quoque
1310 1007 1404 1060 per
1452 992 1724 1046 Christum
1762 994 1998 1061 vincere,

432 1088 759 1148 peccatoque
796 1080 1078 1144 debellato,
1107 1095 1170 1134 ac
1205 1083 1374 1148 posita
1429 1083 1811 1151 corruptione,
1852 1101 1998 1139 mor-

437 1182 540 1225 tem
571 1170 801 1240 emtgere
834 1185 1133 1238 possemus,
1163 1170 1454 1240 laetitiaque
1505 1172 1554 1224 in
1593 1172 1813 1227 Christo
1855 1175 1996 1241 pleni

2103 457 2402 525 ὑπομείνας
2451 458 2740 528 γέννησιν·
2804 459 2892 511 ἵνα
2947 461 3038 511 καὶ
3087 461 3370 530 ἄνθρωπος
3423 463 3670 530 γεγονὼς

2101 546 2242 617 ὑπὲρ
2294 548 2470 618 ἡμῶν,
2515 547 2761 619 ἀποθάνῃ
2804 549 2902 618 μὲν
2952 550 3325 620 ἀνθρωπίνως,
3361 553 3568 620 ἀναστῇ
3607 551 3669 603 δὲ

2100 637 2319 702 θεῖκῶς,
2351 641 2598 712 πατήσας
2634 639 2728 693 τοῦ
2759 639 2988 693 Θανάτου
3017 641 3077 692 τὸ
3117 641 3334 710 κράτος.
3367 642 3523 694 Οὕτω
3557 643 3670 710 γὰρ

2098 724 2165 800 ἦν
2214 729 2471 783 δύνασθαι
2521 733 2616 784 καὶ
2653 733 2799 802 ἡμᾶς
2841 731 2916 794 ὡς
2960 732 3018 784 ὲν
3065 733 3284 802 Χριστῷ
3335 734 3668 803 νικήσαντας

2104 821 2580 892 κατευμεγεθῆσαι
2618 823 2715 892 μὲν
2744 822 2842 891 τῆς
2878 823 3172 892 ἁμαρτίας,
3205 823 3581 877 ἀποδύσασθαι
3608 823 3671 874 δὲ

2101 909 2199 980 τὴν
2234 911 2458 980 φθορὰν,
2500 911 2594 964 καὶ
2625 911 2909 978 διαδρᾶναι
2941 911 3190 976 θάνατον,
3223 911 3363 964 οῦτω
3401 929 3461 964 τε
3489 915 3671 964 εἰπεῖν

2101 1001 2164 1051 ἐκ
2199 1003 2551 1071 περιχαρείας
2595 1003 2694 1072 τῆς
2721 1004 2778 1054 ὲν
2832 1003 3081 1073 Χριστῷ·
3116 1024 3135 1056 ι
3170 1004 3279 1057 Ποῦ
3309 1007 3344 1073 ἡ
3375 1005 3497 1075 νίκη
3535 1023 3666 1068 σου,

2099 1088 2327 1153 Davara;
2377 1091 2479 1143 ποῦ
2509 1091 2569 1144 τὸ
2596 1091 2820 1161 κέντρον
2851 1109 2966 1157 σου,
2998 1091 3134 1161 ᾇδη;
3173 1110 3190 1142 ι
3221 1093 3432 1161 Ὥσπερ
3463 1091 3574 1161 γὰρ
3609 1094 3668 1143 ἓν

2111 1179 2282 1248 Ἀδὰμ
2325 1178 2710 1250 πεπτώκαμεν,
2756 1179 2897 1231 οὕτω
2941 1180 3302 1249 νενικήκαμεν
3335 1182 3392 1231 ὲν
3423 1179 3668 1249 Χριστῷ.

441 1263 783 1317 diceremus:
820 1282 839 1314 ι
877 1261 977 1317 Ubi
1004 1271 1106 1327 est,
1138 1277 1303 1327 mors,
1344 1263 1566 1316 victoria
1611 1266 1745 1318 tua?
1789 1265 1876 1319 ubi
1908 1275 1990 1322 est
2030 1269 2281 1323 stimulus
2305 1279 2449 1335 tuus,
2489 1270 2699 1324 inferne
2723 1270 2807 1324 ‘8?
2834 1288 2851 1321 ι
2888 1269 2955 1324 Ut
3010 1271 3151 1324 enim
3183 1269 3236 1323 in
3270 1271 3437 1324 Adam
3464 1270 3664 1324 devicti

441 1369 647 1418 sumus,
678 1354 747 1407 ita
775 1370 983 1408 rursum
1012 1354 1064 1408 in
1098 1353 1312 1409 Christo
1345 1356 1659 1409 devicimus.

500 1444 611 1498 VII.
646 1446 796 1510 Quod
828 1446 872 1500 si
908 1445 1144 1514 vulgaris
1175 1455 1382 1498 tantum
1420 1445 1578 1499 homo
1605 1456 1749 1501 esset
1778 1445 1991 1502 Emma-

439 1535 580 1597 nuel,
609 1536 876 1602 quomodo
912 1551 1052 1589 mors
1082 1536 1316 1589 hominis
1343 1536 1588 1590 humana:
1613 1547 1814 1591 naturae
1839 1553 1994 1606 opem

2174 1451 2252 1505 Z'.
2297 1453 2358 1505 Ei
2385 1452 2442 1506 δὲ
2476 1452 2760 1524 ἄνθρωπος
2797 1447 2866 1522 ἦν
2895 1450 3068 1514 κοινὸς
3100 1451 3129 1503 6
3157 1450 3523 1522 Ἐμμανουὴλ,
3552 1451 3672 1513 πῶς

2102 1539 2168 1594 ἂν
2191 1542 2438 1612 ὠφέλησε
2467 1545 2567 1613 τὴν
2609 1542 2896 1614 ἀνθρώπου
2925 1541 3084 1610 φύσιν
3116 1544 3144 1595 ό
3168 1540 3454 1611 ἀνθρώπου
3504 1542 3673 1594 θάνα-

434 1626 686 1680 tulisset?
722 1626 1006 1678 Enimvero
1057 1640 1162 1678 non
1219 1627 1376 1694 pauci
1416 1634 1723 1680 sanctorum
1776 1629 1997 1696 prophe-

2104 1647 2222 1698 τος;
2273 1633 2464 1686 Καίτοι
2514 1635 2698 1686 πολλοὶ
2742 1632 3122 1704 προαπέθανον
3177 1631 3322 1699 ἅγιοι
3369 1631 3668 1700 προφῆται,

435 1726 609 1770 tarum
639 1725 865 1770 mortem
899 1715 1173 1779 obierunt,
1202 1726 1258 1769 ut
1291 1716 1692 1770 laudatissimus
1722 1717 1809 1771 ille
1836 1717 2002 1771 Abra-

433 1811 581 1873 ham,
636 1807 805 1871 lsaac,
855 1807 1059 1872 Jacob,
1105 1807 1349 1876 Moyses,
1402 1806 1650 1870 Samuel,
1703 1809 2001 1876 reliquique

431 1901 706 1968 deinceps,
742 1901 832 1968 qui
863 1901 987 1953 vitae
1017 1899 1377 1954 sanctimonia
1402 1898 1706 1952 claruerunt
1734 1917 1749 1963 ;
1781 1914 1999 1952 verum-

435 2003 614 2046 tamen
655 2007 798 2046 mors
855 1990 1069 2045 illorum
1103 1990 1285 2057 generi
1338 1988 1573 2042 humano
1605 1988 1734 2041 nihil
1779 1989 2000 2041 omnino

432 2081 659 2137 contulit
690 2098 704 2134 :
741 2092 795 2136 at
842 2095 970 2134 vero
1005 2095 1151 2133 mors
1199 2078 1399 2133 Christi
1434 2078 1657 2132 salutem
1711 2080 1996 2146 przestitit;

434 2174 698 2243 siquidem
726 2172 997 2243 propriam
1028 2186 1124 2239 pro
1166 2170 1319 2224 nobis
1364 2167 1475 2239 46
1519 2184 1735 2223 carnem
1782 2170 1996 2231 obtulit,

434 2262 705 2328 mortique
735 2259 1080 2326 semetipsum
1107 2258 1274 2312 nostri
1304 2273 1465 2310 causa
1503 2260 1845 2319 contradens,
1881 2272 1999 2308 om-

432 2365 531 2404 nes
556 2366 622 2403 ex
663 2350 854 2404 mortis
888 2348 1090 2416 laqueis
1124 2347 1345 2401 exemit.
1400 2345 1548 2400 Unus
1580 2346 1722 2399 enim
1760 2361 1854 2414 pro
1884 2362 1998 2399 om-

431 2443 592 2496 nibus
625 2441 860 2496 tnoriens
905 2438 1184 2502 satisfecit,
1237 2447 1296 2491 ut
1335 2438 1422 2504 qui
1459 2437 1745 2504 plurimum
1791 2437 2000 2490 cmleris

431 2536 682 2589 omnibus
745 2535 1002 2605 dignitate
1054 2540 1354 2602 praestaret.
1409 2530 1544 2584 Nam
1584 2540 1636 2584 et
1688 2531 1777 2584 Dei
1825 2532 1999 2586 Patris

431 2624 667 2683 Verbum
703 2635 808 2689 est,
851 2635 905 2680 et
957 2634 1144 2678 natura
1189 2624 1350 2688 Deus,
1395 2634 1450 2677 et
1485 2636 1678 2689 corpus
1719 2626 1857 2690 quod
1904 2638 1999 2690 pro

436 2720 590 2774 nobis
623 2719 674 2772 in
703 2719 921 2772 odorem
952 2717 1234 2772 suavitatis
1279 2714 1384 2768 Deo
1428 2723 1483 2768 et
1526 2712 1669 2768 Patri
1714 2713 1995 2779 oﬂ‘erebat,

434 2813 576 2867 illius
616 2812 892 2882 proprium
945 2809 1062 2865 fuit.
1122 2799 1344 2877 [inpium
1387 2817 1470 2862 est
1517 2821 1679 2878 ergo,
1733 2806 1999 2875 longeque

433 2897 900 2965 absurdissimum,
956 2915 1121 2955 unum
1181 2899 1464 2954 Dominum
1516 2906 1758 2954 nostrum
1811 2894 1991 2954 .lesu

433 2993 708 3048 Christum
740 2993 792 3046 in
822 2992 954 3046 duos
984 2991 1123 3046 ﬁlios
1164 2989 1435 3056 divellere,
1463 2990 1699 3044 maxime
1745 3004 1866 3044 eum
1909 3004 1995 3043 sa-

433 3084 807 3155 pientissimus
840 3083 1037 3137 Paulus
1081 3082 1206 3136 huic
1244 3081 1529 3136 sententia:
1579 3080 1779 3134 diserte
1823 3080 1996 3136 recla-

437 3189 563 3233 met.
593 3180 683 3232 Ait
721 3177 861 3232 enim
897 3192 910 3228 :
951 3194 969 3227 ι
1013 3173 1162 3229 Unus
1194 3173 1474 3238 Dominus,
1509 3189 1616 3227 una
1652 3172 1806 3238 ﬁdes,
1832 3186 1997 3226 unum

433 3269 701 3336 baptisma
724 3267 789 3320 ‘°.
831 3286 849 3318 ι
887 3264 1018 3319 Nam
1047 3265 1091 3319 si
1125 3280 1264 3319 unus
1300 3264 1559 3318 duntaxat
1593 3271 1676 3318 est
1716 3262 1995 3328 Dominus,

432 3374 592 3428 quem
623 3359 695 3413 illi
730 3358 784 3412 in
817 3358 949 3412 duos
983 3357 1122 3410 lilios
1152 3355 1499 3418 distrahunt,
1527 3353 1658 3418 utri,
1695 3367 1902 3422 quaeso.
1928 3366 1995 3406 ex
2033 3379 2040 3382 -

433 3449 541 3503 illis
589 3447 972 3503 dominationis
1010 3447 1233 3516 gloriam
1278 3443 1716 3513 assignabimus?
1775 3447 1857 3495 An
1903 3441 1997 3495 Dei

431 3539 611 3595 Patris
643 3538 823 3608 genito
853 3536 1066 3591 Verbo?
1089 3537 1144 3590 in
1179 3537 1321 3589 hunc
1348 3548 1598 3603 namque,
1624 3548 1744 3588 eum
1784 3532 1997 3585 univer-

432 3642 614 3684 sorum
642 3625 900 3681 Dominus
931 3626 1105 3693 reipsa
1137 3625 1242 3687 sit,
1267 3632 1320 3676 et
1353 3624 1657 3678 dominatus
1685 3635 1911 3686 nomen,
1942 3629 1998 3675 et

430 3735 522 3775 res
557 3720 674 3787 ipsa
705 3730 922 3787 quoque
952 3716 1120 3770 multo
1152 3718 1385 3771 maxime
1413 3715 1687 3768 convenit.
1721 3713 1866 3768 Cedo
1901 3728 1996 3764 au-

433 3822 566 3876 tem,
606 3825 713 3880 quo
741 3809 955 3864 interim
1005 3809 1123 3863 loco
1173 3807 1403 3860 alterum
1449 3804 1598 3859 illum
1638 3801 1998 3858 habebimus?

431 3903 566 3956 Nam
601 3915 722 3957 cum
772 3900 860 3954 hic
902 3898 1066 3969 priori
1117 3898 1220 3963 illi,
1266 3904 1453 3966 utpote
1500 3895 1726 3950 infinitis
1755 3891 1998 3963 partibus

430 3991 738 4058 excelsiori,
775 3991 898 4060 jure
930 3989 1231 4058 meritoque
1275 4002 1528 4043 cessurus
1570 3987 1659 4051 sit,
1710 3999 1992 4040 necessum

430 4093 518 4139 est
573 4092 634 4138 ut
679 4081 1061 4138 dominationis
1113 4079 1323 4134 titulum
1372 4091 1598 4147 prorsus
1643 4077 1874 4130 amittat.
1929 4077 1998 4129 At

431 4173 814 4229 dominationis
846 4173 1050 4243 gloria,
1094 4182 1152 4226 ut
1191 4171 1266 4225 illi
1312 4170 1412 4238 ipsi
1450 4169 1542 4238 qui
1583 4176 1855 4236 separant,
1912 4166 1996 4220 di-

2115 1722 2365 1792 Ἀϐραάμ
2413 1725 2618 1784 ἐκεῖνος
2662 1727 2691 1776 6
2735 1723 3048 1793 διαϐόητος,
3086 1723 3290 1784 Ἰσαὰκ,
3323 1722 3415 1774 καί
3450 1721 3670 1782 Ἰακὼϐ,

2101 1812 2305 1882 Μωσῆς
2335 1830 2415 1872 τε,
2448 1814 2544 1868 καὶ
2574 1815 2826 1885 Σαμουὴλ
2851 1853 2865 1877 ,
2901 1814 2993 1866 καὶ
3035 1815 3082 1864 οἱ
3129 1813 3359 1882 καθεξῆς
3382 1813 3673 1880 γεγονότες

2103 1898 2248 1966 ἅγιοι
2269 1917 2280 1930 ’
2315 1900 2428 1952 ἀλλ’
2450 1901 2625 1971 ὢνησε
2667 1902 2764 1971 μὲν
2795 1902 2944 1955 οὐδὲν
2973 1902 3032 1954 τὸ
3059 1902 3150 1952 ἐπὶ
3179 1901 3281 1968 γῆς
3316 1901 3422 1952 τῶν
3449 1900 3674 1969 ἀνθρὼ-

2103 2007 2218 2041 πων
2249 1989 2401 2056 γένος
2434 1992 2462 2042 6
2496 1991 2718 2045 ἐκείνων
2747 1991 2995 2056 θάνατος,
3017 1991 3222 2042 σέσωκε
3251 1989 3307 2040 δὲ
3335 1991 3362 2040 ὁ
3387 1989 3626 2059 Χριστοῦ
3653 2003 3670 2018 ο

2103 2080 2506 2149 προσκεκόμικε
2545 2082 2654 2151 γὰρ
2691 2081 2827 2151 ὑπὲρ
2860 2081 3016 2152 ἡμῶν
3045 2080 3142 2149 τὴν
3172 2079 3304 2131 ἰδίαν
3351 2081 3548 2147 σάρκα,
3573 2079 3676 2130 καὶ

2099 2170 2223 2234 δοὺς
2252 2170 2454 2240 αὐτὴνὶ
2515 2171 2591 2240 τῷ
2621 2172 2833 2240 Θανάτῳ
2879 2171 2946 2223 δι’
2989 2171 3156 2239 ἡμᾶς,
3197 2171 3402 2230 πάντας
3433 2169 3675 2233 ἐξείλετο

2099 2261 2208 2313 τῶν
2253 2261 2347 2314 τοῦ
2393 2263 2620 2315 Θανάτου
2669 2261 2902 2330 δεσμῶν.
2950 2261 3188 2329 Ἥρκεσε
3241 2259 3347 2329 γὰρ
3401 2255 3482 2321 είς
3529 2259 3675 2329 ὑπὲρ

2102 2352 2321 2404 πάντων
2370 2351 2654 2405 ἀποθανὼν
2711 2355 2738 2404 6
2789 2353 3005 2406 πάντων
3051 2351 3376 2420 ἀξιώτερος,
3431 2350 3518 2402 ὅτι
3573 2351 3676 2402 καὶ

2051 2501 2054 2504 ,
2103 2442 2265 2510 φύσει
2299 2443 2430 2504 Θεὸς
2459 2444 2486 2494 6
2516 2444 2579 2494 ὲκ
2607 2443 2816 2511 Πατρός
2849 2445 2964 2495 έστι
2990 2442 3183 2509 Λόγος,
3215 2437 3306 2493 καί
3342 2440 3469 2491 ἴδιον
3500 2437 3672 2490 αὑτοῦ

2103 2529 2282 2598 σῶμα,
2313 2530 2371 2581 τὸ
2397 2530 2535 2600 ὑπὲρ
2571 2530 2727 2600 ἡμῶν
2757 2533 2837 2593 εἰς
2860 2531 3036 2599 ὀσμὴν
3064 2530 3289 2592 εὐωδίας
3319 2529 3394 2599 τῷ
3419 2527 3540 2596 Θεῷ
3572 2529 3674 2581 καὶ

2103 2619 2279 2690 Πατρὶ
2311 2620 2870 2690 προσκεκομισμένον.
2919 2619 3127 2673 Οὐκοῦν
3175 2618 3366 2680 ἀσεϐὲς
3387 2658 3402 2681 ,
3433 2617 3529 2668 καὶ
3557 2617 3674 2668 τῶν

2099 2709 2220 2762 λίαν
2255 2710 2667 2775 ὲκτοπωτάτων,
2698 2709 2760 2762 τὸ
2783 2709 3000 2781 τέμνειν
3026 2711 3104 2774 είς
3138 2708 3284 2771 υἱοὺς
3317 2709 3417 2761 δύο
3451 2706 3537 2760 τὸν
3568 2709 3671 2760 ἕνα

2099 2800 2302 2874 Κύριον
2337 2802 2542 2873 Ἰησοῦν
2587 2803 2837 2874 Χριστόν.
2876 2801 3242 2868 Ἀντιτάξεται
3283 2799 3340 2852 δὲ
3370 2799 3552 2860 αὐτοῖς
3574 2797 3676 2849 καὶ

2103 2894 2132 2946 6
2161 2892 2467 2963 σοφώτατος
2502 2893 2712 2956 Παῦλος
2745 2893 2950 2961 λέγων’
2993 2911 3012 2943 ι
3052 2875 3148 2955 Εἷς
3182 2889 3404 2961 Κύριος,
3435 2889 3534 2958 μία
3574 2889 3675 2939 περ

2103 3002 2241 3049 στις,
2284 2983 2342 3036 ἓν
2375 2985 2676 3055 βάπτισμα.
2719 3003 2737 3035 ι
2777 2986 2838 3038 El
2865 2985 2972 3055 γάρ
3016 2984 3130 3036 ἐστι
3165 2981 3369 3051 Κύριος
3400 2974 3480 3042 εἷς
3549 2973 3678 3033 εἶτα

2101 3076 2360 3145 τέμνουσι
2384 3095 2527 3139 τινες
2565 3079 2646 3141 είς
2675 3077 2769 3130 δύο
2801 3076 2950 3138 υἱοὺς
2991 3075 3081 3128 τὸν
3113 3072 3232 3136 ἕνα,
3273 3071 3380 3123 τίνι
3424 3069 3522 3140 τὴν
3565 3069 3678 3138 τῆς

2101 3168 2422 3246 κυριότητος
2448 3167 2603 3232 δόξαν
2635 3167 3034 3238 περιθήσομεν;
3083 3161 3193 3236 ἆρα
3238 3162 3316 3232 τῷ
3359 3163 3424 3214 ὲκ
3455 3159 3681 3229 Πατρὶς

2101 3257 2263 3325 φύντι
2309 3258 2500 3329 Λόγῳ;
2534 3257 2738 3328 πρέπει
2787 3257 2897 3328 γὰρ
2943 3255 3088 3324 αὑτῷ
3116 3254 3175 3307 τὸ
3205 3255 3303 3322 τῆς
3350 3250 3679 3321 κυριότητος

2101 3347 2276 3418 ὄνομά
2299 3364 2356 3399 τε
2392 3348 2628 3417 μάλιστα
2655 3347 2746 3400 καὶ
2771 3345 2980 3416 χρῆμα,
3009 3343 3105 3396 καὶ
3132 3341 3278 3395 ἔστιν
3316 3340 3532 3410 ἀληθῶς
3559 3338 3677 3390 τῶν

2101 3438 2239 3491 ὅλων
2270 3439 2566 3507 Δεσπότης.
2601 3431 2736 3490 Εἶτα
2770 3437 2892 3489 ὅποι
2921 3435 3051 3487 ποτὲ
3077 3433 3169 3486 τὸν
3197 3433 3381 3504 ἕτερον
3398 3431 3675 3501 θήσομεν;

2101 3528 2208 3593 ἔξω
2256 3529 2364 3600 γάρ
2393 3529 2635 3583 κείσεται
2669 3527 2761 3581 τοῦ
2790 3523 2928 3581 εἶναι
2965 3524 3190 3596 Κύριος,
3216 3523 3558 3596 παραχωρῶν
3596 3522 3679 3591 τῷ

2101 3620 2534 3691 προῦπὰρχοντι,
2576 3619 2671 3671 καὶ
2703 3616 3051 3688 ἀσυγκρίτως
3087 3615 3472 3686 ὐπερηρμένῳ.
3507 3611 3678 3664 Ἀλλά

2101 3712 2180 3783 τῷ
2210 3713 2274 3764 ἐκ
2303 3711 2578 3779 γυναικὸς,
2609 3709 2684 3772 ὡς
2717 3709 2869 3762 αὐτοί
2910 3724 3075 3777 φασιν
3109 3703 3542 3768 ἀποδιιστάντες,
3571 3702 3680 3764 τὴν

2100 3803 2202 3873 τῆς
2255 3801 2572 3872 κυριότητος
2621 3799 2898 3870 ἀνάψομεν
2937 3798 3112 3862 δόξαν.
3164 3791 3300 3850 Εἶτα
3349 3795 3469 3857 πῶς
3521 3793 3680 3846 ἔσται

2102 3893 2306 3962 Κύριος
2346 3895 2375 3944 6
2415 3893 2478 3944 ἐκ
2517 3890 2652 3944 Θεοῦ
2688 3890 2901 3962 Πατρδς
2939 3890 3132 3956 Λόγος,
3185 3889 3337 3957 εἴπερ
3371 3885 3524 3948 ὄντος
3554 3884 3679 3944 ἑνὸς

2100 3982 2328 4052 Κυρίου,
2363 3981 2505 4034 κατά
2548 3981 2647 4044 τὰς
2694 3980 2952 4052 Γραφάς,
2998 3977 3270 4050 ἀνθρώπῳ
3299 3975 3440 4045 ψιλῷ
3477 3974 3540 4028 τὸ
3573 3974 3678 4043 τῆς

2101 4072 2418 4144 κυριότητος
2443 4073 2611 4142 ὄνομα
2637 4070 3008 4142 χαριούμεθα;
3057 4069 3181 4132 Πῶς
3217 4067 3273 4120 δὲ
3304 4068 3399 4119 καὶ
3448 4064 3547 4134 μία
3583 4062 3680 4114 πί-

2102 4179 2254 4228 στις;
2283 4164 2315 4233 ἢ
2348 4163 2462 4226 πῶς
2487 4163 2545 4215 ἓν
2569 4163 2630 4215 τὸ
2655 4163 2969 4233 βάπτισμα;
3001 4161 3066 4214 El
3095 4162 3202 4230 γὰρ
3230 4159 3334 4210 υίοὶ
3362 4156 3485 4222 δύο,
3532 4155 3680 4208 κατὰ

429 4273 584 4327 cunt,
617 4279 648 4318 e
682 4265 905 4318 muliere
936 4271 1198 4333 prognata
1227 4261 1514 4315 tribuetur.
1543 4257 1677 4313 Cum
1718 4257 1882 4326 igitur
1909 4272 1997 4312 sa-

2104 4273 2275 4317 τινας,
2319 4255 2398 4317 εἰς
2437 4255 2558 4306 τίνα
2606 4253 2967 4322 πιστεύομεν;
3012 4251 3125 4320 Τῆς
3164 4248 3386 4302 ἐκείνων
3431 4245 3676 4316 ἀμαθίας

430 4367 646 4406 orarum
698 4349 1025 4407 Litterarum
1081 4351 1418 4414 testimonio,
1458 4365 1598 4404 unus
1649 4358 1860 4403 tantum
1920 4348 1994 4402 sit

427 4443 727 4508 Dominus;
763 4445 807 4498 si
837 4443 1219 4497 dominationis
1260 4440 1575 4496 vocabulum
1607 4440 1750 4494 nudo
1785 4439 1992 4495 homini

2101 4344 2262 4415 ἔργον
2303 4344 2368 4398 ἂν
2400 4342 2484 4414 είη
2514 4343 2713 4410 λέγειν,
2763 4342 2842 4405 εἴς
2871 4360 2925 4411 γι
2979 4342 3125 4404 τίνος
3185 4340 3354 4410 ὄνομα
3406 4335 3676 4408 βεϐαπτί-

2103 4435 2298 4506 σμεθα,
2329 4435 2504 4489 καίτοι
2538 4435 2910 4505 βαπτίσματος
2947 4433 3097 4496 ὄντος
3127 4433 3263 4493 ἑνός.

431 4535 797 4607 impartimur,
855 4536 1126 4605 quomodo
1167 4533 1258 4588 Dei
1302 4532 1478 4587 Patris
1540 4533 1775 4588 Verbum
1834 4531 2216 4588 dominationis
2276 4529 2634 4599 appellatione
2681 4526 3502 4592 cohunestabitnus?Quomodo
3549 4537 3680 4576 rura

427 4643 546 4682 sum
599 4642 701 4680 una
732 4627 840 4700 erit~
866 4627 1019 4690 ﬁdes,
1043 4636 1100 4682 et
1145 4643 1308 4682 unum
1365 4628 1492 4682 item
1547 4625 1854 4695 baptisma?
1890 4624 2023 4680 Nam
2065 4626 2110 4680 si
2142 4624 2246 4679 duo
2295 4631 2420 4678 sunt
2450 4621 2567 4686 lilii,
2611 4631 2669 4674 ut
2707 4621 2924 4690 quidam
2963 4620 3269 4689 Opinantur,
3307 4618 3362 4671 in
3397 4629 3558 4685 quem
3607 4629 3678 4668 ex

427 4721 534 4775 illis
569 4718 881 4775 credimus?
917 4719 1401 4784 Illorum‘inscitiaz
1442 4719 1548 4776 erit
1597 4719 1808 4784 dicere,
1844 4717 1898 4773 in
1937 4716 2095 4788 cujus
2129 4715 2292 4772 etiam
2340 4713 2558 4769 nomine
2630 4713 2883 4781 baptizati
2948 4725 3171 4776 sumus,
3223 4724 3346 4765 cum
3399 4723 3566 4761 unum
3604 4706 3683 4761 sit

430 4813 716 4879 baptisma.
999 4880 1002 4886 ι
1193 4872 1195 4874 .

500 4907 632 4962 Vlll.
667 4906 920 4978 lntelligit
949 4906 1234 4976 prudentia
1273 4913 1451 4962 vestra
1495 4907 1779 4976 perspicue
1802 4948 1816 4974 ,
1847 4906 1990 4962 insa-

429 5015 553 5054 nam
583 4999 723 5054 hanc
757 4999 1056 5053 doctrinam
1095 4997 1147 5051 in
1182 5011 1428 5066 magnam
1476 4996 1859 5051 absurditatem
1910 4995 1996 5050 in-

425 5091 654 5155 clinare,
688 5091 797 5144 imo
823 5106 953 5146 vero
988 5091 1041 5144 in
1080 5100 1378 5144 extremam
1434 5089 1763 5158 impietatem
1807 5088 1998 5158 praeci-

428 5178 589 5246 pitem
624 5177 774 5232 ferri.
800 5178 1061 5233 Existimo
1089 5187 1269 5233 autem
1297 5191 1411 5244 vos,
1439 5192 1560 5247 qua:
1592 5177 1831 5232 divinum
1863 5176 1993 5234 illud

2174 4902 2257 4957 H'.
2293 4901 2431 4955 Ἀλλ’
2460 4901 2563 4971 ὁρᾷ
2597 4917 2700 4954 που
2726 4899 2943 4963 πάντως
2982 4899 3016 4968 ἡ
3046 4899 3104 4950 ὲν
3133 4896 3258 4967 ὑμῖν
3296 4893 3547 4965 ἀγχίνοια
3585 4909 3680 4964 με-

2105 4992 2306 5047 Θύοντά
2329 5010 2389 5047 τε
2439 4992 2532 5044 τὸν
2561 4991 2656 5044 ἐπὶ
2687 4990 2861 5060 τούτῳ
2897 4988 3074 5057 λόγον,
3123 4988 3219 5041 καὶ
3248 4983 3677 5053 κατασειόμενσν

2103 5087 2181 5148 είς
2204 5101 2269 5152 γε
2317 5083 2379 5136 τὸ
2410 5082 2661 5148 ἀκαλλὲς,
2715 5081 2914 5152 μᾶλλον
2957 5080 3058 5150 ήδη
3109 5079 3204 5132 καὶ
3249 5077 3388 5147 πρὸς
3433 5075 3674 5145 ἐσχάτην

2105 5176 2359 5232 ἀσέϐειαν
2381 5171 2973 5246 ἀπονενευκότα.οίμαι
2995 5172 3054 5227 δὲ
3076 5171 3184 5226 δεῖν
3199 5171 3226 5214 ι
3249 5171 3414 5241 ὑμᾶς,
3437 5167 3501 5222 τὸ
3523 5166 3675 5222 θεῖον

510 5333 554 5363 ⁸³
591 5333 759 5388 lCor.
795 5348 884 5399 xv,
920 5333 1005 5388 15.
1085 5334 1128 5365 ⁶⁹
1154 5333 1327 5404 Ephes
1357 5348 1432 5398 tv,
1459 5334 1509 5390 5.

1499 5490 1674 5548 Variae
1704 5494 1961 5552 lectiones
1999 5496 2200 5553 codicis
2232 5497 2588 5570 Seguieriani.

505 5624 520 5674 1
559 5625 766 5682 ἑαυτόν.
804 5625 965 5679 αὐτόν
994 5625 1046 5680 in
1070 5641 1170 5682 ms.
1205 5625 1574 5695 Seguieriauo.
1657 5628 1682 5667 ιι
1707 5629 1790 5698 δή.
