3910 6200
270 237 408 293 1209

1363 236 1451 292 DE
1498 237 1723 297 RECTA
1763 237 1918 293 FIDE
1956 239 2050 293 AD
2095 236 2414 294 REGINAS.

3360 235 3496 290 1210

267 343 432 399 αὑτοῦ
481 347 1042 416 πολυπραγμονούσας
1088 348 1404 420 μυστήριον,
1450 349 1562 415 ὀξεῖ
1599 350 1812 404 διανοίαε

1938 353 2137 408 Christi
2189 351 2508 422 mysterium
2560 351 2864 407 accuratius
2909 348 3238 421 expenditis,
3290 349 3495 419 perspi-

263 434 474 506 ὄμματι
517 433 753 505 καθορᾷν
797 437 924 500 τοὺς
974 440 1340 509 συναρπάζειν
1375 439 1689 504 ἐθέλοντας,
1734 442 1827 494 καὶ

265 527 604 593 προσωπεῖον
636 525 737 594 μὲν
788 527 1008 590 εὐσεϐὲς
1041 531 1154 593 τοῖς
1186 530 1337 595 ἰδίοις
1365 533 1828 602 περιπλάττοντας

265 614 464 682 λόγοις,
497 614 701 683 βολίδος
725 633 786 684 γε
814 617 920 687 μὴν
950 620 1164 690 ἁπάσης
1205 620 1457 692 ὀξύτερον
1481 622 1700 692 ἔχοντας
1727 624 1826 676 αὐ-

264 706 408 768 τούς.
449 705 762 774 Ἀρνοῦντσι
799 707 898 777 μὲν
929 709 1056 779 γὰρ,
1096 712 1219 764 ὅσον
1248 707 1382 784 ἦκεν
1411 714 1584 767 εἰπεῖν
1611 717 1693 777 είς
1731 715 1826 768 δύ-

263 811 427 864 ναμιν
454 795 714 863 ἀληθείας
735 838 750 860 ,
806 799 897 850 τὸν
929 799 1273 869 ἀγοράσαντα
1303 802 1498 866 αὐτοὺς
1525 805 1822 876 Δεσπότην,

263 884 511 936 τουτέστι
539 885 795 954 Χριστόν.
828 887 1070 952 Δεδιὸτες
1114 890 1169 941 δὲ
1215 890 1322 943 τῶν
1367 891 1606 944 εὐσεϐεῖν
1637 895 1825 948 εἰωθό-
1869 921 1873 925 -

261 990 371 1024 των
409 973 510 1036 τὰς
555 974 650 1026 ἐπὶ
680 975 814 1044 τῷδε
895 976 1107 1044 λύπας,
1164 980 1257 1032 καὶ
1302 983 1482 1051 μέντοι
1526 983 1685 1054 ζῆλον
1735 985 1825 1038 τὸν

260 1065 588 1132 ἀξιάγαστον
617 1105 629 1128 ,
663 1067 1040 1136 ὁμολογοῦσιν,
1081 1072 1163 1124 ὅτι
1211 1073 1304 1125 καὶ
1347 1072 1479 1136 Θεός
1520 1076 1665 1127 ἐστιν
1701 1077 1729 1128 ό
1761 1077 1825 1128 ὲκ

257 1154 361 1223 τῆς
405 1155 566 1222 ἁγίας
595 1157 871 1226 Παρθένου
901 1162 1317 1230 γεγεννημένος,
1353 1163 1444 1215 καὶ
1473 1165 1578 1233 μὴν
1618 1166 1699 1218 ὅτι
1728 1167 1823 1218 καὶ

259 1243 464 1314 Κύριος
491 1285 506 1307 ,
563 1245 656 1297 καὶ
704 1247 831 1308 Υἱὸς
880 1249 974 1301 τοῦ
1016 1250 1172 1304 Θεοῦ.
1216 1253 1325 1304 Καὶ
1365 1255 1414 1305 εί
1461 1255 1559 1324 μέν
1591 1273 1674 1318 τις
1713 1255 1822 1310 τῶν

269 1333 459 1387 ἁπλῶν
485 1335 611 1398 τοὺς
642 1337 772 1408 παρ’
800 1338 980 1391 αὐτῶν
1020 1339 1240 1412 δέξηται
1269 1342 1482 1412 λόγους,
1503 1351 1680 1416 νομιεῖ
1694 1367 1819 1415 που,

259 1422 400 1474 κατὰ
419 1423 480 1475 τὸ
523 1425 689 1490 είκδς,
734 1426 867 1497 ὀρθὰ
894 1430 988 1481 καὶ⁸
1019 1433 1202 1484 εἰκότα
1231 1432 1427 1502 λέγειν,
1458 1437 1550 1488 καὶ
1576 1440 1688 1501 τοῖς
1720 1439 1821 1508 τῆς

259 1513 519 1584 ἀληθείας
553 1517 652 1570 οὐκ
683 1518 956 1590 ἀπᾴδοντα
978 1521 1264 1592 δόγμασιν.
1281 1527 1356 1578 ,Εί
1376 1527 1430 1579 δὲ
1456 1528 1518 1598 δή
1541 1546 1625 1594 τις
1649 1530 1821 1584 ἕλοιτο

258 1608 584 1677 κατισχνοῦν
638 1613 758 1673 ταῖς
799 1611 1046 1682 ἐρεύναις
1095 1615 1326 1680 αὐτοὺς,
1380 1620 1475 1671 καὶ
1522 1620 1583 1672 τὸ
1616 1621 1814 1692 ἀκριϐῆ

260 1700 529 1750 ποιεῖσθαι
574 1699 679 1752 τῶν
721 1703 1023 1773 εἰρημένων
1055 1706 1152 1776 τὴν
1200 1707 1451 1787 βάσανον,
1487 1712 1584 1781 οὐχ
1619 1711 1820 1766 ἁπλοῦν

259 1788 499 1858 εὑρήσει.
526 1790 646 1842 Εἰσὶ
673 1792 769 1861 μὲν
799 1793 906 1863 γὰρ
932 1794 1042 1848 θεοὶ
1071 1797 1277 1864 πολλοὶ,
1305 1801 1399 1852 καὶ
1427 1801 1606 1872 κύριοι
1639 1804 1822 1858 πολλοὶ

258 1876 315 1930 εν
347 1895 407 1930 τε
441 1880 656 1950 οὐρανῷ
688 1882 782 1934 καλ⁵
809 1884 902 1936 ἐπὶ
935 1885 1032 1955 τῆς
1057 1887 1179 1956 γῆς,
1202 1889 1342 1942 καθᾶ
1376 1892 1469 1944 καὶ
1496 1894 1524 1944 ὁ
1555 1897 1820 1966 μακάριος

258 1969 390 2036 ἡμῖν
424 1969 625 2038 γράφει
657 1969 886 2034 Παῦλος.
929 1991 947 2024 ι
995 1974 1154 2027 Ἀλλὰ
1193 1978 1323 2046 ἡμῖν
1361 1977 1440 2042 εἷς
1485 1981 1616 2044 Θεὸς
1643 1983 1672 2033 ό
1703 1985 1815 2035 Πα-

253 2058 358 2128 τὴρ
378 2098 393 2122 ,
438 2059 498 2123 ἐξ
525 2056 584 2114 οῦ
613 2061 679 2115 τὰ
715 2063 892 2116 πάντα
913 2103 928 2129 ,
976 2066 1072 2119 καὶ
1106 2069 1265 2138 ἡμεῖς
1291 2071 1370 2133 είς
1394 2072 1586 2126 αὐτόν’
1617 2075 1712 2127 xei.
1740 2070 1820 2139 εἷς

253 2147 457 2218 Κύριος
493 2150 699 2218 Ἰησοῦς
726 2152 981 2222 Χριστὸς,
1005 2153 1074 2207 δι’
1102 2150 1161 2209 οῦ
1191 2159 1259 2210 τὰ
1292 2159 1490 2222 πάντα,
1535 2163 1629 2214 καὶ
1656 2164 1818 2233 ἡμεῖς

252 2238 321 2291 δι’
351 2240 536 2293 αὐτοῦ.
562 2259 580 2290 ι
613 2242 758 2312 Πλὴν
785 2244 912 2296 ὅταν
942 2245 1146 2314 Ἰησοῦν
1172 2249 1403 2319 Χριστὸν
1432 2253 1811 2324 ὀνομάζωμεν,

250 2327 342 2381 τὸν
384 2330 448 2381 ἐκ
492 2329 624 2382 Θεοῦ
671 2332 886 2402 Πατρὺς
934 2335 1105 2405 Λόγον
1155 2338 1212 2388 ὲν
1259 2338 1572 2412 ἀνθρωπεία
1631 2348 1811 2414 μορφῇ

252 2419 529 2488 πεφηνότα
561 2422 914 2493 σημαίνομεν,
943 2427 1038 2479 οὐκ
1063 2429 1120 2480 ἐν
1147 2429 1364 2499 χάριτος
1399 2433 1554 2502 μέρει
1592 2436 1684 2487 καὶ
1713 2437 1812 2486 ἐπι

249 2509 414 2561 ακτὸν
464 2510 661 2576 ἔξωθεν
709 2513 900 2582 ἔχοντα
944 2517 1002 2569 τὸ
1045 2516 1291 2587 ἀξίωμα,
1337 2521 1470 2574 ἀλλὰ
1500 2523 1628 2577 ὄντα
1657 2525 1812 2578 τοῦτο

249 2597 387 2650 κατὰ
418 2599 696 2668 ἀλήθειαν,
741 2604 878 2674 ὅπερ
921 2601 1064 2660 εἶναι
1103 2609 1478 2664 πεπίστευται.
1525 2613 1655 2676 Θεὸς
1705 2617 1811 2686 γὰρ

246 2688 320 2741 ὢν
346 2689 505 2758 φύσει
536 2693 628 2745 καὶ
655 2693 777 2764 δίχα
816 2697 1036 2766 σαρκὸς,
1074 2698 1349 2768 μεμένηκε
1379 2700 1509 2764 Θεὸς
1547 2704 1640 2756 καὶ
1673 2706 1810 2773 μετὰ

247 2782 479 2851 σαρκός·
513 2783 608 2836 καὶ
650 2784 777 2848 Υἱὸς
801 2786 877 2838 ὢν
906 2787 1064 2854 φύσει
1097 2791 1191 2844 καὶ
1243 2792 1347 2862 πρὸ
1382 2794 1600 2864 σαρκὸς,
1639 2798 1808 2866 μεμέ-

245 2886 407 2939 νηκεν
432 2869 559 2933 Υίὸς
601 2871 696 2925 καὶ
733 2873 869 2944 ὅπερ
898 2873 914 2912 1
949 2875 1138 2944 γέγονε
1183 2877 1352 2947 σάρξ·
1383 2879 1474 2932 καὶ
1502 2880 1701 2951 Κύριος
1734 2881 1808 2936 ὢν

246 2959 460 3030 ἀληθῶς
497 2961 606 3014 τῶν
638 2962 793 3029 ὅλων,
829 2967 886 3017 ὲν
933 2968 1108 3038 τοιᾷδε
1154 2969 1317 3022 πάλιν
1364 2971 1554 3041 ὁρᾶται
1597 2973 1721 3046 δόξῃ
1745 2986 1804 3036 σι,

248 3051 339 3104 καὶ
367 3052 426 3103 ὲν
455 3053 835 3126 ἁνθρωπότητι
866 3058 1123 3126 γεγονώς.
1149 3060 1354 3114 Οὐκοῦν
1385 3065 1432 3115 εἰ
1460 3064 1591 3117 Θεὸν
1620 3065 1808 3133 ἀληθι-

243 3142 334 3195 νὸν
368 3138 506 3196 εῖναι
537 3143 752 3212 λέγουσι
788 3147 880 3199 τὸν
908 3148 970 3200 ὲκ
996 3150 1093 3218 τῆς
1123 3149 1282 3218 ἁγίας
1318 3153 1591 3224 Παρθένου
1617 3171 1806 3224 γεγεν-

245 3231 496 3300 νημένον,
535 3235 783 3287 τουτέστι
810 3235 899 3290 τὸν
929 3239 991 3290 ἐκ
1026 3239 1158 3291 Θεοῦ
1191 3241 1401 3311 Πατρδς
1439 3243 1632 3312 Λόγον,
1669 3246 1807 3299 κατὰ

243 3322 408 3390 φύσιν
439 3324 708 3378 ὲνωθέντα
739 3329 924 3399 σαρκὶ,
943 3329 1030 3382 διὰ
1058 3330 1111 3382 τί
1141 3331 1374 3386 δεδίασιν
1403 3335 1805 3404 ὀμολογεῖν,ὃτι

240 3413 499 3477 Θεοτόκος
535 3417 741 3486 ἐστὶνὴ
776 3419 904 3486 ἁγία
933 3421 1240 3491 Παρθένος;
1281 3424 1442 3478 Ἀλλὰ
1470 3427 1669 3490 σκοπὸς
1708 3429 1805 3481 αὐ-

243 3505 356 3565 τοῖς
385 3503 817 3560 ὑποπλάττεσθαι
848 3509 966 3577 μὲν,
1001 3511 1093 3562 καὶ
1123 3510 1320 3579 λέγειν,
1343 3515 1423 3566 ὅτι
1456 3516 1543 3568 ναὶ
1569 3517 1660 3570 καὶ
1676 3519 1806 3582 Θεός

240 3591 381 3649 ἐστι,
428 3593 522 3644 καὶ
567 3592 770 3664 Κύριος
795 3634 809 3658 ,
839 3597 932 3648 καὶ
967 3597 1272 3670 συνεδρεύει
1316 3600 1392 3670 τῷ
1441 3603 1635 3673 Πατρί.
1669 3607 1798 3674 Φρο-

241 3681 394 3733 νοῦσί
421 3699 484 3750 γε
534 3683 640 3753 μὴν
667 3685 765 3754 οὐχ
793 3685 934 3738 οῦτω
978 3690 1118 3741 κατὰ
1166 3689 1444 3759 ἀλήθειαν,
1477 3693 1594 3747 ἀλλ’
1639 3697 1714 3761 ὡς
1747 3701 1803 3752 ὲν

238 3773 460 3845 χάριτος
507 3773 683 3847 μέρει,
716 3775 810 3828 καὶ
845 3777 920 3839 ὡς
951 3779 1016 3831 ὲκ
1056 3783 1334 3853 προκοπῆς
1380 3783 1624 3839 δεδόσθαι
1671 3790 1802 3856 φασὶ

237 3863 316 3933 τῷ
365 3865 430 3916 ὲκ
465 3865 563 3932 τῆς
611 3866 772 3933 ἁγίας
820 3867 1095 3938 Παρθένου
1127 3871 1288 3942 κοινῷ
1341 3873 1459 3926 καθ’
1513 3877 1660 3945 ἡμᾶς
1707 3880 1800 3932 ἁν-

236 3955 440 4026 Θρὼπῳ
469 3960 851 4030 γεγεννημένῳ
891 3962 992 4032 τήν
1040 3979 1099 4016 τε
1138 3965 1236 4036 τῆς
1277 3965 1520 4038 υίότητος
1564 3971 1658 4022 καὶ
1701 3971 1802 4042 τῆς

237 4049 559 4118 κυριότητος
596 4049 773 4114 δόξαν.

304 4295 380 4370 ῤ’.
415 4317 535 4370 Ὅτι
559 4319 616 4372 δὲ
645 4321 737 4373 καὶ
765 4321 797 4390 ἡ
836 4321 1122 4388 Θεοτόκος
1169 4325 1320 4397 φωνὴ
1351 4326 1444 4381 καὶ
1488 4329 1668 4394 αὐτοῖς
1707 4331 1800 4400 γέ·
1832 4363 1876 4418 D

230 4425 357 4475 γονε
389 4409 625 4480 συνήθης
651 4413 762 4475 τοῖς
790 4412 896 4482 πρὸ
923 4413 1078 4483 ἡμῶν
1109 4415 1284 4483 ἁγίοις
1311 4418 1607 4489 Πατράσιν,
1629 4421 1678 4474 οἳ
1705 4423 1798 4476 καὶ

230 4500 321 4550 ἐπ’
350 4500 484 4570 ὀρθῇ
511 4499 879 4572 θαυμάζονται
903 4506 1103 4568 πίστει,
1121 4508 1214 4560 καὶ
1244 4509 1322 4573 είς
1347 4509 1506 4582 δεῦρο
1529 4514 1662 4567 πᾶσι
1685 4517 1796 4579 τοῖς

227 4590 334 4646 ἀνὰ
368 4591 570 4654 πᾶσαν,
605 4591 680 4654 ὡς
709 4591 837 4655 ἔπος
875 4596 1066 4660 εἰπεῖν,
1110 4595 1210 4665 τὴν
1255 4596 1349 4649 ὑπ’
1384 4598 1634 4669 οὐρανὸν,
1684 4601 1794 4654 δεῖν

225 4680 418 4751 ᾠήθην
445 4681 659 4751 ἀληθῶς
686 4683 982 4752 ἀποφῆναι.
1006 4685 1125 4738 Ἵνα
1148 4686 1256 4756 γὰρ
1293 4688 1365 4757 μὴ
1395 4687 1608 4761 δοκοίην
1629 4691 1689 4743 τὸ
1714 4692 1794 4755 είς

226 4772 354 4823 νοῦν
398 4767 534 4842 ἧκον
581 4772 768 4836 ἁπλῶς
797 4773 1171 4838 ἀϐασανίστως
1200 4775 1396 4843 λέγειν,
1429 4781 1492 4832 ἐκ
1520 4780 1628 4834 τῶν
1656 4782 1795 4835 ὲκεί-

228 4881 343 4924 νοις
393 4865 775 4934 πεποιημένων
825 4863 1044 4934 βιϐλίων
1091 4865 1149 4918 ὲν
1186 4867 1483 4942 Ἐκκλησία
1506 4882 1534 4909 ιι
1558 4914 1573 4938 ,
1613 4873 1680 4926 τὰ
1714 4876 1793 4941 είς

223 4955 388 5008 τοῦτο
436 4957 685 5027 χρήσιμα
732 4955 1189 5025 συνεισενεγκὼν,
1258 4961 1352 5011 καὶ
1396 4963 1662 5032 παραθεὶς
1713 4968 1793 5032 είς

223 5047 526 5115 ἀπόδειξιν,
550 5050 946 5122 κατασφραγιῶ
972 5056 995 5084 ο
1022 5051 1102 5114 είς
1123 5049 1379 5120 ἀλήθειαν
1399 5056 1524 5117 τοὺς
1548 5056 1791 5125 ἐμαυτοῦ

222 5139 440 5209 λόγους.
462 5141 608 5210 Ἔφη
641 5141 818 5194 τοίνυν
841 5141 916 5205 ὡς
939 5141 1154 5212 ἀληθῶς
1177 5143 1206 5195 ὁ
1233 5145 1630 5216 τρισμακάριος
1651 5149 1745 5202 καὶ
1761 5160 1790 5201 P

297 5293 343 5327 ⁷³
375 5291 395 5348 l
428 5293 552 5352 Cor.
579 5309 696 5363 Vill,
726 5296 778 5350 6.

1292 5454 1464 5510 Varia:
1495 5453 1754 5510 lectiones
1781 5457 1983 5513 codicis
2013 5458 2371 5530 Seguieriani.

305 5585 324 5626 ι
357 5587 468 5641 ὅτε.

1934 445 2044 499 caci
2078 445 2274 498 mentis
2309 444 2468 500 oculo
2506 443 2624 500 illos
2659 444 3053 508 internoscere,
3091 441 3180 511 qui
3230 441 3495 510 imposta—

1930 549 2046 589 ram
2075 535 2389 601 moliuntur,
2419 535 2762 604 orationique
2800 548 2910 590 sua:
2958 533 3171 604 pietatis
3207 545 3492 601 personam

1931 624 2212 690 inducunt,
2247 639 2369 680 cum
2398 624 2588 694 quovis
2619 624 2840 678 interim
2870 620 3333 690 venenatojaculo
3373 632 3490 672 ma-

1928 713 2012 783 gis
2049 712 2250 768 feriant
2277 728 2292 766 :
2326 728 2448 767 nam
2475 713 2520 768 si
2548 713 2692 782 quod
2720 726 2806 766 res
2829 713 2940 780 ipsa
2965 719 3068 774 est,
3103 708 3277 779 palam
3306 707 3486 761 dicere

1929 802 2076 868 licet,
2130 803 2414 858 Dominum
2469 803 2559 872 qui
2609 817 2702 857 eos
2749 802 2996 864 redemit,
3044 801 3146 853 hoc
3187 806 3290 863 est,
3325 794 3487 850 Chri-

1927 901 2092 958 stum,
2152 893 2480 948 inﬁciantur.
2539 892 2931 948 Verumtamen
2996 889 3204 959 piorum
3247 888 3315 940 ob
3353 886 3488 938 hanc

1928 999 2040 1039 rem
2089 983 2476 1050 offensionem,
2534 984 2816 1052 zelumque
2867 978 3210 1035 aemulatione
3269 975 3488 1044 dignum

1928 1085 2251 1141 metuentes,
2282 1091 2403 1132 eum
2439 1076 2530 1146 qui
2563 1091 2629 1130 ex
2663 1089 2817 1130 sacra
2856 1071 3069 1141 Virgine
3101 1078 3256 1123 natus
3291 1076 3406 1128 est,
3437 1073 3490 1118 et

1927 1169 2090 1222 Deum
2124 1181 2178 1224 et
2201 1167 2511 1231 Dominum,
2539 1165 2595 1222 εἰ
2639 1165 2734 1220 Dei
2768 1165 2961 1219 Filium
2989 1176 3112 1218 esse
3140 1159 3482 1230 proﬁtentur.

1924 1255 2078 1322 Quod
2107 1256 2154 1311 si
2198 1259 2290 1326 qui
2335 1271 2401 1311 ex
2444 1253 2758 1311 rudioribus
2807 1253 3016 1308 illorum
3047 1262 3321 1305 sermones
3354 1245 3490 1299 forte

1924 1347 2198 1414 hauriunt,
2223 1356 2372 1402 recta
2393 1361 2539 1412 mox,
2560 1355 2625 1400 ut.
2652 1343 2931 1414 probabile
2961 1351 3063 1406 est,
3084 1349 3136 1394 et
3165 1338 3271 1410 47
3291 1349 3486 1392 conve-

1922 1437 2144 1502 nientia,
2179 1446 2374 1506 etquae
2406 1452 2438 1492 a
2470 1438 2700 1492 veritate
2727 1451 2831 1489 non
2867 1431 3226 1493 dissentiant,
3257 1427 3374 1480 illos
3409 1425 3485 1478 lo-

1919 1526 2014 1594 qui
2040 1525 2392 1578 arbitrantur.
2441 1525 2640 1580 Verum
2675 1526 2767 1592 qui
2807 1523 2950 1576 dicta
2997 1519 3208 1573 illorum
3246 1514 3485 1569 exactius

1921 1625 2352 1684 perscrutantur,
2384 1615 2624 1684 etjustis
2654 1613 2983 1685 ponderibus
3031 1608 3365 1672 examinant,
3402 1605 3485 1657 ni-

1924 1705 1996 1759 hil
2042 1720 2146 1760 non
2186 1707 2426 1760 fucatum
2463 1721 2528 1760 ac
2577 1706 2891 1774 perplexum
2946 1699 3284 1770 comperiunt
3315 1714 3331 1752 :
3364 1705 3490 1752 sunt

1919 1796 2062 1853 enim
2091 1796 2163 1851 dii
2197 1795 2352 1852 multi
2388 1805 2444 1853 et
2492 1795 2696 1853 domini
2742 1793 2914 1858 multi,
2957 1801 3012 1848 et
3056 1791 3109 1847 in
3156 1788 3294 1845 coelo
3331 1798 3388 1843 et
3432 1787 3485 1842 in

1919 1895 2085 1953 terra,
2108 1887 2562 1957 quemadmodum
2598 1887 2810 1942 divinus
2844 1884 3042 1938 Paulus
3085 1881 3346 1949 scriptum
3383 1892 3491 1931 no-

1918 1979 2001 2034 bis
2033 1978 2293 2048 reliquit:
2342 1997 2361 2030 ι
2403 1977 2570 2032 Nobis
2609 1986 2786 2032 tamen
2831 1991 2970 2031 unus
3005 1983 3087 2030 est
3127 1973 3265 2027 Deus
3301 1970 3483 2033 Pater,

1915 2083 1982 2124 ex
2013 2083 2119 2138 quo
2142 2070 2347 2135 omnia,
2382 2077 2438 2123 et
2484 2082 2582 2123 nos
2627 2067 2681 2122 in
2723 2067 2915 2122 illum:
2961 2075 3017 2120 et
3053 2077 3193 2118 unus
3230 2060 3484 2114 Dominus

1917 2168 2100 2215 noster
2131 2158 2288 2215 Jesus
2320 2159 2586 2226 Christus,
2621 2173 2715 2229 per
2747 2172 2906 2227 quem
2936 2155 3138 2216 omnia,
3175 2159 3227 2206 et
3262 2163 3358 2204 nos
3387 2161 3482 2215 per

1914 2249 2092 2318 ipsum
2116 2250 2183 2302 "°.
2221 2269 2240 2301 ι
2272 2250 2537 2304 Caeterum
2581 2263 2702 2304 cum
2743 2249 2837 2303 Dei
2885 2245 3062 2299 Patris
3089 2243 3324 2297 Verbum
3371 2237 3481 2292 bu-

1916 2355 2071 2393 mana
2106 2338 2276 2394 forma
2307 2340 2578 2414 indutum,
2609 2338 2790 2394 Jesum
2818 2336 3092 2392 Christum
3116 2333 3478 2393 nominamus,

1913 2431 2229 2500 dignitatem
2263 2432 2410 2486 hanc
2442 2447 2548 2486 non
2584 2433 2792 2484 muneri
2825 2429 3032 2491 datam,
3063 2435 3158 2480 aut
3189 2424 3237 2478 ei
3268 2421 3474 2477 extrin-

1911 2533 2068 2574 secus
2102 2519 2454 2573 adventitiam
2491 2518 2749 2588 obtigisse
2783 2515 3180 2586 signiﬁcamus;
3216 2512 3308 2565 sed
3337 2511 3478 2578 quod

1911 2612 2175 2666 creditum
2207 2619 2463 2674 estesse,
2500 2611 2601 2663 hoc
2636 2610 2807 2677 ipsum
2850 2606 3150 2662 secundum
3197 2602 3476 2664 veritatem

1911 2713 2031 2755 esse
2055 2700 2375 2754 indicamus.
2402 2699 2536 2753 Nam
2564 2714 2686 2754 cum
2720 2706 2874 2752 extra
2903 2712 3123 2752 carnem
3165 2704 3351 2764 suapte
3383 2708 3478 2748 na-

1913 2800 2035 2845 tura
2075 2791 2213 2846 Deus
2244 2799 2412 2856 esset,
2445 2801 2800 2863 posteaquam
2849 2803 3064 2844 carncm
3115 2787 3304 2852 induit,
3339 2785 3478 2840 Deus

1909 2897 2030 2938 «se
2066 2896 2170 2937 non
2216 2881 2444 2936 destitit.
2503 2880 2734 2936 Rursum
2791 2896 2917 2936 cum
2970 2889 3094 2933 ante
3148 2885 3475 2945 assumptam

1913 2988 2134 3030 carnem
2190 2972 2456 3027 naturalis
2506 2973 2598 3028 Dei
2658 2972 2827 3028 Filius
2867 2982 3039 3036 esset,
3087 2970 3302 3040 quando
3347 2983 3479 3022 caro

1905 3066 2015 3134 jam
2045 3065 2242 3120 factum
2279 3071 2385 3130 est,
2418 3063 2537 3118 Filii
2572 3065 2834 3119 rationem
2869 3078 2971 3117 non
3007 3062 3207 3115 amisit.
3235 3059 3476 3113 Tandem

1907 3173 2030 3213 cum
2055 3158 2430 3212 universorum
2463 3157 2725 3212 Dominus
2755 3165 2879 3210 ante
2923 3154 3234 3213 exsisteret,
3271 3159 3479 3220 postea-

1905 3263 2067 3318 quam
2098 3248 2334 3301 humana
2367 3256 2558 3300 natura
2585 3255 2835 3300 ornatum
2863 3243 3086 3313 prodiit,
3112 3241 3178 3295 ab
3201 3254 3265 3294 eo
3289 3239 3478 3293 ordine

1905 3349 1961 3394 et
1990 3339 2253 3409 dignitate
2280 3353 2388 3394 non
2421 3338 2640 3393 excidit.
2666 3338 2833 3407 Igitur
2855 3337 2899 3391 si
2930 3349 3076 3399 eum,
3103 3333 3191 3403 qui
3227 3347 3294 3386 ex
3322 3346 3476 3386 sacra

1907 3429 2126 3500 Virgine
2158 3429 2380 3498 prodiit,
2399 3429 2501 3484 hoc
2532 3437 2614 3483 est
2643 3428 2736 3483 Dei
2764 3425 2939 3482 Patris
2954 3423 3193 3478 Verbum
3213 3421 3364 3478 carni
3389 3436 3478 3475 se-

1903 3523 2138 3577 cundum
2166 3531 2414 3576 naturam
2443 3521 2674 3586 unitum,
2710 3533 2896 3574 verum
2930 3517 3101 3572 Deum
3138 3529 3257 3569 esse
3308 3525 3476 3580 agno-

1904 3621 2084 3680 scunt,
2119 3629 2217 3670 cur
2255 3615 2504 3668 eamdem
2542 3610 2818 3681 Virginem
2853 3623 2973 3664 esse
3004 3608 3287 3676 Deiparam
3323 3601 3477 3654 fateri

1904 3703 2201 3757 verentur?
2228 3702 2422 3758 Verum
2445 3701 2575 3770 ipsis
2590 3699 2920 3769 propositum
2943 3706 3026 3752 est
3045 3697 3188 3750 haud
3210 3708 3273 3747 ex
3297 3691 3478 3744 animo

1902 3790 2143 3860 proﬁteri
2170 3789 2411 3857 Virginis
2432 3789 2627 3843 Filium
2655 3788 2824 3841 Deum
2851 3800 2913 3839 ac
2931 3785 3236 3847 Dominum,
3261 3780 3476 3835 cadem-

1901 3895 2007 3950 que
2026 3895 2147 3935 cum
2181 3878 2344 3933 Patre
2368 3877 2686 3934 auctoritate
2706 3874 2987 3946 praeditum
3014 3886 3154 3937 esse,
3179 3871 3272 3924 sed
3297 3867 3474 3922 verbis

1903 3979 2112 4026 tantum
2135 3971 2235 4024 hoc
2256 3969 2429 4038 ipsum
2453 3966 2729 4023 simulare.
2750 3965 3073 4019 Existimant
3089 3962 3252 4025 enim,
3271 3960 3475 4014 homini

1901 4061 1969 4117 ad
1989 4068 2223 4116 nostram
2243 4058 2646 4114 similitudinem
2663 4071 2730 4112 ex
2744 4063 2934 4111 sancta
2955 4052 3174 4122 Virgine
3188 4056 3469 4121 prognata,

1901 4165 2022 4208 cum
2049 4150 2343 4214 ﬁliationis,
2371 4159 2481 4204 tum
2507 4147 2887 4205 dominationis
2906 4159 3116 4215 quoque
3137 4142 3358 4213 gloriam
3378 4154 3474 4210 per

1905 4242 2124 4298 modum
2142 4240 2419 4310 cujusdam
2435 4239 2821 4312 gratiae.acjper
2835 4250 3152 4307 progressus
3167 4231 3470 4289 obvenisse.

1977 4332 2072 4387 IX.
2107 4331 2276 4386 Porro
2299 4339 2475 4386 autem
2500 4344 2684 4386 vocem
2725 4331 2886 4394 hanc,
2915 4327 3167 4396 Deipara,
3197 4323 3472 4379 veteribus

1907 4422 2178 4491 Patribus,
2209 4438 2440 4494 quorum
2483 4421 2897 4478 sanctimoniam
2938 4428 2993 4476 et
3023 4418 3146 4474 ﬁdei
3189 4416 3468 4485 integrita-

1905 4523 2010 4571 tem
2032 4515 2366 4571 admiramur
2387 4556 2404 4583 ,
2438 4529 2644 4570 necnon
2673 4513 2926 4570 omnibus
2957 4511 3050 4581 qui
3085 4525 3178 4565 eos
3217 4508 3470 4572 deinceps

1903 4609 2179 4678 hucusque
2199 4619 2324 4664 sunt
2356 4608 2528 4664 secuti
2563 4623 2660 4679 per
2693 4608 3002 4663 universum
3032 4605 3112 4676 (ut
3154 4605 3227 4658 ita
3268 4597 3465 4668 dicam)

1904 4709 2169 4756 terrarum
2225 4701 2446 4765 orbem,
2491 4698 2812 4754 familiarem
2859 4710 3014 4760 esse,
3072 4690 3464 4748 ostendendum

1901 4807 2026 4848 esse
2059 4790 2383 4846 existimavi.
2416 4788 2496 4843 Ne
2525 4790 2667 4843 enim
2695 4788 2829 4841 citra
2852 4786 3141 4847 delectum,
3167 4797 3230 4836 ac
3266 4789 3466 4835 temere

1900 4882 2160 4952 quidquid
2193 4881 2246 4934 in
2281 4891 2510 4935 mentem
2551 4879 2778 4944 venerit,
2815 4876 3029 4932 eﬂ'utire
3070 4875 3274 4938 videar,
3307 4888 3466 4940 argu-

1899 4975 2095 5029 mentis
2137 4987 2204 5028 ex
2255 4972 2429 5038 libris,
2461 4987 2595 5041 quos
2643 4972 2719 5026 illi
2764 4972 2831 5026 ad
2880 4967 3139 5023 Ecclesia:
3182 4966 3465 5020 utilitatem

1897 5055 2269 5133 composuere,
2302 5063 2510 5134 petitis,
2559 5071 2721 5132 atque
2756 5064 2861 5116 huc
2894 5061 2947 5114 in
2989 5058 3222 5114 medium
3259 5056 3457 5119 allatis,

1895 5155 2157 5212 orationis
2188 5169 2320 5212 mea:
2345 5155 2627 5212 veritatem
2661 5153 2983 5212 conﬁrmare
3017 5147 3258 5209 studcbo.
3292 5148 3459 5219 Igitur

572 5596 612 5621 ’³
645 5589 812 5655 τάξει.
891 5601 916 5629 ιι
950 5591 1282 5662 ἐκκλησίαις.
1364 5602 1387 5628 °
1417 5590 1858 5662 κατασφραγιῶν.
1938 5603 1966 5643 P
1995 5593 2227 5665 ἀληθῶς.
