3910 6200
427 228 559 284 i9.“

1416 233 1470 287 S.
1504 223 1783 288 CYRILLI
1833 227 2301 286 ALEXANDRINI
2336 230 2661 288 ARCIIII‘ZP.

3515 225 3677 280 12ῐῖ

430 342 778 396 beatissimus
808 341 918 405 ille,
945 356 1008 397 ac
1026 352 1245 413 propter
1273 347 1488 413 pietatis
1513 346 1823 414 opinionem
1855 347 1993 412 apud

2116 342 2373 412 ῑιαὸόητος
2430 346 2511 407 είς
2557 343 2835 396 εὐσέϐειαν
2886 340 3238 403 Ἀθανάσιος,
3292 338 3322 389 ὁ
3365 336 3670 407 γενόμενος

428 446 616 485 untnes
664 430 1050 488 celeberrimus
1092 436 1450 501 Athanasius,
1486 437 1578 507 qui
1621 434 1992 504 superioribus

432 522 763 591 temporibus
812 522 1151 580 Alexandria:
1193 526 1448 582 Ecclesia:
1498 528 1869 595 episcopatum
1916 533 1994 579 te—

2094 434 2235 487 κατὰ
2284 437 2507 505 καιροὺς
2563 435 2658 504 τῆς
2715 431 3105 503 ’Δλεξανδρέων
3165 428 3489 500 Ἐκκλησίας
3543 429 3670 481 επί-

2097 538 2296 588 σκοπος
2319 567 2335 591 ,
2373 527 2431 578 ὲν
2456 523 2535 596 τῷ
2561 524 2687 596 περὶ
2718 522 3047 595 σαρκώσεως
3079 521 3243 591 λόγῳ,
3268 520 3396 591 περ)⁵
3421 517 3667 589 Χριστοῦ

431 615 566 676 nuit,
599 612 738 667 libro
769 614 834 668 de
863 613 1083 671 Christo
1108 616 1390 673 inearuato
1425 617 1794 686 hujuscemodi
1818 613 1997 672 verbis
2093 613 2221 667 τάδε
2244 630 2261 645 ~

431 705 648 759 disserit
682 721 699 760 :

432 815 543 889 48
567 819 846 874 Athanasii
861 821 1085 889 episwpi
1110 821 1449 876 Alexandria:
1478 839 1543 876 ex
1569 821 1702 878 libro
1730 820 1805 877 De
1825 813 1998 876 incar-

783 892 995 945 natione
1033 889 1202 947 Verbi.
1225 920 1294 931 ——
1315 891 1390 946 De
1421 892 1652 947 Christo.

503 1000 855 1069 Agnoscimus
890 1004 1033 1057 illum
1076 1004 1165 1059 Dei
1200 1003 1415 1070 Filium,
1448 1013 1501 1077 et
1546 1005 1711 1059 Deum
1749 1018 1870 1059 esse
1911 1017 1999 1058 se-

435 1090 668 1144 cundum
692 1092 939 1160 spiritum
966 1110 982 1159 ;
1005 1091 1197 1148 Filium
1231 1106 1408 1150 autem
1440 1094 1673 1148 hominis
1706 1096 1998 1150 secundum

437 1193 695 1235 carnem:
746 1198 849 1236 non
897 1183 1029 1238 duas
1080 1195 1301 1238 naturas
1357 1196 1519 1239 unum
1574 1183 1788 1251 Filium,
1838 1199 1998 1239 unam

437 1270 787 1337 adorandam,
821 1273 1047 1329 alteram
1076 1290 1181 1329 non
1208 1277 1561 1338 adorandam,
1590 1276 1681 1329 sed
1713 1289 1875 1328 unam
1908 1289 2006 1328 na-

441 1369 610 1414 turam
661 1364 825 1418 divini
876 1364 1036 1421 Verbi
1087 1367 1452 1433 incarnatam,
1504 1382 1623 1435 qua:
1670 1365 1829 1420 simul
1879 1381 1999 1420 cum

439 1450 554 1518 ejus
589 1468 752 1508 carne
785 1469 885 1509 una
942 1458 1256 1511 adoratione
1298 1457 1591 1512 adoratur:
1643 1470 1816 1524 neque
1868 1455 2003 1510 duos

441 1555 651 1594 rursum
677 1542 836 1609 ﬁlios,
861 1545 1087 1600 alterum
1112 1562 1296 1602 verum
1323 1547 1785 1615 adorandumquc,
1813 1560 2003 1615 nempe

440 1626 631 1683 Filium
678 1631 805 1699 Dei;
854 1633 1079 1689 alterum
1113 1650 1175 1690 ex
1215 1635 1383 1690 Maria
1439 1636 1711 1690 hominem
1755 1650 1860 1689 non
1905 1635 2001 1689 ad—

442 1719 729 1785 orandum,
758 1725 849 1777 sed
880 1740 975 1792 per
1000 1726 1251 1795 gratiam,
1282 1727 1501 1795 perinde
1526 1742 1589 1781 ac
1618 1728 1794 1783 carteri
1834 1726 2007 1781 homi-

444 1826 560 1876 nes,
605 1814 655 1866 in
694 1810 887 1868 Filium
935 1824 1236 1885 cooptatum
1276 1834 1289 1870 :
1333 1832 1518 1871 verum
1555 1833 1743 1885 unum,
1774 1826 1833 1871 ut
1862 1817 2021 1884 dixi,-

443 1901 636 1958 Filium
676 1904 788 1968 Dei,
830 1906 977 1960 illum
1023 1909 1194 1976 ipsum
1241 1908 1518 1972 nimirum,
1556 1919 1610 1963 et
1654 1924 1757 1964 non
1801 1909 2004 1974 alium,

444 1995 534 2063 qui
573 2008 639 2047 ex
680 1996 788 2049 Deo
828 2007 931 2051 εει.
976 1998 1075 2064 Qui
1123 2000 1428 2056 novissimis
1474 1999 1665 2055 diebus
1713 2002 2006 2056 secundum

445 2100 663 2140 carnem
695 2102 755 2138 ex
794 2087 957 2140 Maria
985 2100 1139 2144 natus
1169 2100 1272 2155 est,
1305 2093 1753 2160 quemadmodum
1787 2093 2009 2162 angelus

444 2175 684 2244 Deipara:
729 2173 944 2231 Mariae:
1001 2194 1020 2227 ι
1077 2177 1354 2243 Quomodo
1399 2180 1491 2235 fiet
1537 2181 1711 2248 istud,
1753 2184 2008 2252 quoniam

444 2260 617 2321 virum
648 2283 750 2321 nou
780 2283 1046 2338 cognosco
1071 2270 1156 2323 7'?
1197 2290 1215 2323 ι
1250 2271 1548 2327 sciscitanti
1609 2276 1877 2344 exposuit.
1920 2277 2010 2330 Ait

447 2373 715 2427 namque:
757 2378 787 2413 ι.
817 2358 1054 2430 Spiritus
1097 2369 1319 2417 sanctus
1362 2365 1704 2431 superveniet
1748 2365 1801 2419 in
1840 2375 1911 2433 te,
1956 2348 2037 2423 et‘

443 2451 617 2505 virtus
664 2449 928 2505 Altissimi
983 2451 1326 2507 obumbrabit
1400 2452 1493 2507 tibi
1536 2470 1550 2507 :
1603 2454 1831 2524 ideoque
1870 2460 2011 2525 quod

447 2550 698 2592 nascetur
726 2556 789 2594 ex
839 2550 889 2594 te
924 2548 1191 2606 sanctum,
1228 2541 1510 2596 vocabitur
1550 2543 1721 2600 Filius
1755 2545 1846 2600 Dei
1872 2547 1938 2600 ⁷³.
1987 2565 2006 2598 ι

444 2628 494 2683 ls
525 2630 684 2698 igitur
706 2645 864 2700 quem
891 2629 1055 2700 Virgo
1083 2632 1309 2701 peperit,
1339 2639 1422 2686 est
1451 2647 1607 2688 verus
1643 2636 2016 2706 naturalisque

446 2721 540 2775 Dei
572 2721 760 2790 Filius,
791 2732 845 2778 et
877 2723 1016 2777 Deus
1042 2738 1222 2788 verus,
1255 2738 1358 2777 non
1390 2724 1799 2794 participatione
1830 2727 1915 2781 vel
1945 2741 2011 2781 ex

450 2811 655 2880 gratia;
690 2812 980 2866 secundum
1008 2825 1222 2866 carnem
1259 2820 1462 2866 tantum
1503 2828 1666 2883 quam
1694 2816 1926 2884 sumpsit
1949 2830 2015 2868 ex

448 2900 647 2967 Maria,
680 2903 876 2970 homo;
916 2902 1209 2958 secundum
1252 2904 1534 2973 spiritum,
1580 2903 1747 2960 Filius
1788 2905 1917 2972 Dei,
1963 2916 2017 2961 ct

2039 895 2042 899 ,
2110 833 2459 888 Ἆθανασίου
2514 833 2847 887 ἐπισκόπου
2900 823 3344 899 Ἀλεξανδρείας
3366 868 3381 890 ,
3439 828 3519 899 ἐκ
3553 824 3671 879 τοῦ

2207 904 2349 977 Περὶ
2382 902 2741 971 σαρκώσειοις
2768 901 2982 971 Λόγου.
3005 930 3072 941 --
3095 895 3238 967 Περὶ
3267 895 3548 965 Χριστοῦ.

2180 1012 2579 1083 Ὀμολογοῦμεν
2598 1013 2727 1084 γὰρ,
2755 1013 2913 1085 φησὶ,
2934 1013 3026 1066 καὶ
3054 1006 3193 1067 εῖναι
3226 1009 3384 1063 αύτδν
3416 1008 3547 1061 Tibv
3568 1007 3669 1060 τοῦ

2099 1102 2257 1168 Θεοῦ,
2294 1104 2388 1157 καὶ
2411 1103 2543 1157 Θεδν
2570 1104 2709 1158 κατὰ
2737 1102 2954 1176 πνεῦμα
2974 1142 2990 1169 ,
3023 1103 3152 1156 Υίδν
3195 1100 3483 1172 ἀνθρώπου
3520 1102 3673 1152 κατὰ

2103 1194 2302 1266 σάρκα,
2332 1195 2392 1247 οὐ
2425 1194 2517 1247 δύο
2551 1194 2742 1264 φύσεις
2769 1195 2861 1248 τὸν
2890 1196 2987 1248 ἕνα
3011 1193 3158 1258 lev,
3192 1193 3320 1263 μίαν
3357 1206 3675 1263 προσᾳυνη-

2100 1284 2216 1355 τὴν,
2247 1284 2340 1339 καὶ
2372 1285 2501 1355 μίαν
2531 1285 2974 1365 ἀπροσκύνητον·
3007 1283 3144 1338 ἀλλὰ
3190 1283 3318 1352 μίαν
3364 1281 3528 1351 φύσιν
3571 1278 3673 1333 τοῦ

2102 1376 2235 1429 Θεοῦ
2290 1376 2462 1444 Λόγου
2517 1377 2975 1446 σεσαρκωμένην,
3029 1375 3122 1428 καὶ
3183 1372 3674 1444 προσκυνουμένην

2107 1466 2245 1536 μετὰ
2282 1468 2382 1535 τῆς
2413 1466 2614 1536 σαρκὸς
2645 1465 2810 1520 αὑτοῦ
2848 1467 2946 1537 μιᾷ
2986 1465 3386 1537 προσκυνήσειν
3423 1460 3548 1514 οὐδὲ
3571 1459 3675 1513 δύο

2106 1557 2273 1621 υἱοὺς,
2310 1556 2468 1610 ἄλλον
2496 1557 2594 1626 μὲν
2626 1555 2752 1609 Υἱδν
2777 1553 2911 1607 Θεοῦ
2944 1552 3196 1624 ἀληθινὸν
3217 1552 3313 1605 καὶ
3340 1548 3677 1621 προσκυνού-

2113 1663 2291 1717 μενον,
2326 1647 2481 1701 ἄλλον
2528 1647 2586 1699 δὲ
2629 1647 2692 1699 ὲκ
2724 1646 2943 1716 Μαρίας
2977 1645 3283 1714 ἄνθρωπον,
3318 1643 3392 1713 μὴ
3423 1656 3673 1712 προσκυο

2109 1735 2386 1806 νούμενον,
2415 1736 2556 1790 κατὰ
2594 1737 2753 1807 χάριν
2783 1735 2917 1789 Υίδν
2958 1733 3094 1787 Θεοῦ
3126 1734 3438 1803 γενόμενον,
3470 1732 3549 1794 ὡς
3574 1732 3674 1783 καὶ

2106 1822 2415 1895 ἄνθρωποι·
2452 1825 2589 1880 ἀλλὰ
2630 1825 2723 1878 τὸν
2764 1826 2828 1878 ὲκ
2874 1823 3046 1888 Θεοῦ,
3094 1824 3171 1886 ὡς
3200 1822 3355 1893 ἔφην,
3399 1821 3495 1873 ἕνα
3541 1820 3679 1872 Υἱὺν

2107 1915 2267 1979 Θεοῦ,
2294 1919 2388 1970 καὶ
2414 1917 2545 1970 Θεὸν
2566 1916 2747 1980 αὐτὸν,
2774 1916 2868 1969 καὶ
2887 1916 2986 1969 οὐκ
3017 1914 3195 1968 ἄλλον.
3225 1913 3335 1966 Καὶ
3361 1913 3428 1964 ἐκ
3451 1909 3680 1981 Μαρίας

2106 2008 2470 2078 γεγεννῆσθαι
2504 2008 2643 2060 κατὰ
2679 2007 2858 2077 σάρκα
2891 2004 2979 2058 ἐπ’
3014 2004 3257 2074 ἐσχάτων
3274 2002 3397 2071 έτῶν
3425 2000 3679 2071 ἡμερῶν,

2108 2098 2183 2160 ὡς
2225 2098 2253 2150 ὁ
2297 2096 2527 2164 ἄγγελος
2563 2098 2630 2166 τῇ
2679 2093 2925 2164 Θεοτόκῳ
2968 2093 3158 2165 Μαρίᾳ
3190 2089 3425 2163 λεγούσῃ
3447 2106 3463 2120 ο
3495 2109 3514 2141 ι
3547 2090 3678 2153 Πῶς

2107 2188 2265 2241 τοῦτο
2322 2187 2499 2251 ἔσται,
2534 2187 2656 2249 ἐπε).
2712 2184 2880 2255 ἄνδρα
2931 2183 2992 2236 ού
3047 2180 3335 2252 γινώσκω;
3369 2200 3389 2232 ι
3438 2180 3679 2247 Ἐλεγε-

2116 2296 2135 2328 ι
2168 2276 2419 2347 Πνεῦμαχ
2438 2277 2593 2345 ἅγιον
2640 2273 2993 2328 ἐπελεύσεται
3038 2273 3131 2325 ἐπὶ
3176 2273 3259 2335 σὲ,
3305 2271 3401 2325 καὶ
3449 2270 3683 2338 δύναμις

2123 2367 2379 2438 Ὑψίστου
2411 2353 2730 2420 ’ἐπισκιάσει
2788 2366 2899 2418 σοι·
2951 2363 3032 2417 διὸ
3083 2364 3178 2416 καὶ
3218 2362 3279 2416 τὸ
3339 2360 3684 2430 γεννώμενον

2113 2458 2287 2527 ἅγιον,
2315 2443 2647 2528 κληθήσεται
2693 2456 2822 2519 Tib;
2849 2454 3004 2509 Θεοῦ.
3039 2472 3059 2507 ι
3108 2454 3167 2506 Ὀ
3195 2454 3371 2506 τοίνυν
3397 2452 3686 2522 γεννηθεὶς

2112 2552 2177 2602 ὲκ
2207 2552 2306 2620 τῆς
2343 2549 2502 2617 ἁγίας
2540 2548 2838 2618 Παρθένου,
2872 2548 2998 2611 Υἱὸς
3026 2545 3160 2600 Θεοῦ
3193 2545 3392 2614 φύσει,
3422 2545 3520 2598 καὶ
3547 2543 3686 2607 Θεὸς

2114 2639 2386 2710 ἀληθινὸς,
2430 2638 2524 2693 καὶ
2558 2639 2618 2692 οὺ
2661 2639 2843 2710 χάριτι
2878 2640 2974 2692 καὶ
3005 2638 3298 2709 μετουσίᾳ,
3329 2636 3472 2690 κατὰ
3499 2637 3689 2705 σάρκα.

2119 2730 2279 2800 μόνον
2317 2729 2414 2800 τὴν
2448 2731 2512 2783 ἐκ
2536 2729 2781 2800 Μαρίας,
2813 2729 3119 2800 ἄνθρωπος,
3156 2727 3299 2782 κατὰ
3334 2728 3394 2782 δὲ
3438 2728 3683 2797 πνεῦμα,

2115 2819 2279 2883 αὐτὸς
2308 2820 2437 2884 Tib;
2475 2820 2569 2875 τοῦ
2605 2820 2741 2874 Θεοῦ
2776 2822 2867 2875 καὶ
2898 2821 3061 2884 Θεός·
3096 2819 3286 2874 παθὼν
3320 2822 3421 2889 μὲν
3447 2820 3519 2872 τὰ
3544 2819 3689 2889 ἡμέ-

2115 2925 2248 2978 τερα
2280 2910 2423 2980 πάθη
2446 2909 2585 2963 κατὰ
2621 2909 2835 2978 σάρκα,
2870 2909 3060 2981 ὥσπερ
3108 2909 3447 2980 γέγραπται·
3501 2928 3522 2961 ι
3557 2910 3697 2978 Χρι-

451 2992 592 3047 Deus
628 2993 760 3074 ipse.
788 2993 887 3061 Qui
928 2997 1140 3065 quidem
1179 2996 1475 3054 secundum
1515 3010 1733 3051 carnem
1764 2996 2012 3049 humana:

2121 2995 2246 3048 σποῦ
2272 2996 2533 3061 παθόντος
2561 2997 2698 3069 ὑπὲρ
2720 2997 2873 3068 ἡμῶν
2900 2997 3088 3069 σαρκί.
3125 3016 3144 3048 ι
3175 2997 3283 3050 Καὶ
3315 2997 3495 3050 πάλιν·
3538 3014 3558 3048 ι
3588 2997 3689 3060 ’ος

452 3092 653 3137 natura:
681 3085 1053 3140 convenientia
1080 3102 1270 3156 passus
1294 3096 1396 3143 est.
1424 3085 1697 3155 Scriptum
1730 3093 1814 3141 est
1835 3086 1977 3140 enim
2000 3103 2014 3140 :

458 3192 477 3223 ι
514 3172 731 3229 Christo
759 3190 856 3244 pro
895 3176 1049 3231 nobis
1083 3178 1133 3231 in
1179 3194 1343 3235 carne
1392 3177 1637 3248 passo”.
1680 3195 1698 3228 ι
1737 3176 1971 3231 Rursum
2003 3193 2018 3229 :

460 3283 478 3314 ι
518 3264 616 3330 Qui
667 3265 830 3319 etiam
877 3267 1092 3338 proprio
1123 3267 1258 3323 Filio
1306 3283 1408 3323 non
1466 3268 1737 3338 pepercit,
1786 3268 1879 3323 sed
1925 3281 2021 3336 pro

447 3356 707 3411 omnibus
751 3358 904 3412 nobis
935 3358 1152 3413 tradidit
1196 3359 1342 3422 illum
1366 3359 1455 3415 ’δι
1493 3379 1511 3411 ι
1551 3361 1899 3416 nihilominus
1936 3377 2023 3416 se-

460 3446 693 3499 cundum
725 3447 957 3501 divinam
987 3460 1235 3505 naturam
1281 3451 1629 3519 impassibilis
1670 3465 1734 3504 ac
1768 3451 2022 3505 immuta-

462 3536 583 3589 bilis
611 3550 778 3604 usque
806 3538 1122 3606 permansit,
1143 3539 1297 3608 juxta
1325 3539 1454 3594 illud
1488 3540 1759 3609 prophetae
1790 3554 2025 3610 pronun-

465 3628 696 3681 tiatum:
735 3646 754 3679 ι
788 3628 897 3698 Ego
938 3630 1096 3695 Deus,
1140 3638 1194 3685 et
1237 3644 1344 3685 non
1394 3631 1659 3685 mutor".
1694 3650 1712 3683 ι
1786 3631 2026 3686 Mortuus

460 3730 543 3774 est
567 3736 700 3774 sane
737 3723 1027 3776 secundum
1078 3738 1298 3777 carnem
1341 3733 1523 3779 nostra
1574 3735 1764 3791 morte,
1811 3724 2025 3779 nostro-

462 3827 686 3881 rumque
713 3822 1056 3880 peccatorum
1085 3829 1286 3881 causa;
1316 3829 1421 3884 quo
1463 3814 1720 3887 nimirum
1763 3830 1858 3885 per
1888 3831 2029 3870 mor-

464 3912 569 3957 tem
633 3902 804 3957 nostri
860 3903 1031 3974 gratia
1090 3916 1436 3976 susceptam,
1487 3915 1716 3961 mortem
1763 3905 2027 3960 aboleret.

462 3993 599 4049 llinc
632 3995 919 4065 Apostolus
950 4015 963 4051 :
1021 4013 1041 4046 ι
1073 3996 1335 4066 Absorpta
1365 4005 1448 4051 est
1486 4012 1634 4053 mors
1666 3997 1720 4051 in
1763 3996 1986 4051 victoria
2013 4014 2027 4050 :

466 4088 554 4141 ubi
588 4100 690 4152 εει,
726 4102 892 4151 mors,
939 4089 1162 4144 victoria
1209 4090 1343 4142 tua?
1376 4089 1463 4143 ubi
1490 4099 1573 4144 est
1618 4088 1865 4144 stimulus
1889 4096 2031 4156 tuus,

466 4175 774 4229 inferne"?
813 4196 832 4228 ι
883 4176 1121 4231 lterum:
1179 4196 1198 4229 ι
1232 4177 1477 4232 Christus
1526 4188 1771 4233 mortuus
1809 4188 1892 4233 est
1934 4193 2033 4248 pro

2120 3104 2184 3155 γε
2228 3088 2322 3140 τοῦ
2364 3087 2505 3147 ,ἰδίου
2549 3088 2679 3140 Υίοῦ
2721 3088 2821 3141 οὐκ
2847 3087 3158 3157 Δἐφείσατο,
3192 3087 3307 3141 ἀλλ’
3357 3087 3494 3156 ὑπὲρ
3524 3086 3693 3156 ἡμῶν

2121 3154 2338 3230 πάντων
2371 3176 2690 3247 παρέδωκεν
2737 3154 2924 3230 αύτύνξ
2970 3195 2992 3228 ι
3032 3161 3271 3242 ’Λπαθῆς
3308 3174 3364 3226 δὲ
3406 3154 3691 3242 διαμείνας

2121 3266 2215 3320 καὶ
2252 3266 2607 3328 ἀναλλοίωτος
2645 3265 2785 3319 κατὰ
2809 3265 2906 3337 τὴν
2936 3265 3183 3334 θεότητα,
3215 3263 3434 3317 κατὰτὸ
3456 3264 3689 3333 λεγόμε-

2121 3374 2210 3410 νον
2237 3357 2340 3410 ὑπὸ
2368 3356 2462 3410 τοῦ
2494 3359 2774 3428 προφήτου
2791 3374 2803 3385 ·
2830 3377 2848 3409 ι
2876 3356 3014 3425 Ἐγὼ
3034 3356 3185 3420 Θεὸς,
3219 3357 3313 3409 καὶ
3340 3356 3438 3407 οὐκ
3464 3355 3694 3423 ἠλλοίω-

2127 3467 2239 3519 μαι.
2277 3470 2295 3500 ι
2340 3448 2650 3502 Ἀποθανὼν
2689 3450 2787 3520 μὲν
2834 3449 2923 3502 τὸν
2962 3450 3230 3519 ἡμέτερον
3275 3448 3503 3501 θάνατον
3549 3447 3695 3500 κατὰ

2126 3539 2304 3611 σάρκα
2350 3540 2489 3609 ὑπὲρ
2515 3539 2622 3593 τῶν
2657 3541 2936 3612 αμαρτιῶν
2984 3540 3160 3610 ἡμῶν,
3210 3540 3296 3592 ἵνα
3324 3540 3414 3592 τὸν
3461 3538 3695 3592 θάνατον

2125 3629 2289 3700 ἀνέλῃ
2315 3629 2401 3683 διὰ
2430 3629 2523 3683 τοῦ
2553 3630 2693 3702 ὑπὲρ
2722 3631 2878 3702 ἡμῶν
2912 3630 3162 3696 θανάτου,
3188 3630 3328 3683 κατὰ
3352 3630 3441 3682 τὸν
3469 3629 3696 3696 λέγοντα

2139 3720 2489 3773 Ἀπόστολονο
2544 3738 2561 3772 ι
2586 3719 2875 3791 Κατεπόθη
2922 3722 2951 3773 ὁ
3002 3719 3229 3784 Θάνατος
3273 3721 3352 3783 είς
3386 3722 3556 3781 νῖκος.
3582 3719 3696 3771 Ποῦ

2130 3828 2245 3877 σου,
2278 3811 2494 3879 θάνατε,
2528 3811 2588 3864 τὸ
2627 3814 2807 3878 νῖκος;
2839 3812 2938 3866 ποῦ
2976 3829 3089 3876 σου,
3124 3811 3249 3883 ᾆδη,
3281 3812 3341 3865 τδ
3384 3813 3646 3879 κέντρονς
3672 3830 3691 3862 ι

2129 3900 2240 3956 Καὶ
2277 3902 2434 3955 πάλιν
2454 3918 2466 3929 ο
2498 3921 2516 3953 ι
2553 3900 2787 3972 Χριστὸς
2825 3901 3094 3957 ἀπέθανεν
3117 3903 3256 3973 ὑπὲρ
3280 3902 3388 3954 τῶν
3411 3901 3698 3971 ἁμαρτιῶν

2131 3992 2306 4063 ἡμῶν,
2335 3992 2475 4046 κατὰ
2507 3993 2605 4055 τὰς
2635 3992 2874 4062 Γραφάς.
2908 4011 2926 4043 ι
2977 3992 3265 4055 Ἀθάνατος
3288 3992 3344 4045 δὲ
3388 3992 3487 4044 καὶ
3523 3992 3699 4062 ἀκρά-

2130 4102 2290 4155 τητος
2347 4084 2424 4155 τῷ
2468 4083 2682 4151 θανάτῳ
2729 4085 3010 4154 διαμείνας
3051 4083 3141 4137 διὰ
3170 4084 3268 4153 τὴν
3311 4084 3573 4154 θεότητα,
3621 4084 3697 4147 ὡς

2133 4174 2349 4245 ἀπαθὴς
2374 4173 2469 4227 τοῦ
2497 4175 2711 4245 Πατρδς
2743 4175 2989 4244 δύναμις,
3026 4176 3166 4227 κατὰ
3196 4175 3287 4228 τὸν
3332 4175 3558 4242 λέγοντα
3591 4175 3700 4227 Πέ-

466 4264 701 4332 peccatis
734 4268 950 4335 neStris,
978 4269 1272 4323 secundum
1303 4267 1613 4337 Seripturas
1639 4269 1708 4323 ⁷³⁸.
1750 4289 1769 4322 ι
1808 4271 1876 4322 At
1902 4285 2012 4325 vert

2135 4282 2261 4334 τρον
2283 4279 2296 4293 ·
2333 4265 2394 4317 ού
2425 4264 2531 4334 γὰρ
2574 4260 2641 4335 ἦν
2670 4264 2891 4318 δυνατὸν
2921 4264 3238 4335 κρατεῖσθαι
3263 4266 3424 4320 αὐτὸν
3464 4267 3571 4320 ὑπὸ
3598 4266 3694 4319 τοῦ

470 4356 761 4412 secundum
789 4357 1123 4412 divinitatem
1149 4359 1491 4424 immortalis,
1524 4360 1782 4428 omnique
1810 4360 2012 4417 interitt

2134 4357 2394 4411 θανάτου.”
2430 4352 2564 4409 Εἶτα
2610 4356 2822 4420 τούτοις
2867 4356 3157 4426 ἐπιφέρει,
3205 4357 3507 4427 παρενθεὶς.
3538 4359 3703 4428 ἕτερα

469 4444 715 4514 superior
736 4456 873 4511 erat,
904 4456 963 4499 ut
991 4447 1083 4514 qui
1120 4448 1430 4517 impatibilis
1453 4447 1632 4504 Patris
1665 4449 1836 4506 virtus
1867 4461 2008 4506 esset

2141 4444 2343 4517 μεταξὺ
2372 4443 2543 4507 οὕτως
2562 4460 2576 4474 ’
2608 4446 2672 4497 Ei
2712 4444 2769 4497 δέ
2808 4460 2891 4508 τις
2923 4444 3074 4515 παρὰ
3108 4443 3277 4497 ταῦτα
3313 4448 3378 4498 ὲκ
3406 4444 3515 4497 τῶν
3541 4445 3705 4499 θείων

473 4534 944 4605 morteque,jnxta
996 4534 1139 4590 Petri
1191 4538 1512 4592 sententiam
1536 4538 1618 4605 ⁷⁸,
1675 4539 1841 4594 teneri
1889 4540 2012 4594 nullt

2137 4537 2178 4592 Γ
2185 4535 2370 4608 ραφῶν
2413 4536 2653 4590 διδάσκει
2678 4575 2693 4601 ,
2726 4534 2912 4606 ἕτερον
2942 4536 3115 4603 λέγων
3142 4536 3233 4589 τὸν
3262 4536 3389 4589 Tibv
3420 4537 3517 4589 τοῦ
3542 4536 3703 4607 Θεοῦ.

388 4666 399 4675 ς
471 4627 634 4682 modo
676 4636 876 4696 posset.
922 4626 1126 4683 Deinde
1175 4627 1296 4683 aliis
1343 4624 1454 4699 49
1493 4629 1813 4698 quibusdam
1860 4629 2012 4684 inter

2138 4626 2234 4679 καὶ
2258 4623 2559 4699 ἓτερον,τδν
2583 4623 2646 4675 ὲκ
2671 4623 2909 4693 Μαρίας,
2940 4622 3080 4677 κατὰ
3113 4625 3269 4696 χάριν
3302 4624 3703 4694 υίοποιῃθέντα.

466 4719 646 4789 jeetis,
711 4718 827 4774 hare
885 4719 1196 4789 subiungit:
1258 4718 1313 4775 Si
1372 4720 1492 4789 quis
1536 4729 1713 4775 autem
1766 4719 1911 4775 aliud
1969 4735 2012 4776 e1

2141 4716 2218 4780 ὡς
2252 4717 2411 4785 ἡμεῖς
2434 4730 2446 4743 ·
2474 4714 2550 4778 ὡς
2580 4710 2718 4770 εἶναι
2747 4715 2840 4768 δύο
2871 4715 3018 4779 υἱοὺς
3036 4755 3052 4780 ,
3084 4715 3178 4768 ἕνα
3220 4714 3359 4768 κατὰ
3388 4713 3549 4783 φύσιν
3577 4714 3705 4767 l‘ibv

473 4811 669 4865 divinis
724 4808 943 4865 Litteris
1000 4810 1281 4874 docuerit,
1331 4820 1383 4865 et
1427 4810 1591 4865 alium
1643 4810 1735 4866 Dei
1789 4810 1983 4868 Filium

2140 4805 2235 4860 τοῦ
2265 4805 2398 4860 Θεοῦ
2429 4805 2519 4859 τὸν
2552 4806 2618 4858 ὲκ
2658 4805 2792 4858 Θεοῦ
2814 4843 2830 4870 ,
2859 4805 2953 4859 καὶ
2983 4806 3077 4859 ἕνα
3107 4805 3247 4859 κατὰ
3289 4805 3474 4875 χάριν,
3510 4805 3604 4858 τὸν
3641 4805 3704 4856 ἐκ

476 4898 639 4953 alium
715 4896 895 4953 Mariae
976 4910 1073 4967 per
1153 4899 1380 4968 gratiam
1455 4901 1625 4953 instar
1696 4900 1864 4955 nostri
1943 4898 2009 4953 ad

2143 4898 2364 4970 Μαρίας
2408 4896 2726 4968 ἄνθρωπον·
2758 4896 2791 4969 ἢ
2824 4898 2877 4949 εί
2906 4914 2989 4959 τις
3027 4898 3127 4967 τὴν
3171 4894 3261 4949 τοῦ
3303 4895 3511 4966 Κυρίου
3549 4894 3704 4965 ἡμῶν

477 5000 742 5060 optatum,
792 4988 1069 5061 professus
1116 4989 1297 5055 fuerit,
1342 4999 1593 5059 tanquam
1643 4990 1749 5044 duo
1784 4990 1892 5045 sint
1923 4989 2012 5044 lilii

2147 4991 2325 5060 σάρκα
2350 4987 2555 5045 ἄνωθεν
2585 4987 2758 5057 λέγει,
2806 4987 2900 5041 καὶ
2932 4988 3007 5058 μὴ
3034 4990 3098 5041 ὲκ
3142 4987 3241 5055 τῆς
3276 4985 3553 5057 Παρθένου
3587 4986 3705 5039 Ma-

480 5083 617 5136 alter
665 5080 757 5136 Dei
803 5083 1096 5137 secundum
1160 5092 1446 5148 naturam,
1498 5080 1587 5136 ille
1644 5082 1894 5136 videlicet
1950 5096 2012 5152 qu

2147 5081 2268 5154 ρίας
2288 5097 2301 5111 ·
2339 5081 2373 5151 ἢ
2396 5082 2698 5151 τραπεῖσαν
2719 5080 2815 5150 τὴν
2838 5069 3065 5149 θεότητα
3094 5080 3173 5142 εἰς
3203 5079 3404 5151 σάρκα,
3432 5078 3466 5149 ἢ
3497 5095 3704 5147 συγχυ-

481 5188 545 5227 ex
585 5174 690 5229 Deo
728 5184 918 5241 natus;
955 5174 1093 5229 alter
1122 5175 1418 5229 secundum
1449 5174 1748 5242 adoptionis
1781 5177 2008 5242 gratiam

2146 5173 2354 5237 θεῖσαν,
2399 5173 2432 5244 ἢ
2468 5170 2870 5235 άλλοιωθεῖσαν,
2906 5170 2939 5242 ἦ
2975 5169 3223 5241 παθητὴν
3248 5171 3348 5240 τὴν
3374 5170 3468 5222 τοῦ
3501 5168 3703 5239 Κυρίου

483 5266 647 5318 homo
678 5262 927 5318 nimirum
955 5264 1045 5334 qui
1082 5281 1147 5319 ex
1176 5263 1345 5320 Maria
1369 5265 1611 5320 exstitit:
1644 5272 1739 5320 aut
1768 5266 1813 5321 si
1834 5264 2012 5322 Domiti

2148 5264 2410 5334 θεότητα,
2461 5263 2496 5334 ἢ
2543 5261 2960 5333 ἀπροσκύνητον.
3001 5261 3099 5332 τὴν
3148 5260 3241 5314 τοῦ
3297 5260 3503 5332 Κυρίου
3554 5258 3707 5330 ἡμῶν

488 5355 655 5410 nostri
682 5369 899 5410 carnem
928 5370 1033 5410 non
1060 5370 1126 5411 ex
1157 5356 1381 5427 Deipara
1428 5355 1645 5427 Virgine
1690 5355 1853 5411 Maria
1899 5372 2012 5411 sum

2152 5355 2331 5427 σάρκα
2375 5355 2450 5420 ὠς
2499 5352 2786 5426 ἀνθρώπου
2846 5352 2939 5406 καὶ
2971 5352 3046 5424 μὴ
3076 5352 3456 5425 προπυνητὴν
3485 5352 3561 5416 ὡς
3595 5352 3706 5404 Κυ-

559 5514 599 5542 ’¹
628 5512 756 5565 Luc.
794 5528 831 5573 ι,
867 5512 953 5564 54.
1029 5510 1074 5541 ⁷⁸
1105 5509 1232 5563 ibid.
1263 5512 1352 5566 55.
1429 5510 1475 5543 ⁷³
1501 5510 1519 5564 l
1547 5513 1685 5567 l’ctr.
1726 5527 1797 5579 tv,
1834 5513 1878 5567 l.
1959 5511 2005 5544 ⁷⁵

470 5580 536 5635 t"
573 5583 698 5636 ibid.
736 5583 788 5635 4.
865 5579 913 5612 ⁷⁸
950 5583 1051 5634 Act
1109 5594 1169 5644 II,
1202 5580 1254 5634 4.

2116 5527 2194 5567 ιιιι.
2228 5526 2345 5578 vui,
2386 5510 2472 5565 52.
2548 5510 2595 5542 "
2624 5507 2849 5565 Malach.
2887 5523 2970 5572 ιιι,
3004 5507 3056 5562 6.
3134 5508 3182 5540 τ’
3216 5505 3234 5560 l
3289 5506 3413 5562 Cor.
3470 5521 3558 5576 xv,
3616 5502 3701 5562 55.
