3910 6200
301 210 438 267 12Ιὸ

1383 214 1469 269 DE
1510 216 1738 272 REC'I'A
1777 218 1934 274 FIDE
1969 221 2414 297 AD‘REGINA’S.
2524 250 2543 263 ν·

3387 194 3527 289 ists

242 336 245 343 '
301 330 414 399 ρίου
441 326 537 381 καὶ
573 325 707 380 Θεοῦ
738 328 935 398 σάρκα,
968 328 1177 396 τοῦτον,
1208 328 1593 402 ἀναθεματίζει
1646 336 1679 404 ή
1727 335 1844 401 ἁγία

1960 343 2125 403 ptam,
2156 338 2250 391 sed
2281 335 2496 392 cmlitus
2528 335 2788 404 dilapsam
2820 338 3219 407 praedicaret-it;
3266 349 3358 393 aut
3388 342 3524 397 'livi-

296 417 557 489 καθολικὴ
592 419 1229 493 Ἐκκλησία,ιπειθομένη
1266 423 1346 494 τῷ
1373 422 1502 495 θείῳ
1547 424 1856 497 Ἀποστόλῳ

296 513 537 581 λέγοντιο
576 530 594 564 ι
634 512 702 566 Ei
742 532 825 578 τις
857 516 985 586 ὑμῖν
1015 516 1422 586 εὐαγγελίζεται
1447 559 1463 584 ,
1494 518 1623 590 παρ’
1655 518 1683 571 6
1711 536 1854 591 παρ·-

297 600 535 664 ελάΰετε,
566 602 815 673 ἀνάθεμα
842 603 1000 659 ἔστω.
1026 623 1045 656 ι
1078 606 1187 659 Καὶ
1207 606 1379 661 ταῦτα
1406 606 1505 677 μὲν
1532 608 1561 660 6
1588 607 1856 680 μακάριος

309 690 624 758 Ἀθανάσιος
649 710 665 725 ⁸

1957 425 2179 479 nitatem
2216 425 2269 479 in
2301 441 2519 480 carnem
2547 440 2781 491 versam,
2819 440 2913 483 aut
2940 430 3240 494 confusam,
3273 441 3364 483 aut
3410 447 3514 485 mu-

1953 523 2161 581 tatam;
2219 525 2314 570 aut
2373 515 2586 572 Domini
2634 517 2974 574 divinitatem
3025 519 3372 589 passibilem;
3431 530 3525 574 aut

1951 605 2190 674 ejusdem
2233 606 2441 662 Domini
2468 609 2634 663 nostri
2680 623 2917 671 carnem,
2964 611 3127 667 veluti
3168 611 3293 666 nudi
3350 611 3524 665 homi-

1953 696 2057 762 nis,
2088 696 2309 751 minime
2348 698 2673 754 adoraudam
2726 700 2957 766 dixerit;
3004 703 3147 756 hunc
3185 701 3522 776 anathemate

296 783 478 854 plectit
510 794 694 840 sancta
726 795 782 840 et
825 786 1085 843 catholica
1158 788 1418 853 Ecclesia,
1485 789 1644 843 dictis
1686 787 1929 857 Apostoli
1970 802 2164 856 parens
2201 788 2271 841 ita
2320 789 2648 844 scribentis:
2695 809 2714 842 ι
2751 789 2809 845 Si
2843 791 2964 860 quis
2997 790 3149 847 vobis
3187 789 3520 861 evangelica-

295 874 435 928 verit
463 887 658 943 praeter
686 877 737 931 id
777 878 920 947 quod
965 879 1264 949 accepistis,
1306 882 1591 935 anathema
1655 881 1816 936 sit".
1854 897 1873 929 ι
1918 866 2204 945 Πιιόυείιυο
2237 880 2429 936 beatus
2481 882 2831 937 Athanasius.

365 964 422 1018 l'.
467 960 634 1035 Οἶμαι
677 967 735 1022 δὲ
773 968 883 1024 δεῖν
938 970 1030 1022 καὶ
1085 970 1286 1044 ἐτέρων
1325 971 1497 1040 ἁγίων
1543 970 1855 1024 ἐπισκόπων

295 1053 617 1135 παραθεῖναι
651 1057 854 1127 φωνάς,
886 1059 977 1114 τδν
1002 1060 1168 1125 ,αὐτὸν
1198 1061 1425 1132 ἐχούσας
1457 1060 1679 1115 σκοπόν.

737 1300 1008 1355 Ἀττικοῦ
1044 1301 1402 1372 ἐπισκόπου.

364 1431 609 1502 Σήμερον
642 1432 876 1503 Χριστὸς
902 1436 932 1488 6
961 1437 1239 1508 Δεσπότης
1271 1437 1369 1507 τὴν
1401 1438 1499 1508 τῆς
1545 1439 1845 1508 φιλανθρω-

294 1522 425 1586 πίας
453 1523 705 1593 γέννησιν
731 1526 1045 1592 ἀνεδέξατο·
1069 1527 1171 1597 τὴν
1207 1527 1316 1599 γὰρ
1340 1529 1436 1598 τῆς
1481 1528 1668 1599 θεῖκῆς
1695 1531 1853 1596 ἀξίας

2031 967 2098 1023 X.
2134 970 2400 1027 Existimo
2425 982 2603 1028 autem
2631 983 2684 1029 et
2712 973 2936 1028 aliorum
2968 987 3184 1042 quoque
3214 981 3520 1026 sanctorum

1957 1058 2330 1130 episcoporum
2369 1063 2685 1128 sententias,
2711 1064 2907 1133 quibus
2936 1064 3077 1117 idem
3111 1064 3306 1117 docere
3328 1075 3523 1132 propo-

1955 1149 2116 1203 situm
2146 1157 2249 1218 est,
2280 1153 2590 1222 neutiquam
2630 1154 2718 1209 hic
2740 1154 3064 1209 omittendas
3094 1168 3236 1208 esse.

2516 1287 2679 1341 Attici
2703 1288 2951 1356 episcopi.

2029 1415 2201 1471 Hodie
2228 1416 2473 1472 Christus
2520 1419 2780 1472 Dominus
2810 1417 3155 1485 benignitatis
3189 1431 3313 1486 erga
3343 1415 3516 1469 homi-

1960 1521 2054 1558 nes
2083 1506 2418 1561 nativitatem
2445 1502 2687 1576 suScepit
2718 1523 2731 1558 :
2775 1506 2971 1559 divinae
3011 1506 3203 1574 quippe
3244 1504 3519 1575 dignitatis

295 1610 668 1684 προῦπῆρχεν.
695 1611 838 1668 Εἶτα
871 1616 1102 1683 τούτοις
1125 1594 1635 1686 ἐπιφέρει-πάλιῆ
1668 1620 1725 1673 '0
1745 1594 1844 1690 τῆς

1962 1594 2240 1650 nativitale
2282 1596 2703 1665 prxexsistebat.
2747 1595 2903 1648 Addit
2952 1596 3034 1650 his
3070 1609 3318 1647 rursum:
3362 1594 3519 1647 Beni-

1959 1685 2170 1707 .__-!n_.2-
2204 1683 2433 1707 ‘T-..L-____
2505 1701 2617 1707 ---μ
2664 1694 2847 1707 ---Α-ι-
2894 1692 3079 1707 ...ιαμ-Α
3136 1684 3515 1707 -..τηρ-ΞιΣΑ-ξι.

296 1703 703 1774 φιλανθρωπίας
734 1705 906 1775 Λόγος
936 1707 1184 1762 κενοῦται
1207 1683 1245 1773 ,⁷
1263 1683 1535 1774 ἀκένωτος
1565 1701 1666 1780 τὴν
1690 1683 1844 1782 φύσιν

1958 1685 2174 1754 guitatis
2204 1683 2461 1750 Verbum,
2501 1701 2621 1739 cum
2662 1694 2850 1752 suapte
2894 1692 3083 1739 natura
3131 1684 3518 1739 exinanitionis

293 1793 600 1864 τυγχάνων·
631 1796 819 1850 ἑαυτὸν
851 1796 958 1867 γὰρ
987 1797 1252 1863 ὲκένωσε,
1287 1799 1501 1870 μορφὴν
1533 1800 1721 1853 δούλου
1759 1800 1854 1854 λα-

295 1879 426 1937 σῶν.
462 1882 520 1936 '0
567 1884 808 1955 ἄσαρκος
855 1888 1173 1957 σαρκοῦται,
1209 1905 1229 1938 ι
1270 1888 1331 1940 Ὀ
1358 1889 1529 1959 Λόγος
1562 1890 1697 1961 σὰρξ
1734 1891 1851 1958 ἐγέ-

292 1990 434 2028 νετο.
470 1994 489 2026 ι
541 1976 597 2030 Ὀ
630 1977 742 2047 ἁφῇ
792 1976 868 2047 μὴ
908 1978 1231 2032 ὑποπίπτων
1275 1977 1363 2031 διὰ
1402 1979 1462 2031 τὸ
1496 1981 1593 2050 τῆς
1635 1979 1852 2048 φύσεως

290 2064 598 2136 ἀσώματον,
634 2066 968 2138 ψηλαφᾶται.
1012 2069 1071 2120 '0
1100 2068 1333 2138 ἄναρχος
1366 2068 1469 2121 ὑπὸ
1496 2070 1669 2139 ἀρχὴν
1701 2071 1850 2139 γίνε-

288 2170 377 2207 ται
410 2157 747 2227 σωματικήν.
800 2157 858 2212 Ὀ
904 2156 1107 2219 τέλειος
1138 2156 1325 2223 αὔξει,
1366 2156 1395 2209 6
1428 2158 1695 2228 ἄτρεπτος
1723 2176 1851 2229 προ-

288 2243 498 2310 κόπτει,
524 2247 552 2298 ὁ
577 2245 830 2309 πλούσιος
862 2249 919 2300 ὲν
948 2248 1289 2317 καταλύματι
1314 2247 1581 2300 τίκτεται.
1600 2248 1658 2300 Ὀ
1691 2265 1847 2319 περι-

293 2330 503 2386 ϐάλλων
530 2333 621 2387 τὸν
652 2335 877 2405 οὐρανὸν
918 2337 976 2389 ὲν
1019 2336 1269 2405 νεφέλαις
1291 2376 1306 2402 ,
1344 2336 1749 2408 σπαργανοῦται
1771 2352 1785 2366 ’
1819 2340 1849 2391 ὁ

292 2423 545 2495 βασιλεὺς
576 2428 634 2481 ὲν
664 2426 838 2499 φάτνῃ
872 2428 1238 2484 κατατίθεται.

720 2728 1026 2799 Ἀντιόχου
1054 2729 1410 2783 ἐπισκόπου.

360 2855 461 2913 Ὃν
484 2856 611 2927 χθὲς
638 2859 924 2931 ἀκράντοις
961 2860 1198 2931 λοχείαις
1236 2863 1465 2934 Σωτῆρα
1493 2864 1623 2933 ἡμῖν
1649 2864 1682 2934 ἡ
1710 2864 1845 2928 Cmo-

1954 1792 2122 1846 eapax
2176 1792 2281 1832 non
2327 1786 2490 1843 esset,
2535 1777 2872 1839 exinanitur,
2920 1777 3101 1831 Servili
3150 1777 3294 1830 enim
3344 1776 3515 1829 forma

1951 1877 2197 1938 suscepta
2241 1853 2586 1939 seme’tipsum
2631 1869 2944 1925 exinanivit.
2999 1869 3100 1934 Qui
3154 1883 3351 1937 expers
3401 1876 3516 1921 erat

1951 1962 2167 2025 carnis,
2216 1974 2381 2014 carne
2432 1960 2702 2024 induitur,
2759 1978 2777 2010 ι
2834 1958 3061 2015 Verbum
3132 1972 3258 2011 caro
3315 1958 3514 2011 factum

1950 2062 2031 2106 est
2061 2052 2127 2106 °°.
2162 2069 2179 2103 ι
2231 2051 2331 2117 Qui
2380 2052 2450 2107 ob
2506 2061 2753 2105 naturam
2800 2050 3042 2119 corporis
3089 2058 3364 2117 expertem
3418 2036 3555 2101 sub‘

1953 2151 2152 2196 laetum
2183 2157 2288 2196 non
2315 2142 2584 2206 veniebat,
2621 2141 2902 2210 palpabilis
2936 2139 3185 2194 etﬁcitur.
3235 2136 3334 2203 Qui
3367 2137 3517 2206 priu-

1947 2232 2146 2300 cipium
2174 2231 2468 2297 nesciebat,
2521 2233 2815 2287 secundum
2865 2245 3061 2300 corpus
3103 2228 3314 2284 initium
3353 2230 3516 2283 sorti-

1951 2331 2057 2375 tur.
2080 2322 2179 2387 Qui
2209 2324 2455 2377 absolute
2484 2322 2755 2392 perfectus
2784 2330 2926 2386 erat,
2964 2314 3294 2374 incrementa
3322 2321 3509 2373 sumit.

1949 2414 2048 2480 Qui
2077 2415 2315 2468 converti
2348 2430 2453 2468 non
2484 2422 2679 2484 potest,
2706 2413 2936 2482 proiicit.
2972 2411 3075 2479 Qui
3118 2414 3267 2468 dives
3294 2420 3380 2466 est
3405 2450 3419 2475 ,
3457 2411 3509 2465 in

1948 2504 2245 2559 diversorio
2271 2505 2528 2575 gignitur.
2554 2504 2653 2569 Qui
2678 2503 2875 2558 coelum
2904 2504 3131 2558 nubibus
3155 2498 3306 2573 te'git,
3331 2501 3512 2556 fasciis

1950 2593 2257 2649 involvitur.
2288 2594 2392 2661 Qui
2422 2609 2518 2650 rex
2553 2602 2658 2659 est,
2694 2593 2747 2647 in
2778 2592 3040 2663 praesepio
3069 2593 3374 2663 deponitur.

2471 2725 2716 2782 Antiochi
2740 2728 2982 2796 episcopi.

2020 2863 2188 2931 Quem
2220 2862 2471 2917 hesterno
2500 2862 2585 2916 die
2618 2876 2716 2931 pro
2748 2869 2930 2915 nostra
2963 2858 3138 2915 salute
3168 2858 3516 2913 immaculato

285 2946 463 3011 τόκος,
485 2950 519 3019 ἡ
547 2948 879 3017 καλλιτόκος,
899 2954 932 3022 ὴ
963 2952 1342 3021 μεγαλοτόκος,
1384 2955 1417 3023 ή
1447 2954 1773 3023 φαεσφόρος.
1804 2954 1837 3024 ἡ

1958 2954 2238 3025 puerperio
2274 2954 2506 3023 genitrix
2540 2954 2688 3017 vitae,
2724 2961 2896 3006 mater
2918 2949 3330 3021 pulchritudinis
3353 2991 3368 3015 ,
3400 2962 3517 3003 uta-

285 3038 657 3111 ιλπιόοφόρος,
682 3043 717 3112 ἠ
741 3042 1020 3108 Θεοτόκος,
1052 3046 1087 3115 ἡ
1114 3044 1407 3109 ξενοτόκος,
1434 3047 1468 3115 ἡ
1498 3045 1848 3115 παρθενομή-

286 3146 399 3201 τωρ
423 3129 577 3184 ὥδευε
603 3132 809 3203 Μαρία.

296 3347 669 3431 Ἅμφιλοχίοτέ
723 3352 1057 3431 ἐπισκόπου
1113 3356 1387 3431 Ἰκονίου,
1439 3360 1506 3412 ἐκ
1556 3362 1661 3416 τοῦ
1705 3365 1840 3431 Περὶ

595 3424 705 3487 τῆς
740 3424 890 3476 κατὰ
924 3424 1121 3492 σάρκα
1151 3426 1504 3494 γεννήσεως.

362 3550 426 3603 Ἦ
454 3550 678 3623 ἀλήθεια
722 3554 991 3627 ἐγνώσθη,
1044 3559 1077 3627 ἠ
1124 3558 1283 3628 χάρις
1319 3554 1471 3630 ἦλθε,
1518 3563 1610 3615 καὶ
1657 3566 1689 3634 ή
1730 3562 1844 3635 ζωὴ

280 3642 474 3713 ἐφάνη.
519 3644 580 3698 Ὀ
606 3645 699 3698 τοῦ
725 3646 857 3700 Θεοῦ
901 3646 975 3701 ῶν
1005 3648 1149 3712 Υἱὸς,
1181 3652 1209 3703 6
1234 3651 1296 3703 ὲκ
1321 3650 1454 3703 Θεοῦ
1480 3652 1670 3719 Λόγος,
1708 3655 1844 3726 σάρξ

280 3732 499 3799 ἐγένετο
534 3734 599 3788 δι’
627 3737 658 3806 ἡ
669 3737 795 3806 μᾶς,
827 3737 914 3791 ἵνα
944 3738 1169 3805 θνητοὺς
1187 3741 1268 3803 είς
1294 3739 1438 3810 ζωὴν
1471 3741 1686 3796 αἰώνιον
1711 3745 1844 3798 ἁνα-

280 3823 475 3894 στήσῃ,
503 3826 597 3878 καὶ
626 3827 689 3880 ὲκ
718 3826 825 3881 τῶν
854 3828 1060 3900 νεκρῶν
1088 3831 1365 3903 ἀνεγείρῃ.
1398 3833 1456 3884 '0
1481 3833 1715 3902 Ποιητὴς
1734 3834 1841 3888 τῶν

278 3913 441 3975 ὅλων,
470 3916 498 3967 6
528 3915 634 3986 πρὸ
662 3917 841 3988 πάσης
867 3920 1098 3984 κτίσεως
1124 3921 1333 3991 ὁρατῶν
1364 3940 1423 3974 τε
1453 3924 1545 3976 καὶ
1571 3925 1838 3994 ἀοράτων,

279 4004 429 4076 μόνῳ
471 4006 645 4077 Πατρὶ
686 4008 780 4060 καὶ
830 4008 1106 4079 Πνεύματι
1152 4013 1507 4083 συνυπάρχων
1540 4014 1839 4080 ἀθάνατος,

277 4094 519 4167 σήμερον
561 4098 670 4152 ἰδοὺ
699 4100 831 4169 ἡμῖν
862 4101 925 4152 ἐκ
959 4099 1231 4169 Παρθένου
1271 4104 1605 4174 γεννώμενος
1624 4145 1638 4167 ,
1669 4108 1839 4177 χωρὶς

275 4184 461 4256 πάσης
495 4187 790 4259 ἁμαρτίας,
821 4189 948 4242 ἄνευ
978 4189 1283 4261 ἀνθρώπου,
1316 4194 1434 4263 ἦτοι
1470 4194 1681 4265 ἀνδρὸς.

439 4406 738 4475 Ἄμμωνος
763 4405 1099 4461 ἐπισκόπου
1132 4405 1681 4476 Ἀδριανουπόλεως.

319 4539 469 4608 Ἔφη
497 4538 609 4608 γάρ
637 4551 756 4593 που
782 4538 879 4593 καί
910 4539 1087 4605 αὐτὸς
1114 4539 1244 4607 περὶ
1282 4537 1388 4592 τοῦ
1413 4541 1560 4595 Θεοῦ
1592 4540 1805 4611 Λόγου.

348 4668 411 4722 Εἰ
434 4668 491 4722 δὲ
524 4668 683 4732 αὐτὸς
705 4668 835 4731 Θεὸς
866 4668 964 4739 τὴν
993 4668 1154 4738 φύσιν
1177 4670 1457 4741 ὑπάρχων,
1483 4673 1558 4736 ὡς
1589 4672 1684 4725 τοῦ
1705 4671 1839 4727 Θεοῦ

277 4746 575 4833 μονογενὴς
612 4758 781 4825 Υίὸς,
816 4761 874 4814 ὲν
908 4761 1209 4832 προσλήψει
1251 4764 1350 4832 τῆς
1392 4764 1579 4819 δούλου
1626 4767 1840 4837 μορφῆς

273 4852 591 4923 γενόμενος,
617 4852 712 4906 καὶ
741 4850 1080 4921 πρωτότοκος
1107 4851 1233 4915 Υἱὸς
1256 4854 1354 4922 τῆς
1386 4855 1543 4922 ἁγίας
1562 4856 1840 4926 Παρθένου

275 4944 547 5014 κληθῆναι
579 4941 943 5009 καταξιώσας,
974 4942 1290 5015 ἀντίλυτρον
1317 4945 1509 4999 ἑαυτὸν
1532 4947 1674 5018 ὑπὲρ
1703 4950 1841 5003 πάν-

270 5050 386 5087 των
438 5033 659 5088 δέδωκε.
708 5031 1078 5103 Προσεπίὴαει
1112 5032 1192 5087 ,δὲ
1242 5035 1500 5101 caerete"
1552 5037 1691 5107 Ἤδη
1741 5039 1839 5108 μὲν

272 5122 455 5189 ἔδειξα
497 5122 596 5194 τὴν
639 5124 910 5192 ἀσέϐειαν,
1009 5125 1426 5197 περιπίπτουσιν
1456 5127 1507 5180 οἱ
1553 5128 1840 5198 ’Δρειανοὶ,

270 5214 524 5282 λέγοντες
575 5215 763 5286 χρείαν
819 5215 1112 5288 ὶσχηκέναι
1170 5217 1270 5288 τὴν
1316 5217 1574 5272 Θεοτόκον
1621 5220 1841 5289 Μαρίαν

270 5307 384 5360 τῶν
431 5305 575 5362 κατὰ
624 5307 715 5361 τὸν
761 5307 922 5378 νόμον
964 5310 1086 5363 τότε
1136 5312 1594 5382 προσφερομένων
1641 5312 1840 5368 θυσιῶν

270 5396 418 5469 ὑπὲρ
445 5397 554 5451 τῶν
580 5399 880 5452 τικτουσῶν
917 5401 1208 5468 γυναικῶν.

267 5575 318 5609 ”
344 5574 519 5633 Galat.
562 5593 596 5643 ι,
634 5577 685 5633 9.
764 5578 809 5609 ”
840 5576 993 5632 Joau.
1021 5594 1061 5643 t,
1086 5577 1170 5631 iii.

1951 3046 2276 3119 gniiicentia:
2318 3045 2563 3114 lucisque
2594 3059 2812 3112 parens,
2840 3043 2950 3113 spei
2992 3043 3349 3111 apportatrix,
3390 3043 3513 3097 Dei-

1950 3153 2105 3208 para,
2135 3152 2255 3206 qua:
2286 3151 2427 3192 novo
2455 3136 2661 3206 peperit
2688 3135 2867 3201 modo,
2897 3133 3047 3203 virgo
3071 3143 3127 3188 et
3153 3142 3324 3187 mater
3352 3147 3513 3202 pepe-

1948 3229 2018 3282 rit
2043 3225 2230 3281 Maria.

1949 3358 2056 3429 50
2092 3358 2451 3429 Amphilochii
2479 3359 2702 3429 episcopi
2729 3354 2918 3429 Icouii,
2945 3373 3009 3411 ex
3046 3355 3179 3409 libro
3206 3355 3270 3408 de
3293 3368 3513 3424 genere;

2246 3430 2385 3481 tione
2418 3427 2632 3480 Domini
2661 3428 2944 3480 secundum
2977 3441 3207 3480 carnem.

2017 3565 2228 3627 Veritas
2262 3564 2473 3633 cognita
2525 3571 2629 3625 est,
2661 3562 2834 3630 gratia
2889 3565 3058 3625 venit,
3083 3562 3190 3614 vita
3238 3559 3507 3630 apparuit,

1947 3653 2040 3710 ltei
2076 3655 2335 3718 Verbum,
2362 3654 2563 3721 Deique
2588 3653 2757 3707 Filius
2800 3662 3016 3722 propter
3067 3668 3163 3706 nos
3197 3652 3509 3705 incarnatus
3618 3648 3631 3663 ‘

1922 3746 2048 3811 est,
2077 3759 2184 3815 quo
2214 3745 2465 3798 nimirum
2507 3745 2765 3797 mortales
2787 3759 2815 3796 a
2838 3753 3012 3796 morte
3041 3742 3105 3794 ad
3153 3742 3316 3794 vitam
3348 3751 3507 3792 aeter-

1945 3852 2067 3890 nam
2103 3844 2399 3889 revocaret.
2434 3832 2819 3888 Universorum
2857 3831 3067 3901 Opifex,
3089 3830 3199 3899 'qui
3231 3839 3356 3883 ante
3386 3844 3504 3881 om-

1945 3940 2066 3979 nem
2123 3930 2428 3976 creaturam
2488 3930 2594 3973 tam
2663 3920 2927 3974 visibilem
2988 3935 3146 3987 quam
3184 3916 3505 3972 invisibilem

1945 4013 2045 4069 soli
2082 4012 2227 4067 Patri
2260 4021 2312 4066 et
2352 4011 2576 4081 Spiritui
2627 4018 2813 4064 sancto
2871 4012 3230 4064 c0exsist~ebat
3284 4009 3507 4063 immor-

1944 4106 2083 4169 talis,
2112 4118 2237 4158 ecce
2266 4104 2313 4158 is
2364 4104 2498 4169 citra
2538 4102 2700 4155 ullum
2732 4110 3032 4169 peccatum,
3090 4100 3358 4169 ullamque
3407 4101 3504 4153 hs-

1941 4196 2252 4265 miuis_aut
2293 4195 2392 4249 viri
2447 4208 2690 4262 operam,
2729 4191 2889 4248 hodie
2943 4192 3100 4247 nobis
3155 4207 3221 4246 ex
3285 4192 3506 4261 Virgine

1870 4302 1915 4356 ι)
1946 4287 2186 4342 nascitur

2226 4423 2496 4478 Ammonis
2538 4423 2762 4494 episcopi
2790 4422 3223 4492 Adrianopoleos.

2256 4550 2344 4607 Sic
2364 4553 2501 4607 enim
2533 4550 2642 4622 ipse
2661 4553 2737 4607 ait
2761 4552 2824 4605 de
2848 4551 2954 4606 Deo
2988 4550 3174 4606 Verbo.

2011 4684 2163 4753 Quod
2213 4685 2257 4740 si
2302 4684 2369 4750 is,
2419 4685 2509 4753 qui
2568 4683 2709 4740 Deus
2762 4687 3057 4741 secundum
3112 4696 3357 4740 naturam
3398 4695 3504 4749 est,

1943 4784 2126 4847 utpote
2153 4776 2462 4843 unigenitus
2492 4776 2581 4831 Dei
2604 4775 2797 4838 Filius,
2814 4776 2996 4831 servili
3016 4775 3186 4829 forma
3205 4785 3503 4844 assumpta,

1947 4881 2224 4935 sacraeque
2251 4865 2486 4936 Virginis
2518 4867 2907 4940 pritnogenitus
2926 4866 3183 4936 appellari
3207 4882 3311 4923 non
3352 4867 3507 4923 dedi-

1943 4967 2159 5030 gnatus,
2219 4958 2567 5029 semetipsum
2636 4959 3057 5028 redemptionem
3108 4974 3205 5029 pro
3256 4960 3506 5014 omnibus

1942 5047 2183 5103 tradidit.
2216 5047 2378 5102 Addit
2415 5056 2669 5115 praterea
2692 5064 2712 5101 :
2741 5046 2900 5103 Clare
2927 5056 3097 5117 patet,
3148 5049 3200 5102 in
3241 5057 3503 5119 quantam

1942 5137 2273 5207 impietatem
2323 5138 2677 5208 prolahantur
2716 5138 2926 5206 Ariani,
2957 5138 3048 5207 qui
3080 5137 3366 5209 Deiparam
3394 5138 3506 5193 Ma-

1940 5229 2076 5284 riam
2098 5230 2167 5285 iis
2191 5230 2499 5294 sacriﬁciis,
2519 5243 2639 5298 quae
2663 5244 2763 5299 pro
2783 5230 3062 5301 puerperis
3087 5244 3154 5286 ex
3180 5231 3298 5302 lege
3320 5231 3504 5287 offerri

1941 5334 2057 5376 mos
2086 5330 2221 5385 erat,
2252 5334 2387 5390 opus
2410 5319 2664 5375 habuisse
2693 5328 2967 5379 asseruni.
3034 5316 3039 5319 ’
