3910 6200
444 247 585 304 12ῒό

1456 254 1512 311 s.
1556 254 1827 311 CYnlLLI
1870 254 2335 310 ALEXANDRINI
2374 228 2691 310 Aacmsp.

3548 255 3695 313 1216

446 361 671 416 Joannis
710 360 937 429 episcopi
981 359 1524 438 Constantinopoleos,
1556 365 1628 419 De
1656 367 1838 421 divina
1858 384 2012 438 gene-

2130 366 2404 420 Ἰωάννου
2429 363 3503 438 ἐπισκρπουΚωνσταγτινουπόλεως,
3550 370 3693 438 Περὶ

1114 434 1336 486 ratione.

779 543 914 597 Dicit
939 554 1112 597 autem
1138 546 1200 598 de
1224 558 1405 601 sancta
1437 547 1670 619 Virgine.

513 656 658 709 Loco
713 656 865 723 solis,
911 657 1008 723 ait,
1039 657 1521 730 incircumscriptte
1570 660 1801 730 iustitia:
1840 665 2012 719 solem

444 748 726 816 complexa
754 747 877 802 fuit.
917 746 1099 817 Neque
1146 749 1233 803 hic
1279 753 1559 818 quaesieris
1611 757 1883 823 quomodo
1911 757 2015 811 hoc

444 837 645 893 factum
678 839 771 904 sit,
804 849 894 893 aut
927 839 1044 893 fieri
1094 842 1349 906 potuerit.
1381 841 1484 898 Ubi
1519 847 1664 899 enim
1712 846 1852 902 Deus
1880 848 2011 912 vult,

444 931 517 985 ibi
582 940 786 985 natura:
825 931 960 986 ordo
1012 932 1176 985 cedit.
1213 931 1411 998 Voluit,
1461 937 1657 1004 potuit,
1711 938 2012 1004 descendit,

445 1020 673 1077 salvavit
705 1023 925 1076 :omnia
974 1021 1068 1077 Dei
1124 1034 1311 1077 nutum
1367 1037 1685 1094 sequuntur.
1722 1028 1890 1084 Hodie
1922 1034 2011 1100 qui

444 1120 546 1176 cst,
571 1113 836 1182 gignitur;
870 1121 925 1168 et
982 1130 1194 1168 rursum
1244 1116 1337 1185 qui
1382 1127 1484 1182 est,
1512 1119 1572 1172 lit
1624 1120 1674 1174 id
1711 1122 1852 1188 quod
1906 1138 2010 1177 non

443 1211 581 1270 erat,
614 1218 737 1257 nam
769 1220 891 1258 cum
930 1205 1070 1279 Deus
1113 1211 1280 1271 esset,
1312 1206 1373 1259 iit
1408 1207 1607 1261 homo:
1634 1208 1699 1262 ab
1739 1224 1801 1263 ea
1837 1220 2011 1264 tamen

444 1306 605 1359 quam
633 1292 863 1349 habebat
890 1295 1090 1351 deitate
1115 1311 1218 1350 non
1250 1298 1486 1365 excidit;
1512 1314 1611 1354 nec
1636 1314 1757 1355 cum
1793 1301 2011 1356 deitatis

437 1381 651 1449 jactura
676 1383 853 1441 factus
882 1395 965 1440 est
1014 1387 1194 1450 homo,
1233 1402 1408 1455 neque
1453 1404 1671 1444 rursum
1706 1405 1800 1460 per
1826 1406 2014 1447 succe-

444 1474 627 1528 dentia
661 1475 995 1530 incrementa
1032 1491 1098 1531 ex
1130 1478 1347 1531 homine
1396 1477 1569 1534 factus
1594 1491 1677 1536 est
1711 1481 1885 1538 Deus:
1916 1484 2011 1537 sed

447 1563 684 1619 Verbum
714 1568 1006 1631 exsistens,
1048 1579 1238 1621 natura
1270 1570 1486 1638 pr0pria
1518 1571 1587 1626 ob
1621 1556 1702 1625 Sui
1738 1574 2010 1641 impatihi-

2555 433 2665 504 τῆς
2696 435 2857 500 θείας
2884 434 3245 504 γεννήσεως.

2327 546 2482 613 Φησὶ
2512 545 2580 598 δὲ
2609 544 2744 612 περὶ
2771 545 2882 614 τῆς
2918 547 3093 614 ἁγίας
3125 550 3430 615 Παρθένου

2198 658 2342 711 Ἀντὶ
2384 658 2439 711 δὲ
2487 657 2659 729 ⁴ἡλίου,
2702 657 2836 727 φησι
2860 696 2875 720 ,
2904 656 2993 710 τὸν
3026 657 3179 727 ἥλιον
3219 658 3314 725 τῆς
3342 657 3691 727 δικαιοσύνης

2115 751 2220 804 ἀπε
2229 750 2540 822 ριγράπτως
2560 751 2783 821 χωρήσα
2810 751 2876 803 P‘.
2894 750 3002 802 Καὶ
3033 749 3107 820 μὴ
3132 750 3370 820 ζητήσῃς
3386 750 3521 811 πῶς’
3551 751 3689 801 ὅπου

2116 841 2223 910 γάρ
2251 840 2494 910 βούλεται
2522 841 2673 906 Θεὸς,
2696 842 2919 892 νικᾶται
2941 841 3157 908 φύσεως
3187 841 3339 906 τάξις
3359 857 3371 871 ·
3410 839 3690 909 ἠϐουλήθη

2114 930 2243 1001 γὰρ,
2306 929 2566 1000 ἠδυνήθη,
2612 928 2897 998 κατῆλθεν,
2936 928 3127 982 ἔσωσε.
3180 928 3464 997 Σύνδρομα
3506 927 3691 979 πάντα

2114 1020 2251 1090 θεῷ.
2282 1021 2528 1090 Σήμερον
2560 1022 2588 1072 ὁ
2616 1019 2690 1071 ὢν
2719 1018 2981 1081 τίκτεται,
3017 1019 3112 1071 καὶ
3145 1020 3173 1071 ὁ
3202 1016 3275 1071 ὣν
3306 1018 3512 1085 γίνεται
3547 1017 3687 1086 ὅπερ

2114 1112 2213 1164 οὐκ
2234 1107 2321 1181 ἦν.
2350 1112 2444 1163 Ὣν
2468 1110 2575 1180 γὰρ
2604 1109 2755 1172 Θεὸς,
2784 1110 2992 1177 γίνεται
3021 1109 3327 1177 ἄνθρωπος,
3356 1108 3453 1159 οὐκ
3483 1104 3688 1166 ἐκστὰς

2112 1199 2206 1253 τοῦ
2256 1194 2394 1251 εἶναι
2440 1198 2590 1261 Θεός.
2639 1197 2777 1250 Οῦτε
2813 1196 2920 1266 γὰρ
2971 1198 3090 1249 κατ’
3128 1196 3384 1248 ἔκστασιν
3430 1194 3689 1262 θεότητος

2114 1291 2337 1358 γέγονεν
2361 1288 2664 1359 ἄνθρωπος,
2687 1288 2810 1341 οὔτε
2841 1288 2981 1340 κατά
3008 1286 3289 1357 προκοπὴν
3313 1285 3370 1352 ἐξ
3392 1284 3687 1355 ἀνθρώπου

2114 1382 2301 1449 γέγονε
2347 1380 2478 1443 Θεός
2500 1393 2513 1407 ’
2557 1378 2691 1432 ἀλλά
2721 1379 2893 1447 Λόγος
2932 1378 3006 1433 ὢν
3042 1380 3129 1432 διὰ
3172 1378 3235 1431 τὸ
3260 1377 3503 1441 ἀπαθὲς,
3549 1376 3689 1446 σὰρξ

2116 1469 2370 1537 ἐγένετο,
2420 1469 2795 1539 ἀμεταϐλήτου
2846 1469 3111 1541 μενούσης
3149 1470 3252 1539 τῆς
3299 1470 3533 1538 φύσεως.
3573 1470 3689 1532 Καὶ

2114 1558 2478 1629 προσεπάγει
2535 1560 2801 1625 τούτοις·
2850 1559 2911 1612 '0
2957 1560 3051 1613 ἐπὶ
3096 1560 3286 1630 θρόνου
3336 1559 3542 1629 ὑψηλοῦ
3588 1560 3689 1612 καὶ

445 1652 650 1707 litatem
688 1664 940 1708 manente
974 1653 1074 1723 51
1104 1654 1226 1709 inde
1253 1665 1477 1719 mutata,
1510 1656 1711 1712 factum
1738 1671 1822 1714 est
1860 1676 2006 1717 caro.

2121 1654 2427 1724 ἐπηρμένου
2470 1653 2793 1722 καθήμενος,
2820 1652 2891 1706 ω
2909 1655 3083 1725 φάτνῃ
3127 1654 3366 1708 τίθεται·
3394 1656 3423 1707 ὁ
3449 1654 3684 1722 ἀναφὴς,

443 1744 700 1813 Adjungit
726 1745 941 1798 demum
977 1761 991 1797 :
1032 1743 1134 1810 Qui
1170 1744 1222 1797 in
1245 1746 1380 1799 solio
1399 1746 1611 1800 sublimi
1646 1750 2012 1820 praecelsaque

2121 1744 2213 1798 καὶ
2257 1742 2492 1809 ἁπλοῦς,
2548 1745 2644 1798 καὶ
2698 1743 3019 1814 ἀσώματος,
3083 1746 3270 1816 χερσὶν
3316 1745 3692 1815 ἀνθρωπίναις

442 1835 711 1900 considet,
740 1835 786 1889 is
811 1834 863 1888 in
899 1834 1160 1903 praesepio
1201 1835 1420 1904 ponitur
1451 1854 1464 1891 :
1498 1838 1588 1907 qui
1632 1839 2010 1909 impalpahilis,

444 1925 694 1994 simplex,
716 1941 779 1981 ac
811 1927 1160 1996 incorporeus
1195 1936 1299 1992 est,
1330 1928 1579 1983 humanis
1611 1933 1859 1987 manibus
1881 1950 2012 1989 con-

443 2023 707 2068 trectatur
730 2036 740 2070 :
766 2016 854 2084 qui
882 2025 1225 2085 peccatorum
1262 2017 1469 2072 vincula
1493 2018 1801 2091 disrumpit,
1832 2023 2013 2082 fasciis

443 2102 847 2173 constringitur.

952 2220 1224 2277 Seueriani
1249 2224 1498 2293 episcopi.

540 2330 986 2400 Quandoquidem
1046 2331 1280 2390 Verbum
1326 2338 1469 2405 quod
1529 2352 1763 2408 superne
1815 2356 2011 2397 arcana

443 2420 677 2489 quadam
714 2420 1208 2493 inexplicabilique,
1233 2440 1298 2480 ac
1322 2427 1770 2498 incomprehensa
1806 2434 2013 2489 ratione

441 2526 511 2567 ex
553 2512 662 2567 Deo
687 2512 844 2567 Patre
863 2514 929 2567 ab
957 2516 1103 2569 omni
1134 2519 1438 2574 aeternitate
1478 2521 1745 2586 nascitur,
1779 2524 2010 2593 idipsum

444 2601 656 2659 inferne
681 2619 745 2658 ex
770 2604 987 2674 Virgine
1012 2607 1179 2662 Maria
1206 2609 1261 2663 in
1286 2621 1530 2680 tempore
1557 2625 1876 2682 generatur;
1907 2632 2014 2686 quo

445 2691 499 2744 hi
548 2691 820 2754 nimirum,
857 2698 948 2762 qui
993 2697 1102 2751 nati
1149 2708 1305 2752 erant
1346 2699 1573 2769 inferne,
1613 2717 1679 2759 ex
1722 2707 1828 2761 Deo
1861 2722 2017 2762 rena-

443 2790 662 2835 scantur
699 2783 876 2836 denuo
908 2799 1161 2853 superne.

691 2892 871 2947 Vitalii
910 2897 1156 2967 episcopi,
1185 2915 1250 2954 ea:
1284 2916 1518 2959 sermone
1555 2905 1628 2960 De
1659 2906 1783 2976 ﬁde.

511 3071 819 3127 Credimus-
846 3072 914 3126 ad
959 3072 1094 3139 hac,
1127 3076 1270 3144 quod
1323 3078 1540 3146 quidem
1597 3080 1661 3132 ad
1718 3079 2015 3137 Salvatoris

447 3165 617 3218 nostri
669 3164 1120 3234 dispensationem
1165 3170 1458 3223 secundum
1518 3185 1737 3225 carnem
1800 3173 2013 3240 attinet,

448 3254 896 3324 incarnationem,
923 3257 1015 3312 Dei
1048 3257 1225 3313 Verbo
1247 3260 1563 3316 innnutahili
1586 3263 2015 3319 inconvertibili-

446 3361 550 3414 que
578 3359 947 3414 permanente,
972 3350 1037 3403 ad
1064 3351 1315 3404 humanae
1342 3362 1546 3406 natura:
1571 3354 2012 3410 instaurationem

450 3436 646 3489 factam
673 3451 814 3490 esse.
842 3437 974 3492 Nam
1005 3455 1125 3493 cum
1158 3442 1288 3495 illud
1337 3445 1633 3496 secundum
1665 3454 1924 3499 aaternam
1949 3461 2013 3500 ex

452 3526 560 3580 Deo
582 3525 743 3580 Patre
778 3529 1037 3595 originem
1068 3546 1227 3585 verus
1262 3533 1351 3586 Dei
1385 3532 1553 3588 Filius
1586 3535 1678 3600 sit,
1710 3538 2012 3591 secundum

446 3628 564 3668 eam
592 3632 710 3684 qua:
744 3626 828 3671 est
857 3634 921 3671 ex
946 3617 1194 3688 Virgine,
1226 3621 1433 3678 factum
1456 3633 1537 3679 est
1563 3624 1731 3680 Filius
1757 3627 2012 3682 hominis.

454 3705 653 3774 Estque
685 3723 823 3763 unus
869 3719 922 3764 et
968 3711 1107 3765 idem
1147 3715 1440 3768 secundum
1477 3716 1814 3770 divinitatem
1848 3716 2041 3775 Filius.

454 3796 723 3865 perlectus
747 3810 800 3854 et
821 3800 968 3855 Patri
992 3804 1502 3873 consubstantialis;
1533 3816 1586 3861 et
1626 3806 1767 3861 idem
1801 3822 2013 3862 rursum

447 3891 739 3943 secundum
774 3893 1176 3961 generationem
1221 3909 1287 3949 ex
1326 3894 1546 3966 Virgine
1598 3896 1872 3966 perlectus
1912 3897 2015 3952 ho-

452 3994 558 4045 mo,
586 3982 825 4049 ejusdem
847 3996 967 4035 cum
988 3985 1197 4038 caeteris
1225 3985 1532 4039 hominibus
1550 3987 1801 4040 essentia
1825 4002 2017 4041 secun-

450 4073 576 4125 dum
613 4088 853 4129 carnem.
889 4076 944 4129 Si
976 4076 1098 4143 quis
1128 4087 1305 4131 autem
1359 4077 1553 4132 dixerit
1582 4078 1783 4133 Christi
1817 4094 2013 4148 corpus

449 4178 480 4214 e
508 4164 646 4218 casio
676 4164 1013 4234 deportatum
1046 4184 1185 4234 esse,
1221 4179 1311 4223 aut
1363 4185 1583 4225 carnem
1614 4186 1775 4239 quam
1829 4171 2010 4236 habet,

452 4248 561 4303 Deo
599 4256 1117 4311 consubstantialem
1157 4272 1298 4320 esse,
1348 4260 1634 4313 anathema
1672 4261 1762 4314 sit.
1809 4260 1866 4313 Si
1893 4261 2015 4330 quis

2114 1836 2435 1888 εἱλίσσεταιο
2493 1836 2522 1888 ὁ
2576 1836 2644 1888 τά
2685 1835 2786 1905 τῆς
2846 1835 3122 1907 ἁμαρτίας
3180 1835 3424 1892 διασπῶν
3482 1835 3684 1904 δεσμὰ,

2117 1928 2450 1998 σπαργάνοις
2483 1926 2834 1997 ἐμπλέκεται.

2513 2212 2873 2281 Σεϐηριανοῦ
2912 2214 3269 2268 ἐπισκόπου.

2196 2326 2255 2377 '0
2284 2324 2391 2397 γάρ
2421 2324 2696 2395 γεννηθεὶς
2726 2325 2929 2379 ἄνωθεν
2954 2327 3016 2378 ἐκ
3042 2326 3252 2396 Πατρὸς
3288 2325 3477 2391 Λόγος,
3516 2327 3690 2398 duo!»

2119 2415 2317 2486 ρἡως,
2346 2416 2661 2485 ἀφράστως,
2695 2417 3118 2485 ἀκαταλήπτως,
3146 2416 3350 2478 ἀϊδίως,
3383 2419 3410 2468 ὁ
3442 2418 3608 2480 αὐτὸς
3631 2420 3689 2469 ἐν

2115 2508 2289 2577 χρόνῳ
2335 2509 2589 2575 γεννᾶται
2621 2506 2863 2560 κάτωθεν
2893 2509 2957 2560 ὲκ
2985 2507 3260 2577 Παρθένου
3295 2509 3546 2579 Μαρίας’
3597 2511 3691 2561 ἶνα

2114 2596 2163 2648 οἱ
2192 2596 2454 2667 πρότερον
2482 2595 2833 2666 γεννηθέντες
2861 2596 3129 2662 κάτωθεν,
3160 2597 3368 2651 ἀνωθεν
3410 2597 3689 2667 γεννηθῶ·

2116 2703 2200 2739 σιν
2235 2688 2299 2739 ὲκ
2322 2688 2579 2759 δευτέρας
2595 2697 2644 2751 (ι,
2684 2682 2930 2740 τουτέστι
2960 2685 3116 2741 Θεοῦ.

2118 2895 2439 2950 Οὐϊταλίου
2497 2895 2870 3019 ἐπισκόποῖό,
2930 2896 3000 2950 ἐκ
3059 2897 3166 2952 τοῦ
3225 2896 3363 2966 Περὶ
3425 2897 3690 2963 πίστεως

2857 2982 2985 3019 του.

2857 2982 2985 3035 rev.

2190 3078 2310 3130 Ἔτι
2339 3077 2397 3131 δὲ
2430 3076 2525 3130 καὶ
2568 3079 2696 3149 περὶ
2720 3079 2825 3150 τῆς»
2862 3077 3003 3133 κατά
3033 3079 3211 3151 σάρκα
3239 3082 3549 3153 οἰκονομίας
3580 3082 3686 3137 τοῦ

2115 3170 2366 3240 Σωτῆρος
2403 3169 2748 3240 πιστεύομεν,
2781 3171 2863 3224 ὅτι
2896 3171 3254 3226 ἀναλλοιώτου
3283 3175 3379 3226 καὶ
3409 3174 3686 3245 ἀτρέπτου

2118 3259 2369 3329 μένοντος
2393 3259 2487 3312 τοῦ
2522 3261 2656 3313 Θεοῦ
2682 3260 2878 3329 Λόγου,
2905 3263 3003 3334 τὴν
3031 3262 3305 3333 σάρκωσιν
3347 3264 3679 3334 γεγενῆσθαι

2116 3348 2251 3420 πρὸς
2280 3351 2619 3404 ἀνακαίνισιν
2641 3361 2662 3388 ι’
2691 3351 3129 3425 ἀνθρωπότητος.
3162 3355 3289 3421 Υἱὸς
3313 3356 3421 3427 γὰρ
3450 3356 3528 3410 ὢν
3556 3358 3690 3428 ἀλη-

2116 3440 2224 3504 θῶς
2252 3440 2386 3493 Θεοῦ
2414 3442 2553 3495 κατά
2577 3442 2677 3513 τὴν
2710 3444 2880 3498 ἀΐδιον
2908 3444 2972 3497 ὲκ
3009 3444 3145 3498 Θεοῦ
3196 3445 3466 3516 γέννησιν,
3492 3448 3689 3515 γέγονε

2116 3530 2209 3583 καὶ
2242 3530 2368 3594 Υἱὸς
2401 3530 2688 3601 ἀνθρώπου
2719 3533 2859 3586 κατὰ
2886 3535 2986 3605 τὴν
3013 3536 3077 3588 ὲκ
3100 3535 3375 3606 Παρθένου
3407 3538 3685 3607 γέννησιν.

2116 3621 2227 3674 Καὶ
2271 3621 2416 3674 ἐστιν
2464 3619 2542 3686 εἷς
2578 3624 2670 3676 καὶ
2720 3625 2747 3676 ὁ
2787 3625 2948 3689 αὐτὸς
2975 3626 3177 3690 τέλειος
3222 3627 3352 3690 Θεὸς
3404 3628 3543 3679 κατὰ
3585 3628 3689 3698 τὴν

2117 3711 2344 3782 θεότητα
2365 3753 2379 3777 ,
2412 3713 2505 3766 καί⁸
2547 3716 2828 3785 ὁμοούσιος
2868 3714 2945 3786 τῷ
2980 3716 3152 3787 Πατρί
3174 3733 3189 3749 ο
3220 3720 3315 3769 καὶ
3354 3718 3561 3781 τέλειος
3590 3719 3688 3772 άν-

2117 3800 2333 3872 θρωπος
2362 3805 2390 3856 ὁ
2412 3804 2574 3867 αὐτὸς
2597 3806 2736 3858 κατά
2762 3806 2858 3875 τὴν
2892 3808 2953 3858 ἐκ
2980 3806 3258 3878 Παρθένου
3286 3808 3566 3878 γέννησιν,
3592 3810 3689 3861 καὶ

2115 3893 2397 3963 ὁμοούσιος
2447 3895 2751 3966 ἀνθρώποις
2796 3896 2935 3949 κατά
2960 3898 3057 3968 τὴν
3092 3898 3291 3969 σάρκα.
3325 3899 3395 3952 Ei
3424 3917 3508 3964 τις
3540 3900 3599 3953 δὲ
3631 3901 3690 3965 ἐξ

2115 3984 2344 4055 ούρανοῦ
2373 3985 2522 4055 λέγει
2557 3987 2715 4057 σῶμα
2750 3988 2894 4058 ἔχειν
2923 3990 3013 4044 τὸν
3047 3990 3302 4060 Χριστὸν,
3333 3991 3366 4061 ἦ
3401 3992 3688 4060 ὀμοούσιον

2113 4074 2192 4146 τῷ
2219 4075 2337 4147 Θεῷ
2378 4078 2519 4130 κατὰ
2559 4078 2657 4149 τὴν
2702 4080 2900 4151 σάρκα,
2924 4079 3065 4134 ἔστω
3096 4080 3364 4151 ἀνάθεμα.
3396 4083 3465 4136 Εἴ
3489 4100 3570 4145 τις
3610 4083 3687 4152 μὴ

2114 4166 2366 4236 ὁμολογεῖ
2407 4168 2504 4238 τὴν
2528 4168 2621 4220 τοῦ
2654 4168 2855 4239 Κυρίου
2895 4170 3069 4242 σάρκα
3112 4173 3175 4224 ὲκ
3211 4172 3308 4243 τῆς
3342 4174 3501 4241 ἁγίας
3535 4177 3687 4244 Παρ⁹

2116 4255 2291 4322 θένου,
2327 4258 2420 4310 καὶ
2446 4256 2751 4328 ἀνθρώποις
2785 4260 3098 4329 ὸμοούσιον,
3138 4262 3277 4315 ἔστω
3316 4264 3585 4334 ἀνάθεμα.
3628 4266 3694 4319 Εἴ

453 4342 726 4407 negaverit
776 4343 978 4398 Domini
1020 4362 1239 4400 carnem
1282 4363 1348 4401 ex
1386 4364 1539 4403 sacra
1589 4351 1807 4420 Virgine
1869 4367 2012 4406 sum-

2121 4364 2203 4411 τις
2227 4348 2317 4400 τὸν
2348 4348 2549 4419 Κύριον
2573 4349 2729 4431 μῶν
2756 4352 2849 4404 καὶ
2876 4352 3124 4423 Σωτῆρα,
3154 4354 3244 4407 τὸν
3275 4356 3339 4407 ὲκ
3373 4354 3689 4425 Πνεύματος

453 4438 594 4495 ptam
625 4445 765 4495 esse,
795 4445 888 4487 aut
947 4436 1254 4491 hominibus
1293 4439 1808 4495 consubstantialem
1859 4457 2004 4505 esse,

452 4520 736 4574 anathema
788 4524 880 4581 sit.
910 4526 966 4580 Si
1008 4527 1131 4594 quis
1178 4529 1379 4583 dixerit
1406 4530 1691 4584 Dominum
1723 4546 1785 4584 ac
1824 4531 2013 4586 Salva-

452 4617 623 4665 torem
659 4622 923 4679 nostrum,
950 4615 1041 4683 qui
1068 4631 1132 4669 ex
1155 4614 1359 4686 Spiritu
1391 4628 1580 4673 sancto
1607 4628 1661 4673 et
1701 4618 1870 4675 Maria
1888 4621 2011 4676 Vir-

451 4700 574 4770 gine
626 4705 919 4758 secundum
966 4720 1184 4761 carnem
1233 4718 1390 4764 natus
1432 4719 1535 4774 est,
1576 4709 1777 4777 anima,
1812 4722 2010 4777 mente,

378 4790 379 4793 “
428 4803 543 4848 ’θυι
594 4809 754 4850 sensu
804 4799 1117 4853 destitutum
1163 4816 1303 4865 esse,
1335 4803 1620 4858 anathema
1652 4806 1743 4859 sit.
1802 4805 1859 4859 Si
1894 4806 2015 4875 quis

449 4888 648 4941 audeat
688 4888 868 4944 dicere
918 4890 1193 4947 Christum
1253 4893 1456 4949 deitate
1509 4910 1748 4964 passum,
1810 4907 1866 4951 et
1909 4911 2013 4951 non

449 4993 639 5046 carne,
672 4990 727 5034 ut
759 4983 1019 5051 scriptum
1074 4993 1177 5049 est,
1220 4985 1291 5039 sit
1326 4987 1635 5042 anathema.
1669 4987 1724 5041 Si
1754 4989 1875 5057 quis
1904 4989 2012 5044 Do-

450 5069 654 5124 minum
692 5084 755 5124 ac
784 5070 1120 5128 Salvatorem
1164 5084 1409 5129 nostrum
1436 5076 1487 5129 in
1528 5077 1665 5131 duos
1706 5078 1932 5143 divellit,
1957 5089 2012 5132 et

449 5160 677 5218 alterum
713 5162 927 5231 quidem
958 5163 1154 5219 Filium
1190 5165 1423 5222 Verbum
1452 5167 1545 5223 Dei
1590 5167 1844 5238 appellat,
1876 5169 2009 5223 alte-

2120 4440 2274 4508 ἀγίου
2320 4440 2411 4493 καὶ
2453 4440 2671 4510 Μαρίας
2715 4442 2813 4512 τῆς
2856 4443 3134 4512 Παρθένου
3177 4445 3516 4518 γεννηθέντα,
3542 4448 3692 4501 κατά

2122 4532 2322 4602 σάρκα,
2374 4532 2576 4603 ἄψυχον
2618 4534 2785 4601 λέγει,
2837 4534 2869 4604 ἢ
2917 4534 3259 4603 ἀναίσθητον,
3306 4537 3338 4606 ἢ
3390 4537 3608 4605 ἄλογον,
3656 4538 3689 4608 ἢ

2120 4624 2364 4694 ἀνόητον,
2414 4623 2553 4676 ἔστω
2597 4624 2862 4694 ἀνάθεμα.
2916 4625 2985 4678 Εἴ
3026 4643 3109 4689 τις
3150 4627 3323 4698 τολμᾷ
3365 4627 3545 4695 λέγειν
3598 4630 3691 4682 τὸν

2118 4713 2355 4785 Χριστὸν
2382 4714 2593 4784 θεότητι
2626 4715 2984 4783 πεπονθέναι,
3025 4719 3119 4771 καὶ
3160 4720 3235 4789 μὴ
3266 4720 3451 4790 σαρκὶ,
3479 4721 3555 4783 ὡς
3592 4722 3688 4789 γέ·-

2114 4820 2390 4875 γραπται,
2420 4804 2559 4859 ἔστω
2585 4806 2854 4877 ἀνάθεμα.
2888 4808 2955 4861 Εἰ
2977 4826 3059 4873 τις
3091 4810 3290 4880 διαιρεί
3316 4812 3411 4864 καὶ⁵
3459 4812 3688 4882 χωρίζει

2112 4896 2203 4950 τὸν
2240 4895 2445 4966 Κύριον
2471 4897 2627 4967 ἡμῶν
2658 4898 2753 4950 καὶ
2783 4900 3035 4970 Σωτῆρα,
3064 4901 3158 4953 καὶ
3187 4901 3333 4968 λέγει
3364 4902 3550 4973 ἕτερον
3589 4904 3685 4973 μὲν

2111 4983 2248 5041 εἶναι
2288 4987 2416 5040 Υίὺν
2445 4988 2535 5041 τὸν
2575 4989 2706 5042 Θεὸν
2742 4991 2913 5059 Λόγον
2934 5030 2949 5055 ,
2982 4993 3078 5045 καὶ
3121 4994 3305 5064 ἕτερον
3340 4994 3432 5047 τὸν
3480 4996 3683 5064 ovain»

2111 5079 2314 5149 φθέντα
2340 5080 2647 5152 ἄνθρωπον,
2683 5083 2777 5135 καὶ
2817 5084 2892 5155 μὴ
2925 5085 3177 5155 ὁμολογεῖ
3200 5086 3297 5139 ἕνα
3329 5087 3425 5141 καὶ
3458 5087 3549 5141 τὸν
3578 5088 3680 5143 ai»

2115 5169 2227 5235 τὸν,
2271 5170 2409 5223 ἔστω
2441 5170 2707 5242 ἀνάθεμα.

452 5266 571 5307 rum
611 5266 740 5309 vero
800 5252 1070 5310 hominem
1128 5266 1481 5328 assumptum,
1522 5273 1697 5329 neque
1732 5260 2021 5315 conﬁtetur
2053 5270 2221 5316 unum
2269 5271 2324 5316 et
2347 5262 2620 5329 eumdem,
2644 5263 2929 5319 anathema
2963 5264 3051 5320 sit.

1498 5396 1672 5453 Varue
1702 5395 1958 5452 lectiones
1987 5397 2190 5453 codicis
2219 5396 2581 5469 Seguieriani.

526 5541 943 5625 νμέχὼρῃσε.
999 5544 1319 5625 rogarem!»
1370 5549 1534 5607 codex
1566 5551 2010 5622 Seguierianus,i

2121 5569 2184 5611 υο
2215 5553 2352 5609 tituli
2386 5554 2652 5609 ιεειῖιιννοε

438 5615 711 5693 ι1.(ιι-ιιιὶεεί.
769 5628 789 5654 τ
825 5615 926 5670 ἀνα
964 5616 1220 5670 καίνοσιν.
