3910 6200
268 320 409 379 Hi7

1344 324 1449 383 ’ΒΕ
1484 318 1904 383 ΒΕΘΤΑῬΙΒΕ
1940 326 2031 381 AD
2071 324 2392 385 ltEGlNAS.

3356 325 3494 383 1118

275 441 561 512 Θεοφίλου
586 441 939 518 ἐπισκᾴπου,
964 445 1034 499 ἐκ
1058 444 1166 518 τοῦ
1197 445 1699 518 Προσφωνητικοῦ
1731 445 1824 500 .16-

1933 442 2039 514 52
2070 442 2358 509 Theophili
2378 448 2624 518 epist-api,
2643 463 2707 502 ea:
2733 464 2970 505 sermone
3007 446 3265 518 inscripto
3313 447 3382 501 ad
3408 462 3495 502 eos

370 527 480 581 νου
521 512 673 580 πρὸς
694 512 836 579 τοὺς
861 512 1336 584 φρονοῦνταςτά
1365 512 1718 585 Ὦριγένους.

585 620 735 688 Ἔφη
762 619 831 673 δὲ
853 620 1041 689 οὕτως
1067 622 1201 691 περὶ
1233 622 1508 691 Χριστοῦ.

333 729 453 784 Ἵνα
498 727 575 801 μὴ
614 730 671 783 ὲν
698 729 842 800 λόγῳ
873 731 1039 803 μόνῳ,
1067 731 1203 786 ἀλλὰ
1225 731 1323 785 καὶ
1354 734 1412 785 ὲν
1439 731 1663 801 δυνάμει
1692 732 1827 796 Θεὸς

269 820 535 892 ἀληθινὸς,
558 823 586 875 ό
615 821 803 890 φανεὶς
828 817 969 876 εἶναι
1000 823 1346 894 πιστεύηται,
1374 824 1440 894 τῇ
1475 822 1583 876 τῶν
1606 822 1823 893 δρωμέ-

267 929 368 966 νων
412 912 780 985 μεγαλουργίᾳ
816 914 916 985 τὴν
955 915 1083 986 περὶ
1113 914 1276 968 αὑτοῦ
1301 913 1475 984 δηλῶν
1504 913 1820 983 ἀσφάλειαν.

268 1004 481 1075 Πλήρης
515 997 613 1074 μὲν
635 1004 709 1057 ὣν
740 1004 892 1068 Θεὸς,
910 1004 1253 1069 αὖτοθεΧῶςι
1288 1005 1347 1058 δὲ
1377 1004 1821 1076 ὲνανθρωπήσας,

266 1095 355 1146 καὶ
390 1092 557 1163 μηδὲν
593 1093 935 1166 ἀνθρωπείας
957 1094 1267 1165 ὁμοιώσεως
1288 1095 1820 1165 καταλείψαςέκτδς,

266 1184 400 1255 πλὴν
442 1184 610 1254 μόνης
656 1185 757 1255 τῆς
800 1186 1015 1240 ἀνοσίου
1063 1187 1298 1250 κακίαςο
1333 1186 1428 1240 καὶ
1467 1185 1664 1257 βρέφος
1715 1186 1823 1258 γὰρ

266 1276 579 1347 γενόμενος,
622 1276 973 1349 Ἐμμανουὴλ
1019 1277 1348 1349 ὡμολογεῖτο
1373 1316 1388 1342 ,
1436 1278 1626 1349 μάγων
1686 1277 1823 1349 πρὸς

264 1363 422 1422 αὑτὸν
450 1367 635 1421 ἰόντων
669 1367 760 1421 καὶ
786 1367 871 1439 τῷ
897 1373 1223 1440 προσκυνεῖν
1272 1373 1365 1428 καὶ
1393 1371 1527 1424 Θεὸν
1559 1367 1700 1424 εἶναι
1730 1369 1822 1423 τὸν

269 1456 502 1526 φανέντα
512 1456 791 1527 ,βοώντων
814 1459 896 1512 ὅτι
920 1459 1015 1513 καὶ
1041 1461 1204 1530 σαρκὶ
1223 1460 1454 1533 σταυρού
1464 1478 1640 1532 μενος,
1669 1459 1819 1532 ἡλίου

267 1544 609 1595 συνέστελλεν
639 1544 883 1610 ἀκτῖνας,
916 1545 1012 1599 καὶ
1038 1547 1115 1618 τῷ
1145 1547 1280 1620 ξένῳ
1323 1547 1559 1620 θαύματι
1597 1548 1697 1617 τὴν
1741 1550 1820 1601 ol-

265 1632 411 1685 κείαν
441 1633 747 1703 σαφηνίζων
777 1633 1026 1707 θεότητα,
1069 1637 1306 1706 οὐδαμοῦ
1352 1640 1653 1710 σκορπίσας
1703 1639 1823 1693 tau-

262 1723 370 1788 τὸν,
422 1723 456 1793 ἢ
506 1722 759 1788 διαλύσας
803 1725 884 1788 είς
917 1725 1167 1795 σωτῆρας
1213 1726 1325 1782 δύο.
1373 1728 1532 1781 Ἀλλὰ
1573 1729 1666 1782 καὶ
1711 1731 1823 1792 τοῖς

265 1813 526 1883 μαθηταῖς
555 1812 707 1880 ἔλεγε
730 1829 746 1844 ’
785 1831 804 1865 ι
835 1815 927 1885 Μὴ
960 1815 1228 1888 καλέσητε
1259 1816 1575 1872 διδάσκαλον
1602 1820 1695 1873 ἐπὶ
1721 1822 1821 1891 τῆς

263 1901 397 1970 γῆς·
437 1896 518 1964 εἷς
564 1903 673 1974 γάρ
706 1904 861 1958 ἐστιν
888 1904 1045 1976 ὑμῶν
1079 1906 1399 1979 καθηγητὴς
1440 1911 1469 1963 ό
1504 1909 1759 1980 Χριστός.
1794 1930 1812 1964 ι

262 1995 333 2047 Οὐ
360 1994 469 2066 γὰρ
501 1995 590 2047 ὅτε
620 1994 778 2049 τοῦτο
805 1998 921 2061 τοῖς
944 1997 1263 2063 ἀποστόλοις
1292 2001 1627 2072 παρήγγειλε
1648 2004 1690 2067 ί,
1717 2002 1814 2057 τοῦ

260 2086 578 2155 φαινομένου
634 2089 887 2158 σώματος
928 2089 1027 2160 τὴν
1058 2090 1263 2145 οίκείαν
1296 2091 1512 2164 διώριζε
1555 2093 1810 2164 θεότητω

257 2176 375 2231 οὑδὲ
402 2177 491 2231 ὅτε
520 2179 754 2250 Χριστὸν
782 2179 973 2233 ἑαυτὸν
1008 2181 1407 2256 διεμαρτύρετο
1439 2181 1598 2248 εἶναι,
1643 2185 1821 2255 ψυχῆς

260 2269 352 2322 καὶ
393 2268 595 2340 σαρκὸς
622 2268 936 2339 διωρίζετοο
970 2269 1143 2336 οὕτως
1179 2273 1347 2344 ἄμφω
1373 2275 1821 2346 τυγχάνωνΘεός

258 2376 313 2412 τε
368 2359 462 2412 καὶ
515 2359 821 2430 ἄνθρωπος,
873 2359 1058 2426 δοῦλος
1111 2362 1417 2434 ὁρώμενος,
1473 2366 1567 2420 καὶ
1613 2366 1821 2438 Κύριος

260 2448 672 2519 γνωριζόμενος.
707 2441 782 2502 Τὸ
817 2449 915 2521 μὲν
970 2450 1169 2523 ὑψηλὸν
1201 2453 1300 2523 τῆς
1339 2453 1590 2526 θεότητος
1615 2455 1691 2526 τῷ
1722 2473 1821 2511 τα-

259 2539 427 2611 πεινῷ
455 2540 555 2609 τῆς
596 2539 1063 2612 ὲνανθρωπὴσεως
1108 2544 1585 2617 ὑποκρυπτόμενος
1617 2548 1821 2619 φρονή-

263 2646 414 2701 ματι,
468 2630 529 2684 τὺ
549 2630 612 2684 δέ
653 2648 718 2700 γε
750 2633 1003 2687 ταπεινὸν
1034 2634 1130 2687 τοῦ
1163 2637 1437 2707 δρωμένου
1473 2638 1722 2710 σώματος
1755 2642 1821 2714 τῇ

261 2721 357 2791 τῆς
384 2720 638 2793 θεότητος
668 2723 982 2795 ὑπεραίρων
1015 2725 1284 2797 ἐνεργείᾳ.

2319 519 2408 585 qui
2431 533 2548 571 cum
2588 517 2810 587 Origene
2829 522 3106 573 sentirent.

2311 627 2404 684 Sic
2434 642 2605 685 autem
2630 630 2758 684 dicit
2779 630 2843 684 de
2881 629 3110 684 Christo.

1995 735 2259 793 Caeterum
2295 753 2363 794 ne
2386 740 2432 796 is
2472 741 2564 811 qui
2589 741 3010 811 apparuilysolo
3044 740 3232 803 verbo,
3254 740 3350 796 sed
3379 740 3491 795 vir-

1928 836 2039 891 tute
2066 843 2281 900 quoque
2320 844 2482 886 verus
2508 831 2648 886 Deus
2674 845 2797 886 esse
2832 832 3167 896 crederetur,
3201 832 3318 901 ipse
3358 846 3492 902 ope-

1928 934 2044 973 rum
2121 920 2515 990 magniﬁcentia
2590 921 2951 977 certissimum
3017 921 3318 976 divinitatis
3379 936 3492 977 sua:

1919 1008 2178 1078 judicium
2210 1010 2358 1066 fecit.
2394 1010 2675 1068 Perfectus
2729 1012 2913 1082 itaque
2967 1011 3109 1067 Deus
3146 1027 3267 1067 cum
3322 1020 3490 1077 esset.

1925 1099 2101 1156 factus
2152 1111 2235 1156 est
2270 1102 2545 1158 voluntate
2593 1118 2688 1158 sna
2742 1104 2939 1170 homo;
2978 1118 3153 1174 neque
3197 1104 3489 1172 quidquam

1923 1190 2164 1255 omnino,
2221 1192 2363 1262 quod
2419 1193 2666 1247 humanae.
2724 1202 2931 1247 naturae
2979 1205 3266 1259 cognatum
3322 1202 3489 1258 esset,

1924 1289 2118 1348 praeter
2139 1295 2299 1334 unum
2356 1281 2575 1349 impiam
2611 1280 2897 1349 malitiam,
2926 1282 3189 1349 reliquit:
3224 1296 3347 1335 nam
3382 1282 3488 1336 etsi

1924 1368 2123 1435 infans,
2148 1369 2461 1425 Emmanuel
2488 1381 2661 1425 tamen
2682 1387 2802 1427 esse
2835 1374 3246 1442 agnoscebatur.
3267 1372 3492 1427 Constat

1924 1474 2156 1529 namque
2201 1475 2386 1530 magos
2429 1461 2519 1529 qui
2575 1463 2639 1514 ad
2656 1461 2815 1515 illum
2846 1471 3129 1526 venerunt,
3157 1477 3278 1516 eum
3315 1463 3488 1530 ipsum

1923 1548 2013 1618 qui
2047 1559 2392 1618 apparuerat,
2423 1551 2738 1604 adoratione
2756 1565 2853 1604 sua
2893 1561 2949 1604 ut
2974 1550 3151 1604 Deum
3179 1552 3489 1620 agnovisse.

1925 1637 2018 1693 Sic
2044 1653 2257 1709 quoque
2288 1638 2414 1693 licet
2452 1639 2747 1694 secundum
2776 1655 2995 1694 carnem
3030 1641 3081 1693 in
3109 1656 3329 1695 crucem
3363 1656 3490 1711 age-

1924 1738 2094 1795 retur,
2150 1729 2280 1785 solis
2336 1738 2516 1784 tamen
2586 1730 2766 1785 radios
2814 1730 3181 1800 reprimebat,
3245 1744 3492 1798 novoque

1932 1821 2195 1876 miraculo
2249 1822 2579 1877 divinitatem
2618 1838 2772 1878 suam
2818 1823 2936 1877 orbi
2987 1832 3252 1877 terrarum
3285 1822 3490 1892 patefa-

1929 1909 2126 1966 ciebat.
2158 1909 2433 1979 Nusquam
2462 1921 2642 1967 autem
2674 1922 2768 1967 aut
2816 1913 3049 1981 seipsum
3100 1911 3367 1976 divisisse,
3397 1921 3491 1966 aut

1928 2000 1982 2055 in
2032 2003 2169 2057 duos
2222 2000 2519 2057 salvatores
2575 2002 2900 2058 dissecuisse
2955 2001 3307 2072 comperitur.
3350 2001 3490 2068 Quin

1926 2091 2186 2160 ejusmodi
2252 2092 2434 2161 potius
2462 2107 2715 2149 sermone
2750 2093 3045 2164 discipulos
3072 2109 3198 2150 suos
3254 2095 3489 2164 compel-

1927 2180 2069 2236 lasse
2111 2180 2308 2251 legitur
2345 2199 2359 2236 :
2404 2200 2424 2234 ι
2477 2180 2553 2236 Ne
2610 2183 2817 2238 vocetis
2865 2184 3175 2253 magistrum
3209 2184 3263 2238 in
3301 2193 3490 2240 terra:

1928 2270 2067 2329 uhus
2088 2281 2171 2328 est
2198 2273 2342 2327 enim
2375 2275 2631 2344 magister
2672 2284 2852 2329 vester
2883 2274 3130 2330 Christus
3148 2275 3215 2329 ".
3254 2294 3274 2327 ι
3305 2275 3492 2346 Neque

1925 2363 2069 2417 enim
2097 2362 2313 2432 quando
2347 2363 2602 2431 apostolis
2634 2365 2748 2418 haec
2801 2364 3121 2434 imperabat,
3154 2366 3487 2421 divinitatem

1928 2468 2081 2510 suam
2111 2469 2141 2507 a
2172 2468 2399 2523 corpore
2445 2456 2588 2523 quod
2631 2456 2979 2520 cernebatur,
3014 2454 3361 2525 sejungebat;
3396 2470 3491 2510 ne-

1927 2559 2032 2615 que
2078 2559 2315 2609 rursum,
2351 2559 2474 2599 cum
2503 2558 2562 2599 se
2605 2544 2880 2599 Christum
2914 2560 3036 2601 esse
3081 2547 3406 2613 testabatur,
3431 2561 3490 2602 se

1931 2635 2111 2689 animo
2149 2645 2203 2691 et
2251 2650 2482 2706 corpore
2522 2636 2829 2704 divellebat,
2864 2638 2958 2693 sed
2987 2636 3146 2691 simul
3174 2647 3487 2706 utrumque,

1930 2727 2037 2782 hoc
2080 2735 2184 2793 est,
2220 2727 2359 2782 Deus
2397 2736 2453 2783 et
2500 2728 2661 2784 homo
2697 2739 2833 2784 erat.
2870 2729 3070 2784 Servus
3118 2730 3316 2801 quippe
3348 2736 3489 2793 erat,

263 2813 353 2882 qui
396 2815 751 2879 cernebatur;
796 2813 1054 2870 Dominus
1090 2831 1217 2871 vero
1260 2818 1347 2886 qui
1412 2819 1833 2888 intelligebatur.
1905 2815 2130 2871 Deitatis
2184 2814 2555 2871 celsitudinem
2610 2817 2798 2872 humili
2881 2816 3268 2873 incarnationis
3320 2817 3491 2872 forma

263 2903 822 2961 occultabatzcontra
851 2919 979 2961 vero
1025 2908 1291 2976 corporis,
1334 2908 1474 2977 «ptod
1522 2909 1824 2974 videbatur,
1861 2904 2215 2962 humilitatem
2263 2904 2478 2959 deitatis
2543 2905 2859 2974 operatione
2913 2905 3196 2960 cvehebat.

334 2994 438 3052 IA'.
479 2997 716 3069 Εὐχερὲς
752 2998 893 3069 μὲνιι
920 2994 1012 3052 οὖν
1039 2998 1133 3052 καὶ
1163 3000 1326 3071 ἕτερα
1359 3000 1565 3064 τούτοις
1596 3001 1820 3070 ἐπενεγ-

1993 2997 2087 3054 XI.
2120 2997 2236 3053 Non
2268 2998 2429 3052 fuerit
2458 3006 2637 3051 autem
2675 2995 2890 3052 difﬁcile
2926 2995 3028 3050 alia
3058 2996 3319 3064 ejusmodi
3354 3012 3490 3065 pra:-

265 3090 384 3144 κεῖν
422 3088 649 3142 πλεῖστά
678 3104 738 3141 τε
769 3088 869 3142 ὅσα
910 3088 1003 3142 καὶ
1036 3090 1210 3162 ἁληθῆ
1258 3091 1558 3163 μαρτύρια·
1590 3092 1828 3165 παρίημι

265 3178 344 3245 δὲ,
376 3178 438 3232 τὸ
463 3178 846 3250 γεγραμμένον
897 3179 1086 3244 είδώς’
1122 3199 1140 3232 ι
1181 3181 1332 3236 Δίδου
1375 3181 1523 3260 σοιεῷ
1550 3183 1827 3256 ἀφορμὴν,

268 3271 361 3323 καὶ
384 3268 690 3340 σοφώτερος
713 3269 862 3323 ἔσται
884 3287 897 3300 ο
922 3270 1154 3342 γνώριζε
1184 3272 1398 3346 δικαίῳ,
1417 3274 1510 3327 καὶ
1531 3275 1830 3347 προσθήσει

265 3361 362 3416 τοῦ
388 3359 656 3431 δέχεσθαι.
691 3379 708 3412 ι
744 3361 891 3432 Πλὴν
919 3362 1096 3415 ἐκεῖνό
1141 3381 1351 3435 φαμεν·
1382 3365 1490 3419 ίδοὺ
1526 3366 1590 3437 δὴ
1632 3367 1830 3432 πάντες

267 3452 317 3505 οἱ
350 3449 672 3520 πανάριστοί
699 3467 759 3503 τε
787 3451 885 3504 καὶ
917 3453 1071 3520 σοφοὶ
1105 3453 1245 3506 κατὰ
1273 3457 1504 3526 καιροὺς
1546 3456 1702 3527 ήμῶν
1738 3474 1831 3526 γε·

266 3541 487 3611 γονότες
518 3540 781 3613 Πατέρες,
811 3541 903 3595 καὶ
921 3541 1179 3616 Θερτόκον
1198 3543 1518 3614 ὀνομάζουσι
1545 3547 1642 3617 τὴν
1672 3547 1830 3616 ἁγίαν

266 3633 578 3703 Παρθένονο
630 3632 868 3704 ἡνῶσθαι
900 3631 958 3686 δὲ
994 3633 1134 3688 κατὰ
1172 3634 1334 3703 φύσιν
1366 3635 1830 3709 διαϐεϐαιούμενοι

264 3725 333 3794 τῇ
364 3724 527 3794 σαρκὶ
548 3722 636 3776 τὸν
665 3724 730 3776 ὲκ
757 3722 893 3776 Θεοῦ
917 3722 1112 3792 Λόγον,
1139 3723 1196 3776 ἐν
1221 3742 1277 3777 τε
1307 3706 1553 3796 τῆίνηδύῖ
1578 3706 1828 3795 γενέσθαι

266 3816 495 3885 φασὶτῇ
526 3814 827 3885 παρθενικῇ
856 3853 870 3878 ,
918 3813 1014 3867 καὶ
1044 3814 1104 3880 ἐξ
1147 3814 1316 3885 αὐτῆς
1359 3815 1642 3887 προελθεῖν
1690 3819 1830 3873 κατὰ

266 3906 478 3977 σάρκα·
507 3905 685 3959 καίτοι
736 3905 836 3976 τὴν
874 3904 1109 3976 ἄναρχον
1134 3907 1230 3959 καὶ
1270 3907 1377 3977 πρὸ
1406 3907 1607 3972 παντὸς
1636 3907 1829 3972 αίῶνος

264 3994 363 4047 καὶ
388 3993 580 4063 χρόνου
614 3993 845 4063 λαχόντα
874 3992 1127 4063 γέννησιν
1156 3996 1218 4047 ὲκ
1247 3995 1475 4065 Πατρός.
1520 3993 1734 4066 Ἐπειδὴ
1771 3996 1828 4050 δὲ

262 4078 335 4154 ἦν
361 4083 523 4148 εἰκὸς,
546 4083 603 4135 ὲν
623 4085 741 4145 ταῖς
768 4082 1133 4156 μακροτέραις
1147 4086 1251 4138 ηκαὶ
1277 4084 1474 4155 ἐφεξῆς
1496 4086 1605 4138 τῶν
1632 4086 1829 4157 στίχων

265 4171 560 4242 συνθήκαις
592 4170 868 4241 ὀλιγώρως
894 4172 1084 4241 ἔχοντα
1116 4173 1205 4228 τὸν
1235 4173 1379 4239 νοῦν,
1409 4174 1660 4245 ἐθελῆσαι
1690 4177 1828 4248 μᾶλ-

261 4264 355 4319 λον
381 4263 458 4327 δὲ,
485 4263 559 4326 ὼς
588 4266 646 4316 ἐν
688 4262 880 4334 βραχεῖ
909 4265 1003 4316 καὶ
1051 4265 1536 4335 συνεσταλμένως*
1569 4267 1696 4320 ίδεῖν
1720 4267 1826 4321 τῶν

1942 3087 2091 3144 clara
2144 3087 2450 3143 testimonia
2486 3101 2590 3140 non
2633 3100 2798 3155 pauca
2836 3085 2924 3139 his
2949 3085 3356 3155 adjicere;quaa
3413 3098 3493 3140 ta-

1929 3193 2052 3233 men
2104 3188 2390 3248 praetereo,
2428 3192 2550 3231 cum
2586 3177 2847 3246 scriptum
2892 3189 3012 3230 esse
3063 3191 3166 3229 non
3206 3177 3443 3246 ignorem
3476 3199 3491 3234 :

1935 3287 1954 3320 ι
1984 3267 2059 3322 Da
2089 3268 2322 3338 sapienti
2388 3267 2749 3331 occasionem,
2787 3275 2842 3320 et
2873 3267 3098 3321 addetur
3123 3267 3173 3321 ei
3195 3268 3492 3336 sapientia:

1930 3361 2063 3415 doce
2089 3358 2314 3427 justum,
2343 3356 2700 3414 etTestinabit
2728 3357 3004 3427 suscipere
3026 3357 3094 3411 ⁸³.
3131 3375 3150 3409 ι
3183 3356 3296 3413 Hoc
3330 3375 3494 3417 unum

1939 3447 2153 3504 interim
2187 3464 2294 3504 non
2324 3448 2781 3519 praetermiserim,
2815 3448 3047 3517 optimos
3068 3462 3131 3504 ac
3149 3449 3494 3518 sapientissit-

1933 3554 2052 3596 mos
2080 3553 2321 3610 quosque
2352 3538 2540 3594 Patres
2572 3547 2836 3608 quotquot
2861 3546 2987 3593 ante
3016 3552 3114 3594 nos
3146 3540 3492 3604 exstiterunt,

1929 3645 2118 3686 omnes
2134 3627 2635 3698 sacram‘Virginem
2651 3628 2942 3698 Deiparam
2967 3643 3178 3699 quoque
3201 3628 3495 3699 appellare,

1929 3720 2131 3790 Deique
2183 3720 2436 3786 Verbum,
2478 3718 2694 3774 etiamsi
2763 3717 3013 3787 principii
3073 3732 3267 3785 expers
3301 3719 3394 3780 sit,
3441 3727 3498 3770 et

1930 3819 2056 3865 ante
2076 3825 2234 3865 omne
2262 3825 2433 3864 arvum
2466 3820 2785 3878 tempusque
2824 3823 2891 3862 ex
2923 3807 3085 3861 Patre
3114 3816 3322 3873 natum,
3343 3809 3493 3861 carni

1930 3901 2222 3955 secundum
2265 3909 2513 3953 naturam
2557 3895 2768 3953 unitum
2793 3913 2932 3962 esse,
2964 3912 3064 3953 nec
3094 3912 3197 3952 non
3236 3898 3290 3952 in
3333 3908 3488 3953 utero

1930 3989 2170 4057 virgineo
2207 3988 2451 4054 latuisse,
2486 4003 2547 4041 ac
2594 3987 2729 4041 inde
2776 3988 3073 4041 secundum
3115 4001 3337 4057 carnem
3366 4001 3492 4056 pro-

1929 4080 2112 4148 diisse,
2131 4079 2396 4154 attestari.
2414 4077 2679 4144 Quoniam
2702 4091 2831 4131 vero
2848 4076 3066 4131 dubium
3088 4091 3194 4131 non
3218 4087 3321 4141 est,
3341 4090 3494 4132 men-

1931 4180 2035 4224 tem
2078 4168 2285 4237 prolixa
2329 4166 2708 4222 auctoritatum
2734 4167 3231 4234 sententiarumque
3263 4164 3373 4237 53
3412 4184 3495 4221 rc-

1929 4260 2188 4317 citatioue
2206 4258 2453 4323 obtundi,
2481 4257 2955 4325 remissiorcmque
2971 4255 3109 4321 ﬁeri,
3139 4255 3296 4311 malle
3314 4269 3493 4311 a-utetn

260 4354 358 4406 ἐπὶ
399 4352 619 4424 Χριστῷ
993 4352 1054 4406 τὸ
1098 4326 1567 4424 ἀκραιφνέστατον
1608 4357 1824 4423 κάλλος,

1935 4351 2082 4407 brevi
2108 4350 2338 4419 quodam
2370 4347 2691 4417 compendio
2718 4347 3025 4414 dogmatum
3056 4348 3123 4401 de
3156 4345 3374 4402 Christo
3401 4362 3492 4400 ve-

259 4440 437 4519 αὑτάς
465 4440 605 4494 κατὰ
632 4442 798 4511 μόνας
824 4441 923 4507 τὰς
949 4441 1058 4496 τῶν
1086 4444 1322 4506 ἐννοιῶν,
1356 4444 1441 4497 ἵνα
1464 4444 1635 4509 οὕτως
1663 4447 1825 4512 εἴπω,

260 4533 509 4602 καρδίας,
541 4532 605 4585 ἐκ
639 4533 736 4602 τῆς
764 4533 1121 4588 θεοπνεύστου
1146 4536 1237 4589 καὶ
1281 4535 1426 4600 Νέας
1454 4537 1674 4607 ι’ραφῆς
1701 4555 1824 4591 συν-

258 4618 591 4691 αγηγερκὼς
614 4658 630 4684 ,
664 4619 928 4690 πέπομφα
970 4623 1034 4691 τῇ
1061 4620 1305 4693 ὑμετέρα
1336 4622 1479 4675 κατὰ
1509 4622 1639 4675 Θεὸν
1665 4623 1822 4674 εὐσε-

260 4709 417 4781 ϐεία’
455 4710 528 4772 ὡς
555 4711 619 4763 ἂν
651 4710 1092 4779 ἐντυγχάνουσαι,
1126 4712 1268 4765 κατὰ
1295 4710 1466 4783 βραχύ
1505 4729 1564 4766 τε
1597 4713 1692 4765 καὶ
1723 4713 1826 4766 ἀνὰ

263 4800 433 4872 μέρος
460 4800 619 4855 αὐταί
648 4817 709 4853 τε
731 4801 824 4855 τὸν
870 4803 929 4854 ὲν
968 4801 1095 4871 ὑμῖν
1135 4805 1228 4855 καὶ
1253 4802 1331 4855 ἔτι
1361 4804 1622 4874 μειζόνως
1660 4821 1827 4858 καταο

258 4892 596 4964 φαιδρύνητε
624 4891 780 4946 νοῦν·
812 4892 1243 4961 φωταγωγοῢσαι
1284 4893 1342 4946 δὲ
1385 4894 1521 4963 πρὸς
1569 4896 1828 4969 ἀλήθειαν

258 4983 364 5037 καὶ
391 4983 484 5048 οὓς
511 4984 576 5037 ἂν
595 4984 823 5052 ὠφελεῖν
843 4983 1063 5054 ἕλησθε,
1080 4984 1254 5054 καυχή
1266 5001 1428 5053 μασιν
1450 4985 1829 5049 ἅποστολικοῖς

256 5076 364 5139 τὰς
401 5077 551 5141 ὁσίας
584 5077 736 5146 ὑμῶν
774 5074 1240 5143 καταφαιδρύνητε
1274 5075 1532 5143 κεφαλάς.
1568 5076 1828 5139 Πλούσιός

256 5166 322 5219 δὲ
355 5166 475 5219 λίαν
519 5168 548 5220 ό
595 5167 686 5220 ἐπὶ
722 5165 895 5236 τούτῳ
929 5165 1147 5235 μισθό;’
1175 5164 1483 5234 γέγραπται
1518 5168 1665 5238 γάρ’
1705 5186 1723 5217 ι
1770 5167 1830 5221 '0

258 5257 600 5329 ὲπιστρέψας
632 5256 953 5327 ἁμαρτωλὸν
977 5256 1041 5308 ὲκ
1071 5252 1438 5325 πλάνηςςὸδοῦ,
1462 5253 1625 5308 σώσει
1654 5253 1830 5324 ψυχὴν

337 5408 385 5443 ⁸¹
418 5408 606 5489 Matth.
630 5422 787 5473 mn,
824 5408 907 5462 10.
984 5407 1030 5443 ⁸³
1066 5404 1224 5462 Prov.
1274 5422 1350 5470 ιι.
1380 5407 1435 5462 9.

1934 4448 2205 4495 nustatem
2237 4437 2470 4493 dilucide
2511 4436 2901 4508 perspicueque
2950 4438 3020 4492 ob
3067 4436 3252 4491 oculos
3296 4450 3495 4504 propo-

1935 4532 2092 4587 sitam
2128 4544 2383 4595 cernere;
2414 4529 2534 4583 ideo
2577 4531 2740 4597 ipsas,
2780 4539 2838 4581 ut
2900 4528 2978 4582 sic
3025 4527 3233 4597 loquar,
3278 4535 3495 4580 senten-
3544 4592 3552 4600 .

1927 4623 2120 4678 tiarum
2140 4620 2395 4676 medullas
2413 4635 2480 4675 ex
2495 4619 2692 4674 divinis
2708 4618 2837 4674 Novi
2856 4602 3183 4674 Testamenti
3200 4614 3496 4685 Scripturis

1932 4715 2214 4777 collectas,
2238 4713 2304 4766 ad
2333 4721 2570 4767 vestram
2607 4711 2660 4766 in
2706 4712 2873 4766 Deum
2917 4711 3172 4780 pietatem
3206 4705 3495 4760 mittendas

1932 4803 2260 4861 existimavi.
2310 4801 2428 4869 Qua
2490 4802 2742 4856 nimirum
2796 4799 3047 4853 breviter
3095 4809 3159 4849 ac
3220 4791 3493 4863 sigillatim

1935 4898 2094 4952 hasce
2126 4891 2455 4954 evolventes,
2486 4899 2723 4943 vestram
2751 4889 2803 4942 in
2832 4885 3021 4956 primis
3061 4892 3295 4937 mentem
3331 4880 3493 4936 etiam

1934 5000 2075 5040 nunc
2101 4985 2473 5045 cobouestare,
2506 4980 2699 5034 deinde
2756 4979 2821 5032 ad
2868 4974 3259 5047 agnoscendam
3292 4972 3495 5026 verita-

1936 5086 2064 5139 tem,
2111 5072 2232 5128 aliis
2278 5072 2688 5141 quibuscunque
2735 5070 2908 5122 visum
2972 5065 3152 5128 fuerit,
3188 5062 3495 5131 adjnmcntn

1934 5180 2057 5221 esse
2091 5179 2296 5219 necnon
2332 5160 2643 5233 apostolicis
2675 5157 2971 5228 praeconiis
2990 5155 3209 5226 perinde
3241 5170 3304 5206 ac
3332 5152 3495 5206 scrtis

1936 5255 2253 5325 quibusdam
2303 5253 2480 5323 capita
2519 5260 2697 5305 vestra
2749 5247 3001 5304 redimire
3053 5244 3287 5314 possitis.
3314 5241 3495 5311 Quan-

1349 5543 1522 5599 Varia:
1547 5541 1802 5598 lectiones
1821 5540 2021 5596 codicis
2051 5538 2403 5609 chtticriuni.

350 5683 375 5717 ⁸
403 5677 725 5743 αὐτοτελῶς.
808 5677 825 5715 ι
861 5675 1191 5747 παρήγγελε.
1268 5690 1292 5717 υ
1324 5696 1421 5732 ουκ
1454 5691 1703 5749 ασχερες.
1779 5685 1805 5715 ν
1834 5684 2250 5745 σινεστα).μενῳ.
