  <div class='ocr_page' id='page_1' title='image "/cluster/home/n/w/nwhite01/storage/ocr_20150623/76/hvd.32044073501439/617.png"; bbox 0 0 3910 6200; ppageno 0'>
   <div class='ocr_carea' id='block_1_1' title="bbox 416 279 553 336">
    <p class='ocr_par' dir='ltr' id='par_1_1' title="bbox 416 279 553 336">
     <span class='ocr_line' id='line_1_1' title="bbox 416 279 553 336; baseline -0.022 0"><span class='ocrx_word' id='word_1_1' title='bbox 416 279 553 336; x_wconf 72' lang='grc'><strong>1219</strong></span> 
     </span>
    </p>
   </div>
   <div class='ocr_carea' id='block_1_2' title="bbox 1386 257 2628 322">
    <p class='ocr_par' dir='ltr' id='par_1_2' title="bbox 1386 257 2628 322">
     <span class='ocr_line' id='line_1_2' title="bbox 1386 257 2628 322; baseline -0.01 0"><span class='ocrx_word' id='word_1_2' title='bbox 1386 267 1443 322; x_wconf 90' lang='lat' dir='ltr'><strong>S.</strong></span> <span class='ocrx_word' id='word_1_3' title='bbox 1486 263 1768 320; x_wconf 80' lang='lat' dir='ltr'><strong>CYRILLI</strong></span> <span class='ocrx_word' id='word_1_4' title='bbox 1802 261 2270 319; x_wconf 76' lang='lat' dir='ltr'><strong>ALEXANDRINI</strong></span> <span class='ocrx_word' id='word_1_5' title='bbox 2308 257 2628 316; x_wconf 78' lang='lat' dir='ltr'><strong>ARCHIEP.</strong></span> 
     </span>
    </p>
   </div>
   <div class='ocr_carea' id='block_1_3' title="bbox 3515 248 3652 303">
    <p class='ocr_par' dir='ltr' id='par_1_3' title="bbox 3515 248 3652 303">
     <span class='ocr_line' id='line_1_3' title="bbox 3515 248 3652 303; baseline 0 0"><span class='ocrx_word' id='word_1_6' title='bbox 3515 248 3652 303; x_wconf 69' lang='grc' dir='ltr'>ιεοο</span> 
     </span>
    </p>
   </div>
   <div class='ocr_carea' id='block_1_4' title="bbox 416 344 2012 462">
    <p class='ocr_par' dir='ltr' id='par_1_4' title="bbox 416 378 1990 462">
     <span class='ocr_line' id='line_1_4' title="bbox 416 378 1990 462; baseline -0.009 -16"><span class='ocrx_word' id='word_1_7' title='bbox 416 388 703 462; x_wconf 88' lang='lat' dir='ltr'><strong>doquidem</strong></span> <span class='ocrx_word' id='word_1_8' title='bbox 738 387 953 457; x_wconf 83' lang='lat' dir='ltr'><strong>copiosa</strong></span> <span class='ocrx_word' id='word_1_9' title='bbox 1002 397 1214 439; x_wconf 85' lang='lat' dir='ltr'><strong>merces</strong></span> <span class='ocrx_word' id='word_1_10' title='bbox 1252 398 1315 438; x_wconf 86' lang='lat' dir='ltr'><strong>ea</strong></span> <span class='ocrx_word' id='word_1_11' title='bbox 1360 382 1426 436; x_wconf 90' lang='lat' dir='ltr'><strong>de</strong></span> <span class='ocrx_word' id='word_1_12' title='bbox 1466 395 1627 436; x_wconf 88' lang='lat' dir='ltr'><strong>causa</strong></span> <span class='ocrx_word' id='word_1_13' title='bbox 1684 378 1832 434; x_wconf 81' lang='lat' dir='ltr'><strong>reddi</strong></span> <span class='ocrx_word' id='word_1_14' title='bbox 1860 393 1990 433; x_wconf 87' lang='lat' dir='ltr'><strong>con-</strong></span> 
     </span>
    </p>
   </div>
   <div class='ocr_carea' id='block_1_5' title="bbox 2121 344 3646 462">
    <p class='ocr_par' dir='ltr' id='par_1_5' title="bbox 2121 363 3646 462">
     <span class='ocr_line' id='line_1_5' title="bbox 2121 363 3646 462; baseline -0.009 -34"><span class='ocrx_word' id='word_1_15' title='bbox 2121 376 2258 431; x_wconf 76' lang='grc' dir='ltr'><strong>,ὐτοῦ</strong></span> <span class='ocrx_word' id='word_1_16' title='bbox 2290 378 2354 430; x_wconf 77' lang='grc' dir='ltr'><strong>ὲκ</strong></span> <span class='ocrx_word' id='word_1_17' title='bbox 2386 374 2638 437; x_wconf 81' lang='grc' dir='ltr'>θανάτου,</span> <span class='ocrx_word' id='word_1_18' title='bbox 2669 371 2762 425; x_wconf 73' lang='grc' dir='ltr'><strong>καὶ</strong></span> <span class='ocrx_word' id='word_1_19' title='bbox 2785 367 3013 438; x_wconf 78' lang='grc' dir='ltr'><strong>καλύψει</strong></span> <span class='ocrx_word' id='word_1_20' title='bbox 3047 364 3249 437; x_wconf 78' lang='grc' dir='ltr'>πλῆθος</span> <span class='ocrx_word' id='word_1_21' title='bbox 3282 363 3584 462; x_wconf 58' lang='grc' dir='ltr'>αμαρτιῶν.</span> <span class='ocrx_word' id='word_1_22' title='bbox 3624 380 3646 414; x_wconf 73' lang='grc' dir='ltr'><strong>ι</strong></span> 
     </span>
    </p>
   </div>
   <div class='ocr_carea' id='block_1_6' title="bbox 417 469 1985 548">
    <p class='ocr_par' dir='ltr' id='par_1_6' title="bbox 417 469 1985 548">
     <span class='ocr_line' id='line_1_6' title="bbox 417 469 1985 548; baseline -0.01 -11"><span class='ocrx_word' id='word_1_23' title='bbox 417 484 592 538; x_wconf 81' lang='lat' dir='ltr'><strong>saevit</strong></span> <span class='ocrx_word' id='word_1_24' title='bbox 625 499 639 536; x_wconf 92' lang='lat'><strong>:</strong></span> <span class='ocrx_word' id='word_1_25' title='bbox 671 479 932 548; x_wconf 89' lang='lat' dir='ltr'><strong>scriptum</strong></span> <span class='ocrx_word' id='word_1_26' title='bbox 968 484 1052 531; x_wconf 85' lang='lat' dir='ltr'><strong>est</strong></span> <span class='ocrx_word' id='word_1_27' title='bbox 1084 475 1226 531; x_wconf 88' lang='lat' dir='ltr'><strong>enim</strong></span> <span class='ocrx_word' id='word_1_28' title='bbox 1255 492 1270 528; x_wconf 89' lang='lat'><strong>:</strong></span> <span class='ocrx_word' id='word_1_29' title='bbox 1302 489 1321 524; x_wconf 73' lang='grc' dir='ltr'><strong><em>ε</em></strong></span> <span class='ocrx_word' id='word_1_30' title='bbox 1374 471 1476 539; x_wconf 86' lang='lat' dir='ltr'><strong>Qui</strong></span> <span class='ocrx_word' id='word_1_31' title='bbox 1509 470 1748 527; x_wconf 77' lang='lat' dir='ltr'><strong>converti</strong></span> <span class='ocrx_word' id='word_1_32' title='bbox 1796 469 1985 524; x_wconf 78' lang='lat' dir='ltr'><strong>fecerit</strong></span> 
     </span>
    </p>
   </div>
   <div class='ocr_carea' id='block_1_7' title="bbox 420 562 1983 645">
    <p class='ocr_par' dir='ltr' id='par_1_7' title="bbox 420 562 1983 645">
     <span class='ocr_line' id='line_1_7' title="bbox 420 562 1983 645; baseline -0.008 -18"><span class='ocrx_word' id='word_1_33' title='bbox 420 582 757 645; x_wconf 87' lang='lat' dir='ltr'><strong>peccatorem</strong></span> <span class='ocrx_word' id='word_1_34' title='bbox 801 570 869 625; x_wconf 91' lang='lat' dir='ltr'><strong>ab</strong></span> <span class='ocrx_word' id='word_1_35' title='bbox 905 581 1093 625; x_wconf 89' lang='lat' dir='ltr'><strong>errore</strong></span> <span class='ocrx_word' id='word_1_36' title='bbox 1152 566 1250 621; x_wconf 67' lang='lat' dir='ltr'><strong>viae</strong></span> <span class='ocrx_word' id='word_1_37' title='bbox 1302 562 1694 629; x_wconf 64' lang='lat' dir='ltr'><strong>suae,salvabit</strong></span> <span class='ocrx_word' id='word_1_38' title='bbox 1751 563 1983 616; x_wconf 84' lang='lat' dir='ltr'><strong>animam</strong></span> 
     </span>
    </p>
   </div>
   <div class='ocr_carea' id='block_1_8' title="bbox 419 651 1979 736">
    <p class='ocr_par' dir='ltr' id='par_1_8' title="bbox 419 651 1979 736">
     <span class='ocr_line' id='line_1_8' title="bbox 419 651 1979 736; baseline -0.01 -17"><span class='ocrx_word' id='word_1_39' title='bbox 419 668 533 736; x_wconf 76' lang='lat' dir='ltr'><strong>ejus</strong></span> <span class='ocrx_word' id='word_1_40' title='bbox 548 680 577 720; x_wconf 74' lang='grc' dir='ltr'><strong>ο</strong></span> <span class='ocrx_word' id='word_1_41' title='bbox 596 672 789 726; x_wconf 89' lang='lat' dir='ltr'><strong>morte,</strong></span> <span class='ocrx_word' id='word_1_42' title='bbox 807 673 861 717; x_wconf 94' lang='lat' dir='ltr'><strong>et</strong></span> <span class='ocrx_word' id='word_1_43' title='bbox 878 661 1083 731; x_wconf 90' lang='lat' dir='ltr'><strong>operiet</strong></span> <span class='ocrx_word' id='word_1_44' title='bbox 1111 656 1501 712; x_wconf 90' lang='lat' dir='ltr'><strong>multitudinem</strong></span> <span class='ocrx_word' id='word_1_45' title='bbox 1517 663 1860 726; x_wconf 81' lang='lat' dir='ltr'><strong>peccatorum</strong></span> <span class='ocrx_word' id='word_1_46' title='bbox 1872 651 1940 707; x_wconf 85' lang='grc'><strong>⁸³.</strong></span> <span class='ocrx_word' id='word_1_47' title='bbox 1960 669 1979 703; x_wconf 74' lang='grc' dir='ltr'><strong>ο</strong></span> 
     </span>
    </p>
   </div>
   <div class='ocr_carea' id='block_1_9' title="bbox 421 741 1985 821">
    <p class='ocr_par' dir='ltr' id='par_1_9' title="bbox 421 741 1985 821">
     <span class='ocr_line' id='line_1_9' title="bbox 421 741 1985 821; baseline -0.009 -11"><span class='ocrx_word' id='word_1_48' title='bbox 421 758 589 812; x_wconf 79' lang='lat' dir='ltr'><strong>Porro</strong></span> <span class='ocrx_word' id='word_1_49' title='bbox 636 763 813 809; x_wconf 90' lang='lat' dir='ltr'><strong>autem</strong></span> <span class='ocrx_word' id='word_1_50' title='bbox 844 768 968 808; x_wconf 92' lang='lat' dir='ltr'><strong>cum</strong></span> <span class='ocrx_word' id='word_1_51' title='bbox 1001 748 1265 821; x_wconf 83' lang='lat' dir='ltr'><strong>ejusmodi</strong></span> <span class='ocrx_word' id='word_1_52' title='bbox 1300 745 1585 803; x_wconf 80' lang='lat' dir='ltr'><strong>sententiis</strong></span> <span class='ocrx_word' id='word_1_53' title='bbox 1634 741 1985 805; x_wconf 90' lang='lat' dir='ltr'><strong>adducendis,</strong></span> 
     </span>
    </p>
   </div>
   <div class='ocr_carea' id='block_1_10' title="bbox 420 831 1986 912">
    <p class='ocr_par' dir='ltr' id='par_1_10' title="bbox 420 831 1986 912">
     <span class='ocr_line' id='line_1_10' title="bbox 420 831 1986 912; baseline -0.011 -10"><span class='ocrx_word' id='word_1_54' title='bbox 420 847 504 903; x_wconf 77' lang='lat' dir='ltr'><strong>vel</strong></span> <span class='ocrx_word' id='word_1_55' title='bbox 544 847 855 902; x_wconf 85' lang='lat' dir='ltr'><strong>earumdem</strong></span> <span class='ocrx_word' id='word_1_56' title='bbox 901 857 1115 912; x_wconf 88' lang='lat' dir='ltr'><strong>quoque</strong></span> <span class='ocrx_word' id='word_1_57' title='bbox 1164 836 1625 900; x_wconf 88' lang='lat' dir='ltr'><strong>conclusionibus,</strong></span> <span class='ocrx_word' id='word_1_58' title='bbox 1653 833 1880 890; x_wconf 78' lang='lat' dir='ltr'><strong>subinde</strong></span> <span class='ocrx_word' id='word_1_59' title='bbox 1902 831 1986 886; x_wconf 81' lang='lat' dir='ltr'><strong>di-</strong></span> 
     </span>
    </p>
   </div>
   <div class='ocr_carea' id='block_1_11' title="bbox 422 929 1993 1005">
    <p class='ocr_par' dir='ltr' id='par_1_11' title="bbox 422 929 1993 1005">
     <span class='ocr_line' id='line_1_11' title="bbox 422 929 1993 1005; baseline -0.009 -13"><span class='ocrx_word' id='word_1_60' title='bbox 422 939 815 1001; x_wconf 81' lang='lat' dir='ltr'><strong>cturi-sumus,</strong></span> <span class='ocrx_word' id='word_1_61' title='bbox 870 938 1010 990; x_wconf 87' lang='lat' dir='ltr'><strong>Deus</strong></span> <span class='ocrx_word' id='word_1_62' title='bbox 1067 935 1229 1005; x_wconf 79' lang='lat' dir='ltr'><strong>igitur</strong></span> <span class='ocrx_word' id='word_1_63' title='bbox 1271 941 1352 987; x_wconf 91' lang='lat' dir='ltr'><strong>est</strong></span> <span class='ocrx_word' id='word_1_64' title='bbox 1394 929 1799 995; x_wconf 88' lang='lat' dir='ltr'><strong>Christus;aut</strong></span> <span class='ocrx_word' id='word_1_65' title='bbox 1855 940 1993 979; x_wconf 89' lang='lat' dir='ltr'><strong>unus</strong></span> 
     </span>
    </p>
   </div>
   <div class='ocr_carea' id='block_1_12' title="bbox 423 1021 1990 1098">
    <p class='ocr_par' dir='ltr' id='par_1_12' title="bbox 423 1021 1990 1098">
     <span class='ocr_line' id='line_1_12' title="bbox 423 1021 1990 1098; baseline -0.01 -15"><span class='ocrx_word' id='word_1_66' title='bbox 423 1044 551 1098; x_wconf 78' lang='lat' dir='ltr'><strong>ergo</strong></span> <span class='ocrx_word' id='word_1_67' title='bbox 580 1027 750 1083; x_wconf 84' lang='lat' dir='ltr'><strong>Filius</strong></span> <span class='ocrx_word' id='word_1_68' title='bbox 791 1037 846 1082; x_wconf 92' lang='lat' dir='ltr'><strong>et</strong></span> <span class='ocrx_word' id='word_1_69' title='bbox 873 1026 1132 1080; x_wconf 84' lang='lat' dir='ltr'><strong>Dominus</strong></span> <span class='ocrx_word' id='word_1_70' title='bbox 1163 1032 1244 1078; x_wconf 89' lang='lat' dir='ltr'><strong>est</strong></span> <span class='ocrx_word' id='word_1_71' title='bbox 1271 1021 1521 1077; x_wconf 89' lang='lat' dir='ltr'><strong>Christus</strong></span> <span class='ocrx_word' id='word_1_72' title='bbox 1550 1038 1562 1073; x_wconf 91' lang='lat'><strong>:</strong></span> <span class='ocrx_word' id='word_1_73' title='bbox 1591 1034 1697 1073; x_wconf 91' lang='lat' dir='ltr'><strong>non</strong></span> <span class='ocrx_word' id='word_1_74' title='bbox 1730 1032 1796 1072; x_wconf 91' lang='lat' dir='ltr'><strong>eo</strong></span> <span class='ocrx_word' id='word_1_75' title='bbox 1828 1030 1990 1070; x_wconf 91' lang='lat' dir='ltr'><strong>sensu</strong></span> 
     </span>
    </p>
   </div>
   <div class='ocr_carea' id='block_1_13' title="bbox 425 1106 1992 1187">
    <p class='ocr_par' dir='ltr' id='par_1_13' title="bbox 425 1106 1992 1187">
     <span class='ocr_line' id='line_1_13' title="bbox 425 1106 1992 1187; baseline -0.008 -14"><span class='ocrx_word' id='word_1_76' title='bbox 425 1120 478 1172; x_wconf 90' lang='lat' dir='ltr'><strong>id</strong></span> <span class='ocrx_word' id='word_1_77' title='bbox 536 1119 785 1181; x_wconf 86' lang='lat' dir='ltr'><strong>dicimus,</strong></span> <span class='ocrx_word' id='word_1_78' title='bbox 824 1132 931 1187; x_wconf 90' lang='lat' dir='ltr'><strong>quo</strong></span> <span class='ocrx_word' id='word_1_79' title='bbox 986 1116 1094 1177; x_wconf 89' lang='lat' dir='ltr'><strong>illi;</strong></span> <span class='ocrx_word' id='word_1_80' title='bbox 1140 1113 1293 1184; x_wconf 89' lang='lat' dir='ltr'><strong>quasi</strong></span> <span class='ocrx_word' id='word_1_81' title='bbox 1359 1112 1613 1164; x_wconf 86' lang='lat' dir='ltr'><strong>nimirum</strong></span> <span class='ocrx_word' id='word_1_82' title='bbox 1676 1106 1992 1161; x_wconf 84' lang='lat' dir='ltr'><strong>Emmanuel</strong></span> 
     </span>
    </p>
   </div>
   <div class='ocr_carea' id='block_1_14' title="bbox 424 1197 1998 1276">
    <p class='ocr_par' dir='ltr' id='par_1_14' title="bbox 424 1197 1998 1276">
     <span class='ocr_line' id='line_1_14' title="bbox 424 1197 1998 1276; baseline -0.008 -15"><span class='ocrx_word' id='word_1_83' title='bbox 424 1210 715 1264; x_wconf 82' lang='lat' dir='ltr'><strong>secundum</strong></span> <span class='ocrx_word' id='word_1_84' title='bbox 766 1207 995 1276; x_wconf 79' lang='lat' dir='ltr'><strong>gratiam</strong></span> <span class='ocrx_word' id='word_1_85' title='bbox 1049 1213 1257 1257; x_wconf 88' lang='lat' dir='ltr'><strong>tantum</strong></span> <span class='ocrx_word' id='word_1_86' title='bbox 1320 1201 1482 1267; x_wconf 89' lang='lat' dir='ltr'><strong>Deus,</strong></span> <span class='ocrx_word' id='word_1_87' title='bbox 1529 1211 1622 1254; x_wconf 91' lang='lat' dir='ltr'><strong>aut</strong></span> <span class='ocrx_word' id='word_1_88' title='bbox 1683 1197 1872 1262; x_wconf 88' lang='lat' dir='ltr'><strong>Filius,</strong></span> <span class='ocrx_word' id='word_1_89' title='bbox 1905 1206 1998 1251; x_wconf 88' lang='lat' dir='ltr'><strong>aut</strong></span> 
     </span>
    </p>
   </div>
   <div class='ocr_carea' id='block_1_15' title="bbox 425 1290 1997 1361">
    <p class='ocr_par' dir='ltr' id='par_1_15' title="bbox 425 1290 1997 1361">
     <span class='ocr_line' id='line_1_15' title="bbox 425 1290 1997 1361; baseline -0.008 -9"><span class='ocrx_word' id='word_1_90' title='bbox 425 1299 686 1352; x_wconf 91' lang='lat' dir='ltr'><strong>Dominus</strong></span> <span class='ocrx_word' id='word_1_91' title='bbox 712 1297 780 1350; x_wconf 91' lang='lat' dir='ltr'><strong>sit</strong></span> <span class='ocrx_word' id='word_1_92' title='bbox 811 1296 1153 1358; x_wconf 89' lang='lat' dir='ltr'><strong>nominatus;</strong></span> <span class='ocrx_word' id='word_1_93' title='bbox 1182 1301 1272 1345; x_wconf 89' lang='lat' dir='ltr'><strong>aut</strong></span> <span class='ocrx_word' id='word_1_94' title='bbox 1291 1306 1387 1361; x_wconf 90' lang='lat' dir='ltr'><strong>per</strong></span> <span class='ocrx_word' id='word_1_95' title='bbox 1412 1290 1658 1345; x_wconf 83' lang='lat' dir='ltr'><strong>assiduos</strong></span> <span class='ocrx_word' id='word_1_96' title='bbox 1680 1301 1997 1359; x_wconf 90' lang='lat' dir='ltr'><strong>progressus</strong></span> 
     </span>
    </p>
   </div>
   <div class='ocr_carea' id='block_1_16' title="bbox 426 1376 1997 1451">
    <p class='ocr_par' dir='ltr' id='par_1_16' title="bbox 426 1376 1997 1451">
     <span class='ocr_line' id='line_1_16' title="bbox 426 1376 1997 1451; baseline -0.008 -10"><span class='ocrx_word' id='word_1_97' title='bbox 426 1396 479 1441; x_wconf 91' lang='lat' dir='ltr'><strong>et</strong></span> <span class='ocrx_word' id='word_1_98' title='bbox 522 1387 872 1445; x_wconf 87' lang='lat' dir='ltr'><strong>incrementa,</strong></span> <span class='ocrx_word' id='word_1_99' title='bbox 914 1382 1134 1451; x_wconf 88' lang='lat' dir='ltr'><strong>perinde</strong></span> <span class='ocrx_word' id='word_1_100' title='bbox 1168 1396 1230 1435; x_wconf 87' lang='lat' dir='ltr'><strong>ac</strong></span> <span class='ocrx_word' id='word_1_101' title='bbox 1280 1394 1419 1433; x_wconf 91' lang='lat' dir='ltr'><strong>unus</strong></span> <span class='ocrx_word' id='word_1_102' title='bbox 1466 1378 1735 1447; x_wconf 84' lang='lat' dir='ltr'><strong>quispiam</strong></span> <span class='ocrx_word' id='word_1_103' title='bbox 1762 1391 1792 1431; x_wconf 91' lang='lat' dir='ltr'><strong>e</strong></span> <span class='ocrx_word' id='word_1_104' title='bbox 1820 1376 1997 1429; x_wconf 86' lang='lat' dir='ltr'><strong>medio</strong></span> 
     </span>
    </p>
   </div>
   <div class='ocr_carea' id='block_1_17' title="bbox 426 1464 1999 1543">
    <p class='ocr_par' dir='ltr' id='par_1_17' title="bbox 426 1464 1999 1543">
     <span class='ocr_line' id='line_1_17' title="bbox 426 1464 1999 1543; baseline -0.006 -16"><span class='ocrx_word' id='word_1_105' title='bbox 426 1491 587 1543; x_wconf 71' lang='lat' dir='ltr'><strong>grege</strong></span> <span class='ocrx_word' id='word_1_106' title='bbox 607 1475 883 1539; x_wconf 90' lang='lat' dir='ltr'><strong>nostrique</strong></span> <span class='ocrx_word' id='word_1_107' title='bbox 914 1471 1105 1526; x_wconf 87' lang='lat' dir='ltr'><strong>similis</strong></span> <span class='ocrx_word' id='word_1_108' title='bbox 1148 1471 1307 1523; x_wconf 86' lang='lat' dir='ltr'><strong>homo</strong></span> <span class='ocrx_word' id='word_1_109' title='bbox 1338 1469 1738 1531; x_wconf 86' lang='lat' dir='ltr'><strong>sanetilicatus,</strong></span> <span class='ocrx_word' id='word_1_110' title='bbox 1774 1465 1839 1519; x_wconf 87' lang='lat' dir='ltr'><strong>ad</strong></span> <span class='ocrx_word' id='word_1_111' title='bbox 1872 1464 1999 1519; x_wconf 88' lang='lat' dir='ltr'><strong>illud</strong></span> 
     </span>
    </p>
   </div>
   <div class='ocr_carea' id='block_1_18' title="bbox 428 1556 2001 1635">
    <p class='ocr_par' dir='ltr' id='par_1_18' title="bbox 428 1556 2001 1635">
     <span class='ocr_line' id='line_1_18' title="bbox 428 1556 2001 1635; baseline -0.005 -19"><span class='ocrx_word' id='word_1_112' title='bbox 428 1566 608 1635; x_wconf 79' lang='lat' dir='ltr'><strong>gloria:</strong></span> <span class='ocrx_word' id='word_1_113' title='bbox 636 1565 846 1618; x_wconf 82' lang='lat' dir='ltr'><strong>culmen</strong></span> <span class='ocrx_word' id='word_1_114' title='bbox 869 1561 1269 1615; x_wconf 87' lang='lat' dir='ltr'><strong>conscenderit.</strong></span> <span class='ocrx_word' id='word_1_115' title='bbox 1300 1558 1497 1611; x_wconf 88' lang='lat' dir='ltr'><strong>Verum</strong></span> <span class='ocrx_word' id='word_1_116' title='bbox 1526 1573 1691 1611; x_wconf 90' lang='lat' dir='ltr'><strong>unum</strong></span> <span class='ocrx_word' id='word_1_117' title='bbox 1726 1556 1823 1610; x_wconf 88' lang='lat' dir='ltr'><strong>hoc</strong></span> <span class='ocrx_word' id='word_1_118' title='bbox 1846 1556 2001 1608; x_wconf 79' lang='lat' dir='ltr'><strong>insti-</strong></span> 
     </span>
    </p>
   </div>
   <div class='ocr_carea' id='block_1_19' title="bbox 2104 455 3651 535">
    <p class='ocr_par' dir='ltr' id='par_1_19' title="bbox 2104 455 3651 535">
     <span class='ocr_line' id='line_1_19' title="bbox 2104 455 3651 535; baseline -0.013 -12"><span class='ocrx_word' id='word_1_119' title='bbox 2104 471 2191 523; x_wconf 86' lang='lat' dir='ltr'><strong>&#39;Ev</strong></span> <span class='ocrx_word' id='word_1_120' title='bbox 2219 468 2276 522; x_wconf 69' lang='grc' dir='ltr'>δέ</span> <span class='ocrx_word' id='word_1_121' title='bbox 2314 484 2378 535; x_wconf 86' lang='grc' dir='ltr'><strong>γε</strong></span> <span class='ocrx_word' id='word_1_122' title='bbox 2404 469 2525 529; x_wconf 84' lang='grc' dir='ltr'>ταῖς</span> <span class='ocrx_word' id='word_1_123' title='bbox 2554 463 2664 516; x_wconf 82' lang='grc' dir='ltr'><strong>τῶν</strong></span> <span class='ocrx_word' id='word_1_124' title='bbox 2701 460 2918 515; x_wconf 72' lang='grc' dir='ltr'>ἐννοιῶν</span> <span class='ocrx_word' id='word_1_125' title='bbox 2943 458 3252 529; x_wconf 79' lang='grc' dir='ltr'>εὐρέσεσιν,</span> <span class='ocrx_word' id='word_1_126' title='bbox 3278 455 3398 525; x_wconf 67' lang='grc' dir='ltr'>ἦτοι</span> <span class='ocrx_word' id='word_1_127' title='bbox 3440 470 3651 522; x_wconf 76' lang='grc' dir='ltr'>συμπεο</span> 
     </span>
    </p>
   </div>
   <div class='ocr_carea' id='block_1_20' title="bbox 2092 542 3652 631">
    <p class='ocr_par' dir='ltr' id='par_1_20' title="bbox 2092 542 3652 631">
     <span class='ocr_line' id='line_1_20' title="bbox 2092 542 3652 631; baseline -0.012 -18"><span class='ocrx_word' id='word_1_128' title='bbox 2092 560 2386 631; x_wconf 81' lang='grc' dir='ltr'>ράσμασιν,</span> <span class='ocrx_word' id='word_1_129' title='bbox 2414 557 2543 609; x_wconf 83' lang='grc' dir='ltr'>ὅταν</span> <span class='ocrx_word' id='word_1_130' title='bbox 2570 553 2840 621; x_wconf 85' lang='grc' dir='ltr'>λέγωμεν,</span> <span class='ocrx_word' id='word_1_131' title='bbox 2882 548 3015 612; x_wconf 81' lang='grc' dir='ltr'>Θεὸς</span> <span class='ocrx_word' id='word_1_132' title='bbox 3055 542 3149 601; x_wconf 81' lang='grc' dir='ltr'>οὖν</span> <span class='ocrx_word' id='word_1_133' title='bbox 3175 545 3284 616; x_wconf 76' lang='grc' dir='ltr'>ἄρα</span> <span class='ocrx_word' id='word_1_134' title='bbox 3321 545 3352 597; x_wconf 84' lang='grc' dir='ltr'><strong>ὁ</strong></span> <span class='ocrx_word' id='word_1_135' title='bbox 3398 543 3652 615; x_wconf 80' lang='grc' dir='ltr'>Χριστὸς,</span> 
     </span>
    </p>
   </div>
   <div class='ocr_carea' id='block_1_21' title="bbox 2090 635 3651 721">
    <p class='ocr_par' dir='ltr' id='par_1_21' title="bbox 2090 635 3651 721">
     <span class='ocr_line' id='line_1_21' title="bbox 2090 635 3651 721; baseline -0.011 -18"><span class='ocrx_word' id='word_1_136' title='bbox 2090 652 2255 721; x_wconf 74' lang='grc' dir='ltr'>ἡγουν</span> <span class='ocrx_word' id='word_1_137' title='bbox 2298 642 2378 711; x_wconf 71' lang='grc' dir='ltr'><strong>εἷς</strong></span> <span class='ocrx_word' id='word_1_138' title='bbox 2409 648 2516 718; x_wconf 77' lang='grc' dir='ltr'>ἄρα</span> <span class='ocrx_word' id='word_1_139' title='bbox 2544 646 2573 697; x_wconf 86' lang='grc' dir='ltr'>ὁ</span> <span class='ocrx_word' id='word_1_140' title='bbox 2602 644 2730 707; x_wconf 82' lang='grc' dir='ltr'>Υίδς</span> <span class='ocrx_word' id='word_1_141' title='bbox 2772 642 2865 696; x_wconf 76' lang='grc' dir='ltr'><strong>καὶ</strong></span> <span class='ocrx_word' id='word_1_142' title='bbox 2896 640 3101 711; x_wconf 80' lang='grc' dir='ltr'>Κύριος</span> <span class='ocrx_word' id='word_1_143' title='bbox 3136 635 3342 707; x_wconf 75' lang='grc' dir='ltr'>Ἰησοῦς</span> <span class='ocrx_word' id='word_1_144' title='bbox 3383 635 3619 705; x_wconf 85' lang='grc' dir='ltr'>Χριστός</span> <span class='ocrx_word' id='word_1_145' title='bbox 3638 650 3651 665; x_wconf 76' lang='grc'><em>’</em></span> 
     </span>
    </p>
   </div>
   <div class='ocr_carea' id='block_1_22' title="bbox 2091 724 3657 811">
    <p class='ocr_par' dir='ltr' id='par_1_22' title="bbox 2091 724 3657 811">
     <span class='ocr_line' id='line_1_22' title="bbox 2091 724 3657 811; baseline -0.011 -17"><span class='ocrx_word' id='word_1_146' title='bbox 2091 742 2190 811; x_wconf 84' lang='grc' dir='ltr'>οὐχ</span> <span class='ocrx_word' id='word_1_147' title='bbox 2228 739 2370 792; x_wconf 74' lang='grc' dir='ltr'>οὕτω</span> <span class='ocrx_word' id='word_1_148' title='bbox 2413 737 2614 807; x_wconf 85' lang='grc' dir='ltr'>φαμὲν,</span> <span class='ocrx_word' id='word_1_149' title='bbox 2656 734 2731 799; x_wconf 81' lang='grc' dir='ltr'><strong>ὡς</strong></span> <span class='ocrx_word' id='word_1_150' title='bbox 2774 734 2992 796; x_wconf 79' lang='grc' dir='ltr'>ἐκεῖνοι,</span> <span class='ocrx_word' id='word_1_151' title='bbox 3048 728 3181 783; x_wconf 76' lang='grc' dir='ltr'>Θεὸν</span> <span class='ocrx_word' id='word_1_152' title='bbox 3217 726 3361 781; x_wconf 84' lang='grc' dir='ltr'>κατὰ</span> <span class='ocrx_word' id='word_1_153' title='bbox 3404 726 3585 796; x_wconf 84' lang='grc' dir='ltr'>χάριν,</span> <span class='ocrx_word' id='word_1_154' title='bbox 3624 724 3657 795; x_wconf 78' lang='grc' dir='ltr'>ἢ</span> 
     </span>
    </p>
   </div>
   <div class='ocr_carea' id='block_1_23' title="bbox 2098 816 3659 898">
    <p class='ocr_par' dir='ltr' id='par_1_23' title="bbox 2098 816 3659 898">
     <span class='ocr_line' id='line_1_23' title="bbox 2098 816 3659 898; baseline -0.01 -15"><span class='ocrx_word' id='word_1_155' title='bbox 2098 829 2248 894; x_wconf 86' lang='grc' dir='ltr'>Υἱὸν,</span> <span class='ocrx_word' id='word_1_156' title='bbox 2304 827 2339 898; x_wconf 66' lang='grc' dir='ltr'>ᾖ</span> <span class='ocrx_word' id='word_1_157' title='bbox 2378 827 2579 898; x_wconf 85' lang='grc' dir='ltr'>Κύριον</span> <span class='ocrx_word' id='word_1_158' title='bbox 2629 822 2940 895; x_wconf 82' lang='grc' dir='ltr'><strong>ὠνομάσθαι</strong></span> <span class='ocrx_word' id='word_1_159' title='bbox 2980 820 3072 875; x_wconf 78' lang='grc' dir='ltr'>τὸν</span> <span class='ocrx_word' id='word_1_160' title='bbox 3110 816 3486 891; x_wconf 67' lang='grc' dir='ltr'>Ἐμμανουήλ,</span> <span class='ocrx_word' id='word_1_161' title='bbox 3521 817 3555 886; x_wconf 82' lang='grc' dir='ltr'>ἢ</span> <span class='ocrx_word' id='word_1_162' title='bbox 3597 818 3659 869; x_wconf 81' lang='grc' dir='ltr'><strong>ὲκ</strong></span> 
     </span>
    </p>
   </div>
   <div class='ocr_carea' id='block_1_24' title="bbox 2099 908 3657 990">
    <p class='ocr_par' dir='ltr' id='par_1_24' title="bbox 2099 908 3657 990">
     <span class='ocr_line' id='line_1_24' title="bbox 2099 908 3657 990; baseline -0.009 -17"><span class='ocrx_word' id='word_1_163' title='bbox 2099 921 2380 990; x_wconf 82' lang='grc' dir='ltr'><strong>προκοπῆς</strong></span> <span class='ocrx_word' id='word_1_164' title='bbox 2401 957 2416 980; x_wconf 90' lang='grc'><strong>,</strong></span> <span class='ocrx_word' id='word_1_165' title='bbox 2450 918 2483 988; x_wconf 83' lang='grc' dir='ltr'>ἢ</span> <span class='ocrx_word' id='word_1_166' title='bbox 2520 916 2812 978; x_wconf 78' lang='grc' dir='ltr'><strong>ἐπιδόσεως</strong></span> <span class='ocrx_word' id='word_1_167' title='bbox 2831 954 2846 979; x_wconf 90' lang='grc'><strong>,</strong></span> <span class='ocrx_word' id='word_1_168' title='bbox 2879 914 2959 977; x_wconf 85' lang='grc' dir='ltr'><strong>είς</strong></span> <span class='ocrx_word' id='word_1_169' title='bbox 2985 910 3141 965; x_wconf 80' lang='grc' dir='ltr'>τοῦτο</span> <span class='ocrx_word' id='word_1_170' title='bbox 3171 909 3328 981; x_wconf 77' lang='grc' dir='ltr'>δόξης</span> <span class='ocrx_word' id='word_1_171' title='bbox 3356 908 3549 971; x_wconf 72' lang='grc' dir='ltr'>ἐλθεῖν,</span> <span class='ocrx_word' id='word_1_172' title='bbox 3585 908 3657 971; x_wconf 85' lang='grc' dir='ltr'>ὡς</span> 
     </span>
    </p>
   </div>
   <div class='ocr_carea' id='block_1_25' title="bbox 2109 998 3654 1078">
    <p class='ocr_par' dir='ltr' id='par_1_25' title="bbox 2109 998 3654 1078">
     <span class='ocr_line' id='line_1_25' title="bbox 2109 998 3654 1078; baseline -0.009 -15"><span class='ocrx_word' id='word_1_173' title='bbox 2109 1010 2206 1063; x_wconf 77' lang='grc' dir='ltr'>ἕνα</span> <span class='ocrx_word' id='word_1_174' title='bbox 2233 1010 2327 1064; x_wconf 81' lang='grc' dir='ltr'>τὸν</span> <span class='ocrx_word' id='word_1_175' title='bbox 2355 1009 2475 1063; x_wconf 84' lang='grc' dir='ltr'>καθ’</span> <span class='ocrx_word' id='word_1_176' title='bbox 2497 1009 2642 1078; x_wconf 77' lang='grc' dir='ltr'>ἡμᾶς</span> <span class='ocrx_word' id='word_1_177' title='bbox 2674 1006 2849 1060; x_wconf 80' lang='grc' dir='ltr'>κοινὸν</span> <span class='ocrx_word' id='word_1_178' title='bbox 2875 1005 2967 1058; x_wconf 71' lang='grc' dir='ltr'><strong>καὶ</strong></span> <span class='ocrx_word' id='word_1_179' title='bbox 2992 1001 3323 1073; x_wconf 81' lang='grc' dir='ltr'><strong>ἡγιασμένον</strong></span> <span class='ocrx_word' id='word_1_180' title='bbox 3343 998 3625 1070; x_wconf 80' lang='grc' dir='ltr'>ἄνθρωπον</span> <span class='ocrx_word' id='word_1_181' title='bbox 3642 1014 3654 1027; x_wconf 92' lang='grc'><strong>·</strong></span> 
     </span>
    </p>
   </div>
   <div class='ocr_carea' id='block_1_26' title="bbox 2106 1083 3659 1168">
    <p class='ocr_par' dir='ltr' id='par_1_26' title="bbox 2106 1083 3659 1168">
     <span class='ocr_line' id='line_1_26' title="bbox 2106 1083 3659 1168; baseline -0.009 -16"><span class='ocrx_word' id='word_1_182' title='bbox 2106 1101 2280 1154; x_wconf 79' lang='grc' dir='ltr'>ἐκεῖνο</span> <span class='ocrx_word' id='word_1_183' title='bbox 2321 1099 2379 1152; x_wconf 84' lang='grc' dir='ltr'><strong>δὲ</strong></span> <span class='ocrx_word' id='word_1_184' title='bbox 2424 1097 2643 1168; x_wconf 80' lang='grc' dir='ltr'>μᾶλλον,</span> <span class='ocrx_word' id='word_1_185' title='bbox 2670 1097 2751 1149; x_wconf 84' lang='grc' dir='ltr'>ὅτι</span> <span class='ocrx_word' id='word_1_186' title='bbox 2782 1093 2912 1157; x_wconf 81' lang='grc' dir='ltr'>Θεὸς</span> <span class='ocrx_word' id='word_1_187' title='bbox 2942 1091 3017 1146; x_wconf 78' lang='grc' dir='ltr'>ὢν</span> <span class='ocrx_word' id='word_1_188' title='bbox 3041 1094 3069 1145; x_wconf 86' lang='grc' dir='ltr'><strong>ό</strong></span> <span class='ocrx_word' id='word_1_189' title='bbox 3094 1092 3264 1159; x_wconf 87' lang='grc' dir='ltr'>Λόγος</span> <span class='ocrx_word' id='word_1_190' title='bbox 3282 1128 3298 1155; x_wconf 90' lang='grc'><strong>,</strong></span> <span class='ocrx_word' id='word_1_191' title='bbox 3325 1083 3444 1141; x_wconf 74' lang='grc' dir='ltr'>εἶτα</span> <span class='ocrx_word' id='word_1_192' title='bbox 3476 1086 3659 1149; x_wconf 71' lang='grc' dir='ltr'>καθεὶς</span> 
     </span>
    </p>
   </div>
   <div class='ocr_carea' id='block_1_27' title="bbox 2096 1178 3661 1253">
    <p class='ocr_par' dir='ltr' id='par_1_27' title="bbox 2096 1178 3661 1253">
     <span class='ocr_line' id='line_1_27' title="bbox 2096 1178 3661 1253; baseline -0.01 -9"><span class='ocrx_word' id='word_1_193' title='bbox 2096 1190 2287 1244; x_wconf 81' lang='grc' dir='ltr'>ἑαυτὸν</span> <span class='ocrx_word' id='word_1_194' title='bbox 2313 1190 2392 1253; x_wconf 89' lang='grc' dir='ltr'><strong>είς</strong></span> <span class='ocrx_word' id='word_1_195' title='bbox 2422 1189 2672 1251; x_wconf 81' lang='grc' dir='ltr'><strong>κένωσιν,</strong></span> <span class='ocrx_word' id='word_1_196' title='bbox 2701 1188 2793 1239; x_wconf 76' lang='grc' dir='ltr'><strong>καὶ</strong></span> <span class='ocrx_word' id='word_1_197' title='bbox 2822 1187 2879 1238; x_wconf 84' lang='grc' dir='ltr'>ὲν</span> <span class='ocrx_word' id='word_1_198' title='bbox 2911 1183 3096 1238; x_wconf 81' lang='grc' dir='ltr'>δούλου</span> <span class='ocrx_word' id='word_1_199' title='bbox 3145 1183 3324 1253; x_wconf 76' lang='grc' dir='ltr'>μορφῇ</span> <span class='ocrx_word' id='word_1_200' title='bbox 3357 1178 3661 1247; x_wconf 77' lang='grc' dir='ltr'>καταϐεεη·</span> 
     </span>
    </p>
   </div>
   <div class='ocr_carea' id='block_1_28' title="bbox 2097 1269 3661 1353">
    <p class='ocr_par' dir='ltr' id='par_1_28' title="bbox 2097 1269 3661 1353">
     <span class='ocr_line' id='line_1_28' title="bbox 2097 1269 3661 1353; baseline -0.009 -19"><span class='ocrx_word' id='word_1_201' title='bbox 2097 1280 2229 1347; x_wconf 83' lang='grc' dir='ltr'>κὼς,</span> <span class='ocrx_word' id='word_1_202' title='bbox 2260 1280 2411 1334; x_wconf 80' lang='grc' dir='ltr'>οὐδὲν</span> <span class='ocrx_word' id='word_1_203' title='bbox 2437 1275 2597 1353; x_wconf 80' lang='grc' dir='ltr'>ἧττόν</span> <span class='ocrx_word' id='word_1_204' title='bbox 2628 1280 2744 1331; x_wconf 72' lang='grc' dir='ltr'>ἔστι</span> <span class='ocrx_word' id='word_1_205' title='bbox 2769 1276 2901 1339; x_wconf 81' lang='grc' dir='ltr'>Θεὸς</span> <span class='ocrx_word' id='word_1_206' title='bbox 2933 1274 3205 1345; x_wconf 83' lang='grc' dir='ltr'>ἀληθινὸς,</span> <span class='ocrx_word' id='word_1_207' title='bbox 3236 1272 3331 1325; x_wconf 75' lang='grc' dir='ltr'><strong>καὶ</strong></span> <span class='ocrx_word' id='word_1_208' title='bbox 3361 1269 3521 1339; x_wconf 76' lang='grc' dir='ltr'>φύσει</span> <span class='ocrx_word' id='word_1_209' title='bbox 3556 1269 3661 1321; x_wconf 83' lang='grc' dir='ltr'><strong>τῶν</strong></span> 
     </span>
    </p>
   </div>
   <div class='ocr_carea' id='block_1_29' title="bbox 2095 1353 3659 1443">
    <p class='ocr_par' dir='ltr' id='par_1_29' title="bbox 2095 1353 3659 1443">
     <span class='ocr_line' id='line_1_29' title="bbox 2095 1353 3659 1443; baseline -0.009 -18"><span class='ocrx_word' id='word_1_210' title='bbox 2095 1372 2233 1425; x_wconf 80' lang='grc' dir='ltr'>ὅλων</span> <span class='ocrx_word' id='word_1_211' title='bbox 2276 1370 2478 1443; x_wconf 82' lang='grc' dir='ltr'>Κύριος</span> <span class='ocrx_word' id='word_1_212' title='bbox 2511 1369 2685 1431; x_wconf 72' lang='grc' dir='ltr'>ἔσται,</span> <span class='ocrx_word' id='word_1_213' title='bbox 2724 1367 2817 1421; x_wconf 79' lang='grc' dir='ltr'><strong>καὶ</strong></span> <span class='ocrx_word' id='word_1_214' title='bbox 2848 1366 3026 1437; x_wconf 86' lang='grc' dir='ltr'>μόνος,</span> <span class='ocrx_word' id='word_1_215' title='bbox 3074 1364 3166 1417; x_wconf 69' lang='grc' dir='ltr'><strong>καὶ</strong></span> <span class='ocrx_word' id='word_1_216' title='bbox 3199 1362 3378 1425; x_wconf 78' lang='grc' dir='ltr'>ίδικῶς</span> <span class='ocrx_word' id='word_1_217' title='bbox 3412 1361 3559 1423; x_wconf 80' lang='grc' dir='ltr'>Υἱός.</span> <span class='ocrx_word' id='word_1_218' title='bbox 3592 1353 3659 1429; x_wconf 76' lang='grc' dir='ltr'><strong>ᾯ</strong></span> 
     </span>
    </p>
   </div>
   <div class='ocr_carea' id='block_1_30' title="bbox 2098 1449 3655 1534">
    <p class='ocr_par' dir='ltr' id='par_1_30' title="bbox 2098 1449 3655 1534">
     <span class='ocr_line' id='line_1_30' title="bbox 2098 1449 3655 1534; baseline -0.01 -17"><span class='ocrx_word' id='word_1_219' title='bbox 2098 1464 2191 1517; x_wconf 75' lang='grc' dir='ltr'><strong>καὶ</strong></span> <span class='ocrx_word' id='word_1_220' title='bbox 2216 1464 2373 1534; x_wconf 80' lang='grc' dir='ltr'>ἡμεῖς</span> <span class='ocrx_word' id='word_1_221' title='bbox 2400 1479 2461 1514; x_wconf 92' lang='grc' dir='ltr'><strong>συ</strong></span> <span class='ocrx_word' id='word_1_222' title='bbox 2470 1458 2719 1533; x_wconf 84' lang='grc' dir='ltr'>μμορφού</span> <span class='ocrx_word' id='word_1_223' title='bbox 2729 1474 2879 1528; x_wconf 87' lang='grc' dir='ltr'>μενοι</span> <span class='ocrx_word' id='word_1_224' title='bbox 2902 1454 3043 1509; x_wconf 81' lang='grc' dir='ltr'>κατὰ</span> <span class='ocrx_word' id='word_1_225' title='bbox 3071 1454 3232 1525; x_wconf 80' lang='grc' dir='ltr'>χάριν</span> <span class='ocrx_word' id='word_1_226' title='bbox 3256 1452 3355 1523; x_wconf 82' lang='grc' dir='ltr'>τὴν</span> <span class='ocrx_word' id='word_1_227' title='bbox 3377 1451 3441 1504; x_wconf 76' lang='grc' dir='ltr'><strong>δι’</strong></span> <span class='ocrx_word' id='word_1_228' title='bbox 3469 1449 3655 1515; x_wconf 78' lang='grc' dir='ltr'>αὑτοῦ,</span> 
     </span>
    </p>
   </div>
   <div class='ocr_carea' id='block_1_31' title="bbox 2099 1544 3469 1626">
    <p class='ocr_par' dir='ltr' id='par_1_31' title="bbox 2099 1544 3469 1626">
     <span class='ocr_line' id='line_1_31' title="bbox 2099 1544 3469 1626; baseline -0.009 -19"><span class='ocrx_word' id='word_1_229' title='bbox 2099 1555 2235 1626; x_wconf 78' lang='grc' dir='ltr'>πρὸς</span> <span class='ocrx_word' id='word_1_230' title='bbox 2267 1555 2366 1625; x_wconf 84' lang='grc' dir='ltr'>τὴν</span> <span class='ocrx_word' id='word_1_231' title='bbox 2397 1555 2495 1624; x_wconf 81' lang='grc' dir='ltr'>τῆς</span> <span class='ocrx_word' id='word_1_232' title='bbox 2530 1551 2803 1614; x_wconf 77' lang='grc' dir='ltr'><strong>υἱοθεσίας</strong></span> <span class='ocrx_word' id='word_1_233' title='bbox 2828 1547 3190 1617; x_wconf 76' lang='grc' dir='ltr'>ἀναϐαίνομεν</span> <span class='ocrx_word' id='word_1_234' title='bbox 3221 1544 3398 1608; x_wconf 82' lang='grc' dir='ltr'>δόξαν.</span> <span class='ocrx_word' id='word_1_235' title='bbox 3453 1547 3469 1560; x_wconf 83' lang='lat'><strong><em>’</em></strong></span> 
     </span>
    </p>
   </div>
   <div class='ocr_carea' id='block_1_32' title="bbox 432 1637 3665 1721">
    <p class='ocr_par' dir='ltr' id='par_1_32' title="bbox 432 1637 3665 1721">
     <span class='ocr_line' id='line_1_32' title="bbox 432 1637 3665 1721; baseline -0.007 -10"><span class='ocrx_word' id='word_1_236' title='bbox 432 1659 630 1713; x_wconf 83' lang='lat' dir='ltr'><strong>tuimus</strong></span> <span class='ocrx_word' id='word_1_237' title='bbox 662 1667 715 1711; x_wconf 92' lang='lat' dir='ltr'><strong>et</strong></span> <span class='ocrx_word' id='word_1_238' title='bbox 737 1657 984 1717; x_wconf 89' lang='lat' dir='ltr'><strong>dicimus,</strong></span> <span class='ocrx_word' id='word_1_239' title='bbox 1006 1666 1198 1721; x_wconf 91' lang='lat' dir='ltr'><strong>nempe</strong></span> <span class='ocrx_word' id='word_1_240' title='bbox 1228 1652 1459 1706; x_wconf 85' lang='lat' dir='ltr'><strong>Verbum</strong></span> <span class='ocrx_word' id='word_1_241' title='bbox 1518 1665 1640 1705; x_wconf 89' lang='lat' dir='ltr'><strong>cum</strong></span> <span class='ocrx_word' id='word_1_242' title='bbox 1716 1650 1856 1704; x_wconf 88' lang='lat' dir='ltr'><strong>Deus</strong></span> <span class='ocrx_word' id='word_1_243' title='bbox 1901 1656 2065 1712; x_wconf 85' lang='lat' dir='ltr'><strong>esset,</strong></span> <span class='ocrx_word' id='word_1_244' title='bbox 2103 1649 2170 1702; x_wconf 90' lang='lat' dir='ltr'><strong>ad</strong></span> <span class='ocrx_word' id='word_1_245' title='bbox 2224 1647 2670 1711; x_wconf 80' lang='lat' dir='ltr'><strong>exinanitiOuem,</strong></span> <span class='ocrx_word' id='word_1_246' title='bbox 2709 1644 3065 1712; x_wconf 81' lang='lat' dir='ltr'><strong>servilemque</strong></span> <span class='ocrx_word' id='word_1_247' title='bbox 3107 1640 3351 1695; x_wconf 78' lang='lat' dir='ltr'><strong>formam-</strong></span> <span class='ocrx_word' id='word_1_248' title='bbox 3392 1653 3450 1693; x_wconf 89' lang='lat' dir='ltr'><strong>se</strong></span> <span class='ocrx_word' id='word_1_249' title='bbox 3495 1637 3665 1691; x_wconf 79' lang='lat' dir='ltr'><strong>demi-</strong></span> 
     </span>
    </p>
   </div>
   <div class='ocr_carea' id='block_1_33' title="bbox 429 1728 3665 1805">
    <p class='ocr_par' dir='ltr' id='par_1_33' title="bbox 429 1728 3665 1805">
     <span class='ocr_line' id='line_1_33' title="bbox 429 1728 3665 1805; baseline -0.006 -6"><span class='ocrx_word' id='word_1_250' title='bbox 429 1746 566 1799; x_wconf 84' lang='lat' dir='ltr'><strong>sisse</strong></span> <span class='ocrx_word' id='word_1_251' title='bbox 597 1760 660 1799; x_wconf 87' lang='lat' dir='ltr'><strong>ac</strong></span> <span class='ocrx_word' id='word_1_252' title='bbox 690 1744 1063 1805; x_wconf 87' lang='lat' dir='ltr'><strong>descendisse;</strong></span> <span class='ocrx_word' id='word_1_253' title='bbox 1093 1741 1165 1793; x_wconf 85' lang='lat' dir='ltr'><strong>ita</strong></span> <span class='ocrx_word' id='word_1_254' title='bbox 1200 1749 1377 1793; x_wconf 89' lang='lat' dir='ltr'><strong>tamen</strong></span> <span class='ocrx_word' id='word_1_255' title='bbox 1408 1748 1466 1792; x_wconf 89' lang='lat' dir='ltr'><strong>ut</strong></span> <span class='ocrx_word' id='word_1_256' title='bbox 1515 1752 1671 1793; x_wconf 84' lang='lat' dir='ltr'><strong>verus</strong></span> <span class='ocrx_word' id='word_1_257' title='bbox 1724 1737 2074 1803; x_wconf 82' lang='lat' dir='ltr'><strong>nihilominus</strong></span> <span class='ocrx_word' id='word_1_258' title='bbox 2113 1738 2252 1793; x_wconf 90' lang='lat' dir='ltr'><strong>Deus</strong></span> <span class='ocrx_word' id='word_1_259' title='bbox 2299 1754 2362 1792; x_wconf 90' lang='lat' dir='ltr'><strong>ac</strong></span> <span class='ocrx_word' id='word_1_260' title='bbox 2420 1737 2713 1794; x_wconf 86' lang='lat' dir='ltr'><strong>secundum</strong></span> <span class='ocrx_word' id='word_1_261' title='bbox 2761 1744 3006 1790; x_wconf 90' lang='lat' dir='ltr'><strong>naturam</strong></span> <span class='ocrx_word' id='word_1_262' title='bbox 3065 1730 3437 1786; x_wconf 77' lang='lat' dir='ltr'><strong>universorum</strong></span> <span class='ocrx_word' id='word_1_263' title='bbox 3488 1728 3665 1781; x_wconf 76' lang='lat' dir='ltr'><strong>Domi-</strong></span> 
     </span>
    </p>
   </div>
   <div class='ocr_carea' id='block_1_34' title="bbox 442 1822 3666 1902">
    <p class='ocr_par' dir='ltr' id='par_1_34' title="bbox 442 1822 3666 1902">
     <span class='ocr_line' id='line_1_34' title="bbox 442 1822 3666 1902; baseline -0.005 -15"><span class='ocrx_word' id='word_1_264' title='bbox 442 1849 544 1887; x_wconf 88' lang='lat' dir='ltr'><strong>nus</strong></span> <span class='ocrx_word' id='word_1_265' title='bbox 598 1831 975 1902; x_wconf 83' lang='lat' dir='ltr'><strong>permanserit,</strong></span> <span class='ocrx_word' id='word_1_266' title='bbox 1022 1829 1280 1897; x_wconf 89' lang='lat' dir='ltr'><strong>solusque</strong></span> <span class='ocrx_word' id='word_1_267' title='bbox 1321 1836 1376 1881; x_wconf 93' lang='lat' dir='ltr'><strong>et</strong></span> <span class='ocrx_word' id='word_1_268' title='bbox 1415 1827 1634 1896; x_wconf 86' lang='lat' dir='ltr'><strong>proprie</strong></span> <span class='ocrx_word' id='word_1_269' title='bbox 1690 1826 1855 1880; x_wconf 81' lang='lat' dir='ltr'><strong>Filius</strong></span> <span class='ocrx_word' id='word_1_270' title='bbox 1882 1843 1895 1880; x_wconf 89' lang='lat'><strong>:</strong></span> <span class='ocrx_word' id='word_1_271' title='bbox 1922 1826 2007 1881; x_wconf 89' lang='lat' dir='ltr'><strong>cui</strong></span> <span class='ocrx_word' id='word_1_272' title='bbox 2047 1835 2101 1880; x_wconf 90' lang='lat' dir='ltr'><strong>et</strong></span> <span class='ocrx_word' id='word_1_273' title='bbox 2121 1841 2220 1882; x_wconf 88' lang='lat' dir='ltr'><strong>nos</strong></span> <span class='ocrx_word' id='word_1_274' title='bbox 2274 1841 2489 1897; x_wconf 90' lang='lat' dir='ltr'><strong>quoque</strong></span> <span class='ocrx_word' id='word_1_275' title='bbox 2548 1842 2642 1893; x_wconf 91' lang='lat' dir='ltr'><strong>per</strong></span> <span class='ocrx_word' id='word_1_276' title='bbox 2689 1828 2919 1896; x_wconf 87' lang='lat' dir='ltr'><strong>gratiam</strong></span> <span class='ocrx_word' id='word_1_277' title='bbox 2953 1823 3121 1894; x_wconf 89' lang='lat' dir='ltr'><strong>ipsius</strong></span> <span class='ocrx_word' id='word_1_278' title='bbox 3154 1822 3584 1882; x_wconf 64' lang='lat' dir='ltr'><strong>conformantur,</strong></span> <span class='ocrx_word' id='word_1_279' title='bbox 3614 1827 3666 1871; x_wconf 91' lang='lat' dir='ltr'><strong>et</strong></span> 
     </span>
    </p>
   </div>
   <div class='ocr_carea' id='block_1_35' title="bbox 432 1916 1543 1990">
    <p class='ocr_par' dir='ltr' id='par_1_35' title="bbox 432 1916 1543 1990">
     <span class='ocr_line' id='line_1_35' title="bbox 432 1916 1543 1990; baseline -0.007 -12"><span class='ocrx_word' id='word_1_280' title='bbox 432 1925 496 1978; x_wconf 89' lang='lat' dir='ltr'><strong>ad</strong></span> <span class='ocrx_word' id='word_1_281' title='bbox 519 1922 818 1990; x_wconf 80' lang='lat' dir='ltr'><strong>adoptionis</strong></span> <span class='ocrx_word' id='word_1_282' title='bbox 850 1919 1072 1989; x_wconf 80' lang='lat' dir='ltr'><strong>gloriam</strong></span> <span class='ocrx_word' id='word_1_283' title='bbox 1105 1916 1543 1972; x_wconf 86' lang='lat' dir='ltr'><strong>conscendimus.</strong></span> 
     </span>
    </p>
   </div>
   <div class='ocr_carea' id='block_1_36' title="bbox 528 1981 2012 2077">
    <p class='ocr_par' dir='ltr' id='par_1_36' title="bbox 528 1981 1999 2075">
     <span class='ocr_line' id='line_1_36' title="bbox 528 1981 1999 2075; baseline -0.008 -10"><span class='ocrx_word' id='word_1_284' title='bbox 528 1981 640 2066; x_wconf 65' lang='grc' dir='ltr'>Χιιξ</span> <span class='ocrx_word' id='word_1_285' title='bbox 692 1981 957 2067; x_wconf 49' lang='grc' dir='ltr'>(Ζςηιριῗιιιῐι</span> <span class='ocrx_word' id='word_1_286' title='bbox 1012 2024 1207 2064; x_wconf 88' lang='lat' dir='ltr'><strong>nomen</strong></span> <span class='ocrx_word' id='word_1_287' title='bbox 1266 2008 1390 2073; x_wconf 88' lang='lat' dir='ltr'><strong>hoc,</strong></span> <span class='ocrx_word' id='word_1_288' title='bbox 1457 2005 1730 2073; x_wconf 84' lang='lat' dir='ltr'><strong>Christus,</strong></span> <span class='ocrx_word' id='word_1_289' title='bbox 1757 2005 1999 2075; x_wconf 85' lang='lat' dir='ltr'><strong>quidam,</strong></span> 
     </span>
    </p>
   </div>
   <div class='ocr_carea' id='block_1_37' title="bbox 2121 1981 3669 2077">
    <p class='ocr_par' dir='ltr' id='par_1_37' title="bbox 2175 1981 3669 2077">
     <span class='ocr_line' id='line_1_37' title="bbox 2175 1981 3669 2077; baseline -0.001 -19"><span class='ocrx_word' id='word_1_290' title='bbox 2175 2004 2271 2059; x_wconf 85' lang='lat' dir='ltr'><strong>lB&#39;.</strong></span> <span class='ocrx_word' id='word_1_291' title='bbox 2304 1981 2510 2077; x_wconf 74' lang='grc' dir='ltr'>Ὄνομα</span> <span class='ocrx_word' id='word_1_292' title='bbox 2535 2008 2590 2061; x_wconf 76' lang='grc' dir='ltr'><strong>δὲ</strong></span> <span class='ocrx_word' id='word_1_293' title='bbox 2621 2007 2992 2077; x_wconf 72' lang='grc' dir='ltr'>τὺ,Χριστύς,</span> <span class='ocrx_word' id='word_1_294' title='bbox 3028 2006 3255 2076; x_wconf 78' lang='grc' dir='ltr'>πρέπειν</span> <span class='ocrx_word' id='word_1_295' title='bbox 3287 2005 3526 2076; x_wconf 75' lang='grc' dir='ltr'>μὲν,οὒκ</span> <span class='ocrx_word' id='word_1_296' title='bbox 3556 2000 3669 2058; x_wconf 77' lang='grc' dir='ltr'>οἴδα</span> 
     </span>
    </p>
   </div>
   <div class='ocr_carea' id='block_1_38' title="bbox 438 2093 2003 2170">
    <p class='ocr_par' dir='ltr' id='par_1_38' title="bbox 438 2093 2003 2170">
     <span class='ocr_line' id='line_1_38' title="bbox 438 2093 2003 2170; baseline -0.008 -12"><span class='ocrx_word' id='word_1_297' title='bbox 438 2102 618 2157; x_wconf 87' lang='lat' dir='ltr'><strong>nescio</strong></span> <span class='ocrx_word' id='word_1_298' title='bbox 648 2099 947 2170; x_wconf 66' lang='lat' dir='ltr'><strong>quomodr,</strong></span> <span class='ocrx_word' id='word_1_299' title='bbox 977 2098 1072 2152; x_wconf 83' lang='lat' dir='ltr'><strong>Dei</strong></span> <span class='ocrx_word' id='word_1_300' title='bbox 1118 2096 1293 2151; x_wconf 86' lang='lat' dir='ltr'><strong>Patris</strong></span> <span class='ocrx_word' id='word_1_301' title='bbox 1336 2096 1509 2151; x_wconf 89' lang='lat' dir='ltr'><strong>Verbo</strong></span> <span class='ocrx_word' id='word_1_302' title='bbox 1560 2093 1722 2149; x_wconf 88' lang='lat' dir='ltr'><strong>etiam</strong></span> <span class='ocrx_word' id='word_1_303' title='bbox 1759 2108 2003 2148; x_wconf 90' lang='lat' dir='ltr'><strong>seorsum</strong></span> 
     </span>
    </p>
   </div>
   <div class='ocr_carea' id='block_1_39' title="bbox 437 2188 2008 2266">
    <p class='ocr_par' dir='ltr' id='par_1_39' title="bbox 437 2188 2008 2266">
     <span class='ocr_line' id='line_1_39' title="bbox 437 2188 2008 2266; baseline -0.006 -16"><span class='ocrx_word' id='word_1_304' title='bbox 437 2212 499 2251; x_wconf 89' lang='lat' dir='ltr'><strong>ac</strong></span> <span class='ocrx_word' id='word_1_305' title='bbox 533 2212 626 2266; x_wconf 82' lang='lat' dir='ltr'><strong>per</strong></span> <span class='ocrx_word' id='word_1_306' title='bbox 651 2211 731 2258; x_wconf 88' lang='lat' dir='ltr'><strong>se,</strong></span> <span class='ocrx_word' id='word_1_307' title='bbox 764 2195 864 2248; x_wconf 92' lang='lat' dir='ltr'><strong>hoc</strong></span> <span class='ocrx_word' id='word_1_308' title='bbox 885 2202 988 2257; x_wconf 88' lang='lat' dir='ltr'><strong>est,</strong></span> <span class='ocrx_word' id='word_1_309' title='bbox 1037 2200 1097 2246; x_wconf 92' lang='lat' dir='ltr'><strong>ut</strong></span> <span class='ocrx_word' id='word_1_310' title='bbox 1125 2202 1277 2246; x_wconf 80' lang='lat' dir='ltr'><strong>extra</strong></span> <span class='ocrx_word' id='word_1_311' title='bbox 1319 2204 1536 2243; x_wconf 89' lang='lat' dir='ltr'><strong>carnem</strong></span> <span class='ocrx_word' id='word_1_312' title='bbox 1567 2188 1799 2257; x_wconf 89' lang='lat' dir='ltr'><strong>positum</strong></span> <span class='ocrx_word' id='word_1_313' title='bbox 1828 2194 2008 2241; x_wconf 90' lang='lat' dir='ltr'><strong>mente</strong></span> 
     </span>
    </p>
   </div>
   <div class='ocr_carea' id='block_1_40' title="bbox 436 2275 2006 2354">
    <p class='ocr_par' dir='ltr' id='par_1_40' title="bbox 436 2275 2006 2354">
     <span class='ocr_line' id='line_1_40' title="bbox 436 2275 2006 2354; baseline -0.01 -12"><span class='ocrx_word' id='word_1_314' title='bbox 436 2287 757 2354; x_wconf 86' lang='lat' dir='ltr'><strong>concipitur,</strong></span> <span class='ocrx_word' id='word_1_315' title='bbox 791 2282 1085 2338; x_wconf 81' lang='lat' dir='ltr'><strong>convenire</strong></span> <span class='ocrx_word' id='word_1_316' title='bbox 1123 2288 1397 2343; x_wconf 85' lang='lat' dir='ltr'><strong>asserunt,</strong></span> <span class='ocrx_word' id='word_1_317' title='bbox 1440 2294 1565 2332; x_wconf 78' lang='lat' dir='ltr'><strong>mox</strong></span> <span class='ocrx_word' id='word_1_318' title='bbox 1608 2292 1736 2332; x_wconf 86' lang='lat' dir='ltr'><strong>vero</strong></span> <span class='ocrx_word' id='word_1_319' title='bbox 1769 2276 1821 2330; x_wconf 91' lang='lat' dir='ltr'><strong>in</strong></span> <span class='ocrx_word' id='word_1_320' title='bbox 1860 2275 2006 2330; x_wconf 89' lang='lat' dir='ltr'><strong>illum</strong></span> 
     </span>
    </p>
   </div>
   <div class='ocr_carea' id='block_1_41' title="bbox 440 2366 2008 2446">
    <p class='ocr_par' dir='ltr' id='par_1_41' title="bbox 440 2366 2008 2446">
     <span class='ocr_line' id='line_1_41' title="bbox 440 2366 2008 2446; baseline -0.008 -15"><span class='ocrx_word' id='word_1_321' title='bbox 440 2393 653 2446; x_wconf 89' lang='lat' dir='ltr'><strong>quoque</strong></span> <span class='ocrx_word' id='word_1_322' title='bbox 708 2375 957 2430; x_wconf 88' lang='lat' dir='ltr'><strong>similiter</strong></span> <span class='ocrx_word' id='word_1_323' title='bbox 1004 2373 1132 2427; x_wconf 89' lang='lat' dir='ltr'><strong>illud</strong></span> <span class='ocrx_word' id='word_1_324' title='bbox 1187 2381 1495 2441; x_wconf 89' lang='lat' dir='ltr'><strong>competere</strong></span> <span class='ocrx_word' id='word_1_325' title='bbox 1543 2368 1895 2431; x_wconf 90' lang='lat' dir='ltr'><strong>contendunt,</strong></span> <span class='ocrx_word' id='word_1_326' title='bbox 1917 2366 2008 2437; x_wconf 90' lang='lat' dir='ltr'><strong>qui</strong></span> 
     </span>
    </p>
   </div>
   <div class='ocr_carea' id='block_1_42' title="bbox 437 2461 2013 2535">
    <p class='ocr_par' dir='ltr' id='par_1_42' title="bbox 437 2461 2013 2535">
     <span class='ocr_line' id='line_1_42' title="bbox 437 2461 2013 2535; baseline -0.008 -10"><span class='ocrx_word' id='word_1_327' title='bbox 437 2485 504 2525; x_wconf 78' lang='lat' dir='ltr'><strong>ex</strong></span> <span class='ocrx_word' id='word_1_328' title='bbox 529 2484 678 2523; x_wconf 85' lang='lat' dir='ltr'><strong>sacra</strong></span> <span class='ocrx_word' id='word_1_329' title='bbox 715 2467 936 2535; x_wconf 81' lang='lat' dir='ltr'><strong>Virgine</strong></span> <span class='ocrx_word' id='word_1_330' title='bbox 960 2473 1118 2519; x_wconf 90' lang='lat' dir='ltr'><strong>natus</strong></span> <span class='ocrx_word' id='word_1_331' title='bbox 1138 2472 1242 2526; x_wconf 91' lang='lat' dir='ltr'><strong>est,</strong></span> <span class='ocrx_word' id='word_1_332' title='bbox 1294 2473 1451 2532; x_wconf 91' lang='lat' dir='ltr'><strong>prout</strong></span> <span class='ocrx_word' id='word_1_333' title='bbox 1480 2461 1567 2515; x_wconf 90' lang='lat' dir='ltr'><strong>hic</strong></span> <span class='ocrx_word' id='word_1_334' title='bbox 1591 2475 1808 2530; x_wconf 89' lang='lat' dir='ltr'><strong>quoque</strong></span> <span class='ocrx_word' id='word_1_335' title='bbox 1833 2473 1929 2528; x_wconf 90' lang='lat' dir='ltr'><strong>per</strong></span> <span class='ocrx_word' id='word_1_336' title='bbox 1952 2472 2013 2513; x_wconf 90' lang='lat' dir='ltr'><strong>se</strong></span> 
     </span>
    </p>
   </div>
   <div class='ocr_carea' id='block_1_43' title="bbox 441 2554 2014 2630">
    <p class='ocr_par' dir='ltr' id='par_1_43' title="bbox 441 2554 2014 2630">
     <span class='ocr_line' id='line_1_43' title="bbox 441 2554 2014 2630; baseline -0.008 -15"><span class='ocrx_word' id='word_1_337' title='bbox 441 2560 730 2630; x_wconf 72' lang='lat' dir='ltr'><strong>separatim</strong></span> <span class='ocrx_word' id='word_1_338' title='bbox 787 2558 1084 2613; x_wconf 86' lang='lat' dir='ltr'><strong>subsistere</strong></span> <span class='ocrx_word' id='word_1_339' title='bbox 1134 2554 1857 2622; x_wconf 88' lang='lat' dir='ltr'><strong>consideratur:postremo</strong></span> <span class='ocrx_word' id='word_1_340' title='bbox 1899 2564 2014 2603; x_wconf 85' lang='lat' dir='ltr'><strong>am-</strong></span> 
     </span>
    </p>
   </div>
   <div class='ocr_carea' id='block_1_44' title="bbox 448 2644 2011 2717">
    <p class='ocr_par' dir='ltr' id='par_1_44' title="bbox 448 2644 2011 2717">
     <span class='ocr_line' id='line_1_44' title="bbox 448 2644 2011 2717; baseline -0.006 -12"><span class='ocrx_word' id='word_1_341' title='bbox 448 2654 618 2706; x_wconf 84' lang='lat' dir='ltr'><strong>babus</strong></span> <span class='ocrx_word' id='word_1_342' title='bbox 677 2649 837 2704; x_wconf 89' lang='lat' dir='ltr'><strong>simul</strong></span> <span class='ocrx_word' id='word_1_343' title='bbox 893 2647 1119 2717; x_wconf 89' lang='lat' dir='ltr'><strong>perinde</strong></span> <span class='ocrx_word' id='word_1_344' title='bbox 1163 2661 1227 2700; x_wconf 92' lang='lat' dir='ltr'><strong>ac</strong></span> <span class='ocrx_word' id='word_1_345' title='bbox 1283 2646 1373 2698; x_wconf 90' lang='lat' dir='ltr'><strong>uni</strong></span> <span class='ocrx_word' id='word_1_346' title='bbox 1420 2658 1717 2715; x_wconf 88' lang='lat' dir='ltr'><strong>congruere</strong></span> <span class='ocrx_word' id='word_1_347' title='bbox 1774 2644 2011 2708; x_wconf 89' lang='lat' dir='ltr'><strong>tradunt,</strong></span> 
     </span>
    </p>
   </div>
   <div class='ocr_carea' id='block_1_45' title="bbox 444 2734 2012 2806">
    <p class='ocr_par' dir='ltr' id='par_1_45' title="bbox 444 2734 2012 2806">
     <span class='ocr_line' id='line_1_45' title="bbox 444 2734 2012 2806; baseline -0.006 -9"><span class='ocrx_word' id='word_1_348' title='bbox 444 2742 649 2797; x_wconf 78' lang='lat' dir='ltr'><strong>ratione</strong></span> <span class='ocrx_word' id='word_1_349' title='bbox 709 2739 961 2793; x_wconf 90' lang='lat' dir='ltr'><strong>nimirum</strong></span> <span class='ocrx_word' id='word_1_350' title='bbox 999 2734 1423 2806; x_wconf 69' lang='lat' dir='ltr'><strong>coniunctionis,</strong></span> <span class='ocrx_word' id='word_1_351' title='bbox 1454 2744 1517 2789; x_wconf 93' lang='lat' dir='ltr'><strong>ut</strong></span> <span class='ocrx_word' id='word_1_352' title='bbox 1560 2734 1661 2804; x_wconf 87' lang='lat' dir='ltr'><strong>ipsi</strong></span> <span class='ocrx_word' id='word_1_353' title='bbox 1698 2735 2012 2804; x_wconf 89' lang='lat' dir='ltr'><strong>loquuntur,</strong></span> 
     </span>
    </p>
   </div>
   <div class='ocr_carea' id='block_1_46' title="bbox 445 2825 2016 2898">
    <p class='ocr_par' dir='ltr' id='par_1_46' title="bbox 445 2825 2016 2898">
     <span class='ocr_line' id='line_1_46' title="bbox 445 2825 2016 2898; baseline -0.004 -11"><span class='ocrx_word' id='word_1_354' title='bbox 445 2834 497 2887; x_wconf 93' lang='lat' dir='ltr'><strong>iu</strong></span> <span class='ocrx_word' id='word_1_355' title='bbox 528 2847 687 2885; x_wconf 88' lang='lat' dir='ltr'><strong>unam</strong></span> <span class='ocrx_word' id='word_1_356' title='bbox 714 2830 832 2885; x_wconf 88' lang='lat' dir='ltr'><strong>illos</strong></span> <span class='ocrx_word' id='word_1_357' title='bbox 857 2844 1141 2897; x_wconf 85' lang='lat' dir='ltr'><strong>personam</strong></span> <span class='ocrx_word' id='word_1_358' title='bbox 1170 2827 1487 2898; x_wconf 87' lang='lat' dir='ltr'><strong>colligantes</strong></span> <span class='ocrx_word' id='word_1_359' title='bbox 1512 2825 1531 2896; x_wconf 98' lang='lat'><strong>(</strong></span> <span class='ocrx_word' id='word_1_360' title='bbox 1558 2840 1681 2881; x_wconf 90' lang='lat' dir='ltr'><strong>nam</strong></span> <span class='ocrx_word' id='word_1_361' title='bbox 1705 2840 1845 2881; x_wconf 69' lang='lat' dir='ltr'><strong>verae</strong></span> <span class='ocrx_word' id='word_1_362' title='bbox 1874 2825 2016 2881; x_wconf 91' lang='lat' dir='ltr'><strong>illius</strong></span> 
     </span>
    </p>
   </div>
   <div class='ocr_carea' id='block_1_47' title="bbox 446 2917 2010 2990">
    <p class='ocr_par' dir='ltr' id='par_1_47' title="bbox 446 2917 2010 2990">
     <span class='ocr_line' id='line_1_47' title="bbox 446 2917 2010 2990; baseline -0.005 -13"><span class='ocrx_word' id='word_1_363' title='bbox 446 2922 813 2990; x_wconf 86' lang='lat' dir='ltr'><strong>naturalisque</strong></span> <span class='ocrx_word' id='word_1_364' title='bbox 868 2918 1107 2984; x_wconf 88' lang='lat' dir='ltr'><strong>unionis,</strong></span> <span class='ocrx_word' id='word_1_365' title='bbox 1147 2918 1358 2972; x_wconf 91' lang='lat' dir='ltr'><strong>etiamsi</strong></span> <span class='ocrx_word' id='word_1_366' title='bbox 1392 2931 1552 2970; x_wconf 87' lang='lat' dir='ltr'><strong>unam</strong></span> <span class='ocrx_word' id='word_1_367' title='bbox 1585 2917 1726 2971; x_wconf 90' lang='lat' dir='ltr'><strong>hanc</strong></span> <span class='ocrx_word' id='word_1_368' title='bbox 1764 2917 2010 2986; x_wconf 86' lang='lat' dir='ltr'><strong>mysterii</strong></span> 
     </span>
    </p>
   </div>
   <div class='ocr_carea' id='block_1_48' title="bbox 448 2999 2019 3083">
    <p class='ocr_par' dir='ltr' id='par_1_48' title="bbox 448 2999 2019 3083">
     <span class='ocr_line' id='line_1_48' title="bbox 448 2999 2019 3083; baseline -0.003 -15"><span class='ocrx_word' id='word_1_369' title='bbox 448 3013 605 3083; x_wconf 78' lang='lat' dir='ltr'><strong>hujus</strong></span> <span class='ocrx_word' id='word_1_370' title='bbox 641 3013 779 3066; x_wconf 75' lang='lat' dir='ltr'><strong>viam</strong></span> <span class='ocrx_word' id='word_1_371' title='bbox 810 3011 1045 3080; x_wconf 87' lang='lat' dir='ltr'><strong>planam,</strong></span> <span class='ocrx_word' id='word_1_372' title='bbox 1079 3017 1132 3064; x_wconf 93' lang='lat' dir='ltr'><strong>et</strong></span> <span class='ocrx_word' id='word_1_373' title='bbox 1180 3006 1248 3064; x_wconf 89' lang='lat' dir='ltr'><strong>ab</strong></span> <span class='ocrx_word' id='word_1_374' title='bbox 1293 3008 1437 3062; x_wconf 91' lang='lat' dir='ltr'><strong>omni</strong></span> <span class='ocrx_word' id='word_1_375' title='bbox 1476 3023 1663 3063; x_wconf 89' lang='lat' dir='ltr'><strong>errore</strong></span> <span class='ocrx_word' id='word_1_376' title='bbox 1693 2999 1862 3063; x_wconf 81' lang='lat' dir='ltr'><strong>tutam</strong></span> <span class='ocrx_word' id='word_1_377' title='bbox 1892 3022 2019 3076; x_wconf 80' lang='lat' dir='ltr'><strong>pre-</strong></span> 
     </span>
    </p>
   </div>
   <div class='ocr_carea' id='block_1_49' title="bbox 449 3090 2012 3173">
    <p class='ocr_par' dir='ltr' id='par_1_49' title="bbox 449 3090 2012 3173">
     <span class='ocr_line' id='line_1_49' title="bbox 449 3090 2012 3173; baseline -0.003 -16"><span class='ocrx_word' id='word_1_378' title='bbox 449 3104 676 3173; x_wconf 84' lang='lat' dir='ltr'><strong>positam</strong></span> <span class='ocrx_word' id='word_1_379' title='bbox 722 3102 978 3163; x_wconf 87' lang='lat' dir='ltr'><strong>habeant,</strong></span> <span class='ocrx_word' id='word_1_380' title='bbox 1012 3100 1157 3153; x_wconf 87' lang='lat' dir='ltr'><strong>nulla</strong></span> <span class='ocrx_word' id='word_1_381' title='bbox 1193 3090 1332 3168; x_wconf 87' lang='lat' dir='ltr'><strong>apud</strong></span> <span class='ocrx_word' id='word_1_382' title='bbox 1385 3098 1503 3154; x_wconf 92' lang='lat' dir='ltr'><strong>illos</strong></span> <span class='ocrx_word' id='word_1_383' title='bbox 1536 3098 1764 3152; x_wconf 86' lang='lat' dir='ltr'><strong>habetur</strong></span> <span class='ocrx_word' id='word_1_384' title='bbox 1802 3098 1937 3151; x_wconf 87' lang='lat' dir='ltr'><strong>ratio</strong></span> <span class='ocrx_word' id='word_1_385' title='bbox 1960 3098 2012 3166; x_wconf 92' lang='lat'><strong>):</strong></span> 
     </span>
    </p>
   </div>
   <div class='ocr_carea' id='block_1_50' title="bbox 446 3187 2015 3251">
    <p class='ocr_par' dir='ltr' id='par_1_50' title="bbox 446 3187 2015 3251">
     <span class='ocr_line' id='line_1_50' title="bbox 446 3187 2015 3251; baseline -0.004 -5"><span class='ocrx_word' id='word_1_386' title='bbox 446 3203 500 3247; x_wconf 92' lang='lat' dir='ltr'><strong>et</strong></span> <span class='ocrx_word' id='word_1_387' title='bbox 534 3194 644 3246; x_wconf 73' lang='lat' dir='ltr'><strong>luce</strong></span> <span class='ocrx_word' id='word_1_388' title='bbox 673 3192 881 3245; x_wconf 89' lang='lat' dir='ltr'><strong>illorum</strong></span> <span class='ocrx_word' id='word_1_389' title='bbox 912 3189 1167 3244; x_wconf 85' lang='lat' dir='ltr'><strong>simulata</strong></span> <span class='ocrx_word' id='word_1_390' title='bbox 1193 3188 1464 3244; x_wconf 82' lang='lat' dir='ltr'><strong>confessio</strong></span> <span class='ocrx_word' id='word_1_391' title='bbox 1498 3204 1600 3242; x_wconf 94' lang='lat' dir='ltr'><strong>non</strong></span> <span class='ocrx_word' id='word_1_392' title='bbox 1653 3197 1735 3241; x_wconf 89' lang='lat' dir='ltr'><strong>est</strong></span> <span class='ocrx_word' id='word_1_393' title='bbox 1783 3187 2015 3251; x_wconf 86' lang='lat' dir='ltr'><strong>sincera,</strong></span> 
     </span>
    </p>
   </div>
   <div class='ocr_carea' id='block_1_51' title="bbox 449 3278 2018 3350">
    <p class='ocr_par' dir='ltr' id='par_1_51' title="bbox 449 3278 2018 3350">
     <span class='ocr_line' id='line_1_51' title="bbox 449 3278 2018 3350; baseline -0.004 -13"><span class='ocrx_word' id='word_1_394' title='bbox 449 3285 542 3338; x_wconf 90' lang='lat' dir='ltr'><strong>sed</strong></span> <span class='ocrx_word' id='word_1_395' title='bbox 565 3285 667 3337; x_wconf 86' lang='lat' dir='ltr'><strong>atri</strong></span> <span class='ocrx_word' id='word_1_396' title='bbox 704 3282 894 3337; x_wconf 83' lang='lat' dir='ltr'><strong>veneni</strong></span> <span class='ocrx_word' id='word_1_397' title='bbox 930 3283 1347 3350; x_wconf 67' lang='lat' dir='ltr'><strong>imposturzeque</strong></span> <span class='ocrx_word' id='word_1_398' title='bbox 1391 3280 1569 3350; x_wconf 85' lang='lat' dir='ltr'><strong>plena.</strong></span> <span class='ocrx_word' id='word_1_399' title='bbox 1616 3278 1746 3332; x_wconf 79' lang='lat' dir='ltr'><strong>Nam</strong></span> <span class='ocrx_word' id='word_1_400' title='bbox 1772 3294 1891 3334; x_wconf 89' lang='lat' dir='ltr'><strong>cum</strong></span> <span class='ocrx_word' id='word_1_401' title='bbox 1938 3279 2018 3332; x_wconf 82' lang='lat' dir='ltr'><strong>di-</strong></span> 
     </span>
    </p>
   </div>
   <div class='ocr_carea' id='block_1_52' title="bbox 398 3356 2091 3448">
    <p class='ocr_par' dir='ltr' id='par_1_52' title="bbox 398 3356 2091 3448">
     <span class='ocr_line' id='line_1_52' title="bbox 398 3356 2091 3448; baseline -0.002 -21"><span class='ocrx_word' id='word_1_402' title='bbox 398 3443 403 3448; x_wconf 20' lang='grc' dir='ltr'>δ</span> <span class='ocrx_word' id='word_1_403' title='bbox 450 3376 570 3429; x_wconf 80' lang='lat' dir='ltr'><strong>vina</strong></span> <span class='ocrx_word' id='word_1_404' title='bbox 601 3375 875 3443; x_wconf 88' lang='lat' dir='ltr'><strong>Scriptura</strong></span> <span class='ocrx_word' id='word_1_405' title='bbox 903 3374 1177 3429; x_wconf 88' lang='lat' dir='ltr'><strong>Christum</strong></span> <span class='ocrx_word' id='word_1_406' title='bbox 1202 3371 1509 3436; x_wconf 85' lang='lat' dir='ltr'><strong>nominans,</strong></span> <span class='ocrx_word' id='word_1_407' title='bbox 1536 3371 1715 3426; x_wconf 88' lang='lat' dir='ltr'><strong>omnia</strong></span> <span class='ocrx_word' id='word_1_408' title='bbox 1742 3371 1814 3424; x_wconf 93' lang='lat' dir='ltr'><strong>illi</strong></span> <span class='ocrx_word' id='word_1_409' title='bbox 1840 3371 2018 3424; x_wconf 82' lang='lat' dir='ltr'><strong>divina</strong></span> <span class='ocrx_word' id='word_1_410' title='bbox 2051 3356 2091 3410; x_wconf 71' lang='grc' dir='ltr'>ο</span> 
     </span>
    </p>
   </div>
   <div class='ocr_carea' id='block_1_53' title="bbox 451 3459 2018 3532">
    <p class='ocr_par' dir='ltr' id='par_1_53' title="bbox 451 3459 2018 3532">
     <span class='ocr_line' id='line_1_53' title="bbox 451 3459 2018 3532; baseline -0.004 -17"><span class='ocrx_word' id='word_1_411' title='bbox 451 3462 767 3531; x_wconf 86' lang='lat' dir='ltr'><strong>simpliciter</strong></span> <span class='ocrx_word' id='word_1_412' title='bbox 792 3460 898 3532; x_wconf 68' lang='grc'><strong>54.</strong></span> <span class='ocrx_word' id='word_1_413' title='bbox 916 3461 1111 3514; x_wconf 85' lang='lat' dir='ltr'><strong>tribuat</strong></span> <span class='ocrx_word' id='word_1_414' title='bbox 1152 3461 1337 3531; x_wconf 84' lang='lat' dir='ltr'><strong>(novit</strong></span> <span class='ocrx_word' id='word_1_415' title='bbox 1389 3460 1558 3523; x_wconf 89' lang='lat' dir='ltr'><strong>enim,</strong></span> <span class='ocrx_word' id='word_1_416' title='bbox 1585 3460 1753 3522; x_wconf 83' lang='lat' dir='ltr'><strong>novit,</strong></span> <span class='ocrx_word' id='word_1_417' title='bbox 1778 3459 2018 3528; x_wconf 87' lang='lat' dir='ltr'><strong>inquam,</strong></span> 
     </span>
    </p>
   </div>
   <div class='ocr_carea' id='block_1_54' title="bbox 454 3550 2023 3621">
    <p class='ocr_par' dir='ltr' id='par_1_54' title="bbox 454 3550 2023 3621">
     <span class='ocr_line' id='line_1_54' title="bbox 454 3550 2023 3621; baseline 0 -16"><span class='ocrx_word' id='word_1_418' title='bbox 454 3552 566 3615; x_wconf 91' lang='lat' dir='ltr'><strong>illa,</strong></span> <span class='ocrx_word' id='word_1_419' title='bbox 601 3552 690 3605; x_wconf 88' lang='lat' dir='ltr'><strong>Dei</strong></span> <span class='ocrx_word' id='word_1_420' title='bbox 723 3551 952 3605; x_wconf 77' lang='lat' dir='ltr'><strong>Verbum</strong></span> <span class='ocrx_word' id='word_1_421' title='bbox 990 3551 1045 3604; x_wconf 87' lang='lat' dir='ltr'><strong>in</strong></span> <span class='ocrx_word' id='word_1_422' title='bbox 1106 3551 1340 3605; x_wconf 86' lang='lat' dir='ltr'><strong>humana</strong></span> <span class='ocrx_word' id='word_1_423' title='bbox 1392 3550 1562 3605; x_wconf 83' lang='lat' dir='ltr'><strong>forma</strong></span> <span class='ocrx_word' id='word_1_424' title='bbox 1612 3552 1925 3621; x_wconf 84' lang='lat' dir='ltr'><strong>apparuisse</strong></span> <span class='ocrx_word' id='word_1_425' title='bbox 1968 3564 2023 3605; x_wconf 93' lang='lat' dir='ltr'><strong>et</strong></span> 
     </span>
    </p>
   </div>
   <div class='ocr_carea' id='block_1_55' title="bbox 382 3642 2025 3720">
    <p class='ocr_par' dir='ltr' id='par_1_55' title="bbox 382 3642 2025 3720">
     <span class='ocr_line' id='line_1_55' title="bbox 382 3642 2025 3720; baseline 0 -24"><span class='ocrx_word' id='word_1_426' title='bbox 382 3703 407 3720; x_wconf 42' lang='grc' dir='ltr'><em>Ι</em></span> <span class='ocrx_word' id='word_1_427' title='bbox 451 3658 669 3697; x_wconf 90' lang='lat' dir='ltr'><strong>carnem</strong></span> <span class='ocrx_word' id='word_1_428' title='bbox 698 3642 895 3697; x_wconf 78' lang='lat' dir='ltr'><strong>factum</strong></span> <span class='ocrx_word' id='word_1_429' title='bbox 933 3642 1120 3713; x_wconf 90' lang='lat' dir='ltr'><strong>esse);</strong></span> <span class='ocrx_word' id='word_1_430' title='bbox 1167 3642 1378 3698; x_wconf 91' lang='lat' dir='ltr'><strong>illorum</strong></span> <span class='ocrx_word' id='word_1_431' title='bbox 1407 3651 1586 3697; x_wconf 88' lang='lat' dir='ltr'><strong>autem</strong></span> <span class='ocrx_word' id='word_1_432' title='bbox 1639 3642 1942 3697; x_wconf 90' lang='lat' dir='ltr'><strong>institutum</strong></span> <span class='ocrx_word' id='word_1_433' title='bbox 1971 3652 2025 3696; x_wconf 89' lang='lat' dir='ltr'><strong>et</strong></span> 
     </span>
    </p>
   </div>
   <div class='ocr_carea' id='block_1_56' title="bbox 454 3734 2027 3806">
    <p class='ocr_par' dir='ltr' id='par_1_56' title="bbox 454 3734 2027 3806">
     <span class='ocr_line' id='line_1_56' title="bbox 454 3734 2027 3806; baseline -0.001 -17"><span class='ocrx_word' id='word_1_434' title='bbox 454 3750 669 3806; x_wconf 78' lang='lat' dir='ltr'><strong>scopas,</strong></span> <span class='ocrx_word' id='word_1_435' title='bbox 702 3734 792 3805; x_wconf 88' lang='lat' dir='ltr'><strong>qui</strong></span> <span class='ocrx_word' id='word_1_436' title='bbox 844 3735 1055 3789; x_wconf 80' lang='lat' dir='ltr'><strong>diversa</strong></span> <span class='ocrx_word' id='word_1_437' title='bbox 1087 3734 1153 3789; x_wconf 90' lang='lat' dir='ltr'><strong>ab</strong></span> <span class='ocrx_word' id='word_1_438' title='bbox 1193 3734 1279 3789; x_wconf 92' lang='lat' dir='ltr'><strong>bis</strong></span> <span class='ocrx_word' id='word_1_439' title='bbox 1308 3734 1567 3800; x_wconf 89' lang='lat' dir='ltr'><strong>sentiunt,</strong></span> <span class='ocrx_word' id='word_1_440' title='bbox 1603 3736 1679 3790; x_wconf 86' lang='lat' dir='ltr'><strong>sit</strong></span> <span class='ocrx_word' id='word_1_441' title='bbox 1701 3734 2027 3804; x_wconf 86' lang='lat' dir='ltr'><strong>persuadere</strong></span> 
     </span>
    </p>
   </div>
   <div class='ocr_carea' id='block_1_57' title="bbox 454 3826 2011 3898">
    <p class='ocr_par' dir='ltr' id='par_1_57' title="bbox 454 3826 2011 3898">
     <span class='ocr_line' id='line_1_57' title="bbox 454 3826 2011 3898; baseline -0.002 -17"><span class='ocrx_word' id='word_1_442' title='bbox 454 3843 574 3881; x_wconf 89' lang='lat' dir='ltr'><strong>eum</strong></span> <span class='ocrx_word' id='word_1_443' title='bbox 598 3828 689 3898; x_wconf 85' lang='lat' dir='ltr'><strong>qui</strong></span> <span class='ocrx_word' id='word_1_444' title='bbox 716 3842 781 3882; x_wconf 84' lang='lat' dir='ltr'><strong>ex</strong></span> <span class='ocrx_word' id='word_1_445' title='bbox 817 3827 1040 3882; x_wconf 91' lang='lat' dir='ltr'><strong>muliere</strong></span> <span class='ocrx_word' id='word_1_446' title='bbox 1075 3836 1232 3882; x_wconf 90' lang='lat' dir='ltr'><strong>natus</strong></span> <span class='ocrx_word' id='word_1_447' title='bbox 1255 3834 1357 3892; x_wconf 87' lang='lat' dir='ltr'><strong>est,</strong></span> <span class='ocrx_word' id='word_1_448' title='bbox 1382 3826 1653 3881; x_wconf 81' lang='lat' dir='ltr'><strong>hominem</strong></span> <span class='ocrx_word' id='word_1_449' title='bbox 1703 3839 1821 3881; x_wconf 89' lang='lat' dir='ltr'><strong>esse</strong></span> <span class='ocrx_word' id='word_1_450' title='bbox 1848 3840 2011 3880; x_wconf 89' lang='lat' dir='ltr'><strong>unum</strong></span> 
     </span>
    </p>
   </div>
   <div class='ocr_carea' id='block_1_58' title="bbox 455 3918 2029 3988">
    <p class='ocr_par' dir='ltr' id='par_1_58' title="bbox 455 3918 2029 3988">
     <span class='ocr_line' id='line_1_58' title="bbox 455 3918 2029 3988; baseline 0 -17"><span class='ocrx_word' id='word_1_451' title='bbox 455 3919 891 3988; x_wconf 88' lang='lat' dir='ltr'><strong>quempiam,qui</strong></span> <span class='ocrx_word' id='word_1_452' title='bbox 932 3933 1027 3988; x_wconf 88' lang='lat' dir='ltr'><strong>per</strong></span> <span class='ocrx_word' id='word_1_453' title='bbox 1055 3918 1411 3985; x_wconf 88' lang='lat' dir='ltr'><strong>incrementa,</strong></span> <span class='ocrx_word' id='word_1_454' title='bbox 1445 3927 1503 3973; x_wconf 92' lang='lat' dir='ltr'><strong>ut</strong></span> <span class='ocrx_word' id='word_1_455' title='bbox 1530 3918 1666 3982; x_wconf 83' lang='lat' dir='ltr'><strong>dixi,</strong></span> <span class='ocrx_word' id='word_1_456' title='bbox 1702 3925 1756 3972; x_wconf 91' lang='lat' dir='ltr'><strong>et</strong></span> <span class='ocrx_word' id='word_1_457' title='bbox 1791 3933 1889 3987; x_wconf 88' lang='lat' dir='ltr'><strong>per</strong></span> <span class='ocrx_word' id='word_1_458' title='bbox 1909 3931 2029 3988; x_wconf 83' lang='lat' dir='ltr'><strong>pro-</strong></span> 
     </span>
    </p>
   </div>
   <div class='ocr_carea' id='block_1_59' title="bbox 2108 2089 3672 2162">
    <p class='ocr_par' dir='ltr' id='par_1_59' title="bbox 2108 2089 3672 2162">
     <span class='ocr_line' id='line_1_59' title="bbox 2108 2089 3672 2162; baseline 0.001 -12"><span class='ocrx_word' id='word_1_459' title='bbox 2108 2098 2694 2162; x_wconf 76' lang='grc' dir='ltr'>πῶς,δια6ε6αιοῦνταί</span> <span class='ocrx_word' id='word_1_460' title='bbox 2733 2116 2874 2162; x_wconf 83' lang='grc' dir='ltr'>τινες</span> <span class='ocrx_word' id='word_1_461' title='bbox 2916 2104 3010 2153; x_wconf 82' lang='grc' dir='ltr'><strong>καὶ</strong></span> <span class='ocrx_word' id='word_1_462' title='bbox 3060 2089 3241 2161; x_wconf 73' lang='grc' dir='ltr'>ίδίκῶς</span> <span class='ocrx_word' id='word_1_463' title='bbox 3282 2114 3342 2150; x_wconf 86' lang='grc' dir='ltr'><strong>τε</strong></span> <span class='ocrx_word' id='word_1_464' title='bbox 3392 2099 3486 2150; x_wconf 75' lang='grc' dir='ltr'><strong>καὶ</strong></span> <span class='ocrx_word' id='word_1_465' title='bbox 3537 2098 3672 2152; x_wconf 78' lang='grc' dir='ltr'>κατὰ</span> 
     </span>
    </p>
   </div>
   <div class='ocr_carea' id='block_1_60' title="bbox 2111 2188 3672 2262">
    <p class='ocr_par' dir='ltr' id='par_1_60' title="bbox 2111 2188 3672 2262">
     <span class='ocr_line' id='line_1_60' title="bbox 2111 2188 3672 2262; baseline -0.001 -21"><span class='ocrx_word' id='word_1_466' title='bbox 2111 2190 2297 2258; x_wconf 77' lang='grc' dir='ltr'>μόνας,</span> <span class='ocrx_word' id='word_1_467' title='bbox 2325 2189 2418 2243; x_wconf 81' lang='grc' dir='ltr'><strong>καὶ</strong></span> <span class='ocrx_word' id='word_1_468' title='bbox 2447 2190 2549 2258; x_wconf 74' lang='grc' dir='ltr'><strong>ἔξω</strong></span> <span class='ocrx_word' id='word_1_469' title='bbox 2585 2191 2783 2262; x_wconf 84' lang='grc' dir='ltr'>σαρκὸς</span> <span class='ocrx_word' id='word_1_470' title='bbox 2810 2190 2921 2244; x_wconf 76' lang='grc' dir='ltr'>όντι</span> <span class='ocrx_word' id='word_1_471' title='bbox 2963 2207 3024 2243; x_wconf 88' lang='grc' dir='ltr'><strong>τε</strong></span> <span class='ocrx_word' id='word_1_472' title='bbox 3059 2190 3154 2243; x_wconf 76' lang='grc' dir='ltr'><strong>καὶ</strong></span> <span class='ocrx_word' id='word_1_473' title='bbox 3197 2188 3470 2259; x_wconf 81' lang='grc' dir='ltr'>νοουμένῳ</span> <span class='ocrx_word' id='word_1_474' title='bbox 3500 2188 3584 2259; x_wconf 83' lang='grc' dir='ltr'>τῷ</span> <span class='ocrx_word' id='word_1_475' title='bbox 3614 2190 3672 2240; x_wconf 79' lang='grc' dir='ltr'>ἐκ</span> 
     </span>
    </p>
   </div>
   <div class='ocr_carea' id='block_1_61' title="bbox 2108 2281 3672 2354">
    <p class='ocr_par' dir='ltr' id='par_1_61' title="bbox 2108 2281 3672 2354">
     <span class='ocr_line' id='line_1_61' title="bbox 2108 2281 3672 2354; baseline 0.001 -20"><span class='ocrx_word' id='word_1_476' title='bbox 2108 2281 2243 2336; x_wconf 78' lang='grc' dir='ltr'>Θεοῦ</span> <span class='ocrx_word' id='word_1_477' title='bbox 2271 2284 2426 2351; x_wconf 83' lang='grc' dir='ltr'>φύντι</span> <span class='ocrx_word' id='word_1_478' title='bbox 2454 2282 2611 2354; x_wconf 85' lang='grc' dir='ltr'><strong>Λόγῳ</strong></span> <span class='ocrx_word' id='word_1_479' title='bbox 2630 2300 2643 2314; x_wconf 79' lang='grc'><em>’</em></span> <span class='ocrx_word' id='word_1_480' title='bbox 2677 2283 2907 2354; x_wconf 81' lang='grc' dir='ltr'>πρέπειν</span> <span class='ocrx_word' id='word_1_481' title='bbox 2930 2284 2986 2337; x_wconf 82' lang='grc' dir='ltr'><strong>δὲ</strong></span> <span class='ocrx_word' id='word_1_482' title='bbox 3014 2283 3216 2353; x_wconf 78' lang='grc' dir='ltr'>ὁμοίως</span> <span class='ocrx_word' id='word_1_483' title='bbox 3240 2283 3335 2337; x_wconf 77' lang='grc' dir='ltr'><strong>καὶ</strong></span> <span class='ocrx_word' id='word_1_484' title='bbox 3369 2281 3448 2352; x_wconf 81' lang='grc' dir='ltr'>τῷ</span> <span class='ocrx_word' id='word_1_485' title='bbox 3479 2284 3548 2335; x_wconf 82' lang='grc' dir='ltr'><strong>ὲκ</strong></span> <span class='ocrx_word' id='word_1_486' title='bbox 3577 2281 3672 2350; x_wconf 77' lang='grc' dir='ltr'>τῆς</span> 
     </span>
    </p>
   </div>
   <div class='ocr_carea' id='block_1_62' title="bbox 2113 2373 3673 2445">
    <p class='ocr_par' dir='ltr' id='par_1_62' title="bbox 2113 2373 3673 2445">
     <span class='ocr_line' id='line_1_62' title="bbox 2113 2373 3673 2445; baseline -0.002 -19"><span class='ocrx_word' id='word_1_487' title='bbox 2113 2374 2276 2442; x_wconf 88' lang='grc' dir='ltr'>ἁγίας</span> <span class='ocrx_word' id='word_1_488' title='bbox 2303 2374 2578 2445; x_wconf 77' lang='grc' dir='ltr'>Παρθένου</span> <span class='ocrx_word' id='word_1_489' title='bbox 2605 2376 3003 2445; x_wconf 76' lang='grc' dir='ltr'>γεγεννημένῳ,</span> <span class='ocrx_word' id='word_1_490' title='bbox 3031 2375 3133 2429; x_wconf 77' lang='grc' dir='ltr'>κᾶν</span> <span class='ocrx_word' id='word_1_491' title='bbox 3157 2375 3205 2426; x_wconf 86' lang='grc' dir='ltr'><strong>εί</strong></span> <span class='ocrx_word' id='word_1_492' title='bbox 3225 2377 3395 2427; x_wconf 87' lang='grc' dir='ltr'>νοοῖτο</span> <span class='ocrx_word' id='word_1_493' title='bbox 3416 2373 3673 2443; x_wconf 76' lang='grc' dir='ltr'>ὑπάρχων</span> 
     </span>
    </p>
   </div>
   <div class='ocr_carea' id='block_1_63' title="bbox 2113 2464 3677 2539">
    <p class='ocr_par' dir='ltr' id='par_1_63' title="bbox 2113 2464 3677 2539">
     <span class='ocr_line' id='line_1_63' title="bbox 2113 2464 3677 2539; baseline -0.001 -19"><span class='ocrx_word' id='word_1_494' title='bbox 2113 2468 2253 2521; x_wconf 76' lang='grc' dir='ltr'>κατὰ</span> <span class='ocrx_word' id='word_1_495' title='bbox 2283 2467 2450 2539; x_wconf 84' lang='grc' dir='ltr'>μόνας</span> <span class='ocrx_word' id='word_1_496' title='bbox 2477 2467 2557 2521; x_wconf 80' lang='grc' dir='ltr'>ἔτι</span> <span class='ocrx_word' id='word_1_497' title='bbox 2584 2467 2678 2521; x_wconf 76' lang='grc' dir='ltr'><strong>καὶ</strong></span> <span class='ocrx_word' id='word_1_498' title='bbox 2704 2466 2824 2520; x_wconf 77' lang='grc' dir='ltr'>καθ’</span> <span class='ocrx_word' id='word_1_499' title='bbox 2847 2467 3039 2521; x_wconf 79' lang='grc' dir='ltr'>ἑαυτόν</span> <span class='ocrx_word' id='word_1_500' title='bbox 3058 2484 3071 2498; x_wconf 74' lang='grc' dir='ltr'><strong>ο</strong></span> <span class='ocrx_word' id='word_1_501' title='bbox 3102 2468 3196 2520; x_wconf 74' lang='grc' dir='ltr'><strong>καὶ</strong></span> <span class='ocrx_word' id='word_1_502' title='bbox 3229 2466 3428 2536; x_wconf 87' lang='grc' dir='ltr'>τρίτως</span> <span class='ocrx_word' id='word_1_503' title='bbox 3457 2465 3516 2517; x_wconf 79' lang='grc' dir='ltr'><strong>δὲ</strong></span> <span class='ocrx_word' id='word_1_504' title='bbox 3548 2464 3677 2535; x_wconf 82' lang='grc' dir='ltr'>πρέ·</span> 
     </span>
    </p>
   </div>
   <div class='ocr_carea' id='block_1_64' title="bbox 2114 2555 3675 2629">
    <p class='ocr_par' dir='ltr' id='par_1_64' title="bbox 2114 2555 3675 2629">
     <span class='ocr_line' id='line_1_64' title="bbox 2114 2555 3675 2629; baseline -0.003 -18"><span class='ocrx_word' id='word_1_505' title='bbox 2114 2576 2235 2611; x_wconf 83' lang='grc' dir='ltr'>πειν</span> <span class='ocrx_word' id='word_1_506' title='bbox 2287 2559 2508 2629; x_wconf 79' lang='grc' dir='ltr'>ἀμφοῖν,</span> <span class='ocrx_word' id='word_1_507' title='bbox 2553 2559 2749 2611; x_wconf 72' lang='grc' dir='ltr'>ὡσανεὶ</span> <span class='ocrx_word' id='word_1_508' title='bbox 2788 2572 2813 2599; x_wconf 75' lang='grc' dir='ltr'><strong>ι</strong></span> <span class='ocrx_word' id='word_1_509' title='bbox 2864 2557 2959 2611; x_wconf 77' lang='grc' dir='ltr'>τοῦ</span> <span class='ocrx_word' id='word_1_510' title='bbox 3003 2557 3104 2628; x_wconf 84' lang='grc' dir='ltr'>τῆς</span> <span class='ocrx_word' id='word_1_511' title='bbox 3150 2556 3445 2626; x_wconf 78' lang='grc' dir='ltr'>συναφείας</span> <span class='ocrx_word' id='word_1_512' title='bbox 3490 2555 3675 2624; x_wconf 79' lang='grc' dir='ltr'>λόγου,</span> 
     </span>
    </p>
   </div>
   <div class='ocr_carea' id='block_1_65' title="bbox 2115 2648 3678 2717">
    <p class='ocr_par' dir='ltr' id='par_1_65' title="bbox 2115 2648 3678 2717">
     <span class='ocr_line' id='line_1_65' title="bbox 2115 2648 3678 2717; baseline -0.004 -15"><span class='ocrx_word' id='word_1_513' title='bbox 2115 2649 2362 2717; x_wconf 80' lang='grc' dir='ltr'>καθάπερ</span> <span class='ocrx_word' id='word_1_514' title='bbox 2394 2649 2546 2701; x_wconf 78' lang='grc' dir='ltr'>αὐτοί</span> <span class='ocrx_word' id='word_1_515' title='bbox 2589 2666 2772 2717; x_wconf 84' lang='grc' dir='ltr'>φασιν,</span> <span class='ocrx_word' id='word_1_516' title='bbox 2806 2651 2883 2711; x_wconf 89' lang='grc' dir='ltr'><strong>εἰς</strong></span> <span class='ocrx_word' id='word_1_517' title='bbox 2923 2648 2981 2701; x_wconf 78' lang='grc' dir='ltr'>ἓν</span> <span class='ocrx_word' id='word_1_518' title='bbox 3012 2648 3206 2710; x_wconf 73' lang='grc' dir='ltr'>αὐτοὺς</span> <span class='ocrx_word' id='word_1_519' title='bbox 3233 2648 3524 2714; x_wconf 75' lang='grc' dir='ltr'>πρόσωπον</span> <span class='ocrx_word' id='word_1_520' title='bbox 3561 2663 3678 2698; x_wconf 82' lang='grc' dir='ltr'>συν-</span> 
     </span>
    </p>
   </div>
   <div class='ocr_carea' id='block_1_66' title="bbox 2116 2735 3677 2808">
    <p class='ocr_par' dir='ltr' id='par_1_66' title="bbox 2116 2735 3677 2808">
     <span class='ocr_line' id='line_1_66' title="bbox 2116 2735 3677 2808; baseline -0.001 -18"><span class='ocrx_word' id='word_1_521' title='bbox 2116 2737 2412 2801; x_wconf 85' lang='grc' dir='ltr'>εισδέοντες</span> <span class='ocrx_word' id='word_1_522' title='bbox 2430 2746 2457 2785; x_wconf 72' lang='grc'><strong><em>1</em></strong></span> <span class='ocrx_word' id='word_1_523' title='bbox 2483 2751 2497 2763; x_wconf 72' lang='grc' dir='ltr'><strong>ο</strong></span> <span class='ocrx_word' id='word_1_524' title='bbox 2524 2738 2768 2802; x_wconf 79' lang='grc' dir='ltr'>ὲνώσεως</span> <span class='ocrx_word' id='word_1_525' title='bbox 2794 2737 2901 2808; x_wconf 75' lang='grc' dir='ltr'><strong>γὰρ</strong></span> <span class='ocrx_word' id='word_1_526' title='bbox 2927 2737 3027 2807; x_wconf 79' lang='grc' dir='ltr'>τῆς</span> <span class='ocrx_word' id='word_1_527' title='bbox 3054 2736 3195 2790; x_wconf 74' lang='grc' dir='ltr'>κατὰ</span> <span class='ocrx_word' id='word_1_528' title='bbox 3233 2736 3393 2804; x_wconf 80' lang='grc' dir='ltr'>φύσιν</span> <span class='ocrx_word' id='word_1_529' title='bbox 3419 2736 3515 2789; x_wconf 71' lang='grc' dir='ltr'><strong>καὶ</strong></span> <span class='ocrx_word' id='word_1_530' title='bbox 3549 2735 3677 2803; x_wconf 76' lang='grc' dir='ltr'>ἀλη-</span> 
     </span>
    </p>
   </div>
   <div class='ocr_carea' id='block_1_67' title="bbox 2118 2825 3679 2895">
    <p class='ocr_par' dir='ltr' id='par_1_67' title="bbox 2118 2825 3679 2895">
     <span class='ocr_line' id='line_1_67' title="bbox 2118 2825 3679 2895; baseline -0.002 -16"><span class='ocrx_word' id='word_1_531' title='bbox 2118 2826 2242 2890; x_wconf 79' lang='grc' dir='ltr'>θοῦς</span> <span class='ocrx_word' id='word_1_532' title='bbox 2275 2826 2451 2890; x_wconf 73' lang='grc' dir='ltr'>οὐδεὶς</span> <span class='ocrx_word' id='word_1_533' title='bbox 2477 2826 2629 2894; x_wconf 82' lang='grc' dir='ltr'>λόγος</span> <span class='ocrx_word' id='word_1_534' title='bbox 2657 2827 2837 2889; x_wconf 82' lang='grc' dir='ltr'>αὐτοῖς</span> <span class='ocrx_word' id='word_1_535' title='bbox 2858 2844 2871 2857; x_wconf 71' lang='grc' dir='ltr'><strong>ο</strong></span> <span class='ocrx_word' id='word_1_536' title='bbox 2899 2826 3074 2880; x_wconf 86' lang='grc' dir='ltr'>καίτοι</span> <span class='ocrx_word' id='word_1_537' title='bbox 3110 2825 3314 2895; x_wconf 81' lang='grc' dir='ltr'>ταύτην</span> <span class='ocrx_word' id='word_1_538' title='bbox 3345 2826 3563 2895; x_wconf 75' lang='grc' dir='ltr'>ἔχοντος</span> <span class='ocrx_word' id='word_1_539' title='bbox 3594 2825 3679 2876; x_wconf 73' lang='grc' dir='ltr'>τοῦ</span> 
     </span>
    </p>
   </div>
   <div class='ocr_carea' id='block_1_68' title="bbox 2122 2917 3681 2990">
    <p class='ocr_par' dir='ltr' id='par_1_68' title="bbox 2122 2917 3681 2990">
     <span class='ocr_line' id='line_1_68' title="bbox 2122 2917 3681 2990; baseline -0.001 -19"><span class='ocrx_word' id='word_1_540' title='bbox 2122 2919 2418 2990; x_wconf 76' lang='grc' dir='ltr'>μυστηρίου</span> <span class='ocrx_word' id='word_1_541' title='bbox 2445 2920 2542 2986; x_wconf 77' lang='grc' dir='ltr'>τὴν</span> <span class='ocrx_word' id='word_1_542' title='bbox 2576 2917 2694 2973; x_wconf 71' lang='grc' dir='ltr'><strong>ὁδὸν</strong></span> <span class='ocrx_word' id='word_1_543' title='bbox 2725 2918 2889 2990; x_wconf 84' lang='grc' dir='ltr'>ὀρθὴν</span> <span class='ocrx_word' id='word_1_544' title='bbox 2933 2920 3027 2973; x_wconf 72' lang='grc' dir='ltr'><strong>καὶ</strong></span> <span class='ocrx_word' id='word_1_545' title='bbox 3058 2917 3495 2987; x_wconf 83' lang='grc' dir='ltr'>ἁπλανεστάτην’</span> <span class='ocrx_word' id='word_1_546' title='bbox 3531 2918 3627 2971; x_wconf 75' lang='grc' dir='ltr'><strong>καὶ</strong></span> <span class='ocrx_word' id='word_1_547' title='bbox 3652 2918 3681 2985; x_wconf 74' lang='grc' dir='ltr'><strong>ἡ</strong></span> 
     </span>
    </p>
   </div>
   <div class='ocr_carea' id='block_1_69' title="bbox 2122 3005 3684 3078">
    <p class='ocr_par' dir='ltr' id='par_1_69' title="bbox 2122 3005 3684 3078">
     <span class='ocr_line' id='line_1_69' title="bbox 2122 3005 3684 3078; baseline -0.001 -19"><span class='ocrx_word' id='word_1_548' title='bbox 2122 3007 2316 3076; x_wconf 63' lang='grc' dir='ltr'>σιῆψις</span> <span class='ocrx_word' id='word_1_549' title='bbox 2359 3008 2536 3060; x_wconf 75' lang='grc' dir='ltr'>αὐτῶν</span> <span class='ocrx_word' id='word_1_550' title='bbox 2582 3010 2680 3078; x_wconf 78' lang='grc' dir='ltr'>οὐχ</span> <span class='ocrx_word' id='word_1_551' title='bbox 2726 3008 2913 3077; x_wconf 84' lang='grc' dir='ltr'>ἁπλῆ,</span> <span class='ocrx_word' id='word_1_552' title='bbox 2971 3008 3193 3078; x_wconf 80' lang='grc' dir='ltr'>πικρίας</span> <span class='ocrx_word' id='word_1_553' title='bbox 3225 3007 3291 3060; x_wconf 69' lang='grc' dir='ltr'><strong>δὲ</strong></span> <span class='ocrx_word' id='word_1_554' title='bbox 3347 3005 3549 3077; x_wconf 80' lang='grc' dir='ltr'>μᾶλλον</span> <span class='ocrx_word' id='word_1_555' title='bbox 3595 3006 3684 3059; x_wconf 72' lang='grc' dir='ltr'><strong>καὶ</strong></span> 
     </span>
    </p>
   </div>
   <div class='ocr_carea' id='block_1_70' title="bbox 2121 3097 3697 3168">
    <p class='ocr_par' dir='ltr' id='par_1_70' title="bbox 2121 3097 3697 3168">
     <span class='ocr_line' id='line_1_70' title="bbox 2121 3097 3697 3168; baseline -0.002 -17"><span class='ocrx_word' id='word_1_556' title='bbox 2121 3099 2335 3168; x_wconf 79' lang='grc' dir='ltr'><strong>ἀπάτης</strong></span> <span class='ocrx_word' id='word_1_557' title='bbox 2407 3098 2775 3168; x_wconf 86' lang='grc' dir='ltr'>μεμέστωται.</span> <span class='ocrx_word' id='word_1_558' title='bbox 2829 3099 3045 3167; x_wconf 81' lang='grc' dir='ltr'>Ἐπειδὴ</span> <span class='ocrx_word' id='word_1_559' title='bbox 3092 3098 3202 3166; x_wconf 82' lang='grc' dir='ltr'>γὰρ</span> <span class='ocrx_word' id='word_1_560' title='bbox 3244 3100 3276 3165; x_wconf 81' lang='grc' dir='ltr'>ἠ</span> <span class='ocrx_word' id='word_1_561' title='bbox 3332 3097 3697 3164; x_wconf 63' lang='grc' dir='ltr'>θεόπνευστος,</span> 
     </span>
    </p>
   </div>
   <div class='ocr_carea' id='block_1_71' title="bbox 2122 3188 3685 3262">
    <p class='ocr_par' dir='ltr' id='par_1_71' title="bbox 2122 3188 3685 3262">
     <span class='ocr_line' id='line_1_71' title="bbox 2122 3188 3685 3262; baseline 0.001 -20"><span class='ocrx_word' id='word_1_562' title='bbox 2122 3188 2311 3260; x_wconf 83' lang='grc' dir='ltr'>Γραφὴ</span> <span class='ocrx_word' id='word_1_563' title='bbox 2352 3190 2585 3259; x_wconf 85' lang='grc' dir='ltr'>Χριστὸν</span> <span class='ocrx_word' id='word_1_564' title='bbox 2614 3191 2975 3262; x_wconf 73' lang='grc' dir='ltr'>ὀνομάξουσα,</span> <span class='ocrx_word' id='word_1_565' title='bbox 3009 3192 3185 3245; x_wconf 86' lang='grc' dir='ltr'>πάντα</span> <span class='ocrx_word' id='word_1_566' title='bbox 3210 3189 3360 3261; x_wconf 81' lang='grc' dir='ltr'>αὐτῷ</span> <span class='ocrx_word' id='word_1_567' title='bbox 3393 3190 3685 3262; x_wconf 83' lang='grc' dir='ltr'>προσνέμει</span> 
     </span>
    </p>
   </div>
   <div class='ocr_carea' id='block_1_72' title="bbox 2124 3279 3685 3355">
    <p class='ocr_par' dir='ltr' id='par_1_72' title="bbox 2124 3279 3685 3355">
     <span class='ocr_line' id='line_1_72' title="bbox 2124 3279 3685 3355; baseline 0 -21"><span class='ocrx_word' id='word_1_568' title='bbox 2124 3284 2191 3334; x_wconf 69' lang='grc' dir='ltr'>τὰ</span> <span class='ocrx_word' id='word_1_569' title='bbox 2219 3282 2496 3352; x_wconf 80' lang='grc' dir='ltr'>θεοπρεπῆ</span> <span class='ocrx_word' id='word_1_570' title='bbox 2543 3285 2559 3346; x_wconf 95' lang='grc'><strong>(</strong></span> <span class='ocrx_word' id='word_1_571' title='bbox 2581 3279 2689 3336; x_wconf 75' lang='grc' dir='ltr'>οἶδε</span> <span class='ocrx_word' id='word_1_572' title='bbox 2732 3284 2862 3355; x_wconf 84' lang='grc' dir='ltr'>γὰρ,</span> <span class='ocrx_word' id='word_1_573' title='bbox 2912 3279 3020 3337; x_wconf 76' lang='grc' dir='ltr'>οἶδε</span> <span class='ocrx_word' id='word_1_574' title='bbox 3060 3284 3118 3337; x_wconf 83' lang='grc' dir='ltr'>ὲν</span> <span class='ocrx_word' id='word_1_575' title='bbox 3150 3282 3466 3354; x_wconf 74' lang='grc' dir='ltr'>ἀνθρωπεία</span> <span class='ocrx_word' id='word_1_576' title='bbox 3503 3284 3685 3353; x_wconf 68' lang='grc' dir='ltr'>μορφῇ</span> 
     </span>
    </p>
   </div>
   <div class='ocr_carea' id='block_1_73' title="bbox 2127 3373 3686 3446">
    <p class='ocr_par' dir='ltr' id='par_1_73' title="bbox 2127 3373 3686 3446">
     <span class='ocr_line' id='line_1_73' title="bbox 2127 3373 3686 3446; baseline 0.001 -21"><span class='ocrx_word' id='word_1_577' title='bbox 2127 3373 2402 3443; x_wconf 77' lang='grc' dir='ltr'>πεφηνότα</span> <span class='ocrx_word' id='word_1_578' title='bbox 2432 3376 2525 3427; x_wconf 74' lang='grc' dir='ltr'><strong>καὶ</strong></span> <span class='ocrx_word' id='word_1_579' title='bbox 2558 3375 2972 3446; x_wconf 77' lang='grc' dir='ltr'>σεσαρκωμένον</span> <span class='ocrx_word' id='word_1_580' title='bbox 3001 3375 3092 3428; x_wconf 81' lang='grc' dir='ltr'><strong>τὸν</strong></span> <span class='ocrx_word' id='word_1_581' title='bbox 3124 3373 3260 3427; x_wconf 78' lang='grc' dir='ltr'>Θεοῦ</span> <span class='ocrx_word' id='word_1_582' title='bbox 3297 3374 3527 3446; x_wconf 90' lang='grc' dir='ltr'>Λόγον),</span> <span class='ocrx_word' id='word_1_583' title='bbox 3566 3392 3686 3427; x_wconf 76' lang='grc' dir='ltr'>σκο-</span> 
     </span>
    </p>
   </div>
   <div class='ocr_carea' id='block_1_74' title="bbox 2127 3466 3688 3538">
    <p class='ocr_par' dir='ltr' id='par_1_74' title="bbox 2127 3466 3688 3538">
     <span class='ocr_line' id='line_1_74' title="bbox 2127 3466 3688 3538; baseline 0.002 -21"><span class='ocrx_word' id='word_1_584' title='bbox 2127 3467 2226 3528; x_wconf 74' lang='grc' dir='ltr'><strong>πὸς</strong></span> <span class='ocrx_word' id='word_1_585' title='bbox 2257 3466 2313 3518; x_wconf 80' lang='grc' dir='ltr'>δὲ</span> <span class='ocrx_word' id='word_1_586' title='bbox 2348 3469 2460 3528; x_wconf 80' lang='grc' dir='ltr'>τοῖς</span> <span class='ocrx_word' id='word_1_587' title='bbox 2505 3466 2669 3537; x_wconf 86' lang='grc' dir='ltr'>’ἐτερα</span> <span class='ocrx_word' id='word_1_588' title='bbox 2719 3468 2869 3537; x_wconf 83' lang='grc' dir='ltr'>παρὰ</span> <span class='ocrx_word' id='word_1_589' title='bbox 2908 3467 3065 3520; x_wconf 80' lang='grc' dir='ltr'>τοῦτο</span> <span class='ocrx_word' id='word_1_590' title='bbox 3110 3469 3325 3537; x_wconf 85' lang='grc' dir='ltr'>φρονεῖν</span> <span class='ocrx_word' id='word_1_591' title='bbox 3360 3469 3688 3538; x_wconf 75' lang='grc' dir='ltr'>ᾑρημένοις,</span> 
     </span>
    </p>
   </div>
   <div class='ocr_carea' id='block_1_75' title="bbox 2128 3551 3692 3624">
    <p class='ocr_par' dir='ltr' id='par_1_75' title="bbox 2128 3551 3692 3624">
     <span class='ocr_line' id='line_1_75' title="bbox 2128 3551 3692 3624; baseline -0.004 -16"><span class='ocrx_word' id='word_1_592' title='bbox 2128 3556 2221 3609; x_wconf 73' lang='grc' dir='ltr'><strong>καὶ</strong></span> <span class='ocrx_word' id='word_1_593' title='bbox 2251 3555 2427 3609; x_wconf 79' lang='grc' dir='ltr'>κοινὸν</span> <span class='ocrx_word' id='word_1_594' title='bbox 2461 3554 2743 3624; x_wconf 78' lang='grc' dir='ltr'>ἄνθρωπον</span> <span class='ocrx_word' id='word_1_595' title='bbox 2772 3555 3094 3623; x_wconf 69' lang='grc' dir='ltr'>ἀποφαίνειν</span> <span class='ocrx_word' id='word_1_596' title='bbox 3121 3555 3210 3607; x_wconf 75' lang='grc' dir='ltr'><strong>τὸν</strong></span> <span class='ocrx_word' id='word_1_597' title='bbox 3236 3556 3301 3608; x_wconf 82' lang='grc' dir='ltr'><strong>ὲκ</strong></span> <span class='ocrx_word' id='word_1_598' title='bbox 3328 3553 3606 3621; x_wconf 71' lang='grc' dir='ltr'>γυναικὸς,</span> <span class='ocrx_word' id='word_1_599' title='bbox 3635 3551 3692 3616; x_wconf 79' lang='grc' dir='ltr'>ἐξ</span> 
     </span>
    </p>
   </div>
   <div class='ocr_carea' id='block_1_76' title="bbox 2126 3644 3690 3716">
    <p class='ocr_par' dir='ltr' id='par_1_76' title="bbox 2126 3644 3690 3716">
     <span class='ocr_line' id='line_1_76' title="bbox 2126 3644 3690 3716; baseline -0.001 -19"><span class='ocrx_word' id='word_1_600' title='bbox 2126 3645 2438 3708; x_wconf 73' lang='grc' dir='ltr'>ἐπιδόσεως,</span> <span class='ocrx_word' id='word_1_601' title='bbox 2473 3645 2547 3709; x_wconf 87' lang='grc' dir='ltr'>ὡς</span> <span class='ocrx_word' id='word_1_602' title='bbox 2576 3646 2733 3716; x_wconf 75' lang='grc' dir='ltr'>ἔφην,</span> <span class='ocrx_word' id='word_1_603' title='bbox 2758 3649 2849 3700; x_wconf 67' lang='grc' dir='ltr'><strong>καὶ</strong></span> <span class='ocrx_word' id='word_1_604' title='bbox 2883 3646 2947 3713; x_wconf 69' lang='grc' dir='ltr'>ἐξ</span> <span class='ocrx_word' id='word_1_605' title='bbox 2975 3647 3109 3709; x_wconf 75' lang='grc' dir='ltr'>ἰδίας</span> <span class='ocrx_word' id='word_1_606' title='bbox 3134 3663 3192 3698; x_wconf 87' lang='grc' dir='ltr'><strong>τε</strong></span> <span class='ocrx_word' id='word_1_607' title='bbox 3227 3646 3321 3699; x_wconf 72' lang='grc' dir='ltr'>καῖ</span> <span class='ocrx_word' id='word_1_608' title='bbox 3347 3644 3690 3715; x_wconf 82' lang='grc' dir='ltr'>ἀνθρωπίνης</span> 
     </span>
    </p>
   </div>
   <div class='ocr_carea' id='block_1_77' title="bbox 2129 3736 3693 3808">
    <p class='ocr_par' dir='ltr' id='par_1_77' title="bbox 2129 3736 3693 3808">
     <span class='ocr_line' id='line_1_77' title="bbox 2129 3736 3693 3808; baseline -0.001 -19"><span class='ocrx_word' id='word_1_609' title='bbox 2129 3738 2330 3808; x_wconf 72' lang='grc' dir='ltr'>ἀρετῆς</span> <span class='ocrx_word' id='word_1_610' title='bbox 2361 3736 2508 3801; x_wconf 77' lang='grc' dir='ltr'>ἄξιον</span> <span class='ocrx_word' id='word_1_611' title='bbox 2553 3737 2743 3791; x_wconf 79' lang='grc' dir='ltr'>ἑαυτὸν</span> <span class='ocrx_word' id='word_1_612' title='bbox 2776 3738 3205 3806; x_wconf 83' lang='grc' dir='ltr'>παραστήσαντα</span> <span class='ocrx_word' id='word_1_613' title='bbox 3246 3736 3342 3790; x_wconf 80' lang='grc' dir='ltr'>τοῦ</span> <span class='ocrx_word' id='word_1_614' title='bbox 3377 3736 3580 3807; x_wconf 80' lang='grc' dir='ltr'>χρῆναι</span> <span class='ocrx_word' id='word_1_615' title='bbox 3614 3752 3693 3787; x_wconf 62' lang='grc' dir='ltr'>τις</span> 
     </span>
    </p>
   </div>
   <div class='ocr_carea' id='block_1_78' title="bbox 2135 3816 3691 3899">
    <p class='ocr_par' dir='ltr' id='par_1_78' title="bbox 2135 3816 3691 3899">
     <span class='ocr_line' id='line_1_78' title="bbox 2135 3816 3691 3899; baseline -0.003 -18"><span class='ocrx_word' id='word_1_616' title='bbox 2135 3828 2337 3898; x_wconf 80' lang='grc' dir='ltr'>μᾶσθαι</span> <span class='ocrx_word' id='word_1_617' title='bbox 2370 3829 2464 3882; x_wconf 76' lang='grc' dir='ltr'><strong>καὶ</strong></span> <span class='ocrx_word' id='word_1_618' title='bbox 2488 3827 2745 3897; x_wconf 62' lang='grc' dir='ltr'>συναφείᾳ</span> <span class='ocrx_word' id='word_1_619' title='bbox 2775 3828 3066 3897; x_wconf 81' lang='grc' dir='ltr'>προσώπου</span> <span class='ocrx_word' id='word_1_620' title='bbox 3092 3816 3159 3899; x_wconf 76' lang='grc' dir='ltr'><strong>τῇ</strong></span> <span class='ocrx_word' id='word_1_621' title='bbox 3191 3827 3326 3897; x_wconf 83' lang='grc' dir='ltr'>πρὸς</span> <span class='ocrx_word' id='word_1_622' title='bbox 3353 3828 3442 3880; x_wconf 72' lang='grc' dir='ltr'><strong>τὸν</strong></span> <span class='ocrx_word' id='word_1_623' title='bbox 3466 3828 3536 3880; x_wconf 81' lang='grc' dir='ltr'><strong>ὲκ</strong></span> <span class='ocrx_word' id='word_1_624' title='bbox 3565 3824 3691 3879; x_wconf 77' lang='grc' dir='ltr'>Θεοῦ</span> 
     </span>
    </p>
   </div>
   <div class='ocr_carea' id='block_1_79' title="bbox 2132 3918 3594 3989">
    <p class='ocr_par' dir='ltr' id='par_1_79' title="bbox 2132 3918 3594 3989">
     <span class='ocr_line' id='line_1_79' title="bbox 2132 3918 3594 3989; baseline 0.001 -18"><span class='ocrx_word' id='word_1_625' title='bbox 2132 3918 2323 3987; x_wconf 86' lang='grc' dir='ltr'>Λόγον,</span> <span class='ocrx_word' id='word_1_626' title='bbox 2360 3919 2452 3972; x_wconf 76' lang='grc' dir='ltr'><strong>καὶ</strong></span> <span class='ocrx_word' id='word_1_627' title='bbox 2480 3919 2773 3972; x_wconf 73' lang='grc' dir='ltr'>ἀπόλεκτον</span> <span class='ocrx_word' id='word_1_628' title='bbox 2799 3918 3052 3987; x_wconf 81' lang='grc' dir='ltr'>γενέσθαι</span> <span class='ocrx_word' id='word_1_629' title='bbox 3082 3918 3225 3971; x_wconf 80' lang='grc' dir='ltr'>κατὰ</span> <span class='ocrx_word' id='word_1_630' title='bbox 3257 3918 3594 3989; x_wconf 81' lang='grc' dir='ltr'>πρόγνωσιν.</span> 
     </span>
    </p>
   </div>
   <div class='ocr_carea' id='block_1_80' title="bbox 464 4008 3693 4082">
    <p class='ocr_par' dir='ltr' id='par_1_80' title="bbox 464 4008 3693 4082">
     <span class='ocr_line' id='line_1_80' title="bbox 464 4008 3693 4082; baseline -0.001 -17"><span class='ocrx_word' id='word_1_631' title='bbox 464 4016 657 4082; x_wconf 84' lang='lat' dir='ltr'><strong>priam,</strong></span> <span class='ocrx_word' id='word_1_632' title='bbox 700 4013 801 4068; x_wconf 90' lang='lat' dir='ltr'><strong>hoc</strong></span> <span class='ocrx_word' id='word_1_633' title='bbox 844 4020 927 4067; x_wconf 89' lang='lat' dir='ltr'><strong>est</strong></span> <span class='ocrx_word' id='word_1_634' title='bbox 962 4013 1248 4066; x_wconf 86' lang='lat' dir='ltr'><strong>humanam</strong></span> <span class='ocrx_word' id='word_1_635' title='bbox 1309 4010 1559 4075; x_wconf 86' lang='lat' dir='ltr'><strong>virtutem</strong></span> <span class='ocrx_word' id='word_1_636' title='bbox 1618 4011 1837 4081; x_wconf 82' lang='lat' dir='ltr'><strong>dignum</strong></span> <span class='ocrx_word' id='word_1_637' title='bbox 1900 4025 1959 4066; x_wconf 82' lang='lat' dir='ltr'><strong>se</strong></span> <span class='ocrx_word' id='word_1_638' title='bbox 2014 4013 2319 4079; x_wconf 68' lang='lat' dir='ltr'><strong>praebuerit,</strong></span> <span class='ocrx_word' id='word_1_639' title='bbox 2363 4012 2453 4082; x_wconf 91' lang='lat' dir='ltr'><strong>qui</strong></span> <span class='ocrx_word' id='word_1_640' title='bbox 2505 4013 2761 4065; x_wconf 88' lang='lat' dir='ltr'><strong>honorem</strong></span> <span class='ocrx_word' id='word_1_641' title='bbox 2801 4025 3015 4080; x_wconf 86' lang='lat' dir='ltr'><strong>quoque</strong></span> <span class='ocrx_word' id='word_1_642' title='bbox 3058 4009 3411 4064; x_wconf 72' lang='lat' dir='ltr'><strong>connexiOnis</strong></span> <span class='ocrx_word' id='word_1_643' title='bbox 3443 4024 3571 4063; x_wconf 90' lang='lat' dir='ltr'><strong>cum</strong></span> <span class='ocrx_word' id='word_1_644' title='bbox 3610 4008 3693 4063; x_wconf 83' lang='lat' dir='ltr'><strong>Dei</strong></span> 
     </span>
    </p>
   </div>
   <div class='ocr_carea' id='block_1_81' title="bbox 462 4103 2378 4175">
    <p class='ocr_par' dir='ltr' id='par_1_81' title="bbox 462 4103 2378 4175">
     <span class='ocr_line' id='line_1_81' title="bbox 462 4103 2378 4175; baseline -0.001 -16"><span class='ocrx_word' id='word_1_645' title='bbox 462 4105 636 4160; x_wconf 86' lang='lat' dir='ltr'><strong>Verbo</strong></span> <span class='ocrx_word' id='word_1_646' title='bbox 708 4113 1108 4175; x_wconf 88' lang='lat' dir='ltr'><strong>assequeretur,</strong></span> <span class='ocrx_word' id='word_1_647' title='bbox 1177 4113 1231 4160; x_wconf 92' lang='lat' dir='ltr'><strong>et</strong></span> <span class='ocrx_word' id='word_1_648' title='bbox 1288 4104 1481 4174; x_wconf 90' lang='lat' dir='ltr'><strong>insigni</strong></span> <span class='ocrx_word' id='word_1_649' title='bbox 1562 4104 2033 4173; x_wconf 72' lang='lat' dir='ltr'><strong>prmdestinatione</strong></span> <span class='ocrx_word' id='word_1_650' title='bbox 2070 4103 2378 4175; x_wconf 81' lang='lat' dir='ltr'><strong>eligeretur.</strong></span> 
     </span>
    </p>
   </div>
   <div class='ocr_carea' id='block_1_82' title="bbox 528 4193 2028 4266">
    <p class='ocr_par' dir='ltr' id='par_1_82' title="bbox 528 4193 2028 4266">
     <span class='ocr_line' id='line_1_82' title="bbox 528 4193 2028 4266; baseline 0 -17"><span class='ocrx_word' id='word_1_651' title='bbox 528 4195 670 4249; x_wconf 75' lang='lat' dir='ltr'><strong>Xlll.</strong></span> <span class='ocrx_word' id='word_1_652' title='bbox 710 4193 916 4250; x_wconf 89' lang='lat' dir='ltr'><strong>Idcirco</strong></span> <span class='ocrx_word' id='word_1_653' title='bbox 963 4210 1156 4251; x_wconf 90' lang='lat' dir='ltr'><strong>nomen</strong></span> <span class='ocrx_word' id='word_1_654' title='bbox 1205 4196 1323 4259; x_wconf 90' lang='lat' dir='ltr'><strong>hoc,</strong></span> <span class='ocrx_word' id='word_1_655' title='bbox 1361 4194 1630 4258; x_wconf 75' lang='lat' dir='ltr'><strong>Christus,</strong></span> <span class='ocrx_word' id='word_1_656' title='bbox 1654 4194 1755 4250; x_wconf 91' lang='lat' dir='ltr'><strong>soli</strong></span> <span class='ocrx_word' id='word_1_657' title='bbox 1812 4209 2028 4266; x_wconf 89' lang='lat' dir='ltr'><strong>quoque</strong></span> 
     </span>
    </p>
   </div>
   <div class='ocr_carea' id='block_1_83' title="bbox 466 4284 2030 4353">
    <p class='ocr_par' dir='ltr' id='par_1_83' title="bbox 466 4284 2030 4353">
     <span class='ocr_line' id='line_1_83' title="bbox 466 4284 2030 4353; baseline 0.001 -14"><span class='ocrx_word' id='word_1_658' title='bbox 466 4284 639 4340; x_wconf 84' lang='lat' dir='ltr'><strong>Verbo</strong></span> <span class='ocrx_word' id='word_1_659' title='bbox 667 4286 810 4353; x_wconf 87' lang='lat' dir='ltr'><strong>quod</strong></span> <span class='ocrx_word' id='word_1_660' title='bbox 836 4300 899 4340; x_wconf 81' lang='lat' dir='ltr'><strong>ex</strong></span> <span class='ocrx_word' id='word_1_661' title='bbox 925 4285 1033 4341; x_wconf 90' lang='lat' dir='ltr'><strong>Deo</strong></span> <span class='ocrx_word' id='word_1_662' title='bbox 1076 4286 1236 4341; x_wconf 85' lang='lat' dir='ltr'><strong>Patre</strong></span> <span class='ocrx_word' id='word_1_663' title='bbox 1274 4296 1452 4342; x_wconf 88' lang='lat' dir='ltr'><strong>ortum</strong></span> <span class='ocrx_word' id='word_1_664' title='bbox 1488 4296 1591 4352; x_wconf 89' lang='lat' dir='ltr'><strong>est,</strong></span> <span class='ocrx_word' id='word_1_665' title='bbox 1616 4297 1674 4340; x_wconf 92' lang='lat' dir='ltr'><strong>ut</strong></span> <span class='ocrx_word' id='word_1_666' title='bbox 1706 4286 1931 4341; x_wconf 88' lang='lat' dir='ltr'><strong>seorsim</strong></span> <span class='ocrx_word' id='word_1_667' title='bbox 1964 4299 2030 4340; x_wconf 89' lang='lat' dir='ltr'><strong>ac</strong></span> 
     </span>
    </p>
   </div>
   <div class='ocr_carea' id='block_1_84' title="bbox 462 4374 2033 4444">
    <p class='ocr_par' dir='ltr' id='par_1_84' title="bbox 462 4374 2033 4444">
     <span class='ocr_line' id='line_1_84' title="bbox 462 4374 2033 4444; baseline 0 -14"><span class='ocrx_word' id='word_1_668' title='bbox 462 4390 558 4444; x_wconf 81' lang='lat' dir='ltr'><strong>per</strong></span> <span class='ocrx_word' id='word_1_669' title='bbox 596 4387 655 4428; x_wconf 89' lang='lat' dir='ltr'><strong>se</strong></span> <span class='ocrx_word' id='word_1_670' title='bbox 679 4374 972 4429; x_wconf 88' lang='lat' dir='ltr'><strong>subsistere</strong></span> <span class='ocrx_word' id='word_1_671' title='bbox 1001 4377 1400 4444; x_wconf 88' lang='lat' dir='ltr'><strong>consideratur,</strong></span> <span class='ocrx_word' id='word_1_672' title='bbox 1430 4374 1733 4432; x_wconf 56' lang='lat' dir='ltr'><strong>‘couvenire</strong></span> <span class='ocrx_word' id='word_1_673' title='bbox 1756 4386 2033 4432; x_wconf 90' lang='lat' dir='ltr'><strong>asserunt.</strong></span> 
     </span>
    </p>
   </div>
   <div class='ocr_carea' id='block_1_85' title="bbox 462 4463 2038 4536">
    <p class='ocr_par' dir='ltr' id='par_1_85' title="bbox 462 4463 2038 4536">
     <span class='ocr_line' id='line_1_85' title="bbox 462 4463 2038 4536; baseline 0.001 -15"><span class='ocrx_word' id='word_1_674' title='bbox 462 4466 574 4521; x_wconf 80' lang='lat' dir='ltr'><strong>Nos</strong></span> <span class='ocrx_word' id='word_1_675' title='bbox 603 4472 783 4518; x_wconf 89' lang='lat' dir='ltr'><strong>autem</strong></span> <span class='ocrx_word' id='word_1_676' title='bbox 806 4463 879 4518; x_wconf 91' lang='lat' dir='ltr'><strong>ita</strong></span> <span class='ocrx_word' id='word_1_677' title='bbox 906 4466 1110 4520; x_wconf 90' lang='lat' dir='ltr'><strong>sentire</strong></span> <span class='ocrx_word' id='word_1_678' title='bbox 1147 4475 1241 4520; x_wconf 88' lang='lat' dir='ltr'><strong>aut</strong></span> <span class='ocrx_word' id='word_1_679' title='bbox 1272 4467 1416 4536; x_wconf 91' lang='lat' dir='ltr'><strong>loqui</strong></span> <span class='ocrx_word' id='word_1_680' title='bbox 1473 4481 1812 4536; x_wconf 90' lang='lat' dir='ltr'><strong>nequaquam</strong></span> <span class='ocrx_word' id='word_1_681' title='bbox 1849 4468 2038 4522; x_wconf 87' lang='lat' dir='ltr'><strong>didici-</strong></span> 
     </span>
    </p>
   </div>
   <div class='ocr_carea' id='block_1_86' title="bbox 465 4554 2035 4626">
    <p class='ocr_par' dir='ltr' id='par_1_86' title="bbox 465 4554 2035 4626">
     <span class='ocr_line' id='line_1_86' title="bbox 465 4554 2035 4626; baseline 0.003 -17"><span class='ocrx_word' id='word_1_682' title='bbox 465 4570 586 4610; x_wconf 89' lang='lat' dir='ltr'><strong>mus</strong></span> <span class='ocrx_word' id='word_1_683' title='bbox 640 4574 653 4610; x_wconf 89' lang='lat'>:</span> <span class='ocrx_word' id='word_1_684' title='bbox 700 4554 1132 4625; x_wconf 82' lang='lat' dir='ltr'><strong>quandoquidem</strong></span> <span class='ocrx_word' id='word_1_685' title='bbox 1188 4564 1313 4612; x_wconf 91' lang='lat' dir='ltr'><strong>tunc</strong></span> <span class='ocrx_word' id='word_1_686' title='bbox 1367 4557 1598 4626; x_wconf 86' lang='lat' dir='ltr'><strong>primum</strong></span> <span class='ocrx_word' id='word_1_687' title='bbox 1650 4558 1880 4612; x_wconf 87' lang='lat' dir='ltr'><strong>Verbum</strong></span> <span class='ocrx_word' id='word_1_688' title='bbox 1911 4557 2035 4613; x_wconf 83' lang='lat' dir='ltr'><strong>Jesu</strong></span> 
     </span>
    </p>
   </div>
   <div class='ocr_carea' id='block_1_87' title="bbox 2205 4191 3698 4264">
    <p class='ocr_par' dir='ltr' id='par_1_87' title="bbox 2205 4191 3698 4264">
     <span class='ocr_line' id='line_1_87' title="bbox 2205 4191 3698 4264; baseline -0.003 -16"><span class='ocrx_word' id='word_1_689' title='bbox 2205 4196 2301 4248; x_wconf 83' lang='lat' dir='ltr'><strong>Il&quot;.</strong></span> <span class='ocrx_word' id='word_1_690' title='bbox 2335 4196 2541 4249; x_wconf 79' lang='grc' dir='ltr'>Ἐκεῖνό</span> <span class='ocrx_word' id='word_1_691' title='bbox 2582 4212 2764 4264; x_wconf 66' lang='grc' dir='ltr'>φασιν,</span> <span class='ocrx_word' id='word_1_692' title='bbox 2801 4194 2979 4259; x_wconf 75' lang='grc' dir='ltr'>ὅτιτὸ,</span> <span class='ocrx_word' id='word_1_693' title='bbox 3012 4192 3478 4262; x_wconf 72' lang='grc' dir='ltr'>Χριστὸς-,ὄνομα</span> <span class='ocrx_word' id='word_1_694' title='bbox 3504 4191 3698 4263; x_wconf 71' lang='grc' dir='ltr'>πρέπει</span> 
     </span>
    </p>
   </div>
   <div class='ocr_carea' id='block_1_88' title="bbox 2138 4280 3700 4357">
    <p class='ocr_par' dir='ltr' id='par_1_88' title="bbox 2138 4280 3700 4357">
     <span class='ocr_line' id='line_1_88' title="bbox 2138 4280 3700 4357; baseline -0.004 -18"><span class='ocrx_word' id='word_1_695' title='bbox 2138 4287 2232 4339; x_wconf 72' lang='grc' dir='ltr'><strong>καὶ</strong></span> <span class='ocrx_word' id='word_1_696' title='bbox 2268 4286 2434 4357; x_wconf 84' lang='grc' dir='ltr'>μόνῳ,</span> <span class='ocrx_word' id='word_1_697' title='bbox 2479 4287 2573 4339; x_wconf 81' lang='grc' dir='ltr'><strong>καὶ</strong></span> <span class='ocrx_word' id='word_1_698' title='bbox 2620 4286 2745 4357; x_wconf 84' lang='grc' dir='ltr'>ἰδίᾳ,</span> <span class='ocrx_word' id='word_1_699' title='bbox 2795 4286 2889 4338; x_wconf 67' lang='grc' dir='ltr'><strong>καὶ</strong></span> <span class='ocrx_word' id='word_1_700' title='bbox 2917 4284 3039 4338; x_wconf 80' lang='grc' dir='ltr'>καθ’</span> <span class='ocrx_word' id='word_1_701' title='bbox 3069 4283 3258 4338; x_wconf 78' lang='grc' dir='ltr'>ἑαυτὸν</span> <span class='ocrx_word' id='word_1_702' title='bbox 3287 4282 3571 4352; x_wconf 82' lang='grc' dir='ltr'>νοουμένῳ</span> <span class='ocrx_word' id='word_1_703' title='bbox 3613 4280 3700 4334; x_wconf 73' lang='grc' dir='ltr'><strong>καὶ</strong></span> 
     </span>
    </p>
   </div>
   <div class='ocr_carea' id='block_1_89' title="bbox 2132 4373 3699 4450">
    <p class='ocr_par' dir='ltr' id='par_1_89' title="bbox 2132 4373 3699 4450">
     <span class='ocr_line' id='line_1_89' title="bbox 2132 4373 3699 4450; baseline -0.004 -20"><span class='ocrx_word' id='word_1_704' title='bbox 2132 4379 2427 4450; x_wconf 80' lang='grc' dir='ltr'>ὑπάρχοντι</span> <span class='ocrx_word' id='word_1_705' title='bbox 2476 4377 2555 4447; x_wconf 80' lang='grc' dir='ltr'>τῷ</span> <span class='ocrx_word' id='word_1_706' title='bbox 2607 4380 2669 4431; x_wconf 82' lang='grc' dir='ltr'><strong>ὲκ</strong></span> <span class='ocrx_word' id='word_1_707' title='bbox 2727 4376 2861 4430; x_wconf 82' lang='grc' dir='ltr'>Θεοῦ</span> <span class='ocrx_word' id='word_1_708' title='bbox 2909 4374 3121 4446; x_wconf 78' lang='grc' dir='ltr'>Πατρδς</span> <span class='ocrx_word' id='word_1_709' title='bbox 3163 4373 3471 4444; x_wconf 71' lang='grc' dir='ltr'>πεφηνότιι</span> <span class='ocrx_word' id='word_1_710' title='bbox 3528 4373 3699 4440; x_wconf 76' lang='grc' dir='ltr'>Λόγῳ.</span> 
     </span>
    </p>
   </div>
   <div class='ocr_carea' id='block_1_90' title="bbox 2143 4463 3701 4538">
    <p class='ocr_par' dir='ltr' id='par_1_90' title="bbox 2143 4463 3701 4538">
     <span class='ocr_line' id='line_1_90' title="bbox 2143 4463 3701 4538; baseline -0.006 -16"><span class='ocrx_word' id='word_1_711' title='bbox 2143 4470 2335 4538; x_wconf 77' lang='grc' dir='ltr'>Ἡμεῖς</span> <span class='ocrx_word' id='word_1_712' title='bbox 2376 4469 2433 4522; x_wconf 75' lang='grc' dir='ltr'><strong>δὲ</strong></span> <span class='ocrx_word' id='word_1_713' title='bbox 2459 4469 2556 4537; x_wconf 75' lang='grc' dir='ltr'>οὐχ</span> <span class='ocrx_word' id='word_1_714' title='bbox 2594 4468 2735 4521; x_wconf 71' lang='grc' dir='ltr'>οὕτω</span> <span class='ocrx_word' id='word_1_715' title='bbox 2763 4466 3118 4536; x_wconf 82' lang='grc' dir='ltr'>δεδιδάγμεθα</span> <span class='ocrx_word' id='word_1_716' title='bbox 3167 4466 3404 4534; x_wconf 83' lang='grc' dir='ltr'>φρονεῖν,</span> <span class='ocrx_word' id='word_1_717' title='bbox 3435 4463 3470 4532; x_wconf 86' lang='grc' dir='ltr'><strong>ἧ</strong></span> <span class='ocrx_word' id='word_1_718' title='bbox 3506 4465 3701 4532; x_wconf 81' lang='grc' dir='ltr'>λέγειν.</span> 
     </span>
    </p>
   </div>
   <div class='ocr_carea' id='block_1_91' title="bbox 2140 4556 3703 4629">
    <p class='ocr_par' dir='ltr' id='par_1_91' title="bbox 2140 4556 3703 4629">
     <span class='ocr_line' id='line_1_91' title="bbox 2140 4556 3703 4629; baseline -0.004 -17"><span class='ocrx_word' id='word_1_719' title='bbox 2140 4562 2268 4613; x_wconf 82' lang='grc' dir='ltr'>Ὅτε</span> <span class='ocrx_word' id='word_1_720' title='bbox 2298 4561 2405 4629; x_wconf 80' lang='grc' dir='ltr'>γὰρ</span> <span class='ocrx_word' id='word_1_721' title='bbox 2439 4560 2628 4627; x_wconf 82' lang='grc' dir='ltr'>γέγονε</span> <span class='ocrx_word' id='word_1_722' title='bbox 2658 4557 2794 4629; x_wconf 75' lang='grc' dir='ltr'>σὰρξ</span> <span class='ocrx_word' id='word_1_723' title='bbox 2821 4561 2849 4612; x_wconf 78' lang='grc' dir='ltr'>ὁ</span> <span class='ocrx_word' id='word_1_724' title='bbox 2875 4560 3068 4626; x_wconf 83' lang='grc' dir='ltr'>Λόγος,</span> <span class='ocrx_word' id='word_1_725' title='bbox 3100 4558 3223 4610; x_wconf 88' lang='grc' dir='ltr'>τότε</span> <span class='ocrx_word' id='word_1_726' title='bbox 3256 4559 3352 4611; x_wconf 76' lang='grc' dir='ltr'><strong>καὶ</strong></span> <span class='ocrx_word' id='word_1_727' title='bbox 3389 4556 3703 4626; x_wconf 69' lang='grc' dir='ltr'>ὠνομάσθαι</span> 
     </span>
    </p>
   </div>
   <div class='ocr_carea' id='block_1_92' title="bbox 463 4645 2012 4721">
    <p class='ocr_par' dir='ltr' id='par_1_92' title="bbox 463 4647 2012 4719">
     <span class='ocr_line' id='line_1_92' title="bbox 463 4647 2012 4719; baseline 0.001 -16"><span class='ocrx_word' id='word_1_728' title='bbox 463 4648 663 4703; x_wconf 88' lang='lat' dir='ltr'><strong>Christi</strong></span> <span class='ocrx_word' id='word_1_729' title='bbox 697 4647 1105 4719; x_wconf 87' lang='lat' dir='ltr'><strong>appellationem</strong></span> <span class='ocrx_word' id='word_1_730' title='bbox 1126 4649 1374 4703; x_wconf 88' lang='lat' dir='ltr'><strong>sortitum</strong></span> <span class='ocrx_word' id='word_1_731' title='bbox 1401 4648 1654 4713; x_wconf 83' lang='lat' dir='ltr'><strong>dicimus,</strong></span> <span class='ocrx_word' id='word_1_732' title='bbox 1676 4664 1798 4704; x_wconf 91' lang='lat' dir='ltr'><strong>cum</strong></span> <span class='ocrx_word' id='word_1_733' title='bbox 1833 4649 2012 4705; x_wconf 78' lang='lat' dir='ltr'><strong>factun</strong></span> 
     </span>
    </p>
   </div>
   <div class='ocr_carea' id='block_1_93' title="bbox 2121 4645 3703 4721">
    <p class='ocr_par' dir='ltr' id='par_1_93' title="bbox 2143 4645 3703 4721">
     <span class='ocr_line' id='line_1_93' title="bbox 2143 4645 3703 4721; baseline -0.008 -15"><span class='ocrx_word' id='word_1_734' title='bbox 2143 4653 2321 4721; x_wconf 78' lang='grc' dir='ltr'>φαμὲν</span> <span class='ocrx_word' id='word_1_735' title='bbox 2369 4650 2532 4715; x_wconf 68' lang='grc' dir='ltr'>αὑτὸν</span> <span class='ocrx_word' id='word_1_736' title='bbox 2575 4648 2808 4719; x_wconf 84' lang='grc' dir='ltr'>Χριστὸν</span> <span class='ocrx_word' id='word_1_737' title='bbox 2846 4646 3070 4718; x_wconf 75' lang='grc' dir='ltr'>Ἰησοῦν.</span> <span class='ocrx_word' id='word_1_738' title='bbox 3113 4645 3329 4716; x_wconf 79' lang='grc' dir='ltr'>Ἐπειδὴ</span> <span class='ocrx_word' id='word_1_739' title='bbox 3375 4645 3489 4716; x_wconf 71' lang='grc' dir='ltr'><strong>γὰρ</strong></span> <span class='ocrx_word' id='word_1_740' title='bbox 3521 4645 3703 4713; x_wconf 80' lang='grc' dir='ltr'>κέχρι·</span> 
     </span>
    </p>
   </div>
   <div class='ocr_carea' id='block_1_94' title="bbox 464 4739 2033 4812">
    <p class='ocr_par' dir='ltr' id='par_1_94' title="bbox 464 4739 2033 4812">
     <span class='ocr_line' id='line_1_94' title="bbox 464 4739 2033 4812; baseline 0 -16"><span class='ocrx_word' id='word_1_741' title='bbox 464 4751 551 4796; x_wconf 89' lang='lat' dir='ltr'><strong>est</strong></span> <span class='ocrx_word' id='word_1_742' title='bbox 598 4754 765 4805; x_wconf 88' lang='lat' dir='ltr'><strong>caro;</strong></span> <span class='ocrx_word' id='word_1_743' title='bbox 811 4739 1076 4811; x_wconf 90' lang='lat' dir='ltr'><strong>siquidem</strong></span> <span class='ocrx_word' id='word_1_744' title='bbox 1129 4741 1198 4797; x_wconf 89' lang='lat' dir='ltr'><strong>ob</strong></span> <span class='ocrx_word' id='word_1_745' title='bbox 1245 4741 1296 4796; x_wconf 93' lang='lat' dir='ltr'><strong>id</strong></span> <span class='ocrx_word' id='word_1_746' title='bbox 1324 4740 1574 4797; x_wconf 88' lang='lat' dir='ltr'><strong>Christus</strong></span> <span class='ocrx_word' id='word_1_747' title='bbox 1632 4751 1876 4809; x_wconf 75' lang='lat' dir='ltr'><strong>vocatur,</strong></span> <span class='ocrx_word' id='word_1_748' title='bbox 1909 4743 2033 4812; x_wconf 88' lang='lat' dir='ltr'><strong>quia</strong></span> 
     </span>
    </p>
   </div>
   <div class='ocr_carea' id='block_1_95' title="bbox 463 4832 2037 4903">
    <p class='ocr_par' dir='ltr' id='par_1_95' title="bbox 463 4832 2037 4903">
     <span class='ocr_line' id='line_1_95' title="bbox 463 4832 2037 4903; baseline 0.004 -19"><span class='ocrx_word' id='word_1_749' title='bbox 463 4832 845 4887; x_wconf 81' lang='lat' dir='ltr'><strong>exsultationis</strong></span> <span class='ocrx_word' id='word_1_750' title='bbox 901 4832 1043 4900; x_wconf 93' lang='lat' dir='ltr'><strong>oleo,</strong></span> <span class='ocrx_word' id='word_1_751' title='bbox 1072 4833 1173 4889; x_wconf 87' lang='lat' dir='ltr'><strong>huc</strong></span> <span class='ocrx_word' id='word_1_752' title='bbox 1209 4843 1293 4890; x_wconf 88' lang='lat' dir='ltr'><strong>est</strong></span> <span class='ocrx_word' id='word_1_753' title='bbox 1350 4833 1556 4903; x_wconf 85' lang='lat' dir='ltr'><strong>Spiritu</strong></span> <span class='ocrx_word' id='word_1_754' title='bbox 1588 4844 1800 4900; x_wconf 90' lang='lat' dir='ltr'><strong>sancto,</strong></span> <span class='ocrx_word' id='word_1_755' title='bbox 1846 4850 1875 4889; x_wconf 90' lang='lat' dir='ltr'><strong>a</strong></span> <span class='ocrx_word' id='word_1_756' title='bbox 1932 4835 2037 4890; x_wconf 90' lang='lat' dir='ltr'><strong>Deo</strong></span> 
     </span>
    </p>
   </div>
   <div class='ocr_carea' id='block_1_96' title="bbox 466 4921 2039 4991">
    <p class='ocr_par' dir='ltr' id='par_1_96' title="bbox 466 4921 2039 4991">
     <span class='ocr_line' id='line_1_96' title="bbox 466 4921 2039 4991; baseline 0.001 -16"><span class='ocrx_word' id='word_1_757' title='bbox 466 4922 623 4977; x_wconf 80' lang='lat' dir='ltr'><strong>Patre</strong></span> <span class='ocrx_word' id='word_1_758' title='bbox 653 4924 930 4979; x_wconf 86' lang='lat' dir='ltr'><strong>inunctutn</strong></span> <span class='ocrx_word' id='word_1_759' title='bbox 958 4932 1060 4980; x_wconf 79' lang='lat' dir='ltr'><strong>est.</strong></span> <span class='ocrx_word' id='word_1_760' title='bbox 1087 4922 1239 4991; x_wconf 80' lang='lat' dir='ltr'><strong>Quod</strong></span> <span class='ocrx_word' id='word_1_761' title='bbox 1268 4932 1445 4980; x_wconf 89' lang='lat' dir='ltr'><strong>autem</strong></span> <span class='ocrx_word' id='word_1_762' title='bbox 1466 4921 1707 4980; x_wconf 90' lang='lat' dir='ltr'><strong>inunctio</strong></span> <span class='ocrx_word' id='word_1_763' title='bbox 1725 4925 1813 4978; x_wconf 90' lang='lat' dir='ltr'><strong>illa</strong></span> <span class='ocrx_word' id='word_1_764' title='bbox 1832 4939 2039 4981; x_wconf 84' lang='lat' dir='ltr'><strong>assmu-</strong></span> 
     </span>
    </p>
   </div>
   <div class='ocr_carea' id='block_1_97' title="bbox 467 5013 2037 5086">
    <p class='ocr_par' dir='ltr' id='par_1_97' title="bbox 467 5013 2037 5086">
     <span class='ocr_line' id='line_1_97' title="bbox 467 5013 2037 5086; baseline 0.003 -21"><span class='ocrx_word' id='word_1_765' title='bbox 467 5022 568 5081; x_wconf 79' lang='lat' dir='ltr'><strong>ptm</strong></span> <span class='ocrx_word' id='word_1_766' title='bbox 616 5013 966 5069; x_wconf 89' lang='lat' dir='ltr'><strong>humanitatis</strong></span> <span class='ocrx_word' id='word_1_767' title='bbox 1018 5015 1229 5069; x_wconf 89' lang='lat' dir='ltr'><strong>ratione</strong></span> <span class='ocrx_word' id='word_1_768' title='bbox 1291 5015 1365 5069; x_wconf 93' lang='lat' dir='ltr'><strong>illi</strong></span> <span class='ocrx_word' id='word_1_769' title='bbox 1422 5015 1731 5080; x_wconf 83' lang='lat' dir='ltr'><strong>conveniat,</strong></span> <span class='ocrx_word' id='word_1_770' title='bbox 1796 5016 1847 5069; x_wconf 84' lang='lat' dir='ltr'><strong>id</strong></span> <span class='ocrx_word' id='word_1_771' title='bbox 1897 5016 2037 5086; x_wconf 85' lang='lat' dir='ltr'><strong>apud</strong></span> 
     </span>
    </p>
   </div>
   <div class='ocr_carea' id='block_1_98' title="bbox 469 5091 2036 5176">
    <p class='ocr_par' dir='ltr' id='par_1_98' title="bbox 469 5091 2036 5176">
     <span class='ocr_line' id='line_1_98' title="bbox 469 5091 2036 5176; baseline 0.004 -22"><span class='ocrx_word' id='word_1_772' title='bbox 469 5115 613 5157; x_wconf 89' lang='lat' dir='ltr'><strong>recte</strong></span> <span class='ocrx_word' id='word_1_773' title='bbox 665 5104 959 5160; x_wconf 88' lang='lat' dir='ltr'><strong>sentientes</strong></span> <span class='ocrx_word' id='word_1_774' title='bbox 994 5105 1046 5159; x_wconf 92' lang='lat' dir='ltr'><strong>in</strong></span> <span class='ocrx_word' id='word_1_775' title='bbox 1090 5091 1441 5176; x_wconf 73' lang='lat' dir='ltr'><strong>quaestionem</strong></span> <span class='ocrx_word' id='word_1_776' title='bbox 1477 5121 1583 5161; x_wconf 92' lang='lat' dir='ltr'><strong>non</strong></span> <span class='ocrx_word' id='word_1_777' title='bbox 1629 5107 1775 5162; x_wconf 73' lang='lat' dir='ltr'><strong>venit</strong></span> <span class='ocrx_word' id='word_1_778' title='bbox 1799 5124 1813 5160; x_wconf 88' lang='lat'><strong>:</strong></span> <span class='ocrx_word' id='word_1_779' title='bbox 1840 5109 1963 5161; x_wconf 81' lang='lat' dir='ltr'><strong>nam</strong></span> <span class='ocrx_word' id='word_1_780' title='bbox 1991 5109 2036 5161; x_wconf 87' lang='lat' dir='ltr'><strong>si</strong></span> 
     </span>
    </p>
   </div>
   <div class='ocr_carea' id='block_1_99' title="bbox 472 5191 2036 5268">
    <p class='ocr_par' dir='ltr' id='par_1_99' title="bbox 472 5191 2036 5268">
     <span class='ocr_line' id='line_1_99' title="bbox 472 5191 2036 5268; baseline 0.004 -22"><span class='ocrx_word' id='word_1_781' title='bbox 472 5192 562 5247; x_wconf 91' lang='lat' dir='ltr'><strong>Dei</strong></span> <span class='ocrx_word' id='word_1_782' title='bbox 594 5191 833 5249; x_wconf 76' lang='lat' dir='ltr'><strong>Verbum</strong></span> <span class='ocrx_word' id='word_1_783' title='bbox 866 5197 1005 5251; x_wconf 91' lang='lat' dir='ltr'><strong>Deus</strong></span> <span class='ocrx_word' id='word_1_784' title='bbox 1029 5205 1133 5264; x_wconf 89' lang='lat' dir='ltr'><strong>est,</strong></span> <span class='ocrx_word' id='word_1_785' title='bbox 1165 5197 1310 5252; x_wconf 90' lang='lat' dir='ltr'><strong>nulla</strong></span> <span class='ocrx_word' id='word_1_786' title='bbox 1348 5198 1531 5268; x_wconf 89' lang='lat' dir='ltr'><strong>utique</strong></span> <span class='ocrx_word' id='word_1_787' title='bbox 1591 5198 1846 5253; x_wconf 89' lang='lat' dir='ltr'><strong>unctione</strong></span> <span class='ocrx_word' id='word_1_788' title='bbox 1892 5198 2036 5252; x_wconf 88' lang='lat' dir='ltr'><strong>indi-</strong></span> 
     </span>
    </p>
   </div>
   <div class='ocr_carea' id='block_1_100' title="bbox 535 5343 928 5410">
    <p class='ocr_par' dir='ltr' id='par_1_100' title="bbox 535 5343 928 5410">
     <span class='ocr_line' id='line_1_100' title="bbox 535 5343 928 5410; baseline 0.018 -11"><span class='ocrx_word' id='word_1_789' title='bbox 535 5343 585 5375; x_wconf 84' lang='grc'><strong>⁸³</strong></span> <span class='ocrx_word' id='word_1_790' title='bbox 617 5345 726 5402; x_wconf 84' lang='lat' dir='ltr'><strong>Jac.</strong></span> <span class='ocrx_word' id='word_1_791' title='bbox 758 5365 810 5410; x_wconf 74' lang='grc' dir='ltr'><strong>ν,</strong></span> <span class='ocrx_word' id='word_1_792' title='bbox 838 5352 928 5406; x_wconf 74' lang='grc'>20.</span> 
     </span>
    </p>
   </div>
   <div class='ocr_carea' id='block_1_101' title="bbox 2144 4734 3707 4811">
    <p class='ocr_par' dir='ltr' id='par_1_101' title="bbox 2144 4734 3707 4811">
     <span class='ocr_line' id='line_1_101' title="bbox 2144 4734 3707 4811; baseline -0.006 -15"><span class='ocrx_word' id='word_1_793' title='bbox 2144 4760 2266 4796; x_wconf 85' lang='grc' dir='ltr'>σται</span> <span class='ocrx_word' id='word_1_794' title='bbox 2322 4740 2398 4811; x_wconf 80' lang='grc' dir='ltr'>τῷ</span> <span class='ocrx_word' id='word_1_795' title='bbox 2445 4740 2609 4810; x_wconf 74' lang='grc' dir='ltr'>ἐλαίῳ</span> <span class='ocrx_word' id='word_1_796' title='bbox 2662 4740 2761 4809; x_wconf 82' lang='grc' dir='ltr'>τῆς</span> <span class='ocrx_word' id='word_1_797' title='bbox 2812 4738 3205 4806; x_wconf 81' lang='grc' dir='ltr'>ἀγαλλιάσεως,</span> <span class='ocrx_word' id='word_1_798' title='bbox 3259 4738 3379 4805; x_wconf 74' lang='grc' dir='ltr'>ἦτοι</span> <span class='ocrx_word' id='word_1_799' title='bbox 3433 4736 3516 4805; x_wconf 83' lang='grc' dir='ltr'>τῷ</span> <span class='ocrx_word' id='word_1_800' title='bbox 3574 4734 3707 4802; x_wconf 81' lang='grc' dir='ltr'>ἁγίῳ</span> 
     </span>
    </p>
   </div>
   <div class='ocr_carea' id='block_1_102' title="bbox 2145 4822 3706 4902">
    <p class='ocr_par' dir='ltr' id='par_1_102' title="bbox 2145 4822 3706 4902">
     <span class='ocr_line' id='line_1_102' title="bbox 2145 4822 3706 4902; baseline -0.009 -16"><span class='ocrx_word' id='word_1_801' title='bbox 2145 4832 2418 4902; x_wconf 81' lang='grc' dir='ltr'>Πνεύματι</span> <span class='ocrx_word' id='word_1_802' title='bbox 2466 4831 2618 4902; x_wconf 74' lang='grc' dir='ltr'>παρὰ</span> <span class='ocrx_word' id='word_1_803' title='bbox 2662 4827 2758 4882; x_wconf 80' lang='grc' dir='ltr'>τοῦ</span> <span class='ocrx_word' id='word_1_804' title='bbox 2808 4826 2943 4880; x_wconf 78' lang='grc' dir='ltr'>Θεοῦ</span> <span class='ocrx_word' id='word_1_805' title='bbox 3007 4827 3102 4879; x_wconf 76' lang='grc' dir='ltr'><strong>καὶ</strong></span> <span class='ocrx_word' id='word_1_806' title='bbox 3148 4824 3393 4895; x_wconf 71' lang='grc' dir='ltr'>Πατρὸς,</span> <span class='ocrx_word' id='word_1_807' title='bbox 3450 4822 3706 4892; x_wconf 73' lang='grc' dir='ltr'>ταύτητοι</span> 
     </span>
    </p>
   </div>
   <div class='ocr_carea' id='block_1_103' title="bbox 2146 4914 3707 4994">
    <p class='ocr_par' dir='ltr' id='par_1_103' title="bbox 2146 4914 3707 4994">
     <span class='ocr_line' id='line_1_103' title="bbox 2146 4914 3707 4994; baseline -0.004 -19"><span class='ocrx_word' id='word_1_808' title='bbox 2146 4917 2377 4994; x_wconf 74' lang='grc' dir='ltr'>Χριστὸς</span> <span class='ocrx_word' id='word_1_809' title='bbox 2411 4922 2752 4991; x_wconf 76' lang='grc' dir='ltr'>ὀνομάζεται.</span> <span class='ocrx_word' id='word_1_810' title='bbox 2781 4920 2906 4972; x_wconf 82' lang='grc' dir='ltr'><strong>Ὅτι</strong></span> <span class='ocrx_word' id='word_1_811' title='bbox 2951 4918 3006 4973; x_wconf 77' lang='grc' dir='ltr'><strong>δὲ</strong></span> <span class='ocrx_word' id='word_1_812' title='bbox 3042 4918 3173 4989; x_wconf 77' lang='grc' dir='ltr'>περὶ</span> <span class='ocrx_word' id='word_1_813' title='bbox 3202 4918 3264 4970; x_wconf 72' lang='grc' dir='ltr'>τὸ</span> <span class='ocrx_word' id='word_1_814' title='bbox 3299 4914 3644 4985; x_wconf 79' lang='grc' dir='ltr'>ἀνθρώπινον</span> <span class='ocrx_word' id='word_1_815' title='bbox 3677 4914 3707 4980; x_wconf 77' lang='grc' dir='ltr'><strong>ἠ</strong></span> 
     </span>
    </p>
   </div>
   <div class='ocr_carea' id='block_1_104' title="bbox 2146 5005 3707 5084">
    <p class='ocr_par' dir='ltr' id='par_1_104' title="bbox 2146 5005 3707 5084">
     <span class='ocr_line' id='line_1_104' title="bbox 2146 5005 3707 5084; baseline -0.006 -17"><span class='ocrx_word' id='word_1_816' title='bbox 2146 5014 2346 5084; x_wconf 86' lang='grc' dir='ltr'>χρίσις,</span> <span class='ocrx_word' id='word_1_817' title='bbox 2376 5013 2476 5066; x_wconf 79' lang='grc' dir='ltr'><strong>οὐκ</strong></span> <span class='ocrx_word' id='word_1_818' title='bbox 2504 5012 2570 5067; x_wconf 76' lang='grc' dir='ltr'>ἂν</span> <span class='ocrx_word' id='word_1_819' title='bbox 2602 5010 2892 5065; x_wconf 79' lang='grc' dir='ltr'>ὲνδοιάσειέ</span> <span class='ocrx_word' id='word_1_820' title='bbox 2926 5027 3007 5072; x_wconf 88' lang='grc' dir='ltr'><strong>τις</strong></span> <span class='ocrx_word' id='word_1_821' title='bbox 3039 5008 3151 5061; x_wconf 81' lang='grc' dir='ltr'>τῶν</span> <span class='ocrx_word' id='word_1_822' title='bbox 3182 5007 3317 5077; x_wconf 79' lang='grc' dir='ltr'>ὀρθὰ</span> <span class='ocrx_word' id='word_1_823' title='bbox 3341 5008 3563 5076; x_wconf 86' lang='grc' dir='ltr'>φρονεῖν</span> <span class='ocrx_word' id='word_1_824' title='bbox 3590 5005 3707 5058; x_wconf 71' lang='lat' dir='ltr'><strong>sita-</strong></span> 
     </span>
    </p>
   </div>
   <div class='ocr_carea' id='block_1_105' title="bbox 2148 5089 3714 5174">
    <p class='ocr_par' dir='ltr' id='par_1_105' title="bbox 2148 5089 3714 5174">
     <span class='ocr_line' id='line_1_105' title="bbox 2148 5089 3714 5174; baseline -0.01 -17"><span class='ocrx_word' id='word_1_825' title='bbox 2148 5104 2351 5157; x_wconf 74' lang='grc' dir='ltr'>θότωνο</span> <span class='ocrx_word' id='word_1_826' title='bbox 2396 5105 2484 5157; x_wconf 76' lang='grc' dir='ltr'>εἰει</span> <span class='ocrx_word' id='word_1_827' title='bbox 2531 5103 2629 5173; x_wconf 85' lang='grc' dir='ltr'>μὲν</span> <span class='ocrx_word' id='word_1_828' title='bbox 2661 5102 2767 5174; x_wconf 77' lang='grc' dir='ltr'>γὰρ</span> <span class='ocrx_word' id='word_1_829' title='bbox 2811 5101 2942 5164; x_wconf 83' lang='grc' dir='ltr'>Θεός</span> <span class='ocrx_word' id='word_1_830' title='bbox 2991 5103 3107 5153; x_wconf 75' lang='grc' dir='ltr'>ἐστι</span> <span class='ocrx_word' id='word_1_831' title='bbox 3151 5098 3245 5152; x_wconf 74' lang='grc' dir='ltr'><strong>καὶ</strong></span> <span class='ocrx_word' id='word_1_832' title='bbox 3284 5097 3477 5163; x_wconf 82' lang='grc' dir='ltr'>Λόγος,</span> <span class='ocrx_word' id='word_1_833' title='bbox 3517 5094 3621 5147; x_wconf 75' lang='grc' dir='ltr'><strong>οὐκ</strong></span> <span class='ocrx_word' id='word_1_834' title='bbox 3651 5089 3714 5143; x_wconf 72' lang='grc' dir='ltr'>ἂν</span> 
     </span>
    </p>
   </div>
   <div class='ocr_carea' id='block_1_106' title="bbox 2146 5183 3710 5268">
    <p class='ocr_par' dir='ltr' id='par_1_106' title="bbox 2146 5183 3710 5268">
     <span class='ocr_line' id='line_1_106' title="bbox 2146 5183 3710 5268; baseline -0.01 -19"><span class='ocrx_word' id='word_1_835' title='bbox 2146 5195 2338 5268; x_wconf 77' lang='grc' dir='ltr'>ἐδεήθη</span> <span class='ocrx_word' id='word_1_836' title='bbox 2374 5194 2609 5268; x_wconf 81' lang='grc' dir='ltr'>κρίσεως</span> <span class='ocrx_word' id='word_1_837' title='bbox 2639 5211 2651 5222; x_wconf 65' lang='grc'><strong><em>³</em></strong></span> <span class='ocrx_word' id='word_1_838' title='bbox 2687 5195 2746 5247; x_wconf 79' lang='grc' dir='ltr'>οὐ</span> <span class='ocrx_word' id='word_1_839' title='bbox 2780 5193 2887 5265; x_wconf 79' lang='grc' dir='ltr'>γάρ</span> <span class='ocrx_word' id='word_1_840' title='bbox 2916 5208 3018 5245; x_wconf 88' lang='grc' dir='ltr'><strong>που</strong></span> <span class='ocrx_word' id='word_1_841' title='bbox 3048 5191 3181 5263; x_wconf 76' lang='grc' dir='ltr'>φαίη</span> <span class='ocrx_word' id='word_1_842' title='bbox 3217 5208 3298 5253; x_wconf 82' lang='grc' dir='ltr'><strong>τις</strong></span> <span class='ocrx_word' id='word_1_843' title='bbox 3330 5188 3396 5243; x_wconf 81' lang='grc' dir='ltr'>ἂν</span> <span class='ocrx_word' id='word_1_844' title='bbox 3429 5183 3710 5257; x_wconf 71' lang='grc' dir='ltr'>κεχρίσθαι</span> 
     </span>
    </p>
   </div>
   <div class='ocr_carea' id='block_1_107' title="bbox 1526 5503 2603 5573">
    <p class='ocr_par' dir='ltr' id='par_1_107' title="bbox 1526 5503 2603 5573">
     <span class='ocr_line' id='line_1_107' title="bbox 1526 5503 2603 5573; baseline 0.001 -14"><span class='ocrx_word' id='word_1_845' title='bbox 1526 5506 1702 5561; x_wconf 80' lang='lat' dir='ltr'><strong>Varia:</strong></span> <span class='ocrx_word' id='word_1_846' title='bbox 1726 5505 1984 5561; x_wconf 91' lang='lat' dir='ltr'><strong>lectiones</strong></span> <span class='ocrx_word' id='word_1_847' title='bbox 2013 5504 2219 5560; x_wconf 84' lang='lat' dir='ltr'><strong>codicis</strong></span> <span class='ocrx_word' id='word_1_848' title='bbox 2246 5503 2603 5573; x_wconf 82' lang='lat' dir='ltr'><strong>Seguieriani.</strong></span> 
     </span>
    </p>
   </div>
   <div class='ocr_carea' id='block_1_108' title="bbox 541 5635 2475 5718">
    <p class='ocr_par' dir='ltr' id='par_1_108' title="bbox 541 5635 2475 5718">
     <span class='ocr_line' id='line_1_108' title="bbox 541 5635 2475 5718; baseline 0.005 -31"><span class='ocrx_word' id='word_1_849' title='bbox 541 5642 570 5672; x_wconf 73' lang='grc' dir='ltr'><strong><em>κ</em></strong></span> <span class='ocrx_word' id='word_1_850' title='bbox 600 5635 800 5705; x_wconf 74' lang='grc' dir='ltr'>ἀμφοῖν</span> <span class='ocrx_word' id='word_1_851' title='bbox 828 5637 901 5700; x_wconf 82' lang='grc' dir='ltr'>ὡς</span> <span class='ocrx_word' id='word_1_852' title='bbox 924 5638 1024 5691; x_wconf 74' lang='grc' dir='ltr'>ἑνί.</span> <span class='ocrx_word' id='word_1_853' title='bbox 1102 5649 1129 5689; x_wconf 69' lang='grc'><em>1</em></span> <span class='ocrx_word' id='word_1_854' title='bbox 1166 5641 1578 5703; x_wconf 79' lang='grc' dir='ltr'>συνεισδέοντος.</span> <span class='ocrx_word' id='word_1_855' title='bbox 1657 5652 1678 5679; x_wconf 78' lang='grc' dir='ltr'><strong><em>ι</em></strong></span> <span class='ocrx_word' id='word_1_856' title='bbox 1705 5642 2036 5711; x_wconf 82' lang='grc' dir='ltr'>γεννηθέντι.</span> <span class='ocrx_word' id='word_1_857' title='bbox 2115 5656 2142 5685; x_wconf 74' lang='grc' dir='ltr'>ι</span> <span class='ocrx_word' id='word_1_858' title='bbox 2172 5644 2338 5709; x_wconf 77' lang='grc' dir='ltr'>ἴσως,</span> <span class='ocrx_word' id='word_1_859' title='bbox 2474 5684 2475 5687; x_wconf 59' lang='grc' dir='ltr'><strong>η</strong></span> 
     </span>
    </p>
   </div>
  </div>
