3910 6200
284 309 401 363 1221

1370 308 1460 363 DE
1501 309 1733 367 RECTA
1772 311 1931 370 FIDE
1969 311 2060 366 AD
2100 312 2414 370 ιιΕαιΝΑδ.

3359 319 3498 373 ηὲὶ

284 424 363 478 καὶ
388 420 643 493 ἡγιάσθαι
672 422 761 477 τὸν
802 425 867 478 ὲκ
899 423 1033 478 Θεοῦ
1062 424 1235 492 Λόγον
1274 425 1352 499 τῷ
1388 427 1503 500 ἰδίῳ
1532 429 1823 500 Πνεύματι,

1936 442 2043 504 get.
2072 431 2182 489 Nec
2209 433 2348 488 ullus
2388 446 2621 503 unquam
2653 434 2836 489 docuit
2863 433 2958 490 Dei
3005 433 3237 490 Verbum
3290 434 3497 507 Spiritu

280 520 343 578 ὡς
382 514 554 586 ἑτέρῳ
593 516 721 585 παρ’
757 515 919 569 αὐτὸν
958 516 1058 587 τὴν
1098 516 1259 586 φύσιν
1314 520 1695 593 ὐπερκειμένῳ
1732 522 1827 576 καὶ

282 602 569 675 προῦχοντι.
603 625 621 658 ι
648 608 829 677 Χωρὶς
860 607 968 678 γὰρ
999 610 1180 680 πάσης
1201 611 1507 681 ἀντιλογίας
1529 614 1588 667 τὸ
1612 614 1827 668 ἔλαττον

283 695 372 747 ὑπὸ
393 693 484 747 τοῦ
508 696 815 767 κρείττονος
841 699 1162 767 εὐλογεῖται.
1186 720 1205 754 ι
1253 703 1472 774 Ἐπειδὴ
1499 705 1554 758 δὲ
1583 708 1697 769 τοῖς
1726 707 1827 775 τῆς

279 784 677 858 ἀνθρωπότητος
706 788 925 860 μέτροις
944 790 1007 844 τὸ
1023 791 1345 860 ἁγιάζεσθαί
1369 813 1430 848 τε
1457 796 1552 851 καὶ
1576 797 1826 868 χρίεσθαι

278 876 481 946 πρέπει,
516 878 665 932 πᾶσά
695 895 807 943 πως
834 880 1046 953 ἀνάγκη
1079 883 1314 954 Χριστὸν
1347 885 1708 955 ὀνομάζεσθαι
1733 887 1825 942 τὸν

277 966 331 1019 ὲκ
359 965 491 1019 Θεοῦ
539 966 749 1037 Λόγον,
793 970 892 1041 οὐχ
933 972 1021 1024 ὅτε
1053 974 1260 1044 γυμνὸς
1291 972 1358 1046 ἢν
1401 975 1482 1029 ἔτι
1527 978 1622 1031 καὶ
1671 974 1825 1033 οὔπω

277 1060 699 1132 σεσαρκωμένος,
747 1062 865 1116 ἀλλ’
907 1063 997 1119 ὅτε
1034 1066 1273 1136 γεγονὼς
1306 1068 1428 1123 καθ’
1465 1071 1634 1140 ἡμᾶς,
1662 1086 1821 1126 τουτ-

275 1154 406 1208 έστιν
432 1154 734 1225 ἄνθρωπος,
770 1157 993 1230 ὲχρίσθη
1021 1159 1163 1214 κατὰ
1190 1160 1252 1213 τὸ
1274 1160 1631 1232 ἀνθρώπινον.
1660 1163 1820 1216 ’Ὥστε

273 1243 324 1296 τὸ
364 1244 613 1313 Χριστὸς
648 1245 817 1315 ὄνομα
863 1249 1062 1320 πρέποι
1103 1248 1170 1303 ἂν
1213 1250 1335 1304 κατ’
1384 1252 1577 1307 οὐδένα
1620 1253 1820 1323 τρόπον

262 1333 408 1387 ηούτιω
445 1334 567 1388 καθ’
594 1337 741 1406 ἡμᾶς
769 1339 1015 1407 γεγονότι
1048 1339 1126 1411 τῷ
1161 1341 1225 1393 ὲκ
1251 1340 1386 1394 Θεοῦ
1418 1343 1629 1415 Πατρός
1660 1343 1821 1411 φύντι

271 1426 435 1496 Λόγῳ.
486 1428 549 1480 Εί
576 1427 632 1480 δὲ
657 1428 975 1499 ὁνομάζοιτό
1017 1448 1121 1485 που
1148 1434 1386 1504 Χριστὸς
1407 1473 1422 1496 ,
1470 1435 1822 1507 ὲνανθρωπή-

271 1515 428 1568 σαντά
456 1532 545 1585 μοι
575 1517 786 1587 νοήσεις
816 1519 1008 1573 αὐτόν’
1056 1520 1159 1574 κᾶν
1210 1522 1381 1591 Λόγον
1415 1524 1686 1597 ἀκούσῃς,
1725 1542 1823 1577 πε-

271 1606 579 1678 πραγμένης
617 1608 715 1678 ἤδη
745 1609 841 1679 τῆς
879 1611 1364 1684 ὲνανθρωπήσεως,
1397 1614 1496 1683 τῆς
1528 1614 1823 1683 ὲνωθείσης

266 1702 403 1772 αὐτῷ
432 1705 506 1773 μὴ
545 1705 941 1777 ἀμνημονήσῃς
979 1708 1201 1779 σαρκός.
1220 1709 1348 1764 ’Δνὰ
1378 1711 1541 1779 μέρος
1564 1710 1622 1763 δὲ
1646 1709 1819 1780 τούτῳ

1932 540 2030 580 suo
2064 526 2340 580 inunctum
2367 534 2457 579 aut
2480 524 2870 580 sanctiﬁcatum
2896 540 3037 595 esse,
3064 527 3217 596 quasi
3238 528 3283 582 is
3299 544 3499 583 secun-

1933 616 2056 669 dum
2087 618 2424 670 naturamab
2455 615 2546 671 illo
2571 617 2642 671 sit
2661 616 2929 683 diversus,
2963 617 3209 687 superior
3235 627 3290 672 et
3317 604 3502 674 excelJ

1931 706 2146 762 lentior.
2183 726 2201 759 ‹
2248 706 2422 762 Minus
2456 722 2690 777 namque
2724 709 2843 763 sine
2869 709 2973 762 ulla
3003 711 3435 766 contradictione
3465 728 3497 764 ιι

1931 796 2142 852 meliori
2179 811 2393 866 semper
2414 796 2751 852 benedieitur
2772 798 2838 851 “.
2875 815 2893 849 ι
2930 798 3064 864 Quia
3099 813 3229 869 ergo
3257 801 3500 855 sanctiﬁ-

1929 888 2075 944 catio
2129 898 2183 944 et
2223 889 2467 944 inunctio
2523 889 2773 943 humana:
2815 897 3027 944 natura;
3055 890 3345 945 humilitati
3372 906 3499 946 con-

1931 986 2155 1049 gruunt,
2193 979 2254 1033 lit
2278 979 2588 1034 necessario
2606 977 2773 1033 utDei
2804 977 3036 1034 Verbum
3067 995 3173 1034 non
3204 990 3313 1035 tum
3338 981 3499 1036 Chri-

1930 1070 2001 1125 sti
2022 1071 2239 1125 nomine
2261 1069 2518 1124 donatum
2546 1070 2638 1134 sit,
2667 1085 2790 1124 cum
2817 1069 3114 1126 etiamnum
3146 1071 3370 1136 nudum,
3397 1072 3500 1126 hoc

1928 1168 2035 1225 est,
2066 1160 2301 1214 nondum
2359 1160 2697 1215 incarnatum
2738 1169 2903 1225 esset,
2940 1161 3037 1215 sed
3094 1170 3222 1216 tunc
3257 1161 3496 1225 demum,

1928 1263 2050 1304 cum
2071 1264 2219 1315 more
2253 1260 2437 1305 nostro
2482 1248 2683 1304 factum
2714 1251 2894 1314 homo,
2921 1252 3216 1306 secundum
3249 1258 3496 1305 naturam

1928 1341 2220 1396 humanam
2264 1342 2538 1398 inunctum
2592 1351 2677 1396 est
2711 1359 2723 1395 :
2759 1342 3117 1408 Quamobrem
3162 1357 3360 1398 nomen
3398 1344 3500 1397 hoc

1928 1432 2189 1499 Christus,
2213 1434 2354 1489 nulla
2418 1435 2626 1489 ratione
2655 1435 2804 1505 prius
2836 1435 2888 1489 in
2925 1435 3017 1489 Dei
3053 1435 3231 1490 Patris
3268 1433 3495 1491 Verbum

1926 1525 2298 1589 conveniebat,
2336 1541 2494 1594 quam
2530 1526 2765 1579 humano
2794 1540 2942 1579 more
2967 1534 3129 1593 atque
3158 1525 3316 1580 modo
3347 1526 3498 1592 geni-

1929 1624 2039 1668 tum
2066 1624 2231 1669 esset.
2264 1615 2414 1680 Quod
2439 1616 2484 1669 si
2521 1615 2765 1669 absolute
2805 1615 2998 1669 alicubi
3041 1615 3291 1669 Christus
3324 1616 3497 1669 nomi-

1929 1718 2107 1773 natur,
2127 1722 2250 1762 mox
2270 1706 2396 1760 illud
2414 1707 2751 1761 inearnatum
2771 1705 3040 1775 intelligas
3064 1722 3079 1762 :
3103 1717 3155 1760 et
3180 1708 3228 1761 si
3260 1705 3495 1762 Verbum

268 1793 493 1863 κάκείνῳ
523 1794 755 1864 πρέπειν
782 1796 990 1852 οἴεσθαι
1017 1802 1119 1869 τὴν
1150 1800 1351 1871 φωνὴν,
1397 1802 1654 1854 ἀσύνετον
1684 1819 1821 1856 παν-

1936 1794 2114 1849 audias
2139 1805 2353 1864 peracta
2384 1794 2493 1864 jam
2525 1794 2919 1858 incarnatione.
2950 1796 3113 1850 unitas
3170 1796 3267 1864 ipsi
3314 1798 3498 1851 carnis

267 1883 445 1952 τελῶς,
485 1884 682 1957 μᾶλλον
709 1887 776 1960 δὴ
795 1888 822 1928 b
850 1889 947 1942 καὶ
968 1890 1181 1943 ἀνόσιον
1211 1890 1243 1961 ἢ
1270 1893 1504 1961 φρονεῖν,
1554 1892 1588 1961 ἢ
1620 1891 1820 1960 λέγειν.

268 1972 356 2041 Εἷς
383 1977 492 2048 γὰρ
514 1977 724 2049 Κύριος
764 1977 967 2047 Ἰησοῦς
989 1980 1243 2049 Χριστὸς,
1268 1981 1362 2033 καὶ
1384 1981 1445 2033 οὐ
1473 1981 1819 2051 μεμέρισται,

264 2066 401 2121 καθὰ
429 2070 521 2120 καὶ
544 2067 705 2130 αὐτὸς
735 2068 762 2121 6
787 2067 1096 2136 σοφώτατος
1126 2069 1400 2137 Παῦλος,ό
1429 2071 1663 2141 Χριστὸν
1687 2072 1823 2141 ἔχων

264 2158 318 2210 ἐν
342 2156 539 2227 ἑαυτῷ,
564 2157 625 2231 τὸ
663 2157 808 2212 Θεῖον
841 2159 990 2230 αὐτῷ
1017 2160 1281 2214 λαλοῦντα
1311 2162 1628 2233 μυστήριον.
1650 2164 1825 2233 Προσ-

273 2247 520 2301 6αλοῦσαι
551 2249 607 2301 δὲ
633 2253 742 2310 τοῖς
779 2248 971 2319 ἐφεξῆς
1002 2251 1314 2319 κεφαλαίοις
1338 2291 1353 2315 ,
1386 2252 1519 2321 εὐθῆ
1571 2252 1665 2306 καὶ
1714 2254 1824 2305 ἀπ-

262 2338 544 2407 εξεσμένον
590 2340 666 2401 εἰς
713 2338 968 2409 ἀλήθειαν
1025 2342 1116 2394 τὸν
1157 2343 1289 2411 ὲμὸν
1339 2343 1600 2414 εὑρήσετε
1644 2344 1819 2410 λόγον.

257 2427 843 2499 Προδιαμαρτύρασθαι
884 2428 938 2482 δὲ
966 2423 1120 2500 οἶμαι
1162 2432 1381 2483 κάκεῖνο
1410 2431 1571 2484 καλόν
1592 2447 1606 2462 σ
1637 2429 1823 2500 ὥσπερ

261 2519 369 2588 γάρ
398 2519 546 2571 ἐστιν
577 2521 634 2571 ἐν
666 2518 877 2589 θεότητι
899 2521 1103 2585 τέλειος
1136 2524 1164 2575 6
1208 2522 1271 2574 ὲκ
1298 2521 1431 2575 Θεοῦ
1472 2522 1681 2592 Πατρὸς
1717 2521 1824 2573 Λό-

259 2625 372 2677 γος,
401 2609 544 2663 οὕτω
573 2611 666 2662 καὶ
696 2612 754 2663 ὲν
780 2611 1157 2683 ἁνθρωπότητι
1187 2612 1391 2676 τέλειος
1411 2652 1425 2676 ,
1461 2613 1601 2665 κατά
1633 2629 1696 2680 γε
1734 2611 1824 2664 τὸν

259 2702 354 2771 τῆς
385 2703 800 2774 ἀνθρωπότητος
830 2703 986 2772 λόγον
1006 2720 1019 2735 ·
1071 2705 1171 2757 οὐκ
1199 2705 1403 2775 ἄψυχον
1438 2705 1597 2775 σῶμα
1622 2702 1821 2764 λαϐὼν,

260 2793 606 2863 ἐψυχωμένον
626 2805 647 2834 ο
672 2794 729 2847 δὲ
767 2794 965 2864 μᾶλλον
993 2794 1138 2865 ψυχῇ
1169 2794 1382 2865 λογικῇ.
1400 2795 1456 2847 '0
1481 2794 1536 2847 δὲ
1562 2795 1693 2856 Θεὸς
1716 2793 1825 2847 τῶν

258 2884 414 2947 ὅλων,
438 2886 466 2936 6
492 2887 602 2949 τοῖς
630 2885 918 2954 ἀγαπῶσιν
943 2887 1104 2940 αὐτὸν
1124 2888 1194 2941 τὰ
1222 2888 1282 2951 ἐξ
1303 2886 1531 2959 οὐρανοῦ
1555 2887 1825 2956 διανέμων

258 2975 437 3043 ἀγαθὰ
459 3016 475 3034 .
507 2977 605 3040 τὰς
648 2977 798 3041 όσίας
826 2978 980 3049 ὑμῶν
1023 2979 1302 3050 ἐμπλῆσαι
1332 2978 1508 3049 ψυχὰς
1536 2980 1649 3040 τοῖς
1695 2979 1823 3048 παρ’

1928 1900 2031 1940 non
2057 1885 2412 1940 obliviscaris.
2449 1884 2620 1939 Porro
2650 1894 2827 1940 autem
2858 1885 3108 1940 arbitrari
3142 1901 3323 1941 vocem
3356 1887 3497 1942 hane

1925 1974 2163 2029 Christus
2188 1976 2412 2030 seorsim
2440 1975 2589 2042 huic,
2624 1983 2674 2030 et
2703 1975 2935 2030 seorsim
2976 1989 3159 2029 rursus
3190 1976 3263 2029 illi
3300 1991 3496 2030 come-

1926 2069 2063 2135 nire,
2098 2067 2263 2131 istud,
2308 2066 2548 2136 inquam,
2585 2067 2788 2121 sentire
2822 2066 2905 2121 vel
2948 2067 3093 2134 loqui
3143 2067 3364 2122 stultum
3410 2076 3496 2121 est

1924 2158 2165 2223 omnino,
2190 2158 2298 2212 imo
2346 2172 2474 2212 vero
2510 2158 2753 2226 impium,
2794 2169 2850 2213 et
2884 2160 3187 2227 profanum.
3239 2157 3385 2212 Unus
3410 2171 3495 2212 est

1924 2249 2066 2303 enim
2107 2248 2362 2303 Dominus
2407 2247 2567 2303 Jesus
2605 2248 2880 2313 Christus,
2930 2265 3035 2303 nun
3067 2250 3290 2313 divisus,
3322 2265 3496 2318 neque

1926 2341 2219 2404 dissectus;
2279 2341 2728 2406 quemadmodum
2787 2340 3220 2409 sapientissimus
3277 2339 3492 2403 Paulus,

1927 2430 2017 2498 qui
2054 2428 2331 2484 Christum
2364 2430 2414 2482 in
2462 2443 2521 2483 se
2559 2429 2800 2483 divinum
2838 2429 2938 2484 hoc
2971 2431 3284 2500 mysterium
3320 2432 3494 2486 reeiu-
3586 2460 3598 2469 -

1927 2520 2137 2573 dentem
2165 2519 2417 2581 habebat.
2463 2518 2751 2574 manifeste
2785 2520 2940 2575 docet
2959 2518 3028 2574 ⁸⁸.
3065 2520 3260 2576 Verum
3303 2521 3370 2575 ad
3401 2536 3491 2575 ea-

1926 2612 2035 2679 pita
2066 2610 2256 2665 ordine
2286 2609 2502 2676 bicjam
2530 2611 2813 2678 sequentia
2845 2612 3082 2665 animum
3118 2613 3489 2681 adjungentes,

1924 2697 2222 2751 orationem
2273 2711 2445 2750 meam
2496 2708 2696 2750 rectam
2747 2698 2940 2768 550i
2977 2699 3043 2754 ad
3078 2700 3323 2755 veritatis
3362 2716 3491 2754 nor-

1926 2804 2067 2842 mam
2125 2790 2585 2844 accommodatam
2640 2790 3007 2860 comperietis.
3059 2790 3492 2847 Consentaneum

1925 2891 2006 2935 est
2044 2890 2243 2945 autem,
2272 2882 2484 2951 Opinor,
2535 2892 2593 2936 ut
2626 2881 2754 2935 illud
2803 2896 3017 2951 quoque
3053 2884 3155 2938 hoc
3200 2882 3318 2939 loco
3370 2899 3496 2951 pro-

1928 2982 2129 3040 tester;
2181 2983 2307 3043 puta
2366 2973 2454 3028 Dei
2482 2973 2666 3028 Patris
2704 2972 2939 3029 Verbum
3000 2991 3153 3047 mque
3197 2977 3491 3046 perfectum

259 3064 450 3121 ἑαυτοῦ
484 3064 508 3102 ι¹
545 3066 907 3137 χαρίσμασιψ
959 3069 1046 3122 ἵνα
1099 3070 1192 3123 καὶ
1237 3069 1316 3132 είς
1370 3068 1566 3139 μέτρον
1610 3067 1823 3137 ἡλικίας

1936 3062 2151 3133 suisque
2182 3063 2420 3118 numeris
2460 3064 2765 3119 absolutum
2805 3078 2927 3118 esse
2970 3065 3024 3119 in
3056 3066 3415 3132 humanitate,
3440 3077 3496 3121 et

256 3156 643 3211 ἀναϐαίνουσαι
670 3156 765 3211 τοῦ
790 3158 1154 3230 πληρώματος
1198 3157 1291 3211 τοῦ
1333 3157 1593 3228 Χριστοῦ,
1625 3157 1823 3209 εὐκλεᾶ

1936 3153 2225 3209 secundum
2257 3155 2607 3211 humanitatis
2662 3155 2950 3220 rationem,
2986 3160 3148 3226 atque
3198 3157 3493 3241 perfectum

256 3245 354 3299 καὶ
405 3246 687 3317 εὐδόκιμον
745 3247 842 3319 τὴν
905 3247 1234 3316 ὰξιάγαστον
1292 3248 1448 3319 ὐμῶν
1507 3249 1822 3320 ἀποφήνητε

252 3335 425 3406 ζωὴν,
455 3336 606 3405 ἁγίαι
635 3337 841 3408 νύμφαι
870 3338 1128 3409 Χριστοῦ.

1928 3254 2012 3300 est
2040 3246 2092 3298 in
2129 3244 2431 3300 divinitate.
2465 3246 2600 3301 Tum
2637 3259 2833 3315 corpus
2870 3261 3084 3315 quoque
3110 3247 3253 3316 quod
3276 3263 3496 3303 assum-

1928 3338 2035 3407 psit
2066 3349 2171 3390 non
2209 3335 2505 3391 inanimum
2523 3351 2663 3403 esse,
2695 3338 2788 3393 sed
2813 3337 2989 3390 anima
3013 3338 3348 3410 intelligente
3375 3354 3498 3409 per-

255 3425 455 3481 fectum
484 3437 540 3483 et
577 3430 941 3484 informatum.
1008 3429 1390 3506 Universarum
1449 3446 1628 3487 rerum
1672 3430 1849 3500 opifex
1930 3436 2226 3497 auctorque
2271 3428 2411 3483 Deus
2465 3427 2703 3499 (sanctae
2760 3431 2960 3486 Christi
3014 3433 3260 3501 sponsae)
3309 3431 3402 3501 qui
3436 3445 3496 3484 se

255 3521 603 3595 diligentibus
619 3521 861 3577 coelestia
890 3522 1372 3592 bonaimpertitur,
1433 3524 1615 3580 beatas
1638 3526 1848 3578 animas
1890 3529 2099 3576 vestras
2127 3522 2245 3576 suis
2278 3520 2434 3576 donis
2472 3520 2713 3590 impleat.
2780 3538 2886 3591 quo
2936 3523 2989 3577 in
3031 3536 3336 3577 mensuram
3364 3535 3496 3578 teta-

232 3612 328 3667 ‘tis
375 3613 722 3683 plenitudinis
806 3612 1006 3667 Christi
1067 3623 1473 3682 consurgentes,
1532 3616 1699 3668 vitam
1748 3612 2040 3684 gloriosam
2102 3611 2523 3681 prohatamque,
2579 3620 2633 3667 et
2693 3612 2837 3667 omni
2877 3612 3234 3667 admiratione
3279 3612 3494 3682 dignam

253 3705 595 3775 transigatis.
717 3762 728 3772 ,

427 3837 611 3892 ΤΛΔΕ
649 3837 973 3890 ΕΝΕΣΤῙΝ
1004 3836 1106 3890 ΕΝ
1145 3838 1307 3891 ΤΟΙΣ
1344 3834 1654 3890 ΕΦΕΞΗΣ.

330 3972 455 4026 Ὅτι
495 3949 634 4034 ’Θεὸς
683 3973 711 4024 6
759 3970 1015 4042 Χριστὸς,
1050 3968 1240 4023 ὲνώσει
1289 3972 1356 4040 τῇ
1389 3968 1526 4039 πρὸς
1562 3969 1652 4021 τὸν
1688 3968 1820 4020 Θεὸν

249 4063 430 4130 Λόγον
453 4063 532 4125 είς
552 4060 651 4131 τὴν
669 4060 832 4114 αὐτοῦ
848 4060 1004 4127 δόξαν
1024 4060 1402 4122 ἀναϐαίνοντος
1422 4060 1516 4112 καὶ
1537 4056 1630 4111 τοῦ
1655 4072 1824 4129 προσ-

248 4150 553 4222 ληφθέντος
579 4148 731 4216 ναοῦ,
757 4152 819 4203 ὲκ
841 4149 950 4202 τῶν
975 4147 1364 4202 ἀπστολικῶν.

342 4242 438 4294 Ἐκ
472 4239 577 4294 τῶν
614 4239 912 4295 καθολικῶν
949 4238 1185 4309 ὲκλογὴθ
1227 4239 1303 4300 εἰς
1340 4237 1402 4291 τὸ
1436 4236 1586 4290 αὐτό.

338 4334 437 4387 Ἐκ
472 4333 579 4386 τῶν
616 4332 982 4401 εὐαγγελικῶν
1019 4329 1215 4401 ἐκλογὴ
1236 4328 1256 4367 ί
1298 4331 1378 4392 εἰς
1413 4326 1472 4381 τὸ
1506 4327 1654 4381 αὐτό.

330 4425 455 4478 Ὅτι
482 4423 595 4494 ζωὴ
630 4425 722 4478 καὶ
752 4422 1011 4486 ζωοποιὺς
1041 4424 1071 4476 6
1096 4419 1347 4491 Χριστός,
1379 4420 1443 4472 ἐκ
1487 4417 1595 4471 τῶν
1636 4415 1825 4487 κειμέ-

1931 3835 2105 3891 H/EC
2159 3837 2447 3891 INSUNT
2498 3838 2587 3893 ΙΝ
2638 3838 2743 3893 IIS
2795 3838 2968 3904 ρϋίΕ
3019 3839 3492 3906 SEQUUNTUR.

1999 3968 2150 4034 Quod
2193 3967 2441 4022 Christus
2475 3969 2542 4021 sit
2573 3969 2734 4029 Deus.
2782 3968 2977 4022 unione
3042 3971 3106 4022 ad
3153 3971 3318 4022 Deum
3373 3969 3497 4023 Ver-

1935 4061 2060 4112 hunt
2106 4059 2433 4113 ascendente
2478 4059 2542 4111 ad
2592 4058 2709 4126 ejus
2754 4056 2976 4126 gloriam
3032 4061 3229 4126 templo
3278 4074 3494 4128 quoque

1931 4157 2227 4217 assumpto,
2264 4164 2329 4201 ex
2362 4147 2697 4215 apostolicis.

2003 4241 2080 4295 Ex
2113 4241 2397 4294 catholicis
2439 4241 2723 4296 sententiae
2752 4242 2804 4295 in
2838 4242 3000 4296 idem.

1860 4360 1902 4412 ι)
2012 4333 2089 4387 Ex
2120 4331 2449 4401 evangelims
2476 4333 2758 4388 sementim
2798 4332 2849 4383 in
2875 4335 3036 4388 idem.

1999 4420 2149 4488 Quod
2180 4419 2432 4474 Christus
2465 4419 2536 4475 sit
2572 4421 2705 4487 vita,
2739 4430 2793 4476 et
2822 4424 3147 4482 viviﬁcator.
3179 4432 3495 4491 argumenta

178 4557 189 4571 .
249 4536 368 4571 νων
400 4517 551 4587 παρὰ
579 4516 656 4586 τῷ
684 4515 968 4585 ἀποστόλῳ
1001 4512 1218 4583 Παύλῳ,
1250 4510 1344 4565 καὶ
1380 4512 1439 4563 ὲν
1467 4511 1578 4573 τοῖς
1605 4510 1823 4562 ἀποστο-

1936 4527 1991 4566 ex
2041 4510 2269 4581 apostoli
2306 4508 2455 4563 Pauli
2502 4509 2839 4580 aliorumque
2892 4513 3255 4581 apostolorum
3306 4512 3499 4565 litteris

248 4611 433 4673 λικοῖς
459 4609 711 4679 εὑρήσεις
732 4609 780 4660 ε.

329 4699 456 4751 ’Ότι
500 4699 580 4759 εἰς
625 4695 856 4765 Χριστὸν
907 4696 939 4764 ἡ
995 4693 1175 4755 πίστις
1216 4691 1290 4755 ὡς
1321 4694 1398 4755 εἰς
1426 4691 1577 4757 Θεὸν,
1614 4692 1680 4745 ἐκ
1721 4690 1830 4745 τῶν

247 4787 586 4852 καθολικῶν,
618 4788 709 4839 καὶ
735 4786 800 4838 ὲκ
828 4784 935 4839 τῶν
969 4785 1355 4853 εὐαγγελικῶν.

332 4878 459 4931 ’Ὁτι
502 4876 617 4948 ζωὴ
657 4876 753 4929 καὶ
788 4875 1092 4946 ἱλαστήριον
1122 4877 1150 4928 6
1180 4873 1436 4942 Χριστὸς,
1470 4874 1691 4942 ἐκλογαὶ
1716 4872 1833 4927 διά-

244 4985 441 5040 φοροι.

325 5058 456 5112 ’Ὅτι
488 5059 517 5112 6
543 5055 778 5128 Χριστοῦ
823 5055 1048 5117 Θάνατος
1094 5052 1173 5123 τῷ
1215 5052 1405 5123 κόσμῳ
1452 5055 1735 5125 σωτήριος,
1769 5055 1833 5108 ἐκ

238 5150 369 5203 τῶν
403 5147 774 5203 ἀποπολικῶν
804 5146 896 5199 καὶ
925 5140 1293 5213 εὐαγγελικῶν
1322 5142 1562 5210 ἐκλογαί.

325 5321 380 5354 ⁸⁵
410 5320 574 5378 Hebr.
610 5337 711 5386 vn,
750 5320 803 5374 7.
880 5320 925 5352 ⁸⁸
956 5318 1123 5375 lCor.
1151 5315 1192 5382 Ι,
1226 5316 1261 5369 2
1289 5331 1442 5386 seqq.

1968 4603 2116 4656 rtita.

1968 4620 2116 4656 ruta.
2786 4632 2793 4635 ι

1932 4620 1963 4673 P
2001 4694 2153 4761 Quod
2197 4691 2329 4746 lldes
2363 4693 2432 4746 sit
2477 4693 2529 4746 in
2568 4691 2864 4753 Christum,
2912 4705 2967 4744 nt
3000 4694 3049 4745 in
3090 4678 3368 4754 Denmfex
3404 4705 3494 4745 ca-

1908 4770 2149 4836 itholicis
2181 4792 2235 4836 et
2262 4783 2612 4852 evangelieis.

2002 4872 2169 4943 Quod
2195 4873 2445 4925 Christus
2490 4874 2559 4925 sit
2589 4873 2693 4924 vita
2739 4883 2791 4924 et
2820 4871 3271 4940 pt'Opitiatoriutn,
3304 4872 3495 4941 expla-

1935 4962 2178 5016 nationes
2209 4962 2392 5015 variae.

2004 5051 2156 5117 Quod
2190 5050 2393 5105 Christi
2420 5065 2566 5103 mors
2597 5050 2795 5105 mundo
2834 5050 3086 5104 salutaris
3116 5050 3405 5119 exstiterit,
3431 5066 3498 5106 ex

1939 5142 2253 5209 apostolicis
2283 5153 2339 5196 et
2370 5142 2695 5212 cVangelieis
2731 5142 3129 5200 annotationes.

1334 5468 1506 5523 Varia:
1530 5467 1788 5522 lectiones
1822 5466 2023 5521 codicis
2054 5466 2413 5533 Segnieriani.

332 5654 368 5698 II
399 5654 476 5712 δέ.
553 5663 578 5694 ο
619 5652 1031 5724 ἐμψυχωμένον.
1106 5651 1131 5691 ά
1169 5650 1363 5722 ἐαυτῷ.

1482 5660 1503 5687 ε
1538 5644 1776 5714 ὲκλογαί.
1860 5646 1877 5685 ί
1912 5646 2153 5715 ὲκλογαί.
2233 5648 2258 5686 Β
2280 5646 2365 5702 ἵσ.
2397 5647 2667 5719 εὑρέσεις.
