3910 6200
417 300 439 353 1
450 299 556 355 225

1409 294 1468 350 S.
1507 293 1786 352 CYRILLI
1823 290 2288 348 ALEXANDRINI
2327 290 2649 347 AltCHlEP.

3504 289 3647 346 122i

414 413 565 480 Quod
620 410 858 467 Christus
917 411 984 465 sit
1036 409 1196 474 Deus,
1239 425 1331 480 per
1376 409 1618 480 unionem
1677 409 1768 480 ad;
1800 406 1959 461 Deum

2080 407 2191 459 Ὀτι
2218 405 2400 480 ,ΘεὸςΔ
2430 408 2464 459 ό
2512 404 2786 480 Χριστὸς,
2819 404 3028 480 {tribuet
3058 405 3136 480 τῇ
3175 403 3329 480 πρὸς
3357 403 3463 458 τὸν
3485 405 3653 480 ΔΘεεὸις

491 481 713 535 Verbum
761 481 1066 534 ascendente
1107 482 1175 532 ad
1206 479 1323 548 ejus
1355 479 1579 546 gloriam
1611 478 1802 548 templo
1833 494 1966 546 quo-

478 567 576 620 que
603 559 894 618 assumpto.

821 658 906 713 Ex
938 658 1156 729 epistola
1189 659 1258 710 ad
1281 655 1564 712 Romanos.

485 793 504 826 ι
533 772 732 828 Paulus
770 785 956 828 servus
992 769 1116 826 Jesu
1151 769 1375 833 Christi,
1410 776 1632 823 vocatus
1673 764 1967 836 apostolus,

407 875 720 936 segregatus
755 865 806 918 in
842 862 1192 930 Evangelium
1227 859 1344 925 Dei,
1371 860 1514 928 quod
1545 869 1672 912 ante
1706 857 1968 926 promise-

408 969 492 1011 rat
527 971 621 1025 per
672 955 963 1024 prOphetas
1013 967 1143 1008 suos
1183 951 1237 1004 in
1287 949 1586 1018 Scripturis
1640 947 1865 1010 sanctis,
1900 948 1968 1002 de

406 1046 541 1101 Filio
572 1059 690 1109 suo,
721 1044 813 1112 qui
847 1044 1025 1098 lactus
1053 1051 1136 1096 est
1169 1041 1217 1095 ei
1245 1055 1311 1093 ex
1337 1039 1542 1093 semine
1574 1037 1738 1090 David
1770 1051 1966 1091 secun-

405 1137 532 1191 dum
573 1149 830 1200 carnem;
863 1132 953 1201 qui
993 1129 1416 1200 praedestinatus
1449 1136 1532 1182 est
1567 1125 1738 1180 Filius
1773 1125 1866 1178 Dei
1905 1123 1960 1177 in

404 1226 512 1297 56
555 1225 789 1288 virtute,
850 1219 1144 1276 secundum
1206 1218 1464 1287 Spiritum
1519 1213 1968 1270 sanctiﬁcationis

403 1332 470 1371 ex
519 1314 919 1370 resurrectione
966 1321 1302 1366 mortuorum
1351 1307 1478 1362 Jesu
1523 1305 1720 1360 Christi
1755 1302 1963 1358 Domini

405 1407 574 1463 nostri
607 1406 678 1461 ⁸⁸.
709 1424 728 1456 ι
761 1405 928 1474 Igitur
949 1401 994 1457 si
1019 1399 1331 1470 praedicatio
1353 1397 1419 1450 de
1441 1396 1656 1450 Christo
1681 1403 1761 1449 est
1792 1395 1967 1448 Evan-

402 1497 596 1566 gelium
627 1496 718 1549 Dei
743 1534 760 1560 ,
800 1493 1066 1562 quomodo
1092 1490 1343 1545 Christus
1376 1503 1481 1542 non
1512 1498 1595 1542 est
1624 1486 1797 1541 Deus?
1822 1485 1963 1538 Rur-

400 1598 520 1636 sum
569 1582 613 1636 si
665 1595 857 1635 omnes
905 1579 1124 1633 omnino
1173 1578 1447 1645 prophelm
1491 1577 1554 1628 ad
1595 1577 1767 1643 ipsum
1807 1573 1962 1643 quasi

401 1674 469 1727 ad
515 1686 737 1740 sc0pum
785 1670 1084 1733 collimant,
1119 1667 1420 1734 divinumque
1468 1666 1764 1734 Scriptura:
1811 1666 1958 1719 illum

2142 478 2332 542 Λόγον
2351 477 2438 540 εὶς
2469 475 2582 540 τὴν
2605 474 2789 527 αὐτοῦ
2821 475 3009 537 δόξαν·
3037 475 3512 540 draGalrortoch
3541 475 3648 528 καὶ

2141 545 2248 598 τοῦ
2273 544 2768 612 προσληφθέντος
2798 544 2970 598 ναοῦ.

2449 656 2551 709 Ἕκ
2587 654 2697 724 τῆς
2733 654 2883 722 πρὸς
2923 656 3256 724 Ῥωμαίους.

2149 769 2395 830 «Παῦλος
2421 770 2604 834 δοῦλος
2627 769 2800 840 Ἰησοῦ
2821 770 3076 840 Χριστοῦ,
3094 771 3290 840 κλητὸς
3316 775 3642 842 ἀπόστολος,

2069 862 2449 933 ἀφωρισμένος
2479 864 2559 924 εἰς
2588 861 2916 929 Εὑαγγὲλιον
2935 862 3090 928 Θεοῦ,
3117 863 3144 916 δ
3167 868 3649 934 προεπηγγείλατο

2069 952 2156 1006 διὰ
2193 953 2303 1005 τῶν
2347 952 2638 1022 προφητῶν
2676 951 2840 1004 αὑτοῦ
2889 953 2946 1004 ἐν
2993 952 3236 1022 Γραφαῖς
3265 955 3468 1024 ἀγίαις,
3508 959 3646 1026 περὶ

2068 1042 2162 1096 τοῦ
2193 1041 2320 1095 Υίοῦ
2350 1041 2536 1104 αὐτοῦ,
2571 1039 2664 1094 τοῦ
2699 1040 2994 1111 γενομένου
3025 1041 3089 1094 ἐκ
3121 1043 3428 1112 σπέρματος
3474 1044 3644 1098 Δαυῒδ

2069 1130 2209 1185 κατά
2241 1131 2452 1202 σάρκαο
2485 1129 2577 1184 τοῦ
2613 1129 2917 1198 ὁρισθέντος
2952 1130 3083 1184 Υίοῦ
3131 1132 3264 1185 Θεοῦ
3306 1136 3363 1186 ἐν
3404 1135 3641 1204 δυνάμει

2069 1221 2209 1276 κατά
2259 1223 2482 1291 Πνεῦμα
2531 1221 2859 1290 ἁγιωσύνης,
2906 1221 2966 1286 ἐξ
3013 1223 3353 1287 ἀναστάσεως
3398 1228 3638 1298 νεκρῶν,

2081 1312 2254 1382 Ἰησοῦ
2284 1310 2520 1382 Χριστοῦ
2566 1310 2658 1363 τοῦ
2709 1311 2910 1382 Κυρίου
2942 1311 3117 1381 ἡμῶν.
3151 1331 3170 1363 ι
3204 1313 3432 1386 Οὐκοῦν,
3471 1315 3638 1386 εἴπερ

2067 1401 2214 1454 ἐστὶν
2260 1401 2587 1468 Εὑαγγέλιον
2625 1399 2761 1452 Θεοῦ
2805 1401 2868 1452 τὸ
2908 1402 3036 1470 περὶ
3067 1383 3636 1474 Χριστοῦκήρυγμα,

2067 1491 2182 1554 πῶς
2211 1492 2271 1544 οὐ
2307 1491 2436 1554 Θεὸς
2467 1493 2496 1543 δ
2523 1491 2786 1560 Χριστός;
2821 1492 2931 1544 Καὶ
2973 1493 3020 1544 εί
3067 1494 3246 1560 πάσης
3297 1496 3639 1564 προφητείας

2067 1581 2152 1634 ἐπ’
2187 1581 2316 1634 αὐτὸ
2362 1579 2658 1650 βλεπούσης
2694 1580 2884 1650 πέρας,
2922 1580 3016 1633 καὶ
3058 1581 3187 1633 Υίὸν
3229 1581 3322 1634 τοῦ
3355 1581 3488 1635 Θεοῦ
3535 1601 3638 1652 κη-

2070 1669 2349 1740 ρύττουσιν
2391 1672 2446 1723 αἱ
2479 1669 2689 1740 Γραφαὶ
2716 1669 2806 1723 τὸν
2855 1669 2920 1723 ἐκ
2971 1670 3282 1740 σπέρματος
3307 1671 3488 1734 Δαυῖδ,
3525 1674 3636 1726 κᾶν

402 1765 598 1833 ipsum,
632 1762 724 1831 qui
771 1777 837 1815 ex
883 1759 1092 1816 semine
1125 1758 1292 1811 David
1341 1769 1492 1811 ortus
1523 1767 1626 1818 est,
1653 1770 1956 1824 quanquam

2080 1758 2292 1828 bpiaOat
2315 1759 2525 1826 λέγοιτο
2563 1759 2706 1812 κατὰ
2733 1759 2957 1830 Πνεῦμα
2987 1759 3296 1828 ἁγιωσύνης
3329 1761 3416 1814 διὰ
3443 1763 3505 1814 τὸ
3531 1764 3635 1830 τῆς

401 1865 620 1922 propter
654 1851 1049 1908 incarnationis
1091 1850 1411 1920 mysterium
1439 1848 1729 1902 secundum
1760 1847 1962 1901 sancti-

2064 1846 2525 1918 ἐνανθρωπήσεως
2555 1848 2870 1918 μυστήριον·
2897 1847 3011 1910 πῶς
3039 1848 3134 1917 οὺχ
3155 1848 3281 1911 Υἱὸς
3309 1849 3545 1918 ἀληθῶς,
3570 1853 3636 1904 ἐκ

401 1944 668 1998 licationis
712 1942 967 2012 Spiritum
1021 1941 1430 2010 prmdestinatus
1482 1939 1712 2000 dicatur,
1767 1936 1958 1992 Filium

2080 1937 2161 2006 ςῆς
2201 1937 2308 1990 τῶν
2335 1939 2542 2010 νεκρῶν
2571 1939 2917 2002 ἀναστάσεως
2951 1939 3423 2009 μαρτυρούμενος;
3472 1942 3638 2011 Ἐγή-

399 2034 491 2090 Dei
545 2034 862 2102 praedicant,
915 2049 1022 2102 quo
1056 2041 1216 2102 paclo
1261 2045 1368 2084 non
1419 2039 1502 2085 est
1548 2044 1708 2084 verus
1760 2029 1956 2095 Filius;

401 2126 633 2178 maxime
671 2139 799 2178 vero
847 2139 967 2178 cum
998 2137 1094 2194 per
1130 2122 1579 2176 resurrectionem
1625 2136 1689 2173 ex
1738 2121 1962 2175 mortuis

2063 2045 2253 2098 γερται
2286 2028 2394 2100 γάρ
2423 2029 2522 2082 οὐκ
2550 2028 2834 2101 ἄνθρωπος
2863 2029 3036 2093 κοινὸς
3069 2030 3190 2083 καθ’
3219 2031 3384 2099 ἡμᾶς,
3415 2032 3530 2084 ἀλλ’
3555 2033 3634 2094 ὡς

2065 2120 2296 2175 Θανάτου
2333 2121 2618 2192 κρείττων,
2653 2121 2788 2174 καθὸ
2813 2122 2908 2174 καὶ
2933 2119 3044 2188 ζωὴ
3073 2123 3167 2174 καὶ
3195 2122 3345 2187 Θεός.

397 2219 620 2276 evidens
653 2219 1018 2275 testimonium
1049 2215 1492 2284 haheat?Neque
1556 2216 1701 2269 enim
1759 2215 2008 2268 invitam
2067 2217 2425 2271 resuscitatus
2481 2225 2565 2270 est
2617 2225 2676 2270 ut
2725 2231 2862 2272 unus
2913 2217 3176 2288 quispiam
3238 2217 3398 2271 homo
3453 2221 3626 2272 nostri

396 2311 624 2373 similis,
681 2310 775 2364 sed
830 2318 1084 2377 tanquam
1133 2317 1306 2362 morte
1358 2319 1637 2374 superior,
1687 2314 1953 2374 quatenus
1993 2305 2247 2360 nimirum
2275 2306 2379 2360 vita
2415 2315 2575 2361 estet
2605 2305 2762 2361 Deus.

469 2403 546 2456 De
582 2401 665 2456 his
714 2401 803 2470 qui
849 2399 1125 2456 Creatoris
1169 2402 1287 2456 loco
1329 2411 1632 2456 creaturam
1683 2400 1957 2455 adorant:

403 2515 421 2548 ι
456 2495 590 2560 Quia
641 2509 763 2548 cum
811 2493 1192 2563 cognovissent
1220 2492 1411 2558 Deum,
1455 2508 1558 2546 non
1606 2493 1745 2547 sicut
1789 2493 1956 2548 Deum

405 2588 861 2658 gloriﬁcaverunt,
885 2597 975 2638 aut
997 2586 1194 2652 gratias
1215 2595 1476 2652 egerunt;
1504 2587 1596 2640 sed
1618 2593 1956 2641 evanuerunt

2139 2401 2275 2470 Περὶ
2303 2400 2411 2453 τῶν
2439 2399 2880 2470 προσκυνούντων
2909 2402 2972 2471 τῆ
3005 2401 3179 2455 κτίσει
3210 2402 3359 2473 παρά
3389 2404 3481 2455 τὸν
3508 2403 3629 2456 κτί-

2067 2509 2232 2546 σαντα
2252 2507 2267 2521 ⁶
2318 2510 2337 2544 ι
2364 2490 2505 2544 Διότι
2539 2490 2757 2558 γνόντες
2781 2489 2874 2542 τὸν
2905 2489 3055 2554 Θεὸν,
3097 2493 3194 2561 οὐχ
3238 2493 3312 2556 ὡς
3350 2494 3483 2546 Θεὸν
3511 2495 3631 2546 ἐδό-

2065 2583 2252 2649 ξασαν,
2281 2582 2314 2653 ἦ
2343 2582 2766 2652 εὐχαρίστησαν,
2817 2581 2931 2634 ἀλλ’
2962 2583 3397 2654 ἐματαιώθησαν,
3425 2585 3486 2638 ἐν
3514 2589 3632 2649 τοῖς

396 2677 450 2729 in
485 2674 901 2744 cogitationibus
935 2674 1068 2734 suis.
1113 2682 1166 2728 et
1196 2674 1542 2728 obscuratum
1574 2683 1656 2728 est
1693 2674 1953 2743 insipiens

2080 2673 2424 2744 ῑιαλογισμοῖς
2451 2673 2650 2738 αὐτῶν,
2683 2673 2776 2726 καὶ
2807 2673 3093 2744 ἐσκοτίσθη
3119 2675 3152 2744 ή
3176 2675 3426 2738 ἀσύνετος
3448 2675 3631 2730 αὐτῶν

396 2781 492 2819 cor
513 2781 720 2819 eorum.
754 2763 1004 2816 Dicentes
1035 2763 1176 2818 enim
1221 2778 1280 2817 se
1320 2777 1439 2818 esse
1481 2765 1776 2833 sapientes,
1808 2766 1957 2820 stulti

2080 2765 2286 2837 ιαρδία”
2347 2765 2648 2834 φάσκοντες
2698 2761 2835 2818 εἶναι
2895 2766 3087 2834 σοφοὶ,
3145 2767 3566 2837 ἐμωράνθησαν.
3604 2788 3622 2819 ι

398 2853 522 2907 facti
546 2861 672 2906 sunt
695 2850 761 2904 ⁸⁸⁷.
797 2869 814 2901 ι
855 2849 1060 2904 Scribit
1094 2851 1232 2904 idem
1263 2850 1460 2904 Paulus
1500 2853 1623 2905 alibi
1659 2853 1746 2916 iis,
1775 2854 1865 2922 qui
1890 2868 1959 2908 ex

2080 2860 2262 2931 ’ράφει
2289 2874 2392 2910 που
2420 2855 2630 2920 Παῦλος
2657 2859 2768 2920 τοίς
2798 2856 2855 2922 ἐξ
2881 2855 3048 2909 ἐθνῶν
3073 2857 3445 2927 κεκλημένοις,
3472 2875 3630 2911 τουτ-

395 2943 645 3012 gentibus
675 2939 851 2994 vocati
882 2939 1120 3005 fuerunt,
1151 2942 1254 2995 hoc
1292 2950 1374 2996 est
1407 2942 1582 3006 nobis,
1614 2943 1715 2998 hoc
1753 2944 1913 2998 modo
1939 2960 1954 2999 :

2080 2952 2206 3003 ἔστιν
2239 2951 2397 3020 ἡμῖν·
2432 2968 2451 3000 ι
2481 2949 2616 3001 Νυνὶ
2651 2948 2708 3001 δὲ
2741 2947 2958 3016 γνόντες
2985 2948 3139 3014 Θεὸν,
3170 2949 3366 3018 μᾶλλον
3396 2949 3452 3002 δὲ
3481 2966 3628 3016 γνω-

401 3049 420 3082 ι
448 3029 601 3084 Nunc
638 3040 813 3081 autem
844 3044 966 3082 cum
997 3029 1358 3099 cognoveritis
1383 3030 1570 3097 Deum,
1607 3032 1715 3087 imo
1743 3035 1954 3100 cognoti

2080 3015 2411 3102 ῖθέντεςὺπὸ
2440 3037 2595 3090 Θεοῦ.
2629 3055 2648 3089 ι
2694 3015 2826 3090 Τίνα
2857 3037 3033 3090 τοίνυν
3059 3015 3375 3109 ἐγνώκαμεν
3407 3015 3503 3091 διάί
3523 3039 3630 3108 τῆς

396 3122 514 3176 sitis
558 3136 586 3174 a
628 3119 736 3174 Deo
762 3120 828 3172 ⁸⁸.
867 3137 886 3172 ι
939 3121 1106 3184 Quem
1163 3119 1391 3174 obsecro
1445 3121 1606 3175 alium
1655 3138 1748 3192 per
1797 3124 1953 3178 Iidem

2080 3131 2318 3194 πίστεως,
2349 3130 2381 3200 ἢ
2416 3129 2634 3192 πάντως
2663 3127 2894 3200 Χρέστὸν
2931 3129 3169 3198 Ἰησοῦν;
3210 3130 3416 3184 Οὐκοῦν
3445 3132 3492 3182 εί
3520 3132 3627 3199 μὲν

396 3212 765 3282 regnavimus,
805 3211 902 3265 nisi
952 3211 1124 3278 ipsum
1153 3225 1376 3280 prorsus
1405 3211 1587 3268 Jesurn
1640 3214 1950 3268 Christum?

2080 3221 2136 3284 ὓς
2168 3219 2298 3274 Θεὸν
2329 3218 2669 3288 ἐγνώκαμεν,
2714 3219 2806 3272 καὶ
2831 3218 2906 3281 ώς
2934 3219 3063 3271 Θεὸν
3096 3217 3406 3289 δοξάζομεν,
3438 3237 3628 3285 πεφω-

397 3304 575 3366 Quare
623 3302 666 3353 si
704 3301 850 3353 illum
908 3309 964 3353 ut
991 3299 1157 3353 Deum
1200 3303 1565 3369 cognovimus,
1602 3313 1656 3356 et
1702 3314 1757 3358 ut
1792 3304 1957 3360 Deum

2080 3304 2294 3373 τισμεθα
2323 3304 2464 3357 κατά
2494 3305 2781 3375 ἀλήθειαν⁹
2813 3308 2860 3358 εί
2889 3305 2944 3358 δὲ
2971 3305 3307 3375 ἀλλάσσομεν
3329 3308 3494 3361 αὐτοῦ
3525 3307 3628 3376 τὴν

399 3393 580 3447 debito
606 3393 811 3446 honore
837 3392 1236 3461 prosequimur,
1263 3407 1392 3446 vere
1419 3387 1700 3446 illuminati
1731 3409 1916 3448 sumus
1941 3411 1955 3447 :

2080 3395 2248 3462 Βόξαν,
2279 3393 2712 3465 μεματαιώμεθα
2739 3396 2832 3448 καὶ
2857 3397 3016 3466 ἡμεῖς
3045 3399 3101 3448 ἐν
3125 3400 3238 3460 τοῖς
3263 3398 3632 3467 διαλογισμοῖς

397 3485 480 3538 sin
530 3496 708 3538 autem
755 3484 898 3538 illius
929 3483 1154 3553 gloriam
1198 3493 1584 3552 permutamus,
1636 3485 1828 3537 merito
1858 3499 1957 3540 nos

2080 3485 2239 3554 ἡμῶν.
2272 3486 2334 3537 Εἰ
2365 3485 2470 3556 γὰρ
2497 3484 2633 3548 ὅλως
2662 3484 3102 3554 πεπιστεύκαμεν
3128 3488 3208 3549 εἰς
3238 3487 3416 3547 αὐτὸν,
3440 3488 3514 3549 t'o;
3544 3491 3631 3553 εὶς

397 3575 498 3643 ipsi
552 3589 766 3643 quoque
838 3575 889 3628 in
952 3575 1153 3628 nostris
1207 3574 1629 3644 cogitationibus
1673 3577 1958 3630 evanuisse

2080 3574 2190 3628 Bsbv
2241 3575 2666 3644 πιστεύομεν.“Η
2714 3575 2896 3644 δεήσει
2934 3577 3110 3646 πάντη
3163 3594 3222 3629 τε
3268 3578 3376 3630 και
3407 3579 3626 3643 πάντως

395 3665 869 3734 deprchendimur.
921 3663 1055 3718 Nam
1106 3665 1151 3718 si
1196 3678 1323 3718 vere
1368 3666 1421 3718 in
1469 3663 1616 3718 illum
1659 3665 1958 3732 credimus,

2080 3664 2358 3734 moloye‘t'v,
2387 3665 2467 3716 ὅτι
2496 3666 2608 3727 τοῖς
2649 3663 2749 3733 τῆς
2789 3664 3020 3735 ἀρχαίας
3059 3664 3272 3736 ἀπάτης
3298 3668 3391 3718 καὶ
3417 3665 3510 3719 νῦν
3540 3671 3628 3719 ἐνο

396 3755 583 3823 utique
607 3763 878 3822 tanquam
920 3754 973 3808 in
1003 3755 1169 3808 Deum
1217 3753 1269 3807 in
1303 3752 1448 3807 illum
1491 3754 1787 3810 credimus.
1819 3755 1960 3810 Alio-

394 3844 484 3913 qui
508 3844 653 3899 enim
682 3845 854 3899 modis
873 3845 1128 3899 omnibus
1153 3843 1310 3898 lateri
1332 3854 1627 3913 oporteret,
1653 3859 1752 3900 nos
1773 3845 1962 3900 etiam-

2067 3745 2336 3825 ισχήμεσα
2369 3753 2604 3824 βρόχοις,
2637 3753 2907 3825 ἀνθρώπῳ
2941 3755 3104 3825 κοινῷ
3134 3757 3233 3826 τὴν
3255 3755 3438 3809 πίστιν
3460 3774 3631 3828 πρεσ-

2062 3847 2302 3914 άγοντες.
2322 3846 2460 3898 Ἀλλ’
2485 3845 2626 3899 οὕτω
2655 3845 2716 3898 τὸ
2744 3846 2942 3917 ἀληθές
2965 3848 3008 3900 ί.

398 3951 524 3989 num
571 3935 737 4003 prisci
779 3935 984 3989 erroris
1051 3932 1258 4003 laqueis
1302 3934 1548 3989 irretitos
1580 3935 1777 4000 teneri,
1811 3943 1994 4005 utpote
2031 3937 2084 3989 in
2122 3949 2464 3990 communem
2525 3934 2798 3988 hominem
2830 3934 3130 3991 credentes.
3185 3935 3256 3991 At
3293 3951 3397 3991 non
3430 3938 3505 3992 ita
3540 3953 3628 3995 res

409 4027 590 4082 habeL

469 4134 489 4168 ι
525 4116 592 4169 Ει
624 4115 764 4170 sicut
791 4131 896 4169 non
928 4125 1298 4186 pronaverunt
1341 4116 1510 4171 Deum
1541 4117 1739 4173 habere
1768 4117 1821 4172 in
1855 4132 1954 4174 no-

397 4207 536 4269 titia,
578 4207 800 4258 tradidit
843 4222 938 4261 eos
988 4207 1128 4262 Deus
1170 4208 1226 4262 in
1274 4210 1563 4278 reprobum
1609 4224 1850 4274 sensum,
1897 4216 1956 4262 ut

2143 4135 2164 4169 ‹
2190 4117 2299 4170 Καὶ
2346 4115 2525 4180 καθὼς
2569 4117 2668 4170 οὐκ
2716 4116 3043 4186 ἐδοκίμασαν
3090 4119 3182 4171 τὸν
3223 4118 3355 4173 Θεὸν
3394 4120 3540 4191 ἔχειν
3571 4122 3627 4173 ἐν

2063 4205 2368 4273 ἐπιγνώσει,
2402 4205 2712 4274 παρέδωκεν
2758 4206 2786 4256 ό
2833 4205 2962 4268 Θεὸς
3005 4206 3200 4269 αὐτοὺς
3245 4208 3326 4270 είς
3369 4209 3628 4279 ἀδόκιμον

397 4296 596 4348 faciant
646 4310 710 4347 ea
762 4312 880 4364 qtue
932 4299 1492 4352 nonoconveniunt”.
1525 4317 1543 4350 ι
1585 4297 1643 4353 Si
1682 4300 1955 4355 Christum

2080 4294 2205 4356 νοῦν,
2231 4296 2404 4347 ποιεῖν
2435 4295 2503 4347 τά
2548 4293 2622 4364 μὴ
2665 4293 2992 4364 καθήκοντα.
3025 4315 3044 4346 ι
3079 4296 3143 4350 Εἰ
3177 4291 3409 4367 Χριστὸν
3450 4298 3623 4364 ἐγνώο

396 4385 741 4455 agnoscimus
777 4395 832 4460 ut
863 4386 1056 4452 Deum,
1087 4389 1365 4457 cognitum
1401 4405 1739 4458 nequaquam
1771 4404 1955 4459 asper-

398 4489 608 4537 netnur,
643 4474 917 4544 vulgarem
949 4478 1325 4531 tantummodo
1355 4479 1627 4532 hominem
1651 4479 1802 4532 illum
1833 4493 1956 4534 esse

396 4565 723 4620 dictitantes.
775 4565 868 4619 Sin
921 4575 1102 4620 autem
1149 4566 1361 4621 inscitia
1393 4569 1650 4623 excwcati
1688 4569 1828 4624 istud
1872 4568 1956 4623 fa-

396 4670 523 4709 cere
547 4655 702 4707 veriti
731 4670 835 4709 non
867 4655 1152 4719 fuerimus,
1181 4655 1342 4708 simul
1382 4671 1504 4710 cum
1534 4655 1654 4710 aliis
1683 4656 1736 4709 in
1770 4669 1956 4726 repro-

396 4749 523 4803 hum
555 4761 772 4801 sensum
801 4747 1106 4816 prmcipites
1132 4761 1353 4801 ruamus
1379 4761 1600 4800 necesse
1631 4755 1734 4800 est.

475 4857 494 4890 ι
527 4837 834 4892 Secundum
885 4838 1138 4892 duritiam
1171 4847 1337 4900 tuam,
1377 4848 1433 4893 et
1462 4837 1804 4907 impmnitens
1839 4850 1956 4900 cor,

397 4925 741 4981 thesaurizas
776 4927 869 4980 tibi
898 4926 1033 4980 iram
1063 4927 1118 4982 in
1150 4927 1237 4981 die
1263 4927 1355 4980 ira:
1378 4935 1432 4981 et
1464 4925 1806 4980 revelationis
1824 4923 1954 4991 justi

392 5011 584 5078 judicii
625 5011 739 5075 Dei,
783 5013 874 5082 qui
917 5013 1102 5066 reddet
1131 5013 1423 5082 unicuique
1464 5014 1758 5068 secundum
1790 5027 1956 5081 opera

397 5100 514 5169 ejus
531 5103 599 5153 ὀ.
634 5119 652 5152 r
691 5101 856 5156 Docet
900 5103 986 5158 hic
1012 5102 1205 5158 beatus
1231 5102 1450 5167 Paulus,
1483 5118 1580 5158 nos
1605 5116 1795 5156 omnes
1830 5112 1958 5157 ante

399 5191 630 5245 tribunal
679 5193 880 5248 Christi
941 5195 1276 5251 manil‘estari
1315 5205 1585 5266 oportere,
1642 5207 1751 5262 quo
1794 5207 1954 5247 unus-

2061 4401 2238 4454 καμεν
2275 4384 2348 4447 ώς
2381 4384 2532 4448 Θεὸν,
2566 4384 2664 4454 τὴν
2691 4384 2778 4437 ἐπ’
2796 4383 2944 4455 αὑτῷ
2973 4385 3172 4452 γνῶσιν
3197 4387 3272 4456 μὴ
3293 4386 3629 4456 ἀποδοκιμάο

2061 4475 2261 4545 ζωμεν,
2299 4476 2581 4545 ἄνθρωπον
2611 4473 2748 4530 εἶναι
2781 4475 3026 4545 λέγοντες
3053 4479 3248 4532 κοινόν.
3283 4479 3346 4531 Ei
3377 4479 3435 4531 δὲ
3464 4480 3630 4532 τοῦτο

2059 4565 2192 4637 δρᾷν
2224 4567 2284 4630 ἐξ
2312 4566 2548 4637 ἀμαθίας
2575 4565 2878 4636 τολμῶμεν,
2895 4566 3221 4637 βαδιοὺμεθα
3250 4569 3465 4632 πάντως
3487 4569 3629 4636 ὁμοῦ

2059 4660 2174 4721 τοῖς
2205 4657 2384 4720 ἄλλοις
2413 4659 2493 4719 είς
2523 4657 2776 4728 ἀδόκιμον
2805 4657 2950 4711 νοῦν.

2145 4851 2162 4884 ι
2188 4829 2344 4885 Κατᾶ
2379 4831 2434 4884 δὲ
2480 4829 2578 4900 τὴν
2614 4830 2954 4902 σκληρότητά
2984 4849 3076 4886 σου
3126 4833 3221 4886 λαὶ
3261 4833 3632 4903 ἀμετανόητον

2063 4923 2289 4994 καρδίαν
2314 4923 2659 4994 θησαυρίζεις
2687 4924 2897 4993 σεαυτῷ
2923 4924 3091 4996 ὀργὴν
3121 4927 3178 4978 ἐν
3211 4927 3394 4997 ἡμέρᾳ.
3433 4928 3627 4997 ὀργῆς,

2063 5012 2158 5064 καὶ
2196 5011 2606 5080 ἀποκαλύψεως,
2653 5015 2744 5066 καὶ
2795 5013 3187 5085 δικαιοκρισίας
3233 5017 3327 5069 τοῦ
3372 5016 3532 5081 Θεοῦ,
3571 5018 3629 5079 ὃς

2064 5100 2330 5155 ἀποδώσει
2361 5101 2576 5172 ἑκάστῳ
2596 5104 2736 5156 κατά
2766 5105 2835 5157 τὰ
2861 5106 2995 5176 ἔργα
3021 5109 3203 5161 αὐτοῦ.
3235 5129 3252 5158 ι
3277 5110 3334 5160 '0
3359 5109 3629 5178 μακάριος

2068 5193 2297 5257 Παῦλος,
2327 5192 2453 5255 τοῦς
2493 5193 2696 5256 πάντας
2734 5197 2881 5265 ἡμᾶς
2907 5197 3009 5262 δεῖ,
3046 5201 3199 5271 φησὶ,
3247 5199 3627 5270 φανερωθῆναι

469 5341 513 5373 ⁸⁸
539 5343 694 5398 Rom.
728 5361 764 5401 ι.
807 5345 910 5400 Ιοό.
997 5348 1038 5378 ⁸⁷
1071 5348 1216 5416 ἱὺὶιίη
1240 5347 1325 5414 21,
1361 5345 1450 5402 ξε.
1526 5346 1572 5379 ⁸⁸
1602 5344 1778 5402 Galat.
1809 5360 1879 5412 IV,
1915 5347 1959 5400 9.

2080 5346 2088 5376 '
2119 5345 2252 5399 Rom
2326 5361 2340 5399 ι
2397 5344 2486 5401 28.
2564 5346 2610 5379 ’°
2644 5346 2798 5402 Rom.
2833 5363 2876 5417 t,
2905 5350 2957 5404 5.

1452 5501 1623 5556 Varia:
1658 5499 1913 5554 lectiones
1945 5499 2148 5554 codicis
2178 5499 2533 5570 Seguicriani.

479 5636 508 5677 δ
539 5631 776 5700 Quatuor
799 5649 918 5703 qua:
949 5647 1244 5703 sequuntur
1265 5651 1426 5690 voces
1457 5639 1654 5691 absunt
1683 5651 1708 5688 a
1747 5635 1865 5690 cod.
1897 5635 1959 5690 Sr

2080 5649 2142 5688 δι’.
2226 5645 2239 5671 ι
2273 5618 2334 5683 οὗ
2359 5630 2513 5685 τοῦτο
2543 5632 2757 5705 ἀληθές.
