  <div class='ocr_page' id='page_1' title='image "/cluster/home/n/w/nwhite01/storage/ocr_20150623/76/hvd.32044073501439/620.png"; bbox 0 0 3910 6200; ppageno 0'>
   <div class='ocr_carea' id='block_1_1' title="bbox 249 255 392 313">
    <p class='ocr_par' dir='ltr' id='par_1_1' title="bbox 249 255 392 313">
     <span class='ocr_line' id='line_1_1' title="bbox 249 255 392 313; baseline 0.007 -1"><span class='ocrx_word' id='word_1_1' title='bbox 249 255 272 312; x_wconf 72' lang='grc' dir='ltr'><strong>Ι</strong></span> <span class='ocrx_word' id='word_1_2' title='bbox 284 258 392 313; x_wconf 59' lang='grc' dir='ltr'><strong>ἳιέὅ</strong></span> 
     </span>
    </p>
   </div>
   <div class='ocr_carea' id='block_1_2' title="bbox 1349 245 2396 310">
    <p class='ocr_par' dir='ltr' id='par_1_2' title="bbox 1349 245 2396 310">
     <span class='ocr_line' id='line_1_2' title="bbox 1349 245 2396 310; baseline -0.005 -2"><span class='ocrx_word' id='word_1_3' title='bbox 1349 254 1435 310; x_wconf 81' lang='lat' dir='ltr'><strong>DE</strong></span> <span class='ocrx_word' id='word_1_4' title='bbox 1475 251 1707 309; x_wconf 82' lang='lat' dir='ltr'><strong>RECTA</strong></span> <span class='ocrx_word' id='word_1_5' title='bbox 1749 245 1905 303; x_wconf 83' lang='lat' dir='ltr'><strong>FIDE</strong></span> <span class='ocrx_word' id='word_1_6' title='bbox 1943 248 2034 303; x_wconf 84' lang='lat' dir='ltr'><strong>AD</strong></span> <span class='ocrx_word' id='word_1_7' title='bbox 2075 250 2396 307; x_wconf 67' lang='lat' dir='ltr'><strong>REGINAS.</strong></span> 
     </span>
    </p>
   </div>
   <div class='ocr_carea' id='block_1_3' title="bbox 3378 249 3514 306">
    <p class='ocr_par' dir='ltr' id='par_1_3' title="bbox 3378 249 3514 306">
     <span class='ocr_line' id='line_1_3' title="bbox 3378 249 3514 306; baseline -0.022 0"><span class='ocrx_word' id='word_1_8' title='bbox 3378 249 3514 306; x_wconf 66' lang='lat'><strong>£926</strong></span> 
     </span>
    </p>
   </div>
   <div class='ocr_carea' id='block_1_4' title="bbox 247 340 1822 448">
    <p class='ocr_par' dir='ltr' id='par_1_4' title="bbox 247 369 1822 448">
     <span class='ocr_line' id='line_1_4' title="bbox 247 369 1822 448; baseline -0.006 -20"><span class='ocrx_word' id='word_1_9' title='bbox 247 371 560 446; x_wconf 76' lang='grc' dir='ltr'>ἔμπροσθεν</span> <span class='ocrx_word' id='word_1_10' title='bbox 583 369 674 426; x_wconf 80' lang='grc' dir='ltr'><strong>τοῦ</strong></span> <span class='ocrx_word' id='word_1_11' title='bbox 697 372 941 448; x_wconf 81' lang='grc' dir='ltr'>βήματος</span> <span class='ocrx_word' id='word_1_12' title='bbox 960 372 1050 426; x_wconf 91' lang='grc' dir='ltr'><strong>τοῦ</strong></span> <span class='ocrx_word' id='word_1_13' title='bbox 1069 371 1306 445; x_wconf 77' lang='grc' dir='ltr'><strong>Χριστοῦ</strong></span> <span class='ocrx_word' id='word_1_14' title='bbox 1328 390 1340 403; x_wconf 73' lang='grc' dir='ltr'><strong>ο</strong></span> <span class='ocrx_word' id='word_1_15' title='bbox 1371 391 1389 424; x_wconf 74' lang='grc' dir='ltr'><strong>ι</strong></span> <span class='ocrx_word' id='word_1_16' title='bbox 1411 373 1498 426; x_wconf 79' lang='grc' dir='ltr'><strong>ἵνα</strong></span> <span class='ocrx_word' id='word_1_17' title='bbox 1525 372 1822 448; x_wconf 66' lang='grc' dir='ltr'>κομίσηται</span> 
     </span>
    </p>
   </div>
   <div class='ocr_carea' id='block_1_5' title="bbox 1931 340 3516 448">
    <p class='ocr_par' dir='ltr' id='par_1_5' title="bbox 1931 340 3516 439">
     <span class='ocr_line' id='line_1_5' title="bbox 1931 340 3516 439; baseline 0.003 -21"><span class='ocrx_word' id='word_1_18' title='bbox 1931 340 2156 435; x_wconf 75' lang='lat' dir='ltr'><strong>quisque</strong></span> <span class='ocrx_word' id='word_1_19' title='bbox 2214 369 2455 434; x_wconf 75' lang='lat' dir='ltr'><strong>referat,</strong></span> <span class='ocrx_word' id='word_1_20' title='bbox 2509 380 2628 436; x_wconf 75' lang='lat' dir='ltr'><strong>quae</strong></span> <span class='ocrx_word' id='word_1_21' title='bbox 2675 365 2728 420; x_wconf 93' lang='lat' dir='ltr'><strong>in</strong></span> <span class='ocrx_word' id='word_1_22' title='bbox 2779 379 3007 436; x_wconf 88' lang='lat' dir='ltr'><strong>corpore</strong></span> <span class='ocrx_word' id='word_1_23' title='bbox 3047 365 3239 439; x_wconf 85' lang='lat' dir='ltr'><strong>gessit,</strong></span> <span class='ocrx_word' id='word_1_24' title='bbox 3264 363 3370 436; x_wconf 82' lang='lat'><strong>57</strong></span> <span class='ocrx_word' id='word_1_25' title='bbox 3397 368 3516 422; x_wconf 78' lang='lat' dir='ltr'><strong>sive</strong></span> 
     </span>
    </p>
   </div>
   <div class='ocr_carea' id='block_1_6' title="bbox 245 443 1826 535">
    <p class='ocr_par' dir='ltr' id='par_1_6' title="bbox 245 443 1826 535">
     <span class='ocr_line' id='line_1_6' title="bbox 245 443 1826 535; baseline -0.003 -16"><span class='ocrx_word' id='word_1_26' title='bbox 245 443 476 527; x_wconf 73' lang='grc' dir='ltr'>ἕκαστος</span> <span class='ocrx_word' id='word_1_27' title='bbox 517 462 587 516; x_wconf 84' lang='grc' dir='ltr'><strong>τὰ</strong></span> <span class='ocrx_word' id='word_1_28' title='bbox 627 463 718 517; x_wconf 80' lang='grc' dir='ltr'>διὰ</span> <span class='ocrx_word' id='word_1_29' title='bbox 748 443 842 516; x_wconf 74' lang='grc' dir='ltr'><strong>τοῦ</strong></span> <span class='ocrx_word' id='word_1_30' title='bbox 890 443 1161 534; x_wconf 82' lang='grc' dir='ltr'>σώματος,</span> <span class='ocrx_word' id='word_1_31' title='bbox 1193 464 1332 535; x_wconf 79' lang='grc' dir='ltr'>πρὸς</span> <span class='ocrx_word' id='word_1_32' title='bbox 1364 461 1399 517; x_wconf 74' lang='grc' dir='ltr'><strong>ὃ.</strong></span> <span class='ocrx_word' id='word_1_33' title='bbox 1429 463 1686 533; x_wconf 74' lang='grc' dir='ltr'>ἔπραξεν,</span> <span class='ocrx_word' id='word_1_34' title='bbox 1718 443 1826 514; x_wconf 74' lang='grc' dir='ltr'>εἴτε</span> 
     </span>
    </p>
   </div>
   <div class='ocr_carea' id='block_1_7' title="bbox 247 552 1828 626">
    <p class='ocr_par' dir='ltr' id='par_1_7' title="bbox 247 552 1828 626">
     <span class='ocr_line' id='line_1_7' title="bbox 247 552 1828 626; baseline -0.003 -16"><span class='ocrx_word' id='word_1_35' title='bbox 247 552 474 626; x_wconf 84' lang='grc' dir='ltr'>ἀγαθὸν,</span> <span class='ocrx_word' id='word_1_36' title='bbox 507 557 615 608; x_wconf 75' lang='grc' dir='ltr'>εἴτε</span> <span class='ocrx_word' id='word_1_37' title='bbox 648 554 872 623; x_wconf 78' lang='grc' dir='ltr'>φαῦλον.</span> <span class='ocrx_word' id='word_1_38' title='bbox 905 573 924 606; x_wconf 73' lang='grc' dir='ltr'><strong>ι</strong></span> <span class='ocrx_word' id='word_1_39' title='bbox 951 557 1096 626; x_wconf 81' lang='grc' dir='ltr'><strong>Ἔφη</strong></span> <span class='ocrx_word' id='word_1_40' title='bbox 1124 555 1181 608; x_wconf 84' lang='grc' dir='ltr'>δέ</span> <span class='ocrx_word' id='word_1_41' title='bbox 1214 572 1301 619; x_wconf 91' lang='grc' dir='ltr'><strong>τις</strong></span> <span class='ocrx_word' id='word_1_42' title='bbox 1351 555 1445 608; x_wconf 76' lang='grc' dir='ltr'><strong>καὶ</strong></span> <span class='ocrx_word' id='word_1_43' title='bbox 1485 555 1671 625; x_wconf 80' lang='grc' dir='ltr'>ἕτερος</span> <span class='ocrx_word' id='word_1_44' title='bbox 1722 552 1828 606; x_wconf 83' lang='grc' dir='ltr'>τῶν</span> 
     </span>
    </p>
   </div>
   <div class='ocr_carea' id='block_1_8' title="bbox 248 641 1829 718">
    <p class='ocr_par' dir='ltr' id='par_1_8' title="bbox 248 641 1829 718">
     <span class='ocr_line' id='line_1_8' title="bbox 248 641 1829 718; baseline -0.002 -15"><span class='ocrx_word' id='word_1_45' title='bbox 248 650 421 716; x_wconf 81' lang='grc' dir='ltr'>ἁγίων</span> <span class='ocrx_word' id='word_1_46' title='bbox 447 647 762 701; x_wconf 80' lang='grc' dir='ltr'><strong>ἀποστόλων</strong></span> <span class='ocrx_word' id='word_1_47' title='bbox 781 665 794 678; x_wconf 78' lang='grc' dir='ltr'><strong>ο</strong></span> <span class='ocrx_word' id='word_1_48' title='bbox 834 665 853 698; x_wconf 76' lang='grc' dir='ltr'><strong>ι</strong></span> <span class='ocrx_word' id='word_1_49' title='bbox 887 641 980 711; x_wconf 72' lang='grc' dir='ltr'><strong>Εἷς</strong></span> <span class='ocrx_word' id='word_1_50' title='bbox 1010 649 1157 700; x_wconf 79' lang='grc' dir='ltr'>ἐστιν</span> <span class='ocrx_word' id='word_1_51' title='bbox 1184 650 1213 701; x_wconf 85' lang='lat'><strong>6</strong></span> <span class='ocrx_word' id='word_1_52' title='bbox 1241 647 1558 718; x_wconf 75' lang='grc' dir='ltr'><strong>νομοθέτης,</strong></span> <span class='ocrx_word' id='word_1_53' title='bbox 1589 648 1684 700; x_wconf 78' lang='grc' dir='ltr'><strong>καὶ</strong></span> <span class='ocrx_word' id='word_1_54' title='bbox 1708 664 1829 718; x_wconf 86' lang='grc' dir='ltr'>κρι-</span> 
     </span>
    </p>
   </div>
   <div class='ocr_carea' id='block_1_9' title="bbox 245 737 1831 812">
    <p class='ocr_par' dir='ltr' id='par_1_9' title="bbox 245 737 1831 812">
     <span class='ocr_line' id='line_1_9' title="bbox 245 737 1831 812; baseline -0.003 -17"><span class='ocrx_word' id='word_1_55' title='bbox 245 742 366 812; x_wconf 76' lang='grc' dir='ltr'>της.</span> <span class='ocrx_word' id='word_1_56' title='bbox 401 759 418 789; x_wconf 73' lang='grc' dir='ltr'><strong>ι</strong></span> <span class='ocrx_word' id='word_1_57' title='bbox 452 737 658 792; x_wconf 78' lang='grc' dir='ltr'>Ψὰλλει</span> <span class='ocrx_word' id='word_1_58' title='bbox 701 738 758 791; x_wconf 85' lang='grc' dir='ltr'>δὲ</span> <span class='ocrx_word' id='word_1_59' title='bbox 797 739 891 792; x_wconf 69' lang='grc' dir='ltr'><strong>καὶ</strong></span> <span class='ocrx_word' id='word_1_60' title='bbox 929 738 1090 802; x_wconf 87' lang='grc' dir='ltr'>αὑτὸς</span> <span class='ocrx_word' id='word_1_61' title='bbox 1129 741 1158 792; x_wconf 87' lang='lat'><strong>6</strong></span> <span class='ocrx_word' id='word_1_62' title='bbox 1184 738 1380 792; x_wconf 80' lang='grc' dir='ltr'><strong>Δαυῖδ·</strong></span> <span class='ocrx_word' id='word_1_63' title='bbox 1439 739 1592 792; x_wconf 80' lang='grc' dir='ltr'><strong>«Ὅτι</strong></span> <span class='ocrx_word' id='word_1_64' title='bbox 1627 739 1656 791; x_wconf 98' lang='lat'><strong>6</strong></span> <span class='ocrx_word' id='word_1_65' title='bbox 1697 737 1831 802; x_wconf 88' lang='grc' dir='ltr'>Θεὸς</span> 
     </span>
    </p>
   </div>
   <div class='ocr_carea' id='block_1_10' title="bbox 245 829 1829 906">
    <p class='ocr_par' dir='ltr' id='par_1_10' title="bbox 245 829 1829 906">
     <span class='ocr_line' id='line_1_10' title="bbox 245 829 1829 906; baseline -0.002 -19"><span class='ocrx_word' id='word_1_66' title='bbox 245 833 442 904; x_wconf 85' lang='grc' dir='ltr'>κριτής</span> <span class='ocrx_word' id='word_1_67' title='bbox 475 833 642 884; x_wconf 78' lang='grc' dir='ltr'>ἐστιν.</span> <span class='ocrx_word' id='word_1_68' title='bbox 675 831 834 884; x_wconf 78' lang='grc' dir='ltr'>»Ὅτε</span> <span class='ocrx_word' id='word_1_69' title='bbox 864 830 1040 886; x_wconf 94' lang='grc' dir='ltr'>τοίνυν</span> <span class='ocrx_word' id='word_1_70' title='bbox 1073 831 1468 903; x_wconf 87' lang='grc' dir='ltr'>δικαιοκρισίαν</span> <span class='ocrx_word' id='word_1_71' title='bbox 1495 829 1631 906; x_wconf 82' lang='grc' dir='ltr'>Θεοῦ</span> <span class='ocrx_word' id='word_1_72' title='bbox 1664 848 1829 902; x_wconf 82' lang='grc' dir='ltr'>φησιν</span> 
     </span>
    </p>
   </div>
   <div class='ocr_carea' id='block_1_11' title="bbox 245 922 1830 996">
    <p class='ocr_par' dir='ltr' id='par_1_11' title="bbox 245 922 1830 996">
     <span class='ocr_line' id='line_1_11' title="bbox 245 922 1830 996; baseline -0.003 -17"><span class='ocrx_word' id='word_1_73' title='bbox 245 922 380 979; x_wconf 81' lang='grc' dir='ltr'>εἶναι</span> <span class='ocrx_word' id='word_1_74' title='bbox 413 925 511 996; x_wconf 80' lang='grc' dir='ltr'>τὴν</span> <span class='ocrx_word' id='word_1_75' title='bbox 541 924 634 976; x_wconf 74' lang='grc' dir='ltr'><strong>ἐπὶ</strong></span> <span class='ocrx_word' id='word_1_76' title='bbox 661 923 754 977; x_wconf 90' lang='grc' dir='ltr'><strong>τοῦ</strong></span> <span class='ocrx_word' id='word_1_77' title='bbox 786 923 1028 995; x_wconf 80' lang='grc' dir='ltr'><strong>βήματος</strong></span> <span class='ocrx_word' id='word_1_78' title='bbox 1067 923 1160 977; x_wconf 87' lang='grc' dir='ltr'><strong>τοῦ</strong></span> <span class='ocrx_word' id='word_1_79' title='bbox 1197 924 1340 978; x_wconf 84' lang='grc' dir='ltr'>θείου</span> <span class='ocrx_word' id='word_1_80' title='bbox 1370 925 1455 993; x_wconf 76' lang='grc' dir='ltr'><strong>ἐφ’</strong></span> <span class='ocrx_word' id='word_1_81' title='bbox 1481 923 1700 996; x_wconf 76' lang='grc' dir='ltr'>ἑκάστῳ</span> <span class='ocrx_word' id='word_1_82' title='bbox 1724 923 1830 995; x_wconf 79' lang='grc' dir='ltr'><strong>ψῆ-</strong></span> 
     </span>
    </p>
   </div>
   <div class='ocr_carea' id='block_1_12' title="bbox 245 1006 1830 1086">
    <p class='ocr_par' dir='ltr' id='par_1_12' title="bbox 245 1006 1830 1086">
     <span class='ocr_line' id='line_1_12' title="bbox 245 1006 1830 1086; baseline -0.001 -19"><span class='ocrx_word' id='word_1_83' title='bbox 245 1006 457 1086; x_wconf 76' lang='grc' dir='ltr'>φον,’ἦν</span> <span class='ocrx_word' id='word_1_84' title='bbox 489 1014 649 1077; x_wconf 80' lang='grc' dir='ltr'>αὑτὸς</span> <span class='ocrx_word' id='word_1_85' title='bbox 693 1012 889 1078; x_wconf 77' lang='grc' dir='ltr'>ἐξοίσει</span> <span class='ocrx_word' id='word_1_86' title='bbox 923 1012 1160 1086; x_wconf 81' lang='grc' dir='ltr'>Χριστὸς</span> <span class='ocrx_word' id='word_1_87' title='bbox 1190 1013 1680 1085; x_wconf 77' lang='grc' dir='ltr'><strong>(παραστησόμεθα</strong></span> <span class='ocrx_word' id='word_1_88' title='bbox 1720 1013 1830 1085; x_wconf 76' lang='grc' dir='ltr'><strong>γὰρ</strong></span> 
     </span>
    </p>
   </div>
   <div class='ocr_carea' id='block_1_13' title="bbox 242 1103 1826 1180">
    <p class='ocr_par' dir='ltr' id='par_1_13' title="bbox 242 1103 1826 1180">
     <span class='ocr_line' id='line_1_13' title="bbox 242 1103 1826 1180; baseline 0.018 -28"><span class='ocrx_word' id='word_1_89' title='bbox 242 1110 321 1178; x_wconf 75' lang='grc' dir='ltr'><strong>τῷ</strong></span> <span class='ocrx_word' id='word_1_90' title='bbox 370 1108 574 1180; x_wconf 81' lang='grc' dir='ltr'><strong>βήματι</strong></span> <span class='ocrx_word' id='word_1_91' title='bbox 621 1103 812 1168; x_wconf 80' lang='grc' dir='ltr'>αὑτοῦ,</span> <span class='ocrx_word' id='word_1_92' title='bbox 845 1106 938 1160; x_wconf 71' lang='grc' dir='ltr'><strong>καὶ</strong></span> <span class='ocrx_word' id='word_1_93' title='bbox 969 1107 1068 1178; x_wconf 84' lang='grc' dir='ltr'><strong>οὑχ</strong></span> <span class='ocrx_word' id='word_1_94' title='bbox 1115 1105 1191 1170; x_wconf 85' lang='grc' dir='ltr'><strong>ὼς</strong></span> <span class='ocrx_word' id='word_1_95' title='bbox 1229 1106 1309 1160; x_wconf 68' lang='grc' dir='ltr'>ἐνὶ</span> <span class='ocrx_word' id='word_1_96' title='bbox 1343 1107 1452 1159; x_wconf 76' lang='grc' dir='ltr'><strong>τῶν</strong></span> <span class='ocrx_word' id='word_1_97' title='bbox 1501 1106 1622 1160; x_wconf 73' lang='grc' dir='ltr'>καθ’</span> <span class='ocrx_word' id='word_1_98' title='bbox 1659 1107 1826 1176; x_wconf 67' lang='grc' dir='ltr'><strong>ἡμᾶς’</strong></span> 
     </span>
    </p>
   </div>
   <div class='ocr_carea' id='block_1_14' title="bbox 241 1182 1830 1272">
    <p class='ocr_par' dir='ltr' id='par_1_14' title="bbox 241 1182 1830 1272">
     <span class='ocr_line' id='line_1_14' title="bbox 241 1182 1830 1272; baseline -0.001 -19"><span class='ocrx_word' id='word_1_99' title='bbox 241 1200 355 1254; x_wconf 76' lang='grc' dir='ltr'>ἀλλ’</span> <span class='ocrx_word' id='word_1_100' title='bbox 376 1195 451 1262; x_wconf 84' lang='grc' dir='ltr'>ὼς</span> <span class='ocrx_word' id='word_1_101' title='bbox 480 1201 640 1270; x_wconf 80' lang='grc' dir='ltr'>κριτῇ</span> <span class='ocrx_word' id='word_1_102' title='bbox 668 1199 760 1250; x_wconf 70' lang='grc' dir='ltr'><strong>καὶ</strong></span> <span class='ocrx_word' id='word_1_103' title='bbox 777 1197 896 1268; x_wconf 82' lang='grc' dir='ltr'>Θεῷ</span> <span class='ocrx_word' id='word_1_104' title='bbox 919 1182 1017 1252; x_wconf 65' lang='grc' dir='ltr'>καὶ</span> <span class='ocrx_word' id='word_1_105' title='bbox 1049 1197 1358 1272; x_wconf 80' lang='grc' dir='ltr'>νομοθέτῃ),</span> <span class='ocrx_word' id='word_1_106' title='bbox 1401 1197 1516 1260; x_wconf 81' lang='grc' dir='ltr'>πῶς</span> <span class='ocrx_word' id='word_1_107' title='bbox 1543 1199 1664 1269; x_wconf 70' lang='grc' dir='ltr'>οὑχ).</span> <span class='ocrx_word' id='word_1_108' title='bbox 1698 1198 1830 1262; x_wconf 91' lang='grc' dir='ltr'>Θεὸς</span> 
     </span>
    </p>
   </div>
   <div class='ocr_carea' id='block_1_15' title="bbox 239 1287 1826 1360">
    <p class='ocr_par' dir='ltr' id='par_1_15' title="bbox 239 1287 1826 1360">
     <span class='ocr_line' id='line_1_15' title="bbox 239 1287 1826 1360; baseline 0.002 -19"><span class='ocrx_word' id='word_1_109' title='bbox 239 1290 268 1341; x_wconf 92' lang='lat'><strong>6</strong></span> <span class='ocrx_word' id='word_1_110' title='bbox 297 1287 571 1358; x_wconf 73' lang='grc' dir='ltr'>Χριστός;</span> <span class='ocrx_word' id='word_1_111' title='bbox 619 1306 635 1336; x_wconf 77' lang='grc' dir='ltr'><strong>ι</strong></span> <span class='ocrx_word' id='word_1_112' title='bbox 670 1287 768 1339; x_wconf 76' lang='grc' dir='ltr'><strong>Διὰ</strong></span> <span class='ocrx_word' id='word_1_113' title='bbox 811 1288 919 1358; x_wconf 85' lang='grc' dir='ltr'>γὰρ</span> <span class='ocrx_word' id='word_1_114' title='bbox 968 1288 1134 1357; x_wconf 80' lang='grc' dir='ltr'>νόμου</span> <span class='ocrx_word' id='word_1_115' title='bbox 1188 1289 1482 1356; x_wconf 72' lang='grc' dir='ltr'>ἐπίγνωσις</span> <span class='ocrx_word' id='word_1_116' title='bbox 1527 1289 1826 1360; x_wconf 89' lang='grc' dir='ltr'>ἁμαρτίας.</span> 
     </span>
    </p>
   </div>
   <div class='ocr_carea' id='block_1_16' title="bbox 239 1378 1826 1451">
    <p class='ocr_par' dir='ltr' id='par_1_16' title="bbox 239 1378 1826 1451">
     <span class='ocr_line' id='line_1_16' title="bbox 239 1378 1826 1451; baseline 0.001 -18"><span class='ocrx_word' id='word_1_117' title='bbox 239 1381 380 1434; x_wconf 73' lang='grc' dir='ltr'>Νυνὶ</span> <span class='ocrx_word' id='word_1_118' title='bbox 409 1379 464 1432; x_wconf 81' lang='grc' dir='ltr'>δὲ</span> <span class='ocrx_word' id='word_1_119' title='bbox 505 1378 671 1449; x_wconf 79' lang='grc' dir='ltr'>χωρὶς</span> <span class='ocrx_word' id='word_1_120' title='bbox 701 1378 867 1447; x_wconf 88' lang='grc' dir='ltr'>νόμου</span> <span class='ocrx_word' id='word_1_121' title='bbox 894 1379 1206 1450; x_wconf 76' lang='grc' dir='ltr'><strong>δικαιοσύνη</strong></span> <span class='ocrx_word' id='word_1_122' title='bbox 1251 1379 1384 1433; x_wconf 73' lang='grc' dir='ltr'>Θεοῦ</span> <span class='ocrx_word' id='word_1_123' title='bbox 1417 1381 1826 1451; x_wconf 74' lang='grc' dir='ltr'><strong>πεφανέρωται,</strong></span> 
     </span>
    </p>
   </div>
   <div class='ocr_carea' id='block_1_17' title="bbox 242 1467 1825 1542">
    <p class='ocr_par' dir='ltr' id='par_1_17' title="bbox 242 1467 1825 1542">
     <span class='ocr_line' id='line_1_17' title="bbox 242 1467 1825 1542; baseline 0.002 -20"><span class='ocrx_word' id='word_1_124' title='bbox 242 1469 661 1541; x_wconf 78' lang='grc' dir='ltr'><strong>μαρτυρουμένη</strong></span> <span class='ocrx_word' id='word_1_125' title='bbox 710 1467 817 1522; x_wconf 74' lang='grc' dir='ltr'>’ὑπὸ</span> <span class='ocrx_word' id='word_1_126' title='bbox 867 1468 962 1522; x_wconf 88' lang='grc' dir='ltr'><strong>τοῦ</strong></span> <span class='ocrx_word' id='word_1_127' title='bbox 1007 1468 1172 1539; x_wconf 89' lang='grc' dir='ltr'>νόμου</span> <span class='ocrx_word' id='word_1_128' title='bbox 1208 1469 1303 1524; x_wconf 71' lang='grc' dir='ltr'><strong>καὶ</strong></span> <span class='ocrx_word' id='word_1_129' title='bbox 1348 1470 1456 1523; x_wconf 84' lang='grc' dir='ltr'><strong>τῶν</strong></span> <span class='ocrx_word' id='word_1_130' title='bbox 1508 1471 1825 1542; x_wconf 71' lang='grc' dir='ltr'>προφητῶν,</span> 
     </span>
    </p>
   </div>
   <div class='ocr_carea' id='block_1_18' title="bbox 237 1556 1827 1634">
    <p class='ocr_par' dir='ltr' id='par_1_18' title="bbox 237 1556 1827 1634">
     <span class='ocr_line' id='line_1_18' title="bbox 237 1556 1827 1634; baseline 0.003 -22"><span class='ocrx_word' id='word_1_131' title='bbox 237 1556 559 1632; x_wconf 73' lang='grc' dir='ltr'>Δικαιοσύνη</span> <span class='ocrx_word' id='word_1_132' title='bbox 590 1560 645 1614; x_wconf 77' lang='grc' dir='ltr'>δὲ</span> <span class='ocrx_word' id='word_1_133' title='bbox 687 1560 821 1614; x_wconf 88' lang='grc' dir='ltr'>Θεοῦ</span> <span class='ocrx_word' id='word_1_134' title='bbox 862 1560 952 1614; x_wconf 79' lang='grc' dir='ltr'>διὰ</span> <span class='ocrx_word' id='word_1_135' title='bbox 995 1560 1228 1625; x_wconf 81' lang='grc' dir='ltr'>πίστεως</span> <span class='ocrx_word' id='word_1_136' title='bbox 1262 1561 1437 1632; x_wconf 78' lang='grc' dir='ltr'>Ἰησοῦ</span> <span class='ocrx_word' id='word_1_137' title='bbox 1469 1563 1708 1634; x_wconf 76' lang='grc' dir='ltr'>Χριστοῦ</span> <span class='ocrx_word' id='word_1_138' title='bbox 1745 1565 1827 1628; x_wconf 83' lang='grc' dir='ltr'><strong>είς</strong></span> 
     </span>
    </p>
   </div>
   <div class='ocr_carea' id='block_1_19' title="bbox 239 1651 1820 1726">
    <p class='ocr_par' dir='ltr' id='par_1_19' title="bbox 239 1651 1820 1726">
     <span class='ocr_line' id='line_1_19' title="bbox 239 1651 1820 1726; baseline 0.002 -22"><span class='ocrx_word' id='word_1_139' title='bbox 239 1655 449 1716; x_wconf 80' lang='grc' dir='ltr'>πάντας</span> <span class='ocrx_word' id='word_1_140' title='bbox 477 1653 602 1715; x_wconf 76' lang='grc' dir='ltr'>τοὺς</span> <span class='ocrx_word' id='word_1_141' title='bbox 630 1651 1000 1718; x_wconf 82' lang='grc' dir='ltr'>πιστεύοντας.</span> <span class='ocrx_word' id='word_1_142' title='bbox 1038 1671 1055 1705; x_wconf 68' lang='grc' dir='ltr'><strong>ν</strong></span> <span class='ocrx_word' id='word_1_143' title='bbox 1096 1653 1228 1724; x_wconf 84' lang='grc' dir='ltr'>Δίχα</span> <span class='ocrx_word' id='word_1_144' title='bbox 1254 1654 1420 1724; x_wconf 80' lang='grc' dir='ltr'>νόμου</span> <span class='ocrx_word' id='word_1_145' title='bbox 1449 1653 1820 1726; x_wconf 77' lang='grc' dir='ltr'>δικαιοσύνην,</span> 
     </span>
    </p>
   </div>
   <div class='ocr_carea' id='block_1_20' title="bbox 239 1741 1822 1817">
    <p class='ocr_par' dir='ltr' id='par_1_20' title="bbox 239 1741 1822 1817">
     <span class='ocr_line' id='line_1_20' title="bbox 239 1741 1822 1817; baseline 0.003 -23"><span class='ocrx_word' id='word_1_146' title='bbox 239 1745 328 1815; x_wconf 70' lang='grc' dir='ltr'><strong>(ἦν</strong></span> <span class='ocrx_word' id='word_1_147' title='bbox 379 1742 473 1796; x_wconf 72' lang='grc' dir='ltr'><strong>καὶ</strong></span> <span class='ocrx_word' id='word_1_148' title='bbox 517 1741 621 1796; x_wconf 85' lang='grc' dir='ltr'><strong>ὑπὸ</strong></span> <span class='ocrx_word' id='word_1_149' title='bbox 672 1744 782 1798; x_wconf 79' lang='grc' dir='ltr'><strong>τῶν</strong></span> <span class='ocrx_word' id='word_1_150' title='bbox 829 1744 1000 1813; x_wconf 80' lang='grc' dir='ltr'>ἁγίων</span> <span class='ocrx_word' id='word_1_151' title='bbox 1049 1744 1344 1816; x_wconf 80' lang='grc' dir='ltr'>προφητῶν</span> <span class='ocrx_word' id='word_1_152' title='bbox 1369 1745 1822 1817; x_wconf 78' lang='grc' dir='ltr'>μεμαρτυρῆσθαί</span> 
     </span>
    </p>
   </div>
   <div class='ocr_carea' id='block_1_21' title="bbox 238 1830 1820 1909">
    <p class='ocr_par' dir='ltr' id='par_1_21' title="bbox 238 1830 1820 1909">
     <span class='ocr_line' id='line_1_21' title="bbox 238 1830 1820 1909; baseline 0.003 -21"><span class='ocrx_word' id='word_1_153' title='bbox 238 1835 426 1906; x_wconf 83' lang='grc' dir='ltr'>φησι),</span> <span class='ocrx_word' id='word_1_154' title='bbox 455 1838 552 1906; x_wconf 76' lang='grc' dir='ltr'>τὴν</span> <span class='ocrx_word' id='word_1_155' title='bbox 577 1835 666 1889; x_wconf 70' lang='grc' dir='ltr'>διὰ</span> <span class='ocrx_word' id='word_1_156' title='bbox 688 1837 923 1900; x_wconf 88' lang='grc' dir='ltr'>πίστεως</span> <span class='ocrx_word' id='word_1_157' title='bbox 947 1830 1083 1890; x_wconf 76' lang='grc' dir='ltr'>εἶναι</span> <span class='ocrx_word' id='word_1_158' title='bbox 1110 1835 1257 1905; x_wconf 80' lang='grc' dir='ltr'>λέγει</span> <span class='ocrx_word' id='word_1_159' title='bbox 1281 1836 1377 1907; x_wconf 76' lang='grc' dir='ltr'><strong>τὴν</strong></span> <span class='ocrx_word' id='word_1_160' title='bbox 1400 1835 1445 1874; x_wconf 69' lang='grc' dir='ltr'><strong>ι’</strong></span> <span class='ocrx_word' id='word_1_161' title='bbox 1475 1838 1555 1901; x_wconf 92' lang='grc' dir='ltr'>εἰς</span> <span class='ocrx_word' id='word_1_162' title='bbox 1583 1838 1820 1909; x_wconf 86' lang='grc' dir='ltr'>Χριστὸν</span> 
     </span>
    </p>
   </div>
   <div class='ocr_carea' id='block_1_22' title="bbox 249 1922 1822 1998">
    <p class='ocr_par' dir='ltr' id='par_1_22' title="bbox 249 1922 1822 1998">
     <span class='ocr_line' id='line_1_22' title="bbox 249 1922 1822 1998; baseline 0.003 -20"><span class='ocrx_word' id='word_1_163' title='bbox 249 1925 473 1998; x_wconf 82' lang='grc' dir='ltr'>Ἰησοῦν.</span> <span class='ocrx_word' id='word_1_164' title='bbox 512 1922 662 1991; x_wconf 78' lang='grc' dir='ltr'>Εἶτα,</span> <span class='ocrx_word' id='word_1_165' title='bbox 690 1925 808 1990; x_wconf 85' lang='grc' dir='ltr'>πῶς</span> <span class='ocrx_word' id='word_1_166' title='bbox 837 1927 897 1980; x_wconf 89' lang='grc' dir='ltr'><strong>οὑ</strong></span> <span class='ocrx_word' id='word_1_167' title='bbox 919 1926 1052 1990; x_wconf 85' lang='grc' dir='ltr'>Θεὸς</span> <span class='ocrx_word' id='word_1_168' title='bbox 1079 1929 1106 1980; x_wconf 91' lang='lat'><strong>6</strong></span> <span class='ocrx_word' id='word_1_169' title='bbox 1140 1927 1366 1980; x_wconf 79' lang='grc' dir='ltr'>δικαιῶν</span> <span class='ocrx_word' id='word_1_170' title='bbox 1390 1928 1516 1992; x_wconf 73' lang='grc' dir='ltr'>τοὺς</span> <span class='ocrx_word' id='word_1_171' title='bbox 1541 1929 1822 1983; x_wconf 74' lang='grc' dir='ltr'>πιστεῦον-</span> 
     </span>
    </p>
   </div>
   <div class='ocr_carea' id='block_1_23' title="bbox 235 2017 1820 2092">
    <p class='ocr_par' dir='ltr' id='par_1_23' title="bbox 235 2017 1820 2092">
     <span class='ocr_line' id='line_1_23' title="bbox 235 2017 1820 2092; baseline 0.004 -23"><span class='ocrx_word' id='word_1_172' title='bbox 235 2035 358 2081; x_wconf 87' lang='grc' dir='ltr'>τας,</span> <span class='ocrx_word' id='word_1_173' title='bbox 393 2017 585 2089; x_wconf 84' lang='grc' dir='ltr'>ὅτιπερ</span> <span class='ocrx_word' id='word_1_174' title='bbox 619 2017 703 2089; x_wconf 90' lang='grc' dir='ltr'><strong>εἴη</strong></span> <span class='ocrx_word' id='word_1_175' title='bbox 731 2017 863 2081; x_wconf 84' lang='grc' dir='ltr'>Θεὸς</span> <span class='ocrx_word' id='word_1_176' title='bbox 888 2018 1138 2088; x_wconf 85' lang='grc' dir='ltr'>ἀληθῶς;</span> <span class='ocrx_word' id='word_1_177' title='bbox 1174 2018 1275 2091; x_wconf 78' lang='grc' dir='ltr'><strong>ὁρᾷ</strong></span> <span class='ocrx_word' id='word_1_178' title='bbox 1305 2021 1414 2092; x_wconf 86' lang='grc' dir='ltr'>γὰρ</span> <span class='ocrx_word' id='word_1_179' title='bbox 1450 2021 1530 2085; x_wconf 85' lang='grc' dir='ltr'><strong>είς</strong></span> <span class='ocrx_word' id='word_1_180' title='bbox 1568 2021 1726 2075; x_wconf 86' lang='grc' dir='ltr'>τοῦτο</span> <span class='ocrx_word' id='word_1_181' title='bbox 1759 2022 1820 2076; x_wconf 83' lang='grc' dir='ltr'><strong>τὸ</strong></span> 
     </span>
    </p>
   </div>
   <div class='ocr_carea' id='block_1_24' title="bbox 235 2127 297 2162">
    <p class='ocr_par' dir='ltr' id='par_1_24' title="bbox 235 2127 297 2162">
     <span class='ocr_line' id='line_1_24' title="bbox 235 2127 297 2162; baseline 0 0"><span class='ocrx_word' id='word_1_182' title='bbox 235 2127 297 2162; x_wconf 66' lang='grc' dir='ltr'><strong>τη</strong></span> 
     </span>
    </p>
   </div>
   <div class='ocr_carea' id='block_1_25' title="bbox 236 2201 1816 2275">
    <p class='ocr_par' dir='ltr' id='par_1_25' title="bbox 236 2201 1816 2275">
     <span class='ocr_line' id='line_1_25' title="bbox 236 2201 1816 2275; baseline 0.003 -21"><span class='ocrx_word' id='word_1_183' title='bbox 236 2201 533 2273; x_wconf 68' lang='grc' dir='ltr'>προφητῶν</span> <span class='ocrx_word' id='word_1_184' title='bbox 557 2204 621 2272; x_wconf 82' lang='grc' dir='ltr'><strong>τῇ</strong></span> <span class='ocrx_word' id='word_1_185' title='bbox 646 2203 726 2265; x_wconf 80' lang='grc' dir='ltr'>εἰς</span> <span class='ocrx_word' id='word_1_186' title='bbox 751 2201 986 2273; x_wconf 83' lang='grc' dir='ltr'>Χριστὸν</span> <span class='ocrx_word' id='word_1_187' title='bbox 1013 2202 1212 2267; x_wconf 83' lang='grc' dir='ltr'>πίστει,</span> <span class='ocrx_word' id='word_1_188' title='bbox 1239 2205 1322 2266; x_wconf 90' lang='grc' dir='ltr'><strong>τίς</strong></span> <span class='ocrx_word' id='word_1_189' title='bbox 1346 2205 1374 2257; x_wconf 90' lang='lat'><strong>6</strong></span> <span class='ocrx_word' id='word_1_190' title='bbox 1398 2205 1561 2272; x_wconf 79' lang='grc' dir='ltr'>φάναι</span> <span class='ocrx_word' id='word_1_191' title='bbox 1581 2203 1816 2275; x_wconf 84' lang='grc' dir='ltr'>τολμῶν,</span> 
     </span>
    </p>
   </div>
   <div class='ocr_carea' id='block_1_26' title="bbox 235 2289 1814 2369">
    <p class='ocr_par' dir='ltr' id='par_1_26' title="bbox 235 2289 1814 2369">
     <span class='ocr_line' id='line_1_26' title="bbox 235 2289 1814 2369; baseline 0.004 -23"><span class='ocrx_word' id='word_1_192' title='bbox 235 2294 334 2346; x_wconf 80' lang='grc' dir='ltr'><strong>οὑκ</strong></span> <span class='ocrx_word' id='word_1_193' title='bbox 379 2289 516 2346; x_wconf 76' lang='grc' dir='ltr'>εἶναι</span> <span class='ocrx_word' id='word_1_194' title='bbox 553 2293 682 2346; x_wconf 86' lang='grc' dir='ltr'>Θεὸν</span> <span class='ocrx_word' id='word_1_195' title='bbox 719 2290 880 2348; x_wconf 83' lang='grc' dir='ltr'>αὑτὸν</span> <span class='ocrx_word' id='word_1_196' title='bbox 911 2294 998 2348; x_wconf 75' lang='grc' dir='ltr'><strong>διὰ</strong></span> <span class='ocrx_word' id='word_1_197' title='bbox 1027 2295 1089 2348; x_wconf 82' lang='grc' dir='ltr'><strong>τὸ</strong></span> <span class='ocrx_word' id='word_1_198' title='bbox 1127 2296 1485 2367; x_wconf 86' lang='grc' dir='ltr'>ἀνθρώπινον,</span> <span class='ocrx_word' id='word_1_199' title='bbox 1522 2299 1688 2369; x_wconf 71' lang='grc' dir='ltr'>ἤγουν</span> <span class='ocrx_word' id='word_1_200' title='bbox 1727 2299 1814 2353; x_wconf 84' lang='grc' dir='ltr'><strong>ὅτε</strong></span> 
     </span>
    </p>
   </div>
   <div class='ocr_carea' id='block_1_27' title="bbox 235 2383 896 2458">
    <p class='ocr_par' dir='ltr' id='par_1_27' title="bbox 235 2383 896 2458">
     <span class='ocr_line' id='line_1_27' title="bbox 235 2383 896 2458; baseline 0.002 -22"><span class='ocrx_word' id='word_1_201' title='bbox 235 2383 427 2453; x_wconf 84' lang='grc' dir='ltr'>γέγονε</span> <span class='ocrx_word' id='word_1_202' title='bbox 459 2383 595 2455; x_wconf 78' lang='grc' dir='ltr'>σὰρξ</span> <span class='ocrx_word' id='word_1_203' title='bbox 624 2385 652 2437; x_wconf 89' lang='lat'><strong>6</strong></span> <span class='ocrx_word' id='word_1_204' title='bbox 683 2383 896 2458; x_wconf 82' lang='grc' dir='ltr'>Λόγος;</span> 
     </span>
    </p>
   </div>
   <div class='ocr_carea' id='block_1_28' title="bbox 312 2562 1815 2640">
    <p class='ocr_par' dir='ltr' id='par_1_28' title="bbox 312 2562 1815 2640">
     <span class='ocr_line' id='line_1_28' title="bbox 312 2562 1815 2640; baseline 0.006 -25"><span class='ocrx_word' id='word_1_205' title='bbox 312 2581 330 2615; x_wconf 77' lang='grc' dir='ltr'><strong>ι</strong></span> <span class='ocrx_word' id='word_1_206' title='bbox 363 2564 568 2627; x_wconf 79' lang='grc' dir='ltr'>Πάντες</span> <span class='ocrx_word' id='word_1_207' title='bbox 594 2563 700 2634; x_wconf 78' lang='grc' dir='ltr'><strong>γὰρ</strong></span> <span class='ocrx_word' id='word_1_208' title='bbox 730 2565 1001 2636; x_wconf 78' lang='grc' dir='ltr'>ἥμαρτον,</span> <span class='ocrx_word' id='word_1_209' title='bbox 1023 2564 1118 2617; x_wconf 76' lang='grc' dir='ltr'><strong>καὶ</strong></span> <span class='ocrx_word' id='word_1_210' title='bbox 1151 2562 1506 2637; x_wconf 72' lang='grc' dir='ltr'>ὑστεροῦνται</span> <span class='ocrx_word' id='word_1_211' title='bbox 1537 2567 1635 2640; x_wconf 80' lang='grc' dir='ltr'>τῆς</span> <span class='ocrx_word' id='word_1_212' title='bbox 1655 2568 1815 2640; x_wconf 80' lang='grc' dir='ltr'>δόξης</span> 
     </span>
    </p>
   </div>
   <div class='ocr_carea' id='block_1_29' title="bbox 234 2655 1816 2733">
    <p class='ocr_par' dir='ltr' id='par_1_29' title="bbox 234 2655 1816 2733">
     <span class='ocr_line' id='line_1_29' title="bbox 234 2655 1816 2733; baseline 0.004 -23"><span class='ocrx_word' id='word_1_213' title='bbox 234 2657 327 2710; x_wconf 83' lang='grc' dir='ltr'><strong>τοῦ</strong></span> <span class='ocrx_word' id='word_1_214' title='bbox 360 2656 516 2721; x_wconf 88' lang='grc' dir='ltr'>Θεοῦ,</span> <span class='ocrx_word' id='word_1_215' title='bbox 557 2655 919 2728; x_wconf 78' lang='grc' dir='ltr'>δικαιούμενοι</span> <span class='ocrx_word' id='word_1_216' title='bbox 965 2656 1175 2728; x_wconf 73' lang='grc' dir='ltr'>δωρεὰν</span> <span class='ocrx_word' id='word_1_217' title='bbox 1201 2660 1266 2730; x_wconf 78' lang='grc' dir='ltr'><strong>τῇ</strong></span> <span class='ocrx_word' id='word_1_218' title='bbox 1293 2658 1460 2712; x_wconf 86' lang='grc' dir='ltr'>αὑτοῦ</span> <span class='ocrx_word' id='word_1_219' title='bbox 1491 2661 1696 2733; x_wconf 80' lang='grc' dir='ltr'>χάριτι,</span> <span class='ocrx_word' id='word_1_220' title='bbox 1725 2662 1816 2716; x_wconf 80' lang='grc' dir='ltr'>διὰ</span> 
     </span>
    </p>
   </div>
   <div class='ocr_carea' id='block_1_30' title="bbox 233 2748 1818 2823">
    <p class='ocr_par' dir='ltr' id='par_1_30' title="bbox 233 2748 1818 2823">
     <span class='ocr_line' id='line_1_30' title="bbox 233 2748 1818 2823; baseline 0.003 -21"><span class='ocrx_word' id='word_1_221' title='bbox 233 2750 334 2820; x_wconf 80' lang='grc' dir='ltr'><strong>τῆς</strong></span> <span class='ocrx_word' id='word_1_222' title='bbox 383 2748 815 2820; x_wconf 82' lang='grc' dir='ltr'>ἀπολυτρώσεως</span> <span class='ocrx_word' id='word_1_223' title='bbox 862 2749 961 2821; x_wconf 83' lang='grc' dir='ltr'>τῆς</span> <span class='ocrx_word' id='word_1_224' title='bbox 1008 2750 1066 2804; x_wconf 85' lang='grc' dir='ltr'>ὲν</span> <span class='ocrx_word' id='word_1_225' title='bbox 1117 2751 1340 2823; x_wconf 89' lang='grc' dir='ltr'>Χριστῷ</span> <span class='ocrx_word' id='word_1_226' title='bbox 1374 2749 1570 2823; x_wconf 83' lang='grc' dir='ltr'>Ἰησοῦ.</span> <span class='ocrx_word' id='word_1_227' title='bbox 1605 2773 1624 2806; x_wconf 73' lang='grc' dir='ltr'><strong>ι</strong></span> <span class='ocrx_word' id='word_1_228' title='bbox 1664 2754 1728 2807; x_wconf 76' lang='lat' dir='ltr'><strong>Ei</strong></span> <span class='ocrx_word' id='word_1_229' title='bbox 1757 2753 1818 2807; x_wconf 91' lang='grc' dir='ltr'><strong>τὸ</strong></span> 
     </span>
    </p>
   </div>
   <div class='ocr_carea' id='block_1_31' title="bbox 235 2841 1816 2919">
    <p class='ocr_par' dir='ltr' id='par_1_31' title="bbox 235 2841 1816 2919">
     <span class='ocr_line' id='line_1_31' title="bbox 235 2841 1816 2919; baseline 0.004 -25"><span class='ocrx_word' id='word_1_230' title='bbox 235 2842 570 2913; x_wconf 77' lang='grc' dir='ltr'>ἁμαρτάνειν</span> <span class='ocrx_word' id='word_1_231' title='bbox 614 2842 760 2913; x_wconf 78' lang='grc' dir='ltr'>ἡμᾶς</span> <span class='ocrx_word' id='word_1_232' title='bbox 809 2841 1152 2913; x_wconf 80' lang='grc' dir='ltr'>ὑστερεῖσθαι</span> <span class='ocrx_word' id='word_1_233' title='bbox 1201 2846 1345 2897; x_wconf 85' lang='grc' dir='ltr'>ποιεῖ</span> <span class='ocrx_word' id='word_1_234' title='bbox 1389 2845 1487 2916; x_wconf 86' lang='grc' dir='ltr'>τῆς</span> <span class='ocrx_word' id='word_1_235' title='bbox 1518 2844 1676 2919; x_wconf 80' lang='grc' dir='ltr'>δόξης</span> <span class='ocrx_word' id='word_1_236' title='bbox 1721 2841 1816 2900; x_wconf 87' lang='grc' dir='ltr'><strong>τοῦ</strong></span> 
     </span>
    </p>
   </div>
   <div class='ocr_carea' id='block_1_32' title="bbox 235 2929 1818 3010">
    <p class='ocr_par' dir='ltr' id='par_1_32' title="bbox 235 2929 1818 3010">
     <span class='ocr_line' id='line_1_32' title="bbox 235 2929 1818 3010; baseline 0.005 -26"><span class='ocrx_word' id='word_1_237' title='bbox 235 2932 396 2996; x_wconf 77' lang='grc' dir='ltr'>Θεοῦ,</span> <span class='ocrx_word' id='word_1_238' title='bbox 427 2934 508 2986; x_wconf 87' lang='grc' dir='ltr'><strong>ὅτι</strong></span> <span class='ocrx_word' id='word_1_239' title='bbox 559 2933 632 3003; x_wconf 84' lang='grc' dir='ltr'>μὴ</span> <span class='ocrx_word' id='word_1_240' title='bbox 681 2929 820 2986; x_wconf 80' lang='grc' dir='ltr'>οἶδεν</span> <span class='ocrx_word' id='word_1_241' title='bbox 863 2934 1172 3004; x_wconf 85' lang='grc' dir='ltr'>ἁμαρτίαν·</span> <span class='ocrx_word' id='word_1_242' title='bbox 1223 2936 1535 3008; x_wconf 84' lang='grc' dir='ltr'>γέγραπται</span> <span class='ocrx_word' id='word_1_243' title='bbox 1581 2937 1639 2992; x_wconf 80' lang='grc' dir='ltr'>δὲ</span> <span class='ocrx_word' id='word_1_244' title='bbox 1689 2940 1818 3010; x_wconf 72' lang='grc' dir='ltr'>περὶ</span> 
     </span>
    </p>
   </div>
   <div class='ocr_carea' id='block_1_33' title="bbox 292 2109 1858 2193">
    <p class='ocr_par' dir='ltr' id='par_1_33' title="bbox 292 2109 1858 2193">
     <span class='ocr_line' id='line_1_33' title="bbox 292 2109 1858 2193; baseline 0.003 -32"><span class='ocrx_word' id='word_1_245' title='bbox 292 2113 334 2179; x_wconf 52' lang='grc' dir='ltr'>λς</span> <span class='ocrx_word' id='word_1_246' title='bbox 387 2109 622 2173; x_wconf 81' lang='grc' dir='ltr'>πίστεως</span> <span class='ocrx_word' id='word_1_247' title='bbox 666 2109 862 2181; x_wconf 83' lang='grc' dir='ltr'>πέρας.</span> <span class='ocrx_word' id='word_1_248' title='bbox 906 2111 1344 2182; x_wconf 64' lang='grc' dir='ltr'>ΒῘαρτυροὺντων</span> <span class='ocrx_word' id='word_1_249' title='bbox 1392 2109 1448 2165; x_wconf 81' lang='grc' dir='ltr'>δὲ</span> <span class='ocrx_word' id='word_1_250' title='bbox 1498 2111 1606 2166; x_wconf 85' lang='grc' dir='ltr'><strong>τῶν</strong></span> <span class='ocrx_word' id='word_1_251' title='bbox 1649 2113 1819 2182; x_wconf 86' lang='grc' dir='ltr'>ἁγίων</span> <span class='ocrx_word' id='word_1_252' title='bbox 1845 2183 1858 2193; x_wconf 47' lang='lat'><em>.</em></span> 
     </span>
    </p>
   </div>
   <div class='ocr_carea' id='block_1_34' title="bbox 1937 459 3514 526">
    <p class='ocr_par' dir='ltr' id='par_1_34' title="bbox 1937 459 3514 526">
     <span class='ocr_line' id='line_1_34' title="bbox 1937 459 3514 526; baseline 0 -14"><span class='ocrx_word' id='word_1_253' title='bbox 1937 461 2176 526; x_wconf 88' lang='lat' dir='ltr'><strong>bonum,</strong></span> <span class='ocrx_word' id='word_1_254' title='bbox 2219 462 2337 516; x_wconf 85' lang='lat' dir='ltr'><strong>sive</strong></span> <span class='ocrx_word' id='word_1_255' title='bbox 2381 459 2600 515; x_wconf 86' lang='lat' dir='ltr'><strong>malum.</strong></span> <span class='ocrx_word' id='word_1_256' title='bbox 2661 459 2805 515; x_wconf 77' lang='lat' dir='ltr'><strong>Dixit</strong></span> <span class='ocrx_word' id='word_1_257' title='bbox 2845 460 2971 515; x_wconf 92' lang='lat' dir='ltr'><strong>item</strong></span> <span class='ocrx_word' id='word_1_258' title='bbox 3013 459 3154 514; x_wconf 86' lang='lat' dir='ltr'><strong>alius</strong></span> <span class='ocrx_word' id='word_1_259' title='bbox 3203 473 3270 514; x_wconf 80' lang='lat' dir='ltr'><strong>ex</strong></span> <span class='ocrx_word' id='word_1_260' title='bbox 3309 461 3514 514; x_wconf 75' lang='lat' dir='ltr'><strong>sanctis</strong></span> 
     </span>
    </p>
   </div>
   <div class='ocr_carea' id='block_1_35' title="bbox 1933 551 3514 623">
    <p class='ocr_par' dir='ltr' id='par_1_35' title="bbox 1933 551 3514 623">
     <span class='ocr_line' id='line_1_35' title="bbox 1933 551 3514 623; baseline 0 -19"><span class='ocrx_word' id='word_1_261' title='bbox 1933 553 2193 621; x_wconf 79' lang='lat' dir='ltr'><strong>apostolis</strong></span> <span class='ocrx_word' id='word_1_262' title='bbox 2225 569 2239 606; x_wconf 90' lang='lat'><strong>:</strong></span> <span class='ocrx_word' id='word_1_263' title='bbox 2275 572 2293 605; x_wconf 87' lang='grc'><em>‹</em></span> <span class='ocrx_word' id='word_1_264' title='bbox 2328 551 2474 608; x_wconf 89' lang='lat' dir='ltr'><strong>Unus</strong></span> <span class='ocrx_word' id='word_1_265' title='bbox 2503 561 2586 608; x_wconf 85' lang='lat' dir='ltr'><strong>est</strong></span> <span class='ocrx_word' id='word_1_266' title='bbox 2625 551 2904 623; x_wconf 84' lang='lat' dir='ltr'><strong>legislator</strong></span> <span class='ocrx_word' id='word_1_267' title='bbox 2930 563 2984 608; x_wconf 91' lang='lat' dir='ltr'><strong>et</strong></span> <span class='ocrx_word' id='word_1_268' title='bbox 3010 552 3172 622; x_wconf 81' lang='lat' dir='ltr'><strong>jndex</strong></span> <span class='ocrx_word' id='word_1_269' title='bbox 3195 553 3265 607; x_wconf 78' lang='lat'><strong>“.</strong></span> <span class='ocrx_word' id='word_1_270' title='bbox 3299 571 3318 605; x_wconf 72' lang='grc' dir='ltr'><strong>ι</strong></span> <span class='ocrx_word' id='word_1_271' title='bbox 3353 552 3514 607; x_wconf 89' lang='lat' dir='ltr'><strong>Canit</strong></span> 
     </span>
    </p>
   </div>
   <div class='ocr_carea' id='block_1_36' title="bbox 1932 643 3508 716">
    <p class='ocr_par' dir='ltr' id='par_1_36' title="bbox 1932 643 3508 716">
     <span class='ocr_line' id='line_1_36' title="bbox 1932 643 3508 716; baseline -0.003 -16"><span class='ocrx_word' id='word_1_272' title='bbox 1932 656 1988 700; x_wconf 86' lang='lat' dir='ltr'><strong>et</strong></span> <span class='ocrx_word' id='word_1_273' title='bbox 2047 645 2160 714; x_wconf 91' lang='lat' dir='ltr'><strong>ipse</strong></span> <span class='ocrx_word' id='word_1_274' title='bbox 2219 644 2386 699; x_wconf 86' lang='lat' dir='ltr'><strong>David</strong></span> <span class='ocrx_word' id='word_1_275' title='bbox 2441 660 2662 716; x_wconf 88' lang='lat' dir='ltr'><strong>quoque</strong></span> <span class='ocrx_word' id='word_1_276' title='bbox 2710 663 2723 700; x_wconf 90' lang='lat'><strong>:</strong></span> <span class='ocrx_word' id='word_1_277' title='bbox 2773 663 2791 696; x_wconf 75' lang='grc' dir='ltr'><strong>ι</strong></span> <span class='ocrx_word' id='word_1_278' title='bbox 2825 645 3089 713; x_wconf 81' lang='lat' dir='ltr'><strong>Quoniam</strong></span> <span class='ocrx_word' id='word_1_279' title='bbox 3146 644 3287 698; x_wconf 91' lang='lat' dir='ltr'><strong>Deus</strong></span> <span class='ocrx_word' id='word_1_280' title='bbox 3342 643 3508 713; x_wconf 73' lang='lat' dir='ltr'><strong>judex</strong></span> 
     </span>
    </p>
   </div>
   <div class='ocr_carea' id='block_1_37' title="bbox 1931 721 3512 808">
    <p class='ocr_par' dir='ltr' id='par_1_37' title="bbox 1931 721 3512 808">
     <span class='ocr_line' id='line_1_37' title="bbox 1931 721 3512 808; baseline -0.003 -17"><span class='ocrx_word' id='word_1_281' title='bbox 1931 738 2104 791; x_wconf 82' lang='lat' dir='ltr'><strong>est&quot;.</strong></span> <span class='ocrx_word' id='word_1_282' title='bbox 2137 756 2153 789; x_wconf 79' lang='grc' dir='ltr'><strong>ι</strong></span> <span class='ocrx_word' id='word_1_283' title='bbox 2183 721 2319 791; x_wconf 77' lang='grc' dir='ltr'>Οὐιιι</span> <span class='ocrx_word' id='word_1_284' title='bbox 2355 738 2521 808; x_wconf 82' lang='lat' dir='ltr'><strong>igitur</strong></span> <span class='ocrx_word' id='word_1_285' title='bbox 2553 738 2879 794; x_wconf 85' lang='lat' dir='ltr'><strong>sententiam</strong></span> <span class='ocrx_word' id='word_1_286' title='bbox 2917 752 3081 808; x_wconf 89' lang='lat' dir='ltr'><strong>quam</strong></span> <span class='ocrx_word' id='word_1_287' title='bbox 3124 735 3376 791; x_wconf 87' lang='lat' dir='ltr'><strong>Christus</strong></span> <span class='ocrx_word' id='word_1_288' title='bbox 3413 751 3512 805; x_wconf 88' lang='lat' dir='ltr'><strong>pro</strong></span> 
     </span>
    </p>
   </div>
   <div class='ocr_carea' id='block_1_38' title="bbox 1933 827 3511 900">
    <p class='ocr_par' dir='ltr' id='par_1_38' title="bbox 1933 827 3511 900">
     <span class='ocr_line' id='line_1_38' title="bbox 1933 827 3511 900; baseline -0.003 -16"><span class='ocrx_word' id='word_1_289' title='bbox 1933 830 2116 884; x_wconf 79' lang='lat' dir='ltr'><strong>divino</strong></span> <span class='ocrx_word' id='word_1_290' title='bbox 2155 831 2412 884; x_wconf 82' lang='lat' dir='ltr'><strong>tribunali</strong></span> <span class='ocrx_word' id='word_1_291' title='bbox 2449 832 2646 885; x_wconf 88' lang='lat' dir='ltr'><strong>sedens</strong></span> <span class='ocrx_word' id='word_1_292' title='bbox 2674 833 2960 900; x_wconf 81' lang='lat' dir='ltr'><strong>(sistentur</strong></span> <span class='ocrx_word' id='word_1_293' title='bbox 2992 829 3136 884; x_wconf 90' lang='lat' dir='ltr'><strong>enim</strong></span> <span class='ocrx_word' id='word_1_294' title='bbox 3177 836 3304 882; x_wconf 82' lang='lat' dir='ltr'><strong>ante</strong></span> <span class='ocrx_word' id='word_1_295' title='bbox 3341 827 3511 881; x_wconf 86' lang='lat' dir='ltr'><strong>tribn-</strong></span> 
     </span>
    </p>
   </div>
   <div class='ocr_carea' id='block_1_39' title="bbox 1931 916 3510 990">
    <p class='ocr_par' dir='ltr' id='par_1_39' title="bbox 1931 916 3510 990">
     <span class='ocr_line' id='line_1_39' title="bbox 1931 916 3510 990; baseline -0.003 -16"><span class='ocrx_word' id='word_1_296' title='bbox 1931 920 2018 974; x_wconf 85' lang='lat' dir='ltr'><strong>nal</strong></span> <span class='ocrx_word' id='word_1_297' title='bbox 2046 921 2211 982; x_wconf 89' lang='lat' dir='ltr'><strong>illius.</strong></span> <span class='ocrx_word' id='word_1_298' title='bbox 2244 935 2347 974; x_wconf 90' lang='lat' dir='ltr'><strong>non</strong></span> <span class='ocrx_word' id='word_1_299' title='bbox 2390 930 2644 990; x_wconf 87' lang='lat' dir='ltr'><strong>tanquam</strong></span> <span class='ocrx_word' id='word_1_300' title='bbox 2684 919 2919 974; x_wconf 86' lang='lat' dir='ltr'><strong>hominis</strong></span> <span class='ocrx_word' id='word_1_301' title='bbox 2951 917 3121 973; x_wconf 83' lang='lat' dir='ltr'><strong>nostri</strong></span> <span class='ocrx_word' id='word_1_302' title='bbox 3158 916 3370 982; x_wconf 82' lang='lat' dir='ltr'><strong>similis,</strong></span> <span class='ocrx_word' id='word_1_303' title='bbox 3414 918 3510 970; x_wconf 87' lang='lat' dir='ltr'><strong>sed</strong></span> 
     </span>
    </p>
   </div>
   <div class='ocr_carea' id='block_1_40' title="bbox 1934 999 3514 1082">
    <p class='ocr_par' dir='ltr' id='par_1_40' title="bbox 1934 999 3514 1082">
     <span class='ocr_line' id='line_1_40' title="bbox 1934 999 3514 1082; baseline -0.004 -16"><span class='ocrx_word' id='word_1_304' title='bbox 1934 1020 2190 1081; x_wconf 86' lang='lat' dir='ltr'><strong>tanquam</strong></span> <span class='ocrx_word' id='word_1_305' title='bbox 2221 1011 2312 1067; x_wconf 87' lang='lat' dir='ltr'><strong>Dei</strong></span> <span class='ocrx_word' id='word_1_306' title='bbox 2354 1011 2653 1082; x_wconf 83' lang='lat' dir='ltr'><strong>etjndicis,</strong></span> <span class='ocrx_word' id='word_1_307' title='bbox 2691 1021 2745 1067; x_wconf 91' lang='lat' dir='ltr'><strong>et</strong></span> <span class='ocrx_word' id='word_1_308' title='bbox 2784 999 3132 1082; x_wconf 82' lang='lat' dir='ltr'><strong>legislatoris)</strong></span> <span class='ocrx_word' id='word_1_309' title='bbox 3178 1010 3242 1065; x_wconf 90' lang='lat' dir='ltr'><strong>de</strong></span> <span class='ocrx_word' id='word_1_310' title='bbox 3274 1007 3514 1077; x_wconf 88' lang='lat' dir='ltr'><strong>quolibet</strong></span> 
     </span>
    </p>
   </div>
   <div class='ocr_carea' id='block_1_41' title="bbox 1932 1098 3509 1178">
    <p class='ocr_par' dir='ltr' id='par_1_41' title="bbox 1932 1098 3509 1178">
     <span class='ocr_line' id='line_1_41' title="bbox 1932 1098 3509 1178; baseline -0.004 -20"><span class='ocrx_word' id='word_1_311' title='bbox 1932 1104 2141 1158; x_wconf 83' lang='lat' dir='ltr'><strong>laturus</strong></span> <span class='ocrx_word' id='word_1_312' title='bbox 2165 1115 2270 1178; x_wconf 73' lang='lat' dir='ltr'><strong>est,</strong></span> <span class='ocrx_word' id='word_1_313' title='bbox 2290 1103 2494 1172; x_wconf 87' lang='lat' dir='ltr'><strong>justum</strong></span> <span class='ocrx_word' id='word_1_314' title='bbox 2517 1103 2609 1159; x_wconf 85' lang='lat' dir='ltr'><strong>Dei</strong></span> <span class='ocrx_word' id='word_1_315' title='bbox 2640 1103 2903 1172; x_wconf 86' lang='lat' dir='ltr'><strong>judicium</strong></span> <span class='ocrx_word' id='word_1_316' title='bbox 2939 1101 3228 1172; x_wconf 83' lang='lat' dir='ltr'><strong>Apostolus</strong></span> <span class='ocrx_word' id='word_1_317' title='bbox 3254 1098 3509 1170; x_wconf 86' lang='lat' dir='ltr'><strong>appellet,</strong></span> 
     </span>
    </p>
   </div>
   <div class='ocr_carea' id='block_1_42' title="bbox 1932 1190 3508 1264">
    <p class='ocr_par' dir='ltr' id='par_1_42' title="bbox 1932 1190 3508 1264">
     <span class='ocr_line' id='line_1_42' title="bbox 1932 1190 3508 1264; baseline -0.004 -15"><span class='ocrx_word' id='word_1_318' title='bbox 1932 1195 2204 1264; x_wconf 85' lang='lat' dir='ltr'><strong>quomodo</strong></span> <span class='ocrx_word' id='word_1_319' title='bbox 2227 1195 2476 1251; x_wconf 81' lang='lat' dir='ltr'><strong>Christus</strong></span> <span class='ocrx_word' id='word_1_320' title='bbox 2507 1212 2614 1250; x_wconf 90' lang='lat' dir='ltr'><strong>non</strong></span> <span class='ocrx_word' id='word_1_321' title='bbox 2645 1205 2728 1250; x_wconf 89' lang='lat' dir='ltr'><strong>est</strong></span> <span class='ocrx_word' id='word_1_322' title='bbox 2755 1194 2933 1249; x_wconf 85' lang='lat' dir='ltr'><strong>Dens?</strong></span> <span class='ocrx_word' id='word_1_323' title='bbox 2970 1213 2988 1246; x_wconf 87' lang='grc'><strong>‹</strong></span> <span class='ocrx_word' id='word_1_324' title='bbox 3020 1193 3124 1247; x_wconf 90' lang='lat' dir='ltr'><strong>Per</strong></span> <span class='ocrx_word' id='word_1_325' title='bbox 3154 1194 3326 1262; x_wconf 86' lang='lat' dir='ltr'><strong>legem</strong></span> <span class='ocrx_word' id='word_1_326' title='bbox 3363 1190 3508 1246; x_wconf 87' lang='lat' dir='ltr'><strong>enim</strong></span> 
     </span>
    </p>
   </div>
   <div class='ocr_carea' id='block_1_43' title="bbox 1932 1281 3506 1356">
    <p class='ocr_par' dir='ltr' id='par_1_43' title="bbox 1932 1281 3506 1356">
     <span class='ocr_line' id='line_1_43' title="bbox 1932 1281 3506 1356; baseline -0.004 -15"><span class='ocrx_word' id='word_1_327' title='bbox 1932 1287 2172 1355; x_wconf 80' lang='lat' dir='ltr'><strong>cognitio</strong></span> <span class='ocrx_word' id='word_1_328' title='bbox 2231 1287 2460 1356; x_wconf 82' lang='lat' dir='ltr'><strong>peccati.</strong></span> <span class='ocrx_word' id='word_1_329' title='bbox 2511 1286 2664 1342; x_wconf 85' lang='lat' dir='ltr'><strong>Nunc</strong></span> <span class='ocrx_word' id='word_1_330' title='bbox 2721 1297 2900 1341; x_wconf 85' lang='lat' dir='ltr'><strong>autem</strong></span> <span class='ocrx_word' id='word_1_331' title='bbox 2963 1285 3081 1339; x_wconf 89' lang='lat' dir='ltr'><strong>sine</strong></span> <span class='ocrx_word' id='word_1_332' title='bbox 3131 1283 3348 1354; x_wconf 87' lang='lat' dir='ltr'><strong>justitia</strong></span> <span class='ocrx_word' id='word_1_333' title='bbox 3413 1281 3506 1336; x_wconf 92' lang='lat' dir='ltr'><strong>Dci</strong></span> 
     </span>
    </p>
   </div>
   <div class='ocr_carea' id='block_1_44' title="bbox 1933 1373 3509 1447">
    <p class='ocr_par' dir='ltr' id='par_1_44' title="bbox 1933 1373 3509 1447">
     <span class='ocr_line' id='line_1_44' title="bbox 1933 1373 3509 1447; baseline -0.005 -15"><span class='ocrx_word' id='word_1_334' title='bbox 1933 1377 2282 1434; x_wconf 83' lang='lat' dir='ltr'><strong>manifestata</strong></span> <span class='ocrx_word' id='word_1_335' title='bbox 2316 1389 2420 1445; x_wconf 91' lang='lat' dir='ltr'><strong>est,</strong></span> <span class='ocrx_word' id='word_1_336' title='bbox 2455 1378 2742 1433; x_wconf 75' lang='lat' dir='ltr'><strong>testiﬁcata</strong></span> <span class='ocrx_word' id='word_1_337' title='bbox 2784 1394 2814 1433; x_wconf 92' lang='lat' dir='ltr'><strong>a</strong></span> <span class='ocrx_word' id='word_1_338' title='bbox 2853 1379 2968 1447; x_wconf 81' lang='lat' dir='ltr'><strong>lege</strong></span> <span class='ocrx_word' id='word_1_339' title='bbox 3001 1386 3051 1430; x_wconf 89' lang='lat' dir='ltr'><strong>et</strong></span> <span class='ocrx_word' id='word_1_340' title='bbox 3091 1375 3391 1446; x_wconf 82' lang='lat' dir='ltr'><strong>prophetis.</strong></span> <span class='ocrx_word' id='word_1_341' title='bbox 3421 1373 3509 1428; x_wconf 79' lang='lat' dir='ltr'><strong>Ju-</strong></span> 
     </span>
    </p>
   </div>
   <div class='ocr_carea' id='block_1_45' title="bbox 1932 1464 3510 1538">
    <p class='ocr_par' dir='ltr' id='par_1_45' title="bbox 1932 1464 3510 1538">
     <span class='ocr_line' id='line_1_45' title="bbox 1932 1464 3510 1538; baseline -0.004 -16"><span class='ocrx_word' id='word_1_342' title='bbox 1932 1468 2080 1522; x_wconf 78' lang='lat' dir='ltr'><strong>Stitia</strong></span> <span class='ocrx_word' id='word_1_343' title='bbox 2116 1477 2293 1521; x_wconf 89' lang='lat' dir='ltr'><strong>autem</strong></span> <span class='ocrx_word' id='word_1_344' title='bbox 2342 1467 2435 1524; x_wconf 87' lang='lat' dir='ltr'><strong>Dei</strong></span> <span class='ocrx_word' id='word_1_345' title='bbox 2480 1484 2577 1538; x_wconf 84' lang='lat' dir='ltr'><strong>per</strong></span> <span class='ocrx_word' id='word_1_346' title='bbox 2621 1467 2776 1522; x_wconf 77' lang='lat' dir='ltr'><strong>[idem</strong></span> <span class='ocrx_word' id='word_1_347' title='bbox 2808 1465 2936 1522; x_wconf 81' lang='lat' dir='ltr'><strong>Jesu</strong></span> <span class='ocrx_word' id='word_1_348' title='bbox 2977 1465 3179 1520; x_wconf 85' lang='lat' dir='ltr'><strong>Christi</strong></span> <span class='ocrx_word' id='word_1_349' title='bbox 3229 1464 3280 1518; x_wconf 92' lang='lat' dir='ltr'><strong>in</strong></span> <span class='ocrx_word' id='word_1_350' title='bbox 3319 1478 3510 1517; x_wconf 86' lang='lat' dir='ltr'><strong>omnes</strong></span> 
     </span>
    </p>
   </div>
   <div class='ocr_carea' id='block_1_46' title="bbox 1931 1554 3510 1629">
    <p class='ocr_par' dir='ltr' id='par_1_46' title="bbox 1931 1554 3510 1629">
     <span class='ocr_line' id='line_1_46' title="bbox 1931 1554 3510 1629; baseline -0.003 -16"><span class='ocrx_word' id='word_1_351' title='bbox 1931 1570 1985 1613; x_wconf 90' lang='lat' dir='ltr'><strong>et</strong></span> <span class='ocrx_word' id='word_1_352' title='bbox 2011 1573 2175 1628; x_wconf 88' lang='lat' dir='ltr'><strong>super</strong></span> <span class='ocrx_word' id='word_1_353' title='bbox 2206 1574 2411 1620; x_wconf 87' lang='lat' dir='ltr'><strong>omnes,</strong></span> <span class='ocrx_word' id='word_1_354' title='bbox 2443 1560 2533 1629; x_wconf 90' lang='lat' dir='ltr'><strong>qui</strong></span> <span class='ocrx_word' id='word_1_355' title='bbox 2575 1558 2805 1612; x_wconf 88' lang='lat' dir='ltr'><strong>credunt</strong></span> <span class='ocrx_word' id='word_1_356' title='bbox 2837 1559 2890 1611; x_wconf 92' lang='lat' dir='ltr'><strong>in</strong></span> <span class='ocrx_word' id='word_1_357' title='bbox 2932 1556 3141 1610; x_wconf 79' lang='lat' dir='ltr'><strong>eum&quot;.</strong></span> <span class='ocrx_word' id='word_1_358' title='bbox 3175 1575 3192 1607; x_wconf 78' lang='grc' dir='ltr'><strong>ι</strong></span> <span class='ocrx_word' id='word_1_359' title='bbox 3231 1555 3360 1610; x_wconf 86' lang='lat' dir='ltr'><strong>Sine</strong></span> <span class='ocrx_word' id='word_1_360' title='bbox 3394 1554 3510 1624; x_wconf 86' lang='lat' dir='ltr'><strong>lege</strong></span> 
     </span>
    </p>
   </div>
   <div class='ocr_carea' id='block_1_47' title="bbox 1927 1647 3505 1722">
    <p class='ocr_par' dir='ltr' id='par_1_47' title="bbox 1927 1647 3505 1722">
     <span class='ocr_line' id='line_1_47' title="bbox 1927 1647 3505 1722; baseline -0.004 -18"><span class='ocrx_word' id='word_1_361' title='bbox 1927 1650 2192 1720; x_wconf 90' lang='lat' dir='ltr'><strong>justitiam</strong></span> <span class='ocrx_word' id='word_1_362' title='bbox 2236 1650 2421 1722; x_wconf 90' lang='lat' dir='ltr'><strong>(quam</strong></span> <span class='ocrx_word' id='word_1_363' title='bbox 2469 1665 2498 1704; x_wconf 92' lang='lat' dir='ltr'><strong>a</strong></span> <span class='ocrx_word' id='word_1_364' title='bbox 2549 1649 2754 1705; x_wconf 85' lang='lat' dir='ltr'><strong>sanctis</strong></span> <span class='ocrx_word' id='word_1_365' title='bbox 2792 1663 3007 1718; x_wconf 88' lang='lat' dir='ltr'><strong>quoque</strong></span> <span class='ocrx_word' id='word_1_366' title='bbox 3036 1647 3316 1718; x_wconf 76' lang='lat' dir='ltr'><strong>prophetis</strong></span> <span class='ocrx_word' id='word_1_367' title='bbox 3350 1648 3505 1700; x_wconf 80' lang='lat' dir='ltr'><strong>testi-</strong></span> 
     </span>
    </p>
   </div>
   <div class='ocr_carea' id='block_1_48' title="bbox 1929 1740 3505 1812">
    <p class='ocr_par' dir='ltr' id='par_1_48' title="bbox 1929 1740 3505 1812">
     <span class='ocr_line' id='line_1_48' title="bbox 1929 1740 3505 1812; baseline -0.004 -15"><span class='ocrx_word' id='word_1_368' title='bbox 1929 1743 2166 1798; x_wconf 90' lang='lat' dir='ltr'><strong>monium</strong></span> <span class='ocrx_word' id='word_1_369' title='bbox 2195 1743 2450 1799; x_wconf 82' lang='lat' dir='ltr'><strong>habuisse</strong></span> <span class='ocrx_word' id='word_1_370' title='bbox 2475 1743 2718 1812; x_wconf 85' lang='lat' dir='ltr'><strong>asserit),</strong></span> <span class='ocrx_word' id='word_1_371' title='bbox 2737 1755 2854 1798; x_wconf 88' lang='lat' dir='ltr'><strong>cam</strong></span> <span class='ocrx_word' id='word_1_372' title='bbox 2877 1741 2978 1796; x_wconf 91' lang='lat' dir='ltr'><strong>hoc</strong></span> <span class='ocrx_word' id='word_1_373' title='bbox 3009 1740 3124 1795; x_wconf 85' lang='lat' dir='ltr'><strong>loco</strong></span> <span class='ocrx_word' id='word_1_374' title='bbox 3150 1740 3356 1798; x_wconf 86' lang='lat' dir='ltr'><strong>delinit,</strong></span> <span class='ocrx_word' id='word_1_375' title='bbox 3383 1754 3505 1807; x_wconf 78' lang='lat' dir='ltr'><strong>qua:</strong></span> 
     </span>
    </p>
   </div>
   <div class='ocr_carea' id='block_1_49' title="bbox 1923 1833 3502 1905">
    <p class='ocr_par' dir='ltr' id='par_1_49' title="bbox 1923 1833 3502 1905">
     <span class='ocr_line' id='line_1_49' title="bbox 1923 1833 3502 1905; baseline -0.003 -17"><span class='ocrx_word' id='word_1_376' title='bbox 1923 1844 2009 1888; x_wconf 89' lang='lat' dir='ltr'><strong>est</strong></span> <span class='ocrx_word' id='word_1_377' title='bbox 2046 1849 2143 1905; x_wconf 91' lang='lat' dir='ltr'><strong>per</strong></span> <span class='ocrx_word' id='word_1_378' title='bbox 2176 1834 2335 1889; x_wconf 85' lang='lat' dir='ltr'><strong>ﬁdem</strong></span> <span class='ocrx_word' id='word_1_379' title='bbox 2391 1836 2444 1890; x_wconf 91' lang='lat' dir='ltr'><strong>in</strong></span> <span class='ocrx_word' id='word_1_380' title='bbox 2477 1835 2765 1890; x_wconf 89' lang='lat' dir='ltr'><strong>Christum</strong></span> <span class='ocrx_word' id='word_1_381' title='bbox 2811 1833 3018 1889; x_wconf 83' lang='lat' dir='ltr'><strong>Jesum.</strong></span> <span class='ocrx_word' id='word_1_382' title='bbox 3060 1833 3130 1885; x_wconf 89' lang='lat' dir='ltr'><strong>At</strong></span> <span class='ocrx_word' id='word_1_383' title='bbox 3178 1833 3323 1886; x_wconf 89' lang='lat' dir='ltr'><strong>enim</strong></span> <span class='ocrx_word' id='word_1_384' title='bbox 3364 1847 3502 1900; x_wconf 82' lang='lat' dir='ltr'><strong>qua-</strong></span> 
     </span>
    </p>
   </div>
   <div class='ocr_carea' id='block_1_50' title="bbox 1924 1928 3496 1998">
    <p class='ocr_par' dir='ltr' id='par_1_50' title="bbox 1924 1928 3496 1998">
     <span class='ocr_line' id='line_1_50' title="bbox 1924 1928 3496 1998; baseline -0.003 -17"><span class='ocrx_word' id='word_1_385' title='bbox 1924 1943 2072 1994; x_wconf 89' lang='lat' dir='ltr'><strong>nam,</strong></span> <span class='ocrx_word' id='word_1_386' title='bbox 2113 1943 2318 1998; x_wconf 65' lang='lat' dir='ltr'><strong>quaeso,</strong></span> <span class='ocrx_word' id='word_1_387' title='bbox 2366 1929 2578 1984; x_wconf 86' lang='lat' dir='ltr'><strong>ratione</strong></span> <span class='ocrx_word' id='word_1_388' title='bbox 2627 1929 2672 1981; x_wconf 90' lang='lat' dir='ltr'><strong>is</strong></span> <span class='ocrx_word' id='word_1_389' title='bbox 2709 1929 2852 1983; x_wconf 85' lang='lat' dir='ltr'><strong>Deus</strong></span> <span class='ocrx_word' id='word_1_390' title='bbox 2885 1928 3192 1982; x_wconf 82' lang='lat' dir='ltr'><strong>censendus</strong></span> <span class='ocrx_word' id='word_1_391' title='bbox 3240 1941 3344 1980; x_wconf 88' lang='lat' dir='ltr'><strong>non</strong></span> <span class='ocrx_word' id='word_1_392' title='bbox 3389 1938 3496 1985; x_wconf 75' lang='lat' dir='ltr'><strong>est,</strong></span> 
     </span>
    </p>
   </div>
   <div class='ocr_carea' id='block_1_51' title="bbox 1922 2016 3503 2090">
    <p class='ocr_par' dir='ltr' id='par_1_51' title="bbox 1922 2016 3503 2090">
     <span class='ocr_line' id='line_1_51' title="bbox 1922 2016 3503 2090; baseline -0.002 -17"><span class='ocrx_word' id='word_1_393' title='bbox 1922 2020 2013 2090; x_wconf 87' lang='lat' dir='ltr'><strong>qui</strong></span> <span class='ocrx_word' id='word_1_394' title='bbox 2059 2019 2345 2076; x_wconf 88' lang='lat' dir='ltr'><strong>credentes</strong></span> <span class='ocrx_word' id='word_1_395' title='bbox 2394 2019 2540 2074; x_wconf 92' lang='lat' dir='ltr'><strong>illum</strong></span> <span class='ocrx_word' id='word_1_396' title='bbox 2589 2034 2776 2074; x_wconf 85' lang='lat' dir='ltr'><strong>verum</strong></span> <span class='ocrx_word' id='word_1_397' title='bbox 2828 2019 2992 2072; x_wconf 90' lang='lat' dir='ltr'><strong>Deum</strong></span> <span class='ocrx_word' id='word_1_398' title='bbox 3034 2031 3156 2073; x_wconf 85' lang='lat' dir='ltr'><strong>esse</strong></span> <span class='ocrx_word' id='word_1_399' title='bbox 3199 2016 3503 2088; x_wconf 82' lang='lat' dir='ltr'><strong>jnstilicat?</strong></span> 
     </span>
    </p>
   </div>
   <div class='ocr_carea' id='block_1_52' title="bbox 1922 2113 3499 2184">
    <p class='ocr_par' dir='ltr' id='par_1_52' title="bbox 1922 2113 3499 2184">
     <span class='ocr_line' id='line_1_52' title="bbox 1922 2113 3499 2184; baseline -0.003 -15"><span class='ocrx_word' id='word_1_400' title='bbox 1922 2114 2078 2183; x_wconf 89' lang='lat' dir='ltr'><strong>Cum,</strong></span> <span class='ocrx_word' id='word_1_401' title='bbox 2124 2115 2366 2184; x_wconf 91' lang='lat' dir='ltr'><strong>inquam,</strong></span> <span class='ocrx_word' id='word_1_402' title='bbox 2400 2115 2508 2170; x_wconf 93' lang='lat' dir='ltr'><strong>huc</strong></span> <span class='ocrx_word' id='word_1_403' title='bbox 2554 2115 2686 2170; x_wconf 90' lang='lat' dir='ltr'><strong>lidcs</strong></span> <span class='ocrx_word' id='word_1_404' title='bbox 2723 2123 2976 2184; x_wconf 89' lang='lat' dir='ltr'><strong>tanquam</strong></span> <span class='ocrx_word' id='word_1_405' title='bbox 3015 2113 3079 2167; x_wconf 90' lang='lat' dir='ltr'><strong>ad</strong></span> <span class='ocrx_word' id='word_1_406' title='bbox 3119 2127 3340 2183; x_wconf 89' lang='lat' dir='ltr'><strong>scopum</strong></span> <span class='ocrx_word' id='word_1_407' title='bbox 3381 2122 3499 2166; x_wconf 85' lang='lat' dir='ltr'><strong>ten-</strong></span> 
     </span>
    </p>
   </div>
   <div class='ocr_carea' id='block_1_53' title="bbox 1922 2205 3497 2277">
    <p class='ocr_par' dir='ltr' id='par_1_53' title="bbox 1922 2205 3497 2277">
     <span class='ocr_line' id='line_1_53' title="bbox 1922 2205 3497 2277; baseline -0.001 -17"><span class='ocrx_word' id='word_1_408' title='bbox 1922 2206 2035 2271; x_wconf 87' lang='lat' dir='ltr'><strong>dat,</strong></span> <span class='ocrx_word' id='word_1_409' title='bbox 2082 2215 2136 2261; x_wconf 92' lang='lat' dir='ltr'><strong>et</strong></span> <span class='ocrx_word' id='word_1_410' title='bbox 2184 2208 2326 2262; x_wconf 85' lang='lat' dir='ltr'><strong>sacri</strong></span> <span class='ocrx_word' id='word_1_411' title='bbox 2375 2216 2636 2277; x_wconf 63' lang='lat' dir='ltr'><strong>praeterea</strong></span> <span class='ocrx_word' id='word_1_412' title='bbox 2687 2208 2964 2277; x_wconf 81' lang='lat' dir='ltr'><strong>prophetae</strong></span> <span class='ocrx_word' id='word_1_413' title='bbox 3007 2205 3128 2260; x_wconf 82' lang='lat' dir='ltr'><strong>ﬁdei</strong></span> <span class='ocrx_word' id='word_1_414' title='bbox 3174 2220 3294 2274; x_wconf 69' lang='lat' dir='ltr'><strong>qua:</strong></span> <span class='ocrx_word' id='word_1_415' title='bbox 3332 2205 3497 2259; x_wconf 85' lang='lat' dir='ltr'><strong>estin</strong></span> 
     </span>
    </p>
   </div>
   <div class='ocr_carea' id='block_1_54' title="bbox 1920 2297 3496 2366">
    <p class='ocr_par' dir='ltr' id='par_1_54' title="bbox 1920 2297 3496 2366">
     <span class='ocr_line' id='line_1_54' title="bbox 1920 2297 3496 2366; baseline -0.004 -12"><span class='ocrx_word' id='word_1_416' title='bbox 1920 2297 2196 2354; x_wconf 89' lang='lat' dir='ltr'><strong>Christum</strong></span> <span class='ocrx_word' id='word_1_417' title='bbox 2223 2298 2406 2353; x_wconf 85' lang='lat' dir='ltr'><strong>.lcsum</strong></span> <span class='ocrx_word' id='word_1_418' title='bbox 2449 2299 2816 2353; x_wconf 88' lang='lat' dir='ltr'><strong>testimonium</strong></span> <span class='ocrx_word' id='word_1_419' title='bbox 2860 2297 3338 2366; x_wconf 88' lang='lat' dir='ltr'><strong>perhibeant,quis</strong></span> <span class='ocrx_word' id='word_1_420' title='bbox 3367 2311 3496 2364; x_wconf 88' lang='lat' dir='ltr'><strong>pro-</strong></span> 
     </span>
    </p>
   </div>
   <div class='ocr_carea' id='block_1_55' title="bbox 1921 2385 3496 2461">
    <p class='ocr_par' dir='ltr' id='par_1_55' title="bbox 1921 2385 3496 2461">
     <span class='ocr_line' id='line_1_55' title="bbox 1921 2385 3496 2461; baseline -0.003 -18"><span class='ocrx_word' id='word_1_421' title='bbox 1921 2399 2039 2461; x_wconf 86' lang='lat' dir='ltr'><strong>pter</strong></span> <span class='ocrx_word' id='word_1_422' title='bbox 2065 2391 2354 2444; x_wconf 84' lang='lat' dir='ltr'><strong>humanam</strong></span> <span class='ocrx_word' id='word_1_423' title='bbox 2389 2399 2663 2452; x_wconf 87' lang='lat' dir='ltr'><strong>natnram,</strong></span> <span class='ocrx_word' id='word_1_424' title='bbox 2713 2389 2814 2442; x_wconf 91' lang='lat' dir='ltr'><strong>hoc</strong></span> <span class='ocrx_word' id='word_1_425' title='bbox 2846 2397 2927 2442; x_wconf 90' lang='lat' dir='ltr'><strong>cst</strong></span> <span class='ocrx_word' id='word_1_426' title='bbox 2954 2385 3116 2441; x_wconf 77' lang='lat' dir='ltr'><strong>Verbi</strong></span> <span class='ocrx_word' id='word_1_427' title='bbox 3168 2387 3496 2441; x_wconf 83' lang='lat' dir='ltr'><strong>incarnatio-</strong></span> 
     </span>
    </p>
   </div>
   <div class='ocr_carea' id='block_1_56' title="bbox 1921 2477 3167 2543">
    <p class='ocr_par' dir='ltr' id='par_1_56' title="bbox 1921 2477 3167 2543">
     <span class='ocr_line' id='line_1_56' title="bbox 1921 2477 3167 2543; baseline -0.003 -9"><span class='ocrx_word' id='word_1_428' title='bbox 1921 2495 2068 2543; x_wconf 87' lang='lat' dir='ltr'><strong>nem,</strong></span> <span class='ocrx_word' id='word_1_429' title='bbox 2110 2478 2256 2534; x_wconf 91' lang='lat' dir='ltr'><strong>illius</strong></span> <span class='ocrx_word' id='word_1_430' title='bbox 2293 2479 2634 2533; x_wconf 86' lang='lat' dir='ltr'><strong>divinitatem</strong></span> <span class='ocrx_word' id='word_1_431' title='bbox 2670 2477 2900 2532; x_wconf 82' lang='lat' dir='ltr'><strong>inliciari</strong></span> <span class='ocrx_word' id='word_1_432' title='bbox 2933 2477 3167 2531; x_wconf 84' lang='lat' dir='ltr'><strong>audeat?</strong></span> 
     </span>
    </p>
   </div>
   <div class='ocr_carea' id='block_1_57' title="bbox 1998 2567 3495 2639">
    <p class='ocr_par' dir='ltr' id='par_1_57' title="bbox 1998 2567 3495 2639">
     <span class='ocr_line' id='line_1_57' title="bbox 1998 2567 3495 2639; baseline -0.001 -18"><span class='ocrx_word' id='word_1_433' title='bbox 1998 2589 2015 2621; x_wconf 77' lang='grc' dir='ltr'><strong>ι</strong></span> <span class='ocrx_word' id='word_1_434' title='bbox 2048 2569 2248 2625; x_wconf 89' lang='lat' dir='ltr'><strong>Omnes</strong></span> <span class='ocrx_word' id='word_1_435' title='bbox 2277 2569 2421 2625; x_wconf 90' lang='lat' dir='ltr'><strong>enim</strong></span> <span class='ocrx_word' id='word_1_436' title='bbox 2464 2577 2850 2639; x_wconf 83' lang='lat' dir='ltr'><strong>peccaverunt,</strong></span> <span class='ocrx_word' id='word_1_437' title='bbox 2878 2577 2934 2623; x_wconf 87' lang='lat' dir='ltr'><strong>et</strong></span> <span class='ocrx_word' id='word_1_438' title='bbox 2980 2575 3140 2638; x_wconf 86' lang='lat' dir='ltr'><strong>egent</strong></span> <span class='ocrx_word' id='word_1_439' title='bbox 3169 2567 3339 2636; x_wconf 77' lang='lat' dir='ltr'><strong>gloria</strong></span> <span class='ocrx_word' id='word_1_440' title='bbox 3381 2568 3495 2630; x_wconf 85' lang='lat' dir='ltr'><strong>Dei,</strong></span> 
     </span>
    </p>
   </div>
   <div class='ocr_carea' id='block_1_58' title="bbox 1914 2659 3498 2736">
    <p class='ocr_par' dir='ltr' id='par_1_58' title="bbox 1914 2659 3498 2736">
     <span class='ocr_line' id='line_1_58' title="bbox 1914 2659 3498 2736; baseline -0.004 -18"><span class='ocrx_word' id='word_1_441' title='bbox 1914 2663 2197 2736; x_wconf 84' lang='lat' dir='ltr'><strong>justiticati</strong></span> <span class='ocrx_word' id='word_1_442' title='bbox 2234 2662 2405 2734; x_wconf 78' lang='lat' dir='ltr'><strong>gratis</strong></span> <span class='ocrx_word' id='word_1_443' title='bbox 2438 2675 2536 2734; x_wconf 89' lang='lat' dir='ltr'><strong>per</strong></span> <span class='ocrx_word' id='word_1_444' title='bbox 2568 2661 2799 2732; x_wconf 81' lang='lat' dir='ltr'><strong>gratiam</strong></span> <span class='ocrx_word' id='word_1_445' title='bbox 2826 2659 3021 2730; x_wconf 88' lang='lat' dir='ltr'><strong>ipsius,</strong></span> <span class='ocrx_word' id='word_1_446' title='bbox 3050 2674 3147 2728; x_wconf 90' lang='lat' dir='ltr'><strong>per</strong></span> <span class='ocrx_word' id='word_1_447' title='bbox 3171 2659 3498 2731; x_wconf 85' lang='lat' dir='ltr'><strong>redemptio-</strong></span> 
     </span>
    </p>
   </div>
   <div class='ocr_carea' id='block_1_59' title="bbox 1919 2750 3500 2828">
    <p class='ocr_par' dir='ltr' id='par_1_59' title="bbox 1919 2750 3500 2828">
     <span class='ocr_line' id='line_1_59' title="bbox 1919 2750 3500 2828; baseline -0.007 -16"><span class='ocrx_word' id='word_1_448' title='bbox 1919 2772 2044 2812; x_wconf 89' lang='lat' dir='ltr'><strong>nem</strong></span> <span class='ocrx_word' id='word_1_449' title='bbox 2075 2769 2193 2828; x_wconf 79' lang='lat' dir='ltr'><strong>quae</strong></span> <span class='ocrx_word' id='word_1_450' title='bbox 2229 2763 2311 2811; x_wconf 89' lang='lat' dir='ltr'><strong>est</strong></span> <span class='ocrx_word' id='word_1_451' title='bbox 2357 2754 2411 2809; x_wconf 94' lang='lat' dir='ltr'><strong>in</strong></span> <span class='ocrx_word' id='word_1_452' title='bbox 2460 2752 2679 2808; x_wconf 88' lang='lat' dir='ltr'><strong>Christo</strong></span> <span class='ocrx_word' id='word_1_453' title='bbox 2704 2751 2832 2808; x_wconf 80' lang='lat' dir='ltr'><strong>Jesu</strong></span> <span class='ocrx_word' id='word_1_454' title='bbox 2850 2750 2920 2804; x_wconf 67' lang='grc'><strong>’⁵.</strong></span> <span class='ocrx_word' id='word_1_455' title='bbox 2958 2768 2980 2803; x_wconf 71' lang='grc' dir='ltr'><strong>ι</strong></span> <span class='ocrx_word' id='word_1_456' title='bbox 3024 2750 3081 2805; x_wconf 86' lang='lat' dir='ltr'><strong>Si</strong></span> <span class='ocrx_word' id='word_1_457' title='bbox 3119 2750 3328 2822; x_wconf 86' lang='lat' dir='ltr'><strong>peccati</strong></span> <span class='ocrx_word' id='word_1_458' title='bbox 3379 2750 3500 2804; x_wconf 78' lang='lat' dir='ltr'><strong>Ialm</strong></span> 
     </span>
    </p>
   </div>
   <div class='ocr_carea' id='block_1_60' title="bbox 1919 2842 3498 2916">
    <p class='ocr_par' dir='ltr' id='par_1_60' title="bbox 1919 2842 3498 2916">
     <span class='ocr_line' id='line_1_60' title="bbox 1919 2842 3498 2916; baseline -0.009 -10"><span class='ocrx_word' id='word_1_459' title='bbox 1919 2848 2282 2906; x_wconf 89' lang='lat' dir='ltr'><strong>contaminari</strong></span> <span class='ocrx_word' id='word_1_460' title='bbox 2334 2847 2466 2902; x_wconf 83' lang='lat' dir='ltr'><strong>facit</strong></span> <span class='ocrx_word' id='word_1_461' title='bbox 2512 2861 2609 2901; x_wconf 89' lang='lat' dir='ltr'><strong>nos</strong></span> <span class='ocrx_word' id='word_1_462' title='bbox 2664 2858 2824 2916; x_wconf 91' lang='lat' dir='ltr'><strong>egere</strong></span> <span class='ocrx_word' id='word_1_463' title='bbox 2861 2843 3034 2916; x_wconf 78' lang='lat' dir='ltr'><strong>gloria</strong></span> <span class='ocrx_word' id='word_1_464' title='bbox 3085 2843 3199 2908; x_wconf 90' lang='lat' dir='ltr'><strong>Dei,</strong></span> <span class='ocrx_word' id='word_1_465' title='bbox 3243 2842 3498 2912; x_wconf 84' lang='lat' dir='ltr'><strong>quoniam</strong></span> 
     </span>
    </p>
   </div>
   <div class='ocr_carea' id='block_1_61' title="bbox 1921 2935 3500 3014">
    <p class='ocr_par' dir='ltr' id='par_1_61' title="bbox 1921 2935 3500 3014">
     <span class='ocr_line' id='line_1_61' title="bbox 1921 2935 3500 3014; baseline -0.007 -17"><span class='ocrx_word' id='word_1_466' title='bbox 1921 2951 2205 3014; x_wconf 89' lang='lat' dir='ltr'><strong>peccatum</strong></span> <span class='ocrx_word' id='word_1_467' title='bbox 2238 2956 2345 2996; x_wconf 91' lang='lat' dir='ltr'><strong>non</strong></span> <span class='ocrx_word' id='word_1_468' title='bbox 2377 2938 2529 2994; x_wconf 85' lang='lat' dir='ltr'><strong>novit</strong></span> <span class='ocrx_word' id='word_1_469' title='bbox 2554 2953 2571 2992; x_wconf 87' lang='lat'><strong>:</strong></span> <span class='ocrx_word' id='word_1_470' title='bbox 2607 2939 2672 2993; x_wconf 87' lang='lat' dir='ltr'><strong>de</strong></span> <span class='ocrx_word' id='word_1_471' title='bbox 2699 2937 2918 2992; x_wconf 87' lang='lat' dir='ltr'><strong>Christo</strong></span> <span class='ocrx_word' id='word_1_472' title='bbox 2939 2943 3116 2993; x_wconf 86' lang='lat' dir='ltr'><strong>autem</strong></span> <span class='ocrx_word' id='word_1_473' title='bbox 3140 2946 3222 2991; x_wconf 90' lang='lat' dir='ltr'><strong>cst</strong></span> <span class='ocrx_word' id='word_1_474' title='bbox 3245 2935 3297 2990; x_wconf 92' lang='lat' dir='ltr'><strong>in</strong></span> <span class='ocrx_word' id='word_1_475' title='bbox 3325 2937 3500 2989; x_wconf 75' lang='lat' dir='ltr'><strong>sacris</strong></span> 
     </span>
    </p>
   </div>
   <div class='ocr_carea' id='block_1_62' title="bbox 235 3021 1822 3104">
    <p class='ocr_par' dir='ltr' id='par_1_62' title="bbox 235 3021 1816 3101">
     <span class='ocr_line' id='line_1_62' title="bbox 235 3021 1816 3101; baseline 0.005 -23"><span class='ocrx_word' id='word_1_476' title='bbox 235 3021 492 3096; x_wconf 80' lang='grc' dir='ltr'>Χριστοῦ,</span> <span class='ocrx_word' id='word_1_477' title='bbox 528 3025 607 3077; x_wconf 77' lang='grc' dir='ltr'><strong>ὅτι</strong></span> <span class='ocrx_word' id='word_1_478' title='bbox 641 3023 928 3096; x_wconf 74' lang='grc' dir='ltr'>ἁμαρτίαν</span> <span class='ocrx_word' id='word_1_479' title='bbox 948 3029 1048 3080; x_wconf 87' lang='grc' dir='ltr'><strong>οὑκ</strong></span> <span class='ocrx_word' id='word_1_480' title='bbox 1093 3027 1348 3098; x_wconf 78' lang='grc' dir='ltr'>ἐποίησεν</span> <span class='ocrx_word' id='word_1_481' title='bbox 1373 3045 1388 3060; x_wconf 76' lang='grc' dir='ltr'><strong><em>ο</em></strong></span> <span class='ocrx_word' id='word_1_482' title='bbox 1435 3029 1816 3101; x_wconf 81' lang='grc' dir='ltr'>ὑστερούμεθα</span> 
     </span>
    </p>
   </div>
   <div class='ocr_carea' id='block_1_63' title="bbox 1931 3021 3496 3104">
    <p class='ocr_par' dir='ltr' id='par_1_63' title="bbox 1931 3025 3496 3104">
     <span class='ocr_line' id='line_1_63' title="bbox 1931 3025 3496 3104; baseline -0.008 -14"><span class='ocrx_word' id='word_1_483' title='bbox 1931 3034 2162 3098; x_wconf 83' lang='lat' dir='ltr'><strong>Litteris,</strong></span> <span class='ocrx_word' id='word_1_484' title='bbox 2195 3032 2336 3104; x_wconf 87' lang='lat' dir='ltr'><strong>quod</strong></span> <span class='ocrx_word' id='word_1_485' title='bbox 2365 3025 2648 3102; x_wconf 85' lang='lat' dir='ltr'><strong>peccatum</strong></span> <span class='ocrx_word' id='word_1_486' title='bbox 2688 3046 2795 3085; x_wconf 89' lang='lat' dir='ltr'><strong>non</strong></span> <span class='ocrx_word' id='word_1_487' title='bbox 2828 3028 3050 3095; x_wconf 82' lang='lat' dir='ltr'><strong>fecerit;</strong></span> <span class='ocrx_word' id='word_1_488' title='bbox 3084 3043 3180 3084; x_wconf 89' lang='lat' dir='ltr'><strong>nos</strong></span> <span class='ocrx_word' id='word_1_489' title='bbox 3215 3037 3400 3083; x_wconf 90' lang='lat' dir='ltr'><strong>autem</strong></span> <span class='ocrx_word' id='word_1_490' title='bbox 3434 3042 3496 3079; x_wconf 77' lang='lat' dir='ltr'><strong>Cn</strong></span> 
     </span>
    </p>
   </div>
   <div class='ocr_carea' id='block_1_64' title="bbox 235 3113 1817 3192">
    <p class='ocr_par' dir='ltr' id='par_1_64' title="bbox 235 3113 1817 3192">
     <span class='ocr_line' id='line_1_64' title="bbox 235 3113 1817 3192; baseline 0.005 -24"><span class='ocrx_word' id='word_1_491' title='bbox 235 3113 290 3168; x_wconf 77' lang='grc' dir='ltr'>δὲ</span> <span class='ocrx_word' id='word_1_492' title='bbox 331 3115 425 3169; x_wconf 70' lang='grc' dir='ltr'><strong>καὶ</strong></span> <span class='ocrx_word' id='word_1_493' title='bbox 457 3115 598 3169; x_wconf 72' lang='grc' dir='ltr'>κατὰ</span> <span class='ocrx_word' id='word_1_494' title='bbox 639 3116 797 3169; x_wconf 88' lang='grc' dir='ltr'>τοῦτο</span> <span class='ocrx_word' id='word_1_495' title='bbox 825 3116 921 3188; x_wconf 84' lang='grc' dir='ltr'>τῆς</span> <span class='ocrx_word' id='word_1_496' title='bbox 953 3118 1112 3189; x_wconf 77' lang='grc' dir='ltr'>δόξης</span> <span class='ocrx_word' id='word_1_497' title='bbox 1151 3118 1318 3172; x_wconf 84' lang='grc' dir='ltr'>αὑτοῦ</span> <span class='ocrx_word' id='word_1_498' title='bbox 1367 3120 1817 3192; x_wconf 85' lang='grc' dir='ltr'>πλημμελοῦντες</span> 
     </span>
    </p>
   </div>
   <div class='ocr_carea' id='block_1_65' title="bbox 235 3209 1814 3285">
    <p class='ocr_par' dir='ltr' id='par_1_65' title="bbox 235 3209 1814 3285">
     <span class='ocr_line' id='line_1_65' title="bbox 235 3209 1814 3285; baseline 0.008 -26"><span class='ocrx_word' id='word_1_499' title='bbox 235 3209 396 3279; x_wconf 80' lang='grc' dir='ltr'>ἡμεῖς</span> <span class='ocrx_word' id='word_1_500' title='bbox 417 3225 430 3239; x_wconf 72' lang='grc' dir='ltr'><strong>ο</strong></span> <span class='ocrx_word' id='word_1_501' title='bbox 463 3209 594 3274; x_wconf 84' lang='grc' dir='ltr'>Θεὸς</span> <span class='ocrx_word' id='word_1_502' title='bbox 625 3209 732 3282; x_wconf 75' lang='grc' dir='ltr'>ἄρα</span> <span class='ocrx_word' id='word_1_503' title='bbox 765 3213 893 3284; x_wconf 16' lang='grc' dir='ltr'>’ἐστὶ</span> <span class='ocrx_word' id='word_1_504' title='bbox 933 3211 1029 3264; x_wconf 74' lang='grc' dir='ltr'><strong>καὶ</strong></span> <span class='ocrx_word' id='word_1_505' title='bbox 1058 3212 1196 3282; x_wconf 87' lang='grc' dir='ltr'><strong>μετὰ</strong></span> <span class='ocrx_word' id='word_1_506' title='bbox 1225 3213 1428 3285; x_wconf 87' lang='grc' dir='ltr'>σαρκὸς</span> <span class='ocrx_word' id='word_1_507' title='bbox 1455 3215 1483 3266; x_wconf 91' lang='lat'><strong>6</strong></span> <span class='ocrx_word' id='word_1_508' title='bbox 1512 3215 1685 3284; x_wconf 76' lang='grc' dir='ltr'>Λόγος</span> <span class='ocrx_word' id='word_1_509' title='bbox 1709 3234 1722 3246; x_wconf 90' lang='grc'><strong>·</strong></span> <span class='ocrx_word' id='word_1_510' title='bbox 1755 3219 1814 3271; x_wconf 86' lang='grc' dir='ltr'><strong>οὑ</strong></span> 
     </span>
    </p>
   </div>
   <div class='ocr_carea' id='block_1_66' title="bbox 235 3301 946 3374">
    <p class='ocr_par' dir='ltr' id='par_1_66' title="bbox 235 3301 946 3374">
     <span class='ocr_line' id='line_1_66' title="bbox 235 3301 946 3374; baseline 0.003 -21"><span class='ocrx_word' id='word_1_511' title='bbox 235 3301 345 3372; x_wconf 71' lang='grc' dir='ltr'><strong>γὰρ</strong></span> <span class='ocrx_word' id='word_1_512' title='bbox 369 3301 621 3374; x_wconf 78' lang='grc' dir='ltr'>ἐποίησεν</span> <span class='ocrx_word' id='word_1_513' title='bbox 654 3301 946 3374; x_wconf 80' lang='grc' dir='ltr'>ἁμαρτίαν.</span> 
     </span>
    </p>
   </div>
   <div class='ocr_carea' id='block_1_67' title="bbox 315 3474 1818 3562">
    <p class='ocr_par' dir='ltr' id='par_1_67' title="bbox 315 3474 1818 3562">
     <span class='ocr_line' id='line_1_67' title="bbox 315 3474 1818 3562; baseline 0.006 -27"><span class='ocrx_word' id='word_1_514' title='bbox 315 3502 333 3534; x_wconf 78' lang='grc' dir='ltr'><strong>ι</strong></span> <span class='ocrx_word' id='word_1_515' title='bbox 364 3483 544 3555; x_wconf 80' lang='grc' dir='ltr'>Νόμον</span> <span class='ocrx_word' id='word_1_516' title='bbox 598 3474 698 3538; x_wconf 82' lang='grc' dir='ltr'>οὗν</span> <span class='ocrx_word' id='word_1_517' title='bbox 729 3485 1113 3557; x_wconf 78' lang='grc' dir='ltr'>καταργοῦμεν</span> <span class='ocrx_word' id='word_1_518' title='bbox 1157 3485 1244 3540; x_wconf 77' lang='grc' dir='ltr'>διὰ</span> <span class='ocrx_word' id='word_1_519' title='bbox 1291 3491 1391 3556; x_wconf 83' lang='grc' dir='ltr'>τῆς</span> <span class='ocrx_word' id='word_1_520' title='bbox 1427 3489 1689 3556; x_wconf 87' lang='grc' dir='ltr'>πίστεως;</span> <span class='ocrx_word' id='word_1_521' title='bbox 1743 3491 1818 3562; x_wconf 83' lang='grc' dir='ltr'>μὴ</span> 
     </span>
    </p>
   </div>
   <div class='ocr_carea' id='block_1_68' title="bbox 235 3575 1820 3652">
    <p class='ocr_par' dir='ltr' id='par_1_68' title="bbox 235 3575 1820 3652">
     <span class='ocr_line' id='line_1_68' title="bbox 235 3575 1820 3652; baseline 0.006 -26"><span class='ocrx_word' id='word_1_522' title='bbox 235 3575 444 3643; x_wconf 76' lang='grc' dir='ltr'>γένοιτο</span> <span class='ocrx_word' id='word_1_523' title='bbox 462 3593 475 3604; x_wconf 87' lang='grc'><strong>·</strong></span> <span class='ocrx_word' id='word_1_524' title='bbox 507 3575 643 3628; x_wconf 85' lang='grc' dir='ltr'><strong>ἁλλὰ</strong></span> <span class='ocrx_word' id='word_1_525' title='bbox 669 3576 831 3647; x_wconf 85' lang='grc' dir='ltr'>νόμον</span> <span class='ocrx_word' id='word_1_526' title='bbox 866 3578 1126 3648; x_wconf 85' lang='grc' dir='ltr'>ίστῶμεν.</span> <span class='ocrx_word' id='word_1_527' title='bbox 1155 3597 1172 3630; x_wconf 74' lang='grc' dir='ltr'><strong>ι</strong></span> <span class='ocrx_word' id='word_1_528' title='bbox 1195 3579 1251 3632; x_wconf 83' lang='grc' dir='ltr'><strong>Ὀ</strong></span> <span class='ocrx_word' id='word_1_529' title='bbox 1276 3579 1366 3633; x_wconf 83' lang='grc' dir='ltr'><strong>διὰ</strong></span> <span class='ocrx_word' id='word_1_530' title='bbox 1386 3580 1628 3646; x_wconf 78' lang='grc' dir='ltr'>Μωσέως</span> <span class='ocrx_word' id='word_1_531' title='bbox 1655 3582 1820 3652; x_wconf 84' lang='grc' dir='ltr'>νόμος</span> 
     </span>
    </p>
   </div>
   <div class='ocr_carea' id='block_1_69' title="bbox 234 3666 1819 3745">
    <p class='ocr_par' dir='ltr' id='par_1_69' title="bbox 234 3666 1819 3745">
     <span class='ocr_line' id='line_1_69' title="bbox 234 3666 1819 3745; baseline 0.006 -27"><span class='ocrx_word' id='word_1_532' title='bbox 234 3667 364 3719; x_wconf 85' lang='grc' dir='ltr'>Θεὸν</span> <span class='ocrx_word' id='word_1_533' title='bbox 393 3666 488 3720; x_wconf 80' lang='grc' dir='ltr'><strong>ἕνα</strong></span> <span class='ocrx_word' id='word_1_534' title='bbox 532 3671 858 3740; x_wconf 87' lang='grc' dir='ltr'>προσκυνεῖν</span> <span class='ocrx_word' id='word_1_535' title='bbox 885 3669 1088 3735; x_wconf 76' lang='grc' dir='ltr'>ἐδίδαξε</span> <span class='ocrx_word' id='word_1_536' title='bbox 1123 3671 1250 3735; x_wconf 83' lang='grc' dir='ltr'>τοὺς</span> <span class='ocrx_word' id='word_1_537' title='bbox 1275 3671 1336 3738; x_wconf 77' lang='grc' dir='ltr'><strong>ἐξ</strong></span> <span class='ocrx_word' id='word_1_538' title='bbox 1367 3673 1584 3745; x_wconf 83' lang='grc' dir='ltr'>Ἰσραήλ</span> <span class='ocrx_word' id='word_1_539' title='bbox 1605 3690 1620 3704; x_wconf 82' lang='grc'><em>’</em></span> <span class='ocrx_word' id='word_1_540' title='bbox 1649 3691 1668 3726; x_wconf 80' lang='lat' dir='ltr'><strong>t</strong></span> <span class='ocrx_word' id='word_1_541' title='bbox 1702 3675 1819 3728; x_wconf 80' lang='grc' dir='ltr'><strong>Κύ-</strong></span> 
     </span>
    </p>
   </div>
   <div class='ocr_carea' id='block_1_70' title="bbox 237 3757 1820 3836">
    <p class='ocr_par' dir='ltr' id='par_1_70' title="bbox 237 3757 1820 3836">
     <span class='ocr_line' id='line_1_70' title="bbox 237 3757 1820 3836; baseline 0.008 -28"><span class='ocrx_word' id='word_1_542' title='bbox 237 3774 353 3828; x_wconf 77' lang='grc' dir='ltr'>ριος</span> <span class='ocrx_word' id='word_1_543' title='bbox 381 3757 512 3828; x_wconf 74' lang='grc' dir='ltr'>γὰρ,</span> <span class='ocrx_word' id='word_1_544' title='bbox 549 3760 737 3830; x_wconf 78' lang='grc' dir='ltr'>φησὶν,</span> <span class='ocrx_word' id='word_1_545' title='bbox 770 3760 798 3811; x_wconf 90' lang='lat'><strong>6</strong></span> <span class='ocrx_word' id='word_1_546' title='bbox 829 3760 960 3824; x_wconf 86' lang='grc' dir='ltr'>Θεός</span> <span class='ocrx_word' id='word_1_547' title='bbox 999 3778 1113 3827; x_wconf 87' lang='grc' dir='ltr'>σου,</span> <span class='ocrx_word' id='word_1_548' title='bbox 1148 3762 1355 3836; x_wconf 79' lang='grc' dir='ltr'>Κύριος</span> <span class='ocrx_word' id='word_1_549' title='bbox 1384 3759 1463 3828; x_wconf 75' lang='grc' dir='ltr'>εἷς</span> <span class='ocrx_word' id='word_1_550' title='bbox 1495 3765 1641 3818; x_wconf 81' lang='grc' dir='ltr'>ἐστι’</span> <span class='ocrx_word' id='word_1_551' title='bbox 1672 3784 1690 3817; x_wconf 74' lang='grc' dir='ltr'><strong>ι</strong></span> <span class='ocrx_word' id='word_1_552' title='bbox 1723 3769 1820 3820; x_wconf 77' lang='grc' dir='ltr'>καὶ</span> 
     </span>
    </p>
   </div>
   <div class='ocr_carea' id='block_1_71' title="bbox 235 3847 1820 3924">
    <p class='ocr_par' dir='ltr' id='par_1_71' title="bbox 235 3847 1820 3924">
     <span class='ocr_line' id='line_1_71' title="bbox 235 3847 1820 3924; baseline 0.006 -21"><span class='ocrx_word' id='word_1_553' title='bbox 235 3847 398 3912; x_wconf 77' lang='grc' dir='ltr'>αὑτὸς</span> <span class='ocrx_word' id='word_1_554' title='bbox 451 3850 505 3904; x_wconf 82' lang='grc' dir='ltr'>δὲ</span> <span class='ocrx_word' id='word_1_555' title='bbox 552 3850 582 3902; x_wconf 92' lang='lat'><strong>6</strong></span> <span class='ocrx_word' id='word_1_556' title='bbox 627 3849 760 3914; x_wconf 88' lang='grc' dir='ltr'>Θεὸς</span> <span class='ocrx_word' id='word_1_557' title='bbox 810 3850 1153 3923; x_wconf 80' lang='grc' dir='ltr'>προσεφώνει</span> <span class='ocrx_word' id='word_1_558' title='bbox 1185 3855 1362 3924; x_wconf 83' lang='grc' dir='ltr'>λέγων</span> <span class='ocrx_word' id='word_1_559' title='bbox 1405 3857 1622 3921; x_wconf 80' lang='grc' dir='ltr'>αὐτοῖς’</span> <span class='ocrx_word' id='word_1_560' title='bbox 1658 3877 1676 3910; x_wconf 75' lang='grc' dir='ltr'><strong>ι</strong></span> <span class='ocrx_word' id='word_1_561' title='bbox 1707 3859 1820 3912; x_wconf 86' lang='grc' dir='ltr'>Οὐκ</span> 
     </span>
    </p>
   </div>
   <div class='ocr_carea' id='block_1_72' title="bbox 236 3940 1822 4023">
    <p class='ocr_par' dir='ltr' id='par_1_72' title="bbox 236 3940 1822 4023">
     <span class='ocr_line' id='line_1_72' title="bbox 236 3940 1822 4023; baseline 0.006 -29"><span class='ocrx_word' id='word_1_562' title='bbox 236 3942 450 3997; x_wconf 74' lang='grc' dir='ltr'>ἔσονταί</span> <span class='ocrx_word' id='word_1_563' title='bbox 505 3961 585 3997; x_wconf 84' lang='grc' dir='ltr'><strong>σοι</strong></span> <span class='ocrx_word' id='word_1_564' title='bbox 631 3943 744 3998; x_wconf 73' lang='grc' dir='ltr'>θεοὶ</span> <span class='ocrx_word' id='word_1_565' title='bbox 791 3945 966 4016; x_wconf 78' lang='grc' dir='ltr'>ἕτεροι</span> <span class='ocrx_word' id='word_1_566' title='bbox 1014 3947 1153 4019; x_wconf 76' lang='grc' dir='ltr'>πλὴν</span> <span class='ocrx_word' id='word_1_567' title='bbox 1199 3948 1356 4019; x_wconf 78' lang='grc' dir='ltr'>ἐμοῦ.</span> <span class='ocrx_word' id='word_1_568' title='bbox 1387 3940 1540 4023; x_wconf 62' lang='grc' dir='ltr'><strong>»Ἆρ’</strong></span> <span class='ocrx_word' id='word_1_569' title='bbox 1569 3945 1660 4006; x_wconf 76' lang='grc' dir='ltr'><strong>οῦν</strong></span> <span class='ocrx_word' id='word_1_570' title='bbox 1693 3969 1822 4020; x_wconf 85' lang='grc' dir='ltr'>μετ-</span> 
     </span>
    </p>
   </div>
   <div class='ocr_carea' id='block_1_73' title="bbox 237 4032 1821 4114">
    <p class='ocr_par' dir='ltr' id='par_1_73' title="bbox 237 4032 1821 4114">
     <span class='ocr_line' id='line_1_73' title="bbox 237 4032 1821 4114; baseline 0.004 -27"><span class='ocrx_word' id='word_1_571' title='bbox 237 4035 516 4108; x_wconf 79' lang='grc' dir='ltr'>έστησενή</span> <span class='ocrx_word' id='word_1_572' title='bbox 543 4032 724 4100; x_wconf 86' lang='grc' dir='ltr'>πίστις</span> <span class='ocrx_word' id='word_1_573' title='bbox 752 4037 784 4108; x_wconf 83' lang='grc' dir='ltr'>ή</span> <span class='ocrx_word' id='word_1_574' title='bbox 815 4039 894 4100; x_wconf 84' lang='grc' dir='ltr'><strong>είς</strong></span> <span class='ocrx_word' id='word_1_575' title='bbox 915 4037 1145 4108; x_wconf 84' lang='grc' dir='ltr'>Χριστὸν</span> <span class='ocrx_word' id='word_1_576' title='bbox 1172 4041 1297 4104; x_wconf 78' lang='grc' dir='ltr'>τοὺς</span> <span class='ocrx_word' id='word_1_577' title='bbox 1324 4041 1390 4094; x_wconf 87' lang='grc' dir='ltr'>δι’</span> <span class='ocrx_word' id='word_1_578' title='bbox 1421 4040 1592 4112; x_wconf 82' lang='grc' dir='ltr'>αὐτῆς</span> <span class='ocrx_word' id='word_1_579' title='bbox 1620 4043 1821 4114; x_wconf 82' lang='grc' dir='ltr'>κεκλη-</span> 
     </span>
    </p>
   </div>
   <div class='ocr_carea' id='block_1_74' title="bbox 244 4127 1818 4204">
    <p class='ocr_par' dir='ltr' id='par_1_74' title="bbox 244 4127 1818 4204">
     <span class='ocr_line' id='line_1_74' title="bbox 244 4127 1818 4204; baseline 0.004 -24"><span class='ocrx_word' id='word_1_580' title='bbox 244 4127 437 4198; x_wconf 82' lang='grc' dir='ltr'>μένους</span> <span class='ocrx_word' id='word_1_581' title='bbox 467 4129 544 4192; x_wconf 79' lang='grc' dir='ltr'><strong>είς</strong></span> <span class='ocrx_word' id='word_1_582' title='bbox 573 4128 633 4182; x_wconf 89' lang='grc' dir='ltr'>τὸ</span> <span class='ocrx_word' id='word_1_583' title='bbox 659 4128 732 4200; x_wconf 77' lang='grc' dir='ltr'>μὴ</span> <span class='ocrx_word' id='word_1_584' title='bbox 755 4130 834 4182; x_wconf 67' lang='grc' dir='ltr'>ἐν).</span> <span class='ocrx_word' id='word_1_585' title='bbox 860 4131 938 4199; x_wconf 80' lang='grc' dir='ltr'><strong>τῷ</strong></span> <span class='ocrx_word' id='word_1_586' title='bbox 969 4131 1108 4184; x_wconf 85' lang='grc' dir='ltr'><strong>κατὰ</strong></span> <span class='ocrx_word' id='word_1_587' title='bbox 1132 4131 1292 4200; x_wconf 78' lang='grc' dir='ltr'>φύσιν</span> <span class='ocrx_word' id='word_1_588' title='bbox 1315 4131 1433 4203; x_wconf 83' lang='grc' dir='ltr'><strong>Θεῷ</strong></span> <span class='ocrx_word' id='word_1_589' title='bbox 1459 4135 1818 4204; x_wconf 83' lang='grc' dir='ltr'>προσκυνείν;</span> 
     </span>
    </p>
   </div>
   <div class='ocr_carea' id='block_1_75' title="bbox 239 4217 1820 4297">
    <p class='ocr_par' dir='ltr' id='par_1_75' title="bbox 239 4217 1820 4297">
     <span class='ocr_line' id='line_1_75' title="bbox 239 4217 1820 4297; baseline 0.005 -25"><span class='ocrx_word' id='word_1_590' title='bbox 239 4217 386 4290; x_wconf 67' lang='grc' dir='ltr'>*Αρα</span> <span class='ocrx_word' id='word_1_591' title='bbox 421 4221 802 4292; x_wconf 89' lang='grc' dir='ltr'>καταργοῦμεν</span> <span class='ocrx_word' id='word_1_592' title='bbox 839 4221 1002 4292; x_wconf 78' lang='grc' dir='ltr'>νόμον</span> <span class='ocrx_word' id='word_1_593' title='bbox 1047 4223 1126 4294; x_wconf 84' lang='grc' dir='ltr'><strong>τῷ</strong></span> <span class='ocrx_word' id='word_1_594' title='bbox 1163 4219 1246 4276; x_wconf 79' lang='grc' dir='ltr'><strong>ἐνὶ</strong></span> <span class='ocrx_word' id='word_1_595' title='bbox 1291 4226 1369 4296; x_wconf 83' lang='grc' dir='ltr'>τῷ</span> <span class='ocrx_word' id='word_1_596' title='bbox 1419 4225 1539 4278; x_wconf 82' lang='grc' dir='ltr'>κατ’</span> <span class='ocrx_word' id='word_1_597' title='bbox 1562 4225 1820 4297; x_wconf 83' lang='grc' dir='ltr'>ἀλήθειαν</span> 
     </span>
    </p>
   </div>
   <div class='ocr_carea' id='block_1_76' title="bbox 241 4313 1820 4390">
    <p class='ocr_par' dir='ltr' id='par_1_76' title="bbox 241 4313 1820 4390">
     <span class='ocr_line' id='line_1_76' title="bbox 241 4313 1820 4390; baseline 0.006 -26"><span class='ocrx_word' id='word_1_598' title='bbox 241 4313 361 4383; x_wconf 85' lang='grc' dir='ltr'>Θεῷ</span> <span class='ocrx_word' id='word_1_599' title='bbox 379 4313 814 4384; x_wconf 77' lang='grc' dir='ltr'>προσκομίζοντα</span> <span class='ocrx_word' id='word_1_600' title='bbox 837 4331 850 4374; x_wconf 86' lang='lat'>:</span> <span class='ocrx_word' id='word_1_601' title='bbox 879 4335 896 4368; x_wconf 77' lang='grc' dir='ltr'><strong>ι</strong></span> <span class='ocrx_word' id='word_1_602' title='bbox 916 4315 1006 4384; x_wconf 84' lang='grc' dir='ltr'><strong>Μὴ</strong></span> <span class='ocrx_word' id='word_1_603' title='bbox 1027 4318 1259 4384; x_wconf 84' lang='grc' dir='ltr'>γένοιτο,</span> <span class='ocrx_word' id='word_1_604' title='bbox 1280 4317 1464 4389; x_wconf 80' lang='grc' dir='ltr'>φησὶν,</span> <span class='ocrx_word' id='word_1_605' title='bbox 1499 4317 1633 4372; x_wconf 86' lang='grc' dir='ltr'>ἀλλὰ</span> <span class='ocrx_word' id='word_1_606' title='bbox 1658 4319 1820 4390; x_wconf 88' lang='grc' dir='ltr'>νόμον</span> 
     </span>
    </p>
   </div>
   <div class='ocr_carea' id='block_1_77' title="bbox 243 4407 1820 4483">
    <p class='ocr_par' dir='ltr' id='par_1_77' title="bbox 243 4407 1820 4483">
     <span class='ocr_line' id='line_1_77' title="bbox 243 4407 1820 4483; baseline 0.005 -24"><span class='ocrx_word' id='word_1_607' title='bbox 243 4407 531 4477; x_wconf 73' lang='grc' dir='ltr'>ἱστῶμεν.)</span> <span class='ocrx_word' id='word_1_608' title='bbox 563 4407 771 4462; x_wconf 78' lang='grc' dir='ltr'>Οὐκοῦν</span> <span class='ocrx_word' id='word_1_609' title='bbox 799 4409 874 4474; x_wconf 85' lang='grc' dir='ltr'>ὼς</span> <span class='ocrx_word' id='word_1_610' title='bbox 899 4409 1018 4480; x_wconf 83' lang='grc' dir='ltr'><strong>Θεῷ</strong></span> <span class='ocrx_word' id='word_1_611' title='bbox 1045 4408 1344 4482; x_wconf 83' lang='grc' dir='ltr'>προσίεμεν</span> <span class='ocrx_word' id='word_1_612' title='bbox 1364 4410 1441 4482; x_wconf 81' lang='grc' dir='ltr'>τῷ</span> <span class='ocrx_word' id='word_1_613' title='bbox 1471 4411 1710 4483; x_wconf 81' lang='grc' dir='ltr'>Χριστῷ,</span> <span class='ocrx_word' id='word_1_614' title='bbox 1732 4413 1820 4467; x_wconf 77' lang='grc' dir='ltr'>ἵνα</span> 
     </span>
    </p>
   </div>
   <div class='ocr_carea' id='block_1_78' title="bbox 242 4501 1820 4576">
    <p class='ocr_par' dir='ltr' id='par_1_78' title="bbox 242 4501 1820 4576">
     <span class='ocr_line' id='line_1_78' title="bbox 242 4501 1820 4576; baseline 0.005 -22"><span class='ocrx_word' id='word_1_615' title='bbox 242 4501 318 4572; x_wconf 84' lang='grc' dir='ltr'>μὴ</span> <span class='ocrx_word' id='word_1_616' title='bbox 350 4501 783 4575; x_wconf 59' lang='grc' dir='ltr'>καηγορώμεθα</span> <span class='ocrx_word' id='word_1_617' title='bbox 803 4546 818 4572; x_wconf 88' lang='grc'><strong>,</strong></span> <span class='ocrx_word' id='word_1_618' title='bbox 854 4505 930 4570; x_wconf 84' lang='grc' dir='ltr'>ὡς</span> <span class='ocrx_word' id='word_1_619' title='bbox 963 4505 1332 4576; x_wconf 70' lang='grc' dir='ltr'>παραλύοντες</span> <span class='ocrx_word' id='word_1_620' title='bbox 1363 4505 1548 4576; x_wconf 83' lang='grc' dir='ltr'>νόμον,</span> <span class='ocrx_word' id='word_1_621' title='bbox 1581 4507 1820 4562; x_wconf 77' lang='grc' dir='ltr'>ἐπαινῶ-</span> 
     </span>
    </p>
   </div>
   <div class='ocr_carea' id='block_1_79' title="bbox 244 4593 1820 4670">
    <p class='ocr_par' dir='ltr' id='par_1_79' title="bbox 244 4593 1820 4670">
     <span class='ocr_line' id='line_1_79' title="bbox 244 4593 1820 4670; baseline 0.006 -25"><span class='ocrx_word' id='word_1_622' title='bbox 244 4593 381 4664; x_wconf 89' lang='grc' dir='ltr'>μεθα</span> <span class='ocrx_word' id='word_1_623' title='bbox 435 4595 492 4648; x_wconf 79' lang='grc' dir='ltr'>δὲ</span> <span class='ocrx_word' id='word_1_624' title='bbox 539 4595 761 4666; x_wconf 78' lang='grc' dir='ltr'>μᾶλλον,</span> <span class='ocrx_word' id='word_1_625' title='bbox 788 4596 864 4660; x_wconf 83' lang='grc' dir='ltr'>ὡς</span> <span class='ocrx_word' id='word_1_626' title='bbox 925 4597 1180 4662; x_wconf 84' lang='grc' dir='ltr'>ίστῶντες</span> <span class='ocrx_word' id='word_1_627' title='bbox 1226 4599 1388 4670; x_wconf 71' lang='grc' dir='ltr'>νόμον</span> <span class='ocrx_word' id='word_1_628' title='bbox 1442 4597 1529 4653; x_wconf 74' lang='grc' dir='ltr'><strong>διὰ</strong></span> <span class='ocrx_word' id='word_1_629' title='bbox 1578 4599 1675 4669; x_wconf 76' lang='grc' dir='ltr'><strong>τῆς</strong></span> <span class='ocrx_word' id='word_1_630' title='bbox 1727 4601 1820 4654; x_wconf 86' lang='grc' dir='ltr'>πί-</span> 
     </span>
    </p>
   </div>
   <div class='ocr_carea' id='block_1_80' title="bbox 243 4702 434 4749">
    <p class='ocr_par' dir='ltr' id='par_1_80' title="bbox 243 4702 434 4749">
     <span class='ocr_line' id='line_1_80' title="bbox 243 4702 434 4749; baseline 0.01 -11"><span class='ocrx_word' id='word_1_631' title='bbox 243 4702 434 4749; x_wconf 82' lang='grc' dir='ltr'>στεως.</span> 
     </span>
    </p>
   </div>
   <div class='ocr_carea' id='block_1_81' title="bbox 313 4777 1820 4851">
    <p class='ocr_par' dir='ltr' id='par_1_81' title="bbox 313 4777 1820 4851">
     <span class='ocr_line' id='line_1_81' title="bbox 313 4777 1820 4851; baseline 0.008 -21"><span class='ocrx_word' id='word_1_632' title='bbox 313 4779 449 4848; x_wconf 78' lang='grc' dir='ltr'>Περὶ</span> <span class='ocrx_word' id='word_1_633' title='bbox 469 4778 564 4832; x_wconf 85' lang='grc' dir='ltr'><strong>τοῦ</strong></span> <span class='ocrx_word' id='word_1_634' title='bbox 601 4777 849 4850; x_wconf 79' lang='grc' dir='ltr'>Ἀϐραάμ</span> <span class='ocrx_word' id='word_1_635' title='bbox 879 4797 1012 4851; x_wconf 83' lang='grc' dir='ltr'>φησι</span> <span class='ocrx_word' id='word_1_636' title='bbox 1033 4798 1048 4812; x_wconf 88' lang='grc'><strong>·</strong></span> <span class='ocrx_word' id='word_1_637' title='bbox 1079 4800 1097 4832; x_wconf 76' lang='grc' dir='ltr'><strong>ι</strong></span> <span class='ocrx_word' id='word_1_638' title='bbox 1119 4782 1420 4836; x_wconf 83' lang='grc' dir='ltr'>Κατέναντι</span> <span class='ocrx_word' id='word_1_639' title='bbox 1441 4778 1503 4838; x_wconf 77' lang='grc' dir='ltr'>οὗ</span> <span class='ocrx_word' id='word_1_640' title='bbox 1533 4787 1820 4842; x_wconf 73' lang='grc' dir='ltr'>ἐπίστευσε</span> 
     </span>
    </p>
   </div>
   <div class='ocr_carea' id='block_1_82' title="bbox 237 4869 1824 4945">
    <p class='ocr_par' dir='ltr' id='par_1_82' title="bbox 237 4869 1824 4945">
     <span class='ocr_line' id='line_1_82' title="bbox 237 4869 1824 4945; baseline 0.008 -22"><span class='ocrx_word' id='word_1_641' title='bbox 237 4870 399 4934; x_wconf 85' lang='grc' dir='ltr'>Θεοῦ,</span> <span class='ocrx_word' id='word_1_642' title='bbox 434 4870 528 4924; x_wconf 86' lang='grc' dir='ltr'><strong>τοῦ</strong></span> <span class='ocrx_word' id='word_1_643' title='bbox 559 4869 947 4936; x_wconf 79' lang='grc' dir='ltr'>ζωοποιοῦντος</span> <span class='ocrx_word' id='word_1_644' title='bbox 970 4872 1095 4936; x_wconf 82' lang='grc' dir='ltr'>τοὺς</span> <span class='ocrx_word' id='word_1_645' title='bbox 1122 4875 1367 4944; x_wconf 77' lang='grc' dir='ltr'>νεκροὺς,</span> <span class='ocrx_word' id='word_1_646' title='bbox 1393 4877 1488 4929; x_wconf 68' lang='grc' dir='ltr'><strong>κα)⁸</strong></span> <span class='ocrx_word' id='word_1_647' title='bbox 1529 4879 1824 4945; x_wconf 86' lang='grc' dir='ltr'>καλοῦντος</span> 
     </span>
    </p>
   </div>
   <div class='ocr_carea' id='block_1_83' title="bbox 239 4963 1821 5033">
    <p class='ocr_par' dir='ltr' id='par_1_83' title="bbox 239 4963 1821 5033">
     <span class='ocr_line' id='line_1_83' title="bbox 239 4963 1821 5033; baseline 0.005 -17"><span class='ocrx_word' id='word_1_648' title='bbox 239 4964 309 5016; x_wconf 73' lang='grc' dir='ltr'>τὰ</span> <span class='ocrx_word' id='word_1_649' title='bbox 351 4963 425 5033; x_wconf 78' lang='grc' dir='ltr'>μὴ</span> <span class='ocrx_word' id='word_1_650' title='bbox 456 4963 584 5017; x_wconf 74' lang='grc' dir='ltr'>ὄντα</span> <span class='ocrx_word' id='word_1_651' title='bbox 616 4964 689 5027; x_wconf 83' lang='grc' dir='ltr'>ὡς</span> <span class='ocrx_word' id='word_1_652' title='bbox 719 4963 868 5019; x_wconf 79' lang='grc' dir='ltr'>ὅντα.</span> <span class='ocrx_word' id='word_1_653' title='bbox 903 4964 1061 5017; x_wconf 77' lang='grc' dir='ltr'>ι”υτε</span> <span class='ocrx_word' id='word_1_654' title='bbox 1105 4965 1284 5019; x_wconf 81' lang='grc' dir='ltr'>τοίνυν</span> <span class='ocrx_word' id='word_1_655' title='bbox 1313 4966 1374 5020; x_wconf 84' lang='grc' dir='ltr'><strong>τὸ</strong></span> <span class='ocrx_word' id='word_1_656' title='bbox 1412 4969 1694 5032; x_wconf 78' lang='grc' dir='ltr'>ζωοποιεῖν</span> <span class='ocrx_word' id='word_1_657' title='bbox 1727 4971 1821 5024; x_wconf 78' lang='grc' dir='ltr'><strong>δύο</strong></span> 
     </span>
    </p>
   </div>
   <div class='ocr_carea' id='block_1_84' title="bbox 240 5053 1824 5132">
    <p class='ocr_par' dir='ltr' id='par_1_84' title="bbox 240 5053 1824 5132">
     <span class='ocr_line' id='line_1_84' title="bbox 240 5053 1824 5132; baseline 0.006 -27"><span class='ocrx_word' id='word_1_658' title='bbox 240 5053 436 5106; x_wconf 87' lang='grc' dir='ltr'>νασθαι</span> <span class='ocrx_word' id='word_1_659' title='bbox 483 5054 611 5116; x_wconf 69' lang='grc' dir='ltr'>τοὺς</span> <span class='ocrx_word' id='word_1_660' title='bbox 659 5055 884 5126; x_wconf 80' lang='grc' dir='ltr'>νεκροὺς</span> <span class='ocrx_word' id='word_1_661' title='bbox 919 5055 1212 5127; x_wconf 82' lang='grc' dir='ltr'>ἁρμόσειεν</span> <span class='ocrx_word' id='word_1_662' title='bbox 1244 5055 1310 5110; x_wconf 84' lang='grc' dir='ltr'><strong>ἂν</strong></span> <span class='ocrx_word' id='word_1_663' title='bbox 1337 5058 1436 5128; x_wconf 84' lang='grc' dir='ltr'>οὑχ</span> <span class='ocrx_word' id='word_1_664' title='bbox 1463 5059 1653 5132; x_wconf 82' lang='grc' dir='ltr'>ἑτέρῳ,</span> <span class='ocrx_word' id='word_1_665' title='bbox 1685 5060 1824 5132; x_wconf 81' lang='grc' dir='ltr'>πλὴν</span> 
     </span>
    </p>
   </div>
   <div class='ocr_carea' id='block_1_85' title="bbox 241 5143 1826 5222">
    <p class='ocr_par' dir='ltr' id='par_1_85' title="bbox 241 5143 1826 5222">
     <span class='ocr_line' id='line_1_85' title="bbox 241 5143 1826 5222; baseline 0.004 -22"><span class='ocrx_word' id='word_1_666' title='bbox 241 5147 324 5200; x_wconf 79' lang='grc' dir='ltr'><strong>ὅτι</strong></span> <span class='ocrx_word' id='word_1_667' title='bbox 351 5144 504 5217; x_wconf 78' lang='grc' dir='ltr'>μόνῳ</span> <span class='ocrx_word' id='word_1_668' title='bbox 531 5143 608 5216; x_wconf 85' lang='grc' dir='ltr'><strong>τῷ</strong></span> <span class='ocrx_word' id='word_1_669' title='bbox 644 5146 784 5200; x_wconf 85' lang='grc' dir='ltr'><strong>κατὰ</strong></span> <span class='ocrx_word' id='word_1_670' title='bbox 813 5146 974 5216; x_wconf 82' lang='grc' dir='ltr'>φύσιν</span> <span class='ocrx_word' id='word_1_671' title='bbox 1000 5146 1149 5218; x_wconf 86' lang='grc' dir='ltr'><strong>Θεῷ·</strong></span> <span class='ocrx_word' id='word_1_672' title='bbox 1191 5147 1446 5212; x_wconf 78' lang='grc' dir='ltr'>ζωοποιεί</span> <span class='ocrx_word' id='word_1_673' title='bbox 1490 5151 1548 5204; x_wconf 81' lang='grc' dir='ltr'>δὲ</span> <span class='ocrx_word' id='word_1_674' title='bbox 1591 5153 1826 5222; x_wconf 88' lang='grc' dir='ltr'>Χριστὸς</span> 
     </span>
    </p>
   </div>
   <div class='ocr_carea' id='block_1_86' title="bbox 322 5325 1397 5396">
    <p class='ocr_par' dir='ltr' id='par_1_86' title="bbox 322 5325 1397 5396">
     <span class='ocr_line' id='line_1_86' title="bbox 322 5325 1397 5396; baseline 0.007 -17"><span class='ocrx_word' id='word_1_675' title='bbox 322 5327 364 5358; x_wconf 83' lang='grc'><strong>⁹¹</strong></span> <span class='ocrx_word' id='word_1_676' title='bbox 408 5325 522 5382; x_wconf 84' lang='lat' dir='ltr'><strong>Jac.</strong></span> <span class='ocrx_word' id='word_1_677' title='bbox 566 5341 642 5395; x_wconf 90' lang='lat' dir='ltr'><strong>tv,</strong></span> <span class='ocrx_word' id='word_1_678' title='bbox 674 5327 761 5382; x_wconf 76' lang='grc'><strong>19..</strong></span> <span class='ocrx_word' id='word_1_679' title='bbox 883 5330 926 5361; x_wconf 83' lang='grc'><strong>⁹¹</strong></span> <span class='ocrx_word' id='word_1_680' title='bbox 957 5327 1100 5384; x_wconf 79' lang='lat' dir='ltr'><strong>Psal.</strong></span> <span class='ocrx_word' id='word_1_681' title='bbox 1131 5347 1316 5396; x_wconf 73' lang='lat' dir='ltr'><strong>Lxxw,</strong></span> <span class='ocrx_word' id='word_1_682' title='bbox 1343 5331 1397 5388; x_wconf 88' lang='lat'><strong>7.</strong></span> 
     </span>
    </p>
   </div>
   <div class='ocr_carea' id='block_1_87' title="bbox 246 5397 1339 5481">
    <p class='ocr_par' dir='ltr' id='par_1_87' title="bbox 246 5397 1339 5481">
     <span class='ocr_line' id='line_1_87' title="bbox 246 5397 1339 5481; baseline 0.005 -31"><span class='ocrx_word' id='word_1_683' title='bbox 246 5397 291 5428; x_wconf 85' lang='lat'><strong>”</strong></span> <span class='ocrx_word' id='word_1_684' title='bbox 339 5397 508 5451; x_wconf 75' lang='lat' dir='ltr'><strong>Exod.</strong></span> <span class='ocrx_word' id='word_1_685' title='bbox 546 5415 636 5462; x_wconf 76' lang='lat' dir='ltr'><strong>xx,</strong></span> <span class='ocrx_word' id='word_1_686' title='bbox 667 5399 722 5455; x_wconf 74' lang='grc'><strong>4.</strong></span> <span class='ocrx_word' id='word_1_687' title='bbox 800 5400 847 5432; x_wconf 83' lang='grc'><strong>’⁸</strong></span> <span class='ocrx_word' id='word_1_688' title='bbox 878 5399 1031 5455; x_wconf 81' lang='lat' dir='ltr'><strong>Rom.</strong></span> <span class='ocrx_word' id='word_1_689' title='bbox 1068 5417 1139 5465; x_wconf 82' lang='lat' dir='ltr'><strong>tv,</strong></span> <span class='ocrx_word' id='word_1_690' title='bbox 1169 5402 1251 5455; x_wconf 87' lang='lat' dir='ltr'><strong>l7.</strong></span> <span class='ocrx_word' id='word_1_691' title='bbox 1326 5471 1339 5481; x_wconf 45' lang='lat'><strong><em>.</em></strong></span> 
     </span>
    </p>
   </div>
   <div class='ocr_carea' id='block_1_88' title="bbox 1510 5330 2079 5399">
    <p class='ocr_par' dir='ltr' id='par_1_88' title="bbox 1510 5330 2079 5399">
     <span class='ocr_line' id='line_1_88' title="bbox 1510 5330 2079 5399; baseline 0.002 -14"><span class='ocrx_word' id='word_1_692' title='bbox 1510 5331 1556 5363; x_wconf 81' lang='lat'><strong>&quot;</strong></span> <span class='ocrx_word' id='word_1_693' title='bbox 1591 5330 1747 5386; x_wconf 80' lang='lat' dir='ltr'><strong>Rom.</strong></span> <span class='ocrx_word' id='word_1_694' title='bbox 1784 5347 1866 5399; x_wconf 82' lang='grc' dir='ltr'>ιιι,</span> <span class='ocrx_word' id='word_1_695' title='bbox 1889 5332 2079 5388; x_wconf 70' lang='lat'><strong>20—22.</strong></span> 
     </span>
    </p>
   </div>
   <div class='ocr_carea' id='block_1_89' title="bbox 1920 3118 3496 3195">
    <p class='ocr_par' dir='ltr' id='par_1_89' title="bbox 1920 3118 3496 3195">
     <span class='ocr_line' id='line_1_89' title="bbox 1920 3118 3496 3195; baseline -0.011 -11"><span class='ocrx_word' id='word_1_696' title='bbox 1920 3128 1986 3184; x_wconf 88' lang='lat' dir='ltr'><strong>de</strong></span> <span class='ocrx_word' id='word_1_697' title='bbox 2017 3141 2182 3182; x_wconf 89' lang='lat' dir='ltr'><strong>causa</strong></span> <span class='ocrx_word' id='word_1_698' title='bbox 2211 3126 2281 3180; x_wconf 89' lang='lat' dir='ltr'><strong>ab</strong></span> <span class='ocrx_word' id='word_1_699' title='bbox 2312 3123 2429 3193; x_wconf 82' lang='lat' dir='ltr'><strong>ejus</strong></span> <span class='ocrx_word' id='word_1_700' title='bbox 2456 3123 2623 3195; x_wconf 81' lang='lat' dir='ltr'><strong>gloria</strong></span> <span class='ocrx_word' id='word_1_701' title='bbox 2655 3121 2933 3186; x_wconf 86' lang='lat' dir='ltr'><strong>absumus,</strong></span> <span class='ocrx_word' id='word_1_702' title='bbox 2963 3120 3089 3191; x_wconf 83' lang='lat' dir='ltr'><strong>quia</strong></span> <span class='ocrx_word' id='word_1_703' title='bbox 3126 3119 3330 3189; x_wconf 86' lang='lat' dir='ltr'><strong>absque</strong></span> <span class='ocrx_word' id='word_1_704' title='bbox 3361 3118 3496 3173; x_wconf 77' lang='lat' dir='ltr'><strong>deli-</strong></span> 
     </span>
    </p>
   </div>
   <div class='ocr_carea' id='block_1_90' title="bbox 1919 3205 3498 3292">
    <p class='ocr_par' dir='ltr' id='par_1_90' title="bbox 1919 3205 3498 3292">
     <span class='ocr_line' id='line_1_90' title="bbox 1919 3205 3498 3292; baseline -0.007 -19"><span class='ocrx_word' id='word_1_705' title='bbox 1919 3228 2007 3274; x_wconf 92' lang='lat' dir='ltr'><strong>cto</strong></span> <span class='ocrx_word' id='word_1_706' title='bbox 2057 3233 2164 3272; x_wconf 90' lang='lat' dir='ltr'><strong>non</strong></span> <span class='ocrx_word' id='word_1_707' title='bbox 2211 3215 2447 3271; x_wconf 82' lang='lat' dir='ltr'><strong>vivimus</strong></span> <span class='ocrx_word' id='word_1_708' title='bbox 2481 3231 2495 3270; x_wconf 88' lang='lat'><strong>:</strong></span> <span class='ocrx_word' id='word_1_709' title='bbox 2524 3212 2608 3292; x_wconf 81' lang='lat' dir='ltr'><strong>cui</strong></span> <span class='ocrx_word' id='word_1_710' title='bbox 2657 3205 2882 3268; x_wconf 86' lang='lat' dir='ltr'><strong>dubium</strong></span> <span class='ocrx_word' id='word_1_711' title='bbox 2930 3225 3049 3268; x_wconf 88' lang='lat' dir='ltr'><strong>esse</strong></span> <span class='ocrx_word' id='word_1_712' title='bbox 3098 3221 3306 3282; x_wconf 85' lang='lat' dir='ltr'><strong>potest,</strong></span> <span class='ocrx_word' id='word_1_713' title='bbox 3366 3211 3498 3280; x_wconf 88' lang='lat' dir='ltr'><strong>quin</strong></span> 
     </span>
    </p>
   </div>
   <div class='ocr_carea' id='block_1_91' title="bbox 1921 3298 3497 3383">
    <p class='ocr_par' dir='ltr' id='par_1_91' title="bbox 1921 3298 3497 3383">
     <span class='ocr_line' id='line_1_91' title="bbox 1921 3298 3497 3383; baseline -0.009 -15"><span class='ocrx_word' id='word_1_714' title='bbox 1921 3305 2156 3369; x_wconf 75' lang='lat' dir='ltr'><strong>Verbum</strong></span> <span class='ocrx_word' id='word_1_715' title='bbox 2203 3311 2541 3383; x_wconf 71' lang='lat' dir='ltr'><strong>incarnatum</strong></span> <span class='ocrx_word' id='word_1_716' title='bbox 2575 3307 2717 3360; x_wconf 87' lang='lat' dir='ltr'><strong>Dens</strong></span> <span class='ocrx_word' id='word_1_717' title='bbox 2761 3304 2872 3358; x_wconf 89' lang='lat' dir='ltr'><strong>sit?</strong></span> <span class='ocrx_word' id='word_1_718' title='bbox 2907 3298 3030 3358; x_wconf 72' lang='lat' dir='ltr'><strong>nam</strong></span> <span class='ocrx_word' id='word_1_719' title='bbox 3073 3313 3355 3374; x_wconf 87' lang='lat' dir='ltr'><strong>peccatum</strong></span> <span class='ocrx_word' id='word_1_720' title='bbox 3392 3317 3497 3356; x_wconf 87' lang='lat' dir='ltr'><strong>non</strong></span> 
     </span>
    </p>
   </div>
   <div class='ocr_carea' id='block_1_92' title="bbox 1921 3407 2068 3462">
    <p class='ocr_par' dir='ltr' id='par_1_92' title="bbox 1921 3407 2068 3462">
     <span class='ocr_line' id='line_1_92' title="bbox 1921 3407 2068 3462; baseline -0.014 0"><span class='ocrx_word' id='word_1_721' title='bbox 1921 3407 2068 3462; x_wconf 78' lang='lat' dir='ltr'><strong>fecit.</strong></span> 
     </span>
    </p>
   </div>
   <div class='ocr_carea' id='block_1_93' title="bbox 1997 3488 3501 3569">
    <p class='ocr_par' dir='ltr' id='par_1_93' title="bbox 1997 3488 3501 3569">
     <span class='ocr_line' id='line_1_93' title="bbox 1997 3488 3501 3569; baseline -0.007 -19"><span class='ocrx_word' id='word_1_722' title='bbox 1997 3517 2015 3550; x_wconf 75' lang='grc' dir='ltr'><strong>ι</strong></span> <span class='ocrx_word' id='word_1_723' title='bbox 2043 3495 2239 3569; x_wconf 85' lang='lat' dir='ltr'><strong>Legem</strong></span> <span class='ocrx_word' id='word_1_724' title='bbox 2275 3511 2403 3566; x_wconf 81' lang='lat' dir='ltr'><strong>ergo</strong></span> <span class='ocrx_word' id='word_1_725' title='bbox 2443 3492 2772 3550; x_wconf 67' lang='lat' dir='ltr'><strong>itestru‘imus</strong></span> <span class='ocrx_word' id='word_1_726' title='bbox 2813 3504 2908 3562; x_wconf 86' lang='lat' dir='ltr'><strong>per</strong></span> <span class='ocrx_word' id='word_1_727' title='bbox 2946 3488 3146 3546; x_wconf 82' lang='lat' dir='ltr'><strong>ﬁdem?</strong></span> <span class='ocrx_word' id='word_1_728' title='bbox 3171 3488 3358 3544; x_wconf 84' lang='lat' dir='ltr'><strong>Absit!</strong></span> <span class='ocrx_word' id='word_1_729' title='bbox 3407 3491 3501 3541; x_wconf 84' lang='lat' dir='ltr'><strong>sed</strong></span> 
     </span>
    </p>
   </div>
   <div class='ocr_carea' id='block_1_94' title="bbox 1921 3581 3500 3662">
    <p class='ocr_par' dir='ltr' id='par_1_94' title="bbox 1921 3581 3500 3662">
     <span class='ocr_line' id='line_1_94' title="bbox 1921 3581 3500 3662; baseline -0.008 -17"><span class='ocrx_word' id='word_1_730' title='bbox 1921 3591 2092 3662; x_wconf 91' lang='lat' dir='ltr'><strong>legem</strong></span> <span class='ocrx_word' id='word_1_731' title='bbox 2157 3582 2535 3645; x_wconf 78' lang='lat' dir='ltr'><strong>statuimus&quot;.</strong></span> <span class='ocrx_word' id='word_1_732' title='bbox 2569 3603 2589 3638; x_wconf 67' lang='grc' dir='ltr'><strong>ι</strong></span> <span class='ocrx_word' id='word_1_733' title='bbox 2650 3585 2758 3639; x_wconf 80' lang='lat' dir='ltr'><strong>Lex</strong></span> <span class='ocrx_word' id='word_1_734' title='bbox 2813 3581 3046 3638; x_wconf 86' lang='lat' dir='ltr'><strong>Mosaica</strong></span> <span class='ocrx_word' id='word_1_735' title='bbox 3109 3582 3280 3637; x_wconf 91' lang='lat' dir='ltr'><strong>Deum</strong></span> <span class='ocrx_word' id='word_1_736' title='bbox 3336 3597 3500 3634; x_wconf 87' lang='lat' dir='ltr'><strong>unum</strong></span> 
     </span>
    </p>
   </div>
   <div class='ocr_carea' id='block_1_95' title="bbox 1920 3672 3502 3738">
    <p class='ocr_par' dir='ltr' id='par_1_95' title="bbox 1920 3672 3502 3738">
     <span class='ocr_line' id='line_1_95' title="bbox 1920 3672 3502 3738; baseline -0.008 0"><span class='ocrx_word' id='word_1_737' title='bbox 1920 3682 2254 3738; x_wconf 88' lang='lat' dir='ltr'><strong>adorandum</strong></span> <span class='ocrx_word' id='word_1_738' title='bbox 2290 3695 2410 3735; x_wconf 86' lang='lat' dir='ltr'><strong>esse</strong></span> <span class='ocrx_word' id='word_1_739' title='bbox 2447 3677 2650 3734; x_wconf 91' lang='lat' dir='ltr'><strong>docuit.</strong></span> <span class='ocrx_word' id='word_1_740' title='bbox 2682 3677 2772 3731; x_wconf 86' lang='lat' dir='ltr'><strong>Ait</strong></span> <span class='ocrx_word' id='word_1_741' title='bbox 2798 3677 2942 3731; x_wconf 89' lang='lat' dir='ltr'><strong>enim</strong></span> <span class='ocrx_word' id='word_1_742' title='bbox 2975 3693 2988 3729; x_wconf 89' lang='lat'><strong>:</strong></span> <span class='ocrx_word' id='word_1_743' title='bbox 3022 3691 3041 3727; x_wconf 72' lang='grc' dir='ltr'><strong>ι</strong></span> <span class='ocrx_word' id='word_1_744' title='bbox 3073 3674 3334 3729; x_wconf 88' lang='lat' dir='ltr'><strong>Dominus</strong></span> <span class='ocrx_word' id='word_1_745' title='bbox 3360 3672 3502 3726; x_wconf 84' lang='lat' dir='ltr'><strong>Deus</strong></span> 
     </span>
    </p>
   </div>
   <div class='ocr_carea' id='block_1_96' title="bbox 1923 3760 3504 3835">
    <p class='ocr_par' dir='ltr' id='par_1_96' title="bbox 1923 3760 3504 3835">
     <span class='ocr_line' id='line_1_96' title="bbox 1923 3760 3504 3835; baseline -0.009 -7"><span class='ocrx_word' id='word_1_746' title='bbox 1923 3782 2046 3828; x_wconf 90' lang='lat' dir='ltr'><strong>tuus</strong></span> <span class='ocrx_word' id='word_1_747' title='bbox 2067 3771 2254 3835; x_wconf 85' lang='lat' dir='ltr'><strong>Israel,</strong></span> <span class='ocrx_word' id='word_1_748' title='bbox 2280 3766 2422 3824; x_wconf 90' lang='lat' dir='ltr'><strong>Deus</strong></span> <span class='ocrx_word' id='word_1_749' title='bbox 2459 3784 2600 3824; x_wconf 91' lang='lat' dir='ltr'><strong>unus</strong></span> <span class='ocrx_word' id='word_1_750' title='bbox 2631 3767 2812 3833; x_wconf 78' lang='lat' dir='ltr'><strong>est&quot;;</strong></span> <span class='ocrx_word' id='word_1_751' title='bbox 2844 3785 2862 3817; x_wconf 72' lang='grc' dir='ltr'><strong>ι</strong></span> <span class='ocrx_word' id='word_1_752' title='bbox 2899 3775 2954 3820; x_wconf 90' lang='lat' dir='ltr'><strong>et</strong></span> <span class='ocrx_word' id='word_1_753' title='bbox 2980 3766 3094 3835; x_wconf 88' lang='lat' dir='ltr'><strong>ipse</strong></span> <span class='ocrx_word' id='word_1_754' title='bbox 3122 3777 3339 3833; x_wconf 89' lang='lat' dir='ltr'><strong>quoque</strong></span> <span class='ocrx_word' id='word_1_755' title='bbox 3359 3760 3504 3817; x_wconf 89' lang='lat' dir='ltr'><strong>Dens</strong></span> 
     </span>
    </p>
   </div>
   <div class='ocr_carea' id='block_1_97' title="bbox 1920 3853 3499 3927">
    <p class='ocr_par' dir='ltr' id='par_1_97' title="bbox 1920 3853 3499 3927">
     <span class='ocr_line' id='line_1_97' title="bbox 1920 3853 3499 3927; baseline -0.009 -7"><span class='ocrx_word' id='word_1_756' title='bbox 1920 3865 2138 3920; x_wconf 87' lang='lat' dir='ltr'><strong>eosdem</strong></span> <span class='ocrx_word' id='word_1_757' title='bbox 2169 3863 2270 3918; x_wconf 90' lang='lat' dir='ltr'><strong>hac</strong></span> <span class='ocrx_word' id='word_1_758' title='bbox 2300 3861 2550 3916; x_wconf 89' lang='lat' dir='ltr'><strong>oratione</strong></span> <span class='ocrx_word' id='word_1_759' title='bbox 2581 3857 2944 3927; x_wconf 87' lang='lat' dir='ltr'><strong>compellabat</strong></span> <span class='ocrx_word' id='word_1_760' title='bbox 2970 3874 2983 3910; x_wconf 90' lang='lat'>:</span> <span class='ocrx_word' id='word_1_761' title='bbox 3015 3874 3033 3907; x_wconf 88' lang='grc'><strong>‹</strong></span> <span class='ocrx_word' id='word_1_762' title='bbox 3061 3854 3178 3910; x_wconf 85' lang='grc' dir='ltr'>Νοη</span> <span class='ocrx_word' id='word_1_763' title='bbox 3213 3862 3375 3910; x_wconf 87' lang='lat' dir='ltr'><strong>erunt</strong></span> <span class='ocrx_word' id='word_1_764' title='bbox 3405 3853 3499 3906; x_wconf 88' lang='lat' dir='ltr'><strong>tibi</strong></span> 
     </span>
    </p>
   </div>
   <div class='ocr_carea' id='block_1_98' title="bbox 1923 3946 3504 4026">
    <p class='ocr_par' dir='ltr' id='par_1_98' title="bbox 1923 3946 3504 4026">
     <span class='ocr_line' id='line_1_98' title="bbox 1923 3946 3504 4026; baseline -0.005 -16"><span class='ocrx_word' id='word_1_765' title='bbox 1923 3956 1996 4012; x_wconf 91' lang='lat' dir='ltr'><strong>dii</strong></span> <span class='ocrx_word' id='word_1_766' title='bbox 2045 3950 2134 4008; x_wconf 89' lang='lat' dir='ltr'><strong>alii</strong></span> <span class='ocrx_word' id='word_1_767' title='bbox 2189 3963 2386 4026; x_wconf 86' lang='lat' dir='ltr'><strong>praeter</strong></span> <span class='ocrx_word' id='word_1_768' title='bbox 2423 3966 2509 4006; x_wconf 90' lang='lat' dir='ltr'><strong>me</strong></span> <span class='ocrx_word' id='word_1_769' title='bbox 2530 3946 2599 4004; x_wconf 79' lang='lat'><strong>&quot;.</strong></span> <span class='ocrx_word' id='word_1_770' title='bbox 2635 3969 2654 4003; x_wconf 75' lang='grc' dir='ltr'><strong>ι</strong></span> <span class='ocrx_word' id='word_1_771' title='bbox 2696 3948 2947 4018; x_wconf 80' lang='lat' dir='ltr'><strong>Nunquid</strong></span> <span class='ocrx_word' id='word_1_772' title='bbox 2999 3948 3164 4018; x_wconf 84' lang='lat' dir='ltr'><strong>igitur</strong></span> <span class='ocrx_word' id='word_1_773' title='bbox 3207 3947 3342 4003; x_wconf 83' lang='lat' dir='ltr'><strong>ﬁdes</strong></span> <span class='ocrx_word' id='word_1_774' title='bbox 3382 3963 3504 4018; x_wconf 79' lang='lat' dir='ltr'><strong>qme</strong></span> 
     </span>
    </p>
   </div>
   <div class='ocr_carea' id='block_1_99' title="bbox 1922 4039 3504 4113">
    <p class='ocr_par' dir='ltr' id='par_1_99' title="bbox 1922 4039 3504 4113">
     <span class='ocr_line' id='line_1_99' title="bbox 1922 4039 3504 4113; baseline -0.007 -8"><span class='ocrx_word' id='word_1_775' title='bbox 1922 4058 2008 4105; x_wconf 89' lang='lat' dir='ltr'><strong>est</strong></span> <span class='ocrx_word' id='word_1_776' title='bbox 2041 4048 2096 4102; x_wconf 94' lang='lat' dir='ltr'><strong>in</strong></span> <span class='ocrx_word' id='word_1_777' title='bbox 2133 4046 2432 4110; x_wconf 89' lang='lat' dir='ltr'><strong>Christmn,</strong></span> <span class='ocrx_word' id='word_1_778' title='bbox 2475 4057 2569 4099; x_wconf 90' lang='lat' dir='ltr'><strong>cos</strong></span> <span class='ocrx_word' id='word_1_779' title='bbox 2600 4043 2692 4113; x_wconf 89' lang='lat' dir='ltr'><strong>qni</strong></span> <span class='ocrx_word' id='word_1_780' title='bbox 2739 4055 2838 4112; x_wconf 88' lang='lat' dir='ltr'><strong>per</strong></span> <span class='ocrx_word' id='word_1_781' title='bbox 2883 4055 3000 4096; x_wconf 90' lang='lat' dir='ltr'><strong>eam</strong></span> <span class='ocrx_word' id='word_1_782' title='bbox 3037 4039 3214 4095; x_wconf 86' lang='lat' dir='ltr'><strong>vocati</strong></span> <span class='ocrx_word' id='word_1_783' title='bbox 3249 4047 3393 4106; x_wconf 87' lang='lat' dir='ltr'><strong>sunt,</strong></span> <span class='ocrx_word' id='word_1_784' title='bbox 3437 4055 3504 4095; x_wconf 88' lang='lat' dir='ltr'><strong>eo</strong></span> 
     </span>
    </p>
   </div>
   <div class='ocr_carea' id='block_1_100' title="bbox 1925 4131 3502 4204">
    <p class='ocr_par' dir='ltr' id='par_1_100' title="bbox 1925 4131 3502 4204">
     <span class='ocr_line' id='line_1_100' title="bbox 1925 4131 3502 4204; baseline -0.007 -7"><span class='ocrx_word' id='word_1_785' title='bbox 1925 4140 2218 4204; x_wconf 89' lang='lat' dir='ltr'><strong>transtulit,</strong></span> <span class='ocrx_word' id='word_1_786' title='bbox 2255 4147 2316 4193; x_wconf 94' lang='lat' dir='ltr'><strong>ut</strong></span> <span class='ocrx_word' id='word_1_787' title='bbox 2357 4152 2521 4191; x_wconf 92' lang='lat' dir='ltr'><strong>nnum</strong></span> <span class='ocrx_word' id='word_1_788' title='bbox 2562 4135 2858 4190; x_wconf 88' lang='lat' dir='ltr'><strong>secundum</strong></span> <span class='ocrx_word' id='word_1_789' title='bbox 2891 4142 3140 4188; x_wconf 89' lang='lat' dir='ltr'><strong>naturam</strong></span> <span class='ocrx_word' id='word_1_790' title='bbox 3182 4131 3351 4187; x_wconf 91' lang='lat' dir='ltr'><strong>Deum</strong></span> <span class='ocrx_word' id='word_1_791' title='bbox 3395 4135 3502 4187; x_wconf 79' lang='lat' dir='ltr'><strong>non</strong></span> 
     </span>
    </p>
   </div>
   <div class='ocr_carea' id='block_1_101' title="bbox 1925 4226 3504 4306">
    <p class='ocr_par' dir='ltr' id='par_1_101' title="bbox 1925 4226 3504 4306">
     <span class='ocr_line' id='line_1_101' title="bbox 1925 4226 3504 4306; baseline -0.007 -16"><span class='ocrx_word' id='word_1_792' title='bbox 1925 4232 2192 4306; x_wconf 84' lang='lat' dir='ltr'><strong>adorent?</strong></span> <span class='ocrx_word' id='word_1_793' title='bbox 2228 4232 2476 4303; x_wconf 88' lang='lat' dir='ltr'><strong>legemne</strong></span> <span class='ocrx_word' id='word_1_794' title='bbox 2505 4244 2636 4299; x_wconf 83' lang='lat' dir='ltr'><strong>ergo</strong></span> <span class='ocrx_word' id='word_1_795' title='bbox 2679 4227 3039 4291; x_wconf 88' lang='lat' dir='ltr'><strong>destruimus,</strong></span> <span class='ocrx_word' id='word_1_796' title='bbox 3082 4241 3205 4298; x_wconf 85' lang='lat' dir='ltr'><strong>quae</strong></span> <span class='ocrx_word' id='word_1_797' title='bbox 3237 4226 3304 4280; x_wconf 91' lang='lat' dir='ltr'><strong>ad</strong></span> <span class='ocrx_word' id='word_1_798' title='bbox 3337 4241 3504 4280; x_wconf 90' lang='lat' dir='ltr'><strong>unum</strong></span> 
     </span>
    </p>
   </div>
   <div class='ocr_carea' id='block_1_102' title="bbox 1925 4317 3505 4390">
    <p class='ocr_par' dir='ltr' id='par_1_102' title="bbox 1925 4317 3505 4390">
     <span class='ocr_line' id='line_1_102' title="bbox 1925 4317 3505 4390; baseline -0.005 -11"><span class='ocrx_word' id='word_1_799' title='bbox 1925 4340 2112 4381; x_wconf 81' lang='lat' dir='ltr'><strong>verum</strong></span> <span class='ocrx_word' id='word_1_800' title='bbox 2130 4324 2298 4379; x_wconf 91' lang='lat' dir='ltr'><strong>Deum</strong></span> <span class='ocrx_word' id='word_1_801' title='bbox 2327 4337 2424 4378; x_wconf 90' lang='lat' dir='ltr'><strong>nos</strong></span> <span class='ocrx_word' id='word_1_802' title='bbox 2442 4319 2613 4378; x_wconf 85' lang='lat' dir='ltr'><strong>ducit?</strong></span> <span class='ocrx_word' id='word_1_803' title='bbox 2651 4338 2670 4371; x_wconf 72' lang='grc' dir='ltr'><strong>ι</strong></span> <span class='ocrx_word' id='word_1_804' title='bbox 2697 4319 2886 4374; x_wconf 88' lang='lat' dir='ltr'><strong>Absit!</strong></span> <span class='ocrx_word' id='word_1_805' title='bbox 2923 4318 3099 4390; x_wconf 88' lang='lat' dir='ltr'><strong>inquit</strong></span> <span class='ocrx_word' id='word_1_806' title='bbox 3130 4317 3220 4373; x_wconf 87' lang='lat' dir='ltr'><strong>ille</strong></span> <span class='ocrx_word' id='word_1_807' title='bbox 3250 4337 3264 4373; x_wconf 90' lang='lat'><strong>:</strong></span> <span class='ocrx_word' id='word_1_808' title='bbox 3294 4318 3387 4374; x_wconf 91' lang='lat' dir='ltr'><strong>sed</strong></span> <span class='ocrx_word' id='word_1_809' title='bbox 3423 4318 3505 4372; x_wconf 88' lang='lat' dir='ltr'><strong>le-</strong></span> 
     </span>
    </p>
   </div>
   <div class='ocr_carea' id='block_1_103' title="bbox 1929 4411 3506 4490">
    <p class='ocr_par' dir='ltr' id='par_1_103' title="bbox 1929 4411 3506 4490">
     <span class='ocr_line' id='line_1_103' title="bbox 1929 4411 3506 4490; baseline -0.005 -17"><span class='ocrx_word' id='word_1_810' title='bbox 1929 4434 2049 4490; x_wconf 87' lang='lat' dir='ltr'><strong>gem</strong></span> <span class='ocrx_word' id='word_1_811' title='bbox 2078 4418 2391 4473; x_wconf 85' lang='lat' dir='ltr'><strong>statuimus.</strong></span> <span class='ocrx_word' id='word_1_812' title='bbox 2419 4435 2438 4470; x_wconf 80' lang='grc'><strong>›</strong></span> <span class='ocrx_word' id='word_1_813' title='bbox 2475 4414 2828 4486; x_wconf 84' lang='lat' dir='ltr'><strong>Adjungimus</strong></span> <span class='ocrx_word' id='word_1_814' title='bbox 2853 4428 2982 4484; x_wconf 87' lang='lat' dir='ltr'><strong>ergo</strong></span> <span class='ocrx_word' id='word_1_815' title='bbox 3014 4428 3112 4468; x_wconf 92' lang='lat' dir='ltr'><strong>nos</strong></span> <span class='ocrx_word' id='word_1_816' title='bbox 3133 4411 3352 4468; x_wconf 90' lang='lat' dir='ltr'><strong>Christo</strong></span> <span class='ocrx_word' id='word_1_817' title='bbox 3391 4421 3506 4466; x_wconf 88' lang='lat' dir='ltr'><strong>tan-</strong></span> 
     </span>
    </p>
   </div>
   <div class='ocr_carea' id='block_1_104' title="bbox 1931 4506 3507 4584">
    <p class='ocr_par' dir='ltr' id='par_1_104' title="bbox 1931 4506 3507 4584">
     <span class='ocr_line' id='line_1_104' title="bbox 1931 4506 3507 4584; baseline -0.007 -14"><span class='ocrx_word' id='word_1_818' title='bbox 1931 4529 2094 4584; x_wconf 90' lang='lat' dir='ltr'><strong>quam</strong></span> <span class='ocrx_word' id='word_1_819' title='bbox 2125 4528 2253 4568; x_wconf 87' lang='lat' dir='ltr'><strong>vero</strong></span> <span class='ocrx_word' id='word_1_820' title='bbox 2282 4511 2412 4576; x_wconf 91' lang='lat' dir='ltr'><strong>Deo,</strong></span> <span class='ocrx_word' id='word_1_821' title='bbox 2451 4524 2522 4566; x_wconf 88' lang='lat' dir='ltr'><strong>ne</strong></span> <span class='ocrx_word' id='word_1_822' title='bbox 2552 4509 2764 4564; x_wconf 84' lang='lat' dir='ltr'><strong>violatae</strong></span> <span class='ocrx_word' id='word_1_823' title='bbox 2807 4506 2941 4580; x_wconf 88' lang='lat' dir='ltr'><strong>legis</strong></span> <span class='ocrx_word' id='word_1_824' title='bbox 2975 4506 3378 4572; x_wconf 89' lang='lat' dir='ltr'><strong>insimulemur,</strong></span> <span class='ocrx_word' id='word_1_825' title='bbox 3412 4507 3507 4560; x_wconf 86' lang='lat' dir='ltr'><strong>sed</strong></span> 
     </span>
    </p>
   </div>
   <div class='ocr_carea' id='block_1_105' title="bbox 1930 4599 3507 4674">
    <p class='ocr_par' dir='ltr' id='par_1_105' title="bbox 1930 4599 3507 4674">
     <span class='ocr_line' id='line_1_105' title="bbox 1930 4599 3507 4674; baseline -0.007 -10"><span class='ocrx_word' id='word_1_826' title='bbox 1930 4605 2393 4672; x_wconf 90' lang='lat' dir='ltr'><strong>commendemur,</strong></span> <span class='ocrx_word' id='word_1_827' title='bbox 2429 4602 2603 4674; x_wconf 91' lang='lat' dir='ltr'><strong>utqui</strong></span> <span class='ocrx_word' id='word_1_828' title='bbox 2641 4601 2812 4670; x_wconf 86' lang='lat' dir='ltr'><strong>legem</strong></span> <span class='ocrx_word' id='word_1_829' title='bbox 2850 4615 2945 4670; x_wconf 85' lang='lat' dir='ltr'><strong>per</strong></span> <span class='ocrx_word' id='word_1_830' title='bbox 2978 4599 3136 4654; x_wconf 81' lang='lat' dir='ltr'><strong>ﬁdem</strong></span> <span class='ocrx_word' id='word_1_831' title='bbox 3182 4607 3507 4653; x_wconf 84' lang='lat' dir='ltr'><strong>statuamus.</strong></span> 
     </span>
    </p>
   </div>
   <div class='ocr_carea' id='block_1_106' title="bbox 2001 4776 3508 4859">
    <p class='ocr_par' dir='ltr' id='par_1_106' title="bbox 2001 4776 3508 4859">
     <span class='ocr_line' id='line_1_106' title="bbox 2001 4776 3508 4859; baseline -0.006 -18"><span class='ocrx_word' id='word_1_832' title='bbox 2001 4789 2112 4859; x_wconf 77' lang='lat'><strong>58</strong></span> <span class='ocrx_word' id='word_1_833' title='bbox 2141 4786 2207 4840; x_wconf 85' lang='lat' dir='ltr'><strong>Et</strong></span> <span class='ocrx_word' id='word_1_834' title='bbox 2258 4785 2326 4838; x_wconf 87' lang='lat' dir='ltr'><strong>de</strong></span> <span class='ocrx_word' id='word_1_835' title='bbox 2375 4781 2649 4837; x_wconf 83' lang='lat' dir='ltr'><strong>Abraham</strong></span> <span class='ocrx_word' id='word_1_836' title='bbox 2699 4778 2932 4835; x_wconf 85' lang='lat' dir='ltr'><strong>scribit:</strong></span> <span class='ocrx_word' id='word_1_837' title='bbox 2969 4796 2986 4830; x_wconf 76' lang='grc' dir='ltr'><strong>ι</strong></span> <span class='ocrx_word' id='word_1_838' title='bbox 3019 4777 3160 4832; x_wconf 87' lang='lat' dir='ltr'><strong>Ante</strong></span> <span class='ocrx_word' id='word_1_839' title='bbox 3214 4776 3378 4833; x_wconf 85' lang='lat' dir='ltr'><strong>Deum</strong></span> <span class='ocrx_word' id='word_1_840' title='bbox 3423 4779 3508 4832; x_wconf 85' lang='lat' dir='ltr'><strong>cui</strong></span> 
     </span>
    </p>
   </div>
   <div class='ocr_carea' id='block_1_107' title="bbox 1931 4874 3507 4946">
    <p class='ocr_par' dir='ltr' id='par_1_107' title="bbox 1931 4874 3507 4946">
     <span class='ocr_line' id='line_1_107' title="bbox 1931 4874 3507 4946; baseline -0.009 -8"><span class='ocrx_word' id='word_1_841' title='bbox 1931 4879 2179 4943; x_wconf 89' lang='lat' dir='ltr'><strong>credidit,</strong></span> <span class='ocrx_word' id='word_1_842' title='bbox 2208 4877 2299 4946; x_wconf 89' lang='lat' dir='ltr'><strong>qui</strong></span> <span class='ocrx_word' id='word_1_843' title='bbox 2331 4874 2570 4929; x_wconf 76' lang='lat' dir='ltr'><strong>viviticat</strong></span> <span class='ocrx_word' id='word_1_844' title='bbox 2597 4881 2860 4937; x_wconf 90' lang='lat' dir='ltr'><strong>mortuos,</strong></span> <span class='ocrx_word' id='word_1_845' title='bbox 2893 4881 2949 4926; x_wconf 92' lang='lat' dir='ltr'><strong>et</strong></span> <span class='ocrx_word' id='word_1_846' title='bbox 2976 4880 3132 4925; x_wconf 88' lang='lat' dir='ltr'><strong>vocat</strong></span> <span class='ocrx_word' id='word_1_847' title='bbox 3163 4883 3225 4923; x_wconf 92' lang='lat' dir='ltr'><strong>ca</strong></span> <span class='ocrx_word' id='word_1_848' title='bbox 3250 4883 3368 4939; x_wconf 77' lang='lat' dir='ltr'><strong>qua:</strong></span> <span class='ocrx_word' id='word_1_849' title='bbox 3399 4885 3507 4924; x_wconf 90' lang='lat' dir='ltr'><strong>non</strong></span> 
     </span>
    </p>
   </div>
   <div class='ocr_carea' id='block_1_108' title="bbox 1933 4961 3512 5038">
    <p class='ocr_par' dir='ltr' id='par_1_108' title="bbox 1933 4961 3512 5038">
     <span class='ocr_line' id='line_1_108' title="bbox 1933 4961 3512 5038; baseline -0.008 -10"><span class='ocrx_word' id='word_1_850' title='bbox 1933 4982 2081 5036; x_wconf 86' lang='lat' dir='ltr'><strong>sunt,</strong></span> <span class='ocrx_word' id='word_1_851' title='bbox 2126 4980 2382 5038; x_wconf 91' lang='lat' dir='ltr'><strong>tanquam</strong></span> <span class='ocrx_word' id='word_1_852' title='bbox 2427 4980 2491 5020; x_wconf 83' lang='lat' dir='ltr'><strong>ea</strong></span> <span class='ocrx_word' id='word_1_853' title='bbox 2533 4979 2653 5033; x_wconf 66' lang='lat' dir='ltr'><strong>qua:</strong></span> <span class='ocrx_word' id='word_1_854' title='bbox 2690 4972 2818 5018; x_wconf 86' lang='lat' dir='ltr'><strong>sunt</strong></span> <span class='ocrx_word' id='word_1_855' title='bbox 2840 4963 2906 5014; x_wconf 83' lang='lat'><strong>”.</strong></span> <span class='ocrx_word' id='word_1_856' title='bbox 2939 4981 2957 5014; x_wconf 74' lang='grc' dir='ltr'><strong>ι</strong></span> <span class='ocrx_word' id='word_1_857' title='bbox 3011 4961 3144 5015; x_wconf 90' lang='lat' dir='ltr'><strong>Cum</strong></span> <span class='ocrx_word' id='word_1_858' title='bbox 3179 4961 3342 5031; x_wconf 88' lang='lat' dir='ltr'><strong>igitur</strong></span> <span class='ocrx_word' id='word_1_859' title='bbox 3367 4977 3512 5015; x_wconf 89' lang='lat' dir='ltr'><strong>mor-</strong></span> 
     </span>
    </p>
   </div>
   <div class='ocr_carea' id='block_1_109' title="bbox 1935 5053 3512 5126">
    <p class='ocr_par' dir='ltr' id='par_1_109' title="bbox 1935 5053 3512 5126">
     <span class='ocr_line' id='line_1_109' title="bbox 1935 5053 3512 5126; baseline -0.006 -8"><span class='ocrx_word' id='word_1_860' title='bbox 1935 5075 2058 5118; x_wconf 91' lang='lat' dir='ltr'><strong>tuos</strong></span> <span class='ocrx_word' id='word_1_861' title='bbox 2085 5062 2208 5116; x_wconf 85' lang='lat' dir='ltr'><strong>vitae</strong></span> <span class='ocrx_word' id='word_1_862' title='bbox 2251 5059 2542 5114; x_wconf 86' lang='lat' dir='ltr'><strong>restituere</strong></span> <span class='ocrx_word' id='word_1_863' title='bbox 2573 5070 2731 5126; x_wconf 88' lang='lat' dir='ltr'><strong>posse</strong></span> <span class='ocrx_word' id='word_1_864' title='bbox 2777 5055 2829 5109; x_wconf 90' lang='lat' dir='ltr'><strong>in</strong></span> <span class='ocrx_word' id='word_1_865' title='bbox 2868 5053 3071 5108; x_wconf 90' lang='lat' dir='ltr'><strong>nullum</strong></span> <span class='ocrx_word' id='word_1_866' title='bbox 3121 5053 3285 5109; x_wconf 89' lang='lat' dir='ltr'><strong>alium</strong></span> <span class='ocrx_word' id='word_1_867' title='bbox 3315 5069 3512 5109; x_wconf 76' lang='lat' dir='ltr'><strong>conre-</strong></span> 
     </span>
    </p>
   </div>
   <div class='ocr_carea' id='block_1_110' title="bbox 1939 5144 3512 5217">
    <p class='ocr_par' dir='ltr' id='par_1_110' title="bbox 1939 5144 3512 5217">
     <span class='ocr_line' id='line_1_110' title="bbox 1939 5144 3512 5217; baseline -0.004 -10"><span class='ocrx_word' id='word_1_868' title='bbox 1939 5154 2075 5217; x_wconf 89' lang='lat' dir='ltr'><strong>niat,</strong></span> <span class='ocrx_word' id='word_1_869' title='bbox 2123 5150 2223 5206; x_wconf 90' lang='lat' dir='ltr'><strong>nisi</strong></span> <span class='ocrx_word' id='word_1_870' title='bbox 2261 5150 2315 5204; x_wconf 94' lang='lat' dir='ltr'><strong>in</strong></span> <span class='ocrx_word' id='word_1_871' title='bbox 2359 5147 2534 5204; x_wconf 90' lang='lat' dir='ltr'><strong>solum</strong></span> <span class='ocrx_word' id='word_1_872' title='bbox 2579 5146 2883 5201; x_wconf 89' lang='lat' dir='ltr'><strong>naturalem</strong></span> <span class='ocrx_word' id='word_1_873' title='bbox 2918 5145 3123 5210; x_wconf 89' lang='lat' dir='ltr'><strong>Deum;</strong></span> <span class='ocrx_word' id='word_1_874' title='bbox 3152 5144 3512 5214; x_wconf 86' lang='lat' dir='ltr'><strong>Christusqne</strong></span> 
     </span>
    </p>
   </div>
   <div class='ocr_carea' id='block_1_111' title="bbox 2187 5331 2521 5387">
    <p class='ocr_par' dir='ltr' id='par_1_111' title="bbox 2187 5331 2521 5387">
     <span class='ocr_line' id='line_1_111' title="bbox 2187 5331 2521 5387; baseline -0.003 -2"><span class='ocrx_word' id='word_1_875' title='bbox 2187 5332 2232 5363; x_wconf 78' lang='lat'>&quot;</span> <span class='ocrx_word' id='word_1_876' title='bbox 2265 5331 2395 5385; x_wconf 82' lang='lat' dir='ltr'><strong>ibid.</strong></span> <span class='ocrx_word' id='word_1_877' title='bbox 2431 5331 2521 5387; x_wconf 79' lang='grc'><strong>25.</strong></span> 
     </span>
    </p>
   </div>
   <div class='ocr_carea' id='block_1_112' title="bbox 2634 5330 3508 5402">
    <p class='ocr_par' dir='ltr' id='par_1_112' title="bbox 2634 5330 3508 5402">
     <span class='ocr_line' id='line_1_112' title="bbox 2634 5330 3508 5402; baseline 0.003 -16"><span class='ocrx_word' id='word_1_878' title='bbox 2634 5331 2679 5362; x_wconf 76' lang='grc'>⁸⁸</span> <span class='ocrx_word' id='word_1_879' title='bbox 2710 5330 2843 5387; x_wconf 86' lang='lat' dir='ltr'><strong>ibid.</strong></span> <span class='ocrx_word' id='word_1_880' title='bbox 2872 5330 2959 5388; x_wconf 81' lang='lat'><strong>5|.</strong></span> <span class='ocrx_word' id='word_1_881' title='bbox 3061 5333 3110 5368; x_wconf 83' lang='lat'><strong>&quot;</strong></span> <span class='ocrx_word' id='word_1_882' title='bbox 3145 5333 3298 5390; x_wconf 79' lang='lat' dir='ltr'><strong>Deut.</strong></span> <span class='ocrx_word' id='word_1_883' title='bbox 3331 5349 3403 5402; x_wconf 77' lang='lat' dir='ltr'><strong>v1,</strong></span> <span class='ocrx_word' id='word_1_884' title='bbox 3455 5333 3508 5390; x_wconf 78' lang='grc'><strong>4.</strong></span> 
     </span>
    </p>
   </div>
   <div class='ocr_carea' id='block_1_113' title="bbox 1335 5552 2415 5626">
    <p class='ocr_par' dir='ltr' id='par_1_113' title="bbox 1335 5552 2415 5626">
     <span class='ocr_line' id='line_1_113' title="bbox 1335 5552 2415 5626; baseline 0.003 -18"><span class='ocrx_word' id='word_1_885' title='bbox 1335 5552 1509 5611; x_wconf 80' lang='lat' dir='ltr'><strong>Variae</strong></span> <span class='ocrx_word' id='word_1_886' title='bbox 1539 5555 1800 5614; x_wconf 87' lang='lat' dir='ltr'><strong>lectiones</strong></span> <span class='ocrx_word' id='word_1_887' title='bbox 1827 5555 2029 5614; x_wconf 86' lang='lat' dir='ltr'><strong>codicis</strong></span> <span class='ocrx_word' id='word_1_888' title='bbox 2056 5553 2415 5626; x_wconf 81' lang='lat' dir='ltr'><strong>Segnieriani.</strong></span> 
     </span>
    </p>
   </div>
   <div class='ocr_carea' id='block_1_114' title="bbox 329 5685 638 5756">
    <p class='ocr_par' dir='ltr' id='par_1_114' title="bbox 329 5685 638 5756">
     <span class='ocr_line' id='line_1_114' title="bbox 329 5685 638 5756; baseline 0.006 -18"><span class='ocrx_word' id='word_1_889' title='bbox 329 5686 369 5726; x_wconf 75' lang='grc' dir='ltr'>ι’</span> <span class='ocrx_word' id='word_1_890' title='bbox 401 5685 487 5743; x_wconf 70' lang='lat' dir='ltr'><strong>Ia.</strong></span> <span class='ocrx_word' id='word_1_891' title='bbox 518 5685 638 5756; x_wconf 82' lang='grc' dir='ltr'><strong>τῆς.</strong></span> 
     </span>
    </p>
   </div>
   <div class='ocr_carea' id='block_1_115' title="bbox 583 5777 1356 5843">
    <p class='ocr_par' dir='ltr' id='par_1_115' title="bbox 583 5777 1356 5843">
     <span class='ocr_line' id='line_1_115' title="bbox 583 5777 1356 5843; baseline 0.004 -5"><span class='ocrx_word' id='word_1_892' title='bbox 583 5779 854 5843; x_wconf 73' lang='grc' dir='ltr'>Ρηειοι.</span> <span class='ocrx_word' id='word_1_893' title='bbox 902 5778 1019 5842; x_wconf 82' lang='lat' dir='ltr'><strong>Gn.</strong></span> <span class='ocrx_word' id='word_1_894' title='bbox 1067 5777 1356 5842; x_wconf 82' lang='lat' dir='ltr'><strong>LXXVI.</strong></span> 
     </span>
    </p>
   </div>
   <div class='ocr_carea' id='block_1_116' title="bbox 3152 5783 3232 5852">
    <p class='ocr_par' dir='ltr' id='par_1_116' title="bbox 3152 5783 3232 5852">
     <span class='ocr_line' id='line_1_116' title="bbox 3152 5783 3232 5852; baseline 0.05 -4"><span class='ocrx_word' id='word_1_895' title='bbox 3152 5783 3232 5852; x_wconf 83' lang='lat'><strong>39</strong></span> 
     </span>
    </p>
   </div>
  </div>
