3910 6200
389 267 407 318 i
423 262 521 317 2'27

1409 241 1466 296 S.
1507 234 1782 294 CYRILLI
1825 226 2290 287 ALEXANDle
2331 224 2651 282 ARCIIIICP.

3506 209 3659 267 49.28

389 386 619 446 propriis
643 368 825 425 carnis
858 372 1110 421 contactu
1143 375 1239 417 eos
1265 357 1504 414 viviﬁcet
1529 369 1593 410 ae
1625 368 1693 408 ex
1734 347 1961 405 mortuis
1990 395 1996 408 .

2106 347 2157 399 αὶ
2206 343 2296 397 διὰ
2338 341 2438 412 τῆς
2491 338 2627 403 ίδίας
2676 334 2878 408 σαρκὸς
2926 333 3049 394 τοὺς
3113 324 3603 397 κατεφθαρμένους
3634 354 3657 384 ,

387 441 610 526 excitet;
634 460 726 531 qui
768 465 944 513 morte
971 452 1242 523 absumpti
1270 449 1480 505 fuerant
1514 463 1530 501 :
1555 441 1827 517 quomodo
1853 454 1960 495 non

388 567 475 615 est
516 568 685 611 verus
734 551 897 615 Deus,
934 546 1170 604 maxime
1217 553 1349 596 vero
1400 552 1524 595 cum
1575 535 1713 588 alios
1751 541 1966 601 quoque

392 652 508 721 ipse
532 661 596 703 ea
628 648 890 717 potestate
919 634 1163 696 donarit,
1201 640 1256 687 ut
1290 631 1350 685 hi
1396 627 1615 683 nomine
1647 622 1822 695 ipsius
1854 619 1965 673 vita

402 719 618 797 iunctos
645 738 699 793 in
732 736 905 790 lucem
938 741 1194 787 revocare
1226 719 1493 796 possent!

468 852 488 887 ι
525 833 734 901 Itaque,
765 827 961 882 fratres
991 821 1116 885 mei,
1151 827 1206 874 et
1231 831 1328 873 vos
1364 808 1672 869 mortiﬁcati
1702 804 1836 862 estis
1861 800 1964 873 legi

398 942 495 1000 per
527 895 724 994 corpus
755 917 983 982 Christi,
1016 925 1074 969 ut
1103 913 1223 968 sitis
1251 908 1498 969 alterius,
1525 902 1616 973 qui
1642 916 1711 955 ex
1738 895 1967 960 mortuis

397 990 720 1081 resurreait,
765 1020 818 1066 ut
856 1007 1247 1065 fructiﬁcemus
1280 999 1388 1055 Deo
1407 997 1479 1050 ”.
1511 1013 1531 1047 ι
1581 990 1969 1047 Mortiﬁcamur

399 1110 525 1182 legi,
553 1106 770 1178 quando
799 1103 867 1158 ab
905 1101 1049 1155 illius
1077 1095 1340 1153 servitute
1360 1098 1414 1145 et
1441 1086 1589 1143 cultu
1621 1080 1967 1146 desistimus;

399 1175 676 1260 evadimus
701 1205 878 1251 autem
904 1190 1082 1256 alteri,
1113 1189 1214 1244 hoc
1243 1192 1329 1239 est
1354 1180 1592 1244 Christo,
1610 1175 1701 1246 qui
1733 1187 1800 1229 ex
1825 1183 1972 1226 mor-

404 1290 509 1347 tuis
534 1286 857 1349 resurrexit,
885 1279 1130 1343 obnoxii,
1167 1276 1293 1331 dum
1326 1280 1385 1326 ut
1418 1266 1810 1324 fructiﬂcemus
1838 1263 1987 1324 Deo,-

400 1382 638 1440 oraculis
679 1374 1004 1447 evangelicis
1053 1372 1120 1427 ab
1150 1370 1270 1438 ipso
1316 1363 1477 1420 editis
1524 1372 1729 1415 morem
1786 1366 1974 1425 gerere

402 1476 560 1533 enixe
585 1468 984 1527 contendimus.
1028 1464 1097 1516 At
1136 1473 1266 1515 vero
1292 1468 1503 1512 summa
1527 1459 1582 1509 et
1613 1455 1778 1516 caput
1808 1457 1974 1500 evan-

405 1565 696 1637 gelicorum
749 1565 1141 1630 praeceptorum
1189 1557 1275 1605 est
1325 1547 1458 1601 lides
1514 1543 1570 1598 in
1625 1541 1824 1610 ipsum.
1878 1533 1976 1588 ilic

405 1625 548 1712 enim
574 1625 767 1709 noster
777 1656 861 1704 est
885 1647 1117 1708 fructus,
1137 1654 1296 1711 quem
1313 1635 1551 1699 Christo,
1568 1640 1822 1698 tanquam
1843 1625 1974 1687 Deo,

406 1744 683 1803 oﬂerimus
714 1761 727 1797 :
757 1751 888 1808 ergo
932 1734 1025 1806 qui
1070 1748 1135 1788 ex
1187 1726 1417 1785 mortuis
1466 1718 1790 1786 resurrexit,
1831 1715 1978 1771 Deus

406 1834 645 1899 exsistit,
680 1829 826 1901 quod
859 1825 1093 1884 Verbum
1125 1832 1254 1876 caro
1287 1815 1360 1871 sit
1391 1812 1615 1868 factum.

485 1946 506 1980 ι
534 1924 634 1992 Qui
665 1929 843 1975 autem
870 1918 923 1972 in
955 1925 1121 1968 carne
1152 1919 1299 1974 sunt,
1337 1905 1445 1960 Deo
1466 1901 1683 1974 placere
1714 1910 1821 1954 non
1856 1906 1981 1964 pus-

403 2027 556 2074 ‘sunt.
580 2014 691 2070 Vos
713 2021 892 2066 autem
923 2008 975 2061 in
1014 2016 1181 2058 carne
1223 2014 1328 2054 non
1352 1997 1511 2062 estis,
1545 1992 1637 2047 sed
1674 1990 1727 2043 in
1755 1985 1981 2057 spiritu;

312 2136 319 2143 ο
413 2110 459 2165 si
487 2120 664 2165 tamen
696 2102 930 2173 Spiritus
970 2096 1063 2151 Dei
1093 2090 1301 2149 habitat
1337 2088 1391 2143 iu
1432 2085 1603 2140 vobis.
1640 2079 1698 2135 Si
1732 2078 1854 2146 quis
1887 2089 1983 2129 au-

417 2212 523 2255 tem
552 2167 757 2252 Christi
792 2189 1042 2261 spiritum
1091 2198 1198 2239 non
1243 2180 1427 2243 habet,
1457 2175 1546 2230 hic
1585 2188 1691 2228 non
1723 2177 1808 2225 est
1844 2167 1985 2235 eius.

400 2276 473 2343 Si
530 2297 711 2342 autem
759 2258 1009 2339 Christus
1049 2275 1103 2330 in
1161 2272 1314 2327 vobis
1367 2276 1471 2331 est,
1520 2278 1719 2333 corpus
1771 2258 1988 2324 quidem

418 2391 691 2436 tnurtuum
738 2382 823 2429 est
852 2378 1072 2444 propter
1105 2372 1409 2436 peccatum,
1448 2356 1677 2427 spiritus
1716 2365 1847 2406 vero
1880 2350 1990 2402 vita

419 2431 1123 2542 propteriustificationem:
1154 2449 1312 2520 Quod
1360 2446 1405 2502 si
1441 2442 1678 2514 Spiritus
1721 2435 1860 2506 eius,
1899 2431 1991 2503 qui

419 2527 696 2619 suscitavit
728 2555 911 2612 Jesum
943 2547 1219 2605 Christum
1265 2557 1335 2599 ex
1384 2535 1637 2602 mortuis,
1688 2530 1903 2591 habitat
1936 2527 1990 2581 in

422 2655 614 2709 vobis:
644 2648 734 2720 qui
781 2640 1068 2700 suscitavit
1092 2635 1278 2693 Iesum
1329 2629 1606 2687 Christum
1654 2639 1687 2679 a
1739 2619 1991 2686 mortuis,

424 2710 716 2802 t'iviiicabit
741 2748 795 2793 et
823 2732 1069 2801 mortalia
1099 2738 1330 2796 corpora
1360 2727 1564 2782 vestra,
1592 2722 1809 2787 propter
1834 2710 1989 2765 inha-

716 2796 1126 2897 Spirittuu'ejus
1152 2817 1206 2871 in
1243 2812 1396 2868 vobis
1417 2811 1460 2864 ί.
1493 2828 1512 2861 ι
1550 2805 1631 2860 Εη
1665 2803 1757 2858 hic
1790 2796 1991 2897 Christi

426 2926 685 2997 Spiritus,
726 2882 820 2973 Diei
854 2913 1091 2985 Spiritus
1121 2920 1245 2964 esse
1290 2905 1491 2961 diserte
1522 2895 1807 2953 asseritur.
1850 2892 1915 2945 At
1948 2882 1994 2944 si

428 2985 680 3073 Christus
705 3024 800 3080 per
818 3021 878 3062 se
904 3012 960 3060 et
987 2996 1283 3058 secundum
1314 3008 1373 3049 se
1396 2988 1543 3082 aliud
1571 2985 1709 3042 nihil
1727 2993 1811 3039 est
1834 2993 1993 3050 quant
2023 3023 2066 3082 ο

430 3111 611 3170 homo,
643 3071 875 3157 verbum
917 3092 1011 3151 Dei
1050 3088 1317 3159 hospitem
1356 3081 1529 3136 solum
1573 3077 1626 3132 in
1677 3090 1735 3131 se
1769 3071 1994 3135 habens,

430 3163 702 3266 quomodo
727 3187 945 3245 divinus
976 3181 1067 3237 ille
1103 3176 1341 3248 Spiritus
1370 3185 1491 3226 esse
1522 3167 1638 3238 ejus
1659 3163 1890 3220 dicitur?
1920 3169 2004 3215 est

433 3260 615 3344 autem
662 3283 759 3340 hic.
791 3277 1027 3350 Spiritus
1061 3271 1204 3350 illius
1235 3265 1509 3339 preprius.
1552 3260 1693 3315 Deus
1734 3263 1820 3311 est
1851 3267 2003 3321 ergo,

436 3391 533 3433 uec
576 3374 737 3429 aliter
777 3342 865 3424 res
894 3346 1085 3423 habet.
1113 3358 1222 3415 Nec
1247 3356 1391 3412 enim
1427 3351 1665 3407 Verbum
1706 3345 1800 3402 Dei
1831 3344 1884 3398 in
1914 3342 2008 3396 ho-

437 3469 582 3523 mine
628 3459 982 3531 iuhabilavit,
1034 3455 1130 3512 sed
1184 3451 1464 3509 divinitate
1508 3445 1720 3515 integre
1767 3446 2006 3504 retenta,

437 3559 601 3613 homo
638 3526 765 3607 vere
814 3547 1017 3603 factum
1052 3551 1179 3599 est:
1209 3549 1370 3607 atque
1415 3537 1517 3592 hac
1561 3532 1792 3597 ratione,
1831 3526 2013 3589 Patris

440 3647 699 3720 Spiritus,
724 3639 923 3699 Christi
949 3648 1163 3709 quoque
1183 3631 1419 3702 Spiritus
1441 3618 1799 3694 intellligitur.

516 3740 873 3809 «Quicunque
890 3732 1031 3790 enim
1058 3727 1261 3798 Spiritu
1286 3723 1378 3778 Dei
1415 3728 1672 3793 aguntur,
1689 3716 1727 3771 ii
1766 3720 1894 3770 sunt
1917 3709 2010 3771 ﬁlii

442 3829 692 3893 Dei.Non
704 3828 849 3884 enim
872 3818 1155 3893 accepistis
1172 3817 1417 3888 spiritum
1440 3808 1716 3868 servitutis
1737 3805 1932 3861 iterum
1956 3801 2013 3856 in

444 3928 661 3988 timore,
689 3920 783 3978 sed
810 3913 1095 3986 accepistis
1128 3909 1378 3981 Spiritum
1414 3902 1720 3974 adoptionis
1744 3896 1973 3954 filiorum
1995 3934 2010 3960 ,

443 4014 625 4089 59in
655 4028 761 4083 quo
786 4009 1106 4069 clamamus,
1137 4000 1284 4057 Abba
1312 4042 1326 4068 ,
1351 3997 1511 4053 Pater
1530 3997 1586 4062 ",
1618 4014 1636 4048 ι
1680 4001 1735 4049 et
1758 3990 1863 4047 alio
1892 4002 2015 4043 rur-

444 4123 565 4163 sum
606 4104 727 4160 loco
754 4103 946 4157 beatus
993 4095 1192 4152 Paulus
1223 4111 1238 4149 :
1273 4110 1291 4143 ι
1323 4089 1612 4158 Quoniam,
1661 4083 1854 4155 inquit,
1884 4079 2016 4135 estis

446 4198 567 4259 lilii,
597 4194 746 4249 misit
776 4193 918 4248 Deus
958 4187 1221 4259 Spiritqu
1248 4183 1373 4239 Filii
1406 4181 1487 4236 sui
1526 4179 1579 4234 in
1611 4174 1772 4233 corda
1809 4180 2013 4235 vestra,

448 4258 794 4349 clamantem,
822 4258 1188 4346 Abba,iPater
1209 4274 1249 4330 ³.
1283 4291 1302 4325 ι
1328 4270 1387 4326 Si
1434 4270 1596 4341 igitur
1626 4281 1721 4338 per
1747 4262 1868 4318 Filii
1896 4258 2015 4328 Spi-

2065 435 2365 506 ἁπτόμενος
2394 430 2505 487 τῶν
2526 427 2757 500 νεκρῶν,
2792 425 2887 480 καὶ
2916 422 3136 486 ἀνιστάς
3168 418 3366 480 αὐτούς
3389 435 3402 449 ο
3436 414 3561 476 πῶς
3591 413 3657 464 οὗ

2063 524 2196 587 Θεὸς
2211 504 2516 593 ἀληθινὸς,ό
2530 519 2654 580 δοὺς
2675 516 2770 571 καὶ
2793 516 2998 585 ἑτέροις
3018 509 3264 577 ἐξουσίαν
3281 508 3401 570 τοὺς
3419 504 3660 576 νεκροὺς

2064 613 2300 683 ἐγείρειν
2333 611 2422 664 διὰ
2449 608 2545 663 τοῦ
2578 607 2841 678 ὀνόματος
2871 602 3069 667 αὐτοῦς

2142 794 2360 856 «Ὥστε,
2393 785 2615 859 ἀδελφοί
2644 804 2767 859 μου,
2797 786 2891 839 καὶ
2937 783 3097 854 ὑμεῖς
3145 775 3525 846 ἐθανατώθητε
3577 770 3662 844 τῷ

2066 885 2216 957 νόμῳ
2242 883 2332 938 διά
2361 880 2454 937 τοῦ
2492 881 2744 951 σώματος
2767 877 2863 932 τοῦ
2890 871 3151 947 Χριστοῦ,
3180 872 3259 933 είς
3299 868 3361 922 τὸ
3395 865 3663 936 γενέσθαι

2070 955 2213 1046 ὑμᾶς
2232 974 2403 1043 ἑτέρῳ
2430 969 2507 1040 τῷ
2528 972 2592 1024 ἐκ
2612 966 2826 1040 νεκρῶν
2853 962 3153 1035 ἐγερθέντι,
3186 960 3272 1012 ἵνα
3301 955 3662 1028 καρποφορή-

2073 1083 2253 1140 σωμεν
2285 1064 2362 1137 τῷ
2398 1061 2536 1134 Θεῷ.
2569 1081 2588 1113 ι
2631 1056 3023 1128 Θανατούμεθα
3051 1053 3132 1125 τῷ
3158 1054 3330 1121 νόμῳ,
3375 1050 3477 1117 τῆς
3520 1047 3664 1100 κατ’

2071 1134 2234 1212 αὑτὸν
2256 1134 2510 1226 λατρείας
2538 1147 2977 1219 ἀποπαυόμενοι“
3009 1140 3274 1214 γινόμεθα
3302 1140 3357 1194 δέ
3383 1138 3562 1209 ἑτέρῳ
3583 1134 3664 1206 τῷ

2071 1249 2137 1303 ἐκ
2170 1224 2379 1317 νεκρῶν
2418 1240 2719 1315 ἐγερθέντι,
2749 1236 2996 1291 τουτέστι
3046 1231 3291 1306 Χριστῷ,
3320 1233 3434 1294 τοῖς
3488 1224 3664 1282 αὐτοῦ

2073 1339 2439 1410 θεσπίσμασιν
2469 1332 2844 1402 εὐαγγελικοίς
2870 1325 3295 1398 κατακολουθεῖν
3320 1319 3659 1383 σπουδάζον-

2071 1448 2185 1495 τες,
2217 1409 2304 1482 ἴνα
2354 1423 2869 1496 καρποφορήσωμεν
2921 1417 3001 1488 τῷ
3053 1413 3194 1485 Θεῷ.
3240 1413 3553 1483 Κεφάλαιον
3606 1409 3666 1462 δέ

2074 1523 2183 1576 τῶν
2212 1515 2583 1587 εὐαγγελικῶν
2618 1512 3004 1582 θεσπισμάτων
3029 1510 3063 1579 ἡ
3094 1507 3276 1570 πίστις
3309 1506 3344 1575 ὴ
3373 1506 3453 1567 είς
3474 1503 3663 1556 αὐτόν.

2079 1612 2189 1667 Καὶ
2235 1603 2393 1673 οὗτος
2427 1606 2585 1677 ἡμῶν
2630 1606 2659 1658 6
2690 1601 2923 1674 καρπὸς,
2954 1605 3030 1663 ὼς
3071 1596 3213 1668 Θεῷ,
3245 1594 3670 1666 προσαγόμενος

1996 1689 2051 1745 "3
2079 1701 2159 1773 τῷ
2180 1696 2422 1772 Χριστῷ.
2454 1696 2587 1759 Θεὸς
2604 1689 2700 1748 οὖν
2723 1693 2832 1764 ἄρα
2851 1690 2999 1744 ἐστὶν
3021 1690 3051 1743 6
3076 1689 3140 1742 ἐκ
3160 1685 3372 1761 νεκρῶν
3396 1683 3666 1748 ἀναστὰς,

2070 1795 2155 1858 ὼς
2196 1792 2397 1864 σαρκὸς
2426 1787 2711 1859 γεγονότος
2732 1783 2827 1838 τοῦ
2863 1782 3067 1851 Λόγου.

2160 1904 2177 1937 ι
2208 1884 2271 1939 Οί
2316 1881 2374 1935 δέ
2418 1882 2476 1934 tv
2522 1877 2688 1951 σαρκὶ
2715 1876 2889 1940 ὄντες,
2919 1873 3039 1945 Θεῷ
3072 1871 3269 1945 ἀρέσαι
3296 1871 3356 1923 οὐ
3383 1867 3668 1922 δύνανται.

2095 1976 2284 2042 Ὑμεῖς
2307 1974 2362 2039 δὲ
2387 1972 2487 2025 οὐκ
2514 1969 2641 2024 ἐστὲ
2672 1970 2728 2021 ἐν
2757 1965 2944 2037 σαρκὶ,
2968 1963 3081 2018 ἀλλ’
3108 1965 3165 2016 ἐν
3191 1961 3481 2032 πνεύματι,
3507 1958 3674 2027 εἴπερ

2080 2069 2313 2139 Πνεῦμα
2352 2063 2486 2119 Θεοῦ
2518 2064 2659 2115 οίκεί
2700 2061 2758 2114 ἐν
2790 2059 2940 2129 ὑμῖν.
2985 2056 3048 2109 Et
3078 2054 3135 2107 δέ
3166 2070 3248 2117 τις
3282 2049 3504 2120 πνεῦμα
3537 2050 3679 2119 Χριο
3746 2092 3757 2103 .

2043 2170 2060 2185 ‘
2089 2159 2216 2215 στοῦ
2244 2158 2344 2212 οὐκ
2377 2155 2511 2227 ἔχει,
2543 2145 2698 2215 οὗτος
2726 2150 2825 2204 οὐκ
2859 2148 3006 2201 ἔστιν
3034 2142 3220 2199 αὐτοῦ.
3252 2143 3314 2196 Et
3345 2141 3402 2194 δὲ
3433 2139 3675 2211 Χριστὸς

2090 2254 2148 2306 ἐν
2197 2252 2347 2322 ὑμῖν,
2377 2247 2439 2300 τὸ
2486 2244 2585 2317 μὲν
2628 2240 2788 2311 σῶμα
2837 2238 3029 2311 νεκρὸν
3074 2235 3141 2289 δι’
3178 2232 3473 2305 ἁμαρτίαν,
3507 2229 3570 2283 τὸ
3616 2227 3680 2281 δὲ

2090 2317 2311 2412 πνεῦμα
2356 2337 2471 2407 ζωὴ
2518 2334 2609 2388 διὰ
2642 2330 3012 2399 δικαιοσῦνην.
3050 2325 3195 2381 Εἰδὲ
3224 2324 3285 2377 τὸ
3321 2320 3550 2390 Πνεῦμα
3576 2317 3678 2372 τοῦ

2091 2411 2403 2506 ἐγείραντος
2450 2428 2542 2481 τὸν
2577 2424 2784 2497 Ἰησοῦν
2835 2425 2899 2476 ἐκ
2944 2419 3154 2489 νεκρῶν
3199 2417 3339 2470 οίκεῖ
3372 2416 3430 2466 ἐν
3463 2414 3613 2483 ὑμῖν,
3645 2411 3684 2463 ὖ

2091 2523 2310 2595 ἐγείρας
2341 2522 2407 2574 ἐκ
2435 2516 2645 2590 νεκρῶν
2672 2514 2904 2588 Χριστὸν
2945 2509 3174 2582 Ἰησοῦν,
3208 2506 3543 2575 ζωοποιήσει
3583 2506 3683 2556 καὶ

2091 2618 2163 2672 τὰ
2202 2612 2372 2686 θνητά
2419 2609 2651 2681 σώματα
2682 2607 2837 2676 ὑμῶν
2884 2604 2972 2657 διὰ
3022 2601 3116 2655 τοῦ
3146 2598 3481 2659 ἐνοικοῦντος
3507 2595 3682 2649 αὐτοῦ

2096 2683 2416 2779 Πνεῦματος
2441 2705 2497 2757 ἐν
2522 2703 2672 2773 ὑμῖν.
2706 2718 2724 2751 ι
2746 2697 2876 2752 Ἰδοὺ
2904 2695 2970 2766 δὴ
2996 2692 3180 2762 σαφῶς
3206 2690 3267 2743 τὸ
3286 2686 3422 2742 Θεοῦ
3451 2683 3686 2755 Πνεῦμα

2089 2800 2311 2870 λέγεται
2363 2795 2458 2851 τοῦ
2507 2790 2767 2865 Χριστοῦ.
2804 2780 2945 2844 Ἀλλ’
2992 2785 3151 2855 είπερ
3195 2782 3344 2836 ἐστὶν
3389 2780 3687 2849 ἄνθρωπος

2100 2890 2281 2954 ἱδικῶς
2324 2889 2421 2942 καὶ
2454 2885 2558 2940 ἀνά
2607 2884 2772 2956 μέρος
2817 2879 3093 2950 κείμενος,
3123 2872 3487 2946 κατῳκηκότα
3518 2870 3687 2940 μόνον

2102 2986 2158 3037 ἐν
2179 2981 2328 3053 αὑτῷ
2352 2979 2443 3034 τὸν
2464 2976 2558 3033 τοῦ
2580 2975 2713 3031 Θεοῦ
2740 2973 2913 3040 Λόγου
2941 2969 3102 3041 ἔχων,
3128 2967 3246 3030 πῶς
3279 2964 3444 3020 αὐτοῦ
3460 2964 3521 3016 τὸ
3540 2961 3691 3015 θεῖον

2101 3034 2318 3144 λέγεταί
2353 3069 2612 3141 Πνεῦμα;
2638 3067 2773 3123 ἀλλά
2810 3034 2917 3136 μὴν
2952 3034 3083 3117 ῑὲιον
3127 3055 3291 3113 αὐτοῦ
3344 3055 3403 3110 τι
3451 3034 3692 3120 Πνεῦμά

2102 3143 2245 3220 ἐστι’
2277 3164 2409 3228 Θεὸς
2437 3164 2567 3234 ἀρα,
2588 3161 2685 3216 καὶ
2707 3160 2807 3230 οὐχ
2835 3156 3056 3228 ἑτέρως.
3092 3151 3167 3207 Οὐ
3193 3151 3308 3221 γὰρ
3329 3150 3385 3201 ἐν
3410 3143 3691 3216 ἀνθρώπῳ

2102 3259 2326 3329 γέγονεν
2359 3257 2389 3310 6
2427 3254 2522 3309 τοῦ
2568 3252 2704 3307 Θεοῦ
2738 3250 2929 3323 Λόγος,
2962 3245 3098 3301 ἀλλὰ
3141 3244 3366 3314 γέγονεν
3397 3238 3691 3310 ἄνθρωπος

2105 3347 2342 3418 ἀληθῶς,
2381 3342 2521 3417 μετά
2560 3342 2654 3396 τοῦ
2699 3343 2878 3412 μεῖναι
2906 3337 3058 3400 Θεός.
3093 3334 3251 3389 Οὕτω
3277 3331 3386 3403 γὰρ
3415 3331 3480 3385 ἂν
3513 3330 3693 3383 νοοῖτο

2107 3439 2344 3512 Χριστοῦ
2377 3439 2439 3492 τὸ
2462 3436 2691 3507 Πνεῦμα
2716 3432 2984 3503 ὑπάρχειν
3011 3428 3075 3482 τὸ
3098 3425 3194 3512 τοῦ
3220 3422 3454 3495 Πατρός.

2187 3702 2373 3758 «Ὅσοι
2420 3701 2528 3771 γὰρ
2567 3696 2842 3767 Πνεῦματι
2884 3691 3019 3753 Θεοῦ
3066 3692 3314 3762 ἄγονται,
3357 3679 3506 3740 οῦτοί
3551 3685 3696 3738 εἰσιν

2116 3797 2222 3851 υἱοὶ
2241 3793 2398 3849 Θεοῦ.
2425 3791 2500 3845 Οὐ
2530 3790 2638 3861 γάρ
2668 3788 2890 3842 ἐλάϐετε
2918 3784 3135 3855 πνεῦμα
3151 3781 3392 3842 δουλείας
3419 3778 3585 3832 πάλιν
3613 3779 3697 3837 εἰς

2115 3886 2302 3958 φόόον,
2338 3883 2452 3938 ἀλλ’
2478 3880 2697 3937 ἐλάϐετε
2731 3879 2950 3950 πνεῦμα
2991 3874 3282 3937 υἱοθεσίας,
3317 3875 3375 3926 tv
3415 3864 3461 3937 ᾧ
3490 3868 3696 3941 κράζο-

2119 3975 2492 4053 μεν,Ἀ66ἄ,ό
2526 3973 2738 4044 Πατήρ.
2767 3971 2864 4045 »βυ
2898 3968 3167 4041 μακάριος
3208 3965 3407 4037 γράφει
3437 3961 3656 4023 Παῦλος
3679 3974 3697 3990 .

2122 4051 2275 4122 (Ότι
2307 4067 2363 4121 δέ
2395 4066 2518 4119 ἐστε
2548 4064 2675 4129 υἱοὶ,
2710 4059 3093 4127 ἐξαπέστειλεν
3136 4058 3165 4111 6
3210 4055 3343 4119 Θεὸς
3377 4053 3439 4107 τὸ
3469 4051 3705 4120 [Istps

2112 4158 2209 4215 τοῦ
2232 4158 2362 4213 Υἱοῦ
2398 4155 2561 4212 αὑτοῦ
2592 4157 2672 4218 είς
2698 4155 2797 4217 τὰς
2822 4151 3050 4222 καρδίας
3078 4148 3252 4219 ὑμῶν,
3269 4146 3491 4218 κράζον.
3508 4141 3704 4205 ’A66i.

2112 4257 2145 4310 ’ό
2181 4255 2388 4325 Πατήρ.
2424 4271 2444 4304 ι
2482 4248 2691 4304 Οὐκοῦν
2724 4247 2771 4299 εἰ
2806 4246 2864 4299 ἐν
2886 4240 3161 4312 Πνεύματι
3190 4236 3286 4291 τοῦ
3313 4234 3446 4289 Υίοῦ
3477 4235 3706 4306 παρρη-

452 4325 1177 4349 .,..........,.....,.-..-_,------
1236 4325 1248 4330 -
1348 4325 1352 4326 ν
1454 4325 1484 4341 υ
1626 4325 1642 4338 ,
1939 4325 1951 4328 ,

452 4374 616 4431 ritum
671 4369 922 4425 ﬁduciam
989 4363 1169 4427 nacti,
1237 4361 1457 4416 Patrem
1518 4368 1716 4411 vocare
1761 4350 1996 4406 audemu:

2125 4347 2245 4402 σίαν
2287 4345 2481 4416 ἔχομεν
2523 4340 2743 4412 Πατέρα
2776 4336 2959 4391 καλεῖν
2983 4334 3076 4387 τὸν
3100 4329 3257 4392 Θεὸν,
3285 4329 3361 4393 ὡς
3412 4326 3513 4380 τοῦ
3562 4325 3708 4380 κατά

453 4467 644 4531 Deum,
679 4471 936 4532 tanquam
968 4456 1060 4525 qui
1107 4451 1373 4509 naturalis
1402 4445 1624 4515 verique
1651 4440 1776 4499 Filii
1814 4438 2017 4508 Spiritu

454 4529 960 4622 simusloeupletati
986 4564 999 4601 :
1037 4543 1307 4617 quomodo
1323 4539 1574 4595 Christus
1608 4549 1715 4590 non
1741 4540 1824 4587 est
1854 4529 2016 4593 Deus,

458 4667 563 4707 nou
596 4621 804 4704 tantum
830 4650 1096 4713 quatenus
1108 4634 1300 4691 similis
1318 4631 1472 4687 nobis
1491 4629 1653 4684 homo
1681 4621 2021 4692 intelligitur,

457 4741 552 4799 sed
580 4750 847 4811 quatenus
887 4730 1115 4793 Verbum
1143 4717 1339 4781 factum
1371 4732 1453 4778 est
1486 4716 1633 4783 caro,
1658 4729 1831 4787 neque
1869 4725 2025 4769 secus

456 4850 522 4892 ac
549 4847 650 4889 nos
679 4828 861 4884 carnis
889 4832 943 4881 et
972 4818 1248 4892 sanguinis
1272 4817 1540 4888 particeps
1573 4810 1822 4865 effectum
1851 4804 1973 4861 est?

534 4942 556 4978 ι
589 4922 721 4992 Quis
755 4935 853 4975 nos
882 4913 1158 4986 separabit
1184 4925 1212 4963 ε
1244 4907 1510 4964 charitate
1538 4899 1784 4958 Christi?
1809 4894 2029 4952 tribula-

463 5018 539 5074 tio
564 5056 593 5089 ,Α
628 5032 695 5069 au
728 5010 975 5082 angustia
997 5046 1012 5073 ,
1046 5020 1114 5060 an
1157 5001 1361 5064 fames,
1394 5013 1461 5052 an
1503 4994 1716 5050 nuditas
1739 5034 1753 5057 ,
1782 5004 1849 5042 an
1883 4985 2028 5057 peri-

464 5086 684 5173 culum,
736 5121 802 5159 au
848 5096 1186 5172 persecutio,
1234 5107 1302 5145 au
1348 5083 1655 5161 gladius"?
1685 5100 1702 5134 ι
1762 5079 1868 5133 Lex
1919 5075 2030 5130 Mo—

420 5194 425 5203 ’
464 5199 610 5253 saica
653 5198 793 5251 inter
821 5202 1014 5249 caztera
1054 5187 1315 5249 dictabat,
1353 5178 1699 5252 graviterque
1742 5169 2024 5242 praecipie-

468 5289 596 5344 hat:
631 5306 650 5338 ι
683 5286 881 5357 Diliges
911 5282 1198 5338 Dominum
1237 5280 1401 5331 Deum
1433 5282 1579 5325 tuum
1619 5282 1685 5321 ex
1731 5274 1846 5319 toto
1874 5262 2036 5317 corde

2126 4435 2285 4508 φύσιν
2329 4436 2423 4489 καὶ
2468 4431 2701 4505 ἀληθοῦς
2728 4427 2861 4483 Υίοῦ
2905 4424 2965 4486 τὸ
2998 4421 3223 4493 Πνεῦμα
3252 4420 3664 4488 πλουτήσαντες
3688 4433 3705 4447 ·

2127 4507 2245 4591 πῶς
2271 4526 2331 4579 οὐ
2357 4524 2489 4588 Θεὸς
2531 4524 2560 4576 6
2598 4516 2861 4592 Χριστόςς
2896 4515 2957 4569 οὔ
2991 4513 3128 4569 καθὸ
3155 4513 3359 4565 νοεῖται
3397 4507 3526 4562 καθ’
3561 4508 3709 4579 ἡμᾶς

2106 4619 2413 4690 “άνθρωπος
2466 4614 2644 4686 μόνον,
2673 4611 2810 4667 ἀλλά
2855 4608 2990 4664 καθὸ
3038 4606 3228 4676 γέγονε
3283 4601 3422 4672 σὰρξ
3455 4603 3485 4653 6
3512 4601 3708 4667 Λόγος,

2132 4710 2225 4764 καὶ
2258 4709 2557 4779 μετέσχηκε
2587 4701 2983 4775 παραπλησίως
3008 4702 3140 4772 ἡμῖν
3167 4696 3399 4767 αἵματος
3445 4693 3548 4745 καὶ
3581 4706 3715 4762 σαρο

2134 4802 2228 4864 κός
2245 4816 2260 4865 ;

2213 4909 2231 4940 ι
2265 4887 2361 4952 Τίς
2389 4886 2538 4958 ἡμᾶς
2566 4882 2792 4957 χωρίσει
2843 4880 2951 4937 ἀπὸ
2997 4881 3096 4952 τῆς
3140 4877 3362 4948 ἀγάπης
3405 4871 3506 4928 τοῦ
3540 4869 3716 4934 Θεοῦ;

2135 4979 2313 5052 θλίψις
2335 5021 2351 5046 ,
2394 4979 2428 5050 ἢ
2457 4976 2788 5048 στενοχωρία
2807 5014 2823 5040 ,
2870 4975 2913 5045 ἢ
2935 4972 3170 5043 διωγμὸς
3191 5011 3206 5036 ,
3251 4969 3284 5040 ἢ
3310 4966 3508 5039 λιμὸς,
3536 4964 3572 5036 ἧ
3600 4964 3719 5017 κίν-

2136 5076 2323 5138 δυνος,
2355 5072 2391 5144 ἦ
2421 5070 2663 5143 μάχαιρα
2689 5084 2703 5133 ;
2734 5086 2755 5118 ι
2793 5064 2855 5121 '0
2884 5065 3047 5136 νόμος
3085 5063 3321 5132 ἔφασκεν
3355 5060 3387 5113 6
3427 5057 3521 5110 διὰ
3550 5057 3722 5110 Μωῦ-

2141 5167 2299 5229 σέως,
2350 5162 2442 5216 καὶ
2499 5157 2715 5226 ἐντολὴν
2765 5156 3034 5209 ἐποιεῖτο·
3076 5171 3097 5204 t
3129 5150 3464 5220 Ἀγαπήσεις
3510 5146 3725 5215 Κύριον

2138 5254 2232 5308 τὸν
2274 5251 2407 5306 Θεόν
2451 5265 2545 5302 σου
2579 5247 2639 5312 ἐξ
2663 5246 2791 5316 ὅλης
2820 5244 2920 5316 τῆς
2951 5242 3172 5319 καρδίας
3207 5256 3326 5302 σου,
3367 5237 3464 5291 καὶ
3507 5235 3570 5303 ἐξ
3591 5234 3726 5301 ὅλης

472 5320 559 5344 ναι
583 5328 596 5343 ο
631 5320 650 5338 1
684 5320 881 5357 υιιιδυῦ
913 5320 1198 5338 νυιιιιιιιι-ι-
1238 5320 1401 5331 ...ιν-η-.
1436 5320 1577 5325 -..ν-η-
1632 5320 1639 5321 κ

472 5392 582 5441 tuo,
637 5394 701 5434 ex
757 5386 871 5431 tota
931 5373 1110 5427 anima
1167 5379 1279 5435 tua,
1332 5374 1387 5421 et
1443 5376 1509 5417 ex
1561 5369 1670 5416 tota
1726 5354 1996 5412 fortitudin

2142 5345 2242 5415 τῆς
2271 5340 2452 5414 ψυχῆς
2493 5357 2608 5401 σου,
2639 5337 2734 5392 καὶ
2770 5335 2830 5402 ἐξ
2876 5335 3002 5405 ὅλης
3054 5333 3154 5402 τῆς
3202 5329 3386 5400 ίσχύος
3412 5343 3532 5381 σου.
3563 5320 3733 5379 ιὍτε

474 5483 563 5527 tua
590 5472 632 5526 ⁸.
666 5489 685 5521 ι
735 5468 870 5523 Cum
928 5466 1091 5535 igitur
1151 5459 1536 5519 dilectionem,
1592 5465 1713 5522 qua:
1764 5450 1817 5503 in
1874 5447 2038 5501 Deum

2144 5414 2323 5491 τοίνυν
2361 5436 2459 5505 τὴν
2494 5432 2713 5503 ἀγάπην
2744 5430 2849 5501 τὴν
2877 5425 2954 5497 τῷ
2982 5424 3100 5495 Θεῷ
3132 5419 3612 5495 πρεπωδεστάτην,
3647 5414 3733 5476 ὡς

543 5606 590 5637 θ’
618 5604 773 5657 Item.
805 5597 986 5669 viui.
1065 5598 1103 5669 ﬁ
1128 5595 1287 5648 Rom.
1334 5605 1429 5643 vui
1484 5586 1638 5641 8'40.
1716 5584 1738 5615 ’
1771 5581 1900 5637 ibid.
1935 5577 2022 5645 14,
2053 5575 2135 5631 15.
2217 5568 2238 5606 ³
2263 5570 2439 5626 Galat.
2462 5560 2543 5635 tv,
2571 5566 2625 5622 θ.
2702 5566 2744 5599 ⁸⁸
2775 5565 2934 5621 ltom.
2964 5575 3084 5624 vui,
3107 5560 3197 5616 35.
3288 5558 3311 5590 ⁸
3340 5556 3497 5613 Deut.
3542 5568 3613 5619 vr,
3661 5550 3735 5617 5;

483 5675 669 5729 Matth.
700 5685 833 5730 xxu,
856 5668 945 5720 ‘57.
