3910 6200
219 349 345 413 leas

1299 351 1387 409 DE
1426 351 1656 411 RECTA
1691 352 1850 412 FIDE
1890 353 1982 410 AD
2017 350 2339 411 REGINAS.

3304 325 3450 409 leno

215 470 271 537 ἐξ
296 469 421 537 ὅλης
448 459 631 535 ἱσχύος
660 463 753 518 καὶ
772 460 1030 521 ἀνωτάτω
1060 442 1109 531 ἱ,
1146 465 1234 539 τὴν
1282 466 1442 541 μέχρι
1471 469 1651 541 ψυχῆς
1683 470 1780 524 καὶ

1894 468 2120 525 maxime
2161 468 2442 531 convenit,
2488 465 2792 535 cuiusmodi
2828 481 2888 522 ea
2923 473 3024 531 est,
3060 480 3180 536 quan
3223 480 3289 522 ex
3341 476 3456 521 tota

216 561 437 630 αἵματος
482 556 576 610 καὶ
622 554 774 627 αὐτῷ
819 557 1175 630 προσάγομεν
1219 556 1298 628 τῷ
1340 558 1594 630 Χριστῷ·
1643 558 1728 623 τίς
1752 561 1783 613 6

217 651 372 720 φάναι
393 645 628 718 τολμῶν,
656 647 732 712 ὼς
758 648 859 702 οὐκ
882 648 949 703 ἂν
978 650 1065 719 είη
1094 649 1265 718 Θεός;
1299 650 1653 724 Διημάρτηκε
1675 650 1783 723 γάρ

216 741 302 797 τοῦ
331 738 632 812 πρέποντος
664 740 786 794 κατ’
812 738 1003 794 οὐδένα
1035 740 1236 812 τρόπον
1266 742 1297 796 ὁ
1322 741 1429 795 τῶν
1458 742 1632 812 ἁγίων
1661 760 1783 796 σκολ-

218 834 328 898 πός.

286 1048 304 1082 r
330 1029 639 1101 Πὲπεισμαι
691 1027 820 1102 γάρ,
867 1022 953 1083 δτι
999 1022 1123 1084 οὗτε
1176 1024 1428 1097 θάνατος,
1472 1030 1597 1086 οὔτε
1645 1031 1779 1104 ζωὴ,

215 1123 335 1178 οὔτε
373 1122 614 1192 ἄγγελοι,
647 1121 770 1175 οῦτε
800 1122 987 1193 ἀρχαὶ,
1014 1122 1135 1177 οὔτε
1169 1124 1458 1190 ἐνεστῶτα,
1489 1123 1613 1180 οὔτε
1654 1126 1783 1195 μέλ-

216 1214 387 1278 λοντα,
412 1213 539 1266 οὔτε
572 1212 853 1283 δυνάμεις,
882 1212 1006 1266 οὔτε
1041 1212 1262 1285 ὕψωμα,
1289 1212 1413 1268 οῦτε
1441 1212 1625 1287 βάθος,
1657 1215 1781 1271 οῦτε

216 1324 294 1370 τις
325 1305 500 1368 κτίσις
525 1302 686 1374 ἑτέρα
710 1303 999 1375 δυνήσεται
1022 1307 1169 1377 ἡμᾶς
1188 1306 1417 1378 χωρίσαι
1440 1306 1541 1378 τῆς
1564 1307 1782 1379 ἀγάπης

218 1396 304 1450 τοῦ
333 1395 490 1460 Θεοῦ,
528 1395 625 1465 τῆς
654 1396 712 1449 ὲν
738 1394 959 1466 Χριστῷ
999 1396 1173 1468 Ἰησοῦ
1214 1396 1294 1470 τῷ
1327 1397 1517 1469 Κυρίῳ
1546 1397 1720 1470 ἡμῶν.
1756 1415 1775 1449 ι

216 1487 277 1539 Εἰ
327 1484 493 1556 μηδὲν
541 1485 678 1545 ὅλως
714 1484 862 1554 ἡμᾶς
895 1486 1127 1554 χωρίσαι
1170 1485 1393 1540 δύναται
1437 1487 1536 1557 τῆς
1562 1485 1783 1557 ἀγάπης

218 1573 305 1628 ἰοῦ
331 1572 489 1639 Θεοῦ,
522 1573 822 1643 πράττεται
859 1572 915 1626 δὲ
957 1573 1095 1645 αὐτὴ
1131 1574 1261 1645 παρ’
1287 1574 1447 1645 ἡμῶν
1476 1577 1534 1629 ὲν
1561 1566 1781 1645 Χριστῷ

236 1665 431 1737 Ἰησοῦ,
461 1665 577 1729 πῶς
599 1665 659 1718 οὐ
683 1660 814 1730 Θεὸς
828 1664 1120 1736 ἑναργῶςό
1148 1666 1415 1736 Χριστὸς,
1441 1665 1599 1736 εἴπερ
1622 1665 1783 1719 αὑτὸν

220 1756 554 1825 ἀγαπῶντες,
587 1755 678 1808 τὸν
709 1755 818 1810 τῶν
849 1755 987 1809 ὅλων
1014 1756 1320 1828 ἀγαπῶμεν
1354 1756 1521 1824 θεόν;
1553 1756 1786 1828 Χριστὸν

213 1846 272 1902 δὲ
316 1850 366 1902 εἱ
410 1848 647 1918 λέγοιμι,
673 1847 764 1902 τὸν
806 1849 870 1901 ὲκ
916 1847 1052 1903 Θεοῦ
1101 1848 1272 1918 Λόγον
1324 1847 1786 1921 ὲνηνθρωπηκόσα

211 1938 374 2012 δηλῶ.

219 2138 227 2143 ’
289 2142 543 2207 «Πάντες
607 2144 715 2216 γὰρ
775 2139 1236 2217 παραστησδμεθα
1298 2137 1379 2217 τῷ
1440 2144 1642 2218 βήματι
1693 2138 1786 2199 τοῦ

220 2235 472 2309 Χριστοῦ,
503 2255 522 2287 ι
574 2238 743 2308 φησί·
788 2236 1254 2308 παραστησόμεθα
1304 2237 1362 2291 δὲ
1412 2237 1490 2310 τῷ
1538 2236 1783 2310 Χριστῷ.

218 2326 499 2381 Καθιείται
531 2326 639 2397 γὰρ
682 2326 777 2379 ἐπὶ
822 2326 1013 2399 θρόνου
1039 2326 1197 2397 δόξης
1239 2326 1425 2393 αὐτοῦ,
1457 2327 1660 2399 κρίνων
1690 2328 1788 2401 τὴν

214 2417 536 2488 οἰκουμένην
596 2419 654 2471 ὲν
723 2417 1061 2493 δικαιοσύνῃ.
1132 2419 1323 2474 Καίτοι
1388 2418 1636 2487 λέγοντος
1694 2418 1787 2473 τοῦ

217 2506 397 2595 Δαυῒδ,
423 2506 506 2560 ὅτι
546 2500 703 2570 Θεὸς⁶
720 2507 913 2595 κριτης
943 2508 1079 2561 ἐστι·
1100 2506 1239 2572 Θεὸς
1264 2506 1372 2579 ἄρα
1400 2508 1545 2563 ἐστὶν
1579 2511 1608 2563 ὁ
1653 2509 1788 2582 Χριι-

220 2598 362 2663 στός.

294 2731 313 2765 ι
340 2711 749 2784 Τολμηρότερον
795 2704 851 2765 δὲ
902 2709 1116 2782 ἔγραψα
1163 2708 1292 2784 ύμῖν
1321 2714 1430 2767 ἀπὸ
1461 2715 1678 2786 μέρους,
1713 2713 1789 2780 ὡς

214 2802 647 2874 ἀναμιμνήσκων
680 2802 845 2872 ὑμᾶς,
866 2801 953 2856 διά
975 2803 1074 2872 τὴν
1102 2803 1264 2874 χάριν
1292 2803 1389 2876 τὴν
1413 2803 1659 2860 δοθεῖσάν
1698 2823 1788 2876 μοι

221 2893 322 2947 ὑπὸ
369 2890 462 2946 τοῦ
512 2890 669 2954 Θεοῦ,
715 2893 799 2955 εἱς
841 2891 903 2946 τὸ
951 2888 1093 2948 εἶναί
1141 2911 1211 2963 με
1263 2893 1573 2968 λειτουργὸν
1613 2895 1786 2969 Ἰησοῦ

219 2982 455 3056 Χριστοῦ
478 2984 555 3047 εἱς
583 2982 653 3036 τά
683 2982 832 3055 ἔθνη,
860 2982 929 3038 τὰ
960 2984 1346 3056 ἱερουργοῦντα
1368 2986 1427 3041 τὸ
1457 2988 1788 3058 Εὑαγγέλιον

218 3073 312 3141 τοῦ
357 3072 495 3126 Θεοῦ
515 3087 529 3102 ⁸
573 3070 658 3127 ἵνα
691 3074 919 3147 γένηται
962 3077 995 3148 η
1042 3076 1327 3151 προσφορά
1357 3080 1465 3134 τῶν
1498 3080 1666 3136 ἐθνῶν
1694 3081 1786 3136 εὑ-

1886 575 2251 632 supremaque
2282 559 2606 616 fortitudine
2636 568 2759 615 orta
2816 561 2881 614 ad
2921 561 3092 630 ipsam
3128 573 3302 629 usque
3333 562 3457 613 ani-

1886 666 2031 708 mam
2061 662 2117 708 et
2158 650 2477 722 sanguinem
2513 651 2793 721 pertingit,
2820 651 2922 721 ipsi
2948 650 3168 707 Christo
3195 650 3456 706 exhibea-

1884 757 2005 799 mus
2025 782 2041 810 ,
2062 743 2184 813 quis
2214 742 2394 798 dicere
2423 742 2616 812 audeat
2650 740 2931 797 Christum
2957 755 3064 796 non
3092 753 3213 796 esse
3251 739 3455 795 Deum?

1883 830 2069 902 Neque
2106 831 2250 890 enim
2279 830 2539 888 credibile
2576 839 2663 887 est
2702 838 3015 886 sanctorum
3046 826 3312 897 judicium
3348 826 3419 882 ull

1884 923 2045 981 modo
2079 938 2110 979 a
2142 923 2388 979 veritatis
2412 936 2579 993 scopo
2603 923 2913 979 aberrasse.

1956 1055 1976 1089 ι
2006 1035 2202 1092 Certus
2228 1048 2347 1090 sum
2370 1034 2536 1100 enim,
2565 1034 2690 1103 quia
2714 1044 2891 1104 neque
2913 1046 3078 1096 mors,
3112 1043 3286 1100 neque
3315 1028 3425 1084 vita
3443 1062 3461 1088 ,

1884 1143 2061 1200 neque
2098 1127 2312 1198 Angeli,
2351 1120 2524 1198 neque
2562 1124 2942 1196 Principatus,
2978 1137 3154 1194 neque
3191 1122 3463 1185 Virtutes,

1885 1231 2062 1288 neque
2088 1217 2371 1285 instantia,
2400 1231 2579 1288 neque
2610 1216 2812 1282 futura,
2842 1228 3016 1286 neque
3044 1212 3329 1275 fortitudo,
3366 1224 3465 1265 nc-

1882 1323 1999 1380 quev
2027 1307 2276 1376 altitudo,
2330 1321 2508 1379 neque
2557 1308 2929 1379 profundum,
2977 1319 3154 1377 neque
3202 1312 3459 1361 creatura

1884 1399 1989 1454 alia
2032 1398 2231 1466 poterit
2276 1413 2375 1455 nos
2408 1411 2666 1470 separare
2704 1413 2734 1453 a
2763 1396 3032 1454 charitate
3063 1395 3181 1462 Dei,
3213 1407 3335 1463 quae
3377 1401 3462 1446 est

1886 1490 1939 1544 in
1979 1489 2195 1545 Christo
2237 1486 2362 1545 Iesu
2409 1490 2636 1545 Domino
2681 1488 2937 1544 nostro‘.
2987 1506 3008 1541 ι
3056 1485 3178 1542 1am
3226 1485 3272 1540 si
3326 1483 3463 1538 nihil

1883 1579 2107 1634 omnino
2136 1593 2165 1632 a
2191 1578 2457 1633 charitate
2492 1578 2587 1633 Dei
2618 1577 2907 1648 sejungere
2941 1591 3042 1631 nos
3065 1582 3277 1646 potest,
3306 1572 3460 1627 exhi—

1887 1668 2046 1724 betur
2098 1669 2215 1724 haec
2263 1678 2447 1723 autem
2486 1684 2515 1722 a
2552 1669 2722 1724 nobis
2773 1669 2826 1722 in
2858 1666 3075 1723 Christo
3117 1665 3243 1721 Jesu
3292 1681 3306 1717 :
3375 1665 3460 1718 cui

1887 1760 2178 1816 obscurum
2209 1775 2331 1817 esse
2370 1766 2568 1831 potest,
2607 1759 2736 1830 quin
2767 1759 3019 1815 Christus
3050 1758 3123 1814 sit
3160 1757 3303 1814 Deus
3326 1795 3344 1822 ,
3388 1757 3463 1811 si-

1887 1850 2107 1924 quidem
2160 1851 2336 1921 ipsum
2383 1858 2655 1914 amantes,
2710 1849 3086 1905 universorum
3139 1847 3305 1902 Deum
3344 1845 3460 1900 dili-

1887 1942 2065 2012 gimus
2093 1941 2117 1994 i
2147 1940 2420 1997 Christum
2460 1948 2635 1996 autem
2653 1938 2784 1995 dum
2833 1939 3074 2005 nomino,
3122 1937 3459 1993 incarnatum

1886 2031 1981 2088 Dei
2018 2032 2255 2088 Verbum
2286 2030 2555 2102 intelligo.

1964 2162 1985 2198 ι
2014 2144 2216 2201 Omnes
2238 2144 2384 2200 enim
2407 2144 2674 2200 stabimus
2707 2152 2833 2200 ante
2874 2144 3109 2200 tribunal
3140 2142 3348 2199 Christi
3366 2142 3410 2207 ',
3436 2161 3455 2196 ι

1876 2235 2101 2305 inquit;
2131 2247 2322 2289 omnes
2352 2242 2534 2289 autem
2564 2233 2823 2305 sistemur
2849 2230 3069 2289 Christo
3096 2250 3112 2289 :
3136 2234 3348 2289 sedebit
3372 2233 3461 2288 hic

1887 2326 2030 2382 enim
2079 2339 2242 2395 super
2290 2325 2546 2380 thronum
2589 2323 2778 2393 gloria:
2824 2339 2976 2391 suae,
3018 2337 3125 2394 quo
3186 2334 3457 2380 terrarum

1887 2417 2075 2474 orbem
2104 2415 2311 2483 judicet
2362 2415 2422 2473 in
2452 2414 2687 2487 justitia.
2721 2414 2862 2470 Cum
2911 2431 3043 2486 ergo
3072 2416 3240 2470 David
3286 2415 3458 2471 Deum

1883 2508 2121 2580 iudicem
2162 2514 2339 2573 vocet,
2379 2506 2729 2577 consequitur
2770 2505 2992 2563 omnino
3019 2505 3296 2563 Christum
3337 2522 3460 2564 esse

1891 2599 2082 2656 Deum.

1965 2729 1986 2764 ι
2012 2710 2281 2766 Audacius
2307 2717 2485 2767 autem
2511 2712 2702 2782 scripsi
2734 2710 2904 2778 vobis,
2942 2712 3156 2779 fratres,
3180 2727 3246 2769 ex
3285 2722 3458 2783 parte.

1892 2812 2148 2872 tanquam
2205 2800 2271 2869 in
2315 2802 2634 2857 memoriam
2693 2815 2789 2858 vos
2856 2802 3163 2871 reducens,
3229 2811 3456 2875 propter

1888 2895 2118 2965 gratiam
2157 2906 2275 2962 quae
2306 2893 2428 2949 data
2461 2901 2546 2948 est
2587 2892 2721 2948 mihi
2751 2907 2782 2948 a
2810 2893 2943 2961 Deo,
2966 2903 3029 2949 ut
3068 2893 3172 2949 sim
3212 2894 3461 2950 minister

1886 2982 2015 3039 Jesu
2042 2980 2244 3039 Christi
2284 2983 2339 3039 in
2390 2980 2642 3053 gentibus
2663 3022 2680 3049 ,
2713 2982 3065 3039 sanctiﬁcans
3102 2982 3452 3055 Evangelium

1888 3075 2007 3139 Dei.
2044 3083 2102 3129 ut
2130 3072 2223 3128 liat
2258 3074 2463 3130 oblatio
2489 3074 2729 3145 gentium
2762 3084 2985 3146 accepta
3026 3084 3082 3131 et
3123 3076 3458 3131 sanctiﬁcata

220 3166 565 3235 πρόσδεκτος,
597 3166 903 3238 ἡγιασμένη
956 3169 1014 3221 ἐν
1063 3169 1342 3242 Πνεῦματι
1386 3171 1546 3245 ἁγίῳ.
1581 3192 1600 3225 ι
1639 3173 1700 3228 Οἱ
1729 3174 1786 3230 τὸ

1894 3164 1944 3223 in
1977 3165 2181 3237 Spiritu
2225 3174 2417 3222 sancto
2443 3166 2494 3220 ⁷.
2533 3184 2553 3219 ι
2589 3164 2735 3222 Sane
2769 3166 2964 3238 quibus
2999 3166 3141 3223 sacri
3169 3166 3459 3223 ministeri’

217 3257 317 3327 τῆς
349 3258 660 3330 ἱερουργίας
686 3258 875 3330 χρῆμα
902 3262 1321 3333 πεπιστευμένοι
1343 3305 1357 3330 ,
1390 3262 1515 3339 Qui)
1547 3265 1789 3339 λειτουρ-

218 3345 379 3415 γοῦσι
435 3347 619 3418 μόνῳ·
661 3349 1040 3420 παρεστήκασι
1084 3349 1190 3423 γὰρ
1238 3353 1338 3407 οὐκ
1385 3354 1696 3427 ἀνθρώποις
1739 3358 1788 3413 οἱ

220 3440 407 3509 ἱερεῖς.
427 3438 555 3490 Ἰδοὺ
584 3439 875 3511 τοιγαροῦν
901 3438 1256 3507 ὁ-θεσπέσιος
1300 3442 1513 3509 Παῦλος
1544 3445 1788 3502 δεδόσθαι

218 3531 385 3602 φησὶν
411 3530 588 3602 ἑαυτῷ
617 3531 777 3602 χάριν
805 3531 953 3604 παρὰ
980 3532 1073 3586 τοῦ
1094 3533 1257 3611 θεοῦ,
1290 3536 1370 3598 είς
1408 3536 1469 3589 τὸ
1509 3532 1648 3591 εἶναι
1674 3539 1787 3592 λει-

216 3620 445 3690 τουργὸν
496 3622 732 3693 Χριστοῦ
783 3622 980 3695 Ἰησοῦ,
1036 3626 1129 3678 καὶ
1190 3626 1493 3697 ἱερουργεῖν
1559 3630 1617 3682 ὲν
1676 3634 1788 3697 τοῖς

217 3712 396 3765 ἔθνεσι
447 3712 507 3766 τὸ
552 3712 883 3782 Εὑαγγέλιον
928 3713 1021 3768 τοῦ
1064 3715 1324 3786 Χριστοῦ.
1354 3716 1488 3781 Θεὸς
1531 3714 1625 3774 οῦν
1679 3716 1787 3792 ἄρα

216 3802 475 3875 Χριστὸς,
510 3804 558 3855 εἱ
584 3804 816 3873 Χριστὸν
850 3804 1136 3877 κηρύττων
1161 3809 1272 3872 τοῖς
1297 3804 1497 3874 ἔθνεσι,
1530 3808 1626 3864 τοῦ
1652 3804 1786 3867 Θεοῦ

218 3909 386 3965 φησιν
408 3892 738 3962 Εὑαγγέλιον
768 3894 1072 3965 ἱερουργεῖν
1099 3895 1302 3962 αὐτοῖς,
1339 3898 1425 3979 ἵνα
1454 3900 1789 3973 προσδεχθῶ-

218 4001 326 4050 σιν,
357 3984 435 4048 ὡς
467 3985 785 4058 ἡγιασμένοι
813 3989 871 4040 ἐν
897 3987 1197 4059 Πνεύματι.

291 4096 481 4166 «Ἐχω
519 4090 614 4151 οῦν
652 4096 918 4169 καύχησιν
966 4099 1025 4153 ἑν
1060 4098 1283 4171 Χριστῷ
1324 4100 1502 4173 Ἰησοῦ
1547 4102 1617 4155 τά
1653 4102 1787 4175 πρὸς

211 4183 311 4239 τὸν
342 4184 497 4241 Θεόν.
535 4186 610 4241 Οὐ
643 4187 753 4259 γὰρ
784 4188 1039 4261 τολμήσω
1063 4207 1115 4244 τι
1144 4189 1345 4256 λαλεῖν,
1372 4185 1447 4246 ὧν
1478 4192 1539 4247 οὐ
1567 4211 1788 4264 κατειρ-

213 4277 429 4348 γάσατο
466 4280 701 4351 Χριστδς
744 4281 812 4335 δι’
838 4281 996 4353 ἐμοῦ,
1028 4283 1106 4347 εἱς
1150 4283 1396 4357 ὑπακοὴν
1427 4285 1617 4351 ἐθνῶν,
1646 4286 1789 4360 λόγῳ

214 4370 315 4425 καὶ
350 4370 517 4442 ἔργῳ,
552 4372 619 4458 ἐν⁹
654 4371 879 4443 δυνάμει
926 4375 1172 4445 σημείων
1214 4392 1274 4430 τε
1320 4377 1413 4431 καὶ
1454 4379 1698 4449 τεράτων
1729 4381 1788 4433 ὲν

1888 3256 2163 3328 provincia
2206 3256 2518 3341 concredita
2571 3267 2671 3319 est,
2718 3257 2755 3312 ii
2804 3257 2906 3313 soli
2954 3256 3065 3315 Deo
3094 3258 3405 3314 ministrant
3438 3276 3456 3313 :

1887 3346 2197 3420 solaeque
2240 3348 2385 3402 enim
2439 3345 2751 3403 hominibus
2793 3348 3065 3405 assistunt
3114 3350 3456 3407 sacerdotes.
3504 3380 3527 3417 ς.

1888 3436 2022 3492 Cum
2062 3436 2209 3507 hanc
2238 3435 2402 3507 igitur
2430 3437 2668 3508 gratiam
2702 3438 2806 3494 sibi
2847 3452 2878 3492 a
2912 3439 3023 3495 Deo
3050 3438 3305 3494 donatam
3333 3454 3463 3511 pro:

1890 3528 2106 3585 llteatur
2146 3528 2458 3600 Apostolus,
2513 3538 2572 3585 ut
2625 3531 2698 3587 sit
2745 3530 2996 3587 minister
3037 3530 3165 3589 Jesu
3225 3532 3455 3598 Christi,

1888 3621 2198 3692 Christique
2220 3620 2569 3692 Evangelium
2605 3621 2748 3677 inter
2777 3607 2965 3691 gentes
3005 3622 3372 3687 administret,
3402 3633 3460 3678 et

1887 3710 2162 3767 Christum
2208 3712 2422 3768 tandem
2460 3714 2813 3780 annuntians,
2861 3715 2954 3770 Del
3001 3714 3347 3785 Evangelium
3394 3730 3461 3772 se

1890 3802 1995 3859 illis
2023 3804 2320 3873 praedicare
2358 3805 2559 3860 diserte
2610 3803 2862 3871 afﬁrmet,
2893 3819 3001 3874 quo
3034 3805 3292 3860 nimirum
3333 3812 3459 3859 tan-

1891 3906 2054 3962 quam
2086 3891 2293 3961 Spiritu
2320 3890 2432 3960 jam
2470 3891 2842 3955 sanctiﬁcata,
2892 3891 3246 3947 admittantur
3284 3906 3301 3944 :
3334 3888 3459 3961 quis

1889 3981 2091 4039 Christi
2122 3982 2463 4038 divinitatem
2513 3982 2568 4036 in
2609 3982 2962 4053 quaestionem
2998 3996 3197 4038 vocare
3225 3980 3463 4037 audeat?

1966 4113 1985 4147 ι
2019 4093 2202 4150 Habeo
2226 4092 2393 4166 igitur
2424 4092 2656 4164 gloriam
2683 4094 2736 4148 in
2762 4092 2979 4148 Christo
3010 4091 3136 4150 Jesu
3167 4093 3234 4149 ad
3265 4094 3455 4151 Deum.

1887 4186 2006 4244 Non
2040 4189 2182 4245 enim
2215 4186 2386 4244 audeo
2429 4187 2631 4258 aliquid
2683 4187 2832 4268 loqui
2862 4202 3075 4255 eorum,
3103 4203 3221 4259 qua:
3247 4203 3345 4259 per
3372 4202 3460 4244 me

1890 4297 1997 4338 non
2023 4280 2202 4337 eliccit
2229 4279 2483 4337 Christus
2519 4281 2574 4335 in
2621 4280 2979 4337 obedientiam
3008 4281 3247 4351 gentium
3291 4282 3461 4337 verbo

1888 4382 1942 4428 et
1986 4370 2168 4438 factis,
2216 4371 2269 4427 in
2306 4371 2504 4428 virtute
2546 4370 2824 4444 signorum
2872 4378 2928 4427 et
2967 4370 3360 4441 prodigiorum,
3400 4372 3456 4427 in

209 4459 445 4531 δυνάμει
488 4461 800 4532 Πνεύματος
828 4463 993 4517 Θεοῦ·
1027 4464 1167 4519 ὥστε
1196 4484 1263 4537 με
1294 4467 1404 4522 ἀπὸ
1437 4468 1786 4541 Ἰερουσαλὴμ

1894 4466 2092 4521 virtute
2133 4462 2372 4536 Spiritus
2421 4465 2633 4529 sancti;
2682 4465 2757 4520 ita
2812 4473 2872 4519 ut
2918 4466 2986 4520 ab
3022 4461 3321 4520 Jerusalem
3363 4476 3462 4536 per

213 4548 427 4621 κύκλῳ,
458 4551 552 4606 καὶ
603 4553 765 4625 μέχρι
808 4554 904 4609 τοῦ
934 4555 1227 4628 Ἰλλυρικοῦ
1276 4558 1697 4630 πεπληρωκέναι
1730 4561 1790 4614 τὸ

211 4641 549 4710 Εὐαγγέλιον
585 4641 679 4696 τοῦ
711 4645 972 4716 Χριστοῦ.
1004 4665 1023 4699 ι
1060 4647 1147 4701 Ἐν
1170 4646 1248 4719 τῷ
1281 4647 1456 4720 Ἰησοῦ
1486 4648 1790 4720 καυχᾶσθαι

211 4750 375 4803 φησι,
404 4733 465 4787 τὸ
490 4732 753 4807 καύχημα
780 4735 954 4806 λέγων
975 4737 1119 4808 ἐχειν
1144 4739 1280 4812 πρὸς
1303 4740 1583 4795 Θεόν.⁶’οτι
1606 4741 1662 4797 δὲ
1686 4742 1788 4798 ούκ

208 4822 562 4894 ἀνθρώπινον
615 4824 678 4878 τὸ
728 4824 824 4878 καὶ
870 4827 929 4878 ἐν
970 4825 1198 4896 δυνάμει
1239 4827 1552 4901 Πνεύματος
1581 4832 1639 4884 ἐν
1674 4832 1788 4896 τοῖς

203 4912 399 4981 ἁγίοις
424 4914 746 4978 ἀποστόλοις
776 4916 1020 4986 ἐνεργεῖν
1051 4914 1307 4968 δύνασθαι
1340 4916 1430 4969 τὸν
1457 4919 1692 4987 Χριστὸν
1717 4919 1788 4973 τά

207 5003 520 5071 παράδοξα,
548 5004 662 5068 πῶς
683 5004 760 5058 ενι
787 5004 1177 5077 άμφιὸάλλειν;
1199 5005 1411 5080 Ὠσπερ
1431 5008 1538 5080 γὰρ
1562 5006 1789 5073 ἕκαστος

201 5092 328 5147 τῶν
358 5094 481 5147 καθ’
516 5094 660 5165 ἡμᾶς
685 5095 743 5146 ὲν
771 5094 876 5165 ίδίᾳ
900 5094 1126 5165 δυνάμει
1150 5093 1217 5147 τά
1249 5093 1441 5148 ἑαυτοῦ
1468 5094 1601 5165 ἔργα
1622 5096 1787 5158 ποιεῖ,

202 5185 362 5241 οὕτω
395 5186 488 5239 καὶ
517 5187 545 5239 ὁ
572 5185 826 5258 Χριστὸς,
856 5184 932 5251 ὡς
980 5186 1083 5258 ίδίᾳ
1129 5185 1354 5258 δυνάμει
1399 5186 1478 5259 τῷ
1513 5186 1787 5255 Πνεύματι

203 5277 524 5349 χρώμενος,
555 5278 765 5349 ἐνεργεῖ
803 5278 873 5331 τὰ
908 5277 1188 5351 παράδοξα
1230 5276 1319 5333 διὰ
1345 5279 1444 5351 τῆς
1479 5277 1587 5333 τῶν
1618 5279 1788 5347 ἁγίων

1889 4552 2173 4608 circuitum
2221 4566 2392 4623 usque
2421 4553 2488 4608 ad
2525 4552 2792 4624 Illyricum
2847 4551 3166 4623 repleverim
3210 4552 3459 4622 Evange-

1888 4644 2020 4700 lium
2048 4643 2254 4700 Christi
2273 4643 2315 4698 ⁸.
2351 4662 2371 4697 ι
2405 4644 2479 4699 En
2506 4644 2630 4699 dum
2659 4644 2712 4698 in
2745 4643 2964 4699 Christo
2986 4643 3268 4713 gloriatur,
3299 4643 3351 4696 in
3375 4641 3459 4695 his

1890 4751 2010 4808 qua:
2050 4734 2141 4791 Dei
2169 4744 2296 4792 sunt
2326 4734 2547 4806 gloriari
2582 4749 2642 4791 se
2667 4733 2819 4789 dicit.
2853 4732 3006 4800 Quod
3048 4740 3228 4787 autem
3261 4731 3460 4785 virtute

1894 4828 2129 4898 Spiritus
2177 4842 2275 4898 per
2326 4825 2603 4896 apostolos
2643 4833 2864 4880 sanctos
2909 4822 3151 4893 prodigia
3197 4830 3252 4875 et
3304 4821 3456 4891 signa

1892 4919 2166 4975 Christum
2211 4931 2373 4987 posse
2418 4916 2602 4981 edere,
2646 4930 2783 4987 opus
2836 4914 2908 4971 sit
2955 4913 3208 4969 humanis
3253 4912 3460 4968 viribus

1895 5009 2088 5079 majus,
2115 5009 2168 5065 id
2202 5009 2255 5064 in
2291 5007 2513 5064 dubium
2539 5020 2795 5064 revocare
2820 5021 2924 5061 non
2952 5005 3099 5059 licet.
3131 5003 3284 5059 Sicut
3312 5003 3455 5059 enim

1895 5099 2265 5172 unusquisque
2286 5101 2527 5155 uo'strum
2549 5099 2602 5154 in
2627 5097 2843 5169 prOpria
2867 5095 3066 5150 virtute
3101 5108 3221 5163 quae
3252 5102 3459 5150 naturas

1896 5192 2067 5262 ipsius
2081 5204 2207 5248 sunt
2223 5199 2504 5261 operatur,
2522 5190 2594 5246 ita
2614 5191 2775 5246 etiam
2794 5189 3060 5255 Christus,
3082 5190 3134 5245 in
3157 5189 3324 5262 ipsius
3341 5186 3460 5257 Spi-

1897 5281 2001 5337 ritu
2028 5292 2239 5348 sancto,
2264 5291 2324 5337 ut
2355 5282 2446 5352 qui
2470 5281 2590 5352 ejus
2622 5280 2845 5352 propria
2879 5281 2951 5336 sit
2978 5280 3172 5351 virtus,
3199 5279 3457 5339 miracula

286 5453 310 5483 ⁸
339 5452 494 5525 liam.
525 5470 643 5520 rm,
680 5453 766 5519 58,
802 5455 888 5511 59.
967 5457 986 5488 ⁸
1021 5455 1175 5514 Rom.
1209 5472 1318 5524 XIV,
1353 5457 1442 5512 10.
1516 5458 1537 5489 ν
1568 5454 1727 5515 Rom.
1759 5472 1846 5525 xv,
1876 5455 2074 5526 15,16.
2162 5459 2184 5491 ⁸
2223 5458 2380 5515 Rom.
2411 5474 2501 5528 xv,
2534 5458 2718 5517 17-19.
2776 5538 2783 5557 Ι

1303 5613 1475 5683 Υπὶίο
1511 5613 1765 5671 ιρςιίοιιι·ε
1799 5613 1997 5671 codicis
2028 5613 2387 5684 chuieiiani.

296 5762 312 5802 t
357 5751 410 5804 al
419 5794 429 5805 .
459 5750 757 5818 ἀνωτάτην.
