3910 6200
236 276 379 335 1955

1339 279 1431 337 DE
1467 280 1692 337 RECTA
1733 280 1891 335 FIDE
1927 277 2019 337 AD
2059 276 2380 336 REGlNAS.

3268 330 3285 347 ,
3364 277 3499 331 test

229 391 424 462 ἁγίων
450 390 786 459 ἀποστόλων,
826 392 941 448 ἀλλ’
982 392 1059 459 ὡς
1096 395 1155 449 sv
1191 394 1419 468 δυνάμει
1452 396 1785 466 »Πνεῦματος

1918 395 2107 451 tiatum
2150 404 2257 460 est,
2299 406 2405 447 non
2458 390 3096 458 sermonisoeminentia,
3141 389 3495 446 mtltldanwve

301 584 335 619 ιη
367 564 570 635 Σοφίαν
611 565 671 620 δὲ
699 565 969 639 λαλοῦμεν
1006 568 1066 622 ὲν
1092 569 1205 633 τοῖς
1233 569 1495 633 τελείοις·
1527 569 1721 640 σοφίαν
1748 570 1806 624 δὲ

222 658 286 713 οὐ
314 655 637 721 τοῦραίῶνος
658 658 871 726 τούτου,
902 659 1022 713 οὐδὲ
1049 658 1160 713 τῶν
1183 659 1460 731 ἀρχόντων
1491 659 1803 724 τοῦαίῶνος

221 750 438 816 τούτου,
466 750 577 805 τῶν
623 750 1119 824 καταργουμένων
1167 751 1307 806 ἀλλὰ
1351 751 1623 822 λαλοῦμεν
1664 752 1800 805 Θεοῦ

224 841 419 909 σοφίαν
447 841 506 894 ὲν
540 840 845 913 μυστηρίῳ,
878 840 1530 914 τὴν-ἀποκεκρυμμένην,
1560 842 1629 912 ἦν
1669 859 1802 913 προ-

221 931 421 1004 ώρισεν
459 933 489 986 ὁ
524 932 656 997 Θεὸς
683 933 790 1003 πρὸ
817 933 926 986 τῶν
958 932 1169 988 αἰώνων
1196 935 1277 997 εἰς
1320 933 1666 1004 δόξαννὴμῶν
1687 949 1701 964 ⁸
1732 934 1801 1005 ἢν

221 1024 396 1086 οὐδεὶς
422 1022 530 1077 τῶν
553 1023 832 1093 ἀρχόντων
859 1023 953 1077 τοῦ
984 1023 1179 1087 αἰῶνος
1228 1024 1420 1078 τούτου
1443 1024 1699 1094 ἔγνωκεν.
1737 1023 1801 1077 Et

220 1115 332 1185 γὰρ
360 1113 624 1183 ἔγνωσαν,
663 1116 764 1168 οὐκ
801 1114 868 1168 ἂν
894 1114 984 1168 τὸν
1029 1114 1234 1186 Κύριον
1275 1115 1376 1185 τῆς
1403 1116 1562 1186 δόξης
1602 1115 1802 1169 ἐσταύ-

222 1224 425 1279 ρωσαν.
468 1226 486 1260 ι
525 1207 590 1260 Ei
622 1205 757 1259 Θεοῦ
791 1206 951 1275 σοφία
976 1206 1037 1259 τὸ
1067 1208 1364 1278 μυστήριον
1394 1206 1652 1279 Χριστοῦ,
1681 1205 1801 1262 εἶτα

217 1296 298 1367 τῷ
327 1300 521 1368 κόσμῳ
550 1296 903 1369 κηρύττεται,
956 1298 1052 1351 καὶ.
1094 1297 1229 1361 Θεὸς
1266 1299 1366 1352 οὐκ
1403 1299 1552 1353 ἔστιν
1581 1299 1798 1370 ἀληθῶς

217 1388 367 1442 κατὰ
386 1390 650 1455 τόιτισιν,
669 1389 768 1442 οὐκ
796 1384 892 1443 οἶδ’
922 1391 1090 1455 ὅπως,
1118 1389 1330 1454 δοκοῦν,
1351 1389 1443 1444 καὶ
1475 1394 1554 1454 εἰς
1572 1392 1734 1445 αὐτον
1760 1395 1792 1463 ὴ

217 1479 400 1542 πίστις
417 1476 517 1549 (ι)·
548 1478 663 1543 πῶς
685 1479 873 1532 ἔστιτὸ
891 1480 1192 1552 μυστήριον
1210 1480 1387 1549 σοφὸν,
1407 1482 1566 1550 εἱτῆς
1585 1483 1798 1552 ἀληθῶς

216 1569 545 1637 θεογνωσξας
577 1567 904 1639 ἀποκομίζει
936 1572 1061 1635 τοῦς
1111 1572 1204 1625 ἐπὶ
1234 1572 1335 1642 τῆς
1379 1574 1503 1643 γῆς,
1560 1575 1655 1626 καὶ
1699 1574 1797 1627 λα-

213 1661 400 1733 τρείαν
447 1660 736 1733 ἀνθρώπου
764 1662 864 1732 τὴν
894 1662 1274 1734 οἰκοῦμενικὴν
1317 1664 1606 1729 ἀποτελεῖ;
1654 1664 1792 1718 Ἀλλ’

1910 485 2191 556 sapientia:
2226 484 2389 550 fastu,
2414 485 2509 539 sed
2566 481 2805 552 Spiritus
2850 486 3048 537 virtute
3076 489 3131 537 et
3161 484 3492 538 ostensione.

1984 593 2005 628 ι
2036 576 2366 645 Sapientiam
2425 583 2607 629 autem
2674 573 2947 643 loquimur
2982 574 3135 652 inter.
3179 574 3488 644 perfectos:

1908 667 2245 736 sapientiam
2282 679 2412 719 vero
2461 679 2567 719 non
2609 663 3029 740 bujossaeeuli,
3074 679 3249 733 neque
3292 666 3493 734 princi-

1909 775 2034 830 pum
2064 759 2222 830 hujus
2260 756 2466 822 saeculi,
2515 755 3038 826 quildestruuntur;
3092 758 3186 810 sed
3220 757 3492 825 loquimur

1909 852 2001 906 Dei
2050 849 2372 920 sapientiam
2420 850 2474 903 in
2524 851 2813 919 mysterio;
2857 862 2977 918 qum
3023 848 3337 903 abscondita
3379 859 3490 911 est,

1906 926 2066 1011 quam
2114 940 2523 1011 praedestinavit
2575 938 2717 994 Deus
2755 948 2883 993 ante
2922 934 3220 993 'sa‘oula'in
3256 940 3486 1008 gloriam

1906 1040 2183 1092 nostram;
2227 1045 2390 1100 quam
2429 1043 2589 1083 nemo
2618 1028 2924 1096 principum
2974 1027 3138 1095 hujus
3176 1027 3360 1082 saeculi
3395 1041 3492 1081 ce-

1905 1122 2112 1192 gnovit.
2151 1120 2208 1175 Si
2248 1119 2393 1173 enim
2425 1118 2829 1187 cognovissent,
2874 1131 3150 1185 nunquam
3199 1114 3490 1169 Dominum

1903 1209 2095 1281 gloria
2111 1207 2508 1265 crucifixissent
2533 1206 2598 1260 ³⁷.
2632 1223 2652 1258 ι
2689 1204 2745 1261 Si
2779 1205 2983 1261 Christi
3009 1204 3489 1276 mysterium,“

1902 1304 2047 1372 quod
2093 1303 2301 1356 mundo
2335 1303 2733 1357 annuntiutum
2772 1309 2880 1365 est,
2926 1298 3037 1354 Dei~
3069 1299 3334 1369 sapientia
3381 1310 3487 1360 εει,

1903 1407 2080 1462 neque
2118 1401 2297 1447 tamen
2337 1393 2614 1458 Christus,
2645 1395 2700 1446 in
2739 1406 2903 1463 quem
2955 1392 3089 1445 fides
3129 1391 3391 1460 exigitur,
3426 1403 3489 1445 ut

1903 1485 2044 1539 male
2088 1485 2275 1540 nescio
2316 1486 2591 1553 quomodo
2635 1484 2963 1554 quibusdam
3018 1496 3344 1552 persuasum
3377 1492 3484 1544 est,

1904 1590 2064 1631 verus
2119 1575 2259 1631 Deus
2308 1586 2439 1629 est:
2483 1574 2759 1645 quomodo
2799 1582 3199 1628 sacramentum
3247 1571 3352 1626 hoc.
3396 1586 3488 1624 sn-

1905 1669 2069 1724 blime
2097 1678 2152 1724 et
2180 1670 2399 1738 sapiens
2441 1680 2545 1733 cst,
2581 1667 2628 1721 si
2663 1666 2915 1721 homines
2946 1680 2976 1718 a
3005 1678 3131 1719 vera
3173 1663 3266 1717 Dei
3305 1663 3489 1728 cogni-

214 1753 276 1806 οῦ
319 1752 475 1807 τοῦτὸ
501 1755 650 1807 ἐστιν
697 1752 915 1825 ἀληθές.
950 1753 1118 1824 Σοφὸν
1147 1753 1205 1808 δὲ
1249 1754 1309 1809 τὸ
1353 1756 1672 1828 μυστήριον,
1714 1757 1787 1810 ὅτι

1904 1761 2052 1815 tione
2101 1760 2342 1826 abducit,
2396 1768 2452 1814 et
2494 1760 2562 1812 ab
2612 1758 2748 1813 orbe
2800 1765 3092 1818 terrarum,
3161 1761 3223 1807 ut
3277 1753 3483 1807 homini

214 1843 334 1915 Θεῷ
387 1845 651 1913 προσάγει
703 1846 829 1908 τοὺς
887 1845 1370 1916 πεπλανημένους·
1425 1846 1557 1911 Θεὸς
1606 1848 1718 1918 ἄρα
1764 1850 1787 1902 ὁ

1899 1851 2141 1906 divinum
2174 1851 2374 1906 cultum
2401 1850 2766 1920 impertiatur,
2791 1846 3001 1917 exigit?
3033 1846 3231 1902 Verum
3268 1860 3369 1899 non
3405 1845 3480 1899 ita

214 1936 468 2007 Χριστός.
510 1937 740 2009 Εἴρηται
766 1936 822 1990 δὲ
853 1938 946 1991 καὶ
977 1936 1202 2002 δικαίως
1233 1938 1437 2011 Κύριος
1458 1941 1554 2012 τῆς
1585 1938 1787 2011 δόξηςδ

1900 1953 1989 1995 res
2022 1939 2205 1995 habet.
2237 1938 2570 1995 Profundum
2622 1937 2770 1993 enim
2814 1945 2872 1991 et
2904 1935 3123 2005 sapiens
3159 1934 3477 2005 mysterium

213 2027 648 2098 ἐσταυρωμένος.

1898 2041 2001 2098 est,
2047 2032 2247 2102 quippe
2289 2032 2431 2102 quod
2476 2032 2527 2086 in
2570 2043 2816 2086 errorem
2858 2027 3122 2083 abductos
3177 2027 3245 2079 ad
3302 2026 3472 2080 Deum

216 2136 434 2177 rursum
481 2122 724 2179 reducat.
772 2119 903 2177 Jure
955 2122 1122 2193 igitur
1178 2122 1484 2194 meritoque
1541 2134 1594 2179 et
1645 2124 1784 2179 Deus
1822 2122 2124 2194 appellatur
2158 2121 2434 2191 Christus,
2510 2130 2599 2178 et.
2638 2119 2824 2190 gloriae
2865 2118 3127 2175 Dominus
3156 2116 3469 2174 cruciﬁxus

212 2213 547 2285 perhibetur.

286 2322 325 2356 rs
352 2304 510 2358 Κατὰ
536 2306 643 2376 τὴν
672 2305 833 2378 χάριν
869 2305 963 2361 τοῦ
1003 2305 1140 2362 Θεοῦ
1185 2307 1551 2381 τὴνδοθείσάν
1580 2325 1697 2379 μοι,
1716 2309 1794 2375 ὡς

212 2393 370 2462 σοφὸς
406 2395 742 2467 ἀρχιτέκτων
801 2397 1049 2468 Θεμέλιον
1076 2398 1271 2471 ἔθηκα,
1292 2399 1466 2464 ἄλλος
1493 2400 1550 2453 δὲ
1579 2402 1793 2455 ἐποικο-

208 2483 383 2554 δομεῖ.
403 2483 661 2555 Θεμέλιον
681 2486 789 2559 γὰρ
809 2487 971 2553 ἄλλος
1002 2489 1178 2554 οὐδεὶς
1200 2490 1424 2547 δύναται
1448 2490 1619 2547 θεῖναι
1640 2493 1792 2566 παρά

208 2575 302 2628 τὸν
342 2575 614 2648 κείμενον,
656 2580 715 2643 ὃς
759 2582 920 2635 ἐστιν.
947 2581 1158 2653 Ἰησοῦς
1185 2583 1471 2655 Χριστός.»
1499 2585 1566 2657 El
1590 2586 1793 2659 ἐπερη-

213 2665 478 2737 ρείσμεθα
523 2668 795 2743 καθάπερ
826 2671 934 2726 τινὶ
980 2671 1230 2745 θεμελίῳ,
1261 2675 1516 2748 Χριστῷ,
1564 2678 1660 2732 καὶ
1699 2679 1787 2732 ἐπ’

206 2756 357 2828 αὐτῷ
381 2757 471 2812 διὰ
498 2760 735 2827 πίστεως
770 2762 1217 2835 οἰκοδομούμεοα,
1246 2766 1343 2820 καὶ
1382 2767 1531 2822 ἐστιν
1557 2768 1718 2834 αὐτὸς
1750 2770 1784 2841 ή

206 2849 426 2904 πάντων
453 2852 746 2921 ἀσφάλεια,
781 2854 899 2919 πῶς
924 2856 1037 2910 οὐκ·
1065 2856 1132 2911 ἂν
1171 2855 1258 2930 εἴη
1300 2858 1433 2924 Θεὸς
1460 2860 1694 2931 ἀληθῶς,
1727 2863 1788 2917 ἐν

203 2935 249 3010 ᾧ
275 2942 347 2998 τὰ
374 2944 574 3010 πάντα,
605 2947 699 3001 καὶ
728 2948 762 3019 ή
794 2948 945 3020 παρὰ
982 2950 1201 3004 πάντων
1223 2950 1401 3016 πίστις
1419 2950 1431 3002 i
1448 2955 1465 2972 '
1482 2993 1496 3019 ,
1517 2954 1579 3008 οὐ
1606 2954 1788 3020 καθὼς

1974 2328 1994 2363 ι
2022 2310 2331 2367 Secundum
2360 2310 2596 2380 gratiam
2634 2307 2750 2375 Dei,
2784 2308 3067 2377 quaedam
3098 2314 3181 2360 est
3214 2303 3381 2370 mihi,
3417 2309 3475 2356 nt

1896 2399 2113 2469 sapiens
2132 2399 2464 2454 architectus
2485 2396 2895 2452 fundamentum
2920 2395 3100 2464 posui,
3124 2394 3263 2448 alius
3290 2402 3471 2448 autem

1895 2490 2316 2561 supermdilicat.
2380 2489 2820 2544 Fundamentum
2891 2486 3037 2540 enim
3102 2485 3247 2541 aliud
3312 2500 3474 2540 nemo

1891 2591 2074 2651 potest
2098 2596 2302 2653 ponere
2330 2592 2529 2652 praeter
2565 2580 2616 2635 id
2650 2581 2793 2650 quod
2812 2580 3045 2650 positum
3082 2587 3189 2644 est,
3218 2578 3358 2648 quod
3389 2587 3473 2632 est

1893 2673 2146 2731 Christ‘us
2186 2666 2430 2731 Iesus“.
2463 2692 2484 2726 ι
2531 2672 2588 2729 Si
2639 2672 2860 2729 Christo
2906 2670 3141 2739 perinde
3178 2685 3241 2726 ac
3269 2668 3470 2724 funda-

1891 2776 2072 2823 mento
2105 2768 2339 2837 cuipiam
2389 2767 2691 2832 innitimur,
2733 2772 2789 2819 et
2817 2778 2914 2833 per
2943 2761 3105 2819 fidem
3152 2777 3315 2832 super
3346 2776 3469 2818 eum

1888 2858 2280 2925 construimur,
2320 2867 2378 2914 et
2415 2859 2529 2928 ipse
2560 2856 2804 2912 omnium
2847 2864 2950 2910 est
2975 2855 3168 2910 salus:
3205 2853 3296 2924 qui
3341 2854 3456 2908 lieri

1889 2958 2083 3019 potest,
2109 2957 2167 3005 ut
2194 2964 2357 3005 verus
2390 2950 2530 3005 Deus
2565 2963 2669 3004 non
2692 2948 2798 3012 sit,
2847 2961 2969 3003 cum
2995 2949 3048 3001 in
3073 2961 3138 3000 eo
3170 2945 3471 3000 consistant

204 3033 287 3097 είς
329 3035 428 3088 ἕνα
459 3035 570 3089 τῶν
601 3037 720 3092 καθ’
752 3039 920 3109 ἡμᾶς,
961 3040 1044 3094 ὅτι
1090 3040 1165 3113 μὴ
1199 3042 1374 3098 κτίσει
1422 3043 1785 3118 λελατρεύκα-

1898 3039 2095 3103 omnia,
2144 3039 2385 3109 ﬁdesque
2428 3047 2612 3093 nostra
2655 3038 2723 3091 de
2762 3037 2882 3107 ipso
2924 3037 3017 3102 sit,
3070 3050 3177 3089 non
3225 3035 3366 3090 sicut
3400 3037 3468 3089 dc

208 3141 329 3195 μεν,
358 3124 496 3180 ἀλλὰ
517 3126 636 3199 Θεῷ
658 3128 737 3201 τῷ
767 3129 929 3201 φύσει
972 3132 1068 3187 καὶ
1105 3133 1322 3205 ἀληθῶς
1344 3152 1379 3200 ;μ

280 3407 305 3447 ι
350 3389 463 3446 Οὐκ
507 3391 708 3460 owe-re,
758 3394 838 3448 ὅτι
873 3393 998 3460 ναὸς
1026 3394 1320 3453 Θεοῦ-ἐστε
1349 3399 1529 3472 ὑμεῖς,
1577 3404 1671 3458 καὶ
1719 3406 1782 3460 τδ

203 3481 429 3554 Πνεῦμα
453 3483 547 3538 τοῦ
581 3484 717 3539 Θεοῦ
746 3486 970 3540 οίκείνὲν
1001 3487 1159 3559 ὑμῐνς
1191 3489 1259 3542 Et
1281 3507 1364 3555 τις
1390 3491 1482 3547 τὸν
1516 3494 1642 3550 ναὸν
1683 3496 1780 3550 τοῦ

202 3573 340 3628 Θεοῦ
387 3575 623 3647 φθείρει,
662 3576 871 3647 φθερεῖ.
898 3579 1153 3634 τοῦτονιὸ
1194 3581 1349 3646 Θεός.
1401 3583 1461 3637 '0
1494 3584 1603 3658 γὰρ
1655 3588 1781 3652 ναὸς

201 3667 474 3721 τοῦιθεοῦ.
507 3668 663 3736 ἅγιός
715 3669 884 3735 ἐστιν,
911 3670 1108 3735 οἵτινές
1157 3671 1281 3725 ἐστε
1329 3675 1509 3745 ὑμεῖς.
1546 3698 1568 3728 ι
1624 3679 1688 3732 Ei
1718 3679 1798 3733 τδ“

201 3760 427 3831 Πνεῦμα
469 3759 707 3830 Χριστοῦ
751 3760 1050 3832 δεχόμενοι,
1100 3763 1229 3827 ναὸς
1274 3764 1410 3819 Θεοῦ
1451 3769 1781 3838 χρηματίζοι

206 3866 324 3918 μεν,
355 3848 474 3913 πῶς
502 3848 565 3903 οὑ
597 3848 731 3913 Θεὸς
761 3849 1000 3922 ἀληθῶς,
1028 3853 1056 3905 ὁ
1078 3850 1146 3905 δι’
1174 3851 1234 3906 ὃν
1277 3855 1437 3925 ἡμεῖς
1466 3855 1634 3925 ἐσμεν
1659 3858 1778 3910 ναοὶ

199 3940 336 3995 Θεοῦ
352 3958 372 4008 ;

273 4051 292 4084 ι
338 4032 505 4086 ’Ὥστε
534 4031 611 4105 μὴ
642 4032 748 4104 πρὸ
778 4033 972 4106 καιροῦ
997 4052 1050 4088 τι
1083 4033 1325 4107 κρίνετε,
1358 4035 1463 4099 ἕως
1496 4035 1727 4111 ἂνὲλθῃ
1746 4040 1779 4093 ὸ

199 4122 426 4196 Κύριος,
454 4124 513 4188 ὃς
547 4124 645 4179 καὶ
671 4124 898 4196 φωτίσει
940 4126 1010 4181 τὰ
1036 4128 1256 4199 κρυπτὰ
1282 4127 1377 4181 τοῦ
1409 4128 1652 4192 σκότους,
1681 4129 1777 4183 καὶ

199 4216 504 4294 φανερώσει
550 4218 651 4283 τὰς
696 4218 893 4289 βουλὰς
938 4218 1049 4272 τῶν
1102 4220 1368 4291 καρδιῶν..
1410 4222 1520 4275 Καὶ
1581 4221 1703 4275 τότε
1748 4223 1777 4277 ό

196 4308 417 4372 ἔπαινος
468 4311 760 4382 γενήσεται
810 4310 1024 4382 ἑκάστῳ
1071 4313 1222 4383 παρὰ
1265 4311 1361 4366 τοῦ
1408 4311 1566 4366 Θεοῦ.
1611 4332 1630 4366 ι
1666 4313 1772 4368 Τὸν

1889 3128 2119 3193 Ιιοωὶιιει
2159 3131 2394 3199 quodam
2432 3129 2602 3185 nostri
2637 3127 2830 3192 simili,
2858 3126 3125 3196 siquidem
3161 3135 3467 3180 creaturam

1888 3234 1993 3275 non
2043 3219 2357 3290 adoramus,
2419 3221 2514 3277 sed
2571 3234 2696 3276 eum
2744 3219 2837 3290 qui
2886 3217 3117 3274 veritate
3172 3227 3228 3273 ct
3275 3226 3467 3272 natura

1887 3309 2028 3364 Deus
2050 3320 2131 3366 est
2154 3311 2181 3365 ἲ

1961 3417 1991 3453 r
2010 3400 2245 3459 Nescitis
2264 3403 2392 3474 quia
2423 3401 2683 3472 templum
2708 3401 2807 3457 Dei
2832 3400 2970 3457 estis
2996 3415 3117 3469 vos,
3148 3409 3204 3456 et
3232 3398 3468 3470 Spiritus

1886 3492 1979 3548 Dei
2015 3492 2227 3550 habitat
2258 3496 2312 3550 in
2362 3494 2557 3552 vobis?
2589 3494 2646 3551 Si
2677 3494 2801 3565 quis
2844 3502 3024 3549 autem
3062 3492 3320 3564 templum
3366 3491 3465 3547 Dei

1884 3585 2186 3652 violaverit,
2241 3587 2523 3659 disperdet
2577 3587 2727 3643 illum
2764 3586 2924 3643 Deus.
2980 3584 3271 3653 'Templum
3319 3585 3465 3638 enim

1885 3675 1980 3731 Dei
2024 3686 2277 3732 sanctum
2317 3688 2423 3743 est,
2476 3677 2623 3748 quod
2677 3676 2809 3733 estis
2858 3690 2957 3730 vos
2982 3674 3046 3729 ι’.
3077 3692 3097 3725 ›
3152 3672 3208 3728 Si
3259 3670 3465 3728 Christi

1883 3764 2144 3836 Spiritum
2182 3767 2562 3836 suscipientes,
2603 3767 2864 3836 templum
2918 3764 3013 3819 Dei
3052 3778 3240 3819 sumus
3275 3777 3291 3814 :
3329 3777 3468 3831 quo-

1880 3856 2042 3911 modo
2089 3872 2254 3912 verus
2298 3856 2445 3912 Deus
2491 3858 2799 3913 censendus
2854 3871 2961 3911 non
3008 3864 3114 3920 est,
3160 3844 3258 3922 per
3300 3862 3462 3922 quem

1882 3947 2077 4017 templa
2107 3948 2199 4003 Dei
2239 3949 2660 4004 constituimur?
2686 3970 2689 3977 ι
3018 4023 3021 4027 ι

1955 4059 1976 4092 ‹
2006 4042 2192 4113 Itaque
2232 4041 2411 4097 nolite
2438 4049 2568 4095 ante
2608 4051 2821 4111 tempus
2872 4041 3144 4112 judicare,
3178 4044 3459 4114 quoadus-

1878 4146 1983 4202 que
2010 4133 2190 4187 veniat
2223 4132 2502 4198 Dominus,
2534 4131 2624 4202 qui
2668 4141 2724 4187 et
2754 4132 3087 4191 illuminabit
3130 4135 3452 4190 abscondita

1881 4198 2243 4288 tenebrarum,
2283 4229 2345 4277 etv
2385 4198 2762 4278 manifestabit
2809 4222 3035 4278 consilia
3083 4224 3328 4280 cordium
3361 4242 3374 4279 :
3406 4235 3462 4280 et

1878 4320 2013 4367 tunc
2036 4311 2155 4367 laus
2196 4312 2305 4367 erit
2344 4312 2641 4383 unicuique
2675 4313 2850 4369 ιιι)εο
2872 4313 2940 4370 ⁸⁸.
2976 4331 2994 4365 ι
3033 4315 3321 4370 Dominum
3359 4332 3459 4370 no-

197 4400 404 4472 Κύριον
429 4389 588 4473 ἡμῶν
637 4403 844 4474 Ἰησοῦν
886 4404 978 4459 τὸν
1025 4404 1260 4475 Χριστὸν
1297 4403 1357 4471 ἐξ
1402 4403 1635 4474 οὐρανοῦ
1669 4421 1771 4458 καφ

1898 4411 2061 4458 ιιτυων
2081 4401 2273 4459 Jesum
2295 4402 2572 4459 Christum
2624 4402 2753 4459 olim
2800 4419 2832 4459 e
2875 4406 3032 4461 cmlis
3062 4407 3457 4462 descensurum

195 4493 426 4565 ταδῆναι
475 4496 1040 4568 προσδοκῶμενικατὰ
1071 4498 1317 4569 καιροὺς,
1350 4488 1396 4565 ᾧ
1430 4496 1528 4550 καὶ
1571 4495 1776 4561 πάντες

196 4587 664 4659 παραστησόμεθα
692 4589 928 4661 κρίνοντι
958 4590 1030 4645 τὰ
1060 4588 1302 4662 κρυπτὰ,
1330 4588 1426 4644 καὶ
1451 4586 1774 4661 φανεροῦντι

193 4676 295 4743 τὰς
327 4676 525 4748 βουλὰς
554 4679 663 4733 τῶν
693 4681 953 4752 καρδιῶν.
982 4684 1107 4736 Ὅτι
1132 4682 1314 4737 δὲκαὶ
1340 4668 1617 4736 ἐπαινέσει
1645 4680 1775 4745 τοὺς

193 4766 458 4835 δικαίους,
493 4770 1050 4841 πεπληροφορήμεθα.
1091 4772 1217 4834 Τοῖς
1241 4772 1349 4843 γὰρ
1388 4771 1675 4844 ἑστηκόσιν
1707 4758 1774 4824 ὲκ

193 4861 386 4926 δεξιῶν
432 4863 581 4933 ἐρεῖ·
633 4882 652 4914 ι
688 4862 971 4927 Moscho!
1009 4863 1362 4933 εὐλογημένοι
1411 4862 1506 4916 τοῦ
1555 4864 1770 4935 Πατρός

196 4968 325 5022 μου,
371 4950 817 5024 κληρονομήσατε
847 4952 951 5024 τὴν
994 4953 1405 5025 ἡτοιμασμένην
1451 4955 1583 5024 ὑμῖν
1614 4954 1771 5025 βασι-

191 5042 347 5095 λείαν
386 5042 496 5097 ἀπὸ
541 5043 847 5113 καταϐολῆς
891 5044 1117 5115 κόσμου.
1157 5063 1177 5097 ι
1213 5044 1343 5097 Ὅτε
1375 5043 1556 5097 τοίνυν
1599 5045 1773 5098 ἐπαι-

192 5133 415 5198 νοῦντος
456 5135 719 5208 Χριστοῦ,
770 5136 878 5191 τὸν·
908 5136 1127 5191 ἔπαινον
1178 5137 1397 5207 ἑκάστῳ
1443 5134 1781 5207 γενήσεσθαί

178 5242 331 5297 φησι
365 5227 519 5298 παρὰ
548 5226 642 5282 τοῦ
691 5227 849 5292 Θεοῦ,
881 5226 999 5293 πῶς
1042 5228 1104 5283 οὐ
1148 5227 1279 5293 Θεός
1310 5228 1459 5281 ἐστιν
1487 5226 1773 5299 ὲναργῶς;

1876 4504 2275 4564 exspectamus,
2326 4496 2413 4550 cui
2465 4496 2685 4552 occulta
2722 4495 3055 4566 iudicaturo,
3101 4499 3458 4568 cordiumqne

1877 4584 2100 4641 consilia
2125 4584 2461 4656 patefactum
2480 4589 2754 4643 sistentur
2777 4602 2989 4646 omnes.
3023 4589 3246 4655 Quod'is
3274 4598 3456 4642 autem

1870 4673 2047 4743 justus
2068 4676 2142 4731 sit
2164 4677 2671 4743 commendaturus,
2701 4678 3015 4740 edocemnr,
3044 4679 3277 4747 quodad
3311 4677 3455 4740 illos.

1875 4768 1969 4839 qui
2010 4782 2038 4822 a
2066 4769 2288 4824 dextera
2312 4769 2398 4822 illi
2431 4771 2714 4835 assistunt,
2751 4770 2828 4824 ita
2857 4770 3106 4824 dicturus
3139 4769 3211 4823 sit
3242 4786 3256 4823 :
3294 4788 3313 4821 ι
3353 4769 3455 4824 Ve-

1876 4860 2008 4929 nite,
2042 4860 2311 4915 benedicti
2343 4859 2525 4915 Patris
2548 4862 2674 4925 mei,
2706 4861 2981 4931 possidete
3022 4871 3268 4930 paratum
3301 4861 3455 4916 vobis

1876 4967 2102 5024 regnum
2154 4966 2185 5006 a
2251 4952 2656 5007 constitutione
2704 4954 2890 5009 mundi
2922 4953 2990 5006 ".
3026 4970 3046 5004 ι
3102 4952 3235 5007 Cum
3291 4953 3456 5025 igitur

1875 5044 2095 5100 Christo
2145 5036 3031 5114 laudante,,suam«unieuiQue'a
3081 5043 3191 5099 Deo
3239 5044 3452 5099 laudem

1877 5136 2241 5191 tributumviri
2293 5137 2497 5191 diserte
2537 5138 2813 5205 pradicet,
2856 5137 3129 5207 quomodo
3170 5137 3451 5192 Christum

1878 5224 2046 5281 Deum
2074 5227 2195 5281 e’ssc
2227 5241 2330 5280 non
2361 5226 2646 5281 manifeste
2668 5226 2957 5297 apparet!
3332 5236 3339 5237 ί

271 5338 314 5372 "
351 5340 367 5396 Ι
398 5339 525 5397 Cor.
556 5356 598 5409 ι,
636 5340 763 5396 6-8.
835 5338 921 5394 ¹⁵Ι
946 5339 1078 5398 Cor.
1125 5354 1208 5408 ιιι,
1253 5339 1342 5407 l0,
1380 5340 1472 5423 11.⁴
1545 5339 1589 5371 ¹⁹
1636 5336 1768 5393 ibid.

1898 5374 1906 5401 ,
1946 5335 2034 5391 l7.
2111 5335 2202 5389 "l
2237 5334 2365 5391 Cor.
2396 5351 2469 5400 tv,
2498 5335 2553 5404 5,
2582 5335 2635 5392 6.
2712 5337 2756 5368 ²¹
2786 5335 2976 5394 Matth.
3013 5353 3138 5404 xxv,
3171 5337 3262 5393 54.

1274 5464 1450 5524 Variae
1475 5467 1731 5528 lectiones
1761 5468 1963 5526 codicis
1989 5468 2349 5541 Seguieriani.

267 5536 317 5589 ι·
339 5539 489 5612 παρὰ
509 5537 690 5595 αὐτῶν
714 5538 916 5602 πίστις.

267 5630 345 5701 (l)
369 5629 595 5710 Phrasis
628 5631 963 5710 perturbata.
993 5645 1155 5699 quam
1188 5629 1419 5691 fortasse
1454 5632 1756 5701 sanaveris,
1783 5647 1787 5658 ε

1898 5647 1947 5692 ιιι
1978 5631 2071 5687 καὶ
2106 5632 2185 5696 είς
2211 5630 2370 5689 αὐτὸν
2405 5633 2586 5701 πίστις
2616 5635 2843 5709 posui}:
2871 5635 3062 5710 κόσμῳ
3092 5633 3437 5709 κηρύττεται.

194 5704 611 5774 transponcndo.
629 5700 639 5702 ’
654 5701 809 5758 Eutr.
843 5700 916 5757 l’A
927 5716 1085 5759 τιιοι..
