3912 6182
292 245 451 299 ΗΠ·

1381 244 1470 301 DE
1507 245 1737 302 RECT'A
1776 246 1932 302 FIDE
1971 247 2065 302 Al)
2107 244 2431 303 REGINAS.

3403 246 3536 302 l2'38

285 359 543 429 Χριστὸς,
579 351 642 414 οῦ
672 360 885 431 κεφαλὴ
910 360 1152 416 τέθειται
1199 361 1341 417 κατά
1374 362 1536 433 φύσιν
1561 364 1591 417 6
1624 364 1850 437 nam;

1959 336 2286 421 naturaliter
2335 379 2403 420 ex
2454 364 2573 434 ipso
2614 371 2719 419 est.
2770 363 3002 421 Verbum
3049 380 3283 437 namque
3321 379 3387 422 ex
3428 366 3536 423 Deo

285 451 516 524 Χριστὸν
545 450 601 505 δὲ
638 452 766 507 ὅταν
793 451 1028 523 λέγοιμι,
1080 455 1139 507 ἐν
1172 454 1714 528 ἀνθρωπείφμορφῇ
1755 472 1853 509 πε-

287 544 491 615 φηνότα
516 543 606 598 τὸν
634 543 769 599 Θεοῦ
797 544 967 614 Λόγον
998 545 1185 603 ἐννοῶ.

1962 464 2018 510 et
2053 455 2217 509 Patre
2261 451 2502 524 genitum
2548 461 2650 508 est.
2696 452 2814 508 Jam
2851 469 2956 525 qua
3014 456 3225 512 ratione
3265 454 3533 518 Christus,

1961 546 2117 617 cuius
2173 554 2338 616 caput
2382 545 2678 600 secundum
2731 554 2977 601 naturam
3019 548 3227 616 positus
3277 556 3363 603 est
3396 547 3535 602 Deus

291 634 475 699 Pater,
515 650 619 691 non
643 636 750 692 erit
783 637 961 694 Deus?
982 638 1118 694 Cum
1141 648 1322 696 autem
1359 640 1636 700 Christum
1663 639 1893 713 appello,
1934 638 2028 694 Dei
2061 638 2239 713 Patris
2285 637 2517 694 Verbum
2567 636 2836 708 intelligo,
2869 639 3010 710 quod
3040 639 3120 694 -in
3157 639 3391 699 humana
3432 656 3533 697 na-

303 738 418 781 tura
454 728 726 796 apparuit.

359 839 378 871 ι
420 819 513 873 Διὸ
540 819 794 892 γνωρίζω
825 821 975 893 ὑμῖν,
1003 824 1085 879 ὅτι
1108 823 1285 889 οὐδεὶς
1308 825 1371 880 ἐν
1413 824 1693 896 Πνεύματι
1715 824 1882 880 Θεοῦ

282 910 482 977 λαλῶν,
511 910 675 981 λέγει
705 912 959 983 ἀνάθεμα
992 915 1199 985 Ἰησοῦν
1222 931 1236 945 ⁶
1287 917 1382 971 καὶ
1412 917 1587 981 οὐδεὶς
1631 917 1857 973 δύναται

284 1004 475 1065 εἰπεῖν,
513 1002 716 1072 Κύριος
769 1003 996 1073 Ἰησοῦς,
1043 1008 1092 1061 εἰ
1144 1007 1218 1078 μὴ
1267 1008 1325 1062 ἐν
1376 990 1652 1081 Πνεύματι
1689 1010 1851 1080 ἀγίῳ.

281 1093 580 1164 Διαιρέσεις
606 1093 664 1146 δὲ
689 1094 1043 1164 χαρισμάτων
1069 1097 1199 1163 εἰσὶ,
1250 1098 1319 1151 τὸ·
1344 1098 1403 1151 δὲ
1436 1098 1570 1153 αὐτὸ
1590 1099 1814 1170 Πνεῦμα
1833 1116 1847 1129 ·

283 1184 376 1238 καὶ
409 1182 704 1254 διαιρέσεις
750 1183 1034 1240 διακονιῶν
1075 1187 1293 1252 ιὶσιν,..ό
1324 1187 1569 1252 δέοαύτὸς
1608 1189 1811 1260 Κύριος
1833 1204 1847 1218 ·

281 1274 374 1328 καὶ
422 1273 714 1345 διαιρέσεις
759 1275 1151 1347 ἐνεργημάτων
1178 1277 1340 1344 εἰσιν,
1370 1279 1400 1333 6
1443 1278 1500 1332 δέ
1529 1279 1693 1342 αὐτὸς
1719 1279 1850 1344 Θεὸς

278 1368 308 1419 6
331 1360 569 1438 ἐνεργῶν
608 1367 743 1419 ἐστι
763 1366 834 1422 τὰ
860 1368 1037 1422 πάντα
1072 1371 1131 1423 ἐν
1161 1372 1348 1427 πᾶσιν.
1391 1389 1413 1424 ι
1456 1370 1520 1424 Ei
1554 1372 1618 1425 τὸ
1647 1371 1868 1441 λέγειν,.

279 1460 361 1514 ὅτι
388 1458 489 1512 οὐκ
531 1458 836 1528 ἔστιεφύσει
872 1462 968 1515 καὶ
1007 1461 1394 1534 ἀληθείφθεδς
1422 1466 1451 1519 6
1476 1464 1732 1534 Χριστὸς,
1762 1464 1853 1519 οὐ·

277 1550 366 1605 διν
392 1550 577 1621 ἕτερόν
606 1550 777 1618 ἐστιν,
815 1551 849 1623 ἢ
889 1554 1064 1607 εἰπεῖν
1091 1553 1340 1625 ἀνάθεμα
1378 1555 1618 1626 Ἰησοῦν,
1658 1554 1708 1609 oi
1759 1556 1852 1608 ἐκο

281 1641 565 1701 ὅάλλοντες
588 1642 753 1697 αὑτὸν
777 1643 873 1696 τοῦ
898 1641 1039 1698 εἶναι
1066 1645 1207 1699 κατά
1230 1644 1492 1717 ἀλήθειαν
1528 1643 1865 1715 ἰησοῦν,ούιι

2037 823 2216 881 «ideo
2250 831 2434 885 notum
2467 824 2620 879 vobis
2658 808 2822 890 iacio,
2858 823 2999 893 quod
3044 836 3201 909 nemo
3231 822 3284 877 in
3330 821 3533 893 Spiritu

1958 917 2055 973 Dei
2099 916 2348 987 loquens,
2378 915 2509 971 dicit
2546 916 2834 970 anathema
2862 912 2989 969 Jesu
3019 930 3033 967 :
3065 921 3120 967 et
3168 930 3328 969 nemo
3357 925 3530 984 potest

1921 1048 1925 1052 -
1956 1009 2167 1072 dicere,
2201 1006 2465 1063 Deminus
2491 1005 2676 1070 Iesus,
2713 1007 2819 1061 nisi
2863 1005 2916 1060 in
2957 1004 3165 1075 Spiritu
3194 1015 3403 1060 sancto.
3442 1006 3534 1061 Di-

1956 1098 2199 1155 visiones
2249 1112 2378 1153 vero
2426 1097 2726 1167 gratiarum
2759 1104 2909 1163 sunt,
2956 1095 3099 1152 idem
3143 1106 3326 1151 autem
3360 1097 3532 1168 Spiri-

1958 1199 2043 1246 tus
2073 1206 2088 1243 :
2115 1197 2169 1244 et
2215 1188 2514 1243 divisiones
2556 1187 3015 1253 ministrationum
3056 1196 3204 1252 sunt,
3257 1188 3395 1243 idem
3433 1204 3535 1241 au-

1956 1289 2063 1335 tetn
2124 1277 2429 1332 Dominus:
2473 1286 2528 1331 et
2586 1277 2884 1334 divisiones
2946 1279 3323 1348 operationnm
3377 1291 3528 1337 sunt.

1956 1358 2119 1425 idem.
2150 1384 2281 1424 vero
2330 1369 2496 1436 Deus,
2560 1368 2655 1439 'qui
2699 1379 2963 1437 operatur
3008 1370 3191 1425 omnia
3244 1371 3294 1424 in
3349 1371 3529 1423 omni-

1961 1459 2063 1514 bus
2089 1459 2157 1514 ”.
2188 1478 2207 1513 ι
2247 1458 2393 1515 Sane
2432 1459 2478 1514 si
2528 1458 2667 1514 nihil
2714 1458 2858 1514 aliud
2907 1468 2991 1515 est
3037 1460 3218 1516 dicere
3255 1460 3528 1519 Christum

1954 1565 2062 1605 non
2105 1564 2227 1604 esse
2269 1565 2456 1603 verum
2488 1558 2543 1605 et
2581 1549 2886 1605 naturalem
2926 1550 3115 1614 Deum,
3148 1566 3310 1621 quam
3348 1551 3530 1605 dicere

1951 1644 2237 1695 anathema
2268 1637 2454 1694 .lesum
2484 1678 2513 1705 ,.
2534 1639 2628 1708 qui
2666 1638 2818 1693 illum
2869 1638 3043 1710 reipsa
3073 1638 3257 1696 Jesum
3298 1655 3418 1696 esse
3449 1641 3530 1696 in-

278 1730 338 1783 ἐν
375 1729 517 1800 ἁγίῳ
553 1729 834 1801 Πνεύματι
870 1732 1031 1786 τοῦτο
1072 1732 1306 1788 ποιοῦσι·
1366 1736 1459 1789 καὶ
1496 1736 1547 1788 sl
1598 1733 1697 1799 τὰς
1741 1733 1850 1789 τῶν

1959 1727 2230 1791 ﬁciantur,
2279 1727 2355 1783 illi
2389 1727 2576 1797 utique
2620 1729 2672 1783 itt
2716 1728 2920 1798 Spiritu
2950 1739 3142 1786 sancto
3174 1730 3315 1786 istud
3357 1732 3531 1785 neuti-

280 1821 633 1891 χαρισμάτων
662 1821 957 1893 διαιρέσεις
982 1823 1114 1878 ποτὲ
1143 1822 1243 1894 μὲν
1272 1824 1515 1895 ἐνεργεῖν
1552 1823 1854 1896 τδΠνεῦμά

280 1927 432 1980 φησι,
461 1911 591 1964 ποτὲ
627 1910 807 1965 eam
847 1910 1010 1965 αὑτὸν
1040 1913 1266 1985 Κύριον,
1294 1915 1427 1969 ποτέ
1463 1914 1522 1969 δέ
1564 1914 1656 1969 τὸν
1687 1913 1852 1973 αὐτὸν

278 1998 442 2063 Θεὸν,
491 1995 632 2053 o't6sv
670 1999 778 2070 ἄρα
825 2000 958 2053 Θεὸν
993 2001 1123 2055 ὄντα
1169 2003 1426 2073 Χριστὸν,
1473 2003 1673 2069 τὸν-ὡς
1718 2004 1859 2061 Θεὸν.

276 2088 602 2162 ἐνεργοῦντα
628 2090 719 2144 διὰ
745 2089 839 2144 τοῦ
879 2092 1217 2163 Πνεύματος,
1245 2095 1343 2148 καὶ
1370 2095 1446 2160 ὡς
1476 2095 1683 2165 Κύριον
1709 2095 1867 2150 κατάι

280 2178 439 2251 φύσιν
473 2180 799 2252 διανέμοντα
840 2185 958 2254 μετ’
993 2184 1262 2250 ἐξουσίας,
1301 2187 1491 2257 ὥσπερ
1536 2186 1603 2241 ἂν
1653 2188 1849 2254 ἕλοιτο,

275 2270 373 2333 τὰς
414 2270 620 2325 ἄνωθεν
647 2271 874 2344 δωρεάς.
913 2274 1306 2345 Μνημονεῦσαι
1345 2276 1402 2330 δὲ
1435 2277 1535 2343 δεῖ,
1568 2278 1652 2332 ὅτι
1698 2279 1791 2332 καὶ
1821 2280 1851 2333 6

276 2360 488 2425 Παῦλος
527 2360 633 2433 ἔφη
668 2364 797 2435 περὶ
827 2364 1084 2435 Χριστοῦ,
1129 2366 1206 2432 ὡς
1251 2370 1647 2442 ἐνεργήσαντος
1680 2371 1873 2426 αὐτοῦς

275 2452 334 2509 ἐν
359 2452 585 2525 δυνάμει
619 2455 936 2526 Πνεύματος
967 2457 1171 2527 ἁγίουι·

349 2707 387 2739 ιι
411 2689 522 2742 Καὶ
557 2689 651 2753 οὖς
678 2691 775 2762 μὲν
804 2691 956 2747 ἔθετο
984 2696 1011 2748 6
1035 2693 1166 2761 Θεὸς
1192 2698 1251 2750 ἐν
1276 2701 1359 2772 τῇ,
1379 2700 1858 2777 Ἐκκλησίᾳεπρῶο-

274 2796 364 2833 τον
397 2782 745 2847 ἀποστόλους,
772 2783 1022 2858 δεύτερον
1053 2792 1356 2862 προφήτας,
1384 2794 1565 2865 τρίτον
1592 2796 1846 2853 διδασκά-

275 2869 417 2958 λους,
442 2871 629 2926 ἔπειτα
649 2873 928 2945 δυνάμεις,
953 2874 1069 2932 εἶτα
1100 2879 1148 2918 ¹ι⁶
1173 2881 1488 2955 χαρίσματα
1524 2886 1790 2958 ἰαμάτων.
1818 2910 1837 2944 ι
1862 2932 1867 2937 η

275 2957 406 3012 Θεοῦ
446 2960 738 3033 λεγομένου
780 2965 953 3021 ταῦτα
1000 2969 1319 3041 κατορθοῦν,
1351 2957 1593 3045 Χριστὸς
1631 2980 1660 3032 6
1691 2981 1843 3051 ἐνερ-

1926 1832 2115 1888 quam
2167 1816 2397 1873 faciunt.
2461 1817 2699 1873 ltursum
2773 1819 2817 1874 si
2880 1821 3178 1888 gratiarum
3233 1820 3528 1876 divisiones

1952 1907 2228 1978 interdum
2291 1909 2581 1978 Spiritum,
2642 1924 3027 1978 nonnunquam
3084 1925 3211 1965 vero
3272 1911 3520 1966 eumdem

1957 1988 2619 2068 Dom‘inu‘m,._aliquando
2639 2007 2822 2054 autem
2849 1999 3096 2054 eumdem
3123 1999 3286 2053 Deum
3314 1998 3525 2068 operari

1924 2140 1929 2150 .
1949 2091 2263 2162 proﬁtetur,
2297 2091 2576 2147 Christum
2612 2105 2747 2161 ergo
2792 2091 2958 2146 Deum
3004 2107 3124 2147 esse
3153 2106 3258 2146 nou
3293 2092 3525 2161 ignorat,

1949 2181 2043 2252 qui
2076 2196 2177 2254 per
2202 2180 2469 2252 Spiritum
2493 2190 2751 2251 operetur
2780 2191 2841 2236 ut
2869 2182 3032 2248 Deus,
3061 2183 3262 2254 quique
3286 2174 3525 2239 cmicsiia

1924 2271 2134 2335 dona,
2185 2269 2605 2341 quibuscuuque
2654 2279 2707 2327 ot
2750 2274 3237 2341 quomodocunque
3275 2273 3521 2355 voluerit,

1950 2370 2211 2430 tanquam
2252 2371 2449 2414 natura
2499 2359 2762 2415 Dominus
2804 2376 2910 2415 non
2960 2360 3166 2430 absque
3202 2362 3527 2418 auctoritate
3640 2416 3648 2423 _

1928 2449 2263 2515 distribuat.
2291 2449 2445 2517 Quod
2468 2458 2645 2504 autem
2680 2449 2932 2505 Christus
2976 2449 3030 2504 in
3058 2451 3262 2517 virtute
3294 2450 3525 2521 Spiritus

1948 2543 2128 2608 sancti
2159 2550 2441 2612 operetur,
2478 2541 2528 2595 id
2570 2539 2765 2596 Paulus
2804 2542 2870 2596 de
2904 2555 2968 2596 eo
2995 2541 3221 2612 loquens
3262 2541 3521 2621 ejusmodi

1946 2632 2193 2689 oratione
2224 2631 2476 2701 deinceps
2508 2630 2762 2701 explanat
2798 2647 2813 2684 :
2880 2656 2889 2661 ο

2024 2743 2043 2776 ι
2075 2722 2371 2792 Quosdam,
2403 2723 2597 2793 inquit,
2625 2724 2805 2793 posuit
2828 2726 2969 2781 Deus
3011 2726 3065 2779 in
3112 2724 3377 2790 Ecclesia,
3413 2723 3522 2793 pri-

1950 2824 2093 2861 mum
2140 2810 2436 2892 apostolos,
2484 2808 2721 2863 secundo
2758 2810 3072 2879 prophetas,
3133 2811 3294 2864 tertio
3334 2809 3519 2864 dento-

1949 2913 2058 2963 res,
2081 2898 2272 2953 deinde
2298 2897 2522 2954 virtutes
2552 2938 2568 2965 ,
2597 2900 2791 2965 exinde
2821 2900 3023 2969 gratias
3049 2901 3388 2953 curationum
3406 2898 3471 2953 ”.
3498 2916 3517 2950 ι

1946 2985 2081 3043 Cum
2141 2987 2283 3043 Deus
2359 2986 2550 3043 isthmc
2610 2988 2825 3056 edicere
2908 2990 3300 3058 perhibeatur,
3365 2987 3524 3045 Citri-

274 3052 446 3123 γήσας
492 3057 671 3111 ἐστίν’
708 3056 860 3112 ἔθετο
905 3060 1014 3133 γὰρ
1039 3062 1161 3127 τοὺς
1203 3065 1537 3131 ἀποστόλους
1583 3069 1743 3135 αὐτὸς
1786 3072 1846 3125 ἐν

1951 3088 2064 3134 stus
2091 3086 2177 3134 est
2208 3078 2296 3148 qui
2345 3089 2603 3149 operatur
2636 3096 2650 3133 :
2705 3052 3141 3152 quandoquidem
3193 3081 3239 3135 is
3283 3052 3391 3145 est,
3428 3081 3518 3150 qui

271 3148 338 3217 τῇ
379 3147 697 3221 Ἐκκλησία.
726 3150 823 3204 καὶ
865 3152 1045 3223 μέντοι
1084 3157 1178 3207 καὶ
1206 3154 1583 3225 διδασκάλους,
1621 3161 1845 3234 ἐνεργῆ.

277 3254 364 3291 σοιι
392 3239 484 3292 καὶ
517 3239 808 3311 δυνάμειςο
838 3242 1035 3306 δέδωκε
1069 3245 1175 3319 γὰρ
1219 3246 1470 3314 ἐξουσίαν
1513 3254 1626 3317 τοῖς
1669 3254 1844 3322 ἀγίοις

277 3330 565 3402 μαθηταῖς,
613 3332 936 3404 θεραπεύειν
968 3338 1149 3393 πᾶσαν
1183 3338 1339 3395 νόσον
1379 3342 1474 3397 καὶ
1512 3346 1696 3401 πᾶσαν
1737 3365 1843 3419 μα-

272 3419 466 3477 λακίαν
497 3425 556 3479 ἐν
579 3424 656 3496 τῷ
687 3425 823 3497 λαῷ.

1951 3168 2227 3238 apostolos
2257 3167 2310 3223 in
2344 3167 2589 3224 Ecclesia
2623 3169 2928 3236 collocavit,
2956 3175 3155 3241 quique
3187 3172 3437 3227 doctores
3467 3171 3519 3224 in

1944 3259 2132 3316 eadem
2173 3259 2457 3325 instituit,
2484 3260 2682 3330 quibus
2712 3275 2947 3332 quoque,
2973 3273 3040 3317 ut
3068 3262 3295 3318 virtutes
3329 3277 3520 3333 opera-

1945 3359 2167 3429 rentur,_
2186 3351 2296 3405 vim
2338 3351 2845 3419 impertivit:dedit
2879 3367 3111 3422 namque
3139 3353 3343 3408 sanctis
3385 3366 3517 3420 apo-

1944 3439 2100 3497 smlis
2143 3448 2509 3510 potestatem,
2562 3450 2621 3496 ut
2670 3456 2831 3497 omne
2881 3442 3193 3498 morborum
3242 3442 3519 3512 aegritudi-

1831 3556 1835 3579 ι
1946 3546 2185 3601 numque
2211 3545 2383 3604 genus
2410 3532 2464 3587 in
2507 3532 2715 3604 populo
2735 3533 3107 3602 grassantium.
3134 3541 3411 3587 curarent.

349 3617 368 3651 ι
426 3597 484 3653 '0
526 3599 818 3673 ἀσπασμὸς
852 3605 921 3675 τῇ
950 3602 1056 3676 ἐμῇ
1106 3605 1251 3677 χειρὶ
1292 3606 1528 3665 Παύλου.
1574 3611 1746 3678 Eiet;
1779 3616 1843 3670 οὐ

269 3689 417 3760 φιλεῖ
447 3692 538 3745 τὸν
577 3691 796 3764 Κύριον,
833 3695 948 3767 ἤτω
988 3696 1256 3770 ἀνάθεμα,
1291 3703 1601 3774 μαραναθᾶ.
1638 3724 1659 3759 ι
1698 3709 1845 3780 ’Λρα

267 3781 393 3835 τίνα
426 3784 559 3853 φησὶ
596 3781 810 3857 Ktiptov'
829 3790 887 3843 ἐν
912 3787 1162 3859 τούτοις;
1192 3793 1396 3865 Κύριος
1432 3795 1533 3866 μὲν
1562 3798 1671 3871 γὰρ
1711 3802 1844 3872 όμο-

265 3872 632 3945 λογουμένως,
684 3879 777 3932 καὶ
831 3880 994 3945 αὐτὸς
1050 3880 1215 3948 Υἱός·
1276 3885 1501 3961 ὁμοίως,
1531 3888 1587 3943 δὲ
1639 3891 1733 3944 καὶ
1782 3890 1845 3945 τὸ

266 3966 496 4038 Πνεῦμα
515 3984 528 3997 ·
565 3988 583 4021 ι
626 3968 682 4024 '0
703 3970 811 4043 γὰρ
836 3971 1060 4042 Κύριος,
1094 3976 1250 4049 φησὶ,
1273 3978 1339 4032 τὸ
1354 3978 1580 4052 Πννεῦμά
1611 3981 1779 4037 ἐστιν.
1818 4001 1841 4035 ι

278 4058 340 4113 ’0
382 4057 440 4111 δέ
490 4077 553 4129 γε
595 4059 686 4115 τοῦ
741 4065 1012 4136 μακαρίου
1047 4066 1512 4136 Παύλουσκοπδς.
1538 4074 1596 4127 ἐν
1631 4072 1844 4139 τόύτοις

267 4152 351 4215 εις
374 4151 537 4206 αὑτὸν
562 4156 892 4211 συνετείνετο
919 4157 1049 4213 ιτὸν
1085 4160 1313 4233 Ἰησοῦν.
1347 4183 1367 4216 ι
1404 4161 1498 4229 Εἷς
1521 4164 1652 4238 γὰρ,
1681 4168 1840 4238 φησι,

264 4239 494 4312 Κύριος,
525 4241 729 4315 Ἰησοῦς
755 4247 1011 4320 Χριστός.
1051 4269 1069 4302 ι
1119 4252 1529 4323 Ἀναθεματίζει
1548 4257 1730 4311 τοίνυν
1751 4257 1841 4313 τὸν

268 4331 350 4401 μὴ
378 4331 635 4401 φιλοῦντα
659 4335 843 4391 αὐτόν.
872 4338 947 4392 Οὐ
980 4339 1123 4409 φιλεί
1146 4340 1203 4394 δέ
1225 4341 1409 4407 αὐτὸν,
1437 4345 1466 4396 6
1486 4346 1625 4416 μήτε
1656 4344 1835 4415 φύσει,

2020 3641 2041 3676 ι
2070 3623 2342 3683 Salutatio
2377 3640 2722 3695 meamanus
2746 3625 2948 3691 Pauli:
2972 3626 3036 3683 Si
3076 3625 3201 3705 quis
3230 3640 3334 3680 non
3373 3635 3517 3679 amat

1944 3714 2229 3771 Dominum
2257 3757 2274 3783 ,
2310 3717 2382 3772 sit
2421 3720 2732 3784 anathema,
2763 3719 3086 3772 maranatlta
3110 3717 3199 3771 '°.‘-‘
3223 3735 3241 3767 ι
3277 3715 3513 3787 Ecquam

1945 3807 2193 3873 obsecro,
2272 3808 2557 3867 Dominum
2610 3810 2714 3865 hoc
2767 3809 2884 3865 loco
2938 3810 3129 3865 vocat?
3171 3810 3220 3862 in
3268 3806 3518 3863 confesso

1946 3906 2031 3952 est
2062 3897 2230 3975 enim,
2264 3906 2377 3951 tam
2406 3898 2593 3975 ipsum
2624 3884 2843 3962 Filium,
2877 3912 3040 3967 quam
3084 3895 3347 3965 Spiritum
3378 3910 3521 3965 quo-

1948 4002 2052 4057 que
2102 3974 2346 4044 sanctum
2380 3974 2666 4047 Dominum
2690 3992 2894 4057 vocari,
2914 4000 2979 4049 et
3023 3990 3312 4047 Dominum
3341 4006 3465 4046 esse
3497 4009 3511 4043 :

1947 4082 2207 4152 scriptum
2258 4092 2342 4137 est
2397 4082 2587 4153 enim;
2647 4103 2667 4139 ι
2717 4082 2956 4153 Spiritus
2999 4084 3371 4140 Dominusest
3391 4084 3456 4139 υ.
3491 4102 3509 4134 ι

1947 4171 2095 4230 Sane
2119 4173 2262 4228 beati
2299 4172 2449 4229 Pauli
2490 4189 2641 4230 mens
2670 4176 2720 4231 in
2751 4174 2929 4246 ipsum
2970 4175 3155 4232 Jesum
3187 4176 3287 4232 hie.
3302 4175 3511 4240 fertur;

1945 4265 2023 4321 ait
2041 4279 2275 4335 namque
2302 4283 2318 4322 :
2355 4284 2373 4319 ι
2396 4265 3095 4335 UnusestDominus,.lesus
3122 4270 3450 4329 Christus".
3492 4290 3510 4322 ι

1946 4356 2128 4426 Itaque
2160 4358 2501 4413 anathemate
2535 4360 2767 4427 percutit
2805 4376 3021 4417 omnem
3081 4362 3300 4418 omnino
3339 4363 3517 4419 hemi-

270 4422 413 4520 μήτε
454 4424 684 4500 ἀληθείᾳ
729 4427 904 4499 λέγων
930 4430 1059 4485 Υἱὸν
1095 4425 1237 4487 εἶναι
1269 4433 1363 4488 τοῦ
1407 4434 1566 4501 Θεοῦ,
1601 4437 1737 4491 ἀλλὰ
1766 4437 1843 4503 ὡς

1951 4422 2095 4509 nem,
2147 4442 2238 4513 qui
2265 4442 2375 4516 65
2404 4422 2553 4501 illum
2584 4462 2689 4503 non
2721 4434 2916 4520 diligit.
2943 4447 2993 4505 Is
3027 4460 3207 4506 autem
3237 4452 3512 4514 Christum
3538 4486 3545 4497 ι

266 4514 331 4570 ἐν
376 4514 604 4591 δευτέρᾳ
638 4519 790 4585 τάξει
839 4519 1008 4587 τιθεὶς
1041 4522 1195 4594 παρά
1236 4523 1330 4578 τὸν
1370 4525 1436 4580 ἐκ
1470 4524 1606 4581 Θεοῦ
1642 4529 1836 4598 Λόγον,

266 4605 452 4659 καὶτὸ
483 4609 582 4678 τῆς
608 4611 920 4683 οἰκονομίας
950 4613 1477 4689 ἀδικῶνμυστήριον
1508 4617 1595 4673 διά
1631 4620 1725 4674 τοῦ
1745 4619 1837 4675 τέ-

265 4711 424 4765 μνειν
462 4699 542 4761 είς
572 4698 666 4752 δύο
690 4700 782 4753 τὸν
807 4700 905 4755 ἕνα
944 4703 1151 4775 Κύριον
1188 4707 1283 4759 καὶ
1323 4707 1556 4779 Ἰησοῦν.

1947 4547 2053 4587 non
2088 4533 2282 4604 diligit,
2330 4536 2423 4604 qui
2460 4551 2633 4607 neque
2689 4547 2880 4594 natura
2924 4554 3101 4608 neque
3144 4542 3375 4597 veritate
3420 4538 3514 4594 Dei

1944 4621 2139 4678 Filium
2188 4639 2311 4681 esse
2348 4629 2623 4696 agnoscit,
2659 4632 2751 4687 sed
2780 4646 2809 4685 a
2844 4630 2937 4687 Dei
2969 4631 3144 4687 Verbo
3173 4631 3422 4702 sejungit,
3450 4647 3517 4687 ac

1944 4712 2107 4768 veluti
2164 4713 2218 4768 in
2278 4714 2574 4771 secundum
2678 4719 2924 4774 ordinem
2979 4717 3179 4786 rejicit,
3238 4730 3401 4795 atque
3438 4719 3512 4773 ita

262 4789 407 4883 dum
486 4805 652 4844 unum
704 4790 989 4846 Dominum
1050 4793 1232 4851 Jesum
1293 4798 1570 4857 Christum
1614 4804 1710 4863 ,in
1774 4790 1921 4862 duos
1975 4803 2654 4876 dividit,.dispeusationis
2704 4809 3025 4883 mysterium
3086 4789 3263 4865 atroci
3317 4809 3540 4880 injuria.

257 4878 459 4935 aﬂicit.

606 4998 707 5055 Ἐκ
735 4999 847 5072 τῆς
883 5003 1033 5069 πρὸς
1062 5003 1410 5070 Κορινθίους
1439 5006 1521 5069 ,Br.

346 5108 365 5141 ι
404 5091 494 5162 Τῷ
514 5090 571 5145 δέ
588 5090 706 5163 Θεῷ
731 5093 912 5164 χάρις,
941 5093 1168 5147 πάντοτε
1186 5091 1261 5164 τῷ
1285 5094 1668 5165 θριαμβεύοντι
1691 5102 1839 5171 ἡμᾶς

262 5182 327 5233 ἐν
351 5179 427 5252 τῷ
475 5180 716 5253 Χριστῷ,
751 5183 844 5237 καὶ
888 5182 987 5255 τὴν
1035 5182 1210 5255 ὀσμὴν
1249 5186 1347 5257 τῆς
1385 5184 1637 5253 γνώσεως
1673 5191 1837 5245 αὑτοῦ

2297 5010 2383 5067 Ex
2415 5015 2694 5082 posteriori
2727 5017 2795 5068 od
2840 5013 3164 5070 Corinthios.

2024 5102 2185 5179 ιιι)εο
2223 5113 2403 5159 autem
2433 5105 2653 5174 gratias.
2688 5108 2783 5175 qui
2828 5120 3042 5177 semper
3069 5108 3364 5175 triumphat
3415 5124 3529 5165 nos

1946 5192 1999 5248 in
2034 5194 2250 5251 Christo
2281 5194 2431 5264 δέου,
2462 5206 2517 5252 et
2557 5198 2778 5253 odorem
2804 5196 3028 5252 notitia:
3058 5214 3177 5254 suae.
3205 5199 3514 5263 manifestat

326 5332 390 5369 ’⁸³
417 5331 440 5389 l
465 5332 591 5391 Cor.
627 5351 726 5404 ιιι,
758 5337 875 5394 5-6.
952 5337 1001 5370 ’θ
1032 5336 1049 5392 l
1077 5335 1205 5393 Cor.
1233 5353 1329 5405 xtl,
1360 5338 1450 5434 ἓξ.
1472 5417 1489 5441 .
1528 5341 1573 5373 ³ο
1609 5342 1631 5396 ῐ
1669 5342 1797 5399 Cor.
1828 5360 1850 5398 ιι

1970 5343 2061 5402 21.
2139 5346 2183 5379 ⁸⁸
2212 5345 2373 5403 Joan.
2404 5365 2479 5415 tv,
2517 5350 2606 5406 9.1.
2685 5351 2731 5384 ³³
2762 5351 2778 5407 l
2807 5350 2933 5421 Cor.
2966 5367 3081 5422 vnt,
3121 5354 3174 5411 6.

1344 5501 1519 5559 Variae
1546 5501 1804 5562 lectiones
1841 5504 2040 5563 codicis
2070 5506 2420 5579 Seguicriaui.

351 5626 399 5667 ι’
425 5626 634 5684 ἔπειτα.
717 5626 737 5669 1
772 5628 1123 5685 συντείνεται.
