3910 6200
420 280 558 336 1259
1484 288 1540 344 S.
1581 287 1855 344 CYRILLI
1893 286 1978 342 AL

2085 284 2363 340 ANDRINI
2401 283 2719 339 ARCHIEP.
3205 299 3234 310 '
3535 285 3682 341 σξιο

419 415 516 467 per
563 415 660 454 nos
703 401 754 454 in
802 400 947 456 omni
997 400 1116 457 loco
1151 404 1328 473 :quia
1383 405 1584 460 Christi
1634 407 1805 460 bonus
1855 404 1978 459 odor

2092 399 2416 473 φανεροῦντι
2456 399 2524 454 δι’
2557 399 2714 470 ἡμῶν
2756 397 2815 454 ὲν
2851 399 3015 454 παντὶ
3063 396 3248 468 τόπῳο
3273 399 3377 463 ,ὅτι
3431 399 3681 470 Χριστοῦ

419 505 606 543 smnus
654 491 762 544 Deo
809 493 863 546 in
921 492 985 547 iis
1037 493 1126 562 qui
1178 495 1310 548 salvi
1365 495 1520 563 lium,
1572 505 1626 550 et
1675 497 1728 550 in
1785 497 1852 550 iis
1895 495 1978 565 qui

2088 494 2284 547 εὐωδία
2303 493 2472 562 ἐσμὲν
2500 491 2577 562 τῷ
2605 491 2723 562 Θεῷ
2745 493 2802 544 ὲν
2826 494 2936 555 τοῖς
2960 491 3308 562 σωζομένοις,
3331 493 3428 546 καὶ
3467 495 3528 546 έν
3559 497 3679 558 τοῖς

423 592 650 646 pereunt
673 583 739 640 ³³.
771 602 792 635 ι
838 585 993 651 Quod
1025 586 1069 640 si
1099 585 1351 641 Christus
1385 587 1632 642 Paternum
1665 587 1978 656 cognitionis

2086 583 2502 654 ἀπολλυμένοις.
2548 603 2566 634 ι
2610 580 2745 636 Εἶτα
2779 583 2896 646 πῶς
2929 583 2990 634 οὐ
3014 581 3146 646 Θεὸς
3173 584 3201 635 6
3231 583 3490 653 Χριστὸς,
3511 586 3679 655 εἰπερ

423 673 592 728 bonus
642 675 778 728 odor
817 685 938 740 est,
990 676 1259 746 quomodo
1309 675 1452 731 Deus
1506 692 1611 732 non
1668 677 1788 732 est?
1834 675 1978 733 Haud

2089 677 2236 729 ἐστὶν
2271 672 2433 736 αὐτὸς
2459 674 2605 744 ὀσμὴ
2629 673 2732 743 τῆς
2759 673 3016 741 γνώσεως
3049 672 3140 725 τοῦ
3174 673 3423 742 Πατρός;
3455 675 3536 727 Οὐ
3565 676 3677 747 γὰρ

421 778 652 832 namque
687 763 738 818 in
771 765 1007 817 humana
1041 773 1231 819 natura
1265 765 1459 820 divina:
1503 775 1708 820 natura:
1741 767 1958 836 fragran

2088 766 2145 819 ἐν
2193 782 2258 834 γε
2303 766 2368 834 τῇ
2409 764 2699 835 ἀνθρώπου
2758 763 2918 832 φύσει
2964 765 3064 833 τὴν
3101 763 3202 833 τῆς
3251 763 3399 827 θείας
3449 764 3676 833 φύσεως

422 854 552 906 tiam
571 855 915 925 compererit
944 854 1210 924 quispiam
1244 873 1259 910 :
1292 857 1386 910 sed
1418 857 1866 924 quemadmodum
1897 857 1978 912 bu«

2087 857 2312 912 εὐωδίαν
2357 855 2630 926 άναμὰθοι
2667 872 2752 919 τις
2799 855 2902 909 ἄν·
2938 853 3053 908 ἀλλ’
3103 855 3288 927 ὥσπερ
3338 857 3371 926 ή
3414 857 3519 925 τῆς
3581 858 3676 909 ἁν-

421 943 702 999 manitatis
732 946 868 1001 odor
907 948 1065 1015 plane
1092 945 1388 1012 hominem,
1424 947 1496 1001 ita
1537 945 1831 1002 divinitatis
1858 948 1978 1003 odor

2091 949 2443 1019 θρωπότητος
2493 946 2638 1018 ὀσμὴ
2674 945 2928 1017 σημαίνει
2966 963 3071 998 που
3107 946 3322 1009 πάντως
3353 946 3669 1017 ἄνθρωπον,

421 1035 593 1089 Deum
637 1037 860 1092 indicat.
892 1039 1010 1094 Jam
1051 1039 1096 1094 si
1137 1037 1391 1093 Christus
1426 1039 1597 1093 bonus
1631 1038 1811 1093 Patris
1853 1041 1978 1096 σόοι

2087 1038 2231 1092 οὕτω
2268 1040 2362 1092 καὶ
2385 1039 2419 1108 ή
2458 1037 2560 1105 τῆς
2593 1036 2868 1106 θεότητος,
2905 1035 3059 1089 Θεόν.
3091 1036 3156 1088 Ei
3194 1035 3251 1088 δὲ
3293 1036 3537 1106 Χριστὸς
3580 1038 3671 1091 εὓ-

418 1124 747 1193 appellatur,
779 1142 1012 1196 vereque
1059 1138 1164 1193 est,
1217 1127 1488 1196 quomodo
1535 1127 1677 1183 Deus
1733 1144 1838 1183 non
1883 1139 1986 1194 est,

418 1219 630 1273 etiamsi
665 1219 792 1275 illud
838 1220 1014 1290 ipsum
1073 1221 1178 1274 Dei
1222 1221 1403 1276 Patris
1435 1219 1665 1277 Verbum
1708 1222 1987 1292 dispensa-

421 1310 567 1362 tione
596 1309 758 1364 homo
791 1309 993 1365 factum
1026 1312 1154 1366 est?

493 1416 514 1450 ι
547 1398 788 1468 Epistola
837 1411 1020 1456 nostra
1058 1417 1152 1456 vos
1200 1405 1354 1468 estis,
1386 1403 1585 1473 scripta
1637 1403 1690 1458 in
1734 1403 1987 1460 cordibus

310 1566 316 1580 '
419 1493 647 1557 nostris,
683 1509 802 1563 quae
846 1495 1018 1549 scitur
1056 1505 1108 1549 et
1144 1495 1338 1564 legitur
1365 1497 1433 1551 ab
1473 1496 1724 1552 omnibus
1753 1497 1990 1552 hornini-

417 1586 556 1637 bus:
584 1583 907 1638 manifestati
954 1584 1095 1654 quod
1146 1586 1371 1658 epistola
1402 1586 1532 1641 estis
1566 1587 1794 1652 Christi,
1829 1587 1988 1641 mini-

417 1682 586 1726 strata
629 1689 656 1726 a
690 1673 866 1739 nobis,
899 1684 954 1729 et
984 1675 1185 1744 scripta
1239 1692 1344 1730 non
1375 1683 1703 1741 atramento,
1738 1678 1832 1732 sed
1865 1677 1987 1746 Spi-

2089 1127 2223 1180 ωδία
2265 1127 2361 1180 τοῦ
2399 1127 2610 1196 Πατρδς
2652 1122 2792 1180 εἶναι
2826 1126 3075 1194 λέγεται,
3110 1126 3206 1179 καὶ
3233 1125 3378 1178 ἐστιν
3407 1126 3634 1196 ἀληθῶς
3654 1166 3670 1188 ,

2087 1217 2204 1280 πῶς
2229 1207 2447 1280 ου’Θεός
2473 1219 2590 1269 ὲστι
2623 1216 2880 1287 Χριστὸς,
2916 1216 3022 1270 κᾶν
3050 1217 3098 1268 εί
3125 1218 3346 1284 γέγονεν
3375 1215 3672 1288 ἄνθρωπος

2086 1308 2442 1378 οἰκονομικῶς
2466 1308 2494 1360 ὁ
2529 1311 2593 1362 ὲκ
2623 1307 2761 1361 Θεοῦ
2801 1307 3014 1379 Πατρὸς
3044 1308 3248 1376 Λόγος;

2163 1417 2182 1451 ‹
2236 1400 2302 1452 Ἦ
2331 1398 2585 1469 ἐπιστολὴ
2605 1398 2762 1470 ἡμῶν
2787 1398 2948 1469 ὑμεῖς
2971 1401 3114 1462 ἐστε,
3147 1399 3584 1470 έγγεγραμμένη
3611 1402 3673 1453 ἐν

2085 1492 2204 1554 ταῖς
2235 1489 2483 1560 καρδίαις
2511 1489 2690 1560 ἡμῶν,
2739 1490 3116 1562 γινωσκομένη
3161 1491 3255 1544 καὶ
3291 1492 3672 1560 ἀναγινωσκο-

2090 1577 2226 1651 μένη
2286 1579 2392 1633 ὑπὸ
2445 1580 2668 1634 πάντων
2736 1580 3074 1651 ἀνθρώπων·
3134 1581 3534 1652 φανερούμενοι
3585 1586 3671 1638 ὅτι

2087 1673 2210 1725 ἐστὲ
2241 1672 2496 1743 ἐπιστολὴ
2529 1673 2790 1745 Χριστοῦ,
2829 1673 3209 1744 διακονηθεῖσα
3236 1674 3326 1742 ὑφ’
3357 1675 3546 1744 ήμῶν,
3575 1678 3672 1745 ἑγ-

418 1765 522 1818 ritu
570 1765 700 1831 Dei,
747 1781 852 1821 non
897 1766 949 1820 in
1003 1766 1197 1820 tabulis
1249 1765 1494 1835 lapideis,
1543 1769 1640 1822 sed
1688 1769 1739 1823 in
1793 1769 1978 1824 tabulis

2085 1761 2448 1832 γεγραμμένη
2471 1763 2531 1815 οὐ
2562 1763 2942 1833 μέλανι,,ἀλλὰ
2971 1763 3248 1833 Πνεῦματι
3275 1764 3410 1817 Θεοῦ
3436 1766 3670 1831 ζῶντος,

413 1855 594 1910 cordis
626 1855 940 1912 carnalibus
964 1856 1029 1909 “.
1064 1876 1082 1910 ι
1123 1856 1266 1911 Deus
1298 1871 1395 1926 per
1426 1859 1713 1934 quemdam
1753 1874 1817 1914 ex
1857 1873 1984 1928 pro-

317 2004 322 2014 _
415 1946 590 2019 phetis
621 1946 817 2002 alicubi
856 1947 935 2002 sic
980 1947 1260 2018 loquitur:
1300 1966 1320 1999 ι
1355 1948 1486 2004 Post
1527 1949 1647 2004 illos
1689 1950 1823 2016 dies,
1855 1949 1985 2006 dicit

418 2035 696 2099 Dominus.
729 2036 865 2092 dabo
896 2037 1040 2108 leges
1078 2053 1227 2094 meas
1259 2039 1311 2093 in
1343 2047 1576 2095 mentem
1601 2055 1811 2108 eorum,
1847 2052 1900 2096 et
1929 2043 1984 2098 in

413 2128 576 2181 corda
642 2141 827 2182 eorum
885 2129 1180 2184 inscribant
1238 2144 1334 2185 eas
1355 2130 1422 2185 ”.
1470 2149 1489 2182 ι
1547 2130 1701 2186 Facti
1757 2132 1985 2202 proinde

412 2231 598 2271 sumus
628 2217 852 2286 epistola
896 2216 1118 2284 Christi,
1163 2217 1255 2287 qui
1291 2217 1427 2289 legis
1461 2234 1572 2274 suae
1615 2220 1832 2276 decreta
1875 2237 1981 2275 non

411 2317 732 2371 atramento,
755 2307 848 2363 sed
877 2309 1106 2363 viventis
1140 2309 1234 2364 Dei
1268 2310 1476 2380 Spiritu
1508 2311 1562 2364 in
1593 2311 1752 2367 nobis
1777 2313 1982 2366 descri-

412 2399 534 2453 bit:
567 2407 731 2468 atque
761 2399 862 2454 hoc
908 2399 1079 2468 ipsum
1124 2414 1229 2454 non
1281 2414 1376 2468 per
1417 2400 1632 2455 modum
1674 2401 2002 2467 ministerii,

409 2491 503 2549 sed
538 2507 635 2561 per
663 2491 939 2561 propriam
983 2490 1065 2560 (ut
1111 2490 1181 2544 ita
1211 2488 1410 2561 dicam)
1453 2488 1827 2546 eﬂicacitatem
1860 2492 1979 2546 :si-

410 2582 628 2650 quidem
675 2581 910 2650 Spiritus
967 2580 1069 2650 ipsi
1127 2581 1379 2651 proprius
1430 2589 1532 2635 est.
1588 2581 1658 2634 At
1699 2598 1804 2652 quo
1851 2597 1980 2653 ergo

411 2673 570 2726 modo
598 2671 642 2726 is
671 2670 813 2726 Deus
856 2685 959 2724 uou
987 2678 1094 2734 est,
1128 2670 1222 2738 qui
1269 2670 1464 2725 divina:
1506 2670 1712 2726 notitize
1741 2671 1979 2728 rationes

409 2762 626 2838 proprio
673 2761 876 2839 Spiritu
934 2760 1089 2815 nobis
1145 2760 1468 2832 insculpsit?
1499 2761 1574 2818 De
1605 2762 1803 2819 Judmis
1849 2764 1977 2822 sub-

401 2852 578 2922 jungit
606 2870 618 2905 :

482 2963 501 2998 ι
538 2943 643 3000 Sed
678 2945 856 3002 obtusi
889 2953 1014 3000 sunt
1046 2959 1239 3000 sensus
1273 2958 1487 3000 eorum.
1516 2942 1698 3013 Usque
1727 2943 1871 3000 enim
1921 2943 1974 2998 in

408 3038 722 3098 hodiernum
762 3038 902 3092 diem
936 3037 1169 3108 idipsum
1197 3035 1442 3091 velamen
1470 3036 1522 3090 in
1559 3035 1787 3090 lectione
1816 3033 1978 3090 Vete-

411 3131 484 3186 ris
505 3127 834 3188 Testamenti
863 3136 1044 3182 manet
1070 3142 1174 3182 non
1206 3127 1501 3182 revelatum
1532 3125 1696 3196 (quod
1729 3125 1780 3180 in
1813 3125 1975 3180 Chri-

406 3232 490 3274 sto
551 3218 901 3289 evatuatur),
953 3217 1045 3274 sed
1089 3231 1258 3285 usque
1313 3216 1366 3270 in
1427 3214 1747 3274 hodiernum
1798 3216 1972 3279 diem,

407 3327 530 3368 cum
561 3310 758 3383 legitur
790 3309 1024 3388 Moyses,
1045 3307 1155 3380 66
1174 3307 1414 3362 velamen
1442 3307 1673 3375 positum
1703 3315 1788 3362 est
1815 3321 1976 3376 super

407 3418 502 3458 cor
540 3416 748 3456 eorum.
778 3401 910 3454 Cum
953 3409 1130 3454 autem
1161 3398 1409 3454 conversi
1455 3398 1655 3452 fuerint
1696 3398 1761 3453 ad
1795 3397 1975 3452 Domi-

409 3507 560 3554 num,
594 3490 869 3542 auferetur
898 3488 1162 3543 velamen.
1217 3487 1476 3541 Dominus
1511 3497 1692 3541 autem
1732 3487 1972 3554 Spiritus

407 3587 510 3629 est.
560 3574 660 3630 Ubi
689 3584 867 3629 autem
895 3575 1130 3644 Spiritus
1161 3575 1397 3642 Domini,
1418 3575 1489 3630 ibi
1518 3575 1740 3630 libertas
1758 3585 1841 3631 est
1858 3576 1924 3631 ".
1951 3595 1972 3629 ι

410 3668 467 3723 Si
503 3669 635 3739 legis
683 3677 736 3723 et
763 3667 1148 3738 prophetarum
1196 3667 1316 3723 linis
1359 3678 1444 3723 est
1480 3667 1756 3734 Christus,
1803 3684 1977 3740 neque

407 3759 651 3815 velamen
683 3757 824 3828 quod
852 3755 1064 3814 Veteris
1103 3757 1436 3813 Testameuti
1474 3757 1689 3813 lectioni
1719 3758 1973 3826 cohaeret,

409 3851 637 3915 tollitur,
673 3851 769 3904 nisi
803 3865 898 3920 per
934 3849 1104 3905 solum
1137 3850 1412 3905 Christum
1439 3867 1454 3907 :
1483 3852 1751 3922 quomodo
1782 3853 1976 3906 rationi

405 3953 830 3998 consentaneum
877 3942 1001 4008 erit,
1054 3940 1228 4013 ipsum
1281 3943 1483 3998 nudum
1529 3958 1652 4006 esse
1705 3945 1976 3998 hominem

406 4033 740 4095 existimare,
775 4044 828 4086 et
873 4031 987 4088 sola
1018 4031 1302 4088 ﬁliationis
1335 4021 1696 4104 appellatione
1740 4033 1976 4088 honora-

404 4125 561 4178 tum?
594 4124 785 4179 Annon
832 4127 936 4180 hac
984 4125 1238 4196 opinione
1278 4127 1452 4189 ﬁeret,
1516 4135 1573 4179 ut
1626 4125 1759 4180 ﬁdes
1791 4137 1973 4181 nostra

405 4232 510 4269 non
544 4217 846 4272 collimaret
874 4217 926 4271 in
964 4217 1156 4281 Deum,
1186 4204 1442 4286 tanquam
1476 4217 1526 4270 in
1566 4217 1749 4284 tinem,
1791 4219 1882 4272 sed
1921 4219 1974 4271 in

409 4306 681 4363 hominem
716 4307 886 4361 nostri
919 4305 1189 4361 similem?
1223 4306 1298 4360 Eo
1326 4317 1502 4362 autem
1535 4308 1662 4377 quid
1700 4308 1784 4363 vel
1824 4309 1975 4383 cogi-

405 4404 458 4449 ta
468 4394 511 4454 rj
547 4403 710 4462 queat
746 4397 1053 4452 absurdius.

482 4503 501 4536 ι
532 4483 684 4558 Quod
730 4487 775 4542 si
825 4488 992 4542 etiam
1041 4498 1287 4557 opertum
1343 4497 1424 4542 est
1481 4488 1828 4558 Evangelium
1881 4505 1977 4544 no-

409 4587 583 4631 strum
621 4576 672 4631 in
710 4577 778 4633 iis
823 4579 912 4648 qui
957 4587 1217 4649 pereunt,
1264 4587 1347 4633 est
1389 4589 1635 4647 opertum
1683 4580 1736 4634 in
1782 4581 1978 4649 quibus

407 4667 554 4724 Deus
590 4669 752 4739 hujus
787 4670 969 4726 saeculi
1000 4671 1294 4726 excmcavit
1321 4679 1533 4726 mentes
1571 4671 1890 4734 inﬁdelium,
1921 4685 1979 4728 ut

415 4779 520 4818 non
556 4761 759 4833 fulgeat
793 4765 900 4820 illis
932 4764 1256 4819 illuminatio
1302 4766 1574 4837 Evangelii
1603 4766 1787 4839 gloria:
1815 4763 1977 4822 Chri-

410 4855 478 4908 sti
523 4855 612 4925 qui
659 4866 741 4911 est
782 4857 958 4927 imago
988 4855 1082 4910 Dei
1107 4857 1172 4910 ⁸⁷.
1207 4876 1225 4908 ι
1262 4848 1341 4925 Si,
1381 4867 1437 4912 ut
1465 4859 1682 4928 quidam
1713 4863 1976 4928 sentiunt,

409 4941 656 4998 Christus
709 4955 790 5000 est
842 4946 1004 5004 homo
1055 4947 1394 5012 conmiunis,
1456 4948 1570 5002 sola
1621 4964 1975 5018 personarum

410 5035 606 5089 unione
641 5052 761 5090 cum
796 5036 890 5092 Dei
921 5035 1099 5093 Verbo
1127 5037 1439 5092 societatem
1470 5039 1678 5095 habens
1713 5042 1801 5112 (ad
1835 5042 1980 5099 hunc

410 5127 553 5181 enim
600 5129 814 5184 modum
861 5129 1157 5200 loquuntur
1189 5130 1310 5202 illi),
1346 5134 1616 5200 quomodo
1651 5131 1704 5185 in
1754 5133 1859 5187 illis
1887 5137 1978 5204 qui

413 5227 660 5282 pereunt,
691 5219 1042 5289 Evangelium
1098 5220 1240 5276 illius
1272 5221 1643 5275 absconditum
1672 5226 1798 5276 est!
1835 5223 1978 5277 Gen-

417 5317 492 5360 tes
531 5311 675 5363 enim
712 5326 818 5365 non
860 5313 1053 5380 Deum,
1101 5313 1196 5369 sed
1232 5313 1503 5369 hominem
1545 5313 1718 5370 nostri
1748 5315 1977 5370 similem

484 5442 525 5474 ³³
556 5443 596 5496 li
623 5445 746 5499 Cor.
783 5462 840 5509 ll,
871 5446 957 5501 Η.
1036 5449 1081 5480 ³⁸
1105 5447 1147 5501 ll
1177 5448 1302 5504 Cor.
1349 5463 1431 5513 In,
1461 5448 1517 5510 2,
1554 5448 1606 5506 '5.

1682 5447 1728 5480 ³⁸
1760 5447 1962 5504 Jerem.
2010 5464 2161 5518 χχχι,
2193 5449 2281 5505 '63.

2083 1853 2185 1907 οὐκ
2219 1853 2278 1906 ἐν
2328 1852 2492 1920 πλαξὶ
2528 1853 2780 1918 λιθίναις,
2815 1855 2930 1908 ἀλλ’
2961 1857 3020 1907 ὲν
3053 1854 3218 1919 πλαξὶ
3254 1857 3485 1926 καρδίας
3528 1875 3674 1929 σαρ-

2083 1945 2258 2016 κίνης.
2293 1964 2312 1998 ο
2352 1947 2495 2016 Ἔφη
2528 1964 2629 2000 που
2677 1945 2808 2009 Θεὸς
2847 1946 2913 1999 δι’
2947 1946 3064 2010 ένδς
3099 1946 3209 2000 τῶν
3239 1948 3410 2016 ἁγίων
3444 1968 3672 2021 προφη-

2083 2035 2224 2090 τῶν·
2268 2055 2286 2086 ‹
2329 2037 2417 2089 Ἐν
2446 2035 2524 2107 τῷ
2565 2036 2740 2107 καιρῷ
2786 2037 2999 2109 ἐκείνῳ,
3030 2037 3176 2106 λέγει
3207 2039 3432 2109 Κύριος,
3485 2041 3671 2104 διδοὺς

2083 2129 2279 2198 νόμους
2311 2145 2411 2197 μου
2437 2130 2518 2192 είς
2545 2128 2646 2198 τὴν
2677 2128 2915 2182 διάνοιαν
2939 2128 3138 2195 αὐτῶν,
3161 2130 3256 2182 καὶ
3278 2131 3370 2183 ὲπὶ
3395 2130 3498 2194 τάς
3526 2150 3670 2203 καρ-

2079 2217 2198 2282 δίας
2235 2218 2413 2272 αὐτῶν
2444 2218 2730 2288 ἐπιγράψω
2779 2219 2994 2282 αὐτούς.
3053 2237 3073 2270 ι
3127 2219 3433 2291 Γεγόναμεν
3476 2223 3670 2276 τοίνυν

2081 2309 2342 2380 ἐπιστολὴ
2371 2309 2629 2380 Χριστοῦ,
2657 2310 2957 2380 γράφοντος
2991 2311 3122 2380 ἡμῖν
3150 2310 3249 2364 οὐκ
3278 2311 3337 2363 ὲν
3378 2312 3572 2381 μέλανι
3599 2314 3670 2366 τὸ

2081 2400 2226 2472 αὐτῷ
2246 2400 2453 2467 δοκοῦν,
2481 2401 2592 2455 ἀλλ’
2610 2403 2667 2454 ὲν
2691 2401 2966 2470 Πνεῦματι
2989 2402 3123 2455 Θεοῦ
3145 2402 3362 2467 ζῶντος·
3386 2405 3446 2456 οὗ
3469 2404 3668 2458 διακο-

2079 2491 2242 2555 νικῶς
2261 2491 2479 2562 μᾶλλον,
2507 2491 2640 2558 ἀλλ’,
2669 2492 2756 2545 ἵνα
2767 2490 2940 2555 οὕτως
2956 2491 3218 2563 εἴπωμεν,
3241 2494 3630 2565 αὑτουργικῶς
3649 2514 3666 2527 ·

2081 2580 2210 2634 ἴδιον
2238 2580 2345 2652 γάρ
2373 2579 2535 2634 αὑτοῦ
2575 2581 2634 2633 τὸ
2661 2580 2888 2652 Πνεῦμά
2917 2583 3083 2656 ἐστιν.
3113 2578 3246 2637 Εἶτα
3280 2584 3399 2648 πῶς
3425 2585 3486 2637 οὐ
3521 2585 3670 2650 856.;
3770 2624 3780 2635 .

2079 2673 2106 2724 6
2135 2671 2191 2724 έν
2216 2671 2329 2741 ἰδίῳ
2363 2671 2640 2741 Πνεῦματι
2667 2672 2896 2742 γράφων
2929 2672 3062 2742 ἡμῖν
3083 2676 3183 2744 τῆς
3206 2672 3540 2742 θεογνωσίας
3556 2675 3670 2743 τὴν

2084 2761 2236 2827 ὀδόν;
2275 2762 2410 2833 Περὶ
2439 2761 2544 2816 τῶν
2589 2761 2856 2816 Ἰουδαίων
2895 2762 3087 2833 φησίν⁶

2156 2957 2174 2989 ι
2235 2937 2374 2991 Ἀλλ’
2409 2937 2678 3010 ἐπωρώθη
2704 2938 2775 2992 τὰ
2823 2941 3069 3012 νοήματα
3112 2942 3311 2997 αὐτῶν.
3353 2945 3518 3016 Ἀχρι
3545 2946 3668 3016 γὰρ

2078 3027 2178 3098 τῆς
2208 3029 2449 3103 σήμερον
2485 3028 2701 3104 ἡμέρας
2732 3030 2794 3082 τὸ
2823 3031 2954 3085 αὐτὸ
2984 3032 3248 3104 κάλυμμα
3284 3035 3377 3087 ἐπὶ
3404 3039 3470 3106 τῇ
3518 3038 3672 3090 ἀνα·-

2080 3119 2278 3188 γνώσει
2319 3121 2418 3190 τῆς
2469 3120 2714 3184 Παλαιᾶς
2746 3122 3022 3194 Διαθήκης
3049 3123 3292 3194 διαμένει
3324 3125 3398 3195 μὴ
3444 3127 3671 3179 ἀνακα-

2075 3210 2433 3280 λυπτόμενον,
2467 3211 2495 3263 ὃ
2517 3227 2570 3263 τι
2608 3212 2666 3264 ἐν
2697 3212 2919 3284 Χριστῷ
2959 3215 3348 3284 καταργεῖται·
3377 3212 3505 3268 ἀλλὰ
3539 3216 3667 3280 ἕως

2074 3302 2140 3373 τῆ
2153 3321 2170 3364 ;
2189 3304 2446 3374 σήμερον,
2468 3303 2630 3376 ήνῐκα
2649 3303 3084 3371 ἀναγινώσκεται
3103 3305 3236 3357 Μωῦ
3246 3305 3362 3374 σῆς,
3383 3305 3518 3358 κάλυ
3529 3325 3664 3376 μμα

2076 3395 2170 3447 ἐπὶ
2212 3394 2310 3464 τὴν
2349 3394 2576 3465 καρδίαν
2627 3395 2808 3449 αὐτῶν
2859 3398 3054 3450 κεῖται.
3117 3395 3306 3448 Ἠνίκα
3360 3397 3402 3450 δ’
3433 3398 3503 3450 ἂν
3531 3400 3666 3452 ἐπι-

2078 3481 2285 3555 στρέψῃ
2321 3482 2456 3553 πρὸς
2487 3485 2712 3554 Κύριον,
2745 3487 3112 3554 περιαιρεῖται
3155 3486 3216 3538 τὸ
3262 3486 3540 3557 κάλυμμα.
3598 3490 3667 3544 'U

2075 3573 2133 3627 δὲ
2161 3574 2363 3646 Κύριος
2387 3576 2447 3628 τὸ
2469 3574 2693 3646 Πνεῦμά
2723 3578 2870 3630 ἐστιν
2886 3591 2901 3606 ⁸
2923 3572 2983 3630 οὗ
3004 3576 3060 3629 δὲ
3089 3577 3149 3630 τὸ
3179 3579 3402 3648 Πνεῦμα
3421 3581 3663 3649 Κυρίου,

2076 3665 2194 3717 ἐκεῖ
2236 3664 2536 3736 ἐλευθερία.
2589 3683 2607 3716 ι
2645 3665 2708 3717 Εἰ
2743 3665 2896 3728 τέλος
2942 3666 3106 3738 νόμου
3156 3667 3249 3720 καὶ
3293 3669 3591 3739 προφητῶν
3636 3674 3668 3724 ὁ

2077 3756 2334 3826 Χριστὸς,
2369 3759 2462 3810 xai.
2492 3757 2592 3810 οὐκ
2622 3757 3064 3811 ἀποκαλύπτεται
3086 3759 3150 3812 ab
3183 3759 3448 3831 κάλυμμα
3474 3761 3532 3813 τὸ
3558 3763 3666 3814 ἐπὶ

2075 3849 2142 3915 τῇ
2172 3847 2474 3914 ἀναγνώσει
2503 3847 2600 3918 τῆς
2630 3845 2871 3909 Παλαιᾶς
2899 3848 3189 3920 Διαθήκης,
3221 3851 3268 3901 εί
3303 3851 3378 3922 μὴ
3411 3853 3473 3903 ἐν
3509 3853 3666 3923 μόνῳ

2075 3937 2154 4008 τῷ
2198 3937 2418 4008 Χριστῷ
2441 3955 2455 3969 ο
2491 3941 2642 3992 ποῖον
2696 3939 2808 4011 ἔχει
2839 3940 2995 4009 λόγον
3048 3941 3128 4005 τὸ,
3176 3941 3463 4012 ἄνθρωπον
3496 3945 3666 3996 αὐτὸ)

2076 4031 2284 4084 οἴεσθαι
2305 4032 2481 4086 κοινὸν
2513 4033 2801 4104 ὑπάρχειν,
2838 4033 2976 4105 μόνῃ
3004 4037 3069 4105 τῇ
3100 4035 3198 4105 τῆς
3221 4035 3473 4106 υἱότητος
3493 4054 3668 4106 προτ-

2077 4124 2274 4195 ηγορίᾳ
2303 4126 2665 4196 τετιμημένον
2685 4143 2699 4192 ;
2723 4126 3049 4196 Εὐρίσκεται
3075 4127 3183 4198 γὰρ
3215 4127 3280 4181 ἂν
3314 4127 3489 4191 οὕτως
3510 4130 3665 4198 ἔχειν

2079 4215 2138 4265 τὸ
2164 4215 2261 4284 τῆς
2292 4214 2525 4278 πίστεως
2553 4217 2584 4286 ή
2596 4215 2708 4285 μῶν
2736 4216 2884 4278 τέλος
2911 4216 3010 4268 οὐκ
3029 4218 3106 4279 είς
3124 4217 3254 4269 Θεὸν
3282 4218 3508 4287 μᾶλλον,
3535 4221 3662 4272 ἀλλ’

2077 4308 2156 4370 εἰς
2206 4307 2303 4360 ἕνα
2354 4307 2461 4361 τῶν
2515 4308 2637 4361 καθ’
2693 4309 2878 4379 ἡμᾶς’
2946 4309 3081 4379 ὅπερ
3137 4309 3254 4361 ἐστὶ
3288 4309 3397 4361 τῶν
3440 4313 3667 4364 ἀτοπωο

2890 4387 2910 4412 \

2006 4431 2051 4486 Β
2078 4398 2275 4454 τάτων.

2144 4509 2160 4542 ι
2184 4492 2246 4544 Εἰ
2268 4491 2322 4543 δὲ
2350 4473 2444 4544 καὶ
2471 4489 2585 4544 ἔστι
2617 4490 3023 4562 κεκαλυμμένον
3054 4491 3114 4544 τὸ
3148 4491 3473 4566 Εὑαγγέλιον
3494 4493 3667 4561 ήμῶν

2079 4585 2138 4637 ἐν
2176 4586 2286 4646 τοῖς
2324 4583 2734 4652 ἀπολλυμένοις,
2773 4583 2887 4637 ἐστι
2951 4583 3363 4655 κεκαλυμμένον
3405 4586 3463 4636 ὲν
3508 4581 3606 4649 οἷς
3638 4587 3667 4638 6

2079 4677 2210 4740 Θεὸς
2241 4676 2333 4729 τοῦ
2371 4677 2564 4740 αἰῶνος
2612 4677 2800 4731 τούτου
2832 4676 3106 4745 ἐτύφλωσε
3155 4677 3226 4732 τά
3259 4679 3506 4749 νοήματα
3548 4679 3667 4731 τῶν

2081 4768 2346 4830 ἀπίστων,
2378 4770 2457 4832 εἰς
2484 4768 2544 4821 τὸ
2575 4767 2648 4838 μὴ
2677 4769 2910 4838 αὐγάσαι
2941 4771 3028 4823 τὸν
3052 4770 3326 4840 φωτισμὸν
3353 4769 3451 4822 τοῦ
3484 4772 3669 4844 Εὐαγ-

2079 4858 2260 4928 γελίου
2303 4859 2401 4928 τῆς
2433 4858 2590 4930 δόξης
2637 4859 2732 4913 τοῦ
2783 4861 3042 4932 Χριστοῦ,
3074 4862 3133 4924 ὅς
3176 4863 3322 4915 ἐστιν
3369 4861 3538 4914 εἰκὼν
3566 4863 3664 4919 τοῦ

2080 4950 2234 5005 Θεοῦ.
2278 4969 2297 5002 ι
2333 4953 2396 5004 Εἰ
2426 4952 2567 5005 κατά
2612 4969 2676 5020 γε
2704 4953 2764 5006 τό
2789 4971 2901 5006 τισι
2931 4953 3121 5008 δοκοῦν
3151 4954 3326 5016 κοινὸς
3366 4955 3662 5025 ἄνθρωπὰ

2081 5043 2228 5095 ἐστιν
2249 5043 2277 5094 6
2305 5041 2559 5112 Χριστὸς,
2589 5041 2780 5096 ένώσει
2813 5044 2946 5115 μόνῃ
2969 5047 3033 5115 τῇ
3064 5047 3203 5098 κατὰ
3239 5045 3537 5114 πρόσωπον
3562 5047 3663 5116 τὴν

2084 5134 2374 5202 συνάφειαν
2410 5132 2547 5202 ἔχων
2580 5133 2714 5205 πρὸς
2751 5135 2842 5187 τὸν
2890 5138 2954 5188 ἐκ
2982 5135 3116 5188 Θεοῦ
3147 5136 3316 5204 Λόγον
3347 5135 3507 5206 (φασὶ
3552 5138 3664 5210 γὰρ

2079 5225 2251 5288 οῦτως
2279 5223 2455 5295 αὐτοί)
2478 5241 2492 5254 ο
2519 5226 2634 5289 πῶς
2662 5227 2723 5277 ὲν
2746 5229 2856 5289 τοῖς
2877 5227 3274 5298 ἀπολλυμένοις
3298 5228 3663 5298 κεκαλυμμέ-

2085 5335 2172 5372 νον
2201 5317 2318 5371 ἐστὶ
2359 5318 2419 5371 τὸ
2458 5318 2787 5387 Εὐαγγέλιον
2813 5320 2910 5377 τοῦ
2935 5319 3068 5374 Θεοῦ
3099 5337 3174 5386 In;
3203 5321 3516 5377 Διάκεινται,
3548 5323 3657 5390 γὰρ

2394 5449 2439 5482 ³ο
2467 5448 2509 5504 ll
2534 5451 2660 5507 Cor.
2689 5466 2772 5518 ιη,
2802 5451 2988 5506 14-17.
3108 5452 3152 5484 ³⁷
3177 5450 3219 5506 ll
3252 5451 3376 5507 Cor.
3417 5465 3490 5517 Iv,
3525 5450 3584 5507 3.

1491 5563 1664 5620 Variae
1692 5565 1949 5622 lectiones
1979 5565 2182 5623 codicis
2209 5564 2575 5636 Seguieriaui.
2602 5579 2605 5582 '

483 5682 522 5711 ω
547 5671 709 5729 αὐτοῦ
