3910 6200
267 197 398 250 ii“

1354 199 1442 256 DE
1480 199 1708 256 RECTA
1749 197 1904 254 FIDE
1943 197 2036 252 AD
2071 195 2391 252 REGINAS.

3367 186 3507 242 19.ίὲ

261 313 332 364 τὰ
362 311 634 382 ἔθνη,ιοὺχ
660 312 743 365 ὅτι
772 313 901 378 Θεός
929 313 1095 379 ἐστιν,
1125 315 1238 370 ἀλλ’
1273 316 1354 370 ὅτι
1402 315 1526 368 καθ’
1559 315 1704 386 ἡμᾶς
1735 313 1824 367 ἇν-

1940 327 2053 366 esse
2103 325 2419 381 persuasum
2469 307 2691 362 habent.
2742 303 3021 372 Quomodo
3069 302 3194 356 item
3239 300 3494 386 obcaecati

266 403 501 473 θρωπος.
532 402 655 466 Πῶς
692 404 749 456 δὲ
787 406 878 458 καὶ
905 406 1269 475 τετύφλωνται
1311 407 1461 476 παρά
1487 405 1581 460 τοῦ
1626 408 1842 459 Σατανᾶ

261 496 314 546 οἱ
369 494 498 565 περὶ
548 494 833 565 ἀνθρώπου
883 496 1152 566 λέγοντες,
1213 499 1294 551 ὃτι
1349 497 1634 569 ἄνθρωπός
1687 500 1837 561 ὲστι;

264 585 421 648 Ποῖος
470 585 526 638 δὲ
573 586 669 656 καὶ
721 590 1000 658 φωτισμὸς
1050 589 1226 642 ἔνεστι
1266 589 1342 660 τῷ
1389 589 1707 658 Εὑαγγελῑῳ
1744 587 1837 641 τοῦ

265 674 524 746 Χριστοῦ,
577 679 625 729 εἰ
660 677 734 749 μὴ
771 679 904 740 Θεὸς
942 680 1078 742 ἐστι,
1131 680 1223 733 καὶ
1269 679 1344 741 ὡς
1376 679 1533 733 τοῦτο
1577 679 1838 750 ὑπάρχων

264 767 610 831 δεδόξασταις
648 768 770 831 Πῶς
816 769 860 821 δ’
911 769 977 822 ἂν
1020 771 1105 839 εἴη
1137 771 1233 824 καὶ
1265 770 1430 824 εἰκὼν
1460 770 1555 824 τοῦ
1594 769 1750 830 Θεοῦ,
1787 771 1836 822 εἰ

268 858 429 928 μέχρι
459 858 636 927 μόνων
661 859 768 912 τῶν
799 860 897 930 τῆς
930 860 1344 931 ἀνθρωπὸτητος
1371 863 1704 931 ἀφικνεῖται,
1737 860 1838 913 οὐκ

261 948 405 1018 ἔχων
437 948 498 1000 τὸ
534 945 674 1001 εἶναι
705 951 848 1004 κατὰ
890 951 1150 1022 ἀλήθειαν
1185 952 1306 1013 Υἱὸς
1334 953 1429 1005 καὶ
1458 951 1624 1016 Θεός;

341 1055 359 1087 ι
387 1037 479 1090 Διὸ
529 1039 624 1092 καὶ
668 1039 1116 1110 φιλοτιμούμεθα,
1143 1041 1253 1092 εἴτε
1299 1039 1681 1108 ἐνδημοῦντες,
1725 1037 1836 1104 εἴτε

263 1127 645 1198 ἐκδημοῦντες,
670 1130 954 1199 εὐάρεστοι
986 1129 1134 1199 αὐτῷ
1163 1125 1321 1183 εἶναι.
1342 1130 1478 1191 Τοὺς
1501 1128 1610 1198 γὰρ
1630 1130 1836 1189 πάντας

265 1222 412 1289 ἡμᾶς
441 1220 822 1291 φανερωθῆναι
867 1221 947 1274 δεῖ
983 1221 1291 1292 ἔμπροσθεν
1333 1221 1425 1274 τοῦ
1461 1220 1702 1291 βήματος
1738 1217 1832 1271 τοῦ

262 1309 520 1381 Χριστοῦ,
552 1312 638 1365 ἵνα
675 1313 1060 1382 διακομίσηται
1093 1312 1321 1375 ἕκαστος
1345 1312 1412 1365 τά
1441 1312 1570 1364 διάυ
1599 1309 1691 1364 τοῦ
1729 1308 1834 1362 σῶ-

267 1419 455 1472 ματος,
486 1403 622 1473 πρὸς
648 1405 684 1456 ἃ
709 1403 964 1472 ἔπραξεν,
995 1404 1104 1456 εἴτε
1145 1403 1366 1472 ἀγαθὸν,
1408 1405 1518 1456 εἴτε
1550 1401 1768 1472 φαῦλον.
1808 1421 1826 1452 ι

263 1487 326 1545 Εἰ
352 1494 500 1546 πᾶσα
528 1497 640 1557 τοῖς
673 1495 847 1561 ἁγίοις
879 1494 1081 1565 σπουδὴ
1123 1494 1183 1546 τὸ
1213 1494 1522 1564 εὐαρεστεῖν
1555 1492 1632 1561 τῷ
1672 1490 1790 1559 Θεῷ
1813 1531 1828 1555 ,

263 1585 687 1655 φιλοτιμούμεθα
724 1585 780 1639 δὲ
808 1587 1036 1640 τοιοῦτοι
1068 1585 1354 1654 φαίνεσθαι
1391 1584 1467 1655 τῷ
1494 1584 1732 1655 Χριστῷ,
1771 1583 1832 1636 τὸ

1947 413 2071 457 sunt
2098 378 2126 455 a
2161 404 2386 465 Sataua,
2420 400 2510 469 qui
2539 399 2603 475 de
2633 397 2852 451 homine
2875 395 3140 458 sentiunt,
3170 378 3311 462 quod
3348 391 3509 445 homo

1946 491 2070 545 est?
2107 490 2292 556 Qualis
2332 499 2594 556 praeterea
2638 485 2962 551 illumiuatio
2994 484 3046 537 in
3084 481 3289 538 Christi
3333 478 3516 532 Evan-

1942 583 2083 654 gelio
2120 589 2224 644 est,
2275 580 2322 633 si
2375 580 2488 648 ipse
2539 579 2680 631 Deus
2732 591 2837 629 non
2887 585 2990 637 est,
3039 589 3217 643 neque
3273 582 3330 625 ut
3366 571 3508 625 Deus

1941 672 2305 742 glorificatur?
2338 671 2441 736 Qui
2485 669 2719 738 denique
2749 669 2926 735 imago
2965 668 3051 720 Dei
3095 676 3196 729 est,
3233 665 3276 718 si
3319 680 3381 718 ea
3421 679 3510 718 so-

1940 766 2049 820 lum
2095 765 2332 833 attingit,
2364 779 2482 832 qua:
2519 764 2768 816 humana:
2803 769 2924 814 sunt
2966 768 3206 822 natura),
3249 772 3425 825 neque
3457 756 3507 809 id

1940 857 2121 924 reipsa
2156 855 2384 919 obtinet,
2416 863 2474 908 ut
2503 853 2668 919 Filius
2699 861 2753 906 et
2785 851 2925 904 Deus
2961 849 3067 904 sit?

2014 1045 2034 1079 ι
2076 1027 2142 1082 Ει
2181 1029 2302 1084 ideo
2339 1029 2712 1084 contendimus
2746 1029 2858 1081 sive
2892 1027 3165 1087 absentes,
3209 1025 3322 1077 sive
3359 1037 3496 1090 prae-

1936 1130 2123 1174 sentes
2161 1120 2374 1189 placere
2426 1122 2520 1174 illi.
2578 1121 2776 1175 Omnes
2831 1120 2972 1172 enim
3017 1131 3114 1170 uos
3172 1114 3507 1169 manilestari

1936 1221 2154 1280 oportet
2185 1222 2312 1266 ante
2347 1211 2582 1266 tribunal
2611 1210 2832 1273 Christi,
2865 1219 2922 1262 ut
2967 1207 3164 1260 referat
3216 1204 3508 1270 unusquis-

1937 1317 2039 1370 que
2072 1303 2285 1370 propria
2311 1301 2578 1370 corporis,
2605 1310 2760 1368 prout
2792 1298 2975 1368 gessit,
3004 1298 3115 1350 sive
3149 1297 3366 1358 honttm,
3395 1295 3509 1347 sive

1937 1392 2135 1446 malum
2167 1394 2234 1446 ³⁸.
2271 1413 2289 1444 ι
2323 1393 2378 1448 Si
2408 1395 2462 1448 in
2499 1407 2662 1446 unum
2701 1392 2802 1445 hoc
2841 1390 3012 1444 sancti
3045 1387 3362 1442 incumbunt
3392 1400 3507 1438 om-

1934 1497 2051 1546 nes,
2083 1492 2140 1536 ut
2179 1481 2288 1537 Deo
2326 1484 2615 1550 placeant,
2654 1482 3042 1550 repudiatoque
3087 1477 3392 1530 mortalium
3432 1474 3510 1527 fu-

1935 1587 2082 1635 vore,
2115 1571 2378 1639 ejusmodi
2427 1587 2529 1626 nos
2556 1572 2772 1626 Christo
2817 1570 3048 1639 probare
3087 1569 3243 1621 enixe
3285 1576 3510 1619 conten-

263 1673 569 1745 ἀνθρώποις
615 1675 869 1746 ἀρέσκειν
922 1673 1378 1746 παραιτούμενοι·
1431 1672 1546 1736 πῶς
1592 1672 1652 1724 οῦ
1699 1671 1828 1732 Θεὸς

1940 1663 2109 1716 dimus
2138 1681 2151 1716 :
2196 1663 2466 1730 quomodo
2493 1663 2767 1717 Christum
2804 1661 2972 1715 Deum
3007 1674 3126 1713 esse
3155 1658 3372 1726 planum
3403 1671 3506 1710 non

263 1763 506 1835 ἐναργῶς
534 1766 562 1817 6
592 1765 861 1832 Χριστός;
897 1764 1006 1817 Καὶ
1052 1765 1098 1814 ει
1145 1764 1322 1834 κρινεῖ
1364 1762 1463 1832 τὴν
1507 1759 1832 1829 οἰκουμένην

262 1858 445 1920 αὐτὸς,
487 1856 605 1919 ἑνὸς
641 1853 778 1910 εἶναι
821 1856 1112 1927 νομοθέτου
1145 1854 1440 1926 λεγομένου
1487 1853 1580 1906 καὶ
1619 1851 1832 1922 κριτοῦ,

262 1949 526 2020 πρόδηλον
561 1949 642 2002 ὅτι
673 1949 766 2002 καὶ
788 1947 926 2004 κατὰ
948 1949 1104 2002 τοῦτο
1125 1947 1256 2011 Θεός
1284 1951 1423 2013 ἐστι,
1447 1946 1540 1999 καὶ
1572 1947 1620 1998 εἰ
1643 1944 1833 2014 γέγονε

265 2041 400 2112 σάρξ
433 2042 680 2110 ὸΛὸγος.

340 2236 357 2267 ‹
380 2216 446 2268 Ἦ
472 2214 580 2285 γὰρ
608 2214 795 2285 ἀγάπη
821 2214 914 2268 τοῦ
939 2212 1073 2267 Θεοῦ
1100 2215 1312 2284 συνέχει
1343 2213 1508 2283 ἡμᾶς,
1541 2213 1832 2281 κρίναντας

264 2306 442 2370 τοῦτο,
508 2308 587 2359 ὅτι
622 2309 670 2358 εἰ
716 2301 796 2370 εἷς
850 2307 987 2377 ὑπὲρ
1027 2306 1241 2359 πάντων
1279 2303 1566 2368 ἀπέθανεν,
1627 2302 1839 2376 ἄραγοὶ,

263 2401 464 2462 πάντες
507 2397 796 2452 ἀπέθανον.
847 2399 956 2451 Καὶ
1007 2397 1145 2467 ὑπὲρ
1177 2395 1394 2449 πάντων
1422 2395 1709 2457 ἀπέθανεν,
1745 2393 1832 2445 ἵνα

256 2489 308 2543 οἱ
341 2489 561 2555 ζῶντες,
595 2489 792 2561 μηκέτι
821 2490 1031 2552 ἑαυτοῖς
1067 2486 1255 2552 ζῶσιν,
1289 2485 1425 2538 ἀλλά
1456 2484 1534 2555 τῷ
1568 2484 1706 2552 ὑπὲρ
1738 2483 1834 2536 αῦ-

258 2573 368 2633 τῶν
397 2579 717 2632 ἀποθανόντι
743 2579 837 2630 καὶ
864 2577 1161 2648 ἐγερθέντι.
1211 2597 1228 2628 ι
1259 2578 1320 2630 El
1345 2577 1540 2638 πάντες
1563 2574 1620 2627 ἓν
1643 2577 1830 2644 ἐσμεν,

263 2666 357 2717 καὶ
401 2665 549 2735 αὐτῷ
588 2665 686 2735 ζῇν
731 2664 1025 2734 εὐχόμεθα,
1065 2665 1565 2736 κατασεμνύνοντες
1592 2663 1830 2732 δηλονότι

256 2757 348 2808 τὸν
371 2756 580 2809 ἑαυτῶν
603 2755 712 2826 βίον
735 2754 821 2808 διά
849 2771 910 2824 γε
936 2755 1028 2808 τοῦ
1051 2760 1249 2828 χρῆναι
1277 2755 1517 2827 πληροῦν
1536 2757 1595 2810 τὸ
1621 2756 1831 2826 θέλημα

262 2847 452 2909 αὐτοῦ,
477 2845 654 2916 ζῶμεν
682 2846 739 2899 δὲ
771 2845 847 2916 τῷ
875 2847 1123 2919 Χριστῷ·
1153 2849 1269 2912 πῶς
1302 2849 1362 2902 οὐ
1395 2847 1525 2912 Θεὸς
1553 2849 1636 2917 εἴη
1669 2848 1754 2913 ἂν,
1787 2841 1832 2914 ᾧ

245 2940 571 3008 ηκεχρεωστή
582 2938 736 3009 μεθα,
761 2940 853 2992 καὶ
876 2940 974 3010 ζῇν
997 2941 1388 3012 σπουδάζομεν.
1409 2942 1485 3004 ὡς
1509 2941 1650 3010 ὑπὲρ
1670 2939 1829 3011 ἡμῶν

254 3027 529 3094 τεθνεῶτι,
557 3029 650 3082 καὶ
679 3028 964 3102 πριαμένῳ
995 3030 1201 3094 πάντας
1231 3032 1426 3106 αἵματι
1454 3029 1531 3102 τῷ
1570 3031 1722 3102 ἰδίῳ;

335 3291 544 3362 «Ὑπὲρ
588 3292 826 3364 Χριστοῦ
869 3291 964 3348 οῦν
1012 3296 1408 3367 πρεσϐεύομεν,
1440 3297 1515 3362 ὡς
1559 3296 1652 3350 τοῦ
1691 3297 1825 3350 Θεοῦ

253 3384 696 3454 παρακαλοῦντος
743 3385 808 3440 δι’
839 3385 1025 3457 ἡμῶν
1071 3387 1303 3457 δεόμεθα
1361 3389 1500 3459 ὑπὲρ
1549 3389 1784 3460 Χριστοῦ
1811 3429 1825 3454 ,

251 3475 629 3546 καταλλάγητε
661 3475 738 3545 τῷ
758 3475 896 3547 Θεῷ.
926 3495 944 3528 ι
965 3475 1328 3548 Ἐπιτήρησον
1359 3480 1439 3532 ὅτι
1469 3480 1828 3548 πρεσϐεύουσι

257 3564 356 3622 μὲν
383 3564 522 3634 ὑπὲρ
553 3563 814 3633 Χριστοῦ,
842 3565 1273 3635 παρακαλεῖσθαι
1313 3567 1370 3620 δὲ
1397 3567 1648 3636 λέγουσιν
1681 3572 1826 3639 ἡμᾶς

252 3654 359 3707 ὑπὸ
384 3652 477 3706 τοῦ
512 3652 666 3707 Θεοῦ.
713 3649 846 3706 Εἶτα
876 3655 1073 3722 πάλιν,
1113 3675 1130 3706 ι
1162 3656 1424 3728 Δεόμεθα,
1459 3658 1643 3728 φησιν,
1685 3661 1825 3730 ὑπὲρ

250 3742 512 3813 Χριστοῦ,
544 3743 919 3814 καταλλάγητε
963 3744 1038 3815 τῷ
1085 3746 1221 3816 Θεῷ.
1256 3766 1272 3797 ι
1304 3747 1435 3811 Θεὸς
1473 3745 1564 3800 οὖν
1599 3750 1704 3820 ἄρα
1733 3753 1827 3804 καὶ

250 3834 504 3905 Χριστὸς,
614 3835 706 3887 καὶ
735 3835 1188 3908 κατηλλαγμένοι,
1221 3838 1341 3910 Θεῷ
1372 3839 1820 3910 κατηλλάγμεθα.

327 4032 346 4065 ι
373 4013 512 4066 Ἀλλ’
546 4017 604 4070 ὲν
654 4013 813 4066 παντὶ
865 4015 1210 4078 συνιστάντες
1259 4015 1504 4091 ἑαυτοὺς,
1561 4016 1637 4081 ὡς
1689 4017 1823 4070 Θεοῦ

248 4101 506 4156 διάκονοι.
540 4120 559 4152 r
596 4103 656 4156 ΟΞ
688 4101 820 4155 Θεοῦ
851 4103 1131 4173 λεγόμενοι
1168 4101 1306 4159 εἶναι
1344 4105 1603 4168 διάκονοι,
1639 4108 1821 4178 εἴρην-

248 4209 340 4246 ται
365 4192 459 4246 καὶ
483 4193 744 4264 Χριστοῦ.
770 4194 900 4257 Θεὸς
921 4191 1014 4250 οῦν
1040 4197 1147 4268 ἄρα
1169 4197 1422 4267 Χριστός.
1458 4218 1474 4248 ι
1497 4198 1686 4266 Ἡμεῖς
1710 4199 1816 4267 γὰρ

251 4282 370 4334 ναοί
413 4283 577 4349 ἐσμεν
625 4283 758 4336 Θεοῦ
806 4283 1024 4348 ζῶντος,
1073 4285 1253 4350 καθὼς
1295 4282 1447 4339 εἶπεν
1480 4288 1507 4340 6
1539 4288 1669 4352 Θεὸς
1693 4329 1707 4353 ,
1736 4290 1820 4342 ὄτι

265 4375 559 4446 Ἐνοικήσω
577 4379 633 4428 ὲν
664 4377 868 4444 αὐτοῖς,
888 4379 983 4430 καὶ
998 4381 1024 4431 ὲ
1033 4395 1139 4449 μπε
1149 4381 1346 4450 ριπατή
1356 4397 1433 4432 σω
1451 4396 1465 4410 ·
1502 4381 1598 4432 καὶ
1618 4381 1812 4452 ἔσομαι

250 4465 430 4519 αὐτῶν
461 4466 612 4532 Θεὸς,
655 4469 749 4521 καὶ
782 4469 934 4522 αὐτοὶ
965 4469 1175 4522 ἔσονταέ
1227 4487 1316 4540 μοι
1363 4471 1509 4534 λαός.
1541 4490 1558 4522 ι
1609 4471 1670 4524 ΕΞ
1704 4473 1822 4525 ναοὶ

251 4555 388 4609 Θεοῦ
433 4557 632 4622 ζῶντός
681 4562 882 4628 ἐσμεν,
932 4560 1007 4623 ὡς
1061 4561 1392 4624 ἐνοικοῦντος
1448 4564 1505 4616 ἐν
1552 4564 1684 4633 ἡμῖν
1730 4563 1822 4616 τοῦ

252 4645 583 4715 Ιινεύματος,
613 4646 640 4698 ὃ
689 4649 780 4699 καὶ
825 4645 963 4701 εἶναι
1004 4649 1220 4717 λέγεται
1254 4651 1348 4704 τοῦ
1383 4652 1617 4723 Χριστοῦ
1650 4652 1711 4724 (‹
1747 4655 1810 4706 Εἰ

248 4735 358 4806 γάρ
389 4753 494 4798 τις,
524 4738 678 4806 φησι,
707 4737 930 4807 Πνεῦμα
967 4738 1203 4808 Χριστοῦ
1233 4743 1333 4794 οὐκ
1374 4742 1507 4811 ἔχει,
1539 4737 1692 4807 οὗτος
1721 4746 1822 4798 οὐκ

250 4827 400 4880 ἐστιν
427 4827 590 4880 αὐτοῦ
615 4847 634 4881 ι
657 4829 706 4898 )⁶
738 4827 852 4893 πῶς
883 4829 942 4882 οὑ
979 4829 1110 4893 Θεὸς
1136 4831 1165 4882 6
1190 4832 1456 4902 Χριστός;

328 5018 348 5051 ι
376 5001 703 5072 Αογισμοίις,
736 5003 889 5072 φησὶ,
919 5001 1327 5073 καθαιροῦντες,
1355 5003 1446 5056 καὶ
1487 5007 1595 5059 πᾶν
1622 5007 1821 5079 ὕψωμα

251 5093 607 5162 ἐπαιρόμενον
628 5094 768 5147 κατά
791 5096 888 5162 τῆς
917 5093 1169 5163 γνώσεως
1196 5093 1291 5146 τοῦ
1313 5093 1469 5159 Θεοῦ,
1501 5097 1594 5149 καὶ
1620 5100 1821 5167 αἰχμα-

251 5181 567 5248 λωτίζοντες
589 5187 696 5238 πᾶν
719 5185 895 5258 νόημα
916 5188 994 5250 εἰς
1019 5187 1116 5258 τὴν
1141 5185 1386 5256 ὑπακοὴν
1411 5187 1501 5240 τοῦ
1523 5190 1810 5259 Χριστοῦ.»

309 5315 354 5347 ³⁸
382 5317 563 5374 llCor.
587 5335 637 5386 v,
666 5319 716 5375 9.

797 5321 838 5354 ³³
867 5321 981 5378 Jac.
1018 5337 1090 5390 tv,
1125 5323 1209 5377 l2.
1286 5323 1330 5354 ⁸ο
1365 5321 1403 5377 ll
1434 5322 1559 5377 Cor.
1593 5338 1642 5387 v,
1677 5323 1763 5388 Μ,
1807 5324 1891 5380 15.
1966 5326 2009 5358 δί
2041 5326 2082 5381 ll
2102 5327 2223 5382 Cor.
2247 5342 2298 5391 v,
2322 5329 2413 5385 20.

1935 1754 2059 1808 est?
2104 1753 2340 1806 Rursum
2384 1754 2426 1805 si
2466 1753 2558 1806 ille
2601 1765 2868 1806 terrarum
2929 1753 3110 1804 orbem
3168 1749 3507 1818 judicaturus

1935 1855 2016 1899 est
2051 1843 2174 1914 (nec
2201 1845 2340 1898 enim
2395 1844 2534 1898 alius
2561 1853 2613 1897 et
2642 1844 2780 1897 alius
2810 1852 2895 1897 est
2922 1841 3195 1910 legislator
3219 1850 3272 1894 et
3296 1839 3461 1906 judex
3486 1876 3502 1901 ,

1935 1936 2028 1989 sed
2077 1951 2218 1988 unus
2262 1943 2318 1990 et
2364 1934 2504 1988 idem
2539 1935 2626 2002 ”),
2675 1934 2756 1987 vel
2811 1935 2912 1988 hac
2961 1946 3175 2001 quoque
3223 1933 3288 1984 de
3341 1944 3504 1982 causa

1935 2023 2276 2089 perspicuum
2316 2022 2515 2088 evadit,
2561 2022 2702 2091 quod
2745 2022 2884 2076 Deus
2919 2031 3034 2085 est,
3073 2019 3284 2074 tametsi
3326 2021 3506 2072 incar-

1940 2123 2102 2163 ttattts
2144 2119 2246 2164 est.

2003 2201 2111 2271 67
2135 2217 2152 2251 ι
2175 2201 2424 2256 Charitas
2452 2201 2593 2255 enim
2630 2200 2828 2255 Christi
2856 2211 3008 2269 urget
3037 2214 3152 2262 nos,
3175 2199 3505 2251 aestimantes

1935 2295 2074 2357 hoc,
2109 2293 2364 2362 quoniam
2417 2293 2460 2348 si
2494 2308 2632 2346 unus
2679 2307 2776 2361 pro
2822 2292 3070 2345 omnibus
3115 2299 3357 2343 mortuus
3389 2297 3502 2350 est,

1934 2399 2063 2454 ergo
2088 2399 2276 2437 omnes
2311 2384 2506 2437 mortui
2539 2393 2683 2437 sunt.
2721 2383 2785 2435 Et
2827 2397 2923 2450 pro
2966 2381 3218 2436 omnibus
3262 2387 3503 2432 mortuus

1933 2487 2015 2529 est
2050 2474 2292 2529 Christus
2314 2513 2330 2540 ,
2365 2484 2422 2528 ut
2459 2483 2514 2528 et
2541 2475 2630 2545 qui
2663 2475 2870 2536 vivunt,
2895 2474 3004 2542 jam
3035 2488 3140 2525 non
3170 2471 3270 2525 sibi
3298 2470 3500 2530 vivant,

1941 2567 2034 2620 sed
2069 2566 2116 2620 ei
2151 2568 2239 2635 qui
2276 2581 2373 2635 pro
2411 2568 2540 2637 ipsis
2574 2578 2821 2622 mortuus
2862 2577 2974 2631 est,
3002 2575 3051 2618 et
3083 2561 3498 2617 resurrexit‘°.r

1937 2653 1994 2709 Si
2052 2670 2242 2710 omnes
2295 2672 2458 2710 unum
2521 2657 2570 2709 in
2630 2657 2746 2724 ipso
2799 2672 3005 2721 sumus,
3066 2654 3276 2724 ipsique
3327 2653 3506 2705 vivere

1937 2754 2307 2814 peroptamus,
2345 2745 2510 2799 vitam
2549 2754 2787 2798 nostram
2822 2761 2925 2799 una
2958 2745 3057 2798 hac
3095 2745 3298 2797 ratione
3338 2742 3505 2796 hone-

1935 2847 2072 2891 stam
2103 2833 2412 2899 reddéntes,
2448 2838 2495 2892 si
2524 2837 2728 2894 Christi
2763 2836 3194 2891 obsecundemns
3221 2833 3503 2894 voluntati,

1935 2929 2115 2998 illique
2151 2929 2395 2984 vivamus
2437 2946 2450 2982 :
2487 2931 2755 2999 quomodo
2805 2930 2850 2984 is
2897 2929 3039 2982 Deus
3082 2925 3355 2979 habendus
3399 2939 3502 2975 non

1857 3009 1897 3067 C
1931 3028 2031 3081 est,
2071 3020 2156 3072 cui
2191 3030 2244 3072 et
2276 3021 2494 3074 obnoxii
2531 3037 2736 3083 sumus,
2771 3030 2824 3075 et
2861 3020 2944 3073 cui
2985 3019 3166 3072 virere
3205 3016 3502 3078 studemus,

1935 3121 2188 3179 tanquam
2237 3111 2310 3166 illi
2355 3113 2445 3180 qui
2496 3113 2669 3166 nostri
2717 3127 2877 3166 causa
2921 3121 3145 3164 mortem
3186 3107 3500 3174 oppetierit,

1932 3216 2138 3268 suoque
2170 3203 2430 3266 sanguine
2457 3216 2646 3255 omnes
2676 3200 2976 3255 coemerit?

2009 3308 2026 3340 ε
2071 3290 2175 3344 Pro
2201 3291 2422 3346 Christo
2455 3307 2584 3362 ergo
2615 3291 2880 3360 legatione
2912 3289 3206 3361 fungimur,
3244 3297 3500 3358 tanquam

1932 3379 2038 3433 Deo
2070 3380 2392 3434 exhortante
2433 3395 2529 3449 per
2589 3396 2687 3435 nos
2714 3393 2730 3432 :
2763 3380 3113 3433 obsecramus
3144 3393 3240 3446 pro
3261 3377 3500 3442 Christo,

1933 3468 2361 3522 reconciliamini
2397 3468 2506 3524 Deo
2529 3467 2596 3522 “.
2634 3487 2652 3520 ι
2707 3465 2947 3522 Observa
2988 3468 3103 3533 hic,
3134 3465 3274 3535 quod
3301 3464 3517 3528 Christi

1931 3559 2144 3627 nomine
2177 3561 2443 3629 legatione
2481 3559 2772 3630 fungantur
2808 3558 3070 3628 apostoli,
3118 3557 3366 3626 quodque
3408 3570 3504 3623 per

1927 3666 1985 3703 se
2014 3666 2109 3705 nos
2143 3666 2171 3703 a
2211 3651 2318 3704 Deo
2349 3652 2634 3705 admoneri
2685 3660 2950 3705 asserant.
3000 3650 3200 3703 Deinde
3241 3663 3450 3700 rursum
3483 3663 3497 3698 :
3539 3674 3544 3680 ·

1940 3763 1958 3794 ι
1997 3744 2356 3799 Obsecramus
2377 3781 2394 3805 ,
2427 3742 2640 3810 inquit,
2691 3756 2788 3809 pro
2823 3741 3059 3797 Christo,
3084 3735 3498 3790 reconciliamini

1928 3836 2056 3888 Deo.
2090 3853 2110 3885 ι
2145 3832 2285 3886 Deus
2318 3833 2500 3899 itaque
2531 3840 2614 3883 est
2646 3831 2915 3893 Christus,
2945 3831 3140 3897 quippe
3185 3827 3269 3880 cui
3309 3840 3497 3879 recon-
3583 3849 3588 3856 ε

1926 3926 2117 3989 ciliati,
2154 3924 2262 3978 Deo
2290 3921 2624 3977 reconciliati
2661 3936 2872 3974 sumus.

2005 4034 2024 4067 ί
2065 4016 2169 4070 Sed
2200 4017 2250 4068 in
2282 4013 2533 4068 omnibus
2560 4015 2912 4068 exhibeamus
2947 4010 3325 4074 nosmetipsos,
3357 4010 3496 4062 sicut

1927 4109 2019 4163 Dci
2055 4109 2329 4162 ministros
2357 4107 2427 4162 δ’.
2465 4127 2484 4160 ι
2536 4107 2636 4174 Qui
2690 4107 2777 4160 hic
2819 4106 2907 4158 Dei
2956 4101 3498 4165 ministri'dicuntur,

1928 4200 1980 4254 hi
2031 4200 2158 4254 alibi
2206 4199 2404 4254 Christi
2456 4199 2691 4252 ministri
2738 4198 3093 4266 appellantur.
3141 4196 3282 4248 Deus
3319 4194 3500 4260 itaque

1926 4291 2186 4345 Christus.
2260 4307 2278 4340 ι
2336 4290 2442 4343 Vos
2501 4290 2642 4345 enim
2698 4290 2828 4345 estis
2883 4289 3138 4357 templum
3193 4287 3286 4342 Dei
3347 4287 3500 4349 vivi,

1923 4383 2061 4436 sicut
2117 4382 2246 4436 dicit
2289 4381 2428 4436 Deus
2469 4401 2483 4436 :
2536 4381 2846 4437 lnhabitaho
2890 4383 2942 4438 in
2985 4382 3113 4442 illis,
3160 4390 3213 4434 et
3257 4380 3502 4432 inambu-

1929 4473 2050 4528 labo
2098 4491 2111 4526 :
2171 4483 2226 4526 et
2268 4487 2361 4527 ero
2416 4473 2623 4527 illorqu
2692 4475 2862 4540 Deus,
2911 4483 2966 4527 et
3011 4473 3110 4540 ip‘si
3163 4477 3322 4526 erunt
3374 4465 3499 4519 mihi

1924 4566 2238 4636 p0pulus“.
2279 4585 2296 4617 ι
2334 4564 2389 4620 Si
2425 4566 2526 4620 vivi
2574 4566 2666 4621 Dei
2722 4566 2914 4633 templa
2959 4578 3168 4625 sumus,
3219 4557 3381 4612 veluti
3420 4555 3503 4606 iu-

1930 4657 2205 4717 habitante
2246 4659 2296 4711 in
2333 4659 2488 4712 nobis
2535 4658 2761 4728 Spiritu,
2795 4657 2886 4726 qui
2935 4665 2988 4710 et
3033 4652 3232 4708 Christi
3286 4660 3501 4718 quoque

1930 4748 2166 4816 Spiritus
2220 4761 2339 4802 esse
2390 4748 2587 4801 dicitur
2636 4748 2741 4816 (ait
2789 4747 2932 4799 enim
2982 4740 3317 4811 Apostolus:
3370 4753 3390 4788 ι
3443 4735 3500 4788 Si

1929 4838 2050 4906 quis
2101 4836 2304 4891 Christi
2363 4837 2624 4904 Spiritum
2685 4849 2788 4889 non
2853 4833 3050 4895 habet,
3105 4831 3195 4884 hic
3249 4841 3350 4880 noo
3421 4833 3504 4879 est

1927 4925 2045 4992 ejus
2079 4922 2127 4994 ι)
2161 4939 2174 4975 :
2206 4925 2473 4991 quomodo
2501 4923 2753 4977 Christus
2790 4937 2894 4976 non
2934 4928 3016 4974 est
3052 4917 3232 4972 Deus?

1949 5022 1952 5026 λ
2006 5033 2025 5066 ι
2083 5013 2320 5069 Consilia
2367 5014 2740 5078 destruentes,
2789 5022 2843 5068 et
2891 5025 3104 5066 omnem
3157 5006 3500 5062 altitudinem

1929 5108 2272 5162 extollentem
2299 5121 2358 5161 se
2384 5107 2642 5160 adversus
2673 5105 2955 5160 scientiam
2987 5101 3111 5164 Dei,
3145 5102 3198 5156 et
3231 5101 3283 5153 in
3334 5098 3501 5167 capti-

1925 5197 2145 5252 vitatem
2210 5196 2514 5266 redigcutes
2571 5211 2784 5252 omnem
2840 5194 3172 5250 intellectum
3225 5192 3277 5246 in
3340 5189 3497 5245 obse-

2489 5329 2534 5361 “
2563 5327 2606 5384 II
2635 5328 2758 5385 Cor.
2784 5344 2858 5396 rt,
2881 5327 2932 5383 4.
3011 5327 3054 5360 ⁵³
3087 5325 3242 5393 ibid.,
3276 5321 3362 5379 i6.

1333 5481 1504 5537 Variae
1529 5481 1790 5540 lectiones
1818 5484 2016 5542 codicis
2047 5485 2398 5556 Seguieriaui.

327 5597 353 5626 ³
385 5585 508 5641 ἴδια.
