3910 6200
313 181 386 238 ιε’.
399 178 454 233 15

1405 174 1494 230 DE
1535 170 1760 233 l‘eECTA
1802 178 1845 234 Ρ
1846 178 1960 237 1οΕ
1999 177 2089 235 AD
2128 176 2448 235 REGINAS.

3430 172 3567 227 me

310 297 581 374 ρούμεθα,
613 296 1029 368 συγκλειόμενοι
1082 297 1162 361 εἰς
1216 296 1318 368 τὴν
1374 298 1676 369 μέλλουσαν
1710 301 1893 357 πίστιν

2003 302 2391 366 stodiehaniur,
2421 294 2661 356 conclusi
2692 292 2746 349 in
2774 307 2896 349 eam
2934 290 3115 353 ﬁdem.
3138 304 3259 359 quae
3281 266 3564 343 revelanda

309 387 797 460 άποκαλυφθῆναν
848 386 989 442 ὥστε
1039 389 1069 442 ὁ
1117 387 1284 459 νόμος
1333 389 1682 459 παιδαγωγὸς
1728 391 1887 463 ἡμῶν

309 481 535 553 γέγονεν
581 480 660 543 είς
707 478 966 549 Χριστὸν,
999 479 1087 535 ἴνα
1120 481 1185 534 ἐκ
1212 480 1448 544 πίστεως
1484 481 1882 555 δικαιωθῶμεν.

323 568 615 639 Ἐλθούσης
641 569 699 621 δὲ
726 568 827 640 τῆς
854 570 1088 634 πίστεως
1107 611 1122 634 ,
1147 572 1246 626 ούκ
1273 571 1353 627 ἔτι
1395 572 1501 626 ὑπὸ
1546 573 1890 643 παιδαγωγόν

312 661 502 731 ἐσμεν.
539 660 746 721 Πάντες
791 656 901 729 γάρ
941 657 1046 711 υἱοὶ
1089 658 1229 717 Θεοῦ
1259 661 1382 712 ὲστε
1412 659 1502 714 διὰ
1531 661 1630 731 τῆς
1655 661 1891 727 πίστεως

312 753 371 806 ἐν
416 748 641 824 Χριστῷ
691 748 1199 822 Ἰησοῦ.”οσοι·γάρ
1250 753 1330 815 εἰς
1381 752 1617 822 Χριστὸν
1662 753 1892 811 want-

321 841 513 911 σθητε,
551 839 785 911 Χριστὸν
827 837 1228 911 ὲν[ε]δύσα,σθι.
1254 858 1275 892 ι
1311 841 1374 894 Et
1399 840 1746 910 παιδαγωγὸς
1767 838 1835 915 ἦν
1862 844 1892 896 ό

313 932 501 1003 νόμος,
530 931 633 984 οὐκ
664 929 749 998 ἐφ’
774 930 961 996 ἕτερον
988 928 1297 1001 ἀναφέρων,
1334 922 1473 1001 πλὴν
1500 932 1583 984 ὃτι
1611 931 1774 1000 μόνον
1799 932 1893 986 ἐπὶ

313 1023 574 1096 Χριστὸν.
614 1021 796 1076 καίτοι
820 1021 918 1090 τῆς
942 1019 1179 1089 ἀληθοῦς
1222 1020 1553 1089 θεογνωσίας
1575 1022 1893 1087 διδάσκαλος

316 1111 411 1180 ὢν,
444 1112 563 1176 πῶς
608 1112 675 1166 ού
714 1111 847 1175 Θεὸς
894 1112 924 1164 ὁ
964 1112 1235 1182 Χριστόςς
1286 1112 1397 1167 Καὶ
1438 1114 1487 1166 εί
1540 1116 1893 1183 καταργεῖται

315 1204 479 1273 νόμος
522 1203 610 1256 διὰ
658 1203 759 1273 τῆς
800 1202 1039 1267 πίστεως
1084 1204 1180 1275 τῆς
1227 1204 1307 1267 είς
1337 1204 1521 1269 αὐτὸν,
1554 1205 1649 1259 καὶ
1688 1203 1750 1257 τὸ
1793 1206 1894 1275 τῆς

318 1295 697 1365 παιδαγωγίας
755 1295 905 1367 αύτῷ
955 1295 1110 1359 τέλος
1161 1282 1548 1367 παραδίδωσιν,
1581 1296 1657 1360 ὡς
1707 1298 1790 1360 είς
1832 1297 1895 1351 τὸ

316 1389 485 1460 ἄκρον
510 1387 711 1456 ἀγαθὸν
740 1387 1026 1458 ἀναφέρων
1053 1388 1180 1459 τοὺς
1208 1388 1791 1458 παιδαγωγουμένους·
1831 1387 1894 1441 τὸ

313 1479 375 1535 δὲ
407 1480 485 1543 είς
517 1480 672 1550 λῆξιν
695 1478 897 1547 άγαθὸν
923 1479 1011 1550 εἴη
1037 1478 1316 1549 ἃννέτερον
1345 1478 1498 1532 οὐδὲν
1530 1478 1681 1549 παρά
1705 1495 1769 1546 γε
1794 1477 1893 1549 τὴν

316 1571 415 1640 τῆς
439 1568 673 1641 ἀληθοῦς
712 1568 1042 1638 θεογνωσίας
1073 1567 1279 1639 εἴδησιν
1300 1583 1313 1597 ·
1353 1567 1471 1630 πῶς
1500 1566 1565 1620 ἂν
1600 1566 1892 1621 ἐνδοιάσειέ

1992 407 2131 453 erat.
2164 396 2350 465 Itaque
2376 392 2462 448 lex
2495 392 2819 459 paedagogus
2847 383 2963 455 69
2991 390 3173 437 noster
3204 379 3304 434 l‘uit
3337 380 3388 434 in
3420 378 3569 435 Chri-

1993 496 2100 551 sto,
2127 495 2186 541 ut
2215 502 2281 542 ex
2321 484 2425 540 [ide
2448 482 2828 552 iustiﬁcemur.
2865 481 2935 534 At
2966 479 3055 534 ubi
3097 478 3242 532 venit
3288 475 3419 530 ﬁdes
3457 475 3566 543 jam

1990 550 2097 633 non
2143 591 2332 632 sumus
2377 550 2480 631 sul)
2529 550 2859 643 paedagogo:
2907 585 3097 626 omnes
3133 570 3276 623 enim
3327 568 3420 622 lilii
3474 567 3565 620 Dei

1990 669 2122 724 estis
2149 683 2247 738 per
2293 667 2451 721 fidem
2500 665 2552 719 in
2592 664 2808 720 Christo
2847 660 2996 716 .lesu.
3058 661 3377 727 Quicunque
3424 659 3566 709 enim

1990 760 2047 814 in
2087 757 2302 813 Christo
2332 755 2589 825 haptizati
2628 753 2786 819 estis,
2837 751 3110 807 Christum
3163 749 3417 803 imluistis
3442 747 3508 799 δ’.
3543 766 3561 796 ι

1993 850 2053 904 Si
2088 848 2169 903 lex
2198 848 2520 917 ptedagogus
2542 854 2681 908 erat,
2711 843 2853 899 haud
2881 843 2947 895 ad
2978 841 3143 895 alium
3182 854 3281 894 nos
3331 839 3568 905 dirigens

1992 954 2155 1008 quam
2185 941 2253 993 ad
2280 938 2453 992 solum
2489 936 2792 1000 Christum,
2821 933 3073 1003 quamvis
3104 931 3198 985 Dei
3245 931 3568 999 cognitionis

1990 1039 2138 1084 esset
2183 1029 2459 1095 magistra,
2492 1028 2765 1097 quomodo
2817 1024 3067 1079 Christus
3117 1038 3221 1077 non
3270 1032 3352 1077 est
3390 1021 3568 1074 Dens?

1995 1119 2227 1175 Rursum
2255 1121 2298 1175 si
2330 1122 2411 1173 lex
2441 1135 2537 1189 per
2571 1120 2751 1183 ﬁdem,
2781 1132 2903 1187 quze
2931 1124 3015 1171 est
3055 1116 3107 1169 in
3158 1116 3352 1183 ipsum,
3387 1113 3569 1166 ahole-

1995 1220 2107 1274 tur,
2126 1211 2487 1279 eamdemque
2507 1226 2535 1262 a
2560 1207 2883 1279 paedagogia:
2906 1219 3133 1259 munere
3157 1202 3389 1257 absolvit
3412 1200 3567 1262 rules,

1995 1310 2247 1367 tanquam
2291 1313 2410 1369 qua».
2457 1298 2734 1353 institutos
2779 1299 2844 1350 ad
2902 1310 3173 1351 summum
3218 1293 3330 1363 jam
3367 1294 3567 1347 bonum

1992 1391 2273 1455 evexerit;
2340 1404 2611 1444 summum
2657 1399 2835 1442 autem
2891 1387 3090 1440 bonum
3139 1400 3243 1438 non
3293 1391 3377 1437 est
3421 1382 3564 1435 aliud

1994 1496 2157 1550 quam
2210 1481 2445 1549 perfecta
2491 1479 2737 1534 veritatis
2784 1478 3087 1546 divinaeque
3148 1476 3355 1529 notitia:
3394 1474 3568 1528 scien-

1996 1572 2069 1624 tia
2108 1589 2121 1624 :
2183 1570 2269 1623 cui
2323 1571 2635 1636 ambiguum
2680 1582 2798 1622 esse
2844 1576 3060 1635 potest,
3126 1566 3254 1634 quin
3309 1563 3451 1616 Deus
3497 1564 3570 1615 sit

316 1678 424 1726 τις,
454 1661 535 1714 ὅτι
562 1661 691 1724 Θεός
722 1663 877 1725 seu;
908 1659 1300 1727 Βαπτιζόμενοι
1328 1658 1385 1713 δὲ
1420 1658 1499 1720 είς
1536 1658 1777 1728 Πατέρα,
1797 1657 1893 1710 καὶ

2003 1659 2290 1731 Christus?
2334 1658 2595 1727 Baptizati
2645 1668 2827 1712 autem
2869 1656 2922 1708 in
2969 1654 3220 1718 Patrem,
3252 1663 3301 1707 et
3347 1651 3567 1717 Filium,

316 1751 465 1817 Υίὸν,
496 1752 588 1804 καὶ
617 1752 771 1821 ἅγιον
806 1750 1054 1821 Πνεῦμα,
1091 1750 1207 1814 πῶς
1248 1751 1328 1813 είς
1363 1749 1598 1818 Χριστὸν
1637 1746 1896 1819 βεϐαπτί-

320 1840 518 1913 σμεθα,
547 1843 703 1911 εἰπερ
724 1842 873 1894 ἐστὶν
901 1841 999 1912 οὐχ
1030 1840 1158 1904 Υίὸς
1183 1839 1409 1911 ἀληθὴς,
1429 1839 1606 1894 καίτοι
1635 1837 1731 1893 τοῦ
1754 1837 1897 1893 κατὰ

319 1934 481 2007 φύσιν
514 1934 629 1997 ἐνὸς
659 1933 812 1998 ὄντος
847 1932 1009 1999 Υίοῦ;
1062 1932 1220 1986 Ἀλλά
1248 1933 1355 2003 μὴν
1402 1933 1482 1995 είς
1531 1929 1695 1984 αὑτὸν
1736 1929 1898 1999 βεϐα-

318 2026 618 2098 πτίσμεθα’
651 2025 782 2089 Θεὸς
809 2021 903 2080 οῦν
930 2024 1040 2096 ἄρα
1067 2024 1216 2077 ἐστὶν
1249 2024 1326 2088 ὡς
1356 2023 1485 2087 Υἱὸς
1528 2017 1631 2087 εἷς,
1657 2022 1750 2077 καὶ
1782 2022 1896 2076 Κύ-

316 2106 435 2194 ριος
467 2115 568 2184 εἷς,
601 2118 723 2172 καθ’
749 2118 943 2173 ἕνωσιν
977 2116 1328 2188 οἰκονομικὴν
1370 2116 1571 2187 σαρκὸς
1612 2114 1897 2184 γεγονότος

315 2209 413 2266 τοῦ
442 2210 639 2279 Λόγου.

395 2317 418 2359 t
455 2301 614 2355 Ἀλλά
643 2301 763 2356 τότε
795 2300 894 2372 μὲν
915 2300 1013 2353 ούκ
1034 2298 1232 2362 εἰδότες
1248 2297 1399 2362 Θεὸν,
1415 2296 1761 2357 ἐδουλεύσατε
1782 2298 1895 2359 τοῖς

318 2393 481 2464 φύσει
512 2394 587 2464 μὴ
616 2389 735 2447 οῦσι
778 2393 919 2457 θεοῖς
942 2408 955 2422 ·
984 2392 1102 2446 νυνὶ
1149 2391 1208 2446 δὲ
1245 2382 1467 2459 γνόντες
1492 2388 1647 2453 Θεὸν,
1692 2388 1894 2459 μᾶλλον

316 2480 374 2539 δὲ
406 2484 735 2554 γνωσθέντες
757 2483 862 2536 ὑπὸ
890 2480 1047 2546 Θεοῦ,
1073 2480 1190 2545 πῶς
1216 2464 1576 2551 ἐπιστρέφετε
1591 2480 1774 2533 ,πάλιν
1802 2479 1895 2533 ἐπὶ

317 2574 388 2630 τὰ
419 2574 631 2646 ἀσθενῆ,
651 2574 747 2627 καὶ
778 2573 971 2644 πτωχὰ
999 2575 1275 2643 στοιχετα;
1307 2592 1326 2625 ι
1376 2572 1441 2625 El.
1483 2570 1617 2625 Θεὸν
1661 2571 1897 2641 ἐγνώκα-

320 2685 420 2746 μεν
446 2665 832 2738 ὁμολογοῦντες
861 2666 1118 2737 Χριστὸν,
1147 2666 1241 2718 καὶ
1271 2663 1540 2732 ἐγνῶσθαί
1582 2681 1763 2735 φαμεν
1790 2663 1895 2718 ὑπὸ

315 2758 411 2815 τοῦ
458 2758 614 2825 Θεοῦ,
641 2758 975 2827 γνωσθέντες
1018 2755 1203 2829 αύτῷ,
1255 2758 1373 2821 πῶς
1415 2756 1477 2811 ού
1521 2754 1653 2819 Θεὸς
1696 2758 1725 2810 ό
1758 2757 1892 2828 Χρι-

319 2851 477 2917 στός;

397 2961 416 2994 ι
439 2942 594 3036 Ἑροὶ
633 2942 727 3036 Δ
750 2941 828 3036 μη
870 2941 1079 3036 γένοιτο
1116 2941 1454 3036 καυχάσθω.
1483 2943 1557 3036 sl~
1586 2942 1661 3014 μὴ
1711 2944 1770 3036 ἐν
1813 2941 1891 3013 τῷ
1919 2974 1966 3036 c

1997 1762 2053 1808 et
2106 1752 2368 1822 Spiritum
2409 1760 2692 1814 sanctum,
2738 1749 3007 1817 quomodo
3056 1747 3106 1799 in
3147 1745 3421 1799 Christum
3474 1744 3570 1797 ha-

1996 1842 2191 1913 ptizati
2240 1840 2492 1904 dicimu‘r,
2528 1841 2573 1894 si
2623 1837 2874 1893 Christus
2922 1851 3024 1889 non
3066 1843 3146 1887 est
3182 1848 3342 1888 verus
3375 1830 3569 1895 Filius,

1995 1947 2118 1987 cum
2145 1946 2287 1985 unus
2315 1940 2523 1985 tantum
2555 1930 2629 1985 sit
2659 1940 2850 1984 natura
2884 1925 3093 1981 Filius?
3112 1924 3276 1993 Atqui
3308 1924 3360 1975 in
3392 1922 3566 1991 ipsum

1996 2022 2253 2092 haptizati
2290 2037 2518 2078 sumus:
2554 2020 2696 2075 Deus
2728 2022 2893 2090 igitur
2923 2027 3006 2073 est
3033 2026 3093 2071 ut
3119 2016 3290 2072 Filius
3323 2031 3486 2078 unus,
3514 2023 3572 2068 et

1995 2110 2258 2166 Dominus
2299 2126 2461 2175 unus,
2515 2125 2638 2165 cum
2686 2125 2784 2180 per
2810 2108 3048 2169 ,unionis
3102 2106 3566 2175 dispensationem
3626 2154 3635 2169 λ

1998 2201 2233 2259 Verbum
2263 2217 2390 2257 caro
2413 2203 2615 2258 factum
2647 2202 2739 2257 sit.

2070 2313 2089 2345 ι
2123 2292 2229 2348 Sed
2267 2303 2398 2347 tunc
2427 2294 2646 2362 quidem
2687 2292 3000 2359 ignorantes
3029 2289 3217 2353 Deum,
3248 2287 3313 2341 iis
3342 2285 3432 2355 qui
3470 2300 3569 2339 na-

1995 2393 2115 2439 tura
2154 2400 2259 2438 non
2299 2393 2426 2438 sunt
2470 2383 2565 2445 dii,
2603 2382 2966 2437 serviebatis:
3020 2394 3163 2433 nunc
3209 2387 3388 2431 autent
3443 2390 3565 2429 cum

1995 2474 2358 2545 cognoveritis
2413 2473 2603 2538 Deum,
2647 2473 2757 2528 imo
2787 2471 2989 2542 cogniti
3029 2471 3150 2525 sitis
3192 2483 3219 2521 a
3259 2467 3390 2529 Deo,
3434 2480 3561 2535 quo-

1995 2566 2155 2621 modo
2180 2565 2558 2620 convertimini
2594 2565 2787 2618 iterum
2818 2563 2886 2617 ad
2932 2562 3142 2615 inllrtua
3175 2568 3231 2613 et
3264 2575 3429 2628 egena
3457 2556 3569 2610 ele-

1995 2666 2175 2710 menta
2191 2654 2283 2708 ὀἳ
2321 2674 2343 2707 ι
2374 2656 2432 2711 Si
2475 2655 2754 2710 Christum
2806 2655 3120 2724 proﬁtentes
3161 2650 3327 2705 Deum
3374 2663 3572 2717 cogno-

1993 2745 2193 2810 vimus,
2224 2756 2278 2800 et
2309 2748 2508 2818 cogniti
2540 2761 2570 2801 a
2600 2746 2839 2813 Christo,
2870 2745 3069 2814 cegniti
3099 2743 3329 2798 dicimur
3361 2757 3389 2795 a
3439 2743 3566 2807 Deo,

1994 2842 2269 2909 quomodo
2298 2838 2547 2893 Christus
2585 2853 2692 2892 non
2719 2847 2800 2891 est
2836 2836 3011 2890 Deus?

2072 2946 2094 2979 ι
2131 2928 2259 2983 Mihi
2288 2939 2467 2987 autem
2498 2929 2639 2983 absit
2668 2926 2921 2997 gloriari,
2954 2925 3054 2979 nisi
3087 2924 3141 2977 in
3170 2938 3330 2978 cruce
3357 2920 3567 2974 Domini

319 3010 543 3109 σταυρῷ
565 3032 659 3087 τοῦ
686 3010 893 3104 κυρίου
921 3031 1081 3104 ἡμῶν
1115 3010 1292 3104 Ἰησοῦ
1318 3010 1748 3105 Χριστοῦξδιόῦ
1769 3010 1893 3105 ἐμοὶ

2003 3018 2169 3075 nostri
2208 3018 2334 3073 Jesu
2369 3017 2612 3082 Christi,
2642 3030 2739 3086 per
2766 3029 2924 3085 quem
2958 3014 3086 3068 tnihi
3132 3013 3363 3066 mundus
3394 3010 3569 3064 cruci-

318 3122 525 3192 κόσμος
549 3122 910 3193 ἐσταύρωται,
945 3122 1102 3193 κάγὼ
1122 3122 1202 3194 τῷ
1232 3124 1445 3195 κόσμῳ.
1477 3142 1499 3176 ι
1538 3124 1595 3179 ’0
1625 3124 1894 3197 μακάριος

316 3211 509 3283 ψάλλει
537 3215 698 3269 Δαυῖδ
719 3230 731 3243 ·
768 3233 787 3266 t
815 3216 1179 3286 Καυχήσομαι
1208 3217 1302 3270 ἐπὶ
1327 3216 1407 3289 τῷ
1431 3216 1548 3290 Θεῷ
1580 3217 1661 3289 τῷ
1681 3218 1894 3290 Σωτῆρι

324 3319 450 3374 μου.
481 3305 668 3359 »Ἔστι
697 3305 753 3359 δὲ
779 3304 942 3374 σοφὸς
962 3302 1055 3358 καὶ
1080 3307 1423 3380 ἀγιοπρεπὴς
1447 3310 1476 3362 ὁ
1497 3308 1654 3377 λόγος
1672 3327 1686 3342 ·
1702 3310 1763 3364 ού
1783 3310 1893 3381 γὰρ

318 3395 378 3448 ἐν
428 3394 702 3467 ἀνθρώπῳ
762 3395 1268 3467 κατασεμνύνεσθαι
1316 3398 1423 3470 χρὴ
1472 3399 1674 3469 μᾶλλον
1721 3401 1891 3471 ἡμᾶς,

316 3484 434 3539 ἀλλ’
467 3487 561 3540 ἐπὶ
585 3486 722 3557 Θεῷ.
754 3487 880 3551 Πῶς
913 3482 1008 3542 οῦν
1037 3489 1066 3541 ό
1101 3487 1312 3551 Παῦλος
1351 3490 1410 3543 ἐν
1437 3489 1516 3560 τῷ
1555 3491 1775 3561 σταυρῷ
1801 3490 1893 3544 τοῦ

314 3571 557 3646 Χριστοῦ
582 3574 889 3644 καυχᾶσθαι
915 3591 1109 3647 φησινς
1142 3576 1290 3650 Ἔδει
1315 3577 1419 3648 γάρ
1445 3577 1642 3647 μᾶλλον
1666 3579 1757 3633 ἐπὶ
1774 3577 1895 3649 Θεῷ

316 3666 480 3725 τοῦτο
521 3666 654 3738 δρᾷν
678 3683 694 3700 ο
746 3667 947 3731 σκοπὸς
994 3669 1102 3739 γὰρ
1146 3661 1301 3731 οὗτος
1340 3670 1452 3730 τοῖς
1488 3668 1669 3733 ἄλλοις
1694 3669 1889 3738 άγίοις.

330 3756 472 3811 Ἀλλ’
503 3758 767 3833 ὑπάρχων
796 3756 1270 3831 Πνευματοφόρος,
1304 3759 1363 3811 ἐν
1402 3758 1615 3830 θανάτῳ
1655 3758 1893 3829 Χριστοῦ

319 3849 625 3920 καυχᾶσθαί
657 3862 842 3921 φησιν.
864 3844 1017 3903 Οἶδεν
1038 3845 1130 3904 οῦν
1152 3849 1263 3923 ἄρα
1282 3849 1415 3905 Θεὸν
1432 3850 1564 3907 ὄντα
1582 3851 1677 3904 καὶ
1697 3850 1893 3923 ἀληθῆ,

319 3940 419 3996 καὶ
447 3941 513 3995 δι’
543 3942 691 4015 ἡμᾶς
722 3940 961 3995 παθόντα
988 3941 1172 4014 σαρκί.

701 4158 803 4219 ἐκ
840 4155 947 4227 τῆς
987 4155 1138 4224 πρὸς
1183 4156 1526 4225 Ἐφεσίους.

398 4290 536 4363 Περὶ
581 4290 675 4345 τοῦ
724 4290 859 4345 Θεοῦ
904 4289 999 4344 καὶ
1050 4291 1262 4362 Πατρός
1314 4307 1493 4361 φησι·
1545 4308 1565 4341 t
1593 4289 1752 4346 Κατὰ
1800 4290 1899 4364 τὴν
1931 4322 1976 4381 D

322 4381 602 4453 ἐνέργειαν
627 4381 721 4435 τοῦ
748 4381 984 4456 κράτους
1008 4382 1108 4453 τῆς
1143 4381 1323 4453 ἰσχύος
1354 4379 1538 4446 αὐτοῦ,
1565 4382 1631 4452 ἢν
1658 4382 1897 4454 ἐνήργη-

327 4489 418 4526 σεν
469 4473 527 4526 ἐν
575 4473 653 4543 τῷ
690 4472 937 4544 Χριστῷ,
977 4474 1200 4545 ἐγείρας
1249 4473 1411 4528 αὑτὸν
1445 4473 1508 4539 ἐκ
1534 4474 1763 4546 νεκρῶν,
1802 4474 1898 4529 καὶ

325 4564 554 4628 καθίσας
576 4567 632 4616 ἐν
657 4564 805 4636 δεξιᾷ
834 4564 1000 4619 αὑτοῦ
1029 4568 1087 4619 ὲν
1114 4568 1224 4629 τοῖς
1256 4566 1624 4636 ἐπουρανίοις,
1642 4566 1899 4637 ὑπεράνω

323 4656 503 4726 πάσης
539 4652 768 4724 Ἀρχῆς,
820 4654 915 4707 καὶ
959 4653 1256 4718 Ἑξουσίας,
1312 4656 1406 4708 καὶ
1447 4657 1757 4728 Δυνάμεως,
1804 4655 1899 4713 καὶ

324 4744 683 4814 κυριότητος,
714 4741 809 4795 καὶ
852 4742 1054 4806 παντὸς
1084 4742 1348 4812 ὀνόματος
1374 4744 1803 4817 ὀνομαζομένου,
1836 4747 1896 4801 οὐ

328 4833 487 4903 μόνον
515 4830 573 4886 ἐν
603 4832 684 4903 τῷ
710 4832 865 4886 αίῶνι
892 4831 1086 4902 τούτῳ,
1106 4833 1241 4886 ἀλλὰ
1271 4835 1366 4887 καὶ
1396 4836 1451 4886 ἐν
1478 4836 1558 4907 τῷ
1588 4838 1892 4908 μέλλοντι.»

337 4924 468 4979 Ἰδοὺ
497 4924 587 4978 τὸν
626 4922 998 4995 ἐγηγερμένον
1032 4925 1096 4976 ἐκ
1120 4923 1324 4993 νεκρῶν
1343 4925 1636 4979 κεκάθικεν
1656 4927 1684 4979 ὁ
1710 4929 1900 5001 Πατὴρ

325 5017 386 5069 ἐν
401 5015 552 5086 δεξιᾷ
563 5014 1023 5086 αύτοῦλύπεράνω
1047 5013 1224 5085 πάσης
1252 5015 1577 5086 Ἀρχῆς,καὶ
1602 5017 1901 5083 Ἐξουσίας,

328 5109 421 5162 καὶ
452 5106 770 5178 Δυνάμεως,
799 5102 1136 5168 καῖ’παντὸς
1178 5105 1900 5180 ὀνόματοςκόνομαζομένου.

325 5190 392 5251 Ἀ
406 5198 455 5270 ρ’
482 5194 576 5253 οῦν
606 5196 915 5268 συνεδρεύει
939 5199 1006 5269 τῇ
1036 5197 1176 5267 ὑπὲρ
1207 5197 1385 5251 πάντα
1414 5197 1574 5267 φύσει
1608 5198 1731 5252 καθ’
1753 5202 1902 5271 ἡμᾶς

298 5285 614 5363 ανοούμενος
640 5286 945 5357 ἄνθρωπος,
976 5286 1072 5341 καὶ
1097 5285 1284 5358 ἕτερον
1308 5285 1484 5357 οὐδὲν,
1504 5287 1559 5357 ἢ,
1578 5290 1717 5358 ὅπερ
1748 5288 1898 5342 ἐστὶν

327 5378 546 5448 ἀληθὲς,
582 5378 659 5442 ὡς
695 5377 826 5440 Θεὸς
869 5378 1315 5449 ἐνανθρωπήσας,
1347 5378 1443 5433 καὶ
1490 5378 1753 5450 ύπάρχων
1806 5382 1902 5451 μὲν

408 5557 453 5589 ⁸⁸
483 5555 659 5612 Galat.
695 5573 778 5622 ιιι,
815 5556 1007 5641 23-27.
1084 5557 1129 5589 δ’
1173 5556 1350 5612 Galal.
1393 5572 1466 5624 tv,
1494 5556 1549 5621 8,
1578 5556 1629 5611 9.
1705 5556 1747 5587 ⁸¹
1790 5551 1897 5609 Gal:

2003 5570 2074 5620 vt,
2106 5553 2186 5609 14.
2265 5558 2310 5589 ἰ
2342 5555 2479 5613 Psal.
2517 5572 2626 5625 ut,
2654 5556 2706 5612 8.

1996 3110 2140 3167 ﬁxus
2166 3119 2269 3177 est,
2296 3119 2351 3165 et
2395 3125 2498 3179 ego
2537 3108 2738 3163 mundo
2758 3107 2826 3160 ".
2870 3124 2890 3158 ι
2938 3105 3134 3159 Beatus
3172 3103 3336 3156 David
3378 3100 3569 3154 canit:

2003 3223 2023 3257 ι
2065 3202 2350 3259 Gloriabor
2394 3202 2448 3255 in
2489 3200 2600 3256 Deo
2644 3198 2869 3254 salutari
2912 3212 3033 3251 nico
3064 3195 3142 3249 "l
3184 3213 3203 3249 ι
3253 3191 3450 3261 Utique
3483 3205 3571 3245 sa-

1992 3296 2173 3365 piens,
2204 3303 2473 3349 et~sancto
2501 3293 2620 3346 viro
2649 3290 2979 3346 conveniens
3005 3289 3210 3343 dictmn
3238 3303 3251 3340 :
3288 3298 3393 3338 non
3423 3283 3568 3335 enim

1999 3389 2051 3441 in
2086 3387 2305 3441 homine
2343 3384 2562 3455 gloriari
2599 3384 2754 3438 nobis
2785 3382 2867 3437 fas
2900 3389 3002 3445 est,
3037 3381 3131 3434 sed
3165 3379 3218 3433 in
3262 3378 3390 3433 Deo.
3428 3379 3573 3443 Quo-

2000 3480 2161 3552 modo
2193 3493 2323 3548 ergo
2354 3476 2555 3531 Paulus
2585 3476 2641 3530 in
2667 3488 2830 3530 cruce
2856 3472 3063 3527 Domini
3097 3470 3313 3542 gloriari
3343 3484 3402 3524 se
3435 3483 3574 3539 prae-

1998 3572 2169 3637 dicat,
2220 3585 2342 3624 cum
2391 3569 2445 3623 in
2482 3567 2592 3622 Deo
2622 3567 2801 3635 potius
2830 3565 2880 3629 id
2924 3564 3038 3620 ﬁeri
3083 3561 3402 3632 oporteret?
3434 3558 3571 3613 Nam

1998 3662 2090 3717 hic
2116 3660 2345 3714 aliorum
2374 3666 2682 3713 sanctorum
2731 3669 2928 3725 scnpus
2972 3668 3188 3721 semper
3220 3651 3449 3706 exstitit.
3480 3650 3573 3703 At-

2002 3752 2095 3821 qui
2141 3750 2306 3804 etiam
2360 3747 2558 3801 Paulus
2604 3747 2785 3799 divino
2822 3744 3027 3813 Spiritu
3074 3758 3180 3796 non
3224 3734 3573 3806 carchat;'et
3662 3796 3663 3801 η

2000 3850 2181 3897 tamen
2213 3839 2266 3892 in
2297 3838 2505 3892 Christi
2539 3843 2717 3891 morte
2745 3835 2965 3905 gloriari
3011 3849 3115 3887 non
3146 3833 3375 3887 duhitat.
3405 3832 3573 3888 Norat

1999 3944 2129 3996 ergo
2171 3943 2355 3983 verum
2402 3927 2567 3982 Deum
2615 3939 2771 3990 esse,
2815 3924 3029 3980 etiamsi
3088 3925 3256 3979 nostri
3307 3938 3469 3981 causa
3516 3925 3571 3979 in

1999 4034 2168 4076 carne
2203 4026 2431 4074 mortem
2461 4030 2751 4087 perpessus
2787 4014 2944 4071 foret.

2320 4154 2429 4225 ⁷ο
2458 4151 2540 4207 Ex
2572 4149 2813 4221 Epistula
2845 4150 2914 4204 ad
2952 4120 3235 4219 Ephesios:

2078 4307 2098 4343 t
2139 4287 2448 4344 Secundum
2488 4285 2857 4357 operationem
2903 4285 3156 4355 potentia:
3193 4284 3408 4341 virtutis
3454 4286 3575 4356 ejus

2006 4379 2129 4450 (est
2184 4378 2273 4433 hic
2336 4390 2516 4433 sermo
2557 4377 2622 4435 de
2667 4375 2777 4431 Deo
2798 4386 2868 4431 iet
2922 4374 3121 4446 Patre)
3164 4392 3325 4445 quam
3382 4392 3579 4446 opera.

2009 4481 2092 4527 tus
2120 4481 2204 4526 est
2246 4472 2297 4525 in
2348 4471 2567 4526 Christo
2594 4509 2611 4537 ,
2646 4470 2915 4525 suscitans
2956 4470 3104 4525 illum
3156 4486 3184 4523 a
3227 4471 3486 4533 mortuis,
3517 4479 3574 4525 et

2006 4566 2337 4622 constituens
2361 4564 2428 4619 ad
2458 4565 2738 4621 dexteram
2770 4576 2923 4618 suam
2966 4562 3021 4615 in
3062 4561 3373 4617 celestthus
3412 4574 3575 4629 super

2005 4672 2220 4713 omnem
2242 4656 2634 4727 Principatum,
2665 4664 2719 4710 et
2743 4655 3093 4720 Potestatcm.
3122 4659 3179 4705 et
3206 4651 3239 4705 \
3256 4652 3499 4716 irtutem.
3520 4662 3576 4707 et

2007 4748 2461 4814 Dominationem,
2510 4758 2565 4803 et
2605 4761 2768 4801 omne
2807 4759 3007 4799 nomen
3060 4742 3201 4811 quod
3243 4744 3574 4807 nominatur,

2008 4851 2115 4890 non
2148 4835 2321 4888 solum
2350 4834 2404 4889 in
2434 4837 2537 4891 hoc
2571 4835 2792 4900 saeculo,
2829 4832 2925 4888 sed
2954 4831 3115 4887 etiam
3150 4833 3202 4886 in
3236 4831 3418 4888 futuro
3440 4834 3510 4888 ⁸³.
3548 4854 3571 4888 a

2008 4925 2086 4981 En
2112 4925 2257 4980 illum
2283 4925 2455 4995 ipsum
2487 4939 2646 4995 quem
2673 4941 2740 4981 ex
2768 4922 2994 4981 mortuis
3020 4925 3402 4991 exsuscitarat,‘
3441 4942 3574 4980 (ἴαυεν

2009 5016 2186 5070 stituit
2207 5013 2367 5069 Pater
2399 5015 2466 5069 ad
2499 5016 2775 5071 dexteram
2816 5031 2971 5071 suam
2996 5030 3158 5085 supra
3179 5030 3395 5074 omnem
3428 5018 3579 5086 prin-

2010 5109 2270 5179 cipatum,
2298 5118 2352 5164 et
2386 5116 2730 5179 potestatem,
2757 5116 2811 5164 et
2851 5108 3142 5173 virtutem,
3185 5116 3240 5163 et
3277 5122 3438 5164 omne
3472 5125 3571 5163 uo-

2011 5213 2132 5253 men
2153 5200 2293 5267 quod
2318 5200 2643 5253 nominatur.
2692 5196 2941 5268 Nunquid
2968 5212 3096 5270 ergo
3130 5209 3188 5254 ut
3207 5201 3368 5255 homo
3403 5202 3573 5283 nostri

2009 5288 2220 5354 similis,
2255 5300 2309 5344 et
2339 5288 2471 5343 nihil
2495 5289 2639 5343 aliud
2659 5330 2673 5356 ,
2710 5287 2763 5344 in
2793 5298 3002 5344 natura:
3030 5291 3271 5346 omnium
3309 5304 3574 5360 suprema:

2011 5380 2230 5435 dextera
2259 5380 2475 5447 assidet,
2502 5389 2616 5449 aut,
2636 5382 2775 5451 quod
2798 5397 2979 5439 verum
3011 5391 3113 5448 est.
3147 5393 3207 5438 ut
3237 5381 3379 5440 Deus
3413 5383 3573 5440 homo

2818 5558 2863 5590 "
2895 5558 3091 5627 Ephcs.
3133 5576 3173 5627 t,
3212 5559 3299 5617 ιο.
3333 5559 3424 5618 2|.
