3910 6200
309 199 444 252 1217

1335 190 1392 245 8.
1437 187 1716 244 CYRILLI
1744 185 2209 242 ALEXANDRINI
2248 186 2563 243 ARCHIEP.

3422 181 3566 240 124⁷8

308 315 484 367 factus
505 311 528 363 ?
553 309 790 364 Verbum
820 320 1052 376 namque
1095 304 1263 368 Patri,
1297 315 1455 374 prout
1489 305 1557 356 ab
1595 317 1660 356 eo
1694 305 1884 372 proce-

2024 301 2272 372 μοοῦσιος
2295 301 2372 371 τῷ
2402 301 2598 371 Πατρὶ,
2631 299 2766 353 καθὸ
2813 300 3051 370 πέφηνεν
3083 297 3142 364 ἐξ
3172 296 3356 362 αὑτοῦ,
3393 315 3568 368 προσ.

308 411 411 459 dit.
439 395 934 459 consubstantialc,
984 404 1173 447 natura
1217 395 1448 445 humana
1488 390 1885 458 dispensatorie

309 497 581 556 assumpta
609 525 624 549 ,
662 485 861 539 factum
921 491 1003 537 est
1051 483 1231 535 homo.
1283 482 1458 546 Quare
1502 479 1752 532 effectum
1799 485 1886 532 est.

313 591 371 632 nt
404 583 454 632 in
481 594 590 632 uno
620 578 917 644 eodemque
947 574 1106 627 simul
1133 574 1271 627 Deus
1293 573 1603 633 exsisteret,
1627 578 1682 622 et
1703 569 1885 632 homo,

312 674 495 726 divina
524 670 694 740 gloria
729 667 1031 722 redimitus.

389 782 406 813 ι
447 763 674 830 Propter
700 761 841 829 quod
875 772 1140 812 memores
1169 765 1365 819 estote,
1403 754 1546 824 quod
1602 752 1890 820 aliquando

315 870 415 908 vos
448 853 617 908 eratis
649 860 835 919 gentes
883 851 933 902 in
966 863 1152 909 carne,
1197 845 1520 899 dicebamiui
1571 843 1886 912 praeputium

316 945 385 995 ab
418 959 478 996 ea
507 957 626 1010 quae
659 941 856 994 dicitur
895 939 1239 992 circumcisio
1267 936 1320 988 in
1351 951 1512 987 carne
1541 931 1841 987 mannl'acta
1875 949 1888 984 :

315 1036 456 1103 quod
488 1033 652 1087 eratis
684 1033 772 1085 illo
806 1031 858 1084 in
899 1039 1142 1098 tempore
1179 1029 1296 1081 sine
1331 1027 1570 1089 Christo,
1605 1025 1820 1078 alienati
1863 1039 1891 1078 ιι

317 1124 734 1180 conversatione
777 1119 976 1183 Israel,
1014 1129 1064 1171 et
1111 1120 1350 1186 hospites
1405 1123 1886 1178 testamentorum,

319 1215 692 1286 promissionis
721 1227 868 1281 spem
895 1225 1000 1264 non
1036 1210 1318 1271 habentes,
1345 1217 1399 1259 et
1427 1206 1545 1258 sine
1573 1203 1687 1256 Deo
1717 1204 1766 1255 in
1797 1203 1896 1256 hoc

320 1307 518 1364 mundo
541 1306 608 1357 ⁸⁵.
648 1323 666 1355 ι
697 1304 753 1358 Si
793 1312 980 1370 gentes
1021 1300 1292 1354 Christum
1331 1312 1432 1350 non
1493 1298 1788 1358 habentes,
1841 1292 1896 1345 in

321 1399 600 1465 impietate
628 1396 922 1448 secundum
961 1393 1102 1444 hunc
1138 1389 1392 1442 mundum
1440 1384 1893 1454 perseverabant;

322 1498 604 1554 postquam
643 1495 822 1538 autem
861 1483 1034 1550 ipsum
1086 1481 1284 1533 habere
1323 1486 1639 1546 ceperunt,
1698 1476 1901 1542 absque

324 1576 436 1630 Deo
469 1591 573 1629 non
609 1574 828 1627 fuerunt
861 1591 873 1624 :
905 1573 1032 1640 quid
1068 1571 1138 1622 ita
1169 1571 1416 1624 Christus
1454 1584 1559 1621 non
1601 1576 1686 1621 est
1715 1565 1900 1620 Deus?

401 1685 420 1718 ι
458 1665 627 1732 Httjns
676 1666 750 1718 rei
797 1664 968 1731 gratia
1012 1661 1169 1715 ﬂecto
1219 1674 1390 1730 genua
1437 1674 1551 1712 mea
1583 1658 1648 1710 ad
1682 1656 1892 1710 Patrem
1928 1647 1970 1701 Β

328 1759 541 1812 Domini
575 1757 745 1810 nostri
781 1753 906 1807 Jesu
943 1752 1164 1815 Christi,
1199 1766 1262 1803 ex
1299 1765 1406 1816 quo
1446 1750 1622 1802 omnis
1657 1747 1898 1817 paterni-

330 1851 490 1902 tasin
523 1849 674 1902 caelis
701 1855 755 1899 et
807 1846 857 1899 in
909 1855 1049 1898 terra
1098 1843 1446 1896 nominatur:
1497 1849 1556 1893 ut
1607 1841 1698 1892 det
1750 1837 1902 1891 vobis

327 1939 627 1994 secundum
669 1936 886 1990 divitias
913 1935 1097 2004 gloria:
1133 1949 1276 1999 suae,
1326 1934 1523 1986 virtute
1561 1930 1902 1985 corroborari

330 2044 428 2097 per
477 2029 737 2096 Spiritum
791 2026 907 2096 ejus
953 2026 1005 2078 in
1054 2023 1296 2077 interiori
1346 2023 1585 2085 homine,
1627 2020 1904 2074 Christum

330 2122 576 2174 habitare
607 2135 702 2187 per
729 2118 886 2171 [idem
919 2117 972 2170 in
1022 2115 1278 2170 cordibus
1323 2114 1517 2167 vestris
1537 2113 1604 2165 ".
1640 2130 1658 2163 ι
1700 2110 1902 2164 Nomen

335 2216 434 2264 hoc
467 2209 708 2263 Christus
742 2207 896 2260 Jews
929 2209 1009 2275 (ut
1057 2205 1355 2272 saepissime
1389 2204 1499 2273 jam
1545 2213 1670 2256 ante
1697 2201 1907 2255 menni-

332 2300 474 2369 mus)
507 2299 705 2366 ubique
744 2296 835 2348 Dci
875 2295 1051 2349 Patris
1083 2295 1315 2346 Verbum
1349 2294 1581 2346 humana
1615 2292 1785 2344 forma
1819 2292 1904 2346 in-

332 2394 522 2445 dutum
575 2389 866 2459 signiﬁcat.
915 2386 970 2441 Si
1023 2401 1153 2453 ergo
1209 2383 1460 2440 Christus
1514 2383 1904 2454 (posteaquam

333 2482 592 2544 Verbum,
624 2481 767 2550 quod
800 2481 969 2549 ipsmn
1009 2491 1221 2546 quoque
1262 2491 1358 2545 per
1385 2475 1644 2544 Spiritntn
1670 2485 1726 2526 ut
1769 2473 1907 2526 Deus

335 2575 390 2628 in
428 2573 582 2631 nobis
623 2571 906 2630 inhabitat.
944 2583 1164 2622 carnem
1215 2564 1382 2620 semel
1416 2561 1765 2634 assumpsit),
1803 2578 1906 2616 non

334 2674 419 2717 est
459 2661 596 2717 Deus
626 2678 639 2714 :
686 2661 956 2730 quorttodo
993 2675 1086 2728 per
1132 2660 1288 2713 [idem
1327 2658 1377 2710 in
1413 2657 1673 2710 cordibus
1707 2655 1911 2709 nostris

338 2756 641 2810 inhabitare
675 2755 872 2806 dicitur
900 2754 922 2805 ?
951 2752 1185 2804 Rursum
1219 2750 1262 2804 si
1293 2747 1596 2802 communis
1645 2747 1804 2799 homo
1831 2754 1914 2798 est

339 2847 610 2908 Christus,
653 2843 753 2912 71
785 2853 838 2896 et
883 2843 1022 2896 hlius
1083 2844 1149 2895 ab
1193 2857 1257 2895 eo
1286 2840 1534 2894 diversus
1557 2877 1572 2902 ,
1605 2838 1692 2906 qni
1722 2846 1911 2890 natura

340 2935 508 2988 Filius
530 2945 632 2997 est,
659 2943 712 2985 et
741 2932 885 2985 solus
921 2948 986 2984 ex
1028 2930 1135 2984 Deo
1159 2941 1315 2984 natus
1346 2938 1427 2984 est
1464 2948 1477 2982 :
1517 2929 1873 2997 quis,,qu:eso
1895 2964 1911 2992 ,

340 3034 426 3079 est
456 3025 545 3078 ille
592 3025 680 3092 qui
708 3024 912 3076 habitat
950 3024 1000 3075 in
1035 3022 1226 3075 nobis?
1284 3031 1376 3073 aut
1421 3017 1690 3090 quomodo
1731 3019 1784 3072 in
1817 3017 1917 3072 ho-

342 3119 583 3173 minibus
613 3117 878 3170 inhabitat
917 3131 1011 3183 per
1062 3114 1266 3168 ﬁdem?
1305 3129 1426 3166 cum
1471 3112 1706 3167 Joannes
1751 3110 1818 3165 de
1855 3123 1920 3164 eo

345 3209 579 3264 dilucide
611 3209 754 3275 dicat
787 3226 799 3261 :
843 3225 860 3257 ι
901 3205 955 3258 In
990 3207 1092 3260 hoc.
1137 3204 1530 3274 cognoscimus,
1581 3203 1721 3272 quod
1772 3202 1922 3256 ineo

344 3317 646 3365 manemus,
675 3311 728 3353 et
755 3301 868 3364 ipse
901 3299 952 3352 in
992 3299 1142 3352 nobis
1168 3307 1268 3363 est,
1309 3297 1561 3366 quoniam
1601 3298 1666 3351 de
1713 3295 1921 3365 Spiritu

345 3405 444 3445 suo
472 3391 619 3444 dedit
649 3391 804 3441 nobis
833 3389 900 3439 “.
947 3407 964 3437 ι

709 3479 794 3532 Ea:
829 3477 1064 3545 Epistula
1096 3483 1164 3530 ad
1191 3477 1570 3547 Philippensem

377 3617 389 3623 ε
425 3614 442 3646 ι
473 3592 604 3660 Quae
643 3591 771 3645 mihi
815 3591 1030 3644 fuerunt
1071 3590 1212 3644 lucra
1262 3590 1364 3660 (de
1404 3589 1821 3659 gloriationibus
1871 3589 1924 3643 in

350 3684 464 3753 lege
495 3682 771 3752 loquitur).
799 3683 910 3735 lucc
938 3681 1234 3734 arbitratus
1260 3696 1376 3734 sum
1410 3689 1632 3750 propter
1650 3679 1924 3733 Christum

351 3754 693 3831 detrimenta;
732 3772 1110 3828 Verumtamen
1135 3773 1388 3826 existimo
1411 3774 1590 3825 onmia
1629 3771 1925 3825 detrimen-

353 3879 463 3922 tum
497 3881 616 3922 esse
649 3877 868 3935 propter
910 3865 1235 3918 eminentem
1273 3864 1554 3918 scientiam
1602 3862 1728 3918 Jesu
1767 3863 1926 3919 Chri-

351 3961 418 4014 sti
457 3959 663 4011 Domini
694 3957 882 4023 nostri,
922 3967 1138 4026 propter
1153 3972 1309 4024 (piem
1339 3957 1519 4009 omnia
1544 3956 1924 4009 detrimentum

354 4050 561 4114 lcei,et
609 4051 847 4102 arbitror
879 4059 931 4102 ut
976 4059 1237 4111 stercora,
1289 4057 1346 4100 ut
1391 4047 1666 4101 Christum
1701 4045 1925 4099 lucrifa-

354 4141 587 4194 ciam".
631 4158 648 4190 ι
694 4140 830 4204 Quid
881 4149 984 4205 est,
1035 4139 1248 4202 amabo,
1298 4139 1492 4192 eximia
1547 4137 1743 4191 Christi
1799 4135 1924 4190 Jesu

356 4230 623 4283 scientia?
677 4231 785 4282 Cur
836 4232 1014 4282 omnia
1079 4245 1196 4299 qua:
1255 4231 1384 4297 legis
1430 4238 1578 4293 sunt,
1633 4231 1928 4283 detrimen-

1985 391 2163 444 λαϐὼν
2190 392 2246 444 δὲ
2270 391 2330 444 τὸ
2360 389 2696 461 ἀνθρώπινον
2723 390 3103 460 οἰκονομικῶς,
3140 391 3225 442 ἴνα
3267 389 3324 440 ὲν
3366 388 3520 456 αὐτῷ
3543 398 3568 436 Ρ

1986 484 2172 552 νοῆται
2199 482 2328 544 Θεός
2355 499 2414 534 τε
2441 482 2576 551 ὁμόῦ
2610 480 2707 534 καὶ
2737 481 3024 551 ἄνθρωπος
3057 483 3084 534 ὁ
3115 479 3301 542 αὐτὸς,
3351 478 3443 532 καὶ
3477 475 3572 530 διὰ

1987 573 2145 625 τοῦτο
2169 575 2234 643 τῇ
2269 571 2388 641 θεία
2419 571 2546 644 δόξῃ
2578 571 3022 642 κατεστεμμένος
3042 589 3070 635 ς.

2070 773 2088 804 ι
2126 753 2217 806 Διὸ
2273 751 2662 822 μνημονεύετε,
2713 751 2794 803 ὅτι
2847 735 2976 803 ποτέ
3028 751 3184 818 ὑμεῖς
3228 747 3296 800 τὰ
3345 747 3472 812 ἔθνη
3513 750 3576 799 ὲν

1992 846 2176 916 σαρκὶ,
2206 845 2253 896 ol
2283 844 2562 913 λεγόμενοι
2592 841 2928 911 ἀκροϐυστία
2974 842 3078 893 ὑπὸ
3125 840 3222 909 τῆς
3267 838 3577 907 λεγομένης

1991 931 2292 1002 περιτομῆς
2339 933 2396 983 ὲν
2450 929 2612 1000 σαρκὶ
2663 933 3074 999 χειροποιήτου·
3122 930 3205 981 ὅτι
3249 924 3346 998 ἦτε
3389 928 3444 979 έν
3494 926 3602 996 τῷ-

1994 1022 2172 1092 καιρῷ
2197 1023 2388 1091 ἐκείνῳ
2414 1023 2580 1090 χωρὶς
2603 1019 2840 1092 Χριστοῦ
2858 1031 2907 1085 ιι,
2940 1019 3448 1089 ἀπηλλοτριωμένοι
3474 1017 3576 1086 τῆς

1997 1113 2268 1176 πολιτείας
2299 1113 2390 1165 τοῦ
2428 1112 2662 1183 Ἰσραὴλ,
2695 1113 2789 1164 καὶ
2838 1112 2979 1176 ξένοι
3006 1112 3115 1163 τῶν
3143 1111 3443 1180 διαθηκῶν,
3471 1109 3576 1175 τῆς

1997 1205 2327 1274 ἐπαγγελίας
2391 1203 2581 1256 ἐλπίδα
2650 1204 2725 1274 μὴ
2791 1203 3023 1273 ἔχοντες,
3050 1205 3151 1256 καὶ
3189 1203 3336 1257 ἄθεοι
3391 1205 3445 1255 ὲν
3497 1201 3598 1270 τῷ·

1999 1299 2206 1367 κόσμῳ.
2244 1316 2260 1347 ι
2297 1297 2359 1350 Εἰ
2390 1296 2622 1365 Χριστὸν
2661 1297 2762 1349 οὐκ
2805 1297 2994 1365 ἔχοντα
3029 1297 3096 1348 τὰ
3139 1295 3266 1365 ἔθνη
3302 1295 3579 1348 διετέλουν

2000 1393 2058 1443 ὲν
2088 1389 2340 1458 ἀθεότητι
2364 1387 2504 1440 κατὰ
2531 1388 2620 1440 τὸν
2643 1388 2848 1457 κόσμον
2869 1427 2882 1449 ,
2921 1375 3108 1458 ἐπειδὴ
3134 1387 3189 1439 δὲ
3218 1387 3380 1440 αὑτὸν
3417 1387 3582 1455 ἐσχή-

2000 1493 2180 1538 κασιν,
2212 1476 2272 1528 οὐ
2307 1476 2677 1546 μεμενήκασιν
2725 1475 2873 1528 ἄθεοι
2895 1484 2917 1513 ι’
2939 1492 2954 1506 ο
2991 1476 3107 1539 πῶς
3135 1475 3241 1545 ἄρα
3285 1476 3345 1528 οὑ
3389 1473 3525 1538 Θεὸς
3552 1477 3580 1526 ὁ

2003 1566 2236 1637 Χριστός
2257 1581 2272 1629 ;

2080 1676 2097 1708 ι
2131 1657 2331 1709 Τούτου
2364 1656 2523 1728 χάριν
2556 1656 2794 1726 κάμπτω
2819 1657 2885 1711 τὰ
2913 1658 3115 1725 γόνατά
3165 1675 3266 1728 μου
3318 1658 3451 1725 πρὸς
3482 1659 3596 1711 τὸν.

2005 1747 2224 1819 Πατέρα
2279 1746 2392 1818 [τοῦ
2424 1747 2626 1817 Κυρίου
2682 1748 2838 1817 ἡμῶν
2895 1747 3070 1818 Ἰησοῦ
3111 1747 3398 1819 ΧριστοῦῙ,
3429 1748 3499 1812 ἐξ
3517 1744 3578 1801 οὗ

2005 1841 2154 1895 πᾶσα
2191 1837 2393 1909 πατριὰ
2422 1839 2480 1890 ἐν
2515 1839 2762 1908 οὐρανοῖς
2801 1841 2905 1893 καῖ·
2936 1840 3029 1890 ἐπὶ
3073 1839 3175 1908 γῆς
3215 1839 3598 1908 ὀνομάζεταιο·

2005 1930 2088 1982 ἶνα
2121 1929 2231 2000 δῴη
2261 1929 2388 1999 ὑμῖν
2420 1930 2559 1982 κατὰ
2609 1929 2702 1982 τὸν
2767 1928 2992 1983 πλοῦτον
3047 1931 3146 1999 τῆς
3203 1930 3360 2000 δόξης
3383 1930 3578 1998 αὑτοῦ,

2002 2021 2229 2091 δυνάμει
2259 2021 2666 2091 κραταιωθῆναι
2704 2021 2792 2074 διὰ
2819 2021 2914 2075 τοῦ
2950 2023 3264 2094 Πνεῦματος
3299 2025 3464 2078 αὑτοῦ
3497 2029 3594 2090 είς.

2003 2112 2095 2165 τὸν
2115 2113 2223 2165 ἔσω
2249 2107 2555 2183 ἄνθρωπον,
2577 2165 2583 2178 ,
2605 2114 2932 2183 κατοικῆσαι
2970 2115 3061 2167 τὸν
3087 2116 3320 2186 Χριστὸν
3355 2117 3446 2169 διά
3476 2121 3596 2186 τῆς

2006 2203 2245 2266 πίστεως
2299 2205 2356 2257 έν
2425 2205 2545 2266 ταῖς
2597 2204 2846 2275 καρδίαις
2910 2205 3085 2276 ὑμῶν.
3144 2225 3162 2258 ι
3209 2207 3281 2259 Τὸ
3326 2207 3581 2275 Χριστὸς

2019 2293 2258 2361 Ἰησοῦς
2287 2294 2477 2363 ὸνομα,
2511 2293 2647 2348 καθὸ
2674 2295 2993 2358 πλειστάκις
3025 2297 3350 2367 εἰρήκαμεν,
3370 2296 3584 2368 ἀνθρω-

2008 2384 2140 2453 πεία
2176 2385 2358 2454 μορφῇ
2389 2382 2480 2436 τὸν
2511 2384 2573 2436 ὲκ
2605 2383 2741 2438 Θεοῦ
2784 2386 3065 2455 πεφηνότα
3109 2387 3278 2452 Λόγον
3324 2388 3585 2456 σημαίνει

2011 2473 2304 2546 πανταχοῦ.
2337 2475 2459 2537 Πῶς
2485 2471 2579 2528 οὖν
2611 2476 2670 2530 έν
2698 2479 2818 2540 ταῖς
2855 2477 3103 2548 καρδίαις
3155 2477 3314 2548 ἡμῶν
3342 2480 3592 2532 κατοικεῖ

2008 2567 2096 2621 διὰ
2149 2568 2247 2638 τῆς
2302 2567 2559 2631 πίστεως,
2611 2570 2660 2620 sl
2717 2570 2792 2638 μὴ
2839 2571 3042 2621 νοεῖται
3085 2569 3237 2634 Θεὸς,
3285 2569 3590 2634 ένώσαντος

2010 2657 2190 2728 ἑαυτῷ
2215 2659 2312 2728 τὴν
2342 2661 2517 2730 σάρκα
2548 2658 2641 2712 τοῦ
2680 2660 2876 2728 Λόγου,
2907 2660 2967 2724 ὃς
3001 2662 3096 2713 καὶ
3129 2660 3328 2724 θεῖκῶς
3365 2663 3424 2714 ἐν
3455 2663 3611 2731 ὴμῖν-

2013 2751 2262 2802 κατοικεί
2287 2748 2378 2801 διὰ
2419 2748 2510 2802 τοῦ
2536 2749 2850 2820 Πνεῦματος
2873 2767 2886 2817 ;
2925 2751 2987 2803 El
3014 2751 3070 2803 δὲ
3101 2751 3279 2814 κοινὸς
3303 2751 3591 2823 ἄνθρωπος

2013 2842 2041 2893 ὁ
2066 2841 2317 2911 Χριστὸς,
2346 2841 2438 2893 καὶ
2465 2840 2652 2911 ἕτερος
2677 2841 2789 2904 υἱὸς
2814 2841 2966 2912 παρὰ
2989 2842 3082 2895 τὸν
3107 2842 3265 2912 φύσει
3291 2845 3382 2896 καὶ
3402 2845 3594 2913 μόνον,

2017 2933 2160 3003 φημ’ἱ
2187 2932 2253 3004 δὴ
2283 2932 2374 2986 τδν
2403 2935 2467 2986 ὲκ
2489 2933 2646 2998 θεοῦ,
2676 2933 2760 2996 τίς
2789 2934 2818 2985 ὁ
2851 2936 2908 2986 ὲν
2931 2935 3060 3004 ἡμῖν
3081 2935 3386 2996 κατοικῶν;
3413 2935 3445 3004 ἦ
3474 2936 3595 2999 πῶς

2019 3023 2325 3095 ἀνθρώποις
2356 3024 2445 3077 διὰ
2475 3025 2709 3088 πίστεως
2734 3026 3093 3092 ὲνοικίζεται;
3131 3028 3309 3080 καίτοι
3337 3028 3594 3097 λέγοντος

2032 3117 2277 3171 Ἰωάννου
2310 3117 2495 3186 σαφῶς
2523 3118 2652 3188 περὶ
2683 3117 2778 3171 τοῦ
2829 3119 3098 3190 Χριστοῦ·
3135 3139 3154 3171 ‹
3178 3121 3265 3173 Ἐν
3298 3122 3463 3191 τούτῳ
3498 3137 3600 3189 γι·-

2021 3208 2321 3280 νώσκομεν,
2359 3209 2439 3263 ὅτι
2478 3211 2535 3262 ὲν
2567 3211 2698 3280 ἡμῖν
2729 3213 2896 3275 ἐστιν,
2927 3212 3007 3266 ὅτι
3040 3214 3102 3265 ὲκ
3140 3211 3234 3266 τοῦ
3280 3213 3600 3284 Πνεῦματος

2022 3299 2185 3354 αὑτοῦ
2214 3299 2412 3353 ἔδωκεν
2441 3301 2590 3371 ἡμῖν.
2632 3320 2652 3353 ι

2345 3478 2446 3532 Ἐκ
2487 3477 2596 3546 τῆς
2636 3480 2784 3548 πρὸς
2825 3482 3289 3549 Φιλιππησίους.

2099 3593 2233 3663 Περὶ
2257 3592 2366 3647 τῶν
2392 3593 2450 3645 ὲν
2472 3593 2622 3665 νόμῳ
2639 3611 2814 3665 καυχη
2825 3595 3009 3665 μάτων
3041 3595 3202 3666 φησίν
3222 3613 3236 3626 ο
3261 3615 3280 3646 ι
3315 3597 3504 3650 Ἀτινα
3530 3593 3606 3667 ἦν

2029 3700 2119 3754 μοι
2165 3681 2353 3752 κέρδη,
2399 3681 2569 3736 ταῦτα
2621 3684 2837 3754 ἥγημαι
2867 3685 2955 3738 διὰ
2993 3686 3082 3739 τὸν
3109 3686 3340 3757 Χριστὸν
3371 3686 3600 3756 ζημίαν,

2040 3773 2200 3826 Ἀλλά
2229 3773 2488 3844 μενοῦνγε
2518 3775 2759 3845 ἡγοῦμαι
2788 3778 2856 3829 τὰ
2889 3777 3065 3830 πάντα
3095 3776 3296 3849 ζημίαν
3324 3773 3486 3843 εἶναι,
3517 3778 3609 3833 διὰ

2025 3865 2088 3919 τὸ
2118 3866 2384 3936 ὑπερέχον
2407 3866 2508 3935 τῆς
2531 3865 2784 3934 γνώσεως
2809 3867 3044 3938 Χριστοῦ
3077 3868 3250 3940 Ἰησοῦ
3275 3867 3368 3921 τοῦ
3399 3869 3608 3939 Κυρίου

2028 3955 2204 4026 ἡμῶν,
2232 3955 2299 4008 δι’
2336 3955 2394 4008 ὃν
2415 3955 2484 4008 τὰ
2505 3956 2681 4009 πάντα
2703 3955 3015 4028 ἐζημιώθην
3034 3997 3048 4022 ,
3081 3960 3172 4012 καὶ
3195 3959 3432 4030 ἠγοῦμαι
3470 3959 3610 4012 σκύ-

2029 4045 2165 4097 ϐαλα
2186 4041 2342 4108 εἶναι,
2373 4045 2456 4098 ἵνα
2478 4045 2708 4116 Χριστὸν
2731 4046 2997 4117 κερδήσω.
3013 4068 3029 4099 ι
3063 4050 3128 4101 Τί
3150 4049 3206 4102 δὲ
3234 4051 3327 4102 καὶ
3349 4050 3410 4102 τὸ
3433 4051 3609 4120 ὑπερ-

2029 4134 2149 4206 έχον
2194 4135 2294 4206 τῆς
2321 4135 2574 4204 γνώσεως
2619 4137 2789 4206 Ἰησοῦ
2807 4137 3070 4209 Χριστοῦ;
3103 4139 3200 4197 Διὰ
3230 4139 3283 4192 τί
3315 4139 3490 4209 ζημία
3512 4143 3611 4194 καὶ

2033 4225 2276 4279 σκύϐαλα
2291 4227 2347 4278 ὲν
2363 4227 2540 4296 νόμῳ;
2565 4227 2752 4280 Καίτοι
2777 4227 2909 4281 Θεὸν
2933 4227 3023 4280 τὸν
3046 4228 3206 4297 φύσει
3232 4230 3324 4281 καὶ
3354 4229 3612 4298 ἀληθινὸν

357 4329 532 4372 torum
561 4325 615 4370 et
667 4318 1072 4386 qnisquiliarnm
1112 4319 1226 4370 loco
1261 4319 1451 4372 duxit?
1500 4317 1668 4372 Porro
1699 4319 1781 4372 lex
1815 4317 1910 4371 Mor

2034 4319 2062 4371 ὁ
2092 4318 2178 4370 διὰ
2206 4316 2450 4380 Μωσέως
2483 4316 2643 4386 νόμος
2664 4318 2774 4380 τοῖς
2795 4317 3167 4389 ἀρχαιοτέροις
3193 4319 3491 4388 ἐκήρυττεν
3512 4333 3529 4348 ο
3560 4321 3614 4370 οἱ

357 4409 502 4462 Saica
548 4406 740 4474 priscis
804 4408 907 4460 illis
952 4407 1255 4462 hominibus
1308 4424 1494 4461 verum
1527 4409 1930 4478 naturalemque

359 4482 527 4552 Deum
585 4498 987 4566 praedicaverit,
1041 4512 1190 4551 nova:
1247 4510 1426 4552 autem
1475 4499 1609 4569 legis
1673 4499 1922 4554 doctores

361 4590 545 4645 losum
571 4588 844 4644 Christum
887 4605 1029 4644 nunc
1063 4590 1370 4645 hominibus
1413 4591 1754 4645 annuntiant.
1787 4591 1929 4648 Sane

361 4683 405 4734 si
438 4690 644 4734 tantum
674 4681 978 4736 communis
1012 4680 1288 4749 nostrique
1327 4682 1522 4736 similis
1573 4683 1732 4735 homo
1761 4695 1924 4749 esset,

361 4787 482 4825 cum
535 4769 712 4825 Verbo
757 4772 899 4841 quod
954 4787 1020 4824 ex
1090 4771 1198 4824 Deo
1258 4771 1503 4840 procedit
1592 4771 1925 4841 hypostatica

362 4863 561 4917 unione
593 4879 696 4916 non
726 4864 1065 4932 conjunctus,
1094 4870 1256 4932 atque
1284 4863 1406 4918 ideo
1443 4878 1540 4918 nec
1573 4843 1730 4918 ‘Deus
1759 4865 1932 4919 credi-

2036 4409 2093 4462 δὲ
2115 4409 2211 4479 τῆς
2237 4407 2361 4471 νέας
2395 4408 2669 4478 Διαθὴκης
2700 4410 3047 4479 μυσταγωγοὶ
3066 4409 3296 4480 Χριστὸν
3317 4409 3394 4479 τῷ
3415 4411 3617 4479 κόσμῳ

2037 4499 2490 4570 κατηγγέλκασιν.
2528 4499 2673 4552 Ἀλλ’
2707 4500 2863 4570 εἴπερ
2931 4500 3076 4552 ἐστὶν
3131 4499 3412 4570 ἄνθρωπος
3476 4501 3620 4552 καθ’

2036 4591 2201 4659 ἡμᾶς,
2249 4587 2377 4641 αὐτὸ
2424 4586 2488 4657 δὴ
2534 4586 2692 4640 τοῦτο
2737 4587 2932 4652 κοινὸς,
2973 4588 3071 4658 οὐχ
3124 4587 3312 4640 ένὼσει
3356 4591 3422 4658 τῇ
3479 4588 3621 4642 καθ’

2035 4681 2349 4744 ὑπόστασιν,
2371 4683 2436 4751 τῇ
2455 4681 2590 4750 πρός
2609 4697 2691 4749 γε,
2714 4681 2877 4752 φημὶ,
2902 4681 2991 4734 τὸν
3018 4683 3082 4734 ἐκ
3106 4681 3238 4734 Θεοῦ
3261 4682 3452 4750 Λόγον,
3474 4677 3619 4735 εἶναι

2035 4771 2166 4834 Θεὸς
2195 4770 2649 4841 πεπιστευμένος,
2681 4771 2798 4836 πῶς
2833 4773 3088 4844 ὑπερέξει
3123 4774 3221 4846 τῆς
3263 4775 3495 4844 νομικῆς
3527 4775 3623 4828 πί-

2041 4881 2208 4927 στεως
2241 4865 2272 4934 ἡ
2304 4864 2423 4916 κατ’
2460 4863 2663 4930 αὑτόν;

362 4962 450 5010 tus
490 4971 505 5010 τ
556 4972 658 5009 ιιοιι
692 4957 844 5011 video
865 4972 969 5025 qua
1013 4956 1218 5010 ratione
1249 4957 1380 5012 ﬁdes
1405 4957 1458 5011 in
1492 4959 1686 5026 ipsum,
1712 4957 1870 5012 ﬁdem
1911 4971 2029 5027 quae
2054 4970 2118 5011 ex
2145 4957 2259 5028 lege
2284 4965 2387 5022 est,
2414 4957 2662 5012 excellet.

731 5046 816 5100 Ex
844 5045 1081 5115 Epistola
1115 5050 1182 5100 ad
1210 5045 1563 5102 Colosseits'es.

438 5157 460 5190 ι
505 5137 726 5194 Gaudeo
751 5136 1167 5210 nunc(inquit)
1205 5139 1256 5192 in
1293 5137 1634 5207 passionibus
1663 5138 1798 5194 meis
1832 5154 1930 5210 pro

2385 5047 2487 5101 Ἐκ
2525 5046 2636 5116 τῆς
2674 5048 2823 5116 πρὸς
2866 5045 3263 5111 Κολασσαεῖς.

2115 5159 2133 5189 ι
2163 5139 2276 5192 Νῦν
2307 5138 2501 5210 χαίρω,
2531 5139 2712 5210 φησιν,
2745 5139 2802 5192 έν
2852 5142 2963 5201 τοῖς
3011 5137 3297 5212 παθήμασί
3335 5155 3440 5208 μου
3473 5137 3630 5210 ὑπὲρ

435 5280 481 5313 ⁸⁸
513 5281 710 5350 Ephes.
739 5298 798 5347 ιι,
835 5282 922 5348 il,
957 5281 1044 5336 l2.
1119 5282 1166 5315 "
1198 5282 1397 5352 Ephes.
1427 5299 1508 5351 ιιι,
1547 5282 1732 5337 14-17.
1786 5281 1832 5312 ⁵⁸
1865 5279 1880 5333 l

2020 5299 2068 5336 ιι.
2101 5297 2178 5344 Iv,
2217 5281 2302 5336 15.
2377 5280 2420 5310 ⁸⁷
2453 5278 2678 5350 Philipp.
2712 5295 2796 5348 III,
2825 5278 2880 5345 7,
2903 5280 2956 5335 8.

1441 5437 1614 5494 Variae
1649 5435 1905 5493 lectiones
1933 5434 2132 5492 codicis
2167 5432 2524 5503 Seguieriani.

443 5583 467 5622 ι’
495 5574 568 5628 al.
601 5574 804 5645 ταύτῷ.
879 5586 908 5625 ει
930 5572 1082 5628 Θεοῦ.
1166 5584 1187 5612 ι’
1220 5573 1372 5629 ἄθεα.
