3910 6200
319 222 340 277 ι
353 219 458 277 269

1415 220 1507 275 or.
1547 198 1776 276 ιιεςτἈ
1819 214 1971 273 FIDE
2010 217 2102 272 ao
2140 217 2461 278 REGINAS.

3439 231 3579 290 £250

323 330 500 404 ὑμῶν,
522 330 616 385 καὶ¹
641 329 1037 404 ἀνταναπληρῶ
1063 333 1129 389 τά
1149 334 1499 408 ὑστερήματα
1524 336 1633 390 τῶν
1669 334 1901 397 θλίψεων

2009 334 2183 398 vobis,
2213 346 2268 391 et
2294 336 2567 407 adimplet)
2590 352 2653 394 ea
2682 354 2801 410 quae
2824 342 3019 399 desunt
3064 346 3379 417 passionum
3415 349 3577 405 Chri-

323 424 419 478 τοῦ
454 420 691 494 Χριστοῦ
738 424 796 475 ἐν
838 426 904 495 τῇ
958 422 1122 496 σαρκί
1160 444 1261 497 μου
1312 427 1453 500 ὑπὲρ
1506 427 1598 481 τοῦ
1650 427 1900 499 σώματος

323 514 516 578 αὐτοῦ,
544 515 573 567 ὃ
598 516 745 566 ἐστιν
772 516 804 585 ἡ
846 516 1169 585 Ἐκκλησία⁶
1199 513 1266 590 ἧς
1295 519 1562 590 ἐγενόμην
1593 519 1703 588 ἐγὼ
1720 520 1901 573 διάκο-

322 623 413 670 νος
444 605 583 659 κατὰ
611 604 710 675 τὴν
738 606 1051 676 οἰκονομίαν
1086 609 1181 661 τοῦ
1223 609 1360 663 Θεοῦ
1390 610 1490 681 τὴν
1525 611 1773 666 δοθεῖσάν
1810 629 1900 683 μοι

319 701 401 763 είς
427 698 590 768 ὑμᾶς,
621 696 909 769 πληρῶσαι
947 701 1039 753 τὸν
1069 701 1231 771 λόγον
1256 703 1351 756 τοῦ
1393 705 1529 758 Θεοῦ
1553 723 1566 736 ’
1601 704 1658 759 τὸ
1693 707 1901 777 μυστή-

321 810 437 866 ριον
480 792 542 846 τὸ
581 791 1074 864 ἀποκεκρυμμένον
1110 794 1217 849 ἀπὸ
1250 796 1359 850 τῶν
1401 796 1613 853 αἰώνων
1655 799 1749 852 καὶ
1792 799 1901 853 ἀπὸ

317 883 429 936 τῶν
456 882 681 951 γενεῶν,
715 885 834 936 νυνὶ
887 884 943 937 δὲ
996 886 1313 959 ἐφανερώθη
1356 890 1469 952 τοῖς
1503 890 1679 956 ἁγίοις
1710 889 1897 957 αὐτοῦ,

316 968 400 1038 οἷς
426 972 693 1044 ἠθέλησεν
731 973 760 1026 6
800 973 932 1039 Θεὸς
963 978 1228 1048 γνωρίσαι
1258 978 1341 1043 τίς
1368 982 1396 1035 6
1428 981 1656 1046 πλοῦτος
1685 982 1786 1055 τῆς
1815 983 1900 1036 δό-

318 1065 417 1137 ξης
452 1064 547 1117 τοῦ
601 1065 898 1137 μυστηρίου
933 1067 1099 1120 αὑτοῦ
1155 1072 1213 1121 ἐν
1260 1073 1372 1133 10?;
1417 1071 1736 1139 ἔθνεσινιός
1783 1075 1900 1128 ἐστι

315 1157 552 1227 Χριστὸς
584 1159 640 1210 ὲν
672 1159 825 1228 ἡμῖν,
866 1159 899 1229 ἠ
935 1159 1090 1223 ἐλπὶς
1129 1160 1231 1230 τῆς
1257 1162 1436 1233 δόξης.
1480 1161 1539 1217 ὃν
1568 1167 1730 1235 ἡμεῖς
1763 1183 1899 1221 κατ-

317 1250 677 1321 αγγέλλομεν.
706 1268 728 1304 ι
774 1245 898 1313 Πῶς
952 1252 1259 1323 κέκρυπται
1292 1254 1352 1307 τὸ
1386 1256 1757 1330 μυστήριον,ἢ
1784 1244 1899 1324 πῶς

318 1341 466 1392 ἐστιν
492 1339 629 1404 ὅλως
657 1340 829 1409 Λόγος
859 1340 1017 1406 Θεοῦ,
1042 1346 1193 1408 ποῖος
1222 1343 1279 1396 δὲ
1305 1346 1333 1398 6
1361 1346 1590 1411 πλοῦτος
1617 1349 1718 1419 τῆς
1740 1350 1900 1421 δόξης

193 1482 205 1494 ,
318 1431 527 1486 ἔνεστιν
552 1430 722 1501 αὐτῷ,
748 1431 906 1505 εἴπερ
937 1434 1054 1487 ἐστὶ
1080 1436 1260 1499 κοινὸς
1289 1435 1576 1508 ἄνθρωπος
1608 1440 1729 1494 καθ’
1752 1443 1901 1512 ἡμᾶς

319 1526 348 1578 6
374 1521 608 1594 Χριστός
633 1540 662 1601 ς.
702 1523 837 1576 eos:
868 1523 976 1593 γὰρ
1004 1525 1147 1594 μέγα
1178 1527 1348 1593 ἐστὶν,
1378 1528 1497 1582 ἀλλ’
1527 1530 1647 1583 οὐδὲ
1694 1532 1933 1598 ἀξιόλον

318 1632 416 1684 γον
447 1614 507 1667 τὸ
543 1615 865 1685 μυστήριον,
897 1617 946 1669 εί
989 1617 1064 1687 μὴ
1093 1617 1170 1682 ὡς
1200 1618 1319 1691 Θεῷ
1348 1622 1646 1693 προσίεμεν
1672 1623 1750 1694 τῷ
1766 1626 1899 1694 Χρι-

323 1706 453 1777 στῷ,
484 1705 578 1759 καὶ
612 1705 894 1775 συνίεμεν,
927 1707 1008 1760 ὅτι
1036 1708 1167 1773 Θεὸς
1192 1710 1268 1764 ὢν
1294 1712 1324 1764 6
1352 1712 1544 1782 Λόγος,
1575 1715 1670 1768 καὶ
1707 1717 1765 1768 ὲν
1794 1716 1900 1770 ἰσό-

319 1815 443 1869 τητι
473 1798 568 1851 καὶ
600 1800 782 1869 μορφῇ
822 1797 917 1851 τοῦ
947 1801 1185 1873 Πατρὸς,
1216 1803 1456 1875 καθῆκεν
1481 1806 1673 1860 ἑαυτὸν
1703 1809 1783 1872 είς
1808 1808 1901 1861 κέ-

321 1905 510 1954 νωσιν,
542 1888 834 1959 γενόμενος
880 1888 1186 1963 ἄνθρωπος,
1237 1895 1333 1947 καὶ
1385 1897 1713 1969 μεμενηκὼς
1763 1900 1900 1972 ὅπερ

320 1975 390 2052 ἦν
413 1997 426 2011 ·
478 1979 735 2034 πλούσιον
782 1980 890 2053 γὰρ
922 1981 1064 2036 οὕτω
1106 1984 1204 2038 καὶ
1245 1985 1372 2060 δόξῃ
1410 1987 1578 2060 πολλῇ
1611 1992 1810 2044 νοεῖται
1839 1991 1901 2045 τὸ

326 2087 625 2141 μνστηριον
636 2112 652 2128 .

400 2262 419 2295 ι
443 2244 531 2310 Ὠς
555 2241 649 2300 οὖν
681 2248 1018 2319 παρελάϐετε
1047 2251 1139 2305 τὸν
1178 2252 1412 2324 Χριστὸν
1444 2254 1653 2328 Ἰησοῦν
1694 2257 1901 2329 Κύριον

323 2335 501 2407 ἡμῶν,
531 2338 589 2390 ὲν
611 2338 761 2409 αὐτῷ
786 2343 1157 2412 περιπατεῖτε,
1185 2343 1539 2416 ἐρριζωμένοι
1567 2348 1660 2401 καὶ
1686 2349 1901 2403 ἐποικο-

322 2426 648 2499 δομούμενοι
697 2430 756 2483 ἐν
808 2431 977 2503 αὐτῷ,
1009 2433 1103 2487 καὶ
1138 2432 1514 2507 βεϐαιούμενοι
1548 2440 1607 2492 ὲν
1637 2438 1836 2494 πίστει.
1874 2459 1893 2494 ι

326 2518 448 2583 Πῶς
480 2516 574 2574 οὖν
604 2522 984 2594 παρελάϐομεν
1025 2525 1118 2579 τὸν
1142 2528 1401 2597 Χριστὸν,
1439 2529 1637 2598 διδάξει
1667 2532 1838 2603 λέγων
1872 2537 1900 2588 6

325 2608 488 2678 σοιρὸς
526 2611 780 2682 Ἰωάννης
799 2629 813 2643 ⁸
853 2631 871 2665 ι
899 2615 1008 2667 Καὶ
1032 2617 1060 2669 6
1083 2617 1260 2685 Λόγος
1286 2618 1422 2691 σὰρξ
1449 2620 1685 2689 ἐγένετο.
1711 2642 1729 2674 ι
1750 2624 1901 2678 Ἀλλ’

323 2699 383 2752 ού
420 2699 697 2754 πέπαυται
739 2702 832 2755 τοῦ
869 2700 1008 2757 εἶναι
1035 2705 1231 2776 Λόγος,
1258 2710 1351 2763 καὶ
1398 2710 1447 2763 εὶ
1492 2711 1683 2781 γέγονε
1725 2715 1897 2785 σάρξο

325 2792 635 2864 συνεδρεύει
665 2793 773 2866 γὰρ
803 2795 898 2850 καὶ
936 2796 1081 2852 οὕτω
1107 2800 1183 2880 τῷ
1213 2800 1325 2872 ἰδίῳ
1349 2802 1544 2878 Πατρὶ,
1583 2806 1677 2860 καὶ
1698 2805 1903 2878 Κύριος

321 2884 423 2957 τῆς
450 2885 605 2959 δόξης
630 2888 658 2940 6
687 2890 1103 2962 ἐσταυρωμένος
1126 2891 1460 2964 ὠνόμασται.

398 3160 419 3195 t
455 3147 532 3221 Τῇ
567 3153 841 3223 προσευχῇ
878 3158 1358 3227 προσκαρτερεῖτε,
1404 3159 1808 3232 γρηγοροῦντες
1843 3164 1902 3218 ἐν

327 3240 460 3313 αὐτῇ
500 3243 559 3296 ἐν
607 3242 966 3315 εὐχαριστίᾳο
1016 3248 1444 3320 προσευχόμενοι
1478 3250 1595 3322 ἅμα
1630 3253 1726 3308 καὶ
1774 3255 1905 3326 περὶ

326 3333 501 3402 ἡμῶν,
531 3335 617 3388 ἵνα
640 3337 669 3389 6
696 3337 828 3401 Θεὸς
856 3338 1042 3410 ἀνοίξῃ
1082 3342 1213 3412 ἡμῖν
1247 3341 1418 3415 θύραν
1448 3343 1542 3398 τοῦ
1577 3345 1761 3417 λόγου,
1803 3346 1901 3401 λα-

325 3422 486 3494 λῆσαι
526 3427 586 3480 τὸ
618 3430 917 3500 μυστήριον
947 3430 1041 3484 τοῦ
1075 3431 1233 3499 Θεοῦ,
1261 3434 1329 3488 δι’
1350 3435 1379 3488 θ
1407 3437 1502 3490 καὶ
1528 3437 1749 3508 δέδεμαι
1768 3457 1789 3508 ο,
1817 3439 1906 3495 ἵνα

326 3516 628 3587 φανερώσω
664 3520 816 3584 αὐτὸ,
860 3521 934 3585 ὡς
965 3522 1047 3575 δεῖ
1089 3540 1157 3593 με
1183 3523 1435 3596 λαλῆσαι.
1460 3545 1479 3579 ι
1514 3529 1577 3582 El
1610 3530 1685 3602 μὴ
1712 3530 1844 3596 Θεὸς
1875 3534 1904 3586 6

323 3607 579 3678 Χριστὸς,
609 3609 893 3678 ἄνθρωπος
921 3612 978 3666 δὲ
1016 3614 1136 3685 θείᾳ
1165 3616 1346 3687 χάριτι
1372 3622 1767 3692 τετιμημένος,
1808 3625 1903 3677 ού-

324 3697 413 3751 δὲν
461 3696 575 3769 ἔχει
628 3698 765 3769 βαθὺ
807 3700 869 3753 τὸ
911 3703 999 3755 ἐπ’
1037 3704 1188 3777 αὐτῷ
1244 3708 1541 3781 μυστήριον
1567 3727 1581 3740 ·
1616 3713 1777 3778 ποίας
1810 3710 1905 3771 οῦν

326 3789 495 3843 ἐδεῖτο
530 3789 701 3862 θύρας
738 3794 819 3857 είς
847 3792 907 3847 τὸ
939 3796 1187 3867 φανερῶς
1212 3806 1234 3834 ⁵
1265 3799 1397 3852 αὐτὸ
1438 3801 1533 3854 καὶ
1573 3802 1757 3869 καθὼς
1795 3806 1903 3861 ἔδει

329 3881 359 3936 λ
398 3879 593 3951 λῆσαις
625 3884 784 3952 Μέγα
814 3884 922 3956 γὰρ
949 3886 1104 3939 οὐδὲν
1130 3887 1162 3958 ἢ
1185 3888 1421 3958 χαλεπὸν
1453 3891 1513 3944 τὸ
1542 3894 1671 3966 περὶ
1696 3895 1906 3968 ἀνθρώ-

328 3989 433 4025 που
468 3972 669 4042 λέγειν,
697 3975 772 4039 ὡς
801 3978 886 4048 εἴη
917 3978 1057 4031 κατὰ
1097 3978 1259 4048 φύσιν
1291 3980 1594 4053 ἄνθρωπος.
1624 3986 1685 4039 Εἰ
1718 3986 1775 4041 δὲ
1812 3988 1906 4043 ἄν·

329 4063 546 4134 θρωπος
582 4067 820 4135 γεγονὼς
845 4069 873 4121 ὁ
898 4070 961 4122 ὲκ
998 4068 1133 4123 Θεοῦ
1159 4071 1483 4145 κηρύττεται
1507 4076 1677 4145 Λόγος
1705 4118 1720 4143 ,
1747 4081 1907 4151 χρεία

337 4154 403 4227 δὴ
435 4158 655 4222 πάντως
685 4160 844 4224 Θεοῦ,
874 4161 967 4214 τοῦ
998 4163 1094 4215 καὶ
1120 4162 1290 4232 θύραν
1336 4158 1662 4236 ἀνοίγοντος,
1696 4173 1791 4225 καὶ
1824 4173 1904 4226 δι⁶

328 4244 508 4313 δόντος
549 4249 777 4322 λαλῆσαι
806 4251 867 4305 τὸ
896 4254 1217 4325 μυστήριον,
1250 4256 1373 4311 καθ’
1401 4257 1460 4310 ὃν
1488 4264 1754 4333 προσήκει
1780 4266 1907 4337 τρό-

213 4329 223 4337 ’
331 4351 452 4392 πον.

716 4559 821 4614 Ἐκ
859 4561 969 4631 τῆς
1009 4518 1159 4633 πρὸς
1198 4566 1520 4637 Ἐϐραίους.

409 4706 428 4741 ι
464 4689 634 4746 Ὅταν
679 4692 737 4746 δὲ
759 4695 1025 4769 εἰσαγάγῃ
1056 4700 1150 4754 τὸν
1198 4704 1543 4772 πρωτότοκον
1575 4709 1656 4774 είς
1692 4710 1791 4782 τὴν
1822 4714 1909 4767 οί-

331 4785 620 4856 κουμένην,
646 4785 814 4857 λέγει’
842 4791 952 4844 Καὶ
979 4798 1513 4865 προσκυνησάτωσαν
1533 4804 1682 4877 αὐτῷ
1708 4809 1912 4874 πάντες

330 4874 552 4944 ἄγγελοι
601 4878 758 4935 Θεοῦ.
794 4899 813 4933 ι
866 4882 1178 4955 Μονογενὴς
1225 4889 1367 4943 κατά
1398 4892 1560 4959 φύσιν
1604 4874 1740 4952 όνὲκ
1771 4900 1907 4954 Θεοῦ

332 4970 546 5041 ΙΙατρὸς
593 4971 909 5042 ὠνόμασται
943 4975 1114 5045 Λόγος
1138 5018 1153 5042 ,
1196 4979 1276 5032 ὅτι
1320 4982 1479 5051 μόνος
1511 4987 1575 5040 ἐκ
1618 4988 1780 5057 μόνου
1818 5008 1910 5061 γε·

330 5061 585 5131 γέννηται
626 5062 723 5117 τοῦ
769 5066 1013 5140 Πατρός·
1043 5069 1256 5141 εἴρηται
1286 5071 1342 5124 δὲ
1381 5075 1475 5128 καὶ⁹
1525 5062 1904 5148 πρωτότοκος,

331 5153 419 5205 ὅτε
447 5154 541 5206 καὶ
570 5151 822 5224 εἰσῆλθεν
850 5160 929 5224 είς
958 5161 1060 5234 τὴν
1084 5163 1410 5237 οίκουμένην
1433 5166 1718 5240 ἄνθρωπος
1746 5163 1906 5241 γεγο-

2003 427 2072 480 sti
2109 427 2160 481 in
2190 441 2354 483 carne
2381 444 2497 483 mea
2529 445 2626 499 pro
2656 445 2883 502 corpore
2916 435 3036 506 ejus
3060 477 3076 503 ,
3109 439 3252 509 quod
3277 449 3359 494 est
3394 439 3582 496 Eccle-

2000 517 2100 583 sia,
2137 519 2293 588 cujus
2340 518 2515 576 factus
2540 536 2656 575 smn
2693 537 2793 594 ego
2839 524 3088 581 minister
3127 528 3423 583 secundum
3468 529 3581 586 dis-

2002 612 2378 680 pensationem
2439 613 2559 679 Dei,
2598 631 2717 685 qua:
2755 616 2878 670 data
2915 628 2997 673 est
3023 618 3152 673 mihi
3205 619 3258 673 in
3307 619 3480 688 vobis,
3524 629 3582 676 ut

2002 702 2253 772 impleam
2285 704 2505 758 verbum
2540 703 2673 773 Dei;
2728 708 3045 776 mysterium
3095 709 3237 780 quod
3287 711 3581 767 abscondi-

2001 799 2116 846 tum
2144 793 2244 848 fuit
2278 811 2308 849 a
2346 796 2558 852 szeculis
2589 807 2642 852 ct
2683 800 3157 868 generationibus,
3206 818 3347 857 nunc
3398 813 3579 859 autem

2003 885 2409 940 tnanil'estatum
2443 898 2526 942 est
2564 891 2768 944 sanctis
2813 888 2950 960 ejus,
2970 893 3180 961 .quibus
3228 895 3397 949 voluit
3437 896 3581 950 Deus

2001 986 2156 1030 notas
2182 976 2362 1033 facere
2389 979 2609 1036 divitias
2636 982 2820 1052 gloria:
2869 986 3199 1039 sacramenti
3251 986 3411 1055 hujus
3458 1004 3583 1056 gen-

2002 1067 2164 1134 tibus,
2215 1070 2357 1139 quod
2405 1081 2489 1126 est
2537 1070 2788 1127 Christus
2846 1074 2898 1127 in
2943 1076 3096 1129 nobis
3132 1118 3148 1144 ,
3200 1093 3323 1148 spes
3375 1080 3621 1146 gloria‘,

2000 1174 2159 1228 quem
2198 1176 2297 1215 nos
2328 1163 2716 1218 annuntiamus
2746 1164 2812 1220 ⁸³.
2849 1186 2867 1217 ι
2904 1166 3186 1231 Quomodo
3232 1170 3474 1223 abditum
3504 1179 3585 1224 est

2003 1252 2341 1320 mysterium,
2393 1263 2486 1306 aut
2533 1254 2625 1307 Dei
2673 1271 2898 1324 prorsus
2930 1255 3165 1313 Verbum
3210 1268 3313 1323 est,
3363 1269 3458 1313 aut
3490 1276 3587 1312 cu-

1994 1340 2232 1411 jusmodi
2275 1346 2491 1400 tandem
2522 1345 2709 1417 gloriae
2738 1363 2870 1417 opes
2904 1359 3197 1418 suppetunt
3249 1351 3496 1417 Christo,
3537 1354 3581 1407 si
3644 1342 3649 1349 ’

2001 1432 2216 1500 quidem
2269 1433 2507 1504 vulgaris
2564 1446 2770 1491 tantum
2841 1438 3122 1506 nostrique
3181 1439 3376 1494 similis
3422 1442 3585 1495 homo
3694 1502 3699 1507 λ
3759 1445 3761 1447 ’

2001 1523 2215 1578 exsistit
2236 1523 2260 1577 ?
2280 1522 2467 1595 Neque
2496 1526 2640 1580 enim
2667 1526 2773 1596 72
2800 1527 3003 1596 grande
3033 1538 3128 1582 aut
3159 1530 3334 1599 magni
3354 1530 3584 1598 alicujus

2005 1615 2260 1685 ponderis
2287 1617 2603 1687 mysterium
2636 1618 2728 1672 hic
2760 1620 2916 1685 latet,
2943 1619 2988 1673 si
3013 1617 3229 1674 Christo
3263 1637 3367 1676 non
3398 1623 3581 1695 ςοιιαετ

2005 1721 2184 1762 remus
2209 1716 2464 1777 tanquam
2496 1709 2626 1774 Deo,
2660 1720 2918 1781 certoque
2956 1727 3273 1781 persuasum
3321 1713 3581 1769 habemus

2003 1798 2095 1855 Dei
2120 1798 2380 1863 Verbum,
2406 1802 2549 1869 quod
2573 1801 2624 1855 in
2653 1800 2824 1856 forma
2852 1811 2907 1857 et
2935 1804 3248 1873 aequalitate
3276 1802 3454 1860 Patris
3472 1814 3579 1871 est,

2001 1892 2273 1949 hominem
2320 1876 2519 1948 factum
2568 1894 2634 1948 ad
2683 1894 2983 1953 ultroneam
3035 1895 3460 1951 cxinauitionem
3521 1912 3583 1952 se

2000 1985 2305 2054 demisisse,
2335 2000 2556 2041 manens
2608 1985 2827 2041 interim
2884 1988 2988 2043 hoc
3040 1988 3214 2057 ipsum
3260 1991 3402 2057 quod
3436 1999 3619 2059 erat,

1998 2077 2079 2131 Ad
2113 2078 2255 2132 hunc
2282 2078 2429 2132 enim
2462 2079 2679 2131 modum
2703 2080 3023 2150 mysterium
3053 2082 3158 2136 hoc
3187 2093 3466 2151 acceptum
3494 2082 3582 2138 in-

1999 2180 2187 2240 gentes
2213 2164 2630 2239 magnificentiae
2664 2179 2718 2224 et
2746 2170 2931 2240 glorim
2960 2171 3179 2227 divitias
3211 2173 3385 2227 olTert.

2077 2280 2094 2313 ι
2136 2260 2289 2315 Sicut
2338 2276 2466 2332 ergo
2506 2262 2798 2330 accepistis
2840 2261 3024 2316 Jesum
3073 2264 3347 2319 Christum
3396 2265 3580 2321 Domi-

2001 2366 2128 2404 num
2161 2363 2429 2417 nostrum,
2460 2351 2512 2405 in
2539 2352 2655 2422 ipso
2685 2351 2958 2406 ambulate
2984 2392 2999 2418 ,
3034 2354 3259 2408 radicati
3299 2364 3355 2409 et
3386 2371 3581 2425 super-

2000 2441 2247 2497 aediﬁcati
2276 2442 2329 2497 in
2359 2442 2495 2511 ipso,
2526 2451 2579 2497 et
2616 2443 2920 2498 conﬁrmati
2950 2444 3002 2498 in
3026 2445 3130 2501 ﬁde
3154 2446 3220 2501 ".
3257 2465 3276 2498 ι
3303 2447 3583 2513 Quomodo

2002 2551 2101 2591 nos
2160 2534 2438 2590 Christum
2510 2536 2946 2605 susceperimus,
3001 2537 3053 2591 id
3105 2526 3283 2593 ‘sacer
3349 2536 3583 2595 Joannes

2001 2623 2264 2696 ejusmodi
2290 2625 2537 2680 oratione
2560 2624 2798 2679 breviter
2829 2625 3063 2693 explicat
3095 2642 3109 2679 :
3143 2644 3162 2677 ι
3215 2626 3281 2680 Ει
3318 2625 3581 2694 Verbum,

2002 2717 2203 2788 inquit,
2231 2731 2360 2773 caro
2389 2716 2589 2771 factum
2622 2726 2708 2773 est
2728 2718 2791 2772 ⁵ο.
2829 2735 2848 2769 ι
2885 2716 3267 2773 Verumtamen
3301 2717 3427 2774 licet
3455 2734 3588 2775 caro

2002 2809 2202 2864 factum
2232 2817 2338 2873 est,
2366 2823 2463 2880 per
2490 2807 2593 2863 hoc
2628 2816 2805 2863 tamen
2851 2808 3081 2864 Verbum
3112 2825 3232 2866 esse
3266 2826 3369 2865 non
3400 2810 3583 2865 desiit.

2002 2899 2138 2954 Nam
2166 2900 2329 2954 etiam
2364 2901 2416 2953 in
2450 2914 2515 2954 eo
2545 2907 2689 2953 statu
2735 2902 2850 2969 pari
2895 2916 3017 2955 cum
3061 2899 3221 2955 Patre
3266 2902 3587 2961 auctoritate

1928 3023 1971 3081 ο
2004 2993 2201 3062 pollet;
2247 2999 2302 3046 et
2340 2990 2430 3060 qui
2461 2992 2641 3046 crucis
2688 2990 3011 3061 supplicium
3054 2991 3294 3060 pertulit,
3323 2980 3583 3048 Dominus

2007 3083 2192 3155 gloria:
2216 3081 2541 3153 appellatur.
2744 3134 2750 3139 .

2083 3191 2103 3225 ι
2140 3172 2380 3227 Orationi
2418 3172 2636 3236 instate,
2664 3169 2953 3239 vigilantes
2999 3173 3050 3227 in
3090 3188 3153 3228 ea
3202 3172 3252 3227 in
3287 3172 3587 3243 gratiarum

2008 3265 2257 3322 actione:
2286 3273 2506 3319 orantes
2539 3261 2703 3331 simul
2726 3272 2781 3318 et
2813 3279 2911 3333 pro
2941 3265 3095 3320 nobis
3118 3303 3134 3330 ,
3175 3273 3232 3318 ιιι
3278 3263 3420 3319 Deus
3458 3280 3588 3335 ape-

2008 3357 2115 3412 riat
2157 3355 2314 3411 nobis
2357 3355 2555 3409 ostium
2601 3355 2869 3409 sermonis
2916 3356 2983 3409 ad
3023 3355 3347 3424 loquendum
3385 3364 3589 3426 myste~

2007 3450 2146 3504 rium
2171 3446 2373 3504 Christi
2392 3446 2660 3521 ‘(propter
2691 3446 2833 3516 quod
2861 3447 3023 3501 etiam
3052 3447 3268 3501 vinctus
3297 3446 3482 3517 sum),
3527 3454 3587 3502 ut

2008 3540 2349 3598 manifestem
2374 3539 2503 3596 illud
2539 3540 2636 3607 ita,
2672 3547 2730 3594 ut
2755 3548 2970 3610 oportet
2997 3555 3082 3595 me
3109 3539 3253 3611 loqui
3280 3539 3350 3594 “.
3390 3556 3410 3591 ι
3445 3537 3589 3594 Sane

2008 3634 2053 3690 si
2084 3634 2335 3689 Christus
2370 3633 2512 3688 Deus
2540 3648 2645 3688 non
2681 3640 2849 3695 esset,
2879 3633 2972 3687 sed
3009 3632 3173 3687 homo
3209 3638 3415 3685 tantum
3450 3628 3589 3684 divi-

2006 3741 2090 3783 me
2122 3725 2312 3794 gratiae
2343 3739 2575 3780 munere
2604 3724 2862 3787 donatus,
2892 3725 3210 3793 mysterium
3242 3722 3307 3775 de
3335 3721 3449 3788 ipso
3477 3735 3586 3775 non

2007 3817 2291 3872 admodum
2319 3816 2645 3885 profundum
2676 3813 2836 3869 foret.
2867 3817 2985 3881 Quo
3036 3814 3199 3884 igitur
3246 3811 3387 3867 ostio
3433 3821 3586 3881 pate-

2005 3909 2151 3964 facto
2186 3921 2320 3979 opus
2352 3916 2470 3962 erat
2495 3916 2553 3960 ut
2596 3904 2729 3960 illud
2779 3903 3243 3969 manifestaretur,
3276 3903 3588 3959 commode-

2006 4014 2112 4069 que
2141 3999 2224 4069 (ut
2250 3994 2550 4067 oportebat)
2581 3993 3257 4077 proponeretur‘lsiquide
3273 4008 3324 4046 ιιι
3361 4007 3466 4047 non
3502 3999 3587 4047 est

2007 4105 2095 4145 res
2121 4103 2334 4159 magna,
2366 4097 2459 4141 aut
2484 4087 2652 4140 ardua
2683 4087 2749 4139 de
2790 4084 3010 4139 homine
3050 4085 3231 4140 dicere
3253 4125 3270 4151 ,
3314 4084 3454 4153 quod
3492 4099 3589 4138 na-

2010 4192 2130 4235 tura
2161 4179 2325 4235 bomo
2362 4179 2451 4233 sit.
2483 4176 2540 4233 Si
2573 4187 2755 4232 autem
2787 4176 3024 4232 Verbum
3069 4177 3159 4231 Dei
3187 4176 3349 4230 hom'o
3380 4174 3584 4231 factum

2008 4272 2350 4344 praedicetur,
2371 4268 2485 4339 jam
2516 4268 2738 4324 omnino
2764 4284 2903 4339 opus
2933 4268 3037 4325 erit
3068 4267 3317 4340 praesidio
3350 4265 3467 4335 Dei,
3493 4267 3585 4337 qui

1935 4353 1978 4409 Ι)
2008 4365 2208 4421 ostium
2255 4370 2501 4430 reseret,
2549 4361 3074 4433 convenientemque
3134 4361 3376 4433 mysterii
3428 4360 3587 4430 hujus

1980 4462 1985 4467 ’
2011 4456 2430 4530 explicationem
2460 4455 2748 4527 largiatur.

2410 4590 2497 4645 Ea:
2524 4588 2766 4659 Epistula
2799 4591 2868 4645 ad
2898 4577 3184 4646 Hebraeo:

2095 4747 2114 4780 ι
2151 4727 2284 4781 Cum
2318 4726 2614 4782 introducit
2647 4727 3065 4798 primogenitum
3103 4726 3154 4780 in
3188 4724 3371 4780 orbem
3404 4731 3584 4787 terrm.

2011 4813 2143 4868 dicit
2175 4828 2189 4864 :
2216 4811 2283 4866 Et
2304 4813 2533 4866 adorent
2569 4828 2692 4868 eum
2717 4830 2906 4870 omnes
2931 4813 3105 4884 angeli
3140 4813 3228 4867 Dei
3258 4814 3324 4866 “.
3367 4832 3385 4866 ι
3423 4813 3590 4869 Natu-

2009 4903 2117 4958 rale
2148 4901 2237 4957 Dei
2265 4901 2443 4956 Patris
2465 4901 2701 4960 Verbum
2732 4905 3040 4974 unigenitus
3067 4903 3387 4974 appellatur,
3412 4919 3587 4976 quan-

2005 4994 2294 5065 doquidem
2328 4994 2500 5057 solum
2546 5009 2613 5049 ex
2648 4996 2763 5049 solo
2805 4994 2967 5049 Patre
3009 4996 3250 5067 genitum
3266 4978 3420 5051 .est:
3473 4996 3586 5066 pri-

2007 5085 2262 5157 mogeniti
2289 5086 2468 5140 au‘tem
2489 5100 2683 5139 nomen
2711 5094 2822 5139 tmn
2848 5085 3060 5141 demum
3086 5086 3345 5152 obtinuit,
3370 5087 3585 5157 quando

2005 5174 2188 5243 homo,
2229 5185 2283 5230 et
2330 5175 2516 5230 mundi
2566 5190 2690 5245 pars
2738 5175 2986 5231 effectum
3033 5176 3087 5231 in
3131 5176 3272 5232 hunc
3317 5185 3584 5232 terrarum

401 5311 448 5344 "
477 5312 731 5382 Colossa,
757 5315 947 5374 24-28.
1026 5322 1072 5354 ⁵⁹
1099 5321 1305 5381 Coloss.
1343 5341 1399 5391 tt,
1429 5325 1482 5380 6.
1560 5327 1604 5359 ⁸ο
1631 5325 1816 5395 Joau.,
1850 5346 1887 5395 ι,

2009 5374 2010 5379 η
2088 5334 2128 5365 ⁶¹
2154 5331 2360 5388 Coloss.
2388 5348 2463 5400 tv,
2486 5334 2610 5391 2-6.
2689 5336 2732 5368 "
2761 5334 2927 5392 ﬂebr.
2962 5350 3001 5401 ι,
3030 5336 3085 5393 6.

1406 5485 1573 5542 Varia:
1607 5488 1864 5547 lectiones
1891 5491 2093 5548 codicis
2125 5491 2483 5562 Seguicriani.

402 5617 424 5647 ³
456 5610 789 5682 φανερῶσαι.
