3910 6200
342 320 466 375 ιεξςι

1326 304 1387 362 s.
1429 264 1702 364 erant
1740 301 2205 361 ALEXANDRINI
2246 280 2576 360 anetum

3469 302 3616 363 terra

337 440 524 492 orbem
578 435 881 506 ingressum
936 443 1041 490 est.
1096 431 1482 491 Verumtamen
1541 437 1643 493 hac
1707 450 1922 508 quoque

2034 433 2148 499 δὼς,
2178 434 2272 487 καὶ
2318 431 2484 505 μέρος
2512 431 2703 501 αὐτῆς.
2733 424 2876 501 Πλὴν
2910 429 3005 483 καὶ
3033 429 3176 483 οὓτω
3208 433 3610 501 προσκυνεῖται

341 530 551 583 ratione
593 541 622 579 a
690 525 897 580 sanctis
944 527 1148 595 angelis
1207 530 1480 592 adoratur,
1550 542 1671 581 cum
1716 527 1915 581 adora-

343 621 417 672 tio
458 618 555 672 soli
619 617 729 672 Deo
762 618 1046 683 debeatur,
1080 629 1135 674 et
1175 619 1243 674 ad
1300 620 1447 674 illum
1507 618 1677 674 solum
1710 618 1916 672 refera-

2025 527 2175 599 παρά
2212 525 2318 580 τῶν
2346 525 2519 594 ἁγίων
2554 521 2822 592 ἀγγέλων,
2847 523 3209 593 ἀνακειμένου
3236 539 3296 574 τε
3339 521 3435 574 καὶ
3471 523 3619 592 πρέε⁵

2024 637 2218 684 ποντος
2262 617 2409 690 μόνῳ
2455 614 2576 686 Θεῷ
2603 615 2698 669 τοῦ
2730 615 2826 669 καί
2856 613 3282 687 προσκυνεῖσθαι
3312 614 3445 668 δεῖν.
3480 614 3614 677 Πῶς

342 721 445 765 tur.
474 710 606 777 Quis
633 710 797 780 igitur
845 710 1124 765 Christum
1173 711 1340 766 Deum
1382 724 1502 766 esse
1549 709 1806 780 ambigat,
1861 717 1923 763 ut

2034 707 2114 766 οὖν
2142 706 2203 764 οὗ
2230 709 2359 773 Θεὸς
2389 710 2418 763 6
2448 706 2703 779 Χριστὸς,
2730 708 2760 760 6
2790 705 2886 761 καὶ
2916 707 2975 761 ὲν
3009 705 3226 777 οὐρανῷ
3257 706 3614 777 προσκυνούι

340 803 503 857 etiam
533 803 584 855 in
612 800 749 855 coelo
777 801 1071 856 adoretur?

412 892 517 964 73
553 912 572 946 ι
597 892 662 948 Et
684 892 749 946 ad
773 892 991 962 angelos
1005 892 1220 962 quidem
1245 892 1411 948 dicit:
1435 889 1534 960 Qui
1554 889 1681 947 facit
1701 889 1919 962 angelos

343 1000 468 1038 suos
498 986 742 1053 spiritus,
774 995 829 1037 et
859 975 1140 1039 ministros
1166 999 1293 1038 suos
1327 982 1600 1037 ﬂammam
1642 983 1802 1054 ignis.
1838 982 1914 1038 Ad

349 1066 542 1128 Filium
570 1085 783 1128 autem:
816 1073 1066 1129 Thronus
1094 1085 1235 1141 tuus,
1256 1074 1416 1140 Deus,
1447 1077 1499 1129 in
1533 1075 1788 1130 seculum
1820 1090 1921 1129 sa:-

344 1166 473 1219 enli.
496 1160 772 1236 Et:Virga
797 1166 1066 1234 :eqnitatis
1093 1167 1239 1237 virga
1269 1167 1417 1237 regni
1446 1166 1542 1221 tui.
1561 1165 1799 1221 Dilexisti
1829 1164 1919 1236 ju-

346 1259 567 1323 stitiam,
625 1267 680 1312 et
720 1257 879 1311 odisti
923 1257 1258 1326 iniquitatem
1287 1276 1301 1312 :
1335 1270 1618 1327 propterea
1656 1259 1813 1313 unxit
1868 1269 1920 1314 te

353 1351 515 1416 Deus,
548 1349 687 1403 Deus
714 1360 854 1414 tuus,
892 1347 1013 1404 oleo
1034 1349 1407 1404 exsultationis
1439 1365 1547 1419 prae
1566 1349 1920 1420 participibus

349 1447 455 1497 tuis
478 1444 543 1497 ”.
585 1462 604 1497 ι
666 1440 722 1496 Si
782 1442 1099 1511 angelorum
1132 1442 1376 1495 conditor
1407 1449 1524 1506 est,
1576 1441 1619 1495 si
1662 1441 1920 1496 thronum

347 1532 555 1587 obtinet
589 1532 1000 1601 sempiternum,
1028 1531 1295 1598 justitiam
1331 1532 1542 1607 dilexit,
1575 1543 1630 1586 et
1662 1532 1921 1601 iniquita-

350 1636 455 1677 tem
491 1624 615 1677 odio
649 1624 856 1683 habuit,
889 1636 1061 1690 eaque
1091 1623 1155 1677 de
1186 1636 1347 1677 causa
1378 1622 1754 1677 exsultationis
1801 1622 1920 1677 oleo

348 1729 377 1768 a
411 1713 517 1769 Deo
549 1713 708 1768 Patre
739 1715 987 1769 inunctus
1020 1714 1122 1769 fuit
1153 1732 1167 1768 :
1201 1715 1328 1784 quid
1361 1723 1602 1769 statuere
1638 1702 1731 1769 aut
1774 1712 1922 1783 cogi-

2098 819 2186 866 νος
2209 819 2224 869 ἶ
3076 868 3079 873 .

2027 820 2265 947 μεῖοἰέἀὶ
2288 891 2421 964 πρὸς
2446 885 2544 960 μὶν
2582 888 2708 951 τοὺς
2727 886 2993 957 ἀγγέλους
3012 868 3181 956 λέγει’
3212 882 3273 941 Ὅ
3294 886 3462 941 ποιῶν
3486 889 3621 953 τοὺς

2023 979 2286 1049 ἀγγέλους
2312 979 2478 1031 αὑτοῦ
2499 976 2803 1048 πνεύματα,
2832 977 3064 1040 καὶτοὺς
3082 976 3429 1047 λειτουργοὺς
3444 977 3617 1030 αὑτοῦ

2026 1070 2196 1143 πυρὸς
2208 1069 2400 1139 φλόγα.
2419 1068 2559 1140 Πρὸς
2574 1067 2629 1120 δὲ
2654 1066 2741 1120 τὸν
2754 1067 2900 1119 Υῐόν·
2918 1067 2975 1120 Ὀ
2988 1066 3174 1138 θρόνος
3192 1070 3343 1133 σου,ό
3361 1068 3518 1134 Θεὸς,
3534 1072 3619 1134 εἰς

2024 1162 2115 1216 τὸν
2139 1162 2309 1216 αἰῶνα
2341 1159 2434 1213 τοῦ
2474 1159 2689 1222 αἰῶνος.
2724 1158 2851 1212 Καί’
2888 1158 2952 1210 Ἦ
2971 1158 3165 1229 ῥάϐδος
3187 1163 3286 1230 τῆς
3312 1158 3616 1232 εύθύτητός

2026 1270 2121 1307 σου
2162 1252 2355 1331 ῥάϐδος
2381 1246 2481 1322 τῆς
2527 1249 2804 1321 βασιλείας
2831 1264 2947 1302 σου.
2984 1249 3299 1322 ᾟγάπησας
3328 1250 3615 1305 δικαιοσύ-

2026 1359 2144 1412 νην,
2172 1340 2266 1393 καὶ
2283 1340 2551 1409 ἐμίσησας
2564 1336 2777 1391 ἀδικίαν
2793 1338 2810 1373 ι
2825 1354 2836 1367 ·
2857 1336 2947 1389 διά
2961 1336 3121 1389 τοῦτο
3134 1336 3321 1408 ἔχρισε
3336 1355 3394 1390 σε
3409 1338 3615 1403 όΘεὸς,

2025 1433 2053 1484 6
2073 1430 2205 1493 Θεός
2237 1446 2353 1492 σου,
2391 1428 2569 1481 ἔλαιον
2599 1426 2972 1495 ἀγαλλιάσεως
3010 1426 3159 1498 παρά
3192 1427 3320 1491 τοὺς
3346 1429 3618 1500 μετόχους

2029 1541 2144 1579 σου.
2171 1543 2189 1577 ι
2226 1524 2289 1577 Εἰ
2331 1519 2562 1595 ποιητὴς
2593 1521 2839 1591 ἀγγέλων
2873 1522 3022 1576 ἐστὶν
3053 1523 3082 1575 6
3116 1522 3305 1594 θρόνον
3337 1522 3480 1593 ἔχων
3528 1526 3613 1589 εἰς

2026 1618 2116 1671 τὸν
2141 1608 2314 1672 αἰῶνα
2337 1614 2431 1668 τοῦ
2459 1612 2676 1680 αἰῶνος,
2707 1614 3001 1683 ἀγαπήσας
3027 1630 3086 1666 τε
3112 1613 3485 1685 δικαιοσύνην,
3514 1618 3615 1668 καὶ

2030 1704 2353 1779 μεμισηκὼς
2380 1705 2594 1758 ἀδικίαν
2614 1711 2665 1770 ιι,
2701 1703 2797 1757 καί⁸
2826 1702 2916 1756 διά
2943 1703 3103 1756 τοῦτο
3130 1704 3415 1775 κεχρῖσθαι
3445 1704 3612 1774 λεγόο

351 1816 464 1859 tare
494 1821 590 1860 nos
614 1822 711 1876 par
731 1815 833 1871 est,
859 1809 983 1861 dum
1010 1806 1061 1860 in
1092 1805 1358 1874 ejusmodi
1386 1806 1452 1860 de
1476 1805 1591 1875 ipso
1621 1805 1922 1860 sententias

2034 1815 2185 1868 μενος
2209 1796 2286 1868 τῷ
2315 1796 2482 1865 ἐλαίῳ
2507 1794 2607 1864 τῆς
2635 1794 3009 1863 ἀγαλλιάσεως
3039 1794 3193 1865 παρά
3218 1794 3312 1847 τοῦ
3342 1793 3479 1848 Θεοῦ
3516 1797 3614 1849 καὶ

352 1894 741 1954 inciderimus?
783 1896 917 1952 Nam
969 1898 1014 1951 si
1054 1896 1307 1952 caelestes
1356 1895 1581 1965 spiritus
1626 1910 1753 1950 suos
1795 1895 1927 1949 facit

352 1989 649 2054 ministros,
686 1989 1052 2058 thronumque
1092 1987 1335 2057 possidet
1381 1986 1621 2053 deitatis,
1656 1986 1927 2057 quomodo

354 2080 473 2135 'olco
503 2079 887 2135 exsultatiouis
917 2078 1186 2134 delibutus
1227 2076 1536 2133 asseritur?
1575 2076 1717 2133 Sane
1763 2092 1929 2147 ange-

353 2173 433 2227 los
458 2180 609 2226 creat
636 2182 690 2226 ut
719 2172 879 2237 Deus,
907 2170 1184 2241 inungitur
1205 2179 1382 2225 autem
1415 2179 1472 2225 ut
1513 2171 1674 2225 homo
1694 2212 1709 2238 ,
1766 2170 1838 2225 ita
1869 2180 1928 2225 ut

354 2266 467 2334 ipsa
500 2264 681 2317 unctio
726 2279 829 2317 non
865 2264 930 2316 ad
978 2263 1212 2317 divinam
1260 2271 1532 2328 naturam,
1566 2262 1659 2318 sed
1708 2262 1776 2317 ad
1807 2262 1926 2316 dis-

354 2356 683 2424 pensationis
743 2354 1065 2424 sapientiam
1097 2354 1281 2424 procul
1314 2354 1477 2408 dubio
1510 2353 1798 2409 referatur.
1828 2352 1927 2409 Est

356 2447 536 2516 itaque
576 2444 829 2501 Christus
864 2443 1026 2508 Deus,
1066 2454 1121 2498 et
1155 2445 1356 2499 homo:
1394 2444 1534 2500 Deus
1564 2445 1792 2515 quidem
1836 2462 1930 2500 na-

355 2548 496 2602 tura,
521 2537 684 2591 homo
708 2550 835 2590 vero
860 2536 1025 2591 nostri
1051 2534 1246 2590 similis
1271 2535 1684 2605 dispensatorie,
1711 2536 1929 2606 quando

356 2627 613 2681 nimirum
663 2625 959 2683 secundum
990 2640 1210 2680 carnem
1248 2639 1315 2679 ex
1363 2626 1588 2679 muliere
1634 2634 1791 2682 natus
1824 2635 1929 2682 est.

432 2827 451 2860 ι
493 2807 705 2873 Videte,
741 2805 959 2869 fratres,
991 2818 1058 2859 ne
1087 2803 1224 2858 forte
1254 2804 1363 2859 sint
1393 2803 1445 2858 in
1481 2802 1662 2873 aliquo
1692 2808 1929 2858 vestrum

356 2917 449 2957 cor
472 2900 669 2953 malum
703 2897 1092 2953 incredulitatis
1119 2894 1425 2950 discedendi
1463 2912 1493 2949 a
1533 2896 1638 2949 Deo
1660 2897 1782 2950 vivo
1808 2895 1878 2948 ”.
1906 2914 1926 2947 ι

358 2992 416 3048 Si
447 2992 716 3047 Christum
745 2989 1095 3058 abnegantes,
1127 3004 1155 3042 a
1179 2988 1306 3045 .Deo
1335 2987 1460 3041 vivo
1493 2995 1546 3042 et
1575 3002 1705 3042 vero
1750 2986 1933 3042 desci-

350 3082 592 3148 scimus;
623 3082 677 3135 in
720 3078 825 3133 [ide
854 3095 979 3133 vero
1012 3093 1130 3148 qua:
1159 3078 1210 3132 in
1239 3079 1414 3148 ipsum
1440 3086 1522 3132 est
1544 3076 1923 3148 persistentes,

355 3172 673 3226 defectionis
735 3170 962 3225 crimine
1021 3168 1328 3226 nullatenus
1373 3166 1674 3238 obligamur
1729 3186 1743 3223 :
1792 3183 1929 3240 quo-

359 3263 517 3317 modo
549 3260 801 3314 Christus
822 3272 933 3313 non
961 3267 1042 3312 est
1072 3257 1213 3313 Deus
1237 3256 1261 3312 l

346 3346 349 3351 ⁴
424 3370 453 3402 -ι
490 3351 545 3405 Si
569 3352 711 3406 enim
748 3349 967 3419 sanguis
1002 3348 1273 3402 hircorum
1300 3354 1355 3401 et
1382 3355 1683 3412 taurorum,
1712 3353 1767 3401 et
1787 3344 1927 3403 cinis

354 3436 538 3497 vitula:
573 3457 845 3510 aspersus,
877 3440 1180 3509 inquinatos
1224 3438 1528 3495 sanctificat
1570 3436 1638 3493 ad
1666 3438 1927 3493 emunda-

360 3539 559 3592 tionem
591 3536 812 3589 carnis:
857 3544 1060 3602 quanto
1107 3531 1276 3603 magis
1315 3532 1536 3599 sanguis
1570 3528 1800 3597 Christi,
1836 3528 1926 3595 qui

361 3643 457 3701 per
487 3628 751 3698 Spiritum
776 3634 1020 3680 sanctum
1050 3624 1397 3693 semetipsum
1434 3621 1631 3676 obtulit
1663 3621 1928 3674 immacu-

362 3719 523 3773 latum
575 3717 720 3782 Deo,
770 3715 1082 3769 emumlabit
1139 3713 1526 3793 conscientiam
1577 3719 1815 3766 nostram
1860 3708 1929 3764 ab

359 3812 613 3883 operibus
644 3809 894 3876 mortuis,
932 3808 999 3863 ad
1044 3807 1385 3863 serviendum
1416 3804 1524 3861 Deo
1555 3802 1754 3859 viventi
1775 3802 1871 3856 "‘i
1903 3819 1923 3854 ι

357 3903 417 3960 Si
444 3902 693 3957 Christus
722 3916 878 3955 verus
905 3899 1048 3954 Deus
1071 3894 1173 3953 non
1206 3907 1310 3963 est,
1343 3911 1528 3973 quam,
1556 3909 1759 3965 quaaso,
1791 3894 1930 3949 utili-

363 4008 524 4052 tatem
567 3996 707 4050 illius
737 3993 953 4063 sanguis
986 3993 1137 4047 nobis
1168 3989 1364 4060 poterit
1390 3988 1624 4044 afferre?
1659 3989 1765 4042 Aut
1791 4000 1929 4057 quo-

362 4089 518 4144 modo
547 4087 906 4142 conscientias
941 4095 1154 4138 nostras
1197 4083 1264 4136 ab
1291 4083 1544 4152 operibus
1579 4078 1806 4135 mortuis
1832 4091 1928 4147 po-

361 4180 486 4234 terit
513 4179 777 4249 expiare?
809 4177 946 4243 Quid
983 4177 1126 4231 enim
1170 4174 1408 4244 vulgaris
1440 4172 1676 4227 hominis
1709 4168 1929 4239 sanguis

362 4268 581 4323 virtutis
617 4279 710 4321 aut
737 4267 1073 4322 elIicacitatis
1104 4266 1286 4330 habet,
1311 4264 1452 4334 quod
1486 4277 1591 4318 non
1618 4264 1777 4316 etiam
1804 4273 1931 4315 san-

360 4360 480 4429 guis
509 4359 820 4411 hircorum?
852 4359 985 4412 nihil
1019 4357 1263 4412 omniuo.
1309 4354 1424 4410 Hoc
1469 4355 1642 4409 solum
1694 4362 1929 4420 namque

2028 1892 2270 1962 Πατρόςο
2305 1888 2359 1942 τί
2385 1888 2450 1961 δὴ
2476 1889 2582 1961 ἄρα
2622 1888 2800 1959 φαμὲν
2842 1888 2921 1951 είς
2954 1886 3163 1950 ἐννοίας
3194 1887 3479 1959 ἐρχόμενοι
3508 1889 3613 1952 τὰς

2026 1981 2114 2034 ἐπ’
2139 1979 2322 2052 αύτῷ;
2355 1979 2420 2033 Ei
2451 1979 2560 2050 γὰρ
2588 1982 2736 2032 ποιεῖ
2769 1980 2896 2043 τοὺς
2925 1977 3191 2047 ἀγγέλους
3221 1978 3388 2032 αὑτοῦ
3438 1981 3610 2033 πνεύ-

2029 2090 2196 2144 ματα,
2224 2072 2316 2124 καὶ
2346 2070 2534 2141 θρόνον
2561 2070 2674 2141 εχει
2700 2069 2974 2141 θεότητος,
3014 2070 3135 2123 τινα
3162 2070 3362 2140 τρόπον
3387 2071 3611 2143 χρίεται

2025 2161 2105 2231 τῷ
2149 2159 2313 2230 ὲλαίῳ
2356 2161 2455 2229 τῆς
2486 2158 2891 2228 ἁγαλλιάσεως;
2923 2159 3133 2213 Οὐκοῦν
3174 2159 3349 2224 κτίζει
3398 2161 3499 2230 μὲν
3530 2160 3615 2223 ὡς

2026 2253 2160 2316 Θεὸς
2208 2252 2505 2320 ἀγγέλους,
2554 2250 2766 2322 χρίεται
2799 2250 2857 2305 δὲ
2897 2251 2972 2314 ὡς
3013 2250 3337 2323 ἄνθρωπος·
3381 2252 3486 2305 οὐκ
3522 2254 3607 2317 εἰς

2028 2343 2125 2416 τὴν
2159 2343 2256 2414 τῆς
2292 2342 2544 2413 θεότητος
2574 2341 2756 2410 φύσιν,
2791 2342 2905 2396 ἀλλ’
2934 2344 3013 2406 εἰς
3059 2343 3118 2396 τὸ
3151 2343 3248 2415 τῆς
3285 2343 3603 2413 οἰκονομίας

2029 2435 2277 2505 εύτεχνὲς
2334 2433 2628 2504 ἐρχομένου
2689 2431 2782 2485 τοῦ
2829 2431 3149 2502 χρίσματος.
3193 2431 3325 2496 Θεὸς
3363 2432 3469 2504 ἄρα
3513 2431 3616 2488 καὶ

2029 2521 2313 2596 ἄνθρωπος
2342 2525 2370 2576 6
2400 2521 2668 2593 Χριστός·
2702 2519 2835 2583 Θεὸς
2869 2521 2969 2589 μὲν
2998 2522 3063 2592 τῇ
3099 2519 3280 2588 φύσει,
3318 2520 3613 2591 ἄνθρωπος

2028 2611 2087 2664 δὲ
2130 2610 2252 2664 καθ’
2280 2611 2428 2682 ἡμᾶς
2468 2612 2496 2664 6
2531 2610 2692 2674 αὐτὸς
2725 2609 3108 2679 οἰκονομικῶς,
3141 2611 3231 2664 ὅτε
3281 2610 3504 2679 γέγονεν
3541 2611 3612 2664 ὲκ

2029 2704 2289 2772 γυναικὸς
2314 2703 2454 2757 κατὰ
2488 2704 2685 2774 σάρκα.

2108 2812 2128 2846 ι
2155 2792 2415 2855 Βλέπετε,
2458 2791 2699 2861 ἀδελφοὶ,
2740 2790 2812 2863 μή
2846 2790 2978 2843 ποτέ
3011 2792 3159 2843 ἐστιν
3203 2789 3258 2843 ἐν
3297 2806 3402 2842 τινι
3448 2787 3613 2861 ὑμῶν

2033 2870 2231 2951 καρδία
2257 2882 2470 2955 πονηρά
2498 2882 2774 2949 ἀπιστίας,
2803 2883 2861 2935 έν
2890 2880 2968 2952 τῷ
2996 2881 3292 2952 ἀποστῆναι
3325 2879 3434 2932 ἀπὸ
3466 2877 3611 2932 Θεοῦ

2033 2975 2296 3041 ζῶντος.»
2335 2977 2398 3029 El
2446 2975 2772 3046 ἀρνούμενοι
2822 2974 2912 3026 τὸν
2964 2973 3220 3043 Χριστὸν,
3262 2971 3613 3041 ἀφιστάμεθα

2032 3066 2168 3121 Θεοῦ
2198 3065 2400 3130 ζῶντος
2425 3067 2519 3120 καὶ
2548 3063 2802 3136 ἀληθινοῦ
2823 3105 2838 3129 ,
2863 3064 3194 3134 ἐμμένοντες
3221 3062 3278 3115 δὲ
3307 3065 3373 3133 τῇ
3400 3063 3480 3124 είς
3505 3060 3608 3113 αύ-

2034 3159 2124 3214 τὸν
2159 3159 2359 3225 πίστει,
2391 3158 2511 3212 κατ’
2536 3158 2728 3211 οὐδένα
2766 3158 2967 3230 τρόπον
3001 3155 3307 3227 ποιούμεθα
3331 3156 3424 3226 τήν
3462 3155 3605 3207 im-

2037 3251 2260 3305 στασίαν
2282 3292 2297 3318 ,
2330 3250 2444 3329 πῶς
2470 3250 2529 3302 ού
2560 3248 2691 3311 Θεὸς
2716 3253 2745 3304 ό
2770 3250 3036 3322 Χριστός;

2112 3362 2131 3394 ι
2160 3343 2222 3395 Ei
2250 3341 2357 3413 γὰρ
2389 3342 2451 3394 τὸ
2479 3336 2619 3412 αἷμα
2652 3344 2868 3412 ταύρων
2897 3342 2993 3396 καί¹
3020 3340 3261 3419 τράγων,
3294 3343 3392 3396 καὶ
3417 3342 3615 3405 σποδὸς

2033 3432 2314 3505 δαμάλεως
2367 3432 2689 3503 ῥαντίζουσα
2737 3434 2863 3498 τοὺς
2902 3435 3329 3505 κεκοινωμένους
3397 3432 3613 3502 ἁγιάζει

2035 3525 2170 3596 πρὸς
2207 3525 2304 3596 τὴν
2340 3525 2438 3595 τῆς
2466 3525 2669 3596 σαρκὸς
2701 3524 3084 3598 καθαρότητα·
3118 3526 3267 3597 πόσῳ
3304 3526 3503 3597 μᾶλλον
3541 3525 3610 3578 τὸ

2035 3613 2175 3689 αἷμα
2216 3616 2311 3670 τοῦ
2345 3616 2605 3688 Χριστοῦ,
2648 3616 2706 3680 6;
2734 3616 2822 3670 διὰ
2860 3618 3176 3689 Πνεύματος
3221 3617 3376 3687 ἁγίου
3417 3618 3605 3671 ἑαυτὸν

2037 3709 2410 3781 προσήνεγκεν
2450 3707 2680 3781 ἄμωμον
2718 3709 2796 3780 τῷ
2837 3709 2977 3782 Θεῷ,
3012 3710 3266 3782 καθαριεί
3292 3711 3393 3782 τὴν
3426 3711 3605 3764 συνεί-

2034 3800 2191 3873 δησιν
2234 3800 2392 3872 ήμῶν
2437 3799 2545 3854 ἀπὸ
2586 3798 2795 3872 νεκρῶν
2838 3799 3036 3871 ἔργων,
3084 3802 3167 3865 είς
3211 3801 3271 3854 τὸ
3316 3801 3607 3872 λατρεύειν

2035 3890 2153 3962 Θεῷ
2194 3889 2401 3965 ζῶντι;
2442 3908 2460 3942 ι
2488 3890 2551 3943 Ei
2596 3890 2669 3962 μὴ
2698 3890 2829 3952 Θεὸς
2864 3890 3069 3961 ἀληθής
3102 3891 3250 3944 ἐστιν
3287 3893 3316 3945 6
3350 3893 3612 3962 Χριστὸς,

2034 3977 2116 4043 τίς
2144 3979 2380 4050 ήόνησις
2413 3980 2446 4050 ή
2475 3978 2562 4032 διὰ
2585 3978 2679 4032 τοῦ
2710 3980 2940 4050 αἵματος
2964 3980 3164 4048 uiaret");
3199 3981 3269 4033 Ἦ
3297 3979 3415 4044 πῶς
3445 3982 3614 4051 ήμῶν

2036 4069 2288 4141 καθαριεῖ
2327 4070 2424 4139 τὴν
2458 4070 2762 4140 συνείδησιν
2810 4070 2917 4125 ἀπὸ
2944 4071 3154 4143 νεκρῶν
3196 4071 3412 4143 ἐργωνς
3456 4067 3615 4143 Αἷμα

2035 4163 2143 4235 γὰρ
2177 4162 2464 4234 ἀνθρώπου
2491 4162 2670 4216 κοινοῦ
2703 4161 2757 4215 τί
2785 4163 2846 4216 τὸ
2871 4163 3031 4217 πλέον
3061 4164 3172 4235 ἔχει
3204 4163 3355 4235 παρά
3383 4164 3446 4217 τὸ
3469 4158 3614 4235 αἷμα

2035 4256 2143 4309 τῶν
2175 4258 2419 4329 τράγων;
2450 4255 2590 4309 Ἀλλ’
2612 4254 2764 4309 οὐδὲν
2790 4256 2947 4321 ὅλως,
2976 4256 3115 4328 πλὴν
3138 4258 3217 4310 ὅτι
3243 4257 3307 4310 τὸ
3336 4257 3436 4327 μέν
3459 4260 3615 4311 ἐστιν

2038 4347 2233 4415 ἀλόγου
2266 4347 2429 4413 ζώου,
2459 4346 2520 4400 τὸ
2557 4347 2614 4400 δὲ
2660 4347 2901 4417 λογικοῦ.
2943 4346 3160 4419 Ἐπειδὴ
3203 4348 3261 4402 δὲ
3300 4350 3328 4402 6
3365 4350 3431 4402 ὲκ
3472 4348 3615 4402 Θεοῦ

363 4455 505 4507 inter
540 4450 682 4503 hunc
708 4459 762 4502 et
790 4448 937 4502 illum
972 4442 1221 4514 interest,
1247 4447 1388 4515 quod
1422 4447 1508 4501 hic
1539 4446 1610 4500 sit
1639 4446 1925 4499 animantis

2036 4438 2176 4493 κατά
2208 4438 2392 4508 φύσιν,
2425 4438 2603 4509 σάρκα
2641 4438 2841 4503 λαϐὼν,
2893 4438 3089 4510 έθηκεν
3130 4439 3270 4512 ὑπὲρ
3303 4436 3523 4493 πάντων
3552 4441 3619 4494 τὸ

362 4542 528 4607 bruti,
563 4540 651 4594 ille
695 4554 822 4593 vero
865 4538 1158 4593 aniuiantis
1201 4538 1415 4591 ratione
1462 4535 1695 4605 praediti.
1730 4533 1930 4589 Verum

361 4634 490 4704 quia
541 4629 806 4687 naturalis
846 4630 941 4684 Dei
978 4628 1148 4684 Filius
1181 4638 1401 4681 carnem
1452 4624 1778 4694 assumpsit,
1809 4638 1935 4679 san-

361 4724 691 4791 guinemque
720 4735 879 4775 suum
918 4734 1017 4789 pro
1045 4717 1298 4773 omnibus
1325 4714 1583 4788 profudit,
1611 4714 1813 4768 factum
1853 4724 1937 4769 est

2045 4529 2176 4584 ίδιον
2221 4525 2398 4601 αἷμα,
2442 4530 2701 4601 ταύτῃτοι
2732 4533 2827 4585 καὶ
2856 4531 3175 4603 καθαρίζειν
3216 4532 3436 4585 δύναται
3484 4534 3620 4596 τοὺς

2041 4622 2395 4685 πιστεύοντας
2420 4623 2502 4686 είς
2535 4622 2716 4685 αὐτὸν,
2748 4624 2844 4678 καὶ
2870 4625 3081 4695 νεκρῶν
3125 4624 3301 4697 ἔργων
3328 4623 3618 4678 ἀπαλλάτ-

2041 4731 2176 4779 τειν,
2207 4713 2300 4767 καὶ
2334 4713 2632 4784 προσάγειν
2660 4716 2741 4779 είς
2768 4715 3024 4786 λατρείαν
3051 4714 3129 4787 τῷ
3154 4714 3291 4786 Θεῷ.

362 4817 473 4891 74
506 4826 562 4871 ιιι
591 4817 874 4873 credentes
903 4817 955 4872 in
991 4815 1169 4885 ipsum
1198 4812 1375 4867 valeat
1407 4810 1723 4878 emundare,
1757 4823 1934 4882 exque
1971 4810 2206 4865 mortuis
2243 4809 2497 4880 Operibus
2520 4810 2774 4867 liberatos
2837 4812 3022 4867 divino
3085 4813 3250 4867 cultui
3278 4811 3618 4895 mancipare,

365 4908 581 4979 Deoque
617 4907 833 4964 offerre.

440 5019 459 5053 ι
492 4999 705 5056 lrritam
736 5002 857 5071 quis
880 4999 1086 5055 faciens
1113 4996 1287 5068 legem
1319 4996 1510 5069 Moysi,
1541 4994 1658 5051 sine
1690 4994 1797 5049 ulla
1835 4994 1925 5047 tui-

2118 5009 2137 5043 t
2175 4989 2471 5062 Ἀθετὴσας
2499 5010 2582 5057 τις
2606 4994 2772 5064 νόμον
2796 4995 3096 5061 Μωῦσέως,
3124 4996 3291 5067 χωρὶς
3315 4997 3624 5067 οἰκτιρμῶν

365 5089 635 5145 seratione
656 5091 863 5144 duohus
885 5089 969 5144 vel
996 5088 1167 5142 tribus
1191 5087 1418 5141 testibus
1453 5085 1703 5138 moritur.
1726 5083 1925 5148 Quantt

2042 5083 2136 5136 ἐπὶ
2169 5082 2319 5137 δυσὶν
2350 5080 2383 5155 ἢ
2417 5087 2564 5156 τρισὶ
2599 5086 2865 5156 μάρτυσιν
2908 5086 3263 5158 ἀποθνήσκει.
3304 5086 3488 5157 Πόσῳ,
3531 5088 3611 5141 δο-

368 5180 538 5248 magis
586 5180 788 5249 putatis
821 5178 1089 5234 deteriora
1131 5177 1322 5233 mereri
1369 5175 1666 5245 supplicia,
1716 5174 1804 5241 qui
1849 5168 1925 5225 Fi-

2041 5177 2224 5240 κεῖτε,
2278 5177 2518 5248 χείρονος
2564 5176 2926 5249 ἀξιωθήσεται
2972 5180 3245 5250 τιμωρίας
3288 5181 3316 5232 ό
3349 5180 3441 5231 τὸν
3492 5179 3634 5233 rem

367 5267 496 5324 lium
540 5269 633 5324 Dei
685 5268 1119 5334 conculcaverit,
1164 5275 1218 5323 et
1260 5267 1582 5338 sanguinem
1627 5264 1925 5321 testamenti

2037 5266 2174 5321 Θεοῦ
2214 5268 2632 5337 καταπατήσας,
2675 5269 2769 5322 καὶ
2796 5268 2858 5322 τὸ
2891 5263 3032 5342 αἷμα
3078 5269 3180 5340 τῆς
3206 5269 3468 5342 διαθήκης
3503 5286 3628 5323 κοι-

440 5425 484 5456 σε
513 5423 674 5481 llebr.
703 5439 744 5489 ι,
783 5424 838 5491 8,
864 5424 920 5479 9.
996 5421 1469 5490 “Hebr.nt,12.
1545 5421 1886 5487 "ﬂebam,
1931 5376 2126 5487 13,“.

1447 5579 1623 5636 Varia:
1652 5581 1909 5637 lectiones
1937 5580 2136 5637 codicis
2172 5578 2523 5650 Seguieriani.

448 5716 743 5788 ιάνομίαν.
821 5721 846 5750 ιι
884 5711 1133 5781 ἀνομίαν.
1238 5716 1243 5719 ’

790 5927 817 5959 κ
