3910 6200
221 297 361 352 1935

1319 293 1406 348 DE
1444 295 1672 352 RECTA
1713 289 1869 352 FIDE
1909 287 2002 352 AD
2030 288 2364 354 RECINAS.

3343 297 3482 353 19335

212 416 306 470 νδν
355 411 732 484 ἡγησάμενος,
777 412 870 465 καὶ
915 412 974 466 τὸ
1016 413 1240 484 Πνεῦμα
1301 389 1400 485 τῆξ
1442 417 1664 489 χάριτος
1706 418 1793 470 ἒν·

1902 415 2168 486 pollutum
2195 415 2430 480 duxerit,
2473 412 2525 469 in
2551 427 2659 484 quo
2687 410 3057 468 sanctiﬁcatus
3095 415 3212 476 est,
3264 418 3321 467 et
3355 411 3480 480 δμιι

215 505 444 576 υερίσας
471 505 541 565 ι’.
573 504 632 556 ἐν
663 495 708 570 ᾧ
743 501 979 574 ἡγιάσθη
1001 521 1017 570 ;
1039 523 1058 554 ι
1103 503 1162 558 Ὃ
1187 504 1330 558 Θεῖον
1363 504 1593 576 ὑϐρίσας
1611 507 1797 576 νόμον,

215 599 383 668 ἤγουν
429 594 722 664 ἀθετήσας.
767 595 867 647 οὐκ
915 593 1027 648 ἴσον
1070 595 1182 665 ἔχει
1217 595 1280 650 τὸ
1313 596 1566 668 ἔγκλημα
1610 598 1690 668 τῷ
1719 601 1800 663 εἰς

209 687 500 759 ἄνθρωπον
525 684 896 756 ἡμαρτηκότι,
924 683 1062 740 ἀλλὰ
1088 687 1222 742 πολὺ
1245 688 1546 760 φορτικώτε
1557 705 1674 760 ρον⁶
1703 691 1800 744 καὶ

209 779 345 848 γοῦν
377 778 405 832 6
441 776 540 849 μὲν
577 778 740 847 νόμον
777 777 1202 848 παραϐεϐηκὼς,
1237 781 1341 834 ὑπὸ
1370 781 1471 854 τὴν
1508 781 1603 834 τοῦ
1637 781 1800 836 θανά-

209 887 306 924 του
342 870 599 922 πέπτωκε
646 867 832 939 δίκην
863 871 892 922 6
920 869 978 922 δὲ
1017 870 1098 934 είς
1140 870 1430 941 ἄνθρωπον
1468 873 1800 944 πεπλημμε-

209 959 396 1034 ληκὼς
426 961 509 1032 εἴη
539 959 606 1012 ἂν
633 959 728 1013 καὶ
760 959 1086 1031 συγγνώμης
1117 960 1288 1028 ἄξιος.
1316 963 1438 1028 Πῶς
1471 960 1563 1018 οὖν
1593 967 1651 1018 ἐν
1682 963 1797 1036 χεί-

217 1069 330 1126 ρονι
356 1051 480 1122 δίκῃ
518 1048 612 1102 τοῦ
639 1047 1088 1119 πλημμελοῦντος
1113 1051 1192 1114 είς
1221 1051 1316 1104 τὸν
1337 1052 1582 1115 Μωσέως
1608 1051 1795 1122 νόμον,

209 1146 240 1198 6
290 1142 474 1210 κοινὸν
512 1141 866 1212 ἡγησάμενος
901 1139 962 1194 τὸ
1010 1135 1152 1212 αἷμα
1180 1141 1276 1195 τοῦ
1311 1143 1582 1214 Χριστοῦ;
1634 1143 1798 1200 Ἀλλὰ

215 1237 324 1308 μὴν
346 1237 404 1289 ὲν
429 1233 656 1306 χείρονι,
683 1231 778 1286 καὶ
823 1232 1027 1303 σφόδρα
1053 1233 1297 1297 εἰκότως.
1339 1235 1452 1288 Οὐκ
1482 1235 1590 1304 ἄρα
1615 1236 1796 1290 κοινὸν

211 1327 276 1380 τὸ
309 1321 452 1396 αἷμα
485 1322 581 1376 τοῦ
615 1319 885 1394 Χριστοῦ·
917 1319 1048 1384 Θεὸς
1081 1322 1189 1393 γὰρ
1217 1317 1284 1394 ἦν
1311 1324 1338 1377 6
1361 1323 1534 1393 Λόγος
1564 1325 1796 1396 γενόμε-

213 1435 305 1484 νος
343 1415 500 1488 σάρξ,

289 1713 311 1748 ι
340 1689 583 1748 Βλέπετε
616 1693 692 1765 μὴ
723 1661 1136 1765 παραιτήσησθε
1164 1689 1255 1746 τὸν
1283 1691 1568 1748 λαλοῦντα.
1595 1693 1659 1748 Εἰ
1686 1695 1796 1767 γὰρ

1901 511 2024 564 ritui
2053 508 2239 580 gratiae
2267 507 2650 564 contumeliam
2680 505 2870 562 fecerit
2893 505 2972 560 σοι
3001 522 3022 558 ι
3059 504 3116 560 Si
3145 503 3344 559 divinae
3371 502 3478 573 legi

1901 601 2287 656 contumeliam
2310 597 2542 668 Taciens,
2575 599 2890 654 eamdemve
2915 596 3344 668 transgrediens,
3371 609 3480 649 nou

1900 691 2013 764 pari
2041 708 2163 748 cum
2195 707 2260 747 eo
2287 699 2498 746 tenetur
2525 691 2775 754 crimine,
2809 689 2899 768 qui
2948 690 3002 743 in
3041 689 3320 744 hominem
3352 701 3480 758 pec»

1899 785 2127 849 caverit,
2181 784 2274 839 sed
2321 783 2480 855 longe
2519 781 2760 852 graviori
2812 781 3112 851 (siquidem
3163 780 3255 848 qui
3305 783 3477 848 legem

1900 874 2179 935 violasset.
2215 873 2408 928 mortis
2449 871 2714 943 supplicio
2763 869 3120 936 multabatur;
3153 867 3245 940 qui
3295 879 3478 923 autem

1901 968 1954 1020 in
1983 965 2258 1020 hominem
2305 963 2566 1032 deliquit,
2613 961 2828 1016 veniam
2874 959 3143 1014 interdum
3193 961 3483 1029 consequi-

1903 1057 2012 1124 tur)
2043 1072 2057 1111 :
2090 1054 2360 1124 quomodo
2388 1054 2551 1126 igitur
2582 1051 2770 1120 majori
2797 1064 2952 1122 paena
2981 1051 3175 1120 dignus
3205 1060 3480 1113 censetur,

1899 1149 1988 1217 qtti
2017 1146 2222 1203 Christi
2263 1146 2582 1216 sanguinem
2635 1144 2894 1215 pollutum
2938 1141 3174 1205 duxerit,
3205 1157 3268 1196 eo
3299 1141 3388 1211 qui
3427 1141 3482 1195 iu

1897 1241 2187 1295 Mosaicam
2231 1238 2404 1307 legem
2449 1247 2729 1309 peccatum
2783 1234 3106 1292 admiserit?
3139 1235 3300 1306 Atqui
3353 1251 3480 1305 gra-

1899 1333 2102 1387 viorem
2139 1331 2274 1386 citra
2313 1330 2473 1385 ullam
2505 1327 2930 1384 controversiam
2967 1339 3334 1397 promeretur.
3371 1325 3482 1380 Cur

1899 1423 2016 1478 ita?
2041 1424 2165 1492 quia
2205 1420 2412 1478 Christi
2443 1421 2662 1488 sanguis
2689 1435 2794 1474 nou
2828 1420 3068 1491 vulgaris
3098 1419 3479 1474 communisve

1899 1514 2135 1570 hominis
2165 1513 2389 1584 sanguis
2431 1523 2532 1570 est.
2564 1511 2800 1568 Verbum
2827 1513 2971 1567 enim
2993 1553 3009 1579 ,
3039 1512 3182 1582 quod
3231 1525 3395 1565 carne
3419 1524 3482 1565 se

1899 1607 2092 1672 induit,
2111 1607 2266 1661 Deus
2289 1614 2398 1660 est.

1977 1715 1998 1751 ι
2039 1695 2235 1752 Videte
2289 1711 2360 1752 ne
2419 1693 2685 1760 recusatis
2741 1693 3072 1763 loquentem.
3119 1691 3174 1748 Si
3227 1693 3372 1748 enim
3403 1691 3480 1748 illi

215 1787 414 1840 ἐκεῖνοι
443 1785 546 1838 οὐκ
579 1784 860 1854 ἐξέφυγον,
894 1783 986 1836 τὸν
1023 1783 1116 1836 ἐπὶ
1159 1781 1262 1854 τῆς
1299 1784 1404 1853 γῆς
1451 1786 1793 1856 παραιτησά-

1898 1803 2002 1842 non
2035 1785 2344 1858 ell‘ugerunt
2372 1794 2687 1843 recusantes
2733 1801 2880 1850 eum,
2936 1785 3026 1854 qui
3076 1799 3237 1854 super
3279 1793 3479 1840 terram

216 1893 370 1948 μενοι
403 1876 493 1930 τὸν
529 1872 938 1946 χρηματίζοντα
957 1916 972 1940 ,
1004 1874 1184 1946 πολλῷ
1216 1874 1416 1946 μᾶλλον
1445 1877 1605 1946 ἡμεῖς
1629 1878 1680 1929 οἱ
1706 1877 1797 1931 τὸν

202 1969 308 2024 ἀπ’
351 1967 596 2040 οὐρανῶν
642 1965 1142 2036 ἀποστρεφόμενοι,
1183 1957 1244 2020 οὗ
1288 1967 1322 2038 ἡ
1365 1966 1518 2036 φωνὴ
1549 1967 1648 2040 τὴν
1693 1969 1801 2040 γῆν,

209 2060 474 2114 ὶσάλευσε
509 2059 630 2114 τότε
657 2075 670 2088 ·
718 2057 812 2111 νῦν
865 2059 920 2112 δὲ
983 2057 1351 2130 ἐπήγγελται,
1403 2057 1612 2128 λέγων,
1660 2061 1742 2115 ὅτι
1769 2070 1795 2100 ν

216 2149 396 2216 Ἄπαξ
430 2150 541 2220 ἐγὼ
586 2150 750 2205 σείσω
776 2151 836 2204 οὐ
869 2151 1030 2222 μόνον
1056 2151 1155 2222 τὴν
1184 2149 1310 2222 γῆν,
1330 2149 1466 2204 ἀλλὰ
1492 2150 1687 2204 καὶτὸν
1705 2151 1796 2204 οὔ·

207 2229 396 2316 ’ρανὸελ
423 2263 443 2296 ι
477 2243 573 2306 Τίς
609 2242 639 2294 ὁ
675 2243 1020 2314 χρηματίσας
1053 2240 1147 2294 ἐπὶ
1177 2242 1310 2314 γῆς,
1349 2243 1410 2296 ὃν
1448 2243 1794 2315 παραιτησάο

217 2343 367 2409 μενοι
409 2335 882 2392 κεκινδυνεύκασιν
908 2335 958 2388 oi
987 2334 1095 2388 τῶν
1117 2335 1394 2404 ,Ἰουδαίων
1425 2335 1660 2405 πατέρες
1679 2351 1693 2400 ;
1715 2331 1793 2388 Ἥ

210 2429 392 2502 δῆλον,
435 2429 517 2482 ὅτι
547 2429 786 2499 Μωσῆςς
825 2426 963 2480 Ἀλλ’
989 2426 1090 2480 οὐκ
1119 2427 1182 2480 ὲκ
1219 2426 1326 2496 γῆς
1357 2427 1386 2480 6
1431 2427 1688 2498 Χριστὸς.
1733 2427 1793 2492 ἐξ

211 2518 456 2591 οὐρανῶν
500 2517 556 2572 δὲ
593 2517 812 2589 μᾶλλον.
849 2507 1044 2588 ’θ’γὰρ
1079 2516 1284 2572 ἄνωθεν
1317 2519 1412 2571 καὶ
1444 2518 1508 2571 ὲκ
1537 2517 1630 2571 τοῦ
1677 2517 1791 2570 Πα-

208 2611 340 2684 τρὸς
367 2610 498 2676 Θεὸς
523 2611 712 2680 Λόγος,
740 2608 1026 2681 ἄνθρωπος
1053 2609 1244 2679 γέγονε
1271 2610 1366 2663 καὶ
1393 2609 1545 2674 Θεός.
1577 2611 1792 2684 Χείρων

202 2697 307 2755 οὖν
331 2703 366 2772 ὴ
397 2701 523 2772 δίκη
556 2703 669 2765 τοῖς
717 2699 880 2754 αὑτὸν
924 2701 1456 2772 ἀποστρεφομένοις,
1507 2701 1605 2755 καὶ
1645 2702 1791 2771 μάλα

211 2791 454 2854 εἰκότως.
486 2791 572 2854 Ὠς
599 2790 709 2862 γὰρ
737 2792 766 2844 6
791 2789 954 2858 σοφός
975 2803 1138 2859 φησιν
1173 2789 1427 2862 Ἰωάννης
1447 2830 1462 2855 ,
1493 2811 1512 2843 ι
1536 2793 1594 2846 'U
1620 2791 1694 2847 ὣν
1723 2794 1790 2846 ὲκ

210 2877 312 2947 τῆς
341 2878 464 2950 γῆς,
494 2881 556 2933 ὲκ
580 2879 678 2944 τῆς
705 2878 813 2949 γῆς
841 2877 1024 2944 λαλεῖ,
1065 2879 1343 2936 τουτέστιν
1382 2879 1699 2954 ἀνθρώπινα
1717 2899 1732 2912 ·
1759 2883 1790 2936 6

210 2967 269 3022 δὲ
301 2969 508 3023 ἄνωθεν
533 2971 844 3043 ἐρχόμενος,
875 2971 1060 3024 ἐπάνω
1080 2971 1298 3026 πάντων
1318 2973 1488 3039 ἐστὶν,
1513 2995 1529 3024 ι
1555 2973 1632 3039 ὡς
1655 2974 1788 3038 θεὸς

201 3058 472 3129 δηλονότι.
505 3061 672 3116 Τοῦτο
699 3063 755 3117 δὲ
783 3071 810 3098 ι
835 3057 902 3134 ἦν
933 3079 990 3115 τε
1021 3062 1117 3116 καὶ
1141 3063 1255 3116 ἔστι
1285 3065 1328 3118 Χ
1338 3065 1541 3135 ριστός,

1898 1879 2246 1950 loquebatur,
2298 1879 2470 1934 multo
2505 1877 2676 1948 magis
2707 1893 2828 1944 nos,
2857 1876 2946 1946 qui
2979 1875 3046 1931 de
3077 1875 3216 1930 cmlo
3246 1876 3478 1945 loquen-

1899 1982 2004 2026 tem
2034 1971 2190 2027 uobis
2213 1973 2531 2039 avertimus,
2563 1970 2722 2040 cujus
2747 1984 2849 2043 vox
2880 1968 3048 2023 movit
3075 1979 3274 2023 terram
3306 1977 3432 2022 tunc
3459 1985 3476 2021 :

1897 2079 2042 2120 nunc
2075 2071 2260 2118 autem
2295 2060 2618 2132 repromittit
2642 2100 2658 2126 ,
2695 2061 2881 2116 dicens
2911 2077 2926 2114 :
2969 2058 3158 2114 Adhuc
3187 2059 3392 2123 semel,
3427 2068 3484 2115 et

1893 2170 1994 2227 ego
2027 2154 2256 2211 movebo
2295 2170 2403 2209 non
2429 2155 2608 2210 solum
2642 2162 2842 2207 terram
2862 2193 2876 2215 ,
2907 2151 3002 2207 sed
3050 2161 3103 2205 et
3127 2151 3322 2207 cmlum
3349 2153 3416 2208 ".
3456 2171 3476 2204 ο

1894 2243 2028 2314 Quis
2079 2245 2192 2312 ille,
2243 2261 2462 2316 qumso,
2499 2259 2660 2316 quem
2712 2259 2833 2299 cum
2877 2243 2930 2297 in
2979 2243 3138 2298 terris
3174 2243 3481 2309 loquentem

1893 2336 2206 2392 Judmorum
2239 2337 2472 2405 majores
2500 2343 2961 2406 aspernarentur,
2995 2348 3159 2403 grave
3187 2335 3286 2388 sibi
3332 2336 3480 2405 peri-

1893 2428 2072 2484 Culum
2112 2426 2673 2482 acciveruut?annou
2731 2425 2940 2480 clarum
2979 2436 3060 2479 est
3088 2424 3306 2496 Moysen
3340 2426 3482 2480 hune

1893 2518 2214 2574 exstitisse?
2243 2521 2310 2572 At
2341 2517 2593 2572 Christus
2634 2523 2850 2584 non_de
2893 2525 3072 2582 terra,
3117 2517 3209 2572 sed
3248 2517 3312 2572 de
3342 2517 3482 2571 coelo

1893 2619 1994 2666 est.
2030 2608 2165 2663 Nam
2205 2609 2348 2664 Deus
2377 2609 2641 2671 Verbum,
2689 2607 2833 2677 quod
2878 2606 2943 2660 de
2984 2605 3234 2674 supernis
3269 2614 3384 2670 est,
3427 2613 3483 2660 et

1893 2717 1957 2756 ex
1995 2699 2156 2762 Patre
2179 2711 2358 2754 ortum
2385 2707 2489 2764 est,
2513 2697 2688 2753 factus
2712 2707 2793 2775 est
2819 2697 3003 2764 homo,
3032 2697 3282 2768 idemque
3311 2696 3477 2752 Deus.
3505 2713 3520 2723 ο

1891 2792 2126 2847 Gravius
2150 2789 2382 2862 proinde
2416 2789 2744 2860 supplicium
2771 2789 2997 2860 debetur
3037 2789 3144 2856 his,
3181 2790 3270 2863 qui
3305 2790 3479 2860 ipsum

1891 2893 2233 2951 aversantur,
2301 2898 2402 2940 nec
2454 2883 2674 2953 injuria,
2700 2882 3155 2953 quandoquidem,
3187 2893 3246 2937 ut
3267 2882 3482 2952 sapiens

1889 2975 2126 3030 Joannes
2155 2985 2362 3040 monet,
2427 2991 2450 3026 ι
2479 2973 2582 3041 Qui
2621 2975 2687 3029 de
2717 2984 2856 3028 terra
2891 2983 2994 3040 est,
3025 2974 3099 3028 ’σε
3134 2973 3480 3044 terraloqui-

1893 3077 2002 3132 tur,
2035 3086 2054 3120 ι
2097 3068 2201 3121 hoe
2243 3075 2328 3121 est
2357 3065 2590 3120 humana
2627 3081 2643 3118 ε
2679 3079 2698 3114 ι
2739 3063 2834 3132 qui
2890 3071 3069 3118 autem
3109 3063 3178 3118 de
3226 3063 3482 3132 superuis

214 3151 382 3214 venit,
425 3168 586 3222 super
613 3169 808 3209 omnes
831 3162 916 3208 est
943 3153 987 3185 "
1009 3193 1026 3219 ,
1069 3172 1086 3206 ι
1137 3171 1329 3242 nempe
1360 3165 1418 3210 ut
1445 3157 1604 3212 Deus.
1639 3155 1792 3215 (luuc
1832 3165 2017 3216 autem
2071 3157 2350 3215 Christum
2384 3171 2528 3224 esse,
2553 3165 2610 3212 et
2673 3153 2863 3220 fuisse,
2890 3152 3478 3225 qumstionem'nutlam

213 3243 396 3299 habet.

289 3353 308 3388 ι
349 3335 553 3406 Ἰησοῦς
585 3335 817 3406 Χριστὸς
845 3334 992 3406 χθὲς,
1018 3335 1111 3389 καὶ
1145 3338 1390 3408 σήμερον
1415 3339 1444 3392 6
1476 3339 1658 3404 αὐτὸς,
1692 3341 1787 3394 καὶ

1898 3411 1912 3426 ν
1969 3357 1988 3392 ι
2019 3337 2180 3396 Jesus
2207 3337 2458 3400 Christus
2505 3339 2658 3403 heri,
2687 3344 2746 3392 et
2796 3335 2977 3401 hodie,
3023 3336 3139 3407 ipse
3171 3347 3228 3395 et
3279 3338 3331 3392 iu
3375 3350 3479 3396 sar

213 3428 294 3490 εἰς
320 3429 444 3490 τοὺς
473 3427 695 3490 αἰῶνας.
725 3445 743 3477 ι
769 3425 871 3479 Τὸν
899 3427 964 3480 ὲκ
993 3426 1127 3480 Θεοῦ
1159 3428 1334 3498 φύντα
1355 3429 1528 3500 Λόγον
1552 3431 1672 3486 τότε
1705 3449 1792 3486 κε·

211 3519 479 3590 κλημένον
525 3519 833 3590 εὑρήσομεν
880 3518 1086 3590 Ἰησοῦν
1128 3519 1388 3590 Χριστὸν,
1419 3523 1508 3575 ὅτε
1567 3523 1788 3592 γέγονεν

208 3606 494 3678 ἄνθρωπος
523 3609 587 3659 ὲκ
617 3605 898 3674 γυναικός.
917 3607 1041 3672 Πῶς
1068 3604 1163 3662 οὖν
1186 3609 1214 3660 6
1247 3608 1393 3680 χθὲς,
1413 3611 1506 3664 ml.
1523 3613 1784 3682 σήμερον,

209 3699 239 3752 6
275 3697 438 3760 αὐτὸς
477 3695 572 3750 καὶ
613 3697 692 3759 εἰς
725 3697 851 3760 τοὺς
896 3697 1134 3766 αίῶνας;
1177 3699 1398 3753 Ἐνὼσει
1428 3700 1786 3774 61;).0v6tt1ﬁ

209 3790 348 3863 πρὸς
371 3789 463 3843 τὸν
495 3791 558 3842 ἐκ
583 3788 718 3842 Θεοῦ
751 3790 941 3858 Λόγον,
968 3791 1052 3854 είς
1080 3791 1207 3845 Υἱόν
1231 3790 1330 3845 ἕνα
1359 3793 1656 3864 νοουμένης
1685 3795 1787 3866 τῆς

207 3883 612 3956 ἀναληφθείσης
651 3883 712 3950 ἐξ
735 3883 900 3938 αὑτοῦ
944 3885 1174 3958 σαρκός’
1207 3885 1349 3939 οὕτω
1383 3885 1493 3958 γὰρ
1524 3886 1584 3940 τὸ
1623 3887 1786 3960 ἄτρε-

209 3991 343 4030 πτον
381 3976 475 4030 τοῦ
508 3977 684 4046 Λόγου
715 3975 858 4031 κατὰ
882 3976 1042 4048 φύσιν
1071 3979 1222 4049 μενεί
1251 3977 1409 4031 πάλιν
1439 3976 1608 4049 αὐτῷ,
1636 3995 1787 4032 νοου-

212 4065 363 4139 μένῳ
388 4067 484 4120 xui
519 4067 660 4139 μετὰ
693 4067 916 4140 σαρκός.
1510 4075 1514 4080 “

499 4285 596 4341 Ἕκ
627 4285 740 4356 τῆςε
769 4285 920 4355 πρὸς
957 4271 1242 4358 Τιμόθεον)
1261 4285 1514 4356 πρώτης.

286 4439 306 4474 ι
334 4421 547 4486 Παῦλος
584 4422 881 4487 ἀπόστολος
913 4421 1089 4493 Ἰησοῦ
1133 4422 1396 4495 Χριστοῦ,
1437 4421 1557 4477 κατ’
1589 4425 1781 4482 intra:

1897 3425 2020 3487 ruta
2047 3432 2114 3487 ".
2153 3449 2174 3484 ι
2213 3431 2450 3488 Verbum
2481 3433 2624 3500 quod
2659 3448 2726 3488 ex
2770 3434 2880 3489 Deo
2921 3431 3180 3502 gignitur,
3211 3439 3339 3485 tunc
3382 3429 3479 3486 de-
3562 3425 3570 3433 ’

1895 3538 2043 3582 munt
2075 3521 2207 3578 Jesu
2237 3521 2447 3578 Christi
2465 3523 2882 3594 appellationem
2926 3523 3176 3578 sortitum
3213 3523 3480 3592 comperi-

1895 3631 2039 3681 nius,
2073 3632 2194 3672 eum
2239 3631 2308 3673 ex
2357 3616 2584 3673 muliere
2611 3615 2818 3679 factum
2864 3625 2946 3672 est
2975 3615 3156 3672 homo.
3196 3613 3302 3670 Sed
3345 3629 3483 3684 quo-

1894 3709 2054 3763 modo
2083 3708 2224 3764 idem
2247 3718 2331 3764 est
2361 3709 2572 3774 heri,et
2603 3709 2782 3773 hodie,
2803 3709 2920 3778 ipse
2943 3717 2998 3762 et
3024 3707 3079 3762 in
3108 3705 3479 3762 saecula?Nuu

1893 3797 1995 3851 alia
2032 3799 2217 3866 utique
2264 3799 2496 3865 ratione,
2528 3815 2690 3869 quam
2737 3799 2940 3865 carnis,
2976 3813 3137 3867 quam
3166 3795 3476 3866 assumpsit,

1893 3903 2016 3944 cum
2038 3889 2129 3944 Dei
2146 3889 2556 3954 Ver-bunuione,
2575 3899 2634 3945 ut
2651 3905 2791 3946 unus
2809 3889 3136 3959 intelligatur
3159 3887 3343 3942 Filius.
3363 3887 3480 3944 Hac

1897 3993 2145 4048 namque
2161 3979 2621 4045 consideratione,
2655 3979 2894 4045 etiamsi,
2921 3987 2980 4032 ut
3022 3993 3187 4033 carne
3229 3977 3474 4032 indutum

1892 4079 1996 4134 est,
2027 4069 2210 4125 animo
2253 4071 2613 4139 Concipiatur,
2643 4069 2752 4141 7'5
2795 4085 2950 4126 suam
2991 4069 3340 4124 nihilominus
3379 4085 3477 4124 ua-

1893 4159 2127 4217 turalem
2151 4161 2510 4224 stabilitatem
2545 4162 2806 4234 integrant
2835 4176 3057 4232 semper
3091 4159 3311 4216 retinet.

2303 4291 2391 4350 Ea:
2417 4295 2583 4366 priori
2619 4297 2690 4350 ad
2718 4293 3066 4414 Iimotheum.

1905 4423 1918 4442 ‘
1967 4447 1986 4482 ι
2024 4428 2218 4485 Paulus
2252 4427 2528 4498 apostolus
2565 4427 2691 4486 Jesu
2728 4428 2932 4485 Christi
2973 4431 3268 4486 secundum
3301 4431 3470 4504 impe-

207 4511 310 4583 γὴν
337 4511 472 4566 Θεοῦ
505 4513 757 4584 Σωτῆρος
786 4512 964 4586 ἡμῶν,
991 4512 1242 4585 Τιμοθέῳ
1271 4513 1480 4586 γνησίῳ
1516 4512 1693 4583 τέκνῳ
1723 4515 1782 4568 ὲν

1898 4519 2030 4575 rium
2087 4519 2182 4574 Dei
2239 4517 2536 4577 Salvatoris
2588 4532 2780 4587 ttOSlI‘l,
2823 4530 2878 4578 et
2929 4521 3126 4579 Christi
3183 4523 3308 4580 Jesu
3357 4527 3471 4596 spei

209 4604 412 4658 πίστει.
443 4622 462 4655 ι
503 4604 576 4658 Τὸ
607 4604 704 4659 τοῦ
748 4604 1000 4676 Σωτῆρος
1038 4605 1209 4676 δνομα
1242 4605 1446 4677 πρέποι
1479 4603 1546 4658 ἂν
1579 4604 1779 4676 μᾶλλον

1898 4622 2118 4680 nostrae,
2153 4611 2438 4670 Timotheo
2479 4613 2674 4670 dilecto
2715 4615 2824 4670 lilio
2851 4615 2904 4670 in
2935 4617 3038 4672 llde
3071 4617 3137 4670 ".
3207 4635 3225 4668 ι
3264 4614 3470 4672 Nomen

206 4693 306 4766 οὐχ
339 4697 511 4768 ἑτέρῳ
539 4696 744 4768 κυρίως
771 4713 834 4750 τε
861 4698 954 4750 καὶ
988 4697 1224 4768 ἀληθῶς,
1256 4695 1398 4767 πλὴν
1417 4697 1498 4750 ὅτι
1523 4696 1588 4770 δὴ
1635 4698 1780 4768 μόνῳ

1898 4701 1988 4762 ltoc
2019 4705 2268 4761 Salvator
2297 4706 2422 4760 nulli
2452 4706 2607 4762 alteri
2645 4721 2798 4777 teque
2833 4723 2957 4762 vere
2989 4707 3312 4777 prepriequc
3349 4723 3474 4763 cou-

207 4783 286 4855 τῷ
322 4785 462 4838 κατὰ
493 4786 656 4855 φύσιν
696 4783 808 4838 ὗντι
844 4785 992 4857 Θεῷ·
1025 4787 1166 4841 οὕτω
1207 4790 1303 4841 καὶ
1333 4787 1430 4842 νῦν
1459 4789 1620 4843 αὐτὸν
1648 4789 1782 4842 ὠνό-

1898 4798 2055 4864 reuit,
2088 4811 2150 4850 ac
2177 4796 2274 4851 soli
2293 4797 2439 4852 ‘vero
2491 4798 2836 4867 naturalique
2891 4797 3019 4850 Deo.
3083 4794 3236 4852 Unde
3285 4783 3486 4851 dortor'

210 4887 382 4944 μασεν
408 4876 437 4928 6
469 4875 847 4946 μυσταγωγός.
883 4875 1022 4930 Ἀλλ’
1053 4877 1168 4932 ἐστι
1213 4879 1408 4950 Σωτὴρ
1442 4880 1536 4934 καὶ
1577 4881 1782 4952 Κύριος

1898 4895 2076 4942 noster
2105 4888 2154 4940 id
2188 4888 2420 4940 nominis
2460 4899 2604 4941 nunc
2637 4901 2852 4955 quoque
2881 4883 2956 4941 illi
2991 4885 3240 4956 imponit.
3307 4889 3469 4957 Atqui

203 4963 396 5036 ἡμῶν,
434 4965 639 5038 Ἰησοῦς
670 4965 931 5038 Χριστός⁸
959 4966 1274 5038 ὠνόμασται
1301 4970 1411 5041 γὰρ
1443 4970 1668 5042 Ἰησοῦς,
1689 4972 1783 5028 καὶ

1898 4973 2046 5030 Iesus
2083 4974 2354 5038 Chrlstus,
2387 4985 2441 5030 et
2479 4973 2760 5043 Dominus,
2785 4985 2840 5030 et
2871 4975 3122 5029 Salvator
3152 4983 3336 5030 noster
3363 4987 3466 5031 est.

202 5056 306 5126 τὴν
346 5057 440 5110 τοῦ
484 5057 750 5129 ὀνόματος
792 5057 1041 5130 δύναμιν,
1082 5059 1250 5132 ἧγουν
1284 5061 1598 5132 ἑρμηνείαν,
1636 5066 1781 5136 σαφῆ

1898 5063 2128 5121 Vocatus
2153 5077 2236 5122 est
2261 5065 2407 5132 enim
2445 5063 2626 5130 Iesus,
2657 5067 3001 5136 nominisque
3041 5066 3148 5120 vim
3184 5081 3246 5122 ac
3273 5067 3470 5138 signi-

205 5143 470 5211 καθιστὰς
491 5149 519 5201 6
541 5149 808 5220 μακάριος
834 5148 1063 5218 ἅγγελος
1095 5147 1299 5220 ἔφασκε
1316 5167 1331 5182 ο
1367 5170 1386 5204 t
1411 5153 1519 5209 Καὶ
1533 5154 1782 5218 καλέσεις

1898 5159 2156 5214 rationem
2207 5155 2398 5212 beatus
2432 5155 2654 5228 angelus
2693 5173 3000 5229 exponens,
3038 5159 3110 5212 ita
3146 5158 3265 5214 ait:
3301 5178 3322 5212 ι
3363 5157 3468 5214 Vo-

204 5233 267 5288 τδ
294 5235 464 5308 ὄνομα
508 5240 674 5292 αὐτοῦ
711 5239 950 5312 Ἰησοῦνο
981 5242 1143 5306 αὐτὸς
1188 5242 1298 5314 γὰρ
1333 5245 1496 5300 σώσει
1533 5245 1623 5300 τὸν
1651 5245 1778 5299 λαὸν

1898 5249 2040 5304 cabis
2069 5263 2262 5304 nomen
2307 5249 2425 5318 ejus
2466 5247 2648 5305 Jesum
2683 5266 2697 5304 :
2729 5249 2843 5321 ipse
2879 5249 3024 5305 enim
3055 5233 3263 5306 salvum
3305 5249 3469 5307 faciet

278 5396 506 5453 “Hebr.
541 5415 590 5462 ι,
619 5399 711 5466 ἳ8,
745 5398 837 5458 29.
917 5401 959 5434 ⁸⁷
993 5401 1154 5458 llebr.
1191 5403 1400 5471 xu,25,
1427 5404 1520 5458 26.
1595 5405 1642 5436 ⁶’¹
1668 5402 1793 5459 Joar

1903 5423 1946 5473 ι,
1975 5407 2065 5461 51.
2142 5407 2186 5440 ⁸⁸
2239 5404 2401 5462 llebr.
2434 5424 2550 5474 xm,
2587 5369 2653 5464 8..
2717 5407 2808 5464 "l
2844 5406 3081 5466 Timoth.
3113 5423 3154 5479 ι,
3186 5409 3237 5468 1.

1295 5557 1466 5615 Varia:
1487 5560 1743 5618 lectiones
1774 5559 1976 5618 codicis
2013 5561 2368 5632 Seguieriani.

278 5692 332 5733 ἰ’
351 5690 644 5763 ἀτιμάσας.
721 5701 749 5733 ν
782 5692 880 5746 ἔτι.
960 5702 982 5774 ξ
1013 5694 1178 5758 ἴσως,
1208 5687 1360 5758 οὗτος
1380 5692 1458 5748 δέ.
