3910 6200
380 237 520 296 1235

1370 223 1429 279 S.
1472 219 1744 279 CYRILLI
1782 213 2254 274 ALEXANDRINI
2290 209 2610 269 ARCHIEP.

3488 217 3508 269 l
3521 213 3639 272 256

380 350 631 423 populum
676 361 832 403 suum
865 361 893 401 a
923 344 1161 417 peccatis
1210 354 1396 397 eorum
1434 340 1503 392 ".
1544 357 1563 388 ι
1612 337 1757 391 Deus
1798 332 1990 403 igitur,

2101 328 2227 383 ὑτοῦ
2269 329 2378 383 ἀπὸ
2423 328 2533 382 τῶν
2580 324 2862 397 ἁμαρτιῶν
2904 325 3103 380 αὐτῶν.
3132 345 3149 377 ι
3180 326 3314 390 Θεὸς
3342 315 3435 382 οὖν
3465 331 3575 400 ἀρα
3602 334 3638 384 δ

377 453 460 498 est
486 441 754 504 Christus,
785 453 907 493 nam
932 436 1087 505 juxta
1120 435 1283 489 divini
1317 432 1464 487 Pauli
1491 429 1814 493 doctrinam,
1844 425 1960 494 ipse

378 543 462 590 est
495 531 740 588 Salvator
764 530 1002 585 omnium
1034 528 1338 583 hominum.
1710 530 1715 535 ’

822 636 906 691 Ex
933 636 1173 706 Epistola
1201 635 1271 687 ad
1310 633 1507 687 Titum.

459 766 480 801 ι
538 744 804 816 Apparuit
862 745 1007 799 enim
1058 742 1243 815 gratia
1295 742 1388 797 Dei
1444 741 1742 797 Salvatoris
1797 726 1969 800 nostri

388 838 643 893 omnibus
716 835 1043 898 hominibus,
1090 834 1342 888 erudiens
1385 848 1483 887 nos
1533 844 1592 886 ut
1639 835 1967 904 almegantes

390 927 714 995 impietatem
746 933 799 978 et
827 920 1104 977 saecularia
1166 922 1455 987 desideria,
1505 921 1687 987 sobrie
1731 932 1785 976 et
1824 921 1969 990 juste

387 1026 443 1071 et
478 1016 562 1084 pie
592 1016 840 1070 vivamus
863 1013 915 1066 iu
939 1010 1040 1067 hoc
1070 1010 1287 1076 saeculo,
1321 996 1705 1081 exspectantes
1745 1010 1962 1067 beatam

346 1104 349 1105 ν
390 1122 565 1177 spem,
600 1115 653 1160 et
679 1104 967 1159 adventum
1015 1103 1200 1173 gloria:
1235 1104 1411 1172 magni
1460 1103 1550 1158 Dei
1583 1112 1637 1156 ct
1670 1100 1971 1159 Salvatoris

393 1197 559 1251 nostri
585 1195 711 1250 Jesu
735 1193 962 1256 Christi,
990 1196 1079 1262 qui
1110 1193 1255 1247 dedit
1287 1195 1636 1263 semetipsum
1667 1209 1765 1263 pro
1792 1193 1970 1255 nobis,

393 1295 461 1361 ut
479 1299 573 1339 nos
598 1283 883 1338 redimeret
909 1284 976 1335 ab
996 1282 1142 1336 omni
1188 1282 1470 1351 iniquitate
1489 1292 1543 1337 et
1567 1284 1845 1337 mundaret
1870 1281 1971 1338 sibi

395 1375 645 1444 populum
697 1374 1106 1443 acceptabiletn,
1147 1362 1468 1431 sectatorem
1530 1375 1794 1429 bonorum
1847 1388 1975 1442 ope-

394 1482 513 1520 rum
533 1466 601 1520 ".
640 1484 659 1516 ι
701 1465 906 1530 Qualis,
939 1479 1143 1533 quaeso,
1176 1466 1372 1532 gratia,
1404 1475 1505 1518 aut‘
1542 1464 1818 1534 cujusnam
1879 1462 1974 1519 Dei

407 1558 580 1628 gratia
614 1555 879 1625 ‘apparuit
955 1554 1131 1618 nobis,
1177 1570 1295 1622 quae
1355 1554 1602 1608 omnibus
1672 1553 1976 1608 hominibus

2064 421 2317 492 Χριστὸς,
2343 419 2500 488 εἴπερ
2543 417 2660 470 ἐστὶ
2688 416 2880 487 Σωτὴρ
2909 416 3125 470 πάντων
3170 417 3496 490 ἀνθρώπων,
3534 439 3643 474 και

2065 511 2134 566 Οά
2167 528 2330 582 φησιν
2355 510 2383 562 ό
2411 509 2698 571 θεσπέσιος
2730 507 2965 570 Παῦλος.
3146 574 3152 581 .

2532 623 2628 676 Ἐκ
2667 622 2779 690 τῆς
2811 617 2960 691 πρὸς
2999 620 3187 677 Τίτον.

2144 759 2162 793 ί
2207 740 2480 810 Ἐπὲφανη
2535 737 2644 810 γὰρ
2688 739 2721 808 ἠ
2768 736 2930 806 χάρις
2974 733 3067 788 τοῦ
3113 730 3246 788 Θεοῦ
3287 735 3322 806 ἡ
3371 737 3646 808 σωτήριος

2068 827 2233 879 πᾶσιν
2285 825 2624 897 ἀνθρώποις,
2676 822 3005 878 παιδεύουσα
3047 825 3224 894 ἡμᾶς,
3267 824 3355 879 ἵνα
3394 822 3646 896 ἀρνησά-

2072 932 2222 985 μενοι
2262 915 2360 987 τὴν
2407 914 2686 976 ἀσέϐειαν,
2731 914 2826 967 καὶ
2866 914 2965 977 τὰς
2996 912 3267 985 κοσμικὰς
3304 912 3599 982 ἐπιθυμίας
3625 954 3645 980 ,

2072 1006 2365 1077 σωφρόνως
2395 1000 2719 1079 ὲπιεικῶςξ
2766 1003 3021 1074 ζήσωμεν
3072 1004 3130 1055 ὲν
3175 1002 3252 1072 τῷ
3301 1000 3396 1056 νῦν
3445 1003 3645 1068 αἰῶνι,

2071 1095 2489 1166 προσδεχόμενοι
2521 1092 2620 1166 τὴν
2653 1090 2927 1163 μακαρίαν
2961 1090 3171 1159 ἐλπίδα,
3202 1090 3293 1146 καὶ
3323 1094 3650 1162 ἐπιφάνειαν

2072 1183 2168 1258 τῆς
2192 1184 2349 1257 δόξης
2374 1184 2467 1239 τοῦ
2500 1179 2736 1257 μεγάλου
2776 1182 2910 1238 Θεοῦ
2937 1185 3029 1237 καὶ
3061 1180 3314 1254 Σωτῆρος
3346 1185 3504 1254 ἡμῶν
3537 1185 3652 1254 ’1η-

2076 1272 2170 1332 σοῦ
2211 1276 2469 1346 Χριστοῦ,
2497 1276 2555 1339 ὃς
2583 1276 2784 1329 ἔδωκεν
2812 1276 3002 1330 ἑαυτὸν
3042 1273 3180 1348 ὑπὲρ
3211 1276 3388 1347 ήμῶν,
3424 1276 3515 1331 ἵνα
3550 1276 3652 1330 λυ-

2073 1368 2349 1439 τρώσηται
2385 1368 2533 1438 ἡμᾶς
2563 1367 2670 1421 ἀπὸ
2710 1367 2891 1439 πάσης
2934 1368 3190 1438 ἀνομίας,
3235 1367 3329 1420 καὶ
3370 1368 3653 1440 καθαρίσῃ

2077 1459 2252 1530 ἑαυτῷ
2300 1459 2425 1512 λαὸν
2480 1457 2810 1529 περιούσιον,
2866 1457 3113 1529 ζηλωτὴν
3164 1457 3343 1511 καλῶν
3389 1457 3588 1528 ἔργων.
3626 1478 3647 1509 ι

2080 1552 2213 1605 Ποία
2258 1551 2415 1622 χάρις
2465 1551 2735 1620 ὲπέφανεν
2781 1551 2934 1620 ἡμῖν,
2978 1550 3011 1619 ἢ
3060 1549 3214 1603 ποίου
3258 1549 3417 1612 Θεοῦ,
3463 1549 3652 1602 καίτοι

397 1647 653 1702 salutaris
699 1647 800 1701 hoc
850 1646 970 1699 loco
1018 1645 1384 1713 praulicatur?
1435 1642 1663 1697 Planum
1694 1654 1797 1707 est,
1832 1644 1975 1714 quod

2097 1645 2346 1721 ιεγομένη
2395 1649 2657 1719 σωτήριος
2710 1642 2849 1701 εἶναι
2897 1648 3064 1699 πᾶσιν
3115 1644 3458 1717 ἀνθρώποις;
3507 1645 3655 1697 Ἀλλ’

400 1740 543 1794 illius
576 1738 664 1792 Dei
701 1749 753 1792 et
783 1737 992 1791 Domini
1025 1736 1137 1805 qui,
1163 1734 1316 1803 juxta
1340 1735 1555 1789 beatum
1580 1731 1771 1799 David,
1804 1734 1981 1789 illuxit

403 1831 577 1895 nobis,
623 1829 884 1899 cujusque
930 1828 1220 1898 gloriosam
1251 1827 1743 1882 mauil‘estatiouetu
1779 1828 1843 1882 de
1872 1842 1983 1883 cus-

402 1923 468 1977 lis
523 1933 899 1991 exspectamus
925 1920 993 1974 ⁷³.
1029 1918 1255 1990 Magnus
1307 1919 1395 1973 hic
1442 1919 1580 1973 Deus
1635 1918 1752 1987 ipse
1798 1915 1984 1972 Salva-

404 2022 488 2066 tor
523 2022 707 2067 noster
752 2010 908 2066 Jesus
949 2012 1220 2074 Christus,
1257 2010 1347 2079 qui
1396 2008 1589 2063 obtulit
1633 2008 1982 2077 semetipsum

405 2118 503 2173 pro
534 2102 703 2166 nobis,
738 2117 847 2172 quo
870 2102 937 2155 ab
965 2102 1106 2155 omni
1134 2110 1355 2171 peccato
1377 2098 1669 2163 absolutos,
1698 2112 1984 2168 germanos

405 2194 507 2249 sibi
539 2194 896 2248 constitueret
920 2193 1256 2246 adoratores.
1292 2191 1427 2245 Cum
1459 2205 1586 2259 ergo
1621 2190 1809 2244 beatus
1840 2187 1985 2242 Pau-

405 2284 489 2339 lus
525 2282 858 2338 Salvatorem
896 2292 1137 2337 nostrum
1184 2280 1364 2335 Iesum
1399 2279 1673 2335 Christum
1726 2293 1982 2348 magnum

413 2374 579 2430 Deum
634 2375 911 2444 praedicet,
956 2374 1077 2444 quis
1120 2372 1517 2428 Emmanueletu
1578 2386 1761 2427 verum
1816 2371 1986 2426 Deum

408 2475 530 2520 esse
556 2462 784 2518 iullciari
826 2462 1061 2517 audeat?

835 2649 943 2726 76
972 2653 1076 2708 EX
1111 2653 1574 2711 CATIIOLICIS.

925 2767 1003 2822 Ex
1030 2764 1217 2822 Jacobi
1240 2766 1498 2836 Epistola.

608 2913 620 2928 .
734 2876 753 2894 '
870 2879 1024 2946 Quod
1050 2878 1292 2934 Christus
1317 2880 1385 2934 sit
1410 2880 1570 2935 Deus.

2086 1735 2201 1788 ἐστι
2224 1735 2400 1804 δῆλον,
2423 1735 2505 1788 ὃτι
2529 1753 2547 1784 ι
2567 1733 2696 1797 Θεὸς
2721 1733 2797 1787 ὢν
2813 1732 3035 1804 Κύριος,
3054 1733 3147 1786 κα)⁵
3172 1734 3436 1803 ὲπέφανεν
3450 1736 3608 1803 ἡμῖν,
3635 1753 3655 1783 s

2083 1828 2224 1882 κατά
2259 1828 2351 1881 τὸν
2393 1829 2660 1899 μακάριον
2705 1827 2890 1883 Δαυῗδ.
2941 1826 3114 1880 Αὑτοῦ
3174 1826 3270 1898 τὴν
3302 1819 3360 1891 ἔξ
3408 1824 3664 1899 οὐρανῶν

2082 1920 2403 1989 ἐπιφάνειαν
2428 1919 2525 1995 τῆς
2543 1919 2699 1990 δόξης
2724 1918 3152 1991 προσδεχόμεθα.
3180 1920 3292 1972 Καὶ
3318 1919 3479 1983 αὐτός
3505 1922 3666 1973 ἐστιν

2082 2012 2110 2063 ὁ
2142 2009 2317 2080 μέγας
2345 2008 2476 2073 Θεὸς
2502 2010 2596 2063 καὶ
2626 2011 2816 2081 Σωτὴρ
2843 2010 2995 2081 ἡμῶν
3031 2008 3237 2081 Ἰησοῦς
3264 2012 3294 2063 ὁ
3317 2010 3572 2080 Χριστὸς,
3600 2009 3667 2075 ὃς

2083 2098 2312 2151 δέδωκεν
2358 2098 2548 2152 ἑαυτὸν
2594 2098 2735 2169 ὑπὲρ
2782 2098 2960 2170 ἡμῶν,
3009 2099 3098 2153 ἵνα
3143 2098 3327 2170 πάσης
3377 2100 3667 2171 ἁμαρτίας

2084 2189 2432 2254 ἀπαλλάξας,
2474 2187 2652 2261 ἑαυτῷ
2680 2190 3008 2262 παραστήσῃ
3042 2190 3298 2260 γνησίους
3348 2208 3670 2262 προσκυνη-

2083 2283 2203 2345 τάς.
2247 2277 2378 2335 Εἶτα
2419 2281 2503 2345 τίς
2541 2282 2570 2334 ὁ
2601 2281 2774 2350 λέγων
2804 2282 2902 2334 οὐκ
2944 2274 3087 2334 εἶναι
3117 2282 3247 2336 Θεὸν
3277 2281 3532 2352 ἀληθινὸν
3564 2284 3670 2335 τὸν

2099 2373 2464 2445 Ἐμμανουήλ,
2491 2373 2584 2427 τοῦ
2610 2372 2893 2444 μακαρίου
2943 2373 3155 2427 Παύλου
3185 2373 3315 2444 περὶ
3361 2373 3530 2427 αὐτοῦ
3566 2372 3669 2425 λέ-

2085 2481 2292 2535 γοντοςο
2318 2482 2340 2516 ι
2359 2463 2463 2518 Τοῦ
2494 2464 2730 2536 μεγάλου
2756 2463 2890 2517 Θεοῦ
2916 2464 3009 2518 καὶ
3036 2464 3287 2535 Σωτῆρος
3314 2464 3469 2535 ἡμῶν
3486 2459 3673 2534 Ἰησοῦ

2087 2556 2323 2628 Χριστοῦ
2346 2574 2360 2623 ;
2400 2576 2420 2610 ο

2493 2667 2591 2724 EK
2636 2671 2776 2724 ΤΩΝ
2801 2670 3249 2725 ΚΑΘΟΛΙΚΩΝ.

2414 2782 2511 2837 Ἐκ
2539 2783 2642 2853 τῆς
2676 2780 2931 2836 Ἰακώϐου
2970 2782 3310 2853 Ἐπιστολῆς.

2559 2892 2681 2945 Ὅτι
2715 2891 2860 2958 Θεὸς
2892 2892 2926 2946 ό
2957 2892 3231 2961 Χριστός.

403 2996 423 3013 ‘
485 2999 511 3048 ἰ
543 2993 718 3050 Nolite
756 3008 962 3057 errare,
1007 2991 1202 3048 fratres
1249 2992 1352 3047 mei
1411 2992 1743 3047 dilectissimi
1780 3009 1795 3048 :
1835 3007 1990 3048 omne

2169 3024 2189 3058 ι
2217 3004 2309 3076 Μὴ
2342 3002 2637 3069 πλανᾶσθε,
2663 3003 2881 3073 ἀδελφοί
2916 3020 3019 3075 μου
3049 3000 3360 3072 ἀγαπητοί·
3401 3002 3552 3056 πᾶσα
3586 2996 3684 3055 δό-

418 3088 601 3144 datum
635 3086 894 3156 optimum
915 3125 930 3150 ,
956 3097 1010 3139 et
1042 3097 1203 3137 omne
1229 3082 1427 3139 donum
1452 3083 1745 3153 perfectum
1774 3084 1840 3139 de
1871 3098 1993 3139 sur-

426 3194 547 3235 sum
588 3186 691 3243 est,
729 3176 1113 3232 descendensa
1143 3172 1305 3228 Patre
1347 3174 1609 3229 luminnnt
1640 3174 1705 3229 ".
1744 3193 1764 3228 ι
1810 3173 1995 3241 Omne,

421 3270 629 3341 inquit,
682 3270 864 3321 datum
922 3268 1172 3336 optimum
1206 3281 1225 3320 :
1263 3280 1396 3322 sane
1442 3266 1640 3321 bonum
1682 3282 1877 3321 munus
1916 3275 2000 3322 est

421 3362 658 3432 Spiritus
683 3369 923 3423 sanctus,
956 3360 1449 3428 patrandorumque
1496 3360 1879 3414 miraculorum
1918 3358 2000 3413 fa-

423 3452 596 3506 cultas
631 3465 727 3521 per
752 3453 926 3517 ipsum
955 3450 1246 3519 impertita.
1277 3450 1413 3503 Cum
1444 3466 1575 3521 ergo
1604 3450 1853 3507 Christus
1880 3438 2011 3521 Spi-‘

423 3541 586 3594 ritum
636 3548 883 3594 sanctum
925 3538 1130 3593 sanctis
1175 3537 1538 3607 impertiatur,
1577 3550 2003 3611 potestatemque

426 3641 487 3686 ut
513 3631 692 3687 divina
743 3629 1001 3685 miracula
1045 3631 1228 3694 edant,
1291 3614 1481 3686 iisdem
1536 3631 1833 3701 largiatur:
1865 3648 2002 3703 quo-

426 3724 585 3779 modo
611 3738 717 3777 non
747 3730 831 3777 est
860 3737 1022 3777 verus
1053 3721 1238 3777 Deus?

500 3835 522 3869 ι
556 3814 764 3870 Subditi
801 3815 963 3886 igitur
994 3823 1176 3869 estote
1218 3812 1348 3879 Deo,
1389 3813 1623 3870 resistite
1667 3820 1846 3871 autem
1887 3816 2005 3871 dia-

427 3908 572 3975 bolo,
601 3916 656 3963 et
682 3907 849 3978 fugiet
873 3921 902 3960 a
924 3906 1079 3961 vobis
1108 3906 1175 3961 ".
1224 3924 1244 3958 ι
1283 3905 1420 3961 Ecce
1447 3907 1499 3961 in
1529 3906 1613 3962 his
1641 3916 1828 3977 aperte
1871 3907 2004 3963 dicit

428 4010 678 4070 oportere
725 4015 823 4055 nos
867 3999 975 4054 Deo
1016 3998 1231 4068 subjici.
1299 3997 1436 4054 Dicit
1484 4000 2003 4056 atttemeristus:

435 4110 456 4145 ι
497 4092 692 4146 Tollite
737 4092 926 4161 jugum
964 4104 1140 4143 meum
1176 4104 1341 4159 super
1375 4104 1473 4144 vos
1504 4091 1572 4145 ⁷⁸.
1614 4109 1635 4143 ι
1686 4090 1821 4146 Cum
1848 4091 1884 4145 ii
1913 4091 2005 4161 qui

431 4184 633 4238 Christi
651 4181 836 4252 jugum
869 4182 922 4236 in
947 4195 1007 4237 se
1033 4180 1243 4247 tollunt,
1277 4196 1380 4236 non
1429 4181 1581 4238 alteri
1617 4182 1848 4253 cuipiam
1876 4183 2006 4239 sub-

426 4272 704 4343 jiciantut‘,
759 4287 918 4342 quam
988 4273 1096 4326 Deo
1130 4288 1144 4325 :
1182 4272 1450 4338 quomodo
1493 4272 1741 4329 Christus
1777 4286 1884 4328 non
1925 4281 2009 4329 est

433 4364 575 4419 Deus
590 4361 615 4415 2

839 4471 923 4528 Ea:
950 4475 1115 4544 priori
1147 4474 1383 4544 Epistola
1420 4472 1584 4528 Petri.

511 4605 530 4638 ι
571 4583 760 4640 Petrus
803 4584 1079 4653 apostolus
1124 4582 1252 4639 Jesu
1291 4584 1518 4649 Christi,
1554 4581 1742 4638 electis
1790 4582 2010 4640 advenis

435 4678 791 4747 dispersionis
818 4676 997 4739 Ponti,
1024 4676 1268 4740 Galatite,
1314 4674 1684 4746 Cappadociae,
1721 4675 1882 4740 Asiae,
1916 4674 2010 4728 Bi-

439 4771 667 4842 thyniae,
703 4770 999 4825 secundum
1032 4768 1429 4838 praescientiam
1469 4767 1563 4824 Dei
1602 4767 1777 4823 Patris
1802 4767 1855 4821 in
1882 4781 2012 4822 san-

437 4861 824 4918 ctiﬁcationem
869 4859 1128 4931 Spiritus,
1171 4861 1224 4915 in
1261 4859 1621 4917 obedientiam
1653 4868 1715 4915 et'
1740 4858 2012 4929 aspersio-

438 4966 561 5007 nem
609 4951 885 5021 sanguinis
943 4950 1067 5006 Jesu
1131 4950 1332 5007 Christi
1390 4953 1560 5022 gratia
1618 4952 1771 5008 vobis
1813 4960 1867 5005 et
1908 4964 2013 5020 pax

440 5040 826 5112 multiplicetur
854 5041 922 5095 ".
963 5059 983 5093 ι
1025 5039 1166 5097 Ecce
1202 5043 1498 5103 secundum
1532 5041 1623 5097 Dei
1668 5041 1847 5096 Patris
1874 5054 2011 5111 prae-

2100 3116 2182 3162 σις
2225 3096 2425 3167 ἀγαθὴ,
2467 3097 2564 3149 καὶ
2596 3096 2706 3150 πᾶν
2739 3095 2973 3167 δώρημα
3015 3095 3220 3149 τέλειον
3258 3093 3464 3149 ἄνωθέν
3494 3095 3684 3158 ἐστιν,

2098 3188 2427 3244 καταϐαῖνον
2457 3187 2521 3239 ὲκ
2544 3185 2638 3240 τοῦ
2668 3173 2885 3258 ¹Πατρὸς
2912 3184 3020 3240 τῶν
3056 3185 3272 3255 φώτων.
3302 3203 3321 3236 ι
3364 3183 3538 3239 Πᾶσα
3569 3182 3685 3237 δό-

2099 3295 2222 3348 σις,
2256 3277 2420 3349 φησὶν
2440 3316 2456 3342 ,
2482 3276 2674 3347 ἀγαθή
2697 3293 2713 3309 ·
2753 3275 2934 3347 ἀγαθὴ
2962 3275 3020 3329 δὲ
3051 3276 3220 3340 δόσις,
3251 3273 3312 3329 τὸ
3344 3274 3572 3344 Πνεῦμα
3619 3275 3686 3327 τὸ

2100 3370 2273 3438 ἅγιον,
2301 3369 2397 3424 καὶ
2426 3368 2486 3422 τὸ
2511 3367 2771 3422 δύνασθαι
2805 3367 3047 3441 πληροῦν
3074 3370 3130 3421 ὲν
3160 3367 3310 3439 αὐτῷ
3341 3368 3438 3429 τὰς
3480 3365 3688 3436 θεοση-

2104 3461 2281 3532 μείας.
2310 3456 2441 3514 Εἶτα
2466 3460 2514 3512 εἰ
2541 3461 2653 3524 τοῖς
2684 3459 2860 3528 ἁγίοις
2891 3458 3175 3531 χαρίζεται
3205 3459 3266 3512 τὸ
3294 3456 3519 3527 Πνεῦμα
3545 3457 3690 3525 Χρι·

2103 3551 2245 3616 στὸς,
2285 3552 2382 3606 καὶ
2420 3551 2527 3623 μὴν
2573 3552 2667 3604 καὶ
2693 3550 2753 3604 τὸ
2801 3549 3061 3604 δύνασθαι
3114 3548 3355 3619 πληροῦν
3387 3547 3456 3601 ea
3487 3547 3690 3618 παρά-

2101 3646 2251 3713 δοξα,
2286 3645 2402 3710 πῶς
2425 3646 2526 3700 οὐκ
2555 3645 2620 3700 ἂν
2649 3645 2734 3717 εῐη
2768 3646 2901 3709 Θεὸς
2929 3643 3184 3715 ἀληθινὸς
3207 3644 3235 3695 ὁ
3266 3641 3535 3711 Χριστός;

2181 3838 2201 3872 ι
2240 3817 2581 3888 Ὑποτάγητε
2624 3810 2717 3870 οῦν
2764 3813 2844 3885 τῷ
2880 3814 2998 3885 Θεῷ
3022 3823 3068 3879 ⁸,
3111 3811 3398 3881 ἀντίστητε
3448 3809 3529 3882 τῷ
3565 3810 3694 3864 δια·-

2105 3909 2267 3978 6ὀλῳ,
2294 3909 2388 3962 καὶ
2419 3906 2672 3976 φεύξεται
2709 3907 2803 3976 ἀφ’
2828 3904 3003 3976 ὑμῶν.
3030 3923 3049 3956 ι
3087 3904 3219 3957 Ἰδοὺ
3251 3901 3439 3972 σαφῶς
3476 3903 3535 3954 ὲν
3565 3902 3696 3954 τού-

2103 4018 2238 4066 τοις,
2268 3997 2666 4053 ὑποτάττεσθαι
2708 3997 2816 4050 δεῖν
2857 3997 3005 4067 ἡμᾶς
3048 3994 3152 4066 ἔφη
3179 3993 3257 4058 τῷ
3283 3991 3421 4062 Θεῷ.
3454 3992 3602 4061 Φησὶ
3635 3991 3695 4044 δὲ

2105 4091 2340 4161 Χριστός
2360 4107 2374 4122 ⁶
2413 4109 2432 4142 ι
2465 4091 2668 4162 Ἄρατε
2713 4087 2805 4142 τὸν
2839 4080 3004 4155 ζυγόν
3055 4103 3157 4157 μου
3187 4085 3273 4152 ἐφ’
3296 4084 3468 4153 ὑμᾶς.
3498 4101 3518 4134 ι
3554 4082 3690 4135 Ὀτε

2105 4180 2286 4235 τοίνυν
2323 4182 2373 4234 οἱ
2412 4179 2504 4233 τὸν
2537 4178 2700 4248 ζυγὸν
2740 4178 2985 4251 αἴροντες
3029 4177 3121 4230 τὸν
3165 4175 3331 4229 αὐτοῦ
3365 4175 3468 4243 οὐχ
3511 4173 3689 4243 ἑτέρῳ

2107 4273 2214 4327 τινὶ
2255 4273 2407 4343 παρὰ
2432 4271 2524 4325 τὸν
2553 4271 2685 4324 Θεὸν
2736 4269 3130 4324 ὑποτάττονται
3152 4284 3168 4299 ·
3217 4266 3337 4330 πῶς
3366 4265 3472 4320 οὐκ
3502 4264 3571 4317 ἂν
3601 4263 3688 4332 εἴη

2044 4360 2103 4441 ι),
2116 4362 2247 4428 Θεός
2268 4382 2283 4431 ;

2304 4475 2398 4529 Ἐκ
2435 4471 2545 4542 τῆς
2575 4472 2799 4541 Πέτρου
2846 4468 3212 4538 Ἐπιστολῆς
3246 4468 3506 4537 πρώτης.

2192 4606 2211 4638 ι
2242 4586 2445 4657 Πέτρος
2475 4584 2773 4649 ἀπόστολος
2810 4584 2984 4654 Ἰησοῦ
3000 4582 3262 4655 Χριστοῦ,
3292 4580 3519 4652 κλητοῖς
3552 4597 3701 4650 παρ-

2116 4677 2402 4747 επιδήμοις
2441 4674 2741 4746 διασπορᾶς
2776 4674 3005 4741 Πόντου,
3058 4671 3349 4734 Γαλατίας,
3382 4668 3697 4723 Καππαδο-

2115 4766 2260 4830 κίας,
2299 4766 2504 4832 Ἀσίας,
2549 4766 2644 4821 καὶ⁵
2677 4765 2961 4828 Βιθυνίας,
3007 4764 3152 4818 κατά
3198 4763 3513 4835 πρόγνωσιν
3553 4759 3699 4813 Θεοῦ

2115 4857 2327 4929 Πατρὸς
2368 4860 2426 4911 ὲν
2464 4857 2725 4929 ἁγιασμῷ
2775 4856 3126 4927 Πνεῦματος,
3173 4856 3253 4919 εἰς
3303 4853 3560 4924 ὑπακοὴν
3597 4853 3702 4905 καὶ

2117 4949 2412 5021 ῥαντισμὸν
2454 4949 2685 5021 αἵματος
2726 4949 2901 5017 Ἰησοῦ
2931 4945 3168 5019 Χριστοῦ
3191 4964 3204 4977 ⁸
3236 4945 3399 5017 χάρις
3429 4945 3567 5013 ὑμῖν
3599 4943 3704 4995 καὶ

2114 5039 2306 5112 εἰρήνη
2338 5038 2723 5111 πληθυνθείη.»
2760 5039 2892 5093 Ἰδοὺ
2917 5038 3063 5092 κατὰ
3090 5037 3397 5109 πρόγνωσιν
3424 5033 3566 5088 Θεοῦ
3601 5034 3706 5087 καὶ

510 5217 556 5248 ⁷⁷
580 5214 780 5283 Matth.
821 5232 860 5281 ι,
888 5216 981 5274 21.
1053 5217 1098 5249 ⁷⁷
1132 5215 1241 5271 Tit.
1277 5232 1335 5283 tt,
1367 5216 1554 5271 Πομ.
1629 5213 1675 5247 ⁷³
1701 5214 1844 5272 Psal.
1867 5230 1988 5270 cxvt

2097 5217 2158 5272 :7.
2233 5214 2280 5247 "’
2306 5213 2421 5269 Jac.
2458 5230 2497 5281 ι,
2531 5213 2791 5280 16,17."
2818 5213 2932 5270 Jac.
2958 5229 3032 5279 tv,
3055 5215 3109 5270 7.
3185 5213 3232 5246 "'
3268 5211 3465 5269 Hatth.
3498 5210 3700 5278 “,29.

442 5286 489 5318 "
517 5277 709 5342 lPetr.
749 5301 790 5354 ι,
816 5277 934 5342 ίὲὸ.

1524 5441 1695 5497 Varia:
1723 5441 1980 5498 lectiones
2023 5440 2228 5497 codicis
2258 5439 2619 5511 Seguieriaui.

523 5580 550 5621 1
592 5570 686 5626 καὶ
707 5569 949 5633 δικαίως.
1029 5579 1051 5606 ⁷
1079 5569 1154 5640 τῷ
1183 5568 1391 5640 Κυρίῳ.
