  <div class='ocr_page' id='page_1' title='image "/cluster/home/n/w/nwhite01/storage/ocr_20150623/76/hvd.32044073501439/636.png"; bbox 0 0 3910 6200; ppageno 0'>
   <div class='ocr_carea' id='block_1_1' title="bbox 233 249 369 305">
    <p class='ocr_par' dir='ltr' id='par_1_1' title="bbox 233 249 369 305">
     <span class='ocr_line' id='line_1_1' title="bbox 233 249 369 305; baseline -0.029 0"><span class='ocrx_word' id='word_1_1' title='bbox 233 249 369 305; x_wconf 64' lang='grc'><strong>1257</strong></span> 
     </span>
    </p>
   </div>
   <div class='ocr_carea' id='block_1_2' title="bbox 1319 242 2362 303">
    <p class='ocr_par' dir='ltr' id='par_1_2' title="bbox 1319 242 2362 303">
     <span class='ocr_line' id='line_1_2' title="bbox 1319 242 2362 303; baseline 0.003 -4"><span class='ocrx_word' id='word_1_2' title='bbox 1319 242 1413 300; x_wconf 81' lang='lat' dir='ltr'><strong>DE</strong></span> <span class='ocrx_word' id='word_1_3' title='bbox 1448 244 1677 302; x_wconf 79' lang='lat' dir='ltr'><strong>RECTA</strong></span> <span class='ocrx_word' id='word_1_4' title='bbox 1715 244 1872 300; x_wconf 83' lang='lat' dir='ltr'><strong>FIDE</strong></span> <span class='ocrx_word' id='word_1_5' title='bbox 1911 247 2001 302; x_wconf 77' lang='lat' dir='ltr'><strong>AD</strong></span> <span class='ocrx_word' id='word_1_6' title='bbox 2038 245 2362 303; x_wconf 80' lang='lat' dir='ltr'><strong>REGINAS.</strong></span> 
     </span>
    </p>
   </div>
   <div class='ocr_carea' id='block_1_3' title="bbox 3348 252 3486 307">
    <p class='ocr_par' dir='ltr' id='par_1_3' title="bbox 3348 252 3486 307">
     <span class='ocr_line' id='line_1_3' title="bbox 3348 252 3486 307; baseline 0.014 -2"><span class='ocrx_word' id='word_1_7' title='bbox 3348 252 3486 307; x_wconf 60' lang='lat'><strong>1238</strong></span> 
     </span>
    </p>
   </div>
   <div class='ocr_carea' id='block_1_4' title="bbox 229 356 1814 434">
    <p class='ocr_par' dir='ltr' id='par_1_4' title="bbox 229 356 1803 434">
     <span class='ocr_line' id='line_1_4' title="bbox 229 356 1803 434; baseline -0.003 -18"><span class='ocrx_word' id='word_1_8' title='bbox 229 360 443 434; x_wconf 83' lang='grc' dir='ltr'><strong>Ιῐατρὸς</strong></span> <span class='ocrx_word' id='word_1_9' title='bbox 469 358 768 414; x_wconf 79' lang='grc' dir='ltr'><strong>ἀπόστολον</strong></span> <span class='ocrx_word' id='word_1_10' title='bbox 792 357 983 413; x_wconf 87' lang='grc' dir='ltr'><strong>ἐαυτὸν</strong></span> <span class='ocrx_word' id='word_1_11' title='bbox 1007 356 1257 429; x_wconf 81' lang='grc' dir='ltr'><strong>ὠνόμασε</strong></span> <span class='ocrx_word' id='word_1_12' title='bbox 1284 358 1377 410; x_wconf 88' lang='grc' dir='ltr'><strong>τοῦ</strong></span> <span class='ocrx_word' id='word_1_13' title='bbox 1406 357 1643 430; x_wconf 76' lang='grc' dir='ltr'><strong>Χριστοῦ</strong></span> <span class='ocrx_word' id='word_1_14' title='bbox 1663 375 1677 389; x_wconf 77' lang='grc' dir='ltr'><strong><em>ο</em></strong></span> <span class='ocrx_word' id='word_1_15' title='bbox 1709 359 1803 412; x_wconf 89' lang='grc' dir='ltr'>καί</span> 
     </span>
    </p>
   </div>
   <div class='ocr_carea' id='block_1_5' title="bbox 1926 356 3491 434">
    <p class='ocr_par' dir='ltr' id='par_1_5' title="bbox 1926 357 3491 433">
     <span class='ocr_line' id='line_1_5' title="bbox 1926 357 3491 433; baseline 0.005 -21"><span class='ocrx_word' id='word_1_16' title='bbox 1926 357 2219 425; x_wconf 68' lang='lat' dir='ltr'><strong>scientiam,</strong></span> <span class='ocrx_word' id='word_1_17' title='bbox 2249 357 2376 416; x_wconf 82' lang='lat' dir='ltr'><strong>Jesu</strong></span> <span class='ocrx_word' id='word_1_18' title='bbox 2397 357 2600 416; x_wconf 82' lang='lat' dir='ltr'><strong>Christi</strong></span> <span class='ocrx_word' id='word_1_19' title='bbox 2631 364 2929 431; x_wconf 76' lang='lat' dir='ltr'><strong>apostolum</strong></span> <span class='ocrx_word' id='word_1_20' title='bbox 2962 378 3022 421; x_wconf 89' lang='lat' dir='ltr'><strong>se</strong></span> <span class='ocrx_word' id='word_1_21' title='bbox 3060 364 3343 433; x_wconf 79' lang='lat' dir='ltr'><strong>nominat;</strong></span> <span class='ocrx_word' id='word_1_22' title='bbox 3380 368 3491 422; x_wconf 80' lang='lat' dir='ltr'><strong>sui-</strong></span> 
     </span>
    </p>
   </div>
   <div class='ocr_carea' id='block_1_6' title="bbox 228 452 1804 526">
    <p class='ocr_par' dir='ltr' id='par_1_6' title="bbox 228 452 1804 526">
     <span class='ocr_line' id='line_1_6' title="bbox 228 452 1804 526; baseline -0.005 -15"><span class='ocrx_word' id='word_1_23' title='bbox 228 456 326 526; x_wconf 88' lang='grc' dir='ltr'><strong>τῆς</strong></span> <span class='ocrx_word' id='word_1_24' title='bbox 374 453 679 523; x_wconf 77' lang='grc' dir='ltr'><strong>ἀποστολῆς</strong></span> <span class='ocrx_word' id='word_1_25' title='bbox 723 452 814 506; x_wconf 90' lang='grc' dir='ltr'><strong>τὸν</strong></span> <span class='ocrx_word' id='word_1_26' title='bbox 862 454 1065 525; x_wconf 79' lang='grc' dir='ltr'><strong>τρόπον</strong></span> <span class='ocrx_word' id='word_1_27' title='bbox 1124 453 1260 524; x_wconf 85' lang='grc' dir='ltr'><strong>ἡμῖν</strong></span> <span class='ocrx_word' id='word_1_28' title='bbox 1308 452 1708 524; x_wconf 80' lang='grc' dir='ltr'><strong>ἐξηγούμενος,</strong></span> <span class='ocrx_word' id='word_1_29' title='bbox 1745 453 1804 503; x_wconf 89' lang='grc' dir='ltr'><strong>ἐν</strong></span> 
     </span>
    </p>
   </div>
   <div class='ocr_carea' id='block_1_7' title="bbox 228 546 1807 619">
    <p class='ocr_par' dir='ltr' id='par_1_7' title="bbox 228 546 1807 619">
     <span class='ocr_line' id='line_1_7' title="bbox 228 546 1807 619; baseline -0.001 -18"><span class='ocrx_word' id='word_1_30' title='bbox 228 546 488 618; x_wconf 76' lang='grc' dir='ltr'><strong>ἁγιασμῷ</strong></span> <span class='ocrx_word' id='word_1_31' title='bbox 519 547 860 618; x_wconf 87' lang='grc' dir='ltr'><strong>Πνεύματος,</strong></span> <span class='ocrx_word' id='word_1_32' title='bbox 888 550 967 612; x_wconf 80' lang='grc' dir='ltr'><strong>εἰς</strong></span> <span class='ocrx_word' id='word_1_33' title='bbox 995 547 1242 619; x_wconf 79' lang='grc' dir='ltr'><strong>ὑπακοὴν</strong></span> <span class='ocrx_word' id='word_1_34' title='bbox 1273 548 1367 602; x_wconf 70' lang='grc' dir='ltr'><strong>καὶ</strong></span> <span class='ocrx_word' id='word_1_35' title='bbox 1395 548 1691 619; x_wconf 80' lang='grc' dir='ltr'><strong>ῥαντισμὸν</strong></span> <span class='ocrx_word' id='word_1_36' title='bbox 1723 546 1807 599; x_wconf 87' lang='grc' dir='ltr'><strong>αἴ-</strong></span> 
     </span>
    </p>
   </div>
   <div class='ocr_carea' id='block_1_8' title="bbox 234 638 1806 711">
    <p class='ocr_par' dir='ltr' id='par_1_8' title="bbox 234 638 1806 711">
     <span class='ocr_line' id='line_1_8' title="bbox 234 638 1806 711; baseline -0.004 -16"><span class='ocrx_word' id='word_1_37' title='bbox 234 658 403 710; x_wconf 83' lang='grc' dir='ltr'><strong>ματος</strong></span> <span class='ocrx_word' id='word_1_38' title='bbox 437 639 610 711; x_wconf 85' lang='grc' dir='ltr'><strong>Ἰησοῦ</strong></span> <span class='ocrx_word' id='word_1_39' title='bbox 641 638 879 711; x_wconf 82' lang='grc' dir='ltr'><strong>Χριστοῦ</strong></span> <span class='ocrx_word' id='word_1_40' title='bbox 913 640 1234 711; x_wconf 81' lang='grc' dir='ltr'><strong>πεπρᾶχθαί</strong></span> <span class='ocrx_word' id='word_1_41' title='bbox 1264 656 1428 710; x_wconf 83' lang='grc' dir='ltr'><strong>φησιν</strong></span> <span class='ocrx_word' id='word_1_42' title='bbox 1457 639 1647 710; x_wconf 84' lang='grc' dir='ltr'><strong>αὐτήν.</strong></span> <span class='ocrx_word' id='word_1_43' title='bbox 1675 639 1806 693; x_wconf 84' lang='grc' dir='ltr'><strong>Ὅτε</strong></span> 
     </span>
    </p>
   </div>
   <div class='ocr_carea' id='block_1_9' title="bbox 231 730 1807 802">
    <p class='ocr_par' dir='ltr' id='par_1_9' title="bbox 231 730 1807 802">
     <span class='ocr_line' id='line_1_9' title="bbox 231 730 1807 802; baseline -0.001 -16"><span class='ocrx_word' id='word_1_44' title='bbox 231 732 409 787; x_wconf 84' lang='grc' dir='ltr'><strong>τοίνυν</strong></span> <span class='ocrx_word' id='word_1_45' title='bbox 438 732 489 786; x_wconf 75' lang='lat' dir='ltr'><strong>oi</strong></span> <span class='ocrx_word' id='word_1_46' title='bbox 523 731 871 795; x_wconf 80' lang='grc' dir='ltr'><strong>πιστεύοντες</strong></span> <span class='ocrx_word' id='word_1_47' title='bbox 904 734 983 795; x_wconf 83' lang='grc' dir='ltr'><strong>είς</strong></span> <span class='ocrx_word' id='word_1_48' title='bbox 1032 732 1217 795; x_wconf 85' lang='grc' dir='ltr'><strong>αὐτὸν,</strong></span> <span class='ocrx_word' id='word_1_49' title='bbox 1268 731 1608 802; x_wconf 75' lang='grc' dir='ltr'><strong>ἀγιαζὸμεθα</strong></span> <span class='ocrx_word' id='word_1_50' title='bbox 1654 730 1807 801; x_wconf 80' lang='grc' dir='ltr'><strong>παρὰ</strong></span> 
     </span>
    </p>
   </div>
   <div class='ocr_carea' id='block_1_10' title="bbox 230 820 1809 893">
    <p class='ocr_par' dir='ltr' id='par_1_10' title="bbox 230 820 1809 893">
     <span class='ocr_line' id='line_1_10' title="bbox 230 820 1809 893; baseline -0.001 -17"><span class='ocrx_word' id='word_1_51' title='bbox 230 820 324 876; x_wconf 88' lang='grc' dir='ltr'><strong>τοῦ</strong></span> <span class='ocrx_word' id='word_1_52' title='bbox 355 821 694 891; x_wconf 84' lang='grc' dir='ltr'><strong>Πνεύματος,</strong></span> <span class='ocrx_word' id='word_1_53' title='bbox 723 821 962 892; x_wconf 76' lang='grc' dir='ltr'><strong>ῥαντίζει</strong></span> <span class='ocrx_word' id='word_1_54' title='bbox 987 822 1045 875; x_wconf 86' lang='grc' dir='ltr'><strong>δέ</strong></span> <span class='ocrx_word' id='word_1_55' title='bbox 1073 824 1224 892; x_wconf 80' lang='grc' dir='ltr'><strong>ἡμᾶς</strong></span> <span class='ocrx_word' id='word_1_56' title='bbox 1252 822 1348 877; x_wconf 70' lang='grc' dir='ltr'><strong>καὶ</strong></span> <span class='ocrx_word' id='word_1_57' title='bbox 1380 820 1458 893; x_wconf 83' lang='grc' dir='ltr'><strong>τῷ</strong></span> <span class='ocrx_word' id='word_1_58' title='bbox 1486 822 1680 892; x_wconf 79' lang='grc' dir='ltr'><strong>αἵματι</strong></span> <span class='ocrx_word' id='word_1_59' title='bbox 1710 821 1809 875; x_wconf 85' lang='grc' dir='ltr'><strong>αύ-</strong></span> 
     </span>
    </p>
   </div>
   <div class='ocr_carea' id='block_1_11' title="bbox 232 912 1807 984">
    <p class='ocr_par' dir='ltr' id='par_1_11' title="bbox 232 912 1807 984">
     <span class='ocr_line' id='line_1_11' title="bbox 232 912 1807 984; baseline -0.001 -17"><span class='ocrx_word' id='word_1_60' title='bbox 232 912 325 967; x_wconf 87' lang='grc' dir='ltr'><strong>τοῦ</strong></span> <span class='ocrx_word' id='word_1_61' title='bbox 364 912 500 983; x_wconf 83' lang='grc' dir='ltr'><strong>πρὸς</strong></span> <span class='ocrx_word' id='word_1_62' title='bbox 530 912 909 984; x_wconf 79' lang='grc' dir='ltr'><strong>ἀποκάθαρσιν</strong></span> <span class='ocrx_word' id='word_1_63' title='bbox 930 930 943 945; x_wconf 78' lang='grc' dir='ltr'><strong><em>ο</em></strong></span> <span class='ocrx_word' id='word_1_64' title='bbox 976 913 1094 977; x_wconf 88' lang='grc' dir='ltr'><strong>πῶς</strong></span> <span class='ocrx_word' id='word_1_65' title='bbox 1130 916 1231 967; x_wconf 78' lang='grc' dir='ltr'><strong>οὐκ</strong></span> <span class='ocrx_word' id='word_1_66' title='bbox 1262 912 1329 968; x_wconf 84' lang='grc' dir='ltr'><strong>ἂν</strong></span> <span class='ocrx_word' id='word_1_67' title='bbox 1364 916 1537 967; x_wconf 80' lang='grc' dir='ltr'><strong>νοοῖτο</strong></span> <span class='ocrx_word' id='word_1_68' title='bbox 1574 913 1738 978; x_wconf 87' lang='grc' dir='ltr'><strong>Θεὸς,</strong></span> <span class='ocrx_word' id='word_1_69' title='bbox 1778 914 1807 966; x_wconf 90' lang='lat'><strong>6</strong></span> 
     </span>
    </p>
   </div>
   <div class='ocr_carea' id='block_1_12' title="bbox 235 1003 1808 1075">
    <p class='ocr_par' dir='ltr' id='par_1_12' title="bbox 235 1003 1808 1075">
     <span class='ocr_line' id='line_1_12' title="bbox 235 1003 1808 1075; baseline -0.002 -16"><span class='ocrx_word' id='word_1_70' title='bbox 235 1006 477 1074; x_wconf 77' lang='grc' dir='ltr'><strong>ἁγιάζων</strong></span> <span class='ocrx_word' id='word_1_71' title='bbox 526 1004 626 1074; x_wconf 79' lang='grc' dir='ltr'><strong>μὲν</strong></span> <span class='ocrx_word' id='word_1_72' title='bbox 672 1004 785 1075; x_wconf 76' lang='grc' dir='ltr'><strong>ἰδίῳ</strong></span> <span class='ocrx_word' id='word_1_73' title='bbox 830 1005 1134 1075; x_wconf 83' lang='grc' dir='ltr'><strong>Πνεύματι,</strong></span> <span class='ocrx_word' id='word_1_74' title='bbox 1165 1003 1478 1075; x_wconf 79' lang='grc' dir='ltr'><strong>καθαρίζων</strong></span> <span class='ocrx_word' id='word_1_75' title='bbox 1506 1004 1563 1059; x_wconf 81' lang='grc' dir='ltr'><strong>δέ</strong></span> <span class='ocrx_word' id='word_1_76' title='bbox 1597 1006 1693 1058; x_wconf 69' lang='grc' dir='ltr'><strong>καὶ</strong></span> <span class='ocrx_word' id='word_1_77' title='bbox 1727 1003 1808 1075; x_wconf 81' lang='grc' dir='ltr'><strong>τῷ</strong></span> 
     </span>
    </p>
   </div>
   <div class='ocr_carea' id='block_1_13' title="bbox 234 1092 1699 1166">
    <p class='ocr_par' dir='ltr' id='par_1_13' title="bbox 234 1092 1699 1166">
     <span class='ocr_line' id='line_1_13' title="bbox 234 1092 1699 1166; baseline -0.001 -18"><span class='ocrx_word' id='word_1_78' title='bbox 234 1095 426 1164; x_wconf 80' lang='grc' dir='ltr'><strong>αἵματι</strong></span> <span class='ocrx_word' id='word_1_79' title='bbox 463 1093 590 1158; x_wconf 77' lang='grc' dir='ltr'><strong>τοὺς</strong></span> <span class='ocrx_word' id='word_1_80' title='bbox 617 1093 1005 1160; x_wconf 74' lang='grc' dir='ltr'><strong>πιστεύονταςς</strong></span> <span class='ocrx_word' id='word_1_81' title='bbox 1039 1093 1172 1159; x_wconf 86' lang='grc' dir='ltr'><strong>Θεὸς</strong></span> <span class='ocrx_word' id='word_1_82' title='bbox 1201 1095 1310 1164; x_wconf 83' lang='grc' dir='ltr'><strong>γὰρ</strong></span> <span class='ocrx_word' id='word_1_83' title='bbox 1332 1092 1401 1166; x_wconf 77' lang='grc' dir='ltr'><strong>ἦν</strong></span> <span class='ocrx_word' id='word_1_84' title='bbox 1427 1096 1484 1148; x_wconf 90' lang='grc' dir='ltr'><strong>ἐν</strong></span> <span class='ocrx_word' id='word_1_85' title='bbox 1517 1096 1699 1166; x_wconf 85' lang='grc' dir='ltr'><strong>σαρκί.</strong></span> 
     </span>
    </p>
   </div>
   <div class='ocr_carea' id='block_1_14' title="bbox 306 1274 1808 1347">
    <p class='ocr_par' dir='ltr' id='par_1_14' title="bbox 306 1274 1808 1347">
     <span class='ocr_line' id='line_1_14' title="bbox 306 1274 1808 1347; baseline -0.001 -17"><span class='ocrx_word' id='word_1_86' title='bbox 306 1296 327 1329; x_wconf 73' lang='grc' dir='ltr'><strong>ι</strong></span> <span class='ocrx_word' id='word_1_87' title='bbox 357 1275 661 1346; x_wconf 78' lang='grc' dir='ltr'><strong>Εὐλογητὸς</strong></span> <span class='ocrx_word' id='word_1_88' title='bbox 690 1277 718 1328; x_wconf 89' lang='lat'><strong>6</strong></span> <span class='ocrx_word' id='word_1_89' title='bbox 746 1274 879 1338; x_wconf 84' lang='grc' dir='ltr'><strong>Θεὸς</strong></span> <span class='ocrx_word' id='word_1_90' title='bbox 910 1275 1002 1330; x_wconf 76' lang='grc' dir='ltr'><strong>καὶ</strong></span> <span class='ocrx_word' id='word_1_91' title='bbox 1039 1274 1230 1346; x_wconf 79' lang='grc' dir='ltr'><strong>Πατὴρ</strong></span> <span class='ocrx_word' id='word_1_92' title='bbox 1273 1275 1369 1329; x_wconf 91' lang='grc' dir='ltr'><strong>τοῦ</strong></span> <span class='ocrx_word' id='word_1_93' title='bbox 1409 1275 1615 1347; x_wconf 79' lang='grc' dir='ltr'><strong>Κυρίου</strong></span> <span class='ocrx_word' id='word_1_94' title='bbox 1650 1275 1808 1346; x_wconf 82' lang='grc' dir='ltr'><strong>ἡμῶν</strong></span> 
     </span>
    </p>
   </div>
   <div class='ocr_carea' id='block_1_15' title="bbox 249 1366 1811 1440">
    <p class='ocr_par' dir='ltr' id='par_1_15' title="bbox 249 1366 1811 1440">
     <span class='ocr_line' id='line_1_15' title="bbox 249 1366 1811 1440; baseline -0.001 -16"><span class='ocrx_word' id='word_1_95' title='bbox 249 1368 420 1439; x_wconf 79' lang='grc' dir='ltr'><strong>Ἰησοῦ</strong></span> <span class='ocrx_word' id='word_1_96' title='bbox 471 1366 734 1440; x_wconf 78' lang='grc' dir='ltr'><strong>Χριστοῦ,</strong></span> <span class='ocrx_word' id='word_1_97' title='bbox 764 1370 792 1421; x_wconf 88' lang='lat'><strong>6</strong></span> <span class='ocrx_word' id='word_1_98' title='bbox 828 1367 972 1421; x_wconf 88' lang='grc' dir='ltr'><strong>κατά</strong></span> <span class='ocrx_word' id='word_1_99' title='bbox 1007 1368 1069 1421; x_wconf 91' lang='grc' dir='ltr'><strong>τὸ</strong></span> <span class='ocrx_word' id='word_1_100' title='bbox 1104 1369 1239 1422; x_wconf 79' lang='grc' dir='ltr'><strong>πολὺ</strong></span> <span class='ocrx_word' id='word_1_101' title='bbox 1275 1367 1439 1422; x_wconf 83' lang='grc' dir='ltr'><strong>αὑτοῦ</strong></span> <span class='ocrx_word' id='word_1_102' title='bbox 1482 1369 1631 1431; x_wconf 82' lang='grc' dir='ltr'><strong>ἕλεος</strong></span> <span class='ocrx_word' id='word_1_103' title='bbox 1679 1370 1811 1423; x_wconf 83' lang='grc' dir='ltr'><strong>ἀνα-</strong></span> 
     </span>
    </p>
   </div>
   <div class='ocr_carea' id='block_1_16' title="bbox 238 1456 1811 1529">
    <p class='ocr_par' dir='ltr' id='par_1_16' title="bbox 238 1456 1811 1529">
     <span class='ocr_line' id='line_1_16' title="bbox 238 1456 1811 1529; baseline -0.001 -17"><span class='ocrx_word' id='word_1_104' title='bbox 238 1460 505 1529; x_wconf 83' lang='grc' dir='ltr'><strong>γεννήσας</strong></span> <span class='ocrx_word' id='word_1_105' title='bbox 546 1458 697 1528; x_wconf 83' lang='grc' dir='ltr'><strong>ήμᾶς</strong></span> <span class='ocrx_word' id='word_1_106' title='bbox 739 1458 820 1520; x_wconf 80' lang='grc' dir='ltr'><strong>είς</strong></span> <span class='ocrx_word' id='word_1_107' title='bbox 859 1456 1048 1510; x_wconf 81' lang='grc' dir='ltr'><strong>ἐλπίδα</strong></span> <span class='ocrx_word' id='word_1_108' title='bbox 1104 1457 1304 1527; x_wconf 72' lang='grc' dir='ltr'><strong>ζωῆς⁴ι</strong></span> <span class='ocrx_word' id='word_1_109' title='bbox 1349 1458 1417 1511; x_wconf 77' lang='grc' dir='ltr'><strong>δι’</strong></span> <span class='ocrx_word' id='word_1_110' title='bbox 1460 1457 1811 1521; x_wconf 79' lang='grc' dir='ltr'><strong>ἀναστάσεως</strong></span> 
     </span>
    </p>
   </div>
   <div class='ocr_carea' id='block_1_17' title="bbox 249 1549 1812 1621">
    <p class='ocr_par' dir='ltr' id='par_1_17' title="bbox 249 1549 1812 1621">
     <span class='ocr_line' id='line_1_17' title="bbox 249 1549 1812 1621; baseline -0.002 -16"><span class='ocrx_word' id='word_1_111' title='bbox 249 1551 424 1619; x_wconf 84' lang='grc' dir='ltr'><strong>Ἰησοῦ</strong></span> <span class='ocrx_word' id='word_1_112' title='bbox 452 1549 689 1620; x_wconf 86' lang='grc' dir='ltr'><strong>Χριστοῦ</strong></span> <span class='ocrx_word' id='word_1_113' title='bbox 720 1551 784 1603; x_wconf 86' lang='grc' dir='ltr'><strong>ἐκ</strong></span> <span class='ocrx_word' id='word_1_114' title='bbox 815 1550 1047 1620; x_wconf 81' lang='grc' dir='ltr'><strong>νεκρῶν,</strong></span> <span class='ocrx_word' id='word_1_115' title='bbox 1076 1551 1158 1612; x_wconf 86' lang='grc' dir='ltr'><strong>είς</strong></span> <span class='ocrx_word' id='word_1_116' title='bbox 1191 1550 1559 1621; x_wconf 84' lang='grc' dir='ltr'><strong>κληρονομίαν</strong></span> <span class='ocrx_word' id='word_1_117' title='bbox 1592 1550 1812 1620; x_wconf 74' lang='grc' dir='ltr'><strong>ἀφθαρ-</strong></span> 
     </span>
    </p>
   </div>
   <div class='ocr_carea' id='block_1_18' title="bbox 238 1640 1812 1711">
    <p class='ocr_par' dir='ltr' id='par_1_18' title="bbox 238 1640 1812 1711">
     <span class='ocr_line' id='line_1_18' title="bbox 238 1640 1812 1711; baseline -0.001 -16"><span class='ocrx_word' id='word_1_118' title='bbox 238 1659 348 1705; x_wconf 89' lang='grc' dir='ltr'><strong>τον,</strong></span> <span class='ocrx_word' id='word_1_119' title='bbox 382 1642 475 1694; x_wconf 79' lang='grc' dir='ltr'><strong>καὶ</strong></span> <span class='ocrx_word' id='word_1_120' title='bbox 501 1641 785 1711; x_wconf 86' lang='grc' dir='ltr'><strong>ἀμίαντον,</strong></span> <span class='ocrx_word' id='word_1_121' title='bbox 826 1641 922 1694; x_wconf 74' lang='grc' dir='ltr'><strong>καὶ</strong></span> <span class='ocrx_word' id='word_1_122' title='bbox 953 1640 1286 1711; x_wconf 83' lang='grc' dir='ltr'><strong>ἀμάραντον,</strong></span> <span class='ocrx_word' id='word_1_123' title='bbox 1339 1640 1717 1711; x_wconf 81' lang='grc' dir='ltr'><strong>τετηρημένην</strong></span> <span class='ocrx_word' id='word_1_124' title='bbox 1754 1641 1812 1693; x_wconf 90' lang='grc' dir='ltr'><strong>ἐν</strong></span> 
     </span>
    </p>
   </div>
   <div class='ocr_carea' id='block_1_19' title="bbox 1907 451 3489 528">
    <p class='ocr_par' dir='ltr' id='par_1_19' title="bbox 1907 451 3489 528">
     <span class='ocr_line' id='line_1_19' title="bbox 1907 451 3489 528; baseline 0.006 -25"><span class='ocrx_word' id='word_1_125' title='bbox 1907 463 2017 519; x_wconf 88' lang='lat' dir='ltr'><strong>que</strong></span> <span class='ocrx_word' id='word_1_126' title='bbox 2085 451 2419 521; x_wconf 72' lang='lat' dir='ltr'><strong>apostolatus</strong></span> <span class='ocrx_word' id='word_1_127' title='bbox 2482 454 2744 512; x_wconf 88' lang='lat' dir='ltr'><strong>rationem</strong></span> <span class='ocrx_word' id='word_1_128' title='bbox 2794 457 3128 523; x_wconf 86' lang='lat' dir='ltr'><strong>edisserens,</strong></span> <span class='ocrx_word' id='word_1_129' title='bbox 3197 457 3373 528; x_wconf 90' lang='lat' dir='ltr'><strong>ipsum</strong></span> <span class='ocrx_word' id='word_1_130' title='bbox 3435 458 3489 513; x_wconf 90' lang='lat' dir='ltr'><strong>in</strong></span> 
     </span>
    </p>
   </div>
   <div class='ocr_carea' id='block_1_20' title="bbox 1910 540 3488 614">
    <p class='ocr_par' dir='ltr' id='par_1_20' title="bbox 1910 540 3488 614">
     <span class='ocr_line' id='line_1_20' title="bbox 1910 540 3488 614; baseline 0.007 -22"><span class='ocrx_word' id='word_1_131' title='bbox 1910 540 2143 608; x_wconf 81' lang='lat' dir='ltr'><strong>Spiritus</strong></span> <span class='ocrx_word' id='word_1_132' title='bbox 2187 542 2694 611; x_wconf 82' lang='lat' dir='ltr'><strong>sanctiﬁcationem,</strong></span> <span class='ocrx_word' id='word_1_133' title='bbox 2732 547 2785 600; x_wconf 93' lang='lat' dir='ltr'><strong>in</strong></span> <span class='ocrx_word' id='word_1_134' title='bbox 2816 547 3204 614; x_wconf 78' lang='lat' dir='ltr'><strong>obedientiam,</strong></span> <span class='ocrx_word' id='word_1_135' title='bbox 3257 547 3315 603; x_wconf 90' lang='lat' dir='ltr'><strong>in</strong></span> <span class='ocrx_word' id='word_1_136' title='bbox 3358 562 3488 603; x_wconf 86' lang='lat' dir='ltr'><strong>san-</strong></span> 
     </span>
    </p>
   </div>
   <div class='ocr_carea' id='block_1_21' title="bbox 1908 631 3492 708">
    <p class='ocr_par' dir='ltr' id='par_1_21' title="bbox 1908 631 3492 708">
     <span class='ocr_line' id='line_1_21' title="bbox 1908 631 3492 708; baseline 0.008 -25"><span class='ocrx_word' id='word_1_137' title='bbox 1908 631 2085 697; x_wconf 79' lang='lat' dir='ltr'><strong>guinis</strong></span> <span class='ocrx_word' id='word_1_138' title='bbox 2110 631 2235 688; x_wconf 83' lang='lat' dir='ltr'><strong>Jesu</strong></span> <span class='ocrx_word' id='word_1_139' title='bbox 2260 632 2461 690; x_wconf 77' lang='lat' dir='ltr'><strong>Christi</strong></span> <span class='ocrx_word' id='word_1_140' title='bbox 2493 637 2856 706; x_wconf 90' lang='lat' dir='ltr'><strong>aspersionem</strong></span> <span class='ocrx_word' id='word_1_141' title='bbox 2890 646 3172 708; x_wconf 84' lang='lat' dir='ltr'><strong>peractum</strong></span> <span class='ocrx_word' id='word_1_142' title='bbox 3198 653 3321 695; x_wconf 86' lang='lat' dir='ltr'><strong>esse</strong></span> <span class='ocrx_word' id='word_1_143' title='bbox 3349 653 3492 708; x_wconf 74' lang='lat' dir='ltr'><strong>pra:-</strong></span> 
     </span>
    </p>
   </div>
   <div class='ocr_carea' id='block_1_22' title="bbox 1907 722 3495 799">
    <p class='ocr_par' dir='ltr' id='par_1_22' title="bbox 1907 722 3495 799">
     <span class='ocr_line' id='line_1_22' title="bbox 1907 722 3495 799; baseline 0.006 -23"><span class='ocrx_word' id='word_1_144' title='bbox 1907 724 2068 777; x_wconf 89' lang='lat' dir='ltr'><strong>dicat.</strong></span> <span class='ocrx_word' id='word_1_145' title='bbox 2101 722 2239 779; x_wconf 92' lang='lat' dir='ltr'><strong>Cum</strong></span> <span class='ocrx_word' id='word_1_146' title='bbox 2274 726 2436 796; x_wconf 77' lang='lat' dir='ltr'><strong>igitur</strong></span> <span class='ocrx_word' id='word_1_147' title='bbox 2456 729 2546 797; x_wconf 88' lang='lat' dir='ltr'><strong>qui</strong></span> <span class='ocrx_word' id='word_1_148' title='bbox 2570 730 2621 783; x_wconf 92' lang='lat' dir='ltr'><strong>in</strong></span> <span class='ocrx_word' id='word_1_149' title='bbox 2654 730 2826 797; x_wconf 86' lang='lat' dir='ltr'><strong>ipsum</strong></span> <span class='ocrx_word' id='word_1_150' title='bbox 2858 731 3149 799; x_wconf 87' lang='lat' dir='ltr'><strong>credimus,</strong></span> <span class='ocrx_word' id='word_1_151' title='bbox 3186 731 3495 787; x_wconf 78' lang='lat' dir='ltr'><strong>sanctiﬁca-</strong></span> 
     </span>
    </p>
   </div>
   <div class='ocr_carea' id='block_1_23' title="bbox 1911 815 3494 895">
    <p class='ocr_par' dir='ltr' id='par_1_23' title="bbox 1911 815 3494 895">
     <span class='ocr_line' id='line_1_23' title="bbox 1911 815 3494 895; baseline 0.004 -26"><span class='ocrx_word' id='word_1_152' title='bbox 1911 815 2069 871; x_wconf 87' lang='lat' dir='ltr'><strong>tionis</strong></span> <span class='ocrx_word' id='word_1_153' title='bbox 2116 816 2378 887; x_wconf 86' lang='lat' dir='ltr'><strong>Spiritum</strong></span> <span class='ocrx_word' id='word_1_154' title='bbox 2434 835 2833 891; x_wconf 86' lang='lat' dir='ltr'><strong>consequamur</strong></span> <span class='ocrx_word' id='word_1_155' title='bbox 2879 824 3155 895; x_wconf 78' lang='lat' dir='ltr'><strong>(aspergit</strong></span> <span class='ocrx_word' id='word_1_156' title='bbox 3201 826 3345 878; x_wconf 87' lang='lat' dir='ltr'><strong>cnim</strong></span> <span class='ocrx_word' id='word_1_157' title='bbox 3394 839 3494 878; x_wconf 86' lang='lat' dir='ltr'><strong>suo</strong></span> 
     </span>
    </p>
   </div>
   <div class='ocr_carea' id='block_1_24' title="bbox 1910 910 3486 986">
    <p class='ocr_par' dir='ltr' id='par_1_24' title="bbox 1910 910 3486 986">
     <span class='ocr_line' id='line_1_24' title="bbox 1910 910 3486 986; baseline 0.008 -26"><span class='ocrx_word' id='word_1_158' title='bbox 1910 921 2009 961; x_wconf 86' lang='lat' dir='ltr'><strong>nos</strong></span> <span class='ocrx_word' id='word_1_159' title='bbox 2054 910 2315 978; x_wconf 82' lang='lat' dir='ltr'><strong>sanguine</strong></span> <span class='ocrx_word' id='word_1_160' title='bbox 2344 913 2411 967; x_wconf 91' lang='lat' dir='ltr'><strong>ad</strong></span> <span class='ocrx_word' id='word_1_161' title='bbox 2437 914 2949 986; x_wconf 86' lang='lat' dir='ltr'><strong>emundationem),</strong></span> <span class='ocrx_word' id='word_1_162' title='bbox 2988 931 3093 985; x_wconf 86' lang='lat' dir='ltr'><strong>qua</strong></span> <span class='ocrx_word' id='word_1_163' title='bbox 3140 916 3353 971; x_wconf 80' lang='lat' dir='ltr'><strong>tandem</strong></span> <span class='ocrx_word' id='word_1_164' title='bbox 3397 932 3486 972; x_wconf 88' lang='lat' dir='ltr'><strong>ra-</strong></span> 
     </span>
    </p>
   </div>
   <div class='ocr_carea' id='block_1_25' title="bbox 1910 998 3493 1077">
    <p class='ocr_par' dir='ltr' id='par_1_25' title="bbox 1910 998 3493 1077">
     <span class='ocr_line' id='line_1_25' title="bbox 1910 998 3493 1077; baseline 0.006 -25"><span class='ocrx_word' id='word_1_165' title='bbox 1910 998 2057 1054; x_wconf 89' lang='lat' dir='ltr'><strong>tione</strong></span> <span class='ocrx_word' id='word_1_166' title='bbox 2082 999 2129 1055; x_wconf 89' lang='lat' dir='ltr'><strong>is</strong></span> <span class='ocrx_word' id='word_1_167' title='bbox 2157 999 2299 1057; x_wconf 90' lang='lat' dir='ltr'><strong>Deus</strong></span> <span class='ocrx_word' id='word_1_168' title='bbox 2331 1003 2517 1059; x_wconf 85' lang='lat' dir='ltr'><strong>habcri</strong></span> <span class='ocrx_word' id='word_1_169' title='bbox 2556 1020 2660 1061; x_wconf 93' lang='lat' dir='ltr'><strong>non</strong></span> <span class='ocrx_word' id='word_1_170' title='bbox 2692 1007 2872 1075; x_wconf 80' lang='lat' dir='ltr'><strong>debet,</strong></span> <span class='ocrx_word' id='word_1_171' title='bbox 2914 1007 3003 1075; x_wconf 90' lang='lat' dir='ltr'><strong>qui</strong></span> <span class='ocrx_word' id='word_1_172' title='bbox 3031 1007 3254 1077; x_wconf 87' lang='lat' dir='ltr'><strong>proprio</strong></span> <span class='ocrx_word' id='word_1_173' title='bbox 3287 1007 3493 1077; x_wconf 88' lang='lat' dir='ltr'><strong>Spiritu</strong></span> 
     </span>
    </p>
   </div>
   <div class='ocr_carea' id='block_1_26' title="bbox 1909 1091 3492 1170">
    <p class='ocr_par' dir='ltr' id='par_1_26' title="bbox 1909 1091 3492 1170">
     <span class='ocr_line' id='line_1_26' title="bbox 1909 1091 3492 1170; baseline 0.006 -25"><span class='ocrx_word' id='word_1_174' title='bbox 1909 1091 2232 1158; x_wconf 81' lang='lat' dir='ltr'><strong>sanctificat,</strong></span> <span class='ocrx_word' id='word_1_175' title='bbox 2291 1109 2497 1165; x_wconf 89' lang='lat' dir='ltr'><strong>suoque</strong></span> <span class='ocrx_word' id='word_1_176' title='bbox 2547 1097 2809 1167; x_wconf 81' lang='lat' dir='ltr'><strong>sanguine</strong></span> <span class='ocrx_word' id='word_1_177' title='bbox 2867 1099 3152 1155; x_wconf 78' lang='lat' dir='ltr'><strong>credentes</strong></span> <span class='ocrx_word' id='word_1_178' title='bbox 3203 1100 3258 1154; x_wconf 88' lang='lat' dir='ltr'><strong>in</strong></span> <span class='ocrx_word' id='word_1_179' title='bbox 3313 1099 3492 1170; x_wconf 87' lang='lat' dir='ltr'><strong>ipsum</strong></span> 
     </span>
    </p>
   </div>
   <div class='ocr_carea' id='block_1_27' title="bbox 1908 1181 3019 1241">
    <p class='ocr_par' dir='ltr' id='par_1_27' title="bbox 1908 1181 3019 1241">
     <span class='ocr_line' id='line_1_27' title="bbox 1908 1181 3019 1241; baseline 0.005 -6"><span class='ocrx_word' id='word_1_180' title='bbox 1908 1181 2208 1236; x_wconf 80' lang='lat' dir='ltr'><strong>smundat?</strong></span> <span class='ocrx_word' id='word_1_181' title='bbox 2246 1193 2364 1239; x_wconf 90' lang='lat' dir='ltr'><strong>erat</strong></span> <span class='ocrx_word' id='word_1_182' title='bbox 2392 1184 2537 1239; x_wconf 90' lang='lat' dir='ltr'><strong>enim</strong></span> <span class='ocrx_word' id='word_1_183' title='bbox 2573 1184 2713 1240; x_wconf 89' lang='lat' dir='ltr'><strong>Deus</strong></span> <span class='ocrx_word' id='word_1_184' title='bbox 2741 1186 2793 1240; x_wconf 89' lang='lat' dir='ltr'><strong>in</strong></span> <span class='ocrx_word' id='word_1_185' title='bbox 2833 1200 3019 1241; x_wconf 87' lang='lat' dir='ltr'><strong>carne.</strong></span> 
     </span>
    </p>
   </div>
   <div class='ocr_carea' id='block_1_28' title="bbox 1989 1270 3491 1338">
    <p class='ocr_par' dir='ltr' id='par_1_28' title="bbox 1989 1270 3491 1338">
     <span class='ocr_line' id='line_1_28' title="bbox 1989 1270 3491 1338; baseline 0.005 -14"><span class='ocrx_word' id='word_1_186' title='bbox 1989 1289 2010 1323; x_wconf 73' lang='grc' dir='ltr'><strong>ι</strong></span> <span class='ocrx_word' id='word_1_187' title='bbox 2059 1270 2378 1329; x_wconf 85' lang='lat' dir='ltr'><strong>Benedictus</strong></span> <span class='ocrx_word' id='word_1_188' title='bbox 2408 1276 2568 1332; x_wconf 84' lang='lat' dir='ltr'><strong>Deus</strong></span> <span class='ocrx_word' id='word_1_189' title='bbox 2607 1285 2662 1331; x_wconf 89' lang='lat' dir='ltr'><strong>et</strong></span> <span class='ocrx_word' id='word_1_190' title='bbox 2683 1276 2843 1338; x_wconf 85' lang='lat' dir='ltr'><strong>Pater</strong></span> <span class='ocrx_word' id='word_1_191' title='bbox 2900 1278 3111 1334; x_wconf 89' lang='lat' dir='ltr'><strong>Domini</strong></span> <span class='ocrx_word' id='word_1_192' title='bbox 3151 1277 3318 1332; x_wconf 86' lang='lat' dir='ltr'><strong>nostri</strong></span> <span class='ocrx_word' id='word_1_193' title='bbox 3367 1273 3491 1332; x_wconf 83' lang='lat' dir='ltr'><strong>Jesu</strong></span> 
     </span>
    </p>
   </div>
   <div class='ocr_carea' id='block_1_29' title="bbox 1909 1361 3490 1439">
    <p class='ocr_par' dir='ltr' id='par_1_29' title="bbox 1909 1361 3490 1439">
     <span class='ocr_line' id='line_1_29' title="bbox 1909 1361 3490 1439; baseline 0.003 -21"><span class='ocrx_word' id='word_1_194' title='bbox 1909 1361 2132 1428; x_wconf 87' lang='lat' dir='ltr'><strong>Christi,</strong></span> <span class='ocrx_word' id='word_1_195' title='bbox 2154 1365 2244 1433; x_wconf 92' lang='lat' dir='ltr'><strong>qui</strong></span> <span class='ocrx_word' id='word_1_196' title='bbox 2271 1366 2566 1422; x_wconf 89' lang='lat' dir='ltr'><strong>secundum</strong></span> <span class='ocrx_word' id='word_1_197' title='bbox 2599 1368 3032 1425; x_wconf 89' lang='lat' dir='ltr'><strong>misericordiam</strong></span> <span class='ocrx_word' id='word_1_198' title='bbox 3056 1385 3209 1425; x_wconf 87' lang='lat' dir='ltr'><strong>suam</strong></span> <span class='ocrx_word' id='word_1_199' title='bbox 3238 1384 3490 1439; x_wconf 87' lang='lat' dir='ltr'><strong>magnam</strong></span> 
     </span>
    </p>
   </div>
   <div class='ocr_carea' id='block_1_30' title="bbox 1911 1456 3492 1530">
    <p class='ocr_par' dir='ltr' id='par_1_30' title="bbox 1911 1456 3492 1530">
     <span class='ocr_line' id='line_1_30' title="bbox 1911 1456 3492 1530; baseline 0.003 -22"><span class='ocrx_word' id='word_1_200' title='bbox 1911 1456 2250 1524; x_wconf 85' lang='lat' dir='ltr'><strong>regeneravit</strong></span> <span class='ocrx_word' id='word_1_201' title='bbox 2279 1471 2377 1513; x_wconf 93' lang='lat' dir='ltr'><strong>nos</strong></span> <span class='ocrx_word' id='word_1_202' title='bbox 2406 1459 2461 1512; x_wconf 90' lang='lat' dir='ltr'><strong>in</strong></span> <span class='ocrx_word' id='word_1_203' title='bbox 2490 1472 2641 1528; x_wconf 89' lang='lat' dir='ltr'><strong>spem</strong></span> <span class='ocrx_word' id='word_1_204' title='bbox 2684 1460 2861 1514; x_wconf 84' lang='lat' dir='ltr'><strong>vivam</strong></span> <span class='ocrx_word' id='word_1_205' title='bbox 2895 1474 2993 1530; x_wconf 87' lang='lat' dir='ltr'><strong>per</strong></span> <span class='ocrx_word' id='word_1_206' title='bbox 3035 1460 3492 1516; x_wconf 88' lang='lat' dir='ltr'><strong>resurrectionem</strong></span> 
     </span>
    </p>
   </div>
   <div class='ocr_carea' id='block_1_31' title="bbox 1910 1545 3495 1621">
    <p class='ocr_par' dir='ltr' id='par_1_31' title="bbox 1910 1545 3495 1621">
     <span class='ocr_line' id='line_1_31' title="bbox 1910 1545 3495 1621; baseline 0.003 -20"><span class='ocrx_word' id='word_1_207' title='bbox 1910 1545 2036 1602; x_wconf 85' lang='lat' dir='ltr'><strong>Jesu</strong></span> <span class='ocrx_word' id='word_1_208' title='bbox 2069 1546 2270 1603; x_wconf 88' lang='lat' dir='ltr'><strong>Christi</strong></span> <span class='ocrx_word' id='word_1_209' title='bbox 2299 1564 2364 1603; x_wconf 82' lang='lat' dir='ltr'><strong>ex</strong></span> <span class='ocrx_word' id='word_1_210' title='bbox 2394 1552 2643 1613; x_wconf 89' lang='lat' dir='ltr'><strong>mortuis,</strong></span> <span class='ocrx_word' id='word_1_211' title='bbox 2679 1553 2785 1621; x_wconf 83' lang='grc'><strong>77</strong></span> <span class='ocrx_word' id='word_1_212' title='bbox 2820 1554 2875 1606; x_wconf 93' lang='lat' dir='ltr'><strong>in</strong></span> <span class='ocrx_word' id='word_1_213' title='bbox 2912 1553 3281 1607; x_wconf 71' lang='lat' dir='ltr'><strong>hmreditatcm</strong></span> <span class='ocrx_word' id='word_1_214' title='bbox 3315 1552 3495 1606; x_wconf 82' lang='lat' dir='ltr'><strong>incor-</strong></span> 
     </span>
    </p>
   </div>
   <div class='ocr_carea' id='block_1_32' title="bbox 1914 1637 3491 1708">
    <p class='ocr_par' dir='ltr' id='par_1_32' title="bbox 1914 1637 3491 1708">
     <span class='ocr_line' id='line_1_32' title="bbox 1914 1637 3491 1708; baseline 0.004 -19"><span class='ocrx_word' id='word_1_215' title='bbox 1914 1637 2243 1707; x_wconf 87' lang='lat' dir='ltr'><strong>ruptibilem,</strong></span> <span class='ocrx_word' id='word_1_216' title='bbox 2273 1647 2328 1694; x_wconf 93' lang='lat' dir='ltr'><strong>et</strong></span> <span class='ocrx_word' id='word_1_217' title='bbox 2350 1639 2856 1708; x_wconf 89' lang='lat' dir='ltr'><strong>incontaminatam,</strong></span> <span class='ocrx_word' id='word_1_218' title='bbox 2880 1652 2935 1698; x_wconf 91' lang='lat' dir='ltr'><strong>et</strong></span> <span class='ocrx_word' id='word_1_219' title='bbox 2954 1641 3491 1704; x_wconf 87' lang='lat' dir='ltr'><strong>immarcescihilem,</strong></span> 
     </span>
    </p>
   </div>
   <div class='ocr_carea' id='block_1_33' title="bbox 237 1716 1814 1806">
    <p class='ocr_par' dir='ltr' id='par_1_33' title="bbox 237 1731 1810 1806">
     <span class='ocr_line' id='line_1_33' title="bbox 237 1731 1810 1806; baseline -0.002 -19"><span class='ocrx_word' id='word_1_220' title='bbox 237 1734 504 1806; x_wconf 83' lang='grc' dir='ltr'><strong>οὐρανοῖς.</strong></span> <span class='ocrx_word' id='word_1_221' title='bbox 532 1752 552 1785; x_wconf 75' lang='grc' dir='ltr'><strong>ι</strong></span> <span class='ocrx_word' id='word_1_222' title='bbox 591 1733 654 1787; x_wconf 76' lang='lat' dir='ltr'><strong>Ei</strong></span> <span class='ocrx_word' id='word_1_223' title='bbox 695 1732 827 1796; x_wconf 86' lang='grc' dir='ltr'><strong>Θεὸς</strong></span> <span class='ocrx_word' id='word_1_224' title='bbox 853 1733 1000 1803; x_wconf 78' lang='grc' dir='ltr'><strong>ἡμᾶς</strong></span> <span class='ocrx_word' id='word_1_225' title='bbox 1031 1734 1321 1804; x_wconf 84' lang='grc' dir='ltr'><strong>ἐγέννησεν</strong></span> <span class='ocrx_word' id='word_1_226' title='bbox 1360 1734 1442 1796; x_wconf 87' lang='grc' dir='ltr'><strong>είς</strong></span> <span class='ocrx_word' id='word_1_227' title='bbox 1480 1732 1669 1785; x_wconf 78' lang='grc' dir='ltr'><strong>ἐλπίδα</strong></span> <span class='ocrx_word' id='word_1_228' title='bbox 1701 1731 1810 1795; x_wconf 75' lang='grc' dir='ltr'><strong>ζῶ-</strong></span> 
     </span>
    </p>
   </div>
   <div class='ocr_carea' id='block_1_34' title="bbox 1926 1716 3492 1806">
    <p class='ocr_par' dir='ltr' id='par_1_34' title="bbox 1926 1730 3492 1804">
     <span class='ocr_line' id='line_1_34' title="bbox 1926 1730 3492 1804; baseline 0.002 -22"><span class='ocrx_word' id='word_1_229' title='bbox 1926 1738 2283 1784; x_wconf 81' lang='lat' dir='ltr'><strong>:onservatam</strong></span> <span class='ocrx_word' id='word_1_230' title='bbox 2316 1730 2370 1785; x_wconf 93' lang='lat' dir='ltr'><strong>in</strong></span> <span class='ocrx_word' id='word_1_231' title='bbox 2402 1731 2555 1788; x_wconf 72' lang='lat' dir='ltr'><strong>cmlis</strong></span> <span class='ocrx_word' id='word_1_232' title='bbox 2590 1732 2659 1786; x_wconf 84' lang='grc'><strong>⁷⁸.</strong></span> <span class='ocrx_word' id='word_1_233' title='bbox 2706 1751 2727 1793; x_wconf 68' lang='grc' dir='ltr'><strong><em>ο</em></strong></span> <span class='ocrx_word' id='word_1_234' title='bbox 2788 1731 2844 1789; x_wconf 88' lang='lat' dir='ltr'><strong>Si</strong></span> <span class='ocrx_word' id='word_1_235' title='bbox 2886 1733 3029 1790; x_wconf 90' lang='lat' dir='ltr'><strong>Deus</strong></span> <span class='ocrx_word' id='word_1_236' title='bbox 3073 1748 3170 1789; x_wconf 92' lang='lat' dir='ltr'><strong>nos</strong></span> <span class='ocrx_word' id='word_1_237' title='bbox 3207 1733 3395 1804; x_wconf 84' lang='lat' dir='ltr'><strong>genuit</strong></span> <span class='ocrx_word' id='word_1_238' title='bbox 3437 1733 3492 1786; x_wconf 90' lang='lat' dir='ltr'><strong>in</strong></span> 
     </span>
    </p>
   </div>
   <div class='ocr_carea' id='block_1_35' title="bbox 244 1822 1810 1896">
    <p class='ocr_par' dir='ltr' id='par_1_35' title="bbox 244 1822 1810 1896">
     <span class='ocr_line' id='line_1_35' title="bbox 244 1822 1810 1896; baseline -0.001 -17"><span class='ocrx_word' id='word_1_239' title='bbox 244 1843 339 1879; x_wconf 87' lang='grc' dir='ltr'><strong>σαν</strong></span> <span class='ocrx_word' id='word_1_240' title='bbox 370 1825 466 1879; x_wconf 74' lang='grc' dir='ltr'><strong>καὶ</strong></span> <span class='ocrx_word' id='word_1_241' title='bbox 506 1824 796 1895; x_wconf 75' lang='grc' dir='ltr'><strong>μένουσαν,</strong></span> <span class='ocrx_word' id='word_1_242' title='bbox 836 1824 1087 1896; x_wconf 78' lang='grc' dir='ltr'><strong>πέπραχε</strong></span> <span class='ocrx_word' id='word_1_243' title='bbox 1117 1825 1175 1878; x_wconf 84' lang='grc' dir='ltr'><strong>δὲ</strong></span> <span class='ocrx_word' id='word_1_244' title='bbox 1210 1824 1369 1878; x_wconf 88' lang='grc' dir='ltr'><strong>τοῦτο</strong></span> <span class='ocrx_word' id='word_1_245' title='bbox 1401 1823 1488 1877; x_wconf 85' lang='grc' dir='ltr'><strong>διά</strong></span> <span class='ocrx_word' id='word_1_246' title='bbox 1530 1823 1629 1893; x_wconf 86' lang='grc' dir='ltr'><strong>τῆς</strong></span> <span class='ocrx_word' id='word_1_247' title='bbox 1672 1822 1810 1887; x_wconf 77' lang='grc' dir='ltr'><strong>ιδίας</strong></span> 
     </span>
    </p>
   </div>
   <div class='ocr_carea' id='block_1_36' title="bbox 241 1914 1809 1988">
    <p class='ocr_par' dir='ltr' id='par_1_36' title="bbox 241 1914 1809 1988">
     <span class='ocr_line' id='line_1_36' title="bbox 241 1914 1809 1988; baseline -0.001 -19"><span class='ocrx_word' id='word_1_248' title='bbox 241 1919 304 1969; x_wconf 85' lang='grc' dir='ltr'><strong>ἐκ</strong></span> <span class='ocrx_word' id='word_1_249' title='bbox 330 1915 540 1987; x_wconf 84' lang='grc' dir='ltr'><strong>νεκρῶν</strong></span> <span class='ocrx_word' id='word_1_250' title='bbox 571 1916 922 1980; x_wconf 79' lang='grc' dir='ltr'><strong>ἀναστάσεως</strong></span> <span class='ocrx_word' id='word_1_251' title='bbox 962 1919 992 1971; x_wconf 98' lang='lat'><strong>6</strong></span> <span class='ocrx_word' id='word_1_252' title='bbox 1020 1916 1256 1988; x_wconf 83' lang='grc' dir='ltr'><strong>Χριστός</strong></span> <span class='ocrx_word' id='word_1_253' title='bbox 1277 1932 1291 1948; x_wconf 79' lang='grc' dir='ltr'><strong><em>ο</em></strong></span> <span class='ocrx_word' id='word_1_254' title='bbox 1333 1914 1451 1979; x_wconf 86' lang='grc' dir='ltr'><strong>πῶς</strong></span> <span class='ocrx_word' id='word_1_255' title='bbox 1482 1915 1582 1969; x_wconf 83' lang='grc' dir='ltr'><strong>οὐκ</strong></span> <span class='ocrx_word' id='word_1_256' title='bbox 1619 1916 1685 1970; x_wconf 86' lang='grc' dir='ltr'><strong>ἂν</strong></span> <span class='ocrx_word' id='word_1_257' title='bbox 1725 1914 1809 1986; x_wconf 72' lang='grc' dir='ltr'><strong>εἴη</strong></span> 
     </span>
    </p>
   </div>
   <div class='ocr_carea' id='block_1_37' title="bbox 240 2006 402 2070">
    <p class='ocr_par' dir='ltr' id='par_1_37' title="bbox 240 2006 402 2070">
     <span class='ocr_line' id='line_1_37' title="bbox 240 2006 402 2070; baseline 0 0"><span class='ocrx_word' id='word_1_258' title='bbox 240 2006 368 2070; x_wconf 77' lang='grc' dir='ltr'><strong>θεὸς</strong></span> <span class='ocrx_word' id='word_1_259' title='bbox 386 2024 402 2070; x_wconf 77' lang='grc' dir='ltr'>ς</span> 
     </span>
    </p>
   </div>
   <div class='ocr_carea' id='block_1_38' title="bbox 319 2024 1812 2174">
    <p class='ocr_par' dir='ltr' id='par_1_38' title="bbox 319 2024 1812 2174">
     <span class='ocr_line' id='line_1_38' title="bbox 319 2024 402 2070; baseline 0.012 -1"><span class='ocrx_word' id='word_1_260' title='bbox 319 2024 338 2059; x_wconf 68' lang='grc'><strong>⁵</strong></span> <span class='ocrx_word' id='word_1_261' title='bbox 386 2024 402 2070; x_wconf 71' lang='grc' dir='ltr'><strong>ἶ</strong></span> 
     </span>
     <span class='ocr_line' id='line_1_39' title="bbox 319 2024 1812 2174; baseline -0.001 -21"><span class='ocrx_word' id='word_1_262' title='bbox 319 2024 507 2171; x_wconf 62' lang='grc' dir='ltr'><strong>(ςΠερὶ</strong></span> <span class='ocrx_word' id='word_1_263' title='bbox 538 2092 608 2174; x_wconf 81' lang='grc' dir='ltr'><strong>ἦς</strong></span> <span class='ocrx_word' id='word_1_264' title='bbox 660 2098 934 2170; x_wconf 81' lang='grc' dir='ltr'><strong>σωτηρίας</strong></span> <span class='ocrx_word' id='word_1_265' title='bbox 983 2098 1337 2171; x_wconf 78' lang='grc' dir='ltr'><strong>ἐξεζήτησαν,</strong></span> <span class='ocrx_word' id='word_1_266' title='bbox 1372 2099 1541 2170; x_wconf 73' lang='grc' dir='ltr'><strong>φησὶ,</strong></span> <span class='ocrx_word' id='word_1_267' title='bbox 1591 2097 1686 2151; x_wconf 73' lang='grc' dir='ltr'><strong>καὶ</strong></span> <span class='ocrx_word' id='word_1_268' title='bbox 1724 2096 1812 2165; x_wconf 77' lang='grc' dir='ltr'><strong>ἐξ-</strong></span> 
     </span>
    </p>
   </div>
   <div class='ocr_carea' id='block_1_39' title="bbox 243 2190 1815 2264">
    <p class='ocr_par' dir='ltr' id='par_1_39' title="bbox 243 2190 1815 2264">
     <span class='ocr_line' id='line_1_40' title="bbox 243 2190 1815 2264; baseline 0 -19"><span class='ocrx_word' id='word_1_269' title='bbox 243 2191 549 2264; x_wconf 87' lang='grc' dir='ltr'><strong>ηρεύνησαν</strong></span> <span class='ocrx_word' id='word_1_270' title='bbox 597 2191 893 2261; x_wconf 78' lang='grc' dir='ltr'><strong>προφῆται.</strong></span> <span class='ocrx_word' id='word_1_271' title='bbox 927 2192 977 2244; x_wconf 76' lang='grc' dir='ltr'><strong>οἱ</strong></span> <span class='ocrx_word' id='word_1_272' title='bbox 1015 2192 1143 2261; x_wconf 76' lang='grc' dir='ltr'><strong>περὶ</strong></span> <span class='ocrx_word' id='word_1_273' title='bbox 1173 2192 1272 2262; x_wconf 86' lang='grc' dir='ltr'><strong>τῆς</strong></span> <span class='ocrx_word' id='word_1_274' title='bbox 1304 2194 1383 2254; x_wconf 88' lang='grc' dir='ltr'><strong>είς</strong></span> <span class='ocrx_word' id='word_1_275' title='bbox 1411 2192 1557 2262; x_wconf 79' lang='grc' dir='ltr'><strong>ἡμᾶς</strong></span> <span class='ocrx_word' id='word_1_276' title='bbox 1591 2190 1815 2262; x_wconf 86' lang='grc' dir='ltr'><strong>χάριτος</strong></span> 
     </span>
    </p>
   </div>
   <div class='ocr_carea' id='block_1_40' title="bbox 248 2279 1815 2354">
    <p class='ocr_par' dir='ltr' id='par_1_40' title="bbox 248 2279 1815 2354">
     <span class='ocr_line' id='line_1_41' title="bbox 248 2279 1815 2354; baseline -0.001 -19"><span class='ocrx_word' id='word_1_277' title='bbox 248 2280 747 2354; x_wconf 74' lang='grc' dir='ltr'><strong>προφητεύσαντες*</strong></span> <span class='ocrx_word' id='word_1_278' title='bbox 782 2279 1111 2351; x_wconf 74' lang='grc' dir='ltr'><strong>ἐρευνῶντες</strong></span> <span class='ocrx_word' id='word_1_279' title='bbox 1144 2281 1225 2344; x_wconf 81' lang='grc' dir='ltr'><strong>είς</strong></span> <span class='ocrx_word' id='word_1_280' title='bbox 1255 2279 1406 2344; x_wconf 90' lang='grc' dir='ltr'><strong>τίνα,</strong></span> <span class='ocrx_word' id='word_1_281' title='bbox 1456 2280 1489 2351; x_wconf 79' lang='grc' dir='ltr'>ἦ</span> <span class='ocrx_word' id='word_1_282' title='bbox 1518 2282 1668 2333; x_wconf 86' lang='grc' dir='ltr'><strong>ποῖον</strong></span> <span class='ocrx_word' id='word_1_283' title='bbox 1694 2297 1815 2334; x_wconf 85' lang='grc' dir='ltr'><strong>και-</strong></span> 
     </span>
    </p>
   </div>
   <div class='ocr_carea' id='block_1_41' title="bbox 249 2367 1815 2443">
    <p class='ocr_par' dir='ltr' id='par_1_41' title="bbox 249 2367 1815 2443">
     <span class='ocr_line' id='line_1_42' title="bbox 249 2367 1815 2443; baseline -0.001 -17"><span class='ocrx_word' id='word_1_284' title='bbox 249 2373 337 2442; x_wconf 87' lang='grc' dir='ltr'><strong>ρὸν</strong></span> <span class='ocrx_word' id='word_1_285' title='bbox 365 2372 551 2443; x_wconf 86' lang='grc' dir='ltr'><strong>ἐδήλου</strong></span> <span class='ocrx_word' id='word_1_286' title='bbox 581 2371 642 2424; x_wconf 89' lang='grc' dir='ltr'><strong>τὸ</strong></span> <span class='ocrx_word' id='word_1_287' title='bbox 667 2373 725 2424; x_wconf 83' lang='grc' dir='ltr'><strong>ἐν</strong></span> <span class='ocrx_word' id='word_1_288' title='bbox 757 2371 940 2433; x_wconf 79' lang='grc' dir='ltr'><strong>αὐτοῖς</strong></span> <span class='ocrx_word' id='word_1_289' title='bbox 972 2368 1198 2440; x_wconf 85' lang='grc' dir='ltr'><strong>Πνεῦμα</strong></span> <span class='ocrx_word' id='word_1_290' title='bbox 1223 2369 1484 2441; x_wconf 85' lang='grc' dir='ltr'><strong>Χριστοῦ.</strong></span> <span class='ocrx_word' id='word_1_291' title='bbox 1512 2389 1531 2423; x_wconf 70' lang='grc' dir='ltr'><strong>ι</strong></span> <span class='ocrx_word' id='word_1_292' title='bbox 1570 2370 1701 2424; x_wconf 80' lang='grc' dir='ltr'><strong>Ἰδοὺ</strong></span> <span class='ocrx_word' id='word_1_293' title='bbox 1746 2367 1815 2439; x_wconf 79' lang='grc' dir='ltr'><strong>δὴ</strong></span> 
     </span>
    </p>
   </div>
   <div class='ocr_carea' id='block_1_42' title="bbox 246 2460 1812 2534">
    <p class='ocr_par' dir='ltr' id='par_1_42' title="bbox 246 2460 1812 2534">
     <span class='ocr_line' id='line_1_43' title="bbox 246 2460 1812 2534; baseline -0.001 -18"><span class='ocrx_word' id='word_1_294' title='bbox 246 2463 406 2517; x_wconf 85' lang='grc' dir='ltr'><strong>πάλιν</strong></span> <span class='ocrx_word' id='word_1_295' title='bbox 438 2464 497 2516; x_wconf 89' lang='grc' dir='ltr'><strong>ἐν</strong></span> <span class='ocrx_word' id='word_1_296' title='bbox 523 2460 734 2525; x_wconf 81' lang='grc' dir='ltr'><strong>τούτοις</strong></span> <span class='ocrx_word' id='word_1_297' title='bbox 760 2460 1002 2532; x_wconf 81' lang='grc' dir='ltr'><strong>Χριστοῦ</strong></span> <span class='ocrx_word' id='word_1_298' title='bbox 1042 2460 1104 2514; x_wconf 87' lang='grc' dir='ltr'><strong>τὸ</strong></span> <span class='ocrx_word' id='word_1_299' title='bbox 1134 2461 1287 2530; x_wconf 84' lang='grc' dir='ltr'><strong>ἆγιον</strong></span> <span class='ocrx_word' id='word_1_300' title='bbox 1322 2461 1538 2534; x_wconf 74' lang='grc' dir='ltr'><strong>εἴρηται</strong></span> <span class='ocrx_word' id='word_1_301' title='bbox 1563 2460 1812 2532; x_wconf 84' lang='grc' dir='ltr'><strong>Πνεῦμα,</strong></span> 
     </span>
    </p>
   </div>
   <div class='ocr_carea' id='block_1_43' title="bbox 244 2547 1810 2626">
    <p class='ocr_par' dir='ltr' id='par_1_43' title="bbox 244 2547 1810 2626">
     <span class='ocr_line' id='line_1_44' title="bbox 244 2547 1810 2626; baseline 0 -17"><span class='ocrx_word' id='word_1_302' title='bbox 244 2555 420 2609; x_wconf 82' lang='grc' dir='ltr'><strong>καίτοι</strong></span> <span class='ocrx_word' id='word_1_303' title='bbox 469 2551 604 2608; x_wconf 88' lang='grc' dir='ltr'><strong>Θεοῦ</strong></span> <span class='ocrx_word' id='word_1_304' title='bbox 633 2553 691 2607; x_wconf 79' lang='grc' dir='ltr'><strong>δν</strong></span> <span class='ocrx_word' id='word_1_305' title='bbox 710 2554 762 2607; x_wconf 69' lang='grc' dir='ltr'><strong>ιι.</strong></span> <span class='ocrx_word' id='word_1_306' title='bbox 801 2552 935 2617; x_wconf 89' lang='grc' dir='ltr'><strong>Θεὸς</strong></span> <span class='ocrx_word' id='word_1_307' title='bbox 982 2547 1074 2607; x_wconf 82' lang='grc' dir='ltr'><strong>οῦν</strong></span> <span class='ocrx_word' id='word_1_308' title='bbox 1118 2554 1230 2625; x_wconf 84' lang='grc' dir='ltr'><strong>ἀρα</strong></span> <span class='ocrx_word' id='word_1_309' title='bbox 1276 2554 1533 2626; x_wconf 85' lang='grc' dir='ltr'><strong>Χριστὸς,</strong></span> <span class='ocrx_word' id='word_1_310' title='bbox 1560 2553 1637 2618; x_wconf 85' lang='grc' dir='ltr'><strong>ὡς</strong></span> <span class='ocrx_word' id='word_1_311' title='bbox 1675 2553 1810 2609; x_wconf 83' lang='grc' dir='ltr'><strong>ῐδιον</strong></span> 
     </span>
    </p>
   </div>
   <div class='ocr_carea' id='block_1_44' title="bbox 242 2645 1001 2718">
    <p class='ocr_par' dir='ltr' id='par_1_44' title="bbox 242 2645 1001 2718">
     <span class='ocr_line' id='line_1_45' title="bbox 242 2645 1001 2718; baseline -0.001 -18"><span class='ocrx_word' id='word_1_312' title='bbox 242 2647 378 2718; x_wconf 79' lang='grc' dir='ltr'><strong>ἔχων</strong></span> <span class='ocrx_word' id='word_1_313' title='bbox 405 2645 467 2701; x_wconf 87' lang='grc' dir='ltr'><strong>τὸ</strong></span> <span class='ocrx_word' id='word_1_314' title='bbox 493 2645 718 2717; x_wconf 87' lang='grc' dir='ltr'><strong>Πνεῦμα</strong></span> <span class='ocrx_word' id='word_1_315' title='bbox 742 2646 803 2699; x_wconf 92' lang='grc' dir='ltr'><strong>τὸ</strong></span> <span class='ocrx_word' id='word_1_316' title='bbox 828 2645 1001 2715; x_wconf 81' lang='grc' dir='ltr'><strong>ἀγιον.</strong></span> 
     </span>
    </p>
   </div>
   <div class='ocr_carea' id='block_1_45' title="bbox 534 2756 1534 2827">
    <p class='ocr_par' dir='ltr' id='par_1_45' title="bbox 534 2756 1534 2827">
     <span class='ocr_line' id='line_1_46' title="bbox 534 2756 1534 2827; baseline 0.003 -17"><span class='ocrx_word' id='word_1_317' title='bbox 534 2758 631 2812; x_wconf 79' lang='grc' dir='ltr'><strong>Ἐκ</strong></span> <span class='ocrx_word' id='word_1_318' title='bbox 660 2756 771 2827; x_wconf 81' lang='grc' dir='ltr'><strong>τῆς</strong></span> <span class='ocrx_word' id='word_1_319' title='bbox 805 2756 1029 2826; x_wconf 82' lang='grc' dir='ltr'><strong>Πέτρου</strong></span> <span class='ocrx_word' id='word_1_320' title='bbox 1076 2757 1534 2826; x_wconf 78' lang='grc' dir='ltr'><strong>Ἐπιστολῆς.β’.</strong></span> 
     </span>
    </p>
   </div>
   <div class='ocr_carea' id='block_1_46' title="bbox 318 2868 1815 2941">
    <p class='ocr_par' dir='ltr' id='par_1_46' title="bbox 318 2868 1815 2941">
     <span class='ocr_line' id='line_1_47' title="bbox 318 2868 1815 2941; baseline -0.001 -17"><span class='ocrx_word' id='word_1_321' title='bbox 318 2890 336 2924; x_wconf 82' lang='lat' dir='ltr'><strong>s</strong></span> <span class='ocrx_word' id='word_1_322' title='bbox 374 2869 653 2940; x_wconf 82' lang='grc' dir='ltr'><strong>Ἐγένοντο</strong></span> <span class='ocrx_word' id='word_1_323' title='bbox 682 2868 854 2924; x_wconf 76' lang='grc' dir='ltr'><strong>δὲκαὶ</strong></span> <span class='ocrx_word' id='word_1_324' title='bbox 874 2868 1340 2941; x_wconf 78' lang='grc' dir='ltr'><strong>ψευδοπροφῆται,</strong></span> <span class='ocrx_word' id='word_1_325' title='bbox 1370 2869 1447 2933; x_wconf 84' lang='grc' dir='ltr'><strong>ὡς</strong></span> <span class='ocrx_word' id='word_1_326' title='bbox 1472 2870 1568 2922; x_wconf 74' lang='grc' dir='ltr'><strong>καὶ</strong></span> <span class='ocrx_word' id='word_1_327' title='bbox 1601 2869 1660 2923; x_wconf 84' lang='grc' dir='ltr'><strong>ἐν</strong></span> <span class='ocrx_word' id='word_1_328' title='bbox 1684 2868 1815 2940; x_wconf 83' lang='grc' dir='ltr'><strong>ύμῖν</strong></span> 
     </span>
    </p>
   </div>
   <div class='ocr_carea' id='block_1_47' title="bbox 245 2959 1817 3031">
    <p class='ocr_par' dir='ltr' id='par_1_47' title="bbox 245 2959 1817 3031">
     <span class='ocr_line' id='line_1_48' title="bbox 245 2959 1817 3031; baseline -0.002 -14"><span class='ocrx_word' id='word_1_329' title='bbox 245 2961 461 3017; x_wconf 76' lang='grc' dir='ltr'><strong>ἔσονται</strong></span> <span class='ocrx_word' id='word_1_330' title='bbox 487 2960 992 3031; x_wconf 75' lang='grc' dir='ltr'><strong>ψευδοδιδάσκαλοι,</strong></span> <span class='ocrx_word' id='word_1_331' title='bbox 1027 2959 1223 3024; x_wconf 77' lang='grc' dir='ltr'><strong>οἵτινες</strong></span> <span class='ocrx_word' id='word_1_332' title='bbox 1259 2959 1681 3031; x_wconf 82' lang='grc' dir='ltr'><strong>παρεισάξουσιν</strong></span> <span class='ocrx_word' id='word_1_333' title='bbox 1731 2960 1817 3014; x_wconf 85' lang='grc' dir='ltr'><strong>αί-</strong></span> 
     </span>
    </p>
   </div>
   <div class='ocr_carea' id='block_1_48' title="bbox 1912 1820 3496 1893">
    <p class='ocr_par' dir='ltr' id='par_1_48' title="bbox 1912 1820 3496 1893">
     <span class='ocr_line' id='line_1_49' title="bbox 1912 1820 3496 1893; baseline 0.003 -20"><span class='ocrx_word' id='word_1_334' title='bbox 1912 1832 2061 1889; x_wconf 88' lang='lat' dir='ltr'><strong>spem</strong></span> <span class='ocrx_word' id='word_1_335' title='bbox 2096 1821 2270 1876; x_wconf 88' lang='lat' dir='ltr'><strong>vivam</strong></span> <span class='ocrx_word' id='word_1_336' title='bbox 2316 1830 2370 1877; x_wconf 89' lang='lat' dir='ltr'><strong>et</strong></span> <span class='ocrx_word' id='word_1_337' title='bbox 2400 1822 2672 1887; x_wconf 90' lang='lat' dir='ltr'><strong>stabilem,</strong></span> <span class='ocrx_word' id='word_1_338' title='bbox 2733 1822 3033 1893; x_wconf 76' lang='lat' dir='ltr'><strong>eil‘ecitque&#39;</strong></span> <span class='ocrx_word' id='word_1_339' title='bbox 3059 1823 3163 1878; x_wconf 89' lang='lat' dir='ltr'><strong>hoc</strong></span> <span class='ocrx_word' id='word_1_340' title='bbox 3198 1823 3371 1892; x_wconf 91' lang='lat' dir='ltr'><strong>ipsum</strong></span> <span class='ocrx_word' id='word_1_341' title='bbox 3405 1820 3496 1877; x_wconf 79' lang='lat' dir='ltr'><strong>Je-</strong></span> 
     </span>
    </p>
   </div>
   <div class='ocr_carea' id='block_1_49' title="bbox 1912 1908 3491 1979">
    <p class='ocr_par' dir='ltr' id='par_1_49' title="bbox 1912 1908 3491 1979">
     <span class='ocr_line' id='line_1_50' title="bbox 1912 1908 3491 1979; baseline 0.001 -16"><span class='ocrx_word' id='word_1_342' title='bbox 1912 1923 2004 1963; x_wconf 88' lang='lat' dir='ltr'><strong>sus</strong></span> <span class='ocrx_word' id='word_1_343' title='bbox 2026 1908 2275 1965; x_wconf 89' lang='lat' dir='ltr'><strong>Christus</strong></span> <span class='ocrx_word' id='word_1_344' title='bbox 2299 1924 2395 1979; x_wconf 88' lang='lat' dir='ltr'><strong>per</strong></span> <span class='ocrx_word' id='word_1_345' title='bbox 2445 1927 2599 1968; x_wconf 83' lang='lat' dir='ltr'><strong>suam</strong></span> <span class='ocrx_word' id='word_1_346' title='bbox 2621 1928 2687 1968; x_wconf 84' lang='lat' dir='ltr'><strong>ex</strong></span> <span class='ocrx_word' id='word_1_347' title='bbox 2724 1913 2952 1970; x_wconf 89' lang='lat' dir='ltr'><strong>mortuis</strong></span> <span class='ocrx_word' id='word_1_348' title='bbox 2991 1913 3441 1969; x_wconf 86' lang='lat' dir='ltr'><strong>resurrectionem</strong></span> <span class='ocrx_word' id='word_1_349' title='bbox 3477 1930 3491 1965; x_wconf 88' lang='lat'><strong>:</strong></span> 
     </span>
    </p>
   </div>
   <div class='ocr_carea' id='block_1_50' title="bbox 1913 2000 2910 2071">
    <p class='ocr_par' dir='ltr' id='par_1_50' title="bbox 1913 2000 2910 2071">
     <span class='ocr_line' id='line_1_51' title="bbox 1913 2000 2910 2071; baseline 0.005 -17"><span class='ocrx_word' id='word_1_350' title='bbox 1913 2000 2003 2069; x_wconf 89' lang='lat' dir='ltr'><strong>qui</strong></span> <span class='ocrx_word' id='word_1_351' title='bbox 2030 2001 2142 2055; x_wconf 78' lang='lat' dir='ltr'><strong>ﬁeri</strong></span> <span class='ocrx_word' id='word_1_352' title='bbox 2176 2009 2362 2071; x_wconf 87' lang='lat' dir='ltr'><strong>queat,</strong></span> <span class='ocrx_word' id='word_1_353' title='bbox 2394 2011 2454 2058; x_wconf 91' lang='lat' dir='ltr'><strong>ut</strong></span> <span class='ocrx_word' id='word_1_354' title='bbox 2488 2004 2633 2060; x_wconf 89' lang='lat' dir='ltr'><strong>Deus</strong></span> <span class='ocrx_word' id='word_1_355' title='bbox 2659 2020 2766 2060; x_wconf 90' lang='lat' dir='ltr'><strong>non</strong></span> <span class='ocrx_word' id='word_1_356' title='bbox 2800 2005 2910 2061; x_wconf 83' lang='lat' dir='ltr'><strong>sit?</strong></span> 
     </span>
    </p>
   </div>
   <div class='ocr_carea' id='block_1_51' title="bbox 1986 2092 3493 2167">
    <p class='ocr_par' dir='ltr' id='par_1_51' title="bbox 1986 2092 3493 2167">
     <span class='ocr_line' id='line_1_52' title="bbox 1986 2092 3493 2167; baseline 0.004 -23"><span class='ocrx_word' id='word_1_357' title='bbox 1986 2109 2008 2144; x_wconf 70' lang='grc' dir='ltr'><strong><em>ε</em></strong></span> <span class='ocrx_word' id='word_1_358' title='bbox 2041 2092 2116 2148; x_wconf 90' lang='lat' dir='ltr'><strong>De</strong></span> <span class='ocrx_word' id='word_1_359' title='bbox 2143 2107 2251 2162; x_wconf 89' lang='lat' dir='ltr'><strong>qua</strong></span> <span class='ocrx_word' id='word_1_360' title='bbox 2278 2093 2515 2165; x_wconf 83' lang='lat' dir='ltr'><strong>(inquit)</strong></span> <span class='ocrx_word' id='word_1_361' title='bbox 2540 2095 2716 2152; x_wconf 88' lang='lat' dir='ltr'><strong>salute</strong></span> <span class='ocrx_word' id='word_1_362' title='bbox 2741 2096 3151 2167; x_wconf 82' lang='lat' dir='ltr'><strong>exquisiverunt</strong></span> <span class='ocrx_word' id='word_1_363' title='bbox 3181 2106 3236 2151; x_wconf 92' lang='lat' dir='ltr'><strong>et</strong></span> <span class='ocrx_word' id='word_1_364' title='bbox 3260 2094 3493 2152; x_wconf 88' lang='lat' dir='ltr'><strong>scrutati</strong></span> 
     </span>
    </p>
   </div>
   <div class='ocr_carea' id='block_1_52' title="bbox 1913 2186 3494 2261">
    <p class='ocr_par' dir='ltr' id='par_1_52' title="bbox 1913 2186 3494 2261">
     <span class='ocr_line' id='line_1_53' title="bbox 1913 2186 3494 2261; baseline 0.004 -23"><span class='ocrx_word' id='word_1_365' title='bbox 1913 2193 2036 2239; x_wconf 89' lang='lat' dir='ltr'><strong>sunt</strong></span> <span class='ocrx_word' id='word_1_366' title='bbox 2089 2186 2503 2258; x_wconf 68' lang='lat' dir='ltr'><strong>prophetaz,qui</strong></span> <span class='ocrx_word' id='word_1_367' title='bbox 2534 2189 2600 2244; x_wconf 92' lang='lat' dir='ltr'><strong>de</strong></span> <span class='ocrx_word' id='word_1_368' title='bbox 2638 2188 2817 2244; x_wconf 81' lang='lat' dir='ltr'><strong>futura</strong></span> <span class='ocrx_word' id='word_1_369' title='bbox 2860 2190 2913 2244; x_wconf 92' lang='lat' dir='ltr'><strong>in</strong></span> <span class='ocrx_word' id='word_1_370' title='bbox 2948 2190 3104 2246; x_wconf 90' lang='lat' dir='ltr'><strong>nobis</strong></span> <span class='ocrx_word' id='word_1_371' title='bbox 3158 2192 3330 2261; x_wconf 83' lang='lat' dir='ltr'><strong>gratia</strong></span> <span class='ocrx_word' id='word_1_372' title='bbox 3367 2204 3494 2260; x_wconf 85' lang='lat' dir='ltr'><strong>pro-</strong></span> 
     </span>
    </p>
   </div>
   <div class='ocr_carea' id='block_1_53' title="bbox 1916 2279 3498 2352">
    <p class='ocr_par' dir='ltr' id='par_1_53' title="bbox 1916 2279 3498 2352">
     <span class='ocr_line' id='line_1_54' title="bbox 1916 2279 3498 2352; baseline 0.005 -23"><span class='ocrx_word' id='word_1_373' title='bbox 1916 2279 2305 2344; x_wconf 88' lang='lat' dir='ltr'><strong>phetaverunt,</strong></span> <span class='ocrx_word' id='word_1_374' title='bbox 2349 2288 2655 2338; x_wconf 86' lang='lat' dir='ltr'><strong>scrutantes</strong></span> <span class='ocrx_word' id='word_1_375' title='bbox 2685 2281 2740 2337; x_wconf 86' lang='lat' dir='ltr'><strong>in</strong></span> <span class='ocrx_word' id='word_1_376' title='bbox 2801 2282 2944 2351; x_wconf 90' lang='lat' dir='ltr'><strong>quod</strong></span> <span class='ocrx_word' id='word_1_377' title='bbox 2977 2282 3062 2336; x_wconf 84' lang='lat' dir='ltr'><strong>vel</strong></span> <span class='ocrx_word' id='word_1_378' title='bbox 3092 2282 3253 2351; x_wconf 84' lang='lat' dir='ltr'><strong>quale</strong></span> <span class='ocrx_word' id='word_1_379' title='bbox 3284 2291 3498 2352; x_wconf 84' lang='lat' dir='ltr'><strong>tempus</strong></span> 
     </span>
    </p>
   </div>
   <div class='ocr_carea' id='block_1_54' title="bbox 1915 2367 3494 2443">
    <p class='ocr_par' dir='ltr' id='par_1_54' title="bbox 1915 2367 3494 2443">
     <span class='ocr_line' id='line_1_55' title="bbox 1915 2367 3494 2443; baseline 0.005 -23"><span class='ocrx_word' id='word_1_380' title='bbox 1915 2367 2250 2435; x_wconf 73' lang='lat' dir='ltr'><strong>significaret</strong></span> <span class='ocrx_word' id='word_1_381' title='bbox 2278 2371 2333 2425; x_wconf 92' lang='lat' dir='ltr'><strong>in</strong></span> <span class='ocrx_word' id='word_1_382' title='bbox 2361 2371 2441 2428; x_wconf 91' lang='lat' dir='ltr'><strong>eis</strong></span> <span class='ocrx_word' id='word_1_383' title='bbox 2472 2370 2707 2443; x_wconf 89' lang='lat' dir='ltr'><strong>Spiritus</strong></span> <span class='ocrx_word' id='word_1_384' title='bbox 2731 2373 2934 2430; x_wconf 86' lang='lat' dir='ltr'><strong>Christi</strong></span> <span class='ocrx_word' id='word_1_385' title='bbox 2965 2374 3033 2426; x_wconf 82' lang='lat'><strong>&quot;.</strong></span> <span class='ocrx_word' id='word_1_386' title='bbox 3065 2392 3085 2425; x_wconf 73' lang='grc' dir='ltr'><strong>ι</strong></span> <span class='ocrx_word' id='word_1_387' title='bbox 3149 2373 3227 2428; x_wconf 84' lang='lat' dir='ltr'><strong>En</strong></span> <span class='ocrx_word' id='word_1_388' title='bbox 3252 2373 3343 2430; x_wconf 89' lang='lat' dir='ltr'><strong>hic</strong></span> <span class='ocrx_word' id='word_1_389' title='bbox 3371 2389 3494 2429; x_wconf 83' lang='lat' dir='ltr'><strong>rur-</strong></span> 
     </span>
    </p>
   </div>
   <div class='ocr_carea' id='block_1_55' title="bbox 1918 2460 3489 2536">
    <p class='ocr_par' dir='ltr' id='par_1_55' title="bbox 1918 2460 3489 2536">
     <span class='ocr_line' id='line_1_56' title="bbox 1918 2460 3489 2536; baseline 0.003 -20"><span class='ocrx_word' id='word_1_390' title='bbox 1918 2475 2036 2517; x_wconf 87' lang='lat' dir='ltr'><strong>sum</strong></span> <span class='ocrx_word' id='word_1_391' title='bbox 2085 2460 2318 2535; x_wconf 86' lang='lat' dir='ltr'><strong>Spiritus</strong></span> <span class='ocrx_word' id='word_1_392' title='bbox 2363 2471 2583 2520; x_wconf 85' lang='lat' dir='ltr'><strong>sanctus</strong></span> <span class='ocrx_word' id='word_1_393' title='bbox 2631 2466 2723 2536; x_wconf 89' lang='lat' dir='ltr'><strong>qui</strong></span> <span class='ocrx_word' id='word_1_394' title='bbox 2772 2466 2867 2524; x_wconf 90' lang='lat' dir='ltr'><strong>Dei</strong></span> <span class='ocrx_word' id='word_1_395' title='bbox 2901 2471 3006 2533; x_wconf 83' lang='lat' dir='ltr'><strong>est,</strong></span> <span class='ocrx_word' id='word_1_396' title='bbox 3062 2466 3258 2527; x_wconf 88' lang='lat' dir='ltr'><strong>dicitur</strong></span> <span class='ocrx_word' id='word_1_397' title='bbox 3288 2464 3489 2524; x_wconf 86' lang='lat' dir='ltr'><strong>Christi</strong></span> 
     </span>
    </p>
   </div>
   <div class='ocr_carea' id='block_1_56' title="bbox 1916 2555 3495 2637">
    <p class='ocr_par' dir='ltr' id='par_1_56' title="bbox 1916 2555 3495 2637">
     <span class='ocr_line' id='line_1_57' title="bbox 1916 2555 3495 2637; baseline -0.005 -22"><span class='ocrx_word' id='word_1_398' title='bbox 1916 2573 2059 2617; x_wconf 87' lang='lat' dir='ltr'><strong>esse.</strong></span> <span class='ocrx_word' id='word_1_399' title='bbox 2118 2558 2260 2615; x_wconf 85' lang='lat' dir='ltr'><strong>Deus</strong></span> <span class='ocrx_word' id='word_1_400' title='bbox 2287 2555 2450 2629; x_wconf 90' lang='lat' dir='ltr'><strong>igitur</strong></span> <span class='ocrx_word' id='word_1_401' title='bbox 2471 2567 2574 2625; x_wconf 84' lang='lat' dir='ltr'><strong>est,</strong></span> <span class='ocrx_word' id='word_1_402' title='bbox 2599 2568 2657 2614; x_wconf 83' lang='lat' dir='ltr'><strong>ut</strong></span> <span class='ocrx_word' id='word_1_403' title='bbox 2683 2561 2774 2630; x_wconf 86' lang='lat' dir='ltr'><strong>qui</strong></span> <span class='ocrx_word' id='word_1_404' title='bbox 2826 2563 3100 2634; x_wconf 83' lang='lat' dir='ltr'><strong>proprium</strong></span> <span class='ocrx_word' id='word_1_405' title='bbox 3135 2559 3297 2621; x_wconf 85' lang='lat' dir='ltr'><strong>habet</strong></span> <span class='ocrx_word' id='word_1_406' title='bbox 3322 2559 3495 2637; x_wconf 71' lang='lat' dir='ltr'><strong>Spiﬁ-</strong></span> 
     </span>
    </p>
   </div>
   <div class='ocr_carea' id='block_1_57' title="bbox 1918 2658 2335 2707">
    <p class='ocr_par' dir='ltr' id='par_1_57' title="bbox 1918 2658 2335 2707">
     <span class='ocr_line' id='line_1_58' title="bbox 1918 2658 2335 2707; baseline 0.002 -4"><span class='ocrx_word' id='word_1_407' title='bbox 1918 2659 2034 2705; x_wconf 87' lang='lat' dir='ltr'><strong>tum</strong></span> <span class='ocrx_word' id='word_1_408' title='bbox 2066 2658 2335 2707; x_wconf 85' lang='lat' dir='ltr'><strong>sanctum.</strong></span> 
     </span>
    </p>
   </div>
   <div class='ocr_carea' id='block_1_58' title="bbox 2286 2760 3144 2837">
    <p class='ocr_par' dir='ltr' id='par_1_58' title="bbox 2286 2760 3144 2837">
     <span class='ocr_line' id='line_1_59' title="bbox 2286 2760 3144 2837; baseline 0.015 -22"><span class='ocrx_word' id='word_1_409' title='bbox 2286 2760 2376 2817; x_wconf 76' lang='lat' dir='ltr'><strong>Ea:</strong></span> <span class='ocrx_word' id='word_1_410' title='bbox 2400 2764 2680 2833; x_wconf 75' lang='lat' dir='ltr'><strong>posteriori</strong></span> <span class='ocrx_word' id='word_1_411' title='bbox 2704 2762 2946 2837; x_wconf 79' lang='lat' dir='ltr'><strong>Epistula</strong></span> <span class='ocrx_word' id='word_1_412' title='bbox 2972 2769 3144 2828; x_wconf 76' lang='lat' dir='ltr'><strong>Petri.</strong></span> 
     </span>
    </p>
   </div>
   <div class='ocr_carea' id='block_1_59' title="bbox 1994 2874 3490 2962">
    <p class='ocr_par' dir='ltr' id='par_1_59' title="bbox 1994 2874 3490 2962">
     <span class='ocr_line' id='line_1_60' title="bbox 1994 2874 3490 2962; baseline 0.014 -35"><span class='ocrx_word' id='word_1_413' title='bbox 1994 2893 2014 2927; x_wconf 77' lang='grc' dir='ltr'><strong>ι</strong></span> <span class='ocrx_word' id='word_1_414' title='bbox 2052 2874 2293 2931; x_wconf 86' lang='lat' dir='ltr'><strong>Fuerunt</strong></span> <span class='ocrx_word' id='word_1_415' title='bbox 2338 2884 2516 2933; x_wconf 89' lang='lat' dir='ltr'><strong>autem</strong></span> <span class='ocrx_word' id='word_1_416' title='bbox 2546 2886 2600 2933; x_wconf 92' lang='lat' dir='ltr'><strong>et</strong></span> <span class='ocrx_word' id='word_1_417' title='bbox 2632 2882 3116 2954; x_wconf 67' lang='lat' dir='ltr'><strong>pseudoprophetm</strong></span> <span class='ocrx_word' id='word_1_418' title='bbox 3164 2887 3219 2943; x_wconf 94' lang='lat' dir='ltr'><strong>in</strong></span> <span class='ocrx_word' id='word_1_419' title='bbox 3268 2893 3490 2962; x_wconf 86' lang='lat' dir='ltr'><strong>populo,</strong></span> 
     </span>
    </p>
   </div>
   <div class='ocr_carea' id='block_1_60' title="bbox 1920 2965 3492 3053">
    <p class='ocr_par' dir='ltr' id='par_1_60' title="bbox 1920 2965 3492 3053">
     <span class='ocr_line' id='line_1_61' title="bbox 1920 2965 3492 3053; baseline 0.013 -33"><span class='ocrx_word' id='word_1_420' title='bbox 1920 2965 2062 3021; x_wconf 88' lang='lat' dir='ltr'><strong>sicut</strong></span> <span class='ocrx_word' id='word_1_421' title='bbox 2089 2975 2143 3022; x_wconf 90' lang='lat' dir='ltr'><strong>et</strong></span> <span class='ocrx_word' id='word_1_422' title='bbox 2168 2966 2221 3021; x_wconf 93' lang='lat' dir='ltr'><strong>in</strong></span> <span class='ocrx_word' id='word_1_423' title='bbox 2249 2965 2400 3022; x_wconf 80' lang='lat' dir='ltr'><strong>vobis</strong></span> <span class='ocrx_word' id='word_1_424' title='bbox 2440 2979 2599 3024; x_wconf 91' lang='lat' dir='ltr'><strong>erunt</strong></span> <span class='ocrx_word' id='word_1_425' title='bbox 2644 2972 2889 3043; x_wconf 86' lang='lat' dir='ltr'><strong>magistri</strong></span> <span class='ocrx_word' id='word_1_426' title='bbox 2938 2979 3245 3049; x_wconf 88' lang='lat' dir='ltr'><strong>mendaces,</strong></span> <span class='ocrx_word' id='word_1_427' title='bbox 3281 2984 3373 3053; x_wconf 91' lang='lat' dir='ltr'><strong>qui</strong></span> <span class='ocrx_word' id='word_1_428' title='bbox 3404 2986 3492 3041; x_wconf 84' lang='lat' dir='ltr'><strong>in-</strong></span> 
     </span>
    </p>
   </div>
   <div class='ocr_carea' id='block_1_61' title="bbox 246 3050 1814 3145">
    <p class='ocr_par' dir='ltr' id='par_1_61' title="bbox 246 3050 1814 3126">
     <span class='ocr_line' id='line_1_62' title="bbox 246 3050 1814 3126; baseline -0.001 -19"><span class='ocrx_word' id='word_1_429' title='bbox 246 3055 427 3126; x_wconf 80' lang='grc' dir='ltr'><strong>ρέσεις</strong></span> <span class='ocrx_word' id='word_1_430' title='bbox 455 3053 746 3118; x_wconf 81' lang='grc' dir='ltr'><strong>ἀπωλείας,</strong></span> <span class='ocrx_word' id='word_1_431' title='bbox 772 3052 868 3107; x_wconf 79' lang='grc' dir='ltr'><strong>καὶ</strong></span> <span class='ocrx_word' id='word_1_432' title='bbox 894 3053 985 3107; x_wconf 88' lang='grc' dir='ltr'><strong>τὸν</strong></span> <span class='ocrx_word' id='word_1_433' title='bbox 1019 3053 1366 3125; x_wconf 84' lang='grc' dir='ltr'><strong>ἀγοράσαντα</strong></span> <span class='ocrx_word' id='word_1_434' title='bbox 1397 3052 1593 3116; x_wconf 74' lang='grc' dir='ltr'><strong>αὐτοὺς</strong></span> <span class='ocrx_word' id='word_1_435' title='bbox 1619 3050 1814 3105; x_wconf 82' lang='grc' dir='ltr'><strong>Δεσπό-</strong></span> 
     </span>
    </p>
   </div>
   <div class='ocr_carea' id='block_1_62' title="bbox 1926 3050 3494 3145">
    <p class='ocr_par' dir='ltr' id='par_1_62' title="bbox 1926 3050 3494 3145">
     <span class='ocr_line' id='line_1_63' title="bbox 1926 3050 3494 3145; baseline 0.015 -32"><span class='ocrx_word' id='word_1_436' title='bbox 1926 3058 2206 3115; x_wconf 88' lang='lat' dir='ltr'><strong>troducent</strong></span> <span class='ocrx_word' id='word_1_437' title='bbox 2250 3069 2430 3116; x_wconf 91' lang='lat' dir='ltr'><strong>sectas</strong></span> <span class='ocrx_word' id='word_1_438' title='bbox 2476 3062 2822 3133; x_wconf 86' lang='lat' dir='ltr'><strong>perditionis,</strong></span> <span class='ocrx_word' id='word_1_439' title='bbox 2852 3075 2906 3122; x_wconf 92' lang='lat' dir='ltr'><strong>et</strong></span> <span class='ocrx_word' id='word_1_440' title='bbox 2933 3084 3055 3125; x_wconf 92' lang='lat' dir='ltr'><strong>eum</strong></span> <span class='ocrx_word' id='word_1_441' title='bbox 3100 3075 3191 3143; x_wconf 91' lang='lat' dir='ltr'><strong>qui</strong></span> <span class='ocrx_word' id='word_1_442' title='bbox 3218 3050 3349 3133; x_wconf 79' lang='lat' dir='ltr'><strong>emit</strong></span> <span class='ocrx_word' id='word_1_443' title='bbox 3378 3094 3494 3145; x_wconf 86' lang='lat' dir='ltr'><strong>eos,</strong></span> 
     </span>
    </p>
   </div>
   <div class='ocr_carea' id='block_1_63' title="bbox 246 3142 1813 3217">
    <p class='ocr_par' dir='ltr' id='par_1_63' title="bbox 246 3142 1813 3217">
     <span class='ocr_line' id='line_1_64' title="bbox 246 3142 1813 3217; baseline -0.004 -17"><span class='ocrx_word' id='word_1_444' title='bbox 246 3163 345 3216; x_wconf 83' lang='grc' dir='ltr'><strong>την</strong></span> <span class='ocrx_word' id='word_1_445' title='bbox 368 3146 707 3217; x_wconf 84' lang='grc' dir='ltr'><strong>ἀρνούμενοι.</strong></span> <span class='ocrx_word' id='word_1_446' title='bbox 735 3144 1117 3216; x_wconf 82' lang='grc' dir='ltr'><strong>Ἥγοράσμεθα</strong></span> <span class='ocrx_word' id='word_1_447' title='bbox 1139 3144 1246 3216; x_wconf 81' lang='grc' dir='ltr'><strong>γὰρ</strong></span> <span class='ocrx_word' id='word_1_448' title='bbox 1266 3144 1451 3216; x_wconf 86' lang='grc' dir='ltr'><strong>τιμῆς,</strong></span> <span class='ocrx_word' id='word_1_449' title='bbox 1471 3143 1532 3196; x_wconf 81' lang='grc' dir='ltr'><strong>οὐ</strong></span> <span class='ocrx_word' id='word_1_450' title='bbox 1553 3142 1813 3213; x_wconf 76' lang='grc' dir='ltr'><strong>φθαρτοῖς</strong></span> 
     </span>
    </p>
   </div>
   <div class='ocr_carea' id='block_1_64' title="bbox 248 3233 1820 3307">
    <p class='ocr_par' dir='ltr' id='par_1_64' title="bbox 248 3233 1820 3307">
     <span class='ocr_line' id='line_1_65' title="bbox 248 3233 1820 3307; baseline -0.001 -18"><span class='ocrx_word' id='word_1_451' title='bbox 248 3236 494 3307; x_wconf 88' lang='grc' dir='ltr'><strong>ἀργυρίῳ</strong></span> <span class='ocrx_word' id='word_1_452' title='bbox 531 3234 566 3306; x_wconf 78' lang='grc' dir='ltr'>ἢ</span> <span class='ocrx_word' id='word_1_453' title='bbox 596 3235 826 3306; x_wconf 82' lang='grc' dir='ltr'><strong>χρυσίῳ,</strong></span> <span class='ocrx_word' id='word_1_454' title='bbox 858 3236 994 3290; x_wconf 85' lang='grc' dir='ltr'><strong>ἀλλὰ</strong></span> <span class='ocrx_word' id='word_1_455' title='bbox 1022 3236 1100 3307; x_wconf 85' lang='grc' dir='ltr'><strong>τῷ</strong></span> <span class='ocrx_word' id='word_1_456' title='bbox 1131 3236 1300 3307; x_wconf 83' lang='grc' dir='ltr'><strong>τιμίῳ</strong></span> <span class='ocrx_word' id='word_1_457' title='bbox 1327 3235 1518 3307; x_wconf 74' lang='grc' dir='ltr'><strong>αἵματι</strong></span> <span class='ocrx_word' id='word_1_458' title='bbox 1548 3233 1643 3287; x_wconf 90' lang='grc' dir='ltr'><strong>τοῦ</strong></span> <span class='ocrx_word' id='word_1_459' title='bbox 1683 3235 1820 3305; x_wconf 87' lang='grc' dir='ltr'><strong>Χρι-</strong></span> 
     </span>
    </p>
   </div>
   <div class='ocr_carea' id='block_1_65' title="bbox 250 3322 1819 3399">
    <p class='ocr_par' dir='ltr' id='par_1_65' title="bbox 250 3322 1819 3399">
     <span class='ocr_line' id='line_1_66' title="bbox 250 3322 1819 3399; baseline 0.001 -19"><span class='ocrx_word' id='word_1_460' title='bbox 250 3326 400 3383; x_wconf 89' lang='grc' dir='ltr'><strong>στοῦ.</strong></span> <span class='ocrx_word' id='word_1_461' title='bbox 424 3344 445 3380; x_wconf 72' lang='grc' dir='ltr'><strong>ι</strong></span> <span class='ocrx_word' id='word_1_462' title='bbox 490 3328 688 3399; x_wconf 80' lang='grc' dir='ltr'><strong>Ἐσμὲν</strong></span> <span class='ocrx_word' id='word_1_463' title='bbox 724 3322 817 3380; x_wconf 81' lang='grc' dir='ltr'><strong>οὖν</strong></span> <span class='ocrx_word' id='word_1_464' title='bbox 846 3327 954 3397; x_wconf 82' lang='grc' dir='ltr'><strong>ἀρα</strong></span> <span class='ocrx_word' id='word_1_465' title='bbox 984 3326 1078 3381; x_wconf 92' lang='grc' dir='ltr'><strong>τοῦ</strong></span> <span class='ocrx_word' id='word_1_466' title='bbox 1110 3327 1445 3398; x_wconf 84' lang='grc' dir='ltr'><strong>πριαμένου,</strong></span> <span class='ocrx_word' id='word_1_467' title='bbox 1482 3326 1658 3382; x_wconf 85' lang='grc' dir='ltr'><strong>καίτοι</strong></span> <span class='ocrx_word' id='word_1_468' title='bbox 1700 3326 1819 3399; x_wconf 85' lang='grc' dir='ltr'><strong>Θεῷ</strong></span> 
     </span>
    </p>
   </div>
   <div class='ocr_carea' id='block_1_66' title="bbox 247 3411 1819 3486">
    <p class='ocr_par' dir='ltr' id='par_1_66' title="bbox 247 3411 1819 3486">
     <span class='ocr_line' id='line_1_67' title="bbox 247 3411 1819 3486; baseline -0.001 -16"><span class='ocrx_word' id='word_1_469' title='bbox 247 3415 588 3481; x_wconf 81' lang='grc' dir='ltr'><strong>δουλεύοντες</strong></span> <span class='ocrx_word' id='word_1_470' title='bbox 621 3415 785 3480; x_wconf 80' lang='grc' dir='ltr'><strong>ζῶντι</strong></span> <span class='ocrx_word' id='word_1_471' title='bbox 810 3416 905 3469; x_wconf 76' lang='grc' dir='ltr'><strong>καὶ</strong></span> <span class='ocrx_word' id='word_1_472' title='bbox 934 3414 1193 3486; x_wconf 83' lang='grc' dir='ltr'><strong>ἀληθινῷ.</strong></span> <span class='ocrx_word' id='word_1_473' title='bbox 1227 3411 1363 3469; x_wconf 76' lang='grc' dir='ltr'><strong>Εἶτα</strong></span> <span class='ocrx_word' id='word_1_474' title='bbox 1391 3417 1508 3480; x_wconf 86' lang='grc' dir='ltr'><strong>πῶς</strong></span> <span class='ocrx_word' id='word_1_475' title='bbox 1543 3416 1602 3470; x_wconf 77' lang='grc' dir='ltr'><strong>οὐ</strong></span> <span class='ocrx_word' id='word_1_476' title='bbox 1631 3416 1763 3480; x_wconf 84' lang='grc' dir='ltr'><strong>Θεὸς</strong></span> <span class='ocrx_word' id='word_1_477' title='bbox 1789 3416 1819 3469; x_wconf 85' lang='lat'><strong>6</strong></span> 
     </span>
    </p>
   </div>
   <div class='ocr_carea' id='block_1_67' title="bbox 248 3504 1818 3579">
    <p class='ocr_par' dir='ltr' id='par_1_67' title="bbox 248 3504 1818 3579">
     <span class='ocr_line' id='line_1_68' title="bbox 248 3504 1818 3579; baseline -0.001 -18"><span class='ocrx_word' id='word_1_478' title='bbox 248 3507 502 3579; x_wconf 87' lang='grc' dir='ltr'><strong>Χριστὸς,</strong></span> <span class='ocrx_word' id='word_1_479' title='bbox 529 3506 589 3562; x_wconf 82' lang='grc' dir='ltr'><strong>δν</strong></span> <span class='ocrx_word' id='word_1_480' title='bbox 620 3506 715 3560; x_wconf 71' lang='grc' dir='ltr'><strong>καὶ</strong></span> <span class='ocrx_word' id='word_1_481' title='bbox 744 3506 1021 3576; x_wconf 85' lang='grc' dir='ltr'><strong>Δεσπότην</strong></span> <span class='ocrx_word' id='word_1_482' title='bbox 1053 3505 1509 3577; x_wconf 81' lang='grc' dir='ltr'><strong>ἐπεγραψάμεθα,</strong></span> <span class='ocrx_word' id='word_1_483' title='bbox 1540 3504 1721 3569; x_wconf 80' lang='grc' dir='ltr'><strong>ζῶντά</strong></span> <span class='ocrx_word' id='word_1_484' title='bbox 1759 3523 1818 3560; x_wconf 86' lang='grc' dir='ltr'><strong>τε</strong></span> 
     </span>
    </p>
   </div>
   <div class='ocr_carea' id='block_1_68' title="bbox 246 3596 910 3671">
    <p class='ocr_par' dir='ltr' id='par_1_68' title="bbox 246 3596 910 3671">
     <span class='ocr_line' id='line_1_69' title="bbox 246 3596 910 3671; baseline -0.006 -17"><span class='ocrx_word' id='word_1_485' title='bbox 246 3597 468 3671; x_wconf 73' lang='grc' dir='ltr'><strong>οἴδαμεν</strong></span> <span class='ocrx_word' id='word_1_486' title='bbox 495 3597 590 3652; x_wconf 73' lang='grc' dir='ltr'><strong>καὶ</strong></span> <span class='ocrx_word' id='word_1_487' title='bbox 614 3596 871 3668; x_wconf 74' lang='grc' dir='ltr'><strong>ἀληθινόν</strong></span> <span class='ocrx_word' id='word_1_488' title='bbox 893 3614 910 3664; x_wconf 88' lang='lat'><strong>;</strong></span> 
     </span>
    </p>
   </div>
   <div class='ocr_carea' id='block_1_69' title="bbox 415 3823 1668 3895">
    <p class='ocr_par' dir='ltr' id='par_1_69' title="bbox 415 3823 1668 3895">
     <span class='ocr_line' id='line_1_70' title="bbox 415 3823 1668 3895; baseline 0.002 -16"><span class='ocrx_word' id='word_1_489' title='bbox 415 3824 511 3879; x_wconf 78' lang='grc' dir='ltr'><strong>Ἐκ</strong></span> <span class='ocrx_word' id='word_1_490' title='bbox 550 3825 659 3895; x_wconf 83' lang='grc' dir='ltr'><strong>τῆς</strong></span> <span class='ocrx_word' id='word_1_491' title='bbox 700 3824 974 3880; x_wconf 81' lang='grc' dir='ltr'><strong>Ἰωάννου</strong></span> <span class='ocrx_word' id='word_1_492' title='bbox 1016 3823 1381 3893; x_wconf 76' lang='grc' dir='ltr'><strong>Ἐπιστολῆς</strong></span> <span class='ocrx_word' id='word_1_493' title='bbox 1414 3823 1668 3893; x_wconf 82' lang='grc' dir='ltr'><strong>πρώτης.</strong></span> 
     </span>
    </p>
   </div>
   <div class='ocr_carea' id='block_1_70' title="bbox 327 3937 1821 4010">
    <p class='ocr_par' dir='ltr' id='par_1_70' title="bbox 327 3937 1821 4010">
     <span class='ocr_line' id='line_1_71' title="bbox 327 3937 1821 4010; baseline -0.001 -15"><span class='ocrx_word' id='word_1_494' title='bbox 327 3960 347 3995; x_wconf 73' lang='grc' dir='ltr'><strong>ι</strong></span> <span class='ocrx_word' id='word_1_495' title='bbox 374 3941 486 3995; x_wconf 80' lang='grc' dir='ltr'><strong>Καὶ</strong></span> <span class='ocrx_word' id='word_1_496' title='bbox 528 3940 771 4010; x_wconf 78' lang='grc' dir='ltr'><strong>οἴδαμεν,</strong></span> <span class='ocrx_word' id='word_1_497' title='bbox 802 3939 882 3993; x_wconf 83' lang='grc' dir='ltr'><strong>ὅτι</strong></span> <span class='ocrx_word' id='word_1_498' title='bbox 908 3938 938 3992; x_wconf 89' lang='lat'><strong>6</strong></span> <span class='ocrx_word' id='word_1_499' title='bbox 969 3938 1099 4003; x_wconf 80' lang='grc' dir='ltr'><strong>Υἱὸς</strong></span> <span class='ocrx_word' id='word_1_500' title='bbox 1133 3938 1225 3992; x_wconf 88' lang='grc' dir='ltr'><strong>τοῦ</strong></span> <span class='ocrx_word' id='word_1_501' title='bbox 1255 3937 1392 3992; x_wconf 89' lang='grc' dir='ltr'><strong>Θεοῦ</strong></span> <span class='ocrx_word' id='word_1_502' title='bbox 1425 3940 1572 4010; x_wconf 84' lang='grc' dir='ltr'><strong>ῆκει,</strong></span> <span class='ocrx_word' id='word_1_503' title='bbox 1606 3939 1700 3993; x_wconf 79' lang='grc' dir='ltr'><strong>καὶ</strong></span> <span class='ocrx_word' id='word_1_504' title='bbox 1736 3938 1821 3993; x_wconf 79' lang='grc' dir='ltr'><strong>δὲ-</strong></span> 
     </span>
    </p>
   </div>
   <div class='ocr_carea' id='block_1_71' title="bbox 245 4027 1822 4101">
    <p class='ocr_par' dir='ltr' id='par_1_71' title="bbox 245 4027 1822 4101">
     <span class='ocr_line' id='line_1_72' title="bbox 245 4027 1822 4101; baseline -0.003 -14"><span class='ocrx_word' id='word_1_505' title='bbox 245 4031 420 4087; x_wconf 88' lang='grc' dir='ltr'><strong>δωκεν</strong></span> <span class='ocrx_word' id='word_1_506' title='bbox 449 4032 580 4101; x_wconf 74' lang='grc' dir='ltr'><strong>ἡμῖν</strong></span> <span class='ocrx_word' id='word_1_507' title='bbox 614 4030 868 4094; x_wconf 88' lang='grc' dir='ltr'><strong>διάνοιαν,</strong></span> <span class='ocrx_word' id='word_1_508' title='bbox 897 4029 983 4083; x_wconf 82' lang='grc' dir='ltr'><strong>ἵνα</strong></span> <span class='ocrx_word' id='word_1_509' title='bbox 1017 4028 1377 4099; x_wconf 82' lang='grc' dir='ltr'><strong>γινώσκωμεν</strong></span> <span class='ocrx_word' id='word_1_510' title='bbox 1407 4027 1500 4085; x_wconf 91' lang='grc' dir='ltr'><strong>τὸν</strong></span> <span class='ocrx_word' id='word_1_511' title='bbox 1536 4028 1697 4098; x_wconf 86' lang='grc' dir='ltr'><strong>μόνον</strong></span> <span class='ocrx_word' id='word_1_512' title='bbox 1726 4027 1822 4083; x_wconf 77' lang='grc' dir='ltr'><strong>καὶ</strong></span> 
     </span>
    </p>
   </div>
   <div class='ocr_carea' id='block_1_72' title="bbox 246 4117 1821 4194">
    <p class='ocr_par' dir='ltr' id='par_1_72' title="bbox 246 4117 1821 4194">
     <span class='ocr_line' id='line_1_73' title="bbox 246 4117 1821 4194; baseline -0.004 -15"><span class='ocrx_word' id='word_1_513' title='bbox 246 4122 501 4194; x_wconf 86' lang='grc' dir='ltr'><strong>ἀληθινὸν</strong></span> <span class='ocrx_word' id='word_1_514' title='bbox 531 4121 692 4175; x_wconf 88' lang='grc' dir='ltr'><strong>Θεόν·</strong></span> <span class='ocrx_word' id='word_1_515' title='bbox 725 4121 820 4174; x_wconf 72' lang='grc' dir='ltr'><strong>καὶ</strong></span> <span class='ocrx_word' id='word_1_516' title='bbox 851 4120 1020 4189; x_wconf 85' lang='grc' dir='ltr'><strong>ἐσμὲν</strong></span> <span class='ocrx_word' id='word_1_517' title='bbox 1046 4122 1102 4173; x_wconf 90' lang='grc' dir='ltr'><strong>ἐν</strong></span> <span class='ocrx_word' id='word_1_518' title='bbox 1126 4119 1203 4190; x_wconf 85' lang='grc' dir='ltr'><strong>τῷ</strong></span> <span class='ocrx_word' id='word_1_519' title='bbox 1232 4117 1492 4191; x_wconf 79' lang='grc' dir='ltr'><strong>ἀληθινῷ,</strong></span> <span class='ocrx_word' id='word_1_520' title='bbox 1520 4121 1578 4173; x_wconf 82' lang='grc' dir='ltr'><strong>ἐν</strong></span> <span class='ocrx_word' id='word_1_521' title='bbox 1602 4119 1678 4190; x_wconf 80' lang='grc' dir='ltr'><strong>τῷ</strong></span> <span class='ocrx_word' id='word_1_522' title='bbox 1704 4118 1821 4192; x_wconf 85' lang='grc' dir='ltr'><strong>Υἱῷ</strong></span> 
     </span>
    </p>
   </div>
   <div class='ocr_carea' id='block_1_73' title="bbox 248 4205 1818 4284">
    <p class='ocr_par' dir='ltr' id='par_1_73' title="bbox 248 4205 1818 4284">
     <span class='ocr_line' id='line_1_74' title="bbox 248 4205 1818 4284; baseline -0.001 -15"><span class='ocrx_word' id='word_1_523' title='bbox 248 4213 416 4269; x_wconf 82' lang='grc' dir='ltr'><strong>αὐτοῦ</strong></span> <span class='ocrx_word' id='word_1_524' title='bbox 451 4211 629 4284; x_wconf 86' lang='grc' dir='ltr'><strong>Ἰησοῦ</strong></span> <span class='ocrx_word' id='word_1_525' title='bbox 661 4210 903 4284; x_wconf 84' lang='grc' dir='ltr'><strong>Χριστῷ.</strong></span> <span class='ocrx_word' id='word_1_526' title='bbox 935 4205 1104 4276; x_wconf 74' lang='grc' dir='ltr'><strong>Οὗτός</strong></span> <span class='ocrx_word' id='word_1_527' title='bbox 1136 4215 1282 4265; x_wconf 84' lang='grc' dir='ltr'><strong>ἐστιν</strong></span> <span class='ocrx_word' id='word_1_528' title='bbox 1313 4215 1341 4265; x_wconf 90' lang='lat'><strong>6</strong></span> <span class='ocrx_word' id='word_1_529' title='bbox 1374 4211 1625 4284; x_wconf 86' lang='grc' dir='ltr'><strong>ἀληθινὸς</strong></span> <span class='ocrx_word' id='word_1_530' title='bbox 1666 4213 1818 4282; x_wconf 89' lang='grc' dir='ltr'><strong>Θεὸς,</strong></span> 
     </span>
    </p>
   </div>
   <div class='ocr_carea' id='block_1_74' title="bbox 253 4297 1820 4372">
    <p class='ocr_par' dir='ltr' id='par_1_74' title="bbox 253 4297 1820 4372">
     <span class='ocr_line' id='line_1_75' title="bbox 253 4297 1820 4372; baseline 0.001 -18"><span class='ocrx_word' id='word_1_531' title='bbox 253 4302 342 4354; x_wconf 73' lang='grc' dir='ltr'><strong>καὶ</strong></span> <span class='ocrx_word' id='word_1_532' title='bbox 370 4300 482 4371; x_wconf 78' lang='grc' dir='ltr'><strong>ζωὴ</strong></span> <span class='ocrx_word' id='word_1_533' title='bbox 518 4299 754 4363; x_wconf 83' lang='grc' dir='ltr'><strong>αἰώνιος.</strong></span> <span class='ocrx_word' id='word_1_534' title='bbox 783 4318 804 4352; x_wconf 72' lang='grc' dir='ltr'><strong>ι</strong></span> <span class='ocrx_word' id='word_1_535' title='bbox 846 4297 1056 4368; x_wconf 85' lang='grc' dir='ltr'><strong>Ἰησοῦς</strong></span> <span class='ocrx_word' id='word_1_536' title='bbox 1088 4299 1342 4371; x_wconf 88' lang='grc' dir='ltr'><strong>Χριστὸς,</strong></span> <span class='ocrx_word' id='word_1_537' title='bbox 1384 4299 1445 4353; x_wconf 78' lang='grc' dir='ltr'><strong>οὗ</strong></span> <span class='ocrx_word' id='word_1_538' title='bbox 1479 4301 1684 4372; x_wconf 87' lang='grc' dir='ltr'><strong>γυμνὸς</strong></span> <span class='ocrx_word' id='word_1_539' title='bbox 1727 4303 1820 4356; x_wconf 74' lang='grc' dir='ltr'><strong>καὶ</strong></span> 
     </span>
    </p>
   </div>
   <div class='ocr_carea' id='block_1_75' title="bbox 1922 3151 3497 3239">
    <p class='ocr_par' dir='ltr' id='par_1_75' title="bbox 1922 3151 3497 3239">
     <span class='ocr_line' id='line_1_76' title="bbox 1922 3151 3497 3239; baseline 0.013 -33"><span class='ocrx_word' id='word_1_540' title='bbox 1922 3151 2206 3207; x_wconf 92' lang='lat' dir='ltr'><strong>Dominum</strong></span> <span class='ocrx_word' id='word_1_541' title='bbox 2261 3161 2459 3222; x_wconf 86' lang='lat' dir='ltr'><strong>negant</strong></span> <span class='ocrx_word' id='word_1_542' title='bbox 2489 3153 2556 3210; x_wconf 79' lang='grc' dir='ltr'><strong>⁸ο.</strong></span> <span class='ocrx_word' id='word_1_543' title='bbox 2628 3153 2783 3211; x_wconf 85' lang='lat' dir='ltr'><strong>Haud</strong></span> <span class='ocrx_word' id='word_1_544' title='bbox 2844 3159 2986 3213; x_wconf 92' lang='lat' dir='ltr'><strong>enim</strong></span> <span class='ocrx_word' id='word_1_545' title='bbox 3018 3162 3197 3233; x_wconf 90' lang='lat' dir='ltr'><strong>aliquo</strong></span> <span class='ocrx_word' id='word_1_546' title='bbox 3223 3174 3497 3239; x_wconf 85' lang='lat' dir='ltr'><strong>corrupti-</strong></span> 
     </span>
    </p>
   </div>
   <div class='ocr_carea' id='block_1_76' title="bbox 1920 3242 3494 3328">
    <p class='ocr_par' dir='ltr' id='par_1_76' title="bbox 1920 3242 3494 3328">
     <span class='ocr_line' id='line_1_77' title="bbox 1920 3242 3494 3328; baseline 0.013 -31"><span class='ocrx_word' id='word_1_547' title='bbox 1920 3242 2014 3298; x_wconf 92' lang='lat' dir='ltr'><strong>hili</strong></span> <span class='ocrx_word' id='word_1_548' title='bbox 2060 3244 2257 3313; x_wconf 88' lang='lat' dir='ltr'><strong>pretio,</strong></span> <span class='ocrx_word' id='word_1_549' title='bbox 2293 3260 2425 3301; x_wconf 89' lang='lat' dir='ltr'><strong>auro</strong></span> <span class='ocrx_word' id='word_1_550' title='bbox 2455 3245 2540 3301; x_wconf 85' lang='lat' dir='ltr'><strong>vel</strong></span> <span class='ocrx_word' id='word_1_551' title='bbox 2580 3259 2806 3317; x_wconf 85' lang='lat' dir='ltr'><strong>argento</strong></span> <span class='ocrx_word' id='word_1_552' title='bbox 2852 3252 3112 3325; x_wconf 88' lang='lat' dir='ltr'><strong>redempti</strong></span> <span class='ocrx_word' id='word_1_553' title='bbox 3151 3272 3359 3328; x_wconf 87' lang='lat' dir='ltr'><strong>sumus,</strong></span> <span class='ocrx_word' id='word_1_554' title='bbox 3400 3268 3494 3320; x_wconf 80' lang='lat' dir='ltr'><strong>sed</strong></span> 
     </span>
    </p>
   </div>
   <div class='ocr_carea' id='block_1_77' title="bbox 1919 3335 3496 3425">
    <p class='ocr_par' dir='ltr' id='par_1_77' title="bbox 1919 3335 3496 3425">
     <span class='ocr_line' id='line_1_78' title="bbox 1919 3335 3496 3425; baseline 0.014 -36"><span class='ocrx_word' id='word_1_555' title='bbox 1919 3335 2156 3407; x_wconf 85' lang='lat' dir='ltr'><strong>pretioso</strong></span> <span class='ocrx_word' id='word_1_556' title='bbox 2184 3336 2385 3392; x_wconf 89' lang='lat' dir='ltr'><strong>Christi</strong></span> <span class='ocrx_word' id='word_1_557' title='bbox 2427 3337 2687 3407; x_wconf 86' lang='lat' dir='ltr'><strong>sanguine</strong></span> <span class='ocrx_word' id='word_1_558' title='bbox 2712 3340 2781 3396; x_wconf 79' lang='lat'><strong>&quot;.</strong></span> <span class='ocrx_word' id='word_1_559' title='bbox 2826 3360 2847 3394; x_wconf 85' lang='grc'><strong>›</strong></span> <span class='ocrx_word' id='word_1_560' title='bbox 2908 3342 3089 3411; x_wconf 84' lang='lat' dir='ltr'><strong>Quare</strong></span> <span class='ocrx_word' id='word_1_561' title='bbox 3145 3365 3331 3409; x_wconf 91' lang='lat' dir='ltr'><strong>sumus</strong></span> <span class='ocrx_word' id='word_1_562' title='bbox 3377 3355 3496 3425; x_wconf 87' lang='lat' dir='ltr'><strong>ejus</strong></span> 
     </span>
    </p>
   </div>
   <div class='ocr_carea' id='block_1_78' title="bbox 1920 3425 3494 3501">
    <p class='ocr_par' dir='ltr' id='par_1_78' title="bbox 1920 3425 3494 3501">
     <span class='ocr_line' id='line_1_79' title="bbox 1920 3425 3494 3501; baseline 0.015 -22"><span class='ocrx_word' id='word_1_563' title='bbox 1920 3425 2011 3496; x_wconf 90' lang='lat' dir='ltr'><strong>qui</strong></span> <span class='ocrx_word' id='word_1_564' title='bbox 2051 3426 2279 3481; x_wconf 88' lang='lat' dir='ltr'><strong>redemit</strong></span> <span class='ocrx_word' id='word_1_565' title='bbox 2311 3441 2432 3494; x_wconf 90' lang='lat' dir='ltr'><strong>nos,</strong></span> <span class='ocrx_word' id='word_1_566' title='bbox 2460 3436 2514 3483; x_wconf 87' lang='lat' dir='ltr'><strong>et</strong></span> <span class='ocrx_word' id='word_1_567' title='bbox 2544 3429 2760 3498; x_wconf 88' lang='lat' dir='ltr'><strong>quidem</strong></span> <span class='ocrx_word' id='word_1_568' title='bbox 2805 3432 2916 3489; x_wconf 92' lang='lat' dir='ltr'><strong>Deo</strong></span> <span class='ocrx_word' id='word_1_569' title='bbox 2955 3436 3080 3493; x_wconf 89' lang='lat' dir='ltr'><strong>vivo</strong></span> <span class='ocrx_word' id='word_1_570' title='bbox 3114 3448 3169 3497; x_wconf 88' lang='lat' dir='ltr'><strong>et</strong></span> <span class='ocrx_word' id='word_1_571' title='bbox 3200 3456 3331 3499; x_wconf 89' lang='lat' dir='ltr'><strong>vero</strong></span> <span class='ocrx_word' id='word_1_572' title='bbox 3374 3459 3494 3501; x_wconf 88' lang='lat' dir='ltr'><strong>ser-</strong></span> 
     </span>
    </p>
   </div>
   <div class='ocr_carea' id='block_1_79' title="bbox 1920 3517 3498 3608">
    <p class='ocr_par' dir='ltr' id='par_1_79' title="bbox 1920 3517 3498 3608">
     <span class='ocr_line' id='line_1_80' title="bbox 1920 3517 3498 3608; baseline 0.016 -39"><span class='ocrx_word' id='word_1_573' title='bbox 1920 3517 2150 3573; x_wconf 85' lang='lat' dir='ltr'><strong>vientes.</strong></span> <span class='ocrx_word' id='word_1_574' title='bbox 2181 3517 2316 3573; x_wconf 88' lang='lat' dir='ltr'><strong>Cum</strong></span> <span class='ocrx_word' id='word_1_575' title='bbox 2339 3517 2557 3576; x_wconf 90' lang='lat' dir='ltr'><strong>Christo</strong></span> <span class='ocrx_word' id='word_1_576' title='bbox 2583 3522 2747 3592; x_wconf 86' lang='lat' dir='ltr'><strong>igitur</strong></span> <span class='ocrx_word' id='word_1_577' title='bbox 2776 3526 2985 3583; x_wconf 89' lang='lat' dir='ltr'><strong>Domini</strong></span> <span class='ocrx_word' id='word_1_578' title='bbox 3012 3530 3221 3593; x_wconf 85' lang='lat' dir='ltr'><strong>titulum</strong></span> <span class='ocrx_word' id='word_1_579' title='bbox 3255 3535 3498 3608; x_wconf 84' lang='lat' dir='ltr'><strong>assigne-</strong></span> 
     </span>
    </p>
   </div>
   <div class='ocr_carea' id='block_1_80' title="bbox 1926 3609 3497 3685">
    <p class='ocr_par' dir='ltr' id='par_1_80' title="bbox 1926 3609 3497 3685">
     <span class='ocr_line' id='line_1_81' title="bbox 1926 3609 3497 3685; baseline 0.015 -23"><span class='ocrx_word' id='word_1_580' title='bbox 1926 3622 2069 3674; x_wconf 89' lang='lat' dir='ltr'><strong>mus,</strong></span> <span class='ocrx_word' id='word_1_581' title='bbox 2100 3609 2383 3679; x_wconf 87' lang='lat' dir='ltr'><strong>ipsumque</strong></span> <span class='ocrx_word' id='word_1_582' title='bbox 2418 3610 2596 3667; x_wconf 89' lang='lat' dir='ltr'><strong>vivum</strong></span> <span class='ocrx_word' id='word_1_583' title='bbox 2631 3622 2685 3669; x_wconf 90' lang='lat' dir='ltr'><strong>et</strong></span> <span class='ocrx_word' id='word_1_584' title='bbox 2717 3631 2902 3673; x_wconf 87' lang='lat' dir='ltr'><strong>verum</strong></span> <span class='ocrx_word' id='word_1_585' title='bbox 2936 3619 3220 3679; x_wconf 92' lang='lat' dir='ltr'><strong>Dominum</strong></span> <span class='ocrx_word' id='word_1_586' title='bbox 3244 3640 3366 3684; x_wconf 87' lang='lat' dir='ltr'><strong>esse</strong></span> <span class='ocrx_word' id='word_1_587' title='bbox 3389 3643 3497 3685; x_wconf 86' lang='lat' dir='ltr'><strong>non</strong></span> 
     </span>
    </p>
   </div>
   <div class='ocr_carea' id='block_1_81' title="bbox 1924 3699 3238 3770">
    <p class='ocr_par' dir='ltr' id='par_1_81' title="bbox 1924 3699 3238 3770">
     <span class='ocr_line' id='line_1_82' title="bbox 1924 3699 3238 3770; baseline 0.011 -16"><span class='ocrx_word' id='word_1_588' title='bbox 1924 3699 2253 3770; x_wconf 87' lang='lat' dir='ltr'><strong>ignoremus,</strong></span> <span class='ocrx_word' id='word_1_589' title='bbox 2284 3717 2381 3757; x_wconf 90' lang='lat' dir='ltr'><strong>cur</strong></span> <span class='ocrx_word' id='word_1_590' title='bbox 2404 3702 2573 3758; x_wconf 84' lang='lat' dir='ltr'><strong>Deum</strong></span> <span class='ocrx_word' id='word_1_591' title='bbox 2607 3718 2727 3762; x_wconf 90' lang='lat' dir='ltr'><strong>esse</strong></span> <span class='ocrx_word' id='word_1_592' title='bbox 2767 3708 2975 3765; x_wconf 75' lang='lat' dir='ltr'><strong>inficias</strong></span> <span class='ocrx_word' id='word_1_593' title='bbox 3000 3712 3238 3769; x_wconf 81' lang='lat' dir='ltr'><strong>ibimus?</strong></span> 
     </span>
    </p>
   </div>
   <div class='ocr_carea' id='block_1_82' title="bbox 2302 3835 3123 3908">
    <p class='ocr_par' dir='ltr' id='par_1_82' title="bbox 2302 3835 3123 3908">
     <span class='ocr_line' id='line_1_83' title="bbox 2302 3835 3123 3908; baseline 0.013 -20"><span class='ocrx_word' id='word_1_594' title='bbox 2302 3835 2389 3889; x_wconf 82' lang='lat' dir='ltr'><strong>Ea:</strong></span> <span class='ocrx_word' id='word_1_595' title='bbox 2416 3836 2655 3906; x_wconf 80' lang='lat' dir='ltr'><strong>Epistola</strong></span> <span class='ocrx_word' id='word_1_596' title='bbox 2678 3841 2849 3908; x_wconf 84' lang='lat' dir='ltr'><strong>prima</strong></span> <span class='ocrx_word' id='word_1_597' title='bbox 2880 3844 3123 3901; x_wconf 82' lang='lat' dir='ltr'><strong>Joannis.</strong></span> 
     </span>
    </p>
   </div>
   <div class='ocr_carea' id='block_1_83' title="bbox 2007 3947 3498 4025">
    <p class='ocr_par' dir='ltr' id='par_1_83' title="bbox 2007 3947 3498 4025">
     <span class='ocr_line' id='line_1_84' title="bbox 2007 3947 3498 4025; baseline 0.015 -25"><span class='ocrx_word' id='word_1_598' title='bbox 2007 3965 2027 4000; x_wconf 72' lang='grc' dir='ltr'><strong>ε</strong></span> <span class='ocrx_word' id='word_1_599' title='bbox 2067 3947 2136 4002; x_wconf 87' lang='lat' dir='ltr'><strong>Et</strong></span> <span class='ocrx_word' id='word_1_600' title='bbox 2160 3947 2385 4013; x_wconf 88' lang='lat' dir='ltr'><strong>scimus,</strong></span> <span class='ocrx_word' id='word_1_601' title='bbox 2431 3950 2685 4016; x_wconf 89' lang='lat' dir='ltr'><strong>quoniam</strong></span> <span class='ocrx_word' id='word_1_602' title='bbox 2731 3952 2900 4010; x_wconf 87' lang='lat' dir='ltr'><strong>Filius</strong></span> <span class='ocrx_word' id='word_1_603' title='bbox 2931 3957 3024 4011; x_wconf 90' lang='lat' dir='ltr'><strong>Dei</strong></span> <span class='ocrx_word' id='word_1_604' title='bbox 3064 3960 3230 4025; x_wconf 80' lang='lat' dir='ltr'><strong>venit,</strong></span> <span class='ocrx_word' id='word_1_605' title='bbox 3263 3973 3317 4017; x_wconf 92' lang='lat' dir='ltr'><strong>et</strong></span> <span class='ocrx_word' id='word_1_606' title='bbox 3348 3965 3498 4023; x_wconf 89' lang='lat' dir='ltr'><strong>dedit</strong></span> 
     </span>
    </p>
   </div>
   <div class='ocr_carea' id='block_1_84' title="bbox 1921 4038 3498 4117">
    <p class='ocr_par' dir='ltr' id='par_1_84' title="bbox 1921 4038 3498 4117">
     <span class='ocr_line' id='line_1_85' title="bbox 1921 4038 3498 4117; baseline 0.014 -26"><span class='ocrx_word' id='word_1_607' title='bbox 1921 4038 2077 4094; x_wconf 89' lang='lat' dir='ltr'><strong>nobis</strong></span> <span class='ocrx_word' id='word_1_608' title='bbox 2106 4054 2345 4105; x_wconf 90' lang='lat' dir='ltr'><strong>sensum,</strong></span> <span class='ocrx_word' id='word_1_609' title='bbox 2377 4047 2434 4093; x_wconf 90' lang='lat' dir='ltr'><strong>ut</strong></span> <span class='ocrx_word' id='word_1_610' title='bbox 2464 4054 2862 4110; x_wconf 87' lang='lat' dir='ltr'><strong>cognoscamus</strong></span> <span class='ocrx_word' id='word_1_611' title='bbox 2899 4061 3086 4104; x_wconf 86' lang='lat' dir='ltr'><strong>verum</strong></span> <span class='ocrx_word' id='word_1_612' title='bbox 3117 4049 3309 4117; x_wconf 89' lang='lat' dir='ltr'><strong>Deum,</strong></span> <span class='ocrx_word' id='word_1_613' title='bbox 3338 4064 3393 4111; x_wconf 87' lang='lat' dir='ltr'><strong>et</strong></span> <span class='ocrx_word' id='word_1_614' title='bbox 3421 4057 3498 4112; x_wconf 87' lang='lat' dir='ltr'><strong>si-</strong></span> 
     </span>
    </p>
   </div>
   <div class='ocr_carea' id='block_1_85' title="bbox 1921 4131 3497 4215">
    <p class='ocr_par' dir='ltr' id='par_1_85' title="bbox 1921 4131 3497 4215">
     <span class='ocr_line' id='line_1_86' title="bbox 1921 4131 3497 4215; baseline 0.013 -30"><span class='ocrx_word' id='word_1_615' title='bbox 1921 4147 2042 4188; x_wconf 89' lang='lat' dir='ltr'><strong>mus</strong></span> <span class='ocrx_word' id='word_1_616' title='bbox 2066 4132 2119 4188; x_wconf 88' lang='lat' dir='ltr'><strong>in</strong></span> <span class='ocrx_word' id='word_1_617' title='bbox 2153 4147 2282 4189; x_wconf 89' lang='lat' dir='ltr'><strong>vero</strong></span> <span class='ocrx_word' id='word_1_618' title='bbox 2304 4131 2442 4189; x_wconf 84' lang='lat' dir='ltr'><strong>Filio</strong></span> <span class='ocrx_word' id='word_1_619' title='bbox 2467 4136 2605 4204; x_wconf 71' lang='lat' dir='ltr'><strong>eius.</strong></span> <span class='ocrx_word' id='word_1_620' title='bbox 2657 4137 2756 4193; x_wconf 83' lang='lat' dir='ltr'><strong>Hic</strong></span> <span class='ocrx_word' id='word_1_621' title='bbox 2790 4150 2875 4194; x_wconf 90' lang='lat' dir='ltr'><strong>est</strong></span> <span class='ocrx_word' id='word_1_622' title='bbox 2901 4156 3061 4198; x_wconf 90' lang='lat' dir='ltr'><strong>verus</strong></span> <span class='ocrx_word' id='word_1_623' title='bbox 3098 4145 3257 4215; x_wconf 81' lang='lat' dir='ltr'><strong>Deus,</strong></span> <span class='ocrx_word' id='word_1_624' title='bbox 3291 4157 3346 4203; x_wconf 90' lang='lat' dir='ltr'><strong>et</strong></span> <span class='ocrx_word' id='word_1_625' title='bbox 3383 4150 3497 4206; x_wconf 83' lang='lat' dir='ltr'><strong>vita</strong></span> 
     </span>
    </p>
   </div>
   <div class='ocr_carea' id='block_1_86' title="bbox 1920 4222 3495 4303">
    <p class='ocr_par' dir='ltr' id='par_1_86' title="bbox 1920 4222 3495 4303">
     <span class='ocr_line' id='line_1_87' title="bbox 1920 4222 3495 4303; baseline 0.015 -24"><span class='ocrx_word' id='word_1_626' title='bbox 1920 4233 2122 4279; x_wconf 72' lang='lat' dir='ltr'><strong>aeterna</strong></span> <span class='ocrx_word' id='word_1_627' title='bbox 2152 4222 2220 4279; x_wconf 82' lang='grc'><strong>⁸².</strong></span> <span class='ocrx_word' id='word_1_628' title='bbox 2255 4242 2275 4276; x_wconf 73' lang='grc' dir='ltr'><strong>ι</strong></span> <span class='ocrx_word' id='word_1_629' title='bbox 2333 4225 2427 4281; x_wconf 92' lang='lat' dir='ltr'><strong>Dei</strong></span> <span class='ocrx_word' id='word_1_630' title='bbox 2479 4226 2657 4283; x_wconf 86' lang='lat' dir='ltr'><strong>Patris</strong></span> <span class='ocrx_word' id='word_1_631' title='bbox 2699 4229 2957 4299; x_wconf 78' lang='lat' dir='ltr'><strong>Verbum,</strong></span> <span class='ocrx_word' id='word_1_632' title='bbox 2996 4244 3155 4303; x_wconf 90' lang='lat' dir='ltr'><strong>prout</strong></span> <span class='ocrx_word' id='word_1_633' title='bbox 3196 4242 3495 4301; x_wconf 89' lang='lat' dir='ltr'><strong>secundum</strong></span> 
     </span>
    </p>
   </div>
   <div class='ocr_carea' id='block_1_87' title="bbox 1921 4313 3496 4398">
    <p class='ocr_par' dir='ltr' id='par_1_87' title="bbox 1921 4313 3496 4398">
     <span class='ocr_line' id='line_1_88' title="bbox 1921 4313 3496 4398; baseline 0.011 -30"><span class='ocrx_word' id='word_1_634' title='bbox 1921 4328 1982 4368; x_wconf 91' lang='lat' dir='ltr'><strong>se</strong></span> <span class='ocrx_word' id='word_1_635' title='bbox 2013 4313 2178 4377; x_wconf 84' lang='lat' dir='ltr'><strong>nude,</strong></span> <span class='ocrx_word' id='word_1_636' title='bbox 2209 4324 2263 4370; x_wconf 89' lang='lat' dir='ltr'><strong>et</strong></span> <span class='ocrx_word' id='word_1_637' title='bbox 2287 4323 2437 4370; x_wconf 81' lang='lat' dir='ltr'><strong>extra</strong></span> <span class='ocrx_word' id='word_1_638' title='bbox 2477 4331 2694 4372; x_wconf 90' lang='lat' dir='ltr'><strong>carnem</strong></span> <span class='ocrx_word' id='word_1_639' title='bbox 2746 4320 3141 4392; x_wconf 88' lang='lat' dir='ltr'><strong>consideratur,</strong></span> <span class='ocrx_word' id='word_1_640' title='bbox 3171 4342 3273 4381; x_wconf 93' lang='lat' dir='ltr'><strong>non</strong></span> <span class='ocrx_word' id='word_1_641' title='bbox 3309 4330 3496 4398; x_wconf 81' lang='lat' dir='ltr'><strong>appel-</strong></span> 
     </span>
    </p>
   </div>
   <div class='ocr_carea' id='block_1_88' title="bbox 254 4388 1814 4477">
    <p class='ocr_par' dir='ltr' id='par_1_88' title="bbox 254 4388 1814 4462">
     <span class='ocr_line' id='line_1_89' title="bbox 254 4388 1814 4462; baseline 0.001 -20"><span class='ocrx_word' id='word_1_642' title='bbox 254 4388 375 4444; x_wconf 68' lang='grc' dir='ltr'><strong>καθ’</strong></span> <span class='ocrx_word' id='word_1_643' title='bbox 405 4389 596 4443; x_wconf 80' lang='grc' dir='ltr'><strong>ἑαυτὸν</strong></span> <span class='ocrx_word' id='word_1_644' title='bbox 623 4391 718 4443; x_wconf 73' lang='grc' dir='ltr'><strong>καὶ</strong></span> <span class='ocrx_word' id='word_1_645' title='bbox 758 4388 865 4456; x_wconf 80' lang='grc' dir='ltr'><strong>ἔξω</strong></span> <span class='ocrx_word' id='word_1_646' title='bbox 899 4392 1119 4461; x_wconf 82' lang='grc' dir='ltr'><strong>σαρκὸς,</strong></span> <span class='ocrx_word' id='word_1_647' title='bbox 1149 4390 1178 4442; x_wconf 91' lang='lat'><strong>6</strong></span> <span class='ocrx_word' id='word_1_648' title='bbox 1208 4390 1273 4443; x_wconf 86' lang='grc' dir='ltr'><strong>ἐκ</strong></span> <span class='ocrx_word' id='word_1_649' title='bbox 1304 4389 1399 4445; x_wconf 88' lang='grc' dir='ltr'><strong>τοῦ</strong></span> <span class='ocrx_word' id='word_1_650' title='bbox 1432 4389 1567 4443; x_wconf 87' lang='grc' dir='ltr'><strong>Θεοῦ</strong></span> <span class='ocrx_word' id='word_1_651' title='bbox 1607 4391 1814 4462; x_wconf 88' lang='grc' dir='ltr'><strong>Πατρὸς</strong></span> 
     </span>
    </p>
   </div>
   <div class='ocr_carea' id='block_1_89' title="bbox 1926 4388 3495 4477">
    <p class='ocr_par' dir='ltr' id='par_1_89' title="bbox 1926 4388 3495 4477">
     <span class='ocr_line' id='line_1_90' title="bbox 1926 4388 3495 4477; baseline 0.012 -19"><span class='ocrx_word' id='word_1_652' title='bbox 1926 4402 2071 4459; x_wconf 87' lang='lat' dir='ltr'><strong>latur</strong></span> <span class='ocrx_word' id='word_1_653' title='bbox 2125 4403 2283 4461; x_wconf 81' lang='lat' dir='ltr'><strong>Jesus</strong></span> <span class='ocrx_word' id='word_1_654' title='bbox 2326 4403 2619 4463; x_wconf 87' lang='lat' dir='ltr'><strong>Christus:</strong></span> <span class='ocrx_word' id='word_1_655' title='bbox 2652 4408 2855 4466; x_wconf 89' lang='lat' dir='ltr'><strong>Christi</strong></span> <span class='ocrx_word' id='word_1_656' title='bbox 2901 4422 3079 4470; x_wconf 89' lang='lat' dir='ltr'><strong>autem</strong></span> <span class='ocrx_word' id='word_1_657' title='bbox 3119 4388 3244 4473; x_wconf 68' lang='lat' dir='ltr'><strong>iesu</strong></span> <span class='ocrx_word' id='word_1_658' title='bbox 3300 4388 3495 4477; x_wconf 76' lang='lat' dir='ltr'><strong>nomen</strong></span> 
     </span>
    </p>
   </div>
   <div class='ocr_carea' id='block_1_90' title="bbox 247 4480 1820 4553">
    <p class='ocr_par' dir='ltr' id='par_1_90' title="bbox 247 4480 1820 4553">
     <span class='ocr_line' id='line_1_91' title="bbox 247 4480 1820 4553; baseline 0.001 -18"><span class='ocrx_word' id='word_1_659' title='bbox 247 4483 452 4536; x_wconf 69' lang='grc' dir='ltr'><strong>νοεῖται</strong></span> <span class='ocrx_word' id='word_1_660' title='bbox 480 4481 651 4550; x_wconf 88' lang='grc' dir='ltr'><strong>Λόγος</strong></span> <span class='ocrx_word' id='word_1_661' title='bbox 670 4499 685 4513; x_wconf 80' lang='grc' dir='ltr'><strong>ο</strong></span> <span class='ocrx_word' id='word_1_662' title='bbox 716 4480 830 4536; x_wconf 84' lang='grc' dir='ltr'><strong>ἀλλ’</strong></span> <span class='ocrx_word' id='word_1_663' title='bbox 853 4483 941 4536; x_wconf 84' lang='grc' dir='ltr'><strong>ὅτε</strong></span> <span class='ocrx_word' id='word_1_664' title='bbox 978 4482 1202 4552; x_wconf 80' lang='grc' dir='ltr'><strong>γέγονεν</strong></span> <span class='ocrx_word' id='word_1_665' title='bbox 1238 4482 1544 4553; x_wconf 78' lang='grc' dir='ltr'><strong>ἄνθρωπος,</strong></span> <span class='ocrx_word' id='word_1_666' title='bbox 1576 4482 1695 4537; x_wconf 86' lang='grc' dir='ltr'><strong>τότε</strong></span> <span class='ocrx_word' id='word_1_667' title='bbox 1723 4485 1820 4538; x_wconf 75' lang='grc' dir='ltr'><strong>καὶ</strong></span> 
     </span>
    </p>
   </div>
   <div class='ocr_carea' id='block_1_91' title="bbox 250 4573 1819 4647">
    <p class='ocr_par' dir='ltr' id='par_1_91' title="bbox 250 4573 1819 4647">
     <span class='ocr_line' id='line_1_92' title="bbox 250 4573 1819 4647; baseline 0.002 -19"><span class='ocrx_word' id='word_1_668' title='bbox 250 4573 562 4645; x_wconf 79' lang='grc' dir='ltr'><strong>ὠνόμασται</strong></span> <span class='ocrx_word' id='word_1_669' title='bbox 589 4574 818 4644; x_wconf 83' lang='grc' dir='ltr'><strong>Χριστὸς</strong></span> <span class='ocrx_word' id='word_1_670' title='bbox 858 4574 1083 4647; x_wconf 86' lang='grc' dir='ltr'><strong>Ἰησοῦς.</strong></span> <span class='ocrx_word' id='word_1_671' title='bbox 1110 4576 1240 4628; x_wconf 88' lang='grc' dir='ltr'><strong>Ὅτε</strong></span> <span class='ocrx_word' id='word_1_672' title='bbox 1268 4576 1448 4629; x_wconf 90' lang='grc' dir='ltr'><strong>τοίνυν</strong></span> <span class='ocrx_word' id='word_1_673' title='bbox 1479 4575 1641 4639; x_wconf 83' lang='grc' dir='ltr'><strong>αὑτός</strong></span> <span class='ocrx_word' id='word_1_674' title='bbox 1671 4575 1819 4631; x_wconf 84' lang='grc' dir='ltr'><strong>ἐστιν</strong></span> 
     </span>
    </p>
   </div>
   <div class='ocr_carea' id='block_1_92' title="bbox 248 4663 1825 4742">
    <p class='ocr_par' dir='ltr' id='par_1_92' title="bbox 248 4663 1825 4742">
     <span class='ocr_line' id='line_1_93' title="bbox 248 4663 1825 4742; baseline 0.004 -24"><span class='ocrx_word' id='word_1_675' title='bbox 248 4663 505 4734; x_wconf 88' lang='grc' dir='ltr'><strong>ἀληθινὸς</strong></span> <span class='ocrx_word' id='word_1_676' title='bbox 535 4664 689 4731; x_wconf 87' lang='grc' dir='ltr'><strong>Θεὸς,</strong></span> <span class='ocrx_word' id='word_1_677' title='bbox 720 4668 817 4720; x_wconf 73' lang='grc' dir='ltr'><strong>καὶ</strong></span> <span class='ocrx_word' id='word_1_678' title='bbox 846 4666 959 4737; x_wconf 80' lang='grc' dir='ltr'><strong>ζωὴ</strong></span> <span class='ocrx_word' id='word_1_679' title='bbox 984 4666 1225 4733; x_wconf 76' lang='grc' dir='ltr'><strong>αἰώνιος,</strong></span> <span class='ocrx_word' id='word_1_680' title='bbox 1258 4667 1342 4732; x_wconf 90' lang='grc' dir='ltr'><strong>τίς</strong></span> <span class='ocrx_word' id='word_1_681' title='bbox 1370 4668 1479 4723; x_wconf 90' lang='grc' dir='ltr'><strong>τῶν</strong></span> <span class='ocrx_word' id='word_1_682' title='bbox 1505 4669 1667 4742; x_wconf 71' lang='grc' dir='ltr'><strong>ἔτερα</strong></span> <span class='ocrx_word' id='word_1_683' title='bbox 1693 4686 1825 4741; x_wconf 86' lang='grc' dir='ltr'><strong>φρο-</strong></span> 
     </span>
    </p>
   </div>
   <div class='ocr_carea' id='block_1_93' title="bbox 247 4752 796 4819">
    <p class='ocr_par' dir='ltr' id='par_1_93' title="bbox 247 4752 796 4819">
     <span class='ocr_line' id='line_1_94' title="bbox 247 4752 796 4819; baseline -0.004 -13"><span class='ocrx_word' id='word_1_684' title='bbox 247 4752 486 4809; x_wconf 85' lang='grc' dir='ltr'><strong>νούντων</strong></span> <span class='ocrx_word' id='word_1_685' title='bbox 513 4752 796 4819; x_wconf 76' lang='grc' dir='ltr'><strong>ἀνέξεταις</strong></span> 
     </span>
    </p>
   </div>
   <div class='ocr_carea' id='block_1_94' title="bbox 601 4863 1500 4940">
    <p class='ocr_par' dir='ltr' id='par_1_94' title="bbox 601 4863 1500 4940">
     <span class='ocr_line' id='line_1_95' title="bbox 601 4863 1500 4940; baseline 0.009 -22"><span class='ocrx_word' id='word_1_686' title='bbox 601 4867 696 4920; x_wconf 83' lang='grc' dir='ltr'><strong>Ἐκ</strong></span> <span class='ocrx_word' id='word_1_687' title='bbox 728 4863 840 4934; x_wconf 82' lang='grc' dir='ltr'><strong>τῆς</strong></span> <span class='ocrx_word' id='word_1_688' title='bbox 879 4866 1067 4920; x_wconf 82' lang='grc' dir='ltr'><strong>Ἰούδα</strong></span> <span class='ocrx_word' id='word_1_689' title='bbox 1118 4867 1500 4940; x_wconf 75' lang='grc' dir='ltr'><strong>Ἐπιστολῆς.</strong></span> 
     </span>
    </p>
   </div>
   <div class='ocr_carea' id='block_1_95' title="bbox 332 4978 1821 5055">
    <p class='ocr_par' dir='ltr' id='par_1_95' title="bbox 332 4978 1821 5055">
     <span class='ocr_line' id='line_1_96' title="bbox 332 4978 1821 5055; baseline 0.006 -24"><span class='ocrx_word' id='word_1_690' title='bbox 332 4999 355 5031; x_wconf 73' lang='grc' dir='ltr'><strong>σ</strong></span> <span class='ocrx_word' id='word_1_691' title='bbox 386 4979 575 5033; x_wconf 83' lang='grc' dir='ltr'><strong>Πᾶσαν</strong></span> <span class='ocrx_word' id='word_1_692' title='bbox 625 4978 857 5050; x_wconf 84' lang='grc' dir='ltr'><strong>σπουδὴν</strong></span> <span class='ocrx_word' id='word_1_693' title='bbox 914 4978 1233 5049; x_wconf 86' lang='grc' dir='ltr'><strong>ποιούμενος</strong></span> <span class='ocrx_word' id='word_1_694' title='bbox 1277 4979 1372 5033; x_wconf 90' lang='grc' dir='ltr'><strong>τοῦ</strong></span> <span class='ocrx_word' id='word_1_695' title='bbox 1421 4982 1657 5054; x_wconf 79' lang='grc' dir='ltr'><strong>γράφειν</strong></span> <span class='ocrx_word' id='word_1_696' title='bbox 1693 4984 1821 5055; x_wconf 81' lang='grc' dir='ltr'><strong>ύμῖν</strong></span> 
     </span>
    </p>
   </div>
   <div class='ocr_carea' id='block_1_96' title="bbox 244 5068 1821 5145">
    <p class='ocr_par' dir='ltr' id='par_1_96' title="bbox 244 5068 1821 5145">
     <span class='ocr_line' id='line_1_97' title="bbox 244 5068 1821 5145; baseline 0.004 -21"><span class='ocrx_word' id='word_1_697' title='bbox 244 5070 382 5140; x_wconf 74' lang='grc' dir='ltr'><strong>περὶ</strong></span> <span class='ocrx_word' id='word_1_698' title='bbox 425 5069 525 5142; x_wconf 91' lang='grc' dir='ltr'><strong>τῆς</strong></span> <span class='ocrx_word' id='word_1_699' title='bbox 573 5068 761 5140; x_wconf 83' lang='grc' dir='ltr'><strong>κοινῆς</strong></span> <span class='ocrx_word' id='word_1_700' title='bbox 808 5069 960 5140; x_wconf 77' lang='grc' dir='ltr'><strong>ὑμῶν</strong></span> <span class='ocrx_word' id='word_1_701' title='bbox 1011 5069 1316 5141; x_wconf 84' lang='grc' dir='ltr'><strong>σωτηρίας,</strong></span> <span class='ocrx_word' id='word_1_702' title='bbox 1367 5072 1612 5145; x_wconf 86' lang='grc' dir='ltr'><strong>ἀνάγκην</strong></span> <span class='ocrx_word' id='word_1_703' title='bbox 1665 5074 1821 5145; x_wconf 78' lang='grc' dir='ltr'><strong>ἔσχον</strong></span> 
     </span>
    </p>
   </div>
   <div class='ocr_carea' id='block_1_97' title="bbox 242 5158 1822 5237">
    <p class='ocr_par' dir='ltr' id='par_1_97' title="bbox 242 5158 1822 5237">
     <span class='ocr_line' id='line_1_98' title="bbox 242 5158 1822 5237; baseline 0.003 -23"><span class='ocrx_word' id='word_1_704' title='bbox 242 5158 463 5232; x_wconf 79' lang='grc' dir='ltr'><strong>γράψαι</strong></span> <span class='ocrx_word' id='word_1_705' title='bbox 506 5161 654 5233; x_wconf 82' lang='grc' dir='ltr'><strong>ύμῖν,</strong></span> <span class='ocrx_word' id='word_1_706' title='bbox 698 5160 1031 5233; x_wconf 83' lang='grc' dir='ltr'><strong>παρακαλῶν</strong></span> <span class='ocrx_word' id='word_1_707' title='bbox 1077 5161 1512 5232; x_wconf 80' lang='grc' dir='ltr'><strong>ἐπαγωνίζεσθαι</strong></span> <span class='ocrx_word' id='word_1_708' title='bbox 1565 5167 1631 5237; x_wconf 79' lang='grc' dir='ltr'><strong>τῇ</strong></span> <span class='ocrx_word' id='word_1_709' title='bbox 1676 5165 1822 5232; x_wconf 78' lang='grc' dir='ltr'><strong>ἅπαξ</strong></span> 
     </span>
    </p>
   </div>
   <div class='ocr_carea' id='block_1_98' title="bbox 1927 4498 3494 4569">
    <p class='ocr_par' dir='ltr' id='par_1_98' title="bbox 1927 4498 3494 4569">
     <span class='ocr_line' id='line_1_99' title="bbox 1927 4498 3494 4569; baseline 0.009 -17"><span class='ocrx_word' id='word_1_710' title='bbox 1927 4505 2056 4553; x_wconf 91' lang='lat' dir='ltr'><strong>tunc</strong></span> <span class='ocrx_word' id='word_1_711' title='bbox 2094 4498 2308 4553; x_wconf 91' lang='lat' dir='ltr'><strong>demum</strong></span> <span class='ocrx_word' id='word_1_712' title='bbox 2354 4499 2602 4556; x_wconf 87' lang='lat' dir='ltr'><strong>sortitum</strong></span> <span class='ocrx_word' id='word_1_713' title='bbox 2634 4511 2737 4569; x_wconf 88' lang='lat' dir='ltr'><strong>est,</strong></span> <span class='ocrx_word' id='word_1_714' title='bbox 2771 4519 2893 4559; x_wconf 91' lang='lat' dir='ltr'><strong>cum</strong></span> <span class='ocrx_word' id='word_1_715' title='bbox 2934 4506 3095 4562; x_wconf 88' lang='lat' dir='ltr'><strong>homo</strong></span> <span class='ocrx_word' id='word_1_716' title='bbox 3136 4507 3335 4565; x_wconf 81' lang='lat' dir='ltr'><strong>factum</strong></span> <span class='ocrx_word' id='word_1_717' title='bbox 3392 4521 3494 4567; x_wconf 90' lang='lat' dir='ltr'><strong>est.</strong></span> 
     </span>
    </p>
   </div>
   <div class='ocr_carea' id='block_1_99' title="bbox 1928 4587 3497 4672">
    <p class='ocr_par' dir='ltr' id='par_1_99' title="bbox 1928 4587 3497 4672">
     <span class='ocr_line' id='line_1_100' title="bbox 1928 4587 3497 4672; baseline 0.008 -27"><span class='ocrx_word' id='word_1_718' title='bbox 1928 4587 2063 4645; x_wconf 90' lang='lat' dir='ltr'><strong>Cum</strong></span> <span class='ocrx_word' id='word_1_719' title='bbox 2094 4590 2210 4660; x_wconf 90' lang='lat' dir='ltr'><strong>ipse</strong></span> <span class='ocrx_word' id='word_1_720' title='bbox 2235 4590 2397 4661; x_wconf 88' lang='lat' dir='ltr'><strong>igitur</strong></span> <span class='ocrx_word' id='word_1_721' title='bbox 2424 4608 2582 4648; x_wconf 83' lang='lat' dir='ltr'><strong>verus</strong></span> <span class='ocrx_word' id='word_1_722' title='bbox 2611 4593 2681 4649; x_wconf 87' lang='lat' dir='ltr'><strong>sit</strong></span> <span class='ocrx_word' id='word_1_723' title='bbox 2702 4595 2865 4662; x_wconf 91' lang='lat' dir='ltr'><strong>Deus,</strong></span> <span class='ocrx_word' id='word_1_724' title='bbox 2904 4607 2958 4653; x_wconf 92' lang='lat' dir='ltr'><strong>et</strong></span> <span class='ocrx_word' id='word_1_725' title='bbox 2984 4600 3106 4655; x_wconf 79' lang='lat' dir='ltr'><strong>vita</strong></span> <span class='ocrx_word' id='word_1_726' title='bbox 3133 4610 3353 4668; x_wconf 84' lang='lat' dir='ltr'><strong>aeterna,</strong></span> <span class='ocrx_word' id='word_1_727' title='bbox 3376 4603 3497 4672; x_wconf 91' lang='lat' dir='ltr'><strong>quis</strong></span> 
     </span>
    </p>
   </div>
   <div class='ocr_carea' id='block_1_100' title="bbox 1923 4682 2737 4755">
    <p class='ocr_par' dir='ltr' id='par_1_100' title="bbox 1923 4682 2737 4755">
     <span class='ocr_line' id='line_1_101' title="bbox 1923 4682 2737 4755; baseline 0.004 -18"><span class='ocrx_word' id='word_1_728' title='bbox 1923 4696 2081 4739; x_wconf 90' lang='lat' dir='ltr'><strong>secus</strong></span> <span class='ocrx_word' id='word_1_729' title='bbox 2105 4682 2344 4739; x_wconf 88' lang='lat' dir='ltr'><strong>sentiens</strong></span> <span class='ocrx_word' id='word_1_730' title='bbox 2364 4683 2506 4741; x_wconf 80' lang='lat' dir='ltr'><strong>ferre</strong></span> <span class='ocrx_word' id='word_1_731' title='bbox 2536 4686 2737 4755; x_wconf 79' lang='lat' dir='ltr'><strong>queat?</strong></span> 
     </span>
    </p>
   </div>
   <div class='ocr_carea' id='block_1_101' title="bbox 2457 4880 3003 4951">
    <p class='ocr_par' dir='ltr' id='par_1_101' title="bbox 2457 4880 3003 4951">
     <span class='ocr_line' id='line_1_102' title="bbox 2457 4880 3003 4951; baseline 0.015 -17"><span class='ocrx_word' id='word_1_732' title='bbox 2457 4880 2540 4936; x_wconf 84' lang='lat' dir='ltr'><strong>Ea:</strong></span> <span class='ocrx_word' id='word_1_733' title='bbox 2558 4880 2798 4951; x_wconf 84' lang='lat' dir='ltr'><strong>Epistala</strong></span> <span class='ocrx_word' id='word_1_734' title='bbox 2825 4887 3003 4945; x_wconf 70' lang='lat' dir='ltr'><strong>Iudae.</strong></span> 
     </span>
    </p>
   </div>
   <div class='ocr_carea' id='block_1_102' title="bbox 2001 4992 3495 5069">
    <p class='ocr_par' dir='ltr' id='par_1_102' title="bbox 2001 4992 3495 5069">
     <span class='ocr_line' id='line_1_103' title="bbox 2001 4992 3495 5069; baseline 0.015 -23"><span class='ocrx_word' id='word_1_735' title='bbox 2001 5012 2022 5046; x_wconf 73' lang='grc' dir='ltr'><strong>ι</strong></span> <span class='ocrx_word' id='word_1_736' title='bbox 2056 4992 2282 5051; x_wconf 87' lang='lat' dir='ltr'><strong>Omnem</strong></span> <span class='ocrx_word' id='word_1_737' title='bbox 2317 4996 2734 5055; x_wconf 83' lang='lat' dir='ltr'><strong>sollicitudinem</strong></span> <span class='ocrx_word' id='word_1_738' title='bbox 2782 5002 2987 5059; x_wconf 77' lang='lat' dir='ltr'><strong>faciens</strong></span> <span class='ocrx_word' id='word_1_739' title='bbox 3034 5006 3307 5064; x_wconf 85' lang='lat' dir='ltr'><strong>scribendi</strong></span> <span class='ocrx_word' id='word_1_740' title='bbox 3342 5011 3495 5069; x_wconf 85' lang='lat' dir='ltr'><strong>vobis</strong></span> 
     </span>
    </p>
   </div>
   <div class='ocr_carea' id='block_1_103' title="bbox 1930 5084 3496 5158">
    <p class='ocr_par' dir='ltr' id='par_1_103' title="bbox 1930 5084 3496 5158">
     <span class='ocr_line' id='line_1_104' title="bbox 1930 5084 3496 5158; baseline 0.014 -22"><span class='ocrx_word' id='word_1_741' title='bbox 1930 5084 1995 5136; x_wconf 92' lang='lat' dir='ltr'><strong>de</strong></span> <span class='ocrx_word' id='word_1_742' title='bbox 2036 5084 2306 5139; x_wconf 88' lang='lat' dir='ltr'><strong>communi</strong></span> <span class='ocrx_word' id='word_1_743' title='bbox 2339 5095 2518 5141; x_wconf 90' lang='lat' dir='ltr'><strong>vestra</strong></span> <span class='ocrx_word' id='word_1_744' title='bbox 2569 5090 2761 5155; x_wconf 81' lang='lat' dir='ltr'><strong>salute,</strong></span> <span class='ocrx_word' id='word_1_745' title='bbox 2791 5106 3013 5149; x_wconf 87' lang='lat' dir='ltr'><strong>necesse</strong></span> <span class='ocrx_word' id='word_1_746' title='bbox 3048 5096 3210 5153; x_wconf 87' lang='lat' dir='ltr'><strong>habui</strong></span> <span class='ocrx_word' id='word_1_747' title='bbox 3258 5101 3496 5158; x_wconf 85' lang='lat' dir='ltr'><strong>scribere</strong></span> 
     </span>
    </p>
   </div>
   <div class='ocr_carea' id='block_1_104' title="bbox 1929 5174 3491 5252">
    <p class='ocr_par' dir='ltr' id='par_1_104' title="bbox 1929 5174 3491 5252">
     <span class='ocr_line' id='line_1_105' title="bbox 1929 5174 3491 5252; baseline 0.015 -24"><span class='ocrx_word' id='word_1_748' title='bbox 1929 5174 2101 5243; x_wconf 89' lang='lat' dir='ltr'><strong>vobis,</strong></span> <span class='ocrx_word' id='word_1_749' title='bbox 2150 5177 2443 5248; x_wconf 86' lang='lat' dir='ltr'><strong>deprecans</strong></span> <span class='ocrx_word' id='word_1_750' title='bbox 2492 5180 2602 5250; x_wconf 79' lang='lat'><strong>78</strong></span> <span class='ocrx_word' id='word_1_751' title='bbox 2653 5194 3031 5252; x_wconf 88' lang='lat' dir='ltr'><strong>supercertare</strong></span> <span class='ocrx_word' id='word_1_752' title='bbox 3070 5190 3237 5247; x_wconf 86' lang='lat' dir='ltr'><strong>semel</strong></span> <span class='ocrx_word' id='word_1_753' title='bbox 3281 5195 3491 5250; x_wconf 70' lang='lat' dir='ltr'><strong>traditas</strong></span> 
     </span>
    </p>
   </div>
   <div class='ocr_carea' id='block_1_105' title="bbox 326 5334 1814 5424">
    <p class='ocr_par' dir='ltr' id='par_1_105' title="bbox 326 5334 1761 5407">
     <span class='ocr_line' id='line_1_106' title="bbox 326 5334 1761 5407; baseline 0.004 -17"><span class='ocrx_word' id='word_1_754' title='bbox 326 5334 376 5369; x_wconf 79' lang='grc'><strong>⁷³</strong></span> <span class='ocrx_word' id='word_1_755' title='bbox 408 5335 537 5392; x_wconf 86' lang='lat' dir='ltr'><strong>ibid.</strong></span> <span class='ocrx_word' id='word_1_756' title='bbox 578 5336 634 5404; x_wconf 75' lang='grc'><strong>5,</strong></span> <span class='ocrx_word' id='word_1_757' title='bbox 658 5336 713 5392; x_wconf 69' lang='grc'><strong>4.</strong></span> <span class='ocrx_word' id='word_1_758' title='bbox 789 5336 990 5393; x_wconf 86' lang='lat' dir='ltr'><strong>&quot;ibid.</strong></span> <span class='ocrx_word' id='word_1_759' title='bbox 1016 5337 1106 5407; x_wconf 89' lang='grc'><strong>10,</strong></span> <span class='ocrx_word' id='word_1_760' title='bbox 1134 5339 1220 5395; x_wconf 82' lang='grc'><strong>11.</strong></span> <span class='ocrx_word' id='word_1_761' title='bbox 1297 5340 1343 5373; x_wconf 76' lang='grc'><strong>⁸⁸</strong></span> <span class='ocrx_word' id='word_1_762' title='bbox 1367 5339 1412 5395; x_wconf 85' lang='lat' dir='ltr'><strong>ll</strong></span> <span class='ocrx_word' id='word_1_763' title='bbox 1444 5341 1589 5398; x_wconf 86' lang='lat' dir='ltr'><strong>Petr.</strong></span> <span class='ocrx_word' id='word_1_764' title='bbox 1618 5358 1679 5407; x_wconf 87' lang='grc' dir='ltr'><strong>ιι,</strong></span> <span class='ocrx_word' id='word_1_765' title='bbox 1711 5343 1761 5397; x_wconf 88' lang='grc'><strong>1.</strong></span> 
     </span>
    </p>
   </div>
   <div class='ocr_carea' id='block_1_106' title="bbox 1926 5334 2852 5424">
    <p class='ocr_par' dir='ltr' id='par_1_106' title="bbox 1926 5344 2852 5424">
     <span class='ocr_line' id='line_1_107' title="bbox 1926 5344 2852 5424; baseline 0.018 -27"><span class='ocrx_word' id='word_1_766' title='bbox 1926 5348 1928 5397; x_wconf 84' lang='grc' dir='ltr'><strong><em>ῖ</em></strong></span> <span class='ocrx_word' id='word_1_767' title='bbox 1959 5344 2104 5403; x_wconf 86' lang='lat' dir='ltr'><strong>Petr.</strong></span> <span class='ocrx_word' id='word_1_768' title='bbox 2138 5364 2176 5416; x_wconf 88' lang='grc' dir='ltr'><strong>ι,</strong></span> <span class='ocrx_word' id='word_1_769' title='bbox 2215 5349 2301 5405; x_wconf 82' lang='grc'><strong>18.</strong></span> <span class='ocrx_word' id='word_1_770' title='bbox 2377 5351 2424 5383; x_wconf 83' lang='grc'><strong>⁸¹</strong></span> <span class='ocrx_word' id='word_1_771' title='bbox 2448 5350 2466 5405; x_wconf 90' lang='grc'><strong>1</strong></span> <span class='ocrx_word' id='word_1_772' title='bbox 2494 5350 2652 5410; x_wconf 77' lang='lat' dir='ltr'><strong>Joan.</strong></span> <span class='ocrx_word' id='word_1_773' title='bbox 2682 5372 2735 5424; x_wconf 93' lang='lat' dir='ltr'><strong>v,</strong></span> <span class='ocrx_word' id='word_1_774' title='bbox 2761 5355 2852 5413; x_wconf 75' lang='lat'><strong>20.</strong></span> 
     </span>
    </p>
   </div>
   <div class='ocr_carea' id='block_1_107' title="bbox 1324 5494 2397 5571">
    <p class='ocr_par' dir='ltr' id='par_1_107' title="bbox 1324 5494 2397 5571">
     <span class='ocr_line' id='line_1_108' title="bbox 1324 5494 2397 5571; baseline 0.007 -20"><span class='ocrx_word' id='word_1_775' title='bbox 1324 5494 1499 5555; x_wconf 66' lang='lat' dir='ltr'><strong>Variae</strong></span> <span class='ocrx_word' id='word_1_776' title='bbox 1521 5497 1779 5557; x_wconf 85' lang='lat' dir='ltr'><strong>lectiones</strong></span> <span class='ocrx_word' id='word_1_777' title='bbox 1809 5500 2009 5557; x_wconf 88' lang='lat' dir='ltr'><strong>codicis</strong></span> <span class='ocrx_word' id='word_1_778' title='bbox 2043 5500 2397 5571; x_wconf 82' lang='lat' dir='ltr'><strong>Seguieriani.</strong></span> 
     </span>
    </p>
   </div>
   <div class='ocr_carea' id='block_1_108' title="bbox 332 5650 895 5716">
    <p class='ocr_par' dir='ltr' id='par_1_108' title="bbox 332 5650 895 5716">
     <span class='ocr_line' id='line_1_109' title="bbox 332 5650 895 5716; baseline 0.002 -13"><span class='ocrx_word' id='word_1_779' title='bbox 332 5662 360 5691; x_wconf 78' lang='grc' dir='ltr'>ι</span> <span class='ocrx_word' id='word_1_780' title='bbox 387 5650 587 5716; x_wconf 61' lang='grc' dir='ltr'><strong>ζῶσαν.</strong></span> <span class='ocrx_word' id='word_1_781' title='bbox 662 5651 691 5691; x_wconf 71' lang='grc' dir='ltr'>δ</span> <span class='ocrx_word' id='word_1_782' title='bbox 723 5650 895 5705; x_wconf 84' lang='grc' dir='ltr'><strong>Θεῖον.</strong></span> 
     </span>
    </p>
   </div>
   <div class='ocr_carea' id='block_1_109' title="bbox 538 5746 1279 5811">
    <p class='ocr_par' dir='ltr' id='par_1_109' title="bbox 538 5746 1279 5811">
     <span class='ocr_line' id='line_1_110' title="bbox 538 5746 1279 5811; baseline 0.004 -4"><span class='ocrx_word' id='word_1_783' title='bbox 538 5747 789 5807; x_wconf 77' lang='grc' dir='ltr'><strong>ΡΑτηοι</strong></span> <span class='ocrx_word' id='word_1_784' title='bbox 841 5746 962 5809; x_wconf 77' lang='lat' dir='ltr'><strong>Gn.</strong></span> <span class='ocrx_word' id='word_1_785' title='bbox 1003 5746 1279 5811; x_wconf 81' lang='lat' dir='ltr'><strong>LXXVI.</strong></span> 
     </span>
    </p>
   </div>
   <div class='ocr_carea' id='block_1_110' title="bbox 3169 5768 3245 5832">
    <p class='ocr_par' dir='ltr' id='par_1_110' title="bbox 3169 5768 3245 5832">
     <span class='ocr_line' id='line_1_111' title="bbox 3169 5768 3245 5832; baseline -0.013 0"><span class='ocrx_word' id='word_1_786' title='bbox 3169 5768 3245 5832; x_wconf 74' lang='lat' dir='ltr'><strong>4O</strong></span> 
     </span>
    </p>
   </div>
  </div>
