3910 6200
292 242 423 300 i261

1380 250 1473 307 DE
1510 252 1741 309 RECTA
1782 253 1939 312 FIDE
1975 258 2066 312 AD
2108 260 2424 318 REGINAS.

3399 270 3420 325 Ι
3432 268 3538 324 963

289 358 414 428 γῆς,
440 355 576 413 ίδίαν
599 353 740 413 εἷναί
770 378 949 433 φαμεν
978 363 1074 417 ἀνθ
1083 363 1286 436 ρώπου.
1308 366 1441 420 Θεοῦ
1470 369 1581 440 γὰρ
1602 369 1671 423 τὰ
1689 372 1840 427 πάντι

1972 383 2113 432 terra
2163 386 2403 448 agentes,
2441 378 2675 434 hominis
2712 381 2985 450 propriam
3042 393 3162 438 esse
3201 385 3537 439 concesseri—

283 450 419 517 ἐστὶ,
450 451 545 506 καὶ
571 452 722 524 αὐτῷ
761 457 855 509 καὶ
897 456 1043 528 μόνῳ
1084 459 1284 530 πρέπει
1332 461 1392 514 τὸ
1424 463 1482 516 ὲν
1518 464 1659 536 ἁγίῳ
1691 466 1862 520 Πνεῦ-

286 562 412 615 ματι
444 543 728 615 βαπτίζειν
772 547 1032 603 δύνασθαι
1079 552 1202 616 τοὺς
1252 554 1628 621 πιστεύοντας.
1673 559 1861 631 Ἐνήρ-

283 649 419 704 γηκε
452 634 507 687 δέ
546 636 703 689 τοῦτο
746 638 981 706 Χριστὸς
1021 641 1050 694 6
1090 643 1229 714 μετὰ
1273 647 1527 720 Ἰωάννην
1566 651 1860 722 ἐρχόμενος

283 726 655 820 καᾲτάΑσάρκα,
682 729 807 820 ᾕτοι
838 731 929 784 τὸν
956 733 1058 802 τῆς
1091 737 1292 806 σαρκὸς
1338 739 1549 820 χρόνον.
1580 742 1774 807 -Αὑτὸς
1802 742 1862 797 δὲ

281 817 371 871 καὶ
395 817 493 887 τὴν
515 818 704 872 ἑαυτοῦ
735 819 918 875 eum
960 824 1266 896 καθαρίζει.
1300 828 1431 892 Θεὸς
1460 817 1553 885 οὖν
1581 832 1689 902 ἄρα
1712 832 1859 889 ἐστὶν

281 904 507 976 ἀληθής.

352 1015 372 1047 ι
419 995 529 1048 Καὶ
561 995 672 1049 ἰδοὺ
702 996 903 1068 λεπρὸς
930 1001 1261 1071 προσελθὼν,
1291 1006 1615 1076 προσεκύνει
1642 1009 1852 1078 λέγων*

282 1085 472 1157 Κύριε,
525 1087 620 1140 ἐὰν
668 1088 848 1161 θέλῃς,
882 1091 1108 1146 δύνασαί
1141 1113 1208 1165 με
1255 1097 1569 1169 καθαρίσαι.
1609 1103 1721 1156 Καὶ
1767 1104 1859 1156 ἐκ-

278 1178 455 1240 τείνας
495 1178 596 1249 τὴν
640 1183 821 1251 χεῖρα,
868 1182 1047 1253 ἥψατο
1083 1188 1271 1255 αὐτοῦ,
1306 1189 1511 1259 λέγων·
1546 1192 1714 1259 Θέλω,
1753 1211 1856 1249 κα-

278 1265 578 1336 θαρίσθητι.
609 1270 717 1321 Καὶ
747 1271 952 1337 εὐθέως
979 1275 1314 1349 ἐκαθαρίσθη
1343 1281 1507 1335 αὐτοῦ
1539 1284 1571 1354 ἡ
1602 1283 1799 1355 λέπρα.
1827 1303 1847 1337 ι

277 1358 347 1410 Τὸ
372 1360 613 1428 ἐνεργεῖν
651 1359 907 1416 δύνασθαι
927 1363 1379 1437 θεοπρεπῶς,οὐκ
1397 1373 1524 1427 ἴδιον
1541 1374 1853 1447 ἀνθρώπου,

277 1449 411 1521 αὐτῇ
431 1449 487 1502 δὲ
509 1450 705 1520 μᾶλλον
728 1452 965 1507 ἐποιεῖτο
990 1454 1235 1529 [πρέποι]
1258 1459 1321 1512 ἂν
1344 1462 1437 1514 καὶ
1461 1462 1593 1534 μόνῃ
1618 1466 1684 1534 τῇ
1718 1464 1856 1517 πάν-

274 1559 380 1597 των
411 1542 664 1596 ἐπέκεινα
699 1542 879 1612 φύσει.
922 1548 1164 1619 Ἐνεργεῖ
1193 1550 1251 1603 δὲ
1285 1550 1426 1605 οὕτω
1454 1555 1714 1625 Χριστός·
1756 1558 1855 1611 οὐκ

198 1660 207 1665 ο
274 1633 381 1705 ἄρα
422 1633 576 1703 ψιλὸς
621 1635 907 1706 ἄνθρωπος
950 1638 1078 1692 καθ’
1117 1642 1285 1711 ἡμᾶς,
1321 1642 1452 1707 Θεὸς
1479 1645 1535 1698 δὲ
1567 1645 1767 1716 μᾶλλον
1795 1647 1854 1701 ἐν

1965 482 2085 523 mus
2111 486 2123 523 :
2155 483 2281 523 nam
2313 469 2497 524 omnia
2536 469 2704 525 solius
2727 469 2820 526 Dei
2844 481 2991 541 sunt,
3043 473 3251 544 ipsique
3282 474 3379 530 soli
3410 489 3535 530 con-

1964 560 2110 629 gruit
2159 559 2303 626 illos,
2347 560 2439 631 qui
2487 562 2744 629 credunt,
2791 562 2844 617 in
2895 562 3102 635 Spiritu
3140 574 3329 621 sancto
3375 581 3536 637 posse

1962 649 2262 720 baptizare.
2300 651 2463 721 Atqui
2510 653 2783 721 Christus,
2829 655 2921 724 qui
2968 658 3261 711 secundum
3311 672 3531 712 carnem

1960 750 2083 810 post
2102 740 2362 798 Joannem
2387 743 2658 810 veniebat,
2685 753 2931 814 potenter
2957 747 3044 802 isti
3080 751 3193 802 bzec
3221 748 3530 817 praestabat,

1962 830 2212 903 idemque
2260 848 2413 889 suam
2465 849 2679 904 quoque
2715 851 2899 893 aream
2956 839 3300 906 permundat.
3357 838 3532 894 Verus

1959 920 2142 991 itaque
2174 924 2314 980 Deus
2346 935 2429 980 est
2457 925 2724 981 Christus.

2036 1029 2056 1063 ι
2093 1012 2156 1066 Et
2191 1026 2319 1069 ecce
2368 1013 2616 1085 leprosus
2661 1015 2886 1071 veniens
2941 1016 3200 1072 adorabat
3251 1031 3408 1082 eum,
3450 1015 3533 1071 di-

1959 1118 2090 1158 cens
2118 1120 2131 1157 :
2157 1104 2405 1170 Domine,
2437 1106 2482 1160 si
2516 1106 2617 1173 vis,
2650 1118 2804 1175 potes
2837 1122 2923 1162 me
2953 1108 3317 1163 mundare.Et
3346 1119 3532 1164 exten-

1958 1193 2091 1249 dens
2137 1194 2295 1250 Jesus
2341 1212 2579 1262 manum,
2629 1199 2800 1268 tetigit
2854 1214 3007 1265 eum,
3066 1200 3297 1255 dicens:
3360 1199 3528 1266 Volo,

1957 1290 2239 1343 mundare.
2281 1290 2347 1345 Et
2377 1290 2660 1346 confestim
2693 1293 2947 1345 mundata
2980 1300 3060 1344 est
3090 1291 3237 1361 lepra
3261 1290 3380 1362 ejus
3398 1292 3463 1346 ⁸⁸.
3506 1314 3525 1344 ι

1953 1376 2103 1446 Opus
2133 1379 2370 1434 divinum
2397 1380 2596 1446 moliri,
2631 1395 2736 1433 nou
2774 1388 2862 1434 est
2902 1381 3098 1435 virium
3145 1381 3525 1436 humanarum.

1954 1470 2221 1526 Convenit
2260 1472 2311 1525 id
2347 1482 2529 1527 autem
2557 1471 2608 1525 in
2643 1472 2940 1541 principem
2976 1474 3216 1525 omnium
3254 1483 3523 1535 naturam,

1954 1562 2059 1616 hoc
2091 1570 2174 1615 est
2224 1561 2479 1615 divinam.
2534 1562 2697 1630 Atqui
2756 1562 3003 1616 Christus
3048 1562 3310 1631 ejusmodi
3362 1577 3523 1631 opera

1956 1652 2208 1716 molitur;
2240 1666 2345 1706 non
2376 1661 2461 1707 est
2482 1666 2608 1722 ergo
2640 1653 2815 1707 nudus
2858 1653 3041 1720 homo,
3075 1653 3522 1722 quemadmodum

273 1724 586 1797 ἀνθρωπεία
615 1731 822 1798 μορφῇ.
850 1727 1006 1783 Οὕτω
1033 1732 1246 1803 νοήσεις
1276 1735 1370 1787 καὶ
1397 1735 1491 1789 ἐπὶ
1514 1735 1613 1806 τῆς
1642 1737 1840 1809 Πέτροι

1955 1759 2077 1811 nos,
2112 1745 2206 1799 sed
2250 1742 2393 1798 Deus
2433 1744 2724 1798 humanam
2777 1753 3028 1799 naturam
3070 1746 3312 1801 indutus.
3370 1746 3523 1813 Quod

273 1816 558 1887 πενθερᾶς,
608 1819 711 1871 κᾶν
754 1822 869 1884 τοῖς
919 1821 1149 1892 ἀνέμοις
1198 1826 1467 1899 ἐπιτιμῶν
1514 1831 1708 1901 ὁρῷτο,
1759 1832 1853 1886 θα-

272 1907 442 1977 λάσσῃ
471 1925 531 1960 τε
562 1909 654 1962 καὶ
697 1910 906 1966 ὕδασιν.
941 1913 1110 1968 Ὅθεν
1137 1918 1228 1971 καὶ
1253 1920 1302 1971 οἱ
1347 1918 1625 1975 θεσπέσιοι
1674 1924 1852 1996 μαθη-

270 1998 359 2051 ταὶ
391 1998 487 2051 καὶ
531 1999 803 2053 θάλασσαν
833 2003 930 2056 καὶ
977 2004 1213 2077 ἀνέμους
1257 2010 1651 2081 ὑποκειμένους
1679 2016 1848 2086 ὀρῶν-

270 2105 381 2153 τες,
405 2089 783 2159 τεθαυμάκασι
802 2092 1050 2163 λέγοντες
1075 2112 1088 2125 '
1120 2114 1138 2148 ι
1167 2101 1415 2164 Ποταπός
1440 2105 1588 2157 ἐστιν
1608 2099 1795 2172 οὗτος
1822 2125 1841 2160 ι

270 2180 344 2232 οὐ
392 2180 501 2252 γὰρ
552 2176 621 2252 ἦν
654 2181 944 2253 ἀνθρώπου
985 2186 1142 2258 ψιλοῦ
1195 2189 1265 2242 τά
1317 2191 1541 2245 τοιαῦτα
1587 2193 1847 2251 δύνασθαι

268 2272 423 2344 δρᾷν.
457 2272 591 2338 Θεὸς
636 2267 731 2328 οὖν
775 2276 885 2347 ἄρα
931 2276 1072 2332 κατά
1102 2280 1295 2333 ταυτὸν
1348 2282 1443 2336 καὶ
1488 2283 1772 2356 ἄνθρωπος
1818 2287 1847 2339 6

214 2420 217 2423 ,
269 2363 521 2438 Χριστός.

340 2659 360 2695 ι
407 2641 471 2694 οι
498 2641 555 2696 δὲ
582 2640 853 2710 δαίμονες,
883 2641 1036 2713 φησι,
1069 2644 1411 2714 παρεκάλουν
1444 2648 1627 2710 αὑτὸν,
1658 2649 1843 2719 λέγον-

268 2749 357 2796 τες
376 2749 390 2764 ·
418 2733 482 2786 Et
525 2732 808 2798 ἐκϐάλλεις
850 2735 1019 2804 ἡμᾶς,
1050 2735 1368 2791 ἀπόστειλον
1393 2741 1541 2810 ἡμᾶς
1572 2751 1595 2779 ο
1636 2742 1717 2805 είς
1744 2742 1842 2815 τὴν

268 2823 467 2894 ἀγέλην
493 2824 602 2878 τῶν
631 2824 850 2895 χοίρων.
899 2826 1009 2878 Καὶ
1039 2822 1191 2879 εἶπεν
1234 2830 1417 2893 αὐτοῖς
1436 2847 1451 2862 ο
1491 2831 1782 2901 Ὑπάγετε.
1817 2853 1836 2886 ι

1952 1836 2020 1890 de
2045 1835 2260 1904 leproso
2298 1834 2558 1889 mundata
2606 1835 2694 1889 hic
2732 1836 2960 1904 dicitur,
2990 1835 3092 1891 hoc
3125 1837 3191 1892 de
3241 1852 3396 1893 socru
3429 1838 3525 1896 Pe-

1954 1927 2046 1995 tri,
2081 1928 2147 1982 de
2180 1926 2356 1981 ventis
2386 1925 2513 1980 item
2559 1936 2614 1980 et
2654 1927 2814 1990 mari,
2851 1927 3031 1997 deque
3062 1929 3221 1982 undis
3267 1943 3402 1997 quas
3442 1930 3526 1981 iu-

1951 2019 2225 2088 crepavit,
2263 2018 2465 2073 dictum
2508 2020 2827 2089 accipiatur.
2873 2020 3055 2087 Quare
3094 2008 3260 2075 divini
3304 2034 3521 2091 quoque

1949 2110 2096 2165 illius
2126 2110 2375 2180 discipuli
2405 2112 2897 2165 animadvertentes
2928 2111 3001 2165 illi
3026 2120 3079 2166 et
3108 2126 3258 2166 mare
3296 2123 3351 2167 et
3388 2126 3521 2167 ven-

1951 2212 2034 2259 tos
2058 2203 2299 2268 obedire,
2338 2203 2713 2258 admirabundi
2760 2202 3019 2257 aiebant:
3059 2221 3078 2255 ‹
3144 2202 3520 2273 Ecqualisnam

1949 2294 2037 2349 hic
2076 2294 2224 2349 est”
2245 2294 2268 2347 ?
2291 2312 2310 2346 ι
2345 2292 2717 2364 Intelligebant
2746 2293 2886 2347 enim
2917 2294 3175 2364 ejusmodi
3231 2309 3392 2363 opera
3422 2309 3516 2363 pa-

1950 2391 2096 2438 trare
2124 2396 2303 2451 posse,
2341 2397 2456 2437 rem
2499 2395 2645 2447 esse,
2677 2396 2795 2451 quae
2844 2383 2969 2436 nudi
3010 2382 3244 2438 hominis
3290 2383 3518 2438 faculta-

1947 2481 2057 2527 tem
2097 2478 2396 2541 superaret.
2437 2469 2689 2526 Christus
2729 2470 2912 2540 itaque
2964 2480 3019 2527 et
3075 2470 3216 2528 Deus
3263 2484 3317 2528 et
3356 2474 3516 2529 homo

1945 2563 2104 2619 simul
2133 2571 2273 2618 erat.

2019 2673 2039 2707 ι
2080 2656 2363 2712 Daemones
2401 2654 2662 2727 rogabant
2716 2669 2839 2711 eum
2865 2697 2881 2723 ,
2920 2655 3207 2712 dicentes:
3261 2657 3317 2712 Si
3353 2658 3515 2727 'ejicis

1944 2761 2064 2813 nos,
2104 2747 2256 2803 mitte
2298 2762 2397 2803 nos
2442 2747 2496 2801 in
2543 2761 2760 2818 gregem
2792 2763 3103 2817 porcorum.
3130 2747 3197 2803 Et
3240 2749 3317 2804 ait
3369 2750 3510 2805 illis.

1941 2838 2054 2908 80
2080 2835 2158 2893 Ite
2180 2838 2248 2892 '°.
2287 2856 2305 2890 ι
2338 2836 2605 2893 Omnibus
2631 2837 2934 2908 previdere,
2964 2848 3266 2909 cunctaque
3294 2854 3515 2896 conser-

268 2916 340 2968 Τὸ
370 2918 616 2985 προνοεῖν
662 2915 770 2968 τῶν
817 2915 973 2981 ὅλων,
1028 2918 1121 2970 καὶ
1156 2916 1350 2983 σώζειν
1391 2921 1554 2984 αὐτὰ.
1586 2924 1729 2988 τίνος
1774 2923 1840 2979 ἂν

272 3007 347 3027 _Q_-
432 3007 544 3027 _‘.1.
619 3007 691 3027 εν-.
757 3006 909 3027 A.!.-,_
966 3008 1051 3027 με*
1124 3026 1127 3027 ,
1180 3011 1225 3027 ,i
1345 3011 1358 3027 1
1494 3014 1517 3027 υ
1676 3017 1709 3027 Α
1777 3017 1799 3027 ο

1949 2946 2094 2995 rare,
2114 2931 2182 2986 ad
2198 2945 2381 3001 quem,
2409 2930 2662 2991 obsecro.
2689 2931 3035 3000 spectat,nisi
3065 2930 3131 2985 ad
3161 2946 3281 2987 eum
3318 2932 3514 3001 solum,

268 3007 374 3076 εἴη,
427 3007 564 3078 πλὴν
616 3007 697 3061 ὅτι
752 3006 913 3079 μόνου
960 3008 1053 3062 τοῦ
1097 3011 1237 3065 κατά
1290 3011 1452 3081 φύσιν
1493 3014 1643 3080 ὄντος
1671 3017 1839 3085 Θεοῦ;

266 3096 425 3151 Οὕτω
460 3098 556 3151 καὶ
598 3100 628 3152 6
672 3100 865 3172 Σωτὴρ
906 3098 1173 3169 ἔφασκεν·
1212 3120 1231 3154 ι
1270 3104 1405 3174 Οὐχὶ
1446 3105 1539 3158 δύο
1588 3107 1843 3179 στρουθία

266 3189 526 3259 ἀσσαρίου
575 3191 901 3258 πωλοῦνται,
948 3194 1042 3246 καὶ
1089 3194 1148 3246 ἓν
1193 3194 1253 3259 ἐξ
1281 3195 1459 3249 αὐτῶν
1488 3198 1547 3251 οὐ
1594 3203 1841 3255 πεσεῖται

266 3281 359 3333 ἐπὶ
396 3280 494 3352 τὴν
518 3282 621 3351 γῆν
650 3281 778 3335 ἄνευ
808 3282 902 3335 τοῦ
934 3284 1148 3354 Πατρὸς
1192 3285 1345 3356 ὑμῶν
1375 3286 1469 3340 τοῦ
1514 3290 1571 3342 ἐν
1607 3292 1721 3354 τοῖς
1749 3292 1839 3344 οὐ-

264 3375 482 3443 ρανοῖς;
520 3372 706 3442 ’Υμῶν
734 3372 792 3425 δὲ
833 3373 928 3426 καὶ
956 3375 1011 3427 αἱ
1041 3374 1225 3445 τρίχες
1253 3379 1351 3448 τῆς
1385 3380 1628 3451 κεφαλῆς
1669 3384 1838 3436 πᾶσαι

262 3461 638 3532 ἠριθμημέναι
662 3462 821 3517 εἰσίν.
860 3481 880 3514 ι
928 3463 1063 3518 Ἰδοὺ
1118 3467 1405 3537 τοιγαροῦν
1431 3470 1701 3542 τοσαύτην
1729 3472 1837 3526 τῶν

261 3550 431 3604 ὄντων
487 3552 747 3621 πρόνοιαν
804 3553 1040 3606 ἐποιεῖτο
1088 3554 1342 3625 Χριστὸς,
1384 3559 1461 3622 ὡς
1510 3560 1585 3631 μὴ
1637 3562 1837 3628 ἐξεῖναι

260 3644 374 3704 τοῖς
418 3640 748 3710 ἀκαθάρτοις
790 3641 1007 3713 δαίμοσι
1044 3645 1180 3714 μηδὲ
1220 3646 1416 3716 χοίρων
1452 3650 1656 3724 ἀγέλης
1689 3654 1836 3724 ἔχειν

260 3732 359 3803 τὴν
389 3731 659 3798 ἐξουσίαν.
696 3732 1079 3805 Παρακληθεὶς
1111 3731 1205 3789 οὖν
1234 3737 1498 3809 ἐπέτρεψε
1534 3742 1707 3811 μόλις,
1736 3745 1837 3799 οὐκ

262 3823 493 3887 ἐκείνοις
526 3822 747 3894 πληρῶν
784 3825 882 3896 τὴν
916 3825 1152 3896 αἴτησιν,
1202 3827 1319 3882 ἀλλ’
1368 3829 1455 3883 ἵνα
1503 3832 1651 3902 ἡμᾶς
1702 3836 1834 3889 ἀνα-

259 3915 427 3986 πείσῃ
472 3917 712 3985 φρονεῖν,
748 3916 829 3969 ὅτι
876 3919 1187 3987 προνοεῖται
1225 3919 1333 3974 τῶν
1376 3921 1512 3975 ὅλων
1558 3922 1633 3987 ὡς
1681 3924 1832 3989 Θεὸς.

259 4005 394 4060 Εἶτα
425 4006 540 4071 πῶς
569 4008 632 4062 οὐ
665 4008 817 4075 Θεὸς,
852 4011 880 4063 6
909 4008 1187 4082 θεοπρεπῆ
1214 4012 1314 4083 τὴν
1344 4013 1611 4081 ἐξουσίαν,
1644 4019 1738 4070 καὶ
1773 4018 1834 4071 τὸ

259 4097 403 4152 κατὰ
440 4098 658 4153 πάντων
706 4101 906 4170 κράτος
931 4100 956 4140 ά
988 4102 1300 4173 ἀνημμένος
1335 4115 1381 4170 θ,
1412 4105 1505 4158 κοιλ⁸
1536 4107 1722 4171 σώζων
1758 4108 1834 4174 ὡς

260 4188 370 4241 ἴδια
396 4187 463 4242 τὰ
485 4188 551 4242 δι’
586 4189 750 4243 αὐτοῦ
781 4193 1076 4261 γεγονότα;
1768 4196 1771 4199 ’

335 4397 354 4430 ι
401 4377 534 4432 Τότε
581 4379 730 4449 λέγει
766 4384 880 4447 τοῖς
932 4384 1204 4455 μαθηταῖς
1238 4387 1439 4441 αὐτοῦ’
1491 4390 1549 4444 '0
1603 4393 1702 4463 μὲν
1746 4394 1834 4448 θε-

259 4467 456 4537 ρισμὸς
490 4470 677 4537 πολὺς,
712 4473 761 4526 οἱ
794 4473 851 4527 δὲ
878 4475 1108 4545 ἐργάται
1136 4477 1326 4547 ὀλίγοι.
1359 4479 1598 4553 Δεήθητε
1617 4478 1709 4537 οὖν
1736 4484 1831 4539 τοῦ

256 4560 445 4628 κυρίου
477 4560 570 4613 τοῦ
598 4561 881 4635 θερισμοῦ,
924 4567 1073 4633 ὅπως
1110 4570 1315 4645 ἐκὸάλῃ
1348 4573 1587 4642 ἐργάτας
1618 4576 1699 4638 είς
1734 4576 1828 4630 τὸν

254 4647 517 4718 θερισμὸν
552 4651 739 4707 αὑτοῦ.
778 4657 888 4707 Καὶ
917 4660 1434 4732 προσκαλεσάμενος
1458 4665 1584 4728 τοὺς
1626 4665 1833 4722 δώδεκα

256 4738 510 4807 μαθητάς
540 4740 727 4806 αὐτοῦ,
762 4741 960 4798 ἔδωκεν
988 4748 1172 4812 αὐτοῖς
1214 4752 1464 4817 ἐξουσίαν
1496 4755 1636 4809 κατά
1672 4773 1833 4810 maon

253 4827 445 4898 μάτων
483 4829 829 4900 ἀκαθάρτων,
862 4832 1000 4886 ὥστε
1029 4836 1169 4890 αὑτά
1194 4839 1495 4906 ἐκϐάλλειν,
1529 4845 1621 4897 καὶ
1667 4844 1828 4915 θερα-

250 4917 443 4973 πεύειν
492 4922 673 4975 πᾶσαν
707 4921 862 4976 νόσον
894 4924 988 4978 καὶ
1032 4927 1213 4980 πᾶσαν
1258 4929 1550 4998 μαλακίαν.
1602 4951 1621 4984 ι
1672 4930 1824 4988 Οἶδεν

244 5004 382 5060 ὅντα
408 5006 500 5061 τοῦ
532 5008 795 5083 θερισμοῦ
823 5010 1008 5082 κύριον
1031 5014 1120 5068 τὸν
1148 5015 1255 5070 τῶν
1296 5018 1433 5072 ὅλων
1462 5019 1593 5073 Θεόν
1613 5037 1626 5052 ⁸
1658 5022 1823 5078 αὑτοῦ

246 5095 361 5166 γὰρ
388 5099 422 5169 ἡ
470 5100 612 5165 ἄλως
643 5104 675 5173 ἡ
708 5103 894 5175 νοητὴ,
931 5106 1204 5161 τουτέστιν
1235 5110 1267 5179 ἡ
1300 5109 1688 5181 ἀνθρωπότηςο
1725 5114 1824 5167 αὐ-

244 5188 345 5243 τοῦ
382 5192 476 5247 καὶ
502 5195 531 5247 6
566 5192 844 5266 θερισμός.
888 5196 1028 5252 Ἀλλ’
1068 5199 1198 5267 ἰδοὺ,
1232 5200 1489 5274 δεηθῆναι
1512 5204 1822 5275 προστάξας

1943 3025 2033 3093 qui
2063 3024 2358 3077 secundum
2389 3034 2633 3077 naturam
2677 3022 2817 3078 Deus
2848 3021 2973 3077 est?
3007 3022 3145 3077 [line
3176 3031 3231 3076 et
3266 3023 3516 3078 Salvator

1942 3130 2198 3186 quoque:
2237 3134 2256 3167 ι
2302 3114 2529 3182 Nonne,
2560 3115 2765 3184 inquit,
2814 3117 2920 3171 duo
2958 3130 3206 3186 passeres
3253 3130 3375 3172 asse
3420 3131 3516 3172 ve-

1942 3218 2131 3275 neunt,
2154 3216 2208 3264 et
2232 3223 2374 3263 unus
2397 3223 2464 3263 ex
2489 3207 2597 3262 illis
2621 3224 2728 3264 non
2763 3209 2920 3265 cadet
2958 3224 3121 3278 super
3160 3217 3358 3264 terram
3395 3209 3517 3264 sine

1939 3297 2103 3354 Patre
2134 3307 2337 3365 vestro,
2389 3297 2482 3366 qui
2525 3297 2580 3353 in
2626 3298 2777 3354 caelis
2824 3297 2944 3354 est?
2984 3297 3154 3353 Vestri
3196 3308 3373 3353 autem
3420 3312 3510 3353 ca-

1936 3386 2053 3457 pilli
2083 3387 2280 3458 capitis
2307 3402 2497 3444 omnes
2541 3387 2809 3443 numerati
2851 3398 2976 3443 sunt
3001 3388 3068 3444 °‘.
3105 3408 3124 3441 ι
3177 3387 3255 3443 En
3306 3398 3511 3443 tantam

1939 3494 2121 3534 rerum
2167 3480 2564 3550 providentiam
2611 3480 2848 3536 habebat
2890 3480 3168 3546 Christus,
3212 3490 3271 3534 ut
3302 3479 3512 3550 absque

1938 3570 2082 3626 illius
2110 3571 2379 3640 permissu
2409 3587 2479 3629 ne
2513 3573 2566 3649 in
2594 3588 2879 3644 porcorum
2913 3574 3127 3643 quidem
3171 3586 3387 3644 gregem
3415 3587 3511 3643 po-

1941 3670 2189 3718 testatem
2251 3677 2508 3719 exercere
2564 3663 2857 3719 immundis
2911 3664 3190 3733 spiritibus
3242 3663 3509 3730 integrum

1936 3763 2100 3809 esset.
2127 3753 2200 3809 At
2240 3763 2460 3824 rogatus
2483 3754 2571 3810 vix
2607 3754 2877 3823 permisit,
2914 3769 3020 3808 non
3059 3763 3118 3807 ut
3148 3753 3359 3807 illorum
3390 3752 3510 3807 libi-

1937 3843 2051 3899 dini
2079 3858 2285 3898 morem
2319 3839 2556 3913 gereret,
2590 3845 2686 3898 sed
2709 3854 2768 3898 ut
2796 3844 2972 3911 nobis,
3005 3858 3065 3899 se
3101 3842 3352 3898 omnibus
3384 3853 3505 3897 tan-

1935 3949 2097 4002 quam
2145 3935 2313 3988 Deum
2348 3934 2634 4004 providere
2672 3935 3044 4005 persuaderet.
3088 3932 3157 3987 Et
3191 3947 3300 4002 quo
3350 3933 3507 3989 modo

1936 4023 2153 4079 tandem
2196 4023 2286 4079 ille
2322 4024 2468 4079 Deus
2517 4040 2628 4080 non
2678 4032 2784 4089 est,
2833 4025 2926 4094 qui
2971 4033 3287 4095 potestatem
3322 4023 3503 4089 habet,

1934 4129 2094 4185 quam
2123 4115 2176 4170 in
2206 4114 2379 4170 solum
2408 4116 2573 4169 Deum
2606 4116 2803 4171 cadere
2836 4126 3043 4170 certum
3070 4124 3154 4171 est
3176 4154 3194 4184 ,
3225 4114 3424 4186 quique
3449 4114 3507 4169 in

1937 4206 2115 4262 omnia
2159 4206 2443 4276 imperium
2488 4214 2727 4269 exercet,
2781 4214 2837 4261 et
2892 4215 3181 4263 conservat
3228 4221 3349 4278 qua:
3408 4219 3505 4276 per

1860 4314 1906 4370 ι)
1936 4298 2109 4367 ipsum
2140 4298 2361 4352 condita
2395 4305 2542 4363 sunt,
2578 4306 2832 4367 tanquam
2863 4301 3127 4370 propria?

2008 4406 2027 4440 ι
2051 4386 2203 4443 Tunc
2223 4389 2352 4445 dicit
2372 4389 2650 4459 discipulis
2673 4391 2786 4446 suis
2812 4407 2827 4446 :
2853 4390 3043 4447 Messis
3066 4394 3283 4462 quidem
3311 4400 3500 4469 multa,

1929 4480 2162 4547 operarii
2194 4488 2374 4535 autem
2405 4480 2584 4551 pauci.
2622 4481 2829 4552 Rogate
2878 4498 3007 4555 ergo
3051 4484 3328 4542 dominum
3360 4505 3503 4546 mes-

1930 4573 2023 4637 sis,
2060 4580 2120 4626 ut
2166 4572 2380 4628 emittat
2422 4574 2700 4643 operarios
2752 4575 2806 4631 in
2860 4590 3090 4632 messem
3135 4593 3288 4632 suam
3317 4579 3383 4635 ".
3437 4580 3504 4635 Et

1931 4663 2239 4719 convocatis
2272 4664 2555 4721 duodecim
2587 4665 2869 4737 discipulis
2911 4667 3046 4732 suis,
3081 4668 3226 4722 dedit
3255 4668 3358 4723 illis
3402 4684 3501 4739 po-

1933 4763 2178 4809 testatem
2205 4755 2494 4823 spirituum
2541 4758 2960 4823 immundorum,
2998 4767 3057 4812 ut
3095 4760 3356 4828 ejicerent
3385 4776 3498 4829 eos,

1932 4853 1986 4899 et
2012 4854 2265 4897 curarent
2294 4857 2509 4900 omnem
2552 4847 2889 4917 languorem,
2927 4859 2980 4902 et
3014 4862 3229 4903 omnem
3265 4851 3501 4906 infirmi-

1935 4943 2097 4989 tatem
2120 4933 2186 4988 ".
2219 4951 2241 4987 ι
2291 4932 2463 4990 Norat
2499 4940 2875 4993 universorum
2926 4938 3097 4992 Deum
3132 4941 3329 4996 messis
3379 4956 3501 4998 esse

1930 5025 2207 5080 dominum
2235 5042 2252 5093 ;
2285 5023 2403 5093 ejus
2441 5042 2672 5097 namque
2698 5039 2988 5098 utrumque
3013 5036 3115 5097 est,
3142 5039 3198 5084 et
3235 5031 3347 5099 ipsa
3392 5032 3503 5100 spi-

1929 5116 2104 5173 ritalis
2131 5131 2281 5183 area,
2312 5117 2414 5173 hoc
2442 5127 2525 5174 est
2552 5118 2845 5174 humanum
2868 5134 3060 5189 genus,
3116 5128 3180 5185 ,et
3227 5121 3343 5191 ipsa
3383 5138 3503 5176 rur-

1929 5222 2048 5265 sum
2100 5210 2318 5268 messis.
2369 5210 2477 5268 Sed
2528 5212 2749 5269 adverte
2783 5231 2798 5269 :
2835 5229 2956 5271 cum
2989 5215 3181 5271 messis
3221 5216 3499 5272 dominum

321 5345 371 5380 ³⁸
390 5346 579 5404 Matth.
611 5366 731 5419 vm,
764 5350 820 5421 2,
848 5354 901 5409 5.
977 5353 1022 5388 ⁸³
1047 5355 1175 5411 ibid.
1212 5355 1303 5411 ‘28.
1379 5358 1425 5389 "
1470 5357 1602 5414 ibid.
1631 5358 1722 5415 51.
1798 5360 1840 5394 ⁹¹

1949 5364 2064 5420 ιιιῐι.
2101 5380 2156 5431 x,
2187 5364 2279 5419 29.
2354 5368 2398 5401 "
2426 5367 2615 5423 Matth.
2659 5384 2733 5438 Ix,
2766 5370 2855 5426 37.
2932 5370 2977 5404 ”
3001 5368 3187 5428 Matth.
3215 5386 3275 5442 Χ,
3298 5370 3353 5431 ί.

1314 5518 1487 5574 Varia:
1516 5518 1777 5577 lectiones
1802 5522 2003 5579 codicis
2030 5522 2387 5595 Seguieriani.

327 5648 351 5679 ε
388 5640 676 5712 ἐπίτρεψον
704 5645 833 5715 ἡμῖν
867 5646 1136 5706 ἀπελθεῖν.
1216 5650 1242 5690 ἀ
1282 5654 1523 5723 κρατεῖν.
1606 5665 1628 5695 ο
1665 5655 2027 5728 ἀνῃρημένος.
