3910 6200
413 228 546 284 £3553

1388 226 1447 281 S.
1486 223 1754 282 CYRl-LLI
1792 224 2261 282 ALEXANDRINI
2301 223 2624 281 ARClllEP.

3517 223 3676 280 1264

411 340 794 397 obsecrandum
839 353 959 394 esse
1009 337 1495 417 mortuissetnmox
1544 340 1779 409 seipsum
1830 337 1971 408 ejus~

2080 337 2175 391 τοῦ
2220 337 2411 409 κυρίου
2452 336 2546 390 τοῦ
2592 331 2877 405 θερισμοῦ,
2935 334 3123 389 ἐαυτὸν
3165 334 3323 398 εὐθὺς
3375 333 3679 401 ἀπέδειξεν

412 431 552 486 modi
587 430 861 485 dominum
896 441 1019 482 esse
1048 426 1282 482 evidenti
1324 436 1642 497 argumento
1672 426 1979 492 declarans,

410 523 587 579 emisit
615 519 1046 591 operarios,hoc
1086 526 1170 573 est
1195 527 1409 573 sanctos
1452 517 1755 587 apostolos,
1788 518 1982 587 quibus

410 621 468 665 ut
513 613 651 665 Deus
691 618 1007 681 potestatem
1061 615 1249 661 contra
1297 606 1601 661 immundos
1644 607 1866 675 spiritus
1897 614 1983 662 est

412 700 733 769 impertitus.
773 698 956 767 Neque
999 696 1142 750 enim
1186 697 1434 751 humanm
1470 705 1674 751 natura:
1712 696 1981 752 facultatis

410 799 511 855 cst,
539 788 773 857 Spiritus
804 786 976 840 sancti
1011 786 1116 839 vim
1145 794 1236 837 aut
1280 785 1646 853 operationem
1678 784 1839 839 alicui
1872 785 1979 838 im-

409 880 616 951 pertiri.
667 880 798 933 Cum
850 894 967 933 eam
1002 891 1130 946 ergo
1175 878 1269 931 Dei
1298 876 1555 942 Verbum,
1599 877 1809 931 tametsi
1855 891 1982 932 caro

410 971 647 1035 factum,
697 970 797 1023 hoc
844 978 928 1022 cst
970 968 1234 1030 Christus,
1287 966 1667 1036 impertiatur,
1711 967 1982 1036 quomodo

410 1063 551 1117 Deus
585 1077 690 1113 non
722 1067 804 1114 est
832 1068 1021 1112 natura
1057 1066 1111 1110 et
1142 1056 1410 1111 veritate?

482 1173 504 1206 ι
538 1154 726 1208 Omnis
758 1167 906 1221 ergo,
932 1151 1020 1221 qui
1050 1165 1135 1204 me
1163 1149 1509 1203 confitebitur
1533 1163 1713 1203 coram
1743 1148 1980 1203 homini-

410 1246 529 1309 bus,
559 1242 855 1298 coufitebor
886 1250 937 1293 et
965 1254 1065 1307 ego
1109 1253 1232 1292 eum
1272 1251 1455 1291 coram
1506 1235 1670 1290 Patre
1713 1251 1851 1300 meo,
1890 1237 1979 1304 qui

409 1337 462 1391 in
498 1334 647 1390 caelis
680 1342 781 1387 est.
815 1331 914 1398 Qui
949 1340 1126 1384 autem
1158 1328 1434 1396 negaverit
1464 1341 1550 1381 me
1590 1341 1773 1381 coram
1809 1326 1981 1380 homi-

408 1431 587 1492 nibus,
621 1427 824 1496 negabo
854 1434 908 1479 ct
946 1423 1093 1476 illum
1146 1436 1329 1475 coram
1364 1419 1529 1474 Patre
1580 1432 1727 1482 meo,
1780 1417 1874 1487 qui
1925 1417 1979 1472 in

408 1519 559 1574 cmlis
590 1529 669 1571 est
706 1517 773 1569 νδ.
819 1533 837 1565 ι
894 1512 1009 1567 Νοιι
1056 1512 1209 1581 pauci
1263 1518 1570 1563 sanctorum
1625 1509 1691 1563 ad
1736 1506 1979 1577 martyrii

408 1610 632 1679 gloriam
678 1605 918 1669 evocati,
955 1602 1345 1669 Christumque
1394 1600 1660 1668 intrepide
1705 1598 1977 1664 confessi,

2079 427 2207 481 ὄντα
2245 429 2452 492 τοῦτον,
2488 424 2734 480 ἐκϐαλὼν
2770 425 2898 488 τοὺς
2943 425 3208 495 ἐργάτας,
3261 425 3508 478 τουτέστι
3534 428 3679 490 τοὺς

2078 518 2267 589 ἁγίους
2308 517 2642 581 ἀποστόλους
2664 532 2678 548 ⁸
2723 511 2804 579 οἷς
2840 515 2935 569 καὶ
2966 516 3194 570 δέδωκεν
3226 515 3469 580 ἐξουσίαν
3520 516 3680 570 κατά

2081 607 2407 677 πνευμάτων
2456 606 2785 678 ἀκαθάρτων
2827 606 2903 669 ὼς
2948 605 3099 669 Θεός.
3150 604 3226 659 Οὐ
3262 607 3371 677 γάρ
3400 606 3520 659 ἐστι
3554 606 3678 660 τῶν

2079 698 2181 767 τῆς
2211 698 2630 771 ἀνθρωπότητος
2664 698 2881 769 μέτρων
2908 698 2969 751 τὸ
2993 697 3191 752 διδόναι
3223 698 3333 751 τισὶ
3364 698 3458 751 τοῦ
3504 699 3677 767 ἁγίου

2081 789 2400 861 Πνεύματος
2438 788 2538 860 τὴν
2571 788 2885 860 ἐνέργειαν’
2915 789 3112 843 δέδωκε
3149 789 3206 843 δὲ
3234 791 3489 860 Χριστός.
3530 784 3679 845 Εἶτα.

2081 883 2199 947 πῶς
2231 883 2291 936 οὐ
2320 881 2477 951 φύσει
2506 898 2564 935 τε
2591 881 2685 935 καὶ
2714 879 2930 949 ἀληθῶς
2956 881 3070 934 ἐστι
3097 880 3250 946 Θεὸς,
3275 882 3322 934 εί
3352 880 3444 937 καὶ
3466 881 3674 951 γέγονε

2084 972 2220 1045 σὰρξ
2249 974 2278 1027 ὁ
2307 973 2476 1042 Λόγος
2497 989 2512 1039 ;

2158 1171 2176 1204 ι
2221 1152 2337 1215 Πᾶς
2368 1144 2482 1217 οὖν,
2519 1149 2664 1213 ὅστις
2705 1150 3028 1222 ὁμολογήσει
3069 1151 3127 1203 ἐν
3169 1149 3292 1219 ἐμοὶ
3343 1148 3671 1220 ἔμπροσθεν

2081 1243 2188 1297 τῶν
2213 1242 2534 1315 ἀνθρώπων,
2555 1243 2878 1314 ὁμολογήσω
2903 1239 3059 1307 κάγὼ
3086 1242 3144 1294 ὲν
3171 1239 3322 1310 αὐτῷ
3349 1240 3674 1311 ἔμπροσθεν

2080 1334 2173 1387 τοῦ
2207 1333 2419 1406 Πατρός
2466 1351 2565 1405 μου
2597 1332 2691 1387 τοῦ
2730 1334 2789 1387 ἐν
2836 1334 2950 1397 τοῖς
2991 1332 3257 1402 οὐρανοῖς.
3292 1327 3480 1394 Ὅστις
3523 1331 3569 1384 δ’
3597 1330 3671 1385 ἂν

2080 1424 2384 1497 ἀρνήσηταί
2409 1443 2478 1497 με
2517 1424 2824 1497 ἔμπροσθεν
2852 1423 2962 1477 τῶν
2995 1421 3317 1493 ἀνθρώπων,
3349 1424 3668 1494 ἀρνήσομαι

2082 1513 2236 1581 κάγὼ
2265 1514 2425 1567 αὑτὸν
2467 1513 2776 1586 ἔμπροσθεν
2809 1512 2903 1566 τοῦ
2937 1513 3152 1583 Πατρός
3181 1529 3281 1582 μου
3315 1511 3411 1565 τοῦ
3450 1514 3513 1566 ἐν
3548 1511 3671 1578 τοῖς

2082 1607 2351 1677 οὐρανοῖς.
2408 1625 2426 1658 ι
2470 1606 2664 1659 Πολλοὶ
2711 1604 3001 1675 κέκληνται
3034 1602 3143 1656 τῶν
3184 1603 3358 1672 ἁγίων
3394 1604 3538 1674 πρὸς
3565 1605 3671 1676 τὴν

411 1675 693 1754 tormentis
731 1708 784 1751 et
827 1702 998 1749 morte
1049 1691 1407 1747 consummati
1448 1699 1594 1747 sunt.
1645 1691 1838 1757 Qurero
1885 1705 1971 1743 au-

2082 1675 2175 1751 του
2214 1698 2513 1769 μαρτυρίου
2546 1696 2721 1762 δόξαν,
2757 1697 2850 1750 καὶ
2877 1694 3249 1749 τετελείωνται
3280 1694 3370 1748 διὰ
3396 1675 3670 1764 παθημά-
3735 1698 3754 1715 ⁸

406 1802 538 1852 tem,
572 1804 696 1843 num
717 1788 790 1842 ob
819 1787 871 1841 id
915 1773 1260 1855 martyricam
1306 1797 1560 1837 coronam
1609 1782 1788 1851 adepti
1833 1781 1979 1844 sint,

408 1883 551 1951 quod
588 1878 861 1934 Christum
897 1889 1240 1929 communem
1266 1872 1539 1927 hominem
1572 1884 1693 1925 esse
1727 1880 1980 1926 constan-

411 1984 491 2026 ter
515 1971 620 2040 81
657 1966 1028 2021 affirmarent?
1061 1980 1128 2017 an
1151 1964 1221 2017 ob
1252 1963 1301 2016 id
1329 1962 1523 2025 verius,
1559 1961 1699 2029 quod
1736 1976 1830 2015 sua
1857 1976 1977 2016 eum

408 2060 745 2114 confessione
780 2068 1032 2125 tanquam
1072 2055 1237 2108 Deum
1281 2051 1710 2106 venerarentur?
1750 2050 1856 2105 Res
1896 2061 1981 2105 est

409 2154 593 2219 clara;
642 2157 855 2205 constat
900 2149 1041 2201 enim
1074 2162 1103 2199 a
1152 2145 1400 2214 martyrii
1451 2144 1620 2215 gloria
1674 2138 1974 2210 excidisse,

406 2246 788 2311 Christumque
826 2239 879 2293 in
920 2238 1006 2293 die
1039 2236 1228 2305 iudicii
1272 2236 1393 2289 illos
1426 2234 1666 2290 vicissim
1708 2235 1978 2305 abnegare

406 2343 778 2404 cumpertnros
804 2344 942 2394 esse,
977 2330 1064 2399 qui
1091 2328 1241 2382 illum
1270 2326 1490 2381 inliciati
1515 2335 1660 2381 sunt.
1685 2324 1803 2379 Jam
1836 2342 1974 2395 quo-

407 2425 563 2479 tnudo
589 2422 728 2475 Deus
758 2420 803 2474 is
834 2418 1136 2474 censendus
1165 2430 1268 2470 non
1303 2424 1407 2477 est,
1450 2415 1539 2484 qtti
1583 2415 1826 2485 martyrii
1863 2415 1977 2485 glo—

407 2518 484 2571 ria
508 2530 601 2570 eos
626 2511 807 2574 allicit,
826 2510 914 2579 qui
940 2510 1110 2579 ipsum
1135 2522 1254 2561 esse
1274 2520 1400 2560 vere
1430 2505 1593 2558 Deum
1614 2505 1977 2559 confitentur?

491 2626 509 2659 ι
549 2603 738 2660 Venite
782 2602 848 2656 ad
885 2616 990 2665 me,
1023 2614 1210 2654 omnes
1239 2598 1328 2667 qui
1373 2596 1629 2651 laboratis
1669 2607 1724 2653 et
1766 2596 1975 2651 onerati

405 2699 557 2761 estis,
587 2707 641 2751 et
669 2709 767 2764 ego
792 2693 1183 2746 reﬁciam‘vos.
1226 2689 1416 2743 Tollite
1444 2688 1630 2759 jugutn
1673 2702 1849 2742 meum
1885 2702 1976 2743 su-

405 2805 501 2860 per
519 2804 618 2843 vos
637 2787 705 2840 ’⁸.
740 2803 760 2837 ι
796 2785 853 2839 Si
887 2780 1200 2838 Emmanuel
1221 2796 1379 2835 verus
1404 2781 1542 2834 Deus
1570 2794 1672 2833 non
1698 2788 1781 2834 est
1812 2798 1825 2833 :
1850 2795 1971 2834 cum

405 2882 513 2935 Deo
561 2878 801 2934 serviant
848 2872 1051 2938 omnia,
1102 2887 1199 2925 cur
1248 2886 1404 2926 suum
1458 2870 1546 2923 ille
1580 2868 1767 2939 jugum
1818 2870 1974 2925 nobis

405 2967 885 3041 itnponitngum
925 2974 1101 3018 autem
1135 2973 1190 3017 et
1243 2961 1360 3031 ipsa
1405 2975 1621 3031 quoque
1672 2962 1754 3016 lex
1793 2960 1973 3030 appel-

406 3067 508 3120 lata
553 3072 658 3117 est.
695 3060 913 3113 'Verum
954 3056 1214 3111 Christus
1260 3053 1538 3123 proprimn
1594 3052 1747 3106 nobis
1783 3051 1970 3122 jugum

402 3154 652 3224 imponit,
688 3165 894 3220 nosque
927 3147 1191 3202 obnoxios
1217 3144 1321 3199 sibi
1355 3143 1551 3206 reddit,
1585 3142 1796 3198 tametsi
1821 3141 1973 3196 Patri

402 3246 684 3300 sabmittat
711 3241 914 3296 omnia.
952 3239 1092 3293 Deus
1144 3236 1311 3306 igitur
1345 3243 1449 3288 est.
1498 3232 1751 3288 Unde'ut
1789 3232 1972 3289 omnia

401 3337 474 3390 illi
509 3335 752 3400 subjecta
782 3331 910 3395 siut,
947 3344 1045 3398 par
1079 3337 1183 3380 est.

477 3444 495 3474 ι
515 3426 706 3478 Annon
725 3420 930 3491 legistis
962 3421 1012 3472 in
1043 3416 1324 3486 lege,quia
1353 3416 1406 3470 in
1445 3414 1696 3470 Sabbatis
1722 3416 1974 3471 sacerdo-

400 3526 480 3569 tes
520 3516 570 3567 in
622 3511 816 3580 templo
863 3508 1157 3563 Sabbatum
1203 3505 1424 3573 violant,
1470 3515 1524 3560 et
1570 3506 1693 3560 sine
1742 3506 1971 3561 crimine

400 3603 566 3659 sunt?
609 3602 737 3656 Dico
783 3610 962 3654 autem
1009 3598 1201 3662 vobis,
1245 3596 1369 3665 quia
1422 3594 1838 3665 major-templo
1885 3598 1972 3652 hic

399 3706 479 3753 est
505 3695 573 3748 “.
615 3714 632 3746 ι
670 3692 726 3748 Si
764 3690 1073 3745 sacerdotes
1103 3688 1194 3757 qui
1218 3687 1512 3741 Sabbatum
1545 3687 1869 3756 profanant,
1900 3688 1971 3744 ob

399 3787 450 3839 id
501 3783 653 3852 culpa
706 3790 921 3844 vacant,
970 3777 1114 3848 quod
1162 3778 1344 3831 divino
1401 3777 1565 3831 cultui
1621 3778 1965 3843 incumbant;

398 3875 666 3946 quomodo
695 3873 869 3927 cultus
903 3872 997 3940 qui
1022 3866 1238 3925 Christo
1270 3868 1598 3937 impenditur
1620 3908 1635 3935 ,
1671 3868 1971 3924 ministerio

396 3965 537 4029 quod
595 3962 905 4017 sacerdotes
964 3961 1016 4014 in
1074 3958 1271 4028 templo
1314 3958 1571 4025 obibant,
1623 3959 1971 4029 praestantior

388 4053 684 4129 censetur?
711 4052 859 4121 atqui
882 4060 1124 4120 apertqu
1160 4059 1244 4105 est
1273 4064 1388 4113 eos,
1416 4050 1509 4117 qui
1541 4048 1641 4103 sub
1673 4048 1787 4119 lege
1816 4049 1967 4104 vive-

395 4146 545 4210 bant,
577 4143 629 4196 in
687 4143 875 4196 umbra
925 4152 979 4196 et
1004 4140 1175 4211 figura
1222 4140 1681 4210 supercmlestium
1728 4139 1836 4194 Deo
1870 4141 1968 4194 mi-

396 4235 672 4288 nistrasse.
711 4232 815 4287 Sed
842 4232 1008 4288 divini
1043 4233 1118 4285 illi
1146 4230 1394 4299 (liSCiptlli
1422 4230 1623 4287 Christi
1646 4240 1963 4300 sectatores,

2078 1807 2189 1844 των
2219 1791 2312 1843 καὶ
2353 1788 2602 1853 Θανάτου,
2635 1787 2871 1859 Χριστὸν
2919 1784 3356 1857 ὼμολογηκότες.
3404 1780 3540 1857 'Ap‘
3570 1782 3673 1840 οὖν

2080 1880 2507 1951 ἐστεφάνωνται,
2540 1877 3008 1948 διαϐεϐαιούμενοι
3038 1877 3136 1930 καὶ
3160 1876 3413 1945 λέγοντες
3446 1877 3669 1949 ἄνθρω-

2081 1991 2181 2027 πον
2210 1974 2349 2027 εῖναι
2374 1971 2553 2027 κοινὸν
2585 1971 2766 2037 αὑτὸν,
2797 1972 2830 2041 ἢ
2870 1970 3070 2040 μᾶλλον
3102 1968 3179 2033 ὼς
3206 1969 3341 2024 Θεὸν
3377 1972 3504 2033 ταῖς
3532 1973 3669 2042 ὁμο-

2078 2060 2290 2127 λογίαις
2328 2060 2721 2131 τετιμηκότες;
2769 2059 2908 2113 Ἀλλ’
2937 2057 3053 2111 ἐστι
3070 2052 3261 2130 δῆλον.
3303 2060 3367 2112 0i
3398 2058 3511 2130 γάρ
3537 2060 3670 2113 m5—

2080 2168 2170 2205 τον
2198 2150 2587 2223 ἀρνησάμενοι,
2619 2150 2711 2203 καὶ
2737 2151 2836 2223 τῆς
2880 2149 2973 2203 τοῦ
3020 2147 3319 2220 μαρτυρίου
3362 2145 3524 2216 δόξης
3556 2148 3669 2201 ἀπ-

2079 2239 2327 2305 ώλισθον,
2377 2242 2471 2297 καὶ
2510 2242 2673 2295 αὐτὸν
2723 2242 3045 2312 εὑρήσουσιν
3090 2240 3147 2293 ἐν
3187 2239 3372 2310 ἡμέρᾳ
3418 2238 3669 2309 κρίσεως

2080 2331 2411 2403 ἀρνούμενον
2429 2333 2634 2395 ἀὐτοὺς
2661 2333 2750 2386 τὸν
2776 2332 3036 2401 Χριστόν.
3069 2326 3203 2384 Εἶτα
3246 2328 3365 2391 πῶς
3403 2330 3468 2382 οὒ
3503 2327 3662 2392 Θεὸς,
3745 2354 3749 2356 γ

2078 2422 2107 2474 ό
2136 2424 2201 2492 τῇ
2228 2421 2321 2475 τοῦ
2354 2422 2653 2493 μαρτυρίου
2688 2420 2813 2492 δόξῃ
2864 2419 3139 2489 στεφανῶν
3165 2418 3312 2483 τοὺς,
3364 2419 3449 2472 ὅτι
3493 2416 3671 2471 τοῦτό

2078 2510 2226 2562 ἐστιν
2265 2510 2500 2581 ἀληθῶς,
2539 2508 2933 2580 ὁμολογοῦντας
2961 2507 3158 2574 αὐτόν;

2155 2616 2174 2649 ι
2218 2596 2385 2651 Δεῦτε
2433 2598 2571 2670 πρός
2618 2614 2705 2669 με,
2744 2598 2945 2661 πάντες
2991 2597 3041 2649 οἱ
3086 2594 3385 2659 κοπιῶντες
3433 2595 3533 2648 καὶ
3567 2613 3669 2649 τπ-

2078 2690 2450 2762 φορτισμένοι,
2480 2690 2641 2760 κάγὼ
2674 2691 2975 2745 ἀναπαύσω
2999 2691 3163 2762 ὑμᾶς.
3208 2691 3414 2761 ’Δρατε
3451 2689 3546 2743 τὸν
3571 2691 3666 2756 ξυ-

2076 2781 2170 2850 γόν
2207 2798 2310 2852 μου
2357 2781 2443 2849 ἐφ’
2489 2783 2651 2853 ὑμᾶς.
2694 2800 2713 2835 ι
2759 2781 2822 2834 Εἰ
2879 2780 2954 2852 μὴ
2996 2779 3129 2842 Θεός
3175 2780 3322 2832 ἐστιν
3367 2778 3593 2850 ἀληθῶς
3635 2783 3663 2833 ό

2089 2872 2467 2944 Ἐμμανουὴλ,
2514 2872 2638 2926 τίνα
2686 2873 2886 2943 τρόπον
2934 2870 3026 2923 τόν
3071 2868 3264 2924 ἑαυτοῦ
3313 2868 3478 2937 ζυγὸν
3525 2872 3661 2941 ἡμῖν

2077 2964 2390 3038 ἐπιτίθησι;
2442 2964 2577 3019 Θεοῦ
2627 2963 2737 3035 γὰρ
2782 2962 2948 3017 δοῦλα
2975 2962 3043 3016 τὰ
3080 2962 3277 3016 πάντα.
3323 2962 3560 3033 Εἴρηται
3606 2963 3663 3016 δὲ

2075 3055 2238 3127 ζυγὸς
2267 3057 2361 3111 καὶ
2392 3057 2420 3109 ό
2453 3057 2636 3127 νόμος.
2679 3054 2840 3109 Ἀλλὰ
2869 3053 3174 3125 ἐπιτίθησιν
3205 3054 3337 3124 ἡμῖν
3363 3054 3393 3106 ό
3419 3053 3663 3124 Χριστὸς

2074 3147 2164 3200 τὸν
2194 3147 2324 3200 ἴδιον
2346 3146 2528 3215 ζυγὸν,
2550 3145 2729 3217 ἐαυτῷ
2753 3162 2813 3199 τε
2838 3143 3147 3209 ὑποτάττει,
3174 3142 3351 3197 καίτοι
3378 3143 3450 3197 τὰ
3474 3144 3658 3197 πάντα

2074 3241 2364 3310 ὑποφέρων
2395 3238 2471 3309 τῷ
2497 3237 2693 3309 Πατρί.
2725 3235 2856 3300 Θεὸς
2890 3235 3000 3308 ἄρα
3033 3234 3204 3301 ἐστὶν,
3234 3233 3360 3288 ὅθεν
3389 3233 3542 3302 αὐτῷ
3563 3235 3664 3287 καὶ

2074 3329 2393 3385 ὑποκεῖσθαι
2428 3327 2498 3381 τὰ
2526 3329 2706 3381 πάντα
2734 3326 2958 3397 πρέπει.

2149 3440 2168 3474 ι
2208 3421 2275 3475 Ἥ
2305 3422 2406 3475 οὐκ
2436 3420 2706 3489 ἀνέγνωτε
2748 3421 2807 3473 ἐν
2844 3420 2922 3491 τῷ
2950 3418 3122 3490 νόμῳ,
3156 3418 3240 3472 δτι
3272 3420 3331 3471 ἐν
3358 3420 3489 3482 ’τοῖς
3512 3417 3661 3477 Σω-

2073 3516 2229 3570 δασιν
2255 3516 2307 3569 οἱ
2341 3515 2503 3586 ἱερεῖς
2536 3515 2594 3567 ἐν
2629 3511 2708 3583 τῷ
2737 3510 2866 3585 ίερῷ
2908 3512 2969 3565 τὸ
3013 3511 3291 3564 Σάσὸατον
3342 3509 3655 3580 βεὸηλοῦαι,

2072 3608 2164 3661 καὶ
2200 3606 2426 3661 ἀναίτιοί
2465 3607 2605 3670 sint;
2636 3604 2792 3673 Λέγω
2820 3603 2878 3657 δέ
2907 3603 3058 3675 ὑμῖν,
3106 3603 3188 3656 ὅτι
3216 3601 3311 3655 τοῦ
3343 3602 3487 3675 ἱεροῦ
3528 3602 3656 3671 μεί-

2071 3698 2179 3761 ζων
2213 3697 2358 3750 ἐστὶν
2399 3688 2522 3751 ὧδε.
2560 3714 2578 3747 ι
2612 3695 2674 3748 Εἰ
2705 3692 3060 3765 βεϐηλοῦντες
3089 3693 3149 3745 τὸ
3182 3691 3464 3746 Σάϐϐατον
3486 3694 3536 3744 οἱ
3566 3693 3648 3743 ἰε-

2072 3789 2184 3858 ρεῖς
2227 3785 2458 3840 ἀναίτιοί
2493 3787 2651 3849 εἰσιν,
2686 3783 2761 3848 ὼς
2790 3782 2908 3854 θεῷ
2950 3784 3317 3855 προσάγοντες
3343 3784 3447 3848 τάς
3485 3784 3648 3854 θερα-

2070 3880 2256 3942 πείας·
2284 3878 2400 3942 πῶς
2424 3877 2533 3931 τῶν
2554 3881 2610 3931 ἐν
2630 3876 2706 3947 τῷ
2735 3876 2864 3948 ἱερῷ
2889 3877 3185 3947 δρωμένων
3210 3878 3410 3930 νοεῖται
3441 3877 3650 3947 μείζων

2068 3971 2102 4041 ὴ
2131 3968 2368 4042 Χριστοῦ
2401 3966 2698 4040 θεραπείας
2736 3966 2878 4019 Ἀλλ’
2909 3966 3025 4020 ἔστι
3056 3966 3235 4037 δῆλον,
3254 3966 3348 4019 -ὅτι
3380 3967 3431 4018 οῖ
3464 3967 3565 4037 μὲν
3594 3968 3652 4020 ἐν

2067 4063 2236 4134 νόμῳ,
2255 4061 2349 4115 καὶ
2371 4061 2519 4131 σκιᾷ,
2542 4060 2636 4113 καὶ⁹
2669 4059 3028 4131 ὑποδείγματι
3055 4058 3163 4113 τῶν
3186 4057 3534 4131 ἐπουρανίων
3565 4059 3655 4113 λε-

2066 4152 2425 4223 λατρεύκασιν
2450 4168 2463 4179 ·
2492 4153 2541 4205 οί
2571 4151 2627 4205 δὲ
2660 4151 2935 4205 θεσπέσιοι
2978 4149 3220 4222 μαθηταὶ
3250 4150 3648 4221 προσεδρεύον-

2066 4243 2157 4303 τές
2182 4260 2241 4295 τε
2278 4244 2375 4295 καὶ
2406 4242 2845 4314 λειτουργοῦντες
2880 4242 2959 4311 τῷ
2992 4241 3231 4312 Χριστῷ,
3265 4241 3494 4312 μείζονα
3521 4243 3648 4315 [τὴν

394 4322 606 4391 ipsique
638 4323 1029 4389 ministrantes,
1063 4323 1309 4391 ampliori
1346 4322 1551 4379 honore
1576 4331 1630 4375 et
1661 4322 1829 4390 gloria
1859 4338 1958 4394 po-

2080 4329 2253 4402 ιιμὴν]
2333 4331 2422 4384 καὶ
2475 4330 2574 4401 τὴν
2620 4331 2777 4397 δόξαν
2812 4327 2976 4401 εἶχον.
3019 4332 3129 4384 Καὶ
3165 4331 3212 4383 εί
3242 4331 3340 4399 τῆς
3386 4331 3448 4384 ἐν
3496 4333 3648 4403 νόμῳ

395 4412 477 4466 ιὶιὶ
510 4420 655 4465 sunt.
693 4412 845 4478 Quod
874 4414 919 4467 si
951 4414 1314 4468 ministerium
1358 4415 1500 4480 quod
1547 4413 1763 4469 Christo
1806 4414 1961 4469 exhi-

393 4508 571 4569 betur,
601 4502 759 4572 legali
798 4503 963 4557 cultui
988 4502 1211 4556 multum
1255 4503 1561 4569 antecellit,
1593 4506 1862 4573 quomodo
1904 4507 1960 4563 in

391 4592 557 4648 sobrii
587 4592 903 4662 cujusquam
935 4591 1321 4658 cogitationem
1357 4591 1550 4647 cadere
1580 4601 1775 4662 pateat,
1801 4596 1962 4651 Chri-

391 4697 534 4741 tstum
562 4698 666 4739 non
698 4698 816 4740 esse
839 4698 1028 4738 verum
1059 4681 1269 4737 Deum?

463 4794 484 4828 ι
542 4772 598 4829 Si
646 4788 745 4845 ego
794 4775 849 4829 in
914 4764 1215 4828 Beelzebub
1286 4773 1443 4843 ejicio
1508 4775 1797 4844 daemones,
1863 4778 1956 4833 filii

385 4866 552 4922 vestri
615 4866 667 4920 in
725 4880 837 4936 quo
888 4864 1150 4932 eiiciuut?
1209 4864 1330 4920 ideo
1376 4866 1476 4936 ipsi
1527 4867 1736 4937 iudices
1793 4872 1956 4927 vestri

386 4972 544 5018 erunt
563 4962 631 5016 ".
680 4978 700 5012 ι
737 4960 795 5014 Si
823 4959 876 5013 in
904 4955 1108 5012 Christi
1138 4957 1355 5011 nomine
1385 4971 1417 5011 a
1441 4957 1704 5014 daemonio
1732 4970 1954 5016 vexatos

387 5051 632 5120 discipuli
680 5050 940 5106 curabant
983 5046 1355 5119 (invocabant
1395 5047 1539 5102 enim
1587 5062 1785 5105 nomen
1824 5048 1951 5106 Jesu

386 5141 713 5214 Nazareni),
760 5140 1032 5213 quomodo
1074 5140 1143 5195 de
1181 5153 1310 5194 vera
1351 5138 1495 5195 illius
1527 5140 1811 5198 divinitate
1843 5157 1954 5197 am-

387 5233 569 5303 bigere
601 5233 684 5288 fas
711 5243 793 5288 est
818 5234 842 5288 2
869 5232 1055 5303 Neque
1087 5231 1231 5286 enim
1262 5230 1371 5285 ulla
1400 5231 1621 5286 omnino
1646 5231 1820 5303 gloria
1859 5244 1954 5289 aut

386 5326 625 5393 potentia
679 5325 911 5380 humana
965 5332 1052 5380 sat
1100 5322 1264 5379 fuerit
1314 5324 1381 5378 ad
1438 5323 1806 5380 debellandum
1846 5325 1948 5381 Sa-

385 5424 589 5469 tanam.

2063 4421 2321 4492 λατρείας
2384 4422 2442 4474 ἐν
2496 4421 2738 4491 ἀμείνοσι
2787 4421 2845 4474 τὸ
2892 4421 3224 4491 λειτουργεῖν
3273 4420 3354 4492 τῷ
3395 4421 3644 4495 Χριστῷ,

2067 4511 2184 4575 πῶς
2212 4511 2315 4566 οὐκ
2366 4511 2434 4567 ἂν
2472 4515 2642 4567 νοοῖτο
2667 4511 2798 4576 Θεὸς
2833 4512 3075 4585 ἀληθήςς

2140 4800 2163 4833 η(
2207 4782 2269 4835 Ei
2295 4779 2405 4850 ἐγὼ
2430 4780 2488 4834 ἐν
2518 4780 2845 4847 Βεελζεδοὺλ
2871 4781 3116 4836 ἐκϐάλλω
3136 4782 3205 4836 τά
3226 4783 3507 4854 δαιμόνια,
3537 4804 3646 4857 φη-

2063 4874 2171 4941 σὶν,
2197 4874 2247 4927 οί
2275 4873 2382 4927 υἱοὶ
2411 4872 2563 4943 ὑμῶν
2583 4874 2639 4929 ἐν
2667 4873 2775 4928 τίνι
2799 4872 3150 4939 ἐκδάλλουσι;
3175 4872 3272 4928 Διά
3295 4873 3462 4927 τοῦτο
3484 4877 3646 4929 αὑτοὶ

2060 4963 2249 5034 κριταὶ
2280 4961 2495 5018 ἔσονται
2527 4963 2702 5035 ὑμῶν.
2743 4983 2762 5017 ι
2803 4965 2867 5018 Et
2901 4966 2959 5017 ἐν
3000 4964 3222 5037 ὀνόματι
3259 4964 3353 5017 τοῦ
3395 4965 3643 5038 Χριστοῦ

2066 5052 2503 5125 τεθεραπεύκασι
2545 5056 2674 5119 τοὺς
2714 5054 3085 5127 δαιμονῶντας
3112 5058 3162 5110 oi
3195 5054 3474 5127 μαθηταὶ,
3518 5061 3646 5127 (ἐπ-

2056 5143 2299 5215 εφώνουν
2342 5145 2484 5215 γάρ’
2535 5145 2623 5199 Ἐν
2650 5146 2876 5217 ὀνόματι
2918 5146 3094 5216 Ἰησοῦ
3126 5145 3361 5219 Χριστοῦ
3394 5146 3497 5201 τοῦ
3520 5148 3643 5203 Na.-

2055 5234 2316 5307 ζωραίου)
2336 5276 2351 5301 ,
2388 5236 2506 5300 πῶς
2540 5237 2641 5290 οὐκ
2670 5237 2736 5292 ἂν
2760 5241 2931 5294 νοοῖτο
2963 5238 3099 5304 Θεὸς
3125 5238 3368 5310 ἀληθής;
3415 5240 3497 5294 Οὐ
3518 5240 3643 5312 γὰρ

2054 5324 2121 5378 ἂν
2150 5326 2446 5397 ἐξήρκεσεν
2468 5326 2756 5398 ἀνθρώπου
2778 5329 2903 5395 δόξα
2933 5330 3029 5386 καὶ
3045 5329 3272 5403 δύναμις
3299 5331 3381 5395 είς
3413 5329 3477 5387 τὸ
3505 5347 3645 5388 κατ’

2054 5416 2178 5487 ισχύ
2188 5433 2279 5471 σαι
2312 5417 2405 5472 τοῦ
2437 5420 2674 5473 Σατανᾶ.

450 5588 496 5622 ’⁸
531 5586 718 5645 Matth.
745 5602 799 5655 ιι,
839 5586 928 5653 5Ξ,
964 5586 1053 5643 53.
1129 5588 1174 5622 ’⁸
1195 5585 1385 5642 Matth.
1417 5601 1490 5654 xt,
1524 5586 1612 5655 28,
1651 5586 1739 5643 29.
1816 5589 1861 5621 "
1893 5586 1971 5645 Ma

2080 5635 2082 5643 ν
2125 5608 2222 5660 xit,
2249 5591 2304 5654 5‘.
2382 5593 2428 5624 "’
2455 5593 2585 5649 ibid.
2615 5593 2708 5649 27.
