3910 6200
288 278 429 334 1263

1393 287 1482 342 DE
1524 288 1753 346 RECTA
1793 289 1950 345 FIDE
1987 290 2078 345 AD
2117 287 2434 345 REGINAS.

3407 289 3541 345 1280

377 407 398 441 ι
442 389 656 464 ’Ὠσπερ
702 386 796 447 οῦν
844 395 1159 466 συλλέγεται
1207 397 1275 451 τὰ
1308 398 1548 465 ζιζάνια,
1598 401 1692 454 καὶ
1740 401 1860 472 πυρτ

2051 420 2070 453 ‹
2111 402 2259 457 Sicut
2299 416 2429 472 ergo
2460 401 2789 471 colliguntur
2824 400 3055 466 zizania,
3086 407 3141 457 et
3179 400 3288 473 igni
3316 401 3546 455 combu-

297 481 689 534 κατακαίεταιο
710 483 883 549 οὕτως
920 484 1072 540 ἔσται
1113 489 1172 540 ἐν
1197 489 1262 559 τῇ
1306 488 1586 560 συντελείᾳ
1612 489 1705 543 τοῦ
1735 490 1872 544 αἰῶ-

297 588 410 635 νος.
454 572 770 628 Ἀποστελεῖ
800 577 829 629 6
858 576 985 641 Υίὸς
1016 576 1111 631 τοῦ
1140 577 1427 650 ἀνθρώπου
1455 580 1581 643 τοὺς
1606 580 1874 649 ἀγγέλους

297 662 491 729 αὐτοῦ,
522 664 617 717 καὶ
645 666 991 732 συλλέξουσιν
1011 671 1076 724 ὲκ
1102 673 1200 742 τῆς
1218 670 1494 742 βασιλείας
1511 671 1674 726 αὐτοῦ
1695 673 1872 727 πάντα

256 819 262 827 '
297 749 368 804 τὰ
398 753 688 820 σκάνδαλα,
739 756 836 811 καὶ
874 759 1002 823 τοὺς
1045 759 1331 825 ποιοῦντας
1358 760 1457 832 τὴν
1491 761 1745 832 ἀνομίαν,
1777 764 1871 817 καὶ

300 837 555 909 βαλοῦσιν
580 845 778 909 αὐτοὺς
806 848 886 911 εἰς
914 848 1013 920 τὴν
1042 850 1269 921 κάμινον
1293 850 1390 904 τοῦ
1426 852 1616 924 πυρός.
1672 871 1691 904 ι
1732 853 1872 924 Περὶ

297 931 436 985 Θεοῦ
488 934 830 1005 γέγραπται*
881 956 901 991 ι
941 940 1223 1009 Εὐλογεῖτε
1268 940 1362 995 τὸν
1397 940 1625 1013 Κύριον,
1672 945 1872 1009 πάντες

296 1023 351 1075 οί
379 1022 601 1092 ἄγγελοι
630 1026 814 1081 αὐτοῦ.
851 1046 872 1080 ι
920 1030 995 1083 06
1038 1030 1146 1103 γὰρ
1174 1030 1403 1099 ἄγγελος
1451 1032 1681 1102 ἀγγέλου
1728 1035 1867 1101 ἐστὶ,

298 1112 438 1167 Θεοῦ
468 1114 527 1167 66
560 1116 760 1186 μᾶλλον
786 1118 856 1174 τὰ
885 1119 1082 1177 πάντα.
1133 1122 1257 1187 Πῶς
1301 1118 1394 1178 οῦν
1426 1141 1558 1195 φησι
1601 1127 1728 1197 περὶ
1774 1126 1868 1181 τοῦ

299 1202 435 1258 Υίοῦ
461 1205 557 1259 τοῦ
588 1207 895 1279 ἀνθρώπου,
920 1211 1001 1265 ὃτι
1028 1213 1316 1268 ἀποστελεῖ
1338 1204 1467 1278 τοὺς
1493 1215 1757 1285 ἀγγέλους
1781 1217 1872 1271 a6-

299 1295 435 1365 τοῦ;
485 1297 618 1363 Θεὸς
644 1296 736 1354 οῦν
772 1303 880 1373 ἄρα
914 1304 1084 1368 ἐστὶν,
1115 1306 1192 1369 ὡς
1233 1306 1325 1360 καὶ
1361 1305 1525 1372 ίδίους
1567 1307 1706 1378 ἔχων
1744 1310 1873 1373 τοὺς

298 1387 587 1458 ἀγγέλους,
619 1394 711 1446 καὶ
756 1394 845 1448 διά
877 1394 985 1450 τῶν
1032 1396 1144 1451 ἄνω
1192 1397 1517 1469 πνευμάτων
1562 1399 1866 1471 ὑπηρετού-

300 1492 484 1550 μενος.

373 1590 397 1624 ο
448 1573 756 1645 ’Πρώτησεν
781 1578 810 1630 6
839 1577 1091 1648 Χριστός·
1125 1581 1258 1635 Τίνα
1289 1599 1356 1652 με
1401 1582 1647 1653 λέγουσιν
1685 1585 1734 1637 οἱ
1775 1583 1870 1637 dv-

297 1661 508 1734 θρωποι
533 1660 677 1719 εἶναι
721 1666 811 1719 τὸν
838 1667 967 1722 Υἱὸν
996 1668 1088 1721 τοῦ
1118 1670 1443 1743 ἁνθρώπου;
1480 1675 1541 1727 Oi
1578 1673 1645 1727 δὲ’
1678 1672 1830 1727 εἷπον
1850 1687 1865 1703 ⁸

1976 501 2190 559 runtur,
2238 492 2317 548 sic
2360 493 2463 549 erit
2519 494 2571 547 in
2630 493 3097 549 consummatione
3153 490 3356 548 saeculi.
3418 490 3544 545 Mit-

1977 588 2054 637 tet
2086 578 2258 637 Filius
2286 582 2520 637 hominis
2550 581 2768 652 angelos
2796 597 2946 647 suos,
2978 592 3032 637 et
3068 582 3320 653 colligent
3354 582 3424 637 de
3460 596 3539 635 re-

1973 687 2079 744 gno
2102 673 2220 743 ejus
2249 674 2429 728 omnia
2461 674 2737 739 scandala,
2776 683 2830 729 et
2853 688 2947 730 eos
2985 673 3074 744 qui
3114 673 3322 729 faciunt
3349 673 3547 742 iniqui-

1972 771 2142 819 tatem
2177 759 2192 819 Ξ
2227 772 2281 819 et
2321 766 2539 822 mittent
2580 781 2675 821 eos
2714 766 2769 821 in
2816 767 3089 821 caminum
3127 765 3268 837 ignis
3294 764 3362 819 ’⁸.
3400 782 3420 816 ι
3468 764 3544 818 De

1972 853 2083 910 Deo
2097 856 2206 926 82
2226 855 2451 925 legimus
2481 874 2494 911 :
2537 874 2556 909 ι
2588 857 2901 913 Benedicite
2932 858 3183 922 Domino,
3216 870 3406 912 omnes
3442 870 3539 908 an-

1970 946 2073 1016 geli
2103 949 2220 1017 ejus
2252 948 2319 1001 ”.
2354 966 2374 1000 ι
2410 947 2596 1018 Neque
2638 951 2781 1002 enim
2826 948 3052 1019 angelus
3098 948 3272 1019 angeli
3303 958 3415 1011 est,
3447 946 3549 1000 ερο-

1968 1035 2066 1093 Dei
2094 1047 2217 1093 sunt
2245 1039 2450 1094 omnia.
2490 1040 2624 1095 Cum
2671 1054 2800 1111 ergo
2850 1040 2917 1095 de
2962 1039 3101 1095 Filio
3139 1039 3371 1094 hominis
3396 1038 3543 1092 dica-

1970 1136 2080 1195 tur,
2114 1124 2262 1198 quod
2293 1129 2559 1186 missurus
2613 1130 2686 1185 sit
2723 1129 2942 1201 angelos
2986 1144 3114 1184 suos
3146 1146 3160 1183 :
3215 1128 3543 1199 angelusque

1968 1227 2024 1275 et
2048 1220 2273 1290 spiritus
2307 1219 2427 1278 Illos
2468 1235 2750 1290 supremos
2784 1231 3038 1291 tanquam
3066 1221 3325 1291 proprios
3379 1221 3540 1276 mini.

1969 1317 2111 1365 stt-os
2136 1309 2427 1379 possideat,
2462 1310 2685 1367 evidens
2718 1310 2777 1365 tit-
2806 1310 2953 1365 illum
2987 1324 3106 1367 esse
3137 1311 3325 1366 Deum.

2046 1600 2064 1635 ι
2098 1581 2470 1651 Interrogabat
2496 1581 2790 1651 diScipulos
2823 1594 2991 1636 suos:
3034 1578 3202 1645 Quem
3241 1592 3326 1633 me
3352 1577 3547 1642 dicunt

1970 1672 2216 1726 homines
2267 1685 2391 1726 esse
2432 1669 2630 1724 Filium
2682 1668 2955 1723 hominis?
3000 1668 3069 1720 At
3114 1665 3192 1720 illi
3242 1662 3534 1718 dixerunt:

295 1756 361 1809 Οί
393 1758 513 1828 μὲν,
565 1760 817 1832 Ἰωάννην
856 1761 945 1816 τὸν
977 1762 1316 1838 Βαπτιστήν·
1348 1766 1494 1822 ἄλλοι
1520 1768 1598 1832 δὲ,
1648 1767 1860 1822 Ἠλίαν·

1967 1762 2095 1830 Alii,
2123 1760 2382 1817 Joannem
2434 1760 2767 1830 Baptistam;
2820 1757 2913 1812 alii
2962 1766 3164 1822 autem,
3202 1755 3406 1821 Etiam;
3446 1753 3536 1807 alii

293 1847 445 1904 ἄλλοι
483 1850 562 1918 δὲ,
600 1852 944 1925 Ἰερεμίαν,ἢ
972 1853 1069 1909 Eva
1092 1856 1200 1910 τῶν
1231 1859 1547 1930 προφητῶν.
1576 1858 1737 1929 Λέγει
1764 1862 1864 1914 a6-

292 1940 436 2003 τοτς·
482 1938 670 2011 Ὑμεῖς
692 1941 772 2008 δὲ,
804 1943 924 1997 τίνα
960 1961 1028 2015 με
1058 1945 1243 2015 λέγετε
1286 1942 1461 2015 srvat;
1519 1949 1865 2020 Ἀποκριθεὶς

290 2027 371 2094 δὲ,
402 2029 587 2102 φησὶν,
628 2033 657 2086 6
686 2032 911 2105 Πέτρος,
944 2032 1067 2090 εἷπε
1088 2053 1102 2069 ο
1149 2039 1223 2092 Σὺ
1255 2035 1305 2093 εί
1335 2041 1364 2095 6
1398 2040 1637 2113 Χριστὸς
1678 2043 1706 2094 6
1734 2042 1866 2107 Υἱὸς

290 2119 386 2174 τοῦ
417 2121 552 2176 Θεοῦ
580 2123 672 2177 τοῦ
702 2124 920 2192 ζῶντος.
967 2128 1308 2202 Ἀποκριθεὶς
1349 2132 1405 2185 δὲ
1431 2134 1460 2186 6
1501 2132 1740 2204 Ἰησοῦς,
1784 2130 1863 2188 ei-

291 2228 391 2266 πεν
422 2212 603 2284 αὐτῷ’
628 2215 914 2287 Μακάριος
939 2213 1010 2284 εῐ,
1040 2218 1222 2289 Σίμων
1252 2218 1369 2291 Bap
1410 2222 1583 2286 Ἰωνᾶ,
1613 2222 1698 2274 ὅτι
1727 2221 1863 2295 σὰρξ

290 2304 386 2358 καὶ
429 2302 568 2376 αἷμα
608 2307 711 2361 οὐκ
754 2308 1072 2380 ἀπεκάλυῲέ
1107 2327 1210 2377 σοι,
1244 2310 1363 2365 ἀλλ’
1388 2313 1417 2366 6
1462 2313 1656 2384 Πατήρ
1700 2331 1801 2384 μου
1833 2315 1864 2367 6

290 2395 349 2448 ὲν
384 2398 495 2460 τοῖς
535 2396 802 2469 οὐρανοῖς.
837 2416 857 2450 ι
904 2400 971 2453 Εί
999 2399 1154 2470 ψιλὸς
1201 2400 1488 2477 ᾅνθρωπος
1535 2405 1564 2457 6
1604 2404 1858 2475 Χριστὸς,

288 2485 428 2540 διατί
454 2486 826 2558 τεθαύμασται
854 2491 1061 2564 Πέτρος
1078 2493 1364 2564 ,ὁμολογῶν
1408 2496 1569 2552 αὐτόν
1593 2514 1608 2564 ;
1652 2497 1778 2562 Πῶς
1803 2497 1861 2552 δέ

289 2577 407 2629 ἔστι
446 2577 542 2631 καὶ
573 2578 927 2645 θεοδίδακτος,
979 2582 1013 2655 ἢ
1063 2584 1222 2649 ποίας
1256 2585 1451 2659 ἐδεήθη
1499 2590 1860 2658 φωταγωγίας

289 2666 513 2732 ἄνωθεν,
542 2668 629 2722 ἵνα
654 2669 799 2742 μάθῃ
824 2672 884 2725 τὸ
909 2673 998 2726 ἐπ’
1019 2674 1170 2747 αὕτῷ
1194 2678 1518 2749 μυστήριον;
1558 2680 1697 2735 Ἀλλ’
1720 2680 1861 2750 ἔγνω

288 2754 420 2809 Θεὸν
451 2756 605 2830 ὄντα,
642 2758 736 2812 καὶ
774 2757 902 2814 Υίὸν
916 2760 1050 2814 Θεοῦ
1097 2761 1297 2828 ζῶντος
1336 2764 1735 2840 διωμολόγησεν
1769 2771 1862 2825 a6-

286 2846 410 2933 τόν’
440 2847 692 2921 ταύτῃτοι
714 2849 1106 2921 τεθαύμασται.
1130 2853 1275 2927 Πλὴν
1296 2856 1392 2911 ἕνα
1421 2858 1568 2924 Υίὸν,
1605 2860 1698 2913 καὶ
1739 2862 1858 2933 οὐχὶ

287 2932 383 2988 δύο
411 2934 559 3000 υἱούς
591 2954 745 3010 φησι.
786 2940 1056 3005 Δυσσεόὲς
1097 2936 1189 2996 οὖν
1231 2944 1339 3014 ἀρα
1373 2945 1434 2999 τὸ
1479 2946 1735 3019 διορίζειν
1777 2932 1857 3015 είς

288 3027 400 3082 δύο.
435 3049 455 3082 ο
490 3031 689 3087 Μέλλει
712 3033 821 3105 γὰρ
848 3035 877 3087 6
906 3035 1035 3100 Υίὸς
1060 3036 1154 3090 τοῦ
1198 3039 1490 3111 ἀνθρώπου
1514 3041 1771 3114 ἔρχεσθαι
1798 3050 1859 3102 έν

287 3122 352 3191 τῇ
383 3120 507 3193 δόξῃ
541 3122 635 3177 τοῦ
667 3125 879 3196 Πατρὸς
922 3126 1108 3195 αὑτοῦ,
1159 3129 1298 3199 μετὰ
1325 3131 1434 3186 τῶν
1470 3133 1719 3202 ἀγγέλων
1757 3138 1857 3190 a6-

288 3209 404 3267 τοῦ.
457 3231 477 3265 ι
532 3212 663 3268 Ἰδοὺ
718 3217 878 3271 πάλιν
922 3218 1185 3286 ἀγγέλους
1226 3221 1392 3275 αὑτοῦ
1445 3240 1579 3294 φησι
1625 3225 1694 3280 τὰ
1746 3227 1858 3282 ἄνω

290 3302 592 3375 πνεύματα,
625 3305 799 3362 καίτοι
827 3305 1120 3379 λεγομένου
1155 3308 1286 3364 Υἰοῦ
1316 3311 1625 3382 ἀνθρώπου.

359 3596 381 3630 ι
438 3577 730 3633 Ἐλθόντων
786 3578 850 3650 δὴ
895 3572 988 3634 οὗν
1022 3580 1043 3619 ί
1103 3582 1185 3646 εἰς
1222 3581 1615 3656 Καπερναοὺμ,
1686 3606 1855 3660 προσ-

292 3665 455 3739 ῆλθον
479 3667 529 3720 οἱ
560 3666 629 3721 τὰ
647 3667 922 3740 δίδραχμα⁸
940 3670 1324 3743 λαμϐάνοντες,
1342 3675 1419 3745 τῷ
1446 3675 1658 3747 Πέτρῳ,
1671 3680 1768 3732 καὶ
1783 3678 1852 3733 εἴ.

287 3776 387 3815 πον
404 3775 419 3790 ·
463 3759 521 3815 '0
543 3758 861 3825 διδάσκαλος
883 3761 1035 3833 ὑμῶν
1053 3763 1115 3816 06
1145 3763 1291 3818 τελεί
1306 3764 1376 3819 τὰ
1399 3765 1671 3838 δίδραχμα
1690 3785 1706 3834 ;
1741 3770 1854 3825 Καὶ

284 3850 461 3919 λέγει·
515 3850 642 3905 Ναί.
691 3852 802 3908 Καὶ
847 3853 1159 3908 εἰσελθόντα
1213 3856 1291 3919 είς
1333 3856 1433 3928 τὴν
1472 3858 1672 3926 οἰκίαν,
1720 3878 1858 3932 προ-

285 3940 517 4010 έφθασεν
545 3941 706 3997 αὑτὸν
754 3944 784 3997 6
836 3943 1062 4013 Ἰησοῦς,
1088 3943 1294 4013 λέγων·
1350 3946 1415 3998 Τί
1448 3963 1529 4001 σοι
1570 3948 1735 4016 δοκεῖ,
1772 3950 1860 4003 Σί-

1967 1868 2119 1919 vero,
2159 1851 2471 1919 Jeremiam,
2499 1859 2592 1905 aut
2623 1864 2787 1904 unum
2819 1864 2884 1902 ex
2914 1847 3209 1917 prophetis.
3247 1846 3391 1898 Dixit
3432 1845 3538 1898 illis

1965 1943 2162 2001 Iesus:
2199 1945 2305 2000 Vos
2337 1951 2514 1997 autem
2553 1955 2711 2009 quem
2744 1954 2830 1994 me
2870 1953 2990 1994 esse
3029 1937 3243 1992 dicitis?
3288 1936 3536 2011 Respon-

1966 2036 2098 2091 dens
2128 2035 2314 2091 Simon
2342 2033 2535 2089 Petrus
2565 2032 2738 2088 dixit:
2772 2030 2853 2086 Tu
2884 2045 2942 2087 es
2972 2029 3220 2084 Christus
3244 2027 3412 2081 Filius
3439 2025 3547 2080 Dei

1963 2125 2461 2193 vivi.Respondens
2483 2132 2662 2177 autem
2695 2119 2874 2187 Jesus,
2916 2120 3051 2174 dixit
3084 2120 3132 2174 ei
3165 2136 3177 2173 :
3219 2117 3417 2172 Beatus
3449 2130 3547 2179 es,.

1965 2214 2151 2271 Simon
2175 2215 2282 2269 Bar
2309 2213 2465 2279 Jona,
2488 2214 2614 2282 quia
2642 2226 2771 2267 caro
2796 2221 2850 2267 et
2878 2211 3095 2280 sanguis
3129 2223 3235 2263 non
3271 2206 3535 2263 revelavit

1963 2307 2083 2373 tibi,
2130 2306 2225 2361 sed
2269 2303 2433 2358 Pater
2463 2317 2636 2367 meus,
2659 2303 2752 2372 qui
2778 2312 2862 2358 est
2886 2303 2941 2356 in
2970 2301 3122 2356 caelis
3149 2301 3188 2353 ί.
3228 2318 3246 2351 ι
3286 2300 3341 2353 Si
3368 2298 3530 2353 Citri-

1963 2406 2078 2455 stus
2122 2396 2421 2454 communis
2465 2394 2771 2465 vulgarisve
2824 2403 3030 2448 tantum
3074 2393 3237 2447 homo
3282 2400 3386 2455 est,
3434 2405 3532 2445 cur

1960 2489 2152 2544 Petrus
2182 2488 2251 2542 ob
2284 2501 2437 2543 suam
2483 2486 2880 2542 confessionem
2922 2483 3254 2539 admirabilis
3291 2483 3532 2537 declara-

1962 2591 2049 2637 tus
2072 2589 2126 2636 et
2155 2579 2405 2636 laudatus
2431 2579 2557 2633 est?
2598 2576 2879 2644 Quomodo
2927 2575 3181 2630 divinitus
3221 2574 3533 2644 perhibetur

1960 2669 2220 2726 edoctus?
2242 2674 2349 2723 Aut
2371 2682 2606 2738 quanam
2648 2681 2881 2737 superna
2909 2680 3043 2734 opus
3077 2673 3195 2721 erat
3228 2665 3301 2718 illi
3334 2665 3532 2719 illumi-

1959 2759 2201 2822 natione,
2244 2766 2303 2812 ut
2344 2756 2473 2811 illud
2516 2754 2718 2812 Christi
2770 2755 3087 2824 mysterium
3123 2754 3384 2823 caperet?
3432 2752 3534 2808 Ve-

1960 2866 2079 2906 rum
2118 2851 2242 2919 quia
2272 2850 2441 2904 Deum
2469 2863 2592 2904 esse
2621 2848 2857 2918 agnovit,
2901 2847 3242 2916 viventisque
3288 2845 3381 2900 Dei
3435 2845 3526 2900 Fi-

1958 2940 2086 2994 lium
2128 2955 2249 2996 esse
2292 2939 2648 3009 praedicavit,
2700 2938 2824 2992 ideo
2876 2937 3140 2992 mirabilis
3181 2947 3238 2991 et
3279 2936 3529 3005 egregius

1964 3032 2178 3086 habitus
2203 3040 2305 3087 est.
2337 3031 2521 3099 Neque
2557 3039 2738 3084 tamen
2770 3030 2905 3084 duos
2935 3028 3217 3084 confessus
3248 3038 3330 3083 est
3365 3028 3526 3089 ﬁlios.

1960 3123 2055 3177 sed
2096 3137 2259 3177 unum
2307 3121 2592 3177 duntaxat.
2629 3119 2858 3190 Impium
2904 3118 3088 3188 itaque
3131 3126 3214 3172 est
3254 3116 3528 3173 Christum

1959 3213 2015 3269 in
2049 3215 2183 3269 duos
2210 3213 2451 3268 dividere
2484 3212 2645 3266 lilios.
2676 3229 2694 3263 ι
2725 3211 2897 3267 Filius
2928 3210 3072 3265 enim
3111 3210 3345 3265 hominis
3396 3225 3529 3263 ven-

1958 3313 2112 3359 turus
2140 3311 2230 3360 est.
2257 3304 2309 3358 in
2338 3302 2506 3374 gloria
2534 3302 2713 3356 Patris
2740 3303 2821 3356 sui
2864 3317 2981 3355 cum
3026 3300 3231 3370 angelis
3278 3300 3390 3355 suis
3416 3302 3460 3354 ⁸.
3506 3319 3524 3352 ι

1958 3397 2036 3451 Ειι
2090 3397 2283 3450 iterum
2336 3395 2587 3451 caelestes
2619 3395 2843 3465 Spiritus
2892 3410 3018 3449 suos
3068 3393 3286 3464 angelos
3336 3403 3529 3461 vocat,

1958 3487 2169 3543 etiamsi
2200 3486 2437 3544 hominis
2466 3486 2636 3541 Filius
2664 3487 2894 3541 dicatur.

2034 3595 2053 3629 ι
2105 3577 2173 3632 Et
2220 3593 2342 3633 cum
2388 3578 2664 3632 venissent
2727 3576 3129 3647 Capharnaum,
3184 3587 3560 3633 accesserunt-

1958 3667 2049 3736 qui
2081 3667 2400 3722 didrachma
2431 3669 2787 3738 accipiebant,
2822 3670 2886 3722 ad
2911 3668 3163 3737 Petrum,
3195 3677 3248 3720 ct
3278 3668 3531 3720 dixerunt

1956 3758 2051 3813 ei:
2105 3758 2359 3829 Magister
2404 3766 2586 3813 vester
2637 3774 2743 3812 non
2776 3759 2935 3812 solvit
2998 3757 3346 3812 didrachma?
3392 3756 3525 3809 Ait:

1957 3846 2156 3902 Etiam.
2180 3848 2250 3901 Et
2274 3862 2394 3901 cum
2424 3847 2675 3902 intrasset
2712 3848 2763 3900 in
2816 3847 3058 3912 domum,
3102 3847 3360 3916 prmvenit
3406 3862 3535 3900 eum

1952 3937 2135 4003 Jesus,
2180 3938 2408 3993 dicens:
2467 3937 2603 4003 Quid
2656 3938 2749 3991 tibi
2779 3939 3016 4002 videtur,
3077 3937 3305 3991 Simon?
3358 3937 3557 4007 [leges

288 4008 439 4102 pinv;
479 4035 528 4087 οἱ
572 4033 813 4104 βασιλεῖς
865 4008 966 4103 ei};
1011 4032 1115 4104 γῆς
1162 4008 1273 4088 ἀπὸ
1320 4035 1479 4090 τίνων
1522 4008 1859 4109 λαμϐάνουσι

1967 4038 2117 4085 terra:
2149 4043 2179 4083 a
2219 4008 2417 4098 qitibus
2454 4028 2725 4097 accipiunt
2766 4029 3023 4083 tributum
3067 4029 3150 4081 vel
3184 4043 3445 4093 censum,
3496 4045 3525 4082 τι

283 4121 433 4193 τέλη,
478 4124 512 4194 ἢ
555 4123 786 4195 κῆνσον;
834 4123 942 4177 ἀπὸ
980 4124 1091 4177 τῶν
1119 4123 1251 4179 υίῶν
1280 4125 1544 4196 αὑτῶν,ἢ
1597 4127 1704 4181 ἀπὸ
1748 4128 1857 4183 τῶν

1967 4120 2083 4175 [iliis
2110 4120 2242 4187 suis,
2269 4133 2334 4173 an
2366 4120 2434 4173 ab
2469 4118 2704 4174 alienis?
2736 4127 2790 4172 et
2824 4118 2913 4173 ille
2950 4118 3082 4172 dixit
3119 4137 3132 4173 :
3174 4116 3256 4172 Ab
3291 4117 3479 4173 alienis
3513 4140 3523 4173 :

283 4214 610 4285 ἀλλοτρίων,
631 4210 767 4268 Εἶπε
792 4215 849 4267 δὲ
876 4215 1022 4287 αὐτῷ
1039 4232 1054 4248 ⁸
1089 4215 1220 4270 Ἀπὸ
1246 4216 1355 4271 τῶν
1380 4217 1696 4290 ἀλλοτρίων.
1722 4217 1859 4275 Εἷπε

1967 4211 2094 4266 dixit
2122 4211 2198 4265 illi
2230 4208 2385 4267 Jesus
2413 4224 2427 4263 :
2459 4208 2599 4279 Ergo
2633 4210 2788 4266 liberi
2826 4220 2953 4264 sunt
2984 4210 3080 4265 ﬁlii
3109 4211 3149 4266 ³.
3189 4227 3208 4259 ι
3249 4209 3527 4276 Quomodo

282 4305 337 4359 δὲ
355 4304 506 4375 αὐτῷ
531 4305 560 4357 6
599 4304 806 4376 Ἰησοῦς
824 4321 838 4338 ·
876 4307 1018 4377 Ἀρα
1041 4324 1105 4376 γε
1143 4305 1411 4380 ἐλεύθεροί
1433 4310 1570 4363 είσιν
1597 4310 1647 4363 οἱ
1675 4311 1801 4365 υἱοί.
1829 4331 1850 4365 ι

1967 4303 2209 4368 liberum,
2265 4302 2367 4357 hoc
2420 4311 2502 4357 est
2536 4316 2565 4354 a
2618 4302 2753 4371 legis
2793 4301 3008 4356 vinculo
3061 4302 3353 4371 tributique
3397 4318 3529 4372 pen-

282 4395 404 4460 Πῶς
437 4395 719 4468 ἐλεύθερον
759 4397 948 4451 ἑαυτὸν
979 4392 1115 4451 εἶναι
1163 4414 1317 4469 φησι,
1368 4400 1461 4453 καὶ
1504 4398 1607 4465 ἔξω
1653 4401 1842 4473 νόμου,

282 4486 378 4540 καὶ
400 4486 688 4559 ἀσυντελῆ,
735 4489 830 4542 καὶ
863 4488 991 4544 Υἱὸν
1036 4489 1270 4559 ἀληθῶς,
1322 4491 1369 4543 εἰ
1416 4489 1490 4562 μὴ
1520 4490 1651 4554 Θεός
1678 4492 1846 4559 ἐστιν,

282 4576 469 4633 ἑνώσει
497 4583 565 4652 τῇ
592 4580 713 4634 καθ’
742 4581 1038 4635 ὑπόστασιν
1057 4581 1256 4651 σαρκὸς
1290 4581 1384 4634 καὶ
1412 4582 1642 4653 αἵματος
1668 4598 1849 4635 κεκοι-

280 4671 568 4743 νωνηκώς;
599 4672 952 4725 Συντετέλεκε
982 4672 1038 4725 δὲ
1062 4672 1122 4725 τὸ
1152 4673 1466 4744 δίδραχμον,
1509 4674 1586 4739 ὡς
1612 4674 1851 4743 γεγονὼς

282 4760 384 4814 ὑπὸ
415 4761 578 4831 νόμον
606 4762 634 4815 6
660 4760 799 4831 ὑπὲρ
827 4759 989 4828 νόμον
1016 4759 1162 4823 Υίός.
1194 4759 1511 4831 Ἀνθρωπος
1535 4761 1592 4814 δὲ
1615 4761 1711 4828 ὣν,
1753 4763 1852 4833 οὐχ

285 4849 419 4921 ὑπὲρ
443 4850 604 4920 νόμον
625 4852 824 4903 νοεῖται
857 4866 871 4880 ⁸
900 4849 1018 4913 πῶς
1040 4849 1181 4919 γάρ;
1211 4849 1319 4903 οὐδ’
1347 4849 1411 4903 ἂν
1439 4851 1552 4923 ἔχοι
1579 4853 1719 4906 κατά
1747 4854 1849 4921 φύ-

284 4954 365 4991 σιν
407 4938 470 4991 τὸ
499 4939 800 5011 ἐλεύθερον,
844 4941 890 4993 εί
928 4939 1003 5010 μὴ
1031 4941 1229 4992 νοεῖται
1260 4938 1393 5003 Θεὸς
1421 4941 1478 4992 έν
1520 4940 1841 5012 ἀνθρωπεία

324 5045 464 5085 οοφη
474 5071 491 5085 οη

324 5045 352 5081 ο
474 5071 491 5085 ,η

286 5045 322 5098 μ
357 5031 762 5185 Βιῗῖἱιύιιίνοντος
787 5123 845 5175 ὲν
882 5119 1272 5193 Ἱεροσολύμοις
1316 5117 1411 5172 τοῦ
1442 5118 1659 5172 πάντων
1686 5117 1718 5189 ἡ
1729 5119 1843 5189 μῶν

1957 4396 2110 4448 sione
2138 4394 2454 4459 immunem,
2482 4408 2693 4448 necnon
2727 4409 2908 4447 verum
2941 4393 3132 4447 Filium
3167 4408 3227 4448 sc
3248 4393 3522 4462 praedicat,

1958 4488 2003 4543 si
2037 4488 2220 4541 carnis
2243 4496 2296 4542 et
2319 4487 2600 4557 sanguinis
2638 4490 2936 4542 secundum
2964 4486 3351 4557 hypostaticam
3379 4486 3527 4538 unio-

1959 4594 2080 4633 nem
2111 4583 2380 4649 particeps
2406 4579 2652 4648 effectus,
2686 4596 2791 4634 non
2824 4589 2908 4634 est
2956 4578 3135 4633 Deus?
3165 4581 3235 4632 At
3277 4577 3537 4643 dependit

1957 4671 2308 4727 nihilominus
2357 4672 2668 4726 didrachma
2739 4681 2995 4741 tanquam
3063 4669 3164 4738 legi
3227 4665 3523 4730 obnoxius,

1957 4777 2080 4817 cum
2117 4771 2293 4815 tamen
2328 4770 2384 4813 ut
2410 4762 2577 4816 Filius
2600 4762 2714 4832 lege
2742 4760 2912 4828 major
2941 4767 3104 4813 esset.
3149 4756 3343 4813 Verum
3374 4756 3419 4811 si
3454 4757 3525 4811 sit

1955 4853 2139 4915 homo,
2175 4866 2279 4905 non
2314 4860 2398 4905 est
2427 4866 2590 4921 supra
2622 4852 2813 4921 legem.
2844 4848 3013 4904 Nemo
3046 4849 3187 4902 enim
3221 4848 3518 4901 naturalem

1953 4941 2256 4996 libertatem
2289 4939 2361 4994 illi
2398 4941 2615 5007 tribuet,
2648 4941 2752 4995 nisi
2785 4949 2843 4994 ut
2886 4940 3051 4994 Deum
3079 4938 3313 4993 humana
3350 4936 3541 5000 forum

1954 5032 2200 5087 indutum
2226 5032 2408 5085 animo
2439 5033 2684 5087 eumdem
2716 5031 3005 5100 concipiat.

2023 5121 2245 5177 Christo
2287 5123 2525 5177 omnium
2588 5132 2828 5177 nostrum
2880 5120 3159 5175 Salvatore
3208 5119 3524 5203 llierosolr-

284 5211 530 5283 Σωτῆρος
554 5211 813 5284 Χριστοῦ,
846 5212 1034 5275 παῖδες
1063 5209 1436 5284 προεϐἁδιζον,
1479 5206 1850 5280 εὐφημοῦντές

1967 5225 2097 5266 mam
2129 5213 2475 5279 ascendente,
2500 5211 2651 5280 pueri
2683 5217 3002 5280 prreeuntes,
3024 5207 3346 5278 laudumque
3377 5221 3520 5277 pra:-

358 5367 406 5400 "
437 5365 631 5420 Matth.
663 5380 783 5429 xm,
826 5364 1020 5420 60-42.
1096 5365 1141 5397 θ’
1174 5362 1318 5419 Psal.
1349 5378 1440 5428 cn,
1482 5361 1573 5417 20.
1655 5360 1860 5417 ’Matth

1967 5377 2021 5429 tt,
2055 5360 2244 5415 15-17.
2322 5363 2342 5392 ³
2374 5362 2506 5418 ibid.
2532 5362 2622 5416 27.
2701 5364 2720 5393 ³
2744 5360 2936 5426 Matth,
2969 5376 3095 5427 nu,
3124 5316 3325 5415 23-25..

1334 5517 1506 5574 Variae
1533 5516 1793 5572 lectiones
1823 5516 2024 5572 codicis
2060 5515 2421 5595 Seguieriani.

360 5660 382 5701 ῖ
407 5660 463 5715 δὲ
485 5661 684 5715 αὐτῶν.
