3910 6200
408 333 543 389 1267

1391 332 1451 388 S.
1491 332 1764 390 CYRlLLl
1800 322 2262 388 ALEXANDRINI
2308 325 2623 384 ARCHIEP.

3510 327 3657 383 3233

403 451 558 508 conia
607 448 1025 519 depromentes,
1052 447 1162 520 83
1208 466 1229 502 ι
1257 402 1509 504 lit’isanna
1537 449 1648 504 lilio
1695 448 1890 513 David,
1939 466 1949 498 l

2065 463 2122 499 τε
2141 446 2233 500 καὶ
2258 445 2534 514 λέγοντεςο
2555 460 2573 494 ι
2600 438 2827 495 Ὡσαννὰ
2848 439 2926 512 τῷ
2953 441 3055 513 υἱῷ
3073 441 3254 496 Acuta.
3292 462 3310 495 ι
3326 442 3659 517 Θεοπρεπὴς

400 540 763 596 σιειπιεὺειιιδ.
829 539 901 594 At
939 539 1056 597 haec
1129 539 1449 596 acclamatio
1495 541 1548 596 in
1588 540 1762 596 solum
1796 540 1963 596 Deum

400 632 651 699 quadrat.
711 649 730 682 ι
761 630 1030 700 lndignati
1081 641 1258 688 autem
1312 632 1568 689 Pharisaei
1623 632 1679 687 in
1728 632 1964 688 medium

399 730 802 788 prorumpunt:
833 721 1045 785 Audis,
1095 721 1370 789 inquiunt,
1421 723 1551 792 quid
1598 723 1683 778 isti
1743 722 1966 777 dicunt?

397 807 558 864 Jesus
587 819 763 864 autem
811 811 950 865 dixit
998 812 1120 867 eis:
1158 811 1373 881 Utique.
1410 811 1695 884 Nunquam
1732 813 1964 883 legistis,

396 899 522 967 quia
550 899 630 953 Ex
656 914 751 954 ore
786 901 1070 956 infantium
1108 912 1164 957 et
1188 903 1502 957 Iactentium
1542 903 1816 973 perfecisti
1853 901 1966 956 lau-

396 989 517 1041 dent
541 988 604 1041 '?
630 1006 651 1041 ι
678 987 784 1044 Sed
810 991 1025 1045 beatum
1064 991 1232 1047 David
1274 992 1378 1047 hoc
1409 993 1530 1048 lu’co
1560 993 1749 1047 audire
1787 1006 1965 1062 opera:

396 1077 627 1144 pretium
649 1086 769 1145 est;
807 1080 1077 1133 aitautem
1110 1098 1124 1135 :
1160 1098 1179 1133 ι
1205 1082 1430 1138 Domine
1457 1081 1713 1138 Dominus
1757 1090 1963 1146 noster,

396 1181 557 1236 quam
582 1169 896 1223 admirabile
917 1180 1000 1226 est
1018 1185 1215 1226 nomen
1241 1180 1390 1226 tuum
1422 1172 1475 1227 in
1500 1172 1749 1229 universa
1773 1180 1919 1227 terra
1946 1176 1959 1230 l

403 1258 674 1324 Quoniam
698 1259 910 1315 elevata
943 1271 1027 1316 est
1050 1261 1449 1331 magniﬁcentia
1483 1273 1572 1318 tua
1596 1278 1757 1332 super
1774 1265 1963 1321 ctelos.

394 1349 474 1403 Ex
498 1363 592 1405 ore
616 1348 901 1406 infantium
925 1360 981 1406 et
1000 1352 1318 1409 lactentium
1337 1353 1616 1424 perfecisti
1633 1357 1847 1412 laudem
1868 1358 1911 1412 °.
1935 1376 1957 1412 ι

392 1436 554 1494 Pueri
611 1454 845 1510 namque
895 1456 1087 1512 magna
1139 1443 1502 1502 exsultatione
1558 1446 1961 1515 acclamantes,

393 1527 632 1591 aiebant,
698 1547 719 1582 ι
768 1528 1020 1587 Hosanua
1071 1532 1182 1588 lilio
1219 1533 1409 1590 David.
1442 1554 1465 1589 ι
1513 1535 1565 1592 ls
1605 1551 1767 1607 porro
1812 1538 1967 1609 cujus

393 1618 629 1689 elogium
660 1620 1040 1695 decantabant,
1063 1624 1326 1692 ejusmodi
1356 1625 1568 1680 laudem
1604 1633 1659 1681 et
1696 1628 1964 1682 acclama-

397 1712 600 1768 tionem
629 1714 945 1782 neutiquam
982 1715 1322 1784 repudiabat.
1374 1716 1537 1786 Atqui
1569 1718 1759 1773 beatus
1797 1717 1964 1772 David

2062 537 2121 591 δὲ
2140 536 2355 599 πάντως
2371 535 2515 587 ἐστὶν
2546 529 2893 603 ήδοξολογία.
2929 548 2949 583 ‹
2983 531 3398 604 Ἦγανάκτησαν
3414 527 3461 585 ot
3479 534 3645 603 Φαρι-

2066 629 2225 690 σαῖοι,
2246 626 2339 680 καὶ
2353 625 2417 697 δὴ
2441 624 2536 679 καὶ
2557 622 2886 695 προσῄεσαν,
2903 621 3172 691 λέγοντες·
3206 622 3447 686 ’Δκούεις
3482 625 3537 677 τί
3561 620 3647 678 οὗ·

2063 737 2145 773 τοι
2171 718 2452 787 λέγουσιν;
2489 718 2545 771 ’0
2567 715 2622 768 δὲ
2659 714 2865 785 Ἰησοῦς
2888 708 3040 770 εἶπεν
3066 716 3248 779 αὐτοῖς
3271 733 3286 748 ·
3323 717 3449 771 Ναί.
3490 718 3665 771 Οὐδὲ-

2065 826 2194 865 ποτε
2217 808 2597 878 άνέγνωτε,ὃτι
2636 806 2730 861 Ἐκ
2748 808 3012 877 στόματος
3040 809 3249 878 νηπίων
3265 810 3358 862 καί⁸
3383 809 3622 881 θηλαζόν
3646 844 3657 851 -

2063 918 2169 957 των
2190 900 2505 971 κατηρτίσω
2536 894 2713 966 αϊνον;
2752 917 2772 950 ι
2822 899 3143 968 ’Δναγκαῖον
3184 902 3241 954 ἐν
3271 901 3479 965 τούτοις
3528 901 3650 954 δια-

2068 992 2433 1063 μνημονεῦσαι
2475 991 2568 1045 τοῦ
2595 991 2865 1064 μακαρίου
2879 991 3043 1045 Δαυῒό
3064 992 3346 1060 λέγοντοςσ
3380 1013 3398 1043 ι
3438 994 3649 1064 Κύριε,

2064 1085 2093 1136 6
2115 1082 2316 1155 Κύριος
2346 1081 2524 1154 ήμῶν,
2551 1081 2627 1144 ὡς
2666 1080 2976 1151 θαυμαστὸν
3008 1081 3066 1135 τὸ
3101 1082 3272 1153 ὄνομά
3295 1101 3386 1136 σου
3413 1086 3466 1136 ὲν
3492 1087 3651 1156 πάσῃ

2064 1176 2129 1246 τῇ
2159 1176 2229 1244 γῇ
2258 1174 2270 1227 ε
2302 1172 2426 1225 Ὅτι
2467 1170 2677 1242 ἐπήρθη
2703 1172 2736 1242 ἡ
2775 1171 3222 1242 μεγαλοπρέπειά
3259 1191 3350 1227 σου
3383 1175 3655 1246 ὑπεράνω

2062 1263 2170 1317 τῶν
2210 1262 2473 1332 οὐρανῶν.
2519 1263 2613 1315 Ἐκ
2643 1263 2911 1332 στόματος
2938 1263 3146 1332 νηπίων
3178 1266 3270 1318 καὶ
3301 1264 3653 1334 θηλαζόντων

2063 1355 2377 1427 κατηρτίσω
2405 1348 2574 1407 αἶνον.
2614 1371 2633 1405 ι
2671 1355 2732 1406 Ui
2784 1353 2883 1423 μὲν
2908 1353 3017 1424 γὰρ
3056 1354 3241 1418 παῖδες
3267 1356 3645 1427 εὐφημοῦντες

2061 1445 2271 1515 ἔλεγον·
2307 1462 2328 1497 ι
2390 1444 2618 1498 Ὡσαννά
2643 1442 2721 1515 τῷ
2749 1444 2851 1515 υίῴ
2880 1445 3066 1499 Δαυῖδ.
3116 1465 3136 1498 ι
3171 1448 3536 1518 Καταδέχεται
3576 1450 3643 1503 δὲ

2061 1537 2160 1607 τὴν
2202 1535 2510 1604 δοξολογίαν
2557 1535 2989 1606 εὐφημούμενος.
3047 1537 3107 1590 '0
3150 1537 3207 1590 δέ
3255 1554 3319 1607 γε
3366 1539 3643 1612 μακάριος

2061 1626 2223 1682 Δαυῒδ
2250 1627 2351 1680 οὐκ
2372 1626 2467 1680 ἀνθ
2477 1624 2642 1697 ρώπῳ
2661 1625 2867 1696 ταύτην
2889 1627 3204 1682 ἀνατέθεικε
3235 1629 3419 1700 κοινῷ,
3440 1632 3641 1703 Κυρίῳ

2061 1717 2118 1771 δὲ
2150 1716 2374 1788 μᾶλλον,
2410 1709 2473 1769 οὗ
2502 1715 2597 1769 καὶ
2625 1714 2935 1786 θαυμαστὸν
2963 1717 3025 1770 τὸ
3069 1717 3243 1787 ὄνομα
3288 1720 3343 1771 ὲν
3389 1720 3541 1791 πάσῃ
3566 1725 3641 1793 τῇ

390 1818 508 1860 eam
563 1805 1011 1863 acclamationem
1070 1822 1178 1862 non
1223 1809 1496 1863 communi
1536 1808 1700 1865 alicui
1749 1809 1949 1865 homini

2056 1810 2154 1879 γῇο
2182 1806 2393 1878 ἐπήρθη
2427 1806 2537 1876 γὰρ
2577 1807 2610 1875 ή
2656 1806 3097 1877 μεγαλοπρέπεια
3130 1805 3344 1880 [αὑτοῦ]
3373 1809 3642 1881 ὑπεράνω

392 1897 685 1965 tribuebat,
721 1900 817 1954 sed
843 1898 1083 1954 omnium
1124 1898 1390 1956 Domino:
1427 1900 1572 1956 illius
1599 1901 1743 1956 enim
1788 1900 1958 1956 solius

391 2003 585 2043 nomen
621 1989 878 2045 universa
915 1998 1060 2046 terra
1109 1991 1430 2060 demiratur,
1462 1991 1813 2062 ejusdemque
1844 2007 1957 2047 ma-

2060 1898 2168 1954 τῶν
2192 1897 2455 1969 οὐρανῶν.
2479 1893 2630 1963 Εἶτα,
2654 1897 2771 1961 πῶς
2792 1897 2852 1951 οὐ
2871 1896 3001 1962 Θεὸς
3024 1900 3053 1952 6
3079 1898 3207 1963 Υίῢς
3225 1898 3384 1954 Δαυῒδ
3406 1900 3466 1954 τὸ
3492 1903 3640 1956 κατὰ

2066 1990 2244 2061 σάρκα
2272 1987 2536 2060 Χριστόςς

388 2083 697 2153 gniﬂcentia
746 2099 909 2156 super
955 2100 1145 2142 omnes
1193 2088 1358 2144 caelos
1405 2087 1629 2145 tollitur.
1657 2088 1952 2156 {Quomodo
1988 2099 2117 2155 ergo
2150 2084 2397 2139 Christus
2466 2078 2689 2137 Davidis
2748 2080 3042 2141 secundum
3080 2082 3484 2141 carnem'iilius
3522 2102 3639 2141 non

389 2188 473 2234 est
508 2180 690 2238 Deus?

471 2316 490 2351 ι
518 2296 654 2352 Cum
679 2306 860 2354 autem
888 2301 1098 2355 venerit
1129 2299 1299 2355 Filius
1322 2300 1558 2356 hominis
1587 2303 1641 2355 in
1666 2301 1961 2370 majestate

390 2402 507 2453 sua,
548 2399 603 2444 et
632 2403 820 2445 omnes
864 2392 1037 2460 angeli
1073 2405 1194 2446 cum
1222 2406 1331 2461 eo,
1390 2401 1515 2447 tunc
1547 2390 1755 2447 sedebit
1788 2405 1953 2461 super

385 2479 571 2535 sedem
600 2478 901 2547 maiestatis
924 2481 1087 2535 suae".
1121 2499 1141 2533 ι
1169 2480 1421 2551 Nunquid
1441 2480 1691 2537 ChriStus
1712 2488 1772 2535 ut
1789 2480 1952 2535 homo

384 2571 653 2640 quispiam
685 2572 859 2626 nostri
889 2572 1083 2628 similis
1107 2588 1202 2643 pro
1226 2573 1481 2629 tribunali
1509 2572 1740 2639 sedebit,
1766 2581 1952 2627 astan-

386 2661 638 2731 tibusque
684 2663 936 2718 omnibus
965 2665 1323 2735 undequaque
1354 2664 1451 2733 ipsi
1494 2664 1721 2734 angelis,
1764 2663 1949 2718 orbem

375 2752 681 2821 iudicabit?
713 2752 813 2819 Qui
859 2747 1039 2817 istud',’
1054 2755 1305 2821 obsecro,
1352 2755 1550 2810 rationi
1591 2763 1677 2810 est
1723 2769 1952 2811 consen-

384 2842 644 2897 taneum?
696 2844 890 2898 Annon
924 2845 1182 2914 scriptum
1226 2854 1348 2900 est:
1383 2863 1402 2896 ι
1431 2845 1583 2901 Unus
1616 2854 1698 2901 est
1726 2845 1947 2914 legisla-

382 2939 489 2998 tor,
514 2932 751 3002 etjudex
775 2934 836 2989 ‘1'
866 2953 885 2987 ι
930 2935 1068 2989 Deus
1099 2934 1263 3006 igitur
1283 2946 1368 2991 est
1395 2936 1668 3004 Christus,
1705 2936 1797 3007 qui
1826 2936 1941 3005 pari

2131 2316 2150 2349 t
2175 2297 2346 2350 Ὅταν
2371 2293 2501 2366 ἔλθῃ
2516 2293 2686 2357 ὁΥίὸς
2707 2292 2800 2349 τοῦ
2825 2291 3115 2365 ἀνθρώπου
3139 2293 3196 2347 ὲν
3211 2297 3275 2365 τῇ
3292 2294 3415 2366 δόξῃ
3437 2297 3636 2366 αὑτοῦ,

2055 2387 2151 2443 καὶ
2190 2387 2390 2450 πάντες
2431 2387 2479 2439 οἱ
2510 2384 2731 2454 ἄγγελοι
2777 2384 2893 2455 μετ’
2923 2383 3109 2451 αὐτοῦ,
3138 2386 3259 2439 τότε
3293 2388 3508 2441 καθίσει
3536 2392 3636 2444 ἐπὶ

2057 2478 2242 2551 θρόνον
2269 2476 2429 2548 δόξης
2477 2474 2664 2530 αὑτοῦ.
2703 2495 2723 2530 ι
2767 2471 2916 2547 ’Δρα
2955 2476 3029 2540 ὡς
3072 2475 3353 2547 ἄνθρωπος
3396 2472 3480 2542 εἷς
3520 2480 3638 2533 τῶν

2057 2569 2180 2623 καθ’
2206 2571 2355 2641 ἡμᾶς
2400 2567 2707 2622 καθεδεῖται
2735 2568 2989 2637 Χριστὸς,
3025 2569 3447 2639 παρεστηκότων
3479 2570 3638 2641 αὐτῷ

2055 2661 2274 2715 πάντων
2320 2659 2431 2714 τῶν
2461 2658 2727 2729 ἀγγέλων,
2759 2657 2903 2713 οὕτω
2942 2676 3003 2712 τε
3033 2663 3209 2730 κρινεῖ
3253 2661 3346 2714 τὸν
3386 2661 3637 2732 κόσμον;

2052 2748 2207 2817 Εἶτα,
2256 2752 2407 2805 ποῖον
2437 2750 2550 2822 ἔχει
2596 2750 2754 2805 τοῦτο
2799 2750 2991 2819 λόγον;
3038 2751 3347 2823 Γέγραπται
3382 2752 3517 2824 γάρ,
3546 2755 3639 2808 ὅτι

2059 2859 2078 2892 ι
2106 2837 2201 2905 Εἷς
2235 2842 2380 2895 ἐστιν
2404 2841 2432 2893 6
2453 2839 2749 2911 νομοθέτης
2775 2840 2870 2894 καὶ
2898 2840 3111 2911 κριτής.
3150 2860 3169 2892 ›
3204 2841 3336 2905 Θεὸς
3363 2838 3455 2894 οὖν
3517 2844 3641 2913 ἄρα

2049 2931 2300 3015 Χριστὸς,
2315 2932 2344 2983 6
2366 2931 2422 2983 ἐν
2437 2929 2562 3001 δόξῃ
2579 2929 2734 2997 Θεοῦ,
2751 2928 2844 2983 καὶ
2859 2929 3045 3000 θρόνον
3071 2929 3228 3001 ἔχων,
3247 2932 3338 2984 καὶ
3350 2948 3489 3002 παρε
3498 2934 3636 2986 στῶ-

379 3040 502 3080 cum
552 3025 661 3079 Deo
715 3024 885 3095 gloria
931 3025 1161 3093 pollens,
1211 3026 1940 3095 thronumquejudiciarium

2056 3038 2146 3085 τας
2178 3021 2463 3090 ἀγγέλους,
2492 3020 2588 3075 καὶ
2628 3021 2829 3093 κρίνων
2854 3021 2952 3094 τὴν
2982 3022 3306 3094 οἰκουμένην
3330 3024 3390 3078 ὲν
3412 3024 3631 3079 δικαιο-

378 3117 654 3184 obtinens,
713 3130 778 3171 ac
827 3116 1048 3187 angelos
1090 3118 1515 3187 circumquaque
1564 3125 1805 3171 astantes
1849 3116 1947 3171 ba-

378 3210 533 3274 bens,
565 3208 617 3263 in
643 3208 855 3278 iustitia
881 3219 1149 3264 terrarum
1175 3209 1361 3264 orbem
1389 3207 1671 3278 iudicabit.

454 3340 474 3374 ι
506 3321 571 3376 Et
620 3321 871 3390 princeps
896 3322 1238 3376 sacerdotum
1290 3322 1364 3376 ait
1390 3321 1464 3376 illi
1495 3340 1512 3377 :
1541 3321 1744 3391 Adjuro
1772 3329 1823 3376 te
1851 3335 1949 3387 per

377 3412 549 3468 Deum
579 3413 786 3479 vivum,
818 3423 876 3467 ut
910 3414 1057 3468 dicas
1081 3413 1259 3478 nobis,
1288 3412 1332 3468 si
1388 3424 1443 3467 tu
1485 3429 1545 3468 es
1577 3412 1827 3468 Christus
1855 3410 1947 3465 Fi-

379 3503 484 3558 lius
515 3504 612 3558 Dei
651 3504 779 3557 vivi.
825 3503 966 3558 Dicit
1017 3504 1091 3558 illi
1134 3503 1440 3559 Jesus:Tu
1485 3504 1702 3571 dixisti;
1729 3519 1950 3557 verum-

380 3605 560 3649 tamen
588 3594 711 3648 dico
760 3594 1156 3656 vobis,‘amodo
1182 3593 1435 3649 videbitis
1465 3592 1662 3648 Filium
1712 3592 1947 3647 hominis

377 3685 651 3741 sedentem
688 3700 717 3739 a
752 3685 957 3740 dextris
1007 3683 1226 3738 virtutis
1269 3684 1385 3749 Dei,
1440 3693 1495 3740 et
1551 3684 1856 3739 venientem
1889 3685 1943 3738 in

378 3775 608 3831 nubibus
641 3775 761 3830 cceli
791 3776 833 3829 °.
864 3793 884 3827 ι
925 3774 1201 3856 Quomodo
1230 3773 1399 3830 Filius
1438 3774 1977 3830 hominisadextris.

373 3867 593 3923 virtutis
644 3866 738 3922 Dei
790 3866 979 3923 sedet?
1019 3865 1245 3920 Planum
1308 3876 1393 3922 est
1435 3865 1530 3922 Dei
1578 3867 1812 3925 Verbum
1869 3867 1946 3923 ita

376 3957 577 4014 iactum
609 3974 729 4015 esse
774 3958 1011 4014 hominis
1066 3956 1287 4022 Filium,
1319 3966 1378 4012 ut
1422 3967 1602 4013 tamen
1642 3958 1783 4014 Deus
1825 3972 1946 4014 esse

382 4064 487 4104 non
546 4049 767 4105 desierit
801 4068 814 4104 :
846 4049 1047 4103 mansit
1089 4048 1235 4103 enim
1270 4048 1412 4116 quod
1450 4058 1590 4103 erat.
1617 4047 1730 4103 Hac
1783 4050 1946 4118 igitur

385 4142 589 4196 ratione
609 4142 886 4210 generanti
923 4139 1141 4205 assidet,
1170 4150 1224 4193 et
1258 4140 1309 4193 iu
1353 4138 1657 4194 divinitatis
1687 4140 1857 4210 gloria
1892 4149 1946 4196 et

372 4228 661 4296 majestate
689 4230 1048 4300 conspicuum
1081 4228 1346 4293 cernitur,
1377 4227 1542 4283 etiam
1570 4228 1614 4284 si
1644 4228 1844 4285 factum
1876 4230 1945 4285 sit

371 4329 522 4371 CDI'O.

446 4442 467 4478 ι
503 4423 662 4481 Jesus
684 4434 859 4480 autem
888 4427 1129 4482 clamans
1164 4443 1296 4483 voce
1349 4444 1566 4498 magna,
1594 4430 1775 4485 emisit
1819 4432 1934 4499 spi-

370 4517 557 4572 ritum.
592 4516 657 4571 Et
683 4531 809 4572 ecce
842 4518 1020 4573 velum
1077 4521 1259 4588 templi
1305 4521 1536 4576 scissum
1583 4532 1664 4577 est
1714 4523 1767 4577 in
1803 4525 1937 4579 ditas

368 4618 572 4679 partes,
596 4622 627 4661 a
650 4622 864 4663 summo
892 4623 1061 4677 usque
1090 4609 1375 4676 deorsum;
1397 4620 1451 4666 et
1484 4621 1629 4667 terra
1652 4621 1796 4667 mota
1828 4624 1933 4677 est,

367 4705 425 4752 et
453 4705 619 4766 petrae
649 4697 835 4752 scissae
867 4705 1030 4763 sunt;
1059 4707 1113 4751 et
1142 4708 1486 4754 monumenta
1546 4710 1730 4771 aperta
1784 4711 1933 4766 sunt,

366 4795 424 4841 et
457 4786 623 4840 multa
661 4802 890 4857 corpora
943 4798 1252 4843 sanctorum
1286 4790 1377 4859 qui
1427 4792 1782 4858 dormierant,
1809 4809 1933 4847 sur-

364 4885 626 4931 rexerunt
653 4876 720 4932 ¹⁰.
754 4896 774 4929 ι
804 4875 917 4949 84
936 4877 992 4932 Si
1015 4876 1266 4937 Christus
1291 4883 1593 4936 communis
1612 4891 1728 4937 erat
1754 4884 1933 4949 homo,

361 4984 462 5024 cur
512 4967 605 5023 illo
664 4969 902 5022 animum
958 4970 1292 5037 exSpirnnte,
1344 4971 1399 5026 in
1458 4971 1592 5041 ipsis
1649 4972 1937 5029 elementis

358 5066 513 5113 tanta
544 5059 744 5114 accidit
764 5061 1144 5116 conturbatio?
1166 5059 1258 5116 Sol
1277 5063 1442 5130 enim,
1469 5065 1721 5119 retractis
1744 5066 1933 5130 radiis,

356 5149 462 5203 diei
500 5149 752 5205 tenebras
778 5149 968 5207 oﬂudit
1003 5169 1018 5205 :
1056 5162 1199 5207 terra
1221 5153 1288 5207 ad
1322 5154 1436 5209 haec
1467 5154 1750 5209 Dominum
1772 5172 1927 5212 suum

352 5240 668 5296 .ludaaorum
699 5242 1042 5299 contumeliis
1086 5244 1460 5315 indignissime
1503 5244 1755 5300 allectum
1799 5262 1928 5302 cou-

355 5327 592 5397 spicata,
623 5330 866 5402 disrupta
896 5343 1014 5400 est;
1044 5344 1099 5388 et
1128 5335 1248 5404 ipse
1280 5335 1496 5391 tandem
1528 5334 1772 5391 infernus
1794 5351 1926 5392 san-

353 5425 569 5474 ctorum
621 5421 832 5478 animas
882 5424 1107 5481 dimisit.
1138 5424 1205 5480 Et
1237 5427 1523 5499 cujusnam
1569 5436 1705 5482 nutu
1737 5427 1920 5482 omnia

2050 3110 2205 3184 σύνῃ.

2125 3329 2147 3362 ι
2174 3311 2284 3363 Καὶ
2303 3312 2332 3363 6
2353 3312 2660 3383 ἀρχιερεὺς,
2686 3312 2874 3383 φησιν,
2901 3305 3054 3366 εἷπεν
3077 3313 3225 3383 αύτῷ
3245 3331 3260 3345 ο
3293 3313 3534 3387 Ὁρκίζω
3559 3334 3625 3371 σε

2048 3402 2189 3456 κατὰ
2216 3401 2311 3455 τοῦ
2347 3403 2480 3456 Θεοῦ
2505 3402 2601 3457 τοῦ
2643 3401 2864 3467 ζῶντος,
2895 3402 2983 3458 ἴνα
3012 3405 3145 3473 ἡμῖν
3177 3404 3358 3475 εἴπῃς,
3390 3407 3440 3458 εί
3472 3408 3538 3460 σὺ
3566 3403 3621 3459 εἶ

1965 3511 1968 3514 ’
2046 3493 2076 3544 6
2107 3491 2338 3563 Χριστὸς
2357 3494 2385 3546 6
2416 3492 2541 3554 Υἱὸς
2578 3491 2673 3545 τοῦ
2694 3492 2831 3545 Θεοῦ
2866 3492 2959 3546 τοῦ
2992 3492 3216 3557 ζῶντος.
3239 3495 3402 3566 Λέγει
3433 3496 3582 3566 αὖτῷ
3606 3515 3623 3528 ο

2047 3583 2119 3635 Σὺ
2159 3578 2340 3645 εἶπας·
2373 3582 2522 3653 Πλὴν
2549 3583 2691 3652 λέγω
2732 3586 2880 3655 ὑμῖν,
2910 3585 3115 3655 ἀπάρτι
3151 3586 3347 3655 ὄψεσθε
3377 3587 3468 3640 τὸν
3493 3589 3627 3641 Υίὸν

2046 3672 2140 3725 τοῦ
2175 3671 2463 3743 ἀνθρώπου
2494 3673 2799 3745 καθήμενον
2846 3676 2910 3727 ἐκ
2940 3675 3128 3739 δεξιῶν
3174 3677 3272 3746 τῆς
3312 3677 3617 3748 δυνάμεως,

2048 3762 2141 3817 καὶ
2167 3762 2463 3834 ἐρχόμενον
2506 3764 2599 3816 ἐπὶ
2630 3764 2739 3818 τῶν
2765 3765 3001 3833 νεφελῶν
3028 3765 3123 3819 τοῦ
3152 3767 3405 3837 ούρανοῦ.
3445 3787 3464 3819 ι
3497 3768 3624 3832 Πῶς

2046 3859 2075 3910 6
2099 3856 2226 3921 Υἱὸς
2251 3856 2346 3909 τοῦ
2377 3855 2666 3928 ἀνθρώπου
2696 3857 2930 3927 κάθηται
2984 3858 3047 3912 ὲκ
3090 3859 3280 3926 δεξιῶν
3322 3860 3424 3929 τῆς
3464 3860 3627 3916 δυνά-

2052 3966 2224 4020 μεως;
2277 3947 2414 4001 Ἀλλ’
2445 3947 2560 4002 ἐστι
2589 3948 2771 4017 δῆλον,
2799 3950 2880 4002 ὃτι
2911 3948 3014 4003 κᾶν
3043 3952 3092 4002 εί
3121 3949 3344 4019 γέγονεν
3372 3951 3505 4015 Υἱὸς
3528 3952 3624 4005 τοῦ

2046 4039 2334 4112 ἀνθρώπου
2386 4040 2414 4093 6
2460 4040 2524 4092 ἐκ
2566 4038 2701 4093 Θεοῦ
2738 4041 2933 4108 Λόγος,
2959 4041 3020 4095 ού
3054 4042 3328 4095 πέπαυται
3355 4042 3456 4095 τοῦ
3486 4040 3624 4097 εἶναι

2046 4134 2199 4199 Θεὸς,
2244 4132 2356 4187 ἀλλ’
2388 4132 2537 4186 ἔστιν
2579 4132 2607 4186 δ
2651 4128 2750 4204 ἦν·
2779 4132 3035 4204 ταύτῃτοι
3061 4135 3157 4187 καὶ
3200 4134 3514 4205 συνεδρεύει
3544 4136 3625 4206 τῷ

2046 4223 2296 4293 φύσαντι,
2324 4222 2418 4275 καὶ
2441 4223 2499 4274 ὲν
2526 4224 2640 4285 τοῖς
2667 4222 2768 4293 τῆς
2795 4222 3046 4292 θεότητος
3074 4222 3375 4293 ἀξιώμασιν
3408 4226 3619 4296 ἐμπρέ-

2048 4332 2164 4368 πων
2191 4315 2405 4386 όρᾶται,
2432 4313 2536 4366 κᾶν
2561 4314 2610 4365 εί
2632 4313 2822 4382 γέγονε
2858 4313 3013 4393 σάρξ..

2123 4444 2142 4477 ι
2165 4425 2224 4478 '0
2261 4424 2318 4477 δὲ
2354 4424 2561 4495 Ἰησοῦς
2612 4424 2820 4497 κράξας
2867 4427 3018 4497 φωνῇ
3068 4428 3299 4497 μεγάλη,
3333 4426 3514 4497 ἀφῆκε
3558 4427 3619 4481 τὸ

2045 4516 2287 4587 πνεῦμα.
2317 4517 2428 4570 Καὶ
2469 4516 2576 4568 ἰδοὺ
2627 4516 2689 4568 τὸ
2739 4514 3138 4587 καταπέτασμα
3184 4516 3438 4579 τοῦ’ναοῦ
3465 4519 3614 4587 ὲσχί·

2046 4608 2143 4680 σθη
2183 4609 2263 4671 είς
2306 4607 2419 4671 δύο,
2451 4606 2659 4662 ἄνωθεν
2705 4608 2811 4672 ἕως
2857 4608 3035 4661 κάτωο
3063 4608 3156 4661 καὶ
3194 4610 3227 4678 ἡ
3266 4610 3337 4678 γῆ
3364 4611 3617 4681 ἐσείσθη,

2044 4699 2138 4753 καὶ
2166 4700 2220 4752 αί
2251 4699 2446 4771 πέτραι
2481 4697 2827 4769 ἐσχίσθησαν,
2863 4692 2959 4752 καὶ
2982 4698 3049 4752 τά
3081 4703 3324 4771 μνημεῖα
3345 4701 3619 4772 ἀνεῴχθη-

2045 4808 2163 4857 σαν,
2212 4791 2307 4844 καὶ
2352 4789 2522 4844 πολλὰ
2565 4788 2794 4860 σώματα
2842 4789 2950 4843 τῶν
2979 4790 3397 4861 κεκοιμημένων
3440 4792 3616 4859 ἁγίων

2035 4881 2358 4951 ἀνέστησαν.
2387 4899 2407 4933 ι
2441 4882 2503 4933 Εἰ
2528 4880 2705 4942 κοινὸς
2730 4879 3016 4951 ἄνθρωπος
3042 4877 3110 4951 ἦν
3136 4884 3163 4934 ό
3191 4881 3448 4951 Χριστὸς,
3471 4882 3615 4945 πῶς,

2032 4970 2327 5034 τεθνεῶτος
2359 4970 2546 5039 αὐτοῦ,
2574 4968 2828 5033 τοσοῦτος
2874 4966 2941 5040 ἧν
2992 4958 3051 5024 ὲν
3102 4973 3216 5034 τοῖς
3264 4972 3559 5040 στοιχείοις
3587 4976 3615 5026 ό

2033 5063 2290 5135 θόρυϐος;
2331 5064 2391 5117 '0
2419 5062 2516 5134 μὲν
2548 5062 2658 5134 γὰρ
2702 5062 2853 5131 ἥλιος
2892 5061 2989 5133 τὴν
3029 5064 3224 5117 ἀκτῖνα
3272 5062 3612 5125 συνέστειλε,

2033 5157 2127 5210 καὶ
2155 5154 2221 5209 ἐν’
2245 5157 2427 5227 ἡμέρᾳ
2458 5153 2647 5218 σκότος
2679 5155 2975 5226 εἰργάσατο
2993 5170 3007 5185 ο
3044 5154 3077 5224 ἡ
3106 5152 3162 5206 δὲ
3194 5152 3262 5223 γῆ
3291 5153 3382 5206 τὸν
3407 5154 3614 5224 ἑαυτῆς

2038 5247 2314 5317 Δεσπότην
2338 5245 2521 5317 ὁρῶσα
2544 5244 2648 5299 ὑπὸ
2668 5245 2774 5299 τῶν
2800 5242 3065 5298 Ἰουδαίων
3081 5245 3414 5314 ὲμπαροινού
3422 5263 3589 5315 μενον
3608 5292 3620 5305 ,

2036 5339 2313 5409 ἐσχίζετο·
2362 5338 2540 5408 ἀφῆκε
2567 5337 2624 5391 δὲ
2662 5339 2691 5391 6
2731 5337 2864 5409 ᾅδης
2909 5337 3006 5400 τὰς
3054 5337 3164 5390 τῶν
3203 5338 3375 5406 ἁγίων
3404 5337 3615 5408 ψυχάς.

2035 5429 2192 5491 Τίνος
2214 5428 2386 5482 ταῦτα
2421 5427 2735 5496 ποιοῦντος;
2762 5425 2870 5500 ἆρα
2895 5430 3019 5500 οὐχὶ
3039 5428 3175 5483 Θεοῦ
3198 5448 3212 5499 ;
3248 5429 3380 5494 Θεὸς
3410 5431 3522 5503 γὰρ
3558 5430 3618 5504 in

429 5615 811 5697 fhi_a_tth._xxt_,
840 5619 901 5697 9ἶ
970 5621 991 5652 ³
1021 5621 1149 5675 ibid.
1180 5623 1396 5697 j5,__16.
1473 5627 1493 5659 ⁸
1526 5626 1667 5685 Psal.
1702 5642 1825 5697 vm,
1853 5628 1949 5683 2αᾶ

2056 5628 2074 5661 ⁷
2107 5625 2296 5682 Matth.
2333 5639 2456 5689 xxv,
2490 5624 2577 5679 5i.
2656 5626 2677 5658 ³
2716 5623 2831 5680 Jac.
2867 5640 2939 5694 ιν,
2992 5626 3079 5681 Η.
3170 5628 3192 5661 ⁹
3223 5627 3414 5684 Matth.
3459 5645 3608 5687 xxtt.

384 5686 476 5751 65,
508 5686 597 5741 64.
677 5690 718 5720 ¹⁹
754 5688 937 5743 Matth.
974 5706 1147 5750 xxv".
1178 5692 1366 5747 50-52.
