3910 6200
226 198 229 199 ί
328 227 467 282 ιεϋε

1418 224 1509 281 DE
1547 223 1780 281 RECTA
1818 223 1978 280 FIDE
2018 222 2107 279 AD
2146 218 2471 278 BEGINAS.

3428 215 3575 270 19.70":

319 339 380 396 ἐν
411 339 595 410 σαρκὶ,
624 332 669 406 ᾧ
702 340 795 395 καὶ
834 340 869 411 ἡ
909 339 1086 406 κτίσις
1134 339 1479 413 ὑόριζομένιρ
1524 342 1724 414 τρόπον
1771 341 1896 396 τινὰ

2007 340 2112 396 haec
2142 337 2378 394 ﬁebant?
2406 348 2585 391 nonne
2615 333 2751 389 Dei?
2789 334 2929 390 Deus
2961 333 3104 388 enim
3133 341 3251 389 erat
3280 332 3334 389 in
3378 346 3564 399 carne,

323 429 711 501 συνωργίζετο.

532 715 630 770 Ἐκ
671 715 778 771 τοῦ
815 716 964 771 κατὰ
1003 716 1283 787 Ἰωάννην
1316 719 1706 790 Emme/110v.

400 844 421 879 ι
450 824 623 891 Δὺτὸς
647 826 705 881 δέ
735 830 765 883 6
799 828 1005 899 Ἰησοῦς
1032 830 1133 884 οὑκ
1167 820 1473 886 ἐπίστευεν
1492 830 1656 885 αὑτὸν
1688 832 1892 896 αὑτοῖς,

323 917 413 972 διὰ
455 919 519 973 τὸ
562 918 723 973 αὑτὸν
754 922 1045 989 γινώσκειν
1090 923 1300 975 πάντα·
1333 922 1429 976 καὶ
1478 922 1561 975 ὅτι
1609 922 1669 976 οὑ
1708 920 1895 993 χρείαν

326 1004 494 1081 εἶχεν,
524 1010 610 1064 ἵνα
635 1028 721 1075 τις
746 1013 1073 1084 μαρτυρήσῃ
1104 1016 1233 1084 περὶ
1260 1013 1355 1067 τοῦ
1387 1012 1679 1085 ἀνθρώπου
1697 1031 1710 1044 ·
1733 1013 1895 1078 αὐτὸς

322 1101 435 1172 γὰρ
473 1101 757 1169 ἐγίνωσκε,
784 1102 838 1155 τί
868 1098 937 1174 ἦν
969 1105 1029 1157 ἐν
1068 1103 1147 1174 τῷ
1187 1103 1478 1175 ἀνθρώπῳ.
1515 1123 1534 1157 ι
1580 1106 1716 1176 Περὶ
1761 1105 1894 1159 Θεοῦ

322 1190 656 1263 γέγραπται,
682 1195 764 1248 ὅτι
811 1213 830 1247 ι
853 1193 911 1248 '0
938 1195 1147 1259 πλάσας
1177 1196 1489 1266 καταμόνας
1529 1198 1628 1260 τὰς
1673 1196 1897 1269 καρδίας

323 1284 523 1339 αὐτῶν.
552 1302 572 1338 ι
627 1285 737 1339 Καὶ
787 1285 950 1350 αὑτὸς
997 1286 1055 1340 δέ
1092 1287 1195 1339 πού
1247 1304 1401 1357 φησιο
1463 1306 1480 1339 ι
1510 1286 1602 1359 Μὴ
1639 1288 1735 1341 ἀπ’
1758 1286 1893 1358 ἐμοῦ

323 1373 662 1444 κρυϐήσεταί
707 1391 794 1440 τι;
832 1393 852 1427 ι
901 1376 966 1431 Εί
1014 1376 1073 1430 δὲ
1118 1369 1295 1431 πάῧτα
1325 1378 1557 1449 Χριστὸς
1586 1378 1892 1443 ἐπίσταται,

323 1465 419 1518 καὶ
446 1461 553 1518 οἶδε
582 1464 652 1519 τὰ
684 1465 781 1520 τοῦ
816 1466 1128 1538 ἀνθρώπου,
1156 1469 1275 1533 πῶς
1302 1469 1403 1522 οὑκ
1431 1469 1498 1523 ἂν
1528 1468 1615 1540 είη
1642 1469 1795 1534 Θεὸς,
1818 1468 1895 1533 ὼς

323 1554 573 1624 καρδίας
600 1554 817 1617 ἐτάζων
848 1557 947 1611 καὶ
974 1560 1269 1629 νεφρούς;

395 1744 415 1779 ι
437 1727 628 1798 Ὑμεῖς
668 1732 1025 1799 προσκυνεῖτε
1071 1728 1101 1782 δ
1148 1730 1250 1784 οὑκ
1292 1728 1493 1793 οἴδατε,
1523 1731 1685 1802 ἡμεῖς
1721 1747 1892 1795 προσ-
1926 1714 1970 1771 Β

320 1818 593 1889 κυνοῦμεν
621 1818 650 1872 ὑ
678 1820 901 1891 οἴδαμεν
920 1837 934 1852 ·
964 1820 1045 1873 ὅτι
1071 1822 1105 1891 ἡ
1134 1819 1377 1890 σωτηρία
1405 1823 1469 1874 ἐκ
1494 1820 1600 1874 τῶν
1624 1820 1893 1874 Ἰουδαίων

320 1911 489 1964 ἐστίν.
520 1929 539 1962 ι
560 1909 824 1975 Ἀκούεις,
854 1912 937 1963 ὅτι
966 1911 1065 1981 τὴν
1096 1911 1364 1982 σωτηρίαν
1395 1911 1458 1964 ἐκ
1487 1910 1597 1965 τῶν
1629 1910 1894 1966 Ἰουδαίων

320 1996 461 2054 εἷναί
503 2018 678 2073 φησι;
732 2000 924 2055 Καίτοι
976 2000 1203 2072 Σωτῆρα
1252 2002 1384 2055 Θεὸν
1428 2002 1890 2074 ἐπεγραψάμεθα’

322 2089 528 2143 σέσωκε
572 2091 681 2162 γάρ
729 2092 878 2161 ἡμᾶς
922 2090 984 2143 οὑ
1030 2090 1292 2163 πρέσϐυς,
1333 2092 1434 2145 οὑκ
1473 2090 1724 2161 ἄγγελος,
1768 2091 1895 2146 ἀλλ’

320 2179 481 2243 αὑτὸς
517 2180 546 2232 ό
576 2181 798 2252 Κύριος,
833 2182 974 2236 κατὰ
1018 2182 1116 2245 τὰς
1163 2181 1743 2253 Γραφάς.Ὠνόμασται
1786 2182 1894 2255 γὰρ

321 2270 555 2341 Χριστὸς
601 2270 843 2344 Ἰησοῦς,
894 2270 1132 2341 γεγονὼς
1177 2272 1237 2339 ἐξ
1287 2272 1552 2326 Ἰουδαίων
1596 2273 1738 2327 κατὰ
1795 2275 1894 2345 τὴν

323 2360 519 2429 σάρκα.
537 2360 743 2432 Ἰησοῦς
779 2378 842 2430 γε
877 2362 981 2432 μὴν
1023 2358 1381 2431 ἑρμηνεύεται
1410 2360 1695 2428 σωτηρία.
1723 2359 1895 2422 Αὐτὸς

320 2448 414 2506 οὖν
438 2452 547 2522 ἄρα
573 2453 722 2507 ἐστὶν
751 2453 784 2524 ἡ
807 2453 871 2507 ἐκ
896 2452 1004 2505 τῶν
1039 2450 1306 2504 Ἰουδαίων
1336 2449 1770 2521 σωτηρία.Ὠστε
1791 2449 1895 2504 κᾶν

324 2542 374 2595 εί
420 2541 611 2611 γέγονε
660 2541 795 2614 σὰρξ
837 2544 866 2595 6
908 2541 1099 2611 Λόγος,
1130 2540 1223 2594 καὶ
1254 2538 1548 2595 ἐπελάϐετο
1581 2540 1895 2611 σπέρματος

336 2631 604 2705 Ἀϐραὰμ,
639 2631 773 2697 Θεός
799 2635 915 2687 ἐστι
945 2632 1039 2688 καὶ
1071 2631 1211 2703 μετὰ
1239 2630 1460 2703 σαρκός.

403 2918 423 2953 ι
441 2898 635 2972 Ἀμὴν,
669 2897 816 2971 ἀμὴν
840 2898 982 2969 λέγω
1011 2898 1160 2970 ὑμῖν,
1208 2900 1238 2953 6
1271 2896 1540 2953 πιστεύων
1566 2898 1647 2962 είς
1676 2896 1796 2969 ἐμὲ,
1826 2896 1895 2952 τὰ

326 2989 464 3063 ἔργα
514 2990 550 3046 ἃ
599 2990 709 3061 ἐγὼ
766 2990 927 3057 ποιῶ,
954 2991 1206 3054 κάκεῖνος
1252 2989 1489 3061 ποιήσει,
1526 2986 1624 3043 καὶ
1672 2976 1895 3059 μείζονα

324 3058 532 3138 cotier
583 3058 834 3153 ποιήσει’
892 3082 975 3137 ὅτι
1024 3080 1135 3151 ἐγὼ
1183 3081 1321 3153 πρὸς
1367 3058 1472 3135 *τὸν
1517 3058 1733 3151 Πατέρα
1793 3096 1895 3152 μου
1923 3058 1970 3122 C

327 3174 645 3249 πορεύομαι.
672 3176 783 3229 Καὶ
803 3175 831 3229 ὅ
856 3192 909 3228 τι
944 3173 1011 3229 ἃν
1044 3176 1303 3246 αίτήσητε
1337 3175 1395 3228 ἐν
1419 3172 1497 3244 τῷ
1521 3173 1744 3243 ὀνόματί
1769 3190 1892 3245 μου,

325 3266 479 3322 τοῦτο
504 3268 733 3340 ποιήσω.
766 3286 784 3319 ι
813 3265 1133 3337 Πορεύεται,
1156 3267 1307 3336 φησι,
1340 3265 1473 3337 πρὸς
1492 3265 1584 3318 τὸν
1611 3265 1828 3337 Πατέρα
1846 3268 1893 3331 3,

325 3360 501 3414 καίτοι
549 3359 709 3428 φύσει
759 3358 892 3423 Θεὸς
925 3356 1185 3430 ὑπάρχων
1210 3359 1239 3409 6
1272 3358 1419 3423 Υἱὸς,
1444 3358 1538 3411 καὶ
1570 3358 1733 3422 αὑτὸς
1760 3357 1835 3411 ὣν
1866 3360 1895 3412 6

326 3452 502 3504 πάντα
537 3451 776 3521 πληρῶν.
814 3449 1108 3519 Πορεὺεται
1141 3450 1249 3520 γάρ
1282 3448 1672 3520 ἀνθρωπίνως
1705 3451 1897 3520 ἀνελήο

324 3543 433 3613 φθη
468 3542 577 3611 γὰρ
606 3544 685 3606 είς
709 3541 799 3595 τὸν
824 3541 1069 3611 οὐρανόν.
1088 3540 1226 3593 Ἀλλ’
1248 3540 1323 3603 ὡς
1348 3540 1481 3602 Θεὸς
1505 3541 1896 3609 ἐπαγγέλλεται

324 3632 566 3705 πληροῦν
597 3632 667 3686 τὰ
695 3633 971 3703 αἰτήματα
1017 3631 1125 3685 τῶν
1158 3631 1627 3703 προσευχομένων,
1657 3634 1704 3685 εί
1733 3634 1792 3685 ἐν
1820 3632 1899 3702 τῷ

322 3728 551 3799 ὀνόματι
584 3726 749 3780 αὑτοῦ
779 3729 1012 3779 ποιοῖντο
1044 3725 1141 3788 τὰς
1167 3723 1337 3786 λιτάς.
1374 3718 1510 3776 Εἶτα
1545 3723 1651 3777 τινι
1679 3723 1745 3778 ἃν
1764 3724 1899 3795 πρέ-

324 3832 417 3869 ποι
453 3814 650 3887 μᾶλλον
679 3817 741 3869 τὸ
772 3814 1014 3888 πληροῦν
1051 3815 1216 3885 εὐχὰς
1254 3814 1446 3883 ἁγίων,
1467 3813 1562 3867 καὶ
1582 3811 1898 3885 χαρίζεσθαι

322 3904 392 3961 τᾶ
438 3909 737 3982 αἰτήματα,
772 3907 911 3978 πλὴν
960 3907 1042 3961 ὅτι
1092 3907 1239 3977 μόνῳ
1284 3905 1363 3976 τῷ
1408 3904 1550 3958 κατὰ
1599 3904 1760 3973 φύσιν
1802 3904 1899 3959 καὶ

325 4000 546 4071 ἀληθῶς
571 4002 684 4054 ὄντι
721 3999 841 4070 Θεῷ
863 4016 878 4067 ;

402 4113 419 4145 ι
454 4093 565 4164 Οὑχ
595 4094 752 4163 ὑμεῖς
790 4108 856 4161 με
899 4089 1231 4155 ἐξελέξασθε,
1271 4088 1384 4142 ἀλλ’
1414 4087 1524 4157 ἐγὼ
1568 4085 1899 4158 ἐξελεξάμην

324 4186 471 4255 ὑμᾶς
500 4185 592 4237 καὶ
624 4183 797 4254 ἔθηκα
827 4182 991 4252 ὑμᾶς,
1021 4182 1107 4234 ἵνα
1136 4180 1292 4251 ὑμεῖς
1320 4180 1589 4250 ὑπάγητε,
1621 4178 1717 4231 καὶ
1762 4193 1901 4248 καρο

329 4277 432 4329 πὸν
464 4275 687 4345 φέρητε,
727 4273 820 4327 καὶ
846 4273 876 4325 6
904 4273 1114 4344 καρπὸς
1148 4271 1304 4341 ὑμῶν
1345 4270 1534 4342 μείνῃο
1567 4270 1653 4323 ἵνα
1686 4270 1715 4323 ὃ
1750 4285 1803 4321 τι
1832 4267 1901 4322 ἂν

325 4363 589 4434 αἰτήσητε
637 4361 728 4415 τὸν
770 4360 988 4432 Πατέρα
1028 4362 1085 4415 ἐν
1125 4359 1203 4431 τῷ
1243 4358 1468 4430 ὀνόματί
1509 4375 1641 4428 μου,
1676 4356 1887 4429 δῴίσει]
1930 4389 1976 4446 D

326 4456 474 4526 ὑμῖν.
507 4474 526 4506 ι
547 4454 678 4508 ’ἰδοὺ
709 4454 983 4525 πανταχοῦ
1020 4452 1294 4507 δείκνυσιν
1328 4453 1409 4506 ὅτι
1436 4450 1506 4505 τὰ
1533 4451 1623 4504 ίσα
1667 4451 1784 4521 μετ’
1808 4449 1898 4516 ἐξ-

325 4549 511 4613 ουσίας
540 4550 752 4620 ἐνεργεῖ
783 4547 860 4619 τῷ
884 4546 1058 4618 Πατρί
1076 4547 1378 4615 δ.Ἔφασκε
1406 4544 1535 4615 γὰρ,
1565 4543 1645 4595 ὅτι
1679 4559 1698 4592 ι
1716 4542 1780 4595 Ὅ
1800 4541 1897 4595 ἐάν

325 4643 584 4713 αἰτήσητε
610 4643 668 4694 ἐν
703 4640 781 4711 τῷ
805 4640 1027 4710 ὀνόματί
1059 4655 1185 4709 μου,
1212 4639 1419 4709 ποιήσω
1438 4654 1453 4668 ·
1484 4654 1504 4688 ι
1542 4634 1660 4690 νυνὶ
1699 4632 1757 4686 δέ
1790 4650 1898 4703 φη·-

328 4749 443 4788 σιν·
488 4735 586 4787 (Ὅ
609 4749 662 4786 τι
695 4731 790 4786 ἐὰν
818 4733 1075 4802 αἰτήσητε
1106 4730 1196 4782 τὸν
1227 4731 1448 4800 Πατέρα
1486 4729 1545 4782 ἐν
1570 4726 1648 4798 τῷ
1673 4725 1898 4797 ὀνόματί

329 4841 431 4895 μου
449 4867 461 4889 ,
487 4821 695 4895 δῷ[σει]
726 4824 873 4893 ὑμῖν.
908 4840 926 4872 ι
946 4817 1092 4891 'Apa
1113 4816 1207 4873 οὖν
1241 4821 1347 4890 ἰδίᾳ
1370 4819 1470 4889 μὲν
1496 4819 1709 4872 δίδωσιν
1733 4820 1762 4870 6
1787 4819 1901 4871 Πα-

327 4919 432 4988 τὴρ
454 4916 575 4987 δίχα
599 4916 694 4969 τοῦ
726 4913 878 4980 Υίοῦ,
904 4913 1008 4985 ίδίᾳ
1039 4913 1096 4967 δέ
1120 4912 1213 4966 καὶ
1247 4911 1351 4965 ἀνὰ
1375 4910 1540 4981 μέρος
1562 4912 1591 4964 6
1617 4908 1748 4972 Υίὸς
1777 4907 1900 4979 δίχα

327 5008 423 5062 τοῦ
450 5007 691 5079 Πατρός;
720 5005 929 5060 Οὐκοῦν
954 5003 1107 5076 παρὰ
1133 5002 1226 5057 δύο
1249 5000 1387 5055 θεῶν
1409 5002 1521 5064 τοῖς
1541 5001 1716 5067 ἁγίοις
1742 4998 1809 5051 τὰ
1838 4999 1898 5050 ἐν

328 5101 515 5172 εὐχαῖς
546 5099 859 5170 αίτήματας
900 5098 1042 5152 Ἀλλ’
1074 5097 1172 5169 οὑχ
1215 5093 1388 5157 οὕτως
1423 5091 1536 5163 ἔχει
1577 5088 1788 5145 ταῦτα*
1825 5086 1901 5158 μὴ

1996 445 2105 501 quo
2136 439 2244 485 tam
2289 427 2681 485 contumeliose
2738 436 2993 493 tractato,
3022 427 3138 497 ipsa
3172 439 3387 497 quoque
3413 439 3562 481 erea-

1998 530 2120 576 tura
2173 518 2570 591 quodammodo
2633 518 2714 573 ira
2770 526 2823 573 et
2878 517 3248 589 indignatione
3299 516 3567 573 ell‘ereba-

1999 621 2106 667 tur.

2265 715 2352 771 Ea:
2384 715 2667 787 Evangelia
2694 718 2977 771 secundum
3000 716 3279 771 Joannem.

2072 846 2092 881 ι
2120 828 2276 886 .lesus
2323 839 2633 886 autemnon
2673 828 2933 884 credebat
2976 830 3325 899 semetipsum
3370 829 3472 894 eis,
3504 844 3571 885 eo

1996 922 2137 991 quod
2186 922 2299 991 ipse
2333 933 2519 977 nosset
2548 935 2760 986 omnes,
2798 930 2853 975 et
2901 920 3029 991 quia
3058 935 3192 990 Opus
3237 921 3288 975 ei
3317 936 3423 974 non
3453 931 3571 976 erat

1995 1022 2054 1066 ut
2098 1012 2221 1083 quis
2280 1014 2649 1067 testimonium
2705 1012 3020 1081 perhiberet
3070 1011 3135 1067 de
3181 1012 3419 1066 homine.
3449 1011 3571 1080 Ipse

1996 1104 2141 1160 enim
2175 1103 2402 1171 sciebat,
2443 1105 2574 1174 quid
2624 1115 2771 1159 esset
2814 1105 2869 1159 in
2925 1104 3142 1158 homine
3176 1105 3241 1159 “.
3284 1122 3303 1155 ι
3344 1104 3418 1159 De
3461 1103 3571 1159 Deo

1994 1193 2253 1261 scriptum
2312 1203 2544 1249 exstat:
2601 1211 2620 1246 ι
2681 1192 2783 1260 Qui
2852 1193 3007 1247 tinxit
3055 1193 3334 1263 sigillatim
3404 1194 3566 1249 corda

1994 1296 2182 1337 eorum
2216 1283 2279 1338 η.
2318 1302 2337 1337 ι
2374 1285 2439 1340 Ει
2471 1285 2585 1355 ipse
2618 1283 2746 1339 alibi
2769 1284 2845 1339 ait
2873 1300 2890 1339 :
2930 1301 2951 1336 ι
2981 1282 3099 1338 Non
3139 1282 3404 1337 celabitur
3430 1298 3459 1337 a
3483 1297 3568 1339 me

1994 1374 2215 1428 omnino
2268 1377 2560 1445 quidquam
2591 1375 2657 1429 ¹³.
2728 1393 2747 1427 ι
2808 1374 2866 1430 Si
2920 1389 3049 1443 ergo
3084 1374 3333 1428 Christus
3386 1362 3570 1429 omnia

1996 1465 2264 1536 intelligit,
2286 1474 2341 1521 et
2360 1468 2537 1521 omnia
2570 1480 2688 1535 quae
2705 1475 2830 1520 sunt
2853 1466 2906 1520 in
2934 1465 3154 1519 homine
3181 1472 3373 1517 exacte
3399 1465 3568 1529 novit,

1997 1566 2181 1625 utpote
2200 1569 2441 1612 scrutans
2466 1573 2647 1611 eorum
2670 1557 2832 1610 corda
2873 1566 2921 1609 et
2969 1570 3137 1620 renes,
3165 1554 3435 1625 quomodo
3463 1568 3569 1608 non

1996 1658 2079 1704 est
2104 1647 2282 1703 Deus?

2079 1756 2098 1791 ι
2132 1737 2237 1793 Vos
2275 1738 2513 1792 adoratis
2541 1736 2683 1805 quod
2718 1734 2960 1797 nescitis,
2988 1749 3087 1789 nos
3116 1733 3405 1787 adoramus
3429 1731 3572 1802 quod

2000 1830 2205 1885 scimus
2242 1842 2258 1881 :
2296 1828 2552 1897 quoniam
2600 1827 2748 1882 salus
2784 1841 2849 1880 ex
2882 1822 3083 1879 Iudaeis
3138 1832 3220 1877 est
3249 1822 3315 1875 “.
3346 1841 3365 1873 ι
3400 1821 3573 1876 Audis

1999 1918 2227 1974 salutem
2283 1934 2346 1972 ex
2394 1916 2594 1972 Iudaeis
2646 1929 2769 1969 esse
2824 1911 3367 1981 asserentcm.Atqui
3404 1910 3571 1965 Deum

2001 2008 2338 2064 Salvatorem
2373 2008 2532 2062 nobis
2577 2005 2951 2075 ascripsimus,
2976 2006 3136 2073 eique
3166 2002 3380 2057 nomina
3417 2002 3573 2055 dedi-

2001 2115 2141 2155 mus.
2183 2096 2423 2152 Salvavit
2455 2098 2599 2152 enim
2627 2111 2726 2151 nos
2768 2111 2873 2150 non
2905 2096 3138 2165 legatus,
3168 2110 3275 2148 non
3325 2093 3570 2163 angelus,

2000 2189 2093 2245 sed
2158 2188 2420 2243 Dominus
2470 2189 2625 2257 ipse,
2695 2186 2988 2241 secundum
3039 2183 3351 2252 Scripturas
3391 2181 3453 2235 ³⁸.
3505 2183 3573 2235 At

1999 2278 2246 2335 Christus
2295 2280 2385 2348 qui
2434 2276 2729 2333 secundum
2780 2290 2998 2331 carnem
3030 2288 3097 2328 ex
3151 2272 3351 2327 ludatis
3410 2279 3575 2326 natus

1999 2383 2102 2440 est,
2136 2372 2261 2429 .lesu
2320 2385 2513 2426 nomen
2550 2370 2777 2424 sortitus
2820 2379 2920 2423 est.
2956 2366 3085 2421 Jesu
3126 2376 3303 2420 autem
3359 2378 3556 2419 nomen

2001 2457 2413 2527 interpretatum
2454 2455 2679 2510 salutem
2731 2463 2909 2509 sonat.
2934 2454 3053 2524 Ipse
3086 2455 3269 2522 itaque
3320 2453 3572 2507 Christus

2000 2556 2083 2601 est
2111 2545 2259 2599 salus
2294 2545 2403 2609 illa,
2445 2560 2566 2615 quae
2604 2558 2672 2599 ex
2711 2544 2910 2600 Judmis
2972 2544 3213 2614 profecta
3242 2553 3342 2599 est.
3370 2543 3568 2611 Quam-

1996 2637 2190 2693 obrem
2244 2636 2369 2691 licet
2427 2634 2664 2691 Verbum
2715 2651 2847 2691 caro
2910 2635 3109 2690 factum
3167 2618 3329 2700 sil,et
3385 2649 3570 2690 semen

2000 2728 2232 2783 Abrahae
2300 2728 2752 2796 apprehenderit;
2814 2726 2957 2782 Deus
3030 2725 3378 2781 nihilominus
3446 2740 3593 2781 cum.

2002 2828 2277 2889 assumpta
2308 2833 2473 2873 carne
2502 2818 2818 2888 permansit.

2086 2930 2106 2963 ‹
2129 2910 2320 2975 Amen,
2346 2925 2500 2963 amen
2525 2908 2647 2964 dico
2675 2908 2845 2973 vobis,
2869 2909 2960 2977 qui
2989 2907 3160 2963 credit
3196 2908 3248 2961 in
3274 2921 3379 2971 me,
3404 2920 3595 2974 opera~

2003 3016 2123 3071 qua:
2191 3015 2291 3073 ego
2349 3000 2591 3065 lacio,et
2633 3000 2749 3069 ipse
2800 2999 2986 3065 faciet,
3019 3009 3073 3053 et
3119 2996 3322 3065 majora
3375 2999 3569 3070 horum

2000 3092 2336 3160 faciet:quia
2362 3106 2462 3160 ego
2504 3089 2641 3143 vado
2686 3088 2754 3143 ad
2806 3087 3016 3142 Patrem
3054 3106 3068 3141 :
3103 3095 3158 3142 et
3213 3085 3573 3155 quodcunque

2000 3184 2264 3255 petieritis
2301 3183 2352 3237 in
2381 3181 2598 3236 nomine
2644 3196 2786 3248 meo,
2822 3181 2925 3234 hoc
2984 3179 3180 3233 faciam
3213 3178 3279 3230 “.
3313 3196 3333 3229 ι
3357 3178 3435 3231 Ad
3463 3175 3570 3230 Pa-

2002 3286 2138 3331 trem
2167 3289 2225 3330 se
2259 3274 2412 3329 abire
2449 3272 2755 3336 denuntiat,
2790 3286 2912 3327 cum
2961 3280 3142 3325 tamen
3195 3270 3334 3324 Deus
3377 3278 3570 3322 natura

2002 3366 2171 3421 Filius
2208 3366 2299 3432 sit,
2327 3365 2551 3434 ipseque
2594 3363 2774 3416 omnia
2818 3360 3060 3429 impleat.
3115 3360 3375 3413 Absccdit
3424 3360 3571 3413 enim

2002 3455 2300 3511 secundum
2366 3456 2658 3508 humanam
2714 3458 2990 3505 naturam.
3035 3448 3108 3503 At
3161 3462 3294 3501 vero
3338 3446 3467 3501 licet
3514 3456 3575 3501 ut

2002 3548 2164 3602 homo
2218 3546 2271 3598 in
2326 3544 2525 3599 ccelum
2570 3551 2878 3611 assumptus
2911 3541 3025 3606 sit,
3066 3548 3126 3592 ut
3183 3538 3325 3593 Deus
3391 3546 3575 3591 tamen

2000 3636 2297 3704 supplicum
2322 3644 2444 3689 vota
2463 3647 2522 3688 se
2542 3633 2851 3686 auditurum
2880 3630 3172 3700 promittit,
3202 3630 3246 3682 si
3273 3629 3324 3681 in
3351 3629 3568 3681 nomine

2001 3726 2147 3779 illius
2175 3723 2616 3792 supplicaverint.
2644 3721 2763 3774 Jam
2792 3721 2899 3780 cui.
2935 3734 3141 3787 quaeso,
3170 3717 3349 3771 verius
3370 3731 3571 3770 conve-

2000 3813 2085 3868 nit
2105 3820 2417 3866 sanctorum
2451 3809 2738 3879 postulatis
2773 3807 3114 3871 satisfacere,
3133 3804 3243 3875 85
3273 3819 3575 3873 eorumque

2000 3902 2143 3957 votis
2171 3914 2234 3955 ac
2255 3897 2541 3954 desideriis
2572 3898 2924 3967 respondere,
2957 3910 3122 3966 quam
3150 3894 3251 3950 soli
3293 3908 3359 3949 ac
3390 3895 3575 3950 nativo

2002 3992 2111 4047 Deo
2123 3990 2147 4046 ‘l

2082 4100 2103 4135 ι
2142 4081 2258 4137 Non
2287 4095 2385 4137 vos
2407 4095 2492 4135 me
2522 4079 2781 4150 elegistis,
2800 4080 2893 4133 sed
2916 4092 3017 4148 ego
3051 4078 3185 4149 elegi
3206 4085 3397 4141 vos,et
3420 4079 3571 4145 posui

2003 4189 2100 4231 vos
2123 4183 2184 4229 ut
2207 4174 2369 4238 eatis,
2416 4182 2470 4227 et
2520 4171 2757 4226 fructum
2783 4171 3044 4235 aiieratis,
3070 4179 3125 4225 et
3151 4171 3358 4225 fructus
3390 4182 3573 4224 vester

2006 4271 2342 4330 mancat;ut
2391 4263 2753 4335 quodcunque
2805 4261 3071 4332 petieritis
3118 4260 3331 4315 Patrem
3377 4261 3431 4313 in
3474 4275 3577 4314 no-

2009 4359 2153 4413 mine
2190 4370 2329 4422 men,
2367 4357 2459 4411 det
2481 4354 2633 4410 vobis
2664 4355 2729 4410 ι’.
2766 4373 2786 4406 ι
2820 4354 2898 4409 Eu
2952 4354 3068 4423 pari
3117 4366 3178 4408 se
3225 4366 3346 4407 cum
3382 4351 3491 4405 Deo
3520 4360 3578 4406 et

2003 4450 2166 4505 Patre
2214 4456 2481 4518 potestate
2510 4445 2733 4517 pollere,
2777 4445 3036 4515 pariaque
3086 4443 3262 4498 eidem
3313 4451 3577 4509 praestare

2004 4556 2162 4614 posse
2179 4555 2446 4609 nusquam
2481 4554 2587 4593 non
2614 4538 2875 4593 inculcat.
2898 4538 3119 4591 Dixerat
3143 4535 3287 4589 enim
3311 4549 3325 4585 :
3352 4549 3370 4581 ι
3391 4533 3576 4597 Quod-

2005 4647 2217 4705 cunque
2252 4631 2520 4702 petieritis
2550 4629 2606 4685 in
2655 4630 2876 4685 nomine
2929 4641 3074 4689 meo,
3103 4625 3295 4678 faciam
3323 4639 3337 4676 :
3369 4639 3389 4673 ι
3431 4635 3577 4675 nunc

2006 4736 2186 4781 autem
2221 4724 2336 4778 ait:
2373 4740 2393 4775 ι
2426 4723 2795 4790 Quodcunque
2821 4717 3087 4788 petieritis
3125 4715 3341 4768 Patrem
3384 4714 3438 4766 in
3473 4728 3590 4765 lio--

2004 4816 2152 4870 mine
2179 4827 2320 4876 meo,
2349 4812 2499 4867 dabit
2531 4811 2682 4865 vobis
2707 4810 2772 4863 ".
2809 4825 2829 4858 ι
2866 4805 3118 4875 Nunquid
3164 4819 3296 4873 ergo
3323 4818 3573 4857 seorsqu

2002 4907 2181 4975 aliqua
2203 4901 2492 4973 dilargitur
2522 4900 2681 4956 Pater
2721 4899 2928 4968 absque
2960 4895 3119 4960 Filio,
3144 4905 3240 4949 aut
3269 4893 3439 4947 Filius
3458 4908 3578 4947 rur-

2001 5012 2123 5053 sum
2190 5008 2434 5050 seorsum
2471 4991 2857 5062 sigillatimque
2918 4986 3231 5057 impertitur
3306 4984 3563 5038 nonnulla

2007 5087 2209 5156 absque
2240 5082 2421 5147 Patre,
2455 5080 2526 5136 ita
2559 5088 2673 5135 uta
2696 5079 2903 5134 duobus
2940 5077 3044 5133 diis
3074 5081 3421 5145 praestentur,
3444 5088 3566 5142 qua:

404 5261 443 5291 “
473 5259 629 5315 Joan.
668 5272 729 5318 tt.
758 5256 849 5320 24,
879 5255 971 5312 25.
1050 5254 1092 5286 ¹³
1114 5250 1259 5307 Psal.
1290 5262 1477 5320 xxxiv,
1508 5247 1596 5301 15.
1617 5315 1641 5320 _
1676 5242 1721 5274 ¹³
1745 5238 1945 5297 Jerem.
1983 5254 2126 5305 xvu,
2160 5237 2246 5293 10.
2320 5237 2364 5269 “
2389 5234 2545 5302 Joan,
2572 5249 2646 5303 tv,
2681 5231 2772 5289 92.
2813 5232 2856 5265 “
2887 5229 2994 5288 iss.
3023 5244 3180 5296 ultr,
3211 5229 3266 5286 9.
3341 5226 3387 5260 ”
3406 5223 3566 5283 Joau.

334 5331 424 5394 12,
460 5331 548 5385 15.
627 5329 668 5361 "
703 5315 858 5383 Joan'.
886 5341 980 5391 xv,
1013 5323 1101 5379 16.
1179 5322 1224 5354 ¹⁸
1249 5319 1417 5375 lCor.
1459 5331 1565 5382 Vin,
1610 5315 1663 5368 6.

1389 5473 1565 5529 Variae
1593 5468 1851 5527 lectiones
1879 5462 2082 5519 codicis
2112 5458 2476 5532 Seguicriani.

413 5635 441 5674 ι
475 5633 560 5689 εσ.
590 5624 918 5700 Πορεύεσθαί
952 5638 1083 5694 φησι
1110 5637 1169 5674 π.
1196 5636 1246 5675 τ.
1276 5621 1343 5673 Π.
1421 5618 1448 5659 h
1482 5616 1556 5687 τῷ
1584 5612 1702 5684 Θεῷ
1733 5612 1824 5667 καὶ
1854 5607 2061 5680 Πατρίμ
