3910 6200
371 269 501 325 1271

1369 268 1433 325 S.
1468 265 1744 325 CYBILLI
1780 267 2251 324 ALEXANDRINI
2292 267 2611 325 ARCHIEP.

3498 264 3602 319 {27
3614 266 3651 319 Ξ

377 376 551 432 sancti
579 376 910 449 clilagitant?
938 379 1113 447 Absit,
1141 380 1318 437 absit:
1340 397 1481 438 unus
1509 383 1655 439 enim
1689 394 1775 438 est
1807 384 1938 438 Deus

2055 384 2267 453 γένοιτο
2287 401 2302 416 ο
2330 379 2413 450 εἷς
2443 383 2554 455 γὰρ
2584 381 2717 446 Θεὸς
2743 382 2773 435 6
2802 381 3013 453 Πατὴρ,
3045 381 3140 434 καὶ
3172 378 3253 446 εἷς
3284 381 3488 453 Κύριος
3529 381 3610 452 ἰη

379 468 557 533 Pater,
609 478 664 526 et
724 486 863 527 unus
917 471 1047 528 item
1121 472 1387 530 Dominus
1446 472 1604 530 Jesus
1665 473 1949 529 Christus.

378 558 662 615 Distribuit
684 576 917 633 namque
940 562 1104 620 Pater
1128 565 1269 620 dona
1301 580 1398 636 per
1430 564 1629 621 Filium
1655 566 1709 620 in
1741 564 1949 634 Spiritu

374 657 601 717 sancto;
638 661 1009 708 verumtamen
1039 654 1332 724 postulatio
1361 656 1415 710 in
1454 654 1708 726 precibus
1760 656 1820 709 lit
1852 670 1959 724 per-

373 739 558 795 Jesum
580 741 875 798 Christum.
899 743 1071 800 Porro
1099 744 1311 801 Domini
1339 745 1468 803 Jesu
1502 746 1723 802 nomine
1746 745 1951 817 accipi-

375 846 497 887 mus
528 841 584 887 et
603 833 949 905 designamus
977 835 1214 892 Verbum
1251 836 1522 893 hominem
1557 835 1781 892 factum.

451 940 471 974 ι
509 923 568 978 In
596 924 689 980 illo
722 927 810 981 die
834 941 920 983 me
965 942 1075 983 non
1103 927 1363 997 rogabitis
1406 929 1720 999 quidquam.
1749 929 1949 995 Amen,

378 1030 537 1072 amen
551 1016 672 1072 dico
700 1018 871 1083 vobis,
902 1018 949 1074 si
983 1020 1110 1088 quid
1127 1020 1393 1089 petieritis
1413 1020 1627 1075 Patrem
1651 1020 1705 1075 in
1730 1020 1951 1075 nomine

377 1121 520 1173 meo,
551 1108 701 1163 dabit
749 1109 926 1165 vobis.
953 1109 1148 1176 Petite,
1179 1120 1235 1166 et
1268 1112 1569 1182 accipietis,
1595 1120 1654 1166 ut
1694 1111 1949 1182 gaudium

375 1208 617 1255 vestrum
668 1199 741 1254 sit
781 1201 999 1270 plenum
1020 1202 1087 1255 ¹⁹.
1115 1219 1134 1254 ι
1171 1200 1299 1257 Haec
1343 1203 1591 1259 eamdem
1620 1201 1948 1259 sententiam

374 1303 498 1347 cum
544 1291 914 1361 superioribus
970 1293 1203 1361 habent,
1238 1293 1381 1349 sicut
1424 1294 1512 1349 illa
1567 1309 1802 1365 quoque,
1829 1308 1949 1365 qua:

375 1394 502 1436 mox
534 1392 962 1454 consequuntur.
985 1383 1078 1441 Ait
1111 1400 1385 1455 namque:
1426 1402 1445 1436 ι
1488 1385 1544 1439 In
1609 1386 1701 1440 illo
1755 1385 1867 1452 die,
1892 1385 1948 1440 in

375 1470 595 1526 nomine
612 1485 732 1527 meo
756 1473 950 1542 petetis
975 1490 990 1528 :
1012 1483 1067 1529 et
1103 1490 1213 1529 non
1241 1475 1362 1530 dico
1385 1475 1539 1530 vobis
1580 1475 1706 1544 quia
1737 1490 1839 1545 ego
1861 1490 1946 1529 ro-

372 1564 510 1634 gabo
527 1564 747 1619 Patrem
774 1566 840 1621 de
869 1565 1059 1621 vobis:
1101 1566 1216 1636 ipsc
1259 1567 1403 1620 enim
1444 1565 1608 1620 Pater
1634 1573 1780 1620 amat
1824 1581 1944 1629 vos,

371 1653 497 1723 quia
535 1668 633 1709 vos
667 1668 754 1710 me
777 1654 1023 1721 amastis,
1049 1663 1105 1709 et
1125 1654 1427 1711 credidistis
1449 1655 1577 1725 quia
1610 1668 1709 1724 ego
1731 1670 1759 1709 a
1783 1653 1946 1711 Patre

372 1745 514 1800 exivi
547 1745 621 1799 ’°.
644 1763 663 1798 ι

450 1853 470 1887 ι
500 1834 623 1891 ΙΙωο
666 1845 749 1892 est
780 1837 891 1893 vita
929 1847 1155 1907 aeterna,
1201 1850 1263 1894 ut
1298 1849 1635 1910 cognoscant
1676 1849 1728 1895 te
1768 1838 1948 1895 solum

370 1925 538 1983 Deum
566 1943 775 1996 verum,
808 1937 865 1984 et
906 1945 1068 2001 quem
1099 1929 1299 1986 misisti
1324 1928 1509 1986 Jesum
1532 1930 1807 1986 Christum
1825 1931 1893 1984 ἰ.
1920 1948 1940 1981 ι

371 2018 431 2074 Si
454 2034 575 2075 cum
611 2020 782 2078 solius
822 2023 1047 2092 verique
1087 2023 1185 2079 Dei
1220 2024 1532 2093 cognitione
1569 2022 1695 2079 Jesu
1737 2022 1944 2079 Christi

369 2109 734 2181 cognitionem
759 2112 1068 2169 necessario
1094 2113 1442 2184 coniunctam
1462 2114 1771 2169 consociata
1783 2129 1944 2182 mque

365 2215 491 2258 esse
524 2212 760 2272 oportet,
787 2213 842 2258 et
894 2203 998 2260 hoc
1038 2205 1217 2275 ipsum
1270 2213 1526 2260 arternam
1558 2205 1721 2260 vitam
1761 2204 1943 2259 conci-

366 2291 503 2347 liat:
536 2292 625 2347 cui
656 2292 975 2349 'obscurum
1031 2308 1154 2350 esse
1193 2304 1396 2365 potest,
1428 2293 1705 2349 Christum
1755 2309 1942 2350 verum

365 2394 486 2439 esse
532 2382 742 2438 Deum?
772 2381 1012 2440 Verbum
1067 2399 1202 2441 sane
1253 2400 1382 2441 caro
1443 2383 1647 2440 factum
1694 2394 1806 2450 est,
1847 2384 1942 2439 sed

366 2473 566 2529 mansit
590 2473 807 2530 interim
840 2474 1097 2531 Verbum.

439 2583 460 2618 ι
498 2563 573 2621 Ut
617 2567 802 2623 credat
843 2569 1077 2624 mundus
1117 2569 1243 2639 quia
1270 2577 1326 2624 tu
1370 2584 1457 2624 me
1494 2568 1711 2625 misisti.
1744 2568 1807 2623 Et
1839 2583 1941 2637 ego

362 2655 668 2713 claritatem
722 2673 884 2726 quam
926 2659 1123 2715 dedisti
1177 2659 1334 2725 mihi,
1378 2659 1500 2715 dedi
1554 2661 1675 2726 eis,
1716 2667 1776 2714 ut
1831 2661 1941 2716 sint

362 2762 554 2813 unum,
579 2746 720 2803 sicut
757 2756 814 2803 et
854 2762 955 2804 nos
987 2764 1154 2804 unum
1198 2765 1411 2805 sumus.
1435 2749 1548 2819 Ego
1592 2751 1645 2804 in
1672 2750 1772 2812 eis,
1803 2757 1859 2804 et
1883 2759 1939 2802 tu

360 2839 415 2894 in
445 2852 561 2905 me,
589 2848 649 2893 ut
672 2838 780 2894 sint
801 2839 1164 2895 consummati
1191 2840 1245 2895 in
1273 2856 1440 2896 unum
1467 2841 1537 2896 ³¹.
1571 2859 1591 2893 ι
1631 2838 1937 2909 Perspicaci

322 2924 558 3013 :mentis
606 2931 764 2989 oculo
806 2926 863 2989 in
910 2947 1029 2989 rem
1077 2934 1402 3005 prepositam
1436 2934 1796 2998 intendentes,
1827 2932 1942 3003 86

359 3039 608 3097 quamam
641 3024 696 3082 in
716 3026 832 3097 ipsa
865 3025 1113 3083 abstrusa
1160 3027 1385 3094 lateant,
1414 3026 1701 3097 diligenter
1746 3025 1937 3094 explo-

359 3129 562 3173 remus.
599 3115 823 3185 Qualem
857 3118 1041 3188 itaque
1064 3118 1289 3189 gloriam
1322 3116 1492 3173 Filins
1521 3132 1551 3172 a
1587 3116 1749 3174 Patre
1778 3132 1935 3173 acce-

357 3208 507 3277 pisse
562 3222 625 3266 se
675 3217 884 3277 narrat,
936 3224 1096 3279 quam
1152 3209 1308 3265 nobis
1360 3209 1554 3265 deinde
1596 3224 1934 3265 communem

359 3297 584 3355 fecerit?
622 3298 767 3356 Sane
802 3300 917 3370 ipse
975 3303 1042 3357 ab
1087 3301 1190 3357 bac
1250 3303 1549 3371 quaestione
1598 3317 1698 3358 nos
1744 3301 1937 3357 liberat

318 3379 321 3383 ’
357 3392 482 3446 dum
511 3391 633 3446 ait:
678 3409 699 3444 ι
735 3391 810 3447 Ut
842 3407 1004 3446 unum
1057 3393 1185 3458 sint,
1223 3395 1366 3449 sicut
1405 3404 1456 3449 et
1501 3409 1601 3449 nos
1648 3408 1814 3448 unum
1848 3408 1938 3447 su-

356 3495 498 3534 mus.
537 3497 565 3532 »
600 3477 738 3533 Nam
762 3480 869 3534 etsi
898 3480 988 3538 D.ei
1010 3478 1191 3536 Patris
1220 3480 1454 3535 Verbum
1488 3479 1784 3535 secundum
1808 3493 1935 3548 pro-

355 3569 530 3638 priam
559 3567 873 3637 hypostasin
921 3568 1059 3622 alius
1102 3583 1133 3622 a
1180 3568 1340 3623 Patre
1383 3584 1504 3623 esse
1558 3569 1929 3637 dignoscatur,

357 3654 593 3709 naturali
623 3664 801 3709 tamen
834 3654 1115 3710 identitate
1156 3670 1322 3709 unum
1369 3654 1527 3724 plane
1579 3665 1636 3709 et
1671 3655 1811 3708 idem
1847 3664 1933 3710 est

361 3762 485 3803 eum
503 3746 701 3803 illo.At
726 3753 1002 3815 quopacto
1023 3728 1260 3800 Verbum
1278 3744 1407 3800 illud
1433 3761 1595 3799 unum
1620 3745 1694 3816 (ι)
1713 3760 1930 3815 quoque

356 3838 640 3895 nobiscum
672 3836 872 3893 factum
901 3836 1018 3893 est?
1043 3837 1125 3892 Ad
1155 3837 1402 3892 eumdem
1430 3837 1653 3892 omnino
1684 3837 1924 3905 modum,

353 3938 484 4000 puta
514 3930 813 3985 secundum
862 3926 1204 3984 essentialem
1248 3937 1304 3982 et
1341 3926 1641 3982 naturalem
1672 3926 1929 3982 identita—

357 4027 487 4072 tem.
510 4018 580 4073 At
610 4032 733 4073 cum
770 4017 952 4074 divina
987 4026 1177 4072 natura
1207 4027 1358 4072 tanto
1400 4032 1430 4070 a
1480 4026 1732 4072 creatura
1765 4018 1928 4074 distet

353 4107 667 4174 intervallo,
688 4116 749 4163 ut
792 4107 1088 4165 secundum
1133 4107 1426 4163 essentiam
1478 4121 1604 4161 cum
1658 4121 1719 4162 ea
1778 4106 1927 4163 coire

354 4214 694 4268 nequaquam
730 4200 945 4268 valeat,
978 4215 1171 4270 ecquo,
1199 4199 1401 4269 inquis,
1429 4201 1588 4254 modo
1628 4199 1925 4254 secundum

351 4299 602 4344 naturam
644 4306 809 4346 unum
841 4292 928 4347 ille
954 4291 1133 4347 factus
1148 4301 1226 4346 est
1259 4292 1565 4358 nobiscum,
1590 4291 1683 4360 qui
1701 4305 1920 4345 omnem

2061 474 2185 541 σοῦς
2242 477 2498 548 Χριστός.
2526 472 2779 546 Διανέμει
2823 472 2934 544 γὰρ
2976 475 3006 526 6
3051 473 3244 545 Πατὴρ
3288 473 3356 527 δι’
3386 471 3519 527 Υἱοῦ
3571 474 3652 526 τὰ

2057 565 2237 635 ἀγαθὰ
2268 566 2327 621 έν
2364 563 2676 636 Πνεύματι·
2713 561 2853 634 πλὴν
2882 563 2917 634 ή
2953 561 3172 632 αἴτησις
3214 563 3250 632 ἡ
3301 561 3358 615 ὲν
3404 576 3653 631 προσευ-

2057 659 2179 727 χαῖς
2207 658 2264 711 ὲν
2301 653 2522 727 Χριστῷ
2554 651 2757 726 Ἰησοῦο
2789 652 2884 706 καὶ
2914 650 3126 722 Κύριος
3159 649 3369 722 Ἰησοῦς
3410 650 3439 703 6
3479 649 3650 702 ἐναν-

2058 748 2352 819 θρωπήσας
2383 749 2585 803 νοεῖται
2611 745 2708 800 καὶ
2744 744 3073 815 ὀνομάζεται
3096 742 3288 811 Λόγος,

2132 952 2153 984 ι
2180 929 2290 986 Καὶ
2327 931 2386 984 ὲν
2427 928 2612 1000 ἐκείνῃ
2640 930 2708 998 τῇ
2736 925 2923 999 ἡμέρᾳ.
2950 923 3049 995 ἐμὲ
3077 923 3177 976 οὐκ
3206 922 3511 994 ἐρωτήσετε
3546 920 3653 973 οὗ·-

2055 1016 2374 1089 δέν.Ἀμὴν,
2406 1016 2552 1089 ἀμὴν
2581 1015 2724 1085 λέγω
2764 1015 2914 1084 ὑμῖν,
2946 1013 3011 1066 ἄν
3035 1029 3088 1064 τι
3120 1012 3383 1082 αἰτήσητε
3411 1010 3503 1063 τὸν
3532 1010 3649 1063 Πα.

2053 1109 2187 1178 τέρα
2233 1110 2290 1162 ὲν
2330 1106 2409 1179 τῷ
2455 1105 2682 1177 ὀνόματί
2734 1122 2857 1177 μου,
2890 1103 3053 1158 δώσει
3094 1103 3243 1173 ὑμῖν.
3272 1104 3504 1164 Αἰτεῖτε,
3540 1100 3647 1154 καὶ

2053 1198 2307 1270 λήψεσθε,
2337 1197 2424 1253 ἵνα
2454 1198 2487 1268 ἡ
2512 1196 2656 1268 χαρὰ
2676 1196 2832 1269 ὑμῶν
2921 1193 3353 1265 πεπληρωμένη.
3384 1211 3404 1245 δ
3425 1194 3517 1247 Ἐν
3545 1191 3647 1265 [an

2054 1293 2147 1345 καὶ
2179 1290 2337 1344 τοῦτο
2368 1292 2479 1353 τοῖς
2504 1288 2762 1360 ἀνωτέρω
2796 1287 2971 1360 βραχὺ
2998 1285 3209 1356 διανοίᾳ
3245 1284 3511 1349 κείσεται,
3540 1286 3646 1337 καὶ

2052 1382 2114 1436 τὸ
2159 1379 2374 1452 ἐφεξῆς
2405 1379 2792 1449 ὀμοίως.Ἒχει
2840 1378 2897 1431 δὲ
2941 1377 3133 1440 οὓτως·
3170 1396 3189 1428 ι
3213 1376 3301 1429 Ἐν
3335 1375 3526 1447 ἐκείνῃ
3564 1378 3643 1447 τῇ

2052 1472 2240 1545 ἡμέρα
2270 1475 2327 1527 ὲν
2364 1470 2442 1542 τῷ
2467 1471 2693 1542 ὀνόματί
2745 1487 2847 1541 μου
2896 1467 3186 1540 αἰτήσεσθε
3207 1483 3222 1500 ⁸
3271 1467 3367 1521 καὶ
3395 1466 3455 1521 οὐ
3490 1466 3643 1535 λέγω

2053 1563 2203 1633 ὑμῖν,
2243 1563 2325 1616 ὅτι
2375 1560 2487 1631 ἐγὼ
2536 1560 2801 1632 ἐρωτήσω
2852 1559 2946 1614 τὸν
2975 1558 3230 1631 Πατέρα’
3265 1558 3428 1623 αὐτὸς
3460 1556 3573 1629 γὰρ
3608 1563 3641 1612 6

2050 1655 2240 1726 Πατὴρ
2286 1653 2433 1723 φιλεῖ
2477 1645 2642 1724 ὑμᾶς,
2672 1653 2753 1705 ὅτι
2789 1652 2949 1722 ὑμεῖς
2997 1651 3097 1720 ἐμὲ
3145 1650 3505 1721 πεφιλήκατε,
3536 1652 3640 1704 καὶ

1974 1742 2021 1803 Β
2049 1734 2451 1803 πεπιστεῦκατε
2493 1746 2574 1800 ὅτι
2609 1744 2721 1813 ἐγὼ
2749 1744 2899 1815 παρὰ
2937 1743 3032 1799 τοῦ
3064 1742 3279 1815 Πατρὸς
3310 1741 3558 1814 ἐξῆλθον.
3602 1762 3625 1792 ι

2126 1861 2146 1894 ι
2176 1838 2324 1911 Αὕτη
2359 1837 2416 1892 δέ
2442 1840 2590 1891 ἐστιν
2614 1838 2647 1906 ἡ
2674 1836 2894 1899 αἰώνιος
2933 1835 3068 1906 ζωὴ,
3106 1835 3192 1887 ἵνα
3224 1832 3538 1902 γινώσκωσι
3568 1850 3639 1885 σε

2046 1931 2137 1985 τὸν
2170 1930 2331 2001 μόνον
2377 1927 2632 1999 ἀληθινὸν
2665 1926 2819 1991 Θεὸν,
2846 1926 2941 1980 καὶ
2967 1925 3026 1978 δν
3057 1923 3387 1986 ἀπέστειλας
3420 1922 3637 1993 Ἰησοῦδ

2045 2020 2302 2091 Χριστόν.
2332 2038 2352 2072 ι
2392 2019 2455 2072 El
2483 2020 2549 2089 τῇ
2588 2015 2882 2086 ἐπιγνώσει
2914 2013 3009 2069 τοῦ
3058 2014 3221 2086 μόνου
3248 2013 3342 2069 καὶ
3366 2013 3632 2083 ἀληθινοῦ

2045 2110 2181 2166 Θεοῦ
2228 2109 2581 2180 συνεζεῦχθαι
2622 2125 2681 2162 τε
2729 2108 2824 2162 καὶ
2857 2106 3247 2161 συνεισϐαίνειν
3282 2106 3501 2175 ἀνάγκη
3530 2105 3636 2176 τὴν

2045 2202 2341 2271 ἐπίγνωσιν
2389 2197 2565 2270 Ἰησοῦ
2594 2193 2855 2267 Χριστοῦ,
2893 2195 2986 2249 καὶ⁸
3015 2193 3159 2264 ζωὴν
3182 2192 3337 2246 τοῦτο
3363 2192 3463 2261 τὴν
3497 2191 3636 2244 αἰὼ-

2044 2308 2156 2347 νιον
2195 2291 2489 2361 προξενεῖ·
2524 2287 2644 2351 πῶς
2689 2288 2788 2357 οὐχ
2839 2285 3044 2340 ἅπασιν
3085 2284 3335 2354 ἐναργὲς,
3364 2283 3448 2336 ὃτι
3493 2282 3634 2343 Θεός

2042 2386 2192 2438 ἐστιν
2220 2382 2426 2455 ἀληθὴς
2461 2383 2490 2435 6
2521 2378 2791 2451 Χριστός;
2820 2377 3018 2446 Γέγονε
3052 2376 3161 2447 γὰρ
3195 2374 3335 2447 σὰρξ
3366 2375 3396 2428 6
3428 2374 3632 2443 Λόγος,

2042 2476 2139 2529 καὶ
2178 2473 2458 2545 μεμένηκε
2485 2472 2677 2540 Λόγος.

2119 2565 2268 2618 ιἺνα
2316 2565 2345 2617 6
2388 2562 2591 2633 κόσμος
2634 2560 2901 2632 πιστεύσῃ
2932 2561 3014 2615 ὅτι
3044 2559 3108 2613 σύ
3151 2576 3220 2630 με
3266 2557 3624 2621 ἀπέστειλας.

2042 2655 2217 2724 Κάγὼ
2238 2656 2340 2726 τὴν
2382 2636 2562 2719 δόξανξ
2589 2654 2659 2725 ἢν
2692 2653 2932 2717 δέδωκάς
2985 2670 3098 2724 μοι,
3133 2651 3343 2705 δέδωκα
3386 2651 3579 2713 αὐτοῖς
3610 2667 3628 2680 -

2041 2750 2129 2803 ἵνα
2159 2742 2294 2803 ὦσιν
2332 2746 2411 2813 ἒν,
2438 2744 2622 2810 καθὼς
2655 2747 2812 2817 ἡμεῖς
2837 2744 2916 2799 ἓν.
2935 2743 3077 2812 Ἐγὼ
3108 2744 3166 2798 ἐν
3190 2742 3394 2807 αὐτοῖς,
3429 2742 3527 2795 καί
3558 2744 3630 2795 σὺ

2039 2842 2096 2894 ὲν
2133 2839 2276 2911 ἐμοὶ,
2325 2838 2413 2892 ἵνα
2442 2831 2544 2892 ῶσι
2582 2835 2990 2907 τετελειωμένοι
3016 2836 3095 2899 είς
3122 2834 3201 2888 ἓν.
3230 2853 3249 2886 ι
3269 2832 3500 2905 Ἀκριόἦ
3522 2833 3631 2902 τῆς

2039 2932 2277 2995 διανοίας
2298 2930 2390 2985 τὸν
2417 2929 2693 3000 ὀφθαλμὸν
2729 2929 3127 2998 ἐπιστήσαντες
3160 2929 3227 2999 τῇ
3258 2925 3353 2978 τοῦ
3392 2941 3628 2994 προκει-

2044 3023 2208 3095 μένου
2236 3021 2486 3091 δυνάμει,
2511 3018 2881 3090 θεωρήσωμεν
2901 3017 2973 3071 τὰ
2993 3018 3052 3071 ὲν
3081 3016 3257 3085 αὐτῷ.
3273 3014 3438 3068 Ποίαν
3462 3013 3633 3078 δόξαν

2039 3111 2321 3183 εἰληφέναι
2345 3110 2480 3181 φησὶ
2516 3107 2666 3180 παρὰ
2704 3108 2796 3163 τοῦ
2822 3108 3035 3179 Πατρὺς
3065 3108 3094 3161 ὀ
3122 3106 3271 3173 Υἱὸς,
3296 3106 3391 3159 καὶ
3412 3104 3623 3174 ταύτην

2042 3206 2174 3276 ἡμῖν
2199 3202 2472 3257 ἐπιδοῦναι
2494 3218 2508 3266 ς
2535 3201 2707 3264 Αὐτὸς
2730 3200 2787 3254 δὲ
2815 3202 2966 3271 ἡμᾶς
2985 3200 3086 3270 τῆς
3111 3198 3206 3253 ἐπὶ
3230 3197 3441 3261 τούτοις
3464 3197 3625 3269 ξρεύ-

2036 3309 2135 3363 νης
2161 3290 2487 3355 ἀπαλλάξει,
2511 3289 2685 3358 λέγων
2704 3306 2717 3320 ·
2754 3289 2900 3343 «Ἵνα
2923 3282 3046 3353 ὦσι,
3079 3287 3262 3352 καθὼς
3290 3289 3477 3359 ἡμεῖς,
3500 3286 3581 3339 ἓν.
3600 3306 3620 3337 ι

2049 3382 2139 3435 Ἐν
2171 3382 2270 3451 μὲν
2293 3379 2403 3451 γὰρ
2426 3381 2494 3451 τῇ
2516 3381 2725 3449 φυσικῇ
2754 3377 3043 3449 ταυτότητι
3074 3377 3134 3430 ἓν
3166 3378 3312 3430 ἐστιν
3345 3379 3374 3430 6
3394 3377 3461 3429 ὲκ
3479 3375 3623 3428 Θεοῦ

2036 3471 2208 3539 Λόγος
2239 3470 2375 3540 πρὸς
2418 3470 2507 3524 τὸν
2541 3468 2734 3522 ἑαυτοῦ
2766 3468 3007 3541 Πατέρα,
3044 3469 3092 3521 εί
3125 3468 3221 3522 καὶ
3249 3468 3448 3522 νοεῖται
3481 3467 3585 3519 καθ
3606 3467 3625 3487 '

2040 3563 2335 3617 ὑπόστασιν
2365 3562 2623 3631 ἑκάτερος
2656 3561 2849 3631 ίδικήν.
2901 3558 3026 3623 Πῶς
3052 3560 3111 3614 δὲ
3139 3559 3231 3614 καὶ
3262 3561 3319 3612 ὲν
3348 3561 3481 3630 ἡμῖν
3514 3558 3617 3626 γέ-

2039 3671 2198 3722 γονε;
2225 3652 2385 3706 Κατὰ
2412 3653 2503 3706 τὸν
2529 3652 2643 3706 ἴσον
2671 3652 2895 3723 τρόπον,
2924 3651 3197 3714 οὐσιωδῶς
3224 3650 3290 3723 δὴ
3323 3649 3490 3721 λέγω,
3517 3652 3617 3702 καὶ

2037 3738 2316 3808 φυσικῶς·
2349 3738 2443 3792 καί
2478 3756 2563 3792 τοι
2595 3738 2728 3792 Θεοῦ
2782 3739 2943 3808 φύσις
2987 3738 3301 3808 ἀσύμϐατός
3335 3737 3617 3801 παντελῶς

2034 3831 2121 3900 εῐη
2167 3830 2234 3884 ἂν
2283 3829 2420 3901 πρὸς
2455 3830 2554 3899 τὴν
2601 3830 2796 3896 κτίσιν,
2829 3830 2907 3894 ὡς
2953 3832 3011 3884 ὲν
3049 3830 3339 3902 ταυτότητι
3370 3830 3515 3899 λέγω
3547 3835 3615 3901 τῇ

2035 3922 2160 3977 κατ’
2190 3921 2397 3975 οὐσίαν.
2423 3920 2550 3984 Πῶς
2584 3917 2677 3975 οὖν
2705 3922 2763 3976 ὲν
2785 3923 2916 3992 ἡμῖν
2939 3922 3129 3991 γέγονε
3163 3921 3407 3991 φυσικῶς
3425 3922 3455 3974 6
3476 3921 3619 3991 ὑπὲρ

2033 4012 2133 4083 τὴν
2165 4011 2380 4079 κτίσιν;
2410 4012 2607 4081 Γέγονε
2640 4013 2749 4084 γὰρ
2778 4011 3086 4084 ἅνθρωπος,
3121 4013 3209 4067 ἵνα
3240 4011 3431 4083 ὥσπερ
3463 4012 3617 4064 ἐστὶν

2033 4107 2130 4160 ἑνί
2171 4109 2237 4177 τῇ
2265 4107 2365 4177 τῆς
2397 4104 2651 4177 θεότητος
2687 4107 2849 4175 φύσει
2881 4107 3018 4178 πρὸς
3060 4107 3151 4161 τὸν
3196 4106 3442 4177 Πατέρα,
3469 4104 3619 4158 οὕτω

2034 4195 2130 4249 καὶ
2153 4195 2288 4267 πρὸς
2314 4196 2462 4266 ἡμᾶς
2489 4194 2548 4249 ἓν
2586 4194 2812 4265 γένηται
2843 4196 3028 4266 σχέσει
3060 4198 3125 4268 τῇ
3156 4196 3299 4249 κατὰ
3326 4195 3617 4266 ἀνθρωπόο

2031 4302 2203 4359 τηταο
2237 4284 2636 4356 τετελειώμεθα
2660 4285 2770 4358 γὰρ
2798 4285 2941 4342 οὕτω
2966 4288 3060 4342 καὶ
3096 4290 3259 4359 ἡμεῖς
3287 4291 3368 4353 εἰς
3395 4290 3479 4345 ἓν.

350 4380 574 4437 omnino
636 4393 942 4439 creaturam
993 4385 1253 4440 excellit?
1297 4383 1528 4440 Verbum
1585 4386 1788 4440 factum
1843 4392 1929 4440 est
1965 4384 2150 4450 homo,
2181 4389 2241 4436 ut
2301 4380 2782 4451 quemadmodum,
2810 4384 2955 4453 quod
3024 4384 3241 4454 quidem
3276 4386 3345 4439 ad
3391 4385 3619 4441 deitatrs

351 4480 602 4528 naturam
632 4484 862 4542 spectat,
895 4491 1060 4529 unum
1089 4487 1144 4532 et
1193 4477 1334 4531 idem
1363 4486 1447 4531 est
1493 4491 1616 4531 cum
1679 4476 1958 4542 Patre,ita
1998 4475 2298 4531 secundum
2333 4482 2540 4530 natura:
2608 4475 2859 4531 humanae
2908 4476 3280 4533 habitudinem
3312 4479 3386 4533 sit
3437 4493 3619 4534 unum

348 4582 566 4640 quoque
594 4568 897 4626 nobiscum.
935 4571 1048 4625 llac
1076 4572 1222 4626 enim
1261 4575 1468 4630 ratione
1503 4591 1599 4629 nos
1621 4589 1840 4645 quoque
1862 4575 1914 4629 in
1954 4574 2215 4629 unitatem
2246 4573 2607 4628 consummati
2652 4588 2863 4631 sumus.

429 4674 450 4709 ι
478 4658 612 4712 Cum
652 4672 782 4730 ergo
818 4666 943 4716 sere
974 4669 1118 4716 esset
1152 4662 1238 4718 die
1265 4663 1375 4727 illo,
1402 4680 1505 4718 una
1538 4664 1924 4730 Sabbatorum,

2113 4683 2132 4717 ι
2165 4661 2346 4734 Οὔσης
2394 4657 2487 4717 οὖν
2531 4663 2689 4733 ὀψίας
2718 4668 2785 4737 τῇ
2821 4663 3005 4736 ἡμέρᾳ
3035 4665 3243 4738 ἐκείνῃ,
3268 4670 3337 4739 τῇ
3373 4668 3476 4737 μιᾷ
3498 4668 3614 4721 τῶν

344 4759 398 4807 et
434 4748 577 4807 fores
597 4761 780 4807 essent
819 4754 1035 4820 clauszc,
1061 4754 1151 4810 ubi
1190 4765 1347 4809 erant
1397 4755 1643 4824 discipuli
1695 4772 1932 4826 congre-

346 4842 457 4913 gati
489 4852 712 4912 propter
736 4855 937 4900 metum
958 4844 1290 4911 Iudaeorum,
1328 4847 1477 4899 venit
1503 4845 1680 4912 Jesus,
1714 4857 1771 4902 et
1810 4856 1922 4902 ste-

349 4932 414 4987 tit
442 4932 497 4987 in
531 4932 729 4998 medio,
761 4943 817 4988 et
847 4934 986 4989 dixit
1030 4934 1145 4990 eis:
1173 4933 1283 4989 Pax
1322 4935 1473 4991 vobis
1521 4935 1588 4989 ’³.
1621 4955 1639 4988 ι
1673 4933 1789 4991 Non
1817 4936 1921 4989 im-

2031 4754 2344 4820 Σαὸϐάτων,
2373 4755 2465 4808 καὶ
2491 4755 2599 4811 τῶν
2629 4755 2808 4827 θυρῶν
2838 4758 3257 4827 κεκλεισμένων,
3295 4759 3431 4811 ὅπου
3466 4753 3614 4828 ἦσαν

2029 4848 2079 4900 οἱ
2119 4845 2358 4918 μαθηταὶ
2393 4847 2719 4917 συνηγμένοι
2753 4846 2842 4901 διὰ
2865 4849 2955 4902 τὸν
2985 4849 3149 4919 φόϐον
3173 4849 3282 4903 τῶν
3315 4849 3610 4915 Ἰουδαίων,

2022 4933 2186 5009 ἦλθεν
2226 4939 2255 4991 6
2295 4936 2523 5009 Ἰησοῦς,
2556 4939 2650 4992 καὶ
2691 4939 2824 5010 ἔστη
2875 4942 2954 5005 εἰς
2996 4940 3056 4994 τὸ
3100 4941 3283 5011 μέσον,
3310 4943 3406 4995 καὶ
3451 4942 3613 5011 λέγει

347 5025 549 5080 merito
600 5025 930 5081 dubitaverit
979 5026 1071 5082 hic
1119 5027 1414 5097 quispiam,
1447 5042 1511 5082 ac
1559 5027 1757 5082 dixerit
1796 5044 1811 5080 :
1859 5026 1917 5081 Si

2048 5028 2233 5090 ιύτοῖς·
2267 5027 2471 5099 Εἰρήνη
2516 5027 2666 5097 ὑμῖν.
2699 5046 2717 5079 ι
2739 5028 3117 5101 Ἐπαπορήσαι
3161 5048 3243 5092 τις
3268 5030 3335 5083 ἂν
3371 5031 3515 5085 κατὰ
3548 5033 3611 5085 τὸ

348 5113 585 5171 Verbum
605 5126 727 5187 post
756 5118 1208 5174 resurrectionem
1237 5119 1459 5189 perinde
1497 5134 1562 5174 ac
1590 5128 1715 5173 ante
1757 5131 1920 5174 vene-

2020 5115 2168 5178 εἰκὸς
2217 5114 2421 5185 λέγων·
2452 5114 2517 5169 Ei
2553 5118 2612 5170 ὲν
2643 5116 2855 5188 σώματι
2883 5119 2977 5173 καὶ
3010 5119 3151 5189 μετά
3183 5121 3281 5191 τήν
3304 5122 3609 5176 ἀνάστασιν

348 5207 570 5273 randam
596 5223 813 5264 crucem
848 5212 900 5264 in
936 5223 1162 5281 corpore
1190 5220 1328 5276 erat,
1356 5209 1627 5281 quomodo
1649 5210 1920 5265 conclusis

2048 5207 2086 5281 ιν
2112 5212 2141 5263 6
2166 5209 2357 5279 Λόγος,
2383 5206 2527 5263 καθὰ
2570 5209 2664 5264 καὶ
2706 5209 2811 5280 πρὸ
2848 5209 2942 5263 τοῦ
2971 5210 3155 5280 τιμίου
3181 5212 3449 5284 σταυροῦ,
3485 5216 3606 5280 πῶς

419 5361 463 5396 ι’
487 5361 643 5420 Joan.
678 5380 792 5433 xvr,
820 5366 911 5451 23,
932 5367 1023 5422 21.
1102 5369 1148 5401 ²⁰
1185 5367 1313 5425 ibid.
1341 5367 1432 5434 26,
1462 5368 1553 5422 27.
1634 5367 1675 5399 ²¹
1707 5367 1864 5426 Joan.
1896 5383 2025 5432 xvn,
2051 5368 2104 5425 5.
2179 5370 2223 5400 ¹²
2247 5369 2378 5427 ibid.
2409 5368 2598 5426 21-25.
2675 5370 2723 5403 ’³
2753 5369 2907 5428 Joan.
2934 5386 3025 5441 xx,
3064 5370 3151 5429 l9.

1416 5461 1587 5517 Varia:
1619 5461 1880 5519 lectiones
1914 5463 2117 5518 codicis
2145 5463 2510 5534 Seguicriani.

426 5571 542 5627 ita.
572 5570 652 5629 ἓν.

422 5665 500 5731 (ι)
536 5663 635 5719 llic
671 5672 725 5719 et
745 5663 884 5719 infra
915 5665 1183 5736 interpres
1214 5668 1341 5738 legit
1372 5667 1449 5735 ἓν,
1488 5668 1578 5724 ubi
1610 5671 1668 5724 ὲν
1694 5669 1967 5740 vulgatum
1996 5677 2102 5723 cst.
