3910 6200
329 243 469 300 H75

1422 242 1517 297 DE
1548 243 1775 301 RECTA
1822 243 1979 298 FIDE
2015 244 2103 298 AD
2140 243 2458 303 REGINAS.

3430 249 3567 306 ιετι

325 359 728 431 κεκλεισμένων
755 357 865 414 τῶν
894 357 1074 432 θυρῶν
1102 359 1381 431 ἀδοκήτως
1425 361 1506 423 εἰς
1550 359 1717 428 μέσον
1744 359 1874 429 ὤφθη

2005 358 2209 414 foribus
2242 360 2299 413 in
2323 360 2503 415 medio
2557 359 2944 432 discipulorum
2980 376 3049 417 ex
3098 362 3372 432 insperato
3406 378 3569 434 appa-

319 452 436 506 τῶν
489 450 785 524 μαθητῶν;
816 451 960 523 Πρὸς
986 454 1143 506 τοῦτό
1194 467 1395 523 φαμεν,
1424 451 1508 504 ὅτι
1548 451 1777 522 δυνάμει
1828 455 1894 523 τῇ

325 539 504 612 οεῖκῇ.
536 538 867 610 Μεμνῆσθαι
893 539 976 592 δεῖ
1007 537 1222 592 Παύλου
1258 537 1529 605 λέγοντος,
1563 537 1645 590 ὅτι
1678 555 1696 587 ι
1731 537 1893 590 Ὥστε

323 633 490 704 ἡμεῖς
525 630 635 685 ἀπὸ
661 629 756 684 τοῦ
805 629 901 685 νῦν
940 629 1125 685 οὐδένα
1165 630 1386 700 οίδαμεν
1418 628 1560 682 κατὰ
1591 626 1801 698 σάρκα·
1845 627 1895 680 εί

322 722 380 776 δὲ
422 723 519 776 καὶ
566 719 885 792 ἐγνώκαμεν
927 721 1069 775 κατά
1117 722 1296 787 σάρκα
1336 719 1591 791 Χριστὸν,
1619 718 1756 773 ἀλλά
1799 718 1895 772 νῦν

323 812 508 866 οὐκέτι
548 810 911 881 γινώσκομεν.
944 829 964 862 ι
1014 811 1170 865 Μετὰ
1206 813 1315 882 γάρ
1343 826 1426 864 τοι
1451 809 1550 882 τὴν
1589 812 1655 864 ὲκ
1685 810 1895 882 νεκρῶν

322 904 639 967 ἀναϐίωσιν,
671 902 747 967 ὡς
775 902 1164 973 τετελεσμένης
1189 902 1289 973 ήδη
1320 902 1421 972 τῆς
1454 901 1765 973 οἰκονομίας
1799 902 1895 970 ἐφ’

323 989 359 1067 ᾖ
388 994 484 1048 καὶ
515 996 550 1065 ἡ
595 994 695 1059 τῆς
729 994 931 1063 σαρκὸς
976 994 1241 1065 ἀνάληψις
1275 993 1561 1065 ὲπράχθηί
1599 995 1891 1064 χρειωδῶς,

323 1084 544 1156 ἐξουσία
588 1085 681 1138 καὶ
724 1084 951 1155 δυνάμει
992 1083 1259 1156 κέχρηται
1304 1088 1371 1156 τῇ
1425 1084 1753 1157 θεοπρεπεῖ,
1805 1085 1894 1139 διά

320 1177 527 1231 τούτων
560 1176 779 1248 μᾶλλον,
825 1176 858 1246 ἢ
898 1175 987 1229 διά
1027 1175 1136 1230 τῶν
1178 1177 1277 1248 τῆς
1313 1175 1597 1241 κενώσεως
1627 1176 1837 1247 μέτρων
1862 1176 1890 1216 ι

322 1266 782 1338 ἑπιγινώσκεσθαι
811 1266 997 1334 Θέλων,
1025 1266 1101 1331 ὡς
1137 1268 1195 1321 ὲν
1232 1267 1411 1339 καιρῷ
1438 1267 1754 1337 καθήκοντι.

397 1465 419 1500 ι
445 1446 556 1500 Καὶ
590 1444 747 1499 τοῦτο
782 1444 973 1511 εἰπὼν,
1002 1445 1322 1514 ἐνεφύσησε,
1360 1446 1453 1499 καὶ
1486 1446 1635 1515 λέγει
1662 1446 1846 1509 αὐτοῖς
1869 1460 1887 1477 ⁸

319 1536 529 1594 Λάϐετε
546 1535 770 1607 Πνεῦμα
796 1536 1078 1605 ἃγιον.Ἀν
1097 1553 1257 1590 τινων
1279 1537 1455 1606 ἀφῆτε
1478 1537 1575 1608 τᾲς
1597 1537 1887 1607 ἁμαρτίας,

318 1623 604 1697 ἀφίενταιι
634 1625 816 1689 αὐτοῖς
840 1637 854 1653 ⁸
882 1625 950 1679 άν
978 1641 1140 1678 τινων
1169 1624 1434 1694 κρατῆτε,
1461 1624 1881 1693 κεκράτηνται.»

1999 449 2144 505 ruit?
2184 451 2265 506 Ad
2294 452 2398 506 hoc
2446 453 2833 523 respondemus
2867 454 3048 509 divina
3101 455 3299 509 virtute
3358 456 3567 510 factum

1996 540 2049 595 id
2078 554 2218 596 esse.
2248 540 2353 596 Par
2375 550 2461 597 est
2510 550 2712 607 autem,
2745 550 2804 597 ut
2859 542 3008 598 Pauli
3076 545 3279 599 dictum
3315 544 3421 599 hoc
3446 544 3573 600 loco

1996 628 2050 683 in
2082 638 2317 685 mentem
2370 645 2722 700 revocamus;
2750 632 2829 687 ait
2870 632 2919 688 is
2959 646 3138 689 vero:
3181 651 3201 686 ι
3246 633 3434 704 Itaque
3466 649 3573 689 nos

1995 735 2061 776 ex
2089 720 2191 775 hoc
2223 721 2494 776 nemiuem
2544 722 2795 777 novimus
2843 726 3143 778 secundum
3172 737 3427 779 carnem:
3460 726 3567 781 etsi

1995 809 2342 879 cognovimus
2372 811 2669 866 secundum
2703 827 2922 867 carnem
2953 812 3254 881 Christum,
3297 817 3389 869 sed
3419 831 3568 871 nunc

1994 913 2101 952 non
2150 898 2404 954 novimus
2439 899 2503 954 “.
2553 919 2573 952 ι
2622 900 2763 956 Sane
2807 913 2933 971 post
2985 904 3443 959 resurrectionem
3497 920 3566 960 ex

1994 993 2246 1057 mortuis,
2299 994 2718 1064 dispensationis
2799 997 3091 1066 mysterio,
3148 1010 3369 1070 propter
3423 1002 3565 1071 quod

1995 1095 2211 1136 carnem
2236 1082 2524 1139 salubriter
2545 1095 2933 1154 assumpserat,
2952 1086 3061 1156 jam
3094 1089 3354 1157 perfecto,
3380 1090 3563 1145 divina

1992 1169 2191 1225 virtute
2226 1181 2280 1225 et
2329 1181 2597 1241 potestate
2636 1176 2890 1229 utebatur
2921 1192 2935 1230 :
2966 1186 3024 1229 ut
3051 1178 3143 1244 qui
3175 1177 3336 1233 veluti
3365 1192 3563 1248 oppor—

1930 1279 1936 1285 ί
1995 1273 2125 1315 tuno
2152 1269 2394 1332 tempore
2422 1277 2514 1332 per
2533 1278 2595 1317 ea
2629 1266 2828 1334 potius,
2847 1280 3013 1335 quam
3045 1281 3142 1335 per
3164 1268 3561 1324 exinanitionis

1991 1352 2347 1421 conditiones,
2372 1356 2592 1423 agnosci
2619 1356 2877 1411 voluerit.

2067 1460 2087 1494 ι
2117 1442 2183 1497 Et
2213 1457 2335 1498 cum
2361 1443 2463 1499 hoc
2490 1444 2739 1510 dixisset,
2766 1448 3082 1513 insuliiavit,
3112 1457 3167 1502 et
3194 1449 3337 1504 dixit
3361 1467 3374 1504 :
3403 1450 3561 1505 Acci-

1990 1532 2099 1601 pite
2126 1533 2386 1602 Spiritum
2415 1544 2662 1589 sanctum
2685 1554 2699 1591 :
2720 1551 2948 1605 quorum
2973 1540 3296 1594 remiseritis
3319 1548 3556 1610 peccata,

1992 1624 2344 1679 remittuntur
2403 1625 2520 1691 eis;
2559 1634 2615 1679 et
2659 1641 2889 1695 quorum
2951 1629 3308 1695 retinueritis,
3350 1640 3557 1685 retenta

320 1718 481 1774 Ὀλον
505 1718 623 1772 ἐστὶ
649 1717 947 1789 Θεοπρεπὲς
978 1716 1041 1769 τὸ
1067 1713 1450 1785 γεγενημένον,
1495 1715 1591 1767 καὶ
1631 1713 1724 1767 τοῦ
1755 1730 1874 1767 παν

1990 1726 2118 1771 sunt
2141 1715 2208 1771 ".
2278 1735 2297 1768 ι
2360 1715 2635 1788 Quidquid
2684 1720 2773 1773 hic
2817 1719 3017 1775 factum
3064 1731 3428 1788 memoratur,
3460 1723 3560 1779 hoc

317 1809 409 1873 τὸς
437 1807 585 1874 ἄξιον
611 1807 791 1876 λόγου.
815 1806 1037 1879 Πρῶτον
1067 1806 1166 1875 μὲν
1195 1805 1304 1876 γάρ
1333 1804 1432 1858 οὐκ
1456 1803 1794 1876 ἀνθρώπινον
1825 1804 1886 1858 τὸ

318 1900 632 1969 ὶμφυσῆσαι
674 1900 786 1960 τοῖς
818 1896 1155 1959 ἀποστόλοις,
1186 1895 1281 1949 καλ⁸
1320 1894 1502 1948 δοῦναι
1543 1894 1604 1947 τὸ
1636 1893 1880 1964 Πνεῦμα.

316 1983 451 2043 Εἶτα
484 1989 644 2060 μέγα,
678 1990 771 2043 καὶ
807 1988 946 2059 ὑπὲρ
976 1988 1075 2058 τὴν
1109 1986 1307 2049 κτίσιν,
1347 1985 1408 2038 τὸ
1444 1985 1701 2056 τοιαύτην
1730 1985 1881 2049 ἐξου-

319 2077 436 2133 σίαν
489 2080 813 2150 παρασχεῖν,
852 2077 993 2131 ὥστε
1040 2079 1283 2147 κρατεῖν,
1318 2069 1394 2129 ὧν
1434 2075 1501 2129 ἂν
1529 2075 1752 2139 ἕλοιντο,
1784 2073 1883 2136 τὰς

315 2171 629 2245 ἀμαρτίαςυ
676 2170 897 2241 ἀφιέναι
932 2170 990 2224 δὲ
1030 2171 1126 2224 καὶ
1159 2165 1241 2233 οἷς
1275 2169 1342 2224 ἂν
1377 2168 1648 2239 βούλοιντο
1691 2167 1875 2237 τυχόν.

316 2264 431 2329 Διά,
462 2263 515 2318 τί
560 2263 617 2317 δὲ
661 2263 754 2317 καὶ
783 2262 871 2316 διὰ
903 2260 1165 2334 σαρκικοῦ
1205 2263 1527 2332 φυσήματος
1566 2261 1628 2314 τὸ
1657 2259 1881 2330 Πνεῦμα

314 2355 567 2421 δίδωσιν;
597 2354 720 2408 Ὅτι
755 2356 831 2425 μὴ
861 2353 1116 2425 ἀλλοτρία
1142 2352 1236 2406 τοῦ
1266 2352 1439 2421 Λόγου
1471 2349 1880 2422 γέγονεν-αὑτοῦ

316 2446 351 2515 ἡ
394 2443 552 2517 σάρξ,
585 2444 719 2497 ἀλλὰ
750 2443 931 2507 ίδικῶς
958 2442 1146 2497 αὐτοῦ.
1177 2443 1287 2497 Καὶ
1318 2440 1659 2513 ἀνθρώπινον
1696 2440 1794 2511 μὲν
1820 2438 1882 2493 τὸ

313 2535 399 2590 διὰ
445 2536 647 2607 σαρκὸς
687 2534 1023 2605 ἐμφύσημα,
1059 2534 1244 2604 θείκῆς
1271 2532 1329 2587 δὲ
1384 2532 1667 2602 δυνάμεως
1717 2531 1879 2601 ἔργον

312 2623 372 2678 τδ
402 2625 661 2696 μετόχους
689 2623 965 2694 ἀποφῆναι
995 2623 1090 2678 τοῦ
1128 2621 1446 2694 Πνεύματος
1480 2621 1606 2685 τοὺς
1646 2619 1884 2691 ἠξιωμέ-

312 2731 455 2780 νους.

1993 1818 2164 1863 ιοιιιιη
2215 1808 2482 1878 divinum,
2512 1825 2815 1880 magnaque
2865 1813 3303 1868 consideratione
3338 1815 3556 1884 dignum

1989 1909 2090 1955 est.
2122 1899 2303 1954 Primo
2328 1915 2561 1970 namque
2596 1918 2703 1957 non
2741 1911 2860 1957 erat
2886 1904 3135 1959 humana:
3162 1915 3370 1959 natura;
3395 1921 3553 1975 opus.

1989 2001 2087 2056 per
2108 1989 2531 2046 exsumationem
2564 1992 2824 2060 apostolis
2863 1993 3124 2062 Spiritum
3178 2006 3423 2051 sanctum
3472 1998 3556 2052 in-

1989 2079 2231 2136 fundere.
2268 2081 2474 2137 Deinde
2509 2085 2685 2154 majus
2714 2085 2993 2154 quiddam,
3019 2086 3413 2157 sublimiusque
3441 2100 3549 2154 est,

1987 2185 2148 2241 quam
2171 2173 2312 2239 quod
2345 2174 2397 2226 in
2425 2184 2729 2228 creaturam
2765 2178 2939 2241 cadat,
2969 2186 3171 2231 tantam
3197 2178 3302 2234 illis
3317 2188 3556 2247 potesta—

1989 2271 2095 2316 tem
2160 2262 2451 2331 impertiri,
2508 2265 2618 2334 87
2673 2274 2732 2319 ut
2786 2281 3015 2335 quorum
3069 2269 3274 2323 vellent
3334 2278 3553 2338 peccata

1983 2352 2240 2417 retinere,
2276 2363 2332 2408 et
2361 2368 2591 2424 quorum
2631 2371 2819 2412 rursus
2854 2360 3026 2412 visum
3076 2369 3224 2414 esset
3281 2360 3551 2424 relaxare,

1981 2453 2223 2513 possent.
2276 2444 2348 2498 At
2397 2460 2495 2500 cur
2542 2461 2805 2516 corporeo
2852 2448 2979 2502 ﬂatu
3030 2450 3241 2519 impetit
3292 2448 3551 2519 Spiritum

1980 2533 2266 2589 sanctum?
2298 2534 2421 2590 ideo
2478 2536 2760 2601 nimirum,
2799 2546 2858 2592 ut
2916 2554 3132 2596 carnem
3165 2556 3195 2594 a
3227 2541 3404 2597 Verbo
3445 2556 3552 2597 non

1979 2623 2347 2689 alienam,sed
2376 2627 2647 2696 propriam
2672 2627 2813 2684 illius
2832 2631 3111 2686 exstitisse
3160 2632 3550 2703 intelligamus.

1974 2712 2128 2768 Adde
2151 2724 2433 2770 externam
2461 2716 2610 2771 illam
2632 2733 2727 2789 per
2747 2721 2932 2776 carnis
2961 2721 3321 2777 ministerium
3346 2724 3537 2779 exsuf-

311 2807 583 2865 flationem
640 2809 932 2864 humanam
993 2807 1194 2875 fuisse,
1272 2806 1367 2863 sed
1437 2805 1675 2877 Spiritus
1726 2804 1905 2862 sancti
1940 2805 2238 2877 participes
2284 2807 2596 2878 dignatione
2647 2824 2744 2865 sua
2819 2811 3282 2883 ellicereudivinae
3331 2814 3548 2870 virtutis

309 2916 446 2973 opus
469 2902 760 2960 exstitisse.

531 3033 626 3089 Ἐκ
662 3034 769 3091 τοῦ
805 3034 956 3093 κατὰ
989 3034 1231 3093 Λουκᾱν
1266 3035 1658 3106 Εὐαγγελίου.

379 3171 644 3241 Ἀγγελος
672 3172 810 3226 Θεοῦ
855 3171 936 3242 τῷ
979 3173 1224 3246 Ζαχαρία
1253 3172 1388 3244 φησὶ
1415 3173 1543 3245 περὶ
1576 3172 1671 3227 τοῦ
1717 3173 1872 3242 ἁγίου

308 3262 647 3318 Βαπτιστοῦο
683 3282 704 3316 r
732 3264 845 3316 Kal.
871 3263 1022 3317 ἔσται
1046 3265 1190 3335 χαρά
1236 3282 1318 3318 σοι
1377 3265 1470 3319 καὶ
1514 3265 1832 3334 ἀγαλλίασις
1853 3281 1870 3298 ο

306 3353 400 3408 καὶ
437 3353 619 3408 πολλοὶ
642 3355 735 3408 ἐπὶ
755 3357 823 3426 τῇ
848 3355 1099 3425 γεννήσει
1124 3355 1289 3409 αὑτοῦ
1318 3357 1870 3430 χαρήσονται.Ἔσται

305 3446 413 3518 γὰρ
447 3445 620 3516 μέγας
651 3444 878 3498 ἐνώπιον
906 3444 1135 3515 Κυρίου,
1168 3443 1262 3498 καὶ
1291 3440 1433 3498 οἶνον
1466 3443 1562 3498 καὶ
1594 3447 1788 3517 σίκερα
1809 3448 1871 3500 οὐ

307 3536 382 3608 μή
422 3538 543 3608 πίῃ.
574 3535 667 3589 καὶ
714 3536 1030 3606 Πνεύματος
1073 3537 1231 3603 ἁγίου
1275 3536 1644 3609 πλησθήσεται
1683 3539 1762 3592 ἔτι
1805 3540 1870 3592 ὲκ

302 3626 510 3690 κοιλίας
539 3627 743 3700 μητρδς
771 3626 957 3681 αὑτοῦ.
987 3628 1098 3681 Καὶ
1121 3627 1346 3690 πολλοὺς
1370 3629 1478 3682 τῶν
1497 3629 1629 3682 uith
1653 3629 1867 3700 Ἰσραὴλ

302 3697 617 3790 ἐπιστρέψει
648 3697 739 3770 ἐπὶ
768 3716 975 3788 Κύριον
1016 3717 1109 3771 τὸν
1158 3717 1289 3771 Θεὸν
1318 3717 1516 3772 αὐτῶν.
1551 3737 1570 3771 ι
1590 3719 1649 3772 '0
1685 3697 1865 3790 μακά-

304 3826 422 3880 ριος
456 3808 728 3881 Ἰωάννης,
755 3809 1029 3881 ἐρομένων
1056 3809 1222 3863 αὑτὸν
1252 3809 1362 3864 τῶν
1400 3810 1703 3865 Ἰουδαίων*
1740 3829 1758 3863 ι
1794 3811 1865 3864 Σὺ

299 3900 386 3964 τίς
418 3895 496 3966 εἷς
526 3918 547 3952 ι
581 3900 777 3971 φησίν·
814 3919 832 3952 ι
855 3899 996 3969 Ἐγὼ
1026 3899 1176 3971 φωνὴ
1205 3900 1434 3969 βοῶντος
1460 3901 1518 3954 ὲν
1546 3903 1612 3972 τῇ
1638 3902 1861 3972 ἐρήμῳ·

310 3993 669 4062 Ἑτοιμάσατε
701 3993 800 4065 τὴν
832 3992 951 4049 όδὸν
999 3992 1092 4046 τοῦ
1133 3994 1361 4064 Κυρίου,
1412 3987 1625 4059 εὐθείας
1661 3998 1864 4048 ποιεῖτε

298 4083 401 4148 τὰς
430 4084 650 4155 τρίϐους
684 4084 866 4138 αὐτοῦ.
898 4100 918 4135 ι
957 4084 1325 4155 Προφητεύων
1350 4084 1406 4137 δὲ
1434 4085 1598 4149 αὐτὸς
1626 4086 1655 4137 ό
1684 4087 1863 4156 Ζαχα-

299 4175 426 4246 ρίας
470 4175 564 4228 ἐπὶ
608 4174 687 4246 τῷ
732 4175 846 4244 ίδίῳ
892 4176 1066 4240 παιδὶ,
1108 4176 1273 4246 φησί·
1309 4194 1329 4227 ι
1361 4176 1470 4231 Καὶ
1512 4177 1602 4243 σὺ,
1631 4176 1861 4242 παιδίον,

296 4267 587 4338 προφήτης
619 4265 874 4336 Ὑψίστου
908 4266 1188 4339 κληθήσῃ*
1235 4268 1583 4352 προπορεύση
1619 4269 1729 4339 γὰρ
1757 4268 1864 4341 πρὸ

1899 3035 1946 3098 C

2293 3044 2379 3098 Ea:
2397 3044 2445 3099 Ε
2450 3045 2680 3115 vangelio
2703 3046 2990 3101 secundum
3013 3044 3235 3102 Lucam.

2049 3180 2286 3248 Angelus
2315 3180 2411 3237 Dei
2460 3182 2736 3239 Zachariae
2790 3184 2857 3238 de
2906 3189 3097 3239 sancto
3143 3182 3385 3251 Baptista
3435 3182 3549 3236 haec

1977 3274 2231 3341 exponit:
2265 3290 2285 3324 ι
2340 3272 2407 3327 Et
2443 3273 2550 3327 erit
2600 3274 2857 3342 gaudium
2912 3274 3007 3328 tibi
3048 3282 3105 3330 et
3153 3272 3461 3338 exsultatio,
3498 3282 3549 3326 et

1978 3363 2129 3416 multi
2162 3363 2214 3417 in
2266 3363 2547 3418 nativitate
2592 3364 2707 3432 ejus
2744 3365 3075 3434 gaudebunt.
3106 3363 3225 3418 Erit
3254 3364 3397 3417 enim
3431 3378 3548 3416 ma-

1974 3470 2111 3525 gnus
2148 3470 2327 3510 coram
2356 3454 2605 3522 Domino,
2640 3467 2694 3512 et
2710 3457 2892 3512 vinum
2916 3465 2969 3511 et
2988 3457 3220 3512 siceram
3244 3470 3349 3509 non
3376 3454 3545 3519 bibet,

1972 3558 2027 3605 et
2052 3546 2258 3619 Spiritu
2280 3561 2471 3604 Sancto
2518 3548 2815 3619 replebitur
2849 3551 3027 3605 adhuc
3063 3563 3131 3604 ex
3162 3559 3321 3603 utero
3360 3548 3548 3601 matris

1972 3655 2119 3695 suae:
2146 3649 2202 3694 et
2229 3640 2425 3696 multos
2459 3641 2691 3695 ﬁliorum
2720 3640 2887 3696 Israel
2921 3650 3204 3695 convertet
3243 3640 3313 3692 ad
3360 3637 3544 3693 Domi-

1974 3746 2104 3783 num
2140 3728 2308 3783 Deum
2342 3732 2579 3799 ipsorum
2610 3732 2684 3785 ¹⁶.
2719 3750 2739 3782 ι
2781 3731 3019 3784 Rursum
3084 3745 3207 3785 cum
3265 3729 3435 3784 Judaei
3477 3746 3541 3785 ex

1970 3820 2087 3887 ipso
2119 3821 2306 3874 eodem
2353 3819 2562 3875 Joanne
2610 3822 3027 3876 sciscitarentur
3064 3841 3078 3878 :
3117 3841 3137 3874 ι
3175 3822 3253 3875 Tn
3297 3823 3420 3889 quis
3452 3823 3548 3876 es?

1970 3909 2266 3979 Respondit
2295 3910 2384 3964 ille
2413 3928 2426 3964 :
2453 3911 2563 3981 Ego
2596 3926 2696 3966 vox
2738 3912 3025 3967 clamantis
3059 3913 3112 3967 in
3159 3914 3403 3976 deserto,
3447 3911 3546 3965 Pa-

1968 4007 2086 4053 rate
2106 3999 2247 4052 viam
2287 3998 2520 4065 Domini,
2561 4009 2737 4054 rectas
2790 4000 2951 4057 facite
3003 4002 3227 4056 semitas
3270 4000 3471 4070 ejus”.
3521 4019 3541 4055 ι

1972 4090 2212 4145 Tandem
2248 4091 2479 4157 ipsemet
2510 4090 2805 4147 Zacharias
2858 4093 2926 4148 de
2968 4093 3187 4163 proprio
3218 4092 3330 4147 [ilio
3357 4092 3546 4147 vaticio

1967 4196 2127 4245 nans,
2165 4182 2234 4235 ita
2269 4180 2455 4236 fatur:
2490 4199 2510 4234 ι
2544 4182 2612 4237 Ει
2643 4194 2723 4249 ιιι,
2778 4200 2936 4255 puer,
2978 4184 3240 4254 propheta
3273 4183 3538 4240 Altissimi

1966 4273 2246 4329 vocaberis
2278 4275 2536 4344 :praeibis
2579 4276 2724 4331 enim
2787 4285 2912 4332 ante
2962 4276 3157 4333 faciem
3197 4277 3405 4333 Domini
3444 4292 3540 4349 pa-

294 4356 591 4431 προσώπου
619 4357 846 4428 Κυρίου,
871 4358 1158 4429 ἑτοιμάσαι
1186 4359 1338 4423 ὁδοὺς
1360 4358 1549 4428 αὑτοῦ,
1566 4359 1660 4413 τοῦ
1682 4359 1865 4414 δοῦναι

1985 4378 2095 4418 rare
2116 4365 2227 4420 vias
2253 4363 2372 4434 ejus
2405 4382 2419 4420 :
2451 4368 2518 4422 ad
2569 4368 2801 4424 dandam
2852 4368 3138 4424 scientiam
3172 4369 3367 4425 salutis
3404 4369 3542 4439 plebi

294 4450 502 4519 γνῶσιν
530 4450 804 4521 σωτηρίας
831 4450 910 4522 τῷ
933 4450 1047 4521 λαῷ
1080 4450 1263 4517 αὐτοῦ,
1282 4451 1339 4504 ὲν
1368 4450 1558 4520 ἀφέσει
1582 4450 1863 4522 ἁμαρτιῶν

294 4541 497 4597 αὐτῶν.
527 4559 546 4593 ι
596 4542 926 4613 Προεϐάδιζε
974 4544 1084 4614 γὰρ
1131 4543 1225 4598 τοῦ
1263 4543 1522 4614 Χριστοῦ,
1554 4545 1648 4598 καὶ
1698 4546 1861 4600 αὐτοῦ

293 4630 489 4700 γέγονε
536 4632 863 4703 πρόδρομος,
890 4633 984 4686 καὶ
1012 4632 1160 4704 αὐτῷ
1187 4634 1285 4697 τὰς
1331 4634 1484 4698 ὁδοὺς
1533 4634 1861 4706 προετοιμά-

294 4723 486 4787 ζεσθαι
528 4723 869 4794 διεκήρυττε,
914 4723 1010 4776 καὶ
1057 4723 1149 4777 τὸν
1193 4725 1282 4799 ἐπέ
1329 4726 1477 4796 αύτῷ
1526 4728 1863 4798 προεφήτευε

291 4813 471 4883 λόγον,
499 4813 845 4884 ἐπιστρέφων
874 4811 949 4875 ὡς
990 4813 1082 4865 ἐπὶ
1121 4812 1240 4883 Θεῷ
1285 4813 1526 4869 δικαιοῦν
1566 4818 1862 4887 ίσχύοντιω

290 4909 420 4971 τοὺς
443 4909 502 4961 ὲν
536 4905 851 4987 ἁμαρτίαις.
883 4899 1037 4973 Εἶτα,
1074 4905 1191 4968 πῶς
1222 4904 1285 4957 ού
1311 4904 1442 4973 Θεὸς
1470 4910 1498 4960 ὀ
1526 4910 1790 4979 Χριστός;

369 5099 388 5132 ι
421 5071 588 5143 Οὗτος
620 5078 772 5132 ἔσται
805 5078 1004 5150 μέγας,
1034 5079 1127 5132 καὶ
1160 5079 1272 5141 υίὸς
1304 5078 1557 5149 Ὑψίστου
1599 5082 1862 5153 κληθήσε-

287 5187 413 5225 ται·
447 5170 544 5225 καὶ
563 5170 723 5225 δώσει
748 5170 896 5242 αύτῷ
917 5170 1120 5241 Κύριος
1150 5172 1178 5223 ὁ
1200 5169 1332 5235 Θεὸς
1359 5171 1452 5227 τὸν
1489 5170 1676 5243 θρόνον
1700 5173 1862 5228 Δαυῖδ

1971 4452 2088 4522 ejus
2139 4454 2195 4509 in
2244 4454 2619 4511 remissionem
2669 4467 3014 4527 peccatorum
3072 4472 3261 4513 eorum
3284 4460 3350 4513 ³⁸.
3387 4478 3406 4511 ι
3450 4459 3543 4511 Ille

1970 4558 2205 4614 namque
2229 4544 2506 4601 Christum
2536 4549 2796 4615 anteibat,
2821 4547 3171 4616 ejusdemque
3204 4548 3381 4602 factus
3408 4562 3542 4616 pra:-

1969 4651 2181 4703 cursor,
2229 4646 2289 4692 ut
2336 4639 2481 4694 viam
2538 4639 2612 4693 illi
2657 4647 3046 4710 praepararent,
3080 4639 3454 4703 annuntiabat,
3488 4647 3543 4692 et

1968 4727 2347 4798 propheticum
2384 4728 2663 4783 oraculum
2706 4732 2772 4782 de
2819 4730 2910 4783 illo
2968 4731 3159 4791 edens,
3187 4728 3253 4781 ad
3308 4742 3453 4791 eum,
3484 4737 3542 4785 ut

1968 4815 2388 4886 quijustiilcare
2438 4825 2616 4885 potest
2656 4818 2894 4887 peccatis
2913 4817 3183 4872 obnoxios
3245 4817 3321 4870 uti
3372 4816 3534 4885 Deus,

1967 4906 2340 4965 convertebat.
2376 4906 2443 4961 Et
2487 4907 2665 4963 adhuc
2717 4907 3047 4972 dubitamus,
3100 4905 3337 4962 fueritne
3396 4905 3541 4961 Deus

1966 4996 2253 5051 Christus?

2046 5105 2064 5139 ι
2093 5088 2191 5143 llic
2223 5087 2331 5143 erit
2370 5104 2620 5159 magnus,
2653 5099 2707 5146 et
2731 5090 2898 5146 Filius
2923 5089 3183 5146 Altissimi
3216 5088 3495 5146 vocabitur
3523 5107 3537 5142 :

1966 5187 2021 5233 et
2044 5179 2191 5235 dabit
2225 5181 2274 5235 ei
2309 5180 2566 5239 Dominus
2596 5181 2739 5239 Deus
2797 5182 2981 5239 sedem
3016 5181 3182 5238 David
3212 5183 3383 5253 patris
3401 5181 3536 5256 ejus,

365 5326 479 5382 "il
505 5329 630 5383 Cor.
663 5341 714 5393 v,
751 5328 838 5383 l6.
914 5329 960 5361 "
983 5327 1139 5384 Joau.
1174 5342 1266 5393 xx,
1292 5326 1381 5381 ΞΣ.
1455 5327 1503 5359 ³⁸
1543 5324 1672 5384 Luc.
1712 5344 1765 5398 ι,
1804 5331 1871 5386 Η

1985 5371 1992 5385 .
2067 5333 2112 5366 ³⁷
2148 5332 2303 5390 Joan.
2332 5340 2371 5404 ι,
2408 5338 2498 5394 l9.
2575 5341 2619 5375 ³⁸
2650 5339 2781 5399 Luc.
2820 5357 2859 5408 ι,
2885 5338 2971 5395 76.

1356 5481 1530 5539 Varia:
1559 5483 1817 5540 lectiones
1847 5488 2049 5544 codicis
2073 5490 2426 5560 Seguieriani.

367 5614 701 5688 ἱίτελέσοη.
780 5618 806 5656 ι
840 5618 1075 5687 τρόπων.
1157 5616 1492 5688 ιάφέωνται.

1571 5631 1611 5659 ω
1644 5621 1773 5675 Θεὸν
1803 5623 2041 5679 δικαιοῦν
2068 5625 2316 5696 ἰσχύοντα
