3910 6200
398 282 542 335 1275

1406 275 1463 331 S.
1501 274 1776 331 CYRILLI
1805 275 2281 334 ALEXANDRINI
2322 274 2645 333 ARCHIEP.

3494 273 3650 327 ιεῑσ

398 409 455 454 ει
483 393 730 465 regnabit
755 393 809 448 in
839 393 997 447 domo
1024 391 1191 448 Iacob
1211 391 1263 446 in
1281 400 1567 458 aeternum,
1602 400 1656 446 et
1679 393 1828 462 regni
1850 392 1967 462 ejus

2092 394 2161 448 τοῦ
2207 394 2419 465 Πατρὸς
2468 393 2633 447 αὐτοῦ
2657 408 2672 423 ·
2716 390 2812 445 καὶ
2861 389 3171 462 βασιλεύσει
3218 387 3313 442 ἐπὶ
3356 386 3449 441 τὸν
3497 384 3662 441 οἷκον

396 503 507 543 non
543 486 647 542 erit
671 483 795 539 linis
824 483 890 538 ".
928 502 947 534 ι
996 481 1243 552 Nunquid
1279 482 1517 536 hominis
1550 483 1722 536 nostri
1768 482 1965 537 similis

394 562 628 645 imperio
662 585 920 644 perpetuo
975 574 1111 626 citra
1146 573 1308 627 ullam
1362 572 1812 639 interruptionem
1843 588 1969 642 pre-

401 665 740 720 memurlan
795 663 1103 731 imperatori
1163 664 1340 728 potius
1393 662 1505 716 Deo
1565 662 1617 715 in
1663 661 1878 716 Christo
1917 674 1974 718 et

403 770 498 823 per
550 754 829 807 Christum
886 753 1084 805 subditi
1137 753 1364 815 erimus,
1397 767 1504 805 non
1542 760 1873 819 assumptum
1905 752 1971 807 ad

404 846 506 899 hoc
559 851 815 912 tanquam
862 853 1184 897 extraneum
1244 842 1554 912 quempiam
1595 842 1970 910 mediatorem,

402 936 496 988 sed
533 950 719 988 verum
771 934 988 1000 Filium,
1019 948 1117 1002 per
1146 949 1307 1002 quem
1338 944 1391 987 et
1415 933 1466 987 in
1496 948 1604 1002 quo
1634 933 1773 987 Deus
1811 931 1974 988 Pater

405 1026 456 1077 in
480 1026 663 1079 omnia
695 1039 919 1094 regnum
969 1023 1397 1091 obtinet?Quod
1435 1025 1482 1079 si
1522 1024 1597 1079 ita
1650 1038 1740 1080 res
1786 1024 1973 1093 habet,

409 1116 554 1169 Deus
583 1128 715 1183 ergo
742 1123 828 1167 est
858 1112 1127 1168 Christus.

481 1223 502 1257 ι
537 1204 682 1258 Dixit
727 1215 904 1257 autem
942 1202 1108 1258 Maria
1137 1204 1203 1257 ad
1242 1202 1526 1273 angelum:
1560 1204 1677 1274 88
1700 1203 1977 1270 Quomodo

406 1293 499 1347 [iet
524 1292 689 1355 istud,
708 1292 964 1361 quoniam
999 1292 1174 1347 virum
1202 1307 1306 1347 non
1342 1293 1644 1362 cognosco?
1671 1293 1734 1348 Et
1758 1308 1980 1362 respon-

407 1382 542 1437 dens
576 1382 798 1451 angelus
844 1383 982 1436 dixit
1014 1383 1093 1437 illi
1127 1401 1142 1437 :
1174 1382 1411 1453 Spiritus
1458 1394 1680 1440 sanctus
1722 1399 1980 1455 superve-

407 1472 522 1525 niet
576 1472 633 1526 in
691 1479 766 1534 te,
790 1480 845 1525 et
900 1474 1074 1528 virtus
1131 1474 1395 1529 Altissimi
1449 1477 1795 1530 obumbrabit
1837 1476 1975 1530 tibi:

413 1561 639 1630 ideoque
664 1574 718 1615 et
743 1565 887 1631 quod
923 1572 1173 1617 nascetur
1223 1578 1288 1619 ex
1321 1574 1374 1618 te
1403 1572 1676 1629 sanctum,
1699 1564 1982 1619 vocabitur

415 1649 583 1704 Filius
610 1650 701 1706 Dei
738 1652 805 1706 '°.
843 1670 863 1703 ι
902 1652 1153 1722 Nunquid
1193 1653 1259 1720 is,
1287 1655 1378 1723 qui
1436 1670 1636 1710 arcana
1686 1656 1981 1725 inexplica-

2083 484 2277 539 Ἰακὼϐ
2304 487 2385 549 εἰς
2415 485 2542 547 τοὺς
2569 484 2791 547 αίῶνας,
2818 482 3029 552 καὶτῆς
3058 479 3336 552 βασιλείας
3356 477 3523 533 αὐτοῦ
3546 479 3661 532 οὐκ

2070 578 2222 631 ἔσται
2275 577 2446 640 τέλος.
2483 595 2502 628 ι
2549 572 2675 648 Ἆρ’
2718 570 2812 630 οῦν
2875 575 2961 643 ἐφ’
3000 575 3127 628 svi“
3172 571 3282 627 τῶν
3333 572 3454 625 καθ’
3497 573 3662 642 ἡμᾶς

2071 668 2391 739 κεισόμεθα,
2411 667 2821 738 βασιλευόμενοι
2839 666 3104 736 διηνεκῶς
3120 664 3215 717 καὶ
3230 663 3659 732 ἀκαταλήκτωςς

2071 758 2105 829 ἢ
2140 759 2244 812 ὑπὸ
2285 758 2403 829 Θεῷ
2452 759 2651 828 μᾶλλον
2693 755 2930 827 ἐσόμεθα
2956 753 3289 827 βασιλεύοντι
3318 753 3477 824 ἡμῶν
3506 752 3647 823 τὴν*

2072 850 2130 903 ὲν
2178 849 2420 920 Χριστῷ,
2461 849 2553 901 καὶ
2601 849 2699 918 οὐχ
2745 847 2822 910 ὡς
2858 846 3056 912 ἔξωθεν
3103 846 3324 916 μεσίτου
3373 845 3520 907 τινὸς
3574 846 3662 907 είς

2072 935 2230 990 τοῦτο
2273 936 2741 1008 παραληφθέντος,
2769 936 2883 990 ἀλλ’
2915 936 2990 999 ὡς
3033 935 3101 989 δι’
3131 934 3263 989 Υἱοῦ
3309 935 3401 988 καὶ⁴
3433 937 3493 986 ὲν
3530 933 3661 1003 Υἱῷ

2075 1028 2543 1100 κατακρατοῦντος
2574 1028 2683 1083 τῶν
2710 1028 2847 1083 ὅλων
2887 1027 2981 1081 τοῦ
3025 1026 3162 1080 Θεοῦ
3189 1026 3283 1081 καὶ
3309 1026 3561 1097 Πατρός;
3590 1025 3659 1077 Εἰ

2073 1120 2130 1174 δὲ
2152 1119 2309 1174 τοῦτο
2337 1119 2552 1190 ἀληθὲς,
2583 1120 2715 1182 Θεὸς
2743 1118 2852 1190 ἄρα
2880 1120 2909 1171 ὁ
2933 1118 3188 1188 Χριστός.

2152 1227 2173 1262 ι
2203 1206 2339 1263 Εῖπε
2378 1209 2436 1262 δὲ
2482 1207 2718 1278 Μαριάμ
2759 1209 2897 1278 πρὸς
2920 1206 3013 1260 τὸν
3041 1206 3303 1275 ἄγγελον·
3340 1205 3468 1269 Πῶς
3496 1204 3662 1258 ἔσται

2082 1316 2172 1370 μοι
2195 1298 2372 1365 τοῦτο,
2405 1299 2528 1353 ἐπεὶ
2569 1298 2740 1368 ἄνδρα
2771 1297 2833 1351 οὐ
2865 1295 3148 1365 γινώσκω;
3190 1296 3301 1349 Καὶ
3329 1295 3663 1364 ἀποκριθεὶς

2079 1393 2108 1445 ὁ
2150 1393 2379 1461 ἄγγελος
2432 1387 2587 1444 εἶπεν
2635 1393 2808 1461 αύτῇ’
2838 1390 3065 1461 Πνεῦμα
3109 1388 3264 1457 ἅγιον
3297 1387 3661 1440 ἐπελεύσεται

2081 1483 2172 1536 ἐπὶ
2202 1483 2281 1546 σε,
2313 1482 2409 1535 καλ⁵
2429 1482 2660 1552 δύναμις
2689 1481 2945 1550 Ὑψίστου
2970 1479 3282 1533 ἐπισκιάσει
3307 1490 3424 1530 σοι’
3454 1475 3538 1529 διὸ
3562 1477 3663 1529 καὶ

2079 1572 2142 1626 τὸ
2174 1572 2510 1642 γεννώμενον
2545 1572 2721 1640 ἆγιον,
2751 1569 3085 1641 κληθήσεται
3109 1568 3237 1632 Υἱὸς
3276 1567 3433 1621 Θεοῦ.
3468 1585 3486 1617 ι
3513 1563 3664 1636 τΔρ’

2081 1658 2175 1714 οὖν
2206 1660 2466 1729 κέκληται
2496 1659 2657 1731 μόνον
2690 1659 2837 1721 Υἱὸς,
2867 1661 2895 1711 ὁ
2946 1659 3013 1711 ὲκ
3053 1657 3154 1726 τῆς
3184 1656 3342 1724 ἁγίας
3372 1656 3664 1725 Παρθένου

417 1742 620 1811 bilique
663 1742 900 1812 Spiritus
921 1745 1094 1799 sancti
1128 1746 1443 1815 operatione
1471 1762 1539 1802 ex
1568 1761 1729 1801 sacra
1754 1747 1979 1818 Virgine

2092 1753 2172 1806 διὰ
2201 1751 2296 1805 τοῦ
2320 1751 2460 1805 Πνεύ
2470 1768 2638 1822 ματος
2678 1751 3010 1821 ἀπορρήτως
3035 1747 3455 1818 γεγεννημένος,
3487 1748 3664 1817 ἧγουν

419 1834 681 1889 formatus
704 1844 759 1891 et
792 1844 950 1890 natus
987 1845 1091 1900 est,
1128 1837 1240 1890 sola
1263 1837 1622 1906 appellatione
1648 1836 1794 1892 illius
1825 1838 1981 1893 erat?

412 1942 481 1980 an
513 1941 676 1980 verus
712 1927 893 1995 potius
949 1926 1321 1996 naturalisque
1366 1926 1459 1981 Dei
1512 1927 1707 1992 Filius,
1731 1938 1787 1983 et
1835 1929 1977 1984 Deus

413 2018 653 2072 creditus
680 2028 764 2073 est
785 2018 808 2071 ?
830 2019 937 2073 Sed
980 2020 1081 2073 hoc
1104 2019 1286 2086 procul
1315 2019 1480 2073 dubio
1505 2034 1688 2075 verum
1710 2030 1813 2075 est.
1850 2021 1980 2077 Ver-

412 2108 540 2162 bum
582 2108 807 2177 proinde
861 2109 1159 2163 secundum
1215 2109 1530 2177 bypostasin
1580 2123 1710 2163 caro
1752 2108 1975 2175 factum,

414 2200 515 2254 hoc
568 2207 676 2266 est,
696 2214 915 2254 carnem
963 2214 1060 2270 per
1105 2199 1368 2268 Spiritum
1406 2209 1652 2254 sanctum
1706 2215 1774 2254 ex
1821 2215 1976 2255 sacra

414 2288 635 2357 Virgine
660 2290 983 2358 sumpsisse,
1012 2304 1241 2359 eamque
1275 2291 1547 2359 propriam
1602 2291 1706 2345 sibi
1757 2290 1972 2356 fecisse,

412 2383 759 2454 intelligatur.
795 2382 907 2437 Hac
941 2396 1175 2451 namque
1201 2382 1415 2437 ratione
1446 2381 1593 2451 quod
1625 2396 1788 2436 verus
1836 2381 1979 2437 Deus

413 2471 505 2537 sit,
541 2470 996 2540 deprehendetur.

487 2580 507 2614 ι
546 2562 613 2616 Ει
646 2562 840 2616 laenam
888 2570 995 2624 est,
1024 2573 1084 2615 ut
1104 2561 1322 2617 audivit
1372 2560 1754 2617 salutationem
1796 2561 1980 2617 Maria:

413 2652 1213 2716 Elisabeth,exsaltavitinfans
1247 2653 1300 2706 in
1325 2661 1481 2708 utero
1510 2653 1665 2721 ejus;
1694 2662 1749 2706 et
1777 2653 1977 2719 repleta

413 2755 501 2800 est
534 2744 735 2814 Spiritu
787 2753 973 2799 sancto
1027 2743 1328 2810 Elisaheth,
1362 2749 1418 2799 ct
1470 2743 1796 2799 exclamavit
1848 2757 1979 2799 voce

415 2850 627 2905 magna,
663 2844 719 2889 ει
771 2834 1264 2891 dixit:Benedicta
1324 2845 1378 2889 tu
1419 2835 1561 2890 inter
1614 2834 1889 2902 mulieres,
1926 2842 1980 2889 et

414 2924 729 2980 benedictus
760 2924 963 2980 fructus
1014 2927 1221 2980 ventris
1256 2925 1356 2982 tui.
1390 2924 1457 2980 Et
1508 2927 1650 2980 unde
1697 2926 1799 2981 hoc
1824 2926 1975 2990 mihi,

2087 1842 2438 1913 ἐκτισμένος;
2473 1841 2506 1912 ἢ
2552 1841 2716 1911 φύσει
2746 1858 2806 1894 τε
2835 1840 2931 1894 καὶ
2963 1839 3181 1909 ἀληθῶς
3207 1838 3333 1901 Υἱὸς
3372 1834 3517 1890 εἶναι
3561 1853 3667 1891 πε-

2086 1935 2373 1988 πίστευται
2403 1971 2420 1997 ,
2472 1934 2568 1986 καὶ¹
2620 1933 2788 1999 Θεός;
2862 1931 3005 1986 Ἀλλ’
3049 1932 3167 1985 ἐστι
3219 1930 3377 1985 τοῦτο
3430 1931 3663 2000 ἀληθές.

2084 2024 2329 2079 Νοείσθω
2374 2024 2441 2096 δὴ
2490 2019 2584 2078 οὖν
2639 2022 2775 2094 σὰρξ
2818 2022 2943 2077 καθ’
2991 2022 3284 2077 ὑπόστασιν
3340 2021 3590 2090 γεγονὼς
3635 2026 3667 2078 ό

2083 2118 2278 2185 Λόγος,
2314 2115 2591 2169 τουτέστιν
2640 2114 2775 2168 ίδίαν
2818 2115 3186 2185 ποιησάμενος
3232 2114 3410 2184 σάρκα
3439 2112 3542 2184 τὴν
3570 2113 3667 2166 διὰ

2085 2209 2225 2263 Πνεύ
2235 2225 2405 2279 ματος
2431 2210 2497 2262 ὲκ
2524 2208 2624 2280 τῆς
2656 2207 2818 2277 ἁγίας
2847 2206 3125 2279 Παρθένου
3141 2222 3162 2240 Ἀ
3187 2205 3330 2260 οὕτω
3356 2206 3469 2277 γὰρ
3506 2205 3665 2259 ἔσται

2084 2301 2179 2357 καὶ
2207 2300 2339 2365 Θεὸς
2365 2300 2602 2371 ἀληθῶς.

2163 2584 2182 2617 ι
2210 2566 2320 2619 Καὶ
2345 2564 2585 2633 ἐγένετο,
2621 2563 2699 2628 ὡς
2725 2565 2929 2635 ἤκουσε
2957 2563 3048 2619 τὸν
3087 2563 3377 2635 ἀσπασμὸν
3404 2564 3508 2633 τῆς
3532 2565 3666 2619 Μα-

2086 2653 2209 2725 ρίας
2238 2656 2273 2725 ὴ
2309 2653 2610 2717 Ἐλισάὃετ,
2634 2654 2923 2727 ἐσκίρτησε
2952 2655 3014 2708 τὸ
3047 2654 3243 2725 βρέφος
3285 2657 3344 2709 ἐν
3369 2658 3438 2725 τῇ
3477 2656 3665 2725 κοιλίᾳ

2085 2746 2280 2818 αὐτῆς*
2320 2747 2412 2801 καὶ
2445 2747 3046 2818 ἐπλήσθηΠνεύματος
3073 2747 3230 2815 ἁγίου
3277 2749 3309 2817 ἡ
3355 2747 3663 2811 Ἐλισάϐετ,

2087 2841 2183 2895 καὶ
2213 2840 2529 2911 ἀνεφώνησε
2587 2844 2738 2912 φωνῇ
2788 2839 3025 2913 μεγάλῃ,
3061 2840 3156 2893 καὶ
3195 2834 3381 2892 εἶπεν·
3414 2839 3666 2908 Εὐλογη-

2094 2934 2229 3003 μένη
2274 2933 2339 2986 σὺ
2383 2932 2441 2985 ὲν
2471 2931 2709 2999 γυναιξὶ,
2739 2931 2833 2983 καὶ
2859 2923 3224 3000 εὐλογημένος
3258 2930 3287 2982 ὁ
3315 2929 3528 2999 καρπὸς
3562 2928 3668 2997 τῆς

415 3027 474 3072 ιιι
501 3019 682 3073 veniat
737 3028 913 3073 mater
958 3019 1167 3073 Domini
1205 3020 1307 3073 mei
1340 3020 1406 3072 ad
1465 3035 1549 3074 me
1575 3019 1669 3072 ³ίῖ
1706 3038 1725 3071 ι
1764 3020 1977 3075 lnIerna

2092 3023 2296 3087 κοιλίας
2324 3040 2438 3076 σου.
2462 3023 2574 3077 Kal.
2613 3023 2777 3076 πόθεν
2810 3040 2902 3093 μοι
2935 3022 3110 3086 τοῦτο,
3140 3023 3229 3075 ἵνα
3256 3022 3387 3095 ἔλθῃ
3409 3024 3445 3091 ἡ
3475 3023 3663 3092 μήτηρ

416 3110 509 3164 Dei
536 3111 752 3178 energia
776 3119 831 3164 et
859 3110 936 3173 vi,
958 3110 1256 3179 prophetiae
1283 3111 1476 3164 donum
1507 3111 1789 3181 obtingere
1818 3111 1979 3165 alicui

2092 3113 2180 3167 τοῦ
2249 3113 2457 3183 Κυρίου
2500 3124 2623 3182 ’μου
2672 3113 2809 3185 πρός
2836 3130 2937 3184 με;
2974 3132 2993 3165 ι
3032 3112 3461 3184 Ἐνεργήσαντος
3520 3111 3665 3165 Θεοῦ

416 3211 621 3271 potest;
654 3218 831 3268 secus,
885 3217 1247 3272 nequaquam.
1304 3204 1437 3258 Cum
1515 3204 1678 3274 igitur
1730 3203 1982 3259 salutatio

2092 3202 2424 3273 προφητείας
2453 3202 2634 3273 χάριν,
2667 3201 2822 3255 ἔσται
2850 3220 2934 3266 τις
2960 3205 3246 3274 προφήτης
3266 3220 3281 3234 θ
3317 3203 3440 3257 καθ’
3470 3202 3669 3274 ἓτερον

413 3306 584 3346 sacrae
617 3290 854 3356 Virginis
898 3292 1080 3347 Mariae
1132 3291 1314 3346 Jesum
1368 3307 1468 3361 per
1512 3293 1564 3346 id
1621 3297 1878 3361 temporis
1931 3293 1982 3346 in

2092 3293 2143 3346 δὲ
2157 3292 2380 3363 τρόπον,
2406 3290 2810 3363 ούδαμῶς.“’οτε
2820 3293 2998 3348 τοίνυν
3022 3296 3051 3347 ὁ
3067 3295 3359 3365 ἀσπασμὸς
3380 3295 3482 3363 τῆς
3501 3295 3667 3361 ἁγίας

418 3394 572 3438 utero
602 3384 779 3437 adhuc
796 3383 1079 3452 gestantis,
1107 3382 1369 3438 Joannem
1392 3384 1653 3438 maternis
1684 3384 1982 3438 visceribus

2092 3384 2363 3455 Παρθένου
2420 3383 2641 3456 Μαρίας
2692 3385 3065 3455 κυοφορούσης
3118 3385 3199 3438 ἐτι
3267 3385 3360 3438 τὸν
3411 3384 3667 3455 Ἰησοῦν,

420 3478 596 3532 adhuc
644 3477 909 3532 inclusum
964 3479 1031 3532 ad
1086 3478 1426 3547 prephetiam
1475 3479 1990 3547 prouiioverit,quo-

422 3569 580 3622 modo
628 3568 878 3623 Christus
934 3583 1039 3623 non
1089 3578 1174 3621 est
1213 3567 1377 3630 Deus,
1407 3569 1497 3636 qui
1544 3569 1685 3622 intra
1737 3569 1987 3638 virginea

419 3660 652 3713 claustra
683 3659 977 3713 etiamnum
1020 3658 1261 3722 latitans,
1283 3659 1462 3713 divina
1513 3660 1563 3713 vi
1590 3661 1656 3712 ad
1691 3661 1989 3730 prophetiae

418 3751 647 3817 gratiam
676 3748 972 3818 Baptistam
1031 3750 1255 3804 evexit?

494 3861 513 3893 ι
543 3841 696 3896 Νιιιιε
730 3841 964 3896 dimittis
1010 3855 1229 3896 servum
1277 3848 1449 3904 tuum,
1496 3840 1744 3905 Domine,
1794 3856 1990 3896 secun-

418 3939 546 3989 dum
583 3933 805 3988 verbum
864 3944 1038 3997 tuum,
1075 3933 1127 3987 in
1169 3948 1323 4002 pace.
1379 3932 1515 4000 Quia
1567 3934 1823 3990 viderunt
1852 3933 1993 3989 oculi

419 4025 523 4079 mei
555 4021 809 4080 Salutare
837 4033 1007 4079 tuum.
1036 4024 1189 4091 Quod
1217 4025 1421 4094 parasti
1470 4033 1595 4080 ante
1634 4024 1828 4080 faciem
1866 4040 1990 4080 om-

420 4117 568 4170 nium
604 4116 946 4185 populorum.
982 4114 1186 4170 Lumen
1218 4116 1283 4169 ad
1318 4116 1699 4170 revelationem
1728 4115 1992 4184 gentium,

419 4192 476 4260 et
521 4206 752 4275 gloriam
809 4206 977 4274 plebis
1034 4215 1138 4260 tua:
1181 4205 1349 4261 Israel
1378 4207 1448 4264 ”.
1478 4225 1500 4259 ›
1550 4206 1768 4263 Simeon
1810 4207 1995 4262 Jesum

422 4298 563 4350 inter
588 4296 741 4351 ulnas
767 4297 1104 4364 complexus,
1137 4295 1396 4364 ejusmodi
1445 4297 1511 4351 de
1531 4298 1662 4366 ipso
1694 4296 1867 4366 elogia
1902 4296 1995 4350 de-

418 4385 723 4456 promebat.
744 4386 813 4440 At
845 4388 1115 4455 quomodo
1146 4388 1385 4442 salutare
1421 4396 1504 4442 est
1531 4426 1547 4452 ,
1581 4396 1676 4442 aut
1724 4388 1995 4455 quomodo

420 4477 601 4532 lumen
635 4478 700 4530 ad
727 4477 1111 4531 revelationenn
1135 4478 1373 4547 gentium
1401 4486 1504 4541 est,
1525 4479 1570 4532 si
1597 4494 1735 4533 unus
1756 4488 1811 4532 et
1844 4478 1992 4535 solus

426 4582 586 4623 verus
642 4566 813 4623 Filius
863 4578 917 4623 et
985 4567 1130 4623 Deus
1184 4582 1289 4622 non
1341 4577 1456 4631 est,
1521 4580 1713 4622 natura
1767 4570 1991 4637 quidem

422 4668 583 4714 natus
610 4673 677 4713 ex
703 4658 862 4714 Patre
904 4670 963 4713 ut
999 4658 1256 4722 Verbum,
1290 4658 1585 4712 secundum
1643 4673 1860 4713 carnem
1898 4674 1994 4713 au-

423 4755 536 4800 tem
577 4757 732 4802 ortus
757 4763 821 4801 ex
859 4744 1117 4817 Virgine?
1145 4744 1274 4811 Quae
1314 4761 1525 4800 rursum
1566 4745 1824 4801 revelatio
1856 4747 1992 4801 facta

426 4845 513 4890 est
552 4836 822 4904 gentibus,
868 4836 970 4891 nisi
1026 4835 1167 4904 quod
1206 4836 1271 4889 de
1310 4835 1433 4904 ipso
1463 4847 1830 4906 cognoverunt
1870 4838 1992 4906 quia

427 4927 569 4985 Deus
612 4940 696 4984 est
745 4929 1097 4995 divinumque
1136 4925 1337 4980 cultum
1379 4927 1456 4982 illi
1496 4928 1903 4996 impendentes,
1940 4929 1994 4982 iu

431 5035 494 5072 ea
545 5021 774 5077 crimina
834 5035 941 5076 non
981 5018 1311 5083 inciderunt,
1363 5019 1415 5073 in
1465 5034 1585 5088 quae
1624 5020 1699 5075 illi
1754 5020 1995 5074 incidere

428 5111 624 5178 εοιειιι,
655 5113 745 5182 qui
770 5112 928 5169 alteri
963 5113 1065 5168 deo
1109 5128 1272 5182 quam
1300 5112 1391 5168 uni
1440 5112 1538 5179 illi,
1569 5112 1660 5181 qui
1709 5120 1899 5166 natura
1938 5120 1997 5166 et

433 5205 656 5261 terilate
693 5205 838 5262 Deus
868 5215 973 5272 est,
1008 5205 1294 5263 serviunt?

2089 3477 2379 3546 κεκίνηκεν
2428 3477 2488 3529 ὲν
2536 3466 2720 3547 μήτρᾳ
2766 3477 2858 3531 τὸν
2890 3477 3146 3547 Ἰωάννην
3193 3478 3273 3541 είς
3300 3477 3669 3548 προφητείαν,

2090 3567 2207 3629 πῶς
2250 3568 2313 3620 οὐ
2355 3567 2486 3630 Θεὸς
2528 3570 2556 3622 ὁ
2601 3568 2856 3638 Χριστὸς,
2889 3568 2983 3622 καὶ⁵
3031 3570 3089 3621 ὲν
3134 3571 3200 3639 τῇ
3252 3570 3352 3639 τῆς
3384 3568 3669 3638 Παρθένου

2091 3658 2244 3726 νηδύϊ
2295 3660 2525 3728 κινήσας
2571 3658 2886 3729 θεοπρεπῶς
2931 3661 3012 3722 εἱς
3058 3659 3392 3730 προφητείας
3437 3658 3669 3727 δύναμιν

2088 3748 2183 3802 τὸν
2212 3750 2545 3819 Βαπτιστὴνς

2169 3860 2187 3893 ι
2219 3840 2333 3894 Νῦν
2366 3841 2627 3904 ἀπολύεις
2655 3842 2746 3896 τὸν
2775 3841 2962 3896 δοῦλόν
2993 3859 3109 3906 σου,
3150 3842 3417 3906 Δέσποτα,
3445 3844 3591 3896 κατά
3610 3842 3671 3894 τὸ

2095 3932 2248 4003 ρἧἀ
2280 3950 2396 3999 σου,
2431 3934 2491 3987 ἐν
2531 3936 2877 4006 εἰρήνῃ.Ὅτι
2907 3929 3048 3989 εἶδον
3079 3936 3129 3989 oi
3162 3934 3429 4005 ὀφθαλμοί
3471 3952 3577 4005 μου
3611 3934 3671 3986 τὸ

2095 4024 2374 4095 Σωτήριόν
2408 4042 2526 4078 σουο
2563 4026 2592 4079 ὃ
2620 4026 2922 4096 ἡτοίμασας
2946 4027 3090 4081 κατά
3128 4028 3420 4098 πρόσωπον
3451 4026 3671 4079 πάντων

2094 4118 2203 4171 τῶν
2253 4117 2432 4172 λαῶν’
2485 4118 2601 4188 φῶς
2644 4120 2725 4182 είς
2767 4119 3109 4189 ἀποκάλυψιν
3148 4119 3337 4183 ἐθνῶν,
3372 4120 3470 4172 καὶ
3512 4117 3671 4182 δόξαν

2094 4210 2229 4265 λαοῦ
2263 4228 2356 4265 σου
2392 4212 2633 4284 Ἰσραήλ.
2666 4230 2685 4263 ›
2704 4212 2763 4266 ’0
2786 4210 3000 4280 Συμεὼι
3022 4212 3119 4265 ’τὸν
3151 4211 3358 4283 Ἰησοῦν
3390 4212 3475 4269 εἰς
3496 4208 3674 4277 ἀγκά-

2095 4302 2194 4367 λας
2237 4303 2439 4366 λαϐὼν,
2468 4303 2538 4358 τά
2589 4303 2768 4357 τοιάδε
2817 4305 2947 4375 περὶ
2992 4303 3158 4358 αὐτοῦ
3206 4319 3360 4373 φησι.
3388 4300 3518 4363 Πῶς
3576 4296 3672 4353 οὖν

2021 4422 2072 4481 D
2099 4396 2215 4449 ἐστι
2259 4398 2527 4467 σωτήριον
2547 4435 2565 4461 ,
2597 4396 2716 4460 πῶς
2755 4396 2813 4450 δὲ
2857 4394 2974 4465 φῶς
3003 4397 3084 4459 είς
3108 4392 3451 4461 ἀποκάλυψιν
3478 4391 3675 4455 ἐθνῶν,

2099 4488 2149 4540 εί
2205 4487 2280 4558 μὴ
2325 4488 2458 4551 Θεός
2509 4488 2659 4541 ἐστιν
2705 4486 2939 4558 ἀληθῶς,
2986 4481 3068 4550 εἷς
3116 4486 3210 4539 καὶ
3270 4485 3432 4554 μόνος
3460 4483 3617 4545 Υἱὸς,
3649 4483 3680 4535 ό

2100 4577 2259 4644 φύσει
2314 4577 2413 4648 μὲν
2463 4578 2529 4631 ὲκ
2575 4577 2790 4648 Πατρδς
2833 4576 2909 4641 ὼς
2936 4577 3128 4645 Λόγος,
3154 4577 3216 4628 ὲκ
3241 4574 3521 4646 Παρθένου
3555 4572 3617 4625 δὲ
3650 4571 3681 4622 ὁ

2100 4668 2262 4732 αὐτὸς
2311 4667 2454 4721 κατὰ
2502 4668 2710 4737 σάρκα;
2761 4668 2895 4723 Ποία
2924 4667 3034 4740 γὰρ
3066 4667 3287 4735 γέγονεν
3328 4661 3679 4730 ἀποκάλυψις

2098 4763 2210 4823 τοῖς
2243 4760 2472 4826 ἔθνεσιν,
2498 4760 2531 4831 ἢ
2567 4762 2653 4813 ἐπ’
2683 4760 2833 4830 αὐτῷ
2860 4760 3104 4829 ἔγνωσαν
3137 4760 3217 4813 ὃτι
3244 4757 3377 4819 Θεός
3410 4756 3557 4819 ἐστι,
3586 4752 3681 4806 καὶ

2104 4850 2253 4921 αὐτῷ
2291 4849 2680 4921 λατρεύσαντες
2708 4850 2906 4919 ἔφυγον
2938 4849 3008 4904 τὰ
3054 4849 3374 4918 ἐγκλήματα
3423 4842 3518 4897 τοῦ
3569 4838 3678 4910 θεῷ

2100 4942 2383 5013 λατρεύειν
2413 4942 2585 5015 ἑτέρῳ
2613 4942 2764 5015 παρὰ
2791 4943 2884 4997 τὸν
2921 4940 3167 5008 ἓνα,.καὶ
3194 4938 3377 5010 φύσει,
3409 4938 3507 4992 καὶ
3540 4935 3681 5004 ἀλη-

2103 5031 2209 5097 θῶς
2223 5050 2239 5099 ;

503 5356 547 5391 θ’
580 5354 714 5413 Luc.
751 5372 791 5424 ι,
822 5356 914 5424 52,
950 5356 1039 5413 33.
1118 5358 1163 5391 ⁸⁸
1190 5357 1319 5414 ibid.
1359 5355 1447 5424 54,
1477 5355 1571 5412 55.
1645 5355 1686 5387 ³¹
1725 5354 1856 5411 ibid.
1887 5355 1982 5410 M-

2153 5355 2195 5388 ³⁸
2227 5354 2359 5413 Luc.
2382 5371 2419 5411 ιι
2443 5395 2459 5421 ,
2487 5355 2678 5414 29-52.

1482 5511 1654 5567 Variis
1680 5510 1940 5568 lectiones
1966 5511 2166 5568 codicis
2196 5510 2555 5582 Seguieriaui.

510 5653 537 5684 ο
574 5642 658 5711 ιη’
697 5642 800 5697 ἐνί.
