3910 6200
275 311 422 367 4277

1381 316 1469 370 DE
1510 318 1730 375 RECTA
1772 323 1929 378 FIDE
1966 325 2056 380 AD
2097 320 2414 379 REGINAS.

3383 323 3518 379 1278

358 441 377 473 ε
401 420 686 490 Ἑπιγνοὺς
712 419 771 475 δὲ
803 422 831 476 ὁ
867 423 1073 494 Ἰησοῦς
1104 425 1229 489 τοὺς
1248 425 1631 499 διαλογισμοὺς
1652 432 1849 498 αὐτῶν,

2027 453 2047 487 c
2088 434 2158 491 Ut
2187 431 2441 502 cognovit
2494 435 2671 483 autem
2696 427 2853 483 Jesus
2903 426 3263 497 cogitationes
3310 444 3519 496 eorum,

280 512 605 585 ἀποκριθεὶς
655 508 776 567 εἷπε
824 516 963 586 πρὸς
1021 517 1253 581 αὐτούς’
1289 518 1355 570 Τί
1388 518 1761 588 διαλογίζεσθε
1796 522 1855 576 ἐν

279 608 403 668 ταῖς
437 604 687 676 καρδίαις
717 605 907 675 ὑμῶν;
938 608 1004 661 Τί
1050 608 1199 662 ἐστιν
1229 608 1605 681 εὐκοπώτερον
1641 612 1817 666 εἰπεῖν
1837 629 1851 642 °

294 698 597 766 ’Δφέωνταί
625 715 708 752 σοι
739 700 794 753 αἰ
822 700 1085 770 ἁμαρτίαι
1121 719 1213 754 σου
1235 717 1249 731 ’
1293 701 1326 772 ἢ
1364 702 1536 755 εἰπεῖν
1557 721 1569 734 ·
1603 704 1854 775 Ἐγειραι

281 788 377 839 καὶ
412 787 738 855 περιπάτει;
771 789 887 842 ’Ὶνα
911 790 967 842 δὲ
996 791 1171 858 εἰδῆτε
1201 792 1284 844 ὅτι
1307 792 1334 842 ὁ
1365 791 1491 855 Υἱὸς
1519 792 1613 846 τοῦ
1644 793 1855 865 ἀνθρώ-

280 895 384 932 που
435 878 682 945 ἐξουσίαν
727 879 839 950 ἔχει
881 881 974 933 ἐπὶ
1020 882 1119 951 τῆς
1168 882 1273 951 γῆς
1323 883 1538 951 ἀφιέναι
1585 887 1855 956 ἁμαρτίας

281 962 428 1037 (εἷπε
456 968 532 1038 τῷ
563 967 945 1039 παραλυτικῷ)
964 985 975 996 ·
1005 970 1095 1023 Σοὶ
1132 969 1305 1038 λέγω,
1332 971 1562 1042 ἐγειραι,
1593 973 1688 1026 καὶ
1716 974 1856 1045 άρας

278 1061 344 1113 τὸ
377 1060 650 1129 κλινάριόν
688 1078 806 1124 σου,
843 1062 1075 1133 πορεύου
1121 1065 1202 1127 εἰς
1252 1064 1343 1117 τὸν
1389 1060 1538 1119 οἶκόν
1580 1083 1695 1122 σου.
1731 1085 1750 1119 ι
1792 1068 1856 1120 Ei

286 1151 445 1221 μόνος
471 1153 620 1220 ἡμᾶς
647 1153 977 1206 ἀπαλλάττει
1008 1155 1038 1207 6
1073 1154 1179 1207 τῶν
1216 1155 1352 1208 ὅλων
1377 1156 1510 1221 Θεὸς
1533 1157 1638 1229 πλη
1646 1158 1856 1229 μμελη-

285 1240 500 1311 μάτων,
534 1240 706 1311 ἐτέρῳ
738 1241 1036 1312 πρέποντος
1081 1242 1272 1296 τούτου
1319 1244 1505 1315 μηδενί
1529 1262 1542 1277 ·
1576 1246 1856 1317 χαρίζεται

283 1331 349 1385 δὲ
378 1333 474 1383 καὶ
499 1333 657 1385 τοῦτο
676 1333 910 1403 Χριστὸς
939 1334 1056 1401 μετ’
1074 1334 1321 1400 ἐξουσίας
1353 1336 1713 1407 θεοπρεποῦςο
1738 1338 1855 1404 πῶς

280 1423 383 1476 οὐκ
429 1422 495 1476 ἂν
544 1423 629 1493 είη
674 1422 838 1491 Θεός;
888 1424 1164 1494 Κέκληται
1211 1428 1320 1497 γάρ
1363 1427 1491 1490 Υίὸς
1544 1428 1856 1501 ἀνθρώπου,

283 1512 565 1584 γεννηθεὶς
601 1513 666 1566 ἐκ
691 1512 948 1583 γυναικὸς
972 1512 1114 1566 κατὰ
1144 1515 1344 1585 σάρκα,
1365 1516 1542 1570 καίτοι
1572 1516 1703 1580 Θεὸς
1728 1517 1803 1570 ὢν
1828 1519 1856 1570 6

284 1604 476 1673 Λόγος.

361 1713 381 1745 ι
413 1692 504 1747 Ἑν
552 1694 736 1766 ἐκείνῃ
774 1696 839 1766 τῇ
886 1694 1006 1767 ὥρᾳ
1046 1695 1390 1766 ἐθεράπευσε
1477 1697 1705 1761 πολλοὺς
1748 1697 1857 1752 ἀπὸ

1953 524 2287 595 respondens
2310 521 2446 576 dixit
2476 521 2542 574 ad
2576 520 2727 574 illos:
2752 518 2891 583 Quid
2912 517 3164 584 cogitatis
3189 520 3243 573 in
3270 520 3524 576 cordibus

1951 613 2345 680 vestris‘iQuid
2381 620 2465 667 est
2492 611 2703 666 facilius
2747 611 2927 665 dicere
2962 628 2975 665 :
3006 607 3511 679 89,0imittuniur

1955 707 2048 761 tibi
2089 715 2309 774 peccata
2341 714 2467 768 tua;
2507 719 2574 755 an
2598 702 2818 756 dicere:
2854 700 3028 770 Surge
3070 712 3125 755 et
3152 700 3365 755 ambula
3390 699 3418 754 τ
3457 700 3526 755 Ut

1952 808 2129 853 autem
2153 796 2359 859 sciatis,
2392 795 2517 864 quia
2548 793 2719 849 Filius
2749 796 2983 850 hominis
3013 803 3334 866 potestatem
3364 793 3526 847 habet

1955 888 2007 943 in
2043 897 2183 941 terra
2224 885 2527 939 dimittendi
2568 896 2809 954 peccata,
2836 884 2949 957 (ait
2996 883 3326 955 paralytico)
3361 897 3375 935 :
3405 880 3527 937 Tibi

1955 979 2096 1039 dico.
2127 989 2308 1045 surge,
2331 976 2456 1029 tolle
2510 975 2707 1029 lectum
2739 984 2908 1040 tuum,
2937 985 2991 1028 et
3040 975 3174 1027 vade
3203 975 3252 1026 in
3308 975 3525 1026 domum

1956 1080 2103 1125 tuam
2136 1069 2202 1123 ⁸³.
2235 1088 2255 1122 ι
2283 1067 2339 1123 Si
2368 1066 2514 1122 solus
2549 1067 2925 1119 universorum
2965 1063 3227 1119 Dominus
3256 1076 3287 1116 a
3319 1061 3527 1117 delictis

1955 1178 2053 1217 nos
2077 1161 2280 1231 expiat,
2309 1174 2408 1214 nec
2453 1158 2506 1212 in
2551 1157 2717 1211 ullum
2766 1156 2929 1211 alium
2985 1155 3124 1209 istud
3166 1153 3442 1217 convenit,
3473 1162 3529 1207 et

1954 1252 2202 1308 Christus
2256 1264 2376 1305 cum
2434 1248 2617 1303 divina
2668 1247 2998 1301 auctoritate
3043 1247 3145 1301 hoc
3177 1247 3351 1313 ipsum
3386 1257 3524 1312 prae-

1955 1351 2061 1398 Stat
2106 1357 2121 1395 :
2157 1341 2246 1410 qui
2274 1338 2387 1395 fieri
2416 1346 2613 1409 potest,
2644 1347 2703 1392 ut
2743 1337 2888 1392 Deus
2931 1351 3036 1391 non
3094 1334 3363 1390 exsistat?
3389 1332 3524 1386 Nam

1955 1432 2059 1487 etsi
2089 1429 2347 1495 Verbum,
2380 1429 2523 1498 quod
2573 1429 2866 1484 secundum
2917 1442 3137 1482 carnem
3182 1440 3249 1479 ex
3301 1425 3527 1479 muliere

1956 1531 2144 1578 natum
2194 1530 2301 1586 est,
2327 1520 2450 1574 Filii
2486 1519 2721 1574 hominis
2765 1517 3133 1590 appellatione
3189 1517 3533 1586 designetur,

1963 1611 2308 1668 nihilominus
2337 1619 2515 1665 tamen
2534 1607 2676 1663 Deus
2696 1619 2800 1663 est.

2034 1723 2054 1755 ο
2081 1705 2137 1759 In
2157 1704 2270 1773 ipsa
2294 1702 2427 1756 hora
2452 1709 2631 1754 autem
2661 1699 2859 1754 multos
2879 1698 3084 1755 curavit
3104 1714 3132 1752 a
3155 1695 3525 1766 languoribus,

286 1784 483 1850 νόσων,
513 1787 606 1839 καὶ
639 1786 944 1856 μαστίγων,
978 1787 1072 1840 καὶ
1102 1788 1435 1858 πνευμάτων
1462 1789 1744 1860 πονηρῶν⁵
1768 1791 1862 1843 καὶ

1971 1805 2016 1851 et
2039 1795 2233 1865 plagis,
2268 1802 2325 1848 et
2354 1791 2639 1862 spiritibus
2674 1790 2856 1855 malis,
2876 1800 2929 1843 et
2960 1790 3117 1843 caecis
3145 1787 3326 1841 multis
3358 1788 3526 1840 dona-

283 1877 512 1948 τυφλοῖς
553 1878 767 1942 πολλοῖς
812 1881 1106 1949 ἐχαρίσατο
1146 1881 1207 1933 τὸ
1256 1882 1493 1951 βλέπειν.
1556 1884 1666 1937 Καὶ
1718 1884 1857 1937 ἀπο-

290 1968 501 2038 κριθεὶς
554 1964 708 2022 εἶπεν
757 1970 939 2032 αὐτοῖς
965 1986 981 2002 ’
1057 1971 1421 2040 Πορευθέντες
1488 1973 1859 2042 ἀπαγγείλατε

303 2057 523 2131 Ἰωάννῃ
551 2059 587 2113 ἀ
616 2060 785 2114 εἴδετε
826 2061 923 2114 καὶ
950 2060 1221 2130 ἠκούσατε
1241 2080 1257 2097 ο
1291 2064 1376 2116 ὃτι
1406 2064 1597 2132 τυφλοὶ
1626 2065 1858 2120 ἀναϐλέ-

292 2168 482 2214 πουσι,
512 2151 674 2222 χωλοὶ
701 2152 1082 2225 περιπατοῦσι,
1103 2153 1296 2224 λεπροὶ
1320 2156 1730 2227 καθαρίζονται,
1753 2175 1863 2210 κω-

292 2241 385 2310 φοὶ
430 2242 717 2306 ἀκούουσι,
744 2245 925 2312 νεκροὶ
970 2242 1299 2315 ἐγείρονται,
1336 2246 1543 2316 πτωχοὶ
1570 2246 1860 2315 εὐαγγελί-

294 2332 496 2396 ζονται.
530 2333 639 2385 Καὶ
674 2333 943 2405 μακάριός
971 2336 1139 2396 ἐστιν,
1183 2333 1241 2397 ὃς
1279 2335 1345 2388 ἃν
1383 2336 1455 2406 μὴ
1498 2336 1856 2408 σκανδαλισθῇ

299 2421 358 2475 ἐν
382 2422 528 2493 ἐμοί.
556 2440 577 2475 ι
594 2423 817 2492 Ἔργοις
849 2424 1032 2485 αὐτοῖς
1063 2424 1336 2489 ἐπιδείξας
1368 2426 1558 2479 ἑαυτὸν
1580 2429 1607 2480 6
1631 2427 1859 2499 Χριστὸς

294 2512 406 2566 τῶν
433 2513 756 2586 θεοπρεπῶν
786 2514 1132 2585 μεγαλουργη
1142 2515 1328 2586 μάτων
1365 2517 1749 2589 ἀποτελεστὴν,
1782 2519 1863 2581 εἰς

295 2602 600 2676 ἀνάμνησιν
630 2607 893 2676 ἀναφέρει
918 2607 1026 2661 τῶν
1068 2609 1371 2680 εἰρημένων
1398 2610 1487 2663 διὰ
1520 2609 1702 2679 φωνῆς
1732 2626 1866 2678 προ-

299 2696 487 2767 φητῶν
520 2696 646 2767 περὶ
674 2697 1016 2769 αὐτοῦ.¹Ἐφη
1043 2699 1224 2752 τοίνυν
1257 2701 1285 2753 6
1321 2701 1589 2770 μακάριος
1614 2699 1860 2762 Ἡσαΐας·

307 2808 327 2842 ι
347 2791 643 2860 Ἰσχύσατε,
677 2793 857 2860 χεῖρες
890 2791 1194 2861 ἀνειμέναι,
1212 2794 1305 2845 καὶ
1334 2793 1536 2859 γόνατα
1562 2791 1867 2862 παραλελυ-

305 2881 461 2977 μέῌνα.
494 2900 514 2934 ›
550 2878 683 2935 Εἶτα
706 2884 997 2977 μονονουχὶ
1039 2886 1135 2937 καὶ
1181 2887 1339 2955 χεῖρα
1366 2885 1666 2956 προτείνων
1696 2901 1867 2937 κατα-

298 2971 541 3025 δείκνυσι
577 2973 669 3026 τὸν
706 2971 1105 3043 ’Ἐμμανουὴλ,
1152 2972 1294 3027 οὕτω
1340 2973 1548 3042 λέγων’
1589 2991 1608 3025 σ
1657 2973 1788 3027 Ἰδοὺ
1838 2972 1867 3025 6

302 3062 437 3124 Θεὸς
459 3062 637 3133 ἡμῶν,
671 3063 778 3117 ἰδοὺ
823 3064 1026 3136 Κύριος
1058 3063 1194 3135 μετά
1224 3064 1409 3135 ἰσχύος
1442 3064 1681 3135 ἔρχεται,
1712 3065 1806 3118 καὶ
1839 3065 1869 3117 6

305 3153 545 3226 βραχίων
584 3157 722 3228 μετά
768 3157 1008 3228 κυρείας.
1040 3177 1059 3210 ι
1093 3159 1239 3228 Ἔφη
1275 3158 1332 3211 δὲ
1381 3160 1475 3212 καὶ
1513 3160 1571 3211 ἐν
1619 3156 1861 3227 ἑτέροις,
1891 3138 1934 3196 C

301 3248 385 3301 ὅτι
417 3267 435 3301 t
471 3248 604 3302 Τότε
632 3249 1041 3322 ἀνοιχθήσονται
1065 3249 1335 3320 ὀφθαλμοὶ
1362 3250 1601 3320 τυφλῶν,
1636 3249 1730 3303 καὶ
1757 3242 1872 3302 ὧτα

303 3337 505 3406 κωφῶν
542 3338 901 3392 ἀκούσονται·
935 3340 1055 3392 τότε
1105 3340 1311 3392 ἀλεῖται
1338 3339 1511 3408 χωλὸς
1538 3338 1616 3402 ὡς
1649 3337 1868 3407 ἔλαφος,

303 3425 399 3479 καὶ
456 3426 628 3498 τρανῆ
677 3426 832 3481 ἔσται
877 3426 1099 3495 γλῶσσα
1145 3427 1469 3499 μογιλάλων.
1503 3446 1521 3479 ι
1578 3428 1689 3480 Καὶ
1738 3425 1872 3495 πρὸς

301 3516 513 3581 τούτοις
538 3517 619 3570 ἔτι
640 3535 654 3550 ·
691 3535 710 3569 1
755 3519 1175 3588 Ἀναστήσονται
1202 3521 1251 3572 οἰ
1293 3520 1501 3591 νεκροὶ,
1527 3519 1621 3571 καὶ
1650 3518 1873 3589 ἐγερθή-

305 3628 488 3665 σονται
516 3612 566 3663 οἰ
598 3613 656 3663 ἐν
684 3612 796 3673 τοῖς
832 3611 1153 3681 μνημείοις’
1196 3611 1231 3679 ἡ
1260 3610 1369 3679 γὰρ
1409 3609 1599 3679 δρόσος
1640 3610 1673 3680 ὴ
1721 3608 1871 3678 παρά

304 3703 423 3766 σοῦ,
473 3701 611 3774 ἴαμα
655 3702 840 3764 αὐτοῖς
883 3705 1052 3754 ἐστιν.
1094 3722 1113 3754 »
1158 3702 1305 3769 Ἔφη
1357 3699 1415 3752 δὲ
1460 3700 1623 3752 πάλιν
1667 3700 1761 3752 καὶ
1807 3701 1872 3753 ἐκ

306 3792 601 3867 προσώπου
648 3792 886 3865 Χριστοῦ
907 3810 921 3824 ⁸
957 3812 975 3844 ι
1012 3793 1235 3861 Πνεῦμα
1265 3789 1472 3862 Κυρίου
1520 3790 1605 3842 ἐπ’
1639 3790 1739 3859 ἐμὲ
1761 3826 1776 3853 ,
1808 3782 1871 3843 οὗ

303 3886 512 3941 εἵνεκεν
529 3885 712 3957 ἑχρισέ
734 3899 820 3957 με’
837 3882 1293 3952 εὐαγγελίσασθαι
1311 3883 1544 3951 πτωχοῖς
1561 3878 1873 3932 ἀπέσταλκε

310 3994 399 4051 με,
432 3977 668 4049 κηρύξαι
699 3973 1064 4047 αἰχμαλώτοις
1105 3974 1319 4043 ἄφεσιν,
1363 3971 1458 4025 καὶ
1496 3970 1715 4041 τυφλοῖς
1748 3969 1875 4023 ἀνά-

308 4067 512 4141 βλεψιν.
550 4087 569 4122 ι
610 4069 735 4123 Ὅτε
782 4067 960 4121 τοίνυν
1000 4068 1101 4138 της
1138 4066 1224 4133 ἐφ’
1269 4061 1446 4133 ἐαυτῷ
1493 4062 1726 4124 πίστεως
1774 4059 1875 4124 τὰς

306 4160 416 4216 τῶν
446 4160 740 4232 προφητῶν
774 4158 956 4228 φωνὰς
984 4160 1215 4211 ποιεῖται
1242 4157 1488 4225 σημεῖον,
1530 4154 1698 4224 ἤγουν
1740 4152 1877 4206 ἀπό-

307 4251 497 4320 δειξιν,
532 4251 665 4304 Θεὸν
687 4250 743 4303 δέ
776 4249 937 4304 αὑτὸν
967 4250 1016 4302 οἰ
1041 4248 1316 4319 προφῆται
1344 4246 1671 4319 κηρύττουσι
1690 4262 1704 4276 '
1737 4243 1819 4308 τίς
1847 4244 1876 4297 6

309 4341 519 4403 τούτοις
547 4339 615 4392 τά
642 4338 859 4393 ἐναντία
883 4339 1049 4407 φάναι
1075 4336 1321 4408 τολμῶν;

394 4428 795 4502 Ἐχειμάζοντο,
825 4430 980 4501 φησὶ,
1007 4429 1149 4483 κατὰ
1180 4428 1279 4499 τὴν
1309 4426 1503 4497 λίμνην
1533 4426 1580 4480 oi
1613 4423 1871 4497 μαθηταί⁹

311 4519 428 4579 εἶτα
478 4542 497 4575 t
528 4521 948 4592 προσελθόντες,
1008 4521 1291 4592 διήγειραν
1345 4519 1531 4584 αὐτὸν,
1586 4518 1874 4587 λέγοντες·

323 4613 637 4679 Ἐπιστάτα,
658 4612 1026 4683 ἀπολλύμεθα.
1043 4612 1100 4666 Ὀ
1123 4611 1181 4666 δὲ
1211 4610 1537 4682 διεγερθεὶς,
1572 4610 1876 4681 ἐπετίμησε

312 4705 389 4777 τῷ
412 4704 617 4777 ἀνέμῳ,
641 4705 736 4758 καὶ
762 4703 840 4772 τῷ
869 4703 1096 4757 κλύδωνι
1122 4702 1217 4756 τοῦ
1245 4700 1438 4765 ὕδατος
1456 4718 1470 4733 ⁸
1509 4701 1603 4757 καὶ
1638 4700 1880 4754 ἐπαύσα-

312 4815 405 4863 το,
433 4800 526 4850 καὶ
553 4796 767 4865 ἐγένετο
790 4794 1019 4865 γαλήνη.
1054 4812 1071 4844 ι
1105 4795 1331 4864 Εἴρηται
1360 4793 1488 4865 περὶ
1524 4790 1760 4861 Χριστοῦ
1792 4790 1881 4844 διά

317 4887 499 4956 φωνῆς
540 4884 634 4938 τοῦ
687 4883 955 4955 μακαρίου
1009 4884 1210 4935 Δαυῖδ·
1270 4902 1288 4934 ι
1328 4885 1400 4936 Σὺ
1444 4883 1726 4947 δεσπόζεις
1784 4881 1879 4936 τοῦ

318 4976 551 5042 κράτους
574 4974 673 5044 τῆς
698 4972 994 5040 θαλάσσης,
1032 4971 1127 5024 καὶ
1157 4968 1247 5024 τὸν
1285 4971 1443 5024 σάλον
1475 4971 1583 5023 τῶν
1619 4969 1880 5041 κυμάτων

318 5066 488 5134 αὐτῆς
522 5063 586 5116 σὺ
617 5060 1036 5133 καταπραΰνεις.
1063 5059 1154 5113 Σοί
1180 5061 1316 5113 εἰσιν
1344 5061 1392 5111 οἰ
1416 5059 1656 5130 οὐρανοὶ,
1686 5060 1783 5113 καὶ
1811 5056 1876 5126 σή

316 5162 464 5214 ἐστιν
488 5157 522 5226 ὴ
550 5155 621 5224 γῆ
650 5169 665 5184 ο
695 5152 793 5223 τὴν
824 5152 1170 5223 οἰκουμένην,
1202 5152 1296 5206 καὶ
1322 5150 1383 5205 τὸ
1410 5150 1684 5221 πλήρωμα
1715 5150 1884 5219 αὐτῆς

320 5251 382 5303 σὺ
406 5245 796 5318 ἐθεμελίωσας.
825 5246 983 5299 »Ὅτε
1013 5246 1196 5298 τοίνυν
1220 5241 1296 5314 τῷ
1321 5242 1762 5312 καταπραΰνοντι
1786 5240 1883 5312 τὴν

317 5339 595 5393 θάλασσαν
634 5334 837 5406 πρέποι
888 5334 954 5388 ἂν
1001 5335 1096 5389 καὶ
1141 5333 1200 5388 τὸ
1239 5330 1523 5396 δεσπόζειν
1568 5330 1679 5385 τῶν
1722 5332 1880 5394 ὅλων,

319 5432 466 5507 ἔχειν
492 5428 549 5482 δέ
594 5426 756 5491 ἰδίους
785 5427 911 5491 τοὺς
939 5426 1224 5499 οὐρανοὺς,
1270 5425 1364 5479 καὶ
1405 5423 1688 5497 θεμελιοῦν
1728 5423 1886 5481 δύνα-

1957 1889 2035 1942 vit
2072 1888 2268 1941 visum.
2302 1885 2367 1939 Et
2390 1883 2724 1953 respondens
2751 1881 2887 1935 dixit
2917 1880 3020 1935 illis
3050 1898 3063 1934 :
3101 1880 3303 1933 Euntes
3326 1892 3530 1932 renun-

1961 1978 2093 2032 tiate
2145 1974 2343 2030 Joanni
2395 1988 2519 2043 quae
2568 1971 2799 2026 audistis
2853 1979 2907 2025 et
2938 1970 3150 2025 vidistis
3185 1983 3202 2022 :
3237 1969 3362 2038 quia
3396 1965 3525 2021 οωοί

1958 2069 2164 2133 vident,
2191 2065 2367 2122 claudi
2425 2062 2725 2128 ambulant,
2746 2060 2944 2131 leprosi
2999 2052 3349 2123 mundaniur,
3378 2057 3527 2111 surdi

1961 2160 2209 2223 audiunt,
2234 2155 2434 2211 mortui
2490 2162 2802 2224 resurgunt,
2836 2165 3101 2222 pauperes
3154 2148 3530 2220 evangelizan-

1960 2261 2050 2307 tur
2081 2269 2094 2305 :
2133 2257 2187 2303 et
2219 2237 2521 2303 beatus'est
2549 2245 2857 2314 quicunque
2892 2258 3000 2297 non
3060 2241 3226 2296 fuerit
3259 2239 3529 2295 scandaii-

1962 2349 2115 2395 zatus
2141 2339 2193 2393 in
2221 2351 2307 2393 me
2335 2336 2398 2390 “.
2430 2354 2450 2387 ι
2477 2335 2658 2391 Factis
2694 2333 3001 2388 divinorum
3037 2332 3305 2400 planeque
3354 2330 3528 2385 admi-

1962 2429 2210 2485 rabilium
2278 2440 2500 2497 operum
2564 2432 2898 2491 patratorem
2972 2422 3224 2478 Christus
3285 2434 3345 2475 se
3413 2435 3533 2475 esse

1964 2523 2377 2582 demonstrans,
2416 2531 2535 2586 quae
2574 2530 2671 2585 per
2714 2514 2990 2585 prophetae
3037 2527 3224 2568 vocem
3258 2511 3531 2582 quondam

1963 2611 2030 2667 de
2083 2624 2140 2664 se
2192 2607 2447 2679 praedicta
2500 2604 2739 2671 fuerant,
2792 2604 2845 2657 in
2906 2603 3228 2657 memoriam
3294 2602 3529 2656 reducit.

1963 2703 2182 2758 Dixerat
2199 2698 2345 2755 enim
2370 2696 2576 2754 Isaias:
2605 2714 2624 2748 ι
2644 2692 3036 2751 Confortamini
3063 2708 3252 2747 manus
3273 2692 3534 2754 remissae,

1964 2803 2016 2849 et
2055 2808 2229 2863 genua
2280 2792 2454 2847 soluta
2486 2791 2578 2847 ³⁸⁵.
2616 2808 2636 2842 ι
2670 2787 2789 2843 Mox
2843 2801 2975 2841 vero
3009 2785 3164 2856 quasi
3208 2782 3373 2857 digito
3412 2799 3536 2854 pro-

1969 2893 2193 2939 tensave
2247 2896 2408 2936 manu
2466 2878 2876 2933 Emtnanuelem
2925 2879 3240 2942 ostendens,
3295 2876 3368 2929 ita
3421 2875 3536 2928 ait:

1974 2993 1994 3028 ι
2027 2973 2168 3030 Ecce
2213 2971 2357 3028 Deus
2387 2981 2592 3037 noster,
2616 2985 2744 3025 ecce
2772 2970 3031 3024 Dominus
3060 2983 3181 3022 cum
3227 2966 3540 3021 fortitudine

1967 3065 2140 3131 venit,
2193 3073 2247 3119 et
2312 3063 2593 3118 brachium
2649 3076 2771 3116 cum
2834 3060 3202 3116 dominatione
3226 3058 3294 3112 ³⁵.
3341 3076 3361 3109 ι
3403 3056 3543 3111 Dicit

1969 3156 2107 3211 idem
2135 3164 2189 3210 et
2218 3155 2325 3209 alio
2364 3168 2579 3224 quoque
2608 3152 2725 3207 loco
2751 3170 2766 3206 :
2793 3170 2812 3203 ι
2856 3151 3009 3206 Τυηο
3045 3150 3360 3221 aperientur
3397 3147 3541 3203 oculi

1970 3261 2258 3310 caecorum,
2289 3254 2343 3301 et
2399 3259 2560 3298 aures
2589 3243 2875 3299 surdorum
2922 3243 3163 3306 audient,
3201 3250 3329 3294 tunc
3389 3238 3544 3294 saliet

1971 3339 2110 3393 sicut
2142 3352 2333 3392 cervus
2386 3336 2626 3399 claudus.
2663 3344 2717 3390 et
2747 3336 3004 3405 expedita
3033 3334 3139 3390 erit
3188 3335 3373 3403 lingua
3430 3332 3545 3386 bal-

1974 3430 2295 3485 butientium
2322 3430 2391 3484 ³⁸.
2418 3449 2437 3481 ι
2472 3429 2635 3483 Addit
2665 3437 2929 3498 praeterea
2966 3446 2980 3484 :
3016 3446 3035 3480 ι
3060 3427 3298 3496 Surgent
3322 3426 3542 3488 mortui,

1974 3531 2028 3574 et
2072 3526 2354 3589 resurgent
2393 3520 2481 3588 qui
2546 3518 2598 3572 in
2653 3519 3020 3575 monumentis
3075 3528 3248 3574 sunt:
3285 3532 3410 3570 nam
3457 3531 3544 3571 ros

1973 3611 2063 3681 qui
2123 3628 2149 3665 a
2183 3621 2253 3677 te,
2298 3610 2430 3681 ipsis
2464 3610 2672 3666 sanitas
2708 3621 2793 3666 est
2819 3612 2883 3666 ³⁷.
2927 3629 2946 3662 ›
3004 3610 3235 3665 Rursum
3270 3611 3412 3666 idem
3492 3612 3543 3663 in

1974 3717 2201 3773 persona
2236 3702 2435 3757 Christi
2486 3701 2560 3756 ita
2615 3703 2738 3756 ait:
2772 3720 2790 3753 ι
2824 3700 3057 3771 Spiritus
3105 3702 3320 3757 Domini
3380 3716 3545 3769 super

1974 3811 2082 3863 me,
2116 3797 2271 3865 cujus
2301 3812 2463 3850 causa
2496 3798 2649 3851 unxit
2679 3811 2782 3861 me,
2818 3796 3193 3864 evangelizare
3218 3794 3545 3862 pauperibus

1973 3884 2120 3938 misit
2149 3867 2256 3945 me,
2289 3883 2582 3951 praedicare
2602 3881 2834 3949 captivis
2868 3881 3268 3943 remissionem,
3292 3887 3346 3933 et
3382 3880 3543 3933 caecis

1974 3971 2122 4025 visus
2145 3970 2476 4039 apertionem
2505 3968 2573 4021 ³⁸.
2606 3988 2624 4020 ι
2650 3968 2787 4022 Cum
2822 3984 2952 4038 ergo
2987 3968 3370 4037 prophetarum
3412 3982 3543 4020 ora-

1975 4062 2096 4118 cula
2135 4062 2254 4117 fidei
2314 4076 2435 4132 qua:
2490 4062 2590 4131 ipsi
2624 4061 2873 4124 debetur,
2908 4067 3282 4130 argumentum
3346 4060 3545 4128 proba-

1979 4155 2288 4224 tionemque
2329 4154 2580 4218 adducat,
2612 4153 2822 4221 ipsique
2860 4152 3136 4221 propheta:
3171 4150 3338 4206 Deum
3393 4151 3543 4205 illum

1977 4260 2099 4300 esse
2158 4243 2473 4315 prmdicent,
2515 4245 2637 4313 quis
2699 4243 2785 4298 his
2837 4243 3107 4299 contraria
3152 4256 3402 4299 asserere
3448 4260 3546 4298 au-

1978 4336 2138 4394 deat?

2054 4428 2191 4484 Dum
2221 4425 2465 4496 discipuli
2491 4436 2809 4497 tempestate
2852 4432 2905 4484 in
2937 4438 3130 4500 stagno
3176 4427 3540 4499 jactarentur,

1987 4537 2006 4571 ι
2031 4519 2348 4575 accedentes
2377 4518 2705 4572 suscitarunt
2728 4534 2873 4586 eum,
2898 4521 3137 4577 dicentes
3168 4539 3181 4574 :
3214 4519 3542 4588 Praeceptor,

1978 4612 2236 4682 perimus.
2268 4614 2336 4666 At
2356 4610 2468 4683 90
2491 4611 2579 4666 ille
2627 4626 2854 4683 surgens
2904 4614 3203 4683 increpavit
3230 4622 3446 4666 ventum
3492 4619 3549 4663 et

1981 4709 2357 4771 tempestatem
2411 4717 2605 4772 aquae:
2639 4713 2693 4757 et
2736 4704 2989 4769 cessavit,
3017 4713 3072 4759 et
3102 4702 3241 4757 facta
3274 4710 3358 4755 est
3402 4708 3554 4755 tran-

1981 4793 2225 4862 quillitas
2265 4792 2335 4845 ”.
2374 4811 2393 4844 ι
2421 4792 2675 4847 Davidica
2703 4808 2834 4847 voce
2856 4793 3134 4871 'EjllSlthdl
3178 4792 3457 4847 oraculum
3487 4791 3555 4845 de

1983 4882 2202 4935 Christo
2255 4881 2459 4934 editum
2524 4891 2645 4935 erat
2688 4899 2703 4935 :
2748 4898 2767 4932 ι
2809 4882 2889 4934 'l‘u
2940 4882 3236 4937 dominaris
3296 4884 3553 4952 potestati

1987 4970 2172 5035 maris,
2212 4979 2268 5024 et
2316 4979 2523 5024 motum
2575 4968 2833 5025 ﬂuctuum
2877 4972 2997 5038 ejus
3054 4982 3110 5027 tu
3168 4973 3407 5044 mitigas.
3453 4973 3559 5030 Tui

1986 5071 2112 5117 sunt
2143 5060 2291 5130 cteli,
2318 5070 2373 5117 et
2393 5070 2481 5115 tua
2504 5070 2591 5117 est
2623 5072 2787 5127 terra,
2818 5063 3003 5119 orbem
3036 5073 3305 5119 terrarum
3336 5073 3392 5121 et
3441 5065 3555 5136 ple-

1985 5153 2280 5209 nitudinem
2317 5152 2432 5222 ejus
2456 5161 2510 5207 tu
2545 5153 2784 5208 fundasti
2806 5153 2873 5208 “.
2895 5172 2914 5206 ι
2953 5154 3085 5223 Cum
3113 5155 3166 5210 in
3197 5156 3345 5211 illum
3368 5157 3557 5225 igitur,

1986 5243 2077 5314 qui
2130 5243 2300 5299 maria
2331 5246 2504 5308 sedat,
2538 5244 2779 5298 omnium
2829 5259 3012 5298 rerum
3062 5244 3350 5303 Dominum
3406 5262 3552 5313 esse,

1985 5334 2232 5405 proprios
2271 5333 2437 5388 caelos
2490 5333 2788 5402 possidere,
2832 5335 3023 5391 orbem
3068 5344 3361 5404 terrarum,
3408 5338 3553 5407 ejus-

1985 5424 2214 5492 demque
2247 5422 2630 5493 plenitudinem
2691 5438 2849 5494 posse
2879 5425 3127 5495 fundare,
3159 5430 3373 5500 proprie
3422 5443 3555 5485 con-

389 5611 434 5643 ³³
464 5611 595 5667 Luc.
619 5627 674 5680 v,
702 5610 893 5665 22.24.
953 5608 1015 5680 _“
1047 5605 1178 5660 Luc.
1215 5620 1311 5680 vti,
1331 5603 1530 5680 21,3?»
1609 5603 1671 5635 “‘
1698 5602 1803 5680 isa;
1823 5616 1863 5680 _L

1971 5639 1988 5680 ε
2018 5599 2078 5680 ξ.
2123 5599 2199 5680 ’³⁸
2234 5597 2337 5654 lsa.
2368 5615 2456 5665 χι,
2486 5600 2573 5680 lg.
2608 5672 2623 5680 _
2645 5601 2700 5680 _“
2727 5603 2830 5662 lsa.
2871 5617 3035 5669 xxxv,
3061 5603 3115 5659 5.
3193 5602 3238 5637 ³⁷
3264 5601 3370 5661 lsa.
3401 5618 3550 5666 xxvt.

327 5680 414 5737 i9.
490 5682 534 5713 ⁸⁸
566 5676 671 5738 ιω.
700 5696 810 5748 ιιι,
848 5680 872 5734 l
903 5696 916 5744 ;
953 5676 1084 5733 Luc.
1116 5690 1189 5743 Iv,
1222 5676 1307 5730 l8.

1406 5675 1448 5707 ”
1477 5672 1608 5729 Luc.
1635 5688 1747 5740 vui,
1772 5671 1863 5727 24.
1943 5671 1986 5701 “’
2017 5669 2159 5726 Psal.
2192 5684 2457 5738 Lxxxvm,
2489 5670 2576 5740 lO,
2606 5672 2690 5728 ll.

3350 5740 3403 5799 ,ι’
