3910 6200
359 273 495 331 ηπ)

1354 278 1411 334 S.
1454 277 1726 335 CYllfLLl
1767 278 2232 334 ALEXANDRINI
2274 278 2595 334 ARCIIIEP.

3471 273 3620 331 £280

357 387 711 458 veniat;quis
758 389 1060 462 Christutu,
1093 395 1184 463 qui
1247 410 1370 451 cum
1423 398 1745 453 auctoritate
1794 397 1933 452 mari

2056 398 2162 452 ιθαι
2198 398 2299 470 τὴν
2342 395 2672 467 οἰκουμένην
2699 394 2799 448 καὶ
2839 392 2901 447 τὸ
2938 394 3209 466 πλήρωμα
3255 392 3444 464 αὐτῆς
3495 393 3624 457 πῶς

358 489 414 535 οι
466 482 643 539 ventis
702 481 959 555 imperat,
1005 502 1190 543 verum
1248 488 1416 544 Deum
1490 504 1613 546 esse
1662 491 1938 562 ambigere

360 580 524 641 queat
546 582 562 633 ;

440 762 463 798 ι
494 742 742 817 R‘ogabat
768 748 916 804 illum
950 751 1057 818 vir,
1084 768 1111 807 a
1140 768 1259 822 quo
1283 753 1546 808 daemonia
1581 754 1846 819 exierant,
1883 763 1941 809 ut

361 851 486 891 cum
531 851 595 892 eo
638 850 802 898 esset.
840 841 1056 898 Dimisit
1101 854 1280 899 autem
1330 861 1452 900 eum
1501 844 1680 911 Jesus,
1707 847 1938 901 dicens:

362 925 497 981 Redi
542 928 596 983 in
630 931 847 986 domum
890 944 1059 1000 tuam,
1095 942 1151 988 et
1191 951 1352 990 narra
1408 946 1611 1007 quanta
1668 937 1759 991 tibi
1813 939 1943 992 fecit

368 1012 524 1070 Deus.
558 1015 625 1071 Et
672 1020 807 1074 abiit
854 1035 951 1090 per
976 1022 1279 1077 universam
1316 1026 1589 1080 civitatem
1641 1026 1943 1095 praedicans

360 1114 560 1174 quanta
591 1107 667 1161 illi
712 1110 940 1166 fecisset
990 1110 1145 1169 Jesus
1175 1112 1239 1169 “.
1266 1134 1285 1167 ι
1319 1114 1376 1169 lu
1423 1116 1814 1171 Gerasenorum
1856 1132 1944 1173 re-

363 1198 520 1267 gione
533 1202 907 1258 curarithsus
931 1204 1321 1261 humanissime
1336 1224 1364 1260 a
1382 1207 1646 1263 daemonio
1669 1220 1938 1271 vexatum.

304 1349 309 1357 _
363 1288 457 1357 qui
489 1291 652 1344 etiam
685 1289 929 1348 ut'vitatu
957 1296 1058 1351 sibi
1091 1312 1213 1352 cum
1236 1313 1300 1352 eo
1325 1314 1485 1369 agere
1528 1301 1782 1370 deinceps
1812 1301 1943 1356 lice-

363 1389 468 1446 ret,
496 1383 693 1437 obnixe
726 1384 1072 1454 eﬂlagitabat.
1124 1387 1195 1443 At
1223 1404 1353 1445 vero
1398 1391 1647 1459 quamvis
1691 1376 1811 1447 eum
1858 1408 1945 1447 sa-

365 1482 570 1538 tiasset,
601 1476 929 1545 spiritusque
952 1478 1226 1546 eiecisset,
1273 1482 1428 1551 jubet
1453 1494 1627 1537 tamen
1658 1484 1943 1538 utdomum

366 1577 521 1617 suam
545 1574 773 1633 repetat,
805 1579 1114 1638 quantaque
1140 1572 1242 1626 sibi
1284 1572 1503 1628 fecisset
1528 1576 1685 1638 Dens,
1705 1584 1941 1628 enarret.

367 1652 706 1723 Operabatur
751 1659 932 1729 itaque
968 1659 1218 1716 Christus
1272 1672 1526 1731 tanquam
1580 1678 1738 1718 verus
1779 1662 1939 1720 Deus.

2038 489 2139 543 οὐκ
2183 489 2249 543 ἂν
2283 488 2550 560 ὑπάρχειν
2587 483 2765 540 νοοῖτο
2803 483 2936 549 Θεὸς
2981 483 3198 556 ἀληθῶς
3230 487 3261 539 6
3289 483 3557 557 Χριστὸς,
3593 488 3627 537 6

2040 579 2283 653 θαλάσσῃ
2333 580 2428 633 καί⁵
2471 575 2779 643 πνεύμασιν
2820 574 3115 647 ἐπιτιμῶν,
3158 575 3255 629 καὶ⁵
3293 574 3454 629 τοῦτο
3500 574 3622 644 μετ’

2041 669 2309 737 ἐξουσίας
2923 696 2934 717 ,λ

2117 780 2136 813 ι
2180 761 2384 814 Ἐδεῖτο
2407 760 2465 814 δὲ
2489 757 2654 813 αὐτοῦ
2684 759 2715 813 ό
2745 758 2909 831 ἀνὴρ,
2958 757 3056 828 ἀφ’
3100 749 3163 812 οὗ
3193 757 3505 828 ἐξεληλύθει
3552 758 3625 810 τά

2041 850 2311 922 δαιμόνια,
2343 845 2484 906 εῖναι
2517 853 2612 905 σὺν
2660 849 2829 922 αὐτῷ.
2869 848 3183 903 Ἀπέστειλε
3215 847 3274 901 δὲ
3311 848 3499 906 αὐτὸν.
3531 848 3626 900 λέ-

2043 957 2187 1010 γων·
2231 941 2573 1013 ’Υπόστρεφε
2606 941 2688 1004 είς
2717 940 2807 994 τὸν
2844 935 2991 994 οἶκόν
3028 956 3147 1003 σου,
3176 940 3270 996 καὶ
3299 938 3492 1009 διηγοῦ
3520 940 3625 993 ὅσα

2046 1048 2128 1083 σοι
2164 1029 2464 1098 πεποίηκεν
2508 1031 2537 1083 6
2576 1028 2728 1092 Θεός.
2775 1027 2889 1081 Καὶ
2931 1027 3142 1097 ἀπῆλθε
3186 1027 3308 1081 καθ’
3349 1027 3482 1097 ὅλην
3522 1028 3626 1096 τὴν

2044 1122 2199 1175 πόλιν
2225 1120 2519 1192 κηρύσσων
2551 1120 2655 1174 ὅσα
2685 1118 2942 1190 ἐποίησεν
2973 1117 3122 1189 αὐτῷ
3149 1120 3180 1171 6
3204 1118 3359 1182 Θεός.
3386 1137 3406 1171 ι
3436 1119 3531 1172 Ἐν
3552 1122 3623 1189 τῇ

2042 1212 2150 1265 τῶν
2184 1210 2535 1282 Γεργεσηνῶν
2566 1210 2722 1283 χώρᾳ
2746 1210 3154 1280 τεθεράπευκεν
3181 1211 3211 1262 6
3253 1209 3491 1280 Χριστὸς
3527 1210 3625 1263 τὸν

2044 1304 2251 1374 ἀγρίως
2280 1302 2642 1372 δαιμονῶντα,
2686 1303 2743 1365 ὃς
2774 1301 2867 1355 καὶ
2920 1303 3158 1354 συνεῖναι
3188 1300 3336 1371 αύτῷ
3368 1301 3624 1370 παρεκά-

2045 1392 2147 1447 λει.
2186 1391 2348 1446 Ἀλλά
2395 1391 2572 1446 καίτοι
2605 1391 2950 1462 θεραπεύσας
2977 1391 3162 1455 αὑτὸν,
3216 1392 3311 1444 καὶ
3357 1390 3625 1461 ἐκϐεϐλη-

2046 1481 2156 1547 κὼς
2188 1482 2256 1538 τά
2282 1481 2589 1554 πνεύματα,
2633 1470 2886 1535 ἐκέλευεν
2919 1480 3173 1534 ἀπελθεῖν
3211 1481 3290 1543 είς
3337 1480 3429 1533 τὸν
3470 1474 3625 1532 οἷκον

2044 1572 2244 1637 αὐτοῦ,
2278 1572 2373 1626 καὶ
2416 1572 2708 1644 κηρύττειν
2754 1571 2854 1625 ὅσα
2896 1572 3195 1641 πεποίηκεν
3227 1571 3376 1642 αὐτῷ
3408 1573 3438 1624 6
3462 1571 3621 1635 Θεός.

2058 1664 2394 1736 Ἐνήργηκεν
2426 1659 2519 1717 οὖν
2546 1663 2730 1729 αὐτὸς,
2760 1663 2836 1727 ὡς
2867 1662 2998 1725 Θεὸς
3027 1662 3289 1733 ὑπάρχων
3325 1662 3585 1731 ἀληθινός
3605 1680 3621 1692 ο

365 1742 690 1817 Neutiquam
738 1750 880 1804 enim
921 1751 1103 1806 dicere
1159 1751 1241 1806 fas
1284 1763 1388 1817 est,
1418 1748 1802 1824 prephctaruut
1851 1766 1943 1811 aut

2056 1755 2107 1809 ού
2276 1731 2380 1809 πού
2428 1772 2610 1827 φαμεν
2638 1756 2713 1819 ὡς
2745 1755 3017 1825 ὑπουργὸς
3059 1731 3249 1823 γέγονε
3275 1753 3422 1817 θείας
3449 1755 3617 1825 χάρι-

369 1847 677 1894 sanctorqu
697 1842 1068 1910 apostolorum
1099 1859 1270 1907 more,
1297 1845 1490 1899 divinae
1516 1846 1704 1915 gratia}
1739 1847 1945 1901 instru-

370 1939 617 1983 mentum
662 1932 951 1987 exstitisse.
990 1932 1107 2001 lpse
1152 1949 1383 2002 namque
1439 1939 1678 2005 propria,
1706 1938 1807 1993 hoc
1860 1949 1946 1994 est

370 2022 549 2075 divina
582 2022 775 2076 virtute
799 2022 1053 2076 Satanam
1080 2025 1394 2079 conterebat
1422 2044 1435 2079 :
1462 2026 1590 2095 quin
1622 2038 1674 2081 et
1705 2029 1757 2081 in
1795 2028 1941 2084 illius

368 2124 584 2179 quoque
635 2112 853 2166 nomine
896 2112 1160 2166 daemonia
1220 2113 1423 2169 sanctis
1481 2116 1735 2183 apostolis
1777 2117 1946 2188 subji-

369 2201 686 2258 ciebantur:
720 2212 882 2273 atque
944 2203 1048 2259 hoc
1096 2204 1273 2273 ipsum
1323 2220 1391 2261 ne
1432 2206 1508 2261 illi
1567 2207 1669 2278 ipsi
1724 2209 1943 2278 quidem

370 2290 755 2349 dillltebautur.

439 2386 518 2442 De
570 2387 831 2458 principis
888 2387 1190 2461 Syuagogaa
1239 2387 1351 2444 ﬁlia
1408 2389 1588 2445 aiebat
1642 2389 1940 2448 Christus:

376 2495 398 2529 ε
422 2474 599 2533 Nolite
622 2478 769 2534 ﬂere.
789 2478 903 2534 Non
927 2490 1010 2536 est
1037 2488 1251 2535 mortua
1275 2479 1478 2551 puella,
1498 2482 1589 2536 sed
1607 2483 1804 2538 dormit
1823 2484 1890 2537 “.
1918 2502 1937 2536 ι

369 2565 623 2638 Nunquid
658 2568 822 2641 igitur
880 2571 1139 2626 mentitus
1194 2572 1312 2628 est?
1348 2571 1521 2627 absitl
1557 2588 1744 2628 verum
1800 2575 1944 2629 enim

371 2656 529 2713 dixit.
565 2656 781 2713 Modum
812 2667 994 2714 autem
1024 2660 1188 2728 hujus
1221 2662 1443 2729 exponit
1476 2661 1671 2717 Paulus
1709 2664 1794 2719 his
1825 2680 1947 2719 ver-

369 2749 457 2804 bis
488 2768 503 2805 :
538 2768 558 2802 c
591 2749 709 2805 Non
736 2761 819 2806 est
846 2751 991 2807 Deus
1031 2763 1395 2818 mortuorum,
1423 2754 1520 2808 sed
1547 2754 1794 2810 vivorum
1820 2754 1887 2813 “.
1920 2775 1940 2810 ι

374 2840 651 2911 Siquidem
680 2843 989 2913 quicunque
1046 2843 1241 2897 victuri
1301 2853 1448 2909 sunt,
1472 2844 1549 2899 illi
1583 2846 1691 2901 Deo
1725 2846 1944 2916 vivunt;

374 2932 574 2989 mortui
639 2934 869 3004 proinde
928 2934 1243 2992 hominibus
1306 2936 1507 2992 mortui
1555 2946 1725 2993 sunt:
1759 2953 1945 2994 verum

2044 1865 2136 1912 τος
2162 1847 2281 1901 καθ’
2318 1847 2412 1902 ἕνα
2433 1848 2540 1901 τῶν
2564 1847 2878 1919 προφητῶν,
2910 1847 3081 1917 ἤγουν
3127 1846 3238 1900 τῶν
3280 1846 3452 1914 ἁγίων
3485 1848 3629 1900 tim-

2049 1938 2254 1992 στόλων
2273 1953 2286 1967 ⁸
2317 1937 2431 1990 ἀλλ’
2460 1933 2529 2009 ἦν
2560 1938 2726 2001 αὐτὸς
2757 1936 2985 2007 δυνάμει
3018 1939 3084 2006 τῇ
3124 1936 3230 2006 ἰδίᾳ
3263 1936 3358 1989 καὶ
3387 1935 3627 2005 θεοπρε-

2047 2032 2141 2083 πεῑ
2166 2029 2467 2100 συντρίῦων
2494 2028 2583 2083 τὸν
2615 2030 2881 2082 Σατανᾶν.
2926 2028 3014 2081 Ἐν
3037 2028 3263 2098 ὀνόματι
3296 2022 3391 2080 οὖν
3416 2025 3620 2091 αὑτοῦ,

2046 2122 2142 2175 καὶ
2174 2123 2286 2185 τοῖς
2313 2122 2488 2189 ἁγίοις
2526 2119 2796 2190 μαθηταῖς
2834 2119 3197 2174 ὑπετάττοντο
3219 2118 3287 2173 τά
3323 2118 3627 2188 δαιμόνιασ

2046 2212 2141 2266 καὶ
2165 2211 2322 2266 τοῦτο
2345 2210 2756 2283 διωμολόηγησαν
2786 2210 2961 2267 αὐτοί.

2129 2388 2252 2442 Ἐπὶ
2304 2391 2391 2460 τῇς
2422 2386 2655 2459 θυγατρὶ
2699 2388 2794 2441 τοῦ
2851 2386 3299 2458 ἀρχισυναγώγου
3364 2386 3533 2457 φησιν
3595 2388 3631 2441 6

2046 2481 2314 2552 Χριστός·
2354 2499 2373 2532 ι
2406 2480 2498 2550 Μὴ
2529 2479 2780 2534 κλαίετε’
2820 2480 2882 2533 ού
2910 2478 3021 2550 γάρ
3065 2479 3304 2533 ἀπέθανε
3347 2478 3409 2531 τὸ
3452 2478 3629 2549 κορά-

2050 2586 2184 2633 σιον,
2209 2569 2347 2624 ἀλλά
2373 2570 2647 2625 καθεύδει.
2686 2588 2705 2620 ι
2740 2565 2867 2641 'Ap’
2891 2565 2985 2623 οὖν
3012 2570 3266 2639 ἐψεύδετο
3284 2576 3309 2604 ο
3332 2586 3349 2635 ;
3392 2569 3488 2639 Μὴ
3523 2570 3631 2637 γέ-

2047 2664 2223 2717 νοιτοί
2264 2662 2520 2734 ἀληθεύει
2547 2662 2636 2716 δέ’
2664 2662 2762 2716 καὶ
2786 2662 2925 2716 κατὰ
2957 2661 3078 2716 τίνα
3102 2661 3326 2733 τρόπον,
3352 2661 3382 2712 6
3410 2659 3630 2722 Παῦλος

2045 2754 2389 2828 διερμηνεύει
2430 2754 2638 2824 λέγων·
2681 2772 2700 2806 ι
2730 2752 2847 2807 Οὐκ
2887 2752 3003 2805 ἐστι
3041 2751 3175 2816 Θεὸς
3206 2750 3453 2821 νεκρῶν,
3484 2749 3633 2804 ἀλλά

2048 2846 2290 2912 ζώντων.
2322 2865 2341 2898 ι
2377 2845 2519 2899 Ζῶσι
2551 2844 2660 2916 γὰρ
2694 2843 2773 2915 τῷ
2816 2843 2936 2915 Θεῷ
2975 2844 3025 2896 oi
3070 2842 3256 2913 ζήσειν
3311 2840 3626 2911 μέλλοντες.

2049 2935 2260 2992 Οὐκοῦν
2284 2937 2334 2990 οί
2363 2935 2682 3006 τεθνηκότες
2706 2974 2723 2999 ,
2756 2932 2895 2989 κατά
2925 2934 3024 3004 μὲν
3053 2929 3373 3002 ἀνθρώπους
3396 2931 3509 2984 εἰσὶ
3538 2946 3630 2983 νε-

371 3034 579 3080 ηειιιται
603 3025 677 3081 illi
708 3025 954 3093 viviticae,
980 3026 1084 3081 hoc
1115 3034 1217 3090 est,
1252 3027 1466 3093 divinae,
1497 3027 1742 3084 minime.
1769 3026 1943 3084 Verax

2056 3028 2207 3101 κροί’
2255 3026 2399 3081 κατὰ
2446 3026 2502 3080 δὲ
2544 3025 2641 3097 τὴν
2689 3023 2950 3090 ζωοποιὸν
2998 3020 3181 3094 φύσιν,
3227 3021 3477 3075 τουτέστι
3522 3021 3629 3092 τὴν

372 3116 557 3188 itaque
587 3125 691 3183 est,
726 3118 851 3171 dum
881 3126 939 3172 ut
977 3118 1117 3172 Deus
1149 3118 1213 3172 de
1242 3118 1439 3188 puella,
1473 3137 1492 3170 ι
1530 3117 1646 3175 Νοιι
1677 3129 1763 3175 εει
1791 3136 1943 3178 mor-

373 3215 487 3273 tua,
519 3208 613 3263 sed
645 3208 865 3277 dormit,
903 3228 921 3261 ι
955 3209 1228 3265 enuntiat.

442 3374 587 3431 Idem
645 3391 767 3432 cum
833 3376 1093 3447 apostolis
1157 3391 1461 3432 sermonem
1507 3378 1814 3444 conferens,
1870 3381 1943 3435 ita

374 3468 556 3523 aiebat
583 3485 598 3523 :
623 3485 642 3519 ι
673 3464 805 3533 Quis
832 3468 1007 3538 major
1041 3478 1144 3532 est,
1179 3470 1269 3538 qui
1299 3471 1587 3534 recumbit,
1619 3486 1687 3525 an
1723 3473 1813 3540 qui
1843 3472 1943 3526 mi-

375 3557 598 3627 nistratj;
629 3572 810 3613 nonne
854 3559 946 3628 qui
1005 3558 1309 3613 recumbit?
1338 3557 1443 3628 91
1496 3559 1609 3630 Ego
1660 3571 1839 3616 autem
1892 3563 1946 3637 in_

375 3649 555 3704 medio
582 3649 748 3705 vestri
803 3664 923 3703 sum
969 3660 1223 3719 tanquam
1261 3655 1351 3720 qui
1386 3651 1744 3707 ministrat“.
1780 3670 1799 3703 ›
1835 3651 1945 3707 Ob-

374 3756 552 3804 serva,
574 3747 633 3795 ut
676 3741 819 3811 quod
860 3741 1053 3796 attinet
1108 3740 1176 3795 ad
1229 3742 1511 3808 deitatem,
1546 3740 1948 3810 Dominicaeque

375 3832 561 3903 gloriae
592 3835 952 3903 majestatem,
987 3833 1039 3887 in
1075 3833 1455 3889 ministrorum
1484 3832 1677 3887 ordine
1708 3833 1946 3897 censeri,

379 3932 588 3980 tantum
651 3939 758 3980 non
812 3914 1113 3991 aversetur,
1168 3933 1505 3994 recusetque.
1559 3923 1946 3979 Verumtamen

377 4026 597 4086 propter
646 4015 936 4071 humanam
977 4026 1226 4071 naturam
1280 4017 1642 4071 ministerium
1688 4016 1943 4069 admittit.

374 4106 466 4161 Ait
491 4107 636 4161 enim
664 4125 679 4162 :
714 4124 733 4157 ι
764 4106 874 4179 Ego
907 4108 959 4162 in
990 4108 1168 4163 medio
1203 4108 1367 4163 vestri
1417 4123 1537 4163 sum
1570 4115 1826 4178 tanquam
1857 4108 1947 4176 qui

377 4195 670 4254 ministrat.
712 4215 732 4249 ι
781 4197 895 4252 Etsi
936 4213 1064 4267 ergo
1106 4199 1248 4253 inter
1288 4199 1587 4253 ministeria
1639 4199 1783 4253 ultro
1827 4212 1950 4253 sese

375 4285 664 4353 dimiserit,
683 4294 920 4343 attamen
943 4298 1002 4343 ut
1032 4288 1314 4353 Dominus,
1337 4290 1709 4359 universaque
1731 4298 1948 4345 creatu-

380 4391 454 4433 ra:
520 4377 778 4433 famulatu
837 4381 1157 4447 honoratus,
1214 4391 1272 4435 ut
1328 4382 1497 4450 Deus,
1554 4382 1670 4452 ipse
1726 4391 1811 4439 est
1854 4383 1943 4453 qui
1976 4399 2022 4455 ι)

377 4466 668 4524 recumbit.

452 4578 473 4612 ι
504 4555 664 4614 Iesus
708 4559 873 4629 igitur
898 4561 975 4615 ait
1008 4560 1112 4616 illis
1142 4560 1368 4632 (nempe
1408 4561 1754 4617 sacerdotum
1792 4564 1945 4633 priu-

377 4649 586 4720 cipibus
615 4650 685 4706 ab
714 4650 805 4706 illo
840 4651 1160 4707 Christusne
1189 4660 1335 4707 esset
1388 4653 1864 4725 sciscitantibus):
1888 4654 1947 4710 Si

376 4742 529 4796 vobis
556 4742 767 4809 dixero,
796 4759 905 4799 non
928 4744 1161 4800 credetis
1207 4745 1362 4799 mihi.
1406 4743 1465 4799 Si
1494 4757 1672 4800 autem
1708 4745 1943 4801 interro-

377 4847 597 4903 gavere,
634 4849 737 4888 non
765 4835 1162 4904 respondebitis
1217 4835 1371 4902 milti,
1400 4851 1575 4907 neque
1639 4836 1942 4892 dimittetis.

378 4925 455 4980 Ex
498 4927 600 4981 hoc
629 4934 806 4980 autem
840 4927 945 4982 erit
968 4926 1138 4981 Filius
1177 4929 1410 4984 hominis
1446 4930 1645 4984 sedens
1676 4944 1706 4982 a
1735 4929 1947 4984 dextris

378 5016 592 5072 virtutis
623 5017 716 5071 Dei
737 5017 802 5072 “.
847 5036 865 5070 ι
900 5016 957 5071 Si
1006 5016 1175 5072 Filius
1223 5018 1460 5073 hominis
1513 5019 1949 5075 sedetadextris

379 5105 495 5170 Dei,
535 5105 808 5176 quomodo
864 5104 1117 5161 Christus
1159 5122 1370 5161 summo
1407 5107 1497 5163 illo
1533 5107 1727 5163 throno
1782 5110 1945 5164 deco-

379 5202 551 5262 ratus,
580 5204 880 5267 eademque
922 5213 1044 5253 cum
1079 5197 1242 5254 Patre
1272 5197 1417 5254 sedis
1447 5198 1772 5254 auctoritate
1807 5214 1947 5269 pra:-

2052 3120 2224 3185 θείαν,
2258 3120 2359 3173 οὐκ
2385 3118 2838 3188 ἀποτεθνήκασιν.
2867 3114 3144 3184 ’Δληθεύει
3176 3113 3285 3185 γὰρ
3313 3114 3392 3176 ὡς
3419 3112 3549 3177 Θεὸς
3570 3116 3629 3177 ι’,

2054 3212 2183 3283 περὶ
2234 3210 2329 3264 τοῦ
2380 3209 2638 3282 κορασίου
2682 3209 2889 3277 λέγων*
2934 3228 2953 3260 ι
2989 3206 3102 3261 Οὐκ
3145 3206 3451 3273 ἀπέθανεν,
3487 3204 3631 3257 ἀλλά

2054 3303 2323 3357 καθεύδει.
2358 3321 2377 3353 ι

2125 3395 2250 3457 Τοῖς
2272 3392 2465 3448 ἑαυτοῦ
2496 3391 2765 3464 μαθηταῖς
2798 3390 3207 3459 διαλεγόμενος,
3226 3388 3434 3459 ἔφασκε
3457 3402 3473 3418 ·
3497 3387 3633 3449 (Τίς

2058 3484 2259 3557 μείζων
2289 3484 2457 3549 ἐστὶν,
2487 3484 2517 3536 6
2544 3482 2931 3552 ἀνακείμενος,
2967 3480 3001 3550 ἢ
3030 3481 3059 3532 6
3096 3479 3392 3543 διακονῶν;
3431 3478 3569 3547 οὐχὶ
3600 3481 3635 3532 6

2053 3574 2442 3646 ἀνακείμενος;
2482 3570 2625 3640 Ἐγὼ
2651 3571 2708 3624 δὲ
2734 3572 2793 3624 ὲν
2824 3569 2974 3641 μέσῳ
3004 3568 3159 3638 ὑμῶν
3189 3570 3307 3639 εἰμι
3347 3567 3424 3630 ὡς
3459 3568 3489 3619 6
3512 3565 3633 3619 δια-

2056 3663 2283 3718 κονῶν.»
2302 3662 2485 3734 Ὁρᾷς,
2510 3661 2679 3725 ὅπως,
2708 3659 2830 3712 ὅσον
2855 3658 2952 3729 μὲν
2972 3652 3106 3729 ἧκεν
3131 3657 3212 3720 εἷς
3239 3673 3302 3725 γε
3331 3655 3393 3708 τὸ
3414 3657 3484 3727 τῇ
3508 3654 3634 3708 θεόο

2055 3771 2181 3825 τητι
2215 3753 2424 3825 πρέπον
2466 3752 2563 3807 καὶ
2605 3755 2672 3824 τῇ
2702 3748 2825 3821 δόξῃ
2859 3753 2926 3821 τῇ
2971 3751 3304 3820 Δεσποτικῇ,
3342 3748 3637 3819 μονονουχὶ

2056 3845 2153 3899 καί
2179 3843 2492 3898 ἀποσείεται
2517 3842 2578 3895 τὸ
2612 3844 2669 3895 ὲν
2694 3840 2941 3895 διακόνου
2969 3839 3206 3893 νοεῖσθαι
3237 3838 3426 3905 τάξεις
3469 3839 3629 3911 Τιμᾷ

2055 3938 2115 3991 δὲ
2140 3936 2299 3992 τοῦτο
2333 3936 2420 3990 διὰ
2449 3934 2511 3988 τὸ
2533 3931 2888 4006 ἀνθρώπινον·
2913 3952 2933 3985 ι
2966 3930 3110 4001 Ἐγὼ
3138 3932 3268 4003 γάρ,
3288 3930 3479 4002 φησὶν,
3510 3931 3637 4001 εἰμὶ

2057 4031 2115 4082 ὲν
2144 4027 2296 4098 μέσῳ
2330 4024 2483 4096 ὑμῶν
2520 4024 2596 4088 ὡς
2619 4023 2901 4078 διακονῶν.
2940 4042 2962 4076 ›
2995 4020 3207 4077 Οὐκοῦν
3238 4022 3340 4076 κάν
3369 4024 3421 4075 εἰ
3460 4039 3637 4075 κατα-

2057 4118 2290 4190 ϐέϐηκεν
2315 4118 2372 4171 ὲν
2401 4115 2687 4179 διακόνοις,
2718 4114 2833 4169 ἀλλ’
2854 4109 2948 4168 οὗν
2975 4114 3039 4183 γέ
3073 4117 3219 4168 ἐστιν
3253 4114 3416 4177 αὐτὸς
3438 4115 3468 4166 6
3490 4115 3628 4166 ἁνα-

2056 4212 2310 4281 κείμενος
2353 4208 2430 4273 ὡς
2469 4208 2767 4279 Δεσπότης,
2827 4207 2924 4261 καὶ
2968 4205 3121 4279 παρά
3168 4205 3350 4275 πάσης
3395 4203 3631 4266 κτίσεως

2056 4300 2471 4372 διακονούμενος
2500 4298 2577 4363 ὡς
2603 4297 2759 4362 Θεός.

2134 4582 2153 4615 ι
2186 4556 2352 4616 Εἶπεν
2376 4555 2469 4615 οὖν
2502 4560 2683 4623 αὐτοῖς
2709 4560 2738 4613 6
2760 4559 2993 4632 Χριστὸς
3015 4575 3035 4610 ι
3072 4555 3333 4629 (δηλονότι
3368 4557 3483 4619 τοῖς
3530 4556 3635 4625 ap.

2053 4653 2294 4725 χιερεῦσι
2322 4651 2431 4704 τῶν
2472 4650 2739 4706 Ἰουδαίων
2769 4650 3044 4722 ἐρωτῶσιν
3062 4666 3076 4679 ο
3124 4668 3142 4700 ι
3167 4647 3229 4701 Εἰ
3260 4646 3323 4699 σὺ
3350 4641 3402 4699 εἴ
3430 4647 3460 4698 6
3489 4648 3632 4716 Χρι-

2059 4748 2218 4812 στός;
2246 4745 2293 4816 ι)
2323 4763 2342 4796 ι
2381 4744 2505 4799 Ἐἀν
2534 4744 2661 4813 ύμῖν
2688 4742 2850 4810 εἴπω,
2870 4743 2930 4796 ού
2955 4742 3035 4813 μὴ
3052 4739 3377 4809 πιστεύσητε
3398 4756 3414 4769 ·
3447 4740 3545 4792 ἐὰν
3574 4739 3631 4791 δὲ

2052 4828 2335 4909 ἐρωτήσω,
2370 4836 2431 4890 ού
2464 4834 2539 4906 μὴ
2568 4835 2925 4906 ἀποκριθῆτε.
2970 4834 3104 4887 Ἀπὸ
3143 4832 3237 4886 τοῦ
3272 4832 3369 4884 νῦν
3390 4832 3447 4884 δὲ
3472 4830 3631 4884 ἔσται

2052 4930 2082 4982 ό
2112 4930 2240 4997 Υἱὸς
2262 4927 2357 4981 τοῦ
2387 4927 2674 4999 ἀνθρώπου
2705 4926 3013 4998 καθήμενος
3039 4929 3104 4979 ὲκ
3130 4924 3318 4989 δεξιῶν
3341 4925 3440 4994 τῆς
3468 4924 3632 4978 δυνά-

2057 5038 2202 5092 μεως
2247 5020 2339 5073 τοῦ
2386 5019 2544 5073 Θεοῦ.
2580 5038 2600 5072 ι
2637 5020 2703 5073 Εί
2740 5018 2975 5090 κάθηται
3022 5019 3087 5071 ὲκ
3118 5016 3303 5083 δεξιῶν
3330 5016 3431 5085 τῆς
3462 5015 3630 5071 δυνά-

2057 5130 2202 5183 μεως
2234 5111 2328 5165 τοῦ
2357 5110 2489 5165 Θεοῦ
2522 5112 2550 5165 ό
2574 5110 2668 5164 τοῦ
2699 5109 2987 5182 ἀνθρώπου
3014 5110 3164 5172 Υίὸς,
3196 5107 3313 5171 πῶς
3338 5108 3398 5159 οὐ
3424 5106 3566 5168 Θεὸς
3605 5108 3632 5157 6

2054 5201 2311 5272 Χριστὸς,
2346 5202 2457 5263 τοῖς
2492 5199 2750 5255 ἀνωτάτω
2784 5198 2979 5262 θώκοις
3005 5197 3337 5269 ἐμπρέπων,
3367 5193 3465 5250 καὶ
3491 5195 3630 5265 ὀμό-

447 5353 492 5387 “
526 5352 659 5410 Luc.
691 5369 809 5420 vttt,
844 5355 934 5420 58,
960 5354 1049 5409 39.
1119 5357 1169 5387 “
1198 5356 1327 5412 ibid.
1363 5355 1451 5410 52.
1528 5357 1573 5389 “
1599 5355 1753 5411 Rom.
1791 5373 1898 5422 xiv,
1931 5357 1984 5413 9.
2062 5357 2109 5391 κ
2142 5357 2273 5414 Luc.
2302 5373 2437 5423 xxu,
2461 5356 2550 5413 ‘27.
2629 5360 2672 5393 "
2706 5357 2833 5414 ibid.
2870 5356 2959 5423 67,
2995 5355 3081 5413 69.

1432 5513 1606 5571 Variae
1636 5516 1895 5573 lectiones
1920 5516 2118 5572 codicis
2150 5514 2504 5585 Seguicriani.

460 5660 486 5686 ο
521 5650 803 5722 ἐψεύσατο.
900 5661 923 5698 ιτ
956 5649 1239 5718 τοιγαροῦν
1267 5650 1340 5713 ὡς
1367 5651 1497 5716 Θεός
