3910 6200
293 237 425 292 1281

1376 230 1475 286 DE
1513 228 1741 285 RECTA
1784 229 1941 285 FIDE
1982 228 2073 283 AD
2113 228 2434 285 REGINAS.

3402 208 3539 285 isse

289 349 478 419 θρονος
500 343 579 416 τῷ
607 343 816 416 Πατρί;
852 344 926 396 Ού
950 343 1057 414 γὰρ
1086 341 1392 413 συνεδρεύει
1426 342 1502 412 τῷ
1532 341 1674 396 κατὰ
1697 342 1859 412 φύσιν

1980 343 2132 407 litus,
2164 359 2269 399 non
2294 353 2379 399 est
2405 341 2587 398 Deus?
2616 340 2799 412 Neque
2826 341 2969 395 enim
3003 355 3125 395 eum
3155 353 3285 397 vero
3317 350 3540 399 natura-

289 437 411 508 Θεῷ
443 434 647 506 γενητὴ
694 433 858 504 φύσις
887 434 1041 496 ὃλως.
1079 432 1396 503 Συνεδρεύει
1443 432 1498 485 δὲ
1540 434 1569 485 6
1610 432 1738 495 Υἱὸς
1770 431 1862 485 τοῦ

288 528 600 600 ἀνθρώπου,
652 527 779 579 καθ’
807 526 999 579 ἕνωσιν
1029 524 1381 595 οἰκονομικὴν
1415 523 1619 596 σαρκὸς
1644 523 1864 593 γεγονό-

286 636 380 685 τος
402 618 497 672 τοῦ
530 620 594 672 ἐκ
618 617 754 671 Θεοῦ
791 617 988 687 φύντος
1015 615 1209 684 Λόγου.

527 816 650 869 Ὅτι
688 813 800 883 ζωὴ
834 812 933 867 καὶ
967 812 1244 879 ζωοποιὸς
1279 815 1311 866 ὀ
1340 815 1614 881 Χριστός.

517 931 611 983 Ἐκ
665 927 776 996 τῆς
813 927 962 995 πρὸς
1000 926 1350 995 Κορινθίους
1400 926 1653 995 πρώτης.

368 1055 388 1089 ι
427 1038 516 1100 Ὠς
557 1036 842 1106 φρονίμοις
882 1034 1054 1105 λέγωο
1086 1036 1309 1104 κρίνατε
1343 1036 1499 1107 ὑμεῖς
1525 1038 1553 1091 ὃ
1581 1056 1756 1109 φημι⁴
1792 1039 1866 1092 Τὸ

294 1129 553 1199 ποτήριον
585 1127 685 1195 τῆς
711 1124 984 1193 εὐλογίας,
1014 1124 1042 1177 ὂ
1076 1124 1428 1196 εὐλογοῦμεν,
1457 1126 1579 1195 οὐχὶ
1608 1127 1867 1182 κοινωνία

292 1219 410 1271 ἐστὶ
436 1216 530 1271 τοῦ
559 1216 791 1285 αἵματος
815 1214 908 1268 τοῦ
935 1214 1173 1286 Χριστοῦ
1194 1232 1211 1283 ;
1238 1215 1343 1268 Τὸν
1360 1215 1522 1285 ἄρτον
1542 1216 1599 1271 ὃν
1625 1217 1864 1289 κλῶμεν,

291 1311 413 1380 ούχὶ
445 1307 699 1363 κοινωνία
746 1307 861 1360 ἐστὶ
891 1305 982 1359 τοῦ
1019 1304 1271 1376 σώματος
1306 1306 1399 1360 τοῦ
1431 1307 1702 1379 Χριστοῦ;
1743 1311 1866 1363 Ὀτι

294 1401 374 1470 εἷς
398 1406 584 1476 ἄρτος,
613 1402 670 1457 ἓν
697 1402 859 1472 σῶμά
886 1404 1053 1473 ἐσμεν
1096 1403 1147 1455 οί
1179 1403 1365 1458 πολλοί
1385 1420 1400 1434 ⁸
1429 1406 1477 1457 oi
1511 1407 1622 1476 γὰρ
1667 1405 1866 1471 πάντες

294 1500 358 1552 ἐκ
389 1496 482 1550 τοῦ
516 1496 633 1559 ἐνὸς
672 1494 835 1566 ἄρτου
874 1496 1193 1565 μετέχομεν.
1225 1513 1244 1547 ι
1286 1496 1350 1548 Ἠ
1379 1494 1667 1566 ἀνθρώπου
1708 1496 1863 1568 σὰρξ,

294 1589 419 1642 ὅσον
476 1583 610 1658 ἧκεν
649 1588 730 1648 εἰς
780 1585 917 1640 ἰδίαν
962 1584 1145 1654 φύσιν.
1195 1585 1296 1639 οὐκ
1341 1584 1536 1654 ἃνέίη
1576 1583 1863 1651 ζωοποιός’

296 1678 414 1732 ἀλλ’
454 1677 575 1731 οὐδὲ
603 1676 663 1730 τὸ
693 1671 834 1747 αἷμα
862 1676 921 1729 τὸ
955 1674 1319 1746 ἀνθρώπινον,
1348 1676 1398 1728 εἰ
1425 1675 1605 1729 κοινὸν
1648 1677 1734 1748 εἴη
1773 1678 1868 1731 καὶ

295 1768 417 1823 καθ’
462 1768 652 1822 ἑαυτό·
689 1766 944 1832 ζωοποιεί
970 1768 1027 1821 δὲ
1053 1769 1116 1821 τὸ
1158 1768 1317 1838 σῶμα
1344 1767 1438 1822 τοῦ
1476 1768 1737 1839 Χριστοῦ,
1772 1771 1867 1824 καί

295 1861 357 1913 τὸ
390 1860 568 1929 τίμιον
595 1853 734 1928 αἷμα
753 1900 769 1925 ,
793 1859 1098 1930 πρέποντος
1132 1858 1280 1929 μόνῳ
1309 1858 1430 1929 Θεῷ
1461 1859 1554 1912 τοῦ
1582 1857 1867 1923 ζωοποιεῖν

295 1951 551 2005 δύνασθαι
584 1950 645 2003 τὸ
677 1950 821 2019 ζωῆς
850 1949 1079 2012 ἐπιδεές.
1127 1948 1259 2013 Θεὸς
1303 1945 1397 2003 οὖν
1446 1948 1553 2020 ἄρα
1596 1952 1866 2022 Χριστός⁶

295 2043 440 2099 οὕτω
465 2043 575 2112 γὰρ
604 2042 756 2095 ἔσται
786 2040 1050 2105 ζωοποιὸν
1074 2040 1136 2094 τὸ
1168 2041 1329 2111 σῶμα
1369 2042 1554 2099 αὑτοῦ.
1591 2044 1655 2097 Εί
1686 2043 1744 2098 δὲ
1775 2043 1870 2099 ἄν-

297 2132 515 2202 θρωπος
562 2130 665 2186 ἀνὰ
719 2130 886 2202 μέρος
937 2132 1136 2184 νοεῖται
1201 2130 1338 2202 μόνῃ
1381 2134 1447 2202 τῇ
1492 2131 1589 2186 τοῦ
1630 2133 1868 2204 Χριστοῦ

296 2223 489 2294 κλήσει
536 2220 938 2293 τετιμημένος,
998 2221 1097 2275 καὶ
1145 2222 1352 2293 γυμνὸν
1399 2222 1532 2277 Υίοῦ
1577 2225 1866 2295 πρόσωπον

297 2311 456 2384 ἔχων,
484 2311 599 2375 πῶς
630 2309 696 2364 ἄν
725 2309 811 2381 είη
844 2307 1109 2374 ζωοποιὸν
1138 2308 1199 2361 τὸ
1228 2308 1389 2379 σῶμα
1417 2310 1616 2376 αύτοῦ;

1967 432 2113 504 lique
2154 435 2264 490 Deo
2326 434 2649 505 productitia
2692 442 2882 486 natura
2932 432 3214 487 considere
3251 433 3541 503 aliquando

1966 533 2163 593 potest.
2203 523 2464 577 Considet
2489 531 2667 576 autem
2700 537 2823 576 eum
2860 537 2924 577 eo
2946 522 3118 578 Filius
3143 523 3398 589 hominis,
3445 524 3538 579 [ὶιοί

1967 615 2221 668 nimirum
2258 614 2436 669 Verbo
2478 613 2775 670 secundum
2826 615 3041 670 unionis
3075 616 3540 685 dispensationem

1966 703 2265 760 iucarnato.

2246 817 2397 884 Quod
2420 817 2665 874 Christus
2699 826 2775 871 est
2797 818 2903 870 vita
2936 825 2984 869 et
3007 816 3263 885 uiuiﬁcus.

2397 930 2484 987 Ex
2505 932 2673 1002 priori
2696 930 2765 984 ad
2792 928 3114 984 Corinthios.

2043 1060 2063 1095 ι
2097 1041 2167 1099 Ut
2196 1042 2551 1111 prudentibus
2579 1041 2812 1111 loquor:
2845 1055 2941 1095 vos
2982 1040 3085 1110 ipsi
3115 1039 3354 1108 iudicate
3392 1041 3539 1110 quod
3576 1024 3587 1033 ’

1966 1133 2109 1189 dico.
2137 1133 2291 1188 Calix
2338 1132 2757 1195 benedictionis,
2783 1132 2870 1186 cui
2927 1131 3325 1196 benedicimus,
3361 1146 3545 1188 nonne

1967 1224 2386 1282 communicatio
2403 1223 2688 1294 sanguinis
2720 1221 2921 1278 Christi
2961 1223 3086 1287 est?
3114 1231 3169 1276 et
3202 1224 3357 1292 panis
3380 1238 3542 1294 quem

1968 1313 2290 1385 frangimus,
2320 1328 2499 1369 nonne
2523 1314 2873 1384 participatio
2904 1313 3148 1381 corporis
3182 1313 3392 1369 Domini
3424 1314 3547 1370 est?

1967 1407 2229 1474 Quoniam
2263 1422 2406 1461 unus
2428 1407 2604 1477 panis,
2633 1414 2687 1459 et
2709 1421 2871 1459 unum
2903 1419 3098 1474 corpus
3129 1404 3279 1459 multi
3306 1420 3495 1460 sumus
3524 1422 3540 1459 :

1970 1513 2093 1552 nam
2132 1513 2319 1553 omnes
2351 1498 2416 1553 de
2464 1514 2576 1552 uno
2628 1512 2767 1567 pane
2809 1497 3196 1565 participamus
3224 1497 3293 1552 “.
3322 1516 3341 1550 ι
3399 1498 3544 1554 Caro

1969 1588 2226 1654 hominis,
2259 1590 2401 1658 quod
2439 1589 2655 1657 quidem
2677 1590 2743 1641 ad
2784 1590 3060 1656 propriam
3109 1597 3361 1642 naturam
3398 1588 3544 1645 illius

1898 1714 1942 1769 Β
1970 1689 2201 1747 spectat,
2239 1691 2580 1746 nequaquam
2627 1674 2885 1731 vivificat.
2920 1674 3025 1731 Sed
3082 1691 3256 1745 neque
3307 1676 3545 1748 vulgaris

1972 1782 2190 1838 quoque
2247 1768 2483 1823 hominis
2530 1768 2749 1836 sanguis
2802 1765 2967 1825 ullam
3018 1769 3239 1823 omnino
3286 1783 3381 1838 per
3403 1783 3462 1823 se
3490 1776 3546 1824 et

1972 1861 2266 1915 secundum
2309 1875 2370 1914 se
2398 1858 2702 1913 vivificandi
2738 1859 2844 1912 vim
2885 1859 3068 1914 habet.
3098 1858 3261 1928 Atqui
3295 1875 3416 1913 cum
3442 1859 3543 1914 soli

1971 1950 2083 2005 Deo
2114 1949 2403 2006 conveniat
2432 1950 2607 2004 vitam
2648 1949 2723 2003 illi
2760 1950 3047 2017 impertiri,
3095 1950 3235 2017 quod
3274 1952 3397 2004 vitae
3428 1950 3541 2019 spi-

1971 2040 2077 2094 ritu
2100 2039 2448 2103 destituitur;
2478 2054 2677 2108 corpus
2710 2047 2891 2093 autem
2918 2038 3142 2103 Christi,
3172 2048 3226 2093 et
3271 2040 3544 2108 pretiosus

1968 2128 2113 2184 illius
2166 2128 2387 2199 sanguis
2428 2128 2703 2183 vivificent
2741 2145 2754 2180 :
2791 2130 2877 2183 cui
2911 2128 3133 2183 dubium
3167 2142 3286 2184 esse
3342 2138 3543 2198 potest,

1969 2222 2101 2292 quin
2131 2220 2274 2277 Deus
2304 2220 2675 2277 sitChristus?
2702 2221 2839 2276 Hinc
2876 2236 3111 2292 namque
3140 2235 3339 2292 corpus
3382 2222 3547 2278 habet

1970 2322 2029 2365 ut
2057 2311 2130 2366 sit
2157 2310 2452 2366 viviﬁcum.
2476 2311 2627 2377 Quod
2663 2313 2709 2366 si
2735 2321 2792 2365 ut
2809 2311 2970 2367 homo
2992 2327 3089 2382 per
3112 2326 3172 2366 se
3204 2326 3269 2366 ac
3294 2325 3540 2367 seorsum

262 2402 263 2405 ‘
300 2411 477 2473 mente
530 2400 892 2469 concipiatur,
928 2398 1022 2468 qui
1079 2397 1197 2452 sola
1255 2398 1464 2454 Christi
1508 2398 1867 2469 appellatione
1901 2399 2189 2457 decoratus
2212 2401 2303 2468 sit,
2344 2402 2649 2471 orbamque
2672 2400 2816 2457 Filio
2848 2416 3134 2471 personam
3167 2401 3383 2468 habeat,
3410 2416 3545 2470 quo-

299 2492 458 2548 modo
483 2504 680 2559 corpus
710 2489 854 2544 illius
880 2495 1064 2559 posset
1089 2502 1211 2545 esse
1242 2489 1555 2544 vivificum?

367 2608 394 2640 ι
437 2586 682 2656 Ἐγένετο
710 2585 740 2638 6
773 2583 991 2658 πρῶτος
1025 2584 1310 2655 ἄνθρωπος
1352 2583 1524 2654 Ἀδὰμ
1562 2584 1645 2648 είς
1688 2584 1869 2656 ψυχὴν

300 2679 508 2744 ζῶσαν
538 2680 566 2732 6
592 2677 819 2749 ἔσχατος
854 2676 1028 2747 Ἀδὰμ
1050 2685 1080 2725 ς
1120 2676 1201 2739 είς
1240 2675 1466 2747 Πνεῦμα
1494 2675 1815 2740 ζωοποιοῦν.
1845 2694 1866 2728 ι

300 2772 409 2827 Kal
437 2770 599 2826 πάλιν
619 2786 634 2800 ⁶
685 2788 704 2821 ι
746 2768 803 2822 '0
831 2767 1049 2839 πρῶτος
1086 2766 1373 2837 ἄνθρωπος
1404 2769 1468 2821 ἐκ
1493 2768 1617 2839 γῆς,
1649 2767 1832 2837 χοϊκός
1853 2784 1867 2798 ·

297 2865 327 2916 6
352 2860 602 2933 δεύτερος
631 2859 915 2931 ἄνθρωπος
939 2898 956 2925 ,
1001 2859 1030 2912 6
1072 2857 1275 2930 Κύριος
1317 2857 1385 2957 ἐς
1403 2858 1654 2930 ούρανοῦ.
1690 2854 1815 2923 Οἷος
1840 2859 1870 2912 6
1894 2897 1939 2957 α

299 2951 505 3022 χοῖκὸς,
531 2949 761 3005 τοιοῦτοι
790 2949 885 3004 καὶ
908 2950 957 3003 oi
982 2949 1185 3019 χοϊκοί·
1209 2949 1302 3003 καὶ
1328 2945 1440 3013 οἷος
1466 2953 1495 3003 6
1521 2949 1868 3022 ἐπουράνιος,

299 3040 533 3096 τοιοῦτοι
568 3041 659 3095 καὶ
702 3041 751 3093 οἱ
779 3040 1114 3109 ἐπουράνιοι.
1150 3041 1264 3094 Καὶ
1305 3040 1489 3104 καθὼς
1534 3040 1871 3113 ἐφορέσαμεν

300 3132 400 3205 τὴν
444 3131 626 3186 εἰκόνα
664 3131 756 3184 τοῦ
794 3130 1008 3201 χοϊκοῦ,
1056 3131 1380 3203 φορέσωμεν
1422 3131 1516 3184 καὶ
1548 3131 1648 3201 τὴν
1680 3131 1863 3185 εἰκόνα

301 3224 395 3279 τοῦ
440 3224 781 3294 ἐπουρανίου.
817 3222 987 3277 Τοῦτο
1019 3223 1077 3278 δέ
1109 3241 1252 3295 φημι
1272 3263 1288 3289 ,
1322 3222 1576 3292 ἀδελφοὶ,
1617 3223 1700 3277 ὅτι
1736 3222 1874 3295 σὰρξ

304 3313 399 3368 καὶ
425 3308 565 3385 αἷμα
601 3312 878 3383 βασιλείαν
906 3310 1043 3385 Θεοῦ
1071 3312 1479 3384 κληρονομῆσαι
1503 3311 1562 3364 ού
1594 3310 1873 3375 δύνανται,

302 3405 425 3460 οὐδὲ
472 3406 507 3477 ἡ
557 3405 734 3476 φθορὰ
778 3404 1224 3476 τὴνάφθαρσίαν
1256 3403 1597 3475 κληρονομεῖ.
1634 3422 1652 3456 ι
1699 3404 1876 3475 Προσ-

305 3497 501 3565 επάγει
550 3496 607 3549 δὲ
652 3495 897 3561 τούτοις,
927 3496 1009 3549 ὅτι
1063 3513 1082 3546 ί
1114 3494 1406 3561 Σαλπίσει,
1457 3494 1552 3548 καὶ
1599 3495 1648 3547 οἱ
1694 3494 1877 3566 νεκροὶ

305 3588 693 3659 ἐγερθήσονται
738 3585 1043 3657 ἄφθαρτοι,
1087 3586 1185 3641 καὶ
1222 3587 1386 3655 ἡμεῖς
1432 3584 1873 3656 ἀλλαγησόμεθα.

304 3680 396 3732 Δεϊ
434 3677 543 3748 γὰρ
591 3676 653 3729 τὸ
697 3676 934 3746 φθαρτὸν
966 3675 1126 3731 τοῦτο
1169 3674 1491 3729 ἐνδύσασθαι
1524 3674 1623 3743 τὴν
1665 3676 1879 3747 ἀφθαρ-

309 3769 450 3834 σίαν,
465 3768 559 3822 καὶ
581 3767 643 3821 τὸ
664 3766 854 3838 θνητὸν
870 3767 1026 3821 τοῦτο
1049 3766 1377 3822 ἐνδύσασθαι
1401 3764 1500 3836 τὴν
1523 3765 1839 3821 ἀθανασίαν.
1854 3785 1872 3819 ι

305 3863 402 3926 Εἰς
446 3860 623 3933 ψυχὴν
671 3860 850 3926 ζῶσαν
907 3862 938 3914 6
992 3861 1209 3930 πρῶτος
1269 3857 1554 3929 ἄνθρωπος
1618 3857 1876 3925 γέγονεν·

312 3956 485 4009 ἐδεῖτο
507 3954 638 4026 γὰρ,
660 3955 735 4018 ὼς
762 3955 993 4025 ποίημα,
1023 3951 1118 4005 τοῦ
1149 3948 1536 4016 ζωοποιοῦντος
1559 3948 1716 4003 Θεοῦ.
1742 3948 1802 4002 '0
1823 3947 1881 4003 δέ

308 4063 374 4114 γε
399 4046 627 4116 ἔσχατος
664 4046 858 4116 ’Λδὰμ,
889 4043 1137 4098 τουτέστι
1172 4041 1426 4112 Χριστὸς,
1478 4041 1563 4093 ὅτι
1607 4040 1681 4110 μὴ
1712 4038 1882 4092 ἐδεῖτο

310 4138 456 4208 ζωῆς
482 4138 557 4201 ὠς
585 4138 738 4203 Θεὸς,
770 4136 996 4206 Πνεῦμα
1020 4135 1242 4204 γέγονεν
1266 4134 1347 4195 είς
1373 4132 1520 4204 ἡμᾶς
1549 4129 1845 4195 ζωοποιοῦν
1863 4146 1878 4162 ⁸

2039 2585 2150 2657 92
2187 2604 2205 2640 ι
2246 2585 2443 2642 Factus
2475 2593 2559 2642 est
2582 2586 2790 2657 primus
2836 2586 2998 2641 homo
3030 2585 3199 2641 Adam
3229 2587 3282 2641 in
3307 2588 3545 2645 animam

1972 2676 2263 2743 viventem,
2288 2676 2625 2743 novissimus
2652 2675 2826 2733 Adam
2860 2678 2913 2732 in
2951 2675 3213 2745 Spiritum
3262 2679 3548 2735 viviﬁcan-

1972 2779 2079 2826 tem
2094 2768 2175 2824 -".
2206 2788 2226 2822 ι
2264 2768 2503 2825 Rursum
2538 2788 2551 2824 :
2586 2789 2605 2821 ι
2638 2768 2855 2825 Primus
2878 2770 3040 2825 homo
3080 2773 3148 2826 de
3187 2781 3332 2827 terra
3377 2781 3549 2827 terre-

1973 2877 2097 2929 nus,
2113 2861 2385 2917 secundus
2417 2860 2576 2915 homo
2607 2858 2866 2917 Dominus
2899 2861 2966 2915 de
2989 2862 3148 2917 creto.
3169 2862 3352 2929 Qualis
3381 2870 3548 2917 terre-

1972 2971 2099 3021 nus,
2136 2955 2270 3010 tales
2314 2962 2370 3009 et
2433 2953 2674 3010 terreni:
2716 2964 2771 3009 et
2797 2954 2971 3023 qualis
3018 2955 3285 3019 ctelestis,
3325 2956 3459 3011 tales
3491 2966 3547 3011 et

1974 3048 2245 3103 caelestes.
2266 3045 2435 3115 Igitur
2468 3045 2614 3100 sicut
2645 3045 2979 3115 portavimus
3003 3044 3289 3116 imaginem
3321 3045 3544 3112 terreni,

1972 3145 2252 3207 portemus
2304 3146 2359 3191 et
2411 3137 2702 3207 imaginem
2763 3136 3023 3193 caelestis.
3055 3136 3169 3192 Hoc
3195 3145 3371 3193 autem
3401 3138 3543 3205 dico,

1975 3229 2196 3293 fratres,
2218 3229 2344 3300 quia
2369 3243 2498 3284 caro
2536 3236 2593 3284 et
2620 3228 2841 3295 sanguis
2869 3243 3094 3298 regnum
3129 3228 3221 3283 Dei
3240 3228 3546 3298 possidere

1976 3334 2084 3375 non
2120 3330 2368 3389 possunt,
2396 3334 2573 3389 neque
2603 3320 2884 3389 corruptio
2914 3319 3335 3389 incorruptelam
3367 3319 3546 3389 possi-

1977 3409 2124 3465 debit
2153 3409 2219 3462 ⁸⁸.
2245 3427 2263 3461 ι
2295 3407 2587 3478 Suhjuugit
2638 3407 2848 3477 reliqua
2878 3424 2892 3462 :
2922 3425 2942 3459 ι
2983 3406 3152 3461 Canet
3206 3406 3349 3461 enim
3389 3406 3546 3472 tuba,

1979 3509 2035 3555 et
2061 3500 2262 3554 mortui
2298 3508 2583 3568 resurgent
2639 3498 2959 3568 incorrupti,
2996 3506 3052 3554 et
3102 3513 3199 3553 nos
3232 3499 3549 3554 immutabi«

1980 3605 2119 3645 mur.
2140 3589 2364 3660 Oportet
2391 3588 2536 3644 enim
2588 3590 2938 3659 corruptibile
2968 3589 3070 3645 hoc
3114 3589 3338 3645 induere
3366 3591 3550 3645 inror-

1980 3682 2307 3751 ruptionem,
2356 3692 2413 3737 et
2477 3681 2707 3736 mortale
2752 3680 2851 3737 hoc
2886 3680 3113 3736 induere
3171 3680 3552 3735 immortalita-

1983 3772 2180 3825 tem".
2232 3789 2252 3824 ι
2315 3772 2531 3827 Primus
2596 3774 2758 3826 homo
2821 3771 2999 3826 factus
3057 3780 3141 3825 est
3194 3772 3247 3824 in
3313 3771 3550 3824 animam

1979 3863 2251 3918 viventem
2281 3882 2296 3917 :
2326 3865 2516 3932 egebat
2557 3863 2702 3917 enim
2744 3901 2761 3927 ,
2801 3872 3055 3929 tanquam
3080 3863 3413 3931 figmentum,
3445 3860 3554 3915 Deo

1981 3952 2312 4009 vivificante.
2364 3953 2432 4006 At
2492 3966 2623 4006 vero
2674 3951 3006 4007 novissimus
3061 3951 3254 4018 Adam,
3316 3951 3417 4004 hoc
3471 3957 3555 4005 est

1984 4045 2250 4110 Christus,
2279 4047 2440 4114 quod,
2474 4054 2532 4100 ut
2556 4046 2718 4109 Deus,
2740 4044 2848 4098 vita
2874 4051 3093 4097 externa
3131 4057 3235 4096 non
3267 4042 3552 4111 indigeret,

1994 4134 2227 4204 Spiritus
2271 4134 2390 4201 fuit,
2417 4136 2508 4204 qui
2562 4134 2726 4188 vitam
2768 4134 2822 4188 in
2864 4148 2963 4187 nos
3015 4131 3359 4187 transfundit.
3391 4132 3555 4203 Atqui

313 4229 450 4300 ὅπερ
498 4228 616 4281 ἐστὶ
646 4227 796 4291 θείας
840 4227 1059 4296 φύσεως
1092 4224 1223 4279 ἴδιον
1256 4222 1656 4292 πλεονέκτημα.
1699 4223 1808 4276 Καὶ
1849 4222 1872 4275 ό

1987 4225 2289 4281 viviﬁcandi
2320 4224 2552 4281 facultas
2592 4228 2808 4295 pr0pria
2853 4233 2939 4279 est
2972 4224 3165 4279 divinae
3192 4232 3398 4278 natura:
3429 4238 3558 4293 pos-

312 4320 411 4390 μὲν
444 4318 660 4388 πρῶτος
689 4320 753 4371 ἐκ
781 4318 912 4387 γῆς,
956 4316 1168 4386 χοϊκός·
1204 4314 1233 4366 6
1266 4312 1517 4386 δεύτερος
1546 4313 1603 4366 δὲ
1631 4311 1690 4379 ἐξ
1716 4312 1880 4382 ούρα-

312 4409 427 4476 νοῦ,
475 4408 653 4463 καίτοι
685 4407 968 4479 γεννηθεὶς
1014 4406 1102 4461 διὰ
1130 4405 1407 4476 γυναικός.
1448 4405 1509 4458 Ὃ
1534 4403 1642 4475 γὰρ
1674 4403 1880 4458 ἄνωθεν

309 4502 405 4557 καὶ
438 4500 498 4565 ἐξ
524 4498 754 4572 ούρανοῦ
781 4540 796 4565 ,
829 4501 925 4552 καὶ
950 4501 1014 4553 ἐκ
1056 4498 1191 4553 Θεοῦ
1221 4496 1436 4569 Πατρός
1465 4496 1659 4564 Λόγος,
1694 4493 1798 4549 κᾶν
1830 4496 1880 4548 εί

310 4592 530 4660 γέγονεν
579 4590 863 4659 ἄνθρωπος
888 4630 903 4656 ,
933 4588 1048 4642 ἀλλ’
1083 4589 1234 4643 οὐδὲν
1259 4582 1421 4659 ἧττόν
1446 4587 1593 4639 ἐστιν
1623 4585 1682 4652 ἐξ
1715 4586 1884 4657 οὐρα-

312 4681 423 4737 νοῦ.
466 4682 579 4736 Καὶ
622 4682 670 4735 εί
715 4680 893 4750 φθορᾷ
937 4681 1030 4734 καὶ
1075 4679 1291 4750 θανάτῳ
1322 4678 1755 4750 κατεσχημένοι,
1786 4678 1884 4749 τὴν

314 4772 497 4827 είκόνα
523 4771 618 4827 τοῦ
648 4769 832 4843 χοϊκοῦ
867 4770 956 4825 διὰ
984 4770 1144 4826 τοῦτο
1178 4771 1406 4841 φορέσαι
1448 4769 1721 4841 λεγόμεθα
1741 4782 1755 4797 ’
1785 4769 1884 4840 τὴν

317 4863 624 4936 ἀφθαρσίαν
656 4860 1033 4931 ἐνδυσάμενοι,
1068 4863 1166 4933 τὴν
1197 4862 1382 4915 είκόνα
1428 4861 1521 4915 τοῦ
1556 4861 1882 4933 ἐπουρανίου

319 4956 641 5027 φορέσομεν.
706 4952 1013 5025 ’Δφθαρσία
1054 4951 1112 5004 δὲ
1156 4951 1318 5005 πάλιν
1365 4951 1496 5004 ίδιον
1538 4952 1741 5021 ἀγαθὸν
1787 4952 1888 5021 τῆς

319 5047 459 5103 κατὰ
502 5046 664 5116 φύσιν
714 5044 1000 5117 θεότητος*
1040 5042 1400 5098 ἀλλάσσονται
1434 5043 1544 5114 γὰρ
1589 5045 1639 5096 οἱ
1674 5043 1883 5113 νεκροὶ,

315 5141 410 5197 καὶ⁵
436 5140 499 5194 τὸ
522 5138 759 5211 φθαρτόν
786 5137 1148 5209 ἀμφιέννυται
1178 5138 1277 5208 τὴν
1304 5133 1635 5205 ἀφθαρσίαν,
1667 5135 1887 5203 γεγονό-

1986 4318 2177 4373 sessio.
2212 4318 2279 4372 Et
2307 4318 2515 4387 primus
2540 4317 2754 4386 quidem
2784 4316 2943 4371 homo
2970 4315 3038 4370 de
3071 4325 3214 4371 terra
3246 4325 3365 4371 erat
3386 4324 3559 4371 terre-

1988 4421 2089 4459 nus
2119 4421 2136 4462 :
2164 4407 2432 4461 secundus
2458 4414 2634 4459 autem
2660 4405 2785 4459 licet
2816 4419 2883 4459 ex
2913 4401 3139 4457 muliere
3162 4411 3339 4456 ortum
3377 4403 3559 4457 trahe-

1988 4504 2093 4562 ret,
2117 4496 2182 4552 de
2208 4497 2349 4552 cosio
2378 4504 2623 4552 venerat.
2657 4495 2915 4563 Quamvis
2943 4495 3088 4550 enim
3128 4492 3384 4560 Verbum,
3413 4494 3559 4564 quod

1989 4589 2055 4644 de
2082 4588 2355 4659 supernis,
2390 4589 2494 4643 hoc
2523 4595 2609 4642 est
2633 4587 2700 4642 de
2736 4587 2875 4643 coelo
2910 4596 3015 4652 est,
3052 4594 3106 4641 et
3136 4601 3201 4641 ex
3243 4585 3354 4639 Deo
3400 4584 3561 4637 Patre

1990 4690 2175 4736 natum
2212 4687 2319 4744 est,
2351 4679 2515 4735 homo
2562 4677 2739 4734 factus
2790 4679 2896 4744 sit,
2928 4677 3099 4732 nihilo
3147 4684 3327 4730 tamen
3383 4675 3565 4729 secius

1992 4773 2059 4827 de
2102 4771 2242 4829 cmlo
2288 4781 2393 4827 est.
2440 4771 2674 4827 Rursum
2709 4771 2810 4836 uti,
2846 4768 3208 4838 corruptionis
3252 4774 3308 4821 et
3370 4764 3564 4821 mortis

1993 4861 2223 4915 vinculis
2246 4859 2546 4923 constricti,
2569 4857 2773 4913 terreni
2819 4857 3112 4927 imaginem
3147 4863 3457 4925 gestamus;
3487 4854 3561 4911 ita

1995 4948 2455 5019 incorruptionem
2481 4947 2592 5017 jam
2623 4947 2819 5016 induti,
2850 4947 3088 5003 caelestis
3121 4946 3410 5017 imaginem
3445 4962 3567 5017 por-

1998 5042 2252 5097 tabimus.
2304 5038 2468 5108 Atqui
2531 5038 2866 5111 incorruptio
2912 5039 3114 5094 bonum
3174 5046 3256 5093 est
3305 5036 3567 5094 naturalis

1997 5132 2297 5188 divinitatis
2320 5130 2619 5202 proprium.
2636 5129 2774 5188 Nam
2799 5131 2999 5188 mortui
3031 5130 3413 5198 immutantur,
3439 5146 3565 5189 cor-

380 5303 425 5337 ισ
459 5302 624 5358 lCor.
656 5316 730 5368 ι,
765 5274 978 5369 15,17.
1053 5297 1141 5353 "l
1175 5297 1299 5354 Cor.
1335 5312 1427 5362 xv,
1460 5297 1549 5353 45.
1629 5295 1872 5351 ιθῑοίιι..

1994 5295 2086 5354 50.
2161 5295 2207 5330 δ’
2238 5294 2369 5351 ibid.
2402 5291 2493 5364 52,
2520 5294 2610 5352 55.

1372 5450 1547 5506 Varia:
1579 5448 1837 5506 lectiones
1866 5448 2065 5506 codicis
2101 5446 2459 5519 Seguieriani.

389 5604 418 5645 ς
444 5594 695 5661 δεύτερος
729 5593 1037 5661 ἄνθρωπος.
