3910 6200
348 229 489 290 ἰ285

1367 220 1429 275 S.
1471 216 1747 276 CYRILLI
1782 211 2248 270 ALEXANDRINI
2288 208 2626 267 ARClliEP.'

3442 212 3588 267 list

351 340 706 416 ruptibileque
729 338 904 394 induit
928 331 1413 404 incorruptionem,
1434 346 1558 387 cum
1590 329 1916 400 Unigenitus

2050 346 2108 392 ος
2151 326 2275 382 καθ’
2308 330 2455 400 ἡμᾶς
2479 326 2573 381 τοῦ
2602 324 2974 393 Μονογενοῦς,
3021 322 3115 379 καὶ
3146 321 3499 398 μεθιστάντος
3528 329 3596 381 τὸ

351 436 523 492 nostri
576 431 769 489 similis
819 437 975 485 natus
1022 424 1408 481 mortalitatem
1468 420 1811 478 transtulerit
1862 419 1917 473 in

316 525 854 587 immortalitatem,
919 527 974 574 et
1030 514 1432 584 corruptionem
1498 510 1921 567 lransl'ormave-

351 620 423 674 rit
475 620 527 673 in
562 613 1011 683 incorruptionem
1045 608 1098 662 in
1148 606 1438 674 semetipso
1472 611 1531 658 et
1570 603 1769 672 primo.
1808 598 1923 668 Hac

350 709 499 765 enim
533 708 743 763 ratione
772 702 929 759 nobis
966 697 1097 769 ipsis
1129 711 1343 768 quoque
1366 695 1453 750 via
1481 693 1547 749 ad
1564 694 1725 748 vitam
1748 692 1923 748 factus

353 812 455 857 εει.

723 908 807 964 Ea:
831 907 1117 977 posteriore
1137 902 1206 957 ad
1225 899 1547 955 Corinthios.

430 1043 451 1076 ι
486 1021 591 1077 Sed
613 1019 726 1089 ipsi
782 1019 835 1073 in
866 1017 1022 1072 nobis
1075 1013 1205 1083 ipsis
1236 1024 1560 1080 responsum
1608 1004 1798 1062 mortis
1827 1004 1918 1058 lia-

356 1117 592 1179 buimus,
620 1120 680 1166 ut
712 1126 816 1165 non
848 1110 1020 1163 simus
1059 1105 1286 1159 ﬁdentes
1323 1104 1375 1158 in
1400 1102 1574 1165 nobis,
1599 1100 1692 1154 sed
1714 1098 1766 1151 in
1793 1095 1923 1159 Deo,

357 1209 447 1278 qui
497 1204 727 1262 suscitat
775 1209 1021 1256 mortuos
1051 1198 1119 1252 ⁵ο.
1162 1216 1180 1248 ι
1209 1194 1267 1250 Si
1306 1203 1638 1249 mortuorum
1683 1188 1928 1243 exsusci-

355 1299 489 1355 tatio
518 1296 571 1350 in
606 1308 749 1356 eum,
781 1291 873 1362 qui
899 1299 1091 1344 natura
1118 1285 1271 1340 Deus
1300 1293 1410 1350 est,
1449 1283 1682 1336 maxime
1730 1289 1929 1333 conve-

356 1390 459 1455 nit,
495 1396 776 1456 pr0pterea
805 1381 950 1452 quod
980 1380 1131 1436 solus
1165 1377 1269 1431 vita
1308 1375 1379 1430 sit
1413 1383 1469 1428 et
1505 1371 1613 1443 93
1646 1370 1926 1433 vivilieus;

355 1479 607 1535 Christus
661 1484 842 1528 autem
895 1469 1356 1526 resurrectionem
1409 1473 1463 1520 et
1506 1465 1674 1516 vitam
1726 1460 1929 1513 diserte

359 1584 481 1627 sese
545 1567 795 1637 appellat,
847 1564 1208 1630 eamdemque
1271 1566 1519 1613 mortuos
1562 1554 1930 1609 exsuscitasse

2025 417 2217 487 θνητὸν
2242 417 2321 480 εἰς
2344 416 2663 480 ἀθανασίαν,
2691 415 2785 468 καὶ
2816 414 2877 467 τὸ
2915 412 3153 484 φθαρτὸν
3177 415 3258 478 εἰς
3282 415 3598 486 ἀφθαρσίαν

2024 509 2081 561 ἐν
2124 506 2302 579 ἑαυτῷ
2346 509 2442 563 καὶ
2486 507 2687 578 πρώτῳ
2728 504 3250 577 μετασκευὰζοντος.
3284 506 3442 561 Οὕτω
3481 508 3597 578 γὰρ

2023 599 2248 669 γέγονεν
2272 599 2390 663 ὁδὸς
2414 601 2495 662 εἰς
2521 597 2668 671 ζωὴν
2698 599 2794 654 καὶ
2823 600 2953 669 ἡμῖν
2984 600 3189 663 αὐτοῖς.

2366 882 2462 936 Ἐκ
2486 880 2599 951 τῆς
2626 881 2776 950 πρὸς
2805 882 3155 950 Κορινθίους
3182 884 3265 949 β’.

2102 1015 2123 1047 ι
2146 992 2311 1048 ’Λλλὰ
2341 994 2495 1047 αὐτοὶ
2516 1035 2530 1060 ,
2559 995 2744 1064 φησὶν,
2775 995 2831 1048 ἐν
2868 994 3079 1057 ἑαυτοῖς
3106 994 3165 1047 τὸ
3187 996 3468 1067 ἀπόκριμα
3503 998 3602 1051 τοῦ

2027 1085 2259 1140 θανάτου
2312 1085 2665 1155 ἐσχήκαμεν,
2712 1084 2799 1136 ἵνα
2846 1084 2919 1154 μὴ
2962 1084 3284 1148 πεποιθότες
3334 1081 3487 1156 ὦμεν
3542 1091 3601 1140 ἐν

2028 1176 2260 1236 ἑαυτοῖς.
2290 1174 2403 1228 ἀλλ’
2429 1176 2521 1227 ἐπὶ
2543 1174 2620 1244 τῷ
2635 1173 2754 1244 Θεῷ
2770 1173 2846 1244 τῷ
2863 1173 3136 1244 ὲγεῐραντι
3166 1176 3292 1238 τοὺς
3315 1177 3562 1247 νεκρούς.
3579 1199 3601 1230 ι

2028 1269 2092 1322 Ei
2120 1267 2239 1339 Θεῷ
2267 1268 2327 1321 τὸ
2348 1275 2375 1305 ι’
2408 1266 2547 1320 κατὰ
2575 1267 2736 1335 φύσιν
2766 1266 3215 1335 πρεπωδέστατον
3240 1263 3381 1320 εἷναί
3418 1286 3608 1339 φαμεν

2027 1360 2089 1414 τὸ
2134 1359 2366 1429 ἐγείρειν
2407 1360 2533 1422 τοὺς
2596 1358 2855 1428 νεκροὺς,
2898 1357 2979 1410 ὅτι
3021 1356 3135 1427 ζωὴ
3190 1359 3284 1411 καὶ
3338 1358 3608 1423 ζωοποιός

2028 1454 2174 1506 ἐστιν
2192 1467 2206 1482 ’
2242 1451 2345 1520 ἔφη
2369 1450 2426 1503 δὲ
2454 1449 2689 1521 Χριστός
2710 1464 2723 1476 ·
2758 1468 2777 1499 ι
2802 1447 2944 1516 Ἐγώ
2975 1449 3092 1518 εἰμι
3128 1451 3160 1520 ἡ
3188 1450 3484 1511 ἀνάστασις
3508 1454 3609 1503 καὶ

2030 1546 2064 1617 ἡ
2092 1544 2202 1615 ζωή
2230 1560 2245 1574 υ
2281 1561 2299 1593 ι
2332 1542 2577 1611 φαίνεται
2611 1540 2667 1593 δὲ
2703 1539 2797 1593 καὶ
2830 1537 3149 1609 ἑγηγερκὼς
3174 1542 3299 1604 τοὺς
3339 1541 3604 1612 νεκρούς-

361 1670 510 1718 certo
532 1666 746 1715 constat
776 1672 790 1709 :
817 1655 937 1726 quis
966 1663 1020 1709 et
1040 1668 1226 1707 verum
1248 1650 1441 1713 Deum,
1467 1656 1524 1702 et
1550 1646 1716 1701 vitam
1735 1657 1925 1700 secun-

2050 1636 2164 1700 356;
2195 1636 2302 1708 ἄρα
2327 1633 2496 1698 ἐστὶν,
2519 1632 2596 1697 ὡς
2628 1630 2740 1703 ζωὴ
2776 1630 2916 1685 κατὰ
2947 1630 3131 1699 φύσιν.

359 1756 486 1812 dum
519 1760 767 1808 naturam
795 1763 919 1804 esse
957 1743 1228 1814 ambigat?

773 1884 859 1940 Ea:
878 1880 1121 1955 Epistula
1150 1880 1218 1934 ad
1255 1877 1529 1933 Hebmos.

436 1999 625 2067 «Quia
682 2011 816 2066 ergo
877 1993 1028 2065 pueri
1083 1989 1623 2046 communicaverunt
1673 1983 1825 2039 carni
1877 1988 1941 2037 et»

366 2091 635 2163 sanguini,
667 2098 722 2144 et
773 2088 889 2152 ipse
943 2084 1196 2139 similiter
1245 2078 1590 2152 participavit
1645 2076 1937 2138 iisdem,ut

366 2200 463 2255 per
506 2190 735 2238 mortem
772 2179 1080 2233 destrueret
1143 2188 1264 2226 eum
1316 2172 1406 2241 qui
1466 2168 1698 2223 habebat.
1746 2165 1936 2221 mortis

367 2272 741 2345 imperium,id
799 2278 882 2325 est
936 2265 1206 2322 diabolum
1229 2263 1299 2316 ⁸ί.
1326 2281 1346 2314 ι
1405 2259 1583 2329 Eque
1612 2274 1673 2312 ac
1716 2273 1814 2311 nos
1844 2256 1932 2325 qui

367 2368 508 2422 inter
555 2364 696 2420 ﬁlios
735 2361 831 2416 Dei
871 2372 1180 2420 censemur,
1210 2353 1397 2411 carnis
1439 2361 1494 2406 et
1532 2349 1811 2420 sanguinis
1845 2348 1937 2403 Dei

368 2455 602 2513 Verbum
653 2452 930 2524 particeps
963 2447 1170 2501 factum
1205 2452 1322 2510 est;
1356 2456 1463 2511 quo
1509 2440 1760 2495 nimirum
1810 2453 1933 2508 pro-

369 2548 541 2619 prium
574 2556 773 2613 corpus
817 2538 872 2594 in
918 2547 1149 2593 mortem
1180 2534 1533 2598 contradens,
1561 2530 1734 2599 ipsum
1761 2528 1938 2582 denuo

372 2616 625 2705 tanquam
661 2631 751 2700 qui
782 2637 973 2697 suapte
1006 2634 1201 2680 natura
1254 2624 1366 2678 vita
1394 2632 1447 2676 ct
1500 2621 1639 2674 Deus
1690 2616 1936 2678 exsistat,

370 2729 495 2782 vita:
541 2723 811 2779 restituat.
878 2718 1010 2772 Nam
1065 2715 1337 2784 quomodo
1405 2709 1600 2766 mortis
1656 2706 1949 2775 imperium

370 2820 704 2873 destructum
736 2818 840 2871 est,
869 2808 913 2862 si
946 2820 1142 2875 corpus
1171 2803 1314 2873 quod
1347 2799 1646 2857 secundum
1684 2805 1938 2851 naturam

370 2909 520 2972 vitat,
551 2906 654 2959 hoc
682 2913 768 2958 est
792 2898 951 2955 Verbi
991 2897 1109 2961 Dei,
1144 2894 1422 2964 proprium
1459 2899 1593 2955 erat,
1612 2888 1668 2943 in
1712 2893 1943 2942 mortem

369 2998 704 3072 prolapsum,
730 2994 925 3047 iterum
966 2987 1357 3043 exsuscitatum
1396 2997 1501 3037 non
1535 2980 1660 3036 est?

414 3107 596 3177 “Quod
620 3120 756 3161 unus
788 3103 855 3158 sit
887 3100 1055 3155 Filius
1078 3107 1128 3153 et
1149 3097 1402 3151 Dominus
1434 3093 1589 3148 Iesus
1611 3090 1869 3147 Christus.

743 3213 831 3269 Ea:
855 3213 1025 3284 prima
1048 3207 1307 3265 catholica
1325 3205 1571 3260 Joannis.

447 3350 469 3388 ι
490 3331 643 3400 Quod
682 3329 784 3385 fuit
809 3328 875 3382 ab
899 3326 1075 3392 initio,
1105 3322 1249 3394 quod
1280 3318 1606 3385 audivimus,
1628 3315 1773 3386 quod
1804 3312 1943 3368 vidi-

372 3438 495 3479 mus
544 3420 720 3478 oculis
780 3417 1002 3481 nostris,
1029 3413 1172 3484 quod
1233 3409 1630 3481 perspeximus,
1664 3415 1721 3462 et
1753 3420 1948 3460 manus

374 3524 576 3570 nostrae
637 3512 1112 3564 contrectaverunt
1168 3503 1234 3557 de
1277 3500 1458 3556 Verbo
1509 3500 1633 3573 vitae
1672 3515 1687 3553 :
1726 3505 1784 3552 et
1833 3497 1946 3550 vita

375 3600 722 3660 manifestata
755 3604 860 3661 est,
894 3602 950 3650 et
973 3593 1229 3656 vidimus,
1258 3600 1614 3655 ettestamur,
1645 3596 1700 3643 et
1728 3602 1945 3640 annun-

377 3697 575 3751 tiamus
600 3690 752 3745 vobis
768 3689 931 3741 vitam
953 3694 1233 3749 aeternam,
1253 3698 1372 3752 quae
1394 3689 1512 3737 erat
1538 3678 1679 3749 apud
1705 3678 1947 3744 Patrem,

374 3801 429 3847 et
470 3783 719 3859 apparuit
745 3780 986 3836 nobis".
1022 3797 1041 3830 ι
1073 3776 1153 3832 En
1213 3776 1366 3831 illum
1391 3776 1482 3845 qui
1519 3774 1620 3829 fuit
1661 3773 1729 3828 ab
1770 3772 1947 3840 initio,

374 3881 592 3947 vitaque
625 3885 847 3939 aeterna,
880 3872 984 3926 hoc
1018 3878 1102 3925 est
1133 3867 1226 3924 Dei
1257 3867 1431 3923 Patris
1466 3866 1739 3929 Verbum,
1779 3864 1953 3920 oculis

377 3983 438 4024 se
464 3966 689 4025 vidisse,
711 3960 1069 4029 manibusque
1108 3966 1476 4013 contrectasse
1525 3963 1781 4019 testatur,
1826 3967 1950 4008 cum

378 4069 559 4128 tamen
594 4052 824 4108 Verbum
847 4051 991 4120 quod
1026 4064 1094 4104 ex
1129 4048 1289 4103 Patre
1316 4046 1581 4116 procedit,
1608 4059 1704 4100 sua
1755 4050 1949 4097 natura

378 4158 661 4220 aspectum
688 4146 880 4216 fugiat,
925 4141 1181 4212 tangique
1219 4150 1484 4209 nequeat:
1508 4136 1777 4207 siquidem
1809 4133 1953 4204 quod

380 4252 608 4308 corpore
654 4244 830 4299 vacat,
866 4235 920 4290 id
973 4233 1075 4288 sub
1109 4232 1403 4287 tactionem
1437 4244 1544 4285 non
1586 4227 1751 4284 cadit.
1789 4225 1951 4295 Atqui

380 4328 618 4384 Verbum
658 4326 1000 4380 incarnatum
1069 4322 1244 4377 oculis
1312 4321 1537 4386 vidisse,
1592 4328 1649 4375 et
1705 4318 1955 4373 manibus

2426 1860 2524 1915 Ἐκ
2557 1859 2669 1929 τῆς
2701 1860 2854 1929 πρὸς
2887 1860 3215 1929 Ἐϐραίους.

2107 1994 2128 2029 ι
2151 1974 2304 2030 Ἐπεὶ
2343 1970 2437 2028 οὖν
2485 1971 2849 2043 κεκοινώνηκε
2894 1974 2963 2029 τά
3006 1975 3194 2029 παιδία
3245 1976 3480 2043 αἵματος
3510 1982 3612 2035 καὶ

2036 2068 2255 2140 σαρκὸς,
2282 2068 2378 2121 καὶ
2403 2067 2567 2131 αὐτὸς
2594 2066 2995 2135 παραπλησίως
3018 2069 3249 2138 μετέσχε
3276 2069 3384 2122 τῶν
3400 2071 3609 2126 αὐτῶν·
3632 2116 3635 2119 λ

2037 2158 2125 2212 ἴνα
2146 2158 2233 2212 διὰ
2253 2157 2347 2212 τοῦ
2375 2157 2609 2213 θανάτου
2639 2158 2966 2229 καταργήσῃ
2992 2158 3083 2211 τὸν
3107 2159 3167 2212 τὸ
3188 2161 3389 2226 κράτος
3412 2162 3611 2231 ἔχοντα

2034 2247 2129 2302 τοῦ
2159 2248 2412 2311 θανάτου,
2440 2247 2688 2300 τουτέστι
2717 2247 2806 2299 τὸν
2831 2248 3099 2303 διάϐολον.
3136 2267 3155 2299 ι
3200 2247 3616 2324 Παραπλησὶως

2038 2341 2169 2411 ἡμῖν
2193 2342 2305 2402 τοῖς
2330 2340 2388 2392 ὲν
2416 2339 2628 2401 τέκνοις
2653 2336 2787 2391 Θεοῦ
2823 2339 3179 2410 τεταγμένοις
3207 2344 3617 2413 κεκοινώνηκεν

2038 2436 2268 2505 αἵματος
2296 2435 2389 2489 καὶ
2413 2433 2613 2505 σαρκὸς
2639 2434 2668 2486 ό
2697 2435 2761 2486 ὲκ
2786 2434 2918 2486 Θεοῦ
2954 2434 3145 2502 Λόγος,
3177 2436 3263 2488 ἵνα
3291 2435 3369 2504 τῷ
3396 2435 3618 2507 θανάτῳ

2038 2526 2098 2579 τὸ
2141 2526 2270 2580 ἴδιον
2315 2525 2475 2595 σῶμα
2524 2524 2670 2589 δοὺς,
2721 2522 3034 2597 ζωοποιήσῃ
3085 2524 3245 2579 πάλιν
3289 2525 3440 2589 αὐτὸ,
3496 2525 3617 2598 ζωὴ

2040 2618 2184 2673 κατὰ
2211 2617 2373 2688 φύσιν
2404 2618 2685 2690 ὑπάρχων,
2711 2618 2787 2682 ὡς
2812 2618 2963 2680 Θεός.
2996 2619 3155 2671 Ἐπεὶ
3190 2617 3307 2682 πῶς
3331 2621 3622 2689 κατήργη-

2038 2727 2130 2762 ται
2161 2708 2254 2762 τοῦ
2282 2708 2515 2762 Θανάτου
2549 2711 2610 2761 τὸ
2638 2709 2865 2780 κράτος,
2900 2708 2966 2763 ἂν
3000 2708 3073 2780 μὴ
3110 2698 3170 2760 τὸ
3199 2708 3367 2761 πεσὸν
3397 2711 3474 2771 εἰς
3511 2709 3618 2762 6&-

2040 2816 2198 2854 νατον
2236 2799 2436 2854 ἀνεϐίω
2462 2799 2642 2871 σῶμα,
2686 2800 2817 2853 ἴδιον
2846 2799 2905 2853 ὃν
2934 2801 3035 2870 τῆς
3064 2800 3208 2854 κατὰ
3248 2800 3413 2870 φύσιν
3438 2799 3619 2871 ζωῆς,

2042 2892 2289 2946 τουτέστι
2316 2891 2409 2945 τοῦ
2431 2894 2495 2945 ὲκ
2523 2890 2657 2945 Θεοῦ
2690 2892 2841 2955 ὄντος
2872 2891 3046 2961 Λόγου
3067 2907 3081 2920 ·

2140 3092 2261 3146 Ὀτι
2281 3086 2369 3156 εἷς
2396 3093 2430 3146 ό
2466 3090 2598 3157 Υἱὸς
2624 3090 2721 3144 καὶ
2750 3091 2967 3159 Κύριος
2994 3089 3226 3160 Ἰησοῦς
3253 3090 3523 3159 Χριστός.

2038 3204 2141 3259 Ἐκ
2162 3201 2269 3273 τῆς
2297 3200 2578 3258 Ἰωάννου
2610 3200 2975 3271 Ἐπιστολῆς
3006 3201 3242 3271 πρώτης
3270 3200 3627 3272 καθολικῆς.

2122 3332 2143 3365 ι
2178 3315 2243 3366 Ὅ
2281 3308 2350 3383 ἦν
2390 3312 2484 3365 ἀπ’
2521 3312 2716 3384 ἀρχῆς,
2761 3312 2789 3365 ὃ
2833 3295 3172 3382 ἀκηκόαμεν,
3213 3313 3245 3367 δ
3291 3313 3632 3385 ἑωράκαμεν

2046 3405 2159 3467 τοῖς
2204 3402 2502 3473 ὀφθαλμοῖς
2528 3404 2561 3472 ἡ
2572 3402 2689 3471 μῶν
2708 3440 2721 3463 ,
2754 3401 2783 3455 ὃ
2812 3401 3155 3472 ἐθεασάμεθα
3178 3441 3194 3467 ,
3222 3405 3317 3457 κα)⁵
3350 3406 3405 3458 αἱ
3437 3407 3631 3474 χεῖρες

2050 3493 2206 3564 ὴμῶν
2239 3492 2594 3569 ἐψηλάφησαν
2619 3494 2747 3564 περὶ
2778 3492 2872 3547 τοῦ
2903 3493 3076 3561 Λόγου
3104 3494 3204 3563 τῆς
3237 3493 3414 3565 ζωῆς·
3455 3497 3553 3550 καὶ
3585 3498 3625 3568 ἡ

2051 3583 2164 3656 ζωὴ
2202 3584 2542 3656 ἐφανερώθη,
2574 3585 2669 3640 καὶ
2698 3585 3044 3657 ἑωράκαμεν,
3075 3586 3172 3640 καὶ
3211 3587 3626 3657 μαρτυροῦμεν,

2051 3676 2148 3731 καὶ
2192 3677 2608 3748 ἀπαγγέλλομεν
2641 3678 2770 3747 ὑμῖν
2797 3677 2943 3748 ζωὴν
2975 3678 3075 3748 τὴν
3115 3677 3354 3746 αἰώνιον,
3398 3681 3522 3749 ἥτις
3554 3676 3630 3751 ἦν

2051 3769 2188 3840 πρὸς
2208 3768 2300 3822 τὸν
2343 3768 2582 3839 Πατέρα,
2642 3768 2737 3822 καὶ
2767 3768 3086 3839 ἐφανερώθη
3122 3770 3273 3840 ἡμῖν.
3307 3789 3328 3822 ι
3368 3770 3503 3824 Ἰδοὺ
3531 3771 3632 3827 τδν

2049 3856 2180 3912 ὄντα
2206 3856 2305 3909 ἀπ’
2331 3857 2526 3928 ἀρχῆς,
2558 3856 2804 3910 τουτέστι
2841 3856 2933 3910 τὸν
2964 3860 3031 3910 ὲκ
3058 3857 3152 3911 τοῦ
3180 3858 3390 3929 Πατρὺς
3424 3859 3633 3927 Λόγον,

2051 3948 2149 4019 τὴν
2184 3946 2329 4018 ζωὴν
2357 3948 2458 4019 τὴν
2488 3946 2706 4001 αἰώνιον
2752 3948 3058 4019 ἑωρακέναι
3107 3949 3244 4019 φησὶ
3279 3952 3391 4013 τοῖς
3422 3951 3638 4020 ὀφθαλ-

2055 4042 2195 4110 μοῖς,
2241 4038 2336 4091 καὶ
2380 4039 2487 4110 μὴν
2534 4039 2629 4093 καὶ
2673 4038 2828 4110 χερσὶ
2859 4038 3212 4111 ψηλαφῖμαιο
3269 4039 3447 4093 καίτοι
3487 4043 3639 4097 κατὰ

2054 4129 2215 4200 φύσιν
2247 4129 2384 4184 ἰδίαν
2409 4129 2503 4183 τοῦ
2530 4130 2595 4184 ὲκ
2616 4129 2709 4183 τοῦ
2731 4130 2937 4201 [ἰατρὸς
2954 4130 3102 4194 ὄντος
3118 4131 3317 4199 Λόγου,
3345 4131 3443 4184 καὶ
3476 4133 3641 4200 ὄντος

2054 4224 2288 4294 ἀοράτου
2337 4223 2432 4277 καὶ
2470 4222 2745 4293 ἀναφοῦς’
2790 4222 3001 4293 ἀναφὲς
3042 4223 3151 4295 γὰρ
3207 4225 3269 4278 τὸ
3309 4224 3637 4295 ἀσώματον.

2068 4316 2207 4369 Ἀλλ’
2235 4318 2293 4370 ὲν
2324 4315 2489 4386 σαρκὶ
2514 4315 2774 4385 γεγονότα
2798 4314 2889 4367 τὸν
2918 4314 3090 4383 Λόγον
3111 4314 3419 4385 ἑωρακέναι
3447 4334 3507 4370 τε
3537 4318 3641 4373 καὶ

381 4424 749 4476 contrectasse
776 4429 836 4469 se
861 4414 956 4468 ait.
975 4414 1152 4479 Quare
1184 4413 1308 4467 licet
1335 4412 1568 4467 Verbum
1589 4424 1719 4465 caro
1748 4409 1938 4464 facturr

2055 4407 2376 4479 ψηλαφῆσαι
2407 4423 2590 4477 φησιν.
2632 4401 2727 4471 Εἷς
2757 4401 2850 4460 οὖν
2880 4406 2988 4477 ἄρα
3018 4406 3167 4459 ἐστὶν
3202 4406 3331 4471 Υἱὸς
3357 4409 3452 4461 καὶ
3495 4407 3641 4475 Θεὸς

382 4518 653 4576 est,uqus
698 4512 880 4559 tamen
930 4511 1015 4558 est
1053 4500 1246 4568 Filius,
1273 4513 1413 4556 unus
1458 4499 1625 4563 Deus,
1650 4513 1792 4553 unus
1841 4496 1953 4554 Do-

382 4614 583 4656 minus.

380 4712 494 4787 94
534 4711 685 4779 Quod
739 4708 870 4779 ﬁdes
925 4708 1122 4832 tendab
1167 4708 1222 4761 in
1266 4704 1556 4770 Christum,
1606 4713 1857 4773 tanquam
1898 4702 1953 4756 in

1123 4794 1262 4832 sum.

1123 4794 1262 4832 sum.

804 4891 891 4948 Ea:
911 4892 1077 4964 priori
1104 4889 1345 4961 Epistola
1366 4890 1533 4947 Petri.

459 5024 481 5060 ι
516 5006 610 5074 Ut,
634 5006 831 5074 inquit,
854 5006 989 5060 ﬁdes
1021 5012 1225 5071 vestra,
1248 5010 1304 5059 et
1326 5017 1450 5073 spes
1478 5010 1621 5057 esset
1638 5002 1691 5055 in
1708 5000 1896 5054 Deo".
1929 5018 1948 5052 ι

384 5096 547 5167 Λιουί
576 5096 819 5152 Christus
846 5110 940 5167 per
980 5104 1199 5152 sanctos
1244 5092 1518 5165 apostolos
1575 5089 1949 5154 annuntiatur,

2058 4501 2153 4554 καὶ
2177 4500 2401 4568 Κύριος,
2435 4497 2539 4553 κᾶν
2566 4496 2616 4550 εἰ
2645 4497 2839 4568 γέγονε
2868 4496 3051 4568 σὰρξὸ
3080 4496 3272 4565 Λόγος.

2219 4698 2342 4751 Ὅτι
2364 4698 2451 4763 εἰς
2475 4695 2736 4764 Χριστὸν
2770 4696 2811 4764 ἠ
2835 4694 3061 4760 πίστις,
3092 4694 3176 4760 ὡς
3206 4696 3293 4759 εὶς
3317 4694 3487 4748 Θεόν.

2248 4876 2344 4930 Ἐκ
2372 4873 2483 4944 τῆς
2510 4876 2740 4943 Πέτρου
2783 4869 3156 4937 Ἐπιστολῆς
3184 4867 3444 4936 πρώτης.

2140 5013 2159 5045 ι
2197 4992 2396 5056 Ὥστε,
2433 4990 2595 5061 φησὶ,
2623 4988 2723 5060 τὴν
2751 4987 2933 5041 πίστιν
2965 4983 3119 5056 ὑμῶν
3153 4983 3247 5037 καὶ
3273 4979 3467 5034 ἐλπίδα
3493 4975 3643 5034 εἶναι

2062 5087 2143 5149 εἰς
2162 5083 2314 5138 Θεόν.
2339 5102 2359 5136 ι
2387 5083 2585 5137 Καίτοι
2607 5079 2840 5153 Χριστὸς
2866 5095 2937 5150 κη
2944 5076 3196 5150 ρύττεται
3221 5073 3317 5128 διὰ,
3331 5072 3443 5126 τῶν
3462 5072 3646 5141 ἁγίων

458 5268 571 5324 "ll
598 5269 723 5327 Cor.
757 5286 799 5341 ι,
827 5270 882 5327 9.
957 5271 1003 5309 ³⁸
1029 5270 1194 5330 Hebr.
1224 5285 1287 5341 ιι,
1323 5270 1410 5326 14.
1470 5269 1530 5319 ς⁸¹
1566 5265 1766 5323 ann-
1802 5282 1840 5331 ι,
1866 5264 1917 5332 1,

2079 5262 2127 5296 ⁸³
2160 5261 2181 5314 ι
2209 5260 2356 5317 Petr.
2390 5273 2430 5324 ι,
2463 5256 2558 5315 21.

1436 5423 1611 5481 Varia:
1643 5423 1906 5479 lectiones
1931 5417 2134 5477 codicis
2164 5414 2525 5486 chuierianl.

465 5587 483 5615 τ
518 5576 602 5630 la.
628 5574 728 5639 τῷ.
