3910 6200
281 269 418 324 1⁸285

1362 264 1455 320 DE
1490 261 1717 319 RECTA
1758 259 1913 316 FIDE
1949 258 2041 312 AD
2081 256 2397 315 RECINAS.

3378 256 3517 313 1286

277 374 589 431 ἀποστόλων
609 390 623 406 ·
657 374 752 430 καὶ
772 374 931 440 αὐτὸς
955 376 1010 430 δέ
1053 374 1154 429 ποῦ
1183 391 1345 446 φησιν
1366 393 1380 409 ο
1417 393 1435 426 ι
1481 372 1674 444 Ἀμὴν,
1698 371 1845 441 ἀμὴν

1980 382 2065 424 mo
2094 367 2319 438 ipsemet
2346 370 2418 423 ita
2450 367 2528 424 ait
2562 386 2576 423 :
2619 387 2638 422 ι
2673 369 2868 437 Amen,
2901 383 3056 425 amen
3087 367 3209 425 dico
3240 369 3396 426 vobis
3425 368 3518 438 qui

277 472 419 537 λέγω
452 468 598 537 ὑμῖν,
633 468 661 520 6
694 467 960 521 πιστεύων
990 468 1071 531 εἰς
1097 466 1221 537 ἐμὲ,
1244 466 1356 536 ἔχει
1381 464 1527 536 ζωὴν
1554 462 1795 517 αἰώνιον.
1820 479 1839 512 ι

280 561 410 612 Ὅτε
462 558 640 611 τοίνυν
688 560 768 621 είς
802 559 934 612 Θεὸν
964 559 998 628 ή
1029 558 1246 623 πίστις,
1290 555 1528 627 Χριστοῦ
1573 555 1844 623 λέγοντος,

284 668 302 701 ι
328 648 416 711 Εἰς
453 648 551 717 ἐμὲ
586 647 904 700 πιστεύετε·
939 665 958 698 ι
994 645 1111 708 πῶς
1140 646 1240 698 οὐκ
1281 644 1347 698 ἂν
1390 642 1475 713 εἴη
1520 641 1652 707 Θεὸς
1686 642 1845 711 ἐναρ-

278 741 415 809 γὼς

455 850 557 903 Ἐκ
594 847 704 916 τῆς
732 848 969 915 πρώτης
1002 846 1283 901 Ἰωάννου
1326 841 1705 911 Ἐπιστολῆς.

355 981 375 1013 ι
411 963 522 1014 Καὶ
554 960 691 1030 αῦτη
717 960 866 1012 ἐστὶν
898 962 931 1029 ή
965 958 1153 1029 ἐντολὴ
1178 957 1368 1021 αὐτοῦ,
1394 958 1481 1010 ἵνα
1500 953 1847 1023 πιστεύωμεν

280 1052 356 1122 τῷ
380 1052 601 1120 ὀνόματι
630 1050 724 1101 τοῦ
752 1048 881 1101 Υίοῦ
915 1046 1079 1100 αὐτοῦ
1118 1046 1292 1117 Ἰησοῦ
1323 1043 1577 1115 Χριστοῦ.
1618 1062 1636 1095 ι
1670 1042 1733 1094 Et
1772 1042 1846 1110 μὴ

282 1142 602 1211 ἁνεθέλητόν
645 1141 762 1192 ἐστι
800 1139 877 1209 τῷ
931 1138 1048 1209 Θεῷ
1099 1139 1193 1191 καὶ
1242 1136 1417 1207 Πατρὶ
1464 1134 1524 1187 τὸ
1571 1131 1848 1186 πιστεύειν

283 1236 427 1306 ἡμᾶς
465 1236 544 1296 εἰς
570 1232 631 1285 τὸ
667 1232 837 1302 ὄνομα
866 1231 961 1284 τοῦ
997 1231 1127 1284 Υίοῦ
1158 1230 1323 1283 αὐτοῦ
1365 1226 1540 1298 Ἰησοῦ
1570 1225 1809 1295 Χριστοῦ
1830 1242 1843 1255 ·

285 1330 578 1400 πράττεται
623 1326 678 1378 δὲ
721 1326 816 1378 καὶ
849 1325 979 1395 παρ’
1011 1322 1166 1394 ήμῶν
1197 1322 1230 1391 ή
1269 1320 1479 1384 πίστις,
1506 1319 1606 1388 οὐχ
1646 1317 1721 1380 ὠς
1770 1317 1850 1378 εἰς

283 1420 568 1490 ἄνθρωπον
599 1415 784 1477 ἁπλῶς
803 1454 818 1478 ,
850 1414 964 1468 ἀλλ’
997 1413 1072 1476 ὡς
1097 1415 1178 1476 εἱς
1207 1412 1338 1465 Θεὸν
1376 1409 1555 1474 ξῶντα
1586 1402 1680 1463 καὶ
1713 1406 1846 1478 ἁλη-

283 1511 456 1565 θινόν·
493 1508 623 1570 Θεὸς
646 1507 752 1578 ἄρα
787 1506 1041 1576 Χριστός.

360 1620 379 1652 ι
401 1601 489 1653 Ἐν
516 1602 691 1672 τούτῳ
719 1597 1045 1667 γινώσκεται
1073 1594 1133 1648 τὸ
1166 1595 1390 1664 Πνεῦμα
1418 1593 1511 1646 τοῦ
1541 1590 1676 1644 Θεοῦ
1696 1606 1709 1621 ⁶
1735 1591 1848 1643 πᾶν

284 1690 521 1761 πνεῦμα,
541 1690 570 1742 6
591 1690 840 1758 ὁμολογεί
866 1685 1075 1757 Ἰησοῦν
1110 1683 1343 1755 Χριστὸν
1377 1685 1434 1734 ὲν
1463 1681 1627 1753 σαρκὶ
1655 1678 1847 1748 ἐληλυ-

278 1782 435 1846 λϐότα,
461 1784 525 1834 ἐκ
552 1780 647 1835 τοῦ
676 1778 810 1832 Θεοῦ
846 1778 991 1830 ἐστι·
1023 1776 1119 1828 καὶ
1152 1776 1259 1828 πᾶν
1289 1773 1526 1843 πνεῦμα,
1565 1771 1594 1824 6
1624 1770 1699 1842 μὴ
1727 1772 1852 1838 ὀμο-

285 1874 433 1943 λογεῖ
472 1872 564 1925 τὸν
603 1870 825 1942 Ἰησοῦν,
855 1870 919 1922 ὲκ
949 1867 1045 1921 τοῦ
1078 1865 1214 1919 Θεοῦ
1252 1866 1352 1918 οὐκ
1384 1863 1501 1917 ἔστι
1521 1880 1534 1895 ’
1567 1863 1662 1916 καὶ
1693 1860 1853 1914 τοῦτό

289 1967 402 2019 ἐστι
423 1966 484 2017 τὸ
511 1963 605 2017 τοῦ
634 1961 1020 2031 ’Λντιχρίστου,
1037 1958 1064 2010 ὃ
1095 1956 1368 2027 ἀκηκόατε
1390 1958 1470 2010 ὅτι
1497 1953 1735 2025 ἔρχεται,
1760 1953 1854 2006 καὶ

282 2058 383 2111 νῦν
413 2060 470 2109 ὲν
498 2055 578 2125 τῷ
607 2054 797 2124 κόσμῳ
831 2054 977 2105 ἐστὶν
1003 2051 1124 2122 ήδη.
1153 2067 1171 2100 ι
1211 2046 1610 2119 Ὀμολογοῦμεν
1634 2045 1722 2098 τὸν
1749 2045 1855 2115 Ἰη-

293 2148 417 2203 σοῦν
444 2147 553 2219 ἄρα
589 2146 663 2209 ὡς
702 2144 1007 2215 ἄνθρωπον,
1040 2138 1270 2194 καὶτῶν
1311 2139 1437 2193 καθ’
1466 2140 1615 2210 ἡμᾶς
1639 2139 1776 2203 sva;
1818 2138 1853 2209 ή

297 2240 492 2309 μᾶλλον
521 2238 602 2291 ὅτι
626 2236 755 2299 Θεὸς
783 2235 859 2288 ὢν
896 2235 924 2286 6
964 2233 1158 2302 Λόγος,
1198 2231 1388 2300 γέγονε
1418 2230 1588 2301 σὰρξ,
1618 2231 1719 2282 οὐκ
1745 2229 1856 2282 ὀλι-

288 2330 547 2400 γωρήσας
581 2327 671 2381 τοῦ
709 2322 846 2379 εἶναι
867 2325 1020 2388 Θεὸς,
1053 2320 1378 2394 μεμενηκὼς
1408 2320 1463 2374 δὲ
1498 2321 1695 2390 μᾶλλον
1720 2320 1857 2390 ὅπερ

284 2417 381 2492 ἦν,
418 2419 516 2472 καὶ⁵
537 2418 588 2469 εί
617 2417 837 2485 γέγονεν
860 2414 1185 2485 ἄνθρωπος;
1223 2411 1383 2464 Ἀλλὰ
1410 2411 1551 2463 τοῦτ’
1583 2410 1731 2463 ἔστιν
1759 2410 1860 2462 οὐκ

292 2510 608 2583 ἀμφίϐολον.
646 2508 705 2562 '0
748 2506 928 2560 τοίνυν
979 2506 1040 2559 οὐ
1087 2504 1261 2573 λέγων
1290 2503 1423 2556 Θεὸν
1462 2498 1601 2556 εἶναι
1644 2501 1861 2572 ἀληθῶς

292 2601 384 2655 τὸν
430 2598 683 2673 Χριστὸν,
733 2595 955 2666 διαιρῶν
1005 2595 1063 2648 δὲ
1112 2595 1208 2648 καὶ
1249 2591 1711 2664 κατασμικρύνων
1764 2591 1861 2662 τὴν

294 2692 451 2757 δόξαν
512 2690 705 2757 αὐτοῦ,
753 2689 816 2742 τὸ
873 2686 969 2741 τοῦ
1029 2686 1397 2758 Ἀντιχρίστου
1445 2684 1666 2757 πνεῦμα
1722 2683 1862 2755 ἔχων

305 2783 594 2838 ἁλώσεται.

374 2893 393 2928 ι
424 2876 533 2929 Καὶ
558 2874 718 2944 ἡμεῖς
755 2869 1117 2940 ἐθεασάμεθα,
1169 2867 1268 2923 καὶ
1304 2864 1687 2939 μαρτυροῦμεν
1727 2864 1810 2917 ὅτι
1837 2864 1867 2917 6

1947 458 2119 517 credit
2147 460 2201 516 in
2233 476 2339 527 me,
2368 461 2530 516 habet
2576 459 2743 515 vitam
2783 460 3130 516 aeternam“.
3166 478 3184 511 ι
3215 460 3349 515 Cum
3387 473 3517 527 ergo

1949 553 2083 608 ﬁdes
2119 552 2173 607 in
2220 550 2389 606 Deum
2433 553 2661 619 feratur,
2701 562 2756 608 et
2798 553 3070 617 Christus,
3104 570 3125 604 ι
3166 551 3222 605 in
3274 565 3359 604 me
3390 565 3520 605 cre-

1947 643 2078 706 dite,
2115 660 2134 694 ι
2159 641 2634 713 dicatzquomodo
2666 643 2882 713 planum
2917 659 3021 697 non
3051 653 3153 708 est,
3191 644 3364 712 ipsum
3392 656 3515 696 esse

1949 732 2156 788 Deum?

2312 839 2394 894 Ea:
2429 840 2670 911 Epistula
2716 842 2885 911 prima
2924 840 3168 897 Joannis.

2027 976 2047 1009 ι
2091 956 2153 1011 Et
2198 956 2301 1009 hoc
2354 965 2437 1010 est
2478 957 2790 1010 mandatum
2832 957 2968 1025 ejus,
3013 966 3071 1009 ut
3135 955 3417 1010 credamus
3462 954 3516 1008 in

1948 1048 2170 1102 nomine
2204 1047 2325 1102 Filii
2381 1046 2497 1116 ejus
2541 1045 2667 1102 Jesu
2701 1047 2903 1102 Christi
2934 1048 3002 1101 ⁵³.
3037 1066 3057 1099 ›
3084 1046 3138 1101 Si
3161 1062 3190 1100 a
3223 1046 3312 1100 Dei
3343 1045 3521 1099 Patris

1948 1139 2228 1194 voluntate
2254 1142 2487 1195 alienum
2520 1156 2627 1193 non
2663 1150 2767 1204 est,
2800 1150 2859 1193 ut
2895 1141 2946 1193 in
2998 1140 3214 1193 nomine
3258 1137 3379 1191 Filii
3408 1136 3522 1205 ejus

1948 1228 2073 1285 Jesu
2106 1230 2309 1286 Christi
2376 1232 2694 1296 credamus;
2725 1230 2770 1284 si
2823 1231 2956 1284 ﬁdes
3004 1239 3186 1284 nostra
3255 1229 3422 1283 tendit
3467 1226 3521 1281 in

1949 1335 2093 1387 eum,
2127 1337 2230 1375 non
2250 1332 2501 1391 tanquam
2522 1322 2572 1374 in
2598 1320 2864 1375 hominem
2891 1319 3112 1384 nudum,
3143 1319 3237 1371 sed
3269 1328 3521 1386 tanquam

1949 1411 2006 1465 in
2045 1411 2212 1467 Deum
2250 1414 2430 1469 vivum
2464 1420 2520 1468 et
2553 1426 2764 1476 verum,
2790 1410 3014 1466 evidens
3057 1408 3301 1479 profecto
3342 1406 3527 1463 evadit

1951 1502 2223 1558 Christum
2247 1520 2365 1561 esse
2389 1509 2579 1560 Deum.

2025 1614 2044 1646 ι
2077 1593 2133 1648 1η
2166 1597 2266 1650 hoc
2289 1597 2630 1665 cognoscitur
2655 1593 2891 1662 Spiritus
2917 1592 3006 1646 Dei
3031 1609 3044 1645 :
3074 1589 3253 1646 omnis
3283 1589 3524 1659 spiritus,

1882 1711 1926 1769 Β
1952 1683 2045 1751 qui
2074 1686 2362 1739 conﬁtetur
2384 1685 2569 1740 Jesum
2591 1684 2867 1739 Christum
2901 1681 2953 1735 in
2982 1695 3146 1735 carne
3193 1681 3430 1743 venisse,
3455 1693 3525 1733 ex

1952 1777 2159 1832 Deoest
2186 1794 2202 1834 :
2234 1778 2482 1833 etomnis
2525 1776 2750 1846 spiritus
2787 1775 2880 1845 qui
2909 1774 3069 1831 solvit
3093 1773 3296 1838 Jesum,
3324 1789 3388 1827 ex
3417 1775 3525 1827 Deo

1953 1885 2059 1925 non
2087 1878 2201 1936 est;
2242 1877 2297 1924 et
2322 1870 2409 1923 hic
2437 1877 2521 1925 est
2548 1869 2942 1935 Antichristus,
2977 1869 3044 1921 de
3090 1881 3198 1934 quo
3244 1864 3528 1918 audivistis

1954 1961 2206 2029 quoniam
2232 1962 2399 2028 venit,
2425 1971 2476 2016 et
2498 1976 2638 2015 nunc
2673 1960 2784 2031 jam
2809 1962 2860 2013 in
2895 1960 3092 2015 mundo
3112 1968 3195 2012 est
3229 1957 3296 2010 ⁸⁸.
3329 1976 3348 2008 ι
3379 1956 3525 2011 (Ζυιιη

1956 2052 2240 2106 ﬁtemurne
2282 2067 2413 2122 ergo
2466 2050 2741 2106 Christum
2791 2049 2976 2107 Jesutn
3039 2048 3202 2103 veluti
3257 2048 3528 2101 hominem

1955 2142 2262 2212 quempiam
2299 2141 2468 2197 nostri
2509 2140 2782 2196 similem?
2816 2158 2883 2196 an
2932 2140 3113 2211 potius
3161 2139 3253 2194 Dei
3289 2138 3528 2194 Verbum

1957 2229 2156 2285 factum
2180 2248 2299 2287 esse
2326 2248 2567 2297 carnem,
2599 2250 2702 2288 non
2743 2234 2884 2303 (ytod
2924 2233 3257 2286 divinitatem
3289 2230 3527 2294 exuerit,

1959 2331 2050 2375 aut
2080 2323 2372 2390 repudiarit
2399 2321 2750 2393 (constanter
2771 2324 2916 2377 enim
2943 2322 3141 2375 mansit
3169 2320 3310 2389 quod
3341 2321 3527 2391 erat):

1960 2412 2051 2467 sed
2075 2412 2215 2482 quod
2256 2412 2547 2465 humanam
2581 2422 2828 2466 naturam
2867 2410 3261 2479 assumpserit?
3285 2410 3353 2464 At
3386 2410 3534 2463 istud

1960 2512 2111 2557 extra
2132 2504 2556 2558 controversiam
2585 2512 2691 2559 est.
2721 2503 2977 2571 Quisquis
3017 2504 3183 2574 igitur
3233 2501 3533 2564 Christum,

1962 2596 2296 2651 divinitatem
2354 2597 2495 2652 illius
2559 2598 2852 2661 inliciatus,
2917 2599 3127 2662 dividit,
3182 2598 3535 2667 ejusdemque

1963 2688 2188 2758 gloriam
2214 2698 2266 2744 et
2290 2689 2625 2757 maiestatem
2657 2691 2929 2753 dimiuuit,
2959 2690 3049 2745 hic
3075 2689 3396 2744 Antichristi
3420 2689 3535 2758 spi~

1965 2780 2127 2834 ritum
2169 2779 2417 2835 hausisse
2440 2791 2627 2848 aperte
2654 2783 3016 2837 convincitur.

2042 2888 2061 2920 ι
2097 2869 2161 2923 Ει
2188 2885 2285 2924 nos
2312 2870 2565 2935 vidimus,
2588 2880 2645 2924 et
2672 2873 3027 2926 testiﬁcantur
3071 2859 3326 2943 quoniam
3376 2872 3540 2926 Pater

303 2966 493 3037 Πατὴρ
521 2964 829 3039 ᾁπέσταλκε
855 2962 946 3016 τὸν
970 2962 1098 3015 Υίὸν
1127 2960 1354 3031 Σωτῆρα
1377 2957 1474 3012 τοῦ
1511 2959 1738 3027 κόσμου.
1769 2956 1866 3020 Ὃς

1980 2961 2118 3016 misit
2173 2961 2370 3016 Filium
2420 2977 2577 3017 altum
2633 2961 2966 3018 Salvatorem
3018 2964 3224 3019 mundi.
3283 2963 3541 3033 Quisquis

302 3056 372 3111 ἂν
397 3054 705 3126 ὁμολογήσῃ
743 3053 824 3107 ὅτι
862 3050 1069 3123 Ἰησοῦς
1097 3052 1244 3104 ἐστιν
1284 3052 1312 3103 6
1361 3048 1489 3109 Υίὸς
1517 3047 1610 3100 τοῦ
1642 3044 1798 3107 Θεοῦ,
1842 3044 1866 3097 6

1980 3052 2253 3108 cOnfessus
2277 3052 2439 3108 fuerit
2470 3053 2900 3122 quoniamJesus
2941 3065 3023 3109 est
3047 3055 3217 3110 Filius
3260 3055 3376 3118 Dei,
3402 3056 3541 3110 Deus

304 3147 438 3211 Θεὸς
468 3148 526 3200 ὲν
559 3144 705 3216 αὐτῷ
757 3144 944 3215 μένει,
973 3142 1068 3197 καὶ
1101 3140 1263 3204 αὐτὸς
1300 3142 1358 3194 ὲν
1393 3140 1472 3211 τῷ
1501 3139 1640 3209 Θεῷ.
1675 3155 1694 3189 ι
1741 3137 1866 3189 ’Λπ-

1980 3146 2030 3200 ἰιι
2065 3159 2130 3200 eo
2178 3157 2378 3211 manet,
2411 3155 2466 3199 et
2501 3146 2615 3213 ipse
2669 3145 2723 3199 in
2775 3146 2882 3199 Deo
2914 3146 2981 3199 ⁵⁷.
3018 3163 3035 3196 ι
3078 3144 3419 3215 Unigenitum
3451 3146 3542 3200 Dei

307 3239 562 3293 εστάλθαι
589 3237 767 3307 φαμὲν
788 3233 938 3305 παρὰ
965 3233 1058 3287 τοῦ
1084 3232 1221 3286 Θεοῦ
1249 3232 1345 3287 καὶ
1370 3232 1582 3302 Πατρὸς
1602 3231 1694 3283 τὸν
1721 3227 1866 3295 Υίὸν,

1980 3231 2192 3297 Filium,
2222 3235 2324 3288 hoc
2339 3245 2421 3290 est
2440 3235 2673 3290 Verbum
2695 3237 2839 3305 quod
2858 3237 3173 3291 naturaliter
3195 3252 3262 3292 ex
3290 3238 3395 3291 Deo
3417 3252 3545 3306 pro-

316 3330 564 3386 τουτέστι
594 3328 683 3383 τὸν
727 3326 789 3391 ἐξ
812 3325 975 3380 αὐτοῦ
1009 3324 1149 3378 κατὰ
1175 3322 1335 3393 φύσιν
1366 3321 1631 3393 μονογενῆ
1662 3320 1866 3388 Λόγον·

1985 3325 2150 3390 cedit,
2180 3340 2212 3379 a
2261 3324 2372 3380 Deo
2412 3335 2466 3381 et
2497 3324 2659 3380 Patre
2688 3329 2913 3382 missum
2946 3329 3308 3397 agnoscimus.
3333 3326 3441 3398 95
3468 3328 3549 3381 ld-

311 3424 629 3495 ὠνομὰσθαι
672 3421 732 3475 δὲ
775 3419 936 3473 αὐτὸν
990 3417 1236 3488 Ἰησοῦν,
1293 3417 1382 3470 ὅτε
1435 3420 1531 3471 καὶ
1579 3415 1679 3487 τήν
1733 3415 1866 3471 κατὰ

1980 3417 2153 3488 ipsum
2178 3428 2355 3472 autem
2391 3427 2505 3473 tum
2546 3421 2761 3474 demum
2792 3418 2976 3473 Jesum
3025 3420 3349 3490 appellatum
3385 3422 3552 3474 tuisse

316 3513 492 3584 σάρκα
514 3512 766 3581 γέννησιν
796 3511 863 3562 ὲκ
890 3507 1147 3577 γυναικὸς
1170 3504 1464 3574 ὑπέμεινεν
1493 3503 1873 3574 οἰκονομικῶς.

312 3602 521 3659 Οὐκοῦν
561 3604 589 3654 ὁ
626 3603 691 3654 ὲκ
738 3597 873 3652 Θεοῦ
922 3598 1094 3666 Λόγος
1141 3597 1362 3665 γέγονεν
1409 3595 1714 3663 ἄνθρωπος.
1756 3596 1878 3650 Κᾶν

313 3695 448 3755 εῐτις
491 3688 664 3751 οὕτως
710 3688 1095 3757 ὁμολογήσειεν
1141 3685 1325 3749 αὑτὸν,
1369 3684 1482 3753 ἔχει
1538 3684 1766 3754 μένοντα
1819 3688 1879 3740 ὲν

312 3781 492 3850 ἑαυτῷ
540 3780 631 3834 τὸν
674 3780 827 3843 Θεὸν,
879 3778 1032 3831 ἔσται
1063 3776 1120 3829 δὲ
1156 3776 1250 3830 καὶ
1294 3777 1457 3838 αὐτὸς
1501 3776 1560 3829 ἐν
1603 3775 1682 3844 τῷ
1721 3775 1874 3846 Θεῷ·

315 3872 685 3946 μνησθήσεται
710 3870 816 3941 γὰρ
842 3868 1028 3933 αὐτοῦ,
1057 3868 1320 3936 λογιεῖται
1375 3865 1433 3918 δὲ
1476 3864 1638 3918 αὐτὸν
1681 3866 1882 3919 οἰκεῖον

312 3966 389 4028 ὡς
415 3965 636 4035 μέτοχον
663 3961 848 4015 αὐτοῦ.
881 3961 939 4013 Ὁ
963 3960 1020 4014 δὲ
1048 3959 1121 4030 μὴ
1149 3957 1451 4029 ὁμολογῶν,
1476 3958 1557 4011 ὅτι
1579 3957 1740 4020 αὐτὸς
1769 3960 1797 4011 6
1818 3960 1882 4010 ὲκ

312 4056 450 4109 Θεοῦ
475 4055 687 4125 Πατρὸς
718 4054 890 4122 Λόγος
930 4050 1139 4121 Ἰησοῦς
1180 4051 1325 4114 ἐστι,
1357 4048 1547 4111 καθεὶς
1573 4049 1764 4102 ἑαυτὸν
1802 4051 1881 4112 είς

314 4145 729 4217 ἀνθρωπότητα,
759 4143 882 4196 οῦτε
914 4141 1045 4195 Θεὸν
1076 4142 1137 4194 ὲν
1181 4139 1360 4211 ἑαυτῷ
1401 4139 1755 4210 πλουτήσειεν
1790 4138 1878 4206 ἂν,

314 4237 441 4290 οὔτε
494 4237 600 4306 μὴν
655 4233 816 4297 αὐτὸς
861 4236 919 4286 ὲν
982 4231 1102 4302 Θεῷ
1141 4231 1315 4299 ἔσται,
1368 4231 1509 4286 κατά
1553 4246 1618 4299 γε
1664 4229 1753 4283 τὸν
1780 4230 1882 4301 τῆς

316 4323 696 4396 πνευματικῆς
722 4322 1049 4394 οἰκειότητος
1076 4321 1297 4394 τρόπον.

397 4525 416 4560 ι
442 4506 561 4567 Πᾶς
585 4505 613 4558 6
633 4501 904 4557 πιστεύων
929 4503 1012 4557 ὅτι
1056 4500 1265 4574 Ἰησοῦς
1303 4501 1454 4555 ἐστιν
1487 4499 1516 4554 6
1543 4500 1798 4572 Χριστὸς,
1822 4503 1887 4556 ὲκ

318 4597 413 4651 τοῦ
446 4594 582 4650 Θεοῦ
616 4594 958 4666 γεγέννηται.
997 4612 1017 4646 ι
1050 4592 1257 4648 Οὐκοῦν
1289 4594 1319 4646 6
1347 4591 1422 4665 μὴ
1456 4591 1744 4660 πιστεύων,
1767 4593 1888 4648 οὐδὲ

323 4691 380 4744 ὲν
418 4691 629 4752 τέκνοις
658 4688 795 4743 Θεοῦ
828 4686 1244 4756 καταλογισθείη
1285 4686 1370 4741 ἄν.
1426 4687 1491 4741 Εἰ
1516 4685 1625 4758 γὰρ
1653 4687 1767 4740 ὅσοι
1798 4686 1891 4741 τὸν

323 4781 452 4835 Υίὸν
481 4781 693 4843 ἔλαϐον,
730 4779 931 4831 ἔδωκεν
954 4779 1137 4841 αὐτοῖς
1162 4777 1411 4842 ἐξουσίαν
1446 4779 1610 4833 τέκνα
1632 4777 1766 4832 Θεοῦ
1795 4795 1892 4848 γε-

325 4872 531 4935 νέσθαι,
559 4871 703 4926 mea
732 4870 895 4940 φησὶν
925 4870 956 4921 6
998 4868 1387 4938 εὐαγγελιστής
1405 4884 1421 4900 ’
1452 4872 1500 4923 οἱ
1540 4871 1613 4941 μὴ
1639 4868 1893 4935 λαὸόντες

327 4964 508 5026 αὐτὸν,
537 4964 644 5017 οὐδ’
675 4962 741 5016 ἂν
769 4964 826 5014 ὲν
881 4960 1091 5022 τέκνοις
1139 4958 1275 5011 Θεοῦ
1319 4960 1762 5030 καταλογισθεῖεν
1804 4964 1892 5030 ἂν,

326 5052 442 5116 τὸν,
474 5052 539 5105 δι’
564 5045 626 5105 οὗ
655 5049 811 5103 τοῦτο
832 5048 1087 5119 ὑπάρχει,
1116 5045 1189 5117 μὴ
1221 5047 1538 5114 ἐγνωκότες.

405 5244 425 5279 ι
466 5225 562 5289 Τίς
594 5224 650 5279 δέ
676 5226 825 5277 ἔστιν
870 5224 900 5276 6
944 5220 1111 5275 νικῶν
1143 5219 1235 5275 τὸν
1267 5220 1504 5291 κόσμον,
1538 5224 1587 5276 εί
1624 5222 1700 5295 μὴ
1736 5226 1764 5278 6
1806 5243 1897 5279 πε..

332 5316 537 5371 στεύων
577 5317 659 5370 ὅτι
696 5312 902 5386 Ἰησοῦς
943 5314 1090 5367 ὲστιν
1132 5314 1161 5365 6
1202 5311 1330 5376 Υἱὸς
1380 5311 1466 5366 τοῦ
1515 5312 1684 5380 Θεοῦ;
1728 5309 1897 5381 Οὗτός

332 5407 479 5461 ἐστιν
525 5408 555 5459 6
601 5404 771 5458 ἐλθὼν
798 5405 867 5458 δι’
897 5403 1089 5466 ὓδατος
1130 5402 1225 5456 καὶ
1251 5402 1480 5473 αἵματος
1516 5402 1721 5474 Ἰησοῦς
1756 5405 1895 5479 Χρι-

337 5672 378 5722 ι,
412 5651 497 5708 ιι.

1983 3525 2378 3575 asseveramus,
2408 3526 2528 3565 cum
2558 3511 2956 3579 dispensatorie
2986 3515 3282 3568 secundum
3330 3528 3550 3567 carnem

1980 3617 2047 3658 ex
2102 3602 2329 3656 muliere
2378 3603 2526 3656 nasci
2577 3602 2920 3671 dedignatum
2951 3620 3054 3658 non
3105 3614 3206 3659 est.
3239 3603 3332 3657 Dei
3366 3605 3551 3674 itaque

1984 3691 2217 3747 Verbum
2264 3692 2424 3747 homo
2463 3692 2660 3747 factum
2689 3705 2794 3747 est.
2825 3694 2888 3747 Et
2922 3694 2967 3748 si
2991 3694 3205 3763 quisita
3248 3695 3552 3762 proﬁtetur,

1986 3784 2032 3839 is
2059 3783 2227 3838 Deum
2262 3783 2315 3837 in
2372 3798 2431 3837 se
2481 3792 2791 3837 manentem
2850 3784 3034 3848 habet,
3072 3794 3127 3837 et
3160 3786 3274 3852 ipse
3313 3784 3553 3837 vicissim

1985 3875 2042 3929 in
2068 3874 2178 3928 Deo
2202 3873 2458 3929 manebit.
2488 3872 2884 3928 Reeordabitur
2914 3875 3059 3928 enim
3096 3874 3261 3935 illius,
3297 3888 3361 3927 ac
3391 3873 3555 3928 veluti

1986 3965 2242 4020 societate
2261 3963 2493 4031 quadam
2522 3962 2867 4030 coniunctum
2896 3963 3042 4017 inter
3061 3963 3352 4017 familiares
3371 3978 3559 4017 nume-

1988 4056 2148 4110 rabit.
2185 4054 2369 4123 Atqui
2394 4054 2571 4122 ipsum
2611 4053 2705 4107 Dei
2729 4054 2903 4108 Patris
2934 4051 3169 4108 Verbum
3205 4069 3325 4109 esse
3345 4052 3554 4120 Jesum,

1987 4156 2043 4200 et
2072 4145 2125 4200 in
2166 4146 2452 4198 humanam
2504 4154 2752 4197 naturam
2781 4158 2840 4198 se
2871 4144 3157 4200 demisisse
3196 4161 3301 4198 non
3334 4146 3558 4201 conﬁte-

1991 4247 2099 4301 tur,
2132 4236 2221 4289 ille
2254 4250 2427 4304 neque
2465 4233 2629 4289 Deum
2661 4234 2932 4300 obtinere,
2966 4251 3140 4305 neque
3161 4252 3256 4306 per
3298 4238 3558 4305 spiritalis

1991 4326 2374 4382 familiaritatis
2400 4327 2616 4382 modum
2648 4327 2752 4381 ulla
2800 4329 3088 4383 rationein
3114 4330 3228 4399 ipso
3254 4330 3557 4387 consistere

1918 4404 1963 4459 Ῑ)
1988 4416 2208 4489 poterit.

2063 4528 2084 4562 ι
2123 4507 2314 4565 Omnis
2342 4509 2430 4579 qui
2451 4509 2623 4565 credit
2651 4509 2909 4582 quoniam
2959 4509 3120 4567 Jesus
3164 4519 3247 4566 est
3281 4511 3556 4577 Christus,

1988 4614 2055 4657 ex
2082 4599 2194 4656 Deo
2220 4612 2381 4656 natus
2415 4611 2502 4657 est
2529 4601 2595 4675 ⁵⁸.
2618 4621 2636 4655 ι
2674 4602 2776 4669 Qui
2816 4602 2983 4672 igitur
3038 4603 3092 4656 id
3126 4617 3235 4656 non
3267 4603 3462 4666 credit,
3512 4602 3560 4656 is

1990 4692 2132 4749 inter
2166 4692 2258 4748 Dei
2283 4694 2420 4750 ﬁlios
2448 4693 2633 4750 haberi
2668 4695 2878 4764 nequit.
2936 4694 3067 4750 Nam
3101 4693 3148 4747 si
3184 4694 3251 4746 iis
3279 4692 3556 4757 omnibus,

1994 4785 2086 4854 qui
2115 4783 2311 4839 Filium
2360 4794 2702 4854 receperunt,
2745 4793 3067 4854 potestatem
3112 4782 3258 4835 dedit
3290 4782 3427 4835 ﬁlios
3468 4781 3560 4837 Dei

1994 4875 2136 4937 ﬁeri,
2168 4888 2224 4929 ut
2267 4875 2597 4946 evangelista
2645 4884 2875 4929 testatur
2903 4874 2982 4937 ”;
3013 4888 3351 4940 consequens
3389 4874 3481 4938 sit,
3514 4877 3561 4930 si

1996 4966 2087 5034 qui
2114 4963 2265 5018 illum
2297 4976 2407 5020 non
2424 4966 2713 5034 recipiunt,
2747 4979 2842 5020 eos
2867 4964 3011 5018 inter
3044 4962 3135 5016 Dei
3158 4963 3300 5018 ﬁlios
3354 4966 3563 5020 censeri

1997 5071 2103 5111 non
2141 5071 2332 5127 posse;
2367 5065 2427 5111 ut
2452 5058 2541 5126 qui
2577 5071 2723 5123 eum,
2756 5071 2852 5127 per
2869 5069 3028 5124 quem
3060 5055 3162 5108 hoc
3206 5055 3384 5124 ipsum
3421 5055 3564 5109 licc—

2000 5145 2113 5210 bat,
2143 5162 2248 5200 non
2273 5146 2613 5217 agnoverint.

2087 5252 2107 5286 ι
2145 5235 2276 5302 Quis
2305 5244 2390 5291 est
2424 5234 2518 5303 qui
2564 5234 2735 5288 vincit
2786 5232 3067 5297 mundum,
3112 5229 3215 5285 nisi
3251 5230 3342 5300 qui
3394 5232 3566 5287 credit

2000 5327 2255 5395 quoniam
2280 5325 2440 5383 Jesus
2465 5335 2548 5382 est
2570 5325 2742 5381 Filius
2765 5324 2893 5378 Dei?
2925 5321 3024 5377 llic
3047 5332 3130 5378 est
3154 5323 3244 5393 qui
3279 5323 3424 5378 venit
3470 5339 3566 5392 per

2006 5431 2201 5486 aquam
2232 5427 2287 5473 et
2331 5420 2647 5490 sanguinem
2677 5416 2835 5473 Jesus
2858 5414 3107 5470 Christus
3141 5431 3156 5470 :
3188 5429 3295 5470 non
3334 5417 3385 5471 in
3426 5434 3564 5487 aqua

406 5581 643 5656 ιξδᾲιοίιιι,
680 5596 754 5649 vr,
802 5580 892 5636 47.
969 5578 1058 5634 ⁵⁸1
1093 5576 1246 5634 Joan.
1276 5592 1361 5643 ιιι,
1386 5576 1477 5632 23.
1556 5577 1647 5632 "l
1681 5578 1832 5637 Joan.

1980 5585 2031 5650 2,
2060 5584 2113 5639 '5.
2191 5587 2233 5619 ⁸⁷
2268 5585 2425 5643 Joan.
2458 5603 2529 5656 tv,
2564 5586 2748 5644 “~16.
2796 5589 2842 5622 ⁸⁸
2885 5588 2904 5644 1
2937 5586 3093 5645 Joan.
3118 5602 3173 5654 ν,
3206 5588 3256 5645 1.
3335 5589 3380 5621 ⁸⁹
3411 5585 3567 5643 Joan.
