3910 6200
336 202 470 258 1287

1342 201 1404 261 S.
1445 202 1713 258 CYRILLI
1751 201 2221 259 ALEXANDBINI
2260 202 2579 260 ARCHIEP.

3450 200 3588 259 1288

336 317 543 382 solum,
598 316 693 372 sed
749 318 804 372 in
837 331 973 384 aqua
1008 325 1065 374 et
1095 317 1377 389 sanguine.
1413 319 1484 375 Et
1532 319 1779 390 Spiritus
1824 327 1906 374 est

2029 318 2167 383 ιτός·
2205 318 2305 372 οὐκ
2333 320 2390 371 ἐν
2414 317 2493 388 τῷ
2540 316 2691 371 ὕδατι
2731 315 2912 387 μόνον,
2946 315 3059 370 ἀλλ’
3099 315 3158 369 ὲν
3187 313 3265 385 τῷ
3299 313 3452 381 ὕδατι
3491 315 3589 370 καὶ

336 407 429 477 qui
463 405 787 461 testiﬁcatur
818 406 1076 476 quoniam
1113 406 1348 475 Spiritus
1371 414 1455 462 est
1490 406 1716 462 veritas.
1764 404 1909 473 Quo-

337 497 485 550 niam
520 505 633 549 tres
665 503 813 559 sunt,
844 493 940 562 qui
975 494 1344 549 testiinonium
1399 495 1532 549 dant
1566 512 1580 547 :
1642 491 1908 561 Spiritus,

337 602 499 657 aqua,
530 594 587 642 et
606 586 867 654 sanguis;
892 594 952 640 et
986 585 1041 640 hi
1073 594 1183 641 tres
1210 600 1379 641 unum
1419 595 1549 641 sunt
1573 584 1643 643 ‘°.
1674 602 1692 636 ι
1750 582 1909 637 Mun-

254 736 263 749 l
338 682 465 734 dum
495 677 883 748 itaquevincit,
915 677 1009 748 qui
1071 676 1247 732 credit
1304 676 1488 731 Jesum
1546 690 1666 732 esse
1713 674 1910 729 Filium

341 770 456 826 Dei.
480 768 648 825 Porro
681 777 862 823 autem
882 769 1131 837 quisnam
1165 764 1329 822 Jesus
1355 767 1445 823 ille
1483 767 1577 830 sit,
1601 766 1655 820 id
1687 766 1804 835 ipse
1831 764 1914 818 di-

339 861 579 931 scipulus
607 857 736 915 Jesu
760 857 1028 928 ejusmodi
1057 857 1241 912 verbis
1272 857 1429 911 nobis
1455 855 1712 924 exponit:
1753 852 1914 923 «ipse

339 962 445 1017 est,
477 950 673 1020 inquit,
700 950 791 1017 qui
819 948 965 1001 venit
985 962 1082 1016 per
1107 961 1300 1015 aquam
1320 958 1374 999 ct
1402 946 1722 1016 sanguinem
1755 940 1914 998 Jesus

341 1042 616 1097 Christus.
646 1058 666 1093 ι
704 1039 1014 1107 Utrumque
1039 1038 1236 1091 asserit
1280 1036 1333 1091 in
1357 1036 1622 1105 sanguine
1653 1034 1911 1089 nimirum

339 1135 575 1198 venisse,
599 1140 651 1186 et
674 1129 882 1198 Spiritu
908 1148 923 1195 ;
954 1136 1009 1184 et
1036 1137 1145 1182 tres
1173 1143 1389 1182 rursum
1420 1142 1585 1181 unum
1609 1141 1754 1181 esse.
1785 1124 1916 1180 Ver-

340 1225 465 1278 bum
496 1224 680 1293 itaque
703 1220 905 1276 l‘aetum
941 1228 1028 1275 est
1055 1234 1205 1286 caro,
1248 1218 1391 1289 quod
1421 1216 1627 1286 Spiritu
1665 1231 1763 1272 nos
1790 1231 1916 1270 san-

344 1314 564 1380 ctiﬁcat,
623 1321 676 1367 et
712 1310 976 1382 sanguine
1017 1326 1125 1366 nos
1178 1310 1382 1379 expiat,
1444 1317 1498 1363 et
1547 1323 1685 1377 aqua
1718 1305 1916 1360 munda

341 1419 440 1459 nos
465 1403 653 1459 abluit.
699 1402 852 1459 Unus
889 1409 1072 1456 tamen
1095 1401 1322 1456 omnino
1374 1407 1459 1456 est
1511 1398 1700 1461 Filius,
1762 1397 1918 1468 cujus

343 1495 607 1564 Spiritum
639 1502 693 1548 et
719 1507 940 1562 aquam,
987 1500 1042 1546 et
1070 1491 1390 1561 sanguinem
1421 1503 1543 1545 esse
1577 1488 1840 1543 dicimus.

417 1605 435 1637 ι
468 1584 524 1640 Si
558 1584 932 1639 testimonium
980 1582 1261 1637 hominum
1305 1581 1625 1651 accipimus,
1677 1580 1921 1644 testimo:

2012 411 2224 479 αἵματι.
2266 410 2378 464 Καὶ
2423 409 2484 463 τὸ
2528 406 2755 478 Πνεῦμά
2784 408 2900 460 ἐστι
2932 406 2995 460 τὸ
3034 405 3350 478 μαρτυροῦν
3411 406 3494 459 ὅτι
3531 405 3593 460 τὸ

2013 500 2239 570 Πνεῦμά
2274 502 2421 554 ἐστιν
2454 498 2716 570 ἀλήθεια⁸
2767 498 2850 551 ὅτι
2894 500 3049 569 τρεῖς
3100 496 3475 569 μαρτυροῦσν
3532 497 3598 551 τὸ

2013 590 2258 661 Πνεῦμα,
2299 591 2395 645 καὶ
2418 590 2481 644 τδ
2506 589 2673 660 ὕδωρ,
2703 588 2801 644 καὶ
2834 587 2897 642 τδ
2941 583 3111 658 αἷμαο
3149 588 3243 641 καὶ⁵
3268 589 3318 641 οἱ
3342 591 3497 660 τρεῖς
3537 589 3600 645 ἓν

2014 681 2143 734 εἱσι.
2185 700 2203 732 ι
2244 682 2391 752 Νικᾷ
2429 682 2527 752 μὲν
2552 681 2645 735 τὸν
2676 681 2883 749 κόσμον
2912 681 2941 733 6
2971 677 3241 732 πιστεύων
3266 680 3349 733 ὅτι
3384 679 3601 750 Ἰησοῦς

2013 771 2162 825 ἐστιν
2205 773 2234 825 6
2290 771 2418 835 Υἱὸς
2460 770 2551 825 τοῦ
2585 770 2741 825 Θεοῦ.
2782 770 2880 833 Τίς
2911 769 2969 822 δέ
2998 771 3145 823 ἐστιν
3180 767 3406 840 Ἰησοῦς,
3434 769 3603 831 αὐτὸς

2015 864 2146 934 ἡμῖν
2182 863 2212 917 6
2250 862 2427 933 Ἰησοῦ
2479 862 2730 934 μαθητὴς
2779 862 3060 931 διατρανοῖ
3105 860 3311 930 λέγων·
3370 880 3390 913 ι
3426 855 3603 923 Οὗτός

2017 952 2168 1005 ἐστιν
2195 953 2224 1005 6
2251 951 2422 1005 ἐλθὼν
2470 952 2537 1005 δι’
2584 951 2778 1014 ὓδατος
2810 950 2905 1005 καὶ
2949 951 3180 1021 αἳματος
3221 949 3424 1019 Ἰησοῦς
3463 951 3606 1021 Χρι-

2019 1042 2163 1104 στός.
2200 1060 2218 1095 ι
2261 1042 2420 1096 Ἀλλὰ
2446 1043 2540 1098 καὶ
2564 1044 2622 1096 ὲν
2653 1041 2848 1112 αἵματί
2877 1057 3032 1112 φησι,
3078 1041 3173 1094 καὶ
3196 1041 3254 1093 ὲν
3283 1039 3600 1111 Πνεύματι’

2015 1133 2269 1197 καὶτοὺς
2294 1135 2442 1204 τρεῖς
2486 1133 2544 1186 ἒν
2594 1128 2733 1188 εἶναι
2777 1148 2963 1203 φησιν.
3018 1130 3227 1184 Οὐκοῦν
3269 1130 3459 1199 γέγονε
3499 1132 3607 1202 μὲν

2020 1224 2158 1296 σὰρξ
2187 1228 2215 1279 6
2252 1226 2426 1294 Λόγος
2448 1266 2464 1292 ,
2511 1226 2731 1295 ἁγιάζει
2760 1226 2815 1280 δὲ
2848 1227 2996 1297 ἡμᾶς
3039 1224 3119 1295 τῷ
3154 1222 3467 1295 Πνεύματι,
3502 1225 3607 1278 καὶ

2018 1316 2307 1389 καθαρίζει
2352 1317 2431 1389 τῷ
2483 1318 2721 1388 αἵματι,
2791 1317 2888 1371 καὶ
2939 1315 3196 1370 ἀπολούει
3244 1316 3407 1370 πάλιν
3447 1315 3608 1369 ὕδατι

2019 1411 2272 1483 καθαρῷ.
2304 1408 2398 1476 Εἷς
2426 1412 2483 1466 δὲ
2511 1412 2575 1483 δὴ
2602 1411 2820 1475 πάντως
2855 1413 2884 1464 ὁ
2911 1411 3039 1475 Υἱὸς
3061 1452 3076 1478 ,
3109 1405 3171 1466 οὗ
3205 1411 3300 1465 καὶ
3326 1406 3465 1464 εἷναί
3498 1427 3609 1480 φα-

2024 1519 2122 1572 μεν
2153 1503 2213 1555 τὸ
2242 1502 2489 1574 Πνεῦμα,
2522 1504 2616 1557 καὶ
2652 1503 2715 1557 τὸ
2746 1501 2912 1575 ὕδωρ,
2940 1503 3033 1556 καὶ
3060 1503 3120 1556 τὸ
3152 1498 3311 1573 αἷμα.

2096 1611 2116 1645 ι
2155 1593 2218 1646 Εἰ
2242 1594 2340 1665 τὴν
2373 1594 2684 1666 μαρτυρίαν
2725 1594 2835 1648 τῶν
2870 1594 3176 1666 ἀνθρώπιον
3218 1583 3605 1666 λαμϐάνομεν,

341 1675 490 1729 nium
530 1674 621 1728 Dei
650 1673 826 1744 majus
852 1681 975 1727 est:
1009 1672 1262 1742 quoniam
1301 1671 1402 1725 hoc
1434 1679 1517 1725 cst
1543 1669 1915 1725 testimonium

2029 1685 2054 1755 ἡ
2088 1685 2360 1756 μαρτυρία
2390 1685 2486 1739 τοῦ
2516 1686 2652 1739 Θεοῦ
2699 1686 2903 1757 μείζων
2933 1686 3082 1741 ἐστίν
3102 1704 3116 1718 ·
3142 1688 3227 1740 ὅτι
3265 1686 3407 1759 αῦτη
3454 1690 3609 1743 ἐστὶν

345 1767 459 1831 Dei,
489 1764 630 1835 quod
662 1763 838 1834 majus
875 1771 980 1826 est,
1025 1760 1283 1831 quoniam
1350 1759 1670 1815 testiﬁcatus
1716 1763 1802 1812 est
1856 1757 1922 1811 de

344 1855 483 1912 Filio
511 1870 629 1910 suo.
665 1852 768 1920 Qui
796 1852 969 1907 credit
992 1851 1044 1905 in
1091 1848 1288 1905 Filium
1323 1846 1441 1914 Dei,
1470 1846 1635 1902 habet
1679 1845 1923 1901 testimo-

346 1948 495 2003 nium
523 1949 617 2002 Dei
653 1947 708 2001 in
747 1960 829 2003 se.
870 1944 971 2011 Qui
1023 1958 1127 1998 non
1163 1941 1338 1998 credit
1387 1939 1546 2008 Filio,
1598 1940 1918 1994 mendacem

353 2039 487 2094 facit
517 2053 662 2105 eum,
691 2026 819 2106 quia
855 2050 961 2089 non
1010 2034 1184 2089 credit
1236 2034 1289 2088 in
1342 2031 1735 2096 testimonium,
1777 2029 1922 2101 quod

346 2133 487 2186 Deus
520 2131 851 2185 testiﬁcatus
878 2136 959 2180 est
979 2126 1045 2180 de
1063 2123 1203 2179 Filio
1226 2123 1407 2179 suo“.
1436 2141 1454 2174 ι
1500 2122 1567 2176 Ει
1590 2120 1822 2191 Spiritu,
1855 2128 1911 2175 et

349 2237 481 2277 voce
513 2221 674 2277 Pater
705 2219 843 2274 Filio
881 2218 992 2289 96
1027 2215 1407 2271 testimonium
1453 2213 1747 2284 perhibuit.
1786 2209 1922 2266 Nam

342 2329 532 2371 verum
559 2313 706 2369 illum
734 2312 850 2382 ejus
871 2325 993 2365 esse
1015 2307 1238 2371 Filium,
1302 2308 1407 2362 hoc
1469 2307 1590 2377 ipso
1653 2312 1917 2360 testatum

345 2409 506 2467 nobis
539 2406 630 2471 sit,
658 2403 804 2473 quod
833 2402 1098 2472 Spiritum
1153 2407 1400 2455 sanctum
1434 2397 1924 2469 perﬁciendorum-

345 2516 450 2571 que
480 2496 869 2553 miraculorum
901 2494 1008 2547 vim
1033 2493 1240 2546 sanctis
1280 2491 1395 2560 ipse
1424 2488 1670 2557 dilargiri
1715 2486 1918 2557 potuit.

350 2594 526 2660 Atque
558 2589 663 2643 huc
688 2586 876 2654 utique
910 2583 1184 2649 tendebat,
1213 2581 1452 2651 quando,
1487 2599 1506 2631 ι
1541 2578 1633 2636 Ille
1652 2592 1736 2633 me
1765 2577 1924 2632 clari-

349 2681 533 2736 ﬁcabit
561 2678 630 2743 ⁶²,
670 2695 689 2730 ι
757 2676 956 2731 aiebat.
980 2673 1101 2728 Alio
1131 2687 1345 2742 quoque
1362 2672 1520 2727 modo
1554 2669 1921 2726 testimonium

243 2789 248 2795 ’
347 2774 524 2829 eidem
563 2769 858 2840 perhibuit.
895 2767 953 2822 Si
982 2765 1199 2836 quidem
1245 2765 1297 2819 in
1348 2763 1584 2819 Jordanc
1653 2761 1923 2831 ejusmodi

345 2865 522 2936 elogio
554 2861 704 2918 illum
737 2858 1090 2917 clariﬁcavit:
1128 2875 1147 2909 ι
1184 2856 1302 2922 Hic,
1339 2856 1435 2921 ait,
1466 2854 1743 2911 estFilius
1764 2868 1919 2909 meus

350 2957 603 3020 dilectus,
634 2955 687 3007 in
724 2965 831 3022 quo
861 2949 995 3005 mihi
1027 2949 1166 3004 bene
1188 2947 1490 3017 complacui
1514 2946 1583 3001 ".
1617 2963 1638 3000 ι
1680 2945 1922 3012 Quicun-

2023 1778 2056 1848 ἡ
2106 1777 2380 1849 μαρτυρία
2421 1778 2517 1832 τοῦ
2550 1777 2711 1843 Θεοῦ,
2763 1779 2845 1832 ὅτι
2891 1778 3288 1849 μεμαρτύρηκε
3330 1781 3462 1850 περὶ
3506 1782 3609 1835 τοῦ

2023 1867 2155 1922 Υίοῦ
2207 1867 2396 1923 αὑτοῦ.
2447 1869 2504 1924 '0
2542 1869 2812 1924 πιστεύων
2857 1871 2939 1934 εἰς
2982 1870 3074 1924 τὸν
3117 1870 3246 1925 Υίδν
3287 1871 3383 1924 τοῦ
3437 1873 3604 1942 Θεοῦ,

2022 1958 2137 2029 ἔχει
2175 1960 2274 2031 τὴν
2325 1960 2630 2032 μαρτυρίαν
2656 1962 2729 2015 -ὲν
2760 1962 2960 2033 ἐαυτῷ.
2998 1962 3056 2016 '0
3095 1963 3170 2034 μὴ
3220 1964 3494 2019 πιστεύων
3523 1966 3609 2037 τῷ

2022 2049 2162 2122 Θεῷ,
2193 2041 2435 2122 ψεύστην
2483 2052 2782 2123 πεποίηκεν
2812 2052 2995 2119 αὐτὸν,
3025 2055 3107 2108 ὅτι
3142 2054 3242 2108 ούκ
3280 2055 3609 2110 ἐπίστευσεν

2022 2140 2104 2205 είς
2144 2141 2245 2212 τὴν
2302 2143 2630 2214 μαρτυρίαν,
2664 2142 2734 2215 ἣν
2770 2143 3126 2216 ἐμαρτύρησε
3156 2146 3285 2217 περὶ
3329 2147 3426 2200 τοῦ
3469 2148 3607 2203 Υίοῦ

2023 2233 2211 2287 αὐτοῦ.
2254 2252 2273 2286 ι
2318 2234 2764 2307 Μεμαρτύρηκεν
2809 2239 2839 2290 ὁ
2872 2236 3062 2310 Πατὴρ
3094 2237 3173 2310 τῷ
3206 2238 3318 2310 Υἱῷ
3363 2240 3457 2294 διὰ
3506 2241 3607 2295 τοῦ

2025 2323 2380 2396 Πνεύματος,
2424 2327 2519 2381 καὶ
2558 2327 2650 2382 διὰ
2699 2329 2913 2399 φωνῆς·
2959 2331 3043 2384 ὅτι
3087 2331 3198 2403 γάρ
3237 2333 3387 2385 ἐστιν
3435 2333 3609 2387 αὐτοῦ

2023 2415 2165 2471 κατὰ
2222 2417 2500 2488 ἀλήθειαν,
2559 2421 2959 2492 μαρτυρήσειεν
3010 2422 3076 2477 ἂν
3121 2422 3184 2475 τὸ
3214 2427 3475 2496 χορηγεῖν
3509 2425 3610 2479 δύο

2024 2507 2217 2563 νασθαι
2259 2511 2372 2574 τοῖς
2402 2510 2580 2579 ἁγίοις
2611 2511 2673 2565 τὸ
2716 2511 2942 2581 Πνεῦμα
2981 2513 3164 2582 αὐτὸν,
3211 2516 3302 2568 καὶ
3334 2516 3402 2569 δι’
3433 2517 3607 2571 αὑτοῦ

2023 2597 2283 2668 δυνάμεις
2310 2600 2580 2671 ἐνεργεῖν.
2615 2602 2726 2656 Καὶ
2754 2601 2885 2671 γοῦν
2916 2602 3174 2673 ἔφασκεν,
3206 2604 3291 2659 ὅτι
3320 2624 3338 2657 ι
3362 2606 3612 2672 Ἐκεῖνος

2026 2690 2129 2761 ἐμὲ
2170 2690 2405 2758 δοξάσει.
2454 2712 2475 2745 ι
2530 2694 2944 2767 Μεμαρτύρηκε
2996 2695 3056 2751 δὲ
3103 2698 3200 2752 καὶ
3249 2698 3372 2752 καθ’
3411 2699 3609 2769 ἕτερον

2023 2781 2225 2852 τρόπον
2249 2797 2263 2811 ·
2293 2782 2513 2851 ἐδόξασε
2533 2791 2557 2821 ⁸
2595 2784 2704 2856 γὰρ
2730 2786 2897 2841 αὑτὸν
2927 2787 2986 2841 ὲν
3015 2787 3095 2858 τῷ
3124 2787 3365 2861 Ἰορδάνῃ
3402 2788 3606 2859 λέγων*

2032 2890 2052 2925 ι
2086 2867 2254 2938 Οὗτός
2289 2876 2438 2929 ἐστιν
2471 2877 2501 2930 6
2547 2876 2678 2941 Υἱός
2725 2894 2828 2948 μου
2869 2880 2900 2932 6
2934 2879 3243 2952 ἀγαπητὸς,
3283 2882 3342 2935 ὲν
3371 2874 3416 2949 ᾧ
3445 2881 3615 2953 ηὐδό-

2027 2983 2196 3039 κησα.
2222 2987 2241 3020 ι
2265 2969 2421 3022 Ὅσοι
2452 2969 2632 3023 τοίνυν
2670 2969 3120 3042 ἀποδιαιροῦντὲς
3141 2988 3307 3041 φασιν
3336 2974 3438 3027 οὐκ
3463 2968 3611 3028 εἶναι

348 3060 452 3119 que
482 3045 646 3117 igitur
678 3042 945 3099 divisione
972 3039 1195 3096 inducta
1234 3054 1379 3108 eum,
1432 3038 1525 3109 qui
1561 3052 1625 3093 ex
1686 3037 1917 3092 muliere

2032 3017 2157 3113 Υίὺν
2187 3059 2437 3131 ἀληθινὸν
2467 3059 2558 3114 τὸν
2585 3062 2648 3115 ὲκ
2673 3017 2958 3131 γυναικοις,

351 3148 513 3196 natus
548 3146 650 3204 est,
685 3149 873 3189 verum
908 3134 999 3187 Dei
1033 3131 1231 3186 Filium
1262 3145 1390 3187 esse
1412 3139 1635 3201 negant,
1667 3129 1792 3184 Filii
1829 3143 1927 3184 au-

351 3242 458 3287 tem
492 3242 688 3285 nomen
719 3226 819 3281 εοΙὶ
843 3226 1096 3293 nudoque
1146 3223 1242 3279 Dei
1296 3222 1475 3277 Verbo
1531 3222 1853 3293 assignant;
1888 3219 1927 3274 ii

351 3323 564 3377 Patrem
592 3320 907 3377 mendacem
938 3317 1164 3382 faciunt,
1219 3326 1281 3369 ut
1333 3314 1423 3383 qui
1456 3312 1696 3370 Verbum
1739 3313 1928 3367 incar«

349 3425 536 3471 natum
567 3413 849 3469 evidenter
876 3409 1180 3465 ostenderit
1203 3407 1257 3461 in
1287 3405 1526 3461 Iordane
1555 3424 1569 3461 :
1601 3407 1730 3475 iquo
1760 3403 1925 3458 etiazn

352 3516 593 3574 tempore
620 3502 857 3572 Spiritus
876 3510 931 3556 et
955 3501 1097 3569 quod
1131 3499 1271 3553 Deus
1299 3509 1471 3564 esset,
1505 3506 1561 3553 et
1600 3496 1745 3568 quod
1766 3508 1926 3551 verus

349 3598 520 3655 Filius
542 3604 708 3664 esset,
746 3594 956 3650 diserte
985 3600 1213 3647 testatus
1235 3602 1337 3647 est.

809 3709 963 3775 Quod
986 3707 1225 3764 Christus
1250 3706 1320 3760 sit
1338 3706 1460 3760 vita.

563 3829 647 3884 Ea:
696 3825 983 3898 Evangelia
1020 3822 1311 3879 secundum
1368 3820 1704 3875 Matt/ratum.

419 3944 499 4001 De
540 3936 958 4012 arc‘hisynagogi
1022 3937 1133 3992 ﬁlia
1195 3933 1459 4003 scriptum
1525 3940 1719 3996 exsutt,
1780 3935 1925 4003 quod

356 4058 376 4092 ι
413 4052 535 4094 cum
565 4034 736 4101 ejecta
767 4040 914 4096 esset
945 4031 1126 4095 turba,
1160 4028 1388 4083 intravit
1410 4025 1590 4091 Jesus,
1627 4034 1684 4080 et
1743 4025 1923 4080 tenuit

350 4141 568 4183 manum
599 4124 739 4192 eius,
771 4130 827 4177 et
864 4120 1102 4177 surrexit
1144 4116 1322 4190 puella
1352 4116 1417 4172 “.
1454 4134 1473 4168 ι
1532 4116 1642 4171 Cur
1667 4159 1681 4183 ,
1715 4130 1923 4186 quzeso,

350 4220 478 4273 dum
520 4216 712 4286 puellae
734 4215 900 4268 vitam
933 4211 1194 4277 restituit,
1224 4224 1331 4265 non
1354 4208 1457 4263 fuit
1480 4217 1770 4264 contentus
1800 4221 1926 4263 ver-

2028 3150 2275 3222 υίότητος
2304 3151 2476 3222 ὄνομα
2514 3154 2606 3206 ἐπὶ
2650 3153 2855 3225 γυμνὸν
2902 3155 2999 3209 καὶ
3030 3155 3192 3226 μόνον
3219 3156 3311 3211 τὸν
3357 3159 3423 3211 ὲκ
3466 3156 3609 3214 Θεοῦ

2026 3242 2209 3311 Λόγον
2233 3284 2249 3309 ,
2284 3242 2525 3315 ψεύστην
2571 3245 2786 3300 ποιοῦσι
2818 3246 2911 3302 τὸν
2954 3246 3207 3318 Πατέραο
3251 3249 3615 3321 σαρκωθέντα

2027 3330 2136 3400 γὰρ
2173 3331 2264 3383 τὸν
2317 3332 2490 3400 Λόγον
2518 3331 2805 3398 ἀπέδειξεν
2834 3335 2892 3388 ὲν
2923 3334 3003 3405 τῷ
3040 3334 3313 3409 Ἰορδάνῃ,
3345 3334 3442 3387 καὶ
3483 3334 3615 3388 τότε

2031 3419 2427 3493 μεμαρτύρηκε
2467 3423 2530 3477 τὸ
2576 3422 2804 3495 Πνεῦμα
2834 3423 3004 3496 αὐτῷ,
3064 3427 3146 3481 ὅτι
3174 3425 3269 3480 καὶ
3298 3424 3433 3490 Θεός
3463 3425 3610 3492 ἐστι,

2027 3512 2123 3566 καὶ
2153 3512 2282 3575 Υἱὸς
2303 3512 2542 3585 ἀληθῶς.

2489 3721 2609 3772 Ὅτι
2647 3718 2757 3787 ζωὴ
2802 3721 2836 3772 δ
2874 3720 3148 3789 Χριστός.

2238 3830 2335 3885 Ἐκ
2364 3829 2469 3884 τοῦ
2492 3831 2643 3885 κατὰ
2665 3830 2970 3886 Ματθαῖον
3000 3834 3408 3904 Εὐαγγελίου.

2112 3940 2235 3994 Ἐπὶ
2262 3945 2327 4013 τῇ
2372 3941 2601 4014 θυγατρὶ
2646 3942 2743 3997 τοῦ
2779 3944 3232 4017 ἀρχισυναγώγου
3263 3946 3614 4017 γέγραπται,

2025 4032 2110 4086 ὅτι
2147 4052 2167 4084 ι
2202 4034 2329 4088 Ὅτε
2383 4032 2647 4106 ἐξεϐλήθη
2694 4037 2724 4089 6
2765 4036 2925 4107 ὖχ).ος
2953 4075 2970 4100 ,
3006 4036 3265 4091 εἰσελθὼν
3318 4038 3349 4091 6
3401 4040 3619 4109 Ἰησοῦς

2026 4126 2300 4197 ἐκράτησε
2333 4128 2432 4198 τῆς
2459 4127 2643 4200 χειρὸς
2692 4128 2862 4199 αὐτῆς
2884 4168 2899 4194 ,
2938 4129 3033 4183 καὶ
3063 4129 3272 4200 ἠγέρθη
3324 4130 3387 4183 τὸ
3440 4132 3619 4203 κορά-

2029 4234 2162 4271 σιον.
2199 4236 2218 4269 ι
2253 4216 2352 4272 Διὰ
2385 4217 2439 4272 τί
2469 4218 2544 4291 μὴ
2573 4218 2775 4290 μᾶλλον
2802 4220 2877 4283 ὡς
2909 4220 3004 4273 ἐπὶ
3032 4220 3129 4273 τοῦ
3161 4221 3421 4294 Λαζάρου
3451 4225 3623 4295 ἠρκέ-

258 4432 263 4439 ο
348 4413 413 4454 ea
474 4396 619 4451 illius
659 4393 1053 4465 apprehendit?
1098 4406 1299 4461 nempe
1340 4400 1400 4447 ut
1443 4394 1758 4446 ostenderet
1802 4406 1928 4446 cor-

348 4312 443 4374 bo,
469 4317 529 4361 ut
551 4310 602 4360 in
626 4305 823 4360 Lazari
849 4304 1295 4368 exsuscitatione;
1331 4301 1426 4357 sed
1457 4316 1672 4355 manum
1698 4309 1917 4369 praeter-

2034 4307 2135 4379 σθη
2182 4308 2327 4380 λόγῳ
2372 4310 2511 4382 πρὸς
2539 4311 2637 4381 τὴν
2664 4312 2962 4366 ἀνάστασιν
2990 4312 3085 4366 τοῦ
3123 4314 3410 4384 κορασίου,
3444 4315 3622 4386 ἐκρά-

2033 4416 2165 4468 τησε
2192 4400 2251 4453 δὲ
2284 4400 2377 4453 καὶ
2404 4402 2504 4472 τῆς
2535 4402 2716 4473 χειρὸς
2755 4404 2962 4474 αὑτῆς;
2994 4403 3110 4458 Ἵνα
3153 4404 3300 4475 δείξῃ
3345 4402 3624 4469 ζωοποιὺν

2034 4492 2095 4545 τὸ
2125 4489 2289 4546 αὐτοῦ
2327 4493 2521 4563 σῶμα·
2560 4494 2720 4565 σῶμα
2754 4495 2863 4568 γάρ
2902 4497 3022 4549 ἐστι
3052 4496 3220 4566 ζωῆς.
3264 4495 3477 4549 Οὐκοῦν
3514 4513 3627 4565 φυ-

349 4580 713 4648 Quamobrem
768 4576 899 4632 unio
934 4574 1092 4630 Verbi
1157 4590 1282 4629 cum
1340 4588 1507 4629 carne
1563 4573 1829 4629 naturalis
1872 4583 1917 4630 el

2037 4584 2163 4654 σικὴ
2200 4570 2399 4655 μᾶὶῖλον
2422 4586 2517 4640 καὶ
2546 4585 2751 4658 ἀληθὴς
2782 4589 2812 4657 ἡ
2846 4587 3040 4652 ἓνωσις
3066 4589 3101 4659 η
3133 4588 3270 4658 πρὸς
3295 4587 3397 4660 τὴν
3432 4588 3627 4659 σάρκα

348 4687 478 4730 vera
509 4677 616 4737 est,
653 4685 759 4725 non
787 4666 1090 4725 secundum
1130 4666 1305 4722 solam
1341 4679 1699 4736 personarum
1731 4665 1917 4722 coitio-

2035 4673 2127 4728 τοῦ
2158 4676 2356 4745 Λόγου,
2383 4677 2478 4731 καὶ
2507 4677 2592 4743 οὐ,
2628 4678 2771 4733 καθά
2794 4697 2959 4750 φασιν
2991 4680 3053 4745 ἐξ
3078 4679 3320 4752 ἀμαθίας
3343 4680 3517 4745 τινὲς,
3540 4681 3624 4745 ὡς

351 4777 495 4826 ιιειιι,
528 4760 610 4816 vel
646 4758 847 4814 nudam
884 4755 1051 4812 fausti
1084 4753 1324 4811 nominis
1370 4753 1808 4821 attributionem,
1832 4765 1917 4810 aut

2036 4765 2095 4820 ὲν
2136 4766 2316 4837 μόνοις
2346 4766 2658 4839 πέπρακται
2693 4769 3031 4838 προσώποις,
3063 4769 3097 4841 ἢ
3139 4767 3485 4840 κατὰτψιλὴν
3518 4768 3621 4821 εὖ·

350 4853 686 4909 voluntatum
738 4849 1111 4911 concordiam,
1180 4846 1296 4902 sive
1340 4846 1645 4918 simplicem
1699 4848 1917 4919 conjun-

2036 4858 2247 4930 φημίαν
2281 4860 2376 4913 καὶ
2406 4859 2644 4931 θέλησιν,
2679 4861 2800 4931 ἦτοι
2824 4862 3123 4931 συνάφειαν
3159 4860 3365 4926 ἁπλῶς.

349 4948 609 5009 ctionem,
633 4951 692 4997 ut
711 4942 927 5013 quidam
963 4939 1214 5011 imperite
1243 4948 1537 5011 nugantur.

347 4504 449 4560 pus
486 4502 645 4544 suum
703 4486 948 4541 viviﬁum
1007 4498 1163 4539 esse:
1235 4493 1324 4538 est
1370 4482 1517 4538 enim
1545 4497 1744 4551 corpus
1774 4482 1923 4538 vitaz.

649 5054 734 5112 Ea:
775 5054 1064 5127 Evangelia
1087 5053 1372 5110 secundum
1395 5053 1676 5110 Joannem.

429 5166 448 5201 ι
481 5147 794 5219 Operamini
825 5163 934 5205 non
961 5146 1142 5203 cibum
1177 5145 1269 5217 qui
1302 5148 1466 5217 perit,
1497 5150 1590 5203 sed
1623 5147 1713 5217 qui
1747 5156 1926 5202 manet

2246 5059 2342 5113 Ἐκ
2373 5060 2481 5115 τοῦ
2510 5062 2660 5117 κατὰ
2702 5062 2989 5132 Ἰωάννην
3014 5061 3411 5133 Εὐαητλίου.

2114 5167 2135 5200 ι
2179 5150 2531 5222 Ἐργάζεσθε,
2564 5154 2718 5226 φησι,
2761 5155 2837 5227 μὴ
2862 5155 2961 5227 τὴν
3005 5153 3209 5229 βρῶσιν
3236 5154 3339 5227 τὴν
3369 5150 3627 5211 ἀπολλυο

422 5297 513 5352 ⁸⁸1
539 5297 698 5359 Joan.
722 5314 776 5368 ν,
801 5300 923 5358 5—7.
995 5300 1038 5333 “
1065 5300 1197 5359 ibid.
1220 5316 1300 5371 ιι,
1325 5299 1413 5355 10.
1492 5302 1535 5333 ⁶²
1560 5296 1720 5354 Joan.
1750 5313 1861 5368 xvi,
1899 5301 1917 5355 l

2066 5301 2110 5334 ⁸³
2143 5303 2332 5359 Matth.
2362 5321 2445 5371 ut,
2484 5306 2571 5362 l7.
2647 5308 2694 5342 “
2724 5308 2914 5368 Matth.
2945 5324 3023 5376 ιι,
3049 5308 3143 5366 25.

1406 5456 1583 5512 Vatiae
1606 5456 1862 5514 lectiones
1897 5456 2099 5517 codicis
2123 5456 2480 5528 Seguieriani.

427 5602 450 5632 ί
484 5592 704 5658 ἔδειξεν.
