3910 6200
312 199 445 258 1289

1398 201 1487 257 ΒΕ
1527 199 1755 257 RECTA
1796 199 1951 257 FIDE
1989 198 2082 254 AD
2121 194 2437 253 REGINAS.

3426 191 3564 248 1290

308 304 495 385 μένην,
543 311 678 367 ἀλλά
725 311 825 384 τὴν
883 312 1086 385 βρῶσιν
1140 314 1238 386 τὴν
1294 314 1562 385 μένουσαν
1606 315 1687 378 εἰς
1733 313 1878 385 ζωὴν

2008 328 2035 366 n
2071 311 2236 366 vitam
2257 319 2538 372 aeternam.
2570 323 2728 378 quem
2772 307 2940 362 Filius
2973 304 3214 360 hominis
3267 303 3416 360 dabit
3468 319 3563 357 vo-

303 402 540 467 αὶώνιον,
570 403 633 474 ῆν
659 404 687 455 ὁ
716 403 835 467 Υἱὸς
867 403 962 457 τοῦ
991 403 1279 476 ἀνθρώπου
1313 405 1443 475 ὑμῖν
1472 404 1634 458 δώσει
1655 421 1669 436 ·
1691 403 1883 459 τοῦτον

304 494 413 566 γὰρ
440 493 685 564 δμηατὴρ
717 493 1049 564 ἐσφράγισεν
1077 496 1105 547 ὀ
1130 495 1284 558 Θεός.
1319 514 1337 547 ι
1376 476 1588 565 Βρῶσέν
1624 494 1762 564 ἡμῖν
1797 490 1886 543 δέ-

305 584 475 637 δωκεν
514 586 543 637 ὁ
594 583 715 647 Υἱὸς
746 584 839 637 τοῦ
871 584 1159 656 ἀνθρώπου
1187 586 1286 656 τὴν
1319 585 1596 654 μένουσαν
1630 586 1710 649 εἰς
1742 583 1887 655 ζωὴν

307 674 563 735 αἰώνιον.
599 674 842 745 δηλονότι
884 674 985 747 τὴν
1024 676 1204 748 σάρκα
1246 675 1436 736 αὐτοῦ,
1481 675 1577 727 καὶ
1617 674 1726 744 γάρ
1771 676 1888 726 ἐστι

309 763 591 829 ζωοποιός.
625 760 759 818 Εἶτα
790 765 909 829 πῶς
949 765 1012 819 οὐ
1058 765 1191 828 Θεὸς
1220 767 1248 835 ῤ
1279 765 1562 830 ζωοποιεῖν
1590 764 1888 835 δυνάμενος

232 878 239 884 ’
309 857 401 911 καὶ
432 856 520 910 διὰ
554 857 652 924 τῆς
681 856 817 923 ιδίας
844 857 1077 928 σαρκὸς,
1108 856 1302 920 ἐοικώς
1330 876 1388 912 τε
1417 858 1554 911 κατὰ
1599 857 1781 912 πάντα
1808 854 1888 927 τῷ

307 946 427 1018 Θεῷ
450 948 545 1000 καὶ
570 948 746 1018 Πατρί
769 964 785 1015 ;
830 948 1001 1002 Τοῦτο
1029 949 1139 1020 γὰρ
1171 945 1289 1002 οἶδα
1314 949 1507 1021 δηλοῦν
1536 950 1597 1003 τὺ
1625 936 1890 1018 ἐσφραγί·

202 1074 213 1079 -
312 1037 434 1094 σθαι
462 1038 639 1107 λέγειν
680 1039 842 1091 αὑτὸν
871 1039 1024 1107 παρὰ
1058 1039 1150 1092 τοῦ
1177 1039 1331 1093 Θεοῦ·
1365 1040 1458 1093 τοῦ
1486 1039 1891 1109 ἐσφραγῖσθαι

312 1126 667 1198 σημαίνοντος
694 1128 755 1181 τὸ
778 1129 1025 1200 ἀκριϐῶς
1051 1129 1312 1200 ἐμφερές.
1342 1131 1555 1203 Ὥσπερ
1584 1132 1693 1203 γὰρ
1714 1133 1764 1185 εἰ
1785 1148 1891 1201 κη-

315 1217 393 1289 ρῷ
424 1236 507 1282 τις
539 1218 773 1289 ὲμπήξει
817 1220 1090 1291 σφραγῖδα
1118 1220 1350 1293 χρυσῆν,
1385 1222 1574 1293 ἣγοῦν
1600 1221 1660 1288 ἐξ
1693 1222 1890 1293 ἑτέρας

314 1308 453 1380 ῦλης
489 1312 893 1382 πεποιημένην,
920 1311 1051 1382 ὅλην
1098 1312 1158 1378 ἐξ
1187 1312 1309 1367 ὅλου
1354 1316 1454 1383 τὴν
1491 1315 1691 1385 ἑαυτῆς
1718 1312 1894 1384 ἐμ.φέ-

316 1417 467 1473 ρειαν
514 1402 935 1472 ἐνσημαίνεταιο
981 1403 1123 1457 οὕτω
1171 1405 1265 1458 καὶ
1310 1408 1339 1459 ὁ
1386 1405 1521 1469 Θεὸς
1568 1406 1664 1458 καὶ
1702 1405 1893 1478 Πατὴρ

314 1493 440 1553 τοὺς
470 1491 570 1561 τῆς
604 1491 798 1545 ἑαυτοῦ
826 1491 1042 1561 φύσεως
1087 1496 1444 1565 χαρακτῆρας
1473 1495 1752 1559 οὐσιωδῶς
1799 1497 1895 1565 ἐμ-

316 1581 625 1654 πρέποντας
651 1582 764 1654 ἒχει
788 1584 865 1655 τῷ
897 1585 1031 1656 Υἱῷ.
1065 1587 1175 1640 Καὶ
1201 1586 1362 1641 τοῦτό
1394 1590 1510 1641 ἐστι
1540 1590 1600 1642 τὸ
1625 1590 1891 1658 ἐσφραγϊ-

318 1673 442 1728 σθαι
471 1675 650 1745 λέγειν
680 1676 844 1730 αὑτὸν
867 1678 1019 1749 παρὰ
1046 1679 1141 1732 τοῦ
1172 1679 1407 1749 Πατρός.

540 1791 641 1843 Ἐκ
670 1790 778 1843 τοῦ
809 1789 961 1843 κατὰ
992 1789 1233 1846 Λουκᾶν
1266 1794 1661 1864 Εὐσγγελίου.

390 1902 620 1973 Ἠγειρε
662 1902 753 1957 τὸν
789 1903 1041 1977 Λάζαρον
1072 1907 1099 1960 ὁ
1128 1907 1394 1977 Χριστὸς,
1425 1907 1487 1961 τὸ
1515 1907 1609 1961 τοῦ
1641 1909 1899 1979 ἀρχισυν-

319 1996 537 2066 αγώγου
561 1997 875 2069 θυγάτριον,
905 1999 997 2052 τὸν
1020 2000 1121 2071 τῆς
1150 2002 1330 2073 χήρας
1353 2002 1489 2054 υἱόν.
1517 1996 1670 2065 Εἶτα,
1699 2000 1816 2065 πῶς
1835 2001 1897 2054 οὐ

320 2089 433 2161 ζωὴ
461 2089 603 2143 κατὰ
631 2090 792 2158 φύσιν
821 2092 970 2144 ἐστὶν
1021 2093 1050 2145 ὁ
1089 2092 1164 2163 μὴ
1200 2093 1346 2163 μόνῳ
1385 2092 1527 2163 λόγῳ
1572 2095 1899 2146 καταπτοεῖν

319 2183 410 2237 τὸν
436 2183 668 2236 θάνατον
696 2183 1016 2253 δυνάμενος,
1047 2183 1181 2237 ἀλλὰ
1210 2184 1316 2255 γὰρ
1347 2186 1440 2238 καὶ
1468 2188 1534 2256 τῇ
1581 2184 1681 2255 τῆς
1718 2184 1896 2255 χειρὸς

320 2275 466 2345 ἁφῇ;
496 2274 605 2329 Καὶ
640 2275 751 2344 γὰρ
793 2270 863 2346 ἦν
890 2274 1184 2329 ἀκόλουθόν
1216 2292 1275 2328 τε
1306 2275 1401 2329 καὶ
1424 2277 1737 2344 ἀναγκαῖον,
1772 2276 1900 2341 ζωο-

320 2364 475 2419 ποιὸν
499 2361 640 2421 εἶναι
664 2365 725 2418 τὸ
756 2364 923 2437 σῶμα
957 2366 1055 2436 τῆς
1082 2367 1224 2420 κατὰ
1255 2364 1419 2435 φύσιν
1447 2365 1613 2436 ζωῆς.

631 2630 752 2704 Ὀτι
787 2651 1143 2720 ἱλαστήριον
1179 2650 1279 2704 διὰ
1311 2652 1591 2717 πίστεως.

714 2755 814 2812 Ἕκ
843 2758 953 2826 τῆς
977 2758 1129 2827 πρὸς
1165 2759 1506 2828 Ῥωμαίους.

392 2873 528 2945 Περὶ
557 2872 793 2943 Χριστοῦ
821 2890 986 2941 φησιν
1005 2888 1019 2902 ·
1058 2893 1076 2924 ι
1120 2875 1219 2926 ’Ὀν
1249 2872 1515 2946 προέθετο
1541 2876 1569 2927 ὁ
1593 2872 1727 2937 Θεὸς
1783 2873 1900 2927 ἱλα-

326 2948 546 3035 στήριον
570 2964 661 3016 διὰ
691 2964 926 3027 πίστεως
949 2964 1008 3017 ὲν
1031 2964 1109 3035 τῷ
1132 2964 1296 3018 αὐτοῦ
1320 2965 1534 3036 αἵματι,
1556 2968 1638 3029 εἰς
1671 2965 1896 3032 ἔνδειξιν

322 3056 424 3124 τῆς
451 3053 793 3124 δικαιοσύνης
824 3054 1011 3120 αὑτοῦ,
1060 3053 1150 3108 διὰ
1176 3054 1278 3124 τὴν
1305 3054 1535 3126 πάρεσιν
1563 3055 1673 3108 τῶν
1698 3072 1899 3125 προγε-

324 3147 559 3218 γονότων
586 3148 1020 3219 ἁμαρτημάτων,
1054 3149 1112 3200 ὲν
1137 3150 1204 3218 τῇ
1243 3150 1409 3218 ἀνοχῇ
1439 3146 1533 3200 τοῦ
1571 3146 1730 3213 Θεοῦ,
1762 3146 1899 3218 πρὸς

325 3240 421 3311 τὴν
448 3240 672 3308 ἔνδειξιν
694 3242 791 3312 τῆς
813 3239 1159 3311 δικαιοσύνης
1184 3238 1372 3306 αὑτοῦ,
1395 3242 1452 3293 ὲν
1475 3238 1555 3310 τῷ
1573 3238 1670 3292 νῦν
1700 3238 1897 3312 καιρῷ,

327 3332 406 3395 εἰς
436 3331 495 3384 τὸ
522 3327 662 3385 εἶναι
697 3330 860 3383 αὑτὸν
905 3329 1113 3383 δίκαιον
1138 3368 1153 3390 ,
1205 3329 1302 3382 καὶ
1330 3327 1647 3381 δικαιοῦντα
1690 3327 1782 3381 τὸν
1835 3328 1900 3380 ἐκ

326 3421 563 3486 ⁶πίστεως
596 3421 822 3491 Ἰησοῦν.
860 3440 879 3473 ι
914 3419 976 3472 El
1000 3420 1101 3472 oin:
1128 3415 1198 3490 ἦν
1237 3420 1438 3490 ἑτέρως
1465 3420 1777 3490 ἱλαστήριον
1809 3435 1901 3487 γε·

326 3511 511 3565 νέσθαι
556 3510 790 3583 Χριστὸν
819 3513 931 3573 τοῖς
971 3512 1029 3563 ἐν
1061 3510 1307 3581 ἁμαρτίᾳ
1338 3509 1433 3562 καὶ
1466 3509 1577 3579 ἀρᾷ
1610 3510 1705 3562 καὶ
1737 3509 1903 3563 θανά-

323 3619 419 3656 του
452 3602 600 3674 δίκῃ,
635 3602 776 3672 πλὴν
799 3603 881 3655 ὅτι
907 3600 974 3654 δι’
1010 3601 1241 3671 αἵματος
1281 3600 1369 3654 διὰ
1395 3599 1494 3670 τὴν
1523 3600 1752 3671 πάρεσιν
1790 3599 1900 3653 τῶν

326 3692 743 3767 προγεγονότων
793 3693 1205 3764 ἁμαρτημάτων
1253 3689 1531 3760 ἐκκεῖσθαι
1584 3690 1899 3759 μέλλοντοςο

325 3787 444 3850 πῶς
487 3786 588 3840 οὐκ
634 3785 930 3854 ἀναγκαῖον
961 3783 1139 3854 σάρκα
1173 3780 1427 3851 γενέσθαι
1456 3778 1549 3834 τὸν
1576 3780 1770 3850 Λόγον,
1812 3780 1901 3834 ἵνα

326 3880 422 3932 καὶ
462 3878 658 3946 αἵματι
688 3875 768 3946 τῷ
804 3874 937 3944 ἰδίῳ,
971 3874 1132 3943 δῆλον
1178 3872 1235 3925 δὲ
1290 3873 1394 3934 ὅτι,
1442 3868 1520 3941 τῷ
1564 3871 1664 3939 τῆς
1706 3870 1900 3923 ἑαυτοῦ

331 3969 571 4038 σαρκὸς,
639 3967 909 4038 δικαιώσῃ
972 3967 1180 4029 πάντας
1244 3964 1373 4027 τοὺς
1436 3963 1517 4026 εἰς
1589 3961 1753 4016 αὑτὸν
1818 3981 1904 4016 πι-

328 4059 616 4123 στεύοντας
629 4075 645 4126 ;
1692 4132 1695 4140 Α

327 4171 457 4225 Ὅτι
505 4169 945 4239 λελυτρώμεθα,
1003 4169 1099 4222 καὶ
1148 4167 1265 4235 τὴν
1304 4165 1699 4235 καταλλαγὴν
1717 4165 1898 4239 ῌπρύς

453 4242 603 4295 Θεὸν
637 4235 987 4310 ὲὰχῆκαμεν
1012 4239 1109 4293 διὰ
1139 4239 1248 4293 τοῦ
1275 4239 1526 4306 αἵματος
1556 4235 1767 4290 αὐτοῦ.

584 4352 686 4408 Ἐκ
714 4351 823 4420 τῆς
856 4351 1006 4419 πρὸς
1036 4351 1383 4420 Κορινθίους
1416 4348 1672 4417 πρώτης.

402 4485 423 4520 ι
472 4463 563 4530 Ἐξ
597 4464 761 4518 αὑτοῦ
809 4463 867 4517 δὲ
898 4464 1057 4533 ὑμεῖς
1091 4465 1211 4515 ἐστε
1244 4463 1304 4517 ἐν
1345 4461 1566 4533 Χριστῷ
1602 4461 1773 4533 Ἰησοῦ
1794 4500 1809 4525 ,
1841 4460 1901 4524 ὃς

327 4558 629 4629 ἐγεννήθηι
666 4557 829 4625 σοφία
856 4557 989 4627 ἡμῖν
1018 4556 1128 4610 ἀπὸ
1151 4554 1310 4621 Θεοῦ,
1344 4554 1657 4622 δικαιοσύνη
1692 4569 1774 4618 τε,
1805 4555 1900 4607 καὶ

328 4649 619 4720 ἁγιασμὸς,
644 4650 738 4703 καὶ
764 4648 1143 4719 ἀπολύτρωσις
1164 4662 1176 4676 ·
1213 4647 1320 4715 ἵνα,
1350 4644 1532 4710 καθὼς
1564 4647 1897 4715 γέγραπται,

338 4745 396 4797 '0
423 4741 799 4811 καυχώμενος,
830 4739 1093 4809 ὲνΚυρὲῳ
1121 4738 1432 4808 καυχάσθω.
1459 4757 1479 4788 ι
1502 4735 1904 4809 Λελυτρώμεθα

324 4836 505 4888 τοίνυν
540 4835 598 4886 ὲν
627 4829 868 4903 Χριστῷ,
901 4830 997 4883 καὶ
1040 4829 1374 4899 ἡγιάσμεθα,
1409 4830 1505 4883 καί
1551 4829 1708 4897 σοφοὶ
1739 4828 1902 4897 γεγό-

268 4910 283 4933 ’
324 4942 517 4999 ναμεν.
550 4941 581 4975 ι
601 4925 759 4977 Πᾶσα
791 4922 847 4977 δὲ
869 4920 1015 4985 δόσις
1040 4920 1249 4990 ἀγαθὴ,
1280 4923 1374 4973 καὶ
1412 4922 1521 4973 πᾶν
1542 4921 1782 4991 δώρημα
1816 4918 1905 4974 τὲ-

321 5017 466 5070 λειον
498 5015 702 5070 ἄνωθέν
732 5016 871 5078 ἐστι,
895 5012 1222 5067 καταϐαῖνον
1255 5011 1408 5082 παρὰ
1435 5013 1527 5064 τοῦ
1553 5012 1766 5081 Πατρὸς
1791 5010 1901 5063 τῶν

325 5109 554 5179 φώτων,
587 5106 835 5161 τουτέστι
859 5103 1016 5162 Θεοῦ,
1051 5121 1070 5155 ι
1109 5099 1247 5158 Εἶτα
1296 5103 1415 5166 πῶς
1444 5103 1506 5157 οὐ
1543 5103 1675 5165 Θεὸς
1704 5105 1732 5155 ὁ
1765 5104 1901 5174 Χρι-

394 5267 440 5299 ⁸⁸
466 5264 624 5321 Jnan.
656 5280 728 5323 Vl.
754 5263 844 5318 27.
924 5260 971 5293 “
1004 5260 1157 5316 Joan.
1197 5275 1272 5324 ιι,
1297 5259 1388 5315 45.

321 5352 366 5403 ι.
405 5337 499 5404 '50,
523 5337 615 5393 51.
689 5332 733 5365 ⁷⁸
757 5333 874 5393 Jac.
910 5347 951 5398 t,
993 5332 1078 5389 l7.

1499 5258 1541 5288 "'
1577 5256 1704 5311 an.
1749 5272 1865 5322 vm,
1902 5256 1991 5311 54.

1989 402 2101 457 bis:
2130 403 2273 455 hunc
2299 401 2445 455 enim
2473 397 2633 453 Pater
2658 398 2891 466 signavit
2917 396 3058 451 Deus
3088 396 3155 448 °'.
3183 414 3201 446 ι
3239 394 3431 450 Cibum
3470 410 3565 449 no-

1990 493 2074 548 bis
2102 493 2411 563 impertitns
2439 500 2528 546 est
2549 490 2716 545 Filius
2731 490 2967 545 hominis
2985 497 3294 544 manentem
3320 487 3373 541 in
3401 487 3566 541 vitam

1989 594 2273 649 aeternam,
2303 585 2561 639 nimirum
2594 598 2746 639 suam
2778 598 3033 646 carnem;
3086 590 3171 638 est
3212 581 3357 635 enim
3388 595 3450 634 ea
3481 579 3567 632 vi-

1993 676 2173 732 viﬁca.
2212 675 2334 731 Jam
2363 679 2637 745 quomodo
2666 676 2710 731 is
2740 676 2877 730 Deus
2905 691 3011 730 non
3042 684 3149 738 est,
3177 674 3267 746 qui
3308 689 3404 744 per
3443 687 3570 743 pro-

1992 766 2164 837 priam
2196 783 2415 838 quoque
2438 783 2660 823 carnem
2687 768 2967 824 viviﬁcare
3002 777 3199 837 potest,
3221 768 3423 837 quique
3458 766 3571 819 Deo

1997 868 2054 912 et
2075 857 2225 913 Patri
2257 873 2356 927 per
2386 861 2568 914 omnia
2599 860 2824 929 aequalis
2852 859 2976 915 est?
3004 858 3116 913 Hoc
3136 858 3279 912 enim
3308 856 3569 919 insinuat,

1993 949 2120 1005 dum
2160 965 2189 1003 a
2226 950 2334 1004 Deo
2360 951 2705 1021 obsignatum
2734 952 2843 1023 97
2866 965 2928 1006 se
2959 950 3297 1021 pronuntiat.
3350 946 3570 1002 Etenim

1992 1039 2380 1110 obsignationis
2404 1043 2732 1099 vocabulum
2761 1058 3080 1114 expressam
3149 1039 3571 1096 similitudinem

1994 1131 2218 1205 indicat.
2262 1132 2732 1199 Quemadmodum
2763 1136 2910 1191 enim
2944 1135 2989 1190 si
3022 1134 3147 1205 quis
3175 1147 3429 1197 aureum,
3469 1138 3568 1184 aut

1995 1220 2221 1277 alterius
2252 1223 2496 1293 cujusvis
2546 1227 2793 1280 materiae
2830 1226 3073 1297 sigillum
3108 1240 3250 1281 cera:
3279 1224 3576 1300 impresse-

1995 1312 2088 1381 rit,
2123 1322 2289 1369 totam
2318 1317 2547 1371 omnino
2571 1317 2736 1387 sigilli
2768 1318 2910 1373 illius
2943 1317 3174 1389 effigiem
3204 1316 3453 1371 inducit:
3494 1312 3569 1368 ita

1996 1402 2144 1459 Deus
2185 1404 2348 1462 Pater
2367 1422 2586 1478 quoque
2620 1423 2959 1479 expressam,
2996 1409 3342 1475 conspicuam
3397 1419 3577 1460 essen-

1998 1495 2288 1565 tialemque
2343 1507 2550 1552 naturae
2597 1515 2707 1553 suae
2740 1501 2967 1570 tlguram
3000 1500 3051 1551 in
3086 1498 3222 1552 Filio
3259 1497 3445 1550 habet.
3472 1495 3572 1548 At-

1996 1596 2102 1651 que
2134 1585 2278 1640 istud
2303 1597 2389 1641 est
2416 1588 2558 1656 quod
2582 1603 2642 1642 se
2674 1604 2702 1640 a
2729 1586 2888 1642 Patre
2920 1588 3262 1659 obsignatum
3284 1584 3534 1640 atiirmet.

2282 1777 2372 1835 Ea:
2408 1780 2701 1853 Evangelia
2756 1783 3043 1837 secundum
3073 1781 3293 1837 Lucam.

2073 1890 2439 1947 Essuscitavit
2482 1893 2730 1949 Christus
2787 1893 3052 1948 Lazarum
3099 1893 3165 1958 “,
3233 1904 3344 1947 tum
3399 1894 3578 1948 archi-

2004 1987 2267 2058 synagogi
2309 2001 2527 2057 quoque
2562 1987 2727 2042 lilium
2758 1989 2826 2053 ⁸⁷,
2851 1998 2905 2041 et
2930 1988 3103 2041 vidua:
3139 1987 3310 2042 tilium
3340 1987 3407 2042 “.
3446 1987 3579 2055 Quis

2001 2092 2131 2148 ergo
2162 2088 2340 2147 neget,
2368 2079 2463 2147 qui
2491 2078 2598 2131 vita
2629 2077 2930 2134 secundum
2957 2085 3207 2133 naturam
3237 2078 3489 2144 exsistat,
3522 2086 3581 2133 ut

1999 2168 2092 2238 qui
2116 2183 2220 2223 non
2252 2176 2463 2224 tantum
2508 2170 2692 2237 verbo,
2717 2170 2812 2225 sed
2846 2184 2958 2225 sua:
2985 2184 3200 2240 quoque
3229 2183 3426 2223 manus
3451 2184 3581 2223 con-

2003 2267 2151 2314 tactu
2176 2268 2410 2315 mortem
2450 2260 2909 2331 perterrefaciat?
2938 2262 3068 2317 Erat
3106 2262 3249 2316 enim
3290 2271 3580 2316 consenta—

2000 2366 2185 2415 neum,
2239 2352 2350 2405 imo
2403 2367 2532 2407 vero
2593 2353 2816 2408 omnino
2876 2354 3270 2416 necessarium,
3305 2362 3360 2407 ut
3385 2367 3583 2421 corpus

2007 2440 2151 2496 illius
2170 2450 2317 2497 esset
2343 2442 2641 2510 viviﬁcum,
2669 2446 2763 2513 qui
2800 2444 2907 2499 vita
2938 2453 3061 2498 erat
3087 2444 3384 2499 secundum
3412 2456 3580 2498 uatu-

2002 2546 2117 2589 ram
2126 2572 2141 2587 .

2189 2646 2343 2712 Quod
2367 2645 2613 2703 Christus
2646 2662 2740 2715 per
2768 2645 2927 2714 ﬁdem
2961 2646 3028 2699 sit
3068 2648 3397 2715 prapitiatio.

2427 2754 2510 2809 Ex
2534 2754 2773 2823 Epistola
2805 2756 2874 2808 ad
2903 2754 3191 2810 Romanos.

2077 2888 2097 2922 ι
2142 2869 2315 2936 Quem
2347 2869 2437 2940 (de
2474 2868 2695 2923 Christo
2742 2883 2924 2923 sermo
2954 2872 3058 2939 est)
3120 2872 3400 2939 proposuit
3436 2870 3580 2929 Deus

1964 2961 2446 3034 .propitiationem
2507 2975 2603 3029 per
2638 2960 2798 3015 (idem
2863 2962 2916 3014 in
2967 2964 3231 3031 sanguine
3278 2964 3466 3033 ipsius,
3518 2970 3584 3021 ad

2007 3054 2372 3110 ostensionem
2398 3048 2626 3124 justitite
2645 3067 2776 3118 suae,
2810 3066 3029 3122 propter
3052 3056 3420 3111 remissionem
3451 3074 3587 3127 pra:-

2009 3147 2315 3201 cedentium
2371 3145 2717 3209 delictorum,
2781 3144 2834 3197 itt
2890 3147 3289 3201 sustentatione
3341 3148 3458 3213 Dei,
3521 3150 3587 3203 ad

2008 3238 2372 3314 osltcnsionem
2408 3235 2633 3305 iustitia:
2658 3236 2776 3306 ejus
2805 3236 2858 3289 in
2890 3237 2991 3290 hoc
3011 3248 3348 3306 tempore,nt
3370 3240 3442 3294 sit
3471 3242 3589 3311 ipso

2003 3330 2205 3401 justus,
2236 3329 2620 3400 etjustiticans
2642 3342 2768 3384 eum
2799 3327 2890 3396 qtti
2932 3337 3016 3383 est
3042 3344 3110 3381 ex
3148 3329 3251 3384 ﬁde
3275 3329 3402 3386 Jcsu
3428 3332 3588 3388 Chri-

2009 3424 2077 3479 sti
2109 3424 2176 3474 ⁸⁹.
2216 3441 2235 3474 ι
2267 3422 2323 3478 Si
2357 3421 2461 3474 alia
2494 3420 2704 3474 ratione
2762 3419 2886 3475 illos
2933 3421 3157 3487 expiare
3213 3436 3318 3476 non
3375 3433 3599 3490 poterat

2008 3514 2384 3585 Cltristus,qui
2404 3523 2647 3584 peccato,
2668 3520 2722 3566 et
2741 3511 3133 3578 maledictioni,
3163 3522 3219 3567 et
3238 3512 3430 3570 ‘mortis
3451 3530 3586 3586 sup-

2011 3610 2171 3679 plicio
2199 3606 2420 3662 obnoxii
2448 3605 2802 3667 tenebantur.
2856 3603 2959 3657 nisi
2993 3604 3311 3672 sanguinem
3348 3620 3503 3661 suum
3532 3608 3585 3663 itt

2010 3699 2435 3770 praecedentium
2463 3704 2810 3766 peccatorum
2863 3695 3245 3751 remissionem
3293 3699 3586 3766 profunde-

2013 3801 2129 3857 ret;
2166 3788 2439 3859 quomodo
2470 3796 2529 3839 ιιι
2565 3784 2798 3840 Verbum
2827 3799 2955 3838 caro
2988 3786 3161 3850 ﬁeret,
3206 3791 3581 3846 necessarium.

2013 3896 2118 3935 non
2163 3889 2308 3942 erat,
2354 3890 2546 3944 nempe
2575 3889 2683 3942 quo
2712 3874 2957 3942 proprio,
3007 3876 3109 3928 hoc
3138 3886 3222 3929 est
3264 3891 3376 3930 sine
3418 3879 3586 3947 ipsius

2010 3972 2196 4028 carnis
2226 4009 2242 4033 ,
2269 3969 2531 4038 sanguine
2571 3960 2787 4028 omnes.
2848 3966 2941 4034 qui
2996 3966 3048 4019 in
3085 3968 3259 4037 ipsum
3327 3973 3585 4028 credituri

2009 4071 2188 4128 erant,
2216 4056 2576 4128 justilicaret?

2104 4174 2256 4240 Quod
2279 4187 2370 4240 per
2397 4168 2598 4225 Christi
2628 4172 2937 4245 sanguinem
2972 4171 3223 4241 redempti
3256 4172 3467 4245 Deoqtte

2518 4242 2850 4295 reconciliati
2873 4256 3078 4296 sumus.
3304 4266 3307 4269 ·

2421 4350 2507 4405 Ea:
2534 4351 2703 4421 priori
2745 4350 2815 4404 ad
2837 4349 3164 4406 Corinthios.

2085 4480 2104 4513 ι
2147 4461 2222 4516 Ex
2259 4463 2378 4530 ipso
2431 4469 2612 4514 antem
2653 4474 2748 4513 vos
2789 4460 2924 4514 estis
2965 4460 3018 4514 in
3055 4462 3275 4519 Christo
3302 4462 3452 4532 Jesu,
3493 4471 3587 4538 qui

2010 4556 2184 4609 factus
2203 4564 2286 4609 est
2311 4552 2469 4607 nobis
2510 4552 2773 4620 sapientia
2811 4551 2924 4621 98
2958 4568 2986 4604 a
3019 4553 3146 4617 Deo,
3181 4555 3492 4623 etjnstitia,
3530 4571 3585 4614 et

1976 4700 1981 4704 .
2009 4645 2389 4709 sanctiﬁcatio,
2407 4652 2461 4698 et
2493 4642 2827 4711 redemptio;
2859 4653 2938 4709 ut,
2964 4645 3421 4712 quemadmodum
3454 4649 3585 4702 scri-

2010 4749 2159 4809 ptum
2205 4745 2310 4801 est,
2362 4736 2454 4805 qui
2492 4734 2773 4806 gloriatur,
2827 4736 2883 4789 in
2912 4735 3141 4789 Domino
3170 4736 3431 4806 glorietur
3453 4737 3522 4792 ὀ.
3554 4757 3601 4791 »ο

2012 4829 2067 4884 In
2105 4828 2325 4883 Christo
2358 4827 2542 4894 itaque
2572 4825 2862 4893 redempti,
2890 4835 2944 4879 et
2971 4824 3322 4891 sanetitlcati,
3384 4834 3436 4880 et
3488 4843 3582 4881 Sa-

2011 4923 2221 4992 pientes
2249 4917 2376 4972 facti
2412 4933 2625 4971 sumus.
2684 4933 2703 4967 ι
2737 4914 2912 4970 Omne
2962 4923 3142 4968 autem
3199 4914 3385 4969 datum
3438 4902 3585 4986 opti-

2014 5027 2185 5075 mum,
2250 5018 2304 5063 et
2332 5005 2494 5062 om’ne
2533 5007 2730 5061 donum
2787 5003 3086 5073 perfectum
3151 5005 3439 5061 desursum
3476 5021 3599 5075 est,

2015 5099 2352 5171 descendens
2377 5114 2407 5165 a
2425 5097 2586 5152 Patre
2608 5097 2872 5151 luminum
2894 5097 2962 5159 τι.
2979 5116 2997 5146 ι
3024 5095 3126 5150 hoc
3148 5103 3257 5164 est,
3289 5095 3422 5153 Deo.
3446 5097 3582 5157 Cum

2107 5255 2149 5287 ⁸⁸
2182 5253 2315 5311 Luc.
2345 5269 2440 5321 vn,
2479 5252 2565 5307 u.
2658 5251 2702 5286 "
2734 5250 2893 5308 Rom.
2922 5266 3005 5318 ut.
3031 5250 3125 5322 25,
3149 5252 3243 5313 26.
3325 5254 3417 5313 τοι
3452 5253 3580 5316 Cor.

1385 5467 1558 5526 Variae
1583 5464 1842 5523 icctioncs
1866 5462 2074 5520 codicis
2108 5461 2465 5534 Seguieriani.

412 5617 427 5649 '
457 5612 709 5684 ιγενήθηο
1032 5659 1053 5676 ο

527 5708 800 5768 Ριτιιοι..
857 5707 975 5769 Gtt.
1014 5701 1280 5768 LXXVI.

3026 5685 3138 5792 χιι
