3910 6200
396 149 517 203 ΙίῖΟΙ

1433 150 1487 204 S.
1531 149 1801 205 CYHILLI
1842 152 2302 212 ΑιΕΧΑῖςυιιιΝι
2345 158 2659 216 ARCIIILP.

3488 168 3638 226 129?.

384 279 516 333 ergo
568 263 817 320 Christus
850 265 1205 334 sapientiam,
1252 275 1299 319 et
1348 265 1852 330 sanctificationetn,
1901 280 1943 322 et

2060 274 2200 338 στος,
2241 276 2268 325 ὁ
2315 276 2506 344 σοφίαν
2553 295 2611 329 τε
2664 278 2759 331 καὶ
2803 279 3076 349 ἀγιασμδν
3111 282 3205 334 καὶ
3248 280 3639 353 ἀπολύτρωσιν

388 356 812 423 redemptionem
866 356 1019 411 nobis
1056 356 1331 426 largiatur,
1394 358 1661 425 quomodo
1716 375 1819 414 non
1871 371 1955 414 est

389 447 570 501 Deus?
1518 463 1523 469 ‘

509 559 664 624 Quod
691 576 782 629 per
807 559 1000 614 Christi
1029 561 1331 630 sanguinem
1362 562 1606 628 redempti
1640 579 1841 617 sumus.

797 669 881 723 Ex
910 669 1145 737 Epislola
1172 672 1340 741 prium
1367 671 1530 728 Petri.

476 800 495 832 ι
523 781 767 837 Sciettes
799 782 940 851 quod
978 797 1081 835 non
1106 783 1547 851 curruptibilibus
1577 800 1708 839 auro
1736 785 1817 838 vel
1861 800 1953 838 ar-

384 881 545 942 gento
581 872 845 940 redempti
876 871 1008 925 estis
1030 871 1097 925 de
1129 887 1262 925 vana
1308 883 1483 927 vestra
1536 876 1953 929 conversatione

384 974 621 1033 paterna:
652 963 981 1029 traditionis,
1038 963 1131 1017 sed
1184 965 1421 1031 pretioso
1477 967 1738 1036 sanguine
1795 967 1951 1034 quasi

383 1055 506 1127 agni
536 1053 863 1110 immaculati
900 1054 1103 1108 Christi
1144 1065 1199 1109 et
1239 1057 1650 1112 incontaminati
1675 1059 1746 1112 ".
1785 1076 1806 1111 ι
1844 1058 1949 1113 Re-

383 1147 590 1215 dempti,
611 1146 755 1200 enim
794 1159 1003 1210 sumus,
1039 1142 1259 1200 Christo
1310 1149 1587 1215 proprium
1639 1164 1738 1218 pro
1797 1150 1951 1203 nobis

383 1254 580 1310 corpus
616 1237 978 1309 impendente.
1018 1239 1088 1291 At
1116 1241 1160 1295 si
1199 1247 1255 1293 ul
1287 1242 1446 1295 homo
1475 1241 1711 1310 vulgaris
1748 1241 1951 1295 habea-

384 1344 493 1394 tur,
537 1332 806 1400 quomodo
830 1331 972 1385 illius
1006 1331 1232 1398 sanguis
1265 1332 1383 1384 vitae
1433 1331 1673 1384 omnium
1704 1331 1949 1385 aestima-

384 1425 584 1479 tionem
632 1424 700 1477 λιι
761 1423 1080 1491 dignitatem
1134 1422 1421 1490 extenuat?
1475 1422 1530 1474 Si
1578 1434 1755 1476 autem
1811 1423 1950 1475 Deus

381 1525 498 1567 erat
527 1514 579 1567 in
604 1527 789 1578 carne,
821 1512 911 1580 qui
944 1514 1283 1581 uutliquaque
1302 1512 1651 1580 dignissimus
1675 1525 1778 1576 est,
1818 1528 1951 1566 sane

2056 368 2189 435 ἡμῖν
2220 367 2602 437 δωρησάμενος
2623 388 2638 436 ;

2058 566 2186 620 τότι
2221 568 2637 638 λελυτιώμεθα
2660 569 2757 624 διὰ
2786 571 2890 623 τοῦ
2919 573 3168 640 αἵματος
3192 566 3301 627 τοῦ
3341 576 3636 642 Χριστοῦ.

2262 680 2362 734 Ἐκ
2387 680 2498 749 τῆς
2521 681 2748 749 Πέτρου
2785 685 3143 753 πιστολῆς
3167 687 3421 755 πρώτης.
3522 698 3527 703 '

2133 812 2150 843 ι
2176 792 2394 855 Είδότες
2412 794 2493 846 ὅτι
2522 797 2581 848 οὐ
2607 796 2865 866 φθαρτοῖς
2891 798 3234 870 ἀργυρίῳῘῆ]
3254 800 3486 870 χρυσίῳ,
3512 801 3639 854 ἐλυ-

2052 882 2301 953 τρώθητε
2336 889 2399 938 ἐκ
2428 887 2527 955 τῆς
2565 889 2798 957 ματαίας
2845 887 3000 958 ὑμῶν
3044 890 3391 960 ἀναστῳςῆς
3423 908 3642 962 πατρο-

2055 974 2356 1043 παραδότου
2382 1019 2395 1042 ,
2428 976 2563 1029 ἀλλά
2603 978 2770 1048 τιμίῳ
2811 979 3003 1049 αἵματι
3053 979 3128 1042 ὡς
3168 980 3342 1050 ἀμνοῦ
3386 980 3637 1051 ἀμώμου

2052 1068 2146 1120 καὶ
2185 1068 2415 1120 ἀσπίλου
2445 1069 2703 1139 Χριστοῦ.
2744 1090 2762 1121 ι
2798 1071 3198 1141 Λελυτρώμεθα
3224 1070 3354 1142 γάρ,
3396 1072 3459 1125 τὸ
3495 1073 3638 1125 ἴδιον

2054 1157 2216 1228 σῶμα
2246 1158 2540 1223 δεδωκότος
2564 1161 2703 1229 ὑπὲρ
2734 1161 2895 1230 ἡμῶν
2940 1161 3033 1215 τοῦ
3080 1162 3340 1234 Χριστοῦ.
3391 1162 3534 1215 Ἀλλ’
3582 1165 3638 1216 εί

2054 1251 2156 1320 μὲν
2180 1250 2257 1313 ὼς
2284 1250 2569 1321 ἄνθρωπος
2609 1255 2808 1305 νοεῖται
2838 1254 3017 1317 κοινὸς
3036 1293 3051 1316 ,
3083 1254 3201 1317 πῶς
3238 1253 3490 1319 ἀντάξιον
3527 1255 3639 1324 τῆς

2052 1340 2303 1393 ἁπάντων
2355 1338 2500 1409 ζωῆς
2550 1341 2609 1393 τὸ
2647 1338 2786 1411 αἷμα
2833 1342 3024 1407 autcf);
3065 1343 3127 1395 Ei
3172 1342 3230 1396 δὲ
3272 1342 3402 1408 Θεὸς
3448 1339 3518 1415 ἧν
3569 1345 3636 1395 ὲν

2053 1430 2215 1498 σαρκὶ
2256 1432 2284 1482 ὁ
2327 1430 2545 1483 πάντων
2588 1430 2915 1500 ἀξιώτερος,
2964 1431 3261 1501 ἀξιόχρεως
3294 1432 3326 1501 ἡ
3354 1431 3633 1503 λύτρωσις

2050 1520 2144 1572 τοῦ
2177 1520 2385 1591 κόσμου
2412 1521 2613 1585 παντὸς
2643 1521 2732 1576 διὰ
2757 1520 2854 1574 τοῦ
2887 1521 3016 1575 ἰδίου
3039 1522 3272 1592 αἵματος
3294 1522 3380 1593 εἴη
3410 1520 3501 1589 ἂν,
3528 1523 3635 1576 καὶ

382 1603 876 1657 cumulatissimum
901 1618 994 1672 per
1017 1602 1161 1655 illius
1199 1602 1517 1671 sanguinem
1565 1603 1795 1671 pretium
1849 1618 1943 1672 pro

2054 1611 2195 1681 μάλα
2230 1612 2476 1675 εἰκότως.

384 1694 549 1748 totius
605 1693 789 1748 mundi
857 1692 1033 1747 salute
1063 1691 1364 1758 impensum
1405 1698 1511 1754 est,
1572 1701 1629 1745 et
1668 1690 1800 1745 satis
1850 1690 1945 1775 de-
1988 1764 1991 1769 _

381 1798 587 1839 center.

475 1897 626 1962 Quod
658 1896 852 1952 Christi
884 1912 1022 1951 man
1051 1897 1246 1950 mundo
1274 1896 1530 1950 salutaris
1565 1894 1845 1950 exstiterit.

771 2007 856 2063 Ea:
899 2007 1137 2077 Epistol'a
1170 2011 1237 2062 ad
1275 2007 1561 2062 Romanos.

455 2145 474 2177 ι
514 2125 866 2180 Commendat
898 2132 1077 2177 autem
1109 2123 1430 2176 charitatem
1467 2137 1619 2177 suam
1686 2121 1828 2176 Deus
1893 2121 1944 2174 in

381 2217 570 2269 nobis:
601 2215 882 2284 quoniam,
922 2228 1043 2268 cum
1097 2213 1272 2265 adhuc
1317 2224 1631 2281 peccatores
1677 2225 1946 2276 essemus,

379 2296 630 2359 Christus
650 2320 747 2372 pro
777 2304 930 2357 nobis
954 2314 1200 2356 mortuus
1229 2312 1332 2356 est.
1374 2302 1538 2355 Multo
1582 2301 1749 2371 igitur
1778 2303 1948 2372 magis

381 2411 523 2450 nunc
547 2394 827 2463 justificati
859 2394 913 2447 in
946 2394 1208 2461 sanguine
1237 2394 1429 2460 ipsius,
1451 2392 1585 2445 salvi
1647 2392 1855 2446 erimus
1878 2393 1947 2447 ab

383 2485 460 2538 ira
491 2501 585 2555 per
613 2486 785 2553 ipsum
818 2483 885 2535 ⁷³.
923 2500 941 2532 ο
967 2480 1234 2533 Rursum:
1267 2500 1283 2532 ι
1321 2482 1373 2534 Si
1407 2482 1574 2545 enim,
1605 2496 1728 2535 cum
1767 2480 1948 2534 inimi-

379 2579 425 2630 ei
452 2591 732 2638 essemus,
790 2573 1121 2653 reconciliati
1167 2587 1353 2625 sumus
1407 2571 1513 2627 Deo
1573 2587 1666 2641 per
1719 2582 1944 2625 mortem

382 2668 500 2721 Filii
524 2666 663 2735 ejus,
709 2666 878 2719 multo
902 2665 1073 2733 magis
1107 2663 1437 2717 reconciliati
1494 2662 1625 2716 salvi
1659 2662 1861 2716 erimus
1890 2661 1943 2714 iu

380 2760 492 2811 vita
520 2758 688 2826 ipsius
712 2755 779 2808 ⁷⁸.
820 2774 837 2806 ι
879 2755 932 2809 Si
964 2756 1198 2808 mundus
1229 2754 1385 2806 aliter
1411 2768 1572 2821 quam
1622 2766 1716 2819 per
1739 2750 1945 2804 Christi

379 2847 694 2917 sanguinem
727 2857 779 2901 et
805 2856 1035 2899 mortem
1076 2843 1253 2897 divina
1303 2842 1707 2911 dispensatione
1743 2839 1945 2895 saluta-

2117 1901 2242 1954 Ὅτι
2273 1905 2307 1955 ό
2339 1902 2600 1970 Χριστοῦ
2627 1903 2883 1968 θάνατος
2908 1901 2988 1968 τῷ
3014 1903 3222 1972 κόσμῳ
3255 1901 3572 1968 σωτήριος.

2400 2008 2407 2029 ³
2450 2016 2544 2068 Ἐκ
2574 2015 2684 2083 τῆς
2708 2015 2857 2083 πρὸς
2894 2015 3237 2084 Ῥωμαίους.

2123 2145 2141 2176 ι
2175 2125 2464 2196 Συνίστησι
2508 2125 2564 2179 δὲ
2614 2127 2713 2197 τὴν
2761 2125 2954 2180 ἑαυτοῦ
2999 2127 3220 2198 ἀγάπην
3263 2128 3345 2190 είς
3394 2127 3542 2196 ἡμᾶς
3592 2130 3627 2182 ό

2047 2216 2200 2282 Θεὸς,
2230 2218 2314 2270 ὅτι
2347 2217 2426 2269 ἔτι
2454 2217 2796 2288 ἁμαρτωλῶν
2824 2216 2993 2271 ὄντων
3015 2216 3193 2287 ἡμῶν,
3217 2217 3453 2288 Χριστὸς
3479 2217 3625 2288 ὑπὲρ

2046 2307 2207 2379 ἡμῶν
2239 2307 2496 2362 ἀπέθανε.
2523 2307 2710 2378 Πολλῷ
2738 2303 2829 2361 οὖν
2873 2307 3072 2378 μᾶλλον
3094 2307 3474 2371 δικαιωθέντες
3521 2306 3623 2361 νῦν

2048 2401 2106 2452 ὲν
2157 2399 2234 2470 τῷ
2287 2400 2480 2469 αἵματι
2510 2398 2698 2463 αὑτοῦ,
2727 2397 3085 2470 σωθησόμεθα
3108 2399 3177 2452 δι’
3198 2398 3363 2453 αὐτοῦ
3393 2399 3504 2452 ἀπὸ
3522 2400 3627 2469 τῆς

2046 2490 2235 2561 ὀργῆς.
2266 2509 2285 2542 ι
2316 2491 2425 2543 Καὶ
2457 2490 2638 2544 πάλιν*
2660 2510 2678 2543 ι
2699 2492 2761 2544 Et
2794 2491 2903 2561 γὰρ
2931 2489 3116 2561 ἐχθροὶ
3149 2490 3321 2556 5W“,
3353 2490 3661 2558 καηλλά--

2047 2600 2224 2653 γημεν
2267 2582 2344 2653 τῷ
2389 2582 2508 2653 Θεῷ
2548 2583 2636 2637 διὰ
2681 2581 2777 2638 τοῦ
2824 2581 3056 2636 Θανάτου
3107 2582 3203 2636 τοῦ
3255 2583 3387 2636 Υίοῦ
3429 2582 3623 2646 αὐτοῦ,

2047 2672 2227 2744 πολλῷ
2257 2674 2457 2744 μᾶλλον
2487 2673 2921 2742 καταλλαγέντες
2943 2673 3304 2744 σωθησόμεθα
3319 2676 3379 2726 ἐν
3406 2676 3474 2743 τῇ
3503 2673 3624 2744 ζωῇ

2047 2763 2233 2819 αὑτοῦ.
2266 2783 2285 2817 ι
2322 2763 2528 2819 Οὐκοῦν
2555 2766 2605 2818 εί
2639 2763 2713 2835 μὴ
2740 2764 2945 2835 ἑτέρως
2978 2758 3048 2836 ἦν
3097 2763 3369 2829 σώζεσθαι
3398 2765 3492 2817 τὸν
3522 2766 3626 2817 κό-

2050 2873 2204 2926 σμον,
2234 2858 2283 2910 εί
2315 2856 2391 2928 μὴ
2426 2857 2485 2911 ὲν
2530 2858 2722 2926 αἵματι
2756 2856 2851 2909 καὶ
2878 2854 3105 2925 θανάτῳ
3124 2855 3407 2926 χρησίμως
3435 2871 3624 2923 παρα-

383 2941 516 2994 riter
552 2948 854 3007 susceptam
888 2946 1110 3007 propter
1149 2934 1571 3004 prtecedentiutn
1624 2932 1941 2985 delictorum

2054 2947 2342 3017 ληφθέντι,
2387 2948 2482 3001 καὶ
2527 2946 2925 3017 οἰκονομικῶς,
2974 2946 3061 3000 διά
3101 2946 3199 3016 τὴν
3232 2946 3468 3016 πάρεσιν
3508 2946 3625 2998 τῶν

381 3033 861 3096 condonationem,
916 3043 1036 3099 qua:
1063 3028 1202 3081 Deus
1237 3025 1580 3087 toleraverat,
1617 3021 1814 3077 salvari
1850 3037 1947 3073 nea

381 3124 586 3192 quibat,
617 3138 710 3190 per
732 3121 1009 3175 Christum
1056 3128 1235 3171 autem
1272 3115 1499 3170 salutem
1528 3129 1717 3169 sumus
1755 3129 1944 3167 conse-

387 3217 542 3269 cuti:
585 3211 855 3282 qnomodo
910 3208 1306 3265 incarnationis
1366 3207 1559 3260 modus
1626 3205 1717 3259 Dei
1771 3204 1946 3259 Patris

380 3304 557 3358 Verbo
594 3299 937 3356 necessarius
989 3312 1093 3352 non
1149 3305 1287 3361 erat,
1336 3309 1443 3363 quo
1493 3293 1634 3358 illos,
1689 3290 1943 3345 nimirum

378 3394 470 3464 qui
511 3394 563 3446 in
601 3392 773 3459 ipsum
805 3389 1114 3455 crederent,
1152 3402 1248 3456 per
1302 3384 1622 3454 sanguinem
1658 3398 1816 3437 suum
1850 3383 1943 3453 ju-

378 3483 667 3544 stiﬁcaret,
699 3478 812 3549 99
834 3475 1092 3545 Patrique
1104 3489 1198 3544 per
1227 3473 1472 3541 corporis
1494 3474 1574 3526 sui
1602 3481 1829 3525 mortem
1860 3484 1941 3525 re-

377 3571 695 3628 conciliaret
725 3608 741 3635 ,
773 3579 935 3637 atque
984 3563 1263 3620 ita‘simul
1312 3577 1433 3616 cum
1485 3562 1604 3631 ipso
1627 3562 1791 3616 vitam
1820 3560 1941 3616 adi-

375 3668 707 3736 pisceremur
726 3661 750 3715 ?
954 3706 959 3711 .
1066 3709 1092 3749 λ

451 3774 470 3808 ι
513 3757 595 3809 An
632 3747 1396 3822 ignoratis,quia'quicunque
1451 3747 1709 3817 baptizati
1745 3762 1939 3804 sumus

375 3850 429 3903 iu
455 3848 675 3903 Christo
700 3845 845 3908 Jesu.
874 3844 926 3898 in
955 3854 1182 3899 mortem
1218 3843 1386 3913 ipsius
1424 3841 1679 3911 baptizati
1705 3855 1890 3896 sumus
1916 3840 1941 3894 ?

374 3939 685 4012 Consepulti
717 3938 859 3991 enim
886 3950 1070 3992 sumus
1101 3950 1221 3991 cum
1260 3934 1353 3988 illo
1381 3949 1476 4005 per
1503 3934 1835 4003 baptismum
1882 3930 1937 3986 in

380 4041 632 4095 mortem,
676 4038 734 4082 ut
765 4028 1035 4097 quomodo
1061 4026 1311 4081 Christus
1341 4022 1583 4078 surrexit
1621 4037 1651 4076 a
1709 4020 1939 4075 mortuis

374 4137 469 4191 per
485 4120 711 4191 gloriam
744 4118 942 4184 Patris,
981 4118 1054 4169 ita
1088 4124 1143 4170 et
1196 4130 1292 4170 nos
1331 4106 1655 4170 iu‘novitate
1678 4112 1801 4165 vita:
1822 4125 1937 4164 am-

373 4208 619 4261 bulemus
648 4208 751 4258 ".3
790 4207 847 4259 Si
879 4220 972 4260 eos
1005 4206 1092 4273 qui
1126 4207 1176 4259 in
1222 4203 1382 4259 terris
1431 4203 1653 4271 degunt,
1715 4199 1938 4256 Christo

375 4310 472 4365 per
498 4293 822 4362 baptismum
853 4295 905 4346 in
932 4303 1161 4348 mortem
1193 4293 1362 4360 ipsius
1385 4289 1713 4359 consepeliri
1747 4288 1924 4344 omni-
1966 4265 2013 4322 Ῑ)

374 4399 447 4441 no
477 4398 758 4438 necessum
786 4394 907 4450 est;
942 4393 998 4438 ut
1022 4385 1476 4452 quemadmodum
1538 4383 1627 4436 ille
1677 4398 1742 4437 ex
1786 4398 1932 4438 mor-

376 4476 480 4531 tuis
501 4475 821 4538 resurrexit,
856 4474 930 4527 ita
962 4486 1017 4528 et
1052 4489 1148 4528 nos
1172 4489 1388 4542 quoque
1440 4472 1493 4526 in
1540 4474 1775 4528 novitate
1804 4476 1930 4529 vitae

374 4564 728 4626 ambulemus,
775 4574 1030 4632 tanquam
1080 4561 1242 4615 simul
1298 4574 1419 4614 cum
1468 4575 1556 4625 eo,
1615 4562 1707 4631 qui
1758 4564 1937 4618 nostri

374 4668 539 4709 causa
568 4662 811 4708 mortuus
851 4661 933 4709 est
977 4660 1033 4707 et
1057 4666 1087 4706 a
1120 4652 1353 4720 mortuis
1406 4667 1618 4706 rursum
1663 4653 1937 4711 excitatus

373 4758 475 4809 est,
506 4745 700 4799 mortui
732 4755 786 4800 et
814 4745 1069 4799 excitati:
1105 4742 1350 4812 proiecto
1390 4759 1496 4800 non
1541 4744 1748 4815 absque
1778 4761 1929 4801 sum-

372 4853 459 4911 ma
493 4835 725 4890 utilitate
746 4850 810 4890 ac
829 4835 1153 4890 necessitate
1177 4835 1574 4893 incarnationis
1607 4837 1934 4908 mysterium

371 4938 638 4997 patratum
669 4935 771 4993 est,
828 4926 1083 4994 earnique
1109 4933 1164 4980 et
1193 4928 1445 4996 sanguini
1506 4930 1935 4984 communicavit

372 5017 641 5087 Verbum;
673 5032 803 5086 quo,
841 5017 1094 5072 videlicet
1118 5016 1280 5073 simul
1305 5034 1426 5074 cum
1481 5019 1576 5075 illo
1606 5020 1700 5090 qui
1728 5034 1931 5076 secun-

371 5116 493 5165 dum
526 5126 745 5165 carnem
790 5119 1032 5166 mortuus
1086 5119 1143 5164 et
1197 5112 1545 5167 resuscitatus
1570 5120 1674 5177 est,
1737 5120 1790 5168 et
1835 5124 1931 5167 nos

369 5214 582 5267 quoque
608 5199 902 5257 moriamur
928 5210 983 5254 et
1005 5215 1379 5271 resurgamus.

444 5307 462 5339 ι
503 5291 557 5341 Si
585 5291 728 5342 enim
788 5292 1133 5361 complantati
1184 5292 1310 5347 iacti
1370 5308 1556 5348 sumus
1587 5292 1929 5347 similitudini

370 5381 559 5433 mortis
586 5379 724 5448 ejus,
780 5381 935 5434 simul
991 5392 1047 5436 et
1097 5384 1509 5439 resurrectionis
1561 5384 1767 5439 erimus
1789 5384 1856 5436 ⁷⁵.
1902 5404 1921 5437 ι

463 5530 549 5584 ⁷⁸1
584 5530 727 5585 Putr.
759 5548 796 5597 ι,
827 5531 915 5597 18,
950 5533 1032 5589 10.
1110 5534 1157 5566 ⁷³
1181 5535 1336 5589 Ιῖοιη.
1369 5551 1420 5600 v,
1444 5535 1504 5602 ‘8,
1534 5536 1588 5591 9.

2048 3026 2456 3108 προγεγονότων
2479 3038 2917 3109 ἁμαρτημάτων,
2946 3039 3003 3099 ἐν
3035 3040 3100 3107 τῇ
3141 3038 3307 3107 ἀνοχῇ
3332 3036 3428 3089 τοῦ
3456 3036 3617 3089 Θεοῦ·

2048 3126 2369 3199 σεσώσμεθα
2414 3128 2472 3182 δὲ
2498 3128 2587 3181 διὰ
2623 3127 2893 3199 Χριστοῦο
2926 3128 3043 3190 πῶς
3083 3128 3183 3181 οὐκ
3214 3129 3509 3195 ἀναγκαῖος
3534 3126 3621 3197 τῷ

2045 3221 2110 3273 ἐκ
2136 3218 2272 3272 Θεοῦ
2300 3219 2459 3288 φύντι
2503 3220 2663 3290 Λόγῳ
2705 3221 2734 3273 δ
2772 3218 2876 3289 τῆς
2902 3218 3234 3290 σαρκώσεως
3256 3219 3494 3289 τρόπος,
3526 3221 3623 3272 ἵνα.

2043 3308 2308 3382 δικαιώσῂ
2359 3310 2459 3381 μὲν
2491 3312 2551 3364 ὲν
2592 3310 2672 3381 τῷ
2716 3310 2909 3381 αἵματι
2954 3308 3122 3365 αὐτοῦ
3160 3310 3288 3375 τοὺς
3335 3311 3417 3374 είς
3450 3311 3622 3364 αὐτὸν

2045 3401 2419 3468 πιστεύοντας,
2455 3402 2769 3475 καταλλάξῃ
2799 3402 2859 3456 δὲ
2893 3402 2973 3474 τῷ
3001 3402 3178 3473 Ila-cpt
3198 3401 3287 3456 διὰ
3319 3401 3414 3455 τοῦ
3444 3401 3617 3455 θανά-

2045 3511 2135 3548 του
2163 3493 2259 3549 τοῦ
2289 3494 2418 3549 ίδίου
2449 3495 2720 3566 σώματος,
2756 3495 2846 3550 ἵνα
2880 3495 2975 3550 καὶ
3001 3492 3326 3566 συζήσωμεν
3352 3492 3537 3565 αὒτῷς

2119 3774 2138 3807 ι
2178 3756 2247 3809 Ἦ
2273 3755 2541 3826 ἀγνοεῖτε,
2571 3758 2653 3810 ὅτι
2681 3756 2796 3810 ὅσοι
2822 3755 3235 3827 ἐϐαπτίσθημεν
3261 3758 3343 3820 είς
3367 3755 3617 3828 Χριατδν

2054 3847 2280 3918 Ἰησοῦν,
2308 3849 2388 3913 είς
2416 3848 2507 3902 τὸν
2538 3848 2765 3903 θάνατον
2793 3848 2960 3903 αὐτοῦ
2987 3847 3433 3920 ὲὸαπτίσθημεν;
3478 3849 3623 3901 Συν-

2041 3938 2320 4011 ετάφημεν
2373 3937 2467 3996 οὖν
2512 3940 2662 4010 αὐτῷ
2704 3941 2793 3995 διά
2824 3940 2918 3994 τοῦ
2971 3940 3348 4011 βαπτίσματος
3389 3941 3474 4004 είς
3520 3940 3620 3995 τὸν

2041 4030 2269 4085 θάνατον
2288 4049 2302 4062 ο
2328 4032 2437 4095 ίνα,
2466 4031 2655 4104 ὥσπερ
2678 4031 2887 4103 ἠγέρθη
2930 4031 3166 4102 Χριστὸς
3198 4033 3262 4085 ἐκ
3286 4031 3498 4101 νεκρῶν
3524 4030 3619 4085 διὰ

2040 4120 2137 4191 τῆς
2180 4120 2340 4193 δόξης
2363 4121 2458 4175 τοῦ
2484 4122 2697 4195 Πατρδς
2715 4161 2732 4189 ,
2761 4121 2906 4176 οὕτω
2934 4122 3029 4175 καὶ
3057 4123 3217 4192 ἡμεῖς
3245 4122 3304 4173 ἐν
3328 4121 3619 4192 καινότητι

2041 4211 2186 4283 ζωῆς
2219 4215 2700 4285 περιπατήσωμεν.
2739 4231 2759 4265 ι
2798 4212 2862 4266 Et
2900 4210 3052 4267 πᾶ.σά
3083 4227 3200 4275 πως
3238 4210 3454 4280 ἀνάγκη
3484 4211 3620 4274 τοὺς

2044 4304 2138 4357 ἐπὶ
2162 4303 2259 4373 τῆς
2280 4304 2382 4375 γῆς
2406 4292 2805 4358 συνθάπτεσθαι
2830 4301 3051 4374 Χριστῷ
3071 4301 3160 4355 διὰ
3184 4298 3279 4355 τοῦ
3301 4300 3622 4370 βαπτίσμα-

2041 4411 2134 4458 τος
2161 4396 2242 4459 είς
2269 4395 2361 4449 τὸν
2395 4394 2623 4450 θάνατον
2651 4392 2837 4457 αὐτοῦ,
2870 4392 2958 4446 ἵνα
2999 4391 3189 4462 ὥσπερ
3230 4390 3394 4453 αὐτὸς
3422 4390 3487 4443 ὲκ
3519 4406 3619 4443 νε-

2042 4483 2192 4556 κρῶν
2217 4486 2539 4556 ἐγήγερται,
2561 4483 2656 4537 καὶ
2691 4484 2853 4554 ἡμεῖς
2878 4483 2937 4536 ἑν
2969 4480 3246 4551 καινότητι
3275 4478 3425 4550 ζωῆς
3454 4495 3620 4549 περι-

2043 4576 2405 4648 πατήσωμεν,
2439 4575 2516 4639 ὡς
2547 4572 2979 4645 συντεθαμμένοι
3019 4571 3116 4626 καὶ
3145 4572 3619 4642 συνεγηγερμένοι

2042 4665 2120 4739 τῷ
2163 4667 2232 4721 δι’
2264 4667 2411 4738 ἡμᾶς
2435 4665 2761 4720 ἀποθανόντι
2803 4663 2902 4718 καὶ
2922 4661 3313 4733 ἐγηγερμένον
3352 4660 3620 4731 χρειωδέ-

2048 4757 2222 4812 στατά
2244 4774 2307 4810 τε
2335 4758 2429 4811 καὶ
2457 4757 2770 4824 ἀναγκαίως
2795 4754 2860 4809 τὺ
2886 4754 2990 4825 τῆς
3014 4753 3479 4824 ενανθρωπήσεως
3511 4754 3618 4805 πέ-

2046 4867 2286 4923 πρακται
2310 4851 2627 4923 μυστήριον,
2659 4847 2861 4921 σαρκός
2887 4863 2948 4900 τε
2976 4846 3069 4899 καὶ
3094 4845 3324 4915 αἵματος
3348 4844 3622 4915 μετέσχεν

2043 4941 2074 4993 ό
2094 4940 2287 5009 Λόγος⁹
2318 4940 2405 4994 ῖνα
2433 4940 2528 4994 καὶ
2549 4937 2842 4993 ἀποθανεῖν
2879 4935 3158 5005 λεγομένῳ
3184 4932 3485 5004 σαρκικῶς.
3514 4932 3620 4987 καὶ

2046 5029 2151 5101 μὴν
2177 5030 2271 5101 καὶ
2301 5030 2682 5102 ὲγηγερμένῳ,
2715 5024 3174 5095 ωναποθάνωμεν
3213 5024 3310 5079 καὶ
3348 5039 3619 5096 συνεγερ-

2042 5121 2244 5191 θῶμεν.

2116 5316 2134 5349 ι
2166 5298 2230 5350 Εί
2255 5297 2364 5368 γὰρ
2396 5296 2669 5367 σύμφυτοι
2713 5296 3019 5365 γεγόναμεν
3045 5294 3125 5364 τῷ
3167 5290 3472 5363 ὁμοιώματι
3510 5288 3613 5341 τοῦ

2041 5385 2272 5440 θανάτου
2295 5385 2479 5451 αὑτοῦ,
2506 5385 2643 5439 ἀλλά
2671 5386 2766 5438 καὶ
2792 5386 2891 5457 τῆς
2919 5384 3270 5447 ἀναστάσεως
3290 5377 3555 5450 ἐσόμεθα.
3584 5396 3608 5432 ε

1666 5536 1870 5609 τζίὺΜ.
1906 5534 1995 5593 to.
2074 5533 2116 5601 τι
2141 5534 2298 5592 Rom.
2330 5551 2404 5603 νι,
2436 5537 2490 5602 3,
2519 5536 2571 5590 ι.
2650 5537 2695 5568 το
2723 5536 2856 5591 una.
2888 5536 2956 5593 5..
