3910 6200
194 229 307 288 1293

1216 215 1302 270 DE
1340 212 1568 269 RECTA
1611 211 1763 266 FIDE
1802 212 1888 264 Al)
1928 208 2246 264 REGINAS.

3245 207 3374 260 l-lsli

191 341 321 399 Κατὰ
345 339 425 393 τὸν
448 336 561 391 ἴσον
585 334 663 406 τῷ
695 332 893 407 πρώτῳ
914 332 1112 405 τρόπον
1141 331 1355 401 νοήσεις
1393 330 1489 382 καὶ
1520 328 1703 382 τοῦτο’
1738 375 1742 384 ι

1851 345 1865 382 t
1897 326 2143 381 eumdem
2169 338 2385 379 sensum
2416 332 2470 377 et
2500 324 2868 392 istudquoque
2890 336 3130 392 exponas
3156 342 3170 380 :
3202 320 3375 389 tQuoé

196 455 211 488 ι
251 430 434 501 Ἐπειδὴ
468 428 574 500 γὰρ
604 427 671 480 δι’
699 425 986 497 ἀνθρώπου
1014 426 1041 478 6
1072 423 1301 484 Θάνατος
1322 461 1336 483 ,
1366 422 1460 473 καὶ
1503 419 1568 472 δι’
1618 419 1711 471 ἁν-

1817 419 1958 471 niam
1989 416 2203 484 quidem
2240 430 2333 483 per
2370 413 2642 467 hominem
2675 429 2843 476 mors,
2876 422 2931 468 et
2960 428 3059 482 per
3102 413 3373 468 hominem

188 523 369 596 θρώπου
389 498 681 580 ἀνάστασις
712 515 950 587 νεκρῶν·
985 514 1173 584 ὥσπερ
1199 514 1306 584 γὰρ
1337 515 1395 565 ὲν
1424 510 1500 580 τῷ
1539 509 1711 579 Ἀδὰμ

1851 506 2142 561 csurrectio
2171 514 2540 567 mortuorum;
2596 513 2648 556 et
2704 504 2844 557 sicut
2876 498 2927 557 in
2986 504 3154 556 Adam
3187 519 3378 558 omnes

188 616 354 676 πάντες
393 609 848 681 ἀποθνήσκουσιν,
914 605 1056 660 οὕτω
1102 605 1199 658 καὶ
1244 604 1302 657 ὲν
1359 602 1437 673 τῷ
1489 600 1711 671 Χριστῷ

189 708 357 768 πάντες
391 700 912 772 ζωοποιηθήσονται.
948 717 966 749 ι
999 696 1259 766 Δεύτερος
1290 694 1462 762 Ἀδὰμ
1510 708 1712 762 κεχρηο

193 801 382 870 μάτικεν
404 797 432 850 6
458 793 690 865 Χριστός
709 808 721 820 ⁸
749 791 844 844 καὶ
871 789 1058 860 ὥσπερ
1084 791 1112 842 6
1139 787 1352 870 πρῶτος
1367 783 1539 852 Ἀδὰμ
1566 784 1713 854 ἡμᾶς

190 868 507 939 κατεϐίϐασεν
535 881 616 943 είς
644 878 870 949 φθορὰν,
918 877 1091 939 οῦτως
1121 878 1150 928 6
1174 868 1425 944 δεύτερος
1459 872 1714 941 ἀνεκόμι-

189 992 269 1030 σεν
310 975 377 1038 είς
419 972 584 1042 ζωήν.
640 971 752 1039 Οὐχ
799 969 877 1032 ὼς
921 967 1204 1037 ἄνθρωπος
1236 965 1391 1034 ψιλὸς
1426 963 1714 1042 ἀποθανὼν

189 1068 309 1139 ὑπὲρ
333 1039 621 1136 ἠμῶνξῖνα
653 1061 727 1133 μὴ
764 1062 861 1115 καὶ
903 1061 960 1113 ὲν
993 1058 1142 1129 αὐτῷ
1193 1056 1465 1128 μείνωμεν
1492 1039 1676 1125 νεκροί
1696 1071 1709 1084 ·

189 1157 287 1212 ἀλλ’
313 1156 378 1218 ὡς
404 1154 536 1216 Θεὸς
573 1154 631 1205 ὲν
661 1151 826 1222 σαρκὶ⁹
866 1151 959 1204 καὶ
991 1150 1129 1218 αύτῇ
1179 1147 1462 1211 πεπονθὼς
1502 1146 1714 1215 ἀνθρω-

190 1247 355 1311 πίνως,
397 1246 482 1299 ἵνα
516 1242 714 1307 θεῖκῶς
753 1241 1117 1311 ἁναστήσαντι
1145 1240 1236 1293 τὸν
1278 1240 1407 1292 ἴδιον
1440 1238 1566 1291 ναὸν
1598 1254 1719 1291 συν-

188 1336 467 1408 εγερθῶμεν
497 1336 676 1407 ήμεῖς.

578 1511 673 1563 Ἐκ
706 1506 816 1577 τῆς
844 1508 993 1579 πρὸς
1014 1508 1312 1574 Γαλάτας.

254 1620 275 1654 ι
301 1601 518 1674 Χριστὸς
544 1602 693 1671 ἡμᾶς
724 1599 1055 1669 ἐξηγόρασεν
1097 1601 1163 1652 ἐκ
1207 1599 1306 1667 τῆς
1349 1596 1594 1668 κατάρας
1628 1595 1721 1650 τοῦ

1816 595 2139 658 moriuntur,
2196 594 2267 645 ita
2323 602 2377 647 et
2420 594 2470 646 in
2541 592 2757 647 Christo
2807 608 2995 647 omnes
3024 592 3372 647 viviﬁcabun-

1818 696 1903 738 tur
1929 684 1997 737 ".
2043 702 2061 736 ι
2089 672 2340 739 Christus
2388 683 2662 736 secundus
2711 682 2882 735 Adam
2923 685 3224 754 appellatus
3275 695 3382 740 est.

1822 772 1889 828 Ut
1912 781 2092 826 autem
2147 771 2360 841 primus
2406 769 2580 823 Adam
2611 786 2708 824 nos
2739 770 2934 838 dejecit
2991 775 3043 826 in
3079 777 3384 844 corrunptio-

1819 878 1965 927 nem,
2000 863 2072 916 ita
2101 863 2372 917 secundus
2427 862 2596 913 Adam
2627 877 2725 916 nos
2782 863 3034 932 provexit
3078 865 3140 918 ad
3182 866 3382 928 vitam;

1820 970 1924 1009 non
1950 964 2009 1008 ut
2033 940 2194 1007 bomb
2219 954 2525 1008 communis
2579 954 2747 1007 nostri
2806 968 2966 1009 causa
3006 966 3233 1011 mortem
3263 973 3387 1026 per-

1821 1058 2031 1113 pessus,
2056 1058 2123 1097 ne
2158 1043 2209 1097 iu
2240 1043 2331 1097 illo
2362 1044 2560 1097 mortui
2600 1058 2935 1108 maneamus,
2999 1046 3090 1099 sed
3144 1057 3204 1100 ιιι
3248 1047 3389 1102 Deus

1824 1137 2163 1192 incarnatus.
2203 1135 2306 1190 Per
2336 1150 2555 1190 carnem
2601 1150 2838 1203 namque
2872 1150 3063 1204 passus
3086 1146 3167 1190 est
3203 1145 3258 1190 ut
3293 1137 3389 1191 ho-

1825 1243 1944 1295 mo,
1979 1236 2059 1292 ut,
2090 1228 2214 1282 dum
2245 1228 2522 1297 proprium
2555 1226 2812 1295 templum
2852 1227 3031 1280 divina
3057 1228 3257 1282 virtute
3295 1243 3390 1281 ex-

1825 1320 2074 1384 suscitat,
2114 1327 2170 1373 et
2212 1333 2311 1373 nos
2358 1317 2517 1374 simul
2544 1331 2760 1386 quoque
2804 1332 2923 1372 cum
2955 1317 3047 1372 illo
3087 1319 3389 1374 exsuscite-

1827 1427 1965 1466 mur.

2241 1501 2326 1557 Ea:
2342 1502 2585 1575 \Epistola
2623 1502 2691 1555 ad
2745 1500 2983 1555 G‘alatas.

1903 1615 1922 1649 ι
1953 1595 2204 1652 Christus
2240 1609 2338 1649 nos
2364 1594 2593 1649 redemit
2626 1596 2692 1647 de
2719 1586 3007 1646 maledicto
3038 1591 3191 1659 legis,
3222 1592 3395 1647 factus

189 1669 356 1765 νόμου,
393 1669 682 1761 γενόμενος
726 1690 869 1762 ὑπὲρ
909 1688 1065 1758 ήμῶν
1116 1689 1361 1760 κατάρα·
1412 1688 1722 1758 γέγραπται

1851 1702 1926 1741 πο
1986 1686 2143 1741 nobis
2201 1684 2575 1747 maledictum;
2609 1684 2745 1765 quia.
2767 1682 3024 1751 scriptum
3071 1692 3153 1736 est
3188 1682 3397 1738 :Male-

189 1788 314 1857 γάρσ
357 1783 785 1853 Ἐπικατάρατος
811 1783 918 1845 πᾶς
948 1783 977 1834 6
998 1826 1001 1831 .
1024 1779 1370 1851 κρεμάμενος
1416 1778 1507 1831 ἐπὶ
1540 1777 1723 1842 ξύλουο

191 1879 270 1929 ἶνα
294 1876 365 1937 είς
400 1873 468 1927 τὰ
491 1872 617 1941 έθνη
660 1874 694 1940 ἡ
742 1871 960 1938 εὐλογία
996 1870 1089 1923 τοῦ
1130 1869 1382 1940 Ἀΰραὰμ
1410 1868 1633 1937 γένηται
1671 1868 1729 1919 ὲν

190 1963 389 2038 Χριστῷ
426 1963 621 2034 Ἰησοῦ,
655 1964 743 2017 ἵνα
769 1963 869 2033 τὴν
896 1961 1228 2030 ἐπαγγελίαν
1274 1960 1369 2014 τοῦ
1418 1960 1731 2029 Πνεύματος

189 2057 420 2128 λάϐωμεν
450 2056 537 2110 διὰ
566 2056 664 2125 τῆς
710 2054 964 2115 πίστεως.
1011 2071 1030 2104 ι
1069 2051 1259 2122 Ἀθρει
1292 2052 1355 2122 δή
1389 2068 1478 2120 μοι
1505 2048 1733 2103 κάντεῦ-

191 2149 294 2212 θεν,
322 2148 396 2202 ὅτι
420 2146 611 2216 γέγονε
637 2144 716 2214 τῷ
745 2143 934 2213 κόσμῳ
972 2143 1237 2211 σωτήριος
1282 2141 1312 2192 6
1355 2139 1592 2212 Χριστοῦ
1637 2138 1733 2191 θά-

191 2257 339 2304 νατος
357 2256 370 2270 ο
393 2240 582 2308 γέγονε
610 2237 719 2306 γὰρ
750 2236 891 2304 ὑπὲρ
916 2233 1071 2304 ἡμῶν
1098 2233 1330 2303 κατάρα,
1350 2232 1578 2301 σταυρὸν
1603 2230 1733 2282 ὐπο-

194 2298 524 2401 μείνσὶς,’κὸιι
563 2298 893 2395 κρεμασθεὶς
939 2298 1035 2374 ἔπι
1088 2298 1266 2384 ξύλου..
1317 2319 1404 2373 ἵνα
1457 2298 1596 2388 λύσῃ
1639 2298 1773 2369 ros‘

191 2421 381 2489 κόσμου
400 2418 500 2488 τὴν
520 2416 817 2486 ἁμαρτίαν,
853 2414 941 2466 ἵνα
972 2413 1052 2476 είς
1081 2411 1149 2465 τὰ
1174 2411 1301 2479 ἔθνη
1336 2408 1610 2479 ήεύλογία
1642 2407 1735 2460 τοῦ

202 2509 436 2580 Ἀϐραὰμ
486 2506 711 2576 γένηται
758 2506 817 2558 ὲν
883 2501 1104 2574 Χριστῷ
1162 2499 1370 2567 Ἰησοῦ·
1443 2497 1736 2558 τουτέστιν,

191 2598 275 2650 ἶνα
300 2595 557 2665 δικαιωθῇ
595 2594 663 2647 τὰ
688 2593 814 2663 ἔθνη
861 2592 947 2644 διὰ
989 2591 1246 2652 πίστεως,
1278 2586 1420 2641 κατὰ
1447 2588 1546 2656 τὴν
1571 2585 1740 2638 δοθεῖ-

192 2705 286 2742 σαν
331 2685 658 2753 ἐπαγγελίαν
699 2682 777 2753 τῷ
814 2681 1086 2752 Ἀϐραὰμ,
1134 2679 1366 2749 ἰνα”τὴν
1409 2676 1743 2745 ἐπαγγελίαν

188 2778 281 2833 τοῦ
308 2777 618 2847 Πνεύματος
643 2774 898 2843 λάϐωμεν
931 2772 1021 2826 διὰ
1052 2773 1150 2839 τῆς
1182 2771 1434 2833 πίστεως.
1469 2770 1598 2822 Ὅτε
1636 2768 1746 2821 τοί-

190 2887 285 2922 νυν
310 2868 403 2920 καὶ
430 2867 531 2935 τὴν
560 2867 617 2917 ὲν
646 2862 794 2933 νόμῳ
817 2860 1038 2913 λέλυκεν
1075 2859 1215 2931 ἀρὰν
1254 2861 1283 2910 6
1316 2855 1553 2927 Χριστοῦ
1583 2854 1747 2909 θάνα-

1830 1779 2004 1833 dictus
2041 1776 2218 1832 omnis
2264 1779 2353 1845 qui
2380 1777 2577 1845 pendet
2604 1774 2656 1829 in
2678 1758 2849 1845 ligno:
2885 1781 2940 1825 ut
2967 1777 3016 1827 in
3036 1774 3281 1843 gentibus
3312 1775 3399 1830 bc-

1831 1870 2067 1924 nedictio
2099 1869 2251 1922 ﬁeret
2281 1868 2511 1921 Abrahre
2543 1866 2597 1919 in
2633 1866 2851 1920 Christo
2881 1862 3030 1922 Jesu,
3089 1874 3147 1916 ut
3178 1863 3393 1933 pollici-

1832 1966 2088 2017 tationem
2141 1959 2378 2029 Spiritus
2405 1958 2736 2028 accipiamns
2768 1972 2867 2026 per
2896 1957 3052 2009 (idem
3079 1956 3150 2008 ".
3192 1975 3211 2009 ι
3266 1955 3402 2012 llinc

1832 2055 1994 2108 etiam
2029 2051 2324 2122 perspicias
2366 2050 2513 2115 licet,
2555 2050 2756 2105 Christi
2800 2058 3026 2103 mortem
3071 2049 3274 2103 mundo
3313 2063 3404 2104 sar

1834 2145 2065 2199 lutarem
2093 2142 2387 2198 exstitisse.
2440 2139 2575 2194 Nam
2626 2140 2967 2195 maledictum
3019 2140 3190 2193 nostri
3227 2153 3395 2194 causa

1838 2237 2011 2291 factus
2044 2244 2148 2296 est.
2187 2235 2312 2289 dum
2341 2246 2559 2295 crucem
2586 2233 2866 2299 sustinuit,
2910 2232 3067 2300 100
3097 2246 3303 2287 necnon
3337 2248 3405 2289 ex

1836 2329 1984 2397 ligno
2032 2327 2306 2396 pependit,
2362 2339 2489 2394 quo,
2529 2325 2726 2377 mundo
2776 2339 2804 2377 a
2861 2327 3101 2395 peccatis
3163 2322 3403 2391 expiato,

1840 2418 2073 2473 Abrahae
2104 2416 2410 2472 benedictio
2446 2416 2499 2468 in
2530 2415 2749 2468 Christo
2785 2414 2909 2469 Jesu
2949 2416 3102 2469 fieret
3132 2417 3184 2469 in
3219 2416 3398 2485 genti-

1840 2510 1961 2571 bus,
1993 2509 2093 2563 hoc
2116 2515 2220 2570 est,
2243 2514 2532 2576 utgentes,
2560 2505 2714 2573 juxta
2742 2505 3403 2573 promissipnemAbraltte

1843 2600 2063 2660 tactam,
2089 2612 2186 2668 per
2211 2596 2367 2651 ﬁdem
2387 2595 2841 2665 juStiiicarentur,
2875 2610 3082 2665 uosque
3123 2611 3219 2662 per
3245 2596 3404 2652 ﬁdem

1846 2688 2102 2755 Spiritum
2122 2686 2449 2755 promissum
2480 2685 2872 2740 obtineremus.
2900 2685 3035 2741 Cum
3057 2686 3219 2756 igitur
3243 2686 3405 2743 Chri-

1845 2779 1913 2832 sti
1943 2791 2091 2832 mors
2107 2776 2242 2847 legis
2264 2775 2702 2831 maledictionem
2731 2789 2764 2831 e
2793 2778 2971 2831 medio
3013 2777 3319 2843 sustulerit,
3354 2788 3412 2833 et

1847 2869 2097 2938 gentibus
2125 2881 2340 2922 rursum
2394 2866 2618 2920 Abrahaz
2672 2866 3131 2931 benedictionem,
3170 2869 3272 2924 hoc
3327 2879 3413 2924 est

188 2976 295 3023 τος,
343 2957 435 3011 καὶ
480 2954 812 3025 προύξένησε
846 2954 959 3014 τοῖς
1008 2950 1185 3003 ἔθνεσι
1218 2948 1314 3020 τὴν
1362 2945 1613 3014 εὐλογίαν
1649 2942 1742 2996 τοῦ

1851 2958 2075 3026 gratiam
2092 2971 2188 3025 per
2214 2955 2369 3010 [idem
2395 2954 2685 3023 pepererit,
2701 2963 2758 3009 et
2784 2955 2996 3009 tandem
3025 2953 3258 3025 Spiritus
3281 2972 3414 3011 san-

201 3049 469 3121 Ἀ6ραὰμ,
507 3046 753 3100 τουτέστι
778 3046 877 3115 τὴν
906 3043 993 3096 διὰ
1024 3042 1258 3103 πίστεως
1281 3039 1463 3110 χάριν,
1483 3037 1742 3109 μετόχους

1851 3051 1918 3104 cti
1948 3047 2234 3117 participes
2257 3061 2357 3102 nos
2387 3045 2715 3109 reddiderit;
2753 3046 3060 3114 neutiquam
3100 3047 3414 3103 existimare

187 3139 244 3193 δὲ
271 3139 414 3209 ἡμᾶς
452 3135 697 3206 ἀπέφηνε
729 3134 823 3187 καὶ
847 3131 941 3185 τοῦ
970 3130 1126 3199 ἁγίου
1157 3129 1493 3199 Πνεύματος·
1521 3127 1622 3179 οὐκ
1647 3126 1745 3178 ἀν-

189 3226 405 3297 θρώπου
430 3223 610 3279 κοινοῦ
636 3223 792 3277 νοοῖτ’
827 3220 893 3275 ἂν
927 3222 956 3274 6
979 3220 1209 3281 θάνατος
1247 3214 1443 3271 αὐτοῦ·
1476 3215 1746 3285 περινοεῖν

185 3318 245 3370 δὲ
293 3318 554 3387 προσήκει
601 3314 825 3386 μᾶλλον,
868 3314 951 3366 ὅτι
999 3308 1135 3381 σὰρξ
1196 3307 1430 3378 γεγονὼς
1476 3308 1506 3361 6
1552 3305 1746 3373 Λόγος,

189 3411 353 3480 σαρκὶ⁵
381 3407 645 3464 πέπονθεν
688 3406 829 3477 ὑπὲρ
854 3404 948 3457 τοῦ
978 3403 1207 3473 κόσμου,
1254 3400 1350 3454 καὶ
1377 3401 1599 3468 γέγονεν
1630 3398 1750 3451 ἱκα-

187 3500 277 3553 νὸν
309 3498 368 3551 τὸ
394 3495 560 3552 αὑτοῦ
592 3495 764 3558 πάθος
790 3496 869 3557 είς
898 3492 998 3562 τὴν
1029 3490 1123 3545 τοῦ
1154 3490 1360 3559 κόσμου
1387 3488 1675 3559 λύτρωσιν.

573 3589 675 3641 Ἐκ
711 3583 821 3652 τῆς
848 3583 998 3652 πρὸς
1034 3579 1373 3650 Ἐφεσίους.
1488 3577 1497 3583 ’

264 3699 285 3733 ι
320 3681 461 3735 Νυνὶ
487 3680 544 3732 δὲ
573 3680 631 3730 ὲν
660 3676 882 3748 Χριστῷ
919 3674 1120 3745 Ἰησοῦ,
1156 3674 1314 3744 ὑμεῖς
1342 3671 1391 3724 οἱ
1422 3669 1554 3723 ποτὲ
1601 3669 1754 3732 ὄντες

185 3773 437 3844 μακρὰν,
479 3768 776 3838 ἐγενήθητε
822 3766 989 3834 ἐγγὺς
1041 3765 1100 3817 ὲν
1129 3763 1207 3833 τῷ
1250 3764 1442 3835 αἵματι
1480 3760 1574 3814 τοῦ
1622 3761 1758 3832 Χρι-

183 3860 340 3915 στοῦ.
371 3859 541 3921 Αὐτὸς
575 3856 686 3926 γάρ
719 3857 866 3909 ἔστιν
890 3857 927 3926 ή
951 3855 1141 3925 εἰρήνη
1166 3851 1346 3924 ήμῶν,
1374 3853 1403 3905 6
1427 3850 1659 3921 ποιήσας
1688 3848 1756 3903 τὰ

178 3950 482 4023 ἀμφότερα
516 3948 594 4012 ἓν,
641 3948 736 4013 καὶ
767 3948 829 4001 τὸ
864 3947 1179 4019 μεσότοιχον
1224 3944 1320 3998 τοῦ
1375 3940 1631 4017 φραγμοῦ
1661 3941 1758 3994 λύ-

180 4059 310 4103 σας,
342 4039 443 4111 τὴν
472 4039 671 4111 ἔχθραν
699 4041 757 4094 ὲν
779 4041 845 4110 τῇ
875 4039 1037 4109 σαρκὶ
1066 4035 1254 4101 αὑτοῦ,
1272 4035 1382 4089 τῶν
1411 4033 1644 4089 ἐντολῶν
1666 4034 1759 4087 τὸν

174 4134 356 4203 νόμον
390 4134 450 4185 ὲν
478 4132 712 4201 δόγμασι
744 4131 1115 4201 καταργήσας.
1150 4148 1169 4181 ι
1204 4129 1268 4181 Ei
1307 4126 1402 4181 καὶ
1444 4125 1572 4189 τοὺς
1599 4126 1761 4190 ὄντας

178 4224 418 4296 μακρὰν
441 4222 530 4276 διὰ
560 4223 622 4275 τὸ
654 4220 959 4274 πλανᾶσθαι
1000 4220 1143 4273 κατὰ
1184 4220 1276 4272 τὸν
1318 4218 1542 4288 κόσμον,
1580 4216 1672 4270 καὶ
1701 4217 1761 4269 ὲν

1848 3139 2105 3196 debemus
2170 3146 2398 3193 mortem
2459 3137 2598 3191 illius
2653 3137 2895 3206 vulgaris
2953 3136 3254 3207 cujuspiam
3309 3140 3411 3194 ho-

1851 3230 2012 3286 minis
2029 3239 2258 3285 mortem
2279 3228 2600 3284 exstitisse:
2637 3227 2769 3292 quin
2822 3226 2877 3281 id
2938 3228 3117 3297 potius
3172 3237 3415 3286 statuere

1852 3336 1952 3376 nus
1987 3319 2165 3384 decet,
2201 3333 2392 3388 nempe
2418 3316 2654 3372 Verbum
2690 3317 3033 3372 incarnatum
3091 3328 3321 3374 mortem
3357 3320 3414 3376 in

1852 3424 2015 3466 carne
2040 3423 2140 3479 pro
2169 3409 2366 3463 mundo
2394 3407 2698 3478 pertulisse,
2737 3406 2963 3476 ejusque
3012 3409 3320 3478 passionem
3348 3411 3418 3467 ad

1852 3515 2066 3556 omnem
2093 3500 2369 3555 hominum
2407 3490 2829 3569 redemptionem
2859 3499 3073 3556 abunde
3110 3511 3196 3556 sat
3224 3501 3413 3559 fuisse.

2267 3591 2351 3646 Ex
2372 3590 2609 3662 Epistola
2639 3592 2708 3646 ad
2737 3592 3007 3661 Ephesios.

1933 3704 1953 3736 ι
1992 3684 2143 3740 Nunc
2176 3692 2354 3739 autem
2388 3682 2685 3738 inIChristo
2708 3682 2861 3747 Jesu,
2895 3699 2991 3738 vos
3015 3683 3421 3755 quialiquando

1856 3776 2023 3831 eratis
2058 3775 2237 3843 longe,
2265 3773 2391 3827 facti
2417 3773 2549 3827 eStis
2583 3788 2749 3841 prope
2780 3775 2836 3825 in
2899 3774 3159 3840 sanguine
3191 3776 3417 3830 Christi.

1859 3864 1976 3933 Ipse
1996 3865 2142 3917 enim
2168 3872 2251 3917 est
2276 3877 2379 3930 pax
2410 3871 2624 3925 nostra,
2659 3862 2749 3929 qui
2785 3859 2912 3915 fecit
2944 3872 3173 3933 utraque
3223 3878 3415 3927 unum,

1859 3968 1915 4011 et
1947 3956 2179 4009 medium
2215 3952 2475 4022 parietem
2532 3952 2780 4006 maceria:
2824 3952 3058 4018 solvens,
3117 3954 3427 4010 inimicitias

1864 4047 1917 4101 in
1945 4060 2108 4101 carne
2141 4058 2261 4106 sua.
2292 4043 2462 4112 legem
2508 4042 2885 4097 mandatorum
2920 4045 2972 4098 in
3019 4045 3254 4100 decretis
3289 4059 3419 4100 eva-

1863 4151 2034 4193 cuans
2063 4135 2133 4190 "’.
2165 4154 2184 4187 ι
2223 4134 2376 4201 Quod
2408 4133 2453 4187 si
2485 4147 2581 4188 eos
2605 4132 2696 4200 qui
2726 4133 2914 4202 procul
2966 4136 3215 4197 aberant,
3266 4135 3337 4190 ob
3369 4138 3422 4191 id

1866 4227 2121 4283 nimirum
2155 4224 2299 4295 quod
2326 4238 2422 4293 per
2479 4225 2738 4278 mundum
2787 4225 3076 4280 errabundi
3110 4225 3432 4297 divagaren-

173 4316 453 4385 ἀθεότητι
499 4312 784 4375 διατελεῖν,
833 4312 998 4379 ὲγγὺς
1029 4310 1296 4379 πεποίηκε
1336 4307 1400 4360 τὸ
1440 4301 1582 4378 αἷμα
1630 4307 1737 4375 Χρι

1875 4327 1964 4372 tur
1985 4326 2316 4385 aetatemque
2370 4316 2423 4369 in
2452 4316 2730 4384 impietate
2753 4325 2998 4386 agerent,
3033 4318 3250 4388 sanguis
3274 4318 3434 4374 Cbri-i

174 4406 345 4461 στοῦ·
380 4404 502 4468 πῶς
529 4405 630 4457 οὐκ
662 4403 935 4472 ἀναγκαία
952 4404 1064 4465 τοῖς
1092 4401 1183 4455 ἐπὶ
1210 4401 1309 4472 τῆς
1336 4401 1439 4469 γῆς
1464 4402 1498 4468 ή
1538 4397 1633 4452 τοῦ
1664 4398 1768 4451 Λό-

172 4516 289 4569 γου
324 4498 629 4569 σάρκωσις,
668 4488 1004 4563 συλλέγουσα
1029 4496 1098 4550 τὰ
1120 4495 1450 4567 διῃρημένα,
1476 4493 1572 4546 καὶ
1597 4508 1768 4562 προσ-

169 4588 484 4645 οικειοῦσα
533 4588 633 4659 μὲν
676 4587 754 4659 τῷ
791 4587 910 4658 Θεῷ
952 4588 1078 4651 τοὺς
1126 4587 1365 4658 μακρὰν,
1415 4584 1672 4648 κτίζουσα
1713 4582 1770 4636 δὲ

166 4679 321 4740 τοὺς
369 4678 467 4753 δύο
504 4678 666 4742 λαοὺς
712 4679 791 4741 εἰς
835 4678 931 4731 ἕνα
980 4677 1167 4731 καινὸν
1213 4677 1498 4748 ἄνθρωπον
1542 4674 1630 4729 διὰ
1671 4675 1772 4744 τῆς

164 4768 364 4824 αὑτοῦ
419 4769 652 4841 σαρκός;
700 4767 918 4820 Δέδοται
962 4766 1073 4837 γὰρ
1127 4768 1208 4829 είς
1249 4766 1517 4837 λύτρωσιν
1563 4763 1672 4818 τῶν
1713 4764 1771 4816 ὲν

160 4861 525 4931 ἁμαρτίαις,
550 4862 644 4915 καὶ
667 4860 733 4913 δι’
763 4859 932 4928 αὐτῆς
981 4858 1049 4910 τὰ
1075 4858 1252 4911 πάντα
1293 4858 1669 4928 κατεκτήσατο
1696 4854 1774 4925 τῷ

159 4949 309 5020 Θεῷ
343 4950 448 5002 καὶ
480 4952 675 5021 Πατρί.
723 4948 834 5001 Καὶ
869 4946 1004 5017 πρὸς
1028 4946 1238 5008 τούτοις
1281 4945 1362 4997 ἔτι
1406 4945 1501 4998 καὶ
1529 4947 1558 4998 6
1604 4944 1772 5001 πάλαι

160 5041 554 5111 κατήργηται
596 5038 759 5110 νόμος
784 5079 799 5105 ,
845 5038 921 5102 ὡς
964 5036 1105 5108 ὑπὲρ
1135 5036 1298 5090 αὑτὸν
1337 5035 1503 5103 οὔσης
1542 5037 1640 5105 τῆς
1684 5036 1771 5089 πί-

162 5147 397 5198 στεως,
430 5131 590 5202 δῆλον
615 5132 673 5185 δὲ
710 5132 792 5185 ὅτι
834 5131 933 5201 τῆς
976 5132 1035 5185 ὲν
1076 5128 1318 5200 Χριστῷ.
1364 5128 1477 5183 Καὶ
1516 5131 1565 5182 εί
1613 5128 1775 5181 τοῦτό

158 5224 347 5276 ἐστιν
394 5223 617 5294 ἀληθὲς,
666 5222 786 5285 πῶς
815 5222 955 5294 ὑπὲρ
982 5222 1147 5292 νόμον
1192 5222 1227 5291 ή
1255 5219 1456 5288 πίστις,
1500 5220 1553 5272 εί
1589 5218 1665 5290 μὴ
1700 5217 1777 5281 ὡς

160 5313 316 5383 Θεῷ
346 5314 803 5385 πεπιστεύκαμεν
825 5313 903 5384 τῷ
934 5311 1193 5385 Χριστῷ;

246 5577 309 5611 "'
343 5576 400 5634 ιι
432 5576 561 5635 Cor.
594 5594 686 5649 xv,
713 5576 805 5633 2|.
882 5577 930 5612 τ’
959 5574 1134 5633 Galat.
1172 5589 1260 5642 tu,
1289 5573 1376 5639 l3,
1413 5571 1501 5628 M.

1872 4410 1941 4466 sti
2014 4422 2182 4478 prope
2236 4406 2492 4472 adduxit;
2547 4407 2813 4474 quomodo
2888 4406 3051 4465 Verbi
3110 4410 3433 4475 iuraruatio,

1872 4515 1992 4569 qute
2025 4510 2080 4556 et
2102 4500 2344 4569 dispersa
2405 4500 2457 4552 in
2505 4513 2670 4552 unum
2726 4499 2964 4571 collegit,
2998 4508 3052 4556 et
3091 4500 3248 4571 longe
3280 4506 3438 4556 alter-

1877 4600 2063 4644 rantes
2092 4589 2201 4644 Deo
2225 4588 2619 4651 reconciliavit,
2650 4597 2704 4643 et
2736 4588 2869 4643 duos
2912 4591 3137 4660 populos
3185 4594 3236 4646 in
3270 4606 3433 4644 unum

1873 4694 2068 4733 novum
2090 4678 2364 4733 hominem
2415 4693 2511 4747 per
2538 4692 2757 4732 carnem
2796 4678 2935 4731 illius
2982 4679 3207 4748 redegit,
3243 4679 3434 4748 generi

1882 4771 2119 4825 humano
2147 4785 2250 4823 non
2287 4777 2409 4821 erat
2466 4767 2819 4822 necessaria‘l
2876 4768 3121 4821 Exhibita
3166 4777 3251 4822 est
3290 4770 3437 4824 enim

1882 4862 1999 4914 haec
2023 4871 2152 4912 caro
2216 4857 2265 4909 in
2293 4871 2478 4910 eorum
2528 4856 2898 4910 liberationem
2953 4855 3045 4921 qui
3074 4857 3308 4923 peccatis
3337 4860 3438 4913 oh-

1880 4948 2056 5005 stricti
2121 4947 2464 5008 tenebantur,
2533 4947 2823 5015 omniaque
2879 4959 2974 5014 per
3015 4946 3182 5013 ipsam
3234 4946 3343 5002 Deo
3384 4958 3442 5005 et

1878 5040 2023 5094 Patri
2077 5035 2355 5092 lucrifacta
2406 5046 2551 5091 sunt.
2579 5035 2688 5093 Lex
2711 5046 2969 5107 praeterea
2995 5046 3169 5100 vetus,
3193 5039 3332 5106 quod
3372 5039 3439 5093 η-

1881 5130 1976 5183 des
2016 5128 2069 5180 in
2112 5127 2388 5182 Christum
2445 5127 2610 5181 multo
2668 5128 2755 5181 illa
2802 5129 2873 5194 sit
2919 5127 3288 5194 excellentior,
3343 5145 3440 5198 per

1885 5216 2131 5270 eamdem
2159 5230 2375 5284 quoque
2407 5216 2605 5271 abolita
2630 5226 2733 5270 est.
2791 5217 2862 5272 At
2893 5217 3163 5285 quomodo
3198 5219 3281 5274 lex
3313 5221 3440 5277 fidei

1880 5305 2044 5370 cedit,
2073 5306 2118 5359 si
2152 5306 2205 5361 in
2234 5306 2505 5362 Christum
2537 5316 2791 5375 tanquam
2824 5307 2876 5361 in
2900 5322 3086 5362 verum
3129 5307 3295 5364 Deum
3331 5324 3440 5366 non

1887 5397 2188 5451 credimus?

1607 5572 1654 5606 "
1681 5571 1875 5644 Epltes.
1913 5586 1970 5638 Il,
2009 5569 2189 5624 t5-l5.
