3910 6200
517 236 661 314 3295

944 350 1025 406 Ex
1059 347 1299 419 Epistola
1332 348 1402 401 ad
1439 346 1712 402 llebrtros.

602 483 623 516 ι
657 464 784 518 ideo
829 463 1138 533 ingrediens
1184 458 1444 512 mundum
1501 459 1632 512 dicit
1680 476 1691 510 :
1754 455 2001 510 Hostiam
2048 466 2100 509 ct

512 554 856 610 ‘ohlntionem
912 553 1154 614 noluisti,
1210 564 1409 618 corpus
1462 559 1640 603 autem
1689 548 1881 617 optasti
1927 548 2096 602 mihi:

524 645 969 700 ltelocautotnata
1008 651 1064 697 et
1110 656 1207 711 pro
1245 650 1465 710 peccato
1512 654 1616 693 non
1643 639 1736 691 tibi
1763 638 2101 706 placuerunt.

525 738 684 792 Tunc
713 737 865 806 101
901 736 1012 789 dixi
1044 752 1055 788 :
1090 733 1233 789 Ecce
1267 733 1467 798 venio;
1507 733 1559 784 in
1590 731 1772 798 capite
1809 730 1933 783 libri
1962 730 2103 783 scri-

529 840 680 898 ptum
736 836 822 882 est
870 829 935 881 de
987 841 1122 880 me:
1177 822 1250 878 Ut
1310 822 1524 886 faciam,
1576 821 1734 885 Dens,
1770 820 2102 875 voluntatem

533 932 681 974 tuam
705 919 770 972 ⁸⁸.
815 938 832 969 ι
866 917 1070 973 Christi
1106 915 1293 986 passio
1346 913 1553 969 mundo
1591 913 1825 969 salutem
1871 913 2102 981 peperit.

538 1013 730 1068 Verum
766 1026 946 1081 operte
977 1009 1209 1080 pretium
1261 1016 1348 1061 est
1397 1018 1727 1074 COgnuscere
1790 1002 2104 1072 ecquisnam

534 1105 623 1159 ille
672 1104 745 1158 sit
797 1101 888 1171 qui
918 1099 1254 1154 inmundum
1287 1097 1617 1166 ingreditur,
1663 1094 2105 1164 quandoquidem

534 1195 710 1249 modis
759 1192 1012 1248 omnibus
1064 1190 1113 1244 is
1157 1199 1310 1243 extra
1350 1188 1780 1254 mundum,erat.
1827 1184 2108 1251 Quomodo

532 1299 686 1355 ergo,
747 1282 840 1352 qui
869 1292 1021 1336 extra
1078 1280 1336 1333 mundum
1391 1286 1529 1341 erat,
1593 1279 1875 1344 ingressus
1927 1285 2011 1329 est
2054 1275 2105 1327 in

533 1375 750 1446 ipsum?
779 1373 921 1428 Sane
952 1370 1307 1439 Unigenitus,
1347 1379 1540 1438 suapte
1573 1378 1766 1422 natura
1797 1367 2106 1421 universum

533 1470 792 1523 mundum
837 1463 1109 1518 excedens
1134 1474 1198 1516 ut
1231 1461 1392 1521 Deus.
1424 1461 1477 1514 in
1526 1460 1782 1512 mundum
1827 1459 2111 1534 ingressus}

531 1567 636 1624 est,
669 1571 792 1628 pars
831 1556 974 1609 illius
1005 1551 1202 1618 lactus,
1234 1553 1389 1606 idest
1421 1549 1695 1627 bomp.lta
1727 1548 1898 1615 enim,
1934 1547 2106 1603 sacri-

532 1651 657 1706 ﬁcio
687 1662 786 1719 pro
824 1646 982 1700 nobis
1027 1642 1209 1698 oblato
1258 1652 1556 1711 sponteque
1586 1640 1877 1709 semetipso
1897 1648 2108 1695 contra-

531 1744 668 1807 tlito,
694 1738 764 1794 ab
802 1735 1023 1791 interitu
1068 1742 1338 1787 terrarum
1374 1732 1563 1785 orbem
1598 1729 1921 1782 vindicavit.

606 1847 625 1881 ι
671 1828 901 1895 Propter
947 1821 1096 1893 quod
1146 1830 1203 1876 et
1244 1819 1421 1886 Jcsns,
1464 1828 1521 1899 ut
1574 1819 1945 1873 sanctilicaret
2008 1831 2105 1885 per

531 1934 689 1975 suum
728 1914 1048 1986 sanguinem
1092 1911 1393 1982 populum,
1438 1917 1593 1964 extra
1646 1919 1865 1978 portam.
1912 1923 2106 1977 passus

530 2018 615 2064 est
644 2008 713 2062 ⁸¹.
743 2024 761 2057 ι
793 2006 909 2072 Quo
941 2011 1123 2073 pacto,
1156 2016 1362 2069 quaeso,
1397 1999 1690 2069 promiscui
1718 1998 1951 2052 hominis
1978 2013 2104 2051 san-

533 2098 655 2171 guis
684 2106 903 2153 sanctos
932 2107 1031 2148 nos
1064 2090 1340 2147 elﬁceret?
1371 2095 1439 2144 At
1469 2091 1671 2145 Christi
1717 2088 1941 2159 sanguis
1975 2103 2103 2141 san-

540 2190 802 2248 ctiﬁcavit
829 2200 957 2242 nos.
991 2180 1214 2239 Divinus
1263 2194 1348 2238 est
1402 2184 1605 2252 itaque,
1634 2197 1740 2236 non
1786 2179 2107 2248 simpliciter

530 2285 843 2340 humanus:
880 2277 1023 2338 Deus
1053 2276 1199 2332 enim
1236 2284 1356 2330 erat
1402 2274 1457 2328 in
1497 2288 1664 2328 carne
1688 2312 1705 2340 ,
1747 2272 1964 2341 proprio
2008 2285 2106 2325 nos

530 2373 793 2445 sanguine
825 2368 1148 2426 emundans.

889 2483 972 2536 Ea;
1000 2479 1241 2549 Epistula
1269 2482 1336 2532 ad
1359 2477 1708 2533 Timotheum.

605 2619 625 2652 ι
659 2598 809 2654 Unus
834 2596 979 2652 enim
1014 2595 1181 2658 Deus,
1207 2603 1262 2649 et
1301 2592 1758 2649 unus’mediator
1796 2591 1885 2645 Dei
1918 2601 1971 2645 et
2008 2591 2106 2644 ho-

532 2693 737 2747 ntinuni
775 2690 937 2742 homo
982 2685 1235 2739 Christus
1273 2682 1469 2749 Jesus,
1525 2682 1615 2751 qui
1673 2679 2099 2749 redemptionem

530 2782 679 2838 dedit
723 2779 963 2850 seipsum
1023 2788 1122 2844 pro
1166 2775 1421 2829 omnibus
1459 2774 1527 2829 ⁸¹..
1582 2792 1600 2824 ι
1651 2770 1914 2826 Salutaris
1967 2770 2103 2822 citra

530 2871 956 2931 controversiam
992 2866 1198 2923 Christi
1233 2881 1380 2922 mors
1411 2867 1668 2921 universo
1700 2862 1900 2916 mundo
1932 2860 2104 2914 exsti-

532 2969 619 3022 tit.
660 2966 915 3020 Attamen
958 2961 1005 3016 si
1038 2958 1293 3014 Christus
1346 2957 1485 3012 Deus
1519 2969 1624 3009 non
1677 2963 1783 3017 est,
1829 2952 2099 3022 quomodo

1472 214 1487 229 '
1528 234 1585 288 s.
1628 231 1902 287 CYRILLI
1937 230 2413 288 'ALEXANDRINI
2455 231 2774 288 ARCHIEP.

3644 241 3665 292 i
3675 240 3793 293 296

2605 351 2696 402 Ἐκ
2734 349 2844 417 τῆς
2884 352 3029 419 πρῦς
3066 353 3396 423 Ἐϐραίους.

2280 481 2297 511 ι
2329 461 2418 513 Διὸ
2453 461 2831 531 είσερχόμενος
2867 464 2943 524 εἰς
2973 463 3062 515 τὸν
3095 465 3317 535 κόσμον,
3346 467 3514 534 λέγει’
3572 468 3786 522 Θυσίαν

2205 549 2296 601 καὶ
2343 550 2657 619 προσφοράν
2696 550 2794 603 οὐκ
2825 550 3117 622 ἠθέλησας,
3152 555 3311 625 σῶμα
3360 559 3416 611 δὲ
3462 563 3789 631 κατηρτίσω

2208 654 2331 709 μοι·
2366 638 2791 710 ὁλοκαυτώματα
2841 642 2933 694 καὶ
2980 645 3109 713 περὶ
3143 645 3419 717 ἁμαρτίας
3450 651 3553 703 οὐκ
3582 651 3789 724 €331;-

2207 748 2303 792 σας
2321 738 2369 783 ιι.
2406 730 2538 782 Τότε
2590 726 2741 784 εἷπον
2764 748 2777 763 ·
2827 733 2956 785 Ἰδοὺ
3001 735 3120 803 ἧκω
3143 754 3156 764 ε
3189 737 3247 789 ἐν
3281 740 3526 807 κεφαλίδι
3572 742 3786 813 βιϐλίον

2206 821 2516 891 γέγραπται
2549 822 2678 891 περὶ
2707 821 2840 892 ἐμοῦ
2866 839 2879 852 ·
2927 824 3034 877 Τοῦ
3070 827 3314 896 ποιῆσαι,
3343 833 3371 883 ὁ
3411 831 3562 896 Θεὸς,
3589 835 3657 885 τὸ
3702 836 3789 888 θέ-

2205 914 2355 984 λημά
2391 931 2503 966 σου.
2536 932 2553 964 ι
2593 913 2787 981 Γέγονε
2815 917 3085 986 σωτήριον
3114 917 3193 988 τῷ
3226 922 3416 992 κόσμῳ
3438 923 3497 976 τὸ
3522 924 3620 979 τοῦ
3649 928 3787 998 Χρι-

2209 1005 2555 1069 στοῦπάθος.
2582 1006 2738 1077 Πλὴν
2782 1009 3078 1075 ἀναγκαῖον
3113 1010 3240 1065 ίδείν
3284 1012 3370 1077 τίς
3403 1016 3431 1067 ό
3460 1017 3539 1079 είς
3567 1017 3666 1070 τὸν
3694 1020 3788 1071 κό-

2210 1117 2343 1169 σμον
2375 1099 2783 1169 είσερχόμενος’
2824 1095 2891 1170 ἦν
2936 1102 3043 1172 γάρ
3084 1102 3188 1168 ἔξω
3233 1105 3327 1157 τοῦ
3363 1106 3566 1175 κόσμου
3606 1110 3789 1179 πάντη

2208 1206 2266 1242 τε
2297 1191 2390 1242 καὶ
2418 1190 2667 1252 πάντως·
2696 1191 2816 1245 ἐπεὶ
2842 1192 2957 1255 πῶς
2985 1193 3303 1265 εἰσϐἐϐηκεν
3334 1198 3413 1260 εἰς
3442 1198 3603 1251 αὐτὸν
3638 1199 3790 1264 ἕξων

2209 1279 2413 1349 κόσμου
2431 1297 2445 1347 ;
2465 1279 2789 1349 Τοιγαροῦν,
2809 1282 2948 1335 κατὰ
2972 1283 3132 1352 φύσιν
3154 1286 3414 1356 ὑπάρχων
3442 1289 3584 1361 ὑπὲρ
3607 1292 3793 1345 πάντα

2207 1371 2298 1423 τὸν
2341 1371 2566 1456 κόσμον,
2598 1372 2673 1434 ὡς
2698 1372 2830 1436 θεὸς
2859 1374 3189 1444 Μονογενὴς,
3221 1377 3540 1449 εἰσϐἐὸηκεν
3570 1383 3658 1444 είς
3690 1383 3791 1435 at}-

2208 1464 2319 1525 τὸν,
2344 1461 2706 1532 μέροςηαύτοῦ
2737 1462 2994 1531 γεγονὼς,
3014 1467 3287 1519 τουτέστιν
3308 1468 3614 1538 ἄνθρωπος’
3648 1471 3794 1525 οὕτω

2210 1570 2267 1607 τε
2313 1556 2409 1623 τὴν
2459 1553 2599 1622 ὑπὲρ
2627 1553 2785 1624 ἡμῶν
2814 1556 3189 1624 προσκομίσας
3219 1557 3427 1619 θυσίαν,
3462 1562 3556 1613 καὶ
3585 1563 3791 1617 ἑαυτὸν

2211 1644 2450 1710 ἀναθεὶς,
2482 1645 2686 1698 σέσωκε
2716 1645 2814 1716 τὴν
2849 1647 2938 1698 ὑπ’
2969 1647 3217 1716 οὐρανόν.

2288 1841 2304 1870 ι
2333 1820 2423 1874 Διὸ
2440 1821 2531 1873 καὶ
2547 1820 2574 1871 ό
2590 1820 2818 1890 Ἰησοῦς,
2839 1822 2924 1876 ἵνα
2950 1823 3149 1895 ἁγιάσῃ
3169 1823 3256 1878 διὰ
3275 1824 3366 1878 τοῦ
3397 1826 3528 1889 ίὸίου
3550 1829 3795 1899 αἵματος

2208 1912 2296 1965 τὸν
2329 1911 2476 1969 λαὸν.
2511 1910 2615 1978 ἔξω
2661 1912 2758 1981 τῆς
2804 1913 2975 1977 πύλης
3018 1913 3237 1968 ἔπαθεν.
3269 1936 3285 1967 ι
3320 1911 3466 1986 Αἷμα
3492 1919 3795 1987 ἀνθρώπου

2212 2002 2389 2055 κοινοῦ
2422 2003 2543 2091 τίνα
2563 2003 2762 2091 τρόπον
2794 2005 2979 2071 ἁγίους
3003 2007 3151 2075 ἡμᾶς
3173 2009 3455 2079 ἀποφήνῃ;
3491 2012 3663 2065 Ἀλλά
3687 2017 3797 2084 μὴν

2209 2094 2403 2164 ήγίασε
2450 2088 2512 2147 ’τὸ
2565 2088 2705 2165 αἷμα
2754 2096 3012 2164 Χριστοῦ.
3050 2098 3202 2174 Θεῖον
3243 2094 3335 2153 οὖν
3370 2101 3499 2171 ἄρα,
3549 2108 3653 2158 καὶ
3699 2109 3797 2176 οὐχ

2211 2186 2399 2248 ἁπλῶς
2426 2185 2766 2256 ἀνθρώπινον
2788 2203 2800 2215 '
2832 2186 2964 2250 Θεὸς
2994 2191 3104 2257 γὰρ
3139 2184 3206 2261 ἦν
3248 2192 3304 2244 ὲν
3345 2180 3533 2264 σαρκὶ,
3563 2196 3654 2266 τῷ
3684 2193 3807 2266 ιδεμ

2209 2278 2400 2347 αἵματι
2438 2278 2752 2350 καθαρίζων
2777 2282 2949 2351 ἡμᾶς.

2612 2481 2711 2534 Ἐκ
2750 2479 2858 2548 τῆς
2896 2481 3045 2548 πρὸς
3084 2484 3379 2552 Τιμόθεον.

2282 2612 2301 2644 ι
2337 2587 2428 2656 Εἷς
2458 2593 2566 2665 γὰρ
2599 2593 2750 2656 Θεὸς,
2788 2590 2869 2658 εἷς
2896 2595 2991 2648 καὶ
3025 2596 3250 2665 μεσίτης
3282 2598 3416 2652 Θεοῦ
3452 2601 3550 2653 καὶ
3578 2603 3795 2677 ἀνθρὼ-

2209 2700 2325 2735 πων
2365 2684 2650 2755 ἄνθρωπος
2680 2686 2913 2755 Χριστὸς
2946 2686 3171 2756 Ἰησοῦς,
3223 2689 3252 2739 ὁ
3298 2690 3420 2753 δοὺς
3472 2693 3793 2767 ἀντίλυτρον

2209 2775 2399 2829 ἑαυτὸν
2432 2777 2571 2847 ὑπὲρ
2620 2777 2857 2831 πάντων.
2895 2796 2913 2828 ι
2965 2778 3240 2850 Σωτήριος
3281 2781 3745 2855 ὁμολογουμένως
3769 2793 3794 2841 ὁ

2207 2865 2301 2920 τοῦ
2352 2867 2588 2937 Χριστοῦ
2633 2868 2861 2931 θάνατος
2889 2869 2969 2939 τῷ
3007 2871 3196 2943 κόσμῳ
3237 2873 3417 2929 παντί.
3456 2876 3618 2948 Πλὴν
3647 2882 3695 2931 εξ
3725 2883 3793 2949 μή

2210 2960 2323 3012 ἐστι
2352 2957 2506 3023 Θεὸς,
2539 2960 2654 3022 πῶς
2680 2959 2744 3012 ἂν
2774 2960 3058 3030 ἀρκέσειεν
3092 2964 3171 3026 είς
3199 2964 3261 3017 τὸ
3285 2967 3549 3032 γενέσθαι
3574 2970 3795 3024 πάντων

530 3059 647 3127 ipse
675 3055 826 3110 solus
866 3053 960 3107 toti
1009 3051 1213 3107 mundo
1252 3048 1533 3118 liberando
1585 3054 1670 3098 sat
1719 3057 1841 3097 esse
1886 3041 2101 3111 potuit?

2215 3050 2523 3121 ἄντίλυτρον
2554 3050 2715 3113 αὐτός
2739 3067 2798 3103 τε
2836 3051 2930 3104 καὶ
2958 3054 3155 3122 μόνος;
3200 3055 3357 3109 Ἀ).λᾶ
3388 3059 3604 3128 ἢρκεσε
3640 3062 3795 3130 μόνος

535 3148 604 3203 At
628 3147 753 3217 quia
786 3159 951 3215 super
977 3157 1169 3198 omnes
1198 3149 1321 3205 est,
1370 3137 1614 3192 omnium
1668 3148 1832 3189 causa
1868 3142 2099 3186 mortem

531 3246 845 3310 perpessus,
875 3234 1028 3289 solus
1056 3248 1154 3303 pro
1199 3230 1455 3286 omnibus
1495 3225 1788 3282 satisfecit.
1819 3222 1963 3278 Deus
1997 3225 2101 3276 ita-

531 3344 636 3401 que
672 3337 777 3392 est,
808 3330 901 3396 qui
937 3326 1152 3397 propria
1179 3321 1359 3377 carnis
1382 3329 1553 3373 tnorte
1588 3326 1818 3373 mortem
1848 3328 1876 3368 ιι
1905 3314 2103 3369 mundo

532 3421 854 3492 proﬂigavit.

1012 3528 1107 3582 EX
1144 3523 1608 3583 CATIIOLICIS.

1022 3639 1109 3695 Ea:
1136 3638 1375 3710 Epistola
1406 3637 1573 3693 Petri.

584 3755 755 3825 (Quod
804 3754 1004 3811 Christi
1043 3769 1183 3809 mors
1213 3752 1408 3808 mundo
1438 3751 1692 3806 salutaris
1741 3749 2031 3804 exstiterit.

601 3889 622 3924 ι
665 3869 801 3939 Quia
837 3868 1090 3926 Christus
1110 3867 1278 3924 semel
1308 3882 1405 3938 pro
1437 3865 1679 3936 peccatis
1709 3874 1957 3931 mortuus
1990 3872 2096 3925 est,

2208 3142 2347 3213 ὑπὲρ
2396 3141 2613 3195 πάντων
2657 3142 2963 3205 ἀποθανὼν,
2997 3145 3076 3199 ὅτι
3112 3146 3206 3199 καὶ
3238 3148 3377 3219 ὑπὲρ
3407 3151 3625 3215 πάντας
3656 3154 3791 3207 ἐστί,

2205 3231 2336 3294 Θεὸς
2364 3227 2456 3284 οὖν
2492 3232 2597 3302 ἄρα
2628 3232 2743 3284 ἐστὶ
2770 3232 2847 3303 τῷ
2874 3232 3085 3306 Θανάτῳ
3108 3236 3207 3306 τῆς
3249 3236 3383 3302 ίδίας
3417 3240 3633 3310 σαρκὸς
3660 3246 3795 3296 ἀει-,πο-

2207 3324 2409 3394 στήσας
2442 3324 2534 3377 τοῦ
2572 3325 2776 3396 κόσμου
2806 3326 2895 3380 τὸν
2931 3326 3177 3382 θάνατον.

2446 3560 2455 3567 .
2509 3571 2513 3575 ,
2568 3525 2706 3579 ,ΕΚ
2736 3519 2878 3576 ΤΩΝ
2913 3522 3359 3580 ΚΑΘΟΛῙΚΩΝ.

2528 3634 2622 3687 Ἐκ
2661 3633 2771 3702 τῆς
2806 3634 3032 3704 Πέτρου
3067 3630 3456 3707 Ἐπιστολῆς.

2206 3746 2324 3798 Ὅτι
2359 3749 2393 3797 ὁ
2433 3745 2536 3799 τοῦ
2560 3746 2814 3813 Χριστοῦ
2841 3745 3095 3813 θάνατος
3125 3748 3204 3814 τῷ
3227 3750 3438 3819 κόσμῳ
3471 3755 3790 3823 σωτήρισς.

2279 3858 2430 3911 «Ὅτι
2463 3860 2491 3911 ό
2517 3858 2746 3928 Χριστὸς
2764 3859 2909 3924 ἅπαξ
2936 3863 3064 3932 περὶ⁸
3099 3862 3380 3934 ἁμαρτιῶν
3407 3866 3686 3925 ἀπέθανε.
3713 3871 3790 3923 δί-

524 3964 706 4034 justus
755 3974 852 4031 pro
887 3959 1127 4030 injustis,
1181 3968 1240 4015 ut
1290 3973 1388 4013 nos
1422 3955 1645 4012 oﬂ‘erret
1693 3955 1824 4017 Deo,
1871 3953 2100 4008 mortiti~

2215 3968 2350 4013 tato;
2399 3951 2538 4022 ὑπὲρ
2581 3952 2801 4015 ἀδίκων,
2829 3952 2916 4005 ἴνα
2950 3948 3099 4024 ἡμᾶς
3146 3957 3483 4031 προσαγάγῃ
3529 3961 3617 4031 τῷ
3651 3961 3788 4031 Θεῷ,

528 4061 683 4107 catus
720 4049 936 4118 quidem
977 4061 1163 4113 carne,
1205 4047 1510 4100 viviticatus
1554 4053 1734 4098 autem
1782 4042 1996 4112 spiritu.
2041 4042 2096 4095 in

2215 4039 2531 4105 ὶανατωθεὶς
2562 4043 2663 4111 μὲν
2694 4042 2876 4113 σαρκὶ,
2912 4044 3265 4115 ζωοποιηθεὶς
3287 4046 3344 4099 δὲ
3373 4053 3685 4122 πνεύματι.
3704 4056 3791 4107 Ἔν

529 4157 638 4214 quo
670 4151 727 4198 et
774 4142 860 4196 his
891 4140 981 4211 qui
1032 4138 1083 4193 in
1114 4154 1336 4194 carcere
1366 4148 1524 4192 erant
1574 4136 1852 4207 spiritibus
1880 4135 2099 4189 veniens

2215 4124 2241 4199 ἶ)
2278 4131 2373 4184 καὶ
2400 4132 2510 4194 τοῖς
2539 4133 2597 4183 ἐν
2624 4130 2836 4203 φυλακῇ
2868 4131 3140 4202 πνεύμασι
3172 4135 3464 4204 πορευθεὶς
3517 4141 3791 4213 ἐκήρυξεν

528 4231 868 4301 praedicavit,
905 4229 994 4303 qui
1058 4229 1321 4299 increduli
1365 4228 1580 4281 fuerant
1627 4225 1920 4295 aliquando
1950 4223 2019 4276 ⁸³.
2071 4240 2090 4275 ο

2215 4223 2527 4293 ὶπειθήσασί
2580 4239 2732 4277 ποτε.
2766 4242 2784 4275 ι
2843 4223 3033 4277 Πολλοὶ
3084 4225 3193 4279 τῶν
3249 4227 3423 4294 ἁγίων
3480 4231 3791 4304 ἀνῄρηντπι

531 4320 676 4374 Multi
700 4333 766 4375 ex
788 4321 992 4375 sanctis
1019 4319 1176 4390 102
1200 4319 1481 4389 prophetis
1508 4316 1814 4385 interempti
1843 4324 1970 4369 sunt
1994 4331 2010 4379 ;
2041 4320 2097 4366 at

2215 4314 2525 4385 προφητῶν*
2589 4314 2702 4367 ἀλλ’
2749 4313 2922 4378 οὐδεὶς
2985 4315 3208 4370 ἐκείνων
3271 4319 3580 4376 ἀποθανεῖν
3652 4327 3790 4395 isti?

528 4425 689 4467 nemo
711 4410 1055 4476 illorum,'aut
1079 4418 1425 4479 peccatorum
1458 4423 1619 4461 causa
1651 4407 1967 4475 oppetiisse,
2002 4414 2095 4460 aut

2215 4404 2483 4476 ἱμαρτιῶν
2524 4405 2758 4478 εἴρηται,
2785 4404 2908 4458 οὔτε
2951 4406 3056 4476 μὴν
3101 4415 3478 4479 προσαγαγεῖν
3525 4417 3685 4486 ἡμᾶς
3714 4417 3789 4486 τῷ

529 4516 624 4555 sua
656 4514 755 4556 nos
788 4508 962 4555 morte
993 4498 1105 4555 Deo
1129 4499 1415 4561 obtulisse,
1447 4507 1542 4551 aut
1567 4498 1876 4563 spiritibus,
1907 4497 1996 4565 qui
2039 4498 2092 4551 in

527 4605 746 4647 carcere
779 4589 1185 4653 detinebantur,
1227 4588 1555 4657 praedicasse
1589 4590 1764 4641 dictus
1798 4594 1921 4641 est:
1957 4602 2095 4656 pra)-

530 4684 669 4738 stitit
703 4683 805 4737 hoc
853 4691 1030 4735 autem
1080 4678 1345 4733 Christus.
1402 4676 1504 4731 Per
1550 4678 1727 4745 ipsum
1768 4675 1913 4730 enim
1953 4686 2007 4730 ct
2038 4678 2092 4731 in

526 4776 644 4843 ipso
702 4772 959 4840 redempti
1027 4783 1255 4831 sumus,
1314 4768 1589 4837 ipsiusque
1643 4780 1789 4821 mors
1830 4777 2092 4821 terrarum

523 4864 643 4917 orbi
666 4863 892 4918 salutem
920 4862 1121 4917 attulit.
1141 4857 1370 4913 Mortem
1392 4859 1573 4926 itaque
1599 4872 1697 4925 pro
1728 4858 1882 4913 nobis
1907 4849 2092 4921 subiit,

525 4968 632 5010 non
662 4963 721 5007 ut
742 4952 904 5008 homo
933 4951 1199 5021 quispiam
1231 4949 1402 5004 nostri
1440 4947 1659 5014 similis,
1699 4948 1794 5003 sed
1844 4957 1901 5002 ut
1949 4946 2092 5000 Deus

522 5048 581 5101 in
618 5061 804 5112 carne,
827 5045 920 5115 qui
950 5058 1148 5121 corpqs
1175 5058 1330 5098 suum
1362 5056 1460 5112 pro
1494 5040 1805 5096 mortalium
1837 5039 2084 5093 omnium

522 5139 632 5194 vita
660 5137 877 5193 obtulit.

2196 4496 2314 4566 Θεῷ
2352 4486 2439 4549 δίά
2492 4495 2586 4549 τοῦ
2638 4496 2767 4549 ἰδίου
2796 4495 3061 4550 Θανάτου·
3093 4498 3210 4551 ἀλλ’
3236 4500 3356 4554 οὐδὲ
3405 4503 3662 4576 ἐκήρυξέ
3710 4522 3787 4569 τις

2194 4588 2305 4650 τοῖς
2335 4589 2392 4639 ὲν
2414 4586 2625 4658 φυλακῇ
2649 4589 2781 4641 πνεῦ
2791 4605 2940 4658 μασι.
2971 4590 3225 4661 Πέπραχε
3250 4592 3308 4645 δὲ
3333 4593 3496 4648 τοῦτο
3520 4596 3782 4669 Χριστὸς.

2195 4680 2289 4731 καὶ
2320 4678 2386 4730 δι’
2413 4679 2577 4731 αὐτοῦ
2610 4695 2669 4732 τε
2703 4680 2795 4732 καὶ
2842 4682 2899 4733 ὲν
2946 4680 3094 4751 αὐτῷ
3136 4681 3559 4753 λελυτρώμεθα,
3594 4693 3690 4744 καὶ
3726 4690 3788 4742 τὸ

2199 4768 2358 4822 αὑτοῦ
2386 4768 2556 4833 πάθος
2581 4767 2650 4841 ἦν
2675 4771 2753 4840 τῷ
2780 4771 2971 4842 κόσμῳ
2996 4774 3280 4844 σωτήριον.
3303 4775 3582 4833 ’Δπέθανε
3614 4783 3785 4836 τοίνυν

2198 4860 2336 4931 ὑπὲρ
2374 4859 2548 4931 ἡμῶν,
2579 4863 2677 4932 οὐχ
2698 4861 2771 4925 ὡς
2798 4860 3080 4933 ἄνθρωπος
3107 4858 3187 4926 εἷς
3213 4864 3478 4934 ὑπάρχων
3508 4869 3633 4924 τῶν
3661 4869 3786 4923 καθ’

2199 4950 2365 5021 ἡμᾶς,
2400 4951 2515 5005 ἀλλ’
2543 4951 2619 5011 ὡς
2662 4952 2795 5016 Θεὸς
2846 4953 2906 5006 ὲν
2941 4953 3126 5024 σαρκὶ,
3171 4954 3267 5025 τῆς
3318 4956 3601 5014 ἁπάντων
3645 4958 3785 5029 {si};

2196 5041 2546 5112 ἀντάλλαγμα
2578 5042 2638 5094 τὸ
2668 5041 2801 5097 ἴδιον
2828 5042 2988 5114 σῶμα
3016 5042 3208 5107 διδούς.

618 5316 661 5348 ³⁸
681 5315 843 5371 Hebr.
869 5326 927 5380 ι,
958 5312 1092 5378 5-7;
1123 5310 1266 5369 Psal.
1305 5326 1493 5377 xxxix,
1528 5309 1644 5366 7-9.
1720 5308 1764 5341 “
1796 5307 1963 5364 Hebr.
1993 5320 2093 5364 xm

2215 5316 2240 5362 ι.
2317 5306 2410 5361 ⁸⁸1
2447 5304 2592 5361 Tim.
2629 5322 2693 5374 ιι,
2733 5307 2789 5362 5.
2873 5303 3483 5377 "lPetr.m,18—!0.

1567 5460 1746 5519 Variae
1764 5460 2022 5520 lectiones
2049 5462 2249 5519 codicis
2278 5459 2640 5533 Seguieriani.

594 5606 617 5635 ιι
647 5592 970 5668 ηὖδόκησας.
1048 5608 1074 5637 τ
1102 5600 1129 5654 ό
1159 5598 1281 5681 ἔξω.
