3910 6200
491 322 514 377 1
525 320 633 377 ῗ99

1444 323 1507 379 S.
1547 322 1820 379 CYRILLI
1862 324 2332 381 ALEXANDRINI
2368 324 2690 382 ARCHIEP.

3590 326 3742 381 {300

489 453 630 492 nunc
656 438 869 493 demum
886 439 1154 510 dirempta
1172 449 1258 496 est
1286 458 1302 495 :
1334 442 1798 511 quandoquidem,
1840 442 2052 512 peccati

2177 442 2387 497 λέλυται
2412 442 2471 497 δὶ
2497 443 2593 497 νῦν
2618 444 2678 496 tv
2705 440 2926 513 Χριστῷ
2965 443 3027 494 τδ
3071 439 3445 505 ἀντιστατοῦν,
3478 440 3579 493 καὶ
3617 441 3746 510 ἠτό-

487 532 604 599 Ινερ
629 546 722 597 per
749 531 898 584 illum
928 530 1276 597 labefactata,
1302 532 1389 587 lex
1439 531 1679 603 Spiritus
1708 546 1930 600 regnum
1956 533 2057 586 ob-

493 623 646 678 tinet.
672 621 785 689 Qua
815 623 959 679 istud
980 636 1161 678 autem
1185 625 1252 678 de
1281 624 1489 680 causa?
1518 642 1538 675 ι
1566 623 1710 679 Misit
1738 625 1882 678 enim
1918 620 2059 679 Deus

2156 551 2289 604 νησε
2325 536 2425 605 μὲν
2455 534 2556 604 τῆς
2587 534 2863 604 ἁμαρτίας
2890 534 2920 586 6
2941 532 3124 601 νόμος,
3156 532 3470 602 κεκράτηκε
3494 531 3555 585 δὲ
3588 533 3620 584 6
3648 530 3744 584 τοῦ

2160 626 2498 696 Πνεύματος.
2532 627 2633 678 Διά
2660 625 2821 678 ποίαν
2850 624 3062 689 αίτίαν;
3085 643 3105 675 ι
3134 622 3398 692 Πέπομφε
3423 622 3535 691 γάρ
3558 624 3593 674 6
3611 622 3745 685 Θεὸς

488 711 685 767 Filium
737 728 895 768 suum
947 714 1000 768 in
1044 714 1458 769 similitudinem
1493 713 1675 768 carnis
1713 714 1951 783 peccati,
2000 722 2061 765 ut

2177 719 2250 771 ξὺν
2280 718 2474 771 ἑαυτοῦ
2501 718 2630 772 Υίδν
2651 720 2710 771 tv
2740 717 3049 786 ὁμοιώματι
3084 715 3289 786 σαρκὸς
3322 715 3630 784 ἁμαρτίας,
3662 717 3745 767 ἴνα

490 814 772 871 peccatum
811 805 1135 859 condemnet
1177 804 1231 859 in
1266 820 1431 858 carne
1459 805 1530 859 '°.
1569 823 1589 856 ι
1623 804 1723 870 Qui
1771 819 1902 873 ergo
1944 801 2059 856 ﬁeri

494 902 676 963 potest
740 904 799 947 ut
831 893 991 949 Verbi
1030 896 1332 950 iucarnatio
1380 910 1482 948 non
1525 894 1692 948 fuerit
1726 907 1937 949 summe
1968 910 2062 946 ne-

494 985 779 1040 cessaria?
821 987 928 1040 Per
979 988 1120 1040 hanc
1169 1000 1405 1054 namque
1456 995 1735 1055 peccatum
1788 984 1842 1037 in
1896 996 2062 1037 carne

492 1079 655 1133 etiam
696 1088 881 1133 nostra
927 1079 1348 1134 condemnatum
1398 1086 1501 1131 est.
1534 1077 1687 1144 Quod
1727 1076 1775 1130 si
1828 1074 2060 1130 Verbum

495 1184 625 1224 caro
650 1169 851 1225 factum
884 1185 992 1224 non
1021 1180 1125 1233 est,
1159 1185 1248 1224 res
1275 1180 1474 1223 nostrae
1504 1168 1725 1222 omnino
1778 1174 2065 1237 prostratte

502 1264 966 1331 inemendataeque
1010 1271 1365 1327 manserunt;
1417 1270 1579 1330 atque
1640 1260 1775 1313 adeo
1821 1274 1914 1327 per
1944 1274 2064 1312 car-

496 1368 622 1408 nem
652 1352 752 1423 legi
790 1355 995 1420 peccati
1023 1354 1314 1415 servimus,
1345 1352 1491 1406 nullo
1535 1352 1589 1406 in
1618 1350 1777 1406 nobis
1803 1350 2063 1419 impetum

497 1443 643 1499 illius
734 1446 1057 1498 rctundeute
1132 1453 1227 1498 aut
1302 1441 1634 1497 refrenante.
1688 1439 2062 1495 Necessariam

497 1535 726 1603 proinde
757 1535 1033 1589 exstitisse
1051 1533 1282 1588 dicimus
1306 1533 1704 1605 hypostaticam
1736 1531 1919 1586 carnis
1942 1544 2066 1585 cum

504 1622 678 1679 Verbo
706 1625 958 1679 unionem
981 1640 996 1686 ;
1039 1640 1141 1679 non
1169 1639 1519 1694 personarum
1546 1624 1689 1676 inter
1708 1636 1767 1677 se
1793 1622 2063 1690 copulam,

500 1725 593 1768 aut
638 1715 807 1769 solam
862 1714 1193 1768 voluntatum
1256 1698 1603 1768 concordiam
1656 1720 1711 1766 et
1763 1709 2063 1779 simplicem

500 1804 957 1874 coniunctionem,
989 1820 1151 1875 quam
1183 1805 1402 1874 quidam
1442 1810 1705 1858 statuunt.

576 1916 595 1948 ι
631 1896 768 1962 Quid
803 1910 931 1964 ergo
962 1897 1202 1951 dicemus
1245 1895 1314 1959 ad
1360 1894 1518 1950 haec?
1554 1892 1611 1947 Si
1651 1892 1795 1945 Deus
1835 1906 1932 1961 pro
1965 1904 2066 1945 no-

499 1987 610 2049 bis,
637 1987 759 2055 quis
787 1995 978 2040 contra
1010 1986 1145 2040 nos?
1173 1984 1275 2060 Qui
1308 1984 1472 2039 etiam
1516 1982 1736 2053 proprio
1771 1980 1907 2035 Filio
1959 1994 2065 2034 non

499 2078 762 2149 pepercit,
807 2078 900 2132 sed
957 2092 1053 2146 pro
1102 2076 1260 2131 nobis
1304 2074 1557 2149 omnibus
1605 2072 1825 2126 tradidit
1875 2070 2065 2137 illum;

500 2167 771 2234 quomodo
830 2180 934 2218 non
965 2165 1130 2219 ctiam
1171 2179 1295 2219 cum
1348 2163 1438 2216 illo
1473 2161 1652 2215 omnia
1703 2161 1856 2216 nobis
1902 2160 2067 2212 dona-

497 2254 577 2308 vit
613 2253 703 2307 ἰν
754 2272 772 2305 ι
811 2250 867 2307 Si
917 2254 1058 2307 Deus
1114 2251 1276 2306 Pater
1322 2252 1598 2322 proprium
1648 2246 2064 2314 Filium,illum

500 2345 674 2412 ipsum
706 2343 961 2397 nimirum
988 2343 1081 2413 qui
1111 2358 1178 2396 ex
1226 2342 1370 2396 illius
1396 2339 1700 2396 substantia
1749 2349 1902 2393 ortus
1942 2346 2027 2393 est
2049 2378 2065 2405 ,

503 2433 663 2507 104
703 2450 802 2506 pro
836 2436 989 2489 nobis
1021 2435 1256 2525 dongit,
1313 2449 1455 2525 ergo
1503 2436 1882 2525 corpusquod
1930 2446 2070 2525 mor-

503 2536 609 2579 tem
649 2525 928 2590 sustinuit,
960 2523 1237 2595 propridm
1291 2524 1433 2578 illius
1464 2535 1603 2587 erat,
1637 2524 1727 2594 qui
1767 2523 2065 2578 secundum

501 2626 718 2668 carnem
778 2628 969 2683 passus
1016 2623 1101 2668 est
1133 2622 1279 2683 (nam
1316 2612 1612 2668 secundum
1659 2613 1955 2667 divinitatis
1979 2624 2069 2664 na-

501 2713 677 2757 turam
707 2703 818 2772 pati
846 2719 951 2758 non
983 2704 1252 2773 poterat);
1282 2704 1355 2758 ita
1385 2704 1529 2758 enim
1553 2704 1642 2772 qui
1676 2702 1970 2757 secundum
2008 2715 2068 2757 se

503 2793 615 2862 pati
644 2795 862 2864 nequit,
910 2795 1305 2863 dispensutorie
1364 2803 1590 2848 mortem
1628 2806 1917 2863 perpessus
1960 2800 2064 2846 est.

508 2884 738 2939 Proinde
778 2887 871 2953 qui
911 2901 1074 2939 unum
1110 2885 1161 2939 in
1196 2885 1333 2941 duos
1368 2885 1715 2955 dispertiunt,
1743 2894 1928 2953 aperte
1964 2884 2067 2938 im-

504 2974 719 3048 pietatis
742 2975 974 3029 crimine
1019 2989 1137 3030 sese
1168 2975 1587 3045 constringunt:
1625 2973 2065 3044 quandoquidem

2161 808 2463 880 κατακρίνῃ
2483 808 2583 880 τὴν
2610 807 2883 878 ἁμαρτίαν
2911 809 2968 859 tv
2994 810 3061 877 τῇ
3098 806 3282 875 σαρκί.
3308 825 3325 857 ι
3347 802 3500 867 Εἶτα,
3530 805 3658 867 πῶς
3685 807 3743 856 οὐ

2161 898 2560 970 χρειωδεστάτη
2593 898 2715 950 λίαν
2744 899 2778 969 ἡ
2811 897 2906 950 τοῦ
2936 897 3109 965 Λόγου
3136 898 3450 967 σάρκωσις;
3484 896 3739 948 Κατακέο
3770 888 3775 911 ¹

2162 1007 2349 1060 κριται
2372 989 2483 1061 γάρ
2511 988 2654 1043 οὕτω
2682 991 2776 1042 καὶ
2815 992 2874 1040 tv
2905 991 2971 1060 τῇ
3003 988 3167 1060 σαρκὶ
3207 988 3365 1058 ήμῶν
3391 990 3424 1057 ή
3462 987 3737 1057 ἁμαρτία.

2163 1082 2228 1136 El
2257 1082 2313 1135 δὲ
2341 1082 2401 1134 οὐ
2439 1081 2631 1149 γέγονε
2663 1080 2799 1150 σάρξ
2830 1082 2859 1133 6
2884 1080 3078 1147 Λόγος,
3108 1078 3533 1149 ἁπομεμένηκεν
3568 1077 3743 1147 ἀδιόρ-

2164 1173 2311 1227 θωτα
2337 1170 2410 1225 τά
2434 1170 2551 1224 καθ’
2583 1172 2751 1241 ἡμᾶς,
2782 1171 2877 1223 καὶ
2900 1169 3224 1238 δουλεύομεν
3265 1171 3331 1238 τῇ
3382 1167 3555 1237 σαρκὶ
3599 1168 3744 1235 νόμῳ

2166 1262 2441 1333 ἁμαρτίας
2460 1301 2477 1324 ,
2513 1261 2727 1324 οὐδενὸς
2770 1263 2829 1314 tv
2877 1262 3007 1331 ήμῖν
3054 1258 3224 1329 αὐτὴν
3267 1260 3741 1328 καταργήσαντος.

2165 1351 2375 1408 Οὐκοῦν
2406 1351 2712 1419 ἀναγκαίαν
2761 1346 3129 1420 εἷναί,φαμεν
3160 1349 3261 1420 τὴν
3289 1350 3410 1403 καθ’
3443 1350 3743 1402 ὑπόστασιν

2166 1445 2359 1499 ἕνωσιν
2387 1442 2480 1497 τοῦ
2508 1444 2669 1511 λόγου
2696 1442 2833 1513 πρὸς
2854 1442 2951 1513 τὴν
2982 1441 3181 1512 σάρκα,
3215 1442 3309 1494 καὶ
3340 1441 3469 1511 οὐχὶ
3490 1440 3559 1512 δὴ
3589 1441 3743 1510 μόνην

2165 1530 2264 1602 τὴν
2295 1532 2354 1585 tv
2378 1529 2714 1600 προσώποις,
2739 1530 2833 1582 καὶ
2861 1530 3003 1584 κατά
3030 1529 3267 1601 θέλησιν,
3298 1530 3417 1601 ήτοι
3446 1530 3744 1600 συνάφειαν

2169 1625 2368 1695 ἀπλῆν,
2388 1622 2532 1677 καθά
2563 1624 2695 1693 φασί
2726 1640 2891 1687 τινες.

2250 1902 2268 1934 ι
2296 1882 2362 1934 Τί
2409 1878 2503 1936 οὖν
2530 1882 2784 1965 γὲροῦμεν
2833 1883 2966 1955 πρὸς
2996 1882 3205 1951 cauta;
3248 1884 3308 1936 El
3352 1883 3381 1935 6
3428 1882 3572 1945 Θεὸς
3618 1881 3750 1952 ύςὲρ
3860 1880 3861 1937 ἶ

2172 1973 2353 2043 ἡμῶν,
2387 1973 2470 2036 τίς
2528 1973 2645 2028 καθ’
2679 1975 2869 2044 ήμῶν;
2904 1974 3000 2038 ’ος
3045 1991 3108 2042 γε
3156 1974 3251 2027 τοῦ
3303 1974 3437 2027 ἰδίου
3464 1974 3610 2028 rio-3
3658 1976 3750 2027 οὐκ

2174 2064 2450 2132 ἐφείσατο,
2481 2063 2595 2117 ἀλλ’
2623 2064 2765 2135 ὑπὲρ
2786 2064 2942 2135 ήμῶν
2972 2065 3189 2118 πάντων
3214 2064 3539 2134 παρέδωκεν
3569 2065 3750 2129 αὐτὸν,

2175 2154 2293 2218 πῶς
2318 2154 2439 2224 οὐχὶ
2469 2154 2564 2207 καὶ
2593 2153 2691 2207 σὺν
2726 2153 2873 2225 αὑτῷ
2905 2156 2974 2209 τὰ
3003 2156 3181 2209 πάντα
3209 2158 3341 2226 ἡμῖν
3375 2157 3750 2225 lapis-aratri

2174 2246 2238 2299 El
2264 2245 2354 2299 τὸν
2380 2246 2511 2298 ῐδιον
2542 2246 2689 2311 Υίὸν,
2716 2246 2872 2317 δῆλον
2900 2246 2956 2300 δὲ
2988 2248 3069 2299 ὅτι
3094 2247 3185 2299 τὸν
3210 2249 3274 2300 ἐκ
3305 2247 3403 2316 τῆς
3435 2248 3635 2311 οὐσίας
3659 2250 3753 2302 αὖε

2173 2337 2290 2404 τοῦ,
2324 2337 2555 2391 δέδωκεν
2580 2338 2718 2410 ὑπὲρ
2747 2338 2904 2409 ήμῶν
2932 2338 2961 2390 ὁ
2985 2338 3114 2398 Θεὸς
3145 2340 3238 2392 καὶ
3261 2339 3486 2410 Πατήρο
3516 2339 3755 2393 πέπονθε

2174 2431 2231 2485 δὲ
2254 2430 2395 2484 κατά
2424 2431 2623 2501 σάρκα,
2648 2430 2741 2483 καὶ
2775 2430 2836 2483 οὐ
2871 2429 3031 2498 φύσει
3053 2428 3330 2501 θεότητος·
3359 2430 3495 2483 ῖδιον
3545 2430 3656 2500 ἄρα
3690 2425 3755 2498 ἦν

2175 2520 2339 2574 αὐτοῦ
2360 2522 2423 2574 τὸ
2444 2520 2710 2584 πεπονθὸς
2735 2521 2912 2592 σῶμα,
2939 2522 3025 2574 ἵνα
3046 2522 3138 2574 καὶ
3165 2522 3325 2583 αὐτὸς
3345 2521 3546 2590 νοῆται
3572 2520 3753 2590 ⁸ξταθὼιιν

2172 2612 2552 2683 οἰκονομικῶς,
2580 2612 2608 2664 6
2638 2614 2829 2665 παθεῖν
2871 2613 2971 2677 οὐκ
3005 2613 3177 2676 εἰδώς.
3215 2614 3287 2666 Τὸ
3324 2612 3509 2666 τοίνυν
3551 2615 3754 2683 ἀπομε-

2179 2701 2347 2772 ρίζειν
2382 2704 2465 2765 είς
2492 2702 2586 2756 δύο
2609 2703 2698 2757 τὸν
2735 2704 2853 2768 tva,
2882 2704 3173 2767 δυσσεσές’
3208 2705 3308 2757 οὐκ
3353 2704 3436 2756 ἐτι
3476 2705 3598 2775 γάρ
3632 2706 3753 2758 ἴδιον

2174 2793 2303 2846 Υίὸν
2355 2795 2666 2865 εὑρίσκεται
2710 2796 2833 2859 δοὺς
2880 2797 3020 2864 ὑπὲρ
3066 2796 3226 2866 ἡμῶν
3271 2798 3300 2849 ὁ
3347 2797 3572 2866 Πατὴρ,
3606 2800 3754 2864 ειπερ

2176 2884 2322 2937 ἐστὶν
2355 2884 2639 2955 ἄνθρωπος
2665 2886 3028 2958 διῃρημένους,
3065 2888 3158 2940 καὶ
3189 2887 3307 2956 οὐχὶ
3334 2886 3398 2958 δὴ
3440 2887 3657 2958 μᾶλλον
3686 2886 3756 2948 ὡς

2175 2977 2234 3030 tv
2270 2977 2572 3047 προσλήψει
2605 2978 2803 3049 σαρκὸς
2831 2981 2859 3032 6
2888 2981 2953 3032 ὲκ
2989 2980 3124 3034 Θεοῦ
3165 2981 3355 3048 Λόγος.

504 3066 548 3119 si
583 3074 665 3118 est
700 3064 859 3118 homo
888 3079 984 3134 per
1009 3079 1066 3119 se
1089 3075 1143 3119 et
1178 3066 1475 3120 secundum
1507 3080 1565 3119 se
1602 3064 1838 3128 divisim,
1871 3074 1925 3119 et
1955 3081 2059 3120 non
2128 3067 2417 3137 ipsummet
2474 3068 2567 3123 Dei
2611 3068 2841 3125 Verbum
2911 3086 3075 3126 carne
3113 3073 3381 3138 indutum,
3418 3071 3587 3125 Pater
3627 3087 3755 3139 pro-

503 3156 680 3227 prium
710 3171 808 3228 pro
840 3158 994 3212 nobis
1033 3156 1223 3212 Filium
1253 3158 1465 3212 dedisse
1494 3172 1596 3211 non
1632 3156 1918 3212 invenitur.

581 3269 600 3301 r
641 3251 774 3317 Quis
801 3251 1077 3306 accusabit
1111 3252 1372 3305 adversus
1396 3251 1600 3305 electos
1632 3250 1765 3303 Dei?
1809 3250 1949 3305 Deus
1979 3253 2069 3322 qui

2254 3272 2273 3305 ι
2305 3253 2402 3316 Τίς
2436 3254 2724 3321 ἐγκαλέσει
2751 3254 2892 3307 κατά
2926 3254 3196 3308 ἐκλεκτῶν
3234 3253 3370 3307 Θεοῦ
3396 3270 3411 3318 ;
3438 3253 3576 3317 Θεὸς
3608 3255 3642 3306 6
3681 3254 3756 3307 δι-

500 3343 789 3413 ]ustilicat,
812 3343 936 3413 quis
962 3350 1043 3397 est
1087 3342 1179 3411 qui
1224 3341 1590 3397 condemnet?
1627 3343 1881 3399 Christus
1915 3343 2075 3401 .lesus

506 3433 601 3501 qui
631 3441 874 3486 mortuus
895 3440 998 3496 est,
1034 3431 1145 3485 imo
1180 3430 1271 3499 qui
1305 3438 1359 3485 et
1396 3433 1718 3498 resurrexit,
1758 3433 1849 3501 qui
1881 3443 1964 3486 est
2006 3435 2074 3489 ad

510 3523 789 3575 dexteram
823 3508 939 3582 Dei,
970 3521 1058 3588 qui
1090 3522 1256 3574 etiam
1296 3520 1605 3589 interpellat
1634 3505 1731 3589 pro
1764 3523 1920 3578 nobis
1941 3525 2007 3576 θ’.
2050 3543 2069 3576 ι

512 3610 571 3666 Si
601 3610 852 3666 Christus
871 3625 990 3679 ,per
1021 3610 1183 3664 ﬁdem
1208 3611 1496 3680 justilicat,
1538 3610 1686 3665 solus
1728 3622 1905 3666 autem
1932 3614 2077 3669 Dens

507 3713 594 3759 est
632 3704 722 3774 qui
766 3704 993 3772 iustitia:
1040 3703 1241 3758 donum
1284 3712 1508 3772 praestat
1558 3722 1571 3758 :
1615 3716 1958 3772 consequens
2015 3706 2075 3758 lit

505 3795 784 3850 Christum
825 3810 946 3852 esse
970 3810 1160 3851 verum
1195 3794 1384 3852 Deum.
1433 3795 1667 3850 Rursum
1703 3796 1749 3850 si
1781 3795 1849 3850 ad
1881 3797 2075 3852 dexte-

510 3902 624 3942 ram
663 3887 838 3944 Patris
867 3889 1040 3963 sedet,
1073 3887 1372 3956 eademque
1398 3902 1518 3941 cum
1550 3887 1643 3942 illo
1676 3887 1843 3957 gloria
1871 3899 1925 3943 et
1954 3903 2073 3941 ma—

502 3978 701 4048 jestate
726 3980 912 4049 pollet,
940 3989 996 4036 et
1017 3980 1237 4050 quidem
1273 3988 1520 4034 mortuus
1553 3990 1608 4035 et
1678 3980 2071 4046 resuscitatus;

507 4085 700 4141 corpus
732 4072 913 4142 itaque
936 4082 1272 4142 assumptum
1307 4069 1469 4126 Verbi
1498 4073 1772 4141 proprium
1805 4082 1907 4125 est.
1940 4072 2071 4126 Nam

506 4164 610 4219 etsi
641 4163 845 4218 factum
872 4175 956 4218 est
985 4179 1134 4230 caro,
1168 4165 1309 4220 haud
1339 4179 1494 4219 secus
1518 4174 1697 4219 tamen
1729 4164 1781 4217 in
1816 4175 2061 4233 suscepta
2100 4178 2265 4219 carne
2308 4179 2430 4218 cum
2493 4163 2651 4219 Patre
2678 4165 2825 4231 regni
2890 4165 3083 4221 solium
3103 4164 3347 4235 obtinet,‘
3367 4171 3428 4217 ut
3461 4179 3631 4218 verus
3659 4178 3755 4216 na-
3860 4222 3861 4229 η

510 4254 811 4325 turalisque
835 4255 1026 4311 Filius.

587 4360 607 4393 ι
632 4342 763 4407 Quae
806 4356 987 4399 autem
1019 4360 1084 4399 ex
1134 4346 1237 4400 lide
1268 4357 1350 4401 est
1389 4346 1622 4414 iustitia,
1656 4345 1735 4400 sic
1778 4344 1946 4400 dicit:
1990 4342 2071 4397 Ne

510 4434 712 4489 dixeris
747 4435 797 4488 in
830 4437 995 4489 corde
1024 4445 1154 4489 tuo:
1196 4436 1326 4500 Quis
1366 4440 1624 4491 ascendet
1656 4437 1708 4490 in
1752 4436 1989 4490 caelum?
2016 4436 2067 4491 id

2174 3343 2368 3410 καιῶν,
2392 3344 2476 3407 τίς
2500 3347 2528 3398 6
2560 3346 2933 3416 κατακρίνων;
2967 3345 3202 3417 Χριστὸς
3246 3346 3456 3417 Ἰησοῦς
3490 3347 3522 3398 6
3542 3346 3757 3399 ἀποθα-

2177 3436 2306 3499 νὼν,
2327 3436 2524 3506 μᾶλλον
2548 3437 2605 3490 δὲ
2631 3436 2898 3506 ἐγερθεὶς,
2927 3438 2986 3502 ὃς
3021 3439 3168 3490 ἐστιν
3197 3440 3255 3490 tv
3292 3437 3443 3508 δεξιᾷ
3470 3437 3574 3489 τοῦ
3598 3432 3756 3497 Θεοῦ,

2176 3526 2232 3589 ὃς
2278 3529 2373 3581 καὶ
2394 3528 2711 3598 ὲντυγχάνει
2748 3529 2890 3598 ὑπὲρ
2912 3528 3090 3599 ήμῶν.
3123 3548 3141 3580 ι
3170 3530 3232 3582 El
3253 3529 3454 3582 δικαιοῖ
3478 3532 3548 3598 τῇ
3574 3530 3759 3581 πίστει

2177 3620 2432 3689 Χριστὸς,
2461 3618 2593 3683 Θεὸς
2620 3620 2675 3672 δέ
2706 3621 2853 3675 ἐστιν
2883 3621 2912 3672 6
2943 3621 3168 3674 δικαιῶν
3191 3638 3205 3651 ·
3246 3620 3382 3681 Θεὸς
3411 3619 3519 3689 ἀρα
3547 3618 3760 3688 ἀληθὴς

2178 3710 2208 3762 6
2238 3709 2492 3780 Χριστός.
2516 3711 2626 3762 Καὶ
2645 3710 2804 3781 εἴπερ
2836 3711 2981 3763 ἐστὶν
3010 3711 3069 3764 tv
3093 3708 3244 3781 δεξιᾷ
3270 3709 3365 3763 τοῦ
3390 3709 3553 3771 Θεοῦ,
3578 3710 3761 3762 καίτοι

2178 3799 2410 3862 τεθνεὼς
2432 3802 2527 3856 καὶ
2552 3802 2940 3873 ἐγηγερμένος,
2979 3802 3314 3873 συγκάθηται
3345 3801 3407 3854 δὲ
3435 3801 3517 3870 τῷ
3547 3800 3754 3871 Πατρέ·

2179 3890 2309 3961 ἴδιον
2334 3890 2441 3960 ἄρα
2471 3891 2566 3945 τοῦ
2594 3888 2769 3960 Λόγου
2805 3892 2868 3945 τὺ
2906 3892 3066 3962 σῶμά
3107 3892 3245 3945 ἐστι.
3290 3891 3624 3960 Συνεδρειὶει
3652 3891 3757 3959 γάρ

2177 3980 2321 4034 οὕτω
2353 3979 2431 4050 τῷ
2463 3982 2637 4052 Ila.th
2674 3981 2813 4052 μετά
2844 3982 2944 4052 τῆς
2977 3981 3382 4052 ἀναληφθείσης
3417 3981 3654 4050 σαρκὸς,
3687 3978 3762 4039 ὡς

2178 4072 2306 4136 Υἱὸς
2333 4073 2475 4126 κατά
2501 4072 2682 4140 φύσιν,
2706 4073 2801 4126 καὶ
2829 4074 2878 4125 εἰ
2902 4073 3094 4141 γέγονε
3122 4072 3259 4143 σὰρξ
3286 4073 3315 4124 6
3342 4071 3548 4139 Λόγος.

2255 4346 2361 4398 «Ἦ
2399 4344 2457 4398 δὲ
2497 4346 2562 4397 ὲκ
2606 4344 2842 4408 πίστεως
2891 4343 3200 4412 δικαιοσύνη
3245 4343 3392 4397 οὕτω
3432 4344 3632 4410 λέγει’
3674 4343 3763 4411 Μὴ

2183 4435 2343 4508 εἴπῃς
2368 4437 2427 4489 ὲν
2459 4437 2527 4506 τῇ
2557 4436 2754 4507 καρδίᾳ
2783 4452 2876 4488 σου
2897 4452 2911 4467 ·
2948 4435 3044 4497 Τίς
3073 4436 3408 4503 ἀναϐήσεται
3441 4438 3530 4498 είς
3554 4436 3650 4488 τὸν
3675 4436 3761 4487 οὐ·

509 4535 612 4590 est,
639 4525 911 4581 Christum
932 4526 1219 4581 deducere.
1243 4528 1348 4581 Aut
1370 4526 1797 4597 quis-descendet
1818 4526 1869 4579 in
1901 4526 2069 4595 abys-

2182 4524 2371 4595 pavév;
2399 4524 2643 4577 τουτέστι
2677 4523 2907 4595 Χριστὸν
2925 4522 3279 4592 καταγαγεῖν⁸
3314 4524 3350 4593 ἢ
3385 4524 3487 4588 Τίς
3518 4525 3754 4593 καταδή-

509 4617 667 4671 sum‘l
708 4618 808 4673 hoc
840 4627 945 4680 est,
988 4616 1267 4673 Christum
1310 4633 1336 4669 a
1364 4618 1593 4671 mortuis
1638 4630 1695 4671 re
1712 4630 1927 4670 vocare.
1970 4615 2077 4670 Sed

508 4710 637 4779 quid
660 4708 793 4764 dicit
811 4711 835 4765 ἲ
852 4709 1028 4780 Prope
1053 4719 1138 4764 est
1160 4699 1383 4764 verb'um
1410 4708 1461 4762 in
1486 4722 1580 4763 ore
1608 4717 1719 4771 tuo,
1746 4718 1801 4761 et
1832 4708 1883 4760 in
1915 4708 2079 4762 corde

512 4812 604 4854 tuo
635 4816 649 4853 :
681 4799 785 4856 hoc
811 4809 896 4855 est
924 4801 1151 4854 verbum
1187 4798 1331 4857 lidei.
1364 4800 1510 4871 quod
1542 4798 1921 4866 praedicamus.
1941 4797 2077 4863 Quia

510 4886 556 4941 si
593 4887 870 4943 conﬁteris
903 4887 954 4941 in
977 4902 1073 4941 ore
1105 4896 1196 4940 tuo
1216 4886 1501 4944 Dominum
1529 4885 1806 4951 Jesum,et
1840 4887 1891 4941 in
1912 4886 2078 4941 corde

510 4988 603 5032 tuo
638 4977 936 5033 credideris
977 4977 1120 5048 quod
1161 4976 1301 5031 Deus
1350 4978 1634 5032 suscitavit
1679 4977 1828 5031 illum
1873 4996 1900 5028 ιι
1940 4991 2081 5030 mor-

513 5069 640 5132 tuis,
672 5068 855 5124 salvus
880 5068 1013 5125 eris.
1042 5068 1215 5123 Corde
1237 5068 1378 5122 enim
1410 5069 1651 5122 creditur
1672 5068 1738 5122 ad
1765 5067 2031 5134 justitiam
2059 5084 2074 5133 ;

512 5174 610 5215 ore
644 5169 825 5214 autem
871 5161 932 5213 lit
962 5159 1232 5214 confessio
1266 5160 1333 5213 ad
1366 5159 1595 5213 salu—tem
1618 5157 1685 5211 ”.
1720 5176 1740 5210 ι
1782 5156 1840 5211 Si
1884 5171 2081 5212 secun—

511 5250 641 5301 dum
684 5248 1042 5316 quorumdam
1091 5248 1459 5316 Opinationem
1501 5247 1749 5301 Christus
1778 5246 1874 5300 ’est
1915 5246 2078 5299 homo

509 5337 707 5403 deil'er,
740 5339 853 5393 sola
901 5354 1254 5408 personarum
1294 5338 1483 5409 copula
1516 5337 1610 5393 Dei
1649 5337 1826 5391 Verbo
1850 5338 2079 5406 conjun-

510 5437 630 5482 ctus
660 5446 673 5482 :
707 5430 796 5498 qui
826 5430 941 5483 ﬁeri
982 5441 1181 5499 potest,
1208 5441 1261 5483 ut
1298 5431 1349 5483 in
1386 5431 1534 5484 illum
1575 5440 1828 5498 tanquam
1876 5431 1926 5482 in
1978 5430 2077 5482 Do-

513 5518 714 5572 minum
773 5521 1078 5583 credentes,
1122 5522 1362 5590 ejusdem
1404 5537 1469 5574 ex
1523 5521 1751 5575 mortuis
1827 5534 2077 5573 resurre-

582 5677 627 5707 ’°
650 5675 803 5730 llom.
827 5691 919 5739 vn,
946 5678 998 5731 3.
1075 5680 1114 5709 θ’
1145 5680 1270 5732 ibid.
1313 5678 1400 5741 5l,
1435 5678 1519 5729 5:2.

2186 4632 2337 4667 σεται
2371 4615 2452 4678 είς
2478 4614 2578 4685 τήν
2611 4615 2879 4680 ἅϐυσσον;
2913 4614 3160 4667 τουτέστι
3189 4616 3424 4686 Χριστὸν
3458 4618 3529 4669 ὲκ
3557 4615 3759 4687 νεκρῶν

2183 4707 2500 4775 ἀναγαγεῖν.
2520 4705 2678 4759 Ἀλλά
2697 4705 2951 4774 τίλέγει;
3001 4706 3197 4774 Ἐγγύς
3221 4720 3316 4758 σου
3341 4707 3404 4759 τὸ
3433 4708 3601 4777 ῥῆμά
3621 4710 3763 4761 ἐστιν

2184 4797 2244 4849 ὲν
2274 4796 2352 4864 τῷ
2387 4796 2613 4866 στόματί
2651 4813 2742 4849 σου
2774 4797 2871 4849 καὶ
2904 4796 2962 4847 tv
2990 4798 3055 4866 τῇ
3088 4796 3283 4866 καρδία
3309 4813 3405 4848 σου
3430 4815 3447 4828 ο
3497 4799 3761 4859 τουτέστι,

2183 4885 2244 4938 τὸ
2273 4885 2426 4956 ῥῆμα
2457 4888 2557 4956 τῆς
2587 4886 2843 4953 πίστεως,
2867 4886 2896 4939 ὃ
2919 4888 3421 4957 κηρύσσομεν.”οτι
3449 4889 3551 4942 ἐὰν
3577 4889 3763 4959 ὁμολο-

2185 4976 2359 5046 γὴσῃς
2407 4978 2465 5028 ὲν
2509 4975 2589 5046 τῷ
2646 4976 2887 5046 στόματί-
2919 4993 3012 5030 σου
3044 4976 3244 5047 Κύριον
3277 4978 3520 5049 Ἰησοῦν,
3551 4984 3649 5033 καὶ
3680 4997 3767 5030 m-

2187 5064 2417 5137 στεύσῃς
2444 5066 2502 5118 tv
2540 5068 2607 5136 τῇ
2637 5066 2834 5139 καρδίᾳ
2862 5085 2953 5121 σου
2992 5068 3074 5120 ὅτι
3103 5071 3133 5121 6
3161 5068 3293 5131 Θεὸς
3331 5071 3507 5124 αὐτὸν
3546 5074 3771 5143 ἤγειρε-ν

2186 5156 2251 5207 ἐκ
2280 5153 2511 5224 νεκρῶν,
2548 5154 2769 5226 σωθήσῃ
2794 5171 2810 5187 ο
2844 5156 3042 5228 καρδίᾳ
3080 5156 3190 5225 γάρ
3217 5157 3548 5212 πιστεύεται
3584 5162 3665 5222 εἰς
3684 5159 3772 5210 δι-

2186 5244 2498 5312 καιοσύνην,
2536 5245 2765 5316 στόματι
2811 5247 2866 5299 δὲ
2914 5248 3259 5316 ὁμολογεῖται
3290 5249 3372 5309 εἰς
3403 5250 3711 5319 σωτηρίαν.
3750 5266 3773 5298 ι

2184 5337 2245 5388 Εἰ
2278 5335 2418 5387 κατά
2441 5351 2503 5402 γε
2530 5336 2590 5388 τό
2620 5352 2726 5388 τισι
2752 5337 2965 5405 δοκοῦν,
2997 5338 3281 5409 ἄνθρωπος
3329 5337 3603 5408 θεοφόρος
3632 5343 3777 5391 νοεῖ-

2181 5444 2270 5479 ται
2320 5426 2555 5497 Χριστὸς
2583 5465 2598 5488 ,

1598 5680 1640 5708 ⁹²
1668 5677 1792 5732 ibid.
1826 5675 1913 5738 35,
1941 5676 2027 5727 Si.
2106 5676 2149 5705 ⁹³
2172 5675 2325 5727 limiti.
2366 5689 2413 5737 κ,
2446 5672 2591 5725 640.»

2646 5428 2740 5480 καὶ
2794 5428 2963 5498 μόνην
3014 5429 3150 5498 ἔχων
3192 5427 3290 5499 τῆν
3338 5430 3397 5480 tv
3448 5430 3787 5499 προσώποις

2170 5517 2373 5570 ἕνωσιν
2401 5516 2537 5586 πρὸς
2563 5518 2650 5571 τὸν
2672 5516 2805 5570 Θεοῦ
2833 5518 3023 5587 Λάγον.
3055 5519 3197 5582 τίνος
3229 5518 3387 5573 ἕνεκα
3416 5521 3787 5581 πιπεῦῦπες
