3910 6200
326 360 456 415 1301

1420 369 1509 428 DE
1548 371 1775 431 RECTA
1814 375 1969 432 FIDE
2007 379 2099 434 AD
2138 379 2455 437 REGINAS.

3426 380 3561 435 1302

324 479 405 569 είς
440 476 605 569 αὐτόν
641 478 718 542 ὡς
764 482 844 544 είς
892 482 1115 555 Κύριον,
1149 487 1535 557 ὁμολογοῦντες
1581 491 1638 545 δὲ
1683 494 1776 547 καὶ
1805 493 1903 566 τὴν

2012 499 2242 553 ctionem
2270 501 2584 569 prolltentes
2634 499 2893 565 ejusmodi
2920 499 3022 554 llde
3044 497 3438 566 justilicemur?
3469 496 3560 552 Fi-

324 566 389 620 ἐκ
428 568 640 637 νεκρῶν
685 570 980 625 ἀνάστασιν
1025 575 1212 639 αὐτοῦ,
1242 576 1595 649 δικαιούμεθα
1622 583 1689 653 τῇ
1719 582 1899 636 πίστει

324 662 390 729 τῇ
439 661 519 722 εις
565 660 758 726 αύτὸν;
798 663 1103 733 Πράττεται
1148 668 1219 720 δὲ
1255 670 1287 741 ἡ
1338 671 1521 735 πίστις
1548 674 1625 737 ὡς
1652 675 1732 738 είς
1769 675 1901 729 Θεὸν

327 750 594 821 δηλονότι.
631 754 928 821 Ἀναγκαὲα
990 760 1280 831 τοιγαροῦν
1341 764 1375 832 ὴ
1440 763 1564 818 καθ’
1598 766 1898 822 ὑπόστασιν

325 840 518 894 Evam:
545 841 639 894 τοῦ
669 842 803 896 Θεοῦ
829 845 1003 913 Λόγου
1024 848 1161 919 πρὸς
1188 851 1249 904 τὸ
1270 852 1772 924 ἀνθρώπινον.⁸Ἐνα
1793 859 1900 929 γὰρ

324 930 469 986 οὕτω
501 934 736 1004 Χριστὸν
762 935 836 1001 ὡς
871 938 1075 1010 Κύριον
1100 942 1239 996 κατὰ
1277 943 1438 1013 φύσιν
1468 947 1897 1021 ὁμολογήσομεν,

292 1076 297 1081 ην
326 1025 425 1077 καὶ
445 1026 546 1093 τῆς
564 1026 730 1081 αὑτοῦ
758 1030 963 1100 σαρκὸς
1106 1034 1401 1090 ἀνάστασιν
1420 1039 1896 1111 ἐπιγινώσκοντες,

325 1114 403 1179 ὡς
425 1118 505 1179 είς
533 1117 665 1171 Θεὸν
701 1120 1070 1186 πιστεύοντες,
1102 1123 1479 1198 δικαιούμεθα.

407 1230 425 1259 ι
454 1210 644 1274 Οὐδεὶς
689 1210 799 1283 γὰρ
843 1214 1003 1285 ήμῶν
1053 1217 1232 1288 ἑαυτῷ
1276 1218 1366 1291 ζῇ,
1394 1221 1489 1274 καὶ
1521 1223 1900 1297 οὐδεὶς-ἐαυτῷ
1934 1216 1947 1224 ’

328 1301 696 1373 ἀποθνήσκει·
726 1305 822 1358 ἐάν
864 1323 925 1358 τε
967 1304 1058 1361 οὖν
1105 1307 1309 1380 ζῶμεν,
1345 1313 1423 1384 τῷ
1455 1314 1644 1386 Κυρίῳ
1676 1315 1858 1388 ζῶμεν
1879 1335 1894 1351 ·

298 1393 425 1444 -ὲάν
469 1409 530 1445 τε
585 1394 1047 1468 ἀποθνήσκωμεν.
1097 1399 1175 1470 τῷ
1222 1404 1413 1474 Κυρίῳ
1460 1406 1895 1478 ἀποθνήσκομεν.

342 1484 467 1538 Ἐάν
509 1503 569 1539 τε
621 1485 825 1558 ζῶμεν,
877 1490 972 1543 ἐάν
1019 1508 1079 1544 τε
1125 1491 1593 1565 ἀποθνήσκωμεν,
1626 1498 1719 1551 τοῦ
1764 1498 1897 1553 Θεοῦ

328 1576 531 1645 ὲσμεν⁶
565 1580 645 1641 είς
678 1579 835 1633 τοῦτο
862 1580 972 1653 γὰρ
1002 1583 1235 1654 Χριστὸς
1274 1586 1514 1639 ἀπέθανε
1557 1590 1651 1641 καὶ
1684 1589 1895 1660 ἔζησεν,

330 1666 416 1719 ἵνα
461 1668 557 1723 καὶ
600 1671 810 1740 νεκρῶν
838 1673 931 1725 καὶ
960 1674 1182 1737 ζώντων
1205 1676 1485 1748 κυριεύσῃ.
1519 1697 1537 1729 ι
1572 1680 1900 1751 Προσπεφώο

329 1758 464 1828 νηκέ
498 1777 601 1813 που
640 1763 753 1825 τοῖς
781 1762 840 1829 ἐξ
872 1763 1044 1817 ἐθνῶν
1068 1767 1098 1818 ό
1130 1766 1399 1839 μακάριος
1430 1769 1641 1833 Παῦλος
1662 1787 1676 1801 ο
1716 1789 1734 1823 ι
1763 1772 1898 1826 Νυνὶ

327 1849 387 1903 δὲ
438 1851 652 1919 γνόντες
698 1852 852 1918 Θεὸν,
891 1854 1091 1925 μᾶλλον
1121 1856 1177 1910 δὲ
1207 1860 1541 1926 γνωσθέντες
1588 1863 1694 1917 ὑπὸ
1736 1862 1896 1927 Θεοῦ,

332 1941 448 2005 πῶς
495 1943 852 2015 ἐπιστρέφετε
878 1946 971 1999 ἐπὶ
997 1946 1065 2000 τά
1092 1948 1289 2021 ἀσθενῆ
1321 1950 1415 2003 καὶ
1444 1952 1635 2024 πτωχά
1658 1958 1898 2025 στοιχεῖα

329 2031 424 2085 τοῦ
471 2032 700 2103 κόσμου,
731 2028 814 2098 οἷς
858 2035 1020 2091 πάλιν
1056 2038 1264 2092 ἀνωθεν
1298 2040 1570 2096 δουλεύειν
1619 2044 1833 2113 θέλετε;
1872 2064 1890 2098 ι

330 2123 731 2195 Λελυτρώμεθα
752 2126 932 2181 τοίνυν
951 2127 1039 2181 διὰ
1059 2132 1155 2200 τῆς
1178 2131 1411 2196 πίστεως
1436 2132 1539 2203 τῆς
1566 2137 1645 2198 είς
1666 2137 1898 2206 Χριστὸν

332 2216 399 2269 ἑκ
424 2216 525 2287 τῆς
552 2215 660 2271 τῶν
683 2217 962 2288 στοιχείων
992 2219 1255 2287 δουλείας,
1274 2222 1369 2276 καὶ
1396 2225 1707 2295 ἠνέχθημεν
1729 2230 1808 2292 είς
1836 2230 1898 2284 τὸ

329 2307 600 2361 δουλεύειν
629 2308 747 2380 Θεῷ
783 2309 947 2375 ζῶντι
978 2312 1071 2364 καὶ
1098 2313 1359 2383 ἀληθινῷ.
1392 2315 1457 2370 Εἰ
1491 2316 1547 2369 δὲ
1579 2318 1849 2373 ἀπέθανεν
1869 2323 1898 2373 ό

330 2399 585 2469 Χριστὸς,
616 2400 702 2455 ἵνα
732 2401 824 2455 καὶ
853 2403 1062 2473 νεκρῶν
1090 2405 1183 2457 καὶ
1220 2403 1436 2469 ζώντων
1486 2409 1768 2482 κυριεύσῃ,
1804 2412 1898 2466 καὶ

332 2489 480 2561 αὐτῷ
522 2491 704 2561 ζῶμεν
748 2493 823 2557 ὡς
852 2494 972 2573 Θεῷ
995 2495 1157 2558 ζῶντι
1197 2500 1289 2550 καὶ
1317 2497 1592 2569 ἀληθινῷο
1633 2502 1753 2565 πῶς
1797 2504 1897 2557 οὐκ

331 2581 604 2649 ἀναγκαία
655 2583 730 2653 τῷ
776 2585 934 2656 ᾼόγῳ
981 2588 1014 2657 ὴ
1065 2588 1201 2659 πρὸς
1236 2589 1416 2659 σάρκα
1442 2590 1663 2659 γέγονεν
1704 2593 1896 2661 ἔνωσις

331 2669 570 2741 άληθήςς
613 2671 701 2725 Ἐν
744 2674 882 2745 αὐτῇ
937 2675 1046 2746 γὰρ
1089 2676 1395 2743 ἀποθανὼν,
1438 2680 1758 2750 κεκυρίευκε
1806 2686 1898 2738 καὶ

333 2757 549 2823 ζώντων
586 2762 679 2815 καὶ
716 2762 945 2834 νεκρῶν.

555 2967 657 3023 Ἐκ
692 2968 805 3039 τῆς
840 2969 991 3039 πρὸς
1027 2976 1371 3042 Κορινθίους
1411 2978 1663 3046 πρώτης.

412 3081 666 3136 «Ἐπινον
699 3085 826 3156 γὰρ,
859 3085 1040 3154 φησὶν,
1074 3089 1138 3141 ὲκ
1170 3090 1550 3161 πνευματικῆς
1578 3091 1899 3146 ἀκολουθού-

336 3191 434 3245 σης
476 3175 700 3246 ’πέτρας
728 3178 761 3246 ἡ
798 3175 855 3229 δὲ
887 3176 1063 3247 πέτρα
1092 3173 1161 3249 ἦν
1183 3179 1211 3231 ὁ
1232 3180 1481 3249 Χριστός.
1505 3201 1523 3233 ο
1552 3182 1624 3235 Τὸ
1646 3184 1901 3250 Χριστὸς

335 3266 504 3337 δνομα
534 3267 769 3320 τέθειται
805 3266 883 3337 τῷ
914 3268 1282 3339 Ἑμμανουὴλ,
1323 3272 1411 3324 ὅτε
1448 3260 1767 3344 γεγέννηται
1812 3274 1902 3329 διά

336 3357 432 3423 τῆς
484 3355 644 3424 ἀγίας
679 3356 979 3429 Παρθένου.
1012 3358 1135 3421 Πῶς
1162 3357 1256 3415 οὖν
1295 3362 1456 3423 αὐτὸς
1499 3358 1567 3433 ἦν
1600 3363 1633 3433 ἡ
1664 3364 1838 3435 πέτρα
1866 3365 1900 3436 ἡ

337 3447 630 3512 ποτίζουσα
659 3448 751 3502 τὸν
779 3448 1026 3520 Ἰσραήλς
1060 3450 1199 3504 ’Δλλ⁹
1225 3452 1337 3507 ἐστί
1363 3453 1540 3524 δῆλον,
1562 3455 1644 3507 ὅτι
1670 3456 1902 3525 Χριστὸν

338 3539 432 3590 καὶ
458 3538 582 3591 Υἱὸν
606 3533 748 3592 οίδεν
773 3539 865 3593 ἕνα
901 3542 959 3593 τὸ
984 3541 1222 3612 Γράμμα
1244 3543 1305 3595 τὸ
1334 3546 1495 3614 ἱερόν.
1527 3546 1767 3614 Γεγονὼς
1794 3547 1902 3620 γάρ

336 3627 367 3679 ό
395 3627 566 3695 Λόγος
592 3629 744 3700 σὰρξ,
775 3629 939 3683 πάλιν
968 3631 1127 3695 αὐτός
1170 3634 1317 3687 ἐστιν
1358 3636 1388 3703 ἠ
1442 3639 1782 3707 πνευματικὴ
1804 3639 1903 3691 πέ-

337 3736 463 3789 τρα,
495 3720 593 3787 τῆς
623 3722 830 3786 οἰκείας
866 3723 1080 3792 φύσεως
1115 3725 1175 3778 τὸ
1210 3725 1582 3811 πρεσϐύτατον
1627 3730 1725 3781 οὐκ
1771 3731 1904 3783 ἀπο-

339 3809 514 3864 δαλὼν
550 3811 638 3865 διὰ
675 3812 738 3865 τὸ
780 3814 898 3867 νέον
918 3814 1020 3883 τῆς
1044 3809 1372 3886 οἰκονομίας.

550 4083 651 4139 Ἐκ
686 4085 797 4156 τῆς
835 4088 987 4157 πρὸς
1022 4093 1368 4159 Κορινθίους
1404 4094 1703 4164 δευτέρας.

324 4236 329 4241 .
421 4205 439 4239 ι
471 4193 632 4249 ’Ὥστε
669 4199 830 4267 ἡμεῖς
870 4199 979 4254 ἀπὸ
1020 4200 1111 4255 τοῦ
1139 4201 1233 4256 νῦν
1277 4203 1464 4258 ούδὲνα
1494 4206 1715 4277 οἴδαμεν
1764 4210 1905 4265 κατά

341 4282 553 4354 σάρκαο
593 4288 642 4338 εἰ
686 4286 743 4339 δὲ
787 4290 881 4342 καὶ
909 4290 1229 4362 ἐγνώκαμεν
1268 4293 1407 4346 κατὰ
1437 4294 1618 4366 σάρκα
1652 4299 1902 4368 Χριστὸν,

2001 588 2099 643 des
2126 589 2267 642 enim
2298 588 2349 642 in
2384 601 2506 641 eum
2538 597 2788 654 tanquam
2820 587 2872 639 in
2905 586 3069 639 Deum
3123 583 3313 640 l’ertur.
3360 584 3558 638 Neces-

2000 682 2207 736 sarium
2264 691 2347 736 est
2388 695 2519 751 ergo
2564 688 2623 733 ut
2654 679 2747 735 Dei
2780 677 3011 733 Verbum
3058 678 3353 733 secundum
3393 678 3561 747 hypo-

2000 770 2172 824 stasin
2223 770 2472 825 humana.-
2525 778 2731 824 natura:
2786 768 2994 822 unitum
3053 768 3422 843 proliteamur.
3479 765 3559 818 Ad

2001 864 2145 918 hunc
2167 862 2310 917 enim
2335 863 2550 917 modum
2591 876 2753 915 unum
2790 860 3066 915 Christum
3098 868 3353 927 tanquam
3406 867 3562 911 natu-

2003 955 2169 1010 ralem
2198 954 2479 1009 Dominum
2507 953 2846 1017 conlitentes,
2892 962 2947 1006 et
2991 951 3173 1006 carnis
3208 951 3325 1019 ejus
3380 964 3562 1003 rosur-

2002 1045 2292 1099 rectionem
2324 1045 2701 1115 agnoscentes,
2739 1058 2803 1098 ac
2833 1043 2995 1095 veluti
3026 1043 3080 1096 iu
3124 1042 3291 1096 Deum
3334 1043 3561 1095 creden—

2001 1142 2101 1197 tes,
2132 1134 2533 1202 justiticatiouis
2566 1133 2887 1188 bencllcium
2936 1132 3344 1200 consequimur.

2076 1244 2094 1278 ι
2133 1223 2301 1281 Nemo
2340 1226 2483 1280 enim
2531 1234 2774 1279 nostrum
2820 1223 2921 1278 sibi
2967 1223 3123 1285 vivit,
3168 1231 3220 1275 et
3269 1234 3428 1273 nemo
3459 1219 3559 1271 sibi

2000 1318 2276 1372 moritur:
2318 1318 2435 1373 sive
2480 1318 2627 1371 enim
2671 1316 2921 1381 vivimus,
2955 1314 3113 1384 105
3164 1313 3393 1366 Domino
3419 1312 3557 1364 vivi-

2001 1424 2159 1473 mus;
2202 1410 2318 1464 sive
2347 1408 2626 1471 morimur,
2682 1408 2910 1461 Domino
2946 1407 3228 1460 morimur.
3269 1403 3395 1457 Sive
3429 1417 3560 1471 ergo

2000 1499 2252 1562 vivimus,
2275 1500 2388 1553 sive
2420 1499 2697 1551 morimur.
2722 1496 2930 1550 Domini
2962 1510 3168 1550 sumus.
3202 1493 3258 1547 lu
3290 1494 3394 1547 hoc
3416 1493 3558 1545 enim

1999 1587 2248 1643 Chrisms
2276 1599 2520 1643 mortuus
2544 1599 2626 1642 est
2658 1597 2711 1641 ct
2736 1587 3054 1650 resurrexit,
3103 1593 3161 1636 ut
3194 1584 3436 1636 vivorum
3486 1583 3565 1635 si-

2001 1679 2111 1733 tnnl
2140 1689 2195 1731 et
2226 1687 2557 1731 mortuorum
2595 1676 2990 1731 dominetur”.
3034 1693 3051 1727 ι
3092 1675 3234 1728 Idem
3274 1673 3563 1741 Apostolus

2000 1769 2123 1822 alibi
2158 1768 2277 1822 illos
2301 1771 2389 1838 qui
2426 1785 2488 1822 ex
2527 1769 2775 1835 gentibus
2806 1767 3052 1821 conversi
3091 1764 3326 1830 fuerant,
3367 1765 3438 1817 ita
3479 1765 3557 1816 al-

2007 1859 2276 1929 loquitur:
2315 1878 2332 1910 ι
2369 1858 2522 1914 Nunc
2578 1871 2757 1914 autem
2809 1875 2930 1914 cum
2978 1857 3339 1928 cognoveritis
3371 1855 3559 1919 Deum,

2005 1949 2115 2004 imo
2143 1949 2343 2019 cogniti
2371 1950 2491 2005 sitis
2528 1964 2553 2001 a
2590 1949 2740 2016 Deo;
2770 1950 3037 2018 quomodo
3087 1947 3280 1999 iterum
3332 1958 3562 1999 conver-

2007 2040 2181 2094 timiui
2211 2041 2277 2094 ad
2308 2040 2518 2094 inﬁrma
2546 2052 2600 2095 et
2635 2055 2814 2114 egena
2840 2040 3104 2095 elementa
3133 2035 3342 2100 mundi,
3367 2035 3562 2104 quibus

2003 2131 2181 2185 denuo
2221 2130 2428 2186 servire
2458 2130 2619 2185 vultis
2638 2130 2720 2183 "1’
2760 2147 2778 2180 ›
2813 2129 2914 2184 Per
2949 2128 3107 2183 [idem
3139 2143 3265 2196 ergo
3317 2126 3370 2179 in
3416 2123 3568 2178 Chri-
3668 2188 3681 2195 γ

2005 2232 2146 2277 stum
2178 2222 2244 2276 ab
2276 2222 2958 2293 elementorum/servitute
2991 2220 3225 2283 liberati,
3255 2218 3307 2270 in
3340 2216 3430 2269 Dei
3456 2214 3561 2268 vivi

2004 2323 2060 2369 et
2081 2315 2194 2368 veri
2225 2314 2509 2368 servitium
2545 2312 2790 2367 translati
2815 2327 3023 2366 sumus.
3053 2310 3205 2376 Quod
3239 2310 3281 2362 si
3312 2307 3562 2362 Christus

2005 2416 2250 2460 mortuus
2291 2414 2396 2471 est,
2446 2414 2506 2458 ut
2549 2403 2793 2458 vivorum
2836 2413 2889 2456 et
2937 2413 3268 2456 mortuorum
3299 2416 3361 2455 cx
3413 2415 3564 2467 aequo

2006 2496 2334 2557 dominetur,
2365 2495 2574 2563 ipsique
2605 2504 2863 2562 tanquam
2894 2493 3014 2546 vivo
3042 2500 3094 2546 et
3116 2506 3244 2545 vero
3276 2490 3385 2545 Deo
3423 2490 3565 2543 vivi-

2005 2601 2145 2652 mus,
2176 2586 2443 2654 quomodo
2477 2585 2840 2639 necessarium
2881 2598 2985 2637 non
3039 2589 3156 2637 erat
3221 2592 3277 2635 ut
3328 2581 3559 2634 Verbum

2003 2691 2127 2732 cum
2150 2691 2314 2730 carne
2347 2691 2474 2731 vere
2505 2676 2791 2730 uniretur?
2822 2673 2879 2729 In
2919 2676 3032 2744 ipsa
3071 2688 3303 2742 namque
3334 2682 3565 2727 mortem

2005 2781 2345 2838 perpessum,
2381 2782 2504 2821 cum
2535 2767 2587 2820 in
2618 2768 2791 2830 vivos,
2830 2776 2939 2821 tum
2986 2767 3038 2819 in
3078 2776 3318 2819 mortuos
3350 2776 3564 2833 quoque

2006 2859 2294 2929 imperium
2327 2858 2586 2914 obtinuit.

2430 2970 2511 3026 Ex
2532 2971 2697 3038 priori
2722 2971 2790 3023 ad
2822 2954 3149 3022 Corinthios:

2082 3102 2101 3135 ι
2133 3083 2394 3137 Bibebant
2441 3084 2586 3137 enim
2636 3086 2702 3135 de
2743 3082 2997 3149 spiritali,
3050 3090 3411 3148 consequente
3469 3092 3566 3134 eos

2005 3183 2155 3244 petra
2183 3191 2197 3228 :
2235 3183 2385 3244 petra
2412 3181 2591 3227 autem
2624 3184 2742 3225 erat
2768 3172 3020 3226 Christus
3040 3171 3108 3224 ".
3138 3190 3156 3223 ι
3178 3168 3381 3224 Nomen
3407 3170 3567 3224 Chri-

2005 3268 2073 3322 sti
2104 3277 2234 3322 tune
2278 3267 2492 3320 demum
2542 3265 2770 3318 inditum
2820 3270 2903 3317 est
2955 3261 3308 3325 Emmanueli,
3355 3263 3570 3329 quando

2007 3372 2071 3412 ex
2111 3373 2265 3414 sacra
2323 3356 2537 3425 Virgine
2587 3355 2853 3426 originem
2898 3356 3071 3408 duxit.
3119 3354 3397 3419 Quomodo
3441 3367 3570 3418 ergo

2007 3459 2159 3519 petra
2193 3462 2314 3503 esse
2363 3456 2596 3517 poterat,
2628 3459 2748 3515 quae
2782 3445 3036 3513 populum
3083 3444 3433 3497 Israeliticum
3472 3445 3571 3496 de-

2008 3547 2155 3609 serto
2188 3537 2443 3607 poterat?
2477 3536 2818 3604 Scripturam
2863 3547 3075 3587 sacram
3110 3548 3271 3585 unum
3308 3531 3574 3586 duntaxat

2010 3628 2228 3695 Filium,
2252 3641 2527 3696 unumque
2575 3624 2852 3680 Christum
2881 3638 3200 3692 agnoscere,
3232 3633 3387 3677 extra
3421 3638 3572 3692 quae-

2008 3721 2238 3775 stionem
2264 3729 2364 3775 est.
2409 3718 2647 3772 Verbum
2702 3715 2904 3780 itaque,
2961 3722 3316 3782 posteaquam
3353 3725 3569 3765 carnem

2011 3794 2272 3877 suscepit,
2301 3807 2565 3877 spiritalis
2584 3806 2750 3861 etiam
2785 3814 2937 3873 petra
2968 3810 3076 3865 est,
3110 3809 3333 3870 propter
3352 3800 3571 3867 dispen-

2009 3898 2236 3953 sationis
2285 3898 2601 3961 novitatem,
2660 3896 2894 3965 propriae
2950 3903 3159 3947 naturae
3193 3890 3569 3959 antiquitatem

2012 4002 2116 4043 non
2144 3986 2423 4056 abjiciens.

2372 4098 2456 4153 Ea:
2495 4101 2779 4168 posteriore
2804 4098 2875 4152 ad
2903 4096 3225 4154 Corinthios.

2088 4229 2107 4263 ι
2144 4211 2327 4278 Itaque
2368 4225 2468 4266 nos
2517 4224 2580 4264 ex
2624 4209 2725 4263 hoc
2772 4208 3042 4263 neminem
3092 4206 3339 4279 novimus
3381 4218 3576 4258 secun-

2013 4300 2138 4352 dum
2164 4313 2381 4352 carnem
2413 4319 2425 4354 :
2460 4309 2515 4353 et
2545 4299 2589 4353 si
2627 4297 2923 4352 secundum
2963 4309 3184 4352 carnem
3225 4293 3575 4365 cognovimus

338 4372 477 4426 ἀλλά
527 4375 622 4429 νῦν
662 4376 845 4430 οὐκέτι
888 4378 1248 4452 γινώσκομεν.
1282 4400 1302 4432 ι
1354 4384 1419 4436 Τί
1451 4384 1513 4454 δὴ
1548 4385 1654 4456 ἄρα
1684 4389 1847 4458 φησὶν
1878 4391 1903 4442 ό

2012 4389 2314 4453 Christum,
2367 4391 2462 4446 sed
2510 4404 2650 4444 nunc
2684 4389 2797 4459 jam
2844 4404 2947 4443 non
3001 4387 3247 4442 novimus
3272 4387 3338 4441 ".
3379 4405 3397 4437 ι
3439 4384 3575 4451 Quid

341 4462 583 4530 Παῦλος;
613 4460 761 4554 Ἀρά
791 4470 1025 4537 Χριστὸν
1056 4472 1296 4545 ἀρνεῖται
1341 4473 1483 4543 μετά
1524 4476 1623 4546 τὴν
1669 4479 1903 4532 ἀνάστα-

2012 4488 2116 4548 est,
2154 4480 2400 4545 obsecro,
2429 4480 2570 4550 quod
2603 4477 2924 4533 Paulushie
2971 4477 3092 4531 ait?
3127 4475 3374 4545 Nunquid
3418 4474 3575 4528 Chri-

344 4555 605 4641 otvLOt'm
654 4552 795 4611 οἶδεν
840 4560 1002 4614 αὐτὸν
1046 4564 1412 4633 ἐγηγερμένον
1452 4566 1534 4639 ,ὲν
1593 4568 1775 4640 σαρκὶ,
1812 4571 1903 4625 καὶ

2012 4581 2153 4628 stum
2197 4580 2318 4641 post
2361 4572 2810 4627 resurrectimtetn
2864 4569 3170 4624 inliciatur?
3213 4568 3399 4622 Nonne
3429 4566 3574 4619 illum

342 4646 717 4717 ἀναληφθέντα
751 4651 870 4719 μετ’
894 4652 1063 4723 αὐτῆς
1103 4657 1183 4718 είς
1222 4655 1313 4709 τὸν
1354 4657 1610 4729 ούρανόν;
1642 4662 1749 4713 Καὶ
1774 4661 1857 4726 τίς
1879 4664 1909 4716 ό

343 4737 507 4804 φάναι
532 4741 689 4794 τοῦτο
708 4742 952 4810 τολμῶν;
980 4745 1134 4798 Οὕτω
1158 4747 1264 4817 γὰρ
1287 4746 1392 4801 οἶδε
1415 4752 1507 4803 καὶ
1530 4753 1908 4824 ἀναληφθέντα

343 4827 438 4881 καὶ
478 4828 674 4899 ἥξοντα
716 4833 857 4888 κατὰ
890 4835 1134 4904 καιροὺς,
1160 4836 1218 4889 δν
1245 4839 1445 4908 τρόπον
1468 4842 1804 4914 ἀναϐέϐηκεν
1830 4847 1910 4909 είς

342 4918 435 4971 τὸν
457 4922 704 4991 οὐρανόν.
743 4923 866 4988 Πῶς
910 4921 1006 4978 οὖν
1040 4926 1141 4979 ούκ
1166 4928 1365 4981 εἰδέναι
1396 4932 1531 5000 φησι
1562 4934 1703 4987 κατά
1732 4934 1910 5006 σάρκα

345 5008 505 5075 Υίόν;
534 5013 657 5066 Ὀτι
687 5014 825 5084 μετά
851 5015 949 5087 τὴν
987 5018 1052 5070 ὲκ
1090 5017 1317 5089 νεκρῶν.
1341 5020 1659 5089 ἀναόίωσιν,
1705 5027 1805 5079 ούκ
1848 5028 1912 5080 ἐκ

344 5099 450 5153 τῶν
482 5102 582 5172 τῆς
610 5106 809 5188 σαρκὸς
834 5105 915 5159 ἔτι
939 5107 1176 5179 μέτρων,
1208 5107 1322 5160 ἀλλ’
1353 5108 1428 5172 ὡς
1456 5112 1521 5163 ἐκ
1552 5111 1700 5174 θείας
1738 5113 1909 5183 ὑπερ-

345 5192 476 5262 οχῆς
500 5194 721 5264 ἄμεινον
744 5196 905 5251 αὐτὸν
932 5198 1130 5253 εἰδέναι
1152 5198 1246 5251 καὶ
1279 5197 1558 5269 ὁμολογεῖν
1579 5215 1592 5229 ⁸
1633 5198 1785 5253 οὔπω
1804 5201 1912 5271 γὰρ

350 5284 728 5359 πληρωθείσης
755 5288 854 5358 τῆς
881 5289 1213 5359 οἰκονομίας,
1244 5290 1572 5361 ὲκηρύττετο
1602 5291 1742 5343 κατά
1783 5290 1914 5362 σάρο

347 5390 441 5432 κα.
464 5375 553 5428 ἵνα
584 5377 906 5449 πιστεύηται
936 5379 1176 5448 γεγονὼς
1202 5380 1484 5451 ἄνθρωπος
1509 5381 1538 5433 ό
1565 5381 1877 5450 Μονογενής
1895 5398 1909 5412 ο

349 5465 470 5517 ἐπεὶ
498 5466 555 5519 δὲ
587 5469 896 5523 τετέλεσται
939 5470 1001 5523 τὸ
1035 5472 1352 5541 μυστήριον,
1388 5472 1480 5539 ἀφ’
1511 5465 1588 5524 ὧν
1629 5473 1746 5524 ἐστι
1780 5471 1912 5535 Θεὸς

348 5555 570 5626 ἄμεινον
620 5560 779 5613 αὐτὸν
814 5560 1115 5629 ὁμολογεῖν,
1158 5561 1189 5627 ἢ
1221 5560 1326 5614 ἀπό
1355 5577 1415 5627 γε
1450 5560 1542 5613 τοῦ
1578 5559 1907 5614 κεκενῶσθαι

424 5732 464 5763 ³³
492 5732 645 5789 ltmn.
674 5749 782 5801 Juv,
823 5735 935 5791 7-9.
1014 5736 1058 5767 "
1084 5734 1254 5791 ωιτη.
1286 5752 1358 5804 tv,
1396 5738 1447 5793 9.
1524 5736 1609 5790 "1
1638 5735 1762 5793 Cor.
1790 5752 1842 5802 ι,
1878 5734 1933 5791 ι.

2010 4668 2303 4720 secundum
2355 4679 2572 4720 carnem
2621 4662 3041 4749 resuscitatum,
3086 4673 3321 4728 cumque
3390 4658 3575 4711 eadem

2010 4755 2098 4809 illa
2126 4770 2289 4810 carne
2316 4756 2366 4808 in
2397 4755 2590 4810 coelum
2621 4752 2919 4822 profectum
2970 4751 3173 4805 uorat?
3201 4750 3397 4818 Ecquis
3430 4750 3567 4803 istud

2013 4845 2197 4899 dicere
2249 4843 2474 4897 audeat?
2528 4841 2711 4897 Talem
2757 4856 2991 4909 namque
3058 4843 3109 4894 in
3157 4840 3352 4895 coelum
3392 4856 3576 4894 ascen-

2017 4933 2181 4995 disse,
2216 4946 2278 4985 ae
2313 4929 2442 4983 olim
2480 4931 2602 4983 inde
2630 4944 2840 4983 rursum
2865 4938 3151 4983 venturum
3181 4927 3405 4989 sciebat,
3439 4944 3574 4996 qua-

2018 5021 2120 5075 lem
2178 5021 2424 5075 caelestia
2461 5019 2681 5089 petiisse
2728 5020 3039 5087 neutiquam
3092 5018 3394 5089 ignorabat.
3433 5019 3577 5086 Quo-

2019 5116 2177 5168 modo
2209 5112 2371 5181 igitur
2404 5109 2595 5164 Filium
2632 5112 2924 5164 secundum
2959 5123 3176 5164 carnem
3208 5123 3266 5163 se
3295 5088 3454 5164 nosse
3483 5124 3577 5164 ue-

2018 5201 2435 5272 gat?Quoniam
2475 5199 2635 5255 simul
2665 5207 2827 5266 atque
2868 5215 2932 5254 ex
2969 5198 3196 5253 mortuis
3236 5200 3452 5266 revixit,
3486 5216 3575 5255 sa-

2021 5293 2125 5347 tius
2159 5308 2223 5347 ex
2274 5291 2452 5344 divina
2500 5289 2659 5360 106
2702 5289 2994 5343 eminentia
3030 5288 3180 5343 illum
3220 5300 3273 5344 et
3320 5305 3477 5344 nosse
3524 5300 3577 5344 ct

2017 5382 2449 5451 proﬁteri,quam
2472 5395 2536 5434 ex
2565 5380 2746 5433 carnis
2774 5395 3050 5434 tnensura.
3088 5376 3333 5445 Etenim,
3362 5380 3547 5448 dispeu

2019 5471 2241 5526 sationis
2293 5471 2548 5540 mysterio
2578 5471 2807 5525 necdum
2840 5470 3076 5538 expleto,
3110 5470 3405 5524 secundum
3452 5485 3577 5524 car-

2017 5576 2138 5614 nem
2183 5561 2588 5628 prazdicabatur,
2632 5576 2738 5631 quo
2778 5560 3028 5616 nimirum
3076 5558 3398 5630 Unigeuitus
3451 5576 3577 5616 caro

2012 5733 2101 5789 "l
2134 5732 2260 5790 Cor.
2294 5748 2344 5801 ν,
2378 5732 2457 5789 l6.
