3910 6200
369 323 502 381 i303

1349 327 1406 384 S.
1447 326 1718 384 CYRILLI
1760 328 2228 386 ALEXANDRINI
2270 331 2587 388 ARCHIEP.

3475 333 3611 387 13M

365 446 541 497 iactus
590 440 924 499 crederetur.
976 444 1046 498 At
1073 460 1221 510 vero,
1270 458 1611 503 sacramento
1665 439 1769 503 hoc
1810 449 1923 518 jam

2044 450 2117 509 5ιά
2154 452 2252 522 τὴν
2293 453 2493 524 σάρκα.
2535 447 2631 516 Εἷς
2665 445 2760 506 οὖν
2799 453 3032 522 Χριστὸς
3071 454 3166 507 καὶ
3194 453 3322 517 Tib;
3358 452 3455 507 καὶ
3493 453 3639 505 κει-ο

364 544 760 599 consummato,
794 544 1012 604 praestat
1040 553 1105 591 ex
1133 538 1414 592 divinitate
1444 539 1593 592 illum
1628 554 1923 610 agnoscere

2034 559 2168 612 ριος.

362 632 415 678 et
441 625 704 693 proﬁteri,
733 640 895 694 quam
952 641 1016 719 ex
1080 629 1264 684 carnis
1303 630 1610 685 humilitate
1677 641 1734 685 et
1776 632 2161 689 exinanitione.
2217 635 2373 692 Unus
2414 637 2598 707 itaque
2635 624 2719 692 est
2763 636 3017 692 Christus
3085 647 3140 691 et
3198 636 3365 690 Filius
3416 646 3471 690 et
3522 636 3619 689 Do«

361 716 562 769 minus.

439 826 458 858 ι
496 798 837 864 δοίιίιιέιιὶηι
866 811 1098 880 gratiam
1125 809 1332 867 Domini
1362 815 1532 870 nostri
1555 813 1683 870 Jesu
1710 815 1933 880 Christi,

362 898 618 966 quoniam
663 910 882 969 propter
907 917 1004 957 vos
1038 917 1239 970 egenus
1271 903 1451 960 factus
1489 915 1606 972 est,
1641 921 1762 960 cum
1789 916 1937 962 esset

362 992 532 1056 diVeS,
564 1000 623 1044 ut
670 991 813 1047 illius
859 994 1037 1060 inopia
1084 1009 1177 1049 vos
1220 996 1417 1051 divites
1455 998 1653 1054 essetis
1697 1000 1763 1054 ".
1813 1017 1831 1050 ι
1874 998 1933 1054 Si

364 1081 615 1141 Christus
650 1095 733 1139 est
782 1095 988 1139 tantum
1036 1086 1218 1151 homo,
1252 1103 1356 1142 non
1404 1092 1700 1144 secundum
1747 1106 1929 1144 veram

364 1182 548 1228 autem
572 1189 693 1228 cum
725 1174 821 1229 Dei
846 1174 1021 1232 Verbo
1048 1178 1303 1233 unionem
1330 1181 1641 1247 opulentus,
1666 1190 1726 1237 ut
1752 1183 1930 1250 Deus;

365 1262 637 1330 quomodo
680 1262 854 1318 factus
903 1273 988 1321 est
1033 1267 1283 1336 egenus?
1315 1267 1515 1335 Quales
1558 1270 1772 1325 tandem
1808 1283 1935 1328 sunt

362 1365 495 1422 opes
529 1361 738 1408 natura!
774 1355 1059 1410 humanae?
1098 1359 1291 1413 Annon
1352 1362 1497 1414 omni
1565 1362 1769 1418 homini
1796 1363 1938 1419 ‘dici-

366 1452 455 1498 tur
486 1459 500 1498 :
541 1462 560 1494 ι
593 1445 729 1509 Quid
764 1446 930 1500 habes
962 1448 1104 1515 quod
1141 1462 1251 1502 nun
1286 1450 1543 1515 accepisti
1565 1450 1659 1503 9"!
1694 1471 1713 1504 ι
1736 1450 1935 1506 Verum

365 1531 457 1586 hic
486 1547 606 1586 eum
639 1536 786 1588 dives
807 1547 969 1601 esset,
991 1547 1173 1607 utpote
1200 1539 1357 1602 Dens,
1389 1539 1562 1595 iactus
1596 1551 1675 1596 est
1696 1557 1931 1611 egenus;

370 1624 641 1694 siquidem
676 1625 908 1682 Verbum
943 1642 1250 1698 paternum,
1275 1635 1414 1699 quod
1455 1647 1582 1687 vere
1611 1635 1761 1687 dives
1792 1645 1933 1697 erat,

3627 762 3636 801 ἔ

2120 841 2138 873 r
2172 820 2472 875 Γινώσκετε
2496 823 2605 893 γὰρ
2629 820 2727 891 τὴν
2751 819 2909 892 χάριν
2935 818 3032 872 τοῦ
3066 818 3272 887 Κυρίου
3312 818 3471 886 ἡμῶν
3506 819 3617 888 Ἰη-

2044 913 2140 968 σοῦ
2172 914 2433 985 Χριστοῦ,
2465 916 2548 967 ὅτι
2589 914 2657 967 δι’
2686 914 2830 984 ὑμᾶς
2874 910 3183 980 ἐπτώχευσε
3216 909 3467 971 πλούσιος
3514 906 3614 971 ὢν,

2042 1004 2128 1057 ἴνα
2155 1004 2313 1074 ὑμεῖς
2335 1006 2401 1075 τῇ
2428 1002 2638 1056 ἐκείνου
2662 1002 2906 1073 πτωχείᾳ
2931 1001 3291 1070 πλουτήσητε.
3314 1016 3333 1050 ι
3362 999 3423 1050 Εἰ
3452 998 3619 1066 μόνον

2039 1094 2325 1165 ἄνθρωπος
2351 1095 2379 1147 6
2408 1094 2663 1164 Χριστὸς,
2699 1095 2793 1146 καὶ
2823 1094 2885 1147 οὐ
2913 1092 3036 1146 καθ’
3070 1092 3265 1145 ἕνωσιν
3311 1089 3485 1162 ἀληθῆ
3514 1090 3621 1160 τὴν

2039 1185 2175 1256 πρὸς
2201 1185 2293 1238 τὸν
2310 1185 2453 1239 Θεὸν
2477 1184 2650 1253 Λόγον
2679 1184 2952 1245 πλούσιος,
2988 1183 3064 1245 ὡς
3102 1181 3253 1244 Θεὸς,
3281 1180 3401 1242 πῶς
3434 1180 3618 1231 ἐπτώο

2038 1295 2237 1351 χευσε;
2271 1279 2368 1343 Τίς
2398 1277 2508 1348 γὰρ
2539 1278 2678 1341 ὅλως
2708 1278 2737 1329 6
2764 1276 2865 1345 τῆς
2893 1274 3312 1345 ἁνθρωπότητος
3345 1270 3616 1334 πλοῦτοςς

2042 1373 2272 1443 Εἴρηται
2308 1371 2417 1442 γὰρ
2443 1368 2716 1442 ἀνθρώπῳ
2749 1368 2911 1422 παντί
2931 1385 2945 1399 ⁸
2996 1386 3014 1418 ι
3047 1367 3111 1419 Τί
3139 1365 3250 1435 γὰρ
3278 1365 3423 1435 ἔχεις
3452 1364 3484 1416 6
3514 1364 3614 1416 οὐ)

2042 1462 2262 1528 ελαϐεςς
2309 1482 2327 1514 ι
2368 1462 2505 1515 Ἀλλ’
2538 1461 2869 1531 ἐπτώχευσε,
2920 1459 3175 1521 πλούσιος
3219 1456 3296 1510 ὣν
3337 1457 3413 1520 ὼς
3442 1456 3617 1519 Θεός·

2042 1553 2356 1624 ἐπτώχευσε
2386 1551 2514 1622 γὰρ,
2547 1551 2607 1604 τὸ
2638 1551 2739 1621 τῆς
2776 1548 3189 1619 ἀνθρωπότητος
3237 1546 3622 1617 μικροπρεπὲς

2041 1644 2462 1713 οἰκειωσάμενος
2512 1640 2895 1711 οἰκονομικῶς,
2921 1641 2951 1692 6
2998 1636 3255 1699 πλούσιος
3300 1635 3520 1705 ἀληθῶς
3548 1636 3623 1687 ἐκ

368 1717 619 1774 humanm
664 1730 872 1774 natura:
912 1723 1272 1778 humilitatem
1326 1725 1722 1793 dispensatorie
1773 1740 1931 1778 suam

2044 1736 2174 1790 Θεοῦ
2206 1735 2419 1806 Πατρὺς
2444 1735 2636 1802 Λόγος.
2668 1729 2763 1796 Εἷς
2798 1732 2908 1804 ἄρα
2941 1730 3177 1801 Χριστὸς
3211 1729 3305 1781 καὶ
3330 1728 3460 1790 Υἱός
3480 1744 3494 1757 -
3519 1727 3624 1780 καὶ

366 1806 594 1874 faciens,
621 1808 819 1863 factum
865 1821 948 1865 est
996 1812 1173 1879 inops.
1212 1811 1365 1867 Unus
1396 1828 1525 1882 ergo
1555 1822 1638 1868 est
1685 1815 1933 1868 Christus

2044 1822 2292 1885 πλούσιος
2325 1822 2446 1891 μὲν,
2478 1821 2553 1884 ὼς
2581 1821 2712 1884 Θεός
2733 1837 2746 1849 ·
2784 1818 2997 1889 πτωχὸς
3041 1818 3120 1879 δὲ.
3147 1818 3231 1871 ὅτι
3262 1816 3485 1885 γέγονεν
3516 1815 3622 1868 ἆν-

368 1908 424 1951 et
448 1897 636 1961 Filius,
669 1901 760 1969 qui
803 1903 1020 1969 quidem
1065 1904 1215 1958 dives
1266 1915 1349 1958 est
1397 1915 1455 1957 nt
1507 1904 1684 1970 Dens;
1737 1920 1937 1975 pauper

370 2003 499 2043 vero
526 2000 629 2054 est,
666 1993 791 2060 quia
825 2003 879 2046 nt
917 2010 1015 2047 nos
1048 2011 1144 2064 per
1171 2010 1231 2049 se
1268 1997 1645 2065 locupletaret,
1674 1998 1838 2052 homo
1860 1998 1936 2051 fa-

368 2091 491 2135 etus
517 2090 620 2136 est.

700 2174 701 2177 Ἴ
802 2192 885 2251 Ex
910 2195 1143 2267 Epistula
1173 2203 1238 2253 ad
1268 2198 1505 2254 Galatas.

362 2294 367 2300 ’
443 2324 461 2355 ι
499 2303 696 2361 Paulus
736 2312 1033 2380 apostolus,
1067 2328 1170 2365 non
1207 2314 1273 2365 ah
1298 2314 1817 2383 hominihus,nequc
1841 2329 1938 2383 per

368 2394 664 2463 hominem,
684 2400 776 2453 sed
799 2417 894 2469 per
910 2399 1089 2456 Jesnm
1109 2402 1473 2469 Christum,et
1504 2405 1670 2471 Deum
1721 2403 1934 2457 Patrem

369 2490 461 2558 qui
517 2492 799 2546 suscitavit
847 2509 1027 2548 euma
1083 2497 1311 2550 mortuis
1337 2497 1379 2552 ί.
1434 2514 1453 2549 ι
1511 2495 1702 2551 Annon
1768 2496 1934 2551 Deum

365 2577 731 2646 incarnatum,
789 2598 1060 2653 unumque
1104 2599 1167 2639 ex
1228 2585 1473 2655 utrisque
1504 2585 1700 2641 Filium
1757 2598 1811 2641 et
1839 2587 1937 2640 Do-

367 2669 597 2733 minum,
619 2672 919 2743 divinorum
963 2676 1346 2745 mysteriorum
1392 2678 1660 2747 interpres
1693 2692 1790 2746 per
1821 2678 1936 2733 haec

367 2758 522 2814 nobis
547 2759 822 2816 insinuat?
845 2763 981 2818 Dicit
1012 2764 1155 2818 enim
1176 2780 1234 2820 se
1257 2781 1361 2821 non
1398 2764 1467 2820 ab
1499 2766 1735 2832 homine,
1763 2781 1936 2836 neque

367 2861 464 2914 per
486 2848 779 2917 hominem,
797 2854 890 2908 sed
915 2870 1008 2922 per
1033 2852 1213 2909 Jesutn
1240 2856 1514 2911 Christum
1548 2859 1769 2912 missum
1792 2872 1932 2913 eSse.

367 2939 507 3010 Quid
533 2942 700 3009 ergo?
733 2941 986 3011 Nunquid
1046 2944 1217 3007 illum,
1249 2959 1408 3014 quem
1434 2946 1686 3000 universo
1713 2947 1828 3001 orbi
1855 2956 1935 3001 ta-

364 3034 469 3088 lem
518 3034 870 3088 annuntiarat
905 3035 1174 3090 hominem
1208 3050 1329 3091 esse
1363 3037 1678 3106 ignorabat?
1714 3038 1929 3107 Nequa-

361 3140 521 3194 quam
543 3135 733 3181 :norat
758 3127 943 3195 utique
972 3127 1241 3182 hominem
1267 3141 1389 3183 esse
1409 3152 1423 3182 -.
1442 3136 1498 3181 at
1526 3143 1629 3182 non
1653 3128 1928 3184 hominem

360 3216 564 3282 solum,
595 3218 688 3272 sed
732 3219 824 3273 Dei
890 3218 1123 3271 Verbum
1184 3218 1457 3272 hominem
1494 3218 1718 3272 factum.
1746 3218 1932 3289 Neque

363 3303 536 3362 Deum
574 3322 788 3362 rursum
824 3308 876 3361 in
916 3309 1133 3362 homine
1199 3308 1622 3378 intelligendum,
1653 3310 1747 3363 sed
1785 3309 1931 3363 salva

364 3412 461 3465 per
482 3397 665 3451 omnia
695 3396 897 3451 deitate
945 3397 1217 3451 hominem
1268 3398 1445 3473 reipsa
1498 3396 1766 3451 etiectum.
1798 3397 1932 3452 Cum

360 3500 493 3558 ergo
520 3501 579 3542 se
625 3501 730 3541 non
765 3486 832 3540 ab
881 3487 1119 3550 homine,
1152 3488 1247 3541 sed
1288 3503 1382 3556 per
1432 3486 1612 3542 Iesum
1658 3489 1931 3544 Christum

365 3579 589 3633 missum
619 3577 765 3633 dicat
800 3592 816 3633 :
849 3578 972 3646 quis
1022 3578 1223 3633 dubitet
1266 3580 1396 3648 quin
1433 3581 1706 3635 Christum
1750 3580 1931 3635 Jesnm

364 3684 548 3726 verum
571 3669 740 3725 Deum
773 3677 1057 3739 agnoscat,
1086 3669 1247 3723 etiam
1267 3670 1355 3724 ubi
1392 3669 1725 3738 ille.perinde
1745 3682 1810 3724 ac
1838 3685 1935 3725 nos

359 3762 510 3817 carni
559 3761 1113 3818 communicavitiAt
1159 3761 1345 3816 maluit
1373 3762 1591 3815 interim
1646 3761 1795 3815 illum
1840 3778 1935 3829 per

362 3851 599 3906 divinam
627 3850 772 3906 illius
806 3866 969 3921 super
996 3866 1187 3906 omnes
1217 3850 1613 3915 excellentiam,
1636 3866 1795 3919 quam
1838 3867 1934 3921 per

360 3943 749 3998 exinanitionis
779 3958 1086 3998 mensuram
1112 3945 1435 4011 exprimere.

441 4131 627 4186 tCum
683 4146 927 4187 essemus
982 4133 1213 4202 parvuli,
1243 4133 1343 4187 sub
1400 4134 1683 4188 elementis
1748 4135 1930 4189 mundi

359 4236 581 4275 eramus
638 4222 956 4277 servientes.
1006 4222 1163 4293 107
1226 4224 1298 4278 At
1344 4225 1431 4295 ubi
1477 4225 1621 4278 venit
1658 4225 1932 4294 plenitudo

359 4309 645 4379 temporis,
678 4311 826 4367 misit
880 4311 1022 4366 Deus
1059 4312 1255 4366 Filium
1292 4327 1448 4367 suum
1479 4312 1680 4368 factum
1713 4329 1779 4370 ex
1812 4331 1931 4369 mu-

2037 1914 2276 1984 θρωπος,
2314 1914 2399 1965 ῖνα
2431 1913 2590 1981 ἡμεῖς
2623 1910 2908 1980 γενώμεθα
2942 1908 3187 1962 πλούσιοι
3215 1907 3285 1959 δι’
3312 1905 3498 1960 αὐτόν.

2441 2197 2535 2249 Ἐκ
2572 2193 2681 2263 τῆς
2715 2195 2865 2262 πρύς
2899 2194 3196 2260 Γαλάτας.

2115 2334 2133 2365 ι
2162 2312 2375 2376 Παῦλος
2411 2308 2704 2373 ἀπόστολος
2732 2350 2747 2374 ,
2784 2310 2883 2362 οὐκ
2903 2308 2998 2362 ἀπ’
3025 2307 3349 2380 ἀνθρώπων,
3375 2306 3499 2360 οὐδὲ
3545 2306 3622 2360 δι’

2034 2404 2351 2475 ἀνθρώπου,
2395 2400 2529 2454 ἀλλά
2559 2400 2648 2454 διὰ
2679 2399 2853 2469 Ἰησοῦ
2899 2398 3159 2470 Χριστοῦ,
3188 2400 3284 2452 καὶ
3314 2396 3452 2451 Θεοῦ
3474 2398 3625 2469 ,Πα-

2035 2494 2164 2565 τρὸς
2206 2491 2298 2545 τοῦ
2345 2491 2655 2560 ἐγείραντος
2698 2488 2860 2541 αὑτὸν
2916 2490 2981 2540 ἐκ
3025 2488 3257 2559 νεκρῶν.
3293 2506 3315 2540 ι
3341 2484 3471 2558 'Ap'
3514 2482 3622 2540 οῦν

2034 2584 2155 2653 οὐχὶ
2196 2582 2333 2635 Θεὸν
2358 2580 2846 2651 ἐνηνθρωπηκότα,
2888 2578 2984 2630 καὶ
3027 2578 3128 2632 ἕνα
3172 2577 3263 2630 τὸν
3305 2575 3364 2641 ἐξ
3405 2577 3623 2647 ἀμφοῖν

2036 2673 2325 2743 ἀποφαίνει
2363 2670 2821 2750 διὰτούτωνήμῖν
2859 2669 2983 2721 Υἱὸν
3008 2670 3103 2722 καὶ
3133 2670 3335 2739 Κύριον
3366 2671 3396 2722 6
3437 2684 3624 2737 μυστ-

2039 2767 2288 2837 αγωγὸς;
2332 2767 2475 2834 Ἔφη
2517 2766 2613 2834 μὲν
2659 2764 2768 2835 γὰρ
2832 2763 3191 2828 ἀπεστάλθαι,
3230 2761 3354 2816 οὔτε
3386 2762 3479 2815 ἀπ’
3513 2763 3623 2814 ἀν-

2037 2858 2291 2930 θρώπων,
2341 2856 2464 2909 οὕτε
2517 2855 2582 2908 δι’
2623 2854 2949 2923 ἀνθρώ-πονο
3000 2852 3355 2923 προστέθεικε
3395 2850 3479 2912 δὲ,
3532 2852 3625 2903 ὅτι.

2043 2970 2062 3001 ι
2104 2948 2267 3001 Ἀλλά
2291 2948 2381 3001 διὰ
2418 2945 2593 3016 Ἰησοῦ
2624 2943 2883 3016 Χριστοῦ.
2911 2962 2930 2994 ι
2960 2944 3151 2997 Καίτοι
3175 2940 3294 3004 πῶς
3332 2941 3433 2993 οὐκ
3466 2936 3626 2993 οἶδεν

2039 3040 2324 3112 ἄνθρωπον
2368 3039 2495 3090 ὄντα
2540 3033 2744 3105 Ἰησοῦν
2795 3034 3053 3104 Χριστὸν.
3082 3035 3111 3086 6
3156 3031 3302 3084 οὕτω
3337 3032 3452 3091 τοῖς
3507 3030 3623 3083 ἀνά

2038 3134 2216 3186 πᾶσαν
2241 3134 2339 3201 τὴν
2368 3128 2691 3198 οἰκουμένην
2709 3135 2740 3176 7
2775 3126 3016 3195 κηρύξας
3054 3124 3217 3178 αὐτόν
3243 3140 3257 3187 ;
3300 3122 3442 3175 Ἀλλ’
3464 3117 3623 3174 οἶδεν

2035 3220 2161 3275 ὄντα
2182 3221 2279 3273 οὐκ
2300 3218 2583 3289 ἄνθρωπον
2608 3216 2811 3278 ἁπλῶς,
2835 3210 3377 3285 ἐνηνθρωπηκότα·δὲ
3408 3209 3626 3279 μᾶλλον

2034 3311 2126 3362 τὸν
2150 3311 2214 3362 ἐκ
2256 3306 2392 3360 Θεοῦ
2436 3305 2634 3373 Λόγον·
2670 3305 2763 3357 καὶ
2789 3306 2850 3357 οὑ
2887 3304 3020 3356 Θείιν
3055 3304 3113 3355 ἐν
3142 3299 3417 3372 ἀνθρώπῳ
3460 3300 3632 3353 νοοῦ-

2040 3417 2218 3471 μενον,
2245 3398 2356 3451 ἀλλ’
2382 3397 2457 3462 ὡς
2487 3397 2807 3468 αὐτόχρημα
2836 3394 3125 3465 γενόμενον
3152 3392 3441 3462 ἄνθρωπον
3476 3392 3630 3461 μετά

2035 3490 2127 3544 τοῦ
2159 3485 2462 3543 εἰναιΘεόν.
2491 3488 2663 3541 Ὂταν
2698 3482 2792 3540 οῦν
2819 3485 2976 3555 λέγῃ,
3016 3483 3168 3555 παρὰ
3201 3482 3495 3552 ἀνθρώπου
3541 3481 3630 3552 μὴ

2036 3578 2393 3641 ἀπεστάλθαι,
2421 3577 2556 3633 ἀλλά
2584 3577 2672 3630 διὰ
2708 3574 2882 3646 Ἰησοῦ
2913 3573 3171 3644 Χριστοῦο
3204 3573 3320 3635 πῶς
3342 3572 3441 3640 οὐχ
3475 3571 3635 3623 ᾶπα-

2037 3690 2120 3725 σιν
2156 3670 2406 3742 ἐναργὲς,
2433 3670 2514 3723 ὅτι
2540 3668 2634 3721 καὶ
2664 3667 2795 3721 Θεὸν
2831 3666 2992 3721 αὐτὸν
3022 3662 3162 3718 οἶδεν
3188 3663 3441 3733 ἀληθινὸν
3476 3661 3633 3732 μετᾶ

2035 3764 2095 3817 τὸ
2127 3763 2221 3816 καὶ
2252 3765 2309 3815 ἐν
2345 3760 2509 3831 σαρκὶ
2547 3758 2801 3827 γενέσθαι
2845 3756 2965 3810 καθ’
2993 3755 3174 3826 ἡμᾶςς
3208 3752 3479 3824 Σημαίνει
3508 3751 3632 3803 τοί-

2034 3871 2129 3907 νυν
2168 3853 2330 3906 αὐτὸν
2358 3851 2458 3904 οὐκ
2502 3850 2611 3902 ἀπό
2649 3866 2713 3917 γε
2753 3849 2861 3901 τῶν
2906 3848 3002 3917 τῆς
3042 3844 3323 3904 κενώσεως
3374 3842 3633 3913 μέτρων,

2033 3943 2171 3997 ἀλλά
2202 3945 2265 3995 ἐκ
2299 3941 2397 4017 τῆς
2430 3941 2579 4002 θείας
2612 3938 2776 3991 αὑτοῦ
2829 3937 2923 3991 καὶ
2968 3935 3111 3991 κατά
3160 3935 3378 3989 πάντων
3427 3933 3635 4003 ὓπερ-

2032 4036 2190 4105 οχῆςο

2107 4142 2127 4175 ι
2158 4124 2285 4177 Ὅτε
2327 4117 2467 4193 ἦμεν
2498 4122 2712 4192 νήπιοι,
2742 4118 2847 4173 ὑπὸ
2876 4118 2944 4172 τὰ
2992 4118 3230 4187 στοιχεῖα
3269 4112 3365 4167 τοῦ
3401 4113 3639 4185 κόσμου

2031 4212 2416 4283 δεδουλωμένοι
2455 4208 2616 4283 ἦμεν.
2646 4213 2775 4265 Ὅτε
2816 4211 2873 4264 δὲ
2908 4205 3039 4282 ἦλθε
3087 4209 3147 4261 τδ
3193 4207 3476 4276 πλήρωμα
3523 4204 3641 4258 τοῦ

2032 4305 2245 4377 χρόνου,
2290 4303 2668 4370 ἐξαπέστειλεν
2713 4303 2742 4353 6
2780 4301 2912 4365 Θεὸς
2940 4300 3031 4354 τὸν
3078 4299 3203 4353 Υἱὴν
3236 4296 3405 4353 αὐτοῦ
3460 4297 3645 4365 γενό-

358 4398 515 4465 liere,
545 4398 744 4454 factum
775 4402 874 4455 sub
908 4401 1044 4468 lege,
1076 4411 1134 4456 ut
1175 4416 1272 4458 eos
1315 4402 1408 4470 qui
1450 4405 1549 4459 sub
1576 4403 1692 4475 lege
1749 4415 1925 4473 erant,

2044 4412 2197 4466 μενον
2237 4397 2302 4450 ἐκ
2334 4393 2620 4463 γυναικὸς,
2654 4392 2944 4463 γενόμενον
2991 4391 3096 4445 ὑπὸ
3133 4391 3317 4461 νόμον,
3364 4389 3458 4441 ἵνα
3490 4390 3645 4451 τοὺς

357 4488 669 4551 redimeret,
698 4497 759 4543 ut
795 4489 1134 4557 adoptionem
1168 4489 1395 4544 liliorum
1430 4491 1793 4560 reciperemus
1815 4494 1856 4546 '.
1898 4511 1918 4545 ι

2044 4488 2128 4541 υπὸ
2166 4486 2329 4558 νόμον
2366 4484 2694 4557 ἐξαγοράσῃ,
2728 4486 2815 4538 ἵνα
2847 4484 2947 4555 τὴν
2995 4482 3267 4536 υἱοθεσίαν
3318 4480 3650 4534 ἀπολάεωο

357 4578 555 4648 Quem,
575 4593 777 4649 quteso,
805 4579 947 4635 Deus
978 4576 1142 4634 Pater
1164 4595 1228 4634 ex
1259 4580 1483 4639 muliere
1524 4590 1704 4637 ortum
1735 4594 1789 4637 et
1823 4583 1924 4640 sub

2044 4595 2146 4633 ιεν.
2172 4596 2190 4629 ι
2236 4577 2373 4630 Τίνα
2405 4576 2695 4646 πέπομφεν
2724 4577 2752 4629 6
2787 4574 2921 4638 Θεὸς
2939 4575 3043 4626 ’καὶ
3073 4572 3282 4643 Πατὴρ,
3306 4569 3367 4633 ὃς
3386 4570 3650 4638 γέγονεν

358 4669 478 4742 lege
532 4670 733 4725 factum
776 4669 955 4725 misit?
992 4669 1185 4726 Annon
1243 4684 1480 4742 congrue
1546 4673 1924 4742 respondetur,

2044 4688 2088 4725 ιιι
2132 4668 2422 4739 γυναικὸς,
2467 4666 2661 4737 γέγονε
2700 4666 2757 4721 δέ
2797 4667 2891 4720 καὶ
2936 4665 3042 4718 ὑπὸ
3083 4665 3276 4734 νόμονς
3305 4657 3462 4730 *Αρα
3497 4664 3653 4732 οὐχὶ

358 4754 629 4829 digneque
655 4757 945 4826 cogitatur,
972 4771 1094 4811 eum
1122 4756 1357 4822 misisse,
1383 4758 1471 4828 qui
1504 4772 1678 4828 neque
1699 4771 1763 4814 ex
1806 4774 1926 4813 tnu-

2044 4759 2193 4830 ράναι
2216 4748 2593 4829 πρέπει,’καί
2647 4759 2917 4829 περινοεῖν
2964 4754 3151 4819 ἄξιον,
3194 4753 3278 4806 ὅτι
3322 4751 3652 4821 πέπομφεν

357 4844 491 4902 liere
527 4854 701 4906 ortus.
731 4860 830 4902 nec
877 4843 977 4917 legi
1009 4846 1184 4901 factus
1236 4854 1380 4902 esset
1419 4846 1707 4915 obnoxius,
1727 4848 1829 4903 nisi
1873 4847 1925 4902 id

2044 4850 2254 4910 ἐκεῖνον,
2278 4847 2336 4911 ὃς
2361 4848 2462 4899 οὐκ
2484 4845 2549 4902 ἂν
2576 4845 2801 4915 γέγονεν
2825 4848 2887 4899 ἐκ
2914 4842 3190 4912 γυναικὸς,
3215 4840 3325 4893 οὐδ’
3347 4837 3420 4893 ἂν
3447 4841 3657 4911 Eupa-

356 4951 482 4996 esse
503 4953 609 4994 non
630 4937 923 5001 desineret,
950 4937 1092 5008 quod
1124 4947 1250 4993 ante
1280 4952 1497 4994 carnem
1528 4947 1583 4995 et
1602 4940 1921 5011 sanguinem

2044 4940 2117 5005 Ξεν
2145 4938 2251 4993 ὑπὸ
2280 4938 2466 5009 νόμον,
2493 4939 2543 4991 εἰ
2583 4937 2658 5009 μὴ
2695 4935 3005 5008 μεμένηκεν
3032 4936 3165 5005 ὅπερ
3197 4928 3285 5004 ἦν,
3319 4930 3432 4996 ἔξω
3459 4932 3647 5000 δηλομ

358 5038 671 5099 susceptum
696 5028 851 5085 erat?
884 5027 991 5083 Res
1021 5028 1176 5098 plana
1207 5038 1328 5085 est:
1364 5028 1562 5085 etenim
1610 5028 1703 5092 Dei
1750 5028 1928 5084 Patris

2044 5031 2141 5083 νότι
2180 5028 2382 5102 σαρκὸς
2409 5029 2504 5082 καὶ
2534 5028 2796 5099 uiua-rec;
2838 5026 2979 5080 Ἀλλ’
3000 5025 3114 5078 ἐστι
3146 5022 3325 5094 σαφὴς
3354 5023 3385 5075 6
3414 5023 3609 5089 λόγος
3630 5043 3648 5055 ο

358 5114 596 5174 Verbum
626 5119 920 5175 secundum
949 5134 1167 5175 carnem
1197 5130 1379 5175 natum
1431 5128 1516 5175 est
1555 5134 1622 5175 ex
1664 5121 1923 5185 muliere;

2044 5124 2053 5172 ι
2081 5120 2190 5192 γὰρ
2226 5123 2291 5174 ἐκ
2335 5119 2471 5173 Θεοῦ
2522 5118 2733 5190 Πατρδς
2766 5117 2938 5186 Λόγος
2969 5116 3191 5186 γέγονεν
3222 5116 3301 5167 -ἐκ
3346 5115 3653 5182 γυναικὸς

358 5209 451 5267 ille
467 5224 682 5267 rursum
718 5210 808 5282 qui
836 5211 1232 5283 utDeus,iegis
1281 5221 1398 5266 erat
1436 5210 1718 5278 Dominus,
1752 5210 1927 5265 factus

2044 5211 2168 5265 ιατά
2202 5212 2379 5282 σάρκα
2401 5226 2413 5238 ·
2452 5212 2481 5264 6
2507 5207 2600 5262 τοῦ
2632 5208 2794 5279 νόμου
2833 5206 3036 5278 Κύριος
3079 5206 3154 5271 ὡς
3198 5205 3354 5270 Θεὸς,
3384 5207 3662 5275 γέγονεν

423 5364 511 5420 ’⁸1
539 5365 667 5423 Cor.
698 5382 813 5435 vui,
846 5366 900 5422 9.
975 5370 1021 5402 ”
1051 5371 1068 5426 I
1093 5369 1218 5425 Cor.
1255 5384 1326 5436 tv,
1355 5369 1408 5423 7.
1490 5368 1708 5424 ‘Galat.
1738 5384 1776 5433 ι,
1809 5370 1859 5423 t.
1937 5370 1956 5401 ²
1979 5367 2155 5423 Galat.
2190 5382 2260 5433 tv,
2288 5366 2342 5421 '5.

1410 5529 1584 5585 Varia:
1612 5529 1874 5586 lectiones
1901 5528 2102 5584 codicis
2134 5527 2493 5599 Seguieriani.

424 5670 460 5716 ν
478 5664 569 5719 ὑπ’
595 5664 820 5736 οὐρανόν
