3910 6200
316 332 452 388 1505

1405 333 1495 389 DE
1534 334 1758 392 RECTA
1802 336 1961 394 FIDE
2000 339 2091 393 AD
2131 340 2451 396 REGINAS.

3426 344 3563 398 1506

304 447 413 503 ὐπὸ
439 446 623 517 νόμον,
648 445 734 498 ἵνα
761 445 986 515 γένηται
1017 448 1112 502 καὶ
1140 447 1366 516 ἁδελφὸς
1392 451 1504 513 τοῖς
1542 450 1648 504 ὑπὸ
1678 450 1861 519 νόμον]

1983 465 2065 506 est
2089 452 2189 517 legi
2218 453 2513 522 subjectus,
2528 454 2864 523 quoillorum
2892 456 3114 511 fratrem
3150 470 3209 511 se
3264 455 3564 512 declararet

303 541 449 595 οὕτω
478 540 587 610 γὰρ
614 536 957 608 ἀπελάϐομεν
986 542 1149 611 ἡμεῖς
1178 540 1274 611 τὴν
1313 541 1606 596 υἱοθεσίαν.
1636 543 1800 595 Ὥστε
1828 545 1877 595 εί

305 632 384 702 μὴ
413 631 634 700 γέγονεν
661 632 767 685 ὑπὸ
804 631 966 701 νόμον
990 632 1083 684 καὶ
1114 633 1177 684 ἐκ
1203 632 1476 695 γυναικὸς,
1508 634 1616 685 οὐδ’
1641 631 1703 685 ἂν
1734 628 1877 703 ἦμεν

302 722 520 791 ἀδελφοὶ
558 723 635 793 τῷ
664 724 803 777 κατὰ
831 722 991 791 φύσιν
1023 722 1213 792 Κυρίῳ
1244 721 1320 791 τῷ
1350 722 1467 792 Θεῷ
1490 732 1535 778 ³.
1575 722 1794 791 Ἐπειδὴ
1818 723 1877 776 δὲ

302 814 491 884 γέγονε
525 814 591 869 δι’
630 814 793 868 αὐτοῦ
822 815 883 866 τὸ
927 814 1150 883 χρῆμα,
1200 813 1675 884 πεπλουτήκαμεν.
1714 813 1877 867 Ἀπόκ-

298 903 464 968 δειξιν
496 905 554 958 δὲ
591 907 824 957 ποιεῖται
862 904 1005 971 σαφῆ
1040 902 1134 955 τοῦ
1171 903 1493 973 πράγματος
1522 906 1550 956 ὀ
1593 904 1877 967 Θεσπέσιος

1985 543 2074 610 qui
2126 542 2261 611 legis
2327 542 2544 595 vinculo
2605 544 2922 597 tenebantur
2972 545 3225 599 astricti:
3267 545 3370 599 hac
3453 561 3558 599 una

1988 649 2225 703 namque
2259 636 2467 689 ratione
2516 636 2569 688 in
2630 636 2767 689 lilios
2824 638 3058 702 cooptati
3098 652 3314 691 sumus.
3337 636 3557 691 Certum

1983 730 2062 776 est
2092 727 2257 781 enim.
2279 724 2323 777 si
2366 723 2411 777 is
2454 724 2554 792 legi
2597 724 2863 778 obnoxius
2897 724 3074 780 factus
3127 742 3230 779 non
3264 735 3430 789 esset,
3464 735 3559 779 aut

1982 823 2160 867 ortum
2191 829 2257 868 ex
2285 815 2510 870 muliere
2560 832 2668 871 non
2725 818 3001 879 traxisset,
3029 833 3127 872 nos
3154 817 3299 870 illius
3357 816 3555 869 fratres

1977 911 2207 964 evadere
2231 925 2333 964 non
2366 912 2624 979 potuisse,
2658 912 2748 979 qui
2795 912 3098 965 secundum
3132 920 3379 966 naturam
3414 910 3556 963 Deus

299 992 531 1058 Παῦλος,
555 988 1060 1064 προσ[επ]ενεγκὼν
1084 991 1263 1054 εὐθὺς·
1301 1011 1319 1042 t
1352 992 1475 1044 Ὅτι
1509 991 1567 1044 δέ
1594 993 1714 1044 ἐστε
1739 994 1861 1059 υἱοὶ,

1973 1009 2029 1055 et
2054 1000 2313 1056 Dominus
2354 1012 2473 1056 est:
2506 1002 2629 1070 quia
2685 1017 2817 1056 vero
2864 1013 3156 1069 utrumque
3202 1000 3423 1054 ell'ectus
3447 1009 3551 1065 eet,

295 1082 677 1147 ἐξαπέστειλεν
703 1083 732 1133 ὁ
760 1080 890 1144 Θεὸς
926 1078 1244 1152 τὸΠνεῦμα
1284 1078 1377 1133 τοῦ
1412 1079 1540 1134 Υίοῦ
1580 1080 1747 1133 αὑτοῦ
1792 1084 1861 1145 είς

1976 1106 2073 1146 nos
2098 1107 2310 1161 quoque
2341 1107 2436 1162 per
2487 1094 2661 1162 ipsum
2706 1095 2806 1147 hac
2840 1103 2986 1148 tanta
3044 1107 3102 1147 re
3135 1092 3289 1161 potiti
3340 1107 3549 1147 sumus.

294 1172 390 1237 τὰς
425 1172 653 1242 καρδίας
688 1172 860 1242 ὑμῶν,
907 1171 1132 1240 κράζον·
1178 1170 1363 1235 Ἀϐϐᾶ,
1394 1174 1423 1225 ὁ
1450 1173 1660 1241 Πατήρ.
1690 1191 1708 1224 ο
1749 1172 1861 1236 Πῶς

1976 1182 2153 1250 Atque
2204 1182 2361 1251 hujus
2399 1176 2701 1239 evidentem
2759 1185 3278 1238 demonstrationem
3326 1182 3553 1245 habent,

295 1257 390 1317 οὖν
416 1262 636 1333 πνεῦμα
664 1262 757 1315 τοῦ
791 1264 856 1314 ὲκ
885 1261 1138 1329 γυναικὸς
1164 1262 1258 1314 καὶ
1307 1261 1411 1315 ὑπὸ
1438 1261 1620 1332 νόμον,
1638 1262 1697 1314 τὸ
1714 1261 1861 1331 ἅγιόν

1975 1288 2096 1342 quae
2133 1274 2321 1328 beatus
2350 1275 2642 1343 Apostolus
2664 1277 2845 1328 statim
2868 1275 2941 1328 ibi
2960 1273 3235 1341 adiungit;
3268 1273 3345 1327 ait
3369 1272 3549 1325 enini:

292 1358 412 1411 ἐστι
451 1356 695 1427 Πνεῦμα,
728 1355 794 1409 δι’
820 1349 882 1409 οὗ
910 1356 1005 1408 καὶ
1032 1353 1336 1424 κράζομεν,
1382 1353 1571 1418 Ἀϐϐά,
1598 1355 1628 1407 ὸ
1659 1355 1861 1426 Πατὴρ,

1983 1382 2003 1415 i
2038 1362 2303 1429 Quoniam
2359 1375 2539 1419 autem
2583 1367 2716 1418 estis
2748 1366 2860 1430 ﬁlii,
2902 1366 3050 1420 misit
3106 1365 3243 1421 Deus
3289 1363 3549 1432 Spiritum

293 1449 343 1501 εἰ
371 1448 447 1517 μὴ
475 1446 605 1508 Θεὸς
631 1447 659 1501 ὁ
693 1447 944 1517 Χριστὸς,
978 1439 1059 1507 εἷς
1090 1444 1185 1506 ὢν,
1214 1444 1308 1497 καὶ
1341 1444 1501 1507 Υίόςς

1977 1447 2098 1503 Filii
2148 1452 2230 1504 sui
2279 1452 2330 1505 in
2378 1454 2542 1507 corda
2580 1465 2784 1517 vestra,
2820 1455 3168 1517 clamantem,
3217 1453 3389 1512 Ahha.
3446 1450 3549 1503 Pa-

298 1546 375 1588 ter
395 1534 438 1588 ⁸.
486 1552 504 1585 ι
538 1533 654 1588 Jam
680 1537 951 1603 quomodo
976 1534 1118 1587 illius
1154 1533 1400 1600 spiritus,
1433 1533 1525 1601 qui
1551 1548 1614 1587 ex
1642 1534 1868 1588 muliere
1908 1545 2066 1594 natus
2090 1550 2194 1603 est,
2228 1553 2284 1594 et
2314 1541 2416 1595 sub
2468 1542 2584 1613 lege
2641 1543 2815 1597 factus
2864 1554 2968 1609 est,
3033 1555 3249 1597 sanctus
3314 1540 3548 1609 Spiritus

291 1634 398 1692 est,
440 1641 538 1696 per
586 1640 744 1697 quem
788 1625 953 1679 etiam
999 1624 1322 1685 clamamus,
1366 1625 1540 1711 Abba,
1588 1626 1783 1679 Pater:
1817 1627 1861 1680 si
1902 1628 2150 1685 Christus
2178 1631 2415 1695 Deus,et
2468 1649 2631 1696 unus,
2693 1646 2744 1688 ei
2785 1634 2957 1688 Filius
2991 1648 3095 1686 non
3129 1633 3255 1686 est?

690 1743 786 1795 Ἐκ
822 1740 929 1809 τῆς
958 1742 1107 1810 πρὸς
1147 1742 1479 1811 Ἐφεσίους.

369 1873 390 1906 σ
422 1848 518 1919 Εἷς
549 1854 771 1927 Κύριος,
814 1855 912 1925 μία
947 1855 1150 1919 πίστις,
1181 1854 1238 1907 ἓν
1274 1855 1588 1926 βάπτισμα·
1621 1849 1700 1919 εἷς
1733 1854 1867 1918 Θεὸς

291 1946 388 2002 καὶ
416 1948 607 2017 Πατὴρ
646 1948 881 2009 πάντων,
929 1948 1022 1999 καὶ
1065 1947 1153 2000 διὰ
1193 1949 1409 2001 πάντων
1450 1947 1542 2001 καὶ
1585 1950 1643 2000 ὲν
1674 1949 1862 2002 πᾶσιν.

298 2038 416 2092 Ἑνὶ
446 2038 502 2092 δὲ
536 2038 749 2106 ἑκάστῳ
794 2037 951 2107 ἡμῶν
985 2037 1139 2109 ἐδόθη
1178 2040 1211 2109 ἡ
1254 2039 1414 2109 χάρις
1459 2038 1598 2108 αὕτη
1631 2038 1771 2091 κατὰ
1804 2038 1866 2091 τὸ

292 2129 491 2201 μέτρον
515 2129 613 2199 τῆς
636 2129 845 2199 δωρεᾶς
873 2129 965 2183 τοῦ
997 2131 1253 2201 Χριστοῦ.
1281 2133 1371 2184 Διὸ
1408 2131 1553 2199 λέγει
1574 2147 1587 2161 ·
1634 2131 1866 2195 Ἀναϐὰς

290 2222 372 2285 είς
415 2219 584 2290 ὕψος,
628 2220 1054 2291 ᾐχμαλώτευσεν
1103 2222 1501 2291 αἰχμαλωσίαν,
1548 2221 1643 2273 καὶ⁵
1697 2220 1863 2273 ἔδωκε

287 2312 501 2382 δόματα
525 2315 638 2375 τοῖς
662 2311 987 2382 ἀνθρώποις.
1015 2311 1088 2364 Τὸ
1114 2312 1191 2375 δὲ,
1209 2312 1414 2377 ἀνέϐη,
1444 2312 1496 2365 τί
1522 2312 1690 2374 ἐστιν,
1708 2312 1756 2363 εί
1790 2310 1865 2380 μὴ

287 2402 372 2454 ὅτι
405 2401 502 2472 καί
531 2400 735 2470 κατέϐη
764 2404 842 2464 είς
876 2400 945 2454 τὰ
988 2402 1279 2455 κατώτατα
1327 2402 1468 2471 μέρη
1497 2401 1599 2469 τῆς
1630 2400 1764 2469 γῆς;
1805 2401 1863 2453 Ὀ

289 2491 550 2555 καταϐὰς,
576 2491 734 2551 αὐτός
764 2492 880 2544 ἐστι
920 2493 1012 2544 καὶ
1037 2493 1065 2544 ὁ
1108 2490 1315 2551 ἀναϐὰς
1358 2491 1615 2557 ὑπεράνω
1647 2490 1863 2543 πάντων

287 2581 395 2632 τῶν
416 2578 677 2650 οὐρανῶν,
706 2579 794 2632 ἵνα
817 2578 1080 2651 πληρώσῃ
1107 2580 1175 2633 τὰ
1202 2579 1398 2631 πάντα.
1424 2597 1442 2629 ι
1467 2578 1656 2650 Ἀορει
1676 2580 1738 2649 δή
1772 2595 1862 2650 μοι

287 2672 472 2730 πάλιν,
497 2672 621 2735 ὅσος
655 2674 712 2725 ἐν
753 2670 921 2741 τούτῳ
954 2672 1108 2738 λόγος
1152 2670 1464 2739 σαφέστατά
1490 2687 1549 2722 τε
1585 2671 1676 2723 καὶ
1706 2671 1864 2740 ἐναρ-

286 2764 400 2834 γῶς
442 2764 760 2832 ἀποφαίνει,
811 2762 964 2825 εἰδὼς
1006 2763 1101 2817 καὶ
1150 2762 1477 2833 δυνάμενος,
1512 2763 1593 2819 ὅτι
1629 2761 1863 2831 Χριστὸς

288 2855 491 2926 Κύριος
527 2850 637 2921 εἷς,
666 2856 789 2909 καθ’
815 2855 1010 2908 ἕνωσιν
1047 2854 1397 2926 οἰκονομικὴν
1447 2854 1861 2926 συνενεχθέντος

286 2944 384 2998 τοῦ
422 2945 598 3013 Λόγου
639 2945 776 3013 πρὸς
805 2944 866 2997 τὸ
899 2942 1269 3015 ἀνθρώπινον·
1300 2937 1381 3006 εἷς
1413 2931 1522 3014 γὰρ
1566 2943 1624 3009 ἐξ
1658 2943 1862 3014 ἀμφοῖν

284 3036 416 3099 Υἱὸς
462 3036 684 3104 ἀληθής.
727 3036 879 3088 Ἐπεὶ
918 3034 1035 3098 πῶς
1082 3028 1162 3097 εἷς
1204 3033 1447 3106 Κύριοςς
1500 3033 1619 3096 πῶς
1667 3035 1723 3088 δὲ
1763 3036 1861 3105 μία

284 3126 503 3191 πίστις;
544 3127 576 3197 ἢ
612 3126 730 3190 πῶς
774 3126 832 3179 ’ἐν
875 3129 992 3178 ἐστι
1034 3125 1096 3180 τὸ
1138 3124 1459 3196 βάπτισμα;
1509 3127 1572 3178 Ei
1611 3127 1717 3196 γὰρ
1752 3128 1861 3180 υἱοὶ

285 3218 398 3283 δύο,
424 3217 517 3271 δύο
545 3218 763 3281 πάντως
788 3219 883 3271 καὶ
913 3217 1121 3288 κύριοι·
1169 3217 1321 3288 διττὴ
1348 3219 1442 3270 καὶ
1469 3220 1500 3289 ἠ
1530 3217 1733 3283 πίστις,
1765 3220 1858 3272 καὶ

282 3308 383 3379 οὐχ
414 3309 472 3362 ἓν
499 3311 617 3363 ἐστι
646 3310 706 3362 τὸ
737 3310 1037 3379 βάπτισμα.
1065 3309 1159 3371 Et;
1188 3309 1311 3362 τινα
1343 3310 1453 3379 γὰρ
1482 3310 1854 3366 πεπιστεύκα-

287 3417 422 3472 μενς
463 3400 495 3472 ἢ
539 3402 621 3465 είς
661 3401 808 3465 τίνος
853 3400 1521 3471 6νομα’βε6απτίσμεθα;
1559 3403 1718 3457 Ἀλλά
1755 3403 1862 3473 μὴν

285 3487 367 3556 εἷς
413 3492 636 3563 Κύριος,
674 3492 773 3561 μία
803 3491 1007 3555 πίστις,
1036 3489 1095 3543 ἓν
1125 3491 1406 3564 βάπτισμα
1426 3508 1439 3521 ·
1472 3493 1735 3564 πρόδηλον
1765 3490 1860 3548 οὖν

282 3582 394 3653 ἄρα
419 3582 502 3635 ὅτι
538 3581 633 3635 καὶ
659 3576 741 3643 εἷς
778 3582 924 3645 Υἱὸς,
953 3582 1053 3634 κᾶν
1082 3583 1132 3633 εἰ
1166 3585 1337 3635 νοοῖτο
1368 3582 1491 3636 καθῗ
1521 3583 1668 3652 ἡμᾶς
1697 3599 1857 3652 γεγο-

283 3672 390 3736 νὼς
413 3675 442 3727 ὁ
472 3655 802 3741 Μῆνογενής.
834 3672 930 3734 Τίς
956 3671 1013 3724 δι
1049 3671 1187 3735 ὅλως
1211 3674 1239 3725 ὁ
1276 3672 1481 3734 ἀναϐὰς
1509 3673 1589 3735 εις
1628 3672 1791 3741 item;
1822 3672 1855 3744 ἢ

282 3764 368 3828 τίς
390 3764 421 3816 ὁ
444 3760 722 3817 κατελθὼν
745 3763 824 3821 είς
848 3762 916 3815 τά
941 3761 1225 3832 κατώτερα
1256 3762 1395 3833 μέρη
1426 3761 1523 3830 τῆς
1550 3761 1688 3831 γῆς;
1718 3762 1859 3815 Οὐκ-

282 3856 380 3909 οῦν
404 3855 565 3918 αὐτὸς
590 3854 793 3925 κατέϐη
828 3854 925 3924 μὲν
951 3852 1308 3924 ἀνθρωπίνως
1326 3868 1340 3883 ο
1368 3851 1575 3922 καθῆκε
1603 3851 1712 3923 γὰρ
1738 3852 1861 3905 ἑαυ-

282 3947 377 4000 τὸν
395 3948 476 4010 εἰς
497 3946 748 4012 κένωσιν,
780 3944 874 3998 καὶ
901 3941 1286 4004 τεταπείνωκε,
1315 3942 1601 4012 γενόμενος
1622 3944 1859 4013 ὑπήκοος

286 4035 450 4106 μέχρι
477 4034 732 4088 θανάτου·
762 4031 929 4103 ἀνέϐη
956 4031 1013 4083 δὲ
1046 4030 1183 4100 μετὰ
1208 4030 1411 4099 σαρκὸς
1437 4026 1691 4100 ὑπεράνω
1721 4029 1858 4082 πάν-

282 4143 392 4181 των
418 4126 526 4180 τῶν
552 4124 815 4196 οὐρανῶν,
848 4124 934 4176 ἴνα
965 4122 1229 4192 πληρώσῃ
1259 4120 1328 4174 τὰ
1359 4121 1559 4174 πάντα.

2386 1747 2467 1801 Ea:
2506 1749 2743 1819 Epistula
2769 1752 2839 1803 ad
2874 1749 3147 1823 Ephesios.

2054 1877 2070 1908 ι
2106 1857 2256 1913 Unus
2299 1860 2577 1926 Dominus,
2636 1876 2739 1913 una
2805 1861 2958 1925 ﬁdes,
3012 1875 3176 1913 unum
3233 1858 3543 1926 baptisma:

1974 1964 2109 2000 unus
2143 1950 2281 2005 Deus
2311 1961 2363 2004 et
2389 1952 2547 2005 i’ater
2572 1952 2835 2015 omnium,
2869 1953 2960 2019 qui
2995 1961 3077 2005 est
3128 1964 3292 2015 Super
3329 1962 3545 2013 omnes,

1972 2051 2025 2093 et
2050 2056 2144 2107 per
2169 2042 2442 2103 omnia,et
2476 2045 2527 2096 in
2566 2045 2834 2097 omnibus.
2875 2042 3179 2110 Unicuique
3222 2051 3402 2095 autem
3445 2053 3545 2092 no-

1971 2138 2142 2184 strum
2175 2132 2300 2187 data
2332 2144 2417 2186 est
2450 2136 2623 2200 gratia
2663 2136 2957 2188 secundum
3009 2148 3317 2186 mensuram
3372 2130 3536 2182 dona-

1974 2220 2136 2276 tionis
2180 2221 2406 2277 Christi.
2450 2224 2680 2294 Propter
2722 2226 2866 2295 quod
2910 2225 3040 2278 dicit
3077 2241 3092 2276 :
3124 2223 3437 2277 Ascendeus
3488 2219 3545 2273 in

1971 2313 2134 2365 altum
2166 2314 2429 2381 captivam
2477 2316 2628 2368 duxit
2673 2312 3067 2383 captivitatem,
3091 2315 3239 2369 dedit
3282 2314 3419 2367 dona
3448 2311 3546 2364 ho-

1974 2406 2225 2458 minibus.
2257 2404 2412 2470 Quod
2468 2415 2645 2475 autem
2680 2407 2943 2472 ascendit,
2979 2407 3109 2475 quid
3141 2415 3249 2467 est,
3280 2404 3383 2458 nisi
3415 2401 3539 2471 quia

1969 2506 2023 2548 et
2053 2496 2331 2549 descendit
2387 2470 2617 2564 priinnm
2661 2496 2727 2548 ad
2774 2497 3059 2550 inferiores
3109 2494 3293 2563 partes
3347 2492 3545 2546 terra)?

1970 2586 2383 2654 Quidesccndit,
2420 2589 2536 2655 ipse
2565 2597 2648 2642 est
2676 2599 2725 2641 et
2757 2589 2845 2657 qui
2880 2588 3125 2641 ascendit
3158 2601 3322 2655 super
3351 2599 3543 2639 omnes

1970 2675 2153 2741 cmlos,
2203 2683 2258 2728 ut
2312 2675 2559 2743 impleret
2598 2678 2778 2731 omnia
2803 2680 2845 2731 ⁸.
2877 2696 2895 2728 ι
2948 2676 3024 2731 En
3066 2688 3267 2755 quanta
3322 2689 3541 2729 rursum

1967 2762 2214 2817 claritate
2236 2774 2288 2819 et
2344 2767 2614 2820 evidentia
2678 2767 3005 2837 apostolicus
3056 2783 3238 2822 sermo
3279 2769 3382 2821 hoc
3421 2766 3542 2820 loco

1968 2854 2234 2913 ostendat,
2278 2851 2451 2909 Verbo
2494 2870 2589 2923 per
2621 2857 3071 2925 dispensatorinm
3123 2858 3375 2909 unionem
3418 2873 3541 2909 cum

1969 2941 2199 2996 humana
2250 2956 2439 2997 natura
2486 2954 2733 3009 coeunte,
2771 2961 2933 2998 unum
2988 2955 3194 2999 tantum
3227 2960 3347 2999 esse
3380 2944 3544 2999 Chri-

1968 3039 2127 3096 stum,
2156 3047 2317 3084 unum
2373 3047 2494 3086 esse
2552 3033 2834 3087 Dominum
2859 3050 2873 3093 :
2900 3045 3061 3103 atque
3098 3036 3234 3087 adeo
3276 3051 3441 3087 unum
3472 3051 3538 3088 et
3603 3081 3612 3089 .

1965 3134 2193 3191 utroque
2220 3136 2342 3176 esse
2400 3124 2598 3188 solum,
2633 3139 2818 3177 verum
2870 3126 3280 3193 naturalemque
3318 3124 3537 3178 Filium.

1963 3210 2098 3265 Nam
2134 3214 2399 3279 quomodo
2426 3228 2563 3267 unus
2620 3214 2895 3280 Dominus,
2934 3223 3027 3267 aut
3052 3229 3157 3268 una
3192 3214 3345 3277 ﬁdes,
3378 3214 3542 3284 108

1960 3315 2053 3359 aut
2076 3321 2240 3358 unum
2272 3305 2576 3373 baptisma?
2606 3304 2662 3359 Si
2692 3308 2837 3359 enim
2883 3308 2989 3360 duo
3018 3318 3142 3361 sunt
3167 3305 3283 3370 lilii,
3314 3307 3423 3383 duo
3446 3322 3543 3362 ne-

1969 3394 2210 3448 cessario
2233 3403 2394 3447 erunt
2438 3395 2670 3460 Domini,
2696 3403 2751 3449 et
2798 3395 2992 3463 duplex
3049 3411 3262 3450 rursum
3299 3396 3455 3461 ﬁdes,
3484 3403 3540 3449 et

1967 3487 2157 3554 duplex
2198 3474 2410 3539 tandem
2440 3488 2729 3556 baptisma;
2755 3488 2808 3539 In
2832 3502 2989 3556 quem
3009 3486 3153 3540 enim
3185 3486 3536 3548 credidimus,

1963 3588 2053 3629 aut
2087 3578 2136 3631 in
2177 3578 2332 3647 Cujus
2359 3579 2580 3631 nomine
2635 3578 2896 3648 baptizati
2950 3580 3179 3632 sumus?
3204 3577 3366 3645 Atqui
3402 3592 3539 3630 unus

1967 3677 2172 3721 tantum
2221 3680 2305 3723 est
2362 3669 2645 3734 Dominus,
2696 3687 2800 3724 una
2854 3671 3006 3736 ﬁdes,
3036 3686 3199 3724 unum
3249 3671 3534 3737 baptisma.

1963 3758 2310 3828 Perspicuum
2341 3760 2396 3813 (lt
2425 3777 2555 3829 ergo
2586 3778 2749 3814 unum
2767 3762 2937 3815 solum
2955 3775 3073 3815 esse
3095 3760 3308 3821 Filium,
3329 3760 3533 3812 etiam-

1963 3850 2008 3904 si
2051 3848 2367 3918 Unigenitus
2401 3851 2689 3904 humanam
2749 3852 3016 3920 originem
3065 3852 3289 3919 perinde
3327 3864 3391 3901 ac
3440 3864 3538 3901 nos

1964 3949 2220 4007 expertus
2247 3939 2340 3992 sit.
2372 3938 2604 3992 Rursum
2651 3940 2967 4008 ecquisnam
2997 3939 3085 3992 ille
3106 3949 3211 4002 est,
3238 3939 3328 4007 qui
3363 3938 3445 3991 vel
3482 3939 3534 3991 in

1964 4030 2132 4082 altum
2167 4031 2436 4096 ascendit,
2473 4031 2555 4085 vel
2588 4032 2653 4084 ad
2689 4031 2975 4086 inferiores
3003 4040 3162 4086 terra:
3204 4040 3387 4099 partes
3435 4032 3531 4084 de-

1966 4119 2211 4174 scendit?
2248 4120 2344 4174 llic
2368 4121 2483 4188 ipse
2532 4123 2693 4192 igitur
2719 4123 3016 4177 secundum
3052 4124 3338 4177 humanam
3373 4130 3536 4176 natu-

285 4232 401 4273 rain
450 4216 749 4277 descendit,
784 4228 1013 4282 seseque
1047 4212 1113 4263 ad
1147 4211 1572 4265 exinanitionem
1616 4210 1841 4275 dimisit,
1882 4224 1947 4264 ac
1980 4209 2303 4272 humiliavit,
2377 4210 2550 4265 factus
2608 4212 2870 4269 obedicns
2941 4226 3112 4282 usque
3161 4212 3228 4265 ad
3282 4222 3532 4266 mortem.

283 4308 543 4365 Ascendit
567 4316 747 4360 autem
777 4319 943 4357 carne
999 4302 1217 4355 indutus
1247 4314 1408 4367 super
1436 4314 1625 4354 omnes
1660 4300 1852 4364 caelos,
1898 4310 1955 4352 ut
2001 4298 2219 4366 impleat
2248 4302 2451 4355 omnia.

609 4418 704 4471 Ἕκ
743 4417 854 4486 τῆς
890 4416 1041 4486 πρὸς
1072 4413 1542 4483 Φιλιππησίους.

354 4535 650 4595 Ἕκαστος(
663 4531 818 4595 τοῦτο
838 4530 1140 4603 φρονείσοω
1160 4531 1216 4584 ἐν
1234 4528 1383 4599 ὑμῖν,
1404 4527 1430 4581 ὃ
1448 4527 1541 4581 καὶ
1563 4527 1618 4581 ἐν
1637 4525 1857 4597 Χριστῷ

295 4618 499 4695 ἰησοῦ-
528 4623 585 4686 ὃς
621 4624 679 4676 ὲν
721 4624 901 4692 μορφῇ
949 4620 1083 4674 Θεοῦ
1120 4620 1398 4689 ὑπάρχων,
1429 4618 1527 4687 οὐχ
1563 4617 1855 4687 ἁρπαγμὸν

284 4714 530 4786 ἡγήσατο
567 4711 629 4766 τὸ
676 4709 815 4766 εἶναι
862 4713 952 4764 ῐσα
997 4711 1151 4782 Θεῷ·
1198 4710 1314 4764 ἀλλ’
1355 4711 1544 4763 ἑαυτὸν
1594 4709 1851 4774 ὲκένωσε,

285 4804 500 4877 μορφὴν
524 4804 712 4861 δούλου
742 4801 944 4865 λαϐὼν,
986 4802 1044 4853 ὲν
1089 4803 1394 4871 ὁμοιώματι
1425 4799 1726 4872 ἀνθρώπων
1760 4815 1855 4868 γε-

282 4894 527 4965 νόμενος,
553 4893 652 4947 καὶ
695 4892 932 4963 σχήματι
978 4888 1220 4960 εὑρεθεὶς
1260 4888 1336 4951 ὡς
1378 4889 1696 4959 ἄνθρωπος·
1730 4891 1855 4941 ἐτα-

281 4983 547 5038 πείνωσεν
573 4984 785 5048 ἑαυτὸν,
816 4980 1105 5051 γενόμενος
1134 4979 1373 5049 ὑπήκοος
1406 4979 1568 5050 μέχρι
1597 4979 1854 5045 Θανάτου,

281 5074 518 5130 θανάτου
556 5074 611 5128 δὲ
657 5071 911 5144 σταυροῦ.
947 5070 1037 5123 Διὸ
1080 5070 1175 5123 καὶ
1211 5070 1239 5119 ὁ
1272 5067 1402 5130 Θεὸς
1457 5068 1619 5121 αὑτὸν
1680 5070 1853 5139 ὑπερ-

282 5156 492 5232 ύψωσε,
516 5162 920 5238 καὶὲχαρίσατο
942 5158 1088 5230 αὐτῷ
1108 5159 1278 5228 ὄνομα
1292 5156 1351 5209 τὸ
1375 5157 1510 5227 ὑπὲρ
1536 5157 1821 5225 πᾶνὸνομα
1836 5176 1849 5190 ·

283 5252 373 5306 ἴνα
402 5254 459 5306 ὲν
502 5254 575 5324 τῷ
605 5254 827 5323 ὀνόματι
867 5250 1039 5321 Ἰητοῦ
1074 5251 1179 5302 πᾶν
1214 5250 1341 5318 γτςνυ
1384 5247 1577 5317 κάμψῃ
1618 5250 1854 5316 ἐπουρα-

304 5478 307 5481 _
358 5409 380 5443 ³
400 5408 516 5466 Gal.
551 5424 624 5475 iv,
654 5409 713 5465 6.
790 5412 809 5441 ⁸
834 5408 1033 5478 Ephes.
1061 5423 1134 5474 iv,
1163 5406 1309 5463 5-!0.

2334 4410 2419 4466 Ex
2440 4411 2677 4483 Epistula
2701 4417 2769 4468 ad
2800 4415 3181 4485 Pliilippenses.

1970 4519 1974 4523 ⁴
2042 4542 2061 4577 i
2100 4525 2209 4581 Iloc
2259 4527 2401 4580 enim
2442 4527 2640 4583 sentite
2673 4530 2724 4583 in
2779 4530 2950 4596 vobis,
2976 4531 3117 4599 quod
3147 4538 3201 4585 et
3239 4530 3290 4583 in
3321 4529 3538 4584 Christo

1960 4614 2242 4689 Jesu:qui
2290 4635 2412 4673 cum
2468 4621 2522 4675 in
2580 4622 2752 4676 Forma
2808 4622 2900 4677 Dei
2955 4633 3119 4688 esset,
3144 4637 3249 4675 non
3292 4620 3533 4689 rapinam

1961 4708 2256 4765 arbitratus
2297 4724 2381 4767 est
2427 4727 2547 4767 esse
2578 4729 2646 4768 se
2698 4715 2960 4783 aequalem
3018 4714 3151 4777 Deo;
3200 4712 3293 4767 sed
3338 4720 3536 4765 semet-

1959 4801 2133 4869 ipsum
2166 4802 2486 4867 exinanivit,
2513 4802 2741 4855 formam
2789 4804 2931 4857 servi
2971 4802 3267 4870 accipiens,
3298 4800 3349 4854 in
3382 4801 3533 4855 simi-

1956 4882 2238 4944 litudinem
2295 4891 2573 4946 hominum
2610 4892 2807 4957 factus,
2838 4902 2894 4945 et
2954 4892 3136 4945 habitu
3191 4892 3440 4957 inventus
3474 4901 3531 4945 ut

1961 4982 2138 5036 homo.
2164 4981 2478 5051 llumiliavit
2493 4984 2864 5051 semetipsum,
2887 4984 3063 5037 factus
3091 4983 3347 5039 ohediens
3367 4999 3534 5053 usque

1958 5071 2025 5123 ad
2088 5082 2341 5137 mortem,
2374 5082 2602 5127 mortem
2663 5058 2842 5128 autem
2898 5074 3099 5129 crucis.
3132 5073 3360 5144 Propter
3387 5078 3528 5145 quod

1956 5171 2011 5215 et
2043 5162 2181 5217 Deus
2205 5164 2470 5220 cxaltavit
2492 5164 2663 5229 illum,
2700 5175 2753 5219 et
2785 5164 3006 5221 donavit
3044 5166 3116 5221 illi
3163 5183 3356 5222 nomen
3387 5170 3528 5238 quod

1954 5262 2036 5305 est
2061 5268 2225 5322 super
2256 5270 2416 5309 omne
2473 5270 2666 5310 nomen
2705 5275 2719 5310 :
2750 5267 2805 5309 ut
2838 5258 2891 5312 in
2950 5258 3166 5312 nomine
3192 5257 3326 5313 Jesu
3367 5274 3528 5314 omne

1352 5564 1524 5621 Varia:
1565 5567 1821 5625 lectiones
1859 5571 2059 5626 codicis
2086 5571 2441 5641 Seguieriaui.

362 5703 387 5734 ⁸
414 5699 507 5751 καὶ
536 5695 672 5767 Θεῷ.
