3910 6200
360 316 497 372 1507
1337 306 1396 361 S.
1437 301 1715 365 οιιιιιιι
1755 299 1981 356 ALEXA

2089 296 2226 352 RINI
2265 295 2587 352 AllCHIEP.
3009 318 3019 332 -
3465 284 3607 339 1508

362 449 498 506 genu
530 431 776 485 ﬂectatur
799 426 1122 491 cmlestimu,
1151 434 1205 480 et
1243 426 1608 486 terrestrium,
1637 434 1691 477 et
1744 420 1921 476 infer-
1955 430 1981 485 Α

2089 436 2182 483 ων,
2235 418 2333 470 καὶ
2378 416 2657 483 ἐπιγείων,
2710 411 2805 465 καὶ
2851 406 3223 478 καταχθονίων
3247 422 3259 434 ·
3313 406 3408 457 καὶ
3456 404 3613 457 πᾶσι

366 493 592 585 uorum;
626 528 682 573 et
711 516 890 571 omnis
943 515 1120 582 lingua
1152 514 1482 567 confiteatur
1511 512 1635 580 quia
1676 510 1935 564 Dominus

2089 509 2254 560 uinea
2271 506 2754 578 ἐξομολογήσηται,
2779 502 2861 556 ὅτι
2894 499 3101 569 Κύριος
3132 494 3337 566 Ἰησοῦς
3371 493 3614 564 Χριστὸς

366 613 523 670 Jesus
574 610 825 665 Christus
869 607 921 660 in
973 606 1142 675 gloria
1174 614 1257 659 est
1289 605 1381 658 Dei
1415 603 1595 658 Patris
1629 603 1674 657 ⁵.
1707 622 1727 655 ι
1767 601 1934 657 Audis

284 690 296 695 ’
369 707 473 759 hoc
506 701 774 772 quomodo
824 698 1080 762 Verbum,
1112 696 1253 765 quod
1286 697 1339 751 iu
1367 694 1459 749 Dei
1505 694 1673 749 forma
1708 694 1940 748 exsiste-

373 799 483 861 bat,
511 803 564 848 et
616 792 757 846 Deus
791 800 931 854 eral,
985 790 1293 857 neutiquam
1339 786 1580 856 rapinam
1616 786 1937 839 arbitratum

374 886 517 940 dicat
549 896 670 937 esse
709 896 770 936 se
811 880 1070 950 aequalem
1133 878 1279 933 Deo?
1305 876 1584 946 Siquidem
1634 873 1938 929 naturalem

376 1000 496 1039 cum
523 983 632 1037 Deo
679 981 833 1035 Patre
862 978 1226 1046 aequalitatem
1260 976 1532 1038 obtinens,
1559 972 1703 1027 servi
1738 970 1937 1032 forma,

380 1078 479 1131 hoc
506 1084 610 1137 est,
631 1072 864 1127 hominis
888 1080 1077 1123 natura
1101 1075 1369 1136 suscepta,
1389 1066 1735 1133 semetipsum
1756 1063 1944 1117 exina-

381 1164 534 1230 nivit,
586 1163 876 1232 specieque
929 1170 1114 1212 nostra
1161 1171 1227 1211 ae
1280 1153 1637 1209 similitudine
1698 1159 1943 1218 accepta,

2036 602 2116 664 ei;
2142 598 2297 665 δόξαν
2340 598 2476 653 Θεοῦ
2522 597 2754 668 Πατρός.
2780 614 2799 647 ι
2838 592 3003 655 Σῦνες
3033 592 3181 653 ὅπως
3209 588 3303 643 τδν
3336 589 3395 641 ἓν
3427 587 3616 658 μορφῇ

2037 691 2131 745 τοῦ
2174 690 2311 745 Θεοῦ
2361 690 2458 745 καὶ
2490 689 2702 760 [ἰατρὸς
2749 686 3062 757 ὑπάρχοντα
3111 683 3243 736 Θεὸν
3288 681 3485 748 Λόγον,
3515 679 3618 747 οὐχ

2038 782 2331 855 ἁρπαγμὸν
2357 778 2665 852 ἡγήσασθαί
2693 794 2824 848 φησι
2856 776 2916 829 τὸ
2945 770 3087 828 εἶναι
3114 775 3208 827 ῐσα
3243 770 3383 841 Θεῷ.
3432 768 3622 839 Ἐχων

2040 872 2148 943 γὰρ
2175 872 2236 925 τὸ
2264 868 2404 925 εἶναι
2432 870 2574 924 κατὰ
2604 868 2767 939 φύσιν
2800 868 2859 920 ἐν
2890 866 3097 934 ἰσότητι
3124 861 3218 916 τοῦ
3264 860 3497 931 Πατρδς,
3525 876 3623 911 κε-

2042 961 2278 1015 κένωκεν
2302 961 2513 1025 ἑαυτὸν,
2536 960 2633 1013 καὶ
2663 955 2876 1030 μορφὴν
2897 954 3086 1021 δούλου
3115 951 3314 1014 λαϐὼν,
3337 950 3625 1003 τουτέστιν

2044 1052 2330 1124 ἄνθρωπος
2373 1049 2635 1119 γεγονὼς,
2681 1047 2779 1101 καὶ
2806 1042 2917 1101 οἷον
2945 1047 3004 1098 ὲν
3031 1042 3162 1096 εῖδει
3206 1041 3285 1111 τῷ
3315 1039 3437 1094 καθ’
3474 1040 3627 1107 ἡμᾶς

2046 1143 2311 1215 εὑρεθεὶς,
2337 1140 2734 1196 τεταπείνωκεν
2772 1135 2964 1191 ἑαυτὸν
2995 1135 3076 1198 εἰς
3105 1134 3359 1188 κένωσιν.
3399 1128 3627 1198 Ἐπειδὴ

380 1253 613 1320 seipsum
639 1250 961 1304 hnmiliavit.
993 1248 1350 1316 Posteaquam
1399 1257 1528 1299 vero
1553 1249 1951 1297 crucemsustw

2089 1238 2110 1291 ὲ
2152 1235 2247 1290 καὶ
2295 1234 2455 1320 αὐτὸν
2501 1230 2890 1303 ὐπομεμένηκε
2928 1229 3019 1284 τὸν
3067 1226 3321 1291 σταυρὸν,
3375 1221 3631 1293 ὑψῶσοαὶ

386 1310 520 1408 nuit,
552 1342 847 1396 exaltatum
883 1340 1032 1405 dicit,
1071 1310 1365 1405 datumque
1420 1335 1495 1389 illi
1554 1347 1747 1388 nomen
1805 1331 1949 1400 quod

2091 1343 2215 1395 ησιν
2242 1310 2424 1390 αὑτὸν,
2448 1322 2691 1378 δεδόσθαι
2721 1322 2778 1376 δὲ
2808 1320 2957 1393 αὑτῷ
2984 1321 3081 1374 καὶ
3104 1319 3165 1372 τὸ
3193 1317 3364 1386 ὄνομα
3394 1314 3457 1369 τὸ
3487 1315 3633 1382 ὑπὲρ

384 1445 468 1495 est
500 1448 663 1503 super
689 1448 849 1486 omne
879 1446 1073 1485 nomen
1100 1448 1115 1497 ;
1158 1431 1231 1484 ita
1273 1440 1330 1482 ut
1357 1440 1520 1483 omne
1550 1440 1685 1496 genu
1710 1424 1809 1491 ipsi
1838 1423 1949 1489 iam

2089 1419 2163 1470 εᾶν
2188 1416 2387 1486 ὅνομα’
2422 1414 2563 1470 ὥστε
2602 1414 2696 1470 καὶ¹
2725 1414 2834 1467 πᾶν
2862 1412 2990 1481 γόνυ
3026 1409 3273 1479 κάμψαι,
3311 1407 3407 1460 καὶ
3444 1407 3635 1459 πᾶσαν

390 1528 723 1590 iucurvetur,
759 1524 1041 1590 omnisque
1087 1522 1266 1588 lingua
1314 1520 1563 1573 eumdem
1611 1516 1949 1571 conﬁteatur.

2093 1506 2203 1577 ὺτῷ
2226 1505 2472 1575 γλῶτταν
2500 1502 3022 1574 ἐξομολογήσασθαι.
3050 1499 3173 1562 Πῶς
3194 1493 3287 1551 οῦν
3307 1499 3336 1550 ὁ
3362 1498 3419 1548 ὲν
3449 1494 3634 1565 μορφῇ

391 1615 497 1671 Sed
530 1626 656 1685 qua,
690 1628 895 1682 quaeso,
921 1585 1149 1674 ratione,
1170 1585 1267 1680 qui
1294 1611 1345 1664 in
1367 1609 1537 1664 forma
1568 1618 1625 1663 et
1649 1606 1957 1676 aequali-ade

2089 1599 2150 1652 αἱ
2184 1598 2385 1669 ἰσότητι
2408 1596 2501 1651 τοῦ
2528 1594 2663 1649 Θεοῦ
2690 1594 2900 1663 καθῆκε
2933 1592 3030 1662 μὲν
3053 1589 3244 1644 ἑαυτὸν
3267 1590 3348 1650 εἰς
3375 1585 3637 1646 κένωσιν,

394 1709 487 1764 Dei
516 1708 834 1773 exsistebat,
864 1709 931 1761 ad
985 1704 1404 1759 exinanitionem
1455 1716 1515 1757 se
1567 1700 1872 1764 demisisse,
1905 1709 1959 1753 et

2089 1688 2310 1759 uocem
2340 1689 2396 1741 δὲ
2437 1688 2576 1759 μετὰ
2621 1685 2780 1740 τοῦτο
2824 1684 3040 1752 λέγεται
3064 1699 3080 1747 ;
3107 1677 3234 1751 Ἆρ’
3261 1678 3387 1747 οὐχὶ
3427 1675 3637 1747 προδη-

398 1809 580 1870 postea
600 1798 866 1854 exaltatus
890 1795 1235 1865 perhibetur?
1282 1795 1472 1848 Annon
1499 1790 1958 1848 evidentissimum

2089 1786 2282 1839 ότατον
2320 1783 2382 1836 τὸ
2430 1781 2524 1834 τοῦ
2571 1779 2807 1851 Χριστοῦ
2850 1777 3186 1850 μυστήριονς
3232 1771 3365 1833 Θεὸς
3397 1769 3510 1839 γὰρ
3558 1768 3642 1820 ὣν

396 1890 501 1945 hoc
545 1887 747 1943 Christi
792 1897 1189 1943 sacramentum
1214 1883 1333 1939 est?
1363 1882 1651 1936 Enimvero
1702 1894 1821 1935 cum
1877 1893 1964 1933 se-

2089 1875 2248 1940 ›ύσει,
2280 1874 2503 1943 γέγονεν
2532 1872 2816 1943 ἄνθρωπος
2842 1871 2900 1921 ἂν
2938 1865 3264 1921 ταπεινώσει
3280 1862 3375 1916 καὶ
3405 1876 3644 1929 σμικρο-

396 1981 633 2036 cundum
685 1987 935 2033 naturam
972 1978 1112 2032 Dens
1161 1987 1331 2041 esset,
1365 1975 1539 2030 factus
1563 1956 1744 2037 hoino,
1781 1972 1832 2027 in
1863 1973 1964 2027 hu-

2089 1967 2328 2039 τρεπείᾳ.
2361 1963 2606 2033 Γεγονὼς
2638 1963 2696 2017 δὲ
2725 1961 2847 2016 καθ’
2876 1961 3050 2031 ἡμᾶς,
3082 1959 3163 2020 εἰς
3191 1955 3290 2025 τὴν
3327 1951 3522 2007 ἑαυτοῦ
3555 1949 3648 2003 δό-

399 2071 680 2126 militatem
718 2069 1185 2139 subiectionemque
1219 2069 1523 2123 descendit.
1552 2065 1751 2120 Factus
1784 2075 1965 2119 autem

2089 2059 2165 2122 ξαν
2206 2056 2472 2126 ἀναφοιτᾷ
2515 2055 2611 2108 καὶ
2645 2052 2783 2122 μετά
2817 2050 3038 2120 σαρκός.
3086 2048 3196 2101 Καὶ
3237 2044 3436 2116 πρέποι
3468 2042 3533 2095 ἂν
3583 2041 3649 2092 τὸ

401 2164 571 2218 nostri
596 2163 815 2227 similis,
844 2162 1003 2233 109
1022 2164 1184 2216 etiam
1218 2177 1342 2215 cum
1374 2176 1537 2216 carne
1578 2175 1729 2215 suam
1760 2161 1969 2214 obtinet

2089 2147 2335 2218 δψοῦσθαι
2366 2149 2431 2217 τῇ
2466 2144 2769 2233 οἰκονομίᾳ,
2814 2142 2910 2195 καὶ
2954 2141 3015 2194 οὐ
3045 2138 3109 2209 δὴ
3153 2136 3354 2208 μᾶλλον
3397 2134 3540 2203 αὐτῇ
3576 2133 3646 2201 τῇ

402 2253 653 2323 gloriam.
692 2252 755 2306 Et
801 2253 940 2321 ipsa.
969 2251 1228 2306 exaltatio
1279 2266 1384 2305 non
1435 2252 1690 2305 convenit
1724 2250 1777 2303 in
1808 2247 1969 2302 Verbi

2089 2240 2232 2310 ρύσει
2260 2238 2355 2292 τοῦ
2387 2226 2570 2305 λόγου.
2604 2229 2695 2298 Εἷς
2732 2230 2824 2288 οῦν
2863 2232 2973 2303 ἄρα
3004 2229 3239 2301 Χριστὸς
3283 2226 3416 2287 Θεὸς
3460 2226 3516 2276 ὲν
3548 2225 3648 2275 ἁν-

408 2352 676 2410 naturam,
709 2344 802 2397 sed
833 2343 885 2396 in
907 2344 1077 2411 ipsam
1101 2342 1282 2397 carnis
1307 2341 1792 2409 dispensationem.
1828 2340 1974 2394 Unus

2089 2330 2415 2402 ὶρωπότητι,
2450 2329 2557 2381 -καὶ
2606 2324 2744 2398 μετὰ
2783 2325 2880 2395 τῆς
2923 2321 3340 2394 ἀνθρωπότητος
3383 2315 3653 2387 ὑπάρχων

404 2443 488 2488 est
521 2434 703 2502 itaque
731 2432 978 2488 Christus
999 2431 1140 2487 Deus
1169 2432 1222 2486 in
1255 2442 1447 2486 natura
1475 2432 1731 2496 humana,
1759 2440 1815 2484 et
1847 2446 1969 2485 cum

407 2534 598 2580 natura
658 2525 912 2589 humana,
957 2524 1187 2593 idipsum
1249 2523 1392 2592 quod
1427 2532 1561 2577 ante
1610 2531 1747 2587 erat,
1807 2535 1977 2590 usque

410 2630 752 2685 permanens.

784 2703 868 2758 Ea:
895 2705 1130 2773 Εμίδιοια
1158 2708 1226 2758 ad
1254 2703 1602 2758 Colossenses.

486 2815 506 2849 ι
529 2795 742 2852 Gratias
797 2808 1039 2865 agentes,
1077 2796 1272 2864 inquit,
1305 2795 1412 2849 Deo
1469 2792 1640 2858 Patri,
1666 2793 1757 2863 qui
1794 2792 1985 2862 dignos

418 2905 514 2944 nos
560 2888 684 2942 fecit
738 2887 791 2941 in
846 2897 1052 2957 partem
1107 2887 1272 2941 sortis
1315 2896 1628 2941 sanctorum
1662 2887 1713 2939 in
1743 2886 1981 2939 lumine:

416 2981 506 3049 qui
527 2979 727 3047 eripuit
761 2994 858 3033 nos
884 2980 950 3032 de
983 2988 1246 3048 potestate
1269 2978 1712 3039 tcnebrarnm,et
1747 2986 1976 3029 transtu-

2073 2423 2102 2476 δ
2134 2418 2222 2493 ἦν.

2441 2699 2537 2752 Ἐκ
2567 2696 2679 2765 τῆς
2713 2694 2865 2765 πρὸς
2899 2687 3293 2754 Κολασσαεῖς.

2157 2814 2176 2847 ι
2208 2791 2694 2864 Εὐχαριστοῦντες,
2722 2787 2874 2857 φησὶ,
2907 2785 2987 2856 τῷ
3016 2781 3192 2853 Πατρὶ
3220 2779 3295 2850 τῷ
3326 2777 3659 2832 ἱκανώσαντι

2083 2891 2230 2960 ἡμᾶς
2275 2889 2354 2949 εἰς
2398 2885 2496 2954 τὴν
2533 2881 2725 2953 μερίδα
2755 2877 2851 2932 τοῦ
2885 2877 3088 2947 κλήρου
3128 2874 3239 2926 τῶν
3269 2872 3442 2939 ἁγίων
3486 2872 3547 2922 ὲν
3578 2869 3660 2936 τῷ

2086 2958 2259 3046 φυκί’
2296 2975 2356 3037 ὃς
2388 2972 2655 3046 ἐρρύσατο
2682 2970 2827 3039 ἡμᾶς
2856 2970 2921 3020 ὲκ
2961 2966 3060 3034 τῆς
3116 2963 3362 3028 ἐξουσίας
3396 2960 3493 3014 τοῦ
3528 2958 3658 3012 σκό-

422 3072 484 3127 lit
513 3073 565 3126 in
596 3085 819 3140 regnum
853 3071 973 3125 Filii
1006 3070 1316 3125 dilectionis
1347 3085 1479 3132 suae,
1507 3069 1562 3123 iu
1595 3085 1699 3136 quo
1727 3067 1981 3121 habentes

2089 3066 2339 3132 τους,καὶ
2376 3063 2705 3135 μετέστησεν
2732 3063 2811 3123 εἰς
2837 3058 2937 3128 τὴν
2973 3054 3247 3127 βασιλείαν
3275 3052 3369 3126 τοῦ
3395 3049 3527 3103 Υἰοῦ
3562 3048 3659 3117 τῆς

423 3162 870 3232 redemptionem,
930 3161 1304 3215 remissionem
1359 3169 1703 3227 peccatorum
1740 3175 1753 3210 :
1789 3158 1880 3226 qui
1907 3166 1989 3211 est

424 3255 604 3322 imago
633 3253 723 3307 Dei
749 3252 1055 3313 invisibilis,
1076 3251 1463 3321 primogenitns
1484 3250 1663 3304 omnis
1703 3259 1987 3303 creaturae.

423 3345 688 3412 Quoniam
741 3344 793 3398 in
830 3344 945 3411 ipso
1002 3343 1214 3397 condita
1250 3350 1374 3395 sunt
1429 3340 1778 3405 universa,iu
1839 3339 1993 3394 cmlis

426 3435 558 3490 etin
582 3442 745 3499 terra,
769 3432 999 3487 visibilia
1037 3442 1092 3486 et
1118 3430 1431 3495 invisibilia,
1456 3430 1573 3485 sive
1621 3429 1845 3493 Throni,
1882 3429 1993 3483 sive

432 3526 857 3587 Dominationes,
906 3524 1022 3578 sive
1075 3521 1437 3590 Principatus,
1492 3521 1609 3575 sive
1671 3520 1995 3586 Potestates,

431 3619 609 3673 omnia
639 3634 734 3688 per
763 3619 935 3687 ipsum
960 3627 1013 3673 et
1043 3618 1109 3671 in
1131 3618 1248 3686 ipso
1274 3627 1456 3672 creata
1481 3624 1609 3671 sunt
1637 3633 1651 3669 :
1683 3626 1736 3670 et
1775 3616 1888 3683 ipse
1914 3625 2000 3670 est

337 3764 343 3771 _
433 3716 558 3763 ante
578 3722 791 3771 omnes,
819 3717 874 3763 et
917 3709 1097 3763 omnia
1142 3708 1193 3762 in
1230 3708 1348 3777 ipso
1387 3715 1654 3761 constant.
1676 3707 1738 3759 Et
1768 3707 1879 3774 ipse
1917 3713 2002 3760 cst

434 3809 596 3867 caput
622 3799 861 3869 corporis
885 3798 1158 3864 Ecclesiae,
1192 3800 1282 3868 qui
1306 3807 1390 3854 est
1428 3799 1773 3868 principium,
1802 3798 2002 3869 primo-

435 3892 650 3962 genitus
674 3906 740 3944 ex
777 3891 1039 3958 mortuis;
1067 3900 1125 3945 ut
1153 3892 1225 3946 sit
1257 3890 1309 3944 in
1339 3890 1590 3945 omnibus
1652 3890 1766 3959 ipse
1794 3889 2001 3957 prima-

440 3993 549 4035 tum
587 3993 813 4047 tenens;
845 3981 969 4050 quia
1013 3981 1067 4034 in
1111 3980 1226 4049 ipso
1260 3978 1592 4046 complacuit
1640 3994 1854 4034 onmem
1893 3979 2004 4047 ple-

439 4073 736 4127 nitudinem
757 4072 1081 4137 inhabitare,
1096 4082 1150 4124 et
1174 4086 1269 4140 per
1298 4084 1422 4125 eum
1453 4069 1806 4125 reconciliare
1824 4069 2006 4123 omnia

443 4165 497 4218 in
526 4164 728 4232 ipsum:
750 4162 1042 4232 paciﬁcans
1067 4177 1162 4231 per
1191 4163 1507 4228 sanguinem
1531 4162 1710 4216 crucis
1734 4159 1872 4230 ejus,
1895 4161 2008 4214 sive

444 4265 564 4319 quae
611 4252 666 4304 in
721 4251 901 4316 terris,
952 4251 1067 4306 sive
1115 4267 1236 4321 quae
1290 4250 1344 4304 in
1407 4250 1560 4306 caelis
1587 4259 1715 4305 sunt
1740 4249 1782 4304 ⁵.
1815 4268 1834 4301 ι
1872 4249 2009 4303 Ecce

447 4343 539 4397 hic
564 4341 713 4394 illum
754 4357 940 4396 rursus
975 4342 1376 4409 inaspectabilis
1403 4343 1493 4396 Dei
1519 4341 1807 4409 imaginem
1829 4340 2010 4409 appel-

2090 3159 2313 3227 ἀγάπης
2356 3153 2550 3217 αὑτοῦ,
2597 3153 2655 3204 ὲν
2685 3143 2729 3218 ᾧ
2770 3149 2966 3219 ἔχομεν
3006 3146 3104 3216 τὴν
3135 3142 3533 3211 ἀπολύτρωσιν,
3561 3137 3664 3206 τὴν

2091 3250 2284 3320 ἄφεσιν
2322 3246 2429 3301 τῶν
2467 3243 2749 3315 ἁμαρτιῶν
2768 3258 2781 3273 ο
2813 3242 2869 3305 ὅς
2901 3241 3051 3293 ἐστιν
3084 3235 3249 3290 εἰκὼν
3276 3233 3370 3286 τοῦ
3400 3231 3538 3289 Θεοῦ
3566 3228 3666 3282 τοῦ

2092 3341 2349 3412 ἀοράτου,
2389 3336 2733 3409 πρωτότοκος
2771 3333 2950 3401 πάσης
2984 3330 3231 3390 κτίσεως.
3260 3327 3383 3379 Ὅτι
3413 3326 3472 3376 ὲν
3516 3321 3673 3391 αὐτῷ

2094 3430 2317 3501 ἐκτίσθη
2346 3428 2417 3482 τὰ
2443 3427 2621 3481 πάντα
2650 3426 2710 3479 ἐν
2736 3424 2814 3495 τῷ
2845 3420 3058 3493 οὐρανῷ
3086 3418 3183 3473 καὶ
3208 3418 3302 3471 ἐπὶ
3324 3417 3425 3486 τῆς
3451 3414 3576 3483 γῆς,
3599 3412 3675 3465 τὰ

2096 3523 2267 3595 ὁρατὰ
2297 3521 2391 3575 καὶ
2419 3518 2490 3572 τὰ
2515 3518 2743 3589 ἀόρατα,
2772 3516 2882 3568 εἴτε
2914 3512 3127 3583 Θρόνοι,
3169 3511 3278 3562 εἴτε
3304 3506 3671 3595 κυριότητες,

2098 3594 2208 3668 εἴτε
2243 3611 2453 3683 ’Δρχαὶ,
2480 3609 2591 3663 εἴτε
2633 3605 2905 3672 Ἐξουσίαι
2925 3645 2939 3669 ,
2968 3600 3037 3655 τὰ
3070 3600 3249 3654 πάντα
3277 3598 3344 3651 δι’
3375 3595 3543 3651 αὑτοῦ
3574 3594 3675 3647 καὶ

2100 3708 2179 3769 εἰς
2204 3702 2365 3758 αὑτὸν
2396 3701 2665 3755 ἔκτισταιο
2698 3698 2793 3752 καὶ
2822 3696 2983 3759 αὑτός
3013 3695 3131 3748 ἐστι
3166 3692 3270 3762 πρὸ
3307 3690 3557 3746 πάντων,
3580 3684 3676 3736 καὶ

2102 3797 2167 3849 τὰ
2196 3795 2373 3848 πάντα
2398 3793 2455 3846 ὲν
2484 3787 2959 3859 αὐτῷ’συνέστηκε
2981 3802 2996 3817 ’
3023 3784 3119 3838 καὶ
3148 3781 3311 3843 αὐτός
3341 3781 3492 3832 ἐστιν
3522 3778 3560 3846 ἡ
3592 3791 3678 3831 κε-

2103 3886 2245 3956 φαλὴ
2282 3883 2374 3937 τοῦ
2416 3880 2667 3951 σώματος
2704 3878 2801 3948 τῆς
2834 3874 3188 3946 Ἑκκλησίας,
3223 3874 3281 3937 ὃς
3315 3873 3465 3924 ἐστιν
3498 3866 3680 3938 ἀρχὴ,

2106 3975 2443 4045 πρωτότοκος
2477 3973 2541 4024 ὲκ
2586 3969 2693 4022 τῶν
2724 3967 2968 4035 νεκρῶνο
3009 3966 3096 4019 ἵνα
3138 3964 3366 4033 γένηται
3408 3958 3468 4013 ὲν
3512 3961 3685 4011 πᾶσιν

2106 4064 2262 4126 αὐτὸς
2291 4059 2611 4131 πρωτεύων⁸
2644 4059 2724 4112 ὃτι
2753 4057 2812 4109 ὲν
2841 4053 2989 4124 αὐτῷ
3018 4053 3281 4124 ηὑδόκησε
3315 4051 3424 4102 πᾶν
3455 4048 3520 4100 τὸ
3547 4048 3687 4115 πλη-

2112 4170 2270 4224 ρωμα
2308 4149 2662 4216 κατοικῆσαι,
2702 4147 2797 4200 καὶ
2826 4146 2891 4198 δι’
2927 4142 3089 4198 αὑτοῦ
3123 4139 3575 4203 ἀποκαταλλάξαι
3616 4139 3689 4191 τὰ

2111 4248 2290 4300 πάντα
2317 4242 2395 4304 εἱς
2423 4240 2587 4293 αὐτόν
2606 4255 2621 4269 ·
2648 4235 3065 4309 εἰρηνοποιήσας
3093 4232 3181 4286 διὰ
3206 4230 3300 4285 τοῦ
3322 4231 3566 4300 αἵματος
3590 4229 3689 4281 τοῦ

2115 4333 2351 4406 σταυροῦ
2382 4332 2549 4385 αὑτοῦ
2589 4329 2697 4383 εἴτε
2726 4328 2797 4381 τὰ
2834 4327 2928 4379 ἐπὶ
2951 4325 3051 4395 τῆς
3082 4324 3203 4394 γῆς,
3237 4322 3347 4375 εἴτε
3374 4322 3444 4373 τὰ
3474 4322 3535 4372 ἐν
3577 4322 3690 4381 τοῖς

448 4434 559 4500 lat;
592 4430 966 4502 Thronosque,
993 4433 1335 4498 Prinripatus
1362 4443 1417 4486 et
1448 4432 1850 4486 Dominationes
1880 4446 1980 4484 con

2118 4428 2383 4499 οὐρανοῖς.
2411 4443 2429 4475 ι
2470 4424 2600 4476 Ἰδοὺ
2632 4421 2696 4491 δὴ
2725 4420 2887 4473 πάλιν
2917 4418 3101 4471 εἰκόνα
3146 4415 3245 4487 μὲν
3286 4413 3381 4466 τοῦ
3416 4411 3555 4465 Θεοῦ
3594 4411 3696 4463 τοῦ

452 4525 673 4587 didisse,
703 4525 991 4592 omniaque
1027 4523 1077 4574 in
1116 4522 1235 4591 ipso
1289 4532 1337 4575 et
1394 4537 1489 4591 per
1540 4522 1717 4590 ipsum
1762 4532 1981 4574 constar

2121 4520 2349 4588 ἀοράτου
2388 4515 2551 4584 φησὶν
2592 4510 2780 4566 αὐτόν’
2829 4507 3076 4562 ἐκτίσθαι
3101 4505 3170 4558 δι’
3212 4503 3378 4558 αὐτοῦ
3417 4501 3697 4572 Θρὸνους,

452 4623 639 4685 aperte
694 4613 972 4668 afﬁrmat:
1021 4622 1132 4666 tum
1204 4614 1446 4682 corporis
1488 4626 1701 4681 quoque
1761 4610 1981 4666 Ecclesi:

2122 4612 2211 4664 καὶ
2248 4607 2446 4678 Ἀρχὰς
2465 4646 2479 4670 ,
2509 4605 2603 4657 καὶ
2632 4601 2970 4672 Κυριότητας
3017 4593 3423 4651 διαϐεϐαιοῦται
3458 4591 3654 4659 σαφῶς
3684 4607 3700 4621 ο

453 4682 639 4775 caput,
668 4705 1188 4775 primogenitumque
1216 4718 1282 4757 ex
1330 4704 1554 4757 mortuis
1604 4704 1851 4757 eumdem
1883 4718 1981 4772 pra

2128 4702 2221 4756 καὶ
2247 4692 2323 4763 εῚς
2350 4698 2510 4752 αὐτὸν
2547 4695 2618 4750 τὰ
2665 4693 2841 4748 πάντα
2866 4691 2961 4744 καὶ
2989 4693 3046 4744 ὲν
3076 4687 3227 4758 αὐτῷ
3258 4684 3585 4740 συνεστάναι
3613 4682 3704 4735 λέο

454 4799 619 4853 dicat.
652 4796 870 4866 Ecquis,
898 4794 1111 4861 amabo,
1154 4794 1331 4864 imago
1384 4792 1500 4859 Dei,
1530 4793 1980 4861 universdrnmqu

2124 4812 2240 4865 γει’
2275 4792 2369 4847 καὶ
2407 4790 2569 4844 αὑτὸν
2610 4784 2750 4842 εἶναι
2788 4786 2886 4856 τὴν
2915 4783 3158 4855 κεφαλὴν
3184 4780 3278 4835 τοῦ
3313 4778 3569 4848 σώματος
3601 4777 3704 4846 τῆς

459 4889 708 4944 conditor
759 4896 865 4952 est,
900 4887 1000 4941 nisi
1038 4862 1289 4955 ipsemet-
1315 4886 1622 4955 unigenitus
1671 4883 1763 4939 Dei
1814 4883 1981 4940 Filius

2138 4884 2485 4955 Ἑκκλησίας,
2514 4881 2609 4935 καὶ
2634 4878 2976 4949 πρωτότοκον
3002 4876 3067 4928 ὲκ
3089 4873 3198 4927 τῶν
3222 4868 3449 4941 νεκρῶν.
3478 4866 3583 4929 Τίς
3608 4862 3708 4919 οὖν

460 4981 549 5052 qui
604 4981 767 5037 etiam
836 4980 1010 5033 factus
1056 4989 1139 5034 est
1197 4988 1531 5033 mortuorum
1596 4977 1981 5047 primogenitus

2127 4980 2237 5051 ἄρα
2263 4978 2409 5031 ἐστὶν
2434 4977 2468 5046 ὴ
2500 4973 2661 5028 εἰκὼν
2698 4972 2791 5024 τοῦ
2822 4967 2977 5032 Θεοῦ,
3006 4967 3035 5018 ὁ
3064 4964 3289 5033 κτίστης
3320 4959 3429 5013 τῶν
3456 4958 3626 5018 ὅλων,
3658 4958 3709 5008 εἰ

462 5050 657 5142 quippe
690 5071 779 5139 qui
817 5071 867 5125 in
901 5070 1205 5137 suaipsius,
1234 5078 1289 5124 et
1322 5085 1428 5123 non
1482 5071 1539 5123 in
1586 5068 1811 5123 alterius
1843 5066 1981 5136 cujut

2133 5070 2208 5141 μὴ
2241 5067 2399 5130 αὐτὸς
2424 5069 2452 5119 ὁ
2487 5064 2779 5136 μονογενὴς
2802 5059 2898 5114 τοῦ
2926 5056 3061 5111 Θεοῦ
3093 5054 3251 5119 Υἱός;
3285 5051 3343 5115 ὃς
3369 5050 3468 5103 καὶ
3506 5050 3713 5117 γέγονε

464 5163 603 5230 piam
664 5176 829 5217 carne
886 5170 1111 5214 mortem
1168 5161 1409 5228 oppetiit.
1484 5159 1665 5226 Quare
1731 5174 1868 5214 unus
1934 5173 1981 5212 es

2133 5139 2471 5230 πρωτότοκος
2518 5156 2583 5207 ἐκ
2612 5153 2842 5223 νεκρῶν,
2879 5148 2953 5212 ὡς
2994 5142 3280 5201 ἀποθανὼν
3315 5144 3384 5212 τῇ
3425 5140 3600 5230 σαρκὶ
3642 5139 3715 5230 τῇ

465 5234 712 5308 Christus
735 5263 784 5307 et
814 5251 1003 5319 Filius,
1025 5252 1165 5309 Deus
1187 5253 1342 5307 simul
1375 5263 1429 5306 ct
1461 5252 1641 5307 homo.

2139 5224 2263 5319 ibis},
2296 5249 2391 5300 acati.
2432 5244 2554 5315 οὐχὶ⁸
2601 5244 2664 5315 δὴ
2701 5243 2900 5313 μᾶλλον
2937 5241 3014 5321 τῇ⁴
3046 5253 3189 5298 τινος
3229 5233 3435 5304 ἐτέρου,
3478 5225 3579 5292 Εἷς
3614 5224 3719 5283 οὖν

416 5336 421 5342 ’
1680 5336 1683 5341 ’
2136 5338 2367 5411 Χριστὸς
2394 5338 2489 5390 και
2514 5336 2662 5399 Υἱὸς,
2689 5333 2821 5395 Θεός
2847 5348 2905 5383 τε
2933 5328 3069 5400 ὁμοῦ
3097 5327 3191 5380 και
3218 5324 3528 5393 ἄνθρωπος.

2526 5426 2621 5477 Ἐκ
2654 5421 2764 5489 τῆς
2800 5420 2948 5487 πρὸς
2968 5414 3315 5485 "Eé‘pat'ovc.

2220 5538 2236 5570 ι
2267 5515 2593 5586 [Ιολυμερῶς
2633 5513 2723 5567 καὶ
2775 5508 3129 5578 πολυτρόπως
3177 5503 3341 5558 πάλαι
3371 5501 3399 5552 ὁ
3430 5496 3566 5560 Θεδς
3608 5495 3721 5551 λα.-

756 5436 914 5506 110
933 5433 1016 5491 Ex
1044 5435 1279 5505 Epistola
1311 5439 1380 5489 ad
1416 5434 1683 5489 Ilebrwas.

550 5542 569 5575 ι
629 5522 971 5580 Mullifariam
1036 5528 1321 5595 multisque
1358 5528 1528 5580 modis
1590 5527 1715 5579 olim
1769 5524 2027 5580 Deus’lo~

553 5681 793 5750 'Philpp.
831 5699 888 5747 ιι,
914 5683 1064 5737 5-H.
1143 5684 1161 5713 ⁸
1184 5682 1390 5737 Coloss.
1426 5696 1522 5744 χιι,
1552 5680 1639 5732 20.
