3910 6200
420 346 560 404 1509

1526 347 1612 401 DE
1640 345 1869 403 RECTA
1905 346 2068 403 FIDE
2101 349 2193 404 AD
2224 349 2545 408 REGINAS.

3526 358 3664 413 1310

417 453 588 524 λησας
614 455 728 515 τοῖς
760 455 1030 526 πατράσιν
1059 457 1118 509 ὲν
1146 458 1258 520 τοῖς
1289 458 1618 528 προφήταις,
1646 458 1736 511 ἐπ’
1762 457 1993 529 ἐσχάτου

2101 475 2270 529 quens
2303 463 2553 531 patribus
2592 463 2643 517 in
2670 462 2968 533 prophetis,
3002 464 3157 519 novis
3179 463 3299 519 .ime
3328 464 3517 521 diebus
3545 468 3663 522 istis

417 544 526 599 τῶν
553 544 775 615 ἡμερῶν
808 545 1017 600 τούτων
1047 546 1307 618 ἐλάλησεν
1334 550 1466 618 ἡμῖν
1488 549 1546 600 ὲν
1571 548 1706 619 Υίῷ,
1735 549 1794 602 δν
1824 549 1989 619 ἔθηκε

418 635 753 706 κληρονόμον
791 636 1031 699 πάντων,
1072 638 1139 690 δι’
1179 630 1241 691 οῦ
1275 639 1370 691 καὶ
1402 639 1528 703 τοὺς
1564 639 1763 702 αίῶνας
1800 639 1990 710 ἑποίηο

419 741 533 778 σεν.
559 743 579 776 ι
626 724 790 779 Φύσει
830 724 942 778 τῶν
983 726 1122 779 ὅλων
1156 725 1360 797 Κύριος
1407 728 1546 798 μετά
1586 726 1682 781 τοῦ
1729 727 1864 782 Θεοῦ
1896 727 1992 781 καὶ

421 814 634 886 Πατρὸς
658 816 688 868 6
714 816 1023 887 Μονογενὴς
1050 815 1214 871 αὑτοῦ
1242 818 1414 885 Λόγος
1430 813 1572 871 εἶναι
1596 818 1987 872 πεπίστευταιο

416 902 627 956 τίθεται
662 902 720 956 δὲ
763 903 1131 974 κληρονόμος,
1186 906 1267 958 ὅτι
1319 906 1509 974 γέγονε
1559 906 1727 977 σάρξ·
1772 907 1988 978 εἴρηται

417 995 529 1065 γάρ
561 995 699 1065 πρὸς
727 995 910 1059 αὐτὸν,
939 995 1015 1057 ὡς
1041 994 1162 1049 καθ’
1186 997 1333 1067 ἡμᾶς
1362 996 1648 1067 ἄνθρωπον
1674 997 1937 1066 γεγονότα
1959 1008 1987 1037 ι

417 1086 486 1139 δι’
514 1086 691 1156 ἡμᾶς’
730 1077 753 1138 ἕ
778 1087 1008 1156 Αίτησαι
1043 1085 1169 1156 παρ’
1216 1087 1373 1157 ἐμοῦ,
1402 1090 1498 1141 καὶ
1542 1082 1698 1141 δώσω
1730 1104 1813 1141 σοι
1858 1087 1988 1158 ἔθνη

418 1173 520 1247 τὴν
554 1175 917 1246 κληρονομίαν
952 1192 1044 1228 σου
1070 1214 1085 1234 .
1128 1178 1222 1229 καὶ
1258 1176 1357 1247 τὴν
1404 1176 1732 1247 κατάσχεσιν
1784 1193 1879 1230 σου
1923 1179 1990 1231 τά

421 1265 636 1336 πέρατα
678 1267 776 1336 τῆς
822 1268 944 1337 γῆς.
972 1286 991 1319 ι
1048 1267 1210 1320 Ἀλλὰ
1251 1268 1319 1321 δι’
1361 1266 1526 1322 αὐτοῦ
1557 1268 1652 1321 τοῦ
1699 1267 1859 1333 Θεοῦ,
1893 1267 1988 1321 τοῦ

420 1355 759 1427 κληρονόμου
782 1356 871 1410 διά
898 1357 959 1409 τὸ
993 1357 1330 1429 ἀνθρώπινον
1350 1399 1365 1424 ,
1399 1359 1495 1412 καὶ
1521 1359 1717 1421 αὐτοὺς
1759 1358 1990 1428 πεποιῆ-

423 1447 550 1501 σθαι
581 1449 707 1508 τοὺς
744 1448 945 1512 αίῶνὰς
983 1466 1166 1520 φησιν,
1211 1452 1290 1513 είς
1326 1450 1387 1503 τὸ
1411 1450 1504 1503 τοῦ
1553 1450 1724 1519 Λόγου
1751 1451 1989 1522 πρεσϐύ-

420 1556 584 1592 τατον
608 1537 704 1591 τοῦ
734 1540 1057 1608 πράγματος
1080 1540 1293 1610 ἔχοντος
1318 1543 1417 1612 τὴν
1447 1543 1743 1613 ἀναφοράν.
1778 1536 1872 1605 Εἷς
1899 1537 1992 1595 οὖν

423 1628 530 1698 ἄρα
573 1628 812 1699 Χριστὸς
859 1631 951 1682 καὶ
984 1630 1146 1694 Υἱὸς,
1190 1632 1220 1684 6
1255 1632 1420 1694 αὑτός
1457 1649 1516 1685 τε
1555 1631 1691 1702 ὁμοῦ
1729 1631 1860 1695 Θεὸς
1894 1632 1993 1703 ,καὶ

430 1717 532 1774 ἄνθ
541 1733 744 1788 ρωπος.

2095 550 2306 607 locutus
2333 560 2416 607 est
2455 553 2611 607 nobis
2644 554 2697 608 in
2728 554 2884 619 Filio,
2908 569 3068 622 quem
3084 556 3366 610 constituit
3396 557 3663 612 lneredem

2098 642 2499 706 universorum,
2526 660 2620 713 per
2642 659 2800 713 quem
2845 644 2974 701 fecit
3016 657 3066 701 et
3100 646 3294 701 saecula
3320 648 3365 700 ⁷.
3405 666 3425 700 ι
3456 646 3659 715 linige-

2098 733 2272 787 nitum
2312 732 2408 788 Dei
2448 729 2681 790 Verbum
2730 752 2832 789 una
2871 748 2995 790 cum
3026 736 3138 792 Deo
3189 738 3351 793 Patre
3400 738 3665 792 naturalis

2101 838 2278 878 rerum
2362 826 2604 881 omnium
2658 827 2914 881 Dominus
2942 842 3061 883 esse
3089 828 3331 882 creditur
3360 847 3373 883 :
3409 840 3464 882 at
3530 829 3661 897 quia

2094 933 2222 973 caro
2290 919 2489 974 factum
2542 930 2645 981 est.
2682 921 2910 978 haeredis
2966 938 3179 993 quoque
3252 924 3665 992 appellationem

2099 1009 2346 1063 sortitum
2380 1018 2486 1065 est.
2510 1009 2718 1065 Dictum
2748 1021 2830 1066 est
2863 1027 3092 1081 namque
3126 1014 3194 1068 ad
3229 1015 3385 1078 illud,
3412 1022 3665 1083 tanquam

2098 1100 2164 1152 ad
2188 1099 2456 1155 hominem
2489 1102 2658 1155 nostri
2702 1115 2864 1156 causa
2916 1102 3087 1157 nostri
3115 1104 3346 1159 similem
3381 1103 3665 1160 eﬂ‘ectum:

2102 1208 2123 1242 ι
2161 1190 2379 1245 Postula
2420 1207 2449 1244 a
2478 1206 2581 1254 me,
2618 1199 2675 1246 et
2703 1192 2842 1247 dabo
2894 1191 2993 1246 tibi
3056 1202 3245 1262 gentes
3292 1194 3666 1257 haereditatem

2101 1291 2268 1348 luam,
2314 1291 2370 1335 et
2422 1283 2823 1351 possessionem
2875 1292 3023 1335 tuam
3071 1284 3337 1338 terminos
3395 1284 3611 1337 term-3.
3643 1301 3717 1336 »ο

2097 1371 2480 1427 Verumtamen
2508 1387 2603 1441 per
2625 1373 2800 1442 ipsum
2826 1381 3079 1443 tanquam
3113 1390 3207 1443 per
3234 1374 3420 1438 Deum,
3450 1386 3671 1443 prepter

2100 1462 2391 1517 humanam
2444 1473 2690 1517 naturam
2740 1465 2974 1519 haredis
3026 1465 3289 1519 vocabulo
3318 1465 3667 1533 appellatum,

2099 1554 2210 1621 ipsa
2241 1569 2457 1624 quoque
2489 1554 2686 1608 saecula
2731 1556 2945 1610 condita
2986 1556 3182 1609 asserit
3222 1571 3238 1608 :
3277 1556 3465 1608 tribuit
3524 1556 3666 1607 enim

2102 1642 2152 1695 id
2220 1657 2445 1696 smmme
2505 1642 2668 1696 Verbi
2733 1644 3064 1712 antiquitati.
3136 1643 3288 1699 Unus
3349 1643 3532 1713 itaque
3587 1656 3670 1700 est

2102 1731 2355 1786 Christus
2409 1740 2465 1785 cl.
2494 1731 2682 1796 Filius,
2707 1733 2847 1787 idem
2882 1732 3021 1787 Deus
3052 1734 3211 1788 simul
3261 1743 3315 1789 et
3346 1736 3526 1789 homo.

498 1825 518 1859 t
554 1808 649 1871 ’ος
680 1805 757 1860 ὢν
801 1806 1142 1877 ἀπαύγασμα
1191 1808 1290 1878 τῆς
1336 1808 1525 1878 δόξης,
1571 1809 1667 1863 καὶ
1710 1809 1993 1882 χαρακτὴρ

2172 1840 2192 1874 t
2217 1823 2314 1888 Qui
2351 1838 2472 1876 cum
2510 1823 2583 1877 sit
2611 1823 2867 1893 splendor
2893 1824 3099 1892 gloriae.
3122 1836 3177 1878 et
3218 1827 3384 1893 ﬁgura
3419 1828 3670 1881 substan—

426 1895 529 1966 τῆς
569 1896 919 1959 ὑποστάσεως
955 1894 1144 1961 αὑτοῦ,
1173 1898 1355 1968 φέρων
1383 1915 1443 1950 τε
1477 1898 1545 1951 τά
1580 1900 1757 1952 πάντα
1790 1898 1866 1968 τῷ
1901 1902 1991 1969 ῥηι-

425 2001 557 2056 ματι
596 1985 696 2054 τῆς
729 1982 1015 2054 δυνάμεως
1058 1984 1247 2045 αὐτοῦ,
1302 1983 1641 2055 καθαρισμὸν
1671 1984 1778 2037 τῶν
1811 1985 1996 2054 ἁμαρ-

421 2075 549 2129 τιῶν
580 2074 974 2146 ποιησάμενος,
1006 2074 1261 2129 ἐκάθισεν
1308 2077 1367 2128 ὲν
1403 2074 1553 2146 δεξιᾷ
1597 2074 1699 2144 τῆς
1744 2074 1997 2145 μεγαλω-

416 2166 601 2243 λσύνης
633 2168 691 2220 ὲν
719 2166 977 2237 ύψηλοῖςο
1009 2166 1253 2236 τοσούτῳ
1284 2164 1549 2235 κρείττων
1576 2164 1862 2234 γενόμενος
1889 2163 1995 2218 τῶν

421 2256 687 2325 ἀγγέλων,
727 2258 838 2328 ὅσῳ
904 2256 1285 2327 διαφορότερον
1321 2255 1492 2326 δνομα
1524 2255 1654 2325 παρ’
1679 2256 1875 2318 αὐτοὺς
1905 2272 1994 2308 κε-

422 2347 817 2418 κληρονόμηκε.
849 2366 867 2398 ι
911 2347 984 2399 Τὸ
1019 2346 1357 2415 ἀπαύγασμα
1404 2345 1506 2415 τῆς
1537 2344 1714 2415 δόξης,
1745 2348 1773 2398 6
1818 2361 1991 2416 χαρα-

423 2437 562 2508 κτὴρ
591 2438 691 2507 τῆς
730 2437 1078 2499 ὑποστάσεως
1110 2435 1206 2489 τοῦ
1240 2435 1376 2489 Θεοῦ
1422 2436 1518 2490 καὶ
1550 2435 1782 2504 Πατρὸς,
1832 2452 1994 2487 τουτ-

310 2548 321 2564 ο
421 2528 569 2581 ἐστιν
599 2529 628 2580 6
657 2525 719 2591 ἐξ
760 2525 923 2580 αὐτοῦ
973 2526 1112 2580 κατὰ
1144 2524 1304 2594 φύσιν
1339 2525 1468 2588 Υίὸς
1514 2524 1825 2595 μονογενὴς,
1872 2523 1995 2577 τίνα

422 2619 625 2691 τρόπον
654 2617 998 2689 καθαρισμὸν
1032 2616 1140 2670 τῶν
1168 2615 1453 2688 ἁμαρτιῶν
1500 2616 1655 2687 ἡμῶν
1690 2616 1993 2687 ποιησάμε-

425 2726 532 2773 νος,
563 2709 721 2779 δῆλον
749 2707 805 2760 δὲ
836 2709 921 2762 ὅτι
951 2707 1039 2761 διὰ
1070 2707 1165 2759 τοῦ
1197 2707 1427 2777 αἵματος
1466 2706 1655 2769 αὑτοῦ,
1699 2706 1995 2759 κεκάθικεν

424 2803 481 2854 ὲν
522 2800 669 2871 δεξιᾷ
696 2799 791 2852 τοῦ
825 2799 1062 2870 Πατρὸς,
1090 2799 1185 2851 καὶ
1220 2798 1483 2870 κρείττων
1508 2798 1755 2867 ⁴γενέσθαι
1780 2797 1995 2866 λέγεται

423 2891 532 2945 τῶν
572 2891 851 2960 ἀγγέλων,
909 2888 1085 2944 καίτοι
1130 2889 1270 2943 κατὰ
1311 2880 1472 2955 φύσιν
1504 2890 1596 2941 καὶ
1632 2892 1698 2960 τῇ
1744 2889 1844 2958 τῆς
1878 2888 1995 2941 θεό-

423 3001 586 3054 τητος
621 2985 861 3054 ὑπεροχῇ
889 2981 958 3035 τὰ
989 2983 1166 3035 πάντα
1194 2980 1390 3046 νικῶν;
1420 2979 1627 3034 Οὐκοῦν
1656 2982 1750 3033 καὶ
1782 2979 1995 3050 ἄνθρω-

429 3092 527 3139 πος
552 3073 810 3144 γεγονὼς,
838 3074 1326 3142 πεπλεονέκτηκεν,
1351 3072 1425 3134 ὡς
1454 3071 1605 3135 Θεὸς,
1636 3071 1736 3139 τὴν
1766 3072 1994 3140 ἀόρατον

427 3162 634 3227 κτίσιν,
660 3165 694 3221 ,ὁ
722 3162 883 3225 αύτὸς
914 3161 988 3215 ῶν
1022 3160 1361 3230 ἀπαύγασμα
1407 3160 1501 3212 καὶ
1550 3159 1851 3230 χαρακτὴρ,
1900 3158 1996 3211 καὶ

426 3255 801 3325 ἐργασάμενος
847 3252 957 3305 τῶν
1006 3251 1288 3322 ἁμαρτιῶν
1334 3250 1493 3321 ἡμῶν
1535 3251 1626 3302 τὸν
1661 3249 2001 3320 καθαρισμὸν

425 3345 618 3415 αἵματι
653 3344 729 3414 τῷ
770 3343 902 3414 ἰδίῳ.
933 3337 1027 3406 Εἷς
1072 3338 1166 3396 οὖν
1220 3343 1327 3414 ἄρα
1362 3333 1594 3412 Χριστός
1619 3382 1634 3405 ,
1678 3341 1773 3394 καὶ
1841 3340 1997 3407 Υἱὸς,

427 3437 523 3489 καί
563 3434 789 3507 Κύριος.
967 3464 974 3479 ι
1910 3506 1914 3511 η

505 3546 524 3580 t
556 3527 624 3580 ’³0
652 3544 712 3580 τε
748 3526 859 3599 γάρ
898 3524 1141 3594 ἁγιάζων
1170 3525 1264 3577 καὶ
1292 3525 1342 3577 οἱ
1381 3524 1754 3595 ἁγιαζόμενοι,
1784 3524 1845 3589 ἐξ
1882 3523 2001 3588 ἐνὸς

427 3617 650 3679 πάντες.
680 3617 758 3668 Δι’
783 3618 850 3685 ἣν
876 3614 1052 3667 αἰτίαν
1079 3613 1177 3666 οὐκ
1209 3612 1592 3683 ἐπαισχύνεται
1618 3613 1880 3682 ἀδελφοὺς
1909 3613 2001 3665 αὺ-

425 3697 780 3771 τοὺς’καλεῖν,
814 3705 985 3772 λέγων
1005 3720 1020 3733 ·
1063 3703 1382 3771 Ἀπαγγελῶ
1423 3703 1484 3755 τὸ
1531 3702 1701 3771 ὄνομά
1748 3720 1842 3756 σου
1889 3706 2001 3767 τοῖς

428 3796 680 3867 ἀδελφοῖς
717 3813 841 3867 μου.
868 3814 886 3846 ι
923 3795 996 3847 Τὸ
1025 3796 1166 3848 κατὰ
1195 3794 1356 3864 φύσιν
1383 3794 1535 3862 ἆγιον
1562 3797 1660 3864 οὐχ
1690 3794 1997 3863 ἁγιάζεται,

427 3890 510 3942 ὅτι
538 3889 610 3960 μή
640 3890 754 3941 ἐστι
781 3887 1037 3960 προσδεὲς
1053 3886 1355 3956 ἁγιασμοῦ·
1385 3886 1445 3938 τό
1472 3902 1537 3954 γε
1580 3887 1688 3959 μὴν
1741 3886 1816 3949 ὡς
1863 3886 1997 3955 μεθ-

428 3979 537 4046 έξει
581 3982 646 4051 τῇ
697 3981 824 4051 παρ’
869 3978 1054 4050 ἐτέρου
1083 3977 1303 4046 γεγονὸς
1349 3976 1503 4045 ἅγιον
1527 4013 1543 4040 ,
1587 3975 1836 4045 άγιὰζειν
1879 3974 1998 4028 ἑτέ-

432 4089 557 4141 ρους
582 4072 645 4124 οὐ
675 4069 919 4124 δύναται.
949 4068 1072 4130 Πῶς
1100 4064 1199 4141 οὖν
1224 4070 1253 4121 6
1279 4067 1439 4130 αὐτὸς
1470 4066 1687 4134 ἁγιάζει
1718 4065 1813 4119 καὶ
1840 4065 2000 4134 ἁγιά-

429 4140 616 4224 ζεται,
654 4161 935 4231 ζητητέον.
972 4140 1214 4226 Ἀγιάζει
1251 4158 1449 4221 τοίνυν,
1493 4157 1567 4220 ὡς
1610 4156 1770 4221 Θεὸς,
1807 4140 2023 4226 ίδίωμαγ

430 4250 644 4319 φύσεως
690 4252 790 4319 τῆς
841 4248 1035 4302 ἑαυτοῦ
1069 4249 1130 4303 τὸ
1180 4249 1426 4316 ἁγιάζειν
1473 4247 1737 4302 δύνασθαι
1778 4247 1995 4318 λαχών

431 4341 711 4408 ἁγιάζεται
728 4341 786 4393 δὲ
813 4339 930 4410 μεθ’
954 4339 1129 4409 ἡμῶν,
1152 4339 1295 4391 κατὰ
1321 4339 1381 4392 τὸ
1407 4337 1764 4409 ἀνθρώπινον.
1789 4332 1883 4402 Εἷς
1906 4333 1998 4392 οὖν

2100 1913 2185 1966 tite
2214 1914 2350 1982 ejus,
2381 1923 2713 1982 portansque
2763 1915 2947 1968 omnia
3006 1915 3171 1969 verbo
3209 1916 3421 1985 virtutis
3454 1932 3583 1979 suae,
3617 1927 3672 1971 et

2097 2002 2470 2071 purgationem
2518 2012 2864 2072 peccatorum
2922 2001 3146 2070 faciens,
3192 2005 3341 2058 sedet
3381 2006 3446 2059 ad
3488 2008 3670 2060 dexte-

2100 2110 2213 2147 ram
2269 2092 2571 2161 majestatis
2615 2094 2669 2147 in
2718 2094 3167 2149 excelsis:tanlo
3219 2094 3413 2149 melior
3466 2095 3669 2164 angelis

2096 2185 2342 2249 effectus,
2382 2193 2583 2253 quanto
2607 2182 2945 2239 diﬂ‘erentius
2986 2199 3181 2239 nomen
3216 2200 3324 2251 pne
3356 2185 3461 2238 illis
3496 2187 3669 2240 haere-

2094 2276 2355 2329 ditavit’.
2397 2295 2416 2328 ο
2452 2275 2590 2341 Qua,
2622 2290 2826 2343 quaeso,
2866 2276 3081 2331 ratione
3118 2276 3379 2343 splendor
3408 2276 3500 2329 ille
3550 2275 3668 2343 glo-

2100 2366 2191 2419 ria:
2244 2374 2589 2433 pateramque
2621 2364 2938 2419 substantiae
2959 2366 3265 2428 character,
3294 2366 3395 2419 hoc
3424 2376 3506 2418 est
3544 2366 3665 2417 uni-

2095 2454 2306 2522 genitus
2332 2454 2421 2506 Dei
2452 2453 2642 2517 Filius,
2676 2453 2767 2522 qui
2820 2454 3137 2508 naturaliter
3165 2469 3228 2508 ex
3278 2454 3370 2507 illo
3402 2456 3667 2523 procedit,

2097 2553 2438 2612 peccatorum
2484 2544 2859 2613 purgationem
2916 2541 3123 2598 iaciens
3168 2542 3427 2614 (dubium
3483 2554 3666 2599 autem

2097 2632 2299 2687 nullum
2324 2641 2430 2698 est,
2450 2632 2578 2701 quin
2602 2647 2696 2700 per
2716 2632 2989 2701 propriqu
3014 2632 3352 2702 sanguinem)
3387 2634 3451 2685 ad
3494 2630 3670 2687 Patris

2096 2724 2375 2777 dexteram
2428 2723 2732 2786 considere,
2774 2723 3010 2790 ipsisque
3054 2719 3258 2789 angelis
3310 2719 3666 2774 excellentior

2097 2812 2270 2867 factus
2294 2814 2648 2880 praedicatur?
2710 2813 2905 2865 Annon
2957 2811 3250 2864 secundum
3286 2819 3557 2869 naturam,
3584 2806 3669 2861 di-

2097 2902 2443 2971 vinitatisque
2465 2903 2837 2967 eminentiam,
2864 2902 3019 2969 longe
3035 2899 3251 2953 excellit
3277 2897 3499 2952 omnia?
3525 2897 3668 2951 Sane

2096 2991 2237 3044 idem
2267 2991 2489 3045 omnino
2522 2999 2577 3041 ut
2607 2989 2766 3049 Deus,
2788 2999 3132 3056 paterna-que
3155 2982 3470 3037 substantiae
3496 2983 3662 3049 lignra

2097 3091 2151 3135 et
2189 3080 2465 3149 splendor,
2502 3077 2912 3148 inspectabilem
2957 3076 3100 3128 illam
3150 3081 3453 3126 creaturam
3508 3071 3667 3140 longe

2100 3170 2320 3227 excellit
2349 3171 2508 3223 etiam
2540 3171 2699 3223 homo
2734 3167 2934 3230 factus,
2961 3177 3017 3219 et
3037 3165 3298 3232 sanguine
3329 3178 3427 3217 suo
3447 3173 3668 3231 pem-ala

2094 3270 2281 3316 nostra
2305 3259 2622 3315 emundans.
2652 3258 2799 3314 Unus
2832 3258 3017 3327 itaque
3038 3265 3121 3311 est
3142 3253 3396 3310 Christus
3416 3266 3468 3307 ct
3499 3251 3670 3335 Filius

2098 3364 2153 3410 et
2185 3352 2464 3409 Dominus.

2174 3552 2194 3586 ι
2235 3531 2335 3600 Qui
2391 3531 2715 3597 sanctificat,
2747 3540 2801 3586 et
2837 3531 2930 3601 qui
2985 3529 3415 3589 sanctiﬁcantur,
3445 3540 3508 3581 ex
3559 3541 3668 3579 uno

2098 3638 2306 3678 omnes.
2325 3621 2557 3691 Propter
2587 3637 2747 3691 quam
2772 3636 2991 3675 causam
3022 3626 3128 3675 non
3154 3617 3506 3674 confunditur
3553 3614 3665 3668 fra-

2101 3725 2210 3770 tres
2235 3730 2330 3770 eos
2387 3729 2601 3775 vocare,
2634 3712 2853 3766 dicens:
2889 3710 3237 3764 Annnutiabo
3282 3723 3476 3762 nomen
3512 3716 3665 3759 tuum

2099 3802 2361 3857 fratribus
2425 3802 2559 3854 meis
2593 3800 2658 3852 ¹⁴⁵.
2689 3819 2709 3850 ι
2746 3799 2897 3864 Quod
2946 3808 3135 3865 suapte
3188 3804 3381 3848 natura
3424 3794 3669 3846 satictnm

2098 3898 2203 3955 est,
2234 3890 2285 3941 id
2318 3903 2423 3942 non
2464 3887 2869 3943 sanctilicatur;
2900 3882 3335 3952 quandoquidem
3361 3879 3515 3948 111
3540 3893 3669 3933 sau-

2098 3979 2431 4035 clilicatinne
2486 3973 2625 4029 nulla
2678 3976 2907 4040 indiget.
2938 3972 3092 4037 Quod
3135 3981 3312 4025 autem
3372 3970 3667 4037 participa-

2103 4072 2244 4125 tione
2273 4067 2506 4138 quadam
2543 4065 2611 4121 ab
2665 4065 2773 4118 alio
2801 4062 3287 4118 sanctiticationem
3317 4067 3668 4113 consecutum

2098 4171 2201 4225 est,
2239 4160 2291 4214 id
2322 4158 2459 4213 alios
2485 4156 2827 4212 sanrtilicare
2868 4162 3199 4222 nonpotcst.
3229 4150 3501 4217 Quaeritur
3541 4162 3671 4218 ergo

2099 4251 2368 4319 quomodo
2389 4249 2527 4303 idem
2559 4247 2883 4308 sanctilicet,
2900 4242 3242 4311 vicissimque
3270 4240 3666 4295 sanctilicetur.

2100 4341 2249 4396 Haud
2277 4340 2437 4394 dubie
2459 4337 2689 4392 Verbum
2746 4336 3108 4399 incarnatum,
3138 4344 3195 4387 ut
3229 4332 3390 4396 Deus,
3419 4329 3667 4386 sanctifi—

428 4431 535 4501 ἄρα
559 4430 790 4503 Χριστὸς
816 4431 909 4484 καὶ
940 4430 1063 4494 Υἱὸς
1096 4430 1187 4483 καὶ
1216 4429 1421 4500 Κύριος
1442 4467 1459 4493 ,
1490 4429 1732 4497 ἁγιάζων
1762 4429 1859 4498 μὲν
1889 4428 1993 4482 θεῖ-

2101 4440 2294 4494 cat,ut
2335 4430 2476 4498 quod
2527 4425 2901 4481 sanctiﬁcandi
2960 4423 3065 4477 vim
3120 4438 3230 4478 sua:
3283 4430 3490 4475 natura:
3544 4432 3672 4486 pro-

429 4522 560 4588 κῶς,
588 4521 946 4593 ἁγιαζόμενος
985 4521 1042 4575 δὲ
1072 4522 1190 4592 μεθ’
1216 4520 1372 4592 ήμῶν
1402 4521 1774 4592 ἀνθρωπίνως.

2096 4523 2378 4594 prietatem
2439 4519 2799 4574 obtineatzat
2859 4531 2984 4571 vero
3033 4516 3326 4570 secundum
3379 4512 3670 4565 humanam

430 4623 699 4677 naturam,
739 4614 1018 4669 nobiscum
1070 4614 1456 4669 sanctilicatur.
1488 4613 1641 4669 Unus
1700 4613 1863 4683 igitur
1906 4628 1990 4670 est
2030 4616 2276 4671 Christus
2316 4621 2371 4666 et
2436 4610 2693 4666 Dominus
2761 4619 2815 4664 et
2855 4608 3041 4674 Filius,
3072 4606 3422 4661 sauctiiicans
3454 4601 3668 4669 quidem

431 4714 487 4757 ut
510 4701 675 4768 Dens,
699 4703 1181 4759 sanctiﬁcatiouem
1213 4714 1390 4757 autem
1438 4704 1711 4772 accipiens
1761 4706 1997 4760 humano
2036 4682 2184 4763 more
2221 4703 2520 4757 nobiscum.

506 4814 525 4847 t
555 4796 861 4865 Κεφάλαιον
887 4795 944 4848 δὲ
966 4796 993 4835 δ
1023 4799 1135 4859 τοῖς
1165 4796 1475 4867 λεγομένοις
1503 4808 1548 4836 θ’
1586 4796 1838 4851 Τοιοῦτον
1882 4798 1998 4869 ἔχο-

433 4901 533 4955 μεν
560 4883 842 4956 ἀρχιερέα,
881 4881 941 4946 ὃς
980 4884 1233 4937 ἐκάθισεν
1265 4886 1324 4936 ὲν
1357 4886 1506 4955 δεξιᾷ
1537 4885 1630 4938 τοῦ
1676 4886 1863 4956 θρόνου
1897 4888 1998 4955 τῆς

435 4973 819 5044 μεγαλωσύνης
857 4975 914 5026 ἐν
942 4976 1053 5037 τοῖς
1089 4972 1354 5045 οὐρανοῖς,
1398 4975 1506 5027 τῶν
1537 4975 1706 5042 ἁγίων
1751 4976 1996 5045 λειτουρ-

432 5064 545 5130 γὸς,
584 5066 679 5116 καὶ
708 5064 805 5133 τῆς
833 5064 1035 5133 σκηνῆς
1066 5063 1165 5132 τῆς
1191 5063 1468 5133 ἀληθινῆς,
1499 5066 1567 5134 ἢν
1598 5064 1795 5134 ἔπηξεν
1823 5067 1851 5117 6
1884 5064 1996 5117 Κύ-

434 5170 569 5222 ριος,
608 5154 701 5205 καὶ
727 5154 826 5206 οὐκ
868 5153 1169 5224 ἄνθρωπος·
1196 5171 1213 5202 ³
1250 5154 1311 5206 Εἰ
1342 5155 1448 5216 πᾶς
1480 5155 1678 5222 ἱερεὺῖν
1713 5155 1857 5207 καθά
1893 5172 1996 5223 φη’

432 5256 520 5295 σιν
549 5243 579 5295 6
625 5242 890 5316 μακάριος
919 5243 1148 5308 Παῦλος,
1176 5245 1254 5307 είς
1283 5243 1343 5296 τὸ
1387 5244 1717 5316 προσφέρειν
1746 5244 1896 5315 δῶρά
1938 5261 1997 5297 τε

505 5396 526 5429 ⁷
551 5396 712 5452 Hebr.
741 5415 780 5464 I,
808 5400 859 5463 1,
889 5398 944 5452 2.
1021 5399 1044 5430 ⁸
1067 5399 1208 5454 Psal.
1238 5398 1378 5461 n,.8.
1454 5400 1474 5431 ’
1498 5397 1661 5452 Hebr.
1690 5414 1729 5464 ι,
1763 5398 1817 5465 '5,
1848 5398 1900 5452 4.

2180 4815 2199 4850 ι
2235 4795 2537 4865 Capitulum
2572 4800 2750 4847 autem
2786 4805 2949 4860 super
2976 4803 3041 4843 ea
3075 4801 3195 4857 qua
3225 4788 3478 4841 dicuntur
3512 4804 3527 4840 :
3560 4785 3664 4839 Ta-

2100 4888 2204 4942 lem
2248 4886 2511 4939 habemus
2560 4882 2892 4950 pontilicem,
2935 4880 3025 4947 qui
3070 4878 3313 4932 consedit
3352 4878 3405 4932 in
3446 4877 3664 4931 dextera

2100 4978 2246 5033 sedis
2272 4974 2662 5044 magnitudinis
2690 4973 2743 5026 in
2774 4971 2950 5036 ctelis,
2974 4979 3287 5029 sanctorum
3322 4968 3584 5029 minister,
3613 4977 3667 5021 et

2102 5063 2430 5119 tabernaculi
2452 5063 2582 5125 veri,
2603 5063 2744 5131 quod
2764 5061 2877 5113 lixit
2894 5059 3170 5123 Dominus,
3189 5068 3243 5112 et
3260 5057 3538 5137 nonhopto
3554 5057 3616 5110 η.
3643 5078 3661 5107 ι

2102 5153 2158 5207 Si
2188 5154 2336 5220 juxta
2366 5151 2504 5206 beati
2563 5149 2713 5203 Pauli
2762 5149 3059 5201 doctrinam
3106 5146 3283 5200 omnis
3310 5144 3564 5199 sacerdos
3600 5146 3665 5196 ad

2099 5244 2428 5299 ollereudum
2457 5244 2594 5296 dona
2644 5251 2698 5296 et
2750 5239 3015 5296 sacriﬁcia
3058 5239 3386 5306 assumitur,
3418 5253 3523 5293 non
3561 5236 3664 5291 sibi

1980 5398 2023 5429 ‘°
2047 5397 2209 5452 llebr.
2237 5412 2298 5463 ιι,
2328 5397 2415 5460 ll,
2453 5396 2536 5450 12.
2619 5396 2657 5427 “
2690 5394 2852 5452 Hebr.
2885 5410 3002 5460 rm,
3043 5394 3094 5459 l,
3126 5393 3183 5452 2.

1489 5552 1657 5608 Varite
1685 5550 1940 5607 lectiomrs
1966 5550 2169 5606 codicis
2208 5548 2569 5619 Segnior-iani.

507 5699 527 5724 ει
558 5685 848 5753 πεφηνότα.
923 5687 952 5728 b
987 5686 1096 5739 ἐπί.
1143 5697 1161 5723 ε
1201 5686 1526 5757 εἰρημένοις.
