3910 6200
276 309 409 367 ιειι
1296 319 1353 373 S.
1395 318 1671 374 CYRILIJ
1711 316 2173 373 ALEXANDRINI
2214 314 2543 371 ARCHIEP.‘
3390 306 3529 365 15η

272 422 431 476 litant
458 423 550 494 qui
583 424 648 478 ad
690 425 982 481 sacerdotii
1028 425 1359 484 iunctionem
1409 431 1846 501 seliguutur,sed

1956 429 2044 481 καὶ
2088 428 2278 491 θυσίας
2330 424 2851 497 παραλαμϐάνεται,
2903 424 3002 494 οὐχ
3052 423 3264 486 ἑαυτοῖς
3313 421 3526 478 τελοῦσι
3594 462 3599 471 ,

277 514 408 578 Deo,
430 516 516 567 cui
557 517 625 569 ah
675 517 924 571 universa
950 533 1216 574 .creatura
1257 520 1438 576 cultus
1469 524 1846 590 veneratioque

1956 520 2050 584 τὰς
2089 519 2345 591 λατρείας
2372 522 2420 571 oi
2453 516 2774 587 καλούμενοι
2804 515 2942 586 πρὸς
2972 513 3294 586 ἱερωσύνην,
3322 513 3443 583 Θεῷ
3469 514 3528 569 δὲ

274 604 605 658 tlebetur2at
635 606 724 674 qui
781 608 888 661 Deo
927 609 1255 673 ministrant,
1287 628 1390 667 non
1440 614 1681 684 ejusdem
1727 629 1847 666 cum

274 696 384 749 Deo
412 698 621 753 ordinis
661 709 842 765 erunt,
877 717 1050 771 neque
1096 704 1323 771 gloriam
1352 708 1759 774 eamdem,qum
1798 706 1848 758 in

275 787 447 855 ipsmn
477 788 647 843 solum
664 792 937 858 convenit,
970 794 1303 861 sortientur;
1333 810 1504 866 ecquo
1532 812 1663 863 ergo
1693 796 1851 850 modo

271 878 539 945 Christus,
563 891 746 936 noster
761 884 996 951 pontifex
1021 886 1266 950 eti‘ectns,
1289 888 1342 941 in
1364 888 1584 943 dextera
1603 889 1693 943 Dei
1716 890 1852 944 assi-

275 968 384 1031 det,
412 968 1088 1043 thronumquemajestatis
1116 978 1167 1029 in
1185 978 1341 1031 cmlis
1369 978 1599 1045 obtinet,
1631 988 1851 1035 sancto-

272 1073 503 1127 numque
530 1079 592 1116 ac
620 1067 835 1132 superni
857 1075 909 1119 et
942 1068 1053 1120 veri
1075 1067 1217 1121 illius
1235 1070 1572 1124 tabernaculi
1591 1072 1849 1125 sacerdos

273 1153 601 1208 constitutus
632 1167 713 1210 est
740 1172 754 1221 ;
785 1168 837 1208 et
864 1156 1016 1210 Patri
1045 1168 1099 1212 et
1138 1159 1329 1229 sibipsi
1358 1176 1578 1231 quoque
1609 1165 1850 1215 omnium

272 1256 467 1312 preces
495 1246 762 1302 olTerens?
806 1248 957 1304 Unus
988 1250 1152 1320 igitur
1181 1264 1263 1306 est
1296 1253 1551 1306 Christus
1580 1252 1634 1307 et
1654 1253 1848 1319 Filius,

277 1336 368 1403 qui
393 1336 607 1404 quidem
647 1349 702 1394 ut
739 1341 970 1400 Deus.in
998 1343 1303 1398 divinitatis
1339 1360 1449 1398 sua:
1483 1346 1677 1399 throno
1723 1361 1856 1399 con-

276 1425 455 1489 sialet;
486 1436 541 1478 ut
566 1445 695 1482 vero
726 1431 903 1484 divina
940 1432 1342 1498 dispensatione
1370 1433 1618 1488 humanae
1646 1444 1854 1487 natura:

276 1518 549 1585 particeps
579 1519 821 1585 etl‘ectus,
849 1522 1079 1577 ministri
1120 1523 1496 1592 pontificisque
1541 1524 1717 1580 locum
1758 1542 1856 1580 no-

278 1623 512 1675 menque
536 1612 759 1665 sortitus
798 1622 901 1666 est.

353 1717 374 1753 ι
402 1697 635 1771 Ideoque
656 1712 710 1757 et
741 1720 839 1758 nos
873 1714 1076 1759 tantam
1110 1706 1371 1763 habentes
1425 1707 1733 1777 impositam
1759 1724 1857 1763 nu-

1953 613 2171 684 μᾶλλον,
2271 611 2330 665 τὸ
2363 609 2515 679 παρὰ
2543 608 2723 676 πάσης
2761 606 2990 670 κτίσεως
3026 605 3302 674 ὀφείλεται
3329 605 3494 669 σέϐας
3513 622 3526 637 ·

1950 707 1979 759 ό
2006 704 2061 756 δὲ
2105 703 2223 773 Θεῷ
2258 700 2610 773 λειτουργῶν,
2657 701 2759 753 οὐκ
2801 701 2859 752 ὲν
2898 694 3009 767 ἴσῳ
3055 697 3239 767 μέτρῳ
3285 697 3533 750 κείσεται

1951 795 2108 860 Θεοῦ,
2150 794 2272 848 οὔτε
2317 794 2420 864 μὴν
2450 792 2549 859 τὴν
2578 790 2729 861 αὑτῷ
2767 790 2861 844 καὶ
2893 789 3039 859 μόνῳ
3080 788 3400 856 πρέπουσαν
3430 804 3529 855 φοι

1956 885 2100 955 ρέσει
2145 883 2322 949 δόξαν.
2370 877 2503 933 Εἶτα
2532 878 2649 943 πῶς
2693 879 2985 949 ἀρχιερεὺς
3033 876 3192 948 ἡμῶν
3233 875 3471 943 γεγονὼς
3503 875 3534 926 ὁ

1952 974 2206 1047 Χριστὸς,
2238 974 2295 1025 ἐν
2325 972 2477 1049 δεξιᾷ
2509 971 2747 1040 κάθηται
2774 969 2870 1021 τοῦ
2905 967 3061 1030 Θεοῦ,
3092 969 3187 1020 καὶ
3220 967 3311 1019 τὸν
3344 965 3535 1036 θρόνον

1953 1066 2067 1136 ἔχει
2109 1071 2209 1135 τῆς
2260 1062 2651 1135 μεγαλωσύνης
2699 1062 2756 1113 ὲν
2798 1062 2909 1123 τοῖς
2950 1059 3235 1129 οὐρανοῖς,
3282 1059 3378 1110 καὶ
3422 1055 3533 1109 τῶν

1956 1157 2123 1226 ἁγίων
2163 1157 2279 1208 ἐστὶ
2313 1154 2649 1224 λειτουργὸς,
2681 1154 2774 1206 καὶ
2806 1154 2904 1221 τῆς
2940 1152 3145 1223 σκηνῆς
3169 1152 3269 1220 τῆς
3298 1152 3411 1204 ἄνω
3439 1152 3534 1202 καὶ

1957 1248 2234 1319 ἀληθινῆς,
2264 1246 2440 1316 ἑαυτῷ
2473 1263 2531 1298 τε
2564 1246 2656 1298 καὶ
2685 1244 2763 1314 τῷ
2802 1245 2976 1314 ῐῐατρὶ
3007 1245 3393 1313 προσκομξζων
3434 1242 3532 1303 τὰς

1956 1341 2107 1412 παρὰ
2149 1341 2366 1395 πάντων
2399 1337 2690 1407 λατρείας;
2734 1333 2826 1400 Εἷς
2866 1336 2973 1406 ἄρα
3003 1336 3120 1388 ἐστὶ
3168 1334 3404 1405 Χριστὸς
3442 1335 3537 1388 καὶ

1943 1434 2105 1497 Υἱὸς,
2143 1431 2451 1502 καθήμενος
2480 1428 2576 1497 μὲν
2606 1428 2802 1490 θεῖκῶς
2834 1430 2892 1479 ὲν
2926 1426 3003 1496 τῷ
3040 1426 3140 1496 τῆς
3171 1426 3307 1483 ἰδίας
3347 1425 3537 1494 θεότη-

1958 1543 2048 1589 τος
2095 1524 2288 1594 θρόνῳ,
2337 1519 2761 1591 κεχρηματικὼς
2788 1520 2846 1573 δὲ
2883 1519 3060 1589 ἱερεὺς
3097 1518 3191 1571 καὶ
3224 1517 3536 1588 λειτουργὸς

1958 1614 2315 1684 οἰκονομικῶς
2339 1613 2425 1665 διὰ
2453 1615 2516 1667 τὸ
2542 1610 2901 1682 ἀνθρώπινον.

2037 1728 2055 1759 ι
2087 1706 2388 1777 Τοιγαροῦν
2424 1706 2517 1759 καὶ
2551 1706 2712 1775 ἡμεῖς
2756 1702 3009 1756 τοσοῦτον
3044 1700 3255 1770 ἔχοντες
3290 1698 3535 1769 περικει-

276 1792 397 1845 hem
424 1795 1025 1869 testium,depouentes
1068 1813 1230 1852 omne
1277 1800 1485 1867 pondus
1516 1810 1568 1872 et
1619 1801 1846 1856 circum-

1962 1814 2121 1870 μενον
2182 1799 2315 1867 ἡμῖν
2377 1796 2542 1865 νέφος
2613 1793 2935 1865 μαρτύρων,
2985 1793 3149 1858 ὄγκον
3207 1791 3537 1860 ἀποθέμενοι

276 1894 427 1937 stans
478 1900 574 1939 nos
613 1896 917 1953 peccatum,
959 1904 1053 1957 per
1098 1882 1417 1961 patientiam
1472 1907 1756 1946 curramus
1787 1892 1855 1946 ad

276 1974 611 2039 propositum
635 1976 791 2030 nobis
821 1990 1118 2041 certamen,
1141 1979 1476 2048 aspicientes
1505 1982 1556 2033 in
1577 1991 1853 2035 auctorem

274 2057 398 2113 ﬁdei
461 2070 515 2115 et
578 2075 1069 2119 consummatorem
1146 2066 1328 2122 Jesnm
1384 2068 1710 2135 Christum,
1763 2074 1852 2138 qui

270 2151 551 2216 proposito
584 2153 685 2205 sibi
727 2154 924 2222 gaudio
958 2156 1218 2210 sustinuit
1263 2173 1501 2223 crucem,
1535 2158 1856 2214 confusione

272 2252 605 2319 contempta,
635 2255 797 2313 atque
841 2246 891 2299 in
934 2249 1153 2302 dextera
1216 2250 1360 2303 sedis
1411 2248 1504 2303 Dei
1549 2252 1701 2304 sedet
1736 2251 1797 2304 ι’.
1832 2269 1849 2302 ι

272 2332 328 2384 Si
364 2331 614 2388 Christus
646 2346 724 2388 est
760 2346 963 2391 tantum
1010 2340 1191 2406 homo,
1222 2350 1274 2394 et
1324 2356 1426 2394 non
1483 2340 1620 2394 Deus
1671 2350 1854 2396 nostra

272 2438 437 2477 carne
466 2440 593 2479 vere
624 2426 865 2491 indutus,
891 2431 1162 2497 quodnam
1224 2431 1477 2499 gaudium
1520 2433 1619 2501 ipsi
1658 2448 1855 2502 propo-

269 2515 433 2571 situm
465 2515 636 2581 dicit;
661 2530 749 2571 aut
767 2524 1034 2589 quomodo
1058 2520 1122 2574 ad
1154 2522 1349 2575 divinae
1364 2523 1660 2592 majestatis
1675 2524 1857 2578 dexte-

272 2621 385 2659 ram
420 2610 700 2664 consedit?
723 2611 885 2679 Atqui
919 2614 1168 2681 gaudium
1194 2621 1310 2666 erat
1341 2616 1415 2669 illi
1455 2617 1790 2685 propositum
1822 2633 1837 2670 :

270 2700 535 2768 siquidem
561 2716 815 2770 suprema
853 2704 927 2757 illi
962 2715 1151 2757 natura
1216 2706 1267 2758 in
1332 2704 1610 2775 perpetuis
1646 2708 1854 2762 deliciis

275 2803 446 2860 usque
462 2800 740 2847 versatur:
766 2802 818 2846 et
850 2807 1098 2861 corpore,
1120 2797 1260 2862 quod
1292 2795 1536 2864 cruciﬁgi
1567 2796 1725 2865 112
1751 2812 1850 2865 po-

275 2886 434 2949 terat,
461 2896 758 2953 assumpto.
790 2901 1007 2940 crucem
1035 2888 1312 2954 sustinuit,
1335 2888 1621 2955 crucisque
1644 2888 1851 2957 suppli-

272 2976 415 3030 cium
451 2992 759 3047 perpessns,
788 2979 894 3032 Deo
912 2991 960 3031 et
995 2979 1142 3034 Patri
1192 2981 1410 3035 dextera
1448 2980 1667 3035 assedit.
1704 2980 1852 3037 Unus

271 3068 499 3137 proinde
549 3071 812 3125 Dominus
854 3069 1014 3126 Jesus
1062 3071 1333 3135 Christus,
1373 3073 1669 3128 crucifixus
1727 3074 1847 3141 qui-

271 3159 395 3213 dem
463 3170 523 3215 ut
597 3161 781 3226 homo,
849 3177 970 3217 cmn
1048 3161 1212 3217 Patre
1287 3178 1417 3217 vero
1485 3178 1717 3233 regnans
1794 3145 1924 3218 utc

275 3248 439 3306 Deus.

593 3362 747 3429 Quod
787 3380 920 3417 unus
965 3362 1140 3419 Filius
1177 3377 1225 3419 et
1269 3364 1544 3425 Dominus.

507 3469 595 3529 Ea:
633 3473 917 3545 Evangelia
957 3479 1243 3531 secundum
1289 3476 1621 3532 Matt/tarum.

345 3602 371 3635 α
404 3581 596 3643 Omnia
628 3587 758 3641 mihi
791 3588 982 3642 tradita
1017 3599 1141 3643 sunt
1168 3605 1195 3641 a
1225 3588 1387 3642 Patre
1418 3604 1537 3643 meo
1564 3607 1578 3643 :
1609 3598 1662 3643 ct
1694 3604 1852 3644 nemo

273 3679 422 3732 novit
451 3677 673 3739 Filium,
701 3679 800 3732 nisi
831 3679 990 3733 Pater
1019 3697 1032 3732 :
1065 3690 1238 3744 neque
1270 3664 1483 3733 Patrem
1515 3681 1637 3750 quis
1669 3681 1848 3744 novit,

270 3765 373 3818 nisi
401 3763 588 3830 Filius,
613 3775 667 3818 et
694 3765 777 3820 cui
802 3767 1033 3821 voluerit
1061 3766 1229 3821 Filius
1262 3769 1521 3823 revelare.
1553 3788 1571 3813 ι
1605 3768 1661 3823 Si
1692 3785 1850 3825 nemo

270 3852 465 3909 Filium
504 3855 683 3923 novit,
723 3857 823 3912 nisi
859 3857 1009 3913 solus
1046 3858 1244 3924 Pater;
1283 3862 1554 3930 quomodo
1591 3872 1717 3915 sunt
1758 3865 1847 3930 qui

270 3945 449 4001 Patris
481 3949 847 4003 testimonium
880 3949 1040 4004 veluti
1076 3940 1348 4004 inlirmum
1382 3951 1709 4019 repudiant?
1740 3954 1845 4007 Us-

268 4039 440 4090 tendit
483 4039 528 4094 is
565 4050 742 4093 autem
783 4040 980 4095 Filium
1022 4058 1178 4096 sumn
1222 4044 1274 4097 in
1311 4042 1549 4097 Jordane
1586 4045 1686 4099 hac
1720 4061 1846 4099 ora-

265 4128 417 4181 tione
455 4145 470 4182 :
515 4146 534 4179 ι
577 4129 704 4194 ilic,
742 4133 948 4201 inquit,
984 4146 1068 4188 est
1104 4133 1272 4190 Filius
1309 4150 1459 4190 meus
1497 4135 1756 4200 dilectus,
1793 4138 1844 4189 in

263 4234 374 4286 quo
417 4221 547 4272 mihi
591 4223 729 4275 bene
773 4225 1165 4295 complacui“.
1213 4244 1233 4279 ι
1280 4227 1442 4296 Atqui
1488 4244 1594 4280 non
1641 4229 1843 4282 nudum

270 4308 506 4364 Verbum
548 4313 618 4364 ob
660 4316 848 4370 oculos
893 4317 1047 4369 nobis
1092 4321 1301 4386 posuit,
1346 4319 1437 4372 sed
1482 4318 1843 4375 incarnatum.

260 4398 451 4471 Neque
478 4399 613 4455 dixit
645 4421 658 4456 :
686 4402 743 4456 In
779 4405 879 4459 hoc
909 4416 991 4458 est
1027 4405 1193 4461 Filius
1225 4424 1376 4462 meus
1408 4409 1665 4473 dilectus;
1698 4413 1792 4462 sed
1826 4430 1839 4464 :

1958 1894 2132 1946 πάντα
2185 1892 2281 1945 καὶ
2324 1891 2420 1960 τὴν
2452 1888 2842 1959 εὐπερίστατον
2888 1884 3186 1954 ἁμαρτίαν,
3228 1884 3295 1936 δι’
3326 1885 3535 1953 ὑπομο-

1956 1983 2051 2051 νῆς
2098 1981 2380 2051 τρέχωμεν
2415 1978 2504 2031 τὸν
2539 1976 2898 2046 προκείμενον
2946 1976 3080 2045 ἡμῖν
3142 1974 3368 2041 ἀγῶνα,
3426 1976 3535 2043 ἀφο

1955 2072 2187 2138 ορῶντες
2219 2073 2297 2133 εὶς
2331 2070 2421 2122 τὸν
2438 2069 2538 2138 τῆς
2565 2069 2803 2129 πίστεως
2836 2065 3080 2135 ἀρχηγὸν
3112 2066 3205 2117 καὶ
3245 2065 3539 2136 τελειωτὴν

1968 2161 2176 2231 Ἰησοῦν
2228 2161 2492 2233 Χριστόν·
2534 2159 2592 2219 ὃς
2645 2159 2761 2211 ἀντὶ
2813 2156 2915 2227 τῆς
2964 2156 3334 2227 προκειμένης
3387 2158 3538 2228 αὐτῷ

1957 2258 2130 2327 χαρᾶς
2182 2255 2444 2324 ὑπέμεινε
2485 2252 2736 2323 σταυρὸν,
2774 2250 3039 2321 αἰσχύνης
3084 2253 3534 2318 καταφρονήσας,

1959 2351 2051 2402 καί
2090 2352 2148 2402 ὲν
2181 2346 2331 2419 δεξιᾷ
2383 2347 2475 2401 τοῦ
2513 2345 2702 2415 θρόνου
2740 2342 2833 2396 τοῦ
2884 2342 3021 2396 Θεοῦ
3069 2342 3382 2396 κεκάθικεν.
3409 2362 3427 2393 ι
3474 2345 3536 2396 Εἰ

1957 2441 2134 2503 κοινὸς
2166 2439 2449 2511 ἄνθρωπος
2476 2440 2503 2489 6
2536 2435 2790 2506 Χριστὸς,
2828 2434 2921 2487 καὶ
2951 2436 3012 2487 οὐ
3045 2434 3177 2497 Θεὸς
3207 2433 3445 2503 άληθῶς,
3480 2436 3539 2486 ἐν

1959 2531 2123 2602 σαρκί
2166 2548 2224 2583 τε
2275 2528 2603 2598 καθ’ήμᾶς,
2642 2527 2799 2579 ποίαν
2839 2526 2988 2596 αὐτῷ
3040 2524 3361 2596 προχεῖσθαί
3404 2542 3541 2594 φησι

1956 2621 2054 2692 τὴν
2097 2621 2305 2690 χαράνς
2345 2618 2377 2687 ἢ
2422 2618 2539 2680 πῶς
2583 2618 2876 2670 κεκάθικεν
2916 2617 2975 2669 ὲν
3015 2615 3164 2686 δεξιᾷ
3206 2615 3300 2667 τοῦ
3343 2615 3540 2684 θρόνου

1953 2713 2047 2766 τοῦ
2081 2712 2250 2778 Θεοῦ;
2287 2709 2449 2763 Ἀλλὰ
2484 2709 2590 2780 μὴν
2632 2708 2922 2778 προῦκειτό
2956 2726 3015 2761 τε
3047 2707 3195 2777 αὖτῷ
3222 2707 3362 2778 χαρὰ
3420 2706 3541 2776 (καὶ

1954 2806 2062 2875 γάρ
2108 2806 2254 2856 ἐστιν
2316 2803 2375 2855 ἐν
2423 2801 2823 2870 ἀκαταλήκτοις
2866 2798 3157 2869 θυμηδίαις
3195 2800 3227 2867 ἡ
3276 2796 3540 2849 ἀνωτάτω

1954 2893 2160 2966 φύσις),
2188 2894 2446 2965 ὑπέμεινε
2475 2892 2531 2945 δὲ
2568 2891 2820 2963 σταυρὸν,
2851 2890 2913 2942 τὸ
2956 2887 3332 2959 σταυριιιθῆναι
3371 2886 3534 2939 δυνά-

1957 3001 2113 3054 μενον
2151 2983 2279 3035 ῖδιον
2317 2981 2683 3051 ποιησάμενος
2730 2977 2916 3048 crint:-
2950 2978 3041 3030 καὶ
3069 2976 3233 3038 αὐτὸς
3267 2976 3295 3027 6
3336 2977 3534 3026 ἐσταυ-

1957 3075 2200 3145 ρωμένος
2241 3073 2530 3126 κεκάθικεν
2563 3076 2620 3123 ὲν
2658 3070 2817 3140 δεξιᾷ,
2833 3068 2926 3121 τοῦ
2965 3067 3101 3122 Θεοῦ
3133 3069 3229 3121 καὶ
3272 3066 3486 3137 Πατρός
3511 3108 3529 3123 .

1961 3161 2051 3228 Εἷς
2098 3167 2206 3234 ἄρα
2254 3164 2458 3235 Κύριος
2496 3161 2704 3232 Ἰησοῦς
2746 3161 3012 3231 Χριστὸς,
3063 3158 3397 3229 σταυρωθεὶς
3438 3158 3539 3228 μὲν

1957 3255 2696 3331 ἀνθρωπίνωςρσυνεδρεύων
2723 3254 2779 3307 δὲ
2811 3251 3007 3314 θεῖκῶς
3034 3251 3113 3321 τῷ
3143 3250 3338 3319 Πατρὶ.

2332 3370 2455 3423 Ὅτι
2482 3363 2570 3431 εἷς
2607 3367 2738 3430 Υἱὸς
2771 3365 2869 3419 καὶ
2913 3367 3153 3433 Κύριος.

2345 3482 2447 3535 Ἐκ
2488 3478 2594 3535 τοῦ
2634 3477 2785 3532 κατὰ
2819 3475 3144 3531 Ματθαῖον.

2030 3610 2050 3645 ι
2094 3593 2276 3646 Πάντα
2311 3608 2401 3661 μοι
2430 3589 2702 3661 παρεδόθη
2746 3587 2853 3641 ὑπὸ
2878 3586 2973 3639 τοῦ
3007 3586 3221 3656 Πατρός
3258 3602 3362 3655 μου
3389 3601 3405 3617 ο
3443 3587 3541 3638 καὶ

1951 3685 2125 3747 οὐδεὶς
2157 3682 2413 3753 γινώσκει
2452 3681 2544 3734 τὸν
2579 3681 2726 3744 Υιδν,
2762 3681 2809 3732 εἱ
2842 3679 2915 3749 μὴ
2948 3680 2976 3731 ό
3004 3679 3196 3746 Πατήρ
3216 3694 3231 3707 ·
3265 3676 3388 3730 οὐδὲ
3433 3678 3528 3729 τὸν

1953 3774 2171 3844 Πατέρα
2200 3790 2286 3836 τις
2309 3770 2592 3840 γινώσκει,
2621 3771 2670 3822 εἰ
2704 3769 2777 3840 μὴ
2809 3769 2837 3820 6
2863 3766 3013 3830 Υἱὸς,
3045 3768 3142 3820 καὶ
3165 3760 3211 3833 ᾧ
3248 3767 3314 3820 ἂν
3339 3766 3542 3835 βούλη-

1951 3885 2040 3920 ται
2072 3868 2101 3920 6
2138 3866 2268 3927 Υἱὸς
2309 3861 2679 3932 ἀποκαλύψαι.
2723 3879 2742 3913 ι
2778 3860 3003 3923 Οὐδενὸς
3052 3858 3412 3927 γινώσκοντος
3444 3859 3542 3911 τὸν

1950 3957 2100 4022 Υἰὸν,
2131 3956 2178 4008 ει
2213 3955 2286 4025 μὴ
2329 3954 2494 4023 μόνου
2526 3950 2622 4005 τοῦ
2663 3950 2896 4022 Πατρός,
2944 3950 3060 4012 πῶς
3092 3948 3343 4003 ἁθετοῦσξ
3387 3967 3542 4014 τινες

1950 4048 2050 4118 τὴν
2083 4047 2177 4100 τοῦ
2205 4044 2420 4116 Πατρδς
2449 4042 2784 4114 μαρτυρίαν;
2831 4040 3110 4106 ’Υπέδειξε
3137 4040 3247 4111 γὰρ
3279 4040 3372 4092 τὸν
3402 4040 3540 4093 ἴδιον

1951 4136 2079 4190 Υἱὸν
2131 4136 2189 4187 ὲν
2220 4132 2298 4205 τῷ
2342 4133 2608 4205 Ἰορδάνῃ,
2638 4131 2813 4199 λέγων
2835 4148 2850 4163 ο
2884 4150 2902 4182 ι
2940 4125 3108 4192 Οὗτός
3143 4132 3291 4183 ἔστιν
3336 4132 3367 4184 6
3403 4130 3539 4196 Υἱός

1951 4246 2050 4298 μου
2083 4229 2122 4281 6.
2141 4225 2444 4294 ἀγαπητὸς,
2485 4224 2544 4275 ὲν
2573 4216 2617 4290 ᾧ
2663 4221 2964 4293 ηὑδόκησα.
2996 4240 3015 4273 ι
3070 4221 3211 4274 Ἀλλ’
3232 4222 3293 4274 οὐ
3321 4224 3537 4293 γυμνὸν

1947 4319 2083 4385 ἡμῖν
2112 4312 2401 4386 παρέδειξε
2427 4313 2518 4366 τὸν
2542 4313 2674 4365 [διον
2697 4312 2889 4380 Λόγον,
2915 4311 3028 4365 ἀλλ’
3051 4311 3318 4365 ἑνωθέντα
3343 4315 3533 4383 σαρκὶ.

1948 4408 2057 4461 Καὶ
2104 4407 2208 4459 οὐκ
2253 4404 2499 4475 εἴρηκεν,
2528 4403 2610 4456 ὅτι
2644 4403 2732 4455 Ἐν
2769 4401 2943 4473 τούτῳ
2975 4403 3122 4454 ἐστὶν
3166 4405 3194 4455 ό
3229 4402 3360 4463 Υἱός
3388 4422 3492 4472 μου
3514 4444 3531 4465 ,

260 4488 387 4556 ilic,
412 4506 572 4560 quem
602 4508 784 4546 coram
813 4496 1035 4549 cernitis
1065 4497 1115 4548 in
1144 4511 1329 4565 carne,
1357 4508 1439 4552 cst
1472 4499 1638 4552 Filius
1670 4516 1841 4556 mens.

1956 4497 2086 4560 ἀλλ’,
2128 4516 2146 4546 ι
2185 4472 2558 4559 Οὗτόςνὲστιν,
2596 4512 2614 4543 ι
2645 4494 2673 4545 ό
2703 4492 2843 4562 μετὰ
2890 4472 3117 4563 σαρκός.
3148 4488 3245 4557 Εἷς
3276 4494 3386 4563 ἄρα
3431 4496 3530 4547 καὶ

266 4578 417 4639 Unus
444 4582 628 4654 itaque
659 4595 740 4639 est
772 4583 1033 4638 Dominus
1063 4595 1117 4639 et
1146 4583 1336 4640 Filius.

524 4695 609 4751 Ex
646 4697 929 4770 Evangelia
964 4701 1248 4755 secundum
1277 4700 1559 4756 Joannem.

335 4824 357 4862 ι
392 4805 523 4863 Erat
556 4807 648 4863 lux
677 4824 823 4872 vera,
857 4825 976 4879 quae
1010 4811 1277 4865 illuminat
1312 4827 1525 4867 omnem
1562 4812 1834 4881 hominem

255 4899 567 4959 venientem
616 4901 670 4957 in
722 4903 868 4958 hunc
916 4904 1196 4958 mundum.
1240 4902 1300 4958 lu
1352 4904 1554 4975 mundo
1598 4914 1737 4971 erat,
1783 4914 1839 4959 et

167 5040 176 5048 .
259 4996 491 5049 mundus
524 5009 622 5064 per
656 4994 829 5063 ipsum
867 4995 1040 5050 factus
1070 5004 1174 5060 est,
1211 5005 1268 5050 et
1301 4997 1532 5051 mundus
1566 5009 1690 5051 eum
1729 5013 1835 5050 non

255 5087 526 5151 cognovit.
565 5087 622 5140 In
658 5087 872 5156 prollria
908 5089 1073 5153 venit,
1105 5099 1159 5141 et
1195 5089 1278 5142 sui
1312 5102 1436 5144 eum
1471 5104 1575 5162 non
1613 5103 1835 5158 recepe-

257 5186 386 5228 runt
415 5176 430 5208 ¹
462 5214 476 5228 .
501 5195 522 5230 ι
553 5177 692 5234 Ecce
725 5192 981 5235 accurate
1002 5183 1069 5236 de
1092 5182 1286 5235 divinis
1321 5181 1614 5245 disserens,
1650 5189 1705 5236 et
1739 5195 1834 5248 per

256 5261 427 5314 lucem
454 5278 636 5318 veram
666 5266 953 5323 illuminari
980 5285 1193 5325 omnem
1223 5271 1497 5325 hominem
1524 5269 1828 5324 venientem

255 5351 307 5406 in
334 5352 475 5407 hunc
498 5359 750 5411 mundum
774 5357 1068 5425 aﬂirmans,
1092 5361 1374 5430 ipsumque
1391 5375 1530 5426 esse,
1557 5376 1651 5431 per
1669 5374 1828 5430 quem

258 5444 491 5499 mundus
519 5454 601 5497 est
630 5448 898 5512 conditus,
948 5451 1089 5506 hunc
1117 5453 1364 5505 eumdem
1395 5452 1448 5506 in
1483 5451 1698 5521 propria
1731 5466 1823 5505 ve-

255 5536 400 5590 nisse
431 5537 702 5605 praedicat.
728 5536 883 5593 Venit
914 5552 1091 5594 autem
1125 5540 1443 5610 Unigenitus
1469 5543 1643 5595 factus
1671 5542 1829 5596 homo

325 5690 370 5721 ι’
396 5690 558 5744 llehr.
593 5704 688 5751 ιιιι,
728 5691 774 5753 ι,
806 5690 857 5741 Et.
937 5693 978 5722 ¹³
1005 5695 1196 5747 Matth.
1232 5709 1313 5759 τι,
1337 5695 1427 5747 27.

1949 4588 2153 4659 Κύριος
2182 4587 2274 4641 καὶ
2304 4585 2453 4648 Υἱός.

2157 4699 2252 4751 Ἐκ
2290 4697 2393 4750 τοῦ
2420 4694 2572 4749 κατὰ
2615 4694 2892 4762 Ἰωάννην
2925 4695 3315 4765 Etiamsi/av.

2019 4832 2036 4863 ι
2071 4805 2181 4863 Ἦν
2221 4809 2284 4862 τὸ
2312 4807 2428 4878 φῶς
2460 4807 2521 4861 τὺ
2566 4806 2839 4877 ἀληθινὸν,
2885 4805 2913 4859 δ
2942 4806 3167 4876 φωτίζει
3210 4809 3389 4862 πάντα
3430 4812 3530 4864 ἄν.

1941 4904 2158 4976 θρωπον
2195 4902 2490 4974 ἐρχόμενον
2517 4902 2597 4964 εἰς
2618 4900 2710 4953 τὸν
2734 4901 2958 4972 κόσμον.
3002 4902 3090 4954 Ἐν
3116 4900 3192 4970 τῷ
3222 4902 3414 4971 κόσμῳ
3435 4898 3529 4973 ἦν,

1940 4996 2035 5050 καὶ
2063 4997 2091 5048 6
2114 4993 2317 5065 κόσμος
2338 4992 2404 5046 δι’
2434 4991 2598 5046 αὑτοῦ
2644 4988 2880 5059 ἐγένετο.
2906 4991 3000 5045 καὶ
3041 4995 3070 5046 ό
3114 4992 3315 5061 κόσμος
3358 4994 3529 5054 αὑτὸν

1940 5088 2038 5141 οὐκ
2067 5084 2228 5154 ἔγνω.
2257 5085 2347 5147 Εἰς
2367 5083 2434 5136 τὰ
2459 5080 2564 5136 ἴδια
2586 5078 2741 5153 ἦλθε,
2762 5084 2856 5136 καλ¹
2870 5084 2917 5135 οἱ
2943 5083 3064 5135 ἴδιοι
3091 5082 3252 5135 αὐτὸν
3280 5083 3343 5136 οὐ
3374 5101 3527 5155 παρ-

1941 5178 2150 5232 έλαϐον.
2189 5197 2207 5229 ι
2268 5176 2609 5245 Θεολογήσας
2634 5175 2970 5246 ἀρκούντως,
2995 5175 3086 5228 καὶ
3108 5174 3196 5228 διὰ
3222 5174 3317 5227 τοῦ
3344 5177 3529 5244 φωτὸς

1936 5267 2032 5321 τοῦ
2062 5266 2317 5337 ἀληθινοῦ
2342 5264 2680 5333 πεφωτίσθαι
2711 5265 2888 5318 πάντα
2921 5263 3205 5334 ἄνθρωπον
3226 5265 3527 5336 ἐρχόμενον

1938 5362 2019 5422 εἰς
2047 5358 2137 5411 τὸν
2185 5358 2388 5425 κόσμον
2413 5355 2602 5417 εἰπὼν,
2638 5356 2735 5409 καὶ
2762 5355 2828 5408 δι’
2872 5354 3037 5408 αὑτοῦ
3077 5355 3238 5409 αὐτόν
3287 5357 3523 5427 πεποιῆ-

1939 5447 2063 5500 σθαι
2117 5445 2208 5498 τὸν
2235 5445 2461 5515 κόσμον,
2497 5447 2575 5507 εἰς
2627 5446 2694 5497 τὰ
2744 5445 2850 5497 ἴδιά
2890 5462 3053 5514 φησιν
3099 5443 3262 5496 αὐτὸν
3318 5442 3515 5498 ἐλθεῖν.

1937 5534 2108 5590 Ἦλθε
2146 5537 2203 5589 δὲ
2242 5536 2479 5603 γεγονὼς
2522 5536 2807 5606 ἄνθρωπος
2851 5539 2878 5590 ὁ
2923 5533 3230 5605 Μονογενὴς
3266 5533 3341 5598 ὡς
3381 5535 3521 5605 πρξ

1511 5697 1551 5727 ⁸⁸
1582 5696 1769 5751 Matth.
1796 5696 1847 5759 5,
1881 5694 1963 5748 l7.
2045 5696 2086 5727 "
2108 5694 2260 5769 Joan’.
2303 5709 2338 5758 ι,
2365 5695 2416 5760 9,
2459 5692 2539 5747 l0.
