3910 6200
392 253 528 306 1713

1482 258 1568 312 DE
1606 257 1830 312 RECTA
1877 257 2031 312 FIDE
2069 259 2158 313 AD
2200 259 2516 315 REGINAS.

3523 270 3658 323 l5”

391 373 574 431 ié’ou;,
629 373 722 423 καὶ
781 357 886 443 πρό
948 392 1006 444 γε
1069 377 1175 429 τῶν
1233 373 1406 428 ἄλλων
1446 374 1569 436 τοὺς
1625 373 1682 440 ἐξ
1738 374 1968 443 αἵματος

2079 384 2333 444 tanquam
2367 377 2433 430 ad
2464 392 2616 442 suos,
2643 388 2696 434 et
2729 381 2998 450 praecipue
3029 383 3094 436 ad
3129 383 3408 438 Israelitiei
3440 390 3656 455 sangui-

400 462 434 513 Ἰ
455 460 635 532 τραήλ.
674 464 802 515 Ὅτε
837 466 1016 519 τοίνυν
1042 469 1200 530 αὐτός
1229 469 1344 519 ἐστι
1378 466 1438 516 τὸ
1462 466 1575 532 φῶς
1606 467 1667 518 τὸ
1691 466 1968 536 ἀληθινὸν,

389 552 418 602 6
453 549 519 602 δι’
547 547 608 604 οὗ
642 553 707 605 τὰ
758 555 933 608 πάντα
976 557 1092 627 (καὶ
1125 556 1286 618 αὐτός
1330 557 1477 607 ἐστιν
1524 556 1552 606 6
1589 555 1729 625 μετὰ
1770 554 1972 626 σαρκὸς

385 641 555 693 ἐλθὼν
592 644 672 705 εἰς
711 645 780 696 τὰ
811 644 947 698 ἴδια·
978 648 1093 710 πῶς
1137 649 1237 700 ούκ
1270 646 1566 713 ἀναγκαῖον
1609 645 1704 698 ἕνα
1735 645 1972 715 Χριστὸν

385 735 478 788 καὶ
512 734 638 788 mu
667 735 953 804 ὁμολογεῖν
976 754 990 800 ;

461 845 479 877 t
531 829 644 880 Καὶ
685 830 713 879 6
738 828 908 896 Λόγος
957 827 1094 896 σὰρξ
1145 829 1384 897 ἐγένετο,
1426 827 1524 881 καὶ
1568 828 1876 898 ἐσκήνωσεν
1914 830 1970 881 ὲν

389 921 544 991 ἡμῖν.
591 921 684 973 καὶ
718 919 1063 990 ἐθεασάμεθα
1100 922 1199 992 τὴν
1252 921 1410 986 δόξαν
1463 919 1650 981 αὑτοῦ,
1692 919 1849 984 δόξαν
1895 920 1970 983 ὡς

391 1011 728 1078 Μονογενοῦς
759 1011 908 1081 παρὰ
948 1012 1183 1082 Πατρός)
1221 1013 1434 1084 πλήρης
1460 1013 1684 1083 χάριτος
1710 1013 1804 1064 καὶ
1837 1012 1970 1081 ἀλη-

385 1101 552 1164 θείας.
596 1120 612 1152 ι
656 1103 716 1154 Εἰ
748 1101 940 1170 γέγονε
972 1103 1108 1172 σὰρξ
1130 1105 1158 1154 6
1189 1104 1380 1172 Λόγος,
1405 1104 1650 1156 τουτέστι
1675 1102 1966 1172 παραπληο

385 1192 514 1255 σὶως
545 1193 677 1261 ἡμῖν
722 1193 984 1263 μετέσχεν
1022 1195 1255 1264 αἵματος
1285 1196 1378 1247 καὶ
1428 1196 1648 1266 σαρκὸς,
1679 1195 1770 1248 καὶ
1807 1198 1971 1266 σπέρ-

386 1301 556 1352 ματος
590 1284 839 1355 Ἀδραὰμ
863 1285 1186 1347 ἐπελάϐετο,
1213 1287 1298 1338 ἵνα
1322 1286 1463 1339 κατὰ
1490 1286 1668 1340 πάντα
1691 1290 1802 1349 τοῖς
1825 1287 1970 1339 ἁδελ-

385 1379 504 1444 φοῖς
550 1375 823 1447 ὀμοιωθῇ·
860 1376 976 1440 πῶς
1011 1377 1076 1430 ἂν
1123 1378 1414 1430 ἐνδοιάσειέ
1447 1395 1530 1440 τις
1578 1379 1660 1429 ὃτι
1692 1378 1969 1447 μεμένηκε

383 1469 576 1536 Λόγος,
606 1467 700 1519 καὶ
736 1468 873 1538 σὰρξ
905 1468 1177 1537 γεγονὼς;
1214 1472 1517 1539 ’Ἂτρεπτος
1540 1469 1650 1541 γάρ
1675 1472 1707 1537 ἡ
1737 1470 1829 1522 τοῦ
1865 1471 1968 1522 Λό-

383 1577 482 1627 γου
510 1559 694 1627 φύσις.
726 1561 836 1612 Καὶ
871 1561 917 1611 εξ
952 1562 1362 1631 κεχρημάτικεν
1394 1561 1550 1630 ἡμῶν
1579 1561 1827 1628 ἀδελφὸς,
1854 1560 1970 1624 πῶς

383 1651 723 1718 Μονογενοῦς
752 1649 866 1722 ἔχει
903 1651 1095 1717 δόξαν;
1133 1652 1342 1705 Οὐκοῦν
1366 1651 1466 1704 κᾶν
1503 1652 1551 1704 εἰ
1585 1651 1774 1719 γέγονε
1812 1651 1968 1721 σὰρξ,

2075 468 2160 521 nis
2201 466 2465 522 homines.
2503 469 2639 525 Cum
2686 487 2813 541 ergo
2855 475 2968 542 ipse
3008 479 3079 528 slt
3124 476 3210 529 lux
3243 477 3340 530 illa
3378 492 3524 544 vera,
3564 495 3658 546 per

2073 572 2231 625 quem
2255 560 2434 612 omnia
2463 571 2586 614 sunt
2611 564 2826 616 condita
2847 582 2862 630 ;
2887 581 3119 636 cumque
3145 567 3233 620 ille
3258 570 3348 631 sil,
3374 570 3462 636 qui
3495 585 3661 622 carne

2074 647 2293 702 indutus
2320 651 2468 704 venit
2501 651 2550 704 in
2585 656 2800 722 propria
2833 673 2848 708 :
2879 659 3146 723 quomodo
3174 673 3514 727 consequens
3549 675 3656 713 non

2073 748 2186 802 est,
2215 747 2273 791 ut
2301 754 2464 794 unum
2496 741 2771 797 Christum
2805 757 2857 800 et
2894 745 3090 812 Filium
3121 749 3517 816 conliteaninr?

2150 847 2167 878 ‹
2208 829 2270 883 Ει
2291 828 2526 885 Verbum
2555 848 2682 890 caro
2715 835 2915 912 facturn
2947 848 3059 902 est,
3090 848 3143 892 et
3172 839 3440 892 ltabitavit
3474 840 3524 892 in
3559 855 3658 893 no-

2073 920 2183 987 bis,
2210 932 2263 975 et
2289 923 2522 979 vidimus
2540 926 2764 994 gloriam
2785 926 2924 995 ejus,
2950 930 3174 995 gloriam
3203 931 3356 999 quasi
3391 929 3658 999 Unigeniti

2073 1029 2102 1066 a
2138 1013 2323 1079 Patre,
2371 1015 2584 1083 plenum
2621 1019 2807 1084 gratim
2840 1002 2895 1072 et
2926 1019 3166 1072 veritatis
3194 1019 3255 1070 ¹⁶.
3281 1037 3300 1070 ›
3339 1021 3394 1072 Si
3425 1019 3658 1073 Verbum

2075 1108 2271 1160 lactant
2308 1117 2393 1162 est
2429 1124 2577 1173 raro,
2610 1111 2878 1178 caruique
2909 1124 2962 1164 et
2996 1112 3245 1181 sanguini
3278 1127 3429 1177 mque
3464 1126 3526 1164 ac
3561 1126 3660 1163 nos

2072 1199 2514 1262 communicavit,
2559 1201 2715 1270 113
2757 1217 2820 1255 ac
2863 1218 3044 1256 semen
3083 1204 3316 1257 Abrahae
3354 1202 3658 1272 apprehen-

2073 1289 2171 1352 dit,
2205 1304 2310 1357 quo
2350 1291 2606 1344 nimirmn
2645 1309 2739 1360 per
2771 1296 2956 1348 omnia
2995 1295 3256 1351 fratribus
3293 1295 3406 1350 suis
3440 1295 3660 1349 assimi-

2073 1376 2278 1432 laretnr
2304 1379 2345 1408 ”
2368 1419 2382 1444 ,
2417 1381 2538 1448 quis
2571 1382 2782 1436 dubitet
2825 1384 2953 1451 quin
3023 1384 3074 1437 id
3115 1385 3273 1452 plane
3306 1384 3663 1451 permanserit

2072 1471 2213 1538 quod
2244 1481 2387 1531 erat.
2422 1473 2635 1525 etiamsi
2670 1489 2796 1527 caro
2830 1475 3027 1528 factum
3062 1476 3166 1530 sit?
3197 1476 3474 1545 Siquidem
3509 1475 3651 1530 nulla

2075 1562 2125 1614 in
2148 1563 2306 1616 Verbi
2338 1575 2590 1616 naturam
2621 1565 2815 1618 cadere
2840 1576 3019 1632 potest
3047 1568 3300 1620 nmtatio.
3323 1567 3408 1628 Et,
3431 1569 3475 1618 si
3497 1566 3663 1619 frater

2075 1663 2259 1706 noster
2283 1664 2387 1717 est,
2418 1656 2692 1722 quomodo
2720 1653 2994 1728 Unigeniti
3026 1658 3254 1726 gloriam
3287 1657 3486 1710 habet?
3518 1656 3663 1710 Sane

379 1741 532 1795 οὐδὲν
563 1738 726 1812 ἧττόν
761 1745 876 1796 ἐστι
911 1741 1042 1806 Θεός
1065 1761 1078 1774 ·
1109 1744 1202 1795 καὶ
1227 1743 1540 1814 Μονογενὴς
1573 1743 1671 1813 μὲν
1714 1743 1788 1806 ὡς
1817 1743 1968 1807 Θεὸς,

2079 1742 2202 1796 licet
2239 1742 2438 1796 factum
2481 1746 2552 1797 sit
2593 1759 2744 1809 caro,
2781 1743 2923 1800 Deus
2959 1757 3135 1801 tamen
3173 1764 3292 1802 esse
3333 1762 3439 1801 non
3479 1747 3657 1801 desiit.

383 1834 726 1906 πρωτότοκος
756 1834 810 1886 δὲ
840 1833 928 1887 διά
954 1834 1044 1887 τὸν
1075 1833 1419 1905 ἀνθρώπινον
1445 1835 1700 1904 σταυρόν.

465 2008 718 2079 Ἰωάννης
749 2014 1019 2081 μαρτυρεῖ
1065 2013 1193 2082 περὶ
1239 2013 1428 2073 αὑτοῦ,
1473 2015 1567 2065 καὶ
1613 2013 1853 2082 κέκραγε
1884 2012 1970 2064 λέ-

385 2116 530 2168 γων’
573 2120 590 2152 ι
629 2095 798 2165 Οὗτος
835 2094 924 2172 ἦν,
957 2103 1015 2154 ὃν
1063 2099 1216 2156 εἷπον
1243 2120 1255 2135 ·
1301 2103 1358 2156 Ὁ
1380 2104 1556 2156 ὀπίσω
1604 2121 1705 2172 μου
1744 2103 1974 2173 ἐρχόμε-

389 2208 501 2256 νος,
536 2191 843 2265 ἔμπροσθὲν
877 2212 977 2265 μου
1007 2195 1250 2263 γέγονεν,
1273 2197 1354 2249 ὅτι
1385 2196 1599 2264 πρῶτός
1628 2212 1730 2264 μου
1761 2190 1830 2263 ἦν
1851 2211 1862 2222 '
1890 2196 1973 2248 ὅτι

381 2289 446 2338 ἐκ
477 2285 569 2339 τοῦ
604 2286 977 2357 πληρώματος
1007 2287 1173 2340 αὑτοῦ
1198 2289 1360 2357 ἡμεῖς
1393 2289 1596 2348 πάντες
1626 2286 1916 2356 ἐλάϐομεν.
1947 2307 1966 2337 ι

392 2379 644 2450 Ἰωάννης
678 2379 812 2446 φησι
846 2378 975 2447 περὶ
1026 2377 1120 2430 τοῦ
1163 2376 1430 2447 Χριστοῦ·
1471 2396 1488 2427 ο
1541 2377 1598 2430 '0
1648 2377 1828 2430 ὀπίσω
1867 2396 1970 2448 μου

385 2466 680 2534 ἐρχόμενος
730 2483 748 2517 ι
790 2465 1112 2534 (τουτέστιν,
1152 2465 1209 2519 Ὀ
1242 2467 1360 2534 μετ’
1391 2464 1490 2534 ἐμὲ
1529 2464 1933 2534 φανερούμενος
1961 2482 1973 2494 ·

382 2554 441 2606 ὃν
458 2554 615 2616 αὐτὸς
640 2553 872 2624 ἐκήρυξε
901 2554 1163 2620 δηλονότι,
1183 2573 1200 2604 ι
1229 2551 1538 2624 ἔμπροσθέν
1559 2569 1662 2621 μου
1681 2552 1921 2622 γέγονε),
1947 2572 1964 2604 ι

380 2646 627 2698 τουτέστι
660 2645 957 2717 πρωτεύων
994 2647 1132 2698 κατὰ
1155 2645 1253 2716 τὴν
1287 2644 1476 2710 δόξανο
1513 2645 1606 2697 καὶ
1635 2645 1744 2714 γὰρ
1767 2641 1835 2715 ἦν
1879 2646 1973 2698 καὶ

380 2739 438 2789 ἐν
460 2737 689 2807 ὑπάρξει
719 2737 956 2807 πρῶτος,
986 2735 1060 2800 ὼς
1088 2737 1239 2799 Θεός.
1273 2737 1397 2798 Πῶς
1424 2732 1516 2788 οὖν
1543 2737 1660 2806 μετ’
1707 2737 1868 2789 αὑτὸν
1901 2737 1972 2809 [ὁ]

381 2829 488 2898 πρὸ
517 2827 681 2880 αὐτοῦ
740 2831 884 2881 κατὰ
905 2829 1140 2898 -χρόνονς
1182 2827 1303 2880 Ὅτι
1332 2828 1463 2890 Θεὸς
1494 2822 1560 2897 ἦν
1586 2830 1615 2880 6
1652 2829 1847 2896 Λόγος,
1878 2831 1973 2883 καὶ

381 2918 574 2983 γέγονε
627 2916 797 2988 σάρξ·
847 2918 986 2988 ἔχων
1017 2917 1117 2988 μὲν
1148 2917 1208 2970 τὸ
1239 2918 1562 2987 πρωτεύειν,
1616 2919 1753 2971 καθὸ
1801 2920 1974 2988 Λόγος

383 3009 536 3060 ἐστί’
587 3008 918 3079 δευτερεύων
957 3009 1012 3061 δὲ
1041 3010 1182 3062 κατὰ
1230 3009 1331 3080 τὴν
1361 3009 1560 3080 σάρκα.
1596 3011 1658 3061 Εἰ
1694 3011 1750 3062 δὲ
1782 3011 1876 3064 καὶ
1906 3014 1970 3064 ὲκ

2080 1833 2399 1899 Unigenitus
2431 1836 2656 1903 proinde
2689 1847 2772 1890 est
2802 1847 2860 1891 ut
2889 1837 3071 1904 Deus;
3106 1841 3497 1909 primogenitus
3529 1854 3659 1893 vero

2077 1931 2296 1994 propter
2323 1940 2540 1979 crucem
2575 1926 2894 1982 humanitus
2924 1941 3258 1997 susceptam.

2146 2015 2382 2071 Joannes
2420 2008 2789 2072 testimonium
2827 2020 3074 2088 perhibet
3106 2022 3171 2072 de
3205 2022 3342 2090 ipso,
3373 2035 3427 2078 et
3459 2027 3661 2081 clamat

2074 2106 2259 2162 dicens
2293 2126 2306 2162 :
2347 2125 2366 2158 ι
2405 2105 2504 2163 Hic
2537 2119 2656 2162 erat
2687 2123 2847 2177 quem
2879 2111 2989 2162 dixi
3023 2131 3036 2164 :
3069 2111 3173 2177 Qui
3205 2123 3327 2181 post
3358 2130 3442 2170 me
3469 2125 3661 2171 ventu-

2074 2213 2170 2252 rus
2199 2206 2319 2262 est,
2352 2208 2478 2253 ante
2509 2215 2594 2252 me
2626 2198 2800 2255 factus
2831 2209 2946 2263 est,
2977 2203 3102 2270 quia
3133 2205 3282 2272 prior
3309 2221 3394 2259 me
3423 2218 3563 2261 erat.
3590 2207 3659 2260 Et

2074 2288 2140 2342 de
2159 2287 2489 2355 plenitudine
2507 2289 2623 2358 ejus
2644 2306 2740 2344 nos
2759 2306 2948 2344 onmes
2963 2293 3274 2360 accepimus
3291 2293 3357 2349 ¹⁸.
3383 2314 3402 2346 ι
3425 2296 3661 2352 Joannes

2072 2375 2138 2430 de
2164 2376 2380 2429 Christo
2406 2376 2479 2428 ait
2506 2390 2520 2428 :
2553 2395 2570 2426 ‹
2607 2377 2708 2442 Qui
2739 2386 2858 2444 post
2884 2393 2968 2431 me
2992 2379 3174 2440 venit,
3209 2398 3227 2430 ι
3263 2381 3365 2434 hoc
3393 2393 3505 2448 est,
3535 2393 3658 2453 post

2074 2476 2160 2516 nte
2191 2461 2584 2526 manifestatum,
2613 2479 2772 2531 quem
2801 2465 3010 2518 scilicet
3041 2465 3154 2532 ipse
3184 2468 3518 2535 prmdicavit,
3554 2490 3574 2523 ‹
3612 2473 3658 2527 is

2073 2552 2222 2619 prior
2252 2567 2336 2605 me
2364 2561 2466 2615 est,
2510 2571 2529 2604 ι
2567 2553 2668 2606 hoc
2697 2563 2802 2615 est,
2834 2553 3097 2622 dignitate
3125 2568 3175 2610 et
3207 2557 3376 2627 gloria
3410 2575 3494 2614 me
3521 2577 3658 2630 prte-

2073 2652 2181 2697 stat
2222 2660 2234 2695 :
2281 2657 2404 2696 nam
2450 2653 2506 2696 et
2553 2644 2668 2710 ipsa
2715 2661 2930 2713 quoque
2977 2647 3274 2700 exsistendi
3325 2651 3555 2712 ratione,
3601 2661 3658 2705 ut

2073 2731 2235 2799 Dens,
2267 2737 2414 2801 prior
2439 2743 2576 2787 erat.
2607 2734 2888 2800 Quomodo
2915 2751 3042 2805 ergo
3076 2737 3214 2790 idem
3243 2736 3452 2794 Joanne
3509 2743 3657 2808 prior

2071 2834 2126 2879 et
2162 2824 2434 2893 posterior
2466 2826 2765 2879 secundum
2810 2836 3020 2894 tempus
3059 2828 3304 2881 exstitit?
3340 2829 3474 2896 Quia
3509 2829 3648 2884 Ver-

2074 2917 2197 2970 bum
2239 2915 2378 2970 Deus
2413 2926 2552 2979 erat,
2589 2926 2645 2970 et
2689 2916 2885 2970 factum
2926 2926 3010 2972 est
3051 2935 3198 2973 caro.
3240 2921 3396 2974 Prius
3433 2924 3656 2990 proinde

2071 3019 2189 3062 erat
2221 3019 2279 3060 ut
2301 3007 2556 3069 Verbum,
2588 3007 2858 3075 posterius
2887 3023 3015 3061 vero
3046 3021 3101 3061 ut
3133 3011 3312 3064 homo.
3337 3012 3423 3074 Et,
3459 3013 3500 3064 si
3532 3028 3654 3065 om-

347 3153 356 3160 ,
382 3097 476 3150 τοῦ
498 3098 860 3170 πληρώματος
884 3099 1048 3152 αὑτοῦ
1073 3100 1274 3162 πάντες
1299 3101 1700 3170 μετεσχήκασιν
1749 3103 1798 3153 οἱ
1828 3102 1968 3168 ἅγιοι

2077 3113 2169 3151 nes
2194 3098 2365 3150 sancti
2389 3097 2457 3152 de
2478 3098 2621 3151 illius
2646 3099 2978 3165 plenitudine
3003 3101 3330 3166 hauserunt;
3355 3101 3466 3156 sola
3493 3118 3654 3171 porro

394 3189 622 3260 (πλῆρες
645 3191 700 3243 δὲ
737 3193 896 3261 μόνον
924 3186 1044 3244 ’ἐστὶ
1089 3192 1150 3243 τὸ
1177 3190 1351 3254 Θεῖον,
1388 3191 1532 3244 καθά
1560 3209 1724 3261 φησιν
1750 3192 1837 3245 διὰ
1873 3194 1973 3261 τῆς

397 3281 618 3336 Ἡσαΐου
647 3284 874 3353 φωνῆς),
911 3283 1114 3356 πρέποι
1145 3282 1212 3336 ἂν
1236 3283 1387 3354 αὐτῷ
1407 3301 1466 3336 τε
1497 3285 1589 3337 καὶ
1619 3285 1765 3355 μόνῳ
1787 3285 1867 3347 τὸ,
1897 3286 1972 3346 ὡς

383 3373 440 3439 ἐξ
468 3375 600 3427 ἰδίου
626 3374 1012 3445 πληρώματος,
1039 3375 1233 3428 ἑαυτοῦ
1270 3378 1534 3447 μετόχους
1561 3377 1914 3448 ἀποπληροῦν
1940 3377 1966 3416 d

384 3465 623 3535 ἑτέρους.
655 3466 916 3535 Πέπραχε
944 3466 1001 3517 δὲ
1026 3465 1186 3518 τοῦτο
1213 3467 1472 3536 Χριστός.
1530 3464 1624 3531 Εἷς
1670 3469 1780 3538 ἄρα
1823 3468 1971 3520 ἐστὶν

385 3556 510 3621 Υἱὸς
549 3557 643 3610 καὶ
675 3557 876 3629 Κύριος
905 3559 932 3609 ὁ
976 3561 1040 3610 ὲκ
1083 3557 1220 3609 Θεοῦ
1257 3559 1432 3626 Λόγος
1477 3560 1769 3629 γενόμενος
1807 3559 1966 3632 σὰρξ.

385 3647 543 3710 αὐτὸς
571 3647 704 3712 Θεός
732 3665 791 3699 τε
821 3647 964 3717 όμοῦ
999 3648 1092 3701 καὶ
1138 3648 1446 3721 ἄνθρωπος.
1489 3651 1642 3719 Ἐχοι
1681 3652 1727 3704 δ’
1757 3653 1826 3705 ἂν
1874 3652 1969 3721 τὴν

383 3738 622 3792 διάνοιαν
653 3738 714 3791 τὸ
759 3738 960 3808 ἐφεξῆς
1009 3739 1209 3811 ῥητόν·
1270 3760 1287 3791 ι
1333 3733 1503 3803 Οὗτός
1555 3743 1688 3802 ἐστι,
1726 3742 1856 3811 περὶ
1905 3735 1968 3793 οῦ

387 3829 497 3898 ἐγὼ
533 3826 709 3883 εἴπονσ
748 3830 957 3883 ὐπίσω
991 3849 1092 3902 μου
1126 3832 1343 3904 ἔρχεται
1387 3831 1546 3901 ἀνὴρ,
1579 3831 1634 3894 ὃς
1663 3829 1970 3901 ἔμπροσθέν
2007 3852 2010 3855 ·

390 3938 490 3991 μου
520 3921 764 3990 γέγονεν,
792 3921 875 3974 δτι
915 3922 1130 3993 πρῶτός
1172 3938 1273 3993 μου
1299 3917 1387 3994 ἦν.
1423 3940 1464 3978 ι,
1493 3920 1624 3973 Ἰδοὺ
1654 3921 1762 3991 γὰρ
1801 3921 1968 3987 ἄνδρα

385 4007 558 4079 λέγων
587 4011 768 4076 αὐτὸν,
798 4011 891 4064 καὶ
912 4012 1208 4082 ἐρχόμενον
1233 4012 1431 4077 ὀπίσω,
1457 4011 1669 4082 πρῶτον
1699 4006 1837 4063 εἷναί
1866 4027 1967 4078 φη-

390 4117 472 4153 σιν
495 4101 570 4164 ὡς
604 4102 771 4155 Θεόν·
811 4120 830 4152 ι
880 4101 968 4155 Ἐν
1000 4103 1140 4174 ἀρχῇ
1171 4103 1280 4174 γὰρ
1308 4099 1378 4172 ἦν
1420 4104 1448 4154 ό
1487 4101 1675 4168 Λόγος,
1708 4103 1800 4153 καὶ
1837 4100 1966 4162 Θεὸς

386 4187 452 4263 ἦν
482 4194 510 4245 6
537 4193 727 4261 Λόγος.
753 4216 771 4248 ι

465 4303 480 4332 ι
517 4284 627 4335 Καὶ
672 4283 1052 4355 ἐμαρτύρησεν
1094 4284 1347 4352 Ἰωάννης
1397 4283 1592 4350 λέγων,
1643 4283 1723 4334 ὅτι
1764 4281 1962 4333 Τεθέα-

393 4391 487 4442 μαι
514 4374 574 4426 τὸ
603 4371 828 4442 Πνεῦμα
881 4375 1213 4428 καταϐαῖνον
1249 4375 1381 4426 ὡσεὶ
1426 4372 1756 4442 περιστερὰν
1789 4372 1849 4436 ἐξ
1876 4374 1966 4425 ού-

391 4464 574 4535 ρανοῦ,
608 4467 697 4518 καὶ
739 4465 897 4535 μένον
933 4467 1018 4519 ἐπ’
1047 4466 1243 4518 αὐτόν·
1276 4465 1430 4532 κάγὼ
1461 4464 1514 4516 δὲ
1557 4464 1657 4516 οὐκ
1687 4463 1832 4534 ᾔδειν
1867 4465 1964 4516 αύ-

387 4559 477 4609 τόν
497 4573 510 4587 ·
565 4556 676 4609 ἀλλ’
708 4559 736 4609 6
766 4556 990 4627 πέμψας
1027 4574 1115 4626 με
1156 4555 1437 4626 βαπτίζειν
1467 4557 1523 4608 ὲν
1559 4554 1733 4612 ὕδατι,
1762 4557 1966 4619 ἐκεῖνός

392 4668 479 4718 μοι
530 4644 710 4703 εἶπεν·
749 4647 863 4716 Ἐφ’
890 4649 948 4702 ὃν
991 4649 1055 4702 ἃν
1083 4646 1197 4720 ἴδῃς
1241 4647 1301 4700 τὸ
1344 4647 1568 4716 Πνεῦμα
1616 4647 1963 4707 καταϐαῖνον,

389 4742 483 4792 καὶ
516 4743 672 4811 μένον
704 4740 790 4792 ἐπ’
820 4741 1001 4804 αὐτὸν,
1044 4735 1198 4800 οὗτός
1241 4741 1390 4792 ὲστιν
1417 4742 1444 4792 6
1479 4739 1756 4807 βαπτίζων
1803 4740 1862 4790 ὲν
1889 4737 1966 4808 τῷ

391 4829 664 4899 Πνεύματι
712 4829 998 4899 τῴ.ἀγ[ῳ.
1035 4829 1205 4897 Κάγὼ
1255 4831 1496 4900 ἑώρακα,
1541 4830 1636 4882 καὶ
1688 4829 1969 4900 μεμαρτύο

393 4937 533 4991 ρηκα
564 4923 647 4973 ὅτι
675 4915 826 4979 οὗτός
849 4921 995 4972 ἐστιν
1027 4921 1052 4972 6
1081 4919 1210 4982 Υἱὸς
1238 4920 1331 4972 τοῦ
1357 4919 1511 4971 Θεοῦ.
1554 4939 1572 4970 ν
1611 4921 1751 4990 Ὅρα
1781 4919 1968 4988 σαφῶς

389 5027 447 5063 τε
480 5013 572 5064 καὶ⁸
603 5012 846 5082 ἐναργῶς
876 5013 932 5063 ἐν
963 5012 1174 5073 τούτοις
1202 5010 1295 5063 τὴν
1327 5009 1528 5080 Κύριον
1559 5011 1716 5080 ἡμῶν
1760 5011 1967 5081 Ἰησοῦν

390 5100 480 5152 τδν
509 5101 762 5170 Χριστὸν,
788 5101 1076 5171 δεχόμενον
1110 5102 1206 5172 μὲν
1250 5099 1610 5170 ἀνθρωπίνως
1651 5100 1712 5152 τὸ
1743 5101 1968 5170 Πνεῦμα

388 5191 476 5247 διὰ
504 5194 601 5263 τὴν
635 5194 770 5263 μετὰ
801 5195 1002 5266 σαρκὸς
1043 5192 1354 5263 οἰκονομίαν
1397 5191 1678 5261 (πλούσιος
1725 5191 1835 5262 γὰρ
1864 5190 1960 5255 ὢν,

2071 3190 2360 3251 divinitas,
2388 3189 2539 3256 juxta
2573 3189 2724 3242 Isaiae
2761 3205 2944 3244 vocem
2976 3192 3042 3254 ¹⁹,
3075 3191 3320 3246 absolute
3350 3194 3501 3260 plena
3531 3203 3649 3256 est;

2075 3281 2173 3349 ipsi
2203 3280 2300 3334 soli
2332 3281 2605 3343 convenit,
2635 3291 2690 3334 ut
2724 3295 2817 3332 sua
2851 3282 3020 3350 ipsius
3053 3283 3389 3349 plenitudine
3418 3284 3649 3336 aliorum

2073 3373 2268 3442 inopia:
2299 3373 2602 3428 subveniat.
2640 3374 2892 3428 Praestitit
2927 3383 3104 3427 autem
3143 3378 3242 3428 hoc
3276 3375 3447 3443 ipsum
3485 3376 3646 3430 Chri-

2073 3474 2216 3530 stus;
2256 3466 2594 3519 iucarnatum
2637 3465 2814 3530 itaque
2856 3465 2944 3517 Dei
2981 3463 3233 3519 Verbum.
3257 3480 3394 3518 unus
3427 3476 3510 3518 est
3547 3464 3654 3518 Do-

2073 3558 2249 3610 minus
2296 3567 2347 3609 et
2401 3555 2605 3621 Filius,
2654 3555 2904 3624 idemque
2957 3554 3095 3609 Deus
3143 3556 3302 3608 simul
3357 3566 3414 3610 et
3465 3558 3648 3610 homo.

2072 3647 2326 3716 Ejusdem
2375 3648 2657 3700 sententia:
2707 3655 2820 3709 est,
2871 3647 3013 3714 quod
3065 3662 3190 3699 mox
3237 3647 3588 3714 subjungitur
3635 3667 3647 3700 :

2077 3757 2096 3788 ι
2137 3739 2234 3792 Hic
2261 3747 2379 3798 est.
2414 3738 2621 3804 inquit,
2655 3738 2720 3790 de
2754 3751 2860 3803 quo
2892 3737 3000 3789 dixi
3037 3755 3049 3790 :
3087 3736 3212 3790 Post
3247 3752 3332 3789 me
3365 3738 3509 3790 venit
3544 3739 3645 3798 vir,

2069 3830 2160 3896 qui
2191 3838 2319 3880 ante
2349 3842 2434 3880 me
2465 3828 2640 3880 factus
2668 3836 2778 3890 est,
2816 3827 2940 3894 quia
2975 3827 3124 3894 prior
3152 3841 3234 3878 me
3263 3835 3380 3879 erat
3406 3828 3471 3880 9°.
3502 3846 3518 3878 ι
3547 3828 3649 3893 En,

2073 3917 2192 3968 licet
2233 3915 2403 3966 virum
2447 3924 2632 3977 vocet,
2671 3922 2723 3966 et
2763 3923 2879 3980 post
2919 3929 2977 3967 se
3010 3914 3311 3967 venientem
3353 3916 3646 3981 prredicet,

2068 4008 2364 4058 secundum
2403 4005 2741 4058 divinitatem
2780 4015 2956 4059 tamen
2993 4020 3051 4058 se
3086 4005 3321 4073 priorem
3357 4003 3590 4058 aﬂirmat
3629 4025 3642 4060 :

2074 4113 2092 4146 ι
2132 4095 2186 4148 in
2218 4095 2485 4164 principio
2512 4095 2657 4148 enim
2691 4105 2812 4148 erat
2833 4093 3099 4158 Verbum,
3127 4105 3182 4149 et
3211 4093 3351 4149 Deus
3380 4103 3500 4149 erat
3523 4097 3650 4151 Ver-

2071 4192 2192 4240 bum
2221 4189 2287 4239 ²¹.
2326 4205 2341 4237 ι

2147 4298 2162 4328 ι
2203 4279 2265 4331 Et
2299 4277 2665 4333 tcstimonimn
2695 4278 2970 4346 perhibuit
2991 4278 3234 4334 Joannes
3260 4280 3446 4335 dicens
3472 4299 3485 4334 :
3512 4279 3650 4348 Quia

2069 4369 2176 4422 vidi
2233 4369 2492 4437 Spiritum
2541 4368 2964 4424 descendentem
3015 4371 3172 4440 quasi
3223 4370 3530 4426 columbam
3581 4374 3648 4424 de

2071 4459 2239 4524 caelo,
2281 4469 2335 4513 et
2400 4460 2601 4512 mansit
2659 4475 2823 4531 super
2886 4476 3031 4516 eum.
3091 4462 3159 4516 Et
3203 4478 3301 4532 ego
3345 4463 3649 4516 nesciebant

2072 4569 2194 4609 eum
2225 4572 2238 4607 :
2267 4555 2361 4607 sed
2391 4552 2485 4622 qui
2521 4553 2673 4607 misit
2704 4569 2789 4608 me
2817 4555 3095 4624 baptizare
3129 4556 3178 4608 in
3209 4571 3371 4623 aqua,
3401 4555 3488 4607 ille
3519 4557 3648 4608 mihi

2073 4646 2246 4700 dixit:
2275 4645 2453 4714 Super
2476 4660 2637 4711 quem
2668 4647 2866 4700 videris
2900 4647 3164 4715 Spiritum
3195 4645 3646 4710 descendentem,

2075 4749 2127 4793 et
2155 4748 2458 4793 manentem
2488 4753 2653 4806 super
2674 4753 2818 4801 enin,
2845 4737 2933 4792 hic
2956 4749 3038 4790 est
3066 4739 3154 4805 qui
3186 4737 3424 4803 baptizat
3448 4734 3499 4787 in
3529 4735 3651 4801 Spi-

2075 4832 2181 4884 ritu
2221 4839 2429 4882 sancto.
2472 4829 2534 4880 Et
2573 4844 2671 4896 ego
2709 4830 2850 4887 vidi.
2887 4837 2944 4881 et
2989 4825 3359 4880 testimonium
3400 4824 3647 4894 perhibui

2075 4919 2202 4988 quia
2234 4927 2315 4971 est
2347 4917 2514 4969 Filius
2549 4917 2639 4969 Dei
2663 4918 2730 4968 “.
2769 4934 2787 4966 ι
2821 4913 2898 4967 Eu
2933 4924 3221 4980 utrumque
3250 4913 3396 4968 clare
3424 4914 3644 4968 eviden-

2073 5017 2260 5076 terque
2289 5017 2555 5060 assertum
2587 5006 2674 5061 hic
2703 5006 2902 5071 habes;
2933 5020 3123 5073 nempe
3155 5005 3436 5059 Dominum
3460 5003 3644 5059 Jesum

2071 5100 2343 5153 Christum
2393 5106 2612 5166 propter
2656 5098 2836 5152 carnis
2882 5097 3096 5164 quidem
3145 5096 3534 5160 meonomiam,
3587 5107 3645 5151 ut

2075 5188 2235 5261 114Ι
2267 5189 2541 5243 hominem
2577 5187 2837 5255 Spiritum
2871 5197 3118 5241 sanctum
3157 5188 3434 5257 accipere.
3471 5187 3645 5255 siqui-

469 5352 511 5382 ’⁸
533 5350 685 5405 ³0³11·
711 5368 746 5413 ι.
777 5356 860 5410 14.
896 5353 935 5383 ’⁷
965 5351 1125 5408 Hebr.
1150 5349 1315 5418 ",14.
1371 5349 1413 5380 ⁸⁸
1437 5347 1594 5403 Joan.
1619 5364 1657 5412 t,
1695 5348 1776 5409 l5,
1815 5346 1898 5401 16.
1943 5348 1968 5378 ¹τ

2077 5363 2112 5400 I.
2143 5361 2214 5410 vt,
2246 5347 2298 5400 3.
2353 5345 2398 5376 '°
2419 5343 2571 5399 Joan.
2607 5360 2646 5410 t,
2677 5343 2766 5398 50.
2802 5341 3017 5398 "Joan.
3050 5359 3088 5408 ι,
3121 5345 3170 5400 1.
3231 5347 3275 5376 ¹²
3299 5345 3430 5400 ibid.
3457 5344 3644 5400 32-34.

1458 5505 1633 5559 Varia:-
1666 5503 1924 5557 lcctioncs
1955 5504 2156 5557 codicis
2192 5501 2553 5571 Seguieriani.

480 5635 507 5677 δ
540 5641 840 5695 ἀποτελεῖν.
