3910 6200
304 216 435 272 13-15

1325 226 1382 278 S.
1426 222 1692 277 CYRILIJ
1739 217 2208 275 ALEXANDRINI
2251 216 2571 273 ADCIIIEP.

3407 219 3540 272 1516

299 333 415 385 dein
455 350 472 383 ι
509 349 628 386 eum
660 334 807 387 dives
836 344 998 398 esset,
1031 337 1198 390 nostri
1231 351 1390 391 causa
1425 339 1600 391 factus
1628 347 1709 391 est
1735 351 1861 406 egi--

1981 333 2276 403 ιπτῶχευσε
2311 333 2376 386 δι’
2422 333 2587 402 ἡμᾶς)
2611 373 2624 392 ,
2661 330 2987 401 βαπτίζοντα
3025 331 3080 383 δὲ
3128 329 3324 393 θεῖκῶς
3365 332 3424 382 ὲν
3465 332 3543 400 τῷ

301 439 400 476 nus
422 423 468 456 ³³
512 443 556 488 ι,
598 435 710 478 tum
754 428 1000 478 eumdem
1046 443 1258 480 rursum
1305 438 1556 498 tauquam
1602 429 1764 482 Deum
1810 431 1862 482 in

301 513 504 582 Spiritu
535 528 724 569 saneto
756 518 1019 584 baptisma
1053 521 1323 572 conferre.
1356 521 1423 572 At
1455 521 1505 572 in
1537 535 1695 589 quem
1720 561 1736 586 ,
1767 522 1863 573 oh-

299 621 472 669 secro,
502 607 788 661 cenvenire
817 618 997 674 queat,
1029 611 1265 676 Spiritus
1296 611 1466 664 sancti
1501 613 1728 678 gratiam
1763 613 1864 664 im-

301 698 518 765 pertiri,
563 698 664 751 nisi
709 698 760 750 in
800 713 985 751 verum
1029 710 1082 750 et
1127 701 1424 753 naturalem
1470 701 1677 754 Deum?
1716 700 1867 755 Unus

301 806 426 856 ergo
455 802 533 844 ρει
566 791 833 854 Christus,
867 790 1227 854 ιιιιιις-Ῡιιίιιε,
1259 801 1316 844 ut
1345 792 1679 861 evangelista
1713 793 1862 847 testi-

300 881 512 934 ﬁcatur.
947 883 955 900 "

379 990 395 1019 ι
439 971 501 1023 Et
535 987 666 1039 ego,
705 970 904 1037 inquit.
938 972 1076 1032 vidi,
1114 983 1164 1025 et
1208 972 1575 1025 testimonium
1618 971 1863 1040 perhibni

225 1077 240 1082 -
301 1061 423 1129 quia
463 1062 546 1113 hic
567 1071 642 1112 est
683 1059 847 1113 Filius
890 1061 979 1114 Dei
1005 1062 1070 1114 “.
1103 1080 1120 1112 ι
1162 1063 1744 1129 leruisnamliicerat?
1779 1060 1869 1115 Ille

303 1153 414 1218 ipse
454 1152 660 1218 utique,
699 1167 855 1218 quem
901 1153 1115 1216 quidem
1165 1163 1220 1204 ut
1267 1153 1561 1218 hominem,
1607 1153 1866 1222 Spiritum

303 1249 545 1291 sanctum
577 1239 786 1292 viderat
814 1244 1150 1307 suscepisse;
1185 1252 1242 1293 ut
1277 1232 1438 1294 Deum
1469 1257 1629 1306 vero,
1663 1244 1712 1296 in
1745 1244 1870 1312 Spi-

304 1326 410 1379 ritu
469 1338 655 1380 sancto
693 1329 968 1395 baptizare
1002 1331 1280 1382 didicerat.

381 1434 399 1466 ι
436 1415 492 1470 Si
526 1428 737 1471 terrena
768 1421 874 1470 dixi
903 1421 1076 1479 vobis.
1108 1432 1160 1472 et
1189 1435 1292 1472 non
1325 1421 1570 1486 creditis,
1597 1423 1868 1490 quomodo

302 1507 346 1560 si
376 1507 564 1562 dixero
591 1511 742 1562 vobis
767 1510 1030 1572 cmlestia,
1059 1511 1323 1564 credetis?
1350 1512 1414 1563 Et
1443 1527 1599 1564 nemo
1628 1513 1868 1564 ascendit

305 1597 362 1650 in
385 1597 603 1659 cwlum,
630 1599 728 1650 nisi
760 1600 848 1666 qui
884 1601 1158 1652 descendit
1183 1601 1249 1654 de
1275 1601 1414 1653 cmlo
1443 1601 1608 1654 Filius
1635 1602 1870 1656 hominis

304 1687 396 1756 qni
437 1695 524 1741 est
566 1689 618 1742 in
659 1691 882 1742 etme".
928 1708 948 1740 ι
994 1689 1273 1755 Quomodo
1315 1691 1593 1745 descendit
1632 1694 1696 1746 de
1735 1692 1872 1747 creto
1904 1686 1943 1739 Β

305 1778 471 1832 Filius
503 1779 757 1843 hominis,
788 1779 1058 1848 siquidem
1088 1796 1240 1834 sacra
1279 1781 1364 1834 illa
1397 1797 1522 1836 caro
1550 1797 1616 1842 ex
1648 1784 1873 1838 muliere

307 1879 429 1922 nata
469 1871 580 1923 est?
616 1869 745 1924 Erat
785 1888 913 1924 sane
953 1887 1080 1926 caro
1111 1872 1272 1927 Verbi
1313 1875 1458 1942 quod
1500 1875 1566 1929 de
1606 1874 1742 1929 caelo
1779 1875 1874 1929 de-

305 1961 609 2024 scenderat,
641 1962 855 2027 propria
892 1979 906 2015 :
941 1977 1077 2014 unus
1111 1973 1194 2015 est
1229 1963 1395 2031 igitur
1423 1964 1672 2018 Christus
1700 1975 1754 2018 et
1785 1965 1874 2019 Fi-

306 2048 424 2100 lius.
451 2052 553 2113 ita,
581 2066 698 2118 quae
722 2051 881 2105 Verbi
913 2061 1059 2114 sunt,
1091 2055 1302 2121 propria
1331 2057 1513 2108 carnis
1541 2055 1678 2109 facta
1707 2065 1873 2109 sunt:

305 2152 424 2204 quae
447 2155 573 2192 vero
597 2142 778 2194 carnis
805 2151 949 2207 sunt,
983 2142 1198 2210 propria
1227 2143 1384 2198 Verbi
1415 2154 1730 2208 evaserunt,
1759 2144 1872 2199 sola

307 2231 507 2296 peccati
540 2231 658 2284 labe
687 2241 932 2300 excepta.

379 2427 396 2459 ι
433 2408 495 2461 Ει
523 2413 660 2461 sient
689 2409 897 2479 Moyses
924 2408 1185 2462 exaltavit
1213 2416 1518 2476 serpentem
1551 2408 1602 2459 in
1634 2408 1872 2470 deserto,

309 2501 378 2551 ita
421 2499 644 2551 exaltari
684 2510 894 2567 Oportet
938 2499 1132 2552 Filium
1173 2500 1440 2565 hominis;
1478 2509 1535 2552 ut
1570 2499 1746 2552 omnis
1783 2497 1875 2565 qui

306 2593 480 2643 credit
511 2592 562 2641 in
593 2593 787 2656 ipsum,
818 2607 921 2642 non
954 2599 1162 2657 pereat,
1191 2590 1283 2642 sed
1314 2590 1508 2642 habeat
1534 2590 1694 2642 vitam
1721 2597 1878 2642 aeter-

308 2699 429 2734 nam
450 2684 516 2734 ¹⁶.
553 2701 570 2732 ι
601 2683 893 2750 Serpentes
920 2683 971 2733 in
1001 2683 1216 2735 deserto
1244 2682 1513 2736 morsibus
1540 2681 1678 2734 tilios
1705 2678 1876 2733 Israel

309 2772 633 2825 infestabant
661 2790 673 2824 :
703 2787 821 2825 mox
850 2773 1224 2826 universorum
1255 2772 1513 2826 Dominus
1545 2771 1710 2838 Moysi
1743 2787 1870 2838 pree-

305 2863 436 2929 cipit
470 2873 527 2914 ut
559 2878 763 2917 mnenm
801 2873 1102 2932 serpentem
1139 2863 1368 2918 sublime
1401 2867 1715 2933 suspendat.
1752 2882 1770 2914 ι
1813 2863 1878 2917 Ει

307 2955 432 3019 erit,
464 2954 657 3022 inquit,
691 2955 734 3008 si
772 2955 1044 3008 hominem
1074 2970 1297 3024 serpens
1329 2956 1704 3020 momorderit,
1738 2964 1791 3009 et.
1823 2955 1874 3008 in

307 3057 608 3115 serpentem
643 3049 912 3115 respiciet,
945 3059 997 3101 et
1023 3049 1168 3103 vivet
1189 3051 1254 3102 ".
1288 3067 1308 3101 ι
1342 3049 1543 3118 Ecquid
1573 3049 1714 3103 istud
1744 3048 1875 3102 teni-
1901 3019 1945 3078 θ

307 3154 428 3206 gina
457 3140 557 3193 sibi
587 3139 728 3191 vult?
756 3139 863 3192 Cur
889 3141 1163 3192 sublatum
1195 3149 1500 3208 serpentem
1532 3140 1875 3208 conspicatus

309 3231 416 3282 vita
445 3230 709 3283 donatur?
738 3228 1081 3296 Unigenitum
1114 3231 1207 3284 Dei
1231 3230 1482 3294 Verbum,
1511 3231 1654 3299 quod
1684 3239 1877 3298 suapte

310 3332 500 3373 natura
531 3322 634 3373 vita
669 3329 746 3373 est
768 3358 784 3383 ,
819 3321 980 3374 homo
1014 3320 1217 3375 factum
1248 3329 1332 3375 est
1361 3320 1465 3390 (est
1497 3331 1677 3375 autem
1713 3321 1873 3373 homo

309 3426 396 3464 res
419 3413 660 3479 quaedam
690 3415 847 3466 noxia
868 3453 882 3476 ,
910 3414 1148 3480 serpenti
1177 3427 1281 3464 non
1312 3411 1598 3481 absimilis)
1626 3427 1640 3464 :
1667 3419 1723 3464 at
1746 3423 1872 3464 vero

312 3503 436 3557 licet
475 3512 532 3555 ut
568 3505 729 3556 homo
766 3505 920 3558 nobis
957 3503 1287 3556 assimilatus
1321 3504 1417 3566 sit,
1455 3504 1498 3557 si
1535 3501 1660 3570 quis
1695 3512 1872 3554 tamen

310 3594 364 3648 in
396 3594 544 3646 illum
575 3595 867 3662 aspexerit,
905 3607 1076 3649 morte
1108 3595 1352 3663 superior
1377 3593 1577 3648 evadit.
1610 3591 1716 3646 Sed
1746 3593 1875 3661 quid

309 3684 453 3738 aliud
484 3693 586 3750 est,
617 3685 868 3749 obsecro,
902 3686 953 3738 in
993 3685 1136 3738 illum
1175 3685 1398 3748 intueri,
1427 3699 1588 3752 quam
1626 3683 1876 3738 incarna-

312 3775 471 3828 tionis
513 3776 659 3829 illins
705 3776 1018 3844 mysterium
1063 3785 1256 3830 exacto
1298 3785 1660 3844 accurateque
1707 3773 1872 3826 animi

305 3865 507 3931 judicio
541 3866 874 3933 expendere?
910 3865 1020 3920 Hac
1055 3880 1290 3934 namque
1323 3864 1787 3928 consideratione,
1820 3869 1876 3917 et

310 3958 602 4019 malorum,
649 3957 750 4009 hoc
797 3967 913 4020 est,
961 3957 1235 4010 hominum
1285 3955 1688 4009 similitudinem
1735 3954 1877 4008 obti-

311 4062 470 4109 nere,
505 4058 560 4100 et
593 4047 834 4102 viviticns
871 4063 1116 4110 rursum,
1152 4047 1694 4115 serpentinorumque
1727 4061 1874 4101 mor-

314 4151 466 4188 suum
502 4145 720 4189 curator
749 4147 801 4190 et
840 4136 1156 4205 proﬂigator
1187 4151 1307 4190 esse
1341 4135 1782 4204 deprehenditur,
1817 4141 1876 4188 ut

1969 424 2109 494 ἁγίῳ
2160 423 2457 491 Πνεύματι.
2509 423 2626 474 Τίνι
2675 422 2782 491 γὰρ
2831 422 2896 473 ἂν
2944 419 3142 488 πρέποι
3179 419 3240 470 τὸ
3288 422 3544 487 χορηγεῖν

1967 515 2227 568 δύνασθαι
2274 513 2371 584 τὴν
2421 513 2514 565 τοῦ
2562 512 2873 581 Πνεῦματος
2926 511 3104 580 χάριν,
3145 511 3282 578 πλὴν
3337 511 3422 562 ὅτι
3467 509 3546 578 τῷ

1969 603 2127 673 φύσει
2175 622 2233 656 τε
2283 605 2377 656 καὶ
2407 603 2620 672 ἀληθῶς
2669 603 2783 656 ὄντι
2811 601 2964 670 Θεῷς
3010 597 3104 664 Εἷς
3132 597 3226 653 οὖν
3275 601 3381 672 ἄρα
3418 602 3547 671 Χρι-

1970 697 2090 758 στὸς
2121 697 2213 748 καὶ
2247 696 2404 758 Υίόςο
2455 694 2549 746 καὶ
2600 695 2936 764 μαρτυρήσει
2982 692 3153 760 λέγων
3200 693 3228 744 6
3257 691 3545 760 εὐαγγελιο

1968 789 2121 857 στής.

2044 983 2062 1015 ι
2102 963 2270 1030 Κάγὼ
2334 964 2583 1034 ἑώρακα,
2631 963 2726 1016 καὶ
2787 963 3213 1034 μεμαρτύρηκα,
3251 964 3332 1016 ὅτι
3391 955 3549 1026 οὗτός

1969 1056 2302 1119 ὲστινὸΥίδς
2332 1055 2423 1108 τοῦ
2456 1055 2609 1110 Θεοῦ.
2650 1074 2668 1106 ι
2704 1048 2870 1118 Οὗτος
2900 1055 2981 1118 δὲ,
3017 1059 3197 1118 ποῖος;
3235 1056 3329 1107 Ὃν
3356 1053 3550 1106 τεθέα-

1969 1165 2058 1200 ται
2093 1149 2189 1217 μὲν
2238 1147 2591 1218 ἀνθρωπίνως
2641 1147 2700 1200 τὸ
2747 1146 2971 1215 Πνεῦμα
3009 1147 3318 1217 δεχόμενον,
3356 1142 3464 1198 οἶδε
3489 1143 3583 1213 δὲ.

1973 1237 2301 1307 βαπτίζοντα
2334 1239 2532 1300 Θεῖκῶς
2563 1241 2620 1290 ὲν
2648 1237 2726 1306 τῷ
2758 1239 2896 1308 ἁγίῳ
2928 1238 3223 1307 Πνεῦματι.

2048 1447 2065 1479 ι
2105 1427 2166 1479 Εἰ
2195 1425 2264 1478 τὰ
2292 1425 2509 1492 ἐπίγεια
2525 1419 2676 1475 εἷπον
2696 1424 2846 1492 ὑμῖν.
2881 1423 2974 1474 καὶ
3007 1422 3067 1474 οὐ
3098 1421 3398 1484 πιστεύετε,
3431 1422 3551 1485 πῶς

1971 1517 2065 1570 ἐὰν
2095 1517 2231 1568 εἴπω
2261 1517 2388 1583 ὑμῖν
2415 1513 2485 1566 τὰ
2514 1513 2831 1582 ἐπουράνια,
2856 1512 3207 1573 πιστεύσετες
3239 1512 3347 1563 Καὶ
3373 1512 3550 1575 οὐδεὶς

1974 1607 2316 1676 ἀναϐέϐηκεν
2345 1607 2424 1668 είς
2453 1605 2542 1657 τὸν
2569 1598 2819 1676 οὐρανὸν,
2852 1606 2900 1656 εί
2933 1603 3007 1672 μὴ
3035 1606 3064 1656 6
3094 1604 3157 1655 ἐκ
3186 1602 3280 1654 τοῦ
3316 1603 3548 1673 οὐρανοῦ

1974 1696 2248 1760 καταϐὰς,
2281 1699 2309 1748 6
2343 1695 2470 1758 Υἱὸς
2498 1695 2590 1748 1:06
2621 1694 2926 1765 ἀνθρώπου.
2969 1713 2987 1744 ι
3022 1694 3146 1756 Πῶς
3177 1694 3552 1762 καταϐέϐηκεν

1975 1791 2039 1842 ἐκ
2068 1788 2160 1841 τοῦ
2191 1787 2421 1857 οὐρανοῦ
2451 1788 2478 1839 6
2521 1787 2649 1850 Υἱὸς
2681 1785 2774 1839 τοῦ
2825 1784 3143 1856 ἀνθρώπου,
3207 1784 3383 1836 καίτοι
3447 1783 3552 1853 τῆς

1974 1881 2134 1949 ἁγίας
2166 1879 2370 1949 σαρκὸς
2418 1877 2774 1948 γεννηθείσης
2805 1878 2869 1929 ὲκ
2914 1875 3190 1944 γυναικός.
3224 1875 3364 1926 Ἀλλ’
3417 1875 3551 1928 ἴδιον

1972 1966 2041 2041 ἦν
2069 1971 2130 2022 τὸ
2167 1969 2326 2039 σῶμα
2355 1969 2448 2022 τοῦ
2480 1969 2538 2035 ἐξ
2568 1969 2798 2038 οὐρανοῦ
2830 1968 3326 2036 καταφοιτήσαντος
3350 1967 3550 2032 Λόγου,

1974 2062 2156 2126 ὂςικαὶ
2183 2061 2407 2129 γέγονεν
2439 2061 2564 2123 Υἱὸς
2592 2059 2901 2129 ἀνθρώπου.
2936 2053 3031 2120 Εἷς
3058 2053 3152 2110 οὖν
3182 2057 3289 2127 ἄρα
3317 2058 3552 2126 Χριστὸς

1975 2154 2070 2207 καὶ
2101 2153 2247 2215 Υἱός.
2280 2151 2467 2214 Οῦτως
2497 2152 2601 2204 ἴδια
2635 2152 2732 2221 μὲν
2773 2151 2871 2220 τῆς
2915 2149 3114 2219 σαρκὸς
3141 2149 3209 2201 τὰ
3251 2147 3344 2200 τοῦ
3376 2148 3552 2215 Λόγου

1973 2243 2216 2310 γέγονεν,
2249 2242 2356 2295 τδια
2383 2242 2441 2294 δὲ
2469 2240 2564 2294 τοῦ
2608 2241 2780 2309 Λόγου
2810 2241 2878 2294 τὰ
2908 2240 3006 2310 τῆς
3036 2238 3259 2309 σαρκὸς,
3289 2238 3409 2308 δίχα
3455 2239 3555 2308 μό·

1977 2349 2075 2403 νης
2107 2333 2397 2402 ἁμαρτίας.

2051 2442 2071 2475 ι
2111 2424 2218 2476 Καὶ
2243 2422 2421 2484 καθὼς
2452 2422 2656 2488 Μωσῆς
2686 2421 2866 2490 ὖψωσε
2885 2421 2976 2472 τὸν
3008 2421 3130 2488 ὅφιν
3159 2422 3215 2474 ἐν
3241 2423 3304 2490 τῇ
3329 2409 3551 2491 ἓρήμῳ,

1975 2516 2147 2578 οὕτως
2171 2514 2452 2582 ὑψωθῆναι
2482 2514 2562 2565 δεῖ
2587 2514 2678 2565 τὸν
2701 2513 2830 2565 Υίὸν
2858 2515 2949 2565 τοῦ
2980 2509 3266 2582 ἀνθρώπου
3293 2525 3305 2538 ⁸
3328 2510 3413 2561 ἵνα
3444 2511 3554 2572 πᾶς

1976 2607 2004 2657 6
2025 2605 2292 2657 πιστεύων
2325 2605 2408 2656 ἐπ’
2448 2603 2608 2655 αὐτὸν
2645 2602 2722 2642 σε-ί
2759 2602 2856 2672 ἔχῃ
2891 2602 3035 2672 ζωὴν
3059 2601 3295 2654 αἰώνιον.
3337 2617 3356 2648 ι
3391 2599 3556 2652 Ἐξα-

1977 2711 2102 2746 κνον
2142 2695 2268 2756 τοὺς
2315 2691 2376 2758 ἐξ
2416 2693 2633 2763 Ἰσραὴλ
2672 2692 2812 2744 κατὰ
2861 2692 2957 2760 τὴν
3009 2691 3216 2760 ἔρημον
3265 2691 3315 2743 οἱ
3361 2689 3548 2756 ὄφειςο

1977 2781 2095 2838 εἶτα
2138 2785 2504 2855 προστέταχεν
2533 2787 2561 2837 6
2603 2784 2710 2836 τῶν
2741 2783 2875 2836 ὅλων
2917 2783 3047 2844 Θεὸς
3093 2781 3170 2850 τῷ
3212 2782 3382 2851 Μωσῇ
3428 2780 3556 2848 ὅφιν

1977 2875 2254 2930 ἀναθεῖναι
2283 2877 2536 2946 χαλκοῦν.
2578 2896 2596 2928 ι
2637 2877 2746 2928 Καὶ
2785 2877 2958 2937 ἔσται,
3008 2876 3192 2944 φησιν,
3225 2875 3320 2925 ἐὰν
3356 2873 3494 2943 δάκῃ
3524 2874 3561 2926 ὁ

1978 2968 2105 3036 ὄφις
2135 2968 2438 3038 ἄνθρωπον,
2470 2969 2564 3022 καὶ
2599 2967 2846 3038 ἐμϐλέψῃ
2875 2969 2952 3028 είς
2983 2966 3073 3018 τὸν
3101 2965 3247 3034 ὅφιν,
3279 2965 3372 3016 καὶ
3399 2964 3562 3033 ζήσει

1978 3074 2088 3109 ται.
2130 3075 2149 3107 ι
2188 3057 2251 3107 Τί
2279 3057 2456 3110 τοίνυν
2487 3058 2601 3109 ἐστὶ
2628 3057 2689 3109 τὸ
2716 3057 2974 3124 αἴνιγμα;
3009 3056 3105 3108 Διὰ
3126 3056 3176 3107 τί
3206 3055 3264 3107 δὲ
3293 3055 3322 3106 6
3351 3053 3558 3124 ἐνορῶν

1977 3147 2068 3200 τὸν
2087 3147 2209 3216 ὅφιν
2241 3149 2266 3187 8
2285 3147 2544 3214 σώζεταις
2573 3148 2692 3217 Ζωὴ
2719 3147 3006 3217 τοιγαροῦν
3022 3147 3162 3200 κατὰ
3184 3145 3345 3214 φύσιν
3376 3145 3556 3213 ὕπαρ-

1979 3257 2090 3310 κων
2119 3241 2146 3292 6
2175 3239 2483 3309 Μονογενὴς
2511 3239 2604 3291 τοῦ
2634 3239 2770 3292 Θεοῦ
2802 3239 2992 3306 Λόγος,
3024 3239 3250 3307 γέγονεν
3271 3241 3328 3291 ὲν
3355 3237 3558 3307 ὀμοιιὶι-

1981 3329 2218 3400 ματιτῷ
2248 3329 2369 3382 καθ’
2413 3330 2580 3399 ἡμᾶς,
2625 3329 2901 3382 τουτέστιν
2949 3328 3233 3398 ἄνθρωπος
3297 3329 3558 3398 (πονηρὸν

1977 3420 2034 3472 δὲ
2063 3421 2092 3472 6
2119 3419 2424 3489 ἄνθρωπος,
2457 3418 2552 3472 καὶ
2597 3415 2708 3471 οἷον
2747 3420 2776 3472 6
2803 3418 2970 3488 ὅφις)·
2999 3418 3111 3470 ἀλλ’
3152 3419 3201 3470 εί
3243 3419 3336 3471 καὶ
3363 3420 3556 3485 γέγονε

1979 3508 2100 3562 καθ’
2129 3510 2297 3577 ἡμᾶς,
2336 3509 2494 3570 εἴτις
2523 3509 2604 3570 εἰς
2649 3507 2812 3560 αὑτὸν
2856 3508 2975 3570 ἴδοι,
3008 3508 3134 3578 νικᾷ
3179 3509 3270 3560 τὸν
3301 3507 3553 3560 θάνατον.

1979 3597 2044 3648 Τί
2075 3596 2276 3656 δέὲστι
2306 3597 2366 3649 τὸ
2395 3599 2474 3659 είς
2503 3596 2666 3648 αὑτὸν
2699 3596 2850 3658 ἰδεῖν,
2883 3595 2915 3665 ἢ
2945 3596 3028 3657 ὅτι
3060 3596 3275 3658 πάντως
3317 3595 3377 3648 τὸ
3404 3597 3556 3664 ἁκρι·

1979 3686 2090 3749 σῶς
2133 3686 2468 3757 κατανοῆσαι
2510 3687 2570 3740 τὸ
2613 3688 2697 3739 ἐπ’
2727 3686 2875 3756 αὐτῷ
2921 3688 3250 3757 μυστήριονς
3283 3686 3417 3738 Τότε
3447 3687 3556 3756 γὰρ

1977 3774 2139 3829 αὐτὸν
2161 3775 2350 3844 δψεται
2377 3777 2434 3828 ὲν
2470 3773 2772 3844 ὁμοιώματι
2806 3774 2903 3842 μὲν
2925 3773 3032 3826 τῶν
3084 3773 3356 3844 πονηρῶν,
3401 3791 3558 3827 τουτ-

1975 3867 2123 3920 έστιν
2161 3865 2485 3942 ἀνθρώπων,
2533 3866 2795 3930 ζωοποιὸν
2821 3865 2877 3917 δὲ
2923 3865 2998 3929 ῶς
3031 3865 3182 3930 Θεὸν,
3217 3867 3309 3918 καὶ
3359 3867 3558 3932 ἀφανί-

1976 3957 2136 4022 ζοντα
2170 3958 2240 4013 τὰ
2259 3959 2366 4010 τῶν
2395 3956 2598 4025 νοητῶν
2627 3956 2656 3996 h
2681 3957 2857 4024 ὄφεων
2890 3956 3164 4026 δήγματα.
3201 3951 3292 4020 Εἷς
3328 3953 3421 4010 οῦν
3444 3958 3559 4026 ἄρα

1980 4046 2204 4118 Κύριος,
2233 4047 2328 4099 καὶ
2355 4045 2482 4107 Υἱὸς
2511 4047 2540 4096 6
2560 4043 2742 4107 αὐτὸς,
2771 4044 2864 4097 καὶ
2891 4044 3152 4108 ζωοποιὸς
3175 4046 3250 4108 ὠς
3273 4045 3424 4108 Θεὸς,
3460 4045 3559 4097 καὶ

1975 4138 2036 4190 ὲν
2067 4137 2197 4190 εῖδει
2224 4135 2302 4206 τῷ
2332 4135 2439 4188 τῶν
2464 4134 2714 4206 πονηρῶν
2746 4135 2811 4188 δι’
2835 4135 3165 4206 οἰκονομίαν.

310 4223 470 4278 Dens.
498 4225 646 4278 Unus
677 4225 855 4293 itaque
881 4236 965 4280 est
992 4226 1273 4289 Dominus,
1301 4235 1357 4279 et
1388 4239 1530 4278 unus
1563 4223 1753 4293 Filius,
1779 4224 1871 4292 qui
1910 4226 2152 4297 quidem,
2195 4236 2255 4280 ut
2284 4224 2425 4281 Deus
2486 4233 2568 4280 est
2592 4264 2608 4289 ,
2637 4225 2883 4280 vivillcus
2910 4236 3020 4292 est;
3053 4227 3346 4280 secundum
3377 4227 3557 4281 carnis

309 4328 438 4367 vero
457 4316 810 4367 (nconoiniam
827 4352 844 4378 ,
871 4314 922 4368 in
949 4315 1212 4368 malorum
1238 4315 1423 4383 specie
1447 4313 1756 4383 spectabilis
1780 4323 1884 4369 est.
1985 4361 1988 4363 λ

388 4427 406 4458 ι
447 4407 642 4470 Pueri,
683 4407 894 4475 inquit,
941 4407 1288 4462 Hebraeorum
1333 4409 1664 4477 accipientes
1703 4423 1872 4464 ramos

2059 4427 2079 4460 ι
2111 4410 2174 4462 Οἱ
2213 4409 2399 4472 παῖδες
2432 4407 2645 4478 ἔχοντες
2671 4406 2740 4460 τὰ
2769 4406 2896 4476 βαΐα
2924 4405 3033 4462 τῶν
3063 4408 3318 4475 φοινίκων
3338 4447 3354 4470 ,
3391 4406 3551 4476 ἐξῆλο

311 4501 628 4570 palmarum,
665 4509 1042 4566 processerunt
1077 4500 1290 4553 obviam
1327 4502 1396 4564 ei,
1431 4511 1487 4554 et
1518 4500 1825 4555 clamabant
1858 4518 1878 4557 :

312 4593 594 4654 Hosanna,
630 4591 944 4645 benedictus
978 4591 1069 4659 qui
1106 4591 1253 4645 venit
1288 4591 1341 4644 in
1376 4593 1593 4645 nomine
1630 4592 1875 4656 Domini,

312 4700 401 4738 rex
431 4681 672 4737 Israel".
703 4700 722 4733 ι
758 4680 914 4752 115
943 4681 1187 4747 Qualem,
1211 4695 1414 4751 quaeso,
1441 4682 1633 4735 divinae
1659 4681 1876 4735 Litterae

310 4776 363 4831 in
415 4776 629 4828 nomine
677 4774 888 4828 Domini
936 4783 1219 4829 venturum
1265 4773 1600 4842 praedixere?
1645 4771 1778 4826 Nam
1830 4772 1877 4826 si

307 4883 428 4919 eum
459 4863 548 4934 qni
577 4879 641 4918 ex
674 4878 828 4918 sacra
849 4862 1072 4933 Virgine
1100 4871 1256 4918 ortus
1285 4871 1390 4928 est,
1418 4863 1689 4917 hominem
1720 4862 1878 4916 abso-

311 4954 440 5021 lute,
481 4957 570 5012 Dei
599 4956 775 5012 Verbo
813 4957 1108 5030 secundum
1152 4955 1469 5025 hypostasin
1515 4969 1618 5008 non
1665 4955 1874 5008 unitum

309 5049 542 5102 dixerint
583 5066 598 5102 :
638 5045 880 5117 profecto
920 5045 1311 5102 dominationis
1353 5058 1546 5099 nomen
1590 5057 1876 5097 commune

312 5139 411 5207 ipsi
449 5139 727 5193 nobiscum
763 5138 900 5204 erit;
943 5149 1116 5206 neque
1152 5134 1443 5205 quidquam
1489 5131 1590 5189 liae
1631 5134 1874 5198 ratione,

378 5293 488 5349 "ll
515 5294 641 5351 Cor.
676 5309 794 5363 vm,
817 5295 874 5351 9.
943 5293 990 5326 ”
1009 5291 1164 5349 Joan.
1193 5308 1234 5361 ι,
1263 5291 1350 5346 54.
1429 5288 1646 5345 "Joan.
1676 5305 1767 5354 ιιι,
1801 5288 1887 5352 12,
1919 5289 2006 5342 15.

1985 4499 2077 4551 θον
2103 4500 2184 4560 είς
2201 4498 2505 4568 ἀπάντησιν
2532 4496 2890 4568 αὑτοῦ,φησὶ,
2915 4498 3008 4551 καὶ
3033 4497 3264 4568 ἔκραζον
3287 4500 3330 4538 ί·
3365 4498 3554 4550 Ὡσαν-

1987 4589 2074 4650 νὰ,
2136 4589 2500 4658 εὐλογημένος
2549 4591 2577 4642 6
2623 4589 2916 4659 ἐρχόμενος
2961 4590 3020 4641 ὲν
3069 4591 3289 4659 ὀνόματι
3321 4588 3550 4660 Κυρίου,

1980 4683 2012 4732 6
2043 4679 2292 4748 βασιλεὺς
2313 4679 2405 4732 τοῦ
2439 4680 2676 4749 Ἰσραήλ.
2709 4699 2727 4730 ι
2765 4680 2888 4744 Πῶς
2921 4676 3013 4734 οὖν
3046 4698 3213 4752 φησιν
3248 4684 3304 4734 ὲν
3331 4681 3557 4750 ὀνόματι

1979 4769 2182 4841 Κυρίου
2219 4770 2664 4840 παραγενέσθαιί
2704 4771 2766 4824 τὸ
2791 4772 3030 4843 Γράμμα
3059 4773 3120 4825 τὸ
3151 4773 3322 4843 ίερὸν;
3359 4773 3422 4825 Εἰ
3455 4773 3558 4842 μὲν

1981 4856 2075 4914 οὖν
2097 4859 2174 4923 ὡς
2200 4859 2484 4931 ἄνθρωπον
2520 4861 2699 4924 ίδικῶς
2724 4861 2812 4914 τὸν
2839 4864 2902 4914 ὲκ
2933 4863 3032 4932 τῆς
3061 4861 3222 4930 ἁγίας
3255 4861 3558 4932 Παρθένου,

1983 4952 2058 5022 μὴ
2081 4951 2369 5014 ὲνωθέντος
2398 4951 2546 5022 αὐτῷ
2580 4953 2700 5005 καθ’
2728 4951 3021 5005 ὑπόστασιν
3048 4952 3141 5005 τοῦ
3186 4951 3320 5004 Θεοῦ
3350 4951 3556 5018 Λόγου,

1981 5042 2160 5097 κοινὸν
2189 5041 2341 5096 ἔσται
2366 5043 2428 5095 τὸ
2453 5041 2554 5111 τῆς
2575 5041 2895 5113 κυριότητος
2923 5042 3091 5113 ὄνομα
3111 5043 3262 5114 αὑτῷ
3288 5042 3433 5097 καθά
3462 5045 3562 5095 καὶ

1978 5135 2130 5203 ἡμῖν,
2162 5134 2256 5186 καὶ
2287 5133 2438 5186 οὐδὲν
2470 5133 2563 5186 ἐπὶ
2599 5133 2839 5204 Χριστοῦ
2867 5133 2928 5186 τὸ
2962 5133 3134 5204 μέγα’
3166 5134 3214 5186 εί
3244 5132 3301 5187 δὲ
3334 5133 3410 5196 ὡς
3444 5132 3562 5188 Κύ-

2109 5289 2302 5343 "ibid.
2329 5287 2417 5341 Η.
2507 5288 2552 5320 ³⁷
2576 5287 2735 5342 Num.
2769 5303 2882 5353 ut.
2913 5289 2966 5344 8.
3084 5289 3130 5320 ”
3152 5287 3309 5346 Joan.
3333 5304 3436 5354 xu,
3467 5288 3558 5343 15.

1298 5435 1305 5441 ’
1364 5441 1542 5501 Varia:
1574 5441 1829 5498 lectiones
1860 5440 2066 5496 codicis
2105 5439 2470 5512 Seguieriani.

381 5581 466 5623 0-!
501 5583 577 5666 είς
600 5581 783 5642 αὐτόν.
817 5581 948 5639 lvell
971 5583 1028 5639 ὲν
1057 5582 1224 5638 αὐτῶ.
1302 5583 1327 5622 3
1354 5580 1430 5651 τῷ
1459 5580 1601 5650 ὄφει.
1675 5582 1701 5620 ιι
1735 5581 2004 5661 πονηρῶν.
2085 5580 2099 5619 ί
2141 5577 2498 5650 ἐκραύγαζον.
2579 5577 2593 5628 i
2633 5580 3126 5651 παραγενήσεσθαι.
3253 5617 3268 5648 χ
