3910 6200
274 218 411 273 {SIT
856 234 865 241 ί
1365 212 1454 267 DE
1492 208 1718 269 RECTA
1759 204 1918 262 FIDE
1958 205 2049 259 AD
2087 202 2408 260 REGINAS.
3106 214 3115 225 ‘
3382 205 3517 261 1518

278 347 391 401 ρος
419 329 634 400 άληθῶς
686 327 834 399 ἥξειν
878 326 1375 400 προαπηγγέλλετο,
1405 326 1540 396 ὅπερ
1588 322 1707 376 ἐστὶ
1759 322 1852 374 καὶ

1971 320 2099 388 ιιιοιΙ
2129 319 2197 373 sit
2228 319 2507 399 eximium.
2537 318 2754 372 Christo
2784 319 3128 372 attrihuetur.
3162 318 3216 372 Si
3247 334 3373 372 γυνθ
3403 332 3520 369 ιιι..-

276 417 476 486 άληθὲς
525 420 542 480 l
569 417 789 487 ἐλήλυθε
821 418 928 488 γάρ
961 418 1023 471 ού
1049 418 1170 487 δίχα
1202 415 1402 487 σαρκὸς
1452 415 1531 477 είς
1563 412 1710 465 τόνδε
1757 410 1848 465 τὸν

1971 423 2110 478 [nam
2139 423 2300 461 verus
2333 408 2588 463 Dominus
2614 420 2872 463 venturus
2901 410 3295 478 praenuntiatus
3326 421 3431 474 εει,
3462 422 3521 461 ιιι

280 510 483 577 κόσμον
509 509 538 560 ὁ
565 508 896 576 Μονογενής)
922 526 933 538 ·
955 503 1036 571 εἷς
1064 508 1171 578 ἄρα
1197 507 1312 559 ἐστὶ
1341 504 1499 573 φύσει
1520 503 1614 557 καὶ
1633 500 1850 574 ἀληθῶς

280 598 503 669 Κύριος,
545 600 638 650 καὶ
672 598 926 668 Χριστὸς,
958 599 1052 650 καὶ
1081 597 1229 660 Υἱός.

358 882 376 915 ι
404 862 515 915 Καὶ
558 860 700 930 ὑπὲρ
731 858 909 913 αὐτῶν
941 857 1053 927 ἐγὼ
1097 857 1312 928 ἁγιάζω
1341 859 1598 929 ἐμαυτὸν,
1632 858 1717 912 ἵνα
1750 851 1854 911 ὦσι

282 955 376 1005 καὶ
403 950 558 1004 αὐτοὶ
589 949 909 1021 ἡγιασμένοι
952 950 1011 1001 ἐν
1051 949 1301 1021 ἀληθείᾳ.
1333 968 1353 1001 ι
1387 949 1610 1002 Ἑαυτὸν
1638 948 1854 1017 ἁγιάζει

281 1035 666 1113 Χριστός.’Λρ’
693 1040 766 1102 ὡς
794 1038 1078 1110 ἄνθρωπος
1097 1077 1114 1103 ,
1152 1039 1185 1111 ἢ
1217 1040 1299 1094 ὅτι
1340 1039 1541 1109 μᾶλλον
1569 1040 1702 1102 Θεός
1740 1040 1857 1092 ἐστι

284 1131 425 1183 κατὰ
456 1129 638 1199 φύσιν,
677 1127 806 1180 ἴδιον
831 1126 970 1197 ἔχων
1003 1126 1065 1180 τὸ
1115 1127 1337 1198 Πνεῦμα
1374 1128 1435 1181 τὸ
1461 1129 1643 1197 ἆγιον;
1678 1128 1856 1199 Ὅπερ

282 1222 401 1274 ἐστὶ
434 1221 528 1272 καὶ
552 1216 770 1288 ἀληθές.
818 1218 1043 1281 Οὐδενὸς
1077 1218 1366 1290 τοιγαροῦν
1393 1216 1694 1290 ἀνθρώπων
1727 1218 1855 1270 ἑαυ-

282 1314 374 1367 τὸν
424 1312 761 1379 ἀγιάζοντος.
799 1310 990 1363 ἑαυτὸν
1037 1311 1254 1380 ἁγιάζει
1298 1311 1554 1382 Χριστός.
1602 1305 1698 1374 Εἷς
1749 1310 1857 1380 ἄρα

284 1404 432 1455 ἐστὶν
454 1402 579 1464 Υἱὸς
601 1402 694 1455 καὶ
716 1399 938 1470 Κύριος,
968 1401 1325 1471 άγιαζόμενος
1349 1401 1447 1471 μὲν
1479 1401 1855 1472 ἀνθρωπίνως,

285 1492 525 1560 ἁγιάζων
580 1492 637 1545 δὲ
688 1490 883 1554 θεῖκώς
935 1490 1014 1561 τῷ
1061 1491 1500 1563 ίδίῳᾘνεύματι
1540 1493 1633 1546 τὸν
1664 1489 1858 1544 ἑαυτοῦ

287 1599 430 1634 ναον.

1955 513 2138 553 revera
2176 499 2567 567 przenuntiatus
2599 507 2682 552 est
2715 500 2895 567 (venit
2928 500 3069 553 enim
3109 498 3432 568 Unigenitus
3462 501 3519 553 in

1954 588 2095 642 hune
2138 592 2391 642 mundum
2436 604 2537 641 non
2578 589 2778 658 absque
2815 590 3038 659 carne);
3066 607 3202 643 IlllllS
3239 605 3364 657 ergo
3404 606 3524 642 um-

1955 675 2082 728 nino
2116 687 2307 729 natura
2342 687 2394 730 et
2428 677 2653 731 veritate
2692 678 2967 743 Dominus,
2992 688 3042 733 et
3064 678 3404 742 Christus,“
3439 676 3526 731 Fi-

1955 766 2059 820 lius
2086 766 2209 820 erit.

2031 876 2049 909 ‹
2093 857 2158 911 Et
2200 872 2296 926 pro
2330 857 2408 912 eis
2443 874 2542 929 ego
2578 858 2860 912 sanetil‘ico
2897 860 3157 929 mcipsum
3181 900 3196 925 ,
3234 871 3289 914 ut
3326 862 3433 915 sint
3471 870 3527 913 et

1957 948 2055 1017 ipsi
2089 947 2410 1003 sanctiﬁcati
2445 951 2496 1004 in
2528 951 2755 1004 veritate
2777 951 2843 1003 ²⁹.
2880 969 2898 1002 ι
2937 950 3185 1020 Scipsum
3218 952 3528 1006 sanctiﬁcat

1956 1036 2206 1092 Christus
2234 1055 2248 1091 :
2278 1039 2371 1092 sed
2405 1041 2643 1110 nunquid
2675 1049 2732 1093 ut
2764 1042 2958 1095 homo?
2986 1058 3051 1095 an
3083 1057 3211 1096 vero
3241 1051 3299 1094 ut
3328 1052 3521 1095 natura

1957 1127 2099 1183 Deus
2120 1128 2379 1198 Spiritum
2401 1140 2649 1184 sanctqu
2674 1140 2926 1199 tanquam
2947 1132 3221 1200 proprium
3242 1132 3529 1186 obtinens?

1957 1218 2119 1274 Certe
2142 1232 2198 1273 ut
2226 1220 2384 1275 Deus.
2411 1219 2567 1273 Nullo
2596 1222 2776 1290 itaque
2804 1222 3110 1275 mortalium
3137 1222 3373 1291 scipsum
3402 1239 3531 1278 san-

1959 1312 2250 1375 ctiﬁcante,
2300 1312 2446 1365 solus
2494 1311 2741 1365 Christus
2793 1315 3143 1381 semetipsum
3203 1314 3526 1368 Sanctiﬁcat.

1960 1399 2110 1457 Unus
2138 1414 2218 1456 est
2249 1418 2377 1473 ergo
2409 1402 2665 1455 Dominus
2698 1412 2749 1455 et
2779 1401 2977 1469 Filius;
3005 1403 3378 1457 sanctiﬁcatus
3406 1404 3528 1474 qui-

1959 1494 2079 1547 dem
2121 1503 2178 1547 ut
2222 1494 2402 1556 homo,
2439 1508 2594 1546 suum
2628 1508 2758 1547 vero
2800 1493 2968 1561 ipsius
3011 1494 3264 1562 templum
3310 1495 3530 1563 praprio

1961 1596 2058 1637 suo
2086 1580 2289 1648 Spiritu
2323 1582 2670 1635 sanctiﬁcans
2700 1592 2757 1633 ut
2788 1580 2950 1635 Deus.

360 1691 378 1721 ι
414 1670 587 1724 Πολλὰ
617 1670 714 1741 μὲν
746 1664 837 1722 οὖν
872 1670 965 1722 καὶ
997 1669 1132 1723 ἄλλα
1160 1671 1363 1739 σημεῖα
1394 1666 1649 1739 ἐποίησεν
1689 1669 1717 1720 ὁ
1752 1669 1858 1739 ’1η-

2037 1689 2056 1722 ‹
2096 1671 2262 1724 Multa
2298 1670 2513 1738 quidem
2548 1680 2605 1723 et
2638 1670 2745 1724 alia
2779 1671 2930 1740 signa
2969 1668 3094 1724 fecit
3125 1669 3279 1725 Jesus
3315 1673 3366 1725 iu
3400 1687 3531 1726 con-

286 1762 412 1826 σοῦς
456 1762 687 1815 ἐνώπιον
730 1759 838 1816 τῶν
882 1759 1142 1831 μαθητῶν
1172 1760 1357 1824 αὑτοῦ,
1386 1758 1423 1813 ἃ
1459 1760 1559 1813 οὐκ
1600 1757 1715 1812 ἐστι
1762 1776 1856 1828 γε-

284 1851 581 1924 γραμμένα
608 1852 667 1904 ἐν
696 1849 776 1921 τῷ
806 1849 993 1921 βιϐλίῳ
1017 1849 1212 1919 τούτῳ.
1235 1848 1421 1902 Ταῦτα
1447 1849 1505 1902 δὲ
1531 1847 1860 1920 γέγραπται,

285 1942 373 1994 ἵνα
420 1938 748 2009 πιστεύσητε
796 1937 879 1991 ὅτι
911 1935 1119 2005 Ἰησοῦς
1149 1937 1301 1989 ἐστιν
1345 1936 1376 1987 ὁ
1408 1934 1644 2007 Χριστὸς
1674 1935 1703 1987 ὀ
1733 1933 1857 1997 Υἱὸς

285 2032 379 2085 τοῦ
423 2030 559 2084 Θεοῦ
582 2046 597 2061 '
647 2030 739 2082 καὶ
794 2028 879 2081 ἵνα
926 2027 1295 2091 πιστεύοντες,
1318 2026 1463 2097 ζωὴν
1508 2026 1666 2098 ἔχητε
1697 2027 1756 2080 ἐν
1784 2025 1861 2097 τῷ

286 2124 509 2191 ὀνόματι
533 2123 715 2175 αὐτοῦ.
748 2140 767 2172 ι
785 2122 845 2183 Ὀ
869 2122 937 2172 ὲκ
960 2120 1059 2190 τῆς
1084 2119 1246 2188 ἁγίας
1276 2118 1554 2191 Παρθένου
1600 2134 1859 2189 γεγεννη-

291 2217 451 2285 μένος
492 2213 856 2284 Ἐμμανουὴλ,
892 2212 980 2266 διὰ
1007 2212 1109 2281 τῆς
1133 2210 1227 2264 τοῦ
1254 2209 1582 2279 Εὐαγγελίου
1605 2209 1631 2249 ι
1679 2210 1861 2280 φωνῆς

302 2301 504 2372 Ἰησοῦς
536 2299 1006 2371 ὠνόμασται.”οτε
1040 2299 1219 2352 τοίνυν
1250 2298 1412 2362 αὐτός
1442 2300 1579 2362 ἐστι,
1629 2298 1722 2351 καὶ
1763 2298 1862 2368 οὐχ

289 2376 494 2462 ἕτερος,
531 2392 656 2454 Υἱὸς
701 2388 794 2443 τοῦ
840 2389 995 2455 Θεοῦ,
1026 2389 1120 2442 καὶ
1166 2391 1194 2441 ό
1239 2386 1511 2440 πιστεύων
1552 2386 1666 2457 ἔχει
1717 2384 1862 2456 ζωὴν

291 2479 509 2534 αἰώνιον
547 2479 604 2532 ὲν
636 2479 713 2549 τῷ
756 2478 980 2547 ὀνόματι
1016 2475 1203 2529 αὐτοῦ’
1240 2476 1354 2539 πῶς
1382 2475 1443 2528 οὐ
1475 2477 1782 2547 μεμήνασιν
1811 2477 1861 2529 οἱ

290 2570 635 2641 διορίζοντες,
659 2570 754 2622 καὶ
788 2570 1111 2637 φάσκοντες,
1141 2569 1326 2639 ἕτερον
1348 2566 1477 2620 Υἱδν
1499 2562 1639 2620 εἶναι
1666 2566 1757 2620 τὸν
1798 2567 1862 2620 ὲκ

293 2660 429 2714 Θεοῦ
484 2661 674 2729 Λόγον,
704 2659 798 2713 καὶ
838 2659 1026 2728 ἕτερον
1068 2658 1158 2711 τὸν
1202 2659 1267 2711 ὲκ
1318 2658 1417 2727 τῆς
1456 2659 1615 2727 ἁγίας
1653 2659 1863 2729 Παρθέ-

293 2767 417 2818 νου;
448 2751 695 2805 Φαίνεται
728 2750 837 2821 γάρ
881 2749 957 2802 ὲν
983 2748 1193 2811 τούτοις
1244 2747 1275 2800 ὁ
1327 2745 1715 2819 εὐαγγελιστης
1769 2747 1865 2801 καὶ

297 2847 441 2917 μάλα
469 2846 656 2915 σαφῶς
680 2845 777 2898 ἕνα
803 2844 900 2898 καὶ
933 2842 1093 2913 μόνον
1116 2841 1208 2895 τὸν
1238 2840 1297 2908 ἐξ
1344 2840 1546 2911 ἀμφοῖν
1577 2838 1734 2902 εἰδὼς
1771 2838 1866 2891 καὶ

295 2937 580 3008 κηρύττων
617 2935 822 3006 Ἰησοῦν
850 2933 1109 3005 Χριστὸν,
1132 2932 1380 2986 τουτέστι
1400 2931 1494 2986 τὸν
1519 2932 1586 2985 ὲκ
1606 2930 1740 2985 Θεοῦ
1762 2931 1866 2984 Πα-

1961 1771 2143 1830 spectu
2178 1761 2559 1830 discipulorum
2594 1775 2845 1826 suorum,
2886 1777 3003 1832 quae
3040 1778 3139 1815 non
3175 1774 3298 1816 sunt
3330 1764 3530 1831 scripta

1964 1853 2016 1907 iu
2054 1852 2191 1907 libro
2231 1854 2350 1907 hoc.
2391 1851 2513 1905 llaec
2551 1862 2733 1908 aulem
2774 1852 2974 1922 scripta
3015 1863 3169 1919 sunt,
3207 1855 3532 1923 nycredatis

1961 1944 2084 2012 quia
2118 1941 2273 1998 Jesus
2304 1952 2385 1997 est
2416 1942 2664 1996 Christus
2701 1942 2871 1997 Filius
2909 1944 3033 2009 Dei;
3069 1957 3121 1999 et
3157 1956 3212 1998 ut
3245 1948 3533 2000 credentes

1963 2034 2124 2086 vitam
2166 2033 2408 2088 habeatis
2452 2032 2504 2085 in
2548 2035 2764 2087 nomine
2803 2032 3008 2100 ejus”.
3058 2054 3077 2085 ι
3123 2034 3221 2101 Qui
3268 2051 3333 2089 ex
3376 2051 3528 2090 sacra

1966 2119 2182 2191 Virgine
2229 2112 2386 2175 natus
2430 2130 2513 2175 est
2562 2119 2911 2183 Emmanuel.
2962 2124 3005 2176 is
3047 2139 3176 2176 voce
3225 2125 3532 2194 evangelica

1964 2210 2262 2278 appellatus
2290 2219 2371 2265 est
2400 2209 2557 2264 Jesus
2580 2210 2645 2262 ³¹.
2680 2210 2811 2264 Cum
2847 2210 2960 2277 ipse
2989 2226 3138 2278 ergo,
3173 2219 3227 2263 rt
3257 2228 3360 2264 non
3397 2213 3536 2267 alius

1962 2302 2227 2371 quispiam
2260 2301 2330 2354 sit
2362 2300 2454 2354 Dei
2488 2299 2691 2363 Filius;
2722 2313 2774 2352 et
2804 2302 2892 2369 qui
2928 2301 2978 2352 in
3014 2300 3162 2352 illum
3198 2302 3405 2367 credit,
3440 2317 3534 2355 no-

1964 2393 2107 2445 mine
2149 2389 2387 2458 ejusdem
2437 2390 2601 2441 vitam
2648 2394 2907 2441 mter-nam
2955 2399 3359 2457 consequatur;
3403 2405 3571 2459 quo-.

1963 2482 2121 2536 modo
2164 2496 2266 2533 non
2314 2479 2587 2531 insaniunt
2626 2481 2741 2548 qui,
2772 2479 3033 2533 divisione
3076 2479 3324 2541 inducta,
3372 2481 3532 2535 alium

1964 2574 2054 2629 Dei
2082 2574 2253 2627 Patris
2276 2569 2530 2635 Verbum,
2556 2571 2719 2625 alium
2750 2587 2962 2625 rursum
2992 2572 3136 2624 illum
3166 2574 3255 2642 qni
3287 2588 3350 2628 ex
3380 2589 3533 2628 saeta

1967 2665 2185 2736 Virgine
2217 2671 2393 2717 ortum
2432 2663 2610 2726 ducit,
2650 2661 2843 2715 Filium
2878 2678 2998 2718 esse
3036 2664 3325 2718 asserunt?
3360 2665 3412 2720 In
3452 2665 3536 2720 his

1964 2757 2107 2811 enim
2139 2753 2465 2825 evangelista
2498 2769 2661 2806 litium
2694 2754 2865 2807 sohnn
2896 2751 3076 2808 Jesum
3111 2755 3407 2821 Christum,
3438 2755 3539 2809 hoc

1965 2856 2067 2909 est,
2093 2845 2183 2900 Dei
2215 2844 2392 2899 Patris
2409 2844 2670 2906 Verbum,
2693 2844 2876 2898 carnis
2904 2853 2954 2899 et
2986 2845 3267 2915 sanguinis
3294 2863 3445 2914 aeque
3472 2862 3537 2901 ac

1968 2949 2066 2989 nos
2112 2934 2403 2989 secundum
2452 2931 2765 3002 Scripturas
2818 2933 3090 3001 particeps
3136 2932 3422 2998 ell‘ectum,
3470 2949 3538 2988 ex

449 3028 639 3095 Λόγον,
670 2997 1026 3097 αἵματος-καὶ
1059 2997 1259 3098 σαρκὸς
1297 3026 1734 3097 κεκοινωνηκότα
1764 3043 1864 3079 πα-

1971 3036 2197 3094 utroque
2232 3024 2587 3081 constitutum
2632 3022 2973 3094 apertissime
3012 3023 3257 3094 agnoscit
3299 3034 3354 3079 et
3393 3039 3535 3093 prae-

295 3118 613 3193 ραπλησίως
638 3121 791 3190 ἡμῖν,
824 3118 966 3173 καθά
994 3118 1325 3190 γέγραπται.

524 3229 624 3284 Ἐκ
660 3230 768 3285 τοῦ
804 3230 956 3284 κατὰ
990 3228 1235 3285 Λουκᾶν
1265 3228 1653 3301 Εὐαγγελίου.

375 3360 397 3395 ι
417 3342 664 3412 Ἐγένετο
690 3343 749 3397 δὲ
777 3345 836 3397 ὲν
867 3342 945 3415 τῷ
969 3339 1109 3397 εἶναι
1134 3343 1332 3413 αὐτοὺς
1356 3344 1491 3407 ἐκεῖ,
1515 3342 1868 3413 ἐπλήσθησαν

299 3431 359 3485 αἱ
384 3431 584 3503 ἡμέραι
610 3431 705 3485 τοῦ
743 3433 924 3485 τεκεῖν
951 3430 1122 3502 αὐτήν
1139 3446 1154 3461 ο
1195 3432 1290 3484 καὶ
1314 3431 1467 3485 ἔτεκε
1495 3432 1586 3485 τὸν
1620 3431 1748 3485 Υίὸν
1774 3431 1871 3485 αύ-

299 3519 397 3590 τῆς
442 3518 533 3572 τὸν
565 3519 926 3590 πρωτότοκον,
959 3519 1054 3573 καὶ
1106 3519 1529 3590 ἐσπαργάνωσεν
1560 3520 1742 3584 αὑτὸν,
1775 3519 1871 3573 καὶ

300 3609 576 3663 ἀνέκλινεν
622 3609 784 3662 αὐτὸν
830 3612 889 3662 ὲν
931 3611 998 3680 τῇ
1048 3609 1245 3681 φάτνῃ,
1275 3609 1408 3663 διότι
1436 3610 1535 3664 οὐκ
1576 3605 1645 3681 ἦν
1688 3611 1870 3675 αὐτοῖς

300 3699 465 3775 τόπος
508 3699 566 3751 ὲν
614 3698 692 3768 τῷ
737 3698 1103 3769 καταλύματι.
1138 3699 1304 3753 »Ἕνα
1350 3699 1444 3753 καὶ
1480 3701 1640 3770 μόνον
1682 3700 1871 3754 ἔτεκεν

304 3786 431 3842 rev
474 3788 568 3841 τὸν
605 3787 951 3859 Ἐμμανουήλ
999 3790 1034 3860 ἡ
1084 3788 1216 3857 ἁγία
1265 3788 1538 3859 Παρθένος
1558 3803 1574 3818 °
1621 3788 1739 3852 πῶς
1777 3784 1871 3843 οῦν

300 3895 491 3957 φησι,‹
516 3878 622 3932 Τὸν
645 3877 771 3931 Υἱὺν
790 3877 959 3948 αὐτῆς
986 3877 1077 3931 τὸν
1105 3877 1449 3948 πρωτότοκον
1470 3894 1487 3941 ;
1510 3896 1528 3928 ι
1561 3877 1623 3930 οὐ
1644 3877 1753 3949 γὰρ
1778 3894 1871 3946 γε-

301 3969 526 4037 γόνασιν
562 3969 740 4040 ἕτεροι
793 3969 1120 4040 μετ”αὑτδν,
1158 3969 1434 4039 μεμένηκε
1461 3968 1521 4022 δὲ
1582 3968 1869 4039 παρθένος.

314 4060 767 4130 Ἑπιοημαίνεται
797 4061 977 4114 τοίνυν
1005 4061 1080 4124 ὡς
1116 4061 1181 4114 ὲκ
1205 4061 1303 4132 τῆς
1345 4058 1703 4113 θεοπνεύστου
1733 4061 1872 4130 Γρα-

304 4149 442 4221 φῆςο
474 4149 789 4220 ὠνόμασται
839 4151 949 4221 γὰρ
995 4149 1339 4222 πρωτότοκος
1374 4149 1404 4200 ὁ
1437 4148 1730 4219 μονογενὴς
1776 4148 1871 4202 τοῦ

300 4241 439 4297 Θεοῦ
467 4242 640 4309 Λόγος
659 4257 673 4271 ’
721 4241 1082 4313 κεκοινώνηκε
1113 4240 1220 4311 γὰρ
1268 4239 1497 4309 αἵματος
1526 4238 1620 4291 καὶ
1648 4238 1869 4310 σαρκὸς,

300 4333 402 4387 καὶ
452 4329 850 4402 παραπλησίως
899 4333 1029 4401 ἡμῖν
1075 4331 1301 4400 μετέσχε
1332 4330 1440 4383 τῶν
1468 4328 1664 4382 αὐτῶν.
1718 4329 1873 4383 Οῦτω

300 4424 525 4495 γέγονεν
570 4423 630 4476 ὲν
680 4421 896 4485 πολλοῖς
939 4418 1190 4491 ἀδελφοῖς
1233 4420 1590 4491 πρωτότοκος.
1624 4418 1771 4490 Πλὴν
1796 4419 1873 4484 ὡς

232 4502 243 4510 ’
301 4514 435 4578 Θεὸς
457 4513 842 4586 προσκυνεῖται
869 4512 1023 4584 παρά
1048 4529 1109 4566 τε
1129 4512 1288 4584 ἡμῶν
1313 4511 1494 4568 αὐτῶν
1514 4510 1610 4566 καὶ
1629 4510 1737 4565 τῶν
1760 4511 1873 4567 ἀνω

302 4605 655 4674 πνευμάτων.

382 4712 402 4745 ι
427 4695 539 4748 Καὶ
584 4690 728 4759 εἷπε,
780 4695 935 4764 φησὶ,
978 4695 1116 4766 πρὸς
1155 4694 1320 4748 αὐτὸν
1370 4698 1404 4766 ὴ
1459 4697 1640 4768 μήτηρ
1684 4694 1872 4750 αὐτοῦ⁸

303 4783 529 4850 Τέκνον,
556 4785 608 4839 τί
633 4787 896 4854 ἐποίησας
920 4786 1056 4855 ημῖν
1092 4784 1297 4849 οὖτωςς
1341 4785 1472 4839 Ἰδοὺ
1506 4790 1535 4840 ὁ
1566 4787 1748 4857 πατήρ
1778 4803 1872 4840 σου

305 4875 404 4928 καὶ
448 4874 560 4942 ἑγὼ
609 4873 933 4943 ὀδυνώμενοι
980 4871 1281 4943 ἐζητοῦμεν
1320 4888 1400 4924 σιι.
1430 4874 1540 4926 Καὶ
1584 4871 1705 4928 εἷπε
1734 4876 1872 4948 πρὸς

303 4964 502 5029 αὐτούς
520 4981 534 4996 ·
562 4965 628 5018 Τί
664 4965 746 5019 δτι
774 4962 1014 5034 εζητεῖτὲ
1045 4978 1112 5034 με
1132 4979 1148 5028 ;
1172 4962 1271 5015 οὐκ
1301 4962 1476 5016 οἴδατε
1495 4961 1538 5024 ι.
1565 4964 1646 5017 ὅτι
1679 4967 1736 5017 ὲν
1757 4967 1870 5028 τοῖς

301 5053 400 5114 τοῦ
430 5055 642 5126 Πατρός
674 5072 773 5126 μου
805 5054 886 5108 δεῖ
924 5050 1067 5109 εἷναί
1101 5067 1203 5121 ps;
1245 5070 1264 5103 ι
1287 5050 1475 5122 ’Λθρει
1505 5051 1569 5124 δὴ
1603 5049 1694 5106 οὖν
1723 5054 1872 5117 ὅπως

381 5210 427 5242 ”
448 5207 602 5265 Joan.
634 5208 860 5272 xvu,l9.
971 5207 1018 5240 ³⁸
1040 5205 1194 5261 Joan.
1220 5221 1315 5270 xx,
1338 5203 1428 5269 30,
1457 5203 1549 5259 3|.

304 5293 431 5346 vul,
464 5283 548 5335 t9.
626 5279 670 5311 ³⁸
699 5279 831 5335 Luc.
860 5293 921 5342 ιι,
947 5276 1039 5344 49,
1074 5276 1163 5332 50.

1658 5204 1699 5237 ³⁸
1724 5204 1858 5261 Luc.
1892 5221 1951 5271 ιι,
1977 5204 2071 5262 Si.

1967 3117 2135 3172 dicat.

2253 3229 2337 3282 Ea:
2374 3227 2658 3298 Evangelia
2695 3226 2982 3280 secundum
3024 3223 3241 3281 Lucam.

2046 3357 2066 3391 ι
2102 3338 2169 3393 Et
2196 3337 2393 3394 factum
2420 3348 2525 3403 est,
2550 3354 2672 3393 cum
2702 3346 2886 3392 essent
2910 3335 3010 3399 ibi,
3038 3337 3240 3405 impleti
3270 3346 3397 3390 sum
3424 3337 3540 3393 dies

1970 3438 2028 3484 ut
2060 3438 2300 3499 pareret,
2333 3438 2387 3485 et
2421 3431 2628 3499 peperit
2663 3428 2856 3482 Filium
2894 3443 3052 3482 suum
3089 3412 3540 3497 primogenitum,
3598 3444 3607 3453 '

1969 3530 2022 3574 et
2055 3520 2246 3590 pannis
2278 3535 2401 3575 eum
2443 3520 2695 3583 involvit,
2732 3530 2789 3573 et
2827 3520 3113 3573 reclinavit
3150 3518 3204 3572 in
3242 3520 3540 3589 praesepio,

1970 3611 2093 3680 quia
2129 3626 2232 3664 non
2264 3621 2383 3666 erat
2412 3613 2498 3667 eis
2531 3611 2679 3665 locus
2713 3612 2765 3665 in
2800 3612 3098 3666 diversorio
3119 3609 3184 3664 “.
3227 3629 3245 3663 ι
3280 3608 3458 3665 Unum
3489 3620 3544 3666 et

1970 3700 2143 3753 solum
2184 3701 2379 3755 Filium
2430 3703 2639 3772 peperit
2681 3702 2841 3771 116
2881 3711 3068 3756 sancta
3103 3700 3301 3770 Virgo,
3346 3715 3540 3768 nempe

1973 3788 2374 3843 Emmanuelem
2413 3809 2427 3844 :
2464 3807 2561 3844 cur
2594 3791 2759 3857 igitur
2789 3790 2983 3843 Filium
3023 3790 3165 3843 illius
3197 3790 3540 3860 primogeni-

1974 3888 2085 3932 tum
2128 3878 2393 3946 appellat?
2437 3878 2617 3947 Neque
2659 3878 2803 3931 enim
2848 3879 2941 3932 ulli
2983 3878 3071 3931 alii
3117 3884 3241 3945 post
3284 3879 3433 3931 illum
3473 3895 3539 3935 ex

1973 3970 2086 4039 ipsa
2124 3970 2231 4023 uati
2267 3979 2394 4024 sunt
2430 3987 2444 4023 :
2482 3980 2744 4038 perpetuo
2779 3983 3010 4037 namque
3052 3968 3140 4021 illa
3174 3968 3541 4039 virginitatem

1970 4061 2333 4114 conservavit.
2380 4058 2729 4128 Signiﬁcatur
2769 4073 2929 4129 ergo,
2972 4072 3002 4111 a
3051 4074 3206 4113 saera
3257 4060 3541 4129 Scriptura

1973 4150 2300 4219 unigenitum
2332 4150 2422 4204 Dei
2449 4148 2685 4204 Verbum
2717 4149 2788 4205 ob
2820 4149 2871 4203 id
2906 4150 3328 4220 primogenitum
3359 4154 3543 4222 appel-

1975 4241 2139 4295 latum
2172 4254 2314 4303 esse,
2349 4242 2474 4310 quia
2507 4241 2656 4294 carni
2692 4248 2745 4294 et
2781 4239 3051 4309 sanguini,
3085 4240 3407 4312 exterisque
3443 4244 3542 4297 hu-

1907 4316 1950 4371 D
1977 4331 2151 4385 manis
2178 4345 2331 4400 aque
2355 4346 2419 4386 ac
2447 4347 2545 4386 nos
2574 4333 3014 4399 communicatis,
3044 4334 3187 4388 inter
3214 4336 3409 4391 multos
3435 4337 3546 4394 t'ra-

1978 4432 2088 4477 tres
2103 4421 2148 4453 ³²
2169 4422 2456 4490 primatum
2479 4423 2725 4477 sortitum
2748 4433 2831 4478 est
2849 4422 2916 4478 “.
2939 4422 3071 4479 Cum
3098 4427 3197 4480 hoe
3220 4426 3342 4495 ipso
3364 4437 3542 4482 tamen

1976 4523 2032 4567 et
2067 4528 2097 4568 ι
2136 4514 2383 4583 supernis
2423 4514 2528 4569 illis
2567 4514 2870 4583 spiritibus,
2906 4525 2963 4572 et
3004 4518 3295 4585 nobisipsis
3328 4532 3546 4588 quoque

1981 4604 2257 4671 adoratur,
2289 4613 2345 4658 et
2373 4615 2434 4658 ut
2464 4603 2607 4660 Deus
2636 4605 2852 4662 colitur.

2059 4712 2077 4746 ι
2117 4693 2184 4748 Ει
2212 4695 2347 4749 dixit
2377 4704 2548 4750 mater
2571 4697 2688 4765 ejus
2717 4697 2784 4750 ad
2817 4696 2967 4750 illum
3000 4714 3014 4751 :
3044 4696 3182 4761 Fili,
3212 4696 3339 4765 quid
3369 4694 3544 4751 fecisti

1978 4785 2134 4840 nobis
2159 4784 2271 4839 sic?
2298 4785 2435 4839 Ecce
2464 4782 2617 4851 pater
2641 4791 2764 4840 tuus
2786 4796 2843 4840 et
2865 4800 2964 4856 ego
2989 4786 3235 4840 dolentes
3260 4786 3543 4855 quaereba-

1978 4889 2099 4929 mus
2136 4882 2207 4927 te.
2239 4870 2313 4937 Et
2343 4873 2419 4926 ait
2451 4873 2517 4926 ad
2552 4874 2673 4928 illos
2706 4892 2722 4929 :
2755 4874 2893 4940 Quid
2926 4885 3006 4931 est
3041 4875 3183 4942 quod
3218 4889 3304 4930 tne
3336 4890 3546 4945 quaere-

1975 4963 2153 5021 batis?
2178 4960 2537 5027 Nesciebatis,
2562 4964 2687 5033 quia
2718 4963 2770 5017 in
2801 4965 2884 5018 his
2909 4980 3030 5034 qua:
3059 4962 3235 5019 Patris
3266 4967 3369 5019 mei
3396 4975 3542 5034 sunt,

1978 5062 2190 5124 oportet
2213 5068 2300 5107 me
2333 5067 2451 5110 esse
2470 5053 2553 5108 "?
2579 5072 2596 5106 ι
2621 5055 2698 5109 En
2722 5055 2991 5124 quomodo
3012 5055 3284 5109 cmlestem
3310 5055 3545 5126 Patrem,

2184 5207 2228 5240 ³⁸
2265 5204 2399 5262 Luc.
2432 5220 2494 5271 lt,
2520 5204 2574 5271 6,
2608 5205 2664 5261 7.
2771 5204 2817 5236 ⁸³
2840 5203 3003 5260 Hebr.
3032 5221 3091 5272 tt,
3128 5207 3212 5261 Μ.

3314 5209 3361 5241 ³⁸
3381 5209 3543 5266 Rom.

1375 5433 1548 5488 Varia:
1584 5431 1842 5487 lectiones
1870 5429 2073 5487 codicis
2092 5430 2445 5505 Seguieriani,

386 5571 414 5615 ι
444 5573 609 5640 ισως,
639 5570 890 5640 ἀγγέλου.
970 5566 988 5606 ¹
1022 5567 1219 5637 ᾔδειτε.
