3910 6200
476 228 612 283 1⁸519

1460 218 1518 275 S.
1559 217 1834 278 CYRILLI
1874 215 2337 271 ALEXANDRINI
2383 211 2702 269 ARCHIEP.

3596 211 3747 265 1320

434 368 439 375 ι
471 353 627 393 suum
659 336 827 406 ipsius
856 335 1135 417 proprium
1166 332 1377 389 Patrem
1408 334 1667 389 nominat.
1693 331 1761 386 At
1785 330 2045 400 siquidem

2154 329 2285 384 ῖδιον
2329 330 2524 385 ἑαυτοῦ
2557 328 2775 399 Πατέρα
2804 327 2895 381 τὸν
2941 328 2999 380 ἐν
3026 329 3137 390 τοῖς
3175 327 3423 398 οὐρανοῖς
3452 326 3743 396 ὀνομάζει.

471 428 647 481 nudus
675 428 834 480 homo
860 416 998 489 erat,
1029 426 1324 493 cujusmodi
1354 440 1451 480 nos
1475 438 1681 489 sumus,
1709 432 1764 476 et
1789 421 1932 474 aliud
1963 416 2045 474 ni-

472 515 577 583 hil;
609 531 706 570 cur
731 530 835 570 non
869 516 970 569 hac
1001 517 1178 583 potius
1205 515 1456 569 oratione
1487 528 1616 568 usus
1643 522 1729 566 est
1755 528 1770 564 :
1807 530 1826 562 ι
1860 510 2046 565 Nesci-

474 608 545 661 tis
575 607 717 675 quod
749 607 800 660 in
832 607 917 661 bis
942 622 1060 675 qua:
1087 607 1389 661 communis
1415 604 1656 658 omnium
1689 602 1866 657 Patris
1896 614 2042 665 sunt,

471 705 687 766 oportet
725 711 810 751 me
852 696 1007 751 esse?
1049 716 1068 748 ι
1106 694 1305 750 Verum
1343 696 1490 750 illum
1531 705 1588 747 ut
1626 695 1903 763 proprium
1943 692 2044 747 sibi

472 789 738 852 vindicat;
768 788 892 855 quia
925 788 1073 841 solus
1101 788 1403 841 secundum
1436 787 1672 840 divinam
1707 793 1953 838 naturam
1980 799 2047 838 ex

475 879 593 945 ipso
630 889 788 932 natus
822 888 923 931 est.
960 879 1218 931 Eumdem
1258 878 1613 931 nihilominus
1648 885 1703 931 et
1743 878 1903 930 homo
1934 874 2044 944 jam

475 966 648 1022 factus
679 967 951 1035 proprium
985 967 1157 1020 adhuc
1191 966 1601 1034 naturalemque
1635 966 1852 1020 retinet.

549 1074 570 1107 ι
610 1059 672 1110 Et
705 1055 902 1110 factum
934 1070 1051 1118 εει,
1085 1057 1212 1109 dum
1247 1064 1392 1111 esset
1423 1056 1475 1109 in
1509 1072 1610 1109 una
1643 1056 1925 1109 civitatum
1947 1096 1963 1118 ,
1993 1065 2048 1110 et

475 1157 599 1195 ecce
625 1144 706 1194 vir
727 1143 915 1211 plenus
942 1144 1089 1210 lepra
1123 1161 1135 1197 :
1163 1153 1216 1197 et
1238 1145 1427 1198 videns
1451 1138 1657 1208 Jesu’m,
1685 1152 1738 1199 et
1761 1144 2047 1213 procldens

475 1234 527 1287 in
554 1228 768 1295 faciem,
799 1233 1006 1301 rogavit
1025 1248 1169 1300 eum,
1195 1235 1378 1289 dicens
1399 1253 1415 1290 :
1436 1235 1680 1301 Domine,
1708 1236 1753 1291 si
1774 1238 1872 1304 vis,
1899 1248 2049 1306 potes

475 1338 559 1378 mc
591 1324 868 1378 mundare.
902 1323 965 1377 Et
995 1327 1290 1397 extendens
1320 1343 1560 1395 manum,
1593 1328 1767 1399 tetigit
1793 1343 1938 1393 eum,
1967 1330 2049 1382 di-

472 1430 602 1466 cens
636 1430 652 1467 :
686 1411 840 1478 Volo,
883 1417 1144 1470 mundare
1181 1414 1247 1468 “.
1283 1434 1302 1468 ι
1325 1414 1608 1471 Miraberis
1647 1418 1734 1473 hic
1770 1417 2047 1473 Christum

472 1505 651 1558 divina
687 1505 844 1558 simul
877 1522 943 1558 ac
973 1520 1232 1575 corporea
1265 1506 1463 1561 virtute
1490 1521 1804 1577 aperantem
1837 1528 1851 1563 :
1883 1511 2049 1578 siqui-

471 1596 591 1649 dem
620 1596 755 1650 velle
784 1605 903 1649 erat
930 1597 1193 1662 divinum,
1222 1600 1336 1666 ipsa
1367 1613 1493 1653 vero
1524 1615 1714 1653 manus
1745 1603 2045 1669 proteusio,

2160 419 2300 472 Ἀλλ’
2329 421 2487 491 εἴπερ
2531 416 2599 492 ἦν
2652 419 2935 491 ἄνθρωπος
2985 419 3323 489 καταμόνας,
3355 420 3451 472 καὶ
3488 418 3628 472 αὐτὸ
3675 418 3745 488 δὴ

2136 508 2302 565 ’τοῦτο
2350 512 2637 583 νοούμενος
2690 510 2809 564 καθ’
2840 511 3008 580 ἡμᾶς,
3047 510 3164 572 πῶς
3221 510 3321 563 οὐκ
3371 509 3482 563 ἔδει
3533 509 3747 579 μᾶλλον

2151 604 2326 656 εἰπεῖν
2351 618 2365 633 ο
2394 603 2508 656 Οὐκ
2542 602 2744 677 ᾔδειτε,
2777 601 2860 654 ὅτι
2907 602 2967 653 ἐν
2991 603 3104 664 τοῖς
3134 599 3229 653 τοῦ
3270 600 3487 653 πάντων
3516 597 3743 671 Harpe;

2146 691 2305 771 sive!~
2330 711 2397 765 με
2421 694 2537 758 δεῖ;
2582 694 2722 747 Ἀλλ’
2753 694 2884 746 ἴδιον
2925 692 3095 745 αὑτοῦ
3125 694 3363 745 ποιεῖται
3383 706 3397 719 ’
3437 692 3602 761 μόνος
3628 689 3744 760 γὰρ

2146 786 2208 851 ἐξ
2237 787 2402 840 αὐτοῦ
2426 786 2748 856 γεγέννηται
2772 784 2914 839 κατὰ
2947 784 3109 853 φύσιν
3140 783 3357 846 θεῖκῶς.
3377 783 3434 837 Ὀ
3463 783 3522 836 δὲ
3548 783 3740 845 αὐτὸς,

2145 878 2241 931 καὶ
2275 878 2557 949 ἄνθρωπος
2586 875 2848 946 γεγονὼς,
2879 875 3010 930 ἴδιον
3051 875 3163 945 ἔχει
3196 868 3289 927 καῖ
3324 873 3484 943 φύσει
3512 873 3743 945 Πατέρα

2145 969 2237 1023 τὸν
2265 969 2398 1023 Θεόν
2412 1008 2426 1023 .

2227 1084 2245 1116 ι
2274 1065 2377 1117 Καὶ
2430 1063 2649 1132 ἐγένετο
2685 1064 2743 1117 ὲν
2795 1060 2874 1131 τῷ
2911 1056 3050 1114 εἶναι
3080 1058 3243 1114 αὐτὸν
3273 1058 3330 1111 ἐν
3362 1058 3464 1129 μιᾷ
3497 1055 3610 1110 τῶν
3639 1051 3738 1109 πό-

2145 1151 2310 1233 λεων,
2336 1151 2431 1205 καὶ
2491 1150 2600 1203 ἰδοὺ
2647 1150 2787 1221 ἀνὴρ
2838 1149 3052 1219 πλήρης
3079 1148 3285 1219 λέπρας
3306 1161 3322 1176 ⁸
3368 1148 3463 1200 καὶ
3491 1145 3618 1199 ἰδὼν
3644 1146 3737 1199 τὸν

2160 1243 2388 1313 Ἰησοῦν,
2420 1241 2601 1295 πεσὼν
2635 1241 2729 1294 ἐπὶ
2758 1241 3070 1312 πρόσωπον,
3094 1239 3289 1310 ἐδεήθη
3314 1236 3734 1306 αύτού,λέγων-

2147 1331 2340 1403 Κύριε,
2381 1329 2475 1383 ἐὰν
2509 1328 2688 1400 θέλῃς,
2715 1328 2940 1383 δύνασαί
2984 1344 3051 1398 με
3077 1328 3393 1399 καθαρίσαι.
3426 1327 3535 1380 Καὶ
3561 1325 3737 1377 ἐκτεῖ-

2147 1439 2243 1484 νας
2276 1422 2372 1487 τὴν
2399 1421 2555 1491 χεῖρα
2579 1458 2593 1482 ,
2621 1420 2801 1488 ἥψατο
2830 1419 3018 1481 αὑτοῦ,
3048 1418 3247 1485 λέγων’
3291 1417 3462 1484 Θέλω,
3498 1415 3734 1487 καθαριο

2104 1532 2115 1537 ’
2151 1513 2327 1582 σθητι.
2359 1530 2378 1564 ι
2417 1511 2737 1581 Θαυμάσεις
2785 1512 2844 1564 ὲν
2889 1509 3098 1571 τούτοις
3145 1508 3346 1572 θεῖκῶς
3380 1525 3441 1561 τε
3490 1507 3609 1577 ἅμα
3640 1506 3734 1559 καὶ

2150 1602 2479 1672 σωματικῶς
2528 1600 2856 1673 ἐνεργοῦντα
2888 1599 3156 1669 Χριστόν·
3200 1599 3381 1653 θεῖκὸν
3415 1599 3515 1668 μὲν
3549 1594 3643 1650 οὖν
3675 1597 3737 1649 τὸ

475 1691 792 1744 humanum.
824 1685 974 1744 Unus
1004 1690 1187 1759 itaque
1213 1704 1281 1744 ex
1308 1701 1537 1760 utroque
1565 1690 1753 1746 Filius.
1783 1692 1912 1747 Nam
1943 1696 2043 1748 etsi

2154 1695 2345 1757 θέλειν,
2374 1693 2713 1765 ἀνθρώπινον
2738 1693 2793 1746 δὲ
2822 1691 2882 1745 τὸ
2911 1694 3145 1745 ἐκτεῖναι
3174 1690 3273 1761 τὴν
3305 1693 3483 1761 χεῖρα.
3512 1685 3611 1753 Εἷς
3640 1685 3734 1744 οὖν

478 1779 707 1834 Verbum
738 1777 900 1835 fuerit
932 1782 1290 1847 iucarnatum,
1316 1782 1484 1837 nihilo
1513 1791 1690 1838 tamen
1719 1786 1891 1840 secius
1921 1799 2042 1839 cum

402 1880 407 1885 ‘
477 1871 688 1939 propria
718 1886 901 1936 carne,
933 1874 1181 1926 virtutem
1210 1883 1264 1927 et
1297 1875 1407 1943 ipsa
1440 1884 1658 1945 propter
1683 1876 1812 1931 illud
1844 1878 2046 1932 haben-

477 1970 548 2035 te,
580 1970 830 2028 tauquam
867 1960 1005 2015 Deus
1045 1965 1394 2030 operabatur.

550 2069 570 2101 ι
603 2048 746 2103 Dixit
775 2060 951 2104 autem
977 2053 1042 2104 ad
1070 2052 1189 2106 illos
1216 2067 1231 2106 :
1256 2053 1536 2118 Quomodo
1562 2054 1748 2109 dicunt
1774 2055 2046 2111 Christum

475 2154 594 2194 esse
625 2140 787 2192 tilium
826 2139 1027 2194 David?
1055 2150 1109 2195 et
1138 2142 1254 2210 ipse
1283 2141 1448 2196 David
1481 2145 1613 2199 dicit
1644 2145 1694 2199 in
1728 2145 1867 2200 libro
1894 2146 2046 2201 Psal-

476 2249 682 2288 morum
720 2256 731 2288 :
766 2235 908 2287 Dixit
940 2235 1199 2290 Dominus
1235 2235 1463 2290 Domino
1498 2252 1616 2293 meo
1645 2256 1657 2292 :
1693 2238 1830 2294 Sede
1860 2256 1888 2293 a
1911 2241 2046 2295 dex-

474 2324 577 2379 tris
606 2324 760 2387 meis,
787 2325 959 2377 donec
986 2340 1179 2394 ponam
1212 2325 1458 2381 inimicos
1487 2335 1607 2381 tuos
1632 2328 1924 2383 scabellum
1953 2344 2048 2399 pe-

473 2415 601 2468 dum
635 2424 870 2467 tuorum.
904 2415 1067 2469 David
1097 2430 1226 2485 ergo
1260 2417 1541 2470 Dominum
1576 2417 1720 2471 illum
1754 2428 1910 2473 vocat
1943 2437 1957 2473 :
1993 2427 2047 2473 et

473 2505 743 2573 quomodo
779 2504 918 2557 Iilius
950 2506 1069 2573 ejus
1100 2506 1280 2560 est"?
1317 2525 1336 2558 ο
1370 2507 1540 2562 Audis
1572 2523 1680 2576 quo
1714 2518 1871 2579 pacto
1906 2511 2046 2580 ipse-

474 2604 589 2649 ttiet
623 2594 873 2672 Christus
913 2593 1151 2663 (tametsi
1188 2609 1251 2649 ex
1298 2596 1504 2650 semine
1543 2596 1713 2652 David
1752 2600 2044 2652 secundum

429 2698 438 2707 ·
474 2700 692 2739 carnem
720 2686 982 2755 originem
1015 2685 1214 2756 trahat)
1245 2687 1348 2742 hoc
1378 2687 1498 2742 loco
1528 2687 1718 2752 Deum,
1742 2698 1796 2743 et
1825 2688 2041 2755 Filium,

478 2773 638 2845 117
662 2784 717 2827 et
740 2775 1023 2829 Dominum
1048 2776 1342 2828 secundum
1371 2786 1616 2831 naturam
1642 2792 1702 2832 se
1726 2788 2044 2845 esseosten-

474 2866 602 2919 dat?
637 2863 776 2919 Dicit
806 2866 950 2919 enim
985 2883 999 2919 :
1040 2885 1059 2918 ι
1098 2866 1152 2920 Si
1190 2865 1408 2921 Davidis
1444 2868 1587 2922 [ilius
1618 2877 1723 2933 est,
1753 2883 1851 2922 cur
1881 2869 2043 2923 David

476 2955 759 3010 Dominum
790 2956 937 3010 illum
962 2957 1228 3026 appellat?
1259 2976 1279 3009 ι
1310 2958 1414 3012 Sed
1449 2974 1621 3029 neque
1647 2973 1824 3013 ortum
1852 2975 2044 3015 secun-

476 3049 602 3102 dum
637 3062 853 3102 carnem
892 3050 976 3102 hic
1010 3063 1076 3102 ex
1115 3047 1332 3104 Davidis
1366 3050 1573 3104 semine
1610 3050 1839 3118 refutat;
1876 3067 2050 3121 neque
2076 3023 2121 3085 ο

476 3137 712 3206 seipsum
750 3152 962 3192 rursum
998 3138 1291 3192 secundmu
1328 3147 1576 3192 naturam
1612 3140 1894 3194 Dominum
1930 3158 2051 3203 esse

476 3238 655 3299 negat.
677 3229 870 3283 Verqu
899 3229 1025 3283 licet
1054 3243 1216 3281 unum
1246 3243 1311 3282 ex
1343 3236 1576 3298 utroque
1598 3240 1852 3285 constare
1883 3231 2048 3300 signi-

476 3322 693 3374 ﬁcatum
727 3320 885 3385 velit,
922 3330 1213 3388 utrumque
1248 3328 1427 3373 tamen
1462 3323 1653 3374 adesse
1684 3322 2044 3376 demonstrat.

475 3411 625 3467 Unus
654 3413 833 3479 itaque
862 3420 946 3466 est
975 3411 1247 3473 Christus,
1279 3420 1333 3464 et
1358 3424 1519 3464 verus
1548 3409 1737 3464 Filius.

558 3546 710 3612 Quod
740 3547 872 3615 ﬁdes
907 3548 962 3600 in
996 3544 1261 3599 Christum
1298 3546 1366 3599 sit
1405 3557 1656 3626 tauquam
1690 3548 1743 3600 in
1778 3546 1964 3601 Dcum.

871 3658 958 3715 Ex
987 3656 1228 3727 Epistola
1259 3661 1328 3711 ad
1359 3656 1649 3716 Romanos.

547 3789 567 3822 ι
599 3768 703 3825 Ροι·
724 3784 883 3839 quem
910 3771 1221 3839 accepimus
1251 3771 1481 3840 gratiam
1508 3781 1564 3825 et
1590 3773 1950 3841 apostolatum
1977 3775 2045 3829 ad

470 3863 829 3917 obediendum
866 3862 986 3916 tidei
1031 3863 1081 3915 in
1125 3863 1382 3917 omnibus
1418 3863 1667 3932 gentibus
1700 3878 1798 3931 pro
1831 3865 2048 3920 nomine

473 3956 671 4023 ipsius;
702 3956 753 4007 in
782 3955 976 4024 quibus
996 3954 1132 4009 estis
1155 3965 1211 4008 et
1234 3969 1328 4008 vos
1352 3955 1528 4010 vocati
1551 3953 1678 4009 Jesu
1700 3955 1902 4012 Christi
1921 3956 1987 4012 ³⁸.
2021 3975 2040 4008 ι

472 4046 689 4101 Vocata
716 4057 848 4100 sunt
877 4056 1063 4115 gentes
1094 4061 1192 4113 per
1225 4047 1406 4101 fidem.
1438 4047 1541 4112 Qui
1578 4054 1758 4100 autem
1794 4062 1890 4116 per
1916 4063 2045 4103 san-
2081 4047 2090 4055 ’

470 4149 589 4193 ctos
614 4137 888 4206 apostolos
918 4137 1022 4190 illis
1050 4138 1495 4201 annuutiabatur,
1525 4136 1776 4191 Christus
1800 4146 1934 4191 erat.
1962 4136 2044 4190 Ab

470 4227 538 4281 iis
565 4240 691 4279 vero
716 4228 805 4294 qui
836 4225 962 4280 fidei
996 4228 1270 4296 mysteriis
1297 4226 1677 4291 initia-bantur,
1707 4226 1837 4282 fides
1862 4226 2045 4296 exige-

471 4317 631 4369 batur
663 4317 715 4368 in
750 4317 1057 4383 Christum,
1094 4333 1198 4370 non
1236 4327 1488 4385 tauquam
1524 4317 1579 4370 in
1616 4318 1915 4384 hominem,
1946 4319 2041 4373 sed
2070 4360 2115 4415 Β

470 4415 722 4473 tanquam
753 4407 809 4460 in
839 4407 1026 4461 Deum.
1060 4406 1243 4475 Neque
1271 4407 1416 4461 enim
1448 4408 1632 4461 dicere
1660 4408 1741 4461 fas
1767 4416 1872 4471 est,
1904 4424 2037 4477 geu-

471 4506 551 4551 tes
580 4511 700 4565 quae
724 4494 884 4549 iidem
916 4496 969 4548 in
996 4495 1270 4551 Christum
1300 4494 1815 4562 complectehantur,
1840 4512 1906 4551 ex
1935 4512 2041 4552 uno

468 4601 652 4641 errore
683 4586 736 4640 in
767 4585 994 4641 alterum
1026 4584 1307 4640 transiisse
1335 4601 1348 4638 :
1377 4600 1566 4638 verum
1597 4602 1626 4637 a
1659 4585 1784 4639 falsi
1810 4588 2045 4641 nominis

470 4681 573 4734 diis
601 4678 885 4741 abductas,
916 4680 982 4731 ad
1013 4676 1178 4731 Deum
1206 4675 1385 4730 vivum
1414 4690 1706 4731 conversas
1733 4691 1873 4731 esse.
1903 4676 2035 4732 Cum

469 4771 543 4826 illi
585 4784 716 4840 ergo
752 4769 820 4822 ad
860 4769 1219 4825 obedientium
1264 4766 1388 4822 ﬁdei
1432 4782 1532 4835 pro
1569 4767 1774 4823 Christi
1820 4769 2038 4824 nom-ine

469 4862 827 4930 apostolatum
885 4875 945 4916 se
1000 4860 1277 4928 accepisse
1335 4860 1709 4928 profiteantur,
1770 4861 2037 4928 quomodo

467 4952 718 5006 Christus
747 4966 853 5005 non
880 4960 964 5006 est
997 4951 1167 5016 Deus,
1199 4965 1321 5005 cunt
1352 4950 1485 5005 ﬁdes
1515 4951 1774 5006 habeatur
1803 4954 1855 5005 in
1887 4951 2035 5005 illum

467 5054 723 5113 tanquam
755 5043 808 5097 in
839 5042 1040 5097 Deum?

545 5155 565 5189 ι
602 5135 779 5191 Testis
803 5144 889 5189 est
911 5135 1041 5190 milii
1070 5134 1227 5199 Deus,
1260 5134 1344 5187 cui
1374 5134 1551 5189 servio
1582 5133 1635 5187 in
1675 5133 1864 5201 spiritu
1895 5148 2034 5198 meo,

470 5225 528 5280 in
570 5223 862 5295 Evangelia
908 5220 1028 5279 Filii
1079 5224 1219 5294 ejus,
1272 5224 1415 5292 quod
1466 5224 1584 5277 sine
1638 5222 2038 5278 intermissione

472 5317 786 5369 memoriam
848 5315 1018 5370 vestri
1079 5314 1220 5369 facio
1286 5329 1501 5383 semper
1568 5315 1619 5367 in
1699 5314 2039 5368 orationibus

474 5405 609 5458 meis
636 5404 681 5436 ⁸⁸
744 5423 763 5457 ι
798 5405 900 5472 Qui
936 5406 1043 5460 Deo
1081 5404 1345 5468 serviunt,
1389 5419 1493 5459 non
1535 5407 1783 5460 serviunt
1819 5404 2038 5461 Clu-isto
2066 5440 2083 5459 ι

2153 1787 2212 1851 ἐξ
2246 1789 2446 1857 ἀμφοῖν
2490 1787 2635 1850 Υἱός.
2665 1786 2727 1838 Ei
2766 1785 2875 1855 γὰρ
2923 1784 3018 1836 καὶ
3066 1784 3254 1851 γέγονε
3288 1779 3426 1854 σὰρξ
3470 1784 3498 1835 6
3534 1782 3732 1850 Λόγος,

2152 1878 2265 1931 ἀλλ’
2294 1877 2366 1941 ὡς
2389 1878 2520 1941 Θεὸς
2546 1878 2758 1944 ἐνεργεῖ
2783 1874 2921 1945 μετὰ
2947 1876 3047 1945 τῆς
3071 1872 3208 1937 ἰδίας
3237 1873 3462 1945 σαρκὸς,
3498 1872 3736 1943 ἐχούσης

2153 1968 2319 2037 αὐτῆς
2346 1966 2411 2018 δι’
2439 1964 2600 2019 αὑτὸν
2631 1962 2880 2031 δύναμιν.

2230 2076 2249 2107 ι
2277 2052 2410 2110 Εἷπε
2443 2056 2498 2110 δὲ
2532 2055 2665 2125 πρὸς
2703 2052 2899 2116 αύτούς
2921 2068 2934 2081 ·
2966 2051 3090 2114 Πῶς
3119 2051 3337 2118 λέγουσι
3378 2049 3470 2102 τὸν
3496 2046 3735 2119 Χριστὸν

2154 2144 2293 2202 εἶναι
2336 2147 2450 2199 υἱὸν
2479 2145 2672 2210 Δαυῖδ;
2703 2142 2863 2205 αὐτὸς
2894 2142 3001 2212 γὰρ
3028 2143 3056 2194 6
3088 2139 3251 2194 Δαυῒδ
3279 2139 3426 2206 λέγει
3460 2139 3517 2190 ἐν
3541 2136 3736 2206 βιϐλίῳ

2151 2238 2396 2307 Ψαλμῶν
2416 2255 2429 2268 ·
2462 2232 2629 2289 Εἶπεν
2656 2237 2683 2288 6
2711 2232 2914 2303 Κύριος
2944 2231 3022 2302 τῷ
3055 2230 3244 2302 Κυρίῳ
3280 2246 3379 2300 μου
3398 2243 3410 2257 ·
3446 2228 3631 2282 Κάθου
3668 2229 3736 2280 ἐκ

2152 2329 2342 2393 δεξιῶν
2380 2344 2502 2397 μου,
2541 2327 2644 2389 ἕως
2680 2325 2745 2379 ἂν
2780 2324 2857 2378 θῶ
2892 2326 3018 2385 τοὺς
3046 2320 3272 2392 ἐχθρούς
3315 2338 3409 2373 σου
3440 2319 3735 2372 ὑποπόδιον

2152 2420 2261 2473 τῶν
2291 2416 2466 2472 ποδῶν
2506 2432 2621 2469 σου.
2659 2413 2823 2467 Δαυῖδ
2854 2411 3018 2467 αὐτὸν
3045 2409 3250 2482 Κύριον
3276 2410 3449 2473 καλεῖ,
3481 2408 3577 2461 καὶ
3617 2408 3736 2470 πῶς

2153 2510 2279 2573 Υἱὸς
2309 2505 2472 2561 αὐτοῦ
2502 2507 2681 2572 ἐστιν;
2716 2522 2734 2555 ι
2775 2503 3019 2578 ’Διιούεις
3043 2501 3190 2562 ὃπως
3217 2502 3276 2552 ἐν
3301 2498 3509 2559 τούτοις
3540 2499 3730 2566 σπειρία

2151 2620 2240 2655 ται
2272 2598 2535 2653 δεικνύειν
2568 2596 2731 2659 αὐτὸς
2756 2597 2784 2649 6
2813 2592 3066 2664 Χριστὸς,
3090 2592 3171 2644 ὅτι
3201 2590 3305 2643 κᾶν
3330 2592 3377 2643 εἰ
3402 2589 3628 2658 γέγονεν
3670 2593 3737 2641 ὲκ

2154 2692 2468 2761 σπέρματος
2498 2686 2660 2741 Δαυῒδ
2697 2688 2725 2739 6
2757 2684 2923 2753 Λόγος
2959 2682 3101 2735 κατὰ
3127 2680 3224 2752 τὴν
3260 2681 3459 2751 σάρκα,
3486 2678 3607 2734 ἀλλ’
3638 2673 3734 2731 οὖν

2152 2785 2268 2836 ἐστι
2300 2782 2393 2834 καὶ
2420 2777 2562 2832 οὓτω
2594 2777 2735 2832 κατὰ
2766 2774 2927 2844 φύσιν
2949 2774 3174 2843 Κύριος,
3198 2773 3272 2835 ὡς
3298 2772 3424 2834 Υἱὸς
3445 2771 3538 2824 xci.
3558 2770 3731 2850 626;;

2159 2893 2179 2927 ι
2207 2873 2271 2927 Εἰ
2309 2868 2417 2941 γὰρ
2446 2871 2532 2942 δὴ,
2566 2870 2751 2939 φησὶν,
2788 2866 2899 2929 υἱὸς
2942 2864 3037 2917 τοῦ
3085 2863 3266 2928 Δαυῗδ,
3318 2863 3437 2926 πῶς
3485 2864 3652 2916 αὐτὸν
3704 2865 3733 2915 6

2154 2965 2316 3019 Δαυῖδ
2346 2962 2549 3034 Κύριον
2576 2956 2866 3030 ὀνομάζει,
2900 2976 2917 3008 ι
2939 2956 3078 3009 Ἀλλ’
3105 2955 3227 3008 οὔτε
3255 2955 3351 3025 τὴν
3379 2957 3443 3007 ὲκ
3474 2955 3734 3024 σπέρμα-

2151 3074 2241 3119 τος
2269 3054 2430 3108 Δαυῖδ
2458 3051 2708 3122 γέννησιν
2744 3049 2883 3102 κατὰ
2920 3049 3100 3117 σάρκα
3123 3048 3181 3100 ἐν
3208 3038 3420 3108 τούτοις
3458 3046 3732 3114 ἀρνεῖται,

2149 3147 2271 3201 οὔτε
2323 3146 2427 3216 μὴν
2481 3144 2802 3212 ἀποπέμπει
2849 3140 2940 3194 τοῦ
2991 3133 3131 3191 εἶναι
3158 3138 3298 3191 κατὰ
3332 3136 3493 3204 φύσιν
3522 3135 3735 3206 Κύριον

2149 3239 2368 3293 ἑαυτὸν·
2408 3237 2691 3305 προσεῖναι
2718 3233 2776 3285 δέ
2807 3248 2970 3302 φησιν
3000 3230 3326 3299 ἀμφότερον.
3353 3231 3401 3280 εἰ
3426 3228 3522 3281 καὶ
3540 3227 3601 3292 ἐξ
3622 3228 3734 3295 ἁμ-

2149 3331 2266 3398 φοῖν
2298 3325 2547 3396 βούλεται
2592 3323 2684 3375 τὸν
2717 3322 2813 3375 ἕνα
2840 3318 3153 3390 δηλοῦσθαι.
3182 3312 3279 3379 Εἷς
3308 3312 3402 3370 οὖν
3435 3318 3547 3386 ἄρα
3594 3315 3734 3384 Χρι-

2150 3418 2292 3480 στὸς,
2325 3417 2419 3469 καὶ
2457 3414 2587 3477 Υἱὸς
2616 3412 2856 3483 ἀληθῶς.

2266 3549 2402 3619 ,Ὅτι
2438 3550 2527 3614 εὶς
2561 3543 2821 3615 Χριστὸν
2859 3546 2896 3612 ἡ
2937 3543 3139 3607 πίστις
3179 3542 3258 3603 ὡς
3296 3543 3383 3603 εἰς
3421 3540 3589 3591 Θεὸν.

2534 3662 2634 3715 Ἐκ
2673 3658 2783 3728 τῆς
2820 3656 2967 3726 πρὸς
3009 3657 3349 3724 Ῥωμαίους.

2222 3796 2241 3830 ι
2269 3776 2345 3829 Δι’
2367 3768 2428 3828 οὗ
2455 3773 2718 3843 ἐλάϐομεν
2740 3772 2898 3841 χάριν
2924 3771 3017 3823 καὶ
3044 3767 3351 3838 ἀποστολὴν
3379 3770 3462 3830 εἰς
3481 3766 3726 3836 ὑπακοήν

2145 3869 2380 3931 πίστεως
2409 3868 2469 3919 ἐν
2502 3867 2636 3919 πᾶσι
2666 3867 2779 3925 τοῖς
2811 3862 3019 3915 ἔθνεσιν
3047 3860 3188 3931 ὑπὲρ
3213 3858 3306 3913 τοῦ
3332 3859 3600 3928 ὀνόματος
3625 3860 3724 3911 αύ-

2144 3959 2238 4014 τοῦ
2258 3977 2273 3989 ’
2307 3961 2364 4012 ἐν
2393 3952 2475 4020 οἷς
2497 3957 2620 4009 ἐστε
2664 3955 2759 4007 καὶ
2788 3954 2945 4023 ὑμεῖς
2982 3951 3169 4021 κλητοὶ
3204 3949 3378 4020 Ἰησοῦ
3409 3950 3670 4019 Χριστοῦ.
3699 3969 3719 3999 ι

2145 4051 2456 4120 Κέκληνται
2489 4047 2558 4100 τὰ
2581 4045 2708 4116 ἔθνη
2742 4045 2829 4098 διὰ
2859 4043 2959 4113 τῆς
2989 4042 3243 4105 πίστεως.
3272 4040 3383 4094 Καὶ
3419 4037 3490 4111 ἦν
3520 4042 3551 4094 6
3587 4041 3723 4110 Χρι-

2146 4142 2266 4206 στὸς
2289 4141 2377 4195 διὰ
2408 4140 2516 4193 τῶν
2549 4138 2720 4207 ἁγίων
2743 4136 3057 4190 ἀποστόλων
3088 4136 3118 4188 ὁ
3149 4134 3277 4205 παρ’
3296 4134 3481 4195 αὐτοῖς
3515 4149 3724 4203 κηρυτ-

2142 4233 2397 4303 τόμενος·
2430 4226 2813 4300 ὲπράττετοδὲ
2853 4224 3006 4296 παρὰ
3030 4223 3140 4277 τῶν
3171 4222 3725 4293 μυσταγωγουμένων

2143 4326 2176 4393 ἡ
2209 4323 2390 4386 πίστις
2412 4321 2511 4390 οὐχ
2538 4320 2613 4382 ὡς
2650 4320 2729 4381 εἰς
2754 4316 3060 4388 ἄνθρωπον,
3100 4311 3215 4368 ἀλλ’
3248 4314 3324 4376 ὡς
3348 4315 3426 4376 εἰς
3455 4312 3619 4365 Θεὸν.
3646 4311 3723 4364 Οὐ

2142 4416 2249 4486 γάρ
2284 4412 2386 4466 πού
2424 4427 2605 4481 φαμεν
2626 4411 2697 4462 ἐκ
2728 4407 2935 4476 πλάνης
2971 4407 3051 4469 εἰς
3081 4403 3287 4475 πλάνην
3320 4401 3622 4473 κεκλῆσθαι
3655 4402 3739 4487 τὰ.

2141 4506 2291 4574 ἔθνη,
2315 4505 2415 4573 τὴν
2452 4504 2532 4564 εις
2568 4498 3020 4570 Χριστὸνπίστιν
3064 4494 3516 4566 παραδεξάμεναο
3549 4509 3726 4546 κατα-

2142 4596 2425 4652 λελοιπότα
2465 4594 2522 4646 δὲ
2561 4591 2758 4662 μᾶλλον
2803 4590 2928 4651 τοὺς
2972 4587 3357 4657 ψευδωνύμως
3387 4584 3564 4649 θεοὺς,
3592 4585 3726 4636 ἐπι-

2143 4685 2373 4756 στρέψαι
2398 4681 2585 4734 λοιπὸν
2621 4682 2713 4733 ἐπὶ
2739 4680 2873 4732 Θεὸν
2902 4679 3236 4742 ζῶντα.”οτε
3275 4674 3456 4729 τοίνυν
3482 4676 3721 4728 ἀποστο-

2142 4777 2239 4848 λὴν
2271 4773 2546 4843 εἰληφέναι
2585 4771 2748 4841 φασιν
2780 4770 2830 4823 οἱ
2859 4767 3208 4838 μυσταγωγοὶ
3232 4768 3313 4828 εἰς
3346 4765 3600 4835 ὑπακοὴν
3630 4765 3723 4818 τιξ-

2146 4883 2315 4928 στεως
2348 4866 2488 4935 ὑπὲρ
2515 4863 2606 4916 τοῦ
2637 4863 2894 4931 ὀνόματος
2934 4859 3028 4913 τοῦ
3076 4859 3332 4927 Χριστοῦ,
3365 4858 3485 4922 πῶς
3511 4860 3622 4912 οὐκ
3652 4858 3721 4912 ἄν

2142 4959 2226 5029 εἴη
2250 4957 2406 5020 Θεὸς,
2432 4955 2588 5023 εἴπερ
2613 4956 2695 5016 εἰς
2730 4953 2889 5006 αὑτὸν
2918 4955 2950 5022 ἡ
2987 4952 3191 5014 πίστις,
3219 4950 3294 5013 ὡς
3325 4954 3407 5013 εις
3438 4949 3613 5015 Θεόν;

2222 5156 2239 5188 ι
2266 5135 2494 5208 Μάρτυς
2522 5134 2630 5205 γάρ
2667 5151 2768 5203 μου
2794 5133 2939 5187 ἐστὶν
2964 5135 2992 5186 6
3020 5132 3173 5197 Θεὸς,
3197 5125 3243 5200 ᾧ
3273 5133 3521 5204 λατρεύω
3549 5135 3609 5187 ὲν

2152 5228 2420 5298 πνεύματί
2449 5244 2571 5295 μου,
2600 5227 2658 5278 ἐν
2692 5224 2770 5296 τῷ
2796 5226 3113 5296 Εύαγγελίῳ
3144 5225 3237 5279 τοῦ
3269 5225 3397 5279 Υἱοῦ
3426 5226 3617 5291 αὑτοῦ,
3642 5228 3720 5292 ὡς

2126 5315 2495 5378 ⁴ἀδιαλείπτως
2535 5315 2723 5385 μνείαν
2755 5314 2908 5386 ὑμῶν
2934 5313 3193 5385 ποιοῦμαι
3227 5317 3456 5368 πάντοτε
3487 5317 3579 5367 ἐπὶ
3610 5317 3720 5369 τῶν

2144 5406 2459 5478 προσευχῶν
2501 5421 2623 5476 μου.
2658 5425 2677 5458 ι
2722 5408 2785 5459 0i
2811 5405 2930 5477 Θεῷ
2958 5405 3332 5478 λατρεύοντες,
3359 5406 3460 5476 ούχ
3488 5406 3564 5470 ὡς
3598 5406 3723 5478 Θεῷ

540 5579 588 5611 ’⁸
617 5577 729 5634 Luc
788 5593 838 5641 ν,
870 5578 955 5644 12,
990 5579 1076 5632 l3.
1168 5577 1359 5631 "Luc.
1392 5592 1479 5641 xx,
1520 5577 1705 5633 il-H.
1784 5580 1828 5611 ³⁸
1853 5577 2007 5634 Rom.
2041 5597 2045 5633 1

2154 5622 2162 5644 ,
2200 5581 2251 5638 6,
2331 5582 2374 5613 ³⁸³
2400 5581 2551 5636 Rom.
2583 5599 2619 5651 1,
2657 5583 2709 5639 9.
