3910 6200
224 254 359 313 1521

1328 263 1415 318 DE
1457 259 1687 318 RECTA
1729 256 1883 313 FIDE
1922 255 2013 311 AD
2048 253 2367 311 REGINAS.

3344 262 3364 314 I
3378 263 3481 317 59:2

221 369 355 442 παρ’
392 366 556 422 αὐτὸν
582 368 755 442 ἑτέρῳ
786 370 1108 445 λατρεύουσι
1145 375 1223 447 τῷ
1257 377 1499 448 Χριστῷ.
1529 375 1702 430 Αὐτοῦ
1743 374 1800 427 δέ

1915 382 2158 439 tanquam
2192 368 2348 422 alteri
2383 365 2513 423 Deo.
2543 367 2700 424 Unde
2727 378 2779 423 et
2809 368 2953 424 illius
2982 384 3196 441 quoque
3229 371 3478 443 Evange-

224 478 358 532 φησι
402 461 497 514 καὶ
537 461 599 513 τὸ
628 461 983 531 Εὐαγγέλιον.
1018 463 1365 538 Κηρύττεται
1392 468 1503 538 γὰρ
1534 465 1694 531 αὐτὸς
1727 467 1805 531 ὡς

221 553 354 617 Θεὸς
380 551 457 623 τῷ
486 552 698 624 κόσμῳ,
722 554 897 609 καίτοι
941 556 1077 611 Θεοῦ
1127 560 1269 613 κατά
1311 559 1472 629 φύσιν
1514 557 1670 623 ὔντος
1704 557 1800 636 τοῦ

221 644 459 715 Πατρὸς,
492 643 587 697 καὶ
634 645 1000 718 κατάρχοντος
1040 648 1149 702 τῶν
1193 651 1349 704 ὅλων.
1383 650 1517 715 Θεὸς
1560 646 1654 705 οῦν
1694 652 1801 722 ἄρα

221 733 477 807 Χριστὸς,
513 735 542 787 ό
587 735 656 789 δι’
682 730 742 791 οὗ
776 736 870 790 καὶ
918 738 978 789 ἐν
1013 732 1058 806 ᾧ
1090 738 1183 792 καὶ
1229 740 1393 803 αὐτὸς
1436 743 1463 794 ό
1497 740 1687 812 Πατὴρ
1725 741 1802 804 ὡς

222 825 356 890 Θεὸς
386 825 839 894 καταγγέλλεται,
875 827 972 880 καὶ
1006 830 1073 899 τῇ
1115 829 1265 900 παρὰ.
1312 830 1530 884 πάντων
1572 832 1800 901 τιμᾶται

222 918 318 972 λάτ
327 918 467 990 ρείᾳ.

174 1019 186 1029 ·
301 1029 320 1061 ι
352 1009 745 1071 Δικαιωθέντες
784 1004 878 1064 οῦν
914 1011 979 1065 ἐκ
1026 1011 1286 1077 πίστεως,
1315 1013 1555 1086 ,εἰρήνην
1604 1013 1802 1085 ἔχομεν

225 1099 361 1172 πρὸς
389 1100 522 1154 Θεὸν
551 1101 638 1154 διὰ
667 1100 761 1155 τοῦ
789 1102 995 1174 Κυρίου
1028 1104 1184 1174 ἡμῶν
1220 1104 1395 1174 Ἰησοῦ
1426 1106 1685 1175 Χριστοῦ,
1724 1105 1804 1159 δι’

226 1185 287 1244 οὗ
325 1190 420 1243 νῦν
445 1190 541 1243 καὶ
565 1190 663 1260 τὴν
688 1193 1054 1263 προσαγωγὴν
1076 1194 1390 1265 ἐσχήκαμεν
1416 1198 1481 1267 τῇ
1513 1196 1695 1249 πίστει
1721 1197 1803 1259 εἰς

224 1281 323 1351 τὴν
361 1281 523 1351 χάριν
552 1279 779 1351 ταύτην,
815 1282 874 1334 ἐν
970 1283 1303 1354 ἑστήκαμεν,
1332 1286 1427 1339 καὶ
1471 1286 1802 1357 καυχώμεθα

225 1374 313 1425 ἐπ’
338 1372 513 1426 ἐλπίδι
553 1375 653 1443 τῆς
688 1371 846 1442 δόξης
893 1374 987 1426 τοῦ
1038 1374 1195 1430 Θεοῦ.
1221 1395 1245 1428 ι»
1288 1377 1373 1440 Ὠς
1407 1379 1487 1441 εἰς
1529 1378 1662 1430 Θεὸν
1710 1396 1803 1431 πι-

227 1463 507 1543 στεύοντες
536 1463 911 1534 δικαιούμεθα.
940 1464 1002 1519 Εἰ
1032 1466 1092 1520 δὲ
1131 1469 1211 1531 εἰς
1255 1470 1491 1540 Χριστὸν
1533 1469 1739 1542 Ἰησοῦν
1763 1472 1800 1543 ἡ

226 1557 431 1621 πίστις,
464 1556 559 1610 καὶ
596 1556 666 1609 δι’
723 1556 888 1610 αὑτοῦ
937 1557 1037 1629 τὴν
1082 1561 1451 1633 προσαγωγὴν
1485 1563 1804 1634 ἐσχήκαμεν

233 1646 609 1720 (συνήφθημεν
650 1648 761 1721 γάρ
791 1648 871 1720 τῷ
896 1649 1015 1721 Θεῷ
1040 1651 1136 1705 καὶ
1160 1653 1355 1723 Πατρὶ,
1388 1655 1802 1727 συνεγείραντος

227 1741 416 1811 ὥσπερ
445 1741 594 1812 ἡμᾶς
630 1740 726 1795 τοῦ
755 1740 1040 1813 Χριστοῦ)·
1076 1742 1194 1807 πῶς
1218 1745 1280 1797 ού
1297 1744 1429 1809 Θεός
1458 1747 1598 1812 ἐστι,
1626 1748 1722 1801 καὶ
1754 1748 1804 1800 εί

228 1834 452 1902 γέγονεν
498 1835 563 1886 ὲκ
611 1833 926 1906 σπέρματος
954 1834 1118 1889 Δαυῒδ
1161 1838 1222 1889 τὸ
1256 1837 1397 1891 κατὰ
1426 1839 1627 1909 σάρκα,
1662 1840 1806 1894 κατὰ

229 1926 327 1989 τὰς
362 1926 622 1997 Γραφάς;

305 2036 324 2068 ι
352 2017 552 2082 Καθὼς
577 2017 908 2090 γέγραπται.
944 2021 1143 2091 ιρησίν⁸
1191 2022 1322 2077 Ἰδοὺ
1358 2024 1551 2096 τίθημι
1577 2027 1636 2080 ὲν
1665 2027 1807 2081 Σιὼν

228 2109 376 2163 λίθον
428 2109 878 2180 προσκόμματος,
926 2112 1020 2164 καὶ
1069 2112 1274 2184 πέτραν
1331 2116 1665 2170 σκανδάλου·
1714 2119 1809 2171 καὶ

230 2203 339 2265 πᾶς
390 2203 419 2255 ό
453 2201 726 2255 πιστεύων
768 2204 855 2255 ἐπ’
889 2203 1061 2274 αὐτῷ,
1095 2204 1157 2257 οὐ
1187 2207 1737 2279 καταισχυνθήσεται.
1776 2226 1798 2261 ε

231 2292 454 2363 Συμεὼν
498 2294 528 2346 ό
548 2293 777 2360 δίκαιος,
807 2295 899 2347 ὅτε
932 2294 993 2347 τὸ
1023 2295 1167 2349 θεῖον
1193 2298 1274 2361 εἰς
1296 2297 1546 2365 ἀγκάλας
1590 2296 1808 2364 ἐδέξατο

233 2384 451 2457 βρέφος,
482 2383 585 2455 ἔφη
628 2384 778 2456 ’πρὸς
829 2384 923 2439 τὸν
973 2386 1106 2440 Θεόν
1130 2403 1145 2418 ⁸
1196 2407 1219 2439 ‹
1246 2388 1364 2441 Νῦν
1408 2388 1667 2453 ἀπολύεις
1715 2390 1807 2443 τὸν

231 2476 416 2530 δοῦλόν
451 2494 568 2540 σου,
597 2478 866 2540 Δέσποτα,
898 2479 1041 2533 κατὰ
1069 2479 1131 2532 τὸ
1152 2480 1309 2552 ῥῆμά
1336 2499 1454 2546 σου,
1488 2484 1547 2536 ὲν
1592 2484 1805 2557 εἰρήνῃ.

234 2567 356 2621 Ὅτι
385 2563 522 2621 εἶδον
548 2568 599 2620 οἱ
614 2567 891 2639 ὀφθαλμοί
909 2585 1013 2640 μου
1032 2571 1093 2623 τὸ
1116 2573 1383 2644 σωτήριόν
1408 2591 1523 2639 σου,
1544 2575 1810 2646 δήτοίμα-

235 2674 332 2721 σας
382 2658 523 2713 κατὰ
576 2658 866 2731 πρόσωπον
912 2663 1133 2715 πάντων
1178 2661 1285 2715 τῶν
1332 2663 1497 2726 λαῶν,
1531 2684 1550 2717 ι
1607 2666 1701 2720 καὶ
1739 2667 1808 2720 τὰ

231 2750 379 2820 ἑξῆς.
407 2750 711 2821 Προσετίοη
741 2751 799 2804 δὲ
825 2751 1039 2816 τούτοις
1059 2769 1075 2786 ο
1125 2771 1145 2805 ι
1167 2754 1299 2807 Ἰδοὺ
1329 2748 1486 2819 οὗτος
1510 2759 1686 2810 κεῖται
1728 2758 1809 2819 εἰς

233 2848 441 2901 πτῶσιν
484 2847 579 2901 καὶ
629 2848 927 2903 ἀνάστασιν
960 2848 1172 2903 πολλῶν
1210 2852 1269 2904 ὲν
1312 2851 1393 2922 τῷ
1434 2851 1669 2924 Ἰσραὴλ,
1714 2852 1808 2904 καὶ

232 2938 315 3001 είς
344 2939 567 3008 σημεῖον
593 2937 1026 3009 ἀντιλεγόμενον.
1050 2959 1072 2992 ι
1091 2940 1150 2993 '0
1183 2939 1345 3004 αὐτὸς
1369 2940 1629 3011 ἄρ’·ὲστὶν
1657 2943 1686 2996 ό
1712 2942 1807 2995 τοῦ

233 3029 664 3101 προσκόμματος
708 3030 876 3099 λίθος,
931 3032 1027 3086 καὶ
1054 3034 1090 3103 ή
1123 3032 1301 3104 πέτρα
1348 3033 1443 3086 τοῦ
1478 3033 1800 3088 σκανδάλου.

230 3120 345 3172 Καὶ
392 3119 811 3190 περιπταίοντες
869 3121 967 3192 μὲν
1018 3121 1168 3192 αὐτῷ
1217 3120 1306 3175 διὰ
1355 3125 1456 3194 τῆς
1499 3123 1801 3190 ἀπειθείας,

238 3210 629 3282 συνετρίϐησαν
669 3229 817 3276 τινες
838 3229 852 3244 ·
884 3213 1143 3283 διέφυγον
1169 3213 1227 3268 δὲ
1255 3215 1316 3268 τὸ
1343 3215 1809 3286 καταισχυνθῆναι

231 3302 283 3354 et
311 3302 410 3371 τὴν
438 3301 574 3373 πρὸς
600 3303 764 3357 αὑτὸν
798 3303 982 3357 πίστιν
1008 3300 1576 3378 προσηκάμενοι.¹Ἀρ’
1606 3302 1702 3360 οὖν
1733 3308 1810 3370 ὠς

234 3392 316 3454 είς
344 3391 629 3462 ἄνθρωπον
669 3392 1115 3465 πεπιστεύκαμεν
1143 3394 1177 3464 ἢ
1213 3395 1289 3457 ὡς
1313 3396 1394 3458 εἰς
1417 3395 1584 3459 Θεόν;
1615 3397 1706 3460 Ὠς
1729 3398 1809 3460 εἰς

233 3480 366 3534 Θεὸν
394 3481 660 3551 δηλονότι.
703 3482 837 3545 Θεὸς
863 3477 957 3535 οὖν
984 3483 1093 3554 ἄρα
1112 3484 1351 3556 Χριστός
1371 3501 1386 3515 ’
1415 3484 1503 3537 ἐπ’
1523 3484 1674 3556 αὐτῷ
1701 3485 1808 3558 γὰρ

232 3569 268 3623 ό
299 3568 506 3634 δίκαιος
543 3571 769 3640 Συμεὼν
806 3571 906 3634 τὰς
942 3571 1147 3642 ἀρτίως
1202 3573 1333 3643 ἡμῖν
1372 3575 1668 3646 εἰρημένας
1704 3573 1808 3648 ἔφη

236 3662 441 3731 φωνάς.

310 3838 447 3909 Περὶ
475 3836 586 3891 τῶν
621 3837 889 3892 Ἰουδαίων
922 3838 1086 3911 φησίν
1103 3854 1118 3870 ο
1165 3856 1186 3891 t
1208 3840 1556 3910 ’Δγνοοῦντες
1576 3840 1686 3915 γὰρ
1711 3844 1811 3914 τὴν

236 3927 335 3983 τοῦ
384 3928 520 3981 Θεοῦ
569 3929 799 4001 δύναμιν
843 3931 936 3985 καὶ
981 3930 1349 4005 δικαιοσύνην,
1386 3934 1480 3987 καὶ
1526 3933 1626 4005 τὴν
1674 3935 1812 3989 ίδίαν

236 4020 530 4092 ζητοῦντες
559 4023 776 4093 στῆσαι,
807 4025 874 4096 τῇ
909 4022 1229 4097 δικαιοσύνῃ
1270 4024 1366 4079 τοῦ
1399 4024 1537 4078 Θεοῦ
1567 4024 1666 4096 οὐχ
1705 4026 1813 4078 ὐπ-

233 4115 530 4185 ετάγησαν.
561 4114 727 4179 Τέλος
752 4115 862 4185 γὰρ
890 4116 1057 4186 νόμου
1079 4116 1335 4187 Χριστὸς,
1358 4118 1438 4180 εἰς
1466 4116 1814 4188 δικαιοσύνην

237 4206 402 4260 παντὶ
433 4206 513 4275 τῷ
540 4207 871 4261 πιστεύοντι.
900 4226 920 4259 ι
954 4208 1019 4260 El
1053 4207 1207 4271 τέλος
1237 4208 1402 4279 νόμου
1437 4208 1693 4279 Χριστὸς,
1719 4208 1813 4262 καὶ

229 4303 399 4366 αὐτός
419 4283 571 4355 ἔστιν
602 4304 635 4373 ή
662 4302 999 4374 δικαιοσύνη,
1023 4303 1252 4357 δικαιῶν
1292 4303 1383 4357 διὰ
1430 4303 1666 4366 πίστεως
1713 4303 1813 4373 τῆς

1906 462 2034 515 lium
2066 475 2190 517 esse
2221 460 2555 529 perhibetur.
2596 462 2963 515 Anuuntiatnr
3001 465 3143 516 enim
3183 465 3384 518 mundo
3422 473 3483 518 ut

1904 552 2066 618 Deus,
2107 568 2226 605 cum
2253 551 2417 606 Pater
2456 551 2528 606 sit
2566 551 2707 607 Deus
2739 564 2928 607 natura
2952 595 2968 618 ,
3003 555 3483 627 principatumqne

1904 644 1956 697 in
1995 657 2185 696 omnes
2224 642 2483 697 obtineat.
2529 642 2878 712 Deus‘igitur
2917 656 3002 699 est
3039 646 3324 710 Christus,
3383 664 3485 716 per

1903 749 2064 804 quem
2096 743 2151 787 et
2184 734 2235 786 in
2270 748 2379 804 quo
2411 735 2525 804 ipse
2562 750 2779 804 qunque
2810 735 2973 792 Pater
2999 749 3057 794 ut
3089 739 3232 795 Deus
3265 757 3482 796 annuu-

1903 829 2090 892 tiatur,
2152 826 2413 897 cultuque
2460 837 2518 883 et
2564 830 2916 885 veneratione
2959 832 3027 886 ab
3071 833 3325 889 omnibus
3364 837 3479 889 alli-

1902 918 2064 973 citur.

1981 1027 2002 1061 ι
2036 1008 2324 1065 Justiﬁcati
2380 1025 2511 1082 ergo
2561 1025 2628 1067 ex
2677 1012 2802 1077 fide,
2853 1029 3041 1081 pacem
3101 1017 3362 1072 habemus
3415 1022 3481 1072 ad

1905 1099 2072 1156 Deum
2107 1115 2203 1170 per
2239 1100 2525 1156 Dominum
2568 1112 2810 1157 nostrum
2842 1105 3023 1158 Iesum
3057 1105 3355 1169 Christum.
3391 1125 3486 1176 per

1904 1207 2063 1261 quem
2103 1201 2151 1247 et
2204 1192 2465 1247 habemus
2493 1209 2771 1248 accessum
2811 1210 2910 1265 per
2945 1196 3102 1250 fidem
3146 1198 3199 1251 in
3250 1200 3482 1267 gratiam

1906 1284 2094 1350 istam,
2137 1286 2189 1339 in
2226 1300 2331 1355 qua
2373 1296 2618 1351 stamus,
2652 1299 2707 1342 et
2751 1288 3048 1357 gloriamur
3093 1290 3144 1344 in
3184 1291 3347 1362 118
3388 1307 3486 1360 spe

1905 1377 2089 1447 gloria-
2114 1378 2350 1431 ﬁliorum
2385 1379 2476 1433 Dei
2502 1379 2570 1434 “.
2605 1398 2624 1430 ι
2657 1380 2712 1434 Si
2743 1382 2793 1433 in
2826 1378 2992 1435 Deum
3021 1385 3328 1447 credentes,
3356 1398 3484 1437 vero

1900 1468 2288 1538 jttstilicamur,
2325 1470 2536 1539 ﬁdeque
2568 1472 2620 1525 in
2651 1472 2928 1527 Christum
2959 1473 3144 1528 Jesum
3184 1476 3482 1539 tendimus,

1906 1578 1971 1619 ac
2007 1578 2102 1634 per
2133 1565 2280 1618 illum
2313 1568 2378 1619 ad
2410 1566 2628 1619 Patrem
2669 1569 2889 1621 tandem
2918 1568 3269 1635 pervenimus
3299 1569 3482 1638 (Chri-

1909 1665 1995 1711 sto
2031 1670 2266 1724 namque
2297 1672 2394 1711 nos
2418 1657 2576 1711 simul
2602 1658 2892 1724 excitante,
2933 1657 3042 1711 Deo
3087 1668 3142 1712 et.
3176 1657 3319 1713 Patri
3352 1674 3484 1713 eon-

1837 1743 1877 1796 B
1898 1744 2221 1815 jungimur),
2251 1748 2522 1813 quomodo
2564 1746 2706 1799 Deus
2746 1760 2852 1799 non
2897 1755 3001 1812 est,
3042 1747 3203 1802 etiam
3241 1748 3285 1802 si
3326 1747 3482 1816 juxta

1908 1834 2217 1903 Scripturas
2246 1835 2290 1867 ⁶¹
2334 1847 2399 1889 ex
2445 1836 2650 1889 semine
2692 1834 2859 1890 David
2922 1838 3215 1891 secundmn
3262 1852 3480 1892 carnem
3558 1859 3562 1862 ⁴

1907 1926 2083 1983 factus
2110 1927 2233 1982 est?

1985 2035 2004 2070 ι
2039 2018 2191 2073 Sicut
2216 2019 2479 2087 scriptum
2506 2025 2590 2072 est
2617 2033 2632 2072 :
2662 2018 2800 2074 Ecce
2819 2058 2835 2084 ,
2868 2019 3062 2090 inquit,
3096 2036 3237 2088 pono
3265 2021 3318 2075 in
3350 2022 3481 2077 Sion

1863 2154 1871 2163 ς
1908 2110 2139 2179 lapidein
2167 2109 2505 2174 offensionis,
2532 2122 2586 2165 et
2617 2121 2831 2181 petram
2882 2112 3121 2166 scandali
3150 2129 3163 2164 :
3210 2122 3266 2167 et
3302 2114 3482 2168 omnis

1908 2200 1998 2270 qui
2028 2200 2200 2255 credit
2231 2202 2283 2255 in
2314 2215 2460 2265 eum,
2499 2216 2605 2255 non
2636 2202 2998 2257 confundetur
3019 2190 3085 2257 δ’.
3124 2223 3143 2255 ι
3177 2202 3364 2257 Justus
3395 2204 3485 2259 Si-

1907 2305 2064 2346 meon
2091 2306 2211 2345 cum
2245 2291 2484 2344 divinum
2518 2292 2665 2345 illum
2697 2307 2921 2360 puerum
2950 2295 3092 2349 inter
3118 2295 3273 2348 ulnas
3300 2309 3483 2349 susce-

1907 2383 2095 2452 pisset,
2118 2382 2191 2436 ita
2219 2381 2387 2436 Deum
2434 2381 2629 2436 affatus
2669 2392 2791 2437 est:
2833 2400 2856 2436 ι
2901 2382 3054 2438 Nunc
3097 2386 3327 2441 dimittis
3361 2402 3483 2443 ser-

1911 2487 2032 2526 vum
2070 2481 2241 2537 tuum,
2296 2471 2543 2537 Domine,
2586 2474 2882 2528 secundum
2930 2475 3155 2528 verbum
3213 2482 3365 2531 tuum
3426 2478 3481 2531 in

1908 2579 2062 2634 pace,
2132 2566 2258 2635 quia
2309 2554 2563 2621 viderunt
2612 2566 2755 2622 oculi
2816 2567 2923 2621 mei
2986 2567 3227 2624 salutare
3283 2580 3481 2626 tuum:

1909 2658 2052 2726 quod
2080 2657 2284 2727 parasti
2322 2665 2448 2711 ante
2497 2655 2691 2713 faciem
2727 2659 2968 2716 omnium
3001 2660 3317 2730 p0pulorum
3345 2662 3415 2725 “,
3457 2681 3480 2717 ι

1909 2757 1964 2802 et
2010 2762 2130 2817 quae
2179 2757 2500 2818 sequuntur.
2544 2749 2838 2820 Subjungit
2881 2751 3118 2806 deinde:
3165 2771 3183 2802 ι
3219 2753 3360 2808 Ecce
3395 2754 3487 2813 hic

1908 2840 2119 2907 positus
2145 2848 2229 2895 est
2261 2840 2560 2905 inruinam
2594 2851 2650 2896 et
2697 2843 3147 2897 resurrectionem
3193 2843 3487 2899 uuiltormn

1909 2930 1964 2985 in
1998 2930 2188 2997 Israel,
2213 2940 2267 2987 et
2295 2933 2346 2986 in
2378 2934 2592 3003 signum
2628 2935 2713 2989 cui
2748 2936 3153 2990 contradicetur
3172 2937 3238 2990 “.
3280 2957 3300 2990 ι
3338 2938 3485 2992 Idem

1912 3035 2041 3092 ergo
2066 3034 2150 3078 est
2175 3024 2314 3094 lapis
2350 3024 2688 3091 offensionis,
2722 3035 2775 3081 et
2804 3036 2952 3097 petra
2984 3028 3247 3085 scandali.
3278 3029 3341 3083 Et
3365 3032 3489 3099 qui-

1912 3116 2033 3171 dem
2066 3118 2309 3172 nonnulli
2337 3128 2560 3189 propter
2591 3119 2958 3175 infidelitatem
2998 3120 3051 3175 in
3098 3122 3273 3190 ipsum
3313 3124 3487 3192 impe-

1912 3219 2126 3279 gerunt,
2150 3217 2203 3264 et
2231 3210 2450 3264 contriti
2486 3219 2646 3275 sunt;
2686 3210 2879 3279 reliqui
2921 3225 3069 3278 vero,
3102 3213 3191 3280 qui
3226 3213 3484 3268 nimirum
3573 3203 3579 3207 ’

1912 3299 2071 3354 ﬁdem
2108 3300 2161 3355 in
2194 3300 2344 3356 illum
2377 3301 2644 3369 complexi
2691 3311 2836 3367 sunt,
2881 3300 3257 3359 confusionem
3293 3320 3485 3361 evase-

1910 3403 2060 3449 runt.
2086 3392 2340 3463 Nunquid
2364 3408 2498 3465 ergo
2532 3393 2584 3447 in
2631 3392 2780 3447 illum
2818 3402 3076 3463 tanquam
3116 3397 3168 3450 in
3214 3398 3486 3453 hominem

1911 3485 2206 3548 credimus.
2236 3501 2303 3539 an
2335 3501 2466 3541 vero
2491 3493 2745 3556 tanquam
2774 3485 2826 3539 in
2872 3485 3083 3540 Deum?
3131 3487 3327 3558 Utique
3367 3498 3491 3543 tan-

1911 3594 2073 3650 quam
2103 3579 2157 3634 in
2196 3579 2388 3634 Deum.
2419 3578 2563 3635 Deus
2601 3580 2783 3649 itaque
2825 3589 2908 3634 est
2947 3580 3233 3637 Christus:
3271 3587 3335 3637 de
3371 3583 3488 3653 ipso

1912 3674 2056 3729 enim
2083 3673 2262 3743 justus
2288 3672 2509 3728 Simeon
2542 3673 2807 3729 adductas
2834 3672 2995 3742 paqu
3037 3683 3165 3729 ante
3201 3689 3363 3729 voces
3391 3676 3486 3730 de-

1912 3765 2216 3834 promebat.

1987 3853 2064 3908 De
2121 3852 2321 3907 .Iudzeis
2365 3853 2537 3908 dicit:
2592 3872 2611 3904 ι
2673 3853 2989 3921 Ignorantes
3032 3853 3177 3906 enim
3223 3853 3485 3923 justitiam

1916 3943 2035 4007 Dei,
2066 3953 2120 3997 et
2150 3955 2301 3996 suam
2333 3952 2573 3995 statuero
2622 3950 2951 4010 quaerentes,
2989 3942 3216 4010 justitize
3244 3941 3338 3996 Dei
3380 3957 3486 3996 non

1914 4043 2040 4090 sunt
2065 4031 2315 4104 subjecti.
2347 4030 2499 4085 Finis
2529 4031 2673 4086 enim
2714 4031 2846 4101 legis
2888 4032 3171 4096 Christus,
3212 4033 3277 4085 ad
3324 4031 3490 4100 justi-

1917 4126 2045 4180 tiam
2077 4124 2224 4179 omni
2250 4122 2495 4178 credenti
2521 4121 2588 4174 ".
2629 4140 2648 4174 ι
2681 4121 2737 4176 Si
2764 4120 3015 4177 Christus
3052 4121 3174 4175 linis
3215 4122 3349 4192 legis
3380 4132 3487 4185 est.

1916 4219 2167 4287 idemque
2220 4225 2304 4272 est
2345 4214 2576 4286 iustitia,
2619 4215 2711 4283 qui
2758 4213 3026 4282 justifieat
3075 4229 3171 4283 per
3226 4213 3383 4269 fidem
3437 4215 3489 4268 iu

1916 4311 2114 4382 ipsum,
2141 4308 2585 4380 justiﬁeandique
2608 4306 2837 4361 facultas
2864 4307 2914 4361 in
2956 4305 3129 4362 solum
3168 4305 3331 4361 Deum
3358 4321 3491 4362 con-

229 4399 317 4459 είς
348 4394 509 4449 αὐτόν
528 4410 543 4424 ⁸
583 4395 729 4466 μόνῳ
752 4396 811 4448 δὲ
842 4396 918 4460 ὡς
948 4396 1080 4451 ἴδιον
1102 4396 1449 4450 ἀνακείσεται
1482 4395 1544 4449 τὸ
1566 4395 1807 4450 δικαιοῦν

1919 4399 2101 4455 veniat
2157 4407 2409 4468 tanquam
2463 4396 2719 4466 quiddam
2766 4395 2867 4465 ipsi
2911 4396 3205 4467 peculiare,
3253 4409 3488 4466 quonam

230 4486 493 4553 δύνασθαι
529 4487 607 4559 τῷ
642 4486 797 4557 Θεῷ·
837 4486 955 4552 πῶς
991 4489 1053 4542 οὐ
1090 4488 1224 4551 Θεὸς
1262 4490 1292 4542 ό
1327 4487 1601 4560 Χριστόςζ

316 4581 421 4634 (Ἠ
469 4571 545 4635 δὲ’
571 4581 638 4634 ὲκ
685 4580 923 4645 πίστεως
967 4580 1279 4652 δικαιοσύνη
1324 4579 1467 4635 οὕτω
1508 4579 1686 4648 λέγει’
1720 4577 1813 4650 Μὴ

235 4673 396 4744 εἴπῃς
426 4674 485 4726 ὲν
511 4675 579 4744 τῇ
610 4672 809 4743 καρδίᾳ
835 4690 930 4727 σου
950 4691 963 4704 ν
999 4673 1097 4736 Τίς
1124 4674 1459 4744 ἀναϐήσεται
1498 4674 1578 4736 εἰς
1606 4672 1695 4726 τὸν
1725 4672 1816 4726 οὐ·

239 4766 438 4836 ρανόν;
464 4766 712 4818 τουτέστι
758 4764 997 4833 Χριστὸν
1027 4768 1360 4833 καταγαγεῖν
1386 4782 1400 4795 ·
1431 4766 1487 4836 ἢ,
1521 4765 1618 4829 Τίς
1644 4781 1812 4818 κατα-

236 4855 466 4927 ϐήσεται
515 4857 597 4919 εἰς
645 4856 742 4927 τὴν
787 4856 1062 4917 ἄϐυσσονς
1100 4856 1344 4909 τουτέστι
1372 4855 1607 4927 Χριστὸν
1633 4857 1699 4909 ἐκ
1725 4872 1811 4907 νε-

234 4948 388 5021 κρῶν
442 4950 759 5017 ἀναγαγεῖν.
793 4948 957 5002 Ἀλλὰ
1013 4949 1067 5002 τί
1121 4948 1302 5017 λέγεις
1360 4949 1558 5017 Ἐγγύς
1607 4967 1701 5002 σου
1751 4950 1812 5003 τὸ

234 5041 389 5112 ῥῆμά
416 5041 564 5095 ἐστιν
590 5042 647 5094 ὲν
673 5042 751 5112 τῷ
782 5040 1011 5112 στόματί
1042 5058 1134 5093 σου
1162 5041 1258 5094 καὶ
1280 5042 1338 5093 ὲν
1367 5043 1434 5111 τῇ
1461 5041 1660 5112 καρδίᾳ
1691 5057 1808 5095 σου.

235 5130 497 5184 Τουτέστι
524 5131 585 5184 τὸ
618 5131 769 5203 ῥῆμα
803 5131 904 5201 τῆς
938 5132 1195 5195 πίστεως,
1229 5130 1259 5184 ὃ
1298 5130 1667 5202 κηρύσσομεν.
1692 5133 1813 5185 Ὅτι

234 5221 334 5275 ἐὰν
360 5222 701 5296 ὁμολογήσῃς
732 5226 789 5276 ὲν
830 5223 909 5293 τῷ
948 5222 1181 5289 στόματί
1212 5239 1305 5275 σου
1338 5222 1545 5292 Κύριον
1581 5220 1810 5292 Ἰησοῦν,

234 5312 332 5365 καὶ
377 5312 677 5385 πιστεύσῃς
722 5315 779 5366 ἐν
806 5316 870 5385 τῇ
906 5313 1103 5387 καρδίᾳ
1147 5330 1241 5366 σου
1274 5314 1357 5367 ὅτι
1407 5314 1437 5366 ό
1478 5312 1613 5377 Θεὸς
1652 5311 1815 5365 αὐτὸν

235 5402 460 5474 ᾗγειρεν
505 5404 569 5456 ὲκ
614 5404 722 5457 τῶν
756 5405 986 5474 νεκρῶν,
1020 5404 1262 5478 σωθήσῃ.
1299 5400 1509 5476 Καρδίᾳ
1558 5404 1657 5476 μὲν
1704 5402 1815 5471 γὰρ

237 5492 554 5548 πιστεύεται
589 5496 668 5559 εἰς
706 5495 1071 5567 δικαιοσύνην,
1110 5497 1339 5568 στόματι
1381 5496 1438 5550 δὲ
1471 5496 1814 5566 ὁμολογεῖται

310 5668 355 5699 ⁸⁸
382 5670 538 5724 Rom.
565 5685 616 5735 v,
651 5672 701 5737 1,
732 5671 785 5725 2.
864 5671 904 5702 ⁸⁸
932 5670 1086 5725 Rom.
1117 5686 1157 5736 ι,
1192 5672 1246 5726 5.

522 5762 794 5822 ΡΑτιιοι..
839 5764 953 5823 Gn.
996 5764 1250 5823 LXXVI.

1920 4492 2084 4549 modo
2119 4490 2368 4546 Christus
2393 4504 2500 4545 non
2532 4498 2618 4544 est
2648 4488 2827 4544 Deus?

1948 4592 1953 4599 '
1997 4603 2015 4636 ι
2051 4583 2180 4650 Quae
2224 4590 2403 4636 autem
2452 4595 2518 4636 ex
2562 4581 2667 4636 ﬁde
2709 4587 2794 4635 est
2829 4580 3063 4651 iustitia,
3093 4580 3173 4634 sic
3203 4580 3376 4634 dicit:
3413 4579 3492 4634 Ne

1923 4678 2127 4736 dixeris
2151 4677 2203 4729 in
2231 4674 2397 4731 corde
2427 4683 2520 4731 tuo
2548 4692 2562 4729 :
2599 4673 2733 4742 Quis
2762 4674 3022 4728 ascendet
3072 4673 3122 4724 in
3164 4672 3406 4727 caelum?
3440 4674 3495 4727 id

1919 4777 2004 4825 est
2026 4767 2297 4823 Christum
2326 4766 2594 4821 deducere
2618 4783 2632 4820 :
2660 4774 2776 4827 aut,
2795 4763 2928 4830 Quis
2944 4763 3237 4817 descendet
3253 4764 3304 4817 in
3332 4764 3495 4835 ahys-

1919 4856 2081 4915 sum?
2126 4857 2228 4910 hoc
2269 4866 2355 4911 est
2391 4855 2669 4909 Christum
2707 4869 2735 4906 a
2785 4852 3013 4906 mortuis
3062 4865 3339 4908 revocare.
3386 4852 3493 4908 Sed

1919 4950 2046 5022 quid
2076 4949 2208 5004 dicit
2236 4946 2558 5017 Scriptura?
2586 4945 2760 5014 Prope
2791 4953 2874 4999 est
2909 4944 3132 4999 verbum
3162 4946 3215 4998 in
3249 4960 3342 5000 ore
3376 4955 3491 5006 tuo,

1922 5051 1978 5097 et
2011 5042 2065 5095 in
2096 5040 2261 5096 corde
2293 5049 2403 5094 tuo.
2441 5037 2555 5093 Hoc
2578 5046 2666 5093 est
2694 5037 2915 5093 verbum
2955 5036 3077 5090 fldci
3112 5037 3255 5105 quod
3299 5038 3494 5106 praedi-

1922 5147 2108 5188 camus
2133 5148 2149 5187 :
2182 5129 2317 5198 Quia
2346 5130 2390 5185 si
2421 5128 2736 5183 confitearis
2760 5128 2811 5182 in
2847 5143 2944 5182 ore
2974 5136 3065 5182 tuo
3087 5125 3371 5182 Dominum
3398 5127 3494 5183 Je-

1922 5236 2064 5283 sum,
2093 5231 2150 5276 et
2180 5222 2233 5275 in
2263 5221 2427 5275 corde
2458 5229 2547 5273 tuo
2579 5217 2881 5273 credideris
2913 5220 3053 5286 quod
3083 5216 3226 5272 Deus
3259 5220 3493 5273 suscita-

1920 5313 1998 5367 vit
2037 5312 2187 5367 illum
2221 5311 2381 5380 119
2412 5326 2440 5364 a
2473 5311 2722 5373 mortuis,
2755 5310 2939 5364 salvus
2982 5308 3113 5364 eris.
3141 5307 3320 5366 Corde
3346 5311 3493 5366 enim

1921 5405 2161 5460 creditur
2197 5405 2264 5457 ad
2307 5403 2598 5472 justitiam,
2645 5417 2741 5457 ore
2773 5412 2951 5456 autem
3004 5400 3064 5456 fit
3109 5399 3379 5458 confessio
3421 5405 3488 5456 ad

1923 5496 2173 5551 salutem.
2216 5493 2360 5550 Dicit
2394 5495 2536 5551 enim
2578 5494 2861 5564 Scriptura
2898 5512 2911 5548 :
2959 5490 3149 5547 Omnis
3188 5492 3278 5561 qui
3320 5492 3495 5547 credit

1322 5672 1366 5704 δ’
1394 5672 1546 5727 Rom.
1581 5688 1654 5725 tt.
1684 5672 1771 5727 55.

1919 5671 2365 5736 manas-se.
2445 5670 2764 5727 “imitat.
2843 5669 3263 5737 “Rom.x,3.

3059 5758 3132 5820 4’2
