3910 6200
436 342 572 400 1525

1422 338 1484 394 S.
1518 336 1796 395 CYRILLI
1837 333 2307 392 ALEXANDRINI
2347 331 2668 389 ARCHIEP.

3546 337 3701 392 1325

435 444 487 515 in
522 459 693 521 illum,
726 471 832 510 non
871 452 1232 510 confundetur
1257 450 1322 511 ".
1364 474 1383 506 ι
1429 455 1487 511 Si
1525 456 1727 512 Christi
1775 472 2003 526 persona

2130 459 2187 521 :i;
2222 421 2514 527 σωτηρίαν.
2537 454 2697 524 Λέγει
2729 455 2838 526 γὰρ
2864 457 2897 526 ἡ
2926 456 3116 527 Γραφή
3138 475 3149 488 ·
3188 476 3208 509 ι
3230 459 3388 523 Πᾶςό
3413 460 3703 514 πιστεύων

434 549 701 603 universae
724 544 849 600 ﬁdei
882 553 1079 599 nostrze
1109 544 1393 610 terminus,
1421 557 1474 601 et
1505 546 1869 609 confessionis
1896 547 2013 602 vir-

434 652 520 696 tus
551 639 863 709 prmﬁgitur,
916 647 1256 706 mortemque
1292 637 1434 693 illius
1467 648 1522 693 et
1554 640 2010 695 resurrectionem

434 730 778 793 conﬁtentes,
810 727 979 782 veluti
1009 727 1062 781 in
1094 727 1262 782 Deum
1286 728 1594 793 credentes,
1614 728 2009 799 justiﬁcamur:

436 824 559 893 quis
586 823 768 878 dicere
803 821 1024 884 audeat,
1050 818 1224 889 ipsum
1280 819 1501 874 deitatis
1538 830 1813 876 exsortem
1851 821 2012 876 esse?

436 915 708 983 siquidem
756 922 842 968 est
893 926 1103 966 summa
1158 923 1212 967 et
1257 925 1420 981 caput
1472 913 1668 968 salutis
1728 912 2011 977 omnium,

435 1008 743 1077 ostiumque
772 1013 827 1060 et
871 1003 979 1068 via,
1030 1004 1151 1057 ﬁdei
1208 1004 1262 1058 in
1315 1005 1487 1073 ipsum
1556 1004 1851 1061 confessio.
1910 1002 2013 1060 Per

438 1101 611 1167 ipsum
638 1112 870 1167 namque
893 1104 948 1152 et
981 1096 1034 1150 in
1069 1096 1180 1164 ipso
1207 1096 1319 1165 ipse
1346 1110 1559 1166 quoque
1587 1094 1751 1151 Pater
1792 1111 1823 1150 a
1859 1096 2015 1152 nobis

435 1190 802 1260 cognoscitur.

511 1406 531 1441 ι
570 1388 631 1443 Εἰ
662 1396 843 1441 autem
879 1384 972 1454 qui
1002 1390 1194 1453 potens
1224 1389 1309 1437 est
1351 1380 1683 1438 conﬁrmare
1724 1395 1823 1436 vos
1859 1380 2015 1450 juxta

441 1478 791 1549 Evangelium
820 1490 1020 1539 meum,
1042 1483 1100 1530 et
1135 1473 1574 1540 praedicationem
1619 1471 1745 1528 Jesu
1787 1470 2015 1535 Christi,

441 1570 735 1627 secundum
772 1566 1162 1621 revelatiouem
1203 1564 1447 1635 mysterii
1487 1562 1821 1633 temporibus
1855 1572 2017 1617 teter-

440 1664 527 1718 nis
553 1661 700 1715 taciti
736 1659 901 1730 (quod
935 1671 1077 1712 nunc
1113 1654 1441 1725 patefactum
1470 1664 1553 1709 est
1580 1669 1678 1724 per
1716 1654 2019 1723 scripturas

2113 549 2194 611 είς
2232 547 2413 614 αὑτὸν,
2441 549 2503 601 οὐ
2531 548 3080 619 καταισχυνθήσεται.
3111 567 3130 600 ι
3177 549 3241 602 El
3290 549 3515 620 σύμπας
3558 552 3706 620 ἡμῖν

2111 637 2255 708 ὁτῆς
2284 637 2519 701 πίστεως
2540 638 2686 708 ὅρος,
2712 637 2806 691 καὶ
2834 637 2934 707 τῆς
2953 638 3245 708 ὁμολογίας
3269 640 3303 708 ἡ
3329 638 3585 709 δύναμις,
3618 641 3705 704 είς

2116 728 2179 782 τὸ
2217 729 2309 784 τοῦ
2359 729 2597 800 Χριστοῦ
2642 729 2992 800 περιίσταται
3020 729 3332 802 πρόσωπον,
3361 730 3456 782 καὶ
3493 730 3701 798 ὁμολο⁹

2113 818 2336 888 γοῦντες
2359 819 2525 874 αὑτοῦ
2550 819 2643 874 τὸν
2670 819 2898 875 θάνατον
2928 819 3024 873 καὶ
3042 819 3143 891 τὴν
3171 820 3494 885 ἀνάστασιν,
3513 820 3595 883 ὡς
3620 822 3706 881 είς

2113 912 2247 966 Θεὸν
2291 913 2716 977 πεπιστευκότες
2762 912 3140 983 δικαιοῦμεθω
3167 911 3251 976 τίς
3290 914 3318 965 ὁ
3352 913 3518 981 φάναι
3558 911 3705 964 Θεὸν

2113 1002 2214 1056 οὐκ
2264 997 2402 1056 εἶναι
2443 1002 2657 1072 τολμῶν
2696 1002 2879 1069 αὑτὸν,
2922 1002 3079 1073 εἴπερ
3109 1003 3225 1055 ἐστὶ
3258 1003 3555 1071 κεφάλαιον
3596 1001 3702 1070 τῆς

2117 1096 2372 1149 ἁπάντων
2398 1094 2692 1167 σωτηρίας,
2717 1093 2856 1165 θύρα
2897 1111 2956 1147 τε
2994 1094 3089 1147 καὶ
3118 1093 3258 1159 ὁδὸς,
3285 1094 3383 1162 τῆς
3415 1096 3499 1157 είς
3531 1092 3703 1145 αὐτὸν

2831 1186 2844 1205 9
2918 1185 3126 1205 ορ-⁸“’μέ

2117 1278 2281 1340 αὐτὸς
2308 1280 2337 1331 ὁ
2371 1276 2560 1348 Πατὴρ
2589 1276 3008 1346 ἐπιγινώσκεται
3043 1277 3181 1348 πρὸς
3208 1276 3386 1347 ἡμῶν.

2191 1410 2210 1441 ι
2242 1390 2332 1460 Τῷ
2371 1389 2429 1443 δὲ
2459 1388 2746 1459 δυναμένῳ
2776 1390 2921 1459 ὑμᾶς
2963 1389 3215 1460 στηρίξαι
3240 1388 3381 1444 κατᾶ
3427 1388 3491 1441 τὸ
3516 1388 3705 1454 Εὐαγ-

2118 1481 2298 1551 γέλιόν
2342 1496 2443 1552 μου
2478 1481 2573 1535 καὶ
2621 1480 2677 1534 τὸ
2720 1482 2983 1552 κήρυγμα
3018 1480 3195 1551 Ἰησοῦ
3241 1478 3500 1551 Χριστοῦ,
3553 1478 3707 1532 κατὰ

2118 1572 2459 1643 ἀποκάλυψιν
2490 1572 2787 1644 μυστηρίου
2813 1572 3021 1642 χρόνοις
3047 1572 3287 1634 αἰωνίοις
3308 1569 3701 1639 σεσιγημένου.

2117 1664 2529 1737 Φανερωθέντος
2549 1663 2607 1717 δὲ
2625 1662 2719 1719 νῦν
2742 1665 2830 1717 διά
2858 1679 2916 1716 τε
2938 1662 3163 1733 γραφῶν
3185 1660 3541 1734 προφητικῶν
3560 1677 3675 1713 κατ
3690 1660 3707 1681 ’

441 1753 851 1822 ιιωιιιιιιιιιιιιιυ,
883 1748 1181 1804 secundum
1215 1756 1544 1816 praceptqu
1583 1745 1772 1799 aeterni
1795 1744 1911 1807 Dei,
1948 1743 2013 1796 ad

2130 1756 2387 1828 ἐπιταγὴν
2414 1755 2508 1809 τοῦ
2541 1755 2763 1809 αἰωνίου
2800 1753 2957 1819 Θεοῦ,
2988 1757 3067 1818 εἰς
3099 1754 3396 1823 ὑπακοὴνη
3430 1753 3705 1815 πίστεως,

441 1844 808 1899 obeditiouem
839 1838 1007 1911 ﬁdei),
1041 1840 1093 1893 in
1123 1839 1336 1894 cunctis
1373 1837 1626 1906 gentibus
1657 1835 1889 1905 cogniti,
1915 1834 2015 1889 soli

440 1935 669 2005 sapienti
706 1934 847 1999 Deo,
893 1947 990 2001 per
1029 1929 1218 1985 Jesum
1254 1929 1574 1992 Christum;
1624 1928 1710 1982 cui
1754 1928 1927 1983 honor
1966 1935 2021 1981 et

442 2029 614 2098 gloria
653 2028 705 2080 in
735 2024 931 2080 swcula
963 2023 1305 2079 saeculorhm.
1342 2022 1516 2077 Anien
1543 2020 1632 2077 “'.
1662 2037 1681 2072 ι
1714 2019 1794 2074 Ειι
1823 2019 1912 2073 hic
1940 2018 2020 2073 di-

442 2129 587 2179 serte
617 2117 851 2172 allirmat
873 2113 1250 2184 Evangelium,
1296 2112 1646 2182 ejusdemque
1678 2110 2020 2180 pradicatio-

443 2228 566 2266 nem
593 2213 660 2266 ad
702 2211 875 2279 ipsum
915 2207 1192 2263 Christum
1244 2205 1612 2276 pertinuisse:
1675 2215 1786 2259 tum
1838 2204 2023 2260 occul-

445 2312 557 2354 tum
594 2298 721 2354 illud
752 2302 819 2354 de
862 2298 979 2369 ipso
1029 2299 1218 2353 eodem
1255 2295 1572 2366 mysterium
1615 2295 1834 2350 retentis
1886 2304 2024 2349 tem—

444 2389 666 2458 poribus
703 2388 950 2450 tacitum,
983 2401 1127 2441 nunc
1159 2386 1373 2440 demum
1404 2384 1470 2438 ad
1493 2383 1618 2439 ﬁdei
1651 2385 2021 2440 oheditionem

444 2484 498 2537 in
549 2480 802 2537 omnibus
843 2479 1098 2550 gentibus
1169 2478 1497 2547 patefactum
1557 2476 1837 2547 pnedieat.
1887 2476 2021 2531 Nam

444 2585 630 2645 gentes
661 2572 916 2627 falsorum
966 2571 1190 2625 deorum
1223 2570 1375 2625 cultu
1424 2568 1686 2636 liberatur,
1730 2584 2024 2638 veramque

445 2664 560 2720 veri
610 2663 986 2732 naturalisque
1033 2661 1126 2716 Dei
1176 2660 1424 2714 notitiam
1454 2659 1699 2729 adeptae,
1749 2659 1816 2713 ad
1864 2657 2025 2714 Chri-

444 2770 587 2810 stum
614 2763 739 2811 sunt
763 2766 1065 2810 conversas
1093 2750 1248 2819 Quod
1282 2751 1327 2808 si
1376 2766 1472 2819 per
1517 2747 1703 2805 Jesum
1746 2750 2022 2806 Christum

448 2849 589 2905 Deus
628 2846 802 2917 palam
848 2853 931 2899 est
982 2844 1221 2914 agnitus,
1254 2843 1527 2913 quomodo
1572 2841 1777 2896 Christi
1825 2850 2025 2912 myste-

442 2940 588 2993 rium
625 2954 730 2993 non
760 2947 843 2992 est
874 2952 1126 3008 ntagnum
1147 2935 1173 2988 ἲ
1198 2933 1354 3001 Quod
1387 2934 1431 2989 si
1462 2935 1509 2989 is
1539 2934 1721 2990 animo
1749 2934 2024 3003 concipia-

448 3042 537 3084 tur
582 3040 634 3083 ut
674 3029 838 3083 homo
882 3028 1150 3099 quispiam
1186 3026 1330 3082 nulla
1361 3041 1425 3081 ex
1462 3036 1616 3095 parte
1657 3025 1827 3080 nostri
1862 3025 2025 3079 dissi-

447 3121 611 3186 milis,
648 3129 704 3174 et
737 3135 841 3174 non
877 3129 937 3174 ut
976 3116 1121 3172 Deus
1165 3118 1327 3172 homo
1373 3116 1591 3183 factus;
1631 3116 1777 3170 haud
1816 3130 2025 3186 magna:
2051 3141 2096 3199 ε

440 3225 580 3266 sane
613 3210 897 3281 sapientia:
928 3216 1337 3264 sacramentum
1368 3205 1498 3260 illud
1526 3204 1711 3261 fuerit.

522 3342 549 3376 ι
576 3322 707 3379 Dico
753 3322 899 3378 enim
951 3319 1227 3377 Christum
1274 3317 1458 3374 Jesum
1503 3318 1810 3375 ministrum
1858 3319 2029 3376 fuisse

449 3412 883 3470 circumcisionis
929 3418 1151 3480 propter
1191 3409 1478 3464 veritatem
1533 3409 1653 3474 Dei,
1711 3410 1779 3464 ad
1826 3410 2029 3464 eonﬁr-

452 3506 679 3559 mandas
705 3504 1092 3573 tit-emissiones
1126 3512 1341 3571 patrum
1370 3518 1383 3555 :
1421 3509 1612 3570 gentes
1654 3509 1834 3556 autem
1865 3510 2030 3570 super

454 3595 828 3651 misericordia
868 3595 1137 3648 honorare
1162 3593 1354 3646 Deum.
1394 3591 1666 3660 Scriptum
1710 3601 1797 3646 est
1838 3590 2028 3646 enim.

452 3687 695 3742 Credidit
718 3686 991 3740 Abraham
1025 3682 1157 3749 Deo,
1189 3692 1243 3738 et
1277 3691 1586 3752 reputatum
1610 3690 1692 3736 est
1717 3681 1793 3735 illi
1839 3681 1907 3735 ad
1944 3679 2031 3749 ju-

457 3783 658 3838 stitiam
686 3781 755 3836 ".
788 3800 807 3833 ι
837 3780 1047 3834 Dictum
1074 3788 1157 3833 est
1191 3792 1406 3831 rursum
1453 3777 1520 3830 ad
1556 3776 1746 3830 illum:
1796 3795 1815 3828 ι
1873 3773 1931 3829 In
1980 3785 2033 3829 te

458 3873 850 3928 benedicentur
875 3883 1063 3923 omnes
1092 3866 1264 3921 tribus
1297 3863 1519 3921 terrm‘8
1545 3881 1560 3930 ;
1590 3883 1610 3915 ι
1645 3865 1696 3918 id
1719 3864 1860 3933 quod
1890 3863 2033 3919 Pau-

456 3967 540 4019 lus
585 3964 687 4018 hac
717 3963 873 4018 nobis
918 3960 1185 4018 sententia
1236 3958 1502 4027 exponit:
1543 3974 1562 4009 ι
1600 3955 1716 4011 Neu
1760 3957 1903 4011 enim
1939 3970 2034 4025 per

456 4056 651 4125 legem,
683 4054 781 4117 ait,
814 4051 1101 4122 promissio
1134 4047 1390 4112 Abrahae,
1431 4054 1490 4101 ut
1527 4045 1644 4116 ipse
1688 4044 1863 4101 bzeres
1889 4026 2035 4100 esset

456 4145 664 4211 mundi,
708 4145 802 4198 sed
857 4157 953 4213 per
996 4140 1259 4209 justitiam
1313 4138 1440 4193 ﬁdei
1461 4138 1549 4203 ης
1594 4156 1614 4190 ι
1669 4146 1723 4192 et
1774 4152 2032 4192 rursum:

463 4253 484 4286 ι
518 4234 685 4304 Igitur
713 4233 803 4302 qui
843 4248 909 4287 ex
953 4233 1057 4287 ﬁde
1087 4239 1234 4296 sunt,
1278 4228 1441 4298 120
1485 4227 1874 4283 benedicentur
1912 4242 2035 4282 cum

461 4327 606 4380 ﬁdeli
632 4326 907 4379 Abraham
932 4326 999 4379 ".
1031 4343 1052 4376 ι
1097 4324 1156 4378 Si
1199 4322 1291 4377 Dei
1327 4337 1458 4392 ergo
1504 4320 1894 4390 promissiones
1942 4333 2038 4389 per

2119 1854 2199 1915 είς
2231 1851 2410 1905 πάντα
2453 1851 2523 1903 τὰ
2565 1849 2692 1921 ἔθνη
2735 1847 3149 1920 γνωρισθέντος.
3175 1849 3336 1918 Μόνῳ
3370 1847 3521 1917 σοφῷ
3550 1846 3705 1916 Θεῷ,

2119 1939 2208 1994 διὰ
2240 1938 2413 2011 Ἰησοῦ
2443 1939 2702 2011 Χριστοῦ,
2801 1940 2834 2009 ἡ
2863 1937 2989 2003 δόξα
3013 1938 3110 1991 καὶ
3132 1938 3194 1990 τὸ
3222 1937 3424 2009 κράτος
3448 1938 3535 2000 είς
3568 1937 3710 1999 τοῦς

2121 2033 2324 2095 αἰῶνας
2346 2030 2458 2085 τῶν
2477 2030 2710 2085 αἰώνων.
2726 2031 2918 2101 Ἀμήν.
2948 2049 2968 2081 ι
2989 2029 3120 2083 Ἰδοὺ
3142 2029 3206 2099 δὴ
3227 2027 3413 2097 σαφῶς
3435 2028 3502 2082 τὸ
3520 2029 3715 2097 Ebur-

2120 2124 2300 2193 γέλιον
2337 2124 2432 2176 καὶ
2462 2122 2522 2176 τὸ
2550 2123 2814 2194 κήρυγμα
2853 2120 3028 2192 Ἰησοῦ
3056 2118 3291 2191 Χριστοῦ
3321 2137 3490 2191 φησιν
3517 2115 3667 2174 εἶναι
3688 2135 3707 2150 θ

2121 2216 2217 2270 καὶ
2241 2214 2550 2286 κεκρύφθαι
2580 2213 2680 2285 μὲν
2707 2214 2767 2267 τὸ
2793 2213 2879 2266 ἐπ’
2907 2211 3057 2282 αὐτῷ
3086 2212 3406 2282 μυστήριον,
3430 2210 3714 2287 mlieres:—

2122 2308 2323 2379 γῆσθαι
2355 2307 2566 2378 χρόνοις
2605 2306 2863 2369 αἰωνίοις,
2903 2303 3354 2373 ἀποκαλυφθῆναι
3390 2302 3445 2354 δὲ
3476 2302 3576 2355 νῦν
3624 2304 3711 2366 εἰς

2124 2398 2370 2469 ὑπακοὴν
2400 2398 2635 2461 πίστεως
2662 2399 2743 2461 είς
2781 2394 2958 2450 πάντα
3000 2396 3068 2448 τὰ
3095 2393 3243 2465 ἔθνη.
3281 2393 3560 2464 Ἐστρὰιρη
3593 2394 3715 2463 γὰρ

2123 2491 2202 2552 είς
2227 2488 2463 2560 Χριστὸν
2486 2487 2557 2541 τὰ
2578 2486 2705 2558 ἔθνη
2733 2486 2834 2556 τῆς
2856 2483 3207 2555 ψευδωνύμου
3232 2484 3489 2554 λατρείας
3505 2482 3717 2555 ἐξῃρηο

2127 2581 2288 2650 μένα,
2318 2581 2414 2632 καὶ
2446 2578 2523 2642 ὡς
2552 2577 2687 2630 Θεὸν
2713 2575 2874 2630 αὑτὸν
2905 2574 3256 2643 ἐπεγνωκότα
3283 2573 3376 2627 τὸν
3406 2573 3568 2643 φύσει
3609 2575 3716 2627 καὶ

2125 2668 2362 2741 ἀληθῶς.
2386 2670 2497 2723 Καὶ
2540 2671 2590 2722 εί
2630 2667 2818 2737 σαφῶς
2845 2666 2933 2720 διὰ
2971 2664 3145 2737 Ἰησοῦ
3173 2664 3409 2736 Χριστοῦ
3452 2663 3716 2735 ἐγνώσθη

2125 2761 2280 2826 Θεὸς,
2325 2761 2444 2825 πῶς
2488 2761 2548 2815 οὐ
2588 2760 2735 2830 μέγα
2767 2759 2827 2813 τὸ
2862 2756 3101 2827 Χριστοῦ
3152 2756 3490 2827 μυστήριον;
3538 2756 3607 2808 Εἰ
3652 2756 3716 2810 δι

2126 2854 2328 2906 νοεῖται
2384 2850 2508 2906 καθ’
2547 2852 2694 2922 ἡμᾶς
2746 2848 3038 2920 ἄνθρωπος
3093 2846 3302 2912 ἁπλῶς,
3350 2846 3443 2900 καὶ
3472 2845 3601 2915 οὐχὶ
3651 2845 3715 2899 δὲ

2128 2938 2329 3011 μᾶλλον
2361 2938 2495 3002 Θεὸς
2518 2936 2980 3010 ἐνηνθρωπηκὼς,
3010 2937 3193 2990 οὐκέτι
3223 2935 3385 3006 σοφὸν
3408 2936 3466 2988 τὸ
3489 2937 3717 3006 μυστήο

2131 3048 2265 3103 ριον.

2205 3344 2225 3376 ι
2256 3325 2412 3393 Λέγω
2445 3325 2555 3395 γὰρ
2582 3325 2822 3396 Χριστὸν
2841 3323 3089 3377 διάκονον
3133 3320 3460 3393 γεγενῆσθαι
3484 3339 3717 3393 περιτο-

2131 3417 2239 3488 μῆς
2270 3417 2412 3487 ὑπὲρ
2446 3415 2702 3486 ἀληθείας
2735 3415 2892 3491 Θεοῦ,
2925 3418 3005 3478 είς
3053 3414 3114 3468 τὸ
3163 3414 3459 3484 βεϐαιῶσαι
3485 3414 3585 3478 τὰς
3615 3416 3717 3467 ἐπ-

2128 3507 2390 3578 αγγελίας
2443 3507 2555 3562 τῶν
2602 3506 2885 3579 πατέρων*
2937 3506 3007 3560 τὰ
3055 3507 3114 3560 δέ
3157 3506 3286 3577 ἔθνη
3335 3507 3471 3578 ὑπὲρ
3523 3507 3712 3570 ἐλέους

2128 3600 2351 3664 δοξάσαι
2376 3600 2469 3654 τὸν
2496 3598 2650 3655 θεόν.
2688 3598 3002 3670 Γέγραπται
3036 3599 3168 3669 γὰρ,
3197 3598 3281 3653 ὅτι
3324 3616 3344 3649 ι
3392 3598 3715 3651 Ἐπίστευσα

2131 3691 2186 3745 δέ
2220 3691 2472 3762 ’Δϐραὰμ
2502 3690 2580 3761 τῷ
2607 3689 2751 3761 Θεῷ,
2778 3691 2873 3744 καὶ
2908 3690 3163 3761 ἐλογίσθη
3204 3690 3351 3759 αὐτῷ
3394 3692 3474 3753 είς
3499 3689 3712 3743 δικαιο-

2134 3783 2316 3855 σύνην.
2354 3802 2372 3835 ι
2410 3784 2638 3853 Εἴρηται
2681 3782 2739 3837 δὲ
2789 3782 2927 3853 πρὸς
2955 3783 3138 3849 αὐτὸν,
3166 3784 3249 3836 ὅτι
3281 3803 3300 3836 ι
3323 3783 3715 3855 Ἐνευλογηθή-

2135 3890 2314 3929 σονται
2346 3878 2403 3929 ἐν
2435 3876 2519 3929 σοὶ
2554 3878 2725 3929 πᾶσαι
2756 3878 2815 3929 αξ
2863 3875 3028 3946 φυλαὶ
3072 3876 3172 3945 τῆς
3217 3876 3339 3946 γῆς.
3372 3896 3392 3927 ι
3420 3878 3486 3930 Ὃ
3516 3877 3581 3949 δὴ
3617 3878 3715 3931 καὶ

2135 3965 2303 4035 σαφὲς
2345 3969 2475 4039 ἡμῖν
2524 3968 2697 4020 ἐποίει
2746 3968 2921 4037 λέγων
2966 3970 2995 4021 ό
3044 3967 3290 4031 Παῦλος·
3324 3986 3345 4018 r
3376 3969 3451 4022 Οὐ
3485 3968 3599 4040 γὰρ
3626 3969 3718 4022 διὰ

2134 4060 2299 4129 νόμου
2326 4062 2358 4125 ἦ
2396 4058 2699 4127 ἐπαγγελία
2740 4057 2819 4128 τῷ
2851 4058 3120 4129 Ἀδραὰμ,
3151 4061 3231 4122 είς
3274 4059 3336 4112 τὸ
3374 4058 3720 4129 κληρονόμον

2134 4151 2298 4205 αὐτὸν
2329 4147 2465 4205 εἶναι
2504 4152 2735 4222 κόσμου,
2764 4152 2900 4206 ἀλλὰ
2944 4151 3033 4205 διὰ
3080 4151 3430 4221 δικαιοσύνης
3483 4153 3579 4204 καὶ
3622 4153 3719 4203 πί-

2139 4251 2327 4300 στεως.
2359 4251 2378 4288 ι
2420 4239 2527 4290 Καὶ
2582 4232 2781 4292 ἰτείιλιν⁸
2832 4240 3028 4292 «Ὥστε
3073 4241 3120 4291 οι
3163 4240 3228 4292 ἐκ
3273 4240 3512 4302 πίστεως
3563 4239 3720 4293 εὐλο-

2135 4326 2359 4395 γοῦνται
2394 4328 2492 4381 σὺν
2520 4328 2600 4399 τῷ
2635 4329 2813 4400 πιστῷ
2847 4328 3116 4402 Ἀϐραάμ.
3149 4348 3169 4382 ι
3204 4328 3412 4384 Οὐκοῦν
3437 4332 3485 4383 εί
3528 4333 3595 4384 ὲκ
3622 4333 3721 4383 πί-

458 4418 620 4471 ﬁdem
664 4416 913 4484 patrihus
945 4417 1301 4478 obvenerunt,
1328 4413 1578 4469 Christus
1616 4425 1748 4467 vero
1794 4411 2024 4466 minister

2140 4434 2311 4482 στεως
2356 4421 2411 4472 αί
2458 4420 2785 4489 ἐπαγγελίαι
2833 4420 3066 4475 δίδονται
3103 4422 3215 4484 τοῐς
3262 4423 3503 4492 πατράσι
3566 4423 3719 4494 πσρᾶ

462 4511 638 4562 t'actus
676 4517 780 4571 est,
814 4506 917 4560 hoc
942 4517 1025 4561 est
1049 4506 1337 4569 mediator,
1377 4505 1444 4558 ad
1476 4503 1776 4559 ﬁrmandas
1800 4503 2024 4573 promis-

2138 4508 2297 4575 Θεοῦ,
2336 4510 2526 4578 γέγονε
2579 4488 2759 4564 τοίνυν
2799 4512 3045 4576 διάκονος
3085 4513 3117 4565 ό
3165 4488 3420 4583 Χριστὸς.
3464 4488 3725 4567 τουτέστι

460 4602 641 4657 siones
667 4598 913 4669 patribus
938 4614 969 4653 a
996 4599 1105 4653 Deo
1131 4597 1325 4662 factas,
1347 4610 1539 4666 nempe
1561 4596 2033 4664 justiﬁeationem,

460 4706 581 4762 qute
606 4707 701 4761 per
730 4692 889 4747 ﬁdem
922 4691 1198 4747 obtinetur
1229 4688 1431 4759 (factus
1465 4698 1551 4744 est
1583 4697 1761 4743 autem
1785 4687 2036 4743 Christus

462 4784 729 4849 minister,
759 4783 863 4838 hoc
893 4790 978 4839 est
1000 4783 1289 4850 mediator,
1314 4782 1422 4837 non
1453 4790 1511 4835 ut
1534 4780 1694 4836 alteri
1723 4780 1882 4836 ﬁdem
1907 4794 2037 4835 con-

463 4875 696 4941 ciliaret,
732 4877 826 4930 sed
849 4885 909 4929 ut
938 4874 1041 4930 sibi
1077 4874 1180 4945 ipsi
1205 4884 1263 4929 et
1301 4873 1450 4929 Patri
1488 4886 1583 4944 per
1610 4870 1913 4943 seipsum):
1949 4872 2036 4927 cui

463 4969 683 5023 dubium
714 4984 834 5024 esse
860 4977 1056 5039 potest,
1084 4967 1214 5038 quin
1256 4980 1417 5023 verus
1461 4967 1757 5022 secundum
1787 4977 2035 5019 naturam

464 5058 609 5115 Deus
640 5054 902 5116 exsistat?
932 5059 1067 5115 Nam
1099 5068 1158 5115 ut
1183 5060 1373 5115 beatus
1394 5058 1666 5113 Abraham
1705 5054 2035 5127 justiﬁeatus

464 5152 631 5208 estin
668 5152 836 5208 Deum
867 5156 1115 5221 credens,
1172 5152 1248 5207 ita
1290 5161 1480 5222 gentes
1523 5159 1740 5221 quoque
1772 5146 2037 5219 justiﬁes-

2144 4599 2390 4669 μεσίτης,
2424 4602 2504 4664 είς
2547 4600 2609 4652 τὸ
2651 4602 2944 4671 βεϐαιῶσαι
2986 4603 3085 4666 τὰς
3108 4598 3441 4673 ἐπαγγελίας
3475 4602 3571 4668 τὰς
3604 4608 3723 4668 rei;

2144 4692 2385 4761 πατράσι
2409 4691 2656 4755 δοθείσας
2687 4695 2838 4764 παρὰ
2864 4693 3024 4759 Θεοῦ,
3054 4696 3302 4749 τουτέστι
3350 4696 3450 4767 τὴν
3489 4695 3582 4749 διὰ
3628 4698 3721 4747 πε-

2145 4800 2317 4846 στεως
2354 4783 2655 4839 δικαίωσιν.
2694 4786 2888 4854 Γέγονε
2928 4787 3107 4841 τοίνυν
3134 4786 3380 4849 διάκονος
3405 4788 3435 4838 ὁ
3461 4787 3719 4856 Χριστὸς,

2143 4873 2392 4926 τουτέστι
2423 4874 2673 4945 μεσίτης,
2709 4876 2807 4946 οὐχ
2828 4876 2903 4940 ὡς
2932 4877 3104 4948 ἑτέρῳ
3125 4878 3225 4947 τὴν
3255 4877 3437 4930 πίστιν
3467 4892 3724 4946 πραγμα-

2142 4965 2455 5033 τευόμενος.
2484 4964 2600 5018 ἀλλ’
2626 4965 2702 5030 ὡς
2734 4966 2914 5037 ἐαυτῷ
2942 4967 3144 5039 μᾶλλον
3178 4969 3274 5021 καὶ
3316 4967 3384 5021 δι’
3412 4967 3614 5021 ἑαυτοῦ
3642 4967 3726 5038 τῷ

2146 5055 2343 5126 Πατρί.
2387 5056 2519 5121 Θεὸς
2549 5057 2832 5127 ἄρα-κατὰ
2869 5059 3032 5128 φύσιν
3050 5058 3190 5114 ἐστί.
3228 5058 3585 5113 Δεόικαίωται
3615 5060 3727 5129 γὰρ

2143 5147 2174 5200 δ
2211 5149 2480 5221 μακάριος
2517 5148 2769 5221 Ἀϐραὰμ
2817 5150 3199 5215 πεπιστευκὼς
3235 5153 3316 5214 είς
3363 5150 3532 5204 Θεόνο
3582 5152 3732 5204 οὕτω

533 5353 583 5386 ⁴⁶
608 5354 763 5407 Rom.
794 5371 847 5418 χ,
877 5352 1029 5408 6-H.
1119 5352 1186 5384 ⁸⁵⁸
1214 5350 1373 5417 Rom,
1419 5360 1534 5417 xvt,
1567 5341 1759 5403 25-97.
1870 5346 1914 5378 ⁸⁷
1942 5347 2021 5402 Ro

2130 5362 2219 5412 xv,
2252 5348 2307 5412 8,
2348 5340 2418 5413 9;
2462 5363 2533 5412 tv,
2565 5348 2619 5403 5.
2698 5348 2902 5406 “Cen.
2949 5367 3049 5417 xu,
3091 5352 3146 5409 3.
3241 5354 3287 5385 δ’
3310 5351 3473 5407 Rom.
3523 5354 3606 5419 ἡ,
3636 5349 3728 5406 ιδ.

469 5421 514 5456 ³³
538 5421 711 5476 Galat.
743 5438 824 5488 ιιι,
859 5424 914 5477 9.

1572 5577 1741 5632 νυτίω
1770 5575 2033 5631 lectiones
2054 5575 2259 5631 codicis
2290 5571 2649 5643 Seguieriani.

550 5764 583 5785 "'
625 5758 923 5831 ὑποταγὴν.
