  <div class='ocr_page' id='page_1' title='image "/cluster/home/n/w/nwhite01/storage/ocr_20150623/76/hvd.32044073501439/670.png"; bbox 0 0 3952 6200; ppageno 0'>
   <div class='ocr_carea' id='block_1_1' title="bbox 324 211 465 266">
    <p class='ocr_par' dir='ltr' id='par_1_1' title="bbox 324 211 465 266">
     <span class='ocr_line' id='line_1_1' title="bbox 324 211 465 266; baseline 0 0"><span class='ocrx_word' id='word_1_1' title='bbox 324 211 465 266; x_wconf 72' lang='grc' dir='ltr'><strong>13Ξό</strong></span> 
     </span>
    </p>
   </div>
   <div class='ocr_carea' id='block_1_2' title="bbox 1405 211 2437 287">
    <p class='ocr_par' dir='ltr' id='par_1_2' title="bbox 1405 211 2437 287">
     <span class='ocr_line' id='line_1_2' title="bbox 1405 211 2437 287; baseline 0.007 -23"><span class='ocrx_word' id='word_1_2' title='bbox 1405 211 1495 264; x_wconf 81' lang='lat' dir='ltr'><strong>DE</strong></span> <span class='ocrx_word' id='word_1_3' title='bbox 1533 212 1760 267; x_wconf 70' lang='lat' dir='ltr'><strong>liECTA</strong></span> <span class='ocrx_word' id='word_1_4' title='bbox 1799 211 1955 267; x_wconf 79' lang='lat' dir='ltr'><strong>FIDE</strong></span> <span class='ocrx_word' id='word_1_5' title='bbox 1990 213 2082 268; x_wconf 84' lang='lat' dir='ltr'><strong>AD</strong></span> <span class='ocrx_word' id='word_1_6' title='bbox 2121 212 2437 287; x_wconf 54' lang='lat' dir='ltr'><strong>REGINAS.</strong></span> 
     </span>
    </p>
   </div>
   <div class='ocr_carea' id='block_1_3' title="bbox 3430 224 3568 277">
    <p class='ocr_par' dir='ltr' id='par_1_3' title="bbox 3430 224 3568 277">
     <span class='ocr_line' id='line_1_3' title="bbox 3430 224 3568 277; baseline 0.007 -1"><span class='ocrx_word' id='word_1_7' title='bbox 3430 224 3457 276; x_wconf 71' lang='grc' dir='ltr'><strong>Ι</strong></span> <span class='ocrx_word' id='word_1_8' title='bbox 3463 225 3568 277; x_wconf 67' lang='lat'><strong>3‘30</strong></span> 
     </span>
    </p>
   </div>
   <div class='ocr_carea' id='block_1_4' title="bbox 315 320 1893 407">
    <p class='ocr_par' dir='ltr' id='par_1_4' title="bbox 315 320 1892 402">
     <span class='ocr_line' id='line_1_4' title="bbox 315 320 1892 402; baseline 0.003 -24"><span class='ocrx_word' id='word_1_9' title='bbox 315 320 376 378; x_wconf 72' lang='grc' dir='ltr'><strong>δὲ</strong></span> <span class='ocrx_word' id='word_1_10' title='bbox 401 322 500 378; x_wconf 71' lang='grc' dir='ltr'><strong>καὶ</strong></span> <span class='ocrx_word' id='word_1_11' title='bbox 538 323 607 378; x_wconf 88' lang='grc' dir='ltr'><strong>τά</strong></span> <span class='ocrx_word' id='word_1_12' title='bbox 632 322 759 394; x_wconf 72' lang='grc' dir='ltr'><strong>ἔθνη</strong></span> <span class='ocrx_word' id='word_1_13' title='bbox 796 323 1134 378; x_wconf 77' lang='grc' dir='ltr'><strong>δικαιωθείεν</strong></span> <span class='ocrx_word' id='word_1_14' title='bbox 1164 324 1231 379; x_wconf 79' lang='grc' dir='ltr'><strong>ἀν</strong></span> <span class='ocrx_word' id='word_1_15' title='bbox 1262 326 1319 379; x_wconf 75' lang='grc' dir='ltr'><strong>ὲν</strong></span> <span class='ocrx_word' id='word_1_16' title='bbox 1349 327 1519 397; x_wconf 84' lang='grc' dir='ltr'><strong>αὐτῷ,</strong></span> <span class='ocrx_word' id='word_1_17' title='bbox 1545 330 1659 392; x_wconf 84' lang='grc' dir='ltr'><strong>τοῖς</strong></span> <span class='ocrx_word' id='word_1_18' title='bbox 1690 328 1892 402; x_wconf 73' lang='grc' dir='ltr'><strong>ἴχνεσιν</strong></span> 
     </span>
    </p>
   </div>
   <div class='ocr_carea' id='block_1_5' title="bbox 2003 320 3573 407">
    <p class='ocr_par' dir='ltr' id='par_1_5' title="bbox 2003 330 3573 407">
     <span class='ocr_line' id='line_1_5' title="bbox 2003 330 3573 407; baseline 0.006 -23"><span class='ocrx_word' id='word_1_19' title='bbox 2003 330 2200 384; x_wconf 90' lang='lat' dir='ltr'><strong>buntur</strong></span> <span class='ocrx_word' id='word_1_20' title='bbox 2228 330 2283 385; x_wconf 91' lang='lat' dir='ltr'><strong>in</strong></span> <span class='ocrx_word' id='word_1_21' title='bbox 2314 331 2452 399; x_wconf 87' lang='lat' dir='ltr'><strong>ipso,</strong></span> <span class='ocrx_word' id='word_1_22' title='bbox 2480 332 2525 386; x_wconf 82' lang='lat' dir='ltr'><strong>si</strong></span> <span class='ocrx_word' id='word_1_23' title='bbox 2559 334 2801 403; x_wconf 71' lang='lat' dir='ltr'><strong>vestigiis</strong></span> <span class='ocrx_word' id='word_1_24' title='bbox 2834 335 2976 391; x_wconf 84' lang='lat' dir='ltr'><strong>illius</strong></span> <span class='ocrx_word' id='word_1_25' title='bbox 3013 337 3232 401; x_wconf 66' lang='lat' dir='ltr'><strong>iturine,</strong></span> <span class='ocrx_word' id='word_1_26' title='bbox 3267 338 3321 391; x_wconf 86' lang='lat' dir='ltr'><strong>iu</strong></span> <span class='ocrx_word' id='word_1_27' title='bbox 3361 338 3528 394; x_wconf 87' lang='lat' dir='ltr'><strong>Deum</strong></span> <span class='ocrx_word' id='word_1_28' title='bbox 3556 381 3573 407; x_wconf 93' lang='lat'><strong>,</strong></span> 
     </span>
    </p>
   </div>
   <div class='ocr_carea' id='block_1_6' title="bbox 316 415 1892 490">
    <p class='ocr_par' dir='ltr' id='par_1_6' title="bbox 316 415 1892 490">
     <span class='ocr_line' id='line_1_6' title="bbox 316 415 1892 490; baseline 0.003 -20"><span class='ocrx_word' id='word_1_29' title='bbox 316 415 483 470; x_wconf 83' lang='grc' dir='ltr'><strong>αὐτοῦ</strong></span> <span class='ocrx_word' id='word_1_30' title='bbox 529 415 1100 487; x_wconf 80' lang='grc' dir='ltr'><strong>κατακολουθήσαντα,</strong></span> <span class='ocrx_word' id='word_1_31' title='bbox 1134 418 1229 471; x_wconf 57' lang='grc' dir='ltr'><strong>καὶ¹</strong></span> <span class='ocrx_word' id='word_1_32' title='bbox 1283 419 1341 471; x_wconf 79' lang='grc' dir='ltr'><strong>ὲν</strong></span> <span class='ocrx_word' id='word_1_33' title='bbox 1382 418 1503 490; x_wconf 82' lang='grc' dir='ltr'><strong>Θεῷ</strong></span> <span class='ocrx_word' id='word_1_34' title='bbox 1547 419 1892 487; x_wconf 78' lang='grc' dir='ltr'><strong>πιστεύοντα,</strong></span> 
     </span>
    </p>
   </div>
   <div class='ocr_carea' id='block_1_7' title="bbox 315 506 841 579">
    <p class='ocr_par' dir='ltr' id='par_1_7' title="bbox 315 506 841 579">
     <span class='ocr_line' id='line_1_7' title="bbox 315 506 841 579; baseline 0.002 -18"><span class='ocrx_word' id='word_1_35' title='bbox 315 507 564 563; x_wconf 79' lang='grc' dir='ltr'><strong>τουτέστι</strong></span> <span class='ocrx_word' id='word_1_36' title='bbox 597 506 841 579; x_wconf 79' lang='grc' dir='ltr'><strong>Χριστῷ.</strong></span> 
     </span>
    </p>
   </div>
   <div class='ocr_carea' id='block_1_8' title="bbox 549 617 1673 692">
    <p class='ocr_par' dir='ltr' id='par_1_8' title="bbox 549 617 1673 692">
     <span class='ocr_line' id='line_1_8' title="bbox 549 617 1673 692; baseline 0.005 -21"><span class='ocrx_word' id='word_1_37' title='bbox 549 618 647 671; x_wconf 83' lang='grc' dir='ltr'><strong>Ἐκ</strong></span> <span class='ocrx_word' id='word_1_38' title='bbox 684 617 796 688; x_wconf 86' lang='grc' dir='ltr'><strong>τῆς</strong></span> <span class='ocrx_word' id='word_1_39' title='bbox 834 621 985 689; x_wconf 82' lang='grc' dir='ltr'><strong>πρὸς</strong></span> <span class='ocrx_word' id='word_1_40' title='bbox 1022 623 1373 691; x_wconf 77' lang='grc' dir='ltr'><strong>Κορινθίους</strong></span> <span class='ocrx_word' id='word_1_41' title='bbox 1410 620 1673 692; x_wconf 80' lang='grc' dir='ltr'><strong>πρώτης.</strong></span> 
     </span>
    </p>
   </div>
   <div class='ocr_carea' id='block_1_9' title="bbox 392 730 1897 804">
    <p class='ocr_par' dir='ltr' id='par_1_9' title="bbox 392 730 1897 804">
     <span class='ocr_line' id='line_1_9' title="bbox 392 730 1897 804; baseline 0.003 -22"><span class='ocrx_word' id='word_1_42' title='bbox 392 750 411 782; x_wconf 79' lang='grc' dir='ltr'><strong>ι</strong></span> <span class='ocrx_word' id='word_1_43' title='bbox 437 731 549 784; x_wconf 73' lang='grc' dir='ltr'><strong>Καὶ</strong></span> <span class='ocrx_word' id='word_1_44' title='bbox 600 731 775 788; x_wconf 84' lang='grc' dir='ltr'><strong>ταῦτά</strong></span> <span class='ocrx_word' id='word_1_45' title='bbox 827 751 970 799; x_wconf 87' lang='grc' dir='ltr'><strong>τινες</strong></span> <span class='ocrx_word' id='word_1_46' title='bbox 1018 730 1116 804; x_wconf 82' lang='grc' dir='ltr'><strong>ἦτε</strong></span> <span class='ocrx_word' id='word_1_47' title='bbox 1141 751 1154 765; x_wconf 93' lang='grc'>·</span> <span class='ocrx_word' id='word_1_48' title='bbox 1211 734 1328 789; x_wconf 79' lang='grc' dir='ltr'><strong>ἀλλ’</strong></span> <span class='ocrx_word' id='word_1_49' title='bbox 1355 734 1748 801; x_wconf 73' lang='grc' dir='ltr'><strong>ἀπελούσασθε,</strong></span> <span class='ocrx_word' id='word_1_50' title='bbox 1781 733 1897 788; x_wconf 80' lang='grc' dir='ltr'><strong>ἀλλ’</strong></span> 
     </span>
    </p>
   </div>
   <div class='ocr_carea' id='block_1_10' title="bbox 313 822 1897 899">
    <p class='ocr_par' dir='ltr' id='par_1_10' title="bbox 313 822 1897 899">
     <span class='ocr_line' id='line_1_10' title="bbox 313 822 1897 899; baseline 0.005 -25"><span class='ocrx_word' id='word_1_51' title='bbox 313 822 638 893; x_wconf 79' lang='grc' dir='ltr'><strong>ἡγιάσθητε,</strong></span> <span class='ocrx_word' id='word_1_52' title='bbox 668 824 784 878; x_wconf 84' lang='grc' dir='ltr'><strong>ἀλλ’</strong></span> <span class='ocrx_word' id='word_1_53' title='bbox 816 826 1173 899; x_wconf 75' lang='grc' dir='ltr'><strong>ἐδικαιώθητε</strong></span> <span class='ocrx_word' id='word_1_54' title='bbox 1216 829 1281 880; x_wconf 82' lang='grc' dir='ltr'><strong>ὲν</strong></span> <span class='ocrx_word' id='word_1_55' title='bbox 1302 826 1378 898; x_wconf 83' lang='grc' dir='ltr'><strong>τῷ</strong></span> <span class='ocrx_word' id='word_1_56' title='bbox 1406 829 1628 899; x_wconf 84' lang='grc' dir='ltr'><strong>ὀνόματι</strong></span> <span class='ocrx_word' id='word_1_57' title='bbox 1661 828 1753 881; x_wconf 87' lang='grc' dir='ltr'><strong>τοῦ</strong></span> <span class='ocrx_word' id='word_1_58' title='bbox 1789 830 1897 883; x_wconf 83' lang='grc' dir='ltr'><strong>Κυ-</strong></span> 
     </span>
    </p>
   </div>
   <div class='ocr_carea' id='block_1_11' title="bbox 315 913 1894 989">
    <p class='ocr_par' dir='ltr' id='par_1_11' title="bbox 315 913 1894 989">
     <span class='ocr_line' id='line_1_11' title="bbox 315 913 1894 989; baseline 0.004 -24"><span class='ocrx_word' id='word_1_59' title='bbox 315 914 432 985; x_wconf 80' lang='grc' dir='ltr'><strong>ρίου</strong></span> <span class='ocrx_word' id='word_1_60' title='bbox 468 913 643 986; x_wconf 80' lang='grc' dir='ltr'><strong>Ἰησοῦ</strong></span> <span class='ocrx_word' id='word_1_61' title='bbox 675 916 933 987; x_wconf 79' lang='grc' dir='ltr'><strong>Χριστοῦ,</strong></span> <span class='ocrx_word' id='word_1_62' title='bbox 967 918 1060 970; x_wconf 80' lang='grc' dir='ltr'><strong>καὶ</strong></span> <span class='ocrx_word' id='word_1_63' title='bbox 1106 918 1164 969; x_wconf 78' lang='grc' dir='ltr'><strong>ὲν</strong></span> <span class='ocrx_word' id='word_1_64' title='bbox 1193 916 1271 988; x_wconf 83' lang='grc' dir='ltr'><strong>τῷ</strong></span> <span class='ocrx_word' id='word_1_65' title='bbox 1300 916 1577 989; x_wconf 83' lang='grc' dir='ltr'><strong>Πνεύματι</strong></span> <span class='ocrx_word' id='word_1_66' title='bbox 1624 918 1717 971; x_wconf 89' lang='grc' dir='ltr'><strong>τοῦ</strong></span> <span class='ocrx_word' id='word_1_67' title='bbox 1760 918 1894 971; x_wconf 89' lang='grc' dir='ltr'><strong>Θεοῦ</strong></span> 
     </span>
    </p>
   </div>
   <div class='ocr_carea' id='block_1_12' title="bbox 313 1004 1893 1081">
    <p class='ocr_par' dir='ltr' id='par_1_12' title="bbox 313 1004 1893 1081">
     <span class='ocr_line' id='line_1_12' title="bbox 313 1004 1893 1081; baseline 0.004 -24"><span class='ocrx_word' id='word_1_68' title='bbox 313 1004 490 1076; x_wconf 71' lang='grc' dir='ltr'><strong>ἡμῶν.</strong></span> <span class='ocrx_word' id='word_1_69' title='bbox 524 1025 544 1058; x_wconf 78' lang='grc' dir='ltr'><strong>ι</strong></span> <span class='ocrx_word' id='word_1_70' title='bbox 588 1007 651 1059; x_wconf 84' lang='lat' dir='ltr'><strong>El</strong></span> <span class='ocrx_word' id='word_1_71' title='bbox 678 1009 735 1059; x_wconf 86' lang='grc' dir='ltr'><strong>ὲν</strong></span> <span class='ocrx_word' id='word_1_72' title='bbox 763 1006 841 1078; x_wconf 81' lang='grc' dir='ltr'><strong>τῷ</strong></span> <span class='ocrx_word' id='word_1_73' title='bbox 870 1007 1094 1079; x_wconf 85' lang='grc' dir='ltr'><strong>ὀνόματι</strong></span> <span class='ocrx_word' id='word_1_74' title='bbox 1124 1007 1219 1061; x_wconf 89' lang='grc' dir='ltr'><strong>τοῦ</strong></span> <span class='ocrx_word' id='word_1_75' title='bbox 1247 1008 1484 1080; x_wconf 81' lang='grc' dir='ltr'><strong>Χριστοῦ</strong></span> <span class='ocrx_word' id='word_1_76' title='bbox 1513 1008 1893 1081; x_wconf 79' lang='grc' dir='ltr'><strong>δικαιούμεθα,</strong></span> 
     </span>
    </p>
   </div>
   <div class='ocr_carea' id='block_1_13' title="bbox 311 1097 1894 1173">
    <p class='ocr_par' dir='ltr' id='par_1_13' title="bbox 311 1097 1894 1173">
     <span class='ocr_line' id='line_1_13' title="bbox 311 1097 1894 1173; baseline 0.003 -23"><span class='ocrx_word' id='word_1_77' title='bbox 311 1097 388 1161; x_wconf 81' lang='grc' dir='ltr'><strong>ὡς</strong></span> <span class='ocrx_word' id='word_1_78' title='bbox 413 1097 543 1167; x_wconf 61' lang='grc' dir='ltr'><strong>Θεὸν</strong></span> <span class='ocrx_word' id='word_1_79' title='bbox 574 1102 640 1172; x_wconf 82' lang='grc' dir='ltr'><strong>τῇ</strong></span> <span class='ocrx_word' id='word_1_80' title='bbox 672 1100 850 1154; x_wconf 87' lang='grc' dir='ltr'><strong>πίστει</strong></span> <span class='ocrx_word' id='word_1_81' title='bbox 883 1102 1236 1172; x_wconf 79' lang='grc' dir='ltr'><strong>τιμήσαντες,</strong></span> <span class='ocrx_word' id='word_1_82' title='bbox 1265 1101 1358 1154; x_wconf 73' lang='grc' dir='ltr'><strong>καὶ</strong></span> <span class='ocrx_word' id='word_1_83' title='bbox 1385 1101 1446 1154; x_wconf 88' lang='grc' dir='ltr'><strong>τὸ</strong></span> <span class='ocrx_word' id='word_1_84' title='bbox 1476 1102 1642 1156; x_wconf 88' lang='grc' dir='ltr'><strong>αὐτοῦ</strong></span> <span class='ocrx_word' id='word_1_85' title='bbox 1668 1101 1894 1173; x_wconf 82' lang='grc' dir='ltr'><strong>Πνεῦμα</strong></span> 
     </span>
    </p>
   </div>
   <div class='ocr_carea' id='block_1_14' title="bbox 313 1190 1371 1266">
    <p class='ocr_par' dir='ltr' id='par_1_14' title="bbox 313 1190 1371 1266">
     <span class='ocr_line' id='line_1_14' title="bbox 313 1190 1371 1266; baseline 0.007 -24"><span class='ocrx_word' id='word_1_86' title='bbox 313 1190 613 1261; x_wconf 84' lang='grc' dir='ltr'><strong>δεχόμενοι,</strong></span> <span class='ocrx_word' id='word_1_87' title='bbox 649 1192 766 1257; x_wconf 83' lang='grc' dir='ltr'><strong>πῶς</strong></span> <span class='ocrx_word' id='word_1_88' title='bbox 796 1193 856 1246; x_wconf 85' lang='grc' dir='ltr'><strong>οὐ</strong></span> <span class='ocrx_word' id='word_1_89' title='bbox 886 1194 1020 1258; x_wconf 81' lang='grc' dir='ltr'><strong>θεὸς</strong></span> <span class='ocrx_word' id='word_1_90' title='bbox 1046 1194 1074 1246; x_wconf 87' lang='grc' dir='ltr'>ὁ</span> <span class='ocrx_word' id='word_1_91' title='bbox 1102 1195 1371 1266; x_wconf 84' lang='grc' dir='ltr'><strong>Χριστός;</strong></span> 
     </span>
    </p>
   </div>
   <div class='ocr_carea' id='block_1_15' title="bbox 643 1324 1572 1397">
    <p class='ocr_par' dir='ltr' id='par_1_15' title="bbox 643 1324 1572 1397">
     <span class='ocr_line' id='line_1_15' title="bbox 643 1324 1572 1397; baseline 0.004 -20"><span class='ocrx_word' id='word_1_92' title='bbox 643 1324 738 1378; x_wconf 83' lang='grc' dir='ltr'><strong>Ἐκ</strong></span> <span class='ocrx_word' id='word_1_93' title='bbox 777 1325 888 1395; x_wconf 80' lang='grc' dir='ltr'><strong>τῆς</strong></span> <span class='ocrx_word' id='word_1_94' title='bbox 924 1329 1073 1396; x_wconf 78' lang='grc' dir='ltr'><strong>πρὸς</strong></span> <span class='ocrx_word' id='word_1_95' title='bbox 1108 1329 1459 1397; x_wconf 81' lang='grc' dir='ltr'><strong>Κορινθίους</strong></span> <span class='ocrx_word' id='word_1_96' title='bbox 1489 1329 1572 1392; x_wconf 78' lang='grc' dir='ltr'><strong>β’.</strong></span> 
     </span>
    </p>
   </div>
   <div class='ocr_carea' id='block_1_16' title="bbox 390 1456 1891 1533">
    <p class='ocr_par' dir='ltr' id='par_1_16' title="bbox 390 1456 1891 1533">
     <span class='ocr_line' id='line_1_16' title="bbox 390 1456 1891 1533; baseline 0.004 -25"><span class='ocrx_word' id='word_1_97' title='bbox 390 1476 408 1508; x_wconf 78' lang='grc' dir='ltr'><strong>ι</strong></span> <span class='ocrx_word' id='word_1_98' title='bbox 438 1457 501 1509; x_wconf 84' lang='grc' dir='ltr'>Εἰ</span> <span class='ocrx_word' id='word_1_99' title='bbox 528 1456 630 1527; x_wconf 76' lang='grc' dir='ltr'><strong>μὲν</strong></span> <span class='ocrx_word' id='word_1_100' title='bbox 654 1458 763 1528; x_wconf 85' lang='grc' dir='ltr'><strong>γάρ</strong></span> <span class='ocrx_word' id='word_1_101' title='bbox 781 1461 809 1512; x_wconf 92' lang='grc' dir='ltr'><strong>ό</strong></span> <span class='ocrx_word' id='word_1_102' title='bbox 837 1460 1131 1531; x_wconf 79' lang='grc' dir='ltr'><strong>ἐρχόμενος</strong></span> <span class='ocrx_word' id='word_1_103' title='bbox 1148 1460 1335 1531; x_wconf 78' lang='grc' dir='ltr'><strong>ἕτερον</strong></span> <span class='ocrx_word' id='word_1_104' title='bbox 1366 1459 1574 1533; x_wconf 78' lang='grc' dir='ltr'><strong>Ἰησοῦν</strong></span> <span class='ocrx_word' id='word_1_105' title='bbox 1602 1460 1891 1533; x_wconf 77' lang='grc' dir='ltr'><strong>κηρύσσει,</strong></span> 
     </span>
    </p>
   </div>
   <div class='ocr_carea' id='block_1_17' title="bbox 309 1546 1890 1625">
    <p class='ocr_par' dir='ltr' id='par_1_17' title="bbox 309 1546 1890 1625">
     <span class='ocr_line' id='line_1_17' title="bbox 309 1546 1890 1625; baseline 0.005 -26"><span class='ocrx_word' id='word_1_106' title='bbox 309 1546 374 1600; x_wconf 76' lang='grc' dir='ltr'><strong>ὃν</strong></span> <span class='ocrx_word' id='word_1_107' title='bbox 415 1548 515 1600; x_wconf 83' lang='grc' dir='ltr'><strong>οὐκ</strong></span> <span class='ocrx_word' id='word_1_108' title='bbox 565 1548 944 1621; x_wconf 77' lang='grc' dir='ltr'><strong>ἐκηρύξαμεν,</strong></span> <span class='ocrx_word' id='word_1_109' title='bbox 996 1553 1029 1622; x_wconf 80' lang='grc' dir='ltr'>ἢ</span> <span class='ocrx_word' id='word_1_110' title='bbox 1084 1553 1301 1625; x_wconf 90' lang='grc' dir='ltr'><strong>πνεῦμα</strong></span> <span class='ocrx_word' id='word_1_111' title='bbox 1345 1553 1533 1623; x_wconf 75' lang='grc' dir='ltr'><strong>ἕτερον</strong></span> <span class='ocrx_word' id='word_1_112' title='bbox 1565 1553 1890 1624; x_wconf 85' lang='grc' dir='ltr'><strong>λαμϐάνετε,</strong></span> 
     </span>
    </p>
   </div>
   <div class='ocr_carea' id='block_1_18' title="bbox 316 1636 1891 1715">
    <p class='ocr_par' dir='ltr' id='par_1_18' title="bbox 316 1636 1891 1715">
     <span class='ocr_line' id='line_1_18' title="bbox 316 1636 1891 1715; baseline 0.008 -28"><span class='ocrx_word' id='word_1_113' title='bbox 316 1638 446 1707; x_wconf 75' lang='grc' dir='ltr'><strong>παρ’</strong></span> <span class='ocrx_word' id='word_1_114' title='bbox 474 1636 502 1689; x_wconf 81' lang='grc' dir='ltr'><strong>ὸ</strong></span> <span class='ocrx_word' id='word_1_115' title='bbox 536 1637 755 1692; x_wconf 79' lang='grc' dir='ltr'><strong>ἐλάϐετε</strong></span> <span class='ocrx_word' id='word_1_116' title='bbox 781 1655 795 1669; x_wconf 81' lang='grc'>⁶</span> <span class='ocrx_word' id='word_1_117' title='bbox 831 1639 863 1711; x_wconf 80' lang='grc' dir='ltr'><strong>ἦ</strong></span> <span class='ocrx_word' id='word_1_118' title='bbox 894 1642 1231 1710; x_wconf 81' lang='grc' dir='ltr'><strong>Εὐαγγέλιον</strong></span> <span class='ocrx_word' id='word_1_119' title='bbox 1260 1643 1469 1715; x_wconf 74' lang='grc' dir='ltr'><strong>ἕτερον,</strong></span> <span class='ocrx_word' id='word_1_120' title='bbox 1501 1646 1628 1715; x_wconf 86' lang='grc' dir='ltr'><strong>παρ’</strong></span> <span class='ocrx_word' id='word_1_121' title='bbox 1655 1645 1684 1697; x_wconf 86' lang='grc' dir='ltr'><strong>ὃ</strong></span> <span class='ocrx_word' id='word_1_122' title='bbox 1709 1644 1891 1710; x_wconf 78' lang='grc' dir='ltr'><strong>ἐδέξα-</strong></span> 
     </span>
    </p>
   </div>
   <div class='ocr_carea' id='block_1_19' title="bbox 318 1729 1890 1810">
    <p class='ocr_par' dir='ltr' id='par_1_19' title="bbox 318 1729 1890 1810">
     <span class='ocr_line' id='line_1_19' title="bbox 318 1729 1890 1810; baseline 0.019 -32"><span class='ocrx_word' id='word_1_123' title='bbox 318 1729 429 1783; x_wconf 86' lang='grc' dir='ltr'><strong>σθε·</strong></span> <span class='ocrx_word' id='word_1_124' title='bbox 460 1729 639 1794; x_wconf 80' lang='grc' dir='ltr'><strong>καλῶς</strong></span> <span class='ocrx_word' id='word_1_125' title='bbox 688 1732 988 1802; x_wconf 84' lang='grc' dir='ltr'><strong>ἀνείχεσθε.</strong></span> <span class='ocrx_word' id='word_1_126' title='bbox 1026 1754 1044 1785; x_wconf 72' lang='grc' dir='ltr'><strong>ι</strong></span> <span class='ocrx_word' id='word_1_127' title='bbox 1095 1734 1209 1806; x_wconf 89' lang='grc' dir='ltr'><strong>Πρὸ</strong></span> <span class='ocrx_word' id='word_1_128' title='bbox 1247 1734 1357 1788; x_wconf 81' lang='grc' dir='ltr'><strong>τῶν</strong></span> <span class='ocrx_word' id='word_1_129' title='bbox 1397 1735 1498 1806; x_wconf 82' lang='grc' dir='ltr'><strong>τῆς</strong></span> <span class='ocrx_word' id='word_1_130' title='bbox 1542 1737 1890 1810; x_wconf 76' lang='grc' dir='ltr'><strong>ἐνανθρωπὴ-</strong></span> 
     </span>
    </p>
   </div>
   <div class='ocr_carea' id='block_1_20' title="bbox 318 1821 1887 1898">
    <p class='ocr_par' dir='ltr' id='par_1_20' title="bbox 318 1821 1887 1898">
     <span class='ocr_line' id='line_1_20' title="bbox 318 1821 1887 1898; baseline 0.006 -25"><span class='ocrx_word' id='word_1_131' title='bbox 318 1837 457 1886; x_wconf 82' lang='grc' dir='ltr'><strong>σεως</strong></span> <span class='ocrx_word' id='word_1_132' title='bbox 477 1821 688 1893; x_wconf 79' lang='grc' dir='ltr'><strong>καιρῶν</strong></span> <span class='ocrx_word' id='word_1_133' title='bbox 716 1823 891 1887; x_wconf 76' lang='grc' dir='ltr'><strong>οὐδεὶς</strong></span> <span class='ocrx_word' id='word_1_134' title='bbox 918 1824 1193 1893; x_wconf 80' lang='grc' dir='ltr'><strong>ὀνομάσας</strong></span> <span class='ocrx_word' id='word_1_135' title='bbox 1220 1826 1535 1898; x_wconf 85' lang='grc' dir='ltr'><strong>εὑρίσκεται</strong></span> <span class='ocrx_word' id='word_1_136' title='bbox 1553 1827 1645 1883; x_wconf 90' lang='grc' dir='ltr'><strong>τὸν</strong></span> <span class='ocrx_word' id='word_1_137' title='bbox 1667 1830 1730 1882; x_wconf 84' lang='grc' dir='ltr'><strong>ὲκ</strong></span> <span class='ocrx_word' id='word_1_138' title='bbox 1753 1828 1887 1882; x_wconf 85' lang='grc' dir='ltr'><strong>Θεοῦ</strong></span> 
     </span>
    </p>
   </div>
   <div class='ocr_carea' id='block_1_21' title="bbox 314 1909 1890 1992">
    <p class='ocr_par' dir='ltr' id='par_1_21' title="bbox 314 1909 1890 1992">
     <span class='ocr_line' id='line_1_21' title="bbox 314 1909 1890 1992; baseline 0.01 -31"><span class='ocrx_word' id='word_1_139' title='bbox 314 1909 509 1978; x_wconf 82' lang='grc' dir='ltr'><strong>Λόγον,</strong></span> <span class='ocrx_word' id='word_1_140' title='bbox 528 1911 734 1982; x_wconf 84' lang='grc' dir='ltr'><strong>Ἰησοῦν</strong></span> <span class='ocrx_word' id='word_1_141' title='bbox 755 1912 787 1985; x_wconf 81' lang='grc' dir='ltr'>ἢ</span> <span class='ocrx_word' id='word_1_142' title='bbox 807 1914 1041 1985; x_wconf 85' lang='grc' dir='ltr'><strong>Χριστόν</strong></span> <span class='ocrx_word' id='word_1_143' title='bbox 1063 1933 1078 1946; x_wconf 81' lang='grc'><em>’</em></span> <span class='ocrx_word' id='word_1_144' title='bbox 1103 1917 1151 1970; x_wconf 82' lang='grc' dir='ltr'><strong>εί</strong></span> <span class='ocrx_word' id='word_1_145' title='bbox 1171 1917 1246 1989; x_wconf 79' lang='grc' dir='ltr'><strong>μὴ</strong></span> <span class='ocrx_word' id='word_1_146' title='bbox 1275 1917 1383 1989; x_wconf 77' lang='grc' dir='ltr'><strong>ἄρα</strong></span> <span class='ocrx_word' id='word_1_147' title='bbox 1412 1920 1553 1974; x_wconf 88' lang='grc' dir='ltr'><strong>κατά</strong></span> <span class='ocrx_word' id='word_1_148' title='bbox 1582 1920 1890 1992; x_wconf 71' lang='grc' dir='ltr'><strong>πρόγνωσιν</strong></span> 
     </span>
    </p>
   </div>
   <div class='ocr_carea' id='block_1_22' title="bbox 312 2000 1889 2082">
    <p class='ocr_par' dir='ltr' id='par_1_22' title="bbox 312 2000 1889 2082">
     <span class='ocr_line' id='line_1_22' title="bbox 312 2000 1889 2082; baseline 0.011 -30"><span class='ocrx_word' id='word_1_149' title='bbox 312 2000 819 2075; x_wconf 79' lang='grc' dir='ltr'><strong>ὀνομασθησόμενον</strong></span> <span class='ocrx_word' id='word_1_150' title='bbox 845 2005 1005 2061; x_wconf 84' lang='grc' dir='ltr'><strong>τοῦτο</strong></span> <span class='ocrx_word' id='word_1_151' title='bbox 1035 2008 1178 2063; x_wconf 85' lang='grc' dir='ltr'><strong>κατά</strong></span> <span class='ocrx_word' id='word_1_152' title='bbox 1202 2014 1445 2081; x_wconf 74' lang='grc' dir='ltr'><strong>καιροὺς,</strong></span> <span class='ocrx_word' id='word_1_153' title='bbox 1473 2013 1561 2065; x_wconf 81' lang='grc' dir='ltr'><strong>ὅτε</strong></span> <span class='ocrx_word' id='word_1_154' title='bbox 1582 2015 1678 2068; x_wconf 79' lang='grc' dir='ltr'><strong>καὶ</strong></span> <span class='ocrx_word' id='word_1_155' title='bbox 1696 2014 1889 2082; x_wconf 76' lang='grc' dir='ltr'><strong>γέγονε</strong></span> 
     </span>
    </p>
   </div>
   <div class='ocr_carea' id='block_1_23' title="bbox 320 2088 1893 2172">
    <p class='ocr_par' dir='ltr' id='par_1_23' title="bbox 320 2088 1893 2172">
     <span class='ocr_line' id='line_1_23' title="bbox 320 2088 1893 2172; baseline 0.01 -31"><span class='ocrx_word' id='word_1_156' title='bbox 320 2088 693 2161; x_wconf 81' lang='grc' dir='ltr'><strong>σάρξ.”ονομα</strong></span> <span class='ocrx_word' id='word_1_157' title='bbox 725 2093 905 2149; x_wconf 82' lang='grc' dir='ltr'><strong>τοίνυν</strong></span> <span class='ocrx_word' id='word_1_158' title='bbox 942 2096 1126 2149; x_wconf 82' lang='grc' dir='ltr'><strong>καινὸν</strong></span> <span class='ocrx_word' id='word_1_159' title='bbox 1158 2097 1309 2168; x_wconf 86' lang='grc' dir='ltr'><strong>αὐτῷ</strong></span> <span class='ocrx_word' id='word_1_160' title='bbox 1336 2100 1415 2164; x_wconf 85' lang='grc' dir='ltr'><strong>τὸ,</strong></span> <span class='ocrx_word' id='word_1_161' title='bbox 1432 2101 1661 2172; x_wconf 85' lang='grc' dir='ltr'><strong>Ἰησοῦς,</strong></span> <span class='ocrx_word' id='word_1_162' title='bbox 1683 2103 1771 2157; x_wconf 77' lang='grc' dir='ltr'><strong>ὅτε</strong></span> <span class='ocrx_word' id='word_1_163' title='bbox 1801 2104 1893 2172; x_wconf 80' lang='grc' dir='ltr'><strong>γέ-</strong></span> 
     </span>
    </p>
   </div>
   <div class='ocr_carea' id='block_1_24' title="bbox 315 2183 1888 2265">
    <p class='ocr_par' dir='ltr' id='par_1_24' title="bbox 315 2183 1888 2265">
     <span class='ocr_line' id='line_1_24' title="bbox 315 2183 1888 2265; baseline 0.011 -33"><span class='ocrx_word' id='word_1_164' title='bbox 315 2196 475 2247; x_wconf 87' lang='grc' dir='ltr'><strong>γονεν</strong></span> <span class='ocrx_word' id='word_1_165' title='bbox 524 2183 988 2254; x_wconf 80' lang='grc' dir='ltr'><strong>ἄνθρωπος.⁹Αλλ’</strong></span> <span class='ocrx_word' id='word_1_166' title='bbox 1020 2191 1068 2242; x_wconf 82' lang='grc' dir='ltr'><strong>εί</strong></span> <span class='ocrx_word' id='word_1_167' title='bbox 1119 2190 1220 2259; x_wconf 84' lang='grc' dir='ltr'><strong>μὲν</strong></span> <span class='ocrx_word' id='word_1_168' title='bbox 1248 2191 1325 2255; x_wconf 86' lang='grc' dir='ltr'><strong>ὡς</strong></span> <span class='ocrx_word' id='word_1_169' title='bbox 1362 2192 1495 2257; x_wconf 79' lang='grc' dir='ltr'><strong>Θεὸς</strong></span> <span class='ocrx_word' id='word_1_170' title='bbox 1532 2194 1888 2265; x_wconf 78' lang='grc' dir='ltr'><strong>κηρύσσεται,</strong></span> 
     </span>
    </p>
   </div>
   <div class='ocr_carea' id='block_1_25' title="bbox 318 2268 1891 2354">
    <p class='ocr_par' dir='ltr' id='par_1_25' title="bbox 318 2268 1891 2354">
     <span class='ocr_line' id='line_1_25' title="bbox 318 2268 1891 2354; baseline 0.011 -30"><span class='ocrx_word' id='word_1_171' title='bbox 318 2271 414 2325; x_wconf 76' lang='grc' dir='ltr'><strong>καὶ</strong></span> <span class='ocrx_word' id='word_1_172' title='bbox 440 2268 521 2336; x_wconf 76' lang='grc' dir='ltr'><strong>εἷς</strong></span> <span class='ocrx_word' id='word_1_173' title='bbox 548 2272 624 2327; x_wconf 84' lang='grc' dir='ltr'><strong>ὣν</strong></span> <span class='ocrx_word' id='word_1_174' title='bbox 654 2275 736 2346; x_wconf 86' lang='grc' dir='ltr'><strong>(οὐ</strong></span> <span class='ocrx_word' id='word_1_175' title='bbox 770 2277 878 2349; x_wconf 77' lang='grc' dir='ltr'><strong>γὰρ</strong></span> <span class='ocrx_word' id='word_1_176' title='bbox 909 2278 1094 2349; x_wconf 72' lang='grc' dir='ltr'><strong>ἕτερός</strong></span> <span class='ocrx_word' id='word_1_177' title='bbox 1123 2297 1206 2345; x_wconf 85' lang='grc' dir='ltr'><strong>τις</strong></span> <span class='ocrx_word' id='word_1_178' title='bbox 1233 2285 1364 2354; x_wconf 86' lang='grc' dir='ltr'><strong>παρ’</strong></span> <span class='ocrx_word' id='word_1_179' title='bbox 1393 2285 1575 2347; x_wconf 84' lang='grc' dir='ltr'><strong>αὐτὸν,</strong></span> <span class='ocrx_word' id='word_1_180' title='bbox 1607 2287 1666 2339; x_wconf 88' lang='grc' dir='ltr'><strong>ὂν</strong></span> <span class='ocrx_word' id='word_1_181' title='bbox 1696 2286 1891 2341; x_wconf 82' lang='grc' dir='ltr'><strong>δύναν-</strong></span> 
     </span>
    </p>
   </div>
   <div class='ocr_carea' id='block_1_26' title="bbox 318 2367 1887 2450">
    <p class='ocr_par' dir='ltr' id='par_1_26' title="bbox 318 2367 1887 2450">
     <span class='ocr_line' id='line_1_26' title="bbox 318 2367 1887 2450; baseline 0.011 -34"><span class='ocrx_word' id='word_1_182' title='bbox 318 2381 409 2418; x_wconf 86' lang='grc' dir='ltr'><strong>ται</strong></span> <span class='ocrx_word' id='word_1_183' title='bbox 439 2367 674 2437; x_wconf 80' lang='grc' dir='ltr'><strong>κηρύξαι</strong></span> <span class='ocrx_word' id='word_1_184' title='bbox 711 2370 899 2440; x_wconf 80' lang='grc' dir='ltr'><strong>τινὲς).</strong></span> <span class='ocrx_word' id='word_1_185' title='bbox 922 2367 981 2424; x_wconf 80' lang='grc' dir='ltr'><strong>εὖ</strong></span> <span class='ocrx_word' id='word_1_186' title='bbox 1007 2371 1074 2425; x_wconf 77' lang='grc' dir='ltr'><strong>ἂν</strong></span> <span class='ocrx_word' id='word_1_187' title='bbox 1106 2371 1240 2443; x_wconf 77' lang='grc' dir='ltr'><strong>ἔχοι,</strong></span> <span class='ocrx_word' id='word_1_188' title='bbox 1267 2376 1363 2429; x_wconf 66' lang='grc' dir='ltr'><strong>καὶ</strong></span> <span class='ocrx_word' id='word_1_189' title='bbox 1391 2375 1511 2447; x_wconf 84' lang='grc' dir='ltr'><strong>Θεῷ</strong></span> <span class='ocrx_word' id='word_1_190' title='bbox 1535 2377 1887 2450; x_wconf 84' lang='grc' dir='ltr'><strong>λατρεύομεν.</strong></span> 
     </span>
    </p>
   </div>
   <div class='ocr_carea' id='block_1_27' title="bbox 322 2456 1889 2539">
    <p class='ocr_par' dir='ltr' id='par_1_27' title="bbox 322 2456 1889 2539">
     <span class='ocr_line' id='line_1_27' title="bbox 322 2456 1889 2539; baseline 0.01 -32"><span class='ocrx_word' id='word_1_191' title='bbox 322 2456 386 2508; x_wconf 83' lang='lat' dir='ltr'><strong>El</strong></span> <span class='ocrx_word' id='word_1_192' title='bbox 420 2456 477 2509; x_wconf 77' lang='grc' dir='ltr'>δὲ</span> <span class='ocrx_word' id='word_1_193' title='bbox 509 2458 710 2528; x_wconf 81' lang='grc' dir='ltr'><strong>μέτρον</strong></span> <span class='ocrx_word' id='word_1_194' title='bbox 736 2460 883 2531; x_wconf 84' lang='grc' dir='ltr'><strong>αὐτῷ</strong></span> <span class='ocrx_word' id='word_1_195' title='bbox 907 2462 968 2516; x_wconf 85' lang='grc' dir='ltr'><strong>τὸ</strong></span> <span class='ocrx_word' id='word_1_196' title='bbox 989 2464 1087 2534; x_wconf 72' lang='grc' dir='ltr'><strong>τῆς</strong></span> <span class='ocrx_word' id='word_1_197' title='bbox 1115 2464 1536 2538; x_wconf 84' lang='grc' dir='ltr'><strong>ἀνθρωπότητός</strong></span> <span class='ocrx_word' id='word_1_198' title='bbox 1558 2469 1674 2522; x_wconf 82' lang='grc' dir='ltr'><strong>ἐστι</strong></span> <span class='ocrx_word' id='word_1_199' title='bbox 1709 2470 1889 2539; x_wconf 88' lang='grc' dir='ltr'><strong>μόνον,</strong></span> 
     </span>
    </p>
   </div>
   <div class='ocr_carea' id='block_1_28' title="bbox 321 2546 1894 2630">
    <p class='ocr_par' dir='ltr' id='par_1_28' title="bbox 321 2546 1894 2630">
     <span class='ocr_line' id='line_1_28' title="bbox 321 2546 1894 2630; baseline 0.011 -33"><span class='ocrx_word' id='word_1_200' title='bbox 321 2546 416 2599; x_wconf 70' lang='grc' dir='ltr'><strong>καὶ</strong></span> <span class='ocrx_word' id='word_1_201' title='bbox 460 2546 590 2619; x_wconf 77' lang='grc' dir='ltr'><strong>ψιλῇ</strong></span> <span class='ocrx_word' id='word_1_202' title='bbox 636 2550 943 2619; x_wconf 85' lang='grc' dir='ltr'><strong>προσώπων</strong></span> <span class='ocrx_word' id='word_1_203' title='bbox 988 2555 1181 2609; x_wconf 78' lang='grc' dir='ltr'><strong>ὲνὼσει</strong></span> <span class='ocrx_word' id='word_1_204' title='bbox 1231 2558 1554 2630; x_wconf 81' lang='grc' dir='ltr'><strong>τετίμηται·</strong></span> <span class='ocrx_word' id='word_1_205' title='bbox 1595 2562 1894 2623; x_wconf 80' lang='grc' dir='ltr'><strong>κεκένωται</strong></span> 
     </span>
    </p>
   </div>
   <div class='ocr_carea' id='block_1_29' title="bbox 319 2634 1891 2721">
    <p class='ocr_par' dir='ltr' id='par_1_29' title="bbox 319 2634 1891 2721">
     <span class='ocr_line' id='line_1_29' title="bbox 319 2634 1891 2721; baseline 0.018 -34"><span class='ocrx_word' id='word_1_206' title='bbox 319 2636 419 2705; x_wconf 81' lang='grc' dir='ltr'><strong>τῆς</strong></span> <span class='ocrx_word' id='word_1_207' title='bbox 446 2638 681 2703; x_wconf 84' lang='grc' dir='ltr'><strong>πίστεως</strong></span> <span class='ocrx_word' id='word_1_208' title='bbox 700 2641 857 2712; x_wconf 78' lang='grc' dir='ltr'><strong>ἡμῶν</strong></span> <span class='ocrx_word' id='word_1_209' title='bbox 879 2645 907 2698; x_wconf 87' lang='grc' dir='ltr'><strong>ό</strong></span> <span class='ocrx_word' id='word_1_210' title='bbox 931 2644 1386 2719; x_wconf 82' lang='grc' dir='ltr'><strong>λόγος,ἀνθρώπῳ</strong></span> <span class='ocrx_word' id='word_1_211' title='bbox 1409 2652 1699 2720; x_wconf 84' lang='grc' dir='ltr'><strong>προσάγων</strong></span> <span class='ocrx_word' id='word_1_212' title='bbox 1719 2634 1891 2721; x_wconf 71' lang='grc' dir='ltr'><strong>ἡμᾶς,</strong></span> 
     </span>
    </p>
   </div>
   <div class='ocr_carea' id='block_1_30' title="bbox 325 2725 1894 2811">
    <p class='ocr_par' dir='ltr' id='par_1_30' title="bbox 325 2725 1894 2811">
     <span class='ocr_line' id='line_1_30' title="bbox 325 2725 1894 2811; baseline 0.017 -34"><span class='ocrx_word' id='word_1_213' title='bbox 325 2725 416 2778; x_wconf 62' lang='grc' dir='ltr'><strong>καὶ⁵</strong></span> <span class='ocrx_word' id='word_1_214' title='bbox 439 2726 502 2779; x_wconf 90' lang='grc' dir='ltr'><strong>οὐ</strong></span> <span class='ocrx_word' id='word_1_215' title='bbox 529 2727 668 2799; x_wconf 83' lang='grc' dir='ltr'><strong>Θεῷ.</strong></span> <span class='ocrx_word' id='word_1_216' title='bbox 686 2731 845 2786; x_wconf 86' lang='grc' dir='ltr'><strong>Ἀλλά</strong></span> <span class='ocrx_word' id='word_1_217' title='bbox 865 2733 1022 2788; x_wconf 83' lang='grc' dir='ltr'><strong>τοῦτο</strong></span> <span class='ocrx_word' id='word_1_218' title='bbox 1052 2736 1329 2801; x_wconf 73' lang='grc' dir='ltr'><strong>δυσσεϐὲς.</strong></span> <span class='ocrx_word' id='word_1_219' title='bbox 1356 2739 1488 2804; x_wconf 78' lang='grc' dir='ltr'><strong>Θεὸς</strong></span> <span class='ocrx_word' id='word_1_220' title='bbox 1509 2741 1618 2810; x_wconf 81' lang='grc' dir='ltr'><strong>ἄρα</strong></span> <span class='ocrx_word' id='word_1_221' title='bbox 1637 2740 1894 2811; x_wconf 68' lang='grc' dir='ltr'><strong>Χριστὸς,</strong></span> 
     </span>
    </p>
   </div>
   <div class='ocr_carea' id='block_1_31' title="bbox 325 2817 1775 2904">
    <p class='ocr_par' dir='ltr' id='par_1_31' title="bbox 325 2817 1775 2904">
     <span class='ocr_line' id='line_1_31' title="bbox 325 2817 1775 2904; baseline 0.014 -36"><span class='ocrx_word' id='word_1_222' title='bbox 325 2818 420 2869; x_wconf 83' lang='grc' dir='ltr'><strong>καὶ</strong></span> <span class='ocrx_word' id='word_1_223' title='bbox 450 2817 598 2884; x_wconf 85' lang='grc' dir='ltr'><strong>Υἱὸς,</strong></span> <span class='ocrx_word' id='word_1_224' title='bbox 630 2823 709 2887; x_wconf 83' lang='grc' dir='ltr'><strong>ὡς</strong></span> <span class='ocrx_word' id='word_1_225' title='bbox 734 2825 829 2879; x_wconf 88' lang='grc' dir='ltr'><strong>τοῦ</strong></span> <span class='ocrx_word' id='word_1_226' title='bbox 854 2826 989 2882; x_wconf 85' lang='grc' dir='ltr'><strong>Θεοῦ</strong></span> <span class='ocrx_word' id='word_1_227' title='bbox 1025 2831 1202 2900; x_wconf 82' lang='grc' dir='ltr'><strong>Λόγου</strong></span> <span class='ocrx_word' id='word_1_228' title='bbox 1237 2832 1439 2904; x_wconf 87' lang='grc' dir='ltr'><strong>σαρκὸς</strong></span> <span class='ocrx_word' id='word_1_229' title='bbox 1468 2834 1775 2902; x_wconf 72' lang='grc' dir='ltr'><strong>γεγονότος.</strong></span> 
     </span>
    </p>
   </div>
   <div class='ocr_carea' id='block_1_32' title="bbox 1997 420 2982 482">
    <p class='ocr_par' dir='ltr' id='par_1_32' title="bbox 1997 420 2982 482">
     <span class='ocr_line' id='line_1_32' title="bbox 1997 420 2982 482; baseline 0.007 -7"><span class='ocrx_word' id='word_1_230' title='bbox 1997 420 2103 477; x_wconf 82' lang='lat' dir='ltr'><strong>hoc</strong></span> <span class='ocrx_word' id='word_1_231' title='bbox 2132 430 2218 477; x_wconf 86' lang='lat' dir='ltr'><strong>est</strong></span> <span class='ocrx_word' id='word_1_232' title='bbox 2246 421 2300 476; x_wconf 90' lang='lat' dir='ltr'><strong>in</strong></span> <span class='ocrx_word' id='word_1_233' title='bbox 2328 421 2608 477; x_wconf 73' lang='lat' dir='ltr'><strong>Christum</strong></span> <span class='ocrx_word' id='word_1_234' title='bbox 2631 426 2982 482; x_wconf 81' lang='lat' dir='ltr'><strong>crediderim.</strong></span> 
     </span>
    </p>
   </div>
   <div class='ocr_carea' id='block_1_33' title="bbox 2406 620 3155 690">
    <p class='ocr_par' dir='ltr' id='par_1_33' title="bbox 2406 620 3155 690">
     <span class='ocr_line' id='line_1_33' title="bbox 2406 620 3155 690; baseline 0.009 -16"><span class='ocrx_word' id='word_1_235' title='bbox 2406 620 2492 675; x_wconf 77' lang='lat' dir='ltr'><strong>Ea:</strong></span> <span class='ocrx_word' id='word_1_236' title='bbox 2523 624 2689 690; x_wconf 80' lang='lat' dir='ltr'><strong>priori</strong></span> <span class='ocrx_word' id='word_1_237' title='bbox 2729 625 2798 678; x_wconf 77' lang='lat' dir='ltr'><strong>ad</strong></span> <span class='ocrx_word' id='word_1_238' title='bbox 2833 625 3155 681; x_wconf 67' lang='lat' dir='ltr'><strong>Corinthios.</strong></span> 
     </span>
    </p>
   </div>
   <div class='ocr_carea' id='block_1_34' title="bbox 2070 722 3566 804">
    <p class='ocr_par' dir='ltr' id='par_1_34' title="bbox 2070 722 3566 804">
     <span class='ocr_line' id='line_1_34' title="bbox 2070 722 3566 804; baseline 0.013 -28"><span class='ocrx_word' id='word_1_239' title='bbox 2070 740 2090 776; x_wconf 66' lang='grc' dir='ltr'><strong>ε</strong></span> <span class='ocrx_word' id='word_1_240' title='bbox 2119 722 2186 778; x_wconf 83' lang='grc' dir='ltr'><strong>Ει</strong></span> <span class='ocrx_word' id='word_1_241' title='bbox 2236 725 2352 780; x_wconf 70' lang='lat' dir='ltr'><strong>luec</strong></span> <span class='ocrx_word' id='word_1_242' title='bbox 2396 728 2612 796; x_wconf 83' lang='lat' dir='ltr'><strong>quidam</strong></span> <span class='ocrx_word' id='word_1_243' title='bbox 2671 728 2895 785; x_wconf 86' lang='lat' dir='ltr'><strong>fuistis:</strong></span> <span class='ocrx_word' id='word_1_244' title='bbox 2929 734 3022 786; x_wconf 79' lang='lat' dir='ltr'><strong>sed</strong></span> <span class='ocrx_word' id='word_1_245' title='bbox 3071 735 3236 789; x_wconf 90' lang='lat' dir='ltr'><strong>abluti</strong></span> <span class='ocrx_word' id='word_1_246' title='bbox 3283 738 3440 804; x_wconf 82' lang='lat' dir='ltr'><strong>estis,</strong></span> <span class='ocrx_word' id='word_1_247' title='bbox 3474 742 3566 794; x_wconf 82' lang='lat' dir='ltr'><strong>sed</strong></span> 
     </span>
    </p>
   </div>
   <div class='ocr_carea' id='block_1_35' title="bbox 1995 818 3568 888">
    <p class='ocr_par' dir='ltr' id='par_1_35' title="bbox 1995 818 3568 888">
     <span class='ocr_line' id='line_1_35' title="bbox 1995 818 3568 888; baseline 0.009 -16"><span class='ocrx_word' id='word_1_248' title='bbox 1995 818 2317 872; x_wconf 78' lang='lat' dir='ltr'><strong>sanctiﬁcati</strong></span> <span class='ocrx_word' id='word_1_249' title='bbox 2340 819 2879 888; x_wconf 85' lang='lat' dir='ltr'><strong>estis,sedjustiticati</strong></span> <span class='ocrx_word' id='word_1_250' title='bbox 2896 827 3029 880; x_wconf 80' lang='lat' dir='ltr'><strong>estis</strong></span> <span class='ocrx_word' id='word_1_251' title='bbox 3048 826 3098 879; x_wconf 89' lang='lat' dir='ltr'><strong>in</strong></span> <span class='ocrx_word' id='word_1_252' title='bbox 3123 830 3339 883; x_wconf 81' lang='lat' dir='ltr'><strong>nomine</strong></span> <span class='ocrx_word' id='word_1_253' title='bbox 3359 831 3568 886; x_wconf 85' lang='lat' dir='ltr'><strong>Domini</strong></span> 
     </span>
    </p>
   </div>
   <div class='ocr_carea' id='block_1_36' title="bbox 1997 907 3567 985">
    <p class='ocr_par' dir='ltr' id='par_1_36' title="bbox 1997 907 3567 985">
     <span class='ocr_line' id='line_1_36' title="bbox 1997 907 3567 985; baseline 0.009 -23"><span class='ocrx_word' id='word_1_254' title='bbox 1997 909 2165 963; x_wconf 84' lang='lat' dir='ltr'><strong>nostri</strong></span> <span class='ocrx_word' id='word_1_255' title='bbox 2194 907 2317 965; x_wconf 86' lang='lat' dir='ltr'><strong>Jesu</strong></span> <span class='ocrx_word' id='word_1_256' title='bbox 2349 909 2572 979; x_wconf 82' lang='lat' dir='ltr'><strong>Christi,</strong></span> <span class='ocrx_word' id='word_1_257' title='bbox 2607 924 2662 967; x_wconf 89' lang='lat' dir='ltr'><strong>et</strong></span> <span class='ocrx_word' id='word_1_258' title='bbox 2688 916 2739 968; x_wconf 90' lang='lat' dir='ltr'><strong>in</strong></span> <span class='ocrx_word' id='word_1_259' title='bbox 2757 914 2958 985; x_wconf 88' lang='lat' dir='ltr'><strong>Spiritu</strong></span> <span class='ocrx_word' id='word_1_260' title='bbox 2986 917 3079 972; x_wconf 90' lang='lat' dir='ltr'><strong>Dei</strong></span> <span class='ocrx_word' id='word_1_261' title='bbox 3108 926 3271 973; x_wconf 86' lang='lat' dir='ltr'><strong>nostri</strong></span> <span class='ocrx_word' id='word_1_262' title='bbox 3302 920 3403 974; x_wconf 73' lang='grc'><strong>⁵³.»</strong></span> <span class='ocrx_word' id='word_1_263' title='bbox 3433 924 3567 977; x_wconf 85' lang='lat' dir='ltr'><strong>Cum</strong></span> 
     </span>
    </p>
   </div>
   <div class='ocr_carea' id='block_1_37' title="bbox 1997 1000 3568 1077">
    <p class='ocr_par' dir='ltr' id='par_1_37' title="bbox 1997 1000 3568 1077">
     <span class='ocr_line' id='line_1_37' title="bbox 1997 1000 3568 1077; baseline 0.008 -24"><span class='ocrx_word' id='word_1_264' title='bbox 1997 1000 2050 1054; x_wconf 88' lang='lat' dir='ltr'><strong>in</strong></span> <span class='ocrx_word' id='word_1_265' title='bbox 2076 1002 2293 1055; x_wconf 84' lang='lat' dir='ltr'><strong>nomine</strong></span> <span class='ocrx_word' id='word_1_266' title='bbox 2313 1001 2515 1058; x_wconf 82' lang='lat' dir='ltr'><strong>Christi</strong></span> <span class='ocrx_word' id='word_1_267' title='bbox 2538 1004 2913 1072; x_wconf 79' lang='lat' dir='ltr'><strong>jttstiﬁcemur,</strong></span> <span class='ocrx_word' id='word_1_268' title='bbox 2938 1022 3167 1077; x_wconf 88' lang='lat' dir='ltr'><strong>eumque</strong></span> <span class='ocrx_word' id='word_1_269' title='bbox 3194 1010 3297 1063; x_wconf 86' lang='lat' dir='ltr'><strong>lide</strong></span> <span class='ocrx_word' id='word_1_270' title='bbox 3322 1024 3377 1063; x_wconf 91' lang='lat' dir='ltr'><strong>ut</strong></span> <span class='ocrx_word' id='word_1_271' title='bbox 3402 1011 3568 1065; x_wconf 86' lang='lat' dir='ltr'><strong>Deum</strong></span> 
     </span>
    </p>
   </div>
   <div class='ocr_carea' id='block_1_38' title="bbox 1996 1096 3571 1173">
    <p class='ocr_par' dir='ltr' id='par_1_38' title="bbox 1996 1096 3571 1173">
     <span class='ocr_line' id='line_1_38' title="bbox 1996 1096 3571 1173; baseline 0.009 -28"><span class='ocrx_word' id='word_1_272' title='bbox 1996 1107 2337 1160; x_wconf 73' lang='lat' dir='ltr'><strong>veneremur,</strong></span> <span class='ocrx_word' id='word_1_273' title='bbox 2369 1096 2720 1163; x_wconf 83' lang='lat' dir='ltr'><strong>ejusdemque</strong></span> <span class='ocrx_word' id='word_1_274' title='bbox 2756 1097 2958 1165; x_wconf 79' lang='lat' dir='ltr'><strong>Spiritu</strong></span> <span class='ocrx_word' id='word_1_275' title='bbox 2997 1101 3409 1169; x_wconf 78' lang='lat' dir='ltr'><strong>locupletcmur,</strong></span> <span class='ocrx_word' id='word_1_276' title='bbox 3442 1119 3571 1173; x_wconf 57' lang='lat' dir='ltr'><strong>quo.</strong></span> 
     </span>
    </p>
   </div>
   <div class='ocr_carea' id='block_1_39' title="bbox 1995 1185 2928 1243">
    <p class='ocr_par' dir='ltr' id='par_1_39' title="bbox 1995 1185 2928 1243">
     <span class='ocr_line' id='line_1_39' title="bbox 1995 1185 2928 1243; baseline 0.006 -6"><span class='ocrx_word' id='word_1_277' title='bbox 1995 1186 2154 1240; x_wconf 89' lang='lat' dir='ltr'><strong>modo</strong></span> <span class='ocrx_word' id='word_1_278' title='bbox 2189 1201 2292 1239; x_wconf 91' lang='lat' dir='ltr'><strong>non</strong></span> <span class='ocrx_word' id='word_1_279' title='bbox 2326 1188 2429 1240; x_wconf 88' lang='lat' dir='ltr'><strong>erit</strong></span> <span class='ocrx_word' id='word_1_280' title='bbox 2468 1185 2609 1241; x_wconf 89' lang='lat' dir='ltr'><strong>Deus</strong></span> <span class='ocrx_word' id='word_1_281' title='bbox 2634 1187 2928 1243; x_wconf 82' lang='lat' dir='ltr'><strong>Christus?</strong></span> 
     </span>
    </p>
   </div>
   <div class='ocr_carea' id='block_1_40' title="bbox 2353 1320 3207 1391">
    <p class='ocr_par' dir='ltr' id='par_1_40' title="bbox 2353 1320 3207 1391">
     <span class='ocr_line' id='line_1_40' title="bbox 2353 1320 3207 1391; baseline 0.009 -17"><span class='ocrx_word' id='word_1_282' title='bbox 2353 1320 2439 1374; x_wconf 72' lang='lat' dir='ltr'><strong>Er.</strong></span> <span class='ocrx_word' id='word_1_283' title='bbox 2464 1326 2745 1391; x_wconf 71' lang='lat' dir='ltr'><strong>posteriori</strong></span> <span class='ocrx_word' id='word_1_284' title='bbox 2773 1326 2842 1378; x_wconf 85' lang='lat' dir='ltr'><strong>ad</strong></span> <span class='ocrx_word' id='word_1_285' title='bbox 2882 1324 3207 1383; x_wconf 80' lang='lat' dir='ltr'><strong>Corinthios.</strong></span> 
     </span>
    </p>
   </div>
   <div class='ocr_carea' id='block_1_41' title="bbox 2069 1448 3565 1532">
    <p class='ocr_par' dir='ltr' id='par_1_41' title="bbox 2069 1448 3565 1532">
     <span class='ocr_line' id='line_1_41' title="bbox 2069 1448 3565 1532; baseline 0.013 -32"><span class='ocrx_word' id='word_1_286' title='bbox 2069 1468 2089 1500; x_wconf 75' lang='grc' dir='ltr'><strong>ι</strong></span> <span class='ocrx_word' id='word_1_287' title='bbox 2130 1448 2262 1503; x_wconf 82' lang='lat' dir='ltr'><strong>Nam</strong></span> <span class='ocrx_word' id='word_1_288' title='bbox 2292 1451 2335 1504; x_wconf 88' lang='lat' dir='ltr'><strong>si</strong></span> <span class='ocrx_word' id='word_1_289' title='bbox 2370 1452 2412 1505; x_wconf 89' lang='lat' dir='ltr'><strong>is</strong></span> <span class='ocrx_word' id='word_1_290' title='bbox 2466 1453 2557 1521; x_wconf 90' lang='lat' dir='ltr'><strong>qni</strong></span> <span class='ocrx_word' id='word_1_291' title='bbox 2608 1455 2774 1520; x_wconf 84' lang='lat' dir='ltr'><strong>venit,</strong></span> <span class='ocrx_word' id='word_1_292' title='bbox 2825 1456 2989 1510; x_wconf 90' lang='lat' dir='ltr'><strong>alium</strong></span> <span class='ocrx_word' id='word_1_293' title='bbox 3045 1458 3232 1514; x_wconf 81' lang='lat' dir='ltr'><strong>Jesum</strong></span> <span class='ocrx_word' id='word_1_294' title='bbox 3284 1466 3565 1532; x_wconf 63' lang='lat' dir='ltr'><strong>praedicat,</strong></span> 
     </span>
    </p>
   </div>
   <div class='ocr_carea' id='block_1_42' title="bbox 1994 1545 3565 1620">
    <p class='ocr_par' dir='ltr' id='par_1_42' title="bbox 1994 1545 3565 1620">
     <span class='ocr_line' id='line_1_42' title="bbox 1994 1545 3565 1620; baseline 0.011 -26"><span class='ocrx_word' id='word_1_295' title='bbox 1994 1555 2151 1610; x_wconf 87' lang='lat' dir='ltr'><strong>quem</strong></span> <span class='ocrx_word' id='word_1_296' title='bbox 2179 1558 2283 1598; x_wconf 90' lang='lat' dir='ltr'><strong>non</strong></span> <span class='ocrx_word' id='word_1_297' title='bbox 2314 1545 2761 1613; x_wconf 76' lang='lat' dir='ltr'><strong>prazdicavimus,</strong></span> <span class='ocrx_word' id='word_1_298' title='bbox 2797 1559 2887 1601; x_wconf 90' lang='lat' dir='ltr'><strong>aut</strong></span> <span class='ocrx_word' id='word_1_299' title='bbox 2932 1550 3097 1603; x_wconf 89' lang='lat' dir='ltr'><strong>alium</strong></span> <span class='ocrx_word' id='word_1_300' title='bbox 3132 1553 3377 1620; x_wconf 77' lang='lat' dir='ltr'><strong>spiritum</strong></span> <span class='ocrx_word' id='word_1_301' title='bbox 3418 1559 3565 1612; x_wconf 85' lang='lat' dir='ltr'><strong>acci-</strong></span> 
     </span>
    </p>
   </div>
   <div class='ocr_carea' id='block_1_43' title="bbox 1994 1631 3562 1717">
    <p class='ocr_par' dir='ltr' id='par_1_43' title="bbox 1994 1631 3562 1717">
     <span class='ocr_line' id='line_1_43' title="bbox 1994 1631 3562 1717; baseline 0.011 -32"><span class='ocrx_word' id='word_1_302' title='bbox 1994 1631 2140 1701; x_wconf 85' lang='lat' dir='ltr'><strong>pitis,</strong></span> <span class='ocrx_word' id='word_1_303' title='bbox 2176 1648 2334 1703; x_wconf 86' lang='lat' dir='ltr'><strong>quem</strong></span> <span class='ocrx_word' id='word_1_304' title='bbox 2369 1651 2473 1689; x_wconf 92' lang='lat' dir='ltr'><strong>non</strong></span> <span class='ocrx_word' id='word_1_305' title='bbox 2505 1638 2833 1706; x_wconf 84' lang='lat' dir='ltr'><strong>accepistis:</strong></span> <span class='ocrx_word' id='word_1_306' title='bbox 2868 1649 2962 1693; x_wconf 87' lang='lat' dir='ltr'><strong>aut</strong></span> <span class='ocrx_word' id='word_1_307' title='bbox 3004 1640 3146 1696; x_wconf 86' lang='lat' dir='ltr'><strong>aliud</strong></span> <span class='ocrx_word' id='word_1_308' title='bbox 3194 1644 3562 1717; x_wconf 79' lang='lat' dir='ltr'><strong>Evangelinm,</strong></span> 
     </span>
    </p>
   </div>
   <div class='ocr_carea' id='block_1_44' title="bbox 1994 1726 3568 1801">
    <p class='ocr_par' dir='ltr' id='par_1_44' title="bbox 1994 1726 3568 1801">
     <span class='ocr_line' id='line_1_44' title="bbox 1994 1726 3568 1801; baseline 0.013 -23"><span class='ocrx_word' id='word_1_309' title='bbox 1994 1726 2136 1794; x_wconf 85' lang='lat' dir='ltr'><strong>quod</strong></span> <span class='ocrx_word' id='word_1_310' title='bbox 2188 1742 2293 1781; x_wconf 89' lang='lat' dir='ltr'><strong>non</strong></span> <span class='ocrx_word' id='word_1_311' title='bbox 2346 1729 2626 1797; x_wconf 80' lang='lat' dir='ltr'><strong>recepistis</strong></span> <span class='ocrx_word' id='word_1_312' title='bbox 2659 1746 2674 1783; x_wconf 88' lang='lat'><strong>:</strong></span> <span class='ocrx_word' id='word_1_313' title='bbox 2705 1742 2849 1786; x_wconf 90' lang='lat' dir='ltr'><strong>recte</strong></span> <span class='ocrx_word' id='word_1_314' title='bbox 2902 1736 3309 1801; x_wconf 78' lang='lat' dir='ltr'><strong>patercmini&quot;.</strong></span> <span class='ocrx_word' id='word_1_315' title='bbox 3359 1760 3377 1790; x_wconf 80' lang='grc' dir='ltr'><strong>ι</strong></span> <span class='ocrx_word' id='word_1_316' title='bbox 3427 1742 3568 1799; x_wconf 82' lang='lat' dir='ltr'><strong>Ante</strong></span> 
     </span>
    </p>
   </div>
   <div class='ocr_carea' id='block_1_45' title="bbox 1999 1813 3567 1902">
    <p class='ocr_par' dir='ltr' id='par_1_45' title="bbox 1999 1813 3567 1902">
     <span class='ocr_line' id='line_1_45' title="bbox 1999 1813 3567 1902; baseline 0.012 -33"><span class='ocrx_word' id='word_1_317' title='bbox 1999 1816 2087 1869; x_wconf 89' lang='lat' dir='ltr'><strong>Dei</strong></span> <span class='ocrx_word' id='word_1_318' title='bbox 2121 1813 2354 1872; x_wconf 85' lang='lat' dir='ltr'><strong>Verbum</strong></span> <span class='ocrx_word' id='word_1_319' title='bbox 2391 1819 2727 1876; x_wconf 87' lang='lat' dir='ltr'><strong>incarnatum</strong></span> <span class='ocrx_word' id='word_1_320' title='bbox 2761 1824 2937 1879; x_wconf 90' lang='lat' dir='ltr'><strong>nullus</strong></span> <span class='ocrx_word' id='word_1_321' title='bbox 2979 1838 3287 1894; x_wconf 85' lang='lat' dir='ltr'><strong>compertus</strong></span> <span class='ocrx_word' id='word_1_322' title='bbox 3318 1842 3433 1896; x_wconf 85' lang='lat' dir='ltr'><strong>est,</strong></span> <span class='ocrx_word' id='word_1_323' title='bbox 3475 1836 3567 1902; x_wconf 89' lang='lat' dir='ltr'><strong>qui</strong></span> 
     </span>
    </p>
   </div>
   <div class='ocr_carea' id='block_1_46' title="bbox 1995 1908 3566 1989">
    <p class='ocr_par' dir='ltr' id='par_1_46' title="bbox 1995 1908 3566 1989">
     <span class='ocr_line' id='line_1_46' title="bbox 1995 1908 3566 1989; baseline 0.011 -27"><span class='ocrx_word' id='word_1_324' title='bbox 1995 1918 2089 1962; x_wconf 89' lang='lat' dir='ltr'><strong>aut</strong></span> <span class='ocrx_word' id='word_1_325' title='bbox 2143 1908 2348 1973; x_wconf 78' lang='lat' dir='ltr'><strong>Jesunt,</strong></span> <span class='ocrx_word' id='word_1_326' title='bbox 2399 1921 2493 1965; x_wconf 90' lang='lat' dir='ltr'><strong>aut</strong></span> <span class='ocrx_word' id='word_1_327' title='bbox 2547 1911 2825 1968; x_wconf 85' lang='lat' dir='ltr'><strong>Christum</strong></span> <span class='ocrx_word' id='word_1_328' title='bbox 2880 1915 3007 1969; x_wconf 84' lang='lat' dir='ltr'><strong>illud</strong></span> <span class='ocrx_word' id='word_1_329' title='bbox 3066 1921 3409 1989; x_wconf 84' lang='lat' dir='ltr'><strong>nominaret;</strong></span> <span class='ocrx_word' id='word_1_330' title='bbox 3462 1926 3566 1981; x_wconf 84' lang='lat' dir='ltr'><strong>nisi</strong></span> 
     </span>
    </p>
   </div>
   <div class='ocr_carea' id='block_1_47' title="bbox 1996 1999 3569 2076">
    <p class='ocr_par' dir='ltr' id='par_1_47' title="bbox 1996 1999 3569 2076">
     <span class='ocr_line' id='line_1_47' title="bbox 1996 1999 3569 2076; baseline 0.011 -24"><span class='ocrx_word' id='word_1_331' title='bbox 1996 1999 2263 2070; x_wconf 79' lang='lat' dir='ltr'><strong>quispiam</strong></span> <span class='ocrx_word' id='word_1_332' title='bbox 2303 2000 2484 2057; x_wconf 63' lang='lat' dir='ltr'><strong>forsan</strong></span> <span class='ocrx_word' id='word_1_333' title='bbox 2518 2004 2821 2059; x_wconf 80' lang='lat' dir='ltr'><strong>futurorum</strong></span> <span class='ocrx_word' id='word_1_334' title='bbox 2844 2010 3099 2074; x_wconf 65' lang='lat' dir='ltr'><strong>praescius</strong></span> <span class='ocrx_word' id='word_1_335' title='bbox 3141 2012 3289 2076; x_wconf 90' lang='lat' dir='ltr'><strong>olim,</strong></span> <span class='ocrx_word' id='word_1_336' title='bbox 3320 2028 3443 2068; x_wconf 90' lang='lat' dir='ltr'><strong>cum</strong></span> <span class='ocrx_word' id='word_1_337' title='bbox 3483 2016 3569 2071; x_wconf 79' lang='lat' dir='ltr'><strong>ni-</strong></span> 
     </span>
    </p>
   </div>
   <div class='ocr_carea' id='block_1_48' title="bbox 1999 2082 3567 2174">
    <p class='ocr_par' dir='ltr' id='par_1_48' title="bbox 1999 2082 3567 2174">
     <span class='ocr_line' id='line_1_48' title="bbox 1999 2082 3567 2174; baseline 0.012 -30"><span class='ocrx_word' id='word_1_338' title='bbox 1999 2093 2194 2146; x_wconf 85' lang='lat' dir='ltr'><strong>mirum</strong></span> <span class='ocrx_word' id='word_1_339' title='bbox 2223 2108 2353 2148; x_wconf 85' lang='lat' dir='ltr'><strong>caro</strong></span> <span class='ocrx_word' id='word_1_340' title='bbox 2383 2082 2585 2150; x_wconf 74' lang='lat' dir='ltr'><strong>factum</strong></span> <span class='ocrx_word' id='word_1_341' title='bbox 2622 2107 2785 2163; x_wconf 86' lang='lat' dir='ltr'><strong>esset,</strong></span> <span class='ocrx_word' id='word_1_342' title='bbox 2828 2099 2929 2153; x_wconf 89' lang='lat' dir='ltr'><strong>hoc</strong></span> <span class='ocrx_word' id='word_1_343' title='bbox 2976 2101 3192 2157; x_wconf 89' lang='lat' dir='ltr'><strong>nomine</strong></span> <span class='ocrx_word' id='word_1_344' title='bbox 3241 2106 3567 2174; x_wconf 83' lang='lat' dir='ltr'><strong>appellatum</strong></span> 
     </span>
    </p>
   </div>
   <div class='ocr_carea' id='block_1_49' title="bbox 1999 2183 3567 2260">
    <p class='ocr_par' dir='ltr' id='par_1_49' title="bbox 1999 2183 3567 2260">
     <span class='ocr_line' id='line_1_49' title="bbox 1999 2183 3567 2260; baseline 0.009 -23"><span class='ocrx_word' id='word_1_345' title='bbox 1999 2183 2065 2238; x_wconf 87' lang='lat' dir='ltr'><strong>iri</strong></span> <span class='ocrx_word' id='word_1_346' title='bbox 2101 2187 2426 2253; x_wconf 67' lang='lat' dir='ltr'><strong>praedixerit.</strong></span> <span class='ocrx_word' id='word_1_347' title='bbox 2458 2186 2665 2244; x_wconf 83' lang='lat' dir='ltr'><strong>Nomen</strong></span> <span class='ocrx_word' id='word_1_348' title='bbox 2711 2190 2812 2245; x_wconf 86' lang='lat' dir='ltr'><strong>hoc</strong></span> <span class='ocrx_word' id='word_1_349' title='bbox 2851 2190 3036 2260; x_wconf 78' lang='lat' dir='ltr'><strong>itaque</strong></span> <span class='ocrx_word' id='word_1_350' title='bbox 3064 2191 3223 2249; x_wconf 78' lang='lat' dir='ltr'><strong>Jesus</strong></span> <span class='ocrx_word' id='word_1_351' title='bbox 3244 2234 3258 2258; x_wconf 89' lang='lat'><strong>,</strong></span> <span class='ocrx_word' id='word_1_352' title='bbox 3290 2197 3450 2252; x_wconf 87' lang='lat' dir='ltr'><strong>simul</strong></span> <span class='ocrx_word' id='word_1_353' title='bbox 3481 2210 3567 2253; x_wconf 82' lang='lat' dir='ltr'><strong>at-</strong></span> 
     </span>
    </p>
   </div>
   <div class='ocr_carea' id='block_1_50' title="bbox 1998 2278 3571 2353">
    <p class='ocr_par' dir='ltr' id='par_1_50' title="bbox 1998 2278 3571 2353">
     <span class='ocr_line' id='line_1_50' title="bbox 1998 2278 3571 2353; baseline 0.012 -26"><span class='ocrx_word' id='word_1_354' title='bbox 1998 2291 2103 2342; x_wconf 80' lang='lat' dir='ltr'><strong>que</strong></span> <span class='ocrx_word' id='word_1_355' title='bbox 2130 2278 2325 2331; x_wconf 77' lang='lat' dir='ltr'><strong>factum</strong></span> <span class='ocrx_word' id='word_1_356' title='bbox 2354 2287 2439 2333; x_wconf 85' lang='lat' dir='ltr'><strong>est</strong></span> <span class='ocrx_word' id='word_1_357' title='bbox 2464 2281 2648 2345; x_wconf 87' lang='lat' dir='ltr'><strong>homo,</strong></span> <span class='ocrx_word' id='word_1_358' title='bbox 2673 2297 2866 2335; x_wconf 90' lang='lat' dir='ltr'><strong>novum</strong></span> <span class='ocrx_word' id='word_1_359' title='bbox 2901 2285 3210 2353; x_wconf 88' lang='lat' dir='ltr'><strong>impositum</strong></span> <span class='ocrx_word' id='word_1_360' title='bbox 3241 2299 3323 2342; x_wconf 89' lang='lat' dir='ltr'><strong>est</strong></span> <span class='ocrx_word' id='word_1_361' title='bbox 3357 2289 3451 2343; x_wconf 87' lang='lat' dir='ltr'><strong>illi.</strong></span> <span class='ocrx_word' id='word_1_362' title='bbox 3499 2291 3571 2346; x_wconf 83' lang='lat' dir='ltr'><strong>At</strong></span> 
     </span>
    </p>
   </div>
   <div class='ocr_carea' id='block_1_51' title="bbox 2001 2368 3563 2439">
    <p class='ocr_par' dir='ltr' id='par_1_51' title="bbox 2001 2368 3563 2439">
     <span class='ocr_line' id='line_1_51' title="bbox 2001 2368 3563 2439; baseline 0.01 -19"><span class='ocrx_word' id='word_1_363' title='bbox 2001 2382 2128 2422; x_wconf 85' lang='lat' dir='ltr'><strong>vero</strong></span> <span class='ocrx_word' id='word_1_364' title='bbox 2165 2370 2208 2422; x_wconf 91' lang='lat' dir='ltr'><strong>si</strong></span> <span class='ocrx_word' id='word_1_365' title='bbox 2240 2379 2299 2422; x_wconf 89' lang='lat' dir='ltr'><strong>ut</strong></span> <span class='ocrx_word' id='word_1_366' title='bbox 2328 2368 2471 2425; x_wconf 90' lang='lat' dir='ltr'><strong>Deus</strong></span> <span class='ocrx_word' id='word_1_367' title='bbox 2498 2373 2614 2425; x_wconf 88' lang='lat' dir='ltr'><strong>orbi</strong></span> <span class='ocrx_word' id='word_1_368' title='bbox 2640 2375 3006 2439; x_wconf 86' lang='lat' dir='ltr'><strong>aununtiatur,</strong></span> <span class='ocrx_word' id='word_1_369' title='bbox 3038 2386 3093 2430; x_wconf 90' lang='lat' dir='ltr'><strong>et</strong></span> <span class='ocrx_word' id='word_1_370' title='bbox 3122 2393 3262 2433; x_wconf 88' lang='lat' dir='ltr'><strong>unus</strong></span> <span class='ocrx_word' id='word_1_371' title='bbox 3293 2381 3563 2435; x_wconf 85' lang='lat' dir='ltr'><strong>nihilomi-</strong></span> 
     </span>
    </p>
   </div>
   <div class='ocr_carea' id='block_1_52' title="bbox 2000 2455 3564 2541">
    <p class='ocr_par' dir='ltr' id='par_1_52' title="bbox 2000 2455 3564 2541">
     <span class='ocr_line' id='line_1_52' title="bbox 2000 2455 3564 2541; baseline 0.01 -29"><span class='ocrx_word' id='word_1_372' title='bbox 2000 2474 2103 2513; x_wconf 90' lang='lat' dir='ltr'><strong>nus</strong></span> <span class='ocrx_word' id='word_1_373' title='bbox 2124 2469 2212 2514; x_wconf 88' lang='lat' dir='ltr'><strong>est</strong></span> <span class='ocrx_word' id='word_1_374' title='bbox 2240 2459 2441 2531; x_wconf 84' lang='lat' dir='ltr'><strong>(neque</strong></span> <span class='ocrx_word' id='word_1_375' title='bbox 2469 2463 2611 2515; x_wconf 88' lang='lat' dir='ltr'><strong>enim</strong></span> <span class='ocrx_word' id='word_1_376' title='bbox 2648 2474 2733 2518; x_wconf 87' lang='lat' dir='ltr'><strong>est</strong></span> <span class='ocrx_word' id='word_1_377' title='bbox 2753 2465 2888 2519; x_wconf 89' lang='lat' dir='ltr'><strong>alius</strong></span> <span class='ocrx_word' id='word_1_378' title='bbox 2920 2455 3113 2535; x_wconf 65' lang='lat' dir='ltr'><strong>praeter</strong></span> <span class='ocrx_word' id='word_1_379' title='bbox 3136 2469 3305 2535; x_wconf 90' lang='lat' dir='ltr'><strong>illum,</strong></span> <span class='ocrx_word' id='word_1_380' title='bbox 3347 2474 3436 2541; x_wconf 89' lang='lat' dir='ltr'><strong>qui</strong></span> <span class='ocrx_word' id='word_1_381' title='bbox 3472 2490 3564 2527; x_wconf 86' lang='lat' dir='ltr'><strong>an-</strong></span> 
     </span>
    </p>
   </div>
   <div class='ocr_carea' id='block_1_53' title="bbox 1997 2551 3567 2623">
    <p class='ocr_par' dir='ltr' id='par_1_53' title="bbox 1997 2551 3567 2623">
     <span class='ocr_line' id='line_1_53' title="bbox 1997 2551 3567 2623; baseline 0.012 -20"><span class='ocrx_word' id='word_1_382' title='bbox 1997 2551 2234 2606; x_wconf 89' lang='lat' dir='ltr'><strong>nuntiari</strong></span> <span class='ocrx_word' id='word_1_383' title='bbox 2273 2551 2484 2623; x_wconf 84' lang='lat' dir='ltr'><strong>possit),</strong></span> <span class='ocrx_word' id='word_1_384' title='bbox 2520 2553 2657 2609; x_wconf 86' lang='lat' dir='ltr'><strong>bene</strong></span> <span class='ocrx_word' id='word_1_385' title='bbox 2682 2570 2769 2610; x_wconf 87' lang='lat' dir='ltr'><strong>res</strong></span> <span class='ocrx_word' id='word_1_386' title='bbox 2805 2556 2986 2613; x_wconf 82' lang='lat' dir='ltr'><strong>habet.</strong></span> <span class='ocrx_word' id='word_1_387' title='bbox 3038 2560 3149 2615; x_wconf 84' lang='lat' dir='ltr'><strong>Deo</strong></span> <span class='ocrx_word' id='word_1_388' title='bbox 3174 2564 3315 2617; x_wconf 89' lang='lat' dir='ltr'><strong>enim</strong></span> <span class='ocrx_word' id='word_1_389' title='bbox 3360 2567 3567 2623; x_wconf 84' lang='lat' dir='ltr'><strong>servire</strong></span> 
     </span>
    </p>
   </div>
   <div class='ocr_carea' id='block_1_54' title="bbox 1998 2643 3571 2713">
    <p class='ocr_par' dir='ltr' id='par_1_54' title="bbox 1998 2643 3571 2713">
     <span class='ocr_line' id='line_1_54' title="bbox 1998 2643 3571 2713; baseline 0.01 -17"><span class='ocrx_word' id='word_1_390' title='bbox 1998 2643 2322 2699; x_wconf 79' lang='lat' dir='ltr'><strong>invenimur.</strong></span> <span class='ocrx_word' id='word_1_391' title='bbox 2348 2645 2502 2711; x_wconf 85' lang='lat' dir='ltr'><strong>Quod</strong></span> <span class='ocrx_word' id='word_1_392' title='bbox 2538 2646 2583 2701; x_wconf 87' lang='lat' dir='ltr'><strong>si</strong></span> <span class='ocrx_word' id='word_1_393' title='bbox 2614 2660 2741 2702; x_wconf 89' lang='lat' dir='ltr'><strong>vero</strong></span> <span class='ocrx_word' id='word_1_394' title='bbox 2767 2647 2895 2703; x_wconf 68' lang='lat' dir='ltr'><strong>solae</strong></span> <span class='ocrx_word' id='word_1_395' title='bbox 2922 2650 3173 2707; x_wconf 68' lang='lat' dir='ltr'><strong>humanae</strong></span> <span class='ocrx_word' id='word_1_396' title='bbox 3204 2664 3410 2711; x_wconf 75' lang='lat' dir='ltr'><strong>natura:</strong></span> <span class='ocrx_word' id='word_1_397' title='bbox 3438 2668 3571 2713; x_wconf 83' lang='lat' dir='ltr'><strong>con-</strong></span> 
     </span>
    </p>
   </div>
   <div class='ocr_carea' id='block_1_55' title="bbox 1999 2737 3566 2816">
    <p class='ocr_par' dir='ltr' id='par_1_55' title="bbox 1999 2737 3566 2816">
     <span class='ocr_line' id='line_1_55' title="bbox 1999 2737 3566 2816; baseline 0.007 -25"><span class='ocrx_word' id='word_1_398' title='bbox 1999 2737 2231 2793; x_wconf 87' lang='lat' dir='ltr'><strong>ditiones</strong></span> <span class='ocrx_word' id='word_1_399' title='bbox 2268 2739 2322 2792; x_wconf 91' lang='lat' dir='ltr'><strong>in</strong></span> <span class='ocrx_word' id='word_1_400' title='bbox 2351 2738 2500 2793; x_wconf 89' lang='lat' dir='ltr'><strong>illum</strong></span> <span class='ocrx_word' id='word_1_401' title='bbox 2524 2739 2874 2807; x_wconf 90' lang='lat' dir='ltr'><strong>conveniunt,</strong></span> <span class='ocrx_word' id='word_1_402' title='bbox 2908 2758 3006 2799; x_wconf 87' lang='lat' dir='ltr'><strong>nec</strong></span> <span class='ocrx_word' id='word_1_403' title='bbox 3033 2744 3191 2799; x_wconf 86' lang='lat' dir='ltr'><strong>aliam</strong></span> <span class='ocrx_word' id='word_1_404' title='bbox 3221 2747 3291 2800; x_wconf 90' lang='lat' dir='ltr'><strong>oh</strong></span> <span class='ocrx_word' id='word_1_405' title='bbox 3320 2761 3566 2816; x_wconf 83' lang='lat' dir='ltr'><strong>causam,</strong></span> 
     </span>
    </p>
   </div>
   <div class='ocr_carea' id='block_1_56' title="bbox 1999 2833 3570 2910">
    <p class='ocr_par' dir='ltr' id='par_1_56' title="bbox 1999 2833 3570 2910">
     <span class='ocr_line' id='line_1_56' title="bbox 1999 2833 3570 2910; baseline 0.01 -30"><span class='ocrx_word' id='word_1_406' title='bbox 1999 2845 2162 2900; x_wconf 82' lang='lat' dir='ltr'><strong>quam</strong></span> <span class='ocrx_word' id='word_1_407' title='bbox 2197 2840 2418 2900; x_wconf 83' lang='lat' dir='ltr'><strong>propter</strong></span> <span class='ocrx_word' id='word_1_408' title='bbox 2453 2833 2652 2887; x_wconf 89' lang='lat' dir='ltr'><strong>nudam</strong></span> <span class='ocrx_word' id='word_1_409' title='bbox 2678 2833 2825 2889; x_wconf 85' lang='lat' dir='ltr'><strong>illam</strong></span> <span class='ocrx_word' id='word_1_410' title='bbox 2871 2835 3277 2908; x_wconf 83' lang='lat' dir='ltr'><strong>simpliccmque</strong></span> <span class='ocrx_word' id='word_1_411' title='bbox 3313 2853 3570 2910; x_wconf 81' lang='lat' dir='ltr'><strong>persona-</strong></span> 
     </span>
    </p>
   </div>
   <div class='ocr_carea' id='block_1_57' title="bbox 326 2915 3569 3003">
    <p class='ocr_par' dir='ltr' id='par_1_57' title="bbox 326 2915 3569 3003">
     <span class='ocr_line' id='line_1_57' title="bbox 326 2915 3569 3003; baseline 0.009 -43"><span class='ocrx_word' id='word_1_412' title='bbox 326 2923 446 2963; x_wconf 87' lang='lat' dir='ltr'><strong>rum</strong></span> <span class='ocrx_word' id='word_1_413' title='bbox 487 2915 799 2973; x_wconf 84' lang='lat' dir='ltr'><strong>societatem</strong></span> <span class='ocrx_word' id='word_1_414' title='bbox 843 2922 1038 2978; x_wconf 88' lang='lat' dir='ltr'><strong>colitur</strong></span> <span class='ocrx_word' id='word_1_415' title='bbox 1073 2936 1090 2977; x_wconf 90' lang='lat'><strong>:</strong></span> <span class='ocrx_word' id='word_1_416' title='bbox 1138 2926 1314 2982; x_wconf 89' lang='lat' dir='ltr'><strong>inanis</strong></span> <span class='ocrx_word' id='word_1_417' title='bbox 1357 2928 1597 2996; x_wconf 80' lang='lat' dir='ltr'><strong>profecto</strong></span> <span class='ocrx_word' id='word_1_418' title='bbox 1633 2938 1718 2984; x_wconf 91' lang='lat' dir='ltr'><strong>est</strong></span> <span class='ocrx_word' id='word_1_419' title='bbox 1773 2928 1894 2983; x_wconf 75' lang='lat' dir='ltr'><strong>ﬁdei</strong></span> <span class='ocrx_word' id='word_1_420' title='bbox 1934 2939 2137 2983; x_wconf 76' lang='lat' dir='ltr'><strong>nostra:</strong></span> <span class='ocrx_word' id='word_1_421' title='bbox 2179 2926 2342 2994; x_wconf 84' lang='lat' dir='ltr'><strong>ratio,</strong></span> <span class='ocrx_word' id='word_1_422' title='bbox 2405 2937 2462 2982; x_wconf 94' lang='lat' dir='ltr'><strong>ut</strong></span> <span class='ocrx_word' id='word_1_423' title='bbox 2508 2943 2628 2998; x_wconf 70' lang='lat' dir='ltr'><strong>qua:</strong></span> <span class='ocrx_word' id='word_1_424' title='bbox 2663 2944 2768 2984; x_wconf 88' lang='lat' dir='ltr'><strong>non</strong></span> <span class='ocrx_word' id='word_1_425' title='bbox 2803 2929 2912 2987; x_wconf 88' lang='lat' dir='ltr'><strong>Deo</strong></span> <span class='ocrx_word' id='word_1_426' title='bbox 2947 2946 3043 2986; x_wconf 86' lang='lat' dir='ltr'><strong>nos</strong></span> <span class='ocrx_word' id='word_1_427' title='bbox 3114 2933 3437 3003; x_wconf 73' lang='lat' dir='ltr'><strong>coniungat,</strong></span> <span class='ocrx_word' id='word_1_428' title='bbox 3475 2939 3569 2992; x_wconf 81' lang='lat' dir='ltr'><strong>sed</strong></span> 
     </span>
    </p>
   </div>
   <div class='ocr_carea' id='block_1_58' title="bbox 332 3007 3570 3094">
    <p class='ocr_par' dir='ltr' id='par_1_58' title="bbox 332 3007 3570 3094">
     <span class='ocr_line' id='line_1_58' title="bbox 332 3007 3570 3094; baseline 0.007 -30"><span class='ocrx_word' id='word_1_429' title='bbox 332 3007 557 3065; x_wconf 87' lang='lat' dir='ltr'><strong>homini.</strong></span> <span class='ocrx_word' id='word_1_430' title='bbox 592 3012 752 3083; x_wconf 83' lang='lat' dir='ltr'><strong>Atqui</strong></span> <span class='ocrx_word' id='word_1_431' title='bbox 791 3015 904 3072; x_wconf 60' lang='lat' dir='ltr'><strong>haec</strong></span> <span class='ocrx_word' id='word_1_432' title='bbox 928 3018 1167 3075; x_wconf 80' lang='lat' dir='ltr'><strong>doctrina</strong></span> <span class='ocrx_word' id='word_1_433' title='bbox 1208 3034 1292 3077; x_wconf 82' lang='lat' dir='ltr'><strong>eSt</strong></span> <span class='ocrx_word' id='word_1_434' title='bbox 1356 3022 1515 3092; x_wconf 80' lang='lat' dir='ltr'><strong>plane</strong></span> <span class='ocrx_word' id='word_1_435' title='bbox 1562 3023 1743 3094; x_wconf 86' lang='lat' dir='ltr'><strong>impia.</strong></span> <span class='ocrx_word' id='word_1_436' title='bbox 1788 3021 1930 3079; x_wconf 87' lang='lat' dir='ltr'><strong>Deus</strong></span> <span class='ocrx_word' id='word_1_437' title='bbox 2001 3023 2187 3094; x_wconf 86' lang='lat' dir='ltr'><strong>itaque</strong></span> <span class='ocrx_word' id='word_1_438' title='bbox 2225 3020 2496 3081; x_wconf 86' lang='lat' dir='ltr'><strong>Christus.</strong></span> <span class='ocrx_word' id='word_1_439' title='bbox 2536 3032 2593 3078; x_wconf 88' lang='lat' dir='ltr'><strong>et</strong></span> <span class='ocrx_word' id='word_1_440' title='bbox 2636 3022 2835 3089; x_wconf 87' lang='lat' dir='ltr'><strong>Filius;</strong></span> <span class='ocrx_word' id='word_1_441' title='bbox 2881 3041 3001 3081; x_wconf 88' lang='lat' dir='ltr'><strong>cum</strong></span> <span class='ocrx_word' id='word_1_442' title='bbox 3046 3025 3281 3083; x_wconf 79' lang='lat' dir='ltr'><strong>Verbum</strong></span> <span class='ocrx_word' id='word_1_443' title='bbox 3325 3031 3395 3085; x_wconf 89' lang='lat' dir='ltr'><strong>sit</strong></span> <span class='ocrx_word' id='word_1_444' title='bbox 3443 3049 3570 3086; x_wconf 80' lang='lat' dir='ltr'><strong>caro</strong></span> 
     </span>
    </p>
   </div>
   <div class='ocr_carea' id='block_1_59' title="bbox 324 3102 552 3158">
    <p class='ocr_par' dir='ltr' id='par_1_59' title="bbox 324 3102 552 3158">
     <span class='ocr_line' id='line_1_59' title="bbox 324 3102 552 3158; baseline 0.009 -4"><span class='ocrx_word' id='word_1_445' title='bbox 324 3102 552 3158; x_wconf 73' lang='lat' dir='ltr'><strong>factum.</strong></span> 
     </span>
    </p>
   </div>
   <div class='ocr_carea' id='block_1_60' title="bbox 401 3187 1497 3295">
    <p class='ocr_par' dir='ltr' id='par_1_60' title="bbox 401 3187 1497 3295">
     <span class='ocr_line' id='line_1_60' title="bbox 401 3187 1497 3295; baseline 0.011 -25"><span class='ocrx_word' id='word_1_446' title='bbox 401 3187 407 3193; x_wconf 22' lang='grc' dir='ltr'><strong>ν</strong></span> <span class='ocrx_word' id='word_1_447' title='bbox 732 3219 831 3274; x_wconf 83' lang='grc' dir='ltr'><strong>Ἐκ</strong></span> <span class='ocrx_word' id='word_1_448' title='bbox 870 3221 977 3291; x_wconf 84' lang='grc' dir='ltr'><strong>τῆς</strong></span> <span class='ocrx_word' id='word_1_449' title='bbox 1015 3208 1172 3294; x_wconf 72' lang='grc' dir='ltr'><strong>πρὸξ</strong></span> <span class='ocrx_word' id='word_1_450' title='bbox 1199 3228 1497 3295; x_wconf 80' lang='grc' dir='ltr'><strong>Γαλάτας.</strong></span> 
     </span>
    </p>
   </div>
   <div class='ocr_carea' id='block_1_61' title="bbox 405 3332 1902 3412">
    <p class='ocr_par' dir='ltr' id='par_1_61' title="bbox 405 3332 1902 3412">
     <span class='ocr_line' id='line_1_61' title="bbox 405 3332 1902 3412; baseline 0.01 -29"><span class='ocrx_word' id='word_1_451' title='bbox 405 3349 427 3383; x_wconf 78' lang='lat' dir='ltr'><strong>t</strong></span> <span class='ocrx_word' id='word_1_452' title='bbox 456 3332 753 3402; x_wconf 77' lang='grc' dir='ltr'><strong>Θαυμάζω,</strong></span> <span class='ocrx_word' id='word_1_453' title='bbox 800 3334 883 3389; x_wconf 77' lang='grc' dir='ltr'><strong>ὅτι</strong></span> <span class='ocrx_word' id='word_1_454' title='bbox 928 3335 1071 3390; x_wconf 70' lang='grc' dir='ltr'><strong>οὕτω</strong></span> <span class='ocrx_word' id='word_1_455' title='bbox 1116 3339 1327 3409; x_wconf 80' lang='grc' dir='ltr'><strong>ταχέως</strong></span> <span class='ocrx_word' id='word_1_456' title='bbox 1387 3342 1743 3412; x_wconf 75' lang='grc' dir='ltr'><strong>μετατίθεσθε</strong></span> <span class='ocrx_word' id='word_1_457' title='bbox 1791 3345 1902 3398; x_wconf 89' lang='grc' dir='ltr'><strong>ἀπὸ</strong></span> 
     </span>
    </p>
   </div>
   <div class='ocr_carea' id='block_1_62' title="bbox 326 3422 1899 3509">
    <p class='ocr_par' dir='ltr' id='par_1_62' title="bbox 326 3422 1899 3509">
     <span class='ocr_line' id='line_1_62' title="bbox 326 3422 1899 3509; baseline 0.01 -34"><span class='ocrx_word' id='word_1_458' title='bbox 326 3422 423 3476; x_wconf 86' lang='grc' dir='ltr'><strong>τοῦ</strong></span> <span class='ocrx_word' id='word_1_459' title='bbox 463 3423 790 3489; x_wconf 77' lang='grc' dir='ltr'><strong>καλέσαντος</strong></span> <span class='ocrx_word' id='word_1_460' title='bbox 818 3427 962 3498; x_wconf 80' lang='grc' dir='ltr'><strong>ὑμᾶς</strong></span> <span class='ocrx_word' id='word_1_461' title='bbox 1000 3432 1060 3483; x_wconf 72' lang='grc' dir='ltr'><strong>ἐν</strong></span> <span class='ocrx_word' id='word_1_462' title='bbox 1101 3431 1282 3501; x_wconf 84' lang='grc' dir='ltr'><strong>χάριτι</strong></span> <span class='ocrx_word' id='word_1_463' title='bbox 1315 3434 1573 3504; x_wconf 81' lang='grc' dir='ltr'><strong>Χριστοῦ,</strong></span> <span class='ocrx_word' id='word_1_464' title='bbox 1605 3438 1685 3500; x_wconf 85' lang='grc' dir='ltr'><strong>είς</strong></span> <span class='ocrx_word' id='word_1_465' title='bbox 1713 3437 1899 3509; x_wconf 73' lang='grc' dir='ltr'><strong>ἕτερον</strong></span> 
     </span>
    </p>
   </div>
   <div class='ocr_carea' id='block_1_63' title="bbox 330 3516 1897 3596">
    <p class='ocr_par' dir='ltr' id='par_1_63' title="bbox 330 3516 1897 3596">
     <span class='ocr_line' id='line_1_63' title="bbox 330 3516 1897 3596; baseline 0.01 -27"><span class='ocrx_word' id='word_1_466' title='bbox 330 3516 692 3584; x_wconf 66' lang='grc' dir='ltr'><strong>Εὐαγγέλιοψ</strong></span> <span class='ocrx_word' id='word_1_467' title='bbox 737 3519 765 3571; x_wconf 86' lang='grc' dir='ltr'><strong>ὃ</strong></span> <span class='ocrx_word' id='word_1_468' title='bbox 793 3520 893 3572; x_wconf 85' lang='grc' dir='ltr'><strong>οὐκ</strong></span> <span class='ocrx_word' id='word_1_469' title='bbox 926 3519 1070 3574; x_wconf 77' lang='grc' dir='ltr'><strong>ἔστιν</strong></span> <span class='ocrx_word' id='word_1_470' title='bbox 1110 3522 1238 3576; x_wconf 83' lang='grc' dir='ltr'><strong>ἄλλο</strong></span> <span class='ocrx_word' id='word_1_471' title='bbox 1262 3542 1275 3556; x_wconf 89' lang='grc'>·</span> <span class='ocrx_word' id='word_1_472' title='bbox 1307 3527 1356 3578; x_wconf 87' lang='grc' dir='ltr'><strong>εί</strong></span> <span class='ocrx_word' id='word_1_473' title='bbox 1404 3528 1477 3596; x_wconf 85' lang='grc' dir='ltr'><strong>μή</strong></span> <span class='ocrx_word' id='word_1_474' title='bbox 1508 3528 1653 3593; x_wconf 79' lang='grc' dir='ltr'><strong>τινές</strong></span> <span class='ocrx_word' id='word_1_475' title='bbox 1680 3530 1818 3584; x_wconf 78' lang='grc' dir='ltr'><strong>εἰσιν</strong></span> <span class='ocrx_word' id='word_1_476' title='bbox 1849 3533 1897 3584; x_wconf 83' lang='grc' dir='ltr'><strong>οἱ</strong></span> 
     </span>
    </p>
   </div>
   <div class='ocr_carea' id='block_1_64' title="bbox 314 3604 1900 3689">
    <p class='ocr_par' dir='ltr' id='par_1_64' title="bbox 314 3604 1900 3689">
     <span class='ocr_line' id='line_1_64' title="bbox 314 3604 1900 3689; baseline 0.012 -33"><span class='ocrx_word' id='word_1_477' title='bbox 314 3604 691 3683; x_wconf 60' lang='grc' dir='ltr'><strong>ταράσσοντες</strong></span> <span class='ocrx_word' id='word_1_478' title='bbox 742 3610 886 3678; x_wconf 80' lang='grc' dir='ltr'><strong>ὑμᾶς</strong></span> <span class='ocrx_word' id='word_1_479' title='bbox 910 3650 924 3674; x_wconf 96' lang='grc'><strong>,</strong></span> <span class='ocrx_word' id='word_1_480' title='bbox 970 3614 1064 3666; x_wconf 77' lang='grc' dir='ltr'><strong>καὶ</strong></span> <span class='ocrx_word' id='word_1_481' title='bbox 1114 3613 1359 3678; x_wconf 77' lang='grc' dir='ltr'><strong>θέλοντες</strong></span> <span class='ocrx_word' id='word_1_482' title='bbox 1416 3620 1785 3689; x_wconf 68' lang='grc' dir='ltr'><strong>μεταστρέψαι</strong></span> <span class='ocrx_word' id='word_1_483' title='bbox 1836 3622 1900 3674; x_wconf 87' lang='grc' dir='ltr'><strong>τὸ</strong></span> 
     </span>
    </p>
   </div>
   <div class='ocr_carea' id='block_1_65' title="bbox 331 3695 1897 3781">
    <p class='ocr_par' dir='ltr' id='par_1_65' title="bbox 331 3695 1897 3781">
     <span class='ocr_line' id='line_1_65' title="bbox 331 3695 1897 3781; baseline 0.012 -32"><span class='ocrx_word' id='word_1_484' title='bbox 331 3695 661 3765; x_wconf 82' lang='grc' dir='ltr'><strong>Εὐαγγέλιον</strong></span> <span class='ocrx_word' id='word_1_485' title='bbox 690 3698 785 3754; x_wconf 82' lang='grc' dir='ltr'><strong>τοῦ</strong></span> <span class='ocrx_word' id='word_1_486' title='bbox 810 3702 1070 3772; x_wconf 85' lang='grc' dir='ltr'><strong>Χριστοῦ.</strong></span> <span class='ocrx_word' id='word_1_487' title='bbox 1098 3704 1259 3759; x_wconf 82' lang='grc' dir='ltr'><strong>Ἀλλά</strong></span> <span class='ocrx_word' id='word_1_488' title='bbox 1282 3706 1378 3759; x_wconf 77' lang='grc' dir='ltr'><strong>καὶ</strong></span> <span class='ocrx_word' id='word_1_489' title='bbox 1406 3705 1502 3760; x_wconf 82' lang='grc' dir='ltr'><strong>ὲάν</strong></span> <span class='ocrx_word' id='word_1_490' title='bbox 1530 3709 1709 3779; x_wconf 78' lang='grc' dir='ltr'><strong>ἡμεῖς,</strong></span> <span class='ocrx_word' id='word_1_491' title='bbox 1735 3712 1769 3781; x_wconf 82' lang='grc' dir='ltr'>ἢ</span> <span class='ocrx_word' id='word_1_492' title='bbox 1796 3711 1897 3781; x_wconf 77' lang='grc' dir='ltr'><strong>ἀγ·-</strong></span> 
     </span>
    </p>
   </div>
   <div class='ocr_carea' id='block_1_66' title="bbox 329 3784 1899 3869">
    <p class='ocr_par' dir='ltr' id='par_1_66' title="bbox 329 3784 1899 3869">
     <span class='ocr_line' id='line_1_66' title="bbox 329 3784 1899 3869; baseline 0.011 -32"><span class='ocrx_word' id='word_1_493' title='bbox 329 3784 485 3853; x_wconf 85' lang='grc' dir='ltr'><strong>γελος</strong></span> <span class='ocrx_word' id='word_1_494' title='bbox 511 3786 571 3852; x_wconf 75' lang='grc' dir='ltr'><strong>ἐξ</strong></span> <span class='ocrx_word' id='word_1_495' title='bbox 600 3788 830 3863; x_wconf 78' lang='grc' dir='ltr'><strong>οὐρανοῦ</strong></span> <span class='ocrx_word' id='word_1_496' title='bbox 857 3792 1280 3864; x_wconf 80' lang='grc' dir='ltr'><strong>εὐαγγελίσηται</strong></span> <span class='ocrx_word' id='word_1_497' title='bbox 1309 3796 1438 3867; x_wconf 81' lang='grc' dir='ltr'><strong>ὑμῖν</strong></span> <span class='ocrx_word' id='word_1_498' title='bbox 1467 3800 1592 3868; x_wconf 82' lang='grc' dir='ltr'><strong>παρ’</strong></span> <span class='ocrx_word' id='word_1_499' title='bbox 1614 3798 1645 3851; x_wconf 82' lang='grc' dir='ltr'>ὃ</span> <span class='ocrx_word' id='word_1_500' title='bbox 1669 3800 1899 3869; x_wconf 87' lang='grc' dir='ltr'><strong>εὐηγγε-</strong></span> 
     </span>
    </p>
   </div>
   <div class='ocr_carea' id='block_1_67' title="bbox 327 3877 1897 3961">
    <p class='ocr_par' dir='ltr' id='par_1_67' title="bbox 327 3877 1897 3961">
     <span class='ocr_line' id='line_1_67' title="bbox 327 3877 1897 3961; baseline 0.012 -32"><span class='ocrx_word' id='word_1_501' title='bbox 327 3877 598 3949; x_wconf 83' lang='grc' dir='ltr'><strong>λισάμεθα</strong></span> <span class='ocrx_word' id='word_1_502' title='bbox 638 3881 786 3951; x_wconf 82' lang='grc' dir='ltr'><strong>ὑμῖν,</strong></span> <span class='ocrx_word' id='word_1_503' title='bbox 820 3884 1066 3955; x_wconf 78' lang='grc' dir='ltr'><strong>ἀνάθεμα</strong></span> <span class='ocrx_word' id='word_1_504' title='bbox 1097 3885 1257 3942; x_wconf 81' lang='grc' dir='ltr'><strong>ἔστω.</strong></span> <span class='ocrx_word' id='word_1_505' title='bbox 1288 3907 1306 3940; x_wconf 79' lang='grc' dir='ltr'><strong>ι</strong></span> <span class='ocrx_word' id='word_1_506' title='bbox 1350 3889 1412 3942; x_wconf 75' lang='lat' dir='ltr'><strong>Ei</strong></span> <span class='ocrx_word' id='word_1_507' title='bbox 1441 3890 1499 3943; x_wconf 75' lang='grc' dir='ltr'><strong>ἓν</strong></span> <span class='ocrx_word' id='word_1_508' title='bbox 1524 3893 1671 3944; x_wconf 76' lang='grc' dir='ltr'><strong>ἐστιν</strong></span> <span class='ocrx_word' id='word_1_509' title='bbox 1717 3894 1897 3961; x_wconf 85' lang='grc' dir='ltr'><strong>Εὐαγ-</strong></span> 
     </span>
    </p>
   </div>
   <div class='ocr_carea' id='block_1_68' title="bbox 328 3968 1898 4052">
    <p class='ocr_par' dir='ltr' id='par_1_68' title="bbox 328 3968 1898 4052">
     <span class='ocr_line' id='line_1_68' title="bbox 328 3968 1898 4052; baseline 0.011 -32"><span class='ocrx_word' id='word_1_510' title='bbox 328 3968 507 4036; x_wconf 78' lang='grc' dir='ltr'><strong>γέλιον</strong></span> <span class='ocrx_word' id='word_1_511' title='bbox 548 3973 609 4025; x_wconf 86' lang='grc' dir='ltr'><strong>τὸ</strong></span> <span class='ocrx_word' id='word_1_512' title='bbox 649 3971 875 4044; x_wconf 74' lang='grc' dir='ltr'><strong>λαληθὲν</strong></span> <span class='ocrx_word' id='word_1_513' title='bbox 920 3977 1105 4049; x_wconf 79' lang='grc' dir='ltr'><strong>ἁπάσῃ</strong></span> <span class='ocrx_word' id='word_1_514' title='bbox 1147 3982 1212 4050; x_wconf 81' lang='grc' dir='ltr'><strong>τῇ</strong></span> <span class='ocrx_word' id='word_1_515' title='bbox 1257 3980 1348 4033; x_wconf 85' lang='grc' dir='ltr'><strong>ὐπ’</strong></span> <span class='ocrx_word' id='word_1_516' title='bbox 1386 3982 1615 4052; x_wconf 88' lang='grc' dir='ltr'><strong>οὐρανὸν</strong></span> <span class='ocrx_word' id='word_1_517' title='bbox 1655 3983 1742 4038; x_wconf 79' lang='grc' dir='ltr'><strong>διὰ</strong></span> <span class='ocrx_word' id='word_1_518' title='bbox 1789 3984 1898 4038; x_wconf 84' lang='grc' dir='ltr'><strong>τῶν</strong></span> 
     </span>
    </p>
   </div>
   <div class='ocr_carea' id='block_1_69' title="bbox 328 4059 1898 4146">
    <p class='ocr_par' dir='ltr' id='par_1_69' title="bbox 328 4059 1898 4146">
     <span class='ocr_line' id='line_1_69' title="bbox 328 4059 1898 4146; baseline 0.011 -35"><span class='ocrx_word' id='word_1_519' title='bbox 328 4059 500 4127; x_wconf 85' lang='grc' dir='ltr'><strong>ἁγίων</strong></span> <span class='ocrx_word' id='word_1_520' title='bbox 547 4064 944 4133; x_wconf 86' lang='grc' dir='ltr'><strong>μυσταγωγῶν,</strong></span> <span class='ocrx_word' id='word_1_521' title='bbox 976 4067 1136 4121; x_wconf 86' lang='grc' dir='ltr'><strong>τοῦτο</strong></span> <span class='ocrx_word' id='word_1_522' title='bbox 1185 4070 1243 4123; x_wconf 75' lang='grc' dir='ltr'><strong>δέ</strong></span> <span class='ocrx_word' id='word_1_523' title='bbox 1289 4072 1496 4143; x_wconf 78' lang='grc' dir='ltr'><strong>ἐστινὴ</strong></span> <span class='ocrx_word' id='word_1_524' title='bbox 1532 4073 1715 4137; x_wconf 82' lang='grc' dir='ltr'><strong>πίστις</strong></span> <span class='ocrx_word' id='word_1_525' title='bbox 1748 4076 1780 4146; x_wconf 83' lang='grc' dir='ltr'><strong>ἡ</strong></span> <span class='ocrx_word' id='word_1_526' title='bbox 1817 4077 1898 4138; x_wconf 78' lang='grc' dir='ltr'><strong>εἰς</strong></span> 
     </span>
    </p>
   </div>
   <div class='ocr_carea' id='block_1_70' title="bbox 325 4149 1896 4237">
    <p class='ocr_par' dir='ltr' id='par_1_70' title="bbox 325 4149 1896 4237">
     <span class='ocr_line' id='line_1_70' title="bbox 325 4149 1896 4237; baseline 0.013 -37"><span class='ocrx_word' id='word_1_527' title='bbox 325 4149 583 4219; x_wconf 68' lang='grc' dir='ltr'><strong>Χριστόν*</strong></span> <span class='ocrx_word' id='word_1_528' title='bbox 614 4152 731 4233; x_wconf 54' lang='lat' dir='ltr'><strong>mihi;</strong></span> <span class='ocrx_word' id='word_1_529' title='bbox 772 4156 834 4208; x_wconf 85' lang='grc' dir='ltr'><strong>οὐ</strong></span> <span class='ocrx_word' id='word_1_530' title='bbox 880 4157 1012 4221; x_wconf 86' lang='grc' dir='ltr'><strong>Θεὸς</strong></span> <span class='ocrx_word' id='word_1_531' title='bbox 1053 4160 1137 4230; x_wconf 71' lang='grc' dir='ltr'><strong>εἴη</strong></span> <span class='ocrx_word' id='word_1_532' title='bbox 1188 4160 1255 4214; x_wconf 82' lang='grc' dir='ltr'><strong>ἂν</strong></span> <span class='ocrx_word' id='word_1_533' title='bbox 1286 4163 1511 4235; x_wconf 83' lang='grc' dir='ltr'><strong>ἀληθὴς,</strong></span> <span class='ocrx_word' id='word_1_534' title='bbox 1541 4165 1701 4237; x_wconf 76' lang='grc' dir='ltr'><strong>εἴπερ</strong></span> <span class='ocrx_word' id='word_1_535' title='bbox 1746 4167 1896 4220; x_wconf 76' lang='grc' dir='ltr'><strong>ἐστὶν</strong></span> 
     </span>
    </p>
   </div>
   <div class='ocr_carea' id='block_1_71' title="bbox 325 4238 1896 4337">
    <p class='ocr_par' dir='ltr' id='par_1_71' title="bbox 325 4238 1896 4337">
     <span class='ocr_line' id='line_1_71' title="bbox 325 4238 1896 4337; baseline 0.012 -48"><span class='ocrx_word' id='word_1_536' title='bbox 325 4238 621 4304; x_wconf 80' lang='grc' dir='ltr'><strong>ἀναγκαῖον</strong></span> <span class='ocrx_word' id='word_1_537' title='bbox 647 4241 946 4313; x_wconf 83' lang='grc' dir='ltr'><strong>ὁμολογεῖν,</strong></span> <span class='ocrx_word' id='word_1_538' title='bbox 976 4246 1051 4311; x_wconf 85' lang='grc' dir='ltr'><strong>ὡς</strong></span> <span class='ocrx_word' id='word_1_539' title='bbox 1072 4250 1135 4302; x_wconf 85' lang='grc' dir='ltr'><strong>ὲκ</strong></span> <span class='ocrx_word' id='word_1_540' title='bbox 1165 4250 1268 4319; x_wconf 78' lang='grc' dir='ltr'><strong>τῆς</strong></span> <span class='ocrx_word' id='word_1_541' title='bbox 1297 4252 1530 4323; x_wconf 85' lang='grc' dir='ltr'><strong>ἀρχαίας</strong></span> <span class='ocrx_word' id='word_1_542' title='bbox 1546 4254 1771 4337; x_wconf 28' lang='grc' dir='ltr'><strong>,πλάνης</strong></span> <span class='ocrx_word' id='word_1_543' title='bbox 1805 4274 1896 4311; x_wconf 85' lang='grc' dir='ltr'><strong>κε-</strong></span> 
     </span>
    </p>
   </div>
   <div class='ocr_carea' id='block_1_72' title="bbox 326 4325 1893 4416">
    <p class='ocr_par' dir='ltr' id='par_1_72' title="bbox 326 4325 1893 4416">
     <span class='ocr_line' id='line_1_72' title="bbox 326 4325 1893 4416; baseline 0.015 -37"><span class='ocrx_word' id='word_1_544' title='bbox 326 4325 427 4397; x_wconf 85' lang='grc' dir='ltr'><strong>κλή</strong></span> <span class='ocrx_word' id='word_1_545' title='bbox 438 4327 577 4398; x_wconf 82' lang='grc' dir='ltr'><strong>μεθα</strong></span> <span class='ocrx_word' id='word_1_546' title='bbox 608 4332 742 4402; x_wconf 77' lang='grc' dir='ltr'><strong>πρὸς</strong></span> <span class='ocrx_word' id='word_1_547' title='bbox 771 4334 1065 4403; x_wconf 78' lang='grc' dir='ltr'><strong>ἐπίγνωσιν</strong></span> <span class='ocrx_word' id='word_1_548' title='bbox 1089 4339 1184 4392; x_wconf 86' lang='grc' dir='ltr'><strong>τοῦ</strong></span> <span class='ocrx_word' id='word_1_549' title='bbox 1212 4344 1352 4397; x_wconf 89' lang='grc' dir='ltr'><strong>κατά</strong></span> <span class='ocrx_word' id='word_1_550' title='bbox 1375 4325 1708 4414; x_wconf 64' lang='grc' dir='ltr'><strong>φύσινὸντος</strong></span> <span class='ocrx_word' id='word_1_551' title='bbox 1726 4325 1893 4416; x_wconf 82' lang='grc' dir='ltr'><strong>Θεοῦ;</strong></span> 
     </span>
    </p>
   </div>
   <div class='ocr_carea' id='block_1_73' title="bbox 321 4417 1895 4511">
    <p class='ocr_par' dir='ltr' id='par_1_73' title="bbox 321 4417 1895 4511">
     <span class='ocr_line' id='line_1_73' title="bbox 321 4417 1895 4511; baseline 0.017 -41"><span class='ocrx_word' id='word_1_552' title='bbox 321 4417 530 4489; x_wconf 82' lang='grc' dir='ltr'><strong>Θαρσεϊ</strong></span> <span class='ocrx_word' id='word_1_553' title='bbox 555 4421 611 4475; x_wconf 79' lang='grc' dir='ltr'><strong>δὲ</strong></span> <span class='ocrx_word' id='word_1_554' title='bbox 639 4424 891 4482; x_wconf 87' lang='grc' dir='ltr'><strong>τοσοῦτον</strong></span> <span class='ocrx_word' id='word_1_555' title='bbox 923 4429 952 4481; x_wconf 83' lang='grc' dir='ltr'><strong>ὁ</strong></span> <span class='ocrx_word' id='word_1_556' title='bbox 987 4431 1255 4503; x_wconf 86' lang='grc' dir='ltr'><strong>μακάριος</strong></span> <span class='ocrx_word' id='word_1_557' title='bbox 1288 4435 1521 4503; x_wconf 85' lang='grc' dir='ltr'><strong>Παῦλος,</strong></span> <span class='ocrx_word' id='word_1_558' title='bbox 1555 4438 1631 4503; x_wconf 84' lang='grc' dir='ltr'><strong>ὡς</strong></span> <span class='ocrx_word' id='word_1_559' title='bbox 1657 4442 1751 4494; x_wconf 75' lang='grc' dir='ltr'><strong>καὶ</strong></span> <span class='ocrx_word' id='word_1_560' title='bbox 1795 4443 1895 4511; x_wconf 85' lang='grc' dir='ltr'><strong>ἀγ-</strong></span> 
     </span>
    </p>
   </div>
   <div class='ocr_carea' id='block_1_74' title="bbox 324 4510 1893 4603">
    <p class='ocr_par' dir='ltr' id='par_1_74' title="bbox 324 4510 1893 4603">
     <span class='ocr_line' id='line_1_74' title="bbox 324 4510 1893 4603; baseline 0.018 -43"><span class='ocrx_word' id='word_1_561' title='bbox 324 4510 515 4578; x_wconf 80' lang='grc' dir='ltr'><strong>γέλους</strong></span> <span class='ocrx_word' id='word_1_562' title='bbox 544 4512 980 4587; x_wconf 71' lang='grc' dir='ltr'><strong>ἀναθεματίζειν,</strong></span> <span class='ocrx_word' id='word_1_563' title='bbox 1006 4524 1056 4575; x_wconf 84' lang='grc' dir='ltr'><strong>εί</strong></span> <span class='ocrx_word' id='word_1_564' title='bbox 1084 4522 1148 4593; x_wconf 82' lang='grc' dir='ltr'><strong>δὴ</strong></span> <span class='ocrx_word' id='word_1_565' title='bbox 1180 4528 1612 4600; x_wconf 69' lang='grc' dir='ltr'><strong>μεταστρέψειαν</strong></span> <span class='ocrx_word' id='word_1_566' title='bbox 1637 4533 1698 4585; x_wconf 90' lang='grc' dir='ltr'><strong>τὸ</strong></span> <span class='ocrx_word' id='word_1_567' title='bbox 1716 4533 1893 4603; x_wconf 81' lang='grc' dir='ltr'><strong>Εὐαγ-</strong></span> 
     </span>
    </p>
   </div>
   <div class='ocr_carea' id='block_1_75' title="bbox 324 4601 923 4677">
    <p class='ocr_par' dir='ltr' id='par_1_75' title="bbox 324 4601 923 4677">
     <span class='ocr_line' id='line_1_75' title="bbox 324 4601 923 4677; baseline 0.018 -24"><span class='ocrx_word' id='word_1_568' title='bbox 324 4601 503 4669; x_wconf 87' lang='grc' dir='ltr'><strong>γέλιον</strong></span> <span class='ocrx_word' id='word_1_569' title='bbox 538 4604 632 4657; x_wconf 85' lang='grc' dir='ltr'><strong>τοῦ</strong></span> <span class='ocrx_word' id='word_1_570' title='bbox 666 4607 923 4677; x_wconf 82' lang='grc' dir='ltr'><strong>Χριστοῦ.</strong></span> 
     </span>
    </p>
   </div>
   <div class='ocr_carea' id='block_1_76' title="bbox 402 4690 1892 4784">
    <p class='ocr_par' dir='ltr' id='par_1_76' title="bbox 402 4690 1892 4784">
     <span class='ocr_line' id='line_1_76' title="bbox 402 4690 1892 4784; baseline 0.019 -44"><span class='ocrx_word' id='word_1_571' title='bbox 402 4690 559 4744; x_wconf 74' lang='grc' dir='ltr'><strong>«Ὅτε</strong></span> <span class='ocrx_word' id='word_1_572' title='bbox 582 4692 653 4755; x_wconf 46' lang='grc' dir='ltr'><strong>,δὲ</strong></span> <span class='ocrx_word' id='word_1_573' title='bbox 687 4695 985 4767; x_wconf 83' lang='grc' dir='ltr'><strong>ηὐδόκησεν</strong></span> <span class='ocrx_word' id='word_1_574' title='bbox 1013 4702 1042 4754; x_wconf 93' lang='grc' dir='ltr'><strong>ό</strong></span> <span class='ocrx_word' id='word_1_575' title='bbox 1073 4702 1204 4766; x_wconf 85' lang='grc' dir='ltr'><strong>Θεὸς</strong></span> <span class='ocrx_word' id='word_1_576' title='bbox 1237 4708 1266 4759; x_wconf 91' lang='grc' dir='ltr'><strong>ό</strong></span> <span class='ocrx_word' id='word_1_577' title='bbox 1298 4709 1567 4780; x_wconf 78' lang='grc' dir='ltr'><strong>ἀφορίσας</strong></span> <span class='ocrx_word' id='word_1_578' title='bbox 1596 4730 1665 4784; x_wconf 87' lang='grc' dir='ltr'><strong>με</strong></span> <span class='ocrx_word' id='word_1_579' title='bbox 1691 4713 1754 4766; x_wconf 79' lang='grc' dir='ltr'><strong>ἐκ</strong></span> <span class='ocrx_word' id='word_1_580' title='bbox 1785 4732 1892 4768; x_wconf 76' lang='grc' dir='ltr'><strong>κοιο</strong></span> 
     </span>
    </p>
   </div>
   <div class='ocr_carea' id='block_1_77' title="bbox 323 4780 1893 4878">
    <p class='ocr_par' dir='ltr' id='par_1_77' title="bbox 323 4780 1893 4878">
     <span class='ocr_line' id='line_1_77' title="bbox 323 4780 1893 4878; baseline 0.02 -47"><span class='ocrx_word' id='word_1_581' title='bbox 323 4780 445 4878; x_wconf 68' lang='grc' dir='ltr'><strong>λίας</strong></span> <span class='ocrx_word' id='word_1_582' title='bbox 477 4784 680 4853; x_wconf 83' lang='grc' dir='ltr'><strong>μητρός</strong></span> <span class='ocrx_word' id='word_1_583' title='bbox 703 4803 826 4856; x_wconf 82' lang='grc' dir='ltr'><strong>μου,</strong></span> <span class='ocrx_word' id='word_1_584' title='bbox 850 4790 1198 4863; x_wconf 75' lang='grc' dir='ltr'><strong>ἀποκαλύψαι</strong></span> <span class='ocrx_word' id='word_1_585' title='bbox 1217 4798 1307 4851; x_wconf 90' lang='grc' dir='ltr'><strong>τὸν</strong></span> <span class='ocrx_word' id='word_1_586' title='bbox 1331 4801 1457 4855; x_wconf 87' lang='grc' dir='ltr'><strong>Υίὸν</strong></span> <span class='ocrx_word' id='word_1_587' title='bbox 1480 4780 1646 4859; x_wconf 83' lang='grc' dir='ltr'><strong>αὐτοῦ</strong></span> <span class='ocrx_word' id='word_1_588' title='bbox 1670 4808 1728 4860; x_wconf 87' lang='grc' dir='ltr'><strong>ὲν</strong></span> <span class='ocrx_word' id='word_1_589' title='bbox 1749 4807 1893 4878; x_wconf 70' lang='grc' dir='ltr'><strong>ἐμοὶ,</strong></span> 
     </span>
    </p>
   </div>
   <div class='ocr_carea' id='block_1_78' title="bbox 324 4869 1895 4962">
    <p class='ocr_par' dir='ltr' id='par_1_78' title="bbox 324 4869 1895 4962">
     <span class='ocr_line' id='line_1_78' title="bbox 324 4869 1895 4962; baseline 0.02 -40"><span class='ocrx_word' id='word_1_590' title='bbox 324 4869 413 4924; x_wconf 78' lang='grc' dir='ltr'><strong>ἵνα</strong></span> <span class='ocrx_word' id='word_1_591' title='bbox 452 4875 888 4947; x_wconf 75' lang='grc' dir='ltr'><strong>εὐαγγελίζωμαι</strong></span> <span class='ocrx_word' id='word_1_592' title='bbox 918 4882 1080 4936; x_wconf 83' lang='grc' dir='ltr'><strong>αὐτὸν</strong></span> <span class='ocrx_word' id='word_1_593' title='bbox 1109 4887 1166 4939; x_wconf 82' lang='grc' dir='ltr'><strong>ὲν</strong></span> <span class='ocrx_word' id='word_1_594' title='bbox 1196 4890 1310 4952; x_wconf 82' lang='grc' dir='ltr'><strong>τοῖς</strong></span> <span class='ocrx_word' id='word_1_595' title='bbox 1346 4890 1573 4959; x_wconf 80' lang='grc' dir='ltr'><strong>ἔθνεσιν,</strong></span> <span class='ocrx_word' id='word_1_596' title='bbox 1600 4896 1802 4962; x_wconf 80' lang='grc' dir='ltr'><strong>εὐθέως</strong></span> <span class='ocrx_word' id='word_1_597' title='bbox 1834 4900 1895 4951; x_wconf 76' lang='grc' dir='ltr'><strong>οὐ</strong></span> 
     </span>
    </p>
   </div>
   <div class='ocr_carea' id='block_1_79' title="bbox 328 4963 1895 5055">
    <p class='ocr_par' dir='ltr' id='par_1_79' title="bbox 328 4963 1895 5055">
     <span class='ocr_line' id='line_1_79' title="bbox 328 4963 1895 5055; baseline 0.02 -43"><span class='ocrx_word' id='word_1_598' title='bbox 328 4963 746 5037; x_wconf 77' lang='grc' dir='ltr'><strong>προσανεθέμην</strong></span> <span class='ocrx_word' id='word_1_599' title='bbox 781 4972 943 5041; x_wconf 77' lang='grc' dir='ltr'><strong>σαρκὶ</strong></span> <span class='ocrx_word' id='word_1_600' title='bbox 991 4975 1084 5027; x_wconf 81' lang='grc' dir='ltr'><strong>καὶ</strong></span> <span class='ocrx_word' id='word_1_601' title='bbox 1119 4976 1330 5046; x_wconf 78' lang='grc' dir='ltr'><strong>αἵματι,</strong></span> <span class='ocrx_word' id='word_1_602' title='bbox 1363 4980 1485 5035; x_wconf 84' lang='grc' dir='ltr'><strong>οὐδὲ</strong></span> <span class='ocrx_word' id='word_1_603' title='bbox 1535 4985 1766 5055; x_wconf 78' lang='grc' dir='ltr'><strong>ἀνῆλθον</strong></span> <span class='ocrx_word' id='word_1_604' title='bbox 1815 4990 1895 5052; x_wconf 84' lang='grc' dir='ltr'><strong>είς</strong></span> 
     </span>
    </p>
   </div>
   <div class='ocr_carea' id='block_1_80' title="bbox 341 5051 1896 5150">
    <p class='ocr_par' dir='ltr' id='par_1_80' title="bbox 341 5051 1896 5150">
     <span class='ocr_line' id='line_1_80' title="bbox 341 5051 1896 5150; baseline 0.017 -46"><span class='ocrx_word' id='word_1_605' title='bbox 341 5051 684 5126; x_wconf 82' lang='grc' dir='ltr'><strong>Ἰεροσόλυμα</strong></span> <span class='ocrx_word' id='word_1_606' title='bbox 712 5062 846 5131; x_wconf 84' lang='grc' dir='ltr'><strong>πρὸς</strong></span> <span class='ocrx_word' id='word_1_607' title='bbox 875 5064 1000 5126; x_wconf 63' lang='grc' dir='ltr'><strong>τοὺς</strong></span> <span class='ocrx_word' id='word_1_608' title='bbox 1050 5066 1157 5137; x_wconf 83' lang='grc' dir='ltr'><strong>πρὸ</strong></span> <span class='ocrx_word' id='word_1_609' title='bbox 1202 5070 1336 5138; x_wconf 81' lang='grc' dir='ltr'><strong>ἐμοῦ</strong></span> <span class='ocrx_word' id='word_1_610' title='bbox 1368 5051 1717 5139; x_wconf 81' lang='grc' dir='ltr'><strong>ἀποστόλους.</strong></span> <span class='ocrx_word' id='word_1_611' title='bbox 1754 5097 1773 5128; x_wconf 78' lang='grc' dir='ltr'><strong>ι</strong></span> <span class='ocrx_word' id='word_1_612' title='bbox 1806 5079 1896 5150; x_wconf 82' lang='grc' dir='ltr'>Τῷ</span> 
     </span>
    </p>
   </div>
   <div class='ocr_carea' id='block_1_81' title="bbox 332 5146 1895 5236">
    <p class='ocr_par' dir='ltr' id='par_1_81' title="bbox 332 5146 1895 5236">
     <span class='ocr_line' id='line_1_81' title="bbox 332 5146 1895 5236; baseline 0.019 -41"><span class='ocrx_word' id='word_1_613' title='bbox 332 5146 441 5236; x_wconf 77' lang='grc' dir='ltr'><strong>γάρ</strong></span> <span class='ocrx_word' id='word_1_614' title='bbox 488 5146 637 5236; x_wconf 66' lang='grc' dir='ltr'><strong>ἀπαξ</strong></span> <span class='ocrx_word' id='word_1_615' title='bbox 682 5150 780 5220; x_wconf 78' lang='grc' dir='ltr'><strong>τὴν</strong></span> <span class='ocrx_word' id='word_1_616' title='bbox 827 5154 893 5205; x_wconf 81' lang='grc' dir='ltr'><strong>ἐκ</strong></span> <span class='ocrx_word' id='word_1_617' title='bbox 945 5155 1081 5210; x_wconf 83' lang='grc' dir='ltr'><strong>Θεοῦ</strong></span> <span class='ocrx_word' id='word_1_618' title='bbox 1130 5159 1342 5230; x_wconf 81' lang='grc' dir='ltr'><strong>λαχόντι</strong></span> <span class='ocrx_word' id='word_1_619' title='bbox 1376 5167 1767 5236; x_wconf 83' lang='grc' dir='ltr'><strong>μυσταγωγίαν</strong></span> <span class='ocrx_word' id='word_1_620' title='bbox 1800 5146 1895 5224; x_wconf 49' lang='grc' dir='ltr'><strong>καλ.</strong></span> 
     </span>
    </p>
   </div>
   <div class='ocr_carea' id='block_1_82' title="bbox 322 5232 1889 5327">
    <p class='ocr_par' dir='ltr' id='par_1_82' title="bbox 322 5232 1889 5327">
     <span class='ocr_line' id='line_1_82' title="bbox 322 5232 1889 5327; baseline 0.02 -44"><span class='ocrx_word' id='word_1_621' title='bbox 322 5232 686 5304; x_wconf 64' lang='grc' dir='ltr'><strong>ἀποκάλυψιν,</strong></span> <span class='ocrx_word' id='word_1_622' title='bbox 708 5240 805 5292; x_wconf 79' lang='grc' dir='ltr'><strong>οὐκ</strong></span> <span class='ocrx_word' id='word_1_623' title='bbox 828 5240 938 5296; x_wconf 80' lang='grc' dir='ltr'><strong>ἔδει</strong></span> <span class='ocrx_word' id='word_1_624' title='bbox 962 5245 1061 5315; x_wconf 83' lang='grc' dir='ltr'><strong>τῆς</strong></span> <span class='ocrx_word' id='word_1_625' title='bbox 1080 5246 1136 5311; x_wconf 80' lang='grc' dir='ltr'>ἐξ</span> <span class='ocrx_word' id='word_1_626' title='bbox 1161 5248 1464 5320; x_wconf 78' lang='grc' dir='ltr'><strong>ἀνθρώπων</strong></span> <span class='ocrx_word' id='word_1_627' title='bbox 1494 5256 1889 5327; x_wconf 83' lang='grc' dir='ltr'><strong>παιδαγωγίας.</strong></span> 
     </span>
    </p>
   </div>
   <div class='ocr_carea' id='block_1_83' title="bbox 324 5323 1893 5420">
    <p class='ocr_par' dir='ltr' id='par_1_83' title="bbox 324 5323 1893 5420">
     <span class='ocr_line' id='line_1_83' title="bbox 324 5323 1893 5420; baseline 0.017 -46"><span class='ocrx_word' id='word_1_628' title='bbox 324 5323 470 5394; x_wconf 74' lang='grc' dir='ltr'><strong>Πλὴν</strong></span> <span class='ocrx_word' id='word_1_629' title='bbox 515 5326 690 5380; x_wconf 80' lang='grc' dir='ltr'><strong>ἐκεῖνό</strong></span> <span class='ocrx_word' id='word_1_630' title='bbox 732 5347 932 5399; x_wconf 62' lang='grc' dir='ltr'><strong>φαμεν</strong></span> <span class='ocrx_word' id='word_1_631' title='bbox 962 5335 1099 5390; x_wconf 86' lang='grc' dir='ltr'><strong>Τίνα</strong></span> <span class='ocrx_word' id='word_1_632' title='bbox 1127 5339 1476 5410; x_wconf 78' lang='grc' dir='ltr'><strong>ἀπεκάλυψεν</strong></span> <span class='ocrx_word' id='word_1_633' title='bbox 1522 5346 1551 5396; x_wconf 91' lang='grc' dir='ltr'><strong>ό</strong></span> <span class='ocrx_word' id='word_1_634' title='bbox 1585 5323 1772 5418; x_wconf 76' lang='grc' dir='ltr'><strong>Πατὴρ</strong></span> <span class='ocrx_word' id='word_1_635' title='bbox 1814 5349 1893 5420; x_wconf 78' lang='grc' dir='ltr'><strong>τῷ</strong></span> 
     </span>
    </p>
   </div>
   <div class='ocr_carea' id='block_1_84' title="bbox 323 5415 1891 5502">
    <p class='ocr_par' dir='ltr' id='par_1_84' title="bbox 323 5415 1891 5502">
     <span class='ocr_line' id='line_1_84' title="bbox 323 5415 1891 5502; baseline 0.018 -36"><span class='ocrx_word' id='word_1_636' title='bbox 323 5415 580 5487; x_wconf 75' lang='grc' dir='ltr'><strong>μακαρίῳ</strong></span> <span class='ocrx_word' id='word_1_637' title='bbox 611 5418 885 5494; x_wconf 82' lang='grc' dir='ltr'><strong>Παύλῳ,ῆ</strong></span> <span class='ocrx_word' id='word_1_638' title='bbox 917 5424 1041 5480; x_wconf 85' lang='grc' dir='ltr'><strong>τίνα</strong></span> <span class='ocrx_word' id='word_1_639' title='bbox 1063 5431 1431 5502; x_wconf 80' lang='grc' dir='ltr'><strong>προστέταχεν</strong></span> <span class='ocrx_word' id='word_1_640' title='bbox 1464 5436 1521 5487; x_wconf 84' lang='grc' dir='ltr'><strong>ὲν</strong></span> <span class='ocrx_word' id='word_1_641' title='bbox 1542 5440 1653 5501; x_wconf 77' lang='grc' dir='ltr'><strong>τοῖς</strong></span> <span class='ocrx_word' id='word_1_642' title='bbox 1682 5437 1891 5494; x_wconf 79' lang='grc' dir='ltr'><strong>ἔθνεσιν</strong></span> 
     </span>
    </p>
   </div>
   <div class='ocr_carea' id='block_1_85' title="bbox 2230 3226 3250 3314">
    <p class='ocr_par' dir='ltr' id='par_1_85' title="bbox 2230 3226 3250 3314">
     <span class='ocr_line' id='line_1_85' title="bbox 2230 3226 3250 3314; baseline 0.007 -32"><span class='ocrx_word' id='word_1_643' title='bbox 2230 3305 2271 3314; x_wconf 36' lang='grc' dir='ltr'><strong><em>ν</em></strong></span> <span class='ocrx_word' id='word_1_644' title='bbox 2332 3226 2485 3297; x_wconf 76' lang='lat'><strong>121</strong></span> <span class='ocrx_word' id='word_1_645' title='bbox 2523 3226 2608 3280; x_wconf 77' lang='lat' dir='ltr'><strong>Ea:</strong></span> <span class='ocrx_word' id='word_1_646' title='bbox 2643 3227 2881 3298; x_wconf 76' lang='lat' dir='ltr'><strong>Epistola</strong></span> <span class='ocrx_word' id='word_1_647' title='bbox 2913 3232 2983 3285; x_wconf 81' lang='lat' dir='ltr'><strong>ad</strong></span> <span class='ocrx_word' id='word_1_648' title='bbox 3015 3231 3250 3289; x_wconf 77' lang='lat' dir='ltr'><strong>Galatas.</strong></span> 
     </span>
    </p>
   </div>
   <div class='ocr_carea' id='block_1_86' title="bbox 2076 3338 3571 3410">
    <p class='ocr_par' dir='ltr' id='par_1_86' title="bbox 2076 3338 3571 3410">
     <span class='ocr_line' id='line_1_86' title="bbox 2076 3338 3571 3410; baseline 0.011 -18"><span class='ocrx_word' id='word_1_649' title='bbox 2076 3359 2097 3392; x_wconf 78' lang='grc' dir='ltr'><strong>ι</strong></span> <span class='ocrx_word' id='word_1_650' title='bbox 2126 3338 2312 3408; x_wconf 80' lang='lat' dir='ltr'><strong>Miror,</strong></span> <span class='ocrx_word' id='word_1_651' title='bbox 2354 3342 2493 3410; x_wconf 92' lang='lat' dir='ltr'><strong>quod</strong></span> <span class='ocrx_word' id='word_1_652' title='bbox 2523 3342 2603 3398; x_wconf 91' lang='lat' dir='ltr'><strong>sic</strong></span> <span class='ocrx_word' id='word_1_653' title='bbox 2639 3354 2748 3398; x_wconf 90' lang='lat' dir='ltr'><strong>tam</strong></span> <span class='ocrx_word' id='word_1_654' title='bbox 2798 3345 2906 3400; x_wconf 87' lang='lat' dir='ltr'><strong>cito</strong></span> <span class='ocrx_word' id='word_1_655' title='bbox 2960 3347 3345 3405; x_wconf 76' lang='lat' dir='ltr'><strong>transferimini</strong></span> <span class='ocrx_word' id='word_1_656' title='bbox 3401 3353 3470 3407; x_wconf 86' lang='lat' dir='ltr'><strong>ab</strong></span> <span class='ocrx_word' id='word_1_657' title='bbox 3505 3370 3571 3409; x_wconf 82' lang='lat' dir='ltr'><strong>eo</strong></span> 
     </span>
    </p>
   </div>
   <div class='ocr_carea' id='block_1_87' title="bbox 1999 3433 3572 3506">
    <p class='ocr_par' dir='ltr' id='par_1_87' title="bbox 1999 3433 3572 3506">
     <span class='ocr_line' id='line_1_87' title="bbox 1999 3433 3572 3506; baseline 0.008 -21"><span class='ocrx_word' id='word_1_658' title='bbox 1999 3433 2091 3504; x_wconf 89' lang='lat' dir='ltr'><strong>qui</strong></span> <span class='ocrx_word' id='word_1_659' title='bbox 2117 3448 2212 3488; x_wconf 86' lang='lat' dir='ltr'><strong>vos</strong></span> <span class='ocrx_word' id='word_1_660' title='bbox 2240 3435 2450 3489; x_wconf 85' lang='lat' dir='ltr'><strong>vocavit</strong></span> <span class='ocrx_word' id='word_1_661' title='bbox 2496 3434 2550 3490; x_wconf 91' lang='lat' dir='ltr'><strong>in</strong></span> <span class='ocrx_word' id='word_1_662' title='bbox 2588 3437 2816 3506; x_wconf 75' lang='lat' dir='ltr'><strong>gratiam</strong></span> <span class='ocrx_word' id='word_1_663' title='bbox 2852 3436 3076 3505; x_wconf 85' lang='lat' dir='ltr'><strong>Christi,</strong></span> <span class='ocrx_word' id='word_1_664' title='bbox 3117 3440 3169 3494; x_wconf 92' lang='lat' dir='ltr'><strong>in</strong></span> <span class='ocrx_word' id='word_1_665' title='bbox 3213 3441 3356 3497; x_wconf 89' lang='lat' dir='ltr'><strong>aliud</strong></span> <span class='ocrx_word' id='word_1_666' title='bbox 3394 3442 3572 3498; x_wconf 82' lang='lat' dir='ltr'><strong>Evan-</strong></span> 
     </span>
    </p>
   </div>
   <div class='ocr_carea' id='block_1_88' title="bbox 2000 3522 3568 3605">
    <p class='ocr_par' dir='ltr' id='par_1_88' title="bbox 2000 3522 3568 3605">
     <span class='ocr_line' id='line_1_88' title="bbox 2000 3522 3568 3605; baseline 0.008 -28"><span class='ocrx_word' id='word_1_667' title='bbox 2000 3522 2238 3594; x_wconf 84' lang='lat' dir='ltr'><strong>gelium:</strong></span> <span class='ocrx_word' id='word_1_668' title='bbox 2280 3526 2420 3594; x_wconf 88' lang='lat' dir='ltr'><strong>quod</strong></span> <span class='ocrx_word' id='word_1_669' title='bbox 2468 3540 2573 3581; x_wconf 91' lang='lat' dir='ltr'><strong>non</strong></span> <span class='ocrx_word' id='word_1_670' title='bbox 2620 3538 2702 3583; x_wconf 90' lang='lat' dir='ltr'><strong>est</strong></span> <span class='ocrx_word' id='word_1_671' title='bbox 2750 3528 2916 3595; x_wconf 87' lang='lat' dir='ltr'><strong>aliud,</strong></span> <span class='ocrx_word' id='word_1_672' title='bbox 2947 3530 3049 3585; x_wconf 87' lang='lat' dir='ltr'><strong>nisi</strong></span> <span class='ocrx_word' id='word_1_673' title='bbox 3099 3541 3227 3586; x_wconf 88' lang='lat' dir='ltr'><strong>sunt</strong></span> <span class='ocrx_word' id='word_1_674' title='bbox 3256 3532 3448 3603; x_wconf 87' lang='lat' dir='ltr'><strong>aliqui,</strong></span> <span class='ocrx_word' id='word_1_675' title='bbox 3477 3539 3568 3605; x_wconf 85' lang='lat' dir='ltr'><strong>qui</strong></span> 
     </span>
    </p>
   </div>
   <div class='ocr_carea' id='block_1_89' title="bbox 2000 3616 3568 3696">
    <p class='ocr_par' dir='ltr' id='par_1_89' title="bbox 2000 3616 3568 3696">
     <span class='ocr_line' id='line_1_89' title="bbox 2000 3616 3568 3696; baseline 0.008 -28"><span class='ocrx_word' id='word_1_676' title='bbox 2000 3629 2096 3670; x_wconf 87' lang='lat' dir='ltr'><strong>vos</strong></span> <span class='ocrx_word' id='word_1_677' title='bbox 2137 3616 2490 3684; x_wconf 81' lang='lat' dir='ltr'><strong>perturbant,</strong></span> <span class='ocrx_word' id='word_1_678' title='bbox 2540 3628 2594 3673; x_wconf 92' lang='lat' dir='ltr'><strong>et</strong></span> <span class='ocrx_word' id='word_1_679' title='bbox 2630 3631 2952 3676; x_wconf 84' lang='lat' dir='ltr'><strong>convertere</strong></span> <span class='ocrx_word' id='word_1_680' title='bbox 2996 3622 3182 3677; x_wconf 86' lang='lat' dir='ltr'><strong>volunt</strong></span> <span class='ocrx_word' id='word_1_681' title='bbox 3220 3622 3568 3696; x_wconf 77' lang='lat' dir='ltr'><strong>Evangelimn</strong></span> 
     </span>
    </p>
   </div>
   <div class='ocr_carea' id='block_1_90' title="bbox 1999 3704 3571 3787">
    <p class='ocr_par' dir='ltr' id='par_1_90' title="bbox 1999 3704 3571 3787">
     <span class='ocr_line' id='line_1_90' title="bbox 1999 3704 3571 3787; baseline 0.008 -29"><span class='ocrx_word' id='word_1_682' title='bbox 1999 3704 2221 3760; x_wconf 89' lang='lat' dir='ltr'><strong>Christi.</strong></span> <span class='ocrx_word' id='word_1_683' title='bbox 2250 3705 2356 3762; x_wconf 89' lang='lat' dir='ltr'><strong>Sed</strong></span> <span class='ocrx_word' id='word_1_684' title='bbox 2386 3707 2514 3763; x_wconf 86' lang='lat' dir='ltr'><strong>licet</strong></span> <span class='ocrx_word' id='word_1_685' title='bbox 2549 3724 2669 3773; x_wconf 92' lang='lat' dir='ltr'><strong>nos,</strong></span> <span class='ocrx_word' id='word_1_686' title='bbox 2707 3719 2799 3763; x_wconf 88' lang='lat' dir='ltr'><strong>aut</strong></span> <span class='ocrx_word' id='word_1_687' title='bbox 2833 3712 3059 3782; x_wconf 78' lang='lat' dir='ltr'><strong>angelus</strong></span> <span class='ocrx_word' id='word_1_688' title='bbox 3083 3712 3150 3767; x_wconf 90' lang='lat' dir='ltr'><strong>de</strong></span> <span class='ocrx_word' id='word_1_689' title='bbox 3173 3714 3312 3768; x_wconf 70' lang='lat' dir='ltr'><strong>caelo</strong></span> <span class='ocrx_word' id='word_1_690' title='bbox 3339 3730 3571 3787; x_wconf 80' lang='lat' dir='ltr'><strong>evange—</strong></span> 
     </span>
    </p>
   </div>
   <div class='ocr_carea' id='block_1_91' title="bbox 1998 3792 3566 3873">
    <p class='ocr_par' dir='ltr' id='par_1_91' title="bbox 1998 3792 3566 3873">
     <span class='ocr_line' id='line_1_91' title="bbox 1998 3792 3566 3873; baseline 0.01 -27"><span class='ocrx_word' id='word_1_691' title='bbox 1998 3792 2126 3849; x_wconf 81' lang='lat' dir='ltr'><strong>lizet</strong></span> <span class='ocrx_word' id='word_1_692' title='bbox 2149 3796 2300 3850; x_wconf 90' lang='lat' dir='ltr'><strong>vobis</strong></span> <span class='ocrx_word' id='word_1_693' title='bbox 2328 3808 2683 3867; x_wconf 68' lang='lat' dir='ltr'><strong>prmterquam</strong></span> <span class='ocrx_word' id='word_1_694' title='bbox 2712 3804 2853 3868; x_wconf 88' lang='lat' dir='ltr'><strong>quod</strong></span> <span class='ocrx_word' id='word_1_695' title='bbox 2882 3804 3368 3871; x_wconf 79' lang='lat' dir='ltr'><strong>evangelizavimus</strong></span> <span class='ocrx_word' id='word_1_696' title='bbox 3394 3810 3566 3873; x_wconf 81' lang='lat' dir='ltr'><strong>vobis,</strong></span> 
     </span>
    </p>
   </div>
   <div class='ocr_carea' id='block_1_92' title="bbox 1999 3886 3567 3964">
    <p class='ocr_par' dir='ltr' id='par_1_92' title="bbox 1999 3886 3567 3964">
     <span class='ocr_line' id='line_1_92' title="bbox 1999 3886 3567 3964; baseline 0.01 -27"><span class='ocrx_word' id='word_1_697' title='bbox 1999 3886 2284 3941; x_wconf 86' lang='lat' dir='ltr'><strong>anathema</strong></span> <span class='ocrx_word' id='word_1_698' title='bbox 2315 3887 2385 3941; x_wconf 86' lang='lat' dir='ltr'><strong>sit</strong></span> <span class='ocrx_word' id='word_1_699' title='bbox 2404 3887 2472 3941; x_wconf 84' lang='grc'><strong>⁸³.</strong></span> <span class='ocrx_word' id='word_1_700' title='bbox 2512 3906 2531 3938; x_wconf 76' lang='grc' dir='ltr'><strong>ι</strong></span> <span class='ocrx_word' id='word_1_701' title='bbox 2574 3887 2632 3943; x_wconf 88' lang='lat' dir='ltr'><strong>Si</strong></span> <span class='ocrx_word' id='word_1_702' title='bbox 2659 3906 2822 3943; x_wconf 90' lang='lat' dir='ltr'><strong>unum</strong></span> <span class='ocrx_word' id='word_1_703' title='bbox 2847 3901 3051 3947; x_wconf 88' lang='lat' dir='ltr'><strong>tantum</strong></span> <span class='ocrx_word' id='word_1_704' title='bbox 3085 3906 3168 3948; x_wconf 85' lang='lat' dir='ltr'><strong>est</strong></span> <span class='ocrx_word' id='word_1_705' title='bbox 3199 3894 3567 3964; x_wconf 79' lang='lat' dir='ltr'><strong>Evangeliunt,</strong></span> 
     </span>
    </p>
   </div>
   <div class='ocr_carea' id='block_1_93' title="bbox 1999 3975 3567 4058">
    <p class='ocr_par' dir='ltr' id='par_1_93' title="bbox 1999 3975 3567 4058">
     <span class='ocr_line' id='line_1_93' title="bbox 1999 3975 3567 4058; baseline 0.008 -27"><span class='ocrx_word' id='word_1_706' title='bbox 1999 3975 2053 4031; x_wconf 92' lang='lat' dir='ltr'><strong>in</strong></span> <span class='ocrx_word' id='word_1_707' title='bbox 2087 3976 2341 4031; x_wconf 89' lang='lat' dir='ltr'><strong>universo</strong></span> <span class='ocrx_word' id='word_1_708' title='bbox 2373 3988 2638 4036; x_wconf 84' lang='lat' dir='ltr'><strong>terrarum</strong></span> <span class='ocrx_word' id='word_1_709' title='bbox 2673 3981 2804 4036; x_wconf 84' lang='lat' dir='ltr'><strong>orbe</strong></span> <span class='ocrx_word' id='word_1_710' title='bbox 2829 3998 2925 4052; x_wconf 86' lang='lat' dir='ltr'><strong>per</strong></span> <span class='ocrx_word' id='word_1_711' title='bbox 2967 3999 3154 4040; x_wconf 85' lang='lat' dir='ltr'><strong>sacros</strong></span> <span class='ocrx_word' id='word_1_712' title='bbox 3189 3989 3567 4058; x_wconf 83' lang='lat' dir='ltr'><strong>mysteriorum</strong></span> 
     </span>
    </p>
   </div>
   <div class='ocr_carea' id='block_1_94' title="bbox 1999 4067 3569 4141">
    <p class='ocr_par' dir='ltr' id='par_1_94' title="bbox 1999 4067 3569 4141">
     <span class='ocr_line' id='line_1_94' title="bbox 1999 4067 3569 4141; baseline 0.011 -22"><span class='ocrx_word' id='word_1_713' title='bbox 1999 4067 2247 4126; x_wconf 87' lang='lat' dir='ltr'><strong>doctores</strong></span> <span class='ocrx_word' id='word_1_714' title='bbox 2293 4072 2709 4140; x_wconf 73' lang='lat' dir='ltr'><strong>deprmdicatum</strong></span> <span class='ocrx_word' id='word_1_715' title='bbox 2738 4115 2753 4141; x_wconf 97' lang='lat'><strong>,</strong></span> <span class='ocrx_word' id='word_1_716' title='bbox 2804 4077 2907 4132; x_wconf 91' lang='lat' dir='ltr'><strong>hoc</strong></span> <span class='ocrx_word' id='word_1_717' title='bbox 2951 4087 3130 4134; x_wconf 87' lang='lat' dir='ltr'><strong>autem</strong></span> <span class='ocrx_word' id='word_1_718' title='bbox 3185 4090 3267 4135; x_wconf 87' lang='lat' dir='ltr'><strong>est</strong></span> <span class='ocrx_word' id='word_1_719' title='bbox 3327 4080 3458 4137; x_wconf 85' lang='lat' dir='ltr'><strong>lides</strong></span> <span class='ocrx_word' id='word_1_720' title='bbox 3518 4084 3569 4137; x_wconf 92' lang='lat' dir='ltr'><strong>in</strong></span> 
     </span>
    </p>
   </div>
   <div class='ocr_carea' id='block_1_95' title="bbox 1998 4156 3573 4231">
    <p class='ocr_par' dir='ltr' id='par_1_95' title="bbox 1998 4156 3573 4231">
     <span class='ocr_line' id='line_1_95' title="bbox 1998 4156 3573 4231; baseline 0.011 -19"><span class='ocrx_word' id='word_1_721' title='bbox 1998 4156 2295 4229; x_wconf 89' lang='lat' dir='ltr'><strong>Christum,</strong></span> <span class='ocrx_word' id='word_1_722' title='bbox 2343 4166 2612 4231; x_wconf 89' lang='lat' dir='ltr'><strong>quomodo</strong></span> <span class='ocrx_word' id='word_1_723' title='bbox 2652 4166 2755 4222; x_wconf 89' lang='lat' dir='ltr'><strong>hoc</strong></span> <span class='ocrx_word' id='word_1_724' title='bbox 2786 4182 2890 4223; x_wconf 92' lang='lat' dir='ltr'><strong>non</strong></span> <span class='ocrx_word' id='word_1_725' title='bbox 2923 4179 3009 4224; x_wconf 92' lang='lat' dir='ltr'><strong>est</strong></span> <span class='ocrx_word' id='word_1_726' title='bbox 3040 4184 3202 4225; x_wconf 87' lang='lat' dir='ltr'><strong>verus</strong></span> <span class='ocrx_word' id='word_1_727' title='bbox 3250 4170 3436 4227; x_wconf 81' lang='lat' dir='ltr'><strong>Deus?</strong></span> <span class='ocrx_word' id='word_1_728' title='bbox 3464 4174 3573 4229; x_wconf 76' lang='lat' dir='ltr'><strong>Ne-</strong></span> 
     </span>
    </p>
   </div>
   <div class='ocr_carea' id='block_1_96' title="bbox 1996 4251 3572 4333">
    <p class='ocr_par' dir='ltr' id='par_1_96' title="bbox 1996 4251 3572 4333">
     <span class='ocr_line' id='line_1_96' title="bbox 1996 4251 3572 4333; baseline 0.01 -29"><span class='ocrx_word' id='word_1_729' title='bbox 1996 4251 2112 4320; x_wconf 81' lang='lat' dir='ltr'><strong>gari</strong></span> <span class='ocrx_word' id='word_1_730' title='bbox 2142 4252 2286 4306; x_wconf 89' lang='lat' dir='ltr'><strong>enim</strong></span> <span class='ocrx_word' id='word_1_731' title='bbox 2315 4255 2465 4310; x_wconf 90' lang='lat' dir='ltr'><strong>nullo</strong></span> <span class='ocrx_word' id='word_1_732' title='bbox 2496 4258 2655 4313; x_wconf 89' lang='lat' dir='ltr'><strong>modo</strong></span> <span class='ocrx_word' id='word_1_733' title='bbox 2692 4268 2887 4329; x_wconf 84' lang='lat' dir='ltr'><strong>potest,</strong></span> <span class='ocrx_word' id='word_1_734' title='bbox 2926 4262 2995 4318; x_wconf 91' lang='lat' dir='ltr'><strong>ab</strong></span> <span class='ocrx_word' id='word_1_735' title='bbox 3031 4263 3252 4333; x_wconf 88' lang='lat' dir='ltr'><strong>antiquo</strong></span> <span class='ocrx_word' id='word_1_736' title='bbox 3291 4280 3475 4322; x_wconf 87' lang='lat' dir='ltr'><strong>errore</strong></span> <span class='ocrx_word' id='word_1_737' title='bbox 3504 4270 3572 4321; x_wconf 85' lang='lat' dir='ltr'><strong>ad</strong></span> 
     </span>
    </p>
   </div>
   <div class='ocr_carea' id='block_1_97' title="bbox 1999 4342 3574 4422">
    <p class='ocr_par' dir='ltr' id='par_1_97' title="bbox 1999 4342 3574 4422">
     <span class='ocr_line' id='line_1_97' title="bbox 1999 4342 3574 4422; baseline 0.011 -28"><span class='ocrx_word' id='word_1_738' title='bbox 1999 4342 2112 4396; x_wconf 81' lang='lat' dir='ltr'><strong>veri</strong></span> <span class='ocrx_word' id='word_1_739' title='bbox 2163 4347 2536 4418; x_wconf 90' lang='lat' dir='ltr'><strong>naturalisque</strong></span> <span class='ocrx_word' id='word_1_740' title='bbox 2589 4351 2683 4405; x_wconf 91' lang='lat' dir='ltr'><strong>Dei</strong></span> <span class='ocrx_word' id='word_1_741' title='bbox 2734 4353 3064 4422; x_wconf 85' lang='lat' dir='ltr'><strong>agnitionem</strong></span> <span class='ocrx_word' id='word_1_742' title='bbox 3118 4356 3411 4414; x_wconf 81' lang='lat' dir='ltr'><strong>translatos</strong></span> <span class='ocrx_word' id='word_1_743' title='bbox 3474 4373 3574 4412; x_wconf 85' lang='lat' dir='ltr'><strong>nos</strong></span> 
     </span>
    </p>
   </div>
   <div class='ocr_carea' id='block_1_98' title="bbox 1997 4435 3619 4518">
    <p class='ocr_par' dir='ltr' id='par_1_98' title="bbox 1997 4435 3619 4518">
     <span class='ocr_line' id='line_1_98' title="bbox 1997 4435 3619 4518; baseline 0.012 -29"><span class='ocrx_word' id='word_1_744' title='bbox 1997 4448 2138 4489; x_wconf 85' lang='lat' dir='ltr'><strong>esse.</strong></span> <span class='ocrx_word' id='word_1_745' title='bbox 2187 4435 2358 4491; x_wconf 87' lang='lat' dir='ltr'><strong>Tanta</strong></span> <span class='ocrx_word' id='word_1_746' title='bbox 2393 4451 2574 4495; x_wconf 88' lang='lat' dir='ltr'><strong>autem</strong></span> <span class='ocrx_word' id='word_1_747' title='bbox 2606 4453 2690 4497; x_wconf 88' lang='lat' dir='ltr'><strong>est</strong></span> <span class='ocrx_word' id='word_1_748' title='bbox 2724 4442 2864 4499; x_wconf 83' lang='lat' dir='ltr'><strong>beati</strong></span> <span class='ocrx_word' id='word_1_749' title='bbox 2895 4444 3043 4500; x_wconf 70' lang='lat' dir='ltr'><strong>Pauli</strong></span> <span class='ocrx_word' id='word_1_750' title='bbox 3074 4445 3265 4503; x_wconf 80' lang='lat' dir='ltr'><strong>ﬁducia</strong></span> <span class='ocrx_word' id='word_1_751' title='bbox 3286 4489 3301 4515; x_wconf 94' lang='lat'><strong>,</strong></span> <span class='ocrx_word' id='word_1_752' title='bbox 3340 4461 3395 4502; x_wconf 91' lang='lat' dir='ltr'><strong>ut</strong></span> <span class='ocrx_word' id='word_1_753' title='bbox 3425 4450 3572 4518; x_wconf 83' lang='lat' dir='ltr'><strong>ipsos</strong></span> <span class='ocrx_word' id='word_1_754' title='bbox 3596 4458 3619 4467; x_wconf 77' lang='lat'><strong><em>&#39;</em></strong></span> 
     </span>
    </p>
   </div>
   <div class='ocr_carea' id='block_1_99' title="bbox 1997 4528 3570 4608">
    <p class='ocr_par' dir='ltr' id='par_1_99' title="bbox 1997 4528 3570 4608">
     <span class='ocr_line' id='line_1_99' title="bbox 1997 4528 3570 4608; baseline 0.01 -27"><span class='ocrx_word' id='word_1_755' title='bbox 1997 4528 2161 4583; x_wconf 84' lang='lat' dir='ltr'><strong>etiam</strong></span> <span class='ocrx_word' id='word_1_756' title='bbox 2189 4532 2409 4601; x_wconf 85' lang='lat' dir='ltr'><strong>angelos</strong></span> <span class='ocrx_word' id='word_1_757' title='bbox 2439 4535 2770 4590; x_wconf 87' lang='lat' dir='ltr'><strong>anathemati</strong></span> <span class='ocrx_word' id='word_1_758' title='bbox 2798 4538 3068 4608; x_wconf 85' lang='lat' dir='ltr'><strong>subjicere</strong></span> <span class='ocrx_word' id='word_1_759' title='bbox 3114 4556 3217 4594; x_wconf 88' lang='lat' dir='ltr'><strong>non</strong></span> <span class='ocrx_word' id='word_1_760' title='bbox 3259 4542 3485 4607; x_wconf 86' lang='lat' dir='ltr'><strong>dubitet,</strong></span> <span class='ocrx_word' id='word_1_761' title='bbox 3525 4543 3570 4596; x_wconf 85' lang='lat' dir='ltr'><strong>si</strong></span> 
     </span>
    </p>
   </div>
   <div class='ocr_carea' id='block_1_100' title="bbox 1924 4600 3463 4695">
    <p class='ocr_par' dir='ltr' id='par_1_100' title="bbox 1924 4600 3463 4695">
     <span class='ocr_line' id='line_1_100' title="bbox 1924 4600 3463 4695; baseline 0.01 -27"><span class='ocrx_word' id='word_1_762' title='bbox 1924 4600 1969 4654; x_wconf 78' lang='grc' dir='ltr'><strong>Ῑ)</strong></span> <span class='ocrx_word' id='word_1_763' title='bbox 1996 4615 2137 4674; x_wconf 76' lang='lat' dir='ltr'><strong>forte</strong></span> <span class='ocrx_word' id='word_1_764' title='bbox 2165 4600 2366 4677; x_wconf 84' lang='lat' dir='ltr'><strong>Christi</strong></span> <span class='ocrx_word' id='word_1_765' title='bbox 2401 4624 2745 4694; x_wconf 77' lang='lat' dir='ltr'><strong>EVangelium</strong></span> <span class='ocrx_word' id='word_1_766' title='bbox 2772 4600 3080 4695; x_wconf 69' lang='lat' dir='ltr'><strong>pervertere</strong></span> <span class='ocrx_word' id='word_1_767' title='bbox 3116 4631 3463 4684; x_wconf 80' lang='lat' dir='ltr'><strong>tentnverint.</strong></span> 
     </span>
    </p>
   </div>
   <div class='ocr_carea' id='block_1_101' title="bbox 2078 4712 3568 4791">
    <p class='ocr_par' dir='ltr' id='par_1_101' title="bbox 2078 4712 3568 4791">
     <span class='ocr_line' id='line_1_101' title="bbox 2078 4712 3568 4791; baseline 0.011 -27"><span class='ocrx_word' id='word_1_768' title='bbox 2078 4729 2098 4763; x_wconf 78' lang='grc' dir='ltr'><strong>ι</strong></span> <span class='ocrx_word' id='word_1_769' title='bbox 2135 4712 2272 4768; x_wconf 91' lang='lat' dir='ltr'><strong>Cum</strong></span> <span class='ocrx_word' id='word_1_770' title='bbox 2307 4724 2486 4772; x_wconf 89' lang='lat' dir='ltr'><strong>autem</strong></span> <span class='ocrx_word' id='word_1_771' title='bbox 2519 4718 2720 4787; x_wconf 89' lang='lat' dir='ltr'><strong>placuit</strong></span> <span class='ocrx_word' id='word_1_772' title='bbox 2750 4720 2849 4784; x_wconf 84' lang='lat' dir='ltr'><strong>illi,</strong></span> <span class='ocrx_word' id='word_1_773' title='bbox 2891 4720 2985 4791; x_wconf 90' lang='lat' dir='ltr'><strong>qui</strong></span> <span class='ocrx_word' id='word_1_774' title='bbox 3028 4736 3115 4775; x_wconf 89' lang='lat' dir='ltr'><strong>me</strong></span> <span class='ocrx_word' id='word_1_775' title='bbox 3155 4722 3456 4791; x_wconf 81' lang='lat' dir='ltr'><strong>segregavit</strong></span> <span class='ocrx_word' id='word_1_776' title='bbox 3500 4740 3568 4780; x_wconf 77' lang='lat' dir='ltr'><strong>ex</strong></span> 
     </span>
    </p>
   </div>
   <div class='ocr_carea' id='block_1_102' title="bbox 2001 4807 3566 4878">
    <p class='ocr_par' dir='ltr' id='par_1_102' title="bbox 2001 4807 3566 4878">
     <span class='ocr_line' id='line_1_102' title="bbox 2001 4807 3566 4878; baseline 0.01 -25"><span class='ocrx_word' id='word_1_777' title='bbox 2001 4810 2155 4857; x_wconf 90' lang='lat' dir='ltr'><strong>utero</strong></span> <span class='ocrx_word' id='word_1_778' title='bbox 2183 4807 2375 4861; x_wconf 89' lang='lat' dir='ltr'><strong>matris</strong></span> <span class='ocrx_word' id='word_1_779' title='bbox 2398 4823 2551 4874; x_wconf 68' lang='lat' dir='ltr'><strong>mete,</strong></span> <span class='ocrx_word' id='word_1_780' title='bbox 2586 4818 2637 4864; x_wconf 91' lang='lat' dir='ltr'><strong>ul</strong></span> <span class='ocrx_word' id='word_1_781' title='bbox 2679 4810 2943 4866; x_wconf 86' lang='lat' dir='ltr'><strong>revelaret</strong></span> <span class='ocrx_word' id='word_1_782' title='bbox 2964 4809 3160 4865; x_wconf 86' lang='lat' dir='ltr'><strong>Filium</strong></span> <span class='ocrx_word' id='word_1_783' title='bbox 3184 4829 3338 4866; x_wconf 81' lang='lat' dir='ltr'><strong>suum</strong></span> <span class='ocrx_word' id='word_1_784' title='bbox 3373 4811 3426 4868; x_wconf 86' lang='lat' dir='ltr'><strong>in</strong></span> <span class='ocrx_word' id='word_1_785' title='bbox 3460 4832 3566 4878; x_wconf 73' lang='lat' dir='ltr'><strong>me,</strong></span> 
     </span>
    </p>
   </div>
   <div class='ocr_carea' id='block_1_103' title="bbox 2001 4894 3568 4970">
    <p class='ocr_par' dir='ltr' id='par_1_103' title="bbox 2001 4894 3568 4970">
     <span class='ocr_line' id='line_1_103' title="bbox 2001 4894 3568 4970; baseline 0.009 -25"><span class='ocrx_word' id='word_1_786' title='bbox 2001 4899 2059 4945; x_wconf 89' lang='lat' dir='ltr'><strong>ut</strong></span> <span class='ocrx_word' id='word_1_787' title='bbox 2089 4894 2517 4964; x_wconf 80' lang='lat' dir='ltr'><strong>evangelizarem</strong></span> <span class='ocrx_word' id='word_1_788' title='bbox 2566 4898 2714 4953; x_wconf 89' lang='lat' dir='ltr'><strong>illum</strong></span> <span class='ocrx_word' id='word_1_789' title='bbox 2759 4901 2810 4953; x_wconf 90' lang='lat' dir='ltr'><strong>in</strong></span> <span class='ocrx_word' id='word_1_790' title='bbox 2852 4902 3121 4970; x_wconf 83' lang='lat' dir='ltr'><strong>gentibus,</strong></span> <span class='ocrx_word' id='word_1_791' title='bbox 3153 4905 3410 4960; x_wconf 86' lang='lat' dir='ltr'><strong>continuo</strong></span> <span class='ocrx_word' id='word_1_792' title='bbox 3463 4921 3568 4960; x_wconf 90' lang='lat' dir='ltr'><strong>non</strong></span> 
     </span>
    </p>
   </div>
   <div class='ocr_carea' id='block_1_104' title="bbox 1999 4985 3647 5068">
    <p class='ocr_par' dir='ltr' id='par_1_104' title="bbox 1999 4985 3647 5068">
     <span class='ocr_line' id='line_1_104' title="bbox 1999 4985 3647 5068; baseline 0.008 -30"><span class='ocrx_word' id='word_1_793' title='bbox 1999 4985 2244 5055; x_wconf 86' lang='lat' dir='ltr'><strong>acquievi</strong></span> <span class='ocrx_word' id='word_1_794' title='bbox 2279 4989 2429 5043; x_wconf 89' lang='lat' dir='ltr'><strong>carni</strong></span> <span class='ocrx_word' id='word_1_795' title='bbox 2460 5000 2514 5045; x_wconf 91' lang='lat' dir='ltr'><strong>et</strong></span> <span class='ocrx_word' id='word_1_796' title='bbox 2555 4992 2801 5061; x_wconf 82' lang='lat' dir='ltr'><strong>sanguini</strong></span> <span class='ocrx_word' id='word_1_797' title='bbox 2830 5010 2844 5046; x_wconf 88' lang='lat'><strong>:</strong></span> <span class='ocrx_word' id='word_1_798' title='bbox 2893 5008 3066 5063; x_wconf 88' lang='lat' dir='ltr'><strong>neque</strong></span> <span class='ocrx_word' id='word_1_799' title='bbox 3104 4996 3222 5049; x_wconf 89' lang='lat' dir='ltr'><strong>veni</strong></span> <span class='ocrx_word' id='word_1_800' title='bbox 3258 4990 3567 5068; x_wconf 25' lang='lat' dir='ltr'><strong>Hiero‘soly-</strong></span> <span class='ocrx_word' id='word_1_801' title='bbox 3636 5054 3647 5067; x_wconf 62' lang='grc'><em>,</em></span> 
     </span>
    </p>
   </div>
   <div class='ocr_carea' id='block_1_105' title="bbox 2002 5079 3566 5153">
    <p class='ocr_par' dir='ltr' id='par_1_105' title="bbox 2002 5079 3566 5153">
     <span class='ocr_line' id='line_1_105' title="bbox 2002 5079 3566 5153; baseline 0.01 -23"><span class='ocrx_word' id='word_1_802' title='bbox 2002 5092 2142 5132; x_wconf 90' lang='lat' dir='ltr'><strong>mam</strong></span> <span class='ocrx_word' id='word_1_803' title='bbox 2191 5079 2261 5151; x_wconf 78' lang='lat' dir='ltr'><strong>ad</strong></span> <span class='ocrx_word' id='word_1_804' title='bbox 2311 5090 2682 5137; x_wconf 84' lang='lat' dir='ltr'><strong>antecessores</strong></span> <span class='ocrx_word' id='word_1_805' title='bbox 2722 5099 2870 5139; x_wconf 88' lang='lat' dir='ltr'><strong>meos</strong></span> <span class='ocrx_word' id='word_1_806' title='bbox 2909 5086 3187 5153; x_wconf 82' lang='lat' dir='ltr'><strong>apostolos</strong></span> <span class='ocrx_word' id='word_1_807' title='bbox 3220 5088 3286 5142; x_wconf 81' lang='lat'><strong>“.</strong></span> <span class='ocrx_word' id='word_1_808' title='bbox 3345 5108 3364 5140; x_wconf 77' lang='grc' dir='ltr'><strong>ι</strong></span> <span class='ocrx_word' id='word_1_809' title='bbox 3423 5088 3566 5146; x_wconf 85' lang='lat' dir='ltr'><strong>Sane</strong></span> 
     </span>
    </p>
   </div>
   <div class='ocr_carea' id='block_1_106' title="bbox 1997 5167 3569 5246">
    <p class='ocr_par' dir='ltr' id='par_1_106' title="bbox 1997 5167 3569 5246">
     <span class='ocr_line' id='line_1_106' title="bbox 1997 5167 3569 5246; baseline 0.01 -27"><span class='ocrx_word' id='word_1_810' title='bbox 1997 5167 2089 5236; x_wconf 84' lang='lat' dir='ltr'><strong>qui</strong></span> <span class='ocrx_word' id='word_1_811' title='bbox 2129 5184 2158 5221; x_wconf 89' lang='lat' dir='ltr'><strong>a</strong></span> <span class='ocrx_word' id='word_1_812' title='bbox 2216 5169 2325 5224; x_wconf 87' lang='lat' dir='ltr'><strong>Deo</strong></span> <span class='ocrx_word' id='word_1_813' title='bbox 2375 5172 2675 5227; x_wconf 83' lang='lat' dir='ltr'><strong>divinorum</strong></span> <span class='ocrx_word' id='word_1_814' title='bbox 2738 5176 3116 5246; x_wconf 85' lang='lat' dir='ltr'><strong>mysteriorum</strong></span> <span class='ocrx_word' id='word_1_815' title='bbox 3165 5178 3464 5236; x_wconf 84' lang='lat' dir='ltr'><strong>doctrinam</strong></span> <span class='ocrx_word' id='word_1_816' title='bbox 3512 5193 3569 5236; x_wconf 84' lang='lat' dir='ltr'><strong>et</strong></span> 
     </span>
    </p>
   </div>
   <div class='ocr_carea' id='block_1_107' title="bbox 2004 5259 3568 5329">
    <p class='ocr_par' dir='ltr' id='par_1_107' title="bbox 2004 5259 3568 5329">
     <span class='ocr_line' id='line_1_107' title="bbox 2004 5259 3568 5329; baseline 0.01 -19"><span class='ocrx_word' id='word_1_817' title='bbox 2004 5259 2383 5316; x_wconf 89' lang='lat' dir='ltr'><strong>revelationem</strong></span> <span class='ocrx_word' id='word_1_818' title='bbox 2410 5264 2683 5329; x_wconf 86' lang='lat' dir='ltr'><strong>hauserat,</strong></span> <span class='ocrx_word' id='word_1_819' title='bbox 2718 5265 2763 5321; x_wconf 91' lang='lat' dir='ltr'><strong>is</strong></span> <span class='ocrx_word' id='word_1_820' title='bbox 2799 5266 3034 5322; x_wconf 87' lang='lat' dir='ltr'><strong>humana</strong></span> <span class='ocrx_word' id='word_1_821' title='bbox 3074 5269 3412 5327; x_wconf 86' lang='lat' dir='ltr'><strong>institutione</strong></span> <span class='ocrx_word' id='word_1_822' title='bbox 3437 5287 3568 5325; x_wconf 83' lang='lat' dir='ltr'><strong>neu—</strong></span> 
     </span>
    </p>
   </div>
   <div class='ocr_carea' id='block_1_108' title="bbox 2002 5357 3568 5429">
    <p class='ocr_par' dir='ltr' id='par_1_108' title="bbox 2002 5357 3568 5429">
     <span class='ocr_line' id='line_1_108' title="bbox 2002 5357 3568 5429; baseline 0.01 -20"><span class='ocrx_word' id='word_1_823' title='bbox 2002 5357 2202 5425; x_wconf 86' lang='lat' dir='ltr'><strong>tiquam</strong></span> <span class='ocrx_word' id='word_1_824' title='bbox 2240 5360 2533 5429; x_wconf 84' lang='lat' dir='ltr'><strong>indigebat.</strong></span> <span class='ocrx_word' id='word_1_825' title='bbox 2573 5360 2768 5419; x_wconf 85' lang='lat' dir='ltr'><strong>Verum</strong></span> <span class='ocrx_word' id='word_1_826' title='bbox 2802 5369 2943 5421; x_wconf 87' lang='lat' dir='ltr'><strong>istud</strong></span> <span class='ocrx_word' id='word_1_827' title='bbox 2975 5366 3186 5422; x_wconf 90' lang='lat' dir='ltr'><strong>interim</strong></span> <span class='ocrx_word' id='word_1_828' title='bbox 3222 5370 3568 5424; x_wconf 79' lang='lat' dir='ltr'><strong>adversarius</strong></span> 
     </span>
    </p>
   </div>
   <div class='ocr_carea' id='block_1_109' title="bbox 1998 5449 3568 5523">
    <p class='ocr_par' dir='ltr' id='par_1_109' title="bbox 1998 5449 3568 5523">
     <span class='ocr_line' id='line_1_109' title="bbox 1998 5449 3568 5523; baseline 0.009 -23"><span class='ocrx_word' id='word_1_829' title='bbox 1998 5449 2481 5519; x_wconf 78' lang='lat' dir='ltr'><strong>interrogaverim,</strong></span> <span class='ocrx_word' id='word_1_830' title='bbox 2529 5454 2869 5523; x_wconf 83' lang='lat' dir='ltr'><strong>qualemnam</strong></span> <span class='ocrx_word' id='word_1_831' title='bbox 2907 5456 3145 5513; x_wconf 69' lang='lat' dir='ltr'><strong>cmlestis</strong></span> <span class='ocrx_word' id='word_1_832' title='bbox 3192 5456 3352 5514; x_wconf 82' lang='lat' dir='ltr'><strong>Pater</strong></span> <span class='ocrx_word' id='word_1_833' title='bbox 3410 5461 3568 5515; x_wconf 83' lang='lat' dir='ltr'><strong>beato</strong></span> 
     </span>
    </p>
   </div>
   <div class='ocr_carea' id='block_1_110' title="bbox 396 5590 1893 5682">
    <p class='ocr_par' dir='ltr' id='par_1_110' title="bbox 396 5590 1893 5681">
     <span class='ocr_line' id='line_1_110' title="bbox 396 5590 1893 5681; baseline 0.019 -38"><span class='ocrx_word' id='word_1_834' title='bbox 396 5592 437 5621; x_wconf 81' lang='grc'><strong>⁵¹</strong></span> <span class='ocrx_word' id='word_1_835' title='bbox 464 5590 480 5641; x_wconf 91' lang='grc' dir='ltr'><strong>Ι</strong></span> <span class='ocrx_word' id='word_1_836' title='bbox 510 5590 635 5648; x_wconf 88' lang='lat' dir='ltr'><strong>Cor.</strong></span> <span class='ocrx_word' id='word_1_837' title='bbox 674 5612 745 5661; x_wconf 75' lang='lat' dir='ltr'><strong>vn,</strong></span> <span class='ocrx_word' id='word_1_838' title='bbox 784 5599 869 5655; x_wconf 78' lang='lat' dir='ltr'><strong>ll.</strong></span> <span class='ocrx_word' id='word_1_839' title='bbox 943 5603 1051 5657; x_wconf 80' lang='lat' dir='ltr'><strong>“ll</strong></span> <span class='ocrx_word' id='word_1_840' title='bbox 1076 5604 1202 5661; x_wconf 83' lang='lat' dir='ltr'><strong>Cor.</strong></span> <span class='ocrx_word' id='word_1_841' title='bbox 1236 5617 1395 5681; x_wconf 43' lang='lat' dir='ltr'><strong>mhi.</strong></span> <span class='ocrx_word' id='word_1_842' title='bbox 1473 5615 1516 5645; x_wconf 74' lang='grc'><strong>⁸³</strong></span> <span class='ocrx_word' id='word_1_843' title='bbox 1542 5614 1713 5671; x_wconf 68' lang='lat' dir='ltr'><strong>Galat.</strong></span> <span class='ocrx_word' id='word_1_844' title='bbox 1753 5634 1788 5679; x_wconf 90' lang='lat' dir='ltr'><strong>I,</strong></span> <span class='ocrx_word' id='word_1_845' title='bbox 1828 5617 1893 5670; x_wconf 53' lang='lat'><strong>6.:</strong></span> 
     </span>
    </p>
   </div>
   <div class='ocr_carea' id='block_1_111' title="bbox 2003 5590 2444 5682">
    <p class='ocr_par' dir='ltr' id='par_1_111' title="bbox 2021 5621 2444 5682">
     <span class='ocr_line' id='line_1_111' title="bbox 2021 5621 2444 5682; baseline 0.017 -8"><span class='ocrx_word' id='word_1_846' title='bbox 2021 5622 2062 5652; x_wconf 65' lang='grc'><strong>⁵³</strong></span> <span class='ocrx_word' id='word_1_847' title='bbox 2090 5621 2220 5677; x_wconf 83' lang='lat' dir='ltr'><strong>ibid.</strong></span> <span class='ocrx_word' id='word_1_848' title='bbox 2257 5625 2444 5682; x_wconf 70' lang='lat'><strong>15-17.</strong></span> 
     </span>
    </p>
   </div>
  </div>
