3952 6200
397 193 529 248 1527

1355 188 1428 250 ‘5.
1467 192 1737 249 CYRILLI
1778 192 2239 251 ALEXANDRINI
2277 197 2592 254 ARCIlIEP.

3494 196 3640 252 139.3

390 311 556 366 Paulo
572 309 906 381 patefecerit,
923 307 1262 380 quanilemve
1278 311 1523 376 gentibus
1537 311 1960 365 annuntiandum

2069 315 2554 385 εύαγγελίσασθαι;
2577 309 2686 384 ἆρα
2711 313 2844 367 Θεὸν
2865 312 3059 380 Λόγον,
3101 311 3196 365 καὶ
3215 310 3344 364 Υίὸν
3370 313 3640 382 μονογενῆ

389 401 772 458 mandaverit?
801 400 1050 470 Nunquid
1085 399 1178 456 Dei
1220 397 1454 454 Verbum
1505 401 1655 455 carni
1701 416 1806 455 non
1842 401 1962 454 uni-

393 504 504 548 tum
531 536 545 559 ,
574 503 667 547 aut
697 492 1052 562 unigenitum,
1086 491 1356 547 hominem
1388 492 1686 546 secundum
1721 491 1960 544 divinam

390 583 847 652 dispensationem
892 597 998 636 non
1046 580 1291 634 factum?
1327 581 1482 634 Absit
1514 589 1570 633 ut
1617 580 1730 634 haec
1785 581 1855 632 ita
1904 592 1962 632 se

391 672 644 730 habeant.
694 671 1047 727 Annuntiavit
1099 672 1538 725 enimtcumdetn
1591 669 1758 723 Deum
1803 667 1962 722 simul

389 776 445 821 et
486 767 790 831 hominem,
842 779 1043 820 vocans
1089 763 1281 818 Filium
1333 773 1385 816 et
1436 762 1716 815 Dominum
1776 760 1959 816 Jesum

390 858 689 914 Christum.
1706 861 1711 874 ‘

466 965 484 998 ι
527 945 775 1001 Scientes
808 953 988 1000 autem
1026 944 1166 1012 quod
1203 958 1308 997 non
1345 942 1674 1012 iustiﬂcatur
1703 942 1862 996 homo
1893 955 1956 993 ex

388 1039 640 1108 operibus
670 1037 825 1107 legis,
858 1036 961 1090 nisi
994 1051 1090 1105 per
1138 1035 1292 1088 tidem
1330 1032 1458 1088 Jesu
1491 1034 1688 1087 Christi
1723 1051 1736 1086 :
1777 1039 1831 1085 et
1863 1046 1962 1086 nos

389 1133 442 1184 in
474 1129 690 1185 Christo
739 1128 865 1184 Jesu
911 1127 1206 1192 credimus,
1260 1137 1318 1179 ut
1364 1124 1723 1193 justilicemur
1755 1138 1819 1178 ex
1857 1123 1960 1176 (ide

387 1220 615 1285 Christi,
648 1228 836 1274 etnon
878 1232 941 1271 ex
986 1217 1241 1286 cperibus
1283 1213 1416 1283 legis
1442 1215 1509 1269 ³⁸.
1547 1233 1565 1265 ι
1600 1214 1653 1268 Si
1695 1213 1748 1266 in
1793 1213 1959 1266 Deum

389 1313 631 1375 credere,
651 1308 1058 1377 justiticatiouis
1090 1307 1338 1361 mercede
1371 1316 1626 1375 pensatur
1656 1305 1783 1375 (hac
1813 1303 1958 1358 enim

390 1401 475 1455 via
527 1400 762 1469 majores
805 1399 975 1453 nostri
1017 1397 1302 1467 iustilicati
1351 1407 1521 1450 sunt:
1563 1396 1824 1463 scriptum
1877 1403 1960 1449 est

392 1505 624 1559 namque
651 1509 665 1544 :
702 1489 972 1544 «Credidit
998 1488 1269 1541 Abraham
1297 1485 1426 1552 Deo,
1445 1496 1500 1541 et
1525 1495 1770 1555 reputata
1801 1496 1883 1539 est
1909 1486 1959 1539 ei
1998 1513 2000 1516 ν

393 1583 522 1636 Iides
543 1583 606 1634 ad
621 1581 886 1650 justitiam
906 1580 998 1649 Μ),
1013 1599 1030 1630 ι
1060 1580 1215 1648 122
1231 1579 1500 1649 quomodo
1521 1575 1837 1633 Emmanuel
1853 1593 1957 1632 non

2063 405 2161 475 οὐχ
2195 405 2463 459 ἐνωθέντα
2493 404 2680 475 σαρκὶ,
2712 403 2820 458 καὶ,
2845 401 3134 471 γενόμενον
3175 401 3462 472 ἄνθρωπον
3498 403 3647 454 οἰκο-

2063 493 2338 564 νομικῶς;
2368 490 2499 547 Εἶτα
2526 494 2642 558 πῶς
2680 493 2840 546 τοῦτό
2869 494 3017 545 ἐστιν
3054 491 3288 562 ἁληθέςς
3338 492 3646 561 Διεκήρυξε

2064 585 2172 656 γὰρ
2207 585 2491 658 ἄνθρωπόν
2524 603 2582 638 τε
2611 585 2744 655 ὁμοῦ
2778 586 2874 639 καὶ
2901 584 3034 636 Θεὸν
3067 583 3161 636 τὸν
3201 582 3364 636 αὑτὸν
3392 582 3486 636 καὶ
3517 583 3641 647 ἕνα,

2063 675 2236 744 λέγων
2271 677 2395 730 Υίὸν
2426 678 2520 731 καὶ
2549 677 2755 748 Κύριον
2791 674 2998 747 Ἰησοῦν
3027 675 3280 746 Χριστόν.

2139 963 2156 994 ι
2198 943 2413 1006 Είδότες
2438 941 2494 995 δὲ
2519 943 2684 996 ὅτιού
2716 939 3018 995 δικαιοῦται
3059 938 3342 1010 ἄνθρωπος
3369 937 3428 1003 ἐξ
3463 937 3650 1008 ἔργων

2067 1036 2254 1106 νόμου,
2275 1034 2369 1088 ἐὰν
2396 1035 2471 1105 μὴ
2497 1034 2584 1088 διὰ
2607 1034 2842 1096 πίστεως
2870 1031 3046 1104 Ἰησοῦ
3070 1029 3306 1102 Χριστοῦ
3324 1046 3336 1058 ο
3357 1030 3454 1081 καὶ
3479 1030 3644 1100 ἡμεῖς

2063 1127 2143 1189 εἰς
2172 1125 2405 1197 Χριστὸν
2440 1125 2644 1195 Ἰησοῦν
2674 1123 3098 1192 ἐπιστεύσαμεν,
3131 1122 3220 1174 ἵνα
3257 1119 3646 1188 δικαιωθῶμεν

2062 1220 2126 1270 ἐκ
2155 1217 2390 1280 πίστεως
2415 1216 2672 1287 Χριστοῦ,
2710 1216 2803 1268 καὶ
2831 1217 2931 1268 οὐκ
2975 1213 3034 1278 ἐξ
3077 1214 3256 1285 ἔργων
3297 1213 3484 1281 νόμου.
3523 1230 3542 1262 ι
3579 1211 3646 1262 EE

2060 1309 2122 1362 τὸ
2152 1310 2441 1362 πιστεῦσαι
2486 1308 2604 1378 Θεῷ
2657 1308 2846 1377 μισθὸν
2873 1306 2988 1377 ἔχει
3020 1305 3118 1376 τὴν
3153 1305 3439 1358 δικαίωσιν
3479 1303 3647 1371 (δεδι-

2062 1402 2321 1455 καίωνται
2344 1401 2452 1473 γὰρ
2478 1401 2621 1454 οὕτω
2639 1400 2732 1454 καὶ
2753 1403 2801 1454 οἱ
2831 1400 2937 1470 πρὸ
2959 1399 3114 1470 ἡμῶν
3134 1415 3147 1426 ·
3174 1397 3484 1468 γέγραπται
3507 1396 3644 1466 γὰρ,

2061 1493 2142 1546 ὅτι
2187 1512 2204 1544 ι
2257 1493 2602 1546 Ἐπίστευσεν
2643 1491 2894 1562 Ἀϐραὰμ
2944 1491 3020 1561 τῷ
3054 1489 3192 1560 Θεῷ,
3235 1489 3327 1542 καὶ
3386 1487 3650 1556 ἐλογίσθη

2062 1582 2209 1652 αὐτῷ
2242 1584 2321 1646 είς
2345 1582 2688 1652 δικαιοσύνην
2714 1583 2747 1652 η
2778 1582 2959 1645 πίστις
2987 1585 3054 1651 ι)⁶
3089 1581 3207 1644 πῶς
3232 1582 3292 1633 οὐ
3321 1579 3450 1642 Θεὸς
3468 1581 3648 1647 ὁἙμ-

387 1685 469 1730 est
495 1673 657 1738 Deus,
690 1673 734 1727 si
759 1671 974 1742 quidem
1015 1684 1199 1726 verum
1229 1680 1334 1737 est,
1366 1670 1511 1740 quod
1551 1669 1604 1724 in
1639 1670 1810 1739 ipsum
1843 1684 1960 1723 cre-

2069 1648 2328 1745 μανουὴλ,
2363 1674 2522 1745 εἴπερ
2553 1648 2700 1728 ἐστίν
2730 1648 2947 1745 ἀληθὲς,
2978 1648 3053 1737 ὧς
3079 1675 3161 1736 εἰς
3177 1672 3341 1727 αὑτὸν
3359 1670 3649 1724 πιστεύον·-

389 1768 576 1821 dentes
602 1764 1008 1834 iustiﬁcamnr?

777 1855 860 1908 Ea:
893 1853 1134 1923 Epistola
1171 1856 1238 1906 ad
1277 1851 1554 1921 Ephesios.

465 1993 484 2024 ι
520 1973 574 2026 ιιι
605 1985 710 2039 quo
735 1979 787 2024 et
816 1984 932 2032 vos,
971 1982 1092 2022 cum
1126 1967 1413 2022 audissetis
1453 1968 1676 2022 verbum
1721 1969 1963 2024 veritatis

391 2063 746 2135 (evangelium
778 2060 968 2116 salutis
1001 2059 1230 2128 vestras)
1258 2058 1309 2111 in
1347 2073 1454 2126 quo
1482 2067 1538 2112 et
1567 2060 1854 2115 credentes
1887 2060 1962 2115 si-

390 2157 536 2226 gnati
587 2156 718 2208 estis
752 2151 954 2221 Spiritu
1016 2150 1394 2219 promissionis
1457 2159 1680 2214 sancto,
1731 2152 1822 2220 qui
1881 2159 1965 2206 est

393 2253 585 2318 pignus
615 2245 944 2299 haereditatis
986 2252 1204 2309 nostra',
1241 2243 1294 2296 in
1327 2243 1747 2313 redemptionem
1779 2246 1964 2312 acqiti—

391 2340 623 2403 sitionis,
654 2337 705 2391 in
737 2335 949 2389 laudem
998 2335 1184 2404 gloria:
1223 2335 1394 2403 ipsius
1421 2325 1488 2388 ³⁵⁷.
1530 2354 1549 2386 ι
1598 2334 1756 2390 Plura
1802 2337 1961 2391 simul

388 2431 468 2487 sic
496 2436 880 2499 proponuntur,
913 2440 977 2480 ex
1007 2425 1203 2495 quibus
1243 2425 1494 2495 colligere
1534 2426 1658 2481 licet
1687 2425 1960 2482 Christum

392 2540 576 2578 rerum
625 2537 745 2578 esse
789 2523 999 2587 Deum;
1053 2530 1214 2590 atque
1251 2524 1386 2577 adeo
1429 2526 1670 2576 omnium
1718 2523 1873 2579 tidem
1907 2524 1959 2578 in

389 2619 562 2684 ipsum
598 2629 702 2668 non
736 2613 864 2667 ferri
901 2621 1156 2682 tanquam
1193 2613 1245 2666 in
1274 2613 1549 2668 hominem
1599 2615 1766 2669 nostri
1809 2615 1961 2669 simi-

389 2707 517 2769 lcm,
549 2703 644 2758 scd
685 2711 938 2770 tanquam
972 2701 1025 2755 in
1072 2717 1241 2755 unum
1279 2701 1606 2767 Dominum,
1644 2711 1699 2758 et
1740 2703 1959 2770 Filium,

387 2806 440 2849 ct
472 2794 659 2848 Deum.
695 2792 874 2846 Primo
905 2807 1136 2860 namque
1173 2793 1285 2861 ipse
1315 2792 1506 2847 salutis
1549 2803 1750 2848 nostrae
1797 2808 1960 2848 evan.

387 2887 584 2957 gelium
607 2885 842 2949 exsistit,
874 2885 927 2938 in
973 2900 1132 2953 quem
1168 2885 1395 2953 proinde
1437 2884 1568 2939 Iides
1615 2894 1798 2939 nostra
1846 2895 1962 2940 ten-

2064 1783 2152 1830 τες
2190 1764 2572 1836 δικαιούμεθα;

2452 1857 2546 1910 Ἐκ
2585 1855 2694 1925 τῆς
2732 1857 2881 1924 πρὸς
2919 1856 3250 1926 Ἐφεσίους.

2140 1995 2158 2026 ι
2181 1976 2269 2030 Ἐν
2294 1968 2338 2044 ᾧ
2363 1973 2694 2037 ἀκούσαντες
2736 1973 2833 2027 καὶ
2878 1974 3037 2043 ὑμεῖς
3061 1973 3151 2026 τὸν
3175 1972 3333 2040 λόγον
3361 1973 3461 2043 τῆς
3504 1973 3649 2043 ἀλη-

2065 2065 2234 2128 θείας,
2265 2064 2326 2118 τὸ
2358 2064 2673 2132 εὐαγγέλιον
2703 2066 2804 2134 τῆς
2834 2063 3106 2134 σωτηρίας
3138 2063 3314 2132 ὑμῶν,
3359 2063 3420 2117 ἐν
3547 2064 3648 2117 καὶ

2064 2155 2452 2220 πιστεύσαντες
2482 2154 2886 2226 ἐσφραγίσθητε
2915 2153 2994 2224 τῷ
3025 2153 3301 2224 Πνεύματι
3333 2154 3434 2223 τῆς
3471 2157 3652 2220 ἐπαγ-

2063 2247 2266 2314 γελίας,
2300 2247 2328 2299 ὃ
2358 2246 2464 2299 τῶν
2486 2245 2658 2313 ἁγίων
2683 2245 2830 2297 ἐστὶν
2856 2242 3114 2315 ἀρραϐὼν
3145 2246 3244 2313 τῆς
3269 2243 3647 2313 κληρονομίας

2064 2341 2098 2409 ἡ
2108 2337 2239 2407 μῶν,
2254 2339 2332 2400 είς
2355 2335 2732 2404 ἀπολύτρωσιν
2753 2335 2852 2405 τῆς
2875 2336 3300 2404 περιποιήσεως,
3315 2336 3395 2396 εἰς
3417 2334 3646 2385 ἔπαινον

2064 2429 2223 2499 δόξης
2255 2427 2442 2481 αὐτοῦ.
2477 2446 2495 2479 ι
2535 2426 2713 2480 Πολλὰ
2759 2425 2899 2478 κατὰ
2941 2426 3106 2479 ταυτὸ
3137 2427 3194 2479 ἐν
3223 2427 3342 2487 ταῖς
3366 2424 3473 2477 τῶν
3502 2442 3647 2495 προ-

2064 2521 2333 2590 κειμένων
2359 2519 2590 2582 ἐννοίαις
2611 2517 2818 2571 κατίδοι
2839 2535 2923 2580 τις
2949 2516 3035 2581 ἂν,
3063 2517 3128 2570 δι’
3149 2510 3219 2570 ὧν
3247 2516 3421 2569 ἔνεστι
3450 2516 3649 2586 μαθεῖν

2062 2610 2297 2674 ὅτιθεὸς
2326 2609 2532 2680 ἀληθὴς
2554 2611 2582 2662 6
2600 2609 2850 2678 Χριστὸς,
2875 2607 2968 2660 καὶ
2991 2607 3189 2678 ηπαρὰ
3217 2607 3434 2659 πάντων
3458 2606 3651 2668 πίστις

2062 2703 2142 2765 είς
2171 2701 2332 2754 αὐτὸν
2364 2702 2462 2770 ούχ
2483 2701 2558 2764 ὼς
2583 2701 2662 2763 είς
2691 2700 2786 2752 ἐνα
2820 2699 2928 2752 τῶν
2955 2699 3079 2752 καθ’
3105 2699 3252 2770 ἡμᾶς
3276 2698 3485 2762 ἁπλῶς,
3512 2698 3654 2750 ἀλλ’

2063 2795 2138 2857 ὡς
2172 2796 2252 2856 εἰς
2283 2793 2380 2846 ἕνα
2412 2792 2636 2864 Κύριον,
2668 2792 2762 2846 καὶ
2797 2791 2944 2854 Υίὸν,
2975 2792 3069 2846 καὶ
3101 2791 3250 2844 Θεόν.
3281 2792 3502 2861 Πρῶτον
3544 2791 3653 2860 μὲν

2065 2885 2172 2956 γὰρ
2188 2885 2350 2948 αὐτός
2367 2886 2479 2938 ἐστι
2507 2883 2568 2936 τὸ
2599 2882 2920 2952 εὐαγγέλιον
2943 2885 3042 2950 τῆς
3069 2881 3369 2953 σωτηρίας,
3389 2883 3446 2932 ἐν
3476 2874 3524 2947 ᾧ
3549 2884 3654 2934 καὶ

385 2983 478 3033 dat
512 2989 763 3046 tauquam
793 2977 845 3031 in
883 2977 1048 3030 Deum
1084 2994 1095 3029 :
1137 2975 1479 3046 subiungitur
1513 2992 1636 3030 mox
1673 2975 1794 3030 ﬁdei
1827 2992 1959 3047 quo-

2069 2979 2099 3046 ἡ
2127 2977 2331 3040 πίστις,
2364 2975 2438 3039 ὡς
2471 2976 2552 3039 εἰς
2583 2975 2713 3028 Θεὸν
2740 2973 3002 3043 δηλονότι.
3023 2972 3332 3026 Ἀκολουθεῖ
3367 2972 3425 3024 δέ
3453 2971 3516 3024 τὸ
3546 2973 3653 3042 τῆς

387 3087 492 3138 que
517 3070 819 3140 praemium,
854 3079 981 3139 puta
1025 3069 1401 3138 promissionis
1439 3067 1694 3136 Spiritus,
1733 3069 1823 3137 qui
1864 3085 1961 3124 no-

386 3176 514 3217 strae
549 3162 878 3216 lncreditatis
924 3160 1160 3216 arrhabo
1208 3169 1320 3218 est:
1369 3161 1600 3229 denique
1641 3161 1707 3214 ad
1746 3160 1958 3216 laudem

387 3253 571 3323 gloriae
603 3252 801 3307 Christi
849 3251 1110 3320 redempti
1161 3250 1528 3320 perhibemur.
1572 3251 1819 3306 Redemit
1863 3267 1962 3306 au-

389 3358 496 3399 tem
533 3360 630 3399 nos
659 3359 764 3398 non
795 3352 852 3397 ut
886 3343 1121 3414 vulgaris
1144 3344 1326 3405 homo,
1357 3343 1448 3397 sed
1499 3355 1556 3396 ut
1605 3344 1745 3397 Deus
1789 3343 1960 3399 nostri

387 3451 549 3491 causa
585 3438 918 3490 incarnatus.
955 3435 1035 3488 Ad
1073 3435 1216 3495 hunc
1243 3435 1385 3488 cnim
1418 3433 1632 3486 modum
1665 3435 1718 3488 in
1747 3434 1957 3489 laudem

388 3529 570 3596 gloriae
604 3527 747 3580 illius
775 3526 1036 3580 cedimus.

343 3675 345 3678 γ
465 3638 483 3670 ι
523 3617 690 3685 Hujus
740 3615 816 3671 rei
871 3617 1046 3687 gratia
1100 3631 1198 3685 ego
1246 3615 1442 3670 Paulus
1491 3617 1707 3672 vinctus
1759 3616 1959 3672 Christi

385 3708 512 3764 Jesu
546 3724 643 3778 pro
668 3707 821 3764 vobis
848 3707 1118 3777 gentibus,
1157 3707 1199 3760 si
1253 3716 1428 3760 tamen
1474 3706 1702 3761 audistis
1739 3705 1960 3776 dispen«

387 3804 653 3854 sationem
685 3797 868 3868 gratim
911 3796 1027 3860 Dei,
1059 3813 1177 3867 qum
1224 3797 1347 3851 data
1383 3805 1466 3850 cst
1500 3796 1628 3850 mihi
1679 3797 1732 3850 in
1767 3797 1958 3852 vobis:

386 3892 640 3961 quoniam
682 3889 978 3945 secundum
1021 3889 1402 3944 revelationem
1459 3898 1644 3943 notum
1700 3888 1830 3942 mihi
1876 3888 1958 3942 fa-

387 3995 532 4037 ctum
556 3993 637 4036 est
660 3989 1086 4045 sacramentum,
1109 3981 1253 4035 sicut
1280 3994 1442 4048 supra
1465 3978 1658 4047 scripsi
1690 3978 1742 4032 in
1771 3980 1918 4034 brevi
1939 3968 1963 4043 ,λ

387 4083 546 4141 prout
572 4075 796 4143 potestis
823 4071 1062 4141 legentes
1085 4072 1382 4140 intelligere
1410 4071 1750 4140 prudentiam
1781 4087 1956 4126 meam

386 4167 437 4216 in
473 4164 730 4232 mysterio
771 4162 969 4218 Christi
989 4162 1055 4215 ⁸⁸.
1086 4181 1104 4213 ι
1142 4163 1254 4229 Qua
1297 4164 1580 4231 prudentia
1606 4203 1620 4227 ,
1656 4177 1830 4232 quave
1880 4163 1961 4216 di-

386 4256 510 4307 vina
541 4269 675 4321 opus
707 4264 821 4308 erat
842 4255 1204 4323 patefactioue
1230 4255 1295 4308 ad
1319 4256 1634 4324 mysterium
1666 4255 1768 4309 hoc
1797 4254 1957 4311 Citri-

2063 3068 2298 3131 πίστεως
2327 3068 2516 3139 γέρας,
2549 3067 2795 3120 τουτέστι
2824 3065 2884 3118 τὸ
2909 3064 3130 3135 Πνεῦμα
3157 3063 3255 3132 τῆς
3285 3063 3644 3132 ἐπαγγελίας,

2061 3159 2089 3210 6
2117 3160 2215 3230 τῆς
2256 3159 2620 3230 κληρονομίας
2653 3159 2808 3228 ἡμῶν
2852 3155 3140 3228 ἀρραϐώνο
3187 3155 3650 3226 ἐκλελυτρὼμεθα

2062 3251 2171 3322 γὰρ
2201 3253 2280 3315 εἰς
2310 3252 2530 3305 ἔπαινον
2576 3251 2736 3321 δόξης
2776 3248 3032 3321 Χριστοῦ.
3069 3248 3285 3301 Σέσωκε
3335 3247 3442 3319 γὰρ
3490 3249 3654 3317 ﬁgi;

2060 3344 2159 3414 οὐχ
2188 3343 2262 3407 ὡς
2301 3344 2583 3413 ἄνθρωπος
2630 3344 2827 3407 κοινὸς,
2856 3342 2968 3396 ἀλλ’
2997 3341 3074 3405 ὡς
3105 3342 3240 3405 Θεὸς
3269 3343 3328 3393 ἐν
3361 3342 3524 3412 σαρκὶ
3561 3358 3656 3408 γε·

2061 3434 2234 3504 γονὼς
2265 3421 2334 3488 δι”
2357 3437 2522 3506 ἡμᾶς.
2549 3434 2706 3488 Οὕτω
2737 3435 2846 3506 γὰρ
2892 3436 2971 3498 είς
3007 3433 3230 3486 ἔπαινον
3263 3430 3500 3500 ἐσόμεθα
3544 3433 3652 3501 τῆς

2063 3527 2221 3598 δόξης
2247 3528 2437 3582 αὐτοῦ.

2140 3638 2157 3670 ι
2188 3618 2392 3672 Τούτου
2427 3618 2588 3690 χάριν
2619 3617 2730 3687 ἐγὼ
2754 3617 2966 3680 Παῦλος
2985 3617 3013 3670 6
3039 3616 3258 3687 δέσμιος
3285 3613 3376 3668 τοῦ
3403 3613 3649 3685 Χριστοῦ

2073 3709 2248 3782 Ἰησοῦ
2282 3710 2421 3777 ὑπὲρ
2455 3708 2608 3780 ὑμῶν
2641 3709 2751 3762 τῶν
2789 3708 2980 3771 ἐθνῶν,
3028 3707 3081 3759 εἴ
3128 3723 3193 3775 γε
3231 3705 3507 3775 ἠκούσατε
3547 3706 3653 3775 τὴν

2061 3803 2374 3872 οἰκονομίαν
2407 3802 2509 3871 τῆς
2541 3801 2760 3872 χάριτος
2791 3800 2887 3854 τοῦ
2928 3799 3062 3854 Θεοῦ
3107 3800 3208 3868 τῆς
3251 3797 3504 3867 δοθείσης
3557 3817 3654 3867 μοι

2061 3893 2142 3956 είς
2191 3893 2356 3962 ὑμᾶς,
2391 3893 2470 3945 ὅτι
2520 3892 2662 3946 κατὰ
2704 3890 3045 3959 ἀποκάλυψιν
3092 3889 3398 3960 ἐγνωρίσθη
3455 3907 3550 3958 μοι
3592 3890 3658 3942 τὸ

2066 3985 2384 4055 μυστήριον,
2416 3983 2598 4047 καθὼς
2630 3983 2953 4054 προέγραψα
2980 3985 3035 4034 ἐν
3062 3981 3260 4050 ὀλίγῳσ
3292 3980 3430 4049 πρὸς
3477 3981 3505 4032 ὂ
3557 3981 3659 4032 δύο

2062 4076 2226 4129 νασθε
2251 4075 2719 4144 ἀναγινώσκοντες
2748 4075 2939 4144 νοῆσαι
2969 4073 3067 4144 τὴν
3100 4072 3315 4124 σύνεσίν
3346 4088 3448 4142 μου
3481 4072 3542 4122 ἐν
3573 4071 3658 4140 τῷ

2066 4169 2346 4240 μυστηρίῳ
2388 4167 2481 4221 τοῦ
2521 4165 2784 4236 Χριστοῦ.
2815 4185 2833 4216 ι
2871 4167 3007 4218 Ποία
3038 4165 3304 4226 συνέσεως
3339 4163 3521 4233 χρεία,
3553 4164 3657 4216 καὶ

2063 4260 2455 4329 ἀποκαλύψεως
2477 4260 2575 4329 τῆς
2599 4259 2748 4330 παρὰ
2775 4257 2910 4311 Θεοῦ
2942 4257 3079 4328 πρὸς
3103 4257 3163 4309 τὸ
3192 4254 3567 4325 γνωρισθῆναι
3591 4255 3660 4306 τὸ
3749 4305 3754 4312 ,

386 4349 454 4400 sti
486 4347 945 4415 perspiciendum,
978 4347 1020 4400 si
1054 4347 1271 4416 quidem
1314 4362 1409 4415 per
1452 4362 1512 4401 se
1551 4347 1712 4400 homo
1751 4355 1955 4401 tantum

2069 4353 2362 4422 μυστήριον
2396 4349 2490 4403 τοῦ
2529 4348 2790 4420 Χριστοῦ,
2832 4349 2990 4420 εἴπερ
3031 4347 3179 4400 ἐστὶν
3227 4346 3516 4415 ἄνθρωπος
3550 4347 3659 4397 ἰδε-

385 4448 486 4501 est,
518 4453 546 4490 a
579 4436 673 4490 Dei
711 4435 885 4490 Verbo
914 4439 1132 4490 omnino
1172 4435 1449 4503 seiunctus
1470 4476 1486 4501 ,
1520 4436 1661 4490 nuda
1702 4451 1959 4504 persona-

388 4546 506 4584 rum
560 4528 759 4582 unione
803 4528 1229 4582 cohonestatus?
1274 4527 1414 4593 Quid
1466 4527 1610 4581 enim
1651 4527 1955 4583 abstrusum

390 4621 571 4685 habet,
607 4627 698 4674 aut
731 4634 849 4688 qua:
877 4617 1158 4672 dillicultas
1194 4627 1277 4672 est
1315 4619 1381 4672 de
1421 4618 1628 4687 vulgari
1669 4619 1957 4686 qquiam,

391 4713 668 4780 nostrique
699 4710 860 4765 simili
893 4711 1111 4765 homine
1143 4709 1441 4780 intelligere
1473 4710 1612 4779 quod
1651 4710 1720 4764 sit
1757 4710 1956 4764 homo?

386 4807 455 4859 At
479 4819 605 4859 vere
638 4803 982 4872 profundum,
1013 4803 1280 4872 planeque
1327 4818 1578 4870 maguum
1626 4811 1706 4857 est
1743 4802 1846 4857 hoc
1872 4818 1952 4857 sa-

386 4904 747 4960 cramentum,
786 4897 830 4948 si
869 4895 1007 4949 Deus
1047 4893 1278 4950 Verbum
1327 4894 1484 4948 nobis
1533 4893 1709 4948 simile
1757 4893 1954 4947 factum

297 5025 300 5030 .
377 4995 634 5054 ponatur.
690 4985 825 5039 Cum
877 4986 1042 5055 igitur
1095 4985 1293 5038 eximia
1354 4985 1550 5038 mentis
1605 4983 1957 5052 intelligentia

385 5078 583 5144 ornati,
616 5077 904 5144 divinaque
955 5074 1284 5129 revelatione
1319 5073 1569 5127 illustrati
1595 5111 1610 5137 ,
1643 5075 1956 5142 mysterium

383 5167 584 5221 Christi
652 5167 811 5221 veluti
863 5166 1103 5220 divinum
1157 5165 1426 5235 quoddam
1493 5175 1756 5217 secretum
1805 5165 1960 5216 nobis

387 5259 732 5319 tradiderint,
791 5258 1030 5325 ﬁdesque
1088 5256 1140 5309 in
1190 5254 1338 5308 illum
1378 5263 1632 5321 tanquam
1683 5253 1734 5306 in
1789 5253 1956 5306 Deum

387 5349 589 5412 tendat,
626 5351 892 5418 quomodo
917 5349 1162 5403 Christus
1191 5363 1292 5401 non
1321 5359 1402 5401 cst
1427 5346 1599 5402 Deus?

460 5439 616 5508 123
632 5440 784 5493 Aliud
817 5441 940 5494 huic
957 5439 1151 5504 simile,
1171 5450 1223 5492 et
1241 5440 1481 5495 eamdem
1506 5439 1712 5493 haheus
1739 5449 1954 5493 senten-

455 5592 501 5622 ⁸⁵
527 5592 698 5646 Galat.
733 5609 787 5656 tt,
820 5593 880 5647 16
980 5595 1024 5623 ⁸⁸
1051 5593 1204 5647 Rom.
1242 5609 1313 5658 tv,
1340 5595 1390 5646 5.

2060 4442 2193 4506 κῶς,
2233 4436 2328 4494 καὶ⁵
2357 4441 2668 4511 ὀλοτρόπως
2697 4440 3103 4511 κεχωρισμένος
3140 4436 3234 4490 τοῦ
3261 4437 3402 4490 Θεοῦ
3443 4437 3654 4503 Λόγου,

2056 4533 2185 4603 ψιλῇ
2218 4531 2525 4604 προσώπων
2552 4531 2743 4584 ἐνώσει
2774 4529 3138 4600 τετιμημένος
3161 4545 3174 4592 ;
3201 4529 3266 4580 Τί
3295 4527 3405 4598 γὰρ
3441 4528 3555 4596 ἔχει
3587 4528 3660 4581 τὺ

2065 4621 2470 4693 κεκρυμμένον,
2502 4622 2535 4690 ἢ
2571 4625 2723 4675 ποῖον
2748 4621 2886 4684 ὅλως
2909 4621 2971 4673 τὸ
3017 4619 3299 4690 δυσχερὲς,
3336 4618 3399 4670 τὸ
3451 4622 3660 4688 ιοῆσαι

2064 4714 2225 4782 τυχὸν
2257 4713 2386 4783 περὶ
2417 4711 2535 4774 ἐνὸς
2579 4713 2675 4765 τοῦ
2725 4711 2848 4765 καθ’
2881 4712 3030 4782 ἡμᾶς
3075 4709 3385 4780 ἀνθρώπου,
3421 4711 3503 4762 ὅτι
3563 4713 3660 4764 ἇν-

2065 4803 2279 4875 θρωπός
2303 4804 2452 4870 ἐστι;
2479 4803 2624 4856 Βαθὺ
2651 4803 2706 4856 δὲ
2729 4804 2823 4856 καὶ
2850 4804 2992 4872 μέγα
3012 4801 3072 4854 τὸ
3100 4802 3422 4870 μυστήριον,
3450 4802 3497 4852 εί
3522 4802 3658 4852 καθ’

2063 4897 2208 4965 ἡμᾶς
2238 4893 2488 4962 γενέσθαι
2532 4893 2744 4961 λέγοιτο
2786 4894 2919 4957 Θεὸς
2961 4893 3222 4963 ὑπάρχων
3250 4893 3278 4944 6
3307 4891 3660 4959 Λόγος.”οτε

2063 4988 2244 5041 τοίνυν
2277 4989 2325 5040 οἱ
2358 4986 2539 5056 βαθεῖς
2565 4989 2645 5048 εἰς
2673 4987 2910 5050 σύνεσιν,
2940 4986 3032 5058 καὶ
3067 4985 3164 5054 τὴν
3185 4982 3334 5036 θείαν
3360 4983 3661 5035 ἀποκάλυ-

2061 5078 2153 5149 ψιν
2189 5079 2503 5150 ἐσχηκότες,
2537 5079 2612 5140 ὡς
2645 5077 2787 5130 θεῖον
2815 5079 2946 5147 ἡμῖν
2980 5077 3278 5146 μυστήριον
3325 5073 3661 5145 ἰταραδεδώ⁴

2064 5187 2192 5223 κασι
2225 5172 2285 5224 τὸ
2317 5169 2554 5241 Χριστοῦ
2583 5171 2904 5241 μυστήριον,
2945 5169 3040 5221 καὶ
3073 5170 3152 5230 είς
3184 5167 3346 5221 αὑτὸν
3372 5167 3406 5235 η
3437 5166 3657 5228 πίστις,

2060 5263 2137 5326 ὡς
2166 5265 2245 5326 εἰς
2273 5263 2404 5317 Θεὸν
2423 5262 2684 5332 δηλονότι·
2717 5263 2832 5324 πῶς
2863 5263 2960 5314 οὐκ
2994 5261 3060 5315 ἂν
3083 5262 3170 5330 εἴη
3192 5259 3358 5326 Θεὸς;

2138 5440 2296 5491 ’Ἄλλο
2326 5439 2499 5509 τούτῳ
2530 5439 2862 5509 προσεοικὸς,
2902 5440 2994 5492 καὶ
3033 5438 3131 5509 τὴν
3177 5439 3346 5508 αὐτὴν
3370 5436 3492 5507 ἕχον
3516 5436 3649 5492 διά-

1466 5592 1508 5622 ⁸⁷
1534 5592 1730 5661 Ephes.
1769 5609 1805 5657 ι,
1843 5594 1924 5659 15,
1967 5593 2047 5646 ιιι.
2132 5593 2174 5624 ⁵⁸
2199 5593 2394 5662 Ephes.
2433 5608 2512 5659 ιιι,
2545 5595 2658 5648 loti.
