3910 6200
250 337 388 397 Ιῖεῑῖθ
986 361 989 363 ·
1343 333 1430 391 DE
1471 337 1693 394 RECTA
1737 333 1890 390 FIDE
1929 334 2019 388 AD
2059 333 2378 391 llEGlNAS.
3366 336 3501 390 i530

248 473 417 513 νοιαν·
462 477 481 510 ι
508 458 661 529 Ἐμοί¹
694 456 770 527 τῷ
813 457 1213 529 ἐλαχιστοτέρῳ
1262 457 1478 511 πάντων
1518 458 1627 511 τῶν
1656 455 1826 524 ἁγίων

1940 455 2079 510 tiam:
2093 455 2248 510 «Mihi
2267 453 2508 508 omnium
2525 459 2833 508 sanctorum
2855 452 3077 507 minimo
3094 453 3215 506 data
3233 461 3314 507 est
3330 457 3502 522 gratia

247 553 404 622 ἐδόθη
440 552 656 621 ἡχάρις
687 549 847 619 αὓτη,
885 551 941 601 ὲν
980 551 1092 611 τοῖς
1135 547 1343 601 ἔθνεσιν
1371 545 1827 617 εὐαγγελίσασθαι

1940 549 2062 609 haec,
2097 547 2423 617 ingentibus
2448 544 2822 615 evangelizare
2855 546 3255 616 investigahiles
3289 546 3505 602 divitias

245 647 340 698 τὸν
368 641 773 712 ἀνεξιχνίαστον
806 640 1034 693 πλοῦτον
1059 637 1152 692 τοῦ
1177 639 1434 708 Χριστοῦ,
1463 639 1557 692 καὶ
1593 638 1825 707 φωτίσαι

250 736 484 797 πάντας,
512 733 657 804 τίςὴ
692 733 974 801 οἰκονομία
1019 730 1317 800 μυστηρίου
1350 730 1444 784 τοῦ
1475 731 1828 800 ἀποκεκρυμ-

255 824 416 892 μένου
443 821 550 874 ἀπὸ
579 821 688 874 τῶν
709 819 920 873 αιίώνων
950 821 1009 871 ὲν
1033 818 1110 889 τῷ
1142 818 1280 889 Θεῷ,
1311 818 1388 891 τῷ
1414 819 1482 872 τὰ
1511 820 1686 873 πάντα
1713 820 1830 872 κτί-

252 930 428 964 causa.
459 929 475 960 Ι

331 1024 350 1052 ‹
382 1004 445 1055 υἱ
471 1000 682 1070 ἄνδρες,
715 999 900 1071 φησὶν,
923 1000 1176 1068 ἀγαπᾶτε
1206 999 1306 1064 τάς
1342 1004 1623 1069 γυναῖκας,
1648 999 1830 1064 καθὼς

255 1082 412 1145 καλό
436 1090 667 1160 Χριστὸς
697 1090 952 1160 ἠγάπησε
984 1090 1082 1161 τὴν
1123 1089 1470 1160 Ἐκκλησίαν,
1507 1091 1598 1144 καὶ
1641 1091 1830 1144 ἑαυτὸν

256 1181 572 1252 παρέδωκεν
618 1180 761 1251 ὑπὲρ
794 1180 990 1250 αὐτῆς,
1025 1181 1114 1234 ἵνα
1149 1180 1318 1250 αὐτὴν
1349 1180 1576 1251 ἁγιάσῃ,
1605 1180 1833 1250 καθαρί-

258 1288 358 1333 σας
401 1269 480 1340 τῷ
525 1268 737 1339 λουτρῷ
775 1270 870 1322 τοῦ
909 1269 1100 1333 ὓδατος
1124 1272 1181 1322 ἐν
1214 1271 1439 1340 ῥήματι.
1473 1288 1490 1321 ι
1529 1272 1688 1323 Ποῖον
1725 1272 1832 1342 ἄρα

258 1363 375 1415 ἐστὶ
416 1362 478 1414 τὸ
515 1362 668 1432 ῥῆμα
697 1363 755 1413 ὲν
785 1353 830 1428 ᾧ
860 1361 1270 1432 κεκαθάρμεθα,
1307 1361 1738 1430 ἀπολουσάμενοι
1771 1362 1832 1415 τὸ

261 1453 424 1522 σῶμα
445 1450 596 1504 ὕδατι
627 1450 874 1520 καθαρῷ,
908 1451 940 1520 ἢ
963 1452 1183 1515 πάντως
1211 1453 1404 1518 ἐκεῖνο,
1429 1454 1555 1523 περὶ
1581 1448 1641 1508 οὗ
1670 1471 1832 1525 φησιν

258 1546 288 1596 6
318 1544 603 1605 Θεσπέσιος
637 1541 871 1605 Παῦλος,
903 1543 986 1595 ὃτι
1019 1561 1038 1594 ι
1069 1543 1240 1597 Τοῦτό
1281 1546 1400 1598 ἐστι
1445 1545 1506 1598 τὸ
1553 1546 1702 1616 ῥῆμα
1733 1547 1832 1616 τῆς

260 1631 497 1696 πίστεως
538 1632 568 1685 ὃ
609 1632 984 1702 κηρύσσομεν,
1022 1633 1104 1686 ὅτι
1153 1635 1248 1687 ὲάν
1292 1635 1636 1708 ὁμολογήσῃς
1671 1639 1727 1689 ὲν
1754 1636 1833 1707 τῷ

1929 639 2153 702 Christi,
2199 648 2252 693 et
2296 637 2604 692 illuminare
2651 652 2839 693 omnes
2880 653 3002 708 quae
3053 639 3124 692 sit
3173 638 3506 708 dispensatio

1930 729 2260 783 sacramenti
2291 728 2593 784 absconditi
2623 744 2651 782 a
2689 727 2900 784 saeculis
2931 729 2981 782 in
3017 729 3156 795 Deo,
3191 729 3282 800 qui
3325 731 3502 784 omnia

1931 822 2134 876 creavit
2156 820 2224 874 ⁵⁸.
2267 839 2284 871 ι

2008 1019 2027 1051 ι
2069 997 2203 1064 Viri,
2248 997 2456 1066 inquit,
2499 995 2701 1066 diligite
2753 1009 2948 1050 uxores
2998 1005 3224 1061 vestras,
3272 997 3410 1052 sicut
3452 1008 3507 1050 et

1931 1089 2184 1145 Christus
2209 1088 2399 1143 dilexit
2432 1087 2753 1151 Ecclesium,
2789 1095 2844 1141 et
2897 1086 3246 1155 semetipsum
3289 1087 3509 1141 tradidit

1933 1198 2031 1254 pro
2057 1198 2146 1247 ea,
2178 1192 2238 1237 ut
2266 1181 2413 1237 illam
2459 1179 2826 1235 sanctiﬁcaret
2850 1220 2865 1245 ,
2902 1179 3168 1233 mundans
3198 1192 3317 1234 eam
3359 1177 3509 1232 lava-

1933 1291 2026 1329 cro
2068 1287 2222 1344 aqua:
2259 1272 2312 1327 in
2356 1271 2519 1325 verbo
2565 1272 2685 1325 vita:
2716 1271 2781 1322 °°.
2830 1288 2848 1321 ι
2891 1269 3094 1339 Ecquid
3135 1269 3314 1335 aliud,
3350 1271 3508 1330 obse-

1933 1381 2051 1432 cro,
2099 1363 2322 1419 verbum
2367 1373 2490 1428 est,
2529 1377 2625 1432 per
2669 1363 2813 1430 quod
2858 1376 3086 1430 corpore
3137 1377 3274 1431 aqua
3310 1364 3507 1416 munda

1934 1457 2115 1511 abluto
2149 1470 2465 1525 purgamur,
2500 1469 2659 1522 quam
2695 1453 2821 1507 illud
2858 1454 3052 1522 ipsum,
3086 1453 3153 1507 de
3186 1469 3294 1522 quo
3319 1455 3508 1507 beatus

1934 1546 2130 1600 Paulus
2153 1545 2259 1599 alio
2293 1545 2410 1599 loco
2440 1545 2514 1598 ita
2545 1543 2770 1598 scribit:
2804 1563 2821 1594 ι
2859 1544 2969 1598 lloc
3001 1552 3083 1598 est
3117 1546 3338 1598 verbum
3385 1545 3504 1597 ﬁdei

1934 1637 2074 1706 quod
2115 1635 2471 1705 praedicamus
2500 1634 2688 1702 :..quia
2731 1635 2774 1688 si
2825 1634 3135 1689 conﬁtearis
3178 1634 3230 1687 in
3274 1647 3370 1688 ore
3419 1643 3508 1686 tuo

263 1723 492 1792 στόματί
525 1739 616 1774 σου
641 1723 845 1793 Κύριον
879 1724 1085 1794 Ἰησοῦν
1118 1725 1376 1796 Χριστὸν,
1403 1726 1497 1779 καὶ
1536 1726 1832 1800 πιστεύσῃς

1940 1728 2223 1782 Dominum
2245 1723 2452 1787 Jesum,
2485 1734 2539 1777 et
2573 1725 2624 1777 in
2679 1725 2842 1778 corde
2889 1734 2980 1777 tuo
3021 1723 3317 1779 credideris
3365 1725 3507 1791 quod

258 1817 320 1868 ὲν
340 1817 403 1885 τῇ
427 1815 622 1887 καρδίᾳ
646 1832 760 1880 σου,
789 1816 869 1869 ὅτι
891 1816 1066 1879 όΘεὸς
1090 1817 1252 1870 αὐτὸν
1277 1816 1497 1888 ἤγειρεν
1516 1820 1578 1871 ἐκ
1602 1795 1832 1889 νεκρῷν,

1942 1821 2081 1874 Deus
2112 1817 2260 1873 illum
2287 1817 2567 1872 suscitavit
2601 1832 2629 1869 a
2661 1817 2920 1880 mortuis,
2959 1815 3140 1871 salvus
3168 1815 3296 1871 eris.
3334 1815 3510 1870 Corde

263 1905 505 1978 σωθήσῃ.
553 1906 768 1976 Καρδίᾳ
819 1906 926 1976 γὰρ
977 1906 1292 1961 πιστεύεται
1341 1911 1419 1973 είς
1463 1910 1832 1981 δικαιοσύνην,

264 1998 492 2068 στόματι
522 1997 581 2051 δὲ
623 1998 960 2068 ὁμολογεῖται
1009 2001 1089 2064 εἰς
1137 2001 1452 2071 σωτηρίανς
1486 2021 1504 2053 ι
1541 2002 1749 2056 Οὐκοῦν
1786 2004 1834 2055 εί

261 2088 496 2160 Χριστὸν
538 2089 922 2159 ὁμολογοῦντες
969 2093 1027 2144 ἐν
1076 2095 1255 2146 πίστει
1288 2093 1593 2163 σωζόμεθα,
1626 2094 1745 2158 πῶς
1772 2095 1833 2147 οὐ

261 2177 394 2242 Θεὸς
425 2178 629 2248 ἀληθής
659 2181 824 2244 ἐστιν,
860 2181 938 2243 είς
970 2180 1029 2233 ὃν
1063 2182 1123 2234 τὸ
1151 2182 1252 2252 τῆς
1284 2183 1516 2247 πίστεως
1552 2186 1599 2237 εί
1627 2185 1835 2252 γένοιτο

265 2269 436 2340 ῥῆμα,
470 2270 861 2341 κεκαθάρμεθά
891 2289 952 2323 τε
987 2273 1082 2325 καὶ
1115 2273 1459 2344 ἡγιάσμεθας

590 2384 692 2437 Ἐκ
727 2381 832 2451 τῆς
865 2383 1016 2452 πρὸς
1046 2385 1514 2452 Φιλιππησιους.

339 2516 356 2547 ι
404 2497 468 2549 Τί
516 2498 659 2568 γάρ;
723 2497 876 2568 φησί.
929 2499 1075 2566 Πλὴν
1116 2501 1198 2554 ὅτι
1261 2501 1427 2554 παντὶ
1479 2502 1682 2572 τρόπῳ,
1727 2503 1836 2554 εῐτε

262 2587 553 2657 προφάσει,
574 2590 683 2643 εἴτε
701 2590 947 2662 ἀληθείᾳ,
963 2591 1197 2663 Χριστὸς
1217 2593 1662 2662 καταγγέλλεται.
1679 2613 1696 2645 ι
1711 2588 1836 2664 'Ap’

258 2675 354 2732 οὖν
372 2678 447 2743 ὡς
469 2679 755 2750 ἄνθρωπος
785 2682 1149 2753 τετιμημένος
1181 2683 1388 2754 χάριτι,
1417 2683 1496 2754 τῷ
1521 2686 1711 2756 κόσμῳ
1740 2703 1838 2756 κη-

264 2769 558 2839 ρύσσεται;
594 2771 787 2824 Καίτοι
836 2771 971 2826 Θεὸν
1013 2773 1041 2824 6
1075 2773 1278 2844 κόσμος
1312 2776 1527 2844 ὲπέγνω
1573 2776 1834 2846 Χριστὸν,

259 2863 328 2942 τῇ
375 2861 556 2914 πίστει
587 2861 918 2933 τετιμηκώς.
976 2863 1100 2927 Πῶς
1155 2860 1248 2919 οῦν
1287 2866 1348 2918 οὐ
1377 2865 1530 2932 Θεὸς,
1575 2867 1604 2920 ό
1629 2867 1686 2920 ὲν
1711 2866 1838 2939 δόξῃ

259 2953 514 3026 θεότητος
531 2953 604 3025 τῷ
633 2956 820 3026 κόσμῳ
841 2956 1372 3028 καταγγελλόμενος;

1936 1914 2079 1968 enim
2119 1909 2360 1966 creditur
2385 1909 2453 1963 ad
2475 1908 2764 1978 justitiam,
2794 1923 2887 1962 ore
2912 1918 3092 1961 autem
3143 1907 3200 1960 ﬁt
3242 1905 3507 1962 confessio

1935 2004 2002 2058 ad
2036 2001 2266 2058 salutem
2303 2000 2368 2055 σί.
2406 2019 2425 2052 ι
2459 2000 2513 2054 Si
2548 2000 2728 2068 itaque
2753 1999 3028 2054 Christum
3063 1999 3380 2068 proﬁtentes
3412 2015 3509 2068 per

1937 2094 2094 2149 ﬁdem
2121 2093 2416 2160 salvamur,
2440 2092 2774 2162 verbumque
2803 2091 2923 2145 ﬁdei
2951 2093 3014 2145 de
3040 2090 3129 2146 illo
3159 2090 3506 2159 praedicatum

1935 2183 2200 2255 complexi
2236 2198 2526 2254 purgamur
2568 2192 2621 2236 et
2662 2181 3099 2246 sanctiﬁcamur,
3156 2180 3426 2250 quomodo
3464 2183 3509 2236 is

1937 2292 2094 2332 verus
2123 2275 2260 2336 Deus
2287 2289 2392 2329 non
2427 2274 2548 2329 est?

2293 2387 2375 2467 Ea,
2403 2388 2638 2457 Epistula
2669 2388 2737 2441 ad
2771 2387 3154 2457 Philippensem

2013 2521 2030 2554 ι
2067 2499 2207 2566 Quid
2239 2499 2422 2554 enim?
2454 2497 2670 2570 (inquit)
2703 2497 2838 2551 Dum
2871 2498 3018 2550 omni
3060 2496 3236 2562 modo,
3272 2495 3384 2548 sive
3414 2508 3508 2562 per

1937 2593 2298 2657 occasionem,
2326 2591 2440 2646 sive
2473 2605 2568 2659 per
2603 2588 2882 2643 veritatem
2931 2588 3179 2643 Christus
3225 2584 3510 2640 annuntie-

1941 2692 2028 2737 tur
2055 2682 2119 2735 θ’.
2162 2699 2180 2733 ι
2241 2681 2491 2751 Nunquid
2535 2691 2592 2734 ut
2628 2680 2787 2735 homo
2836 2679 3014 2734 divina
3066 2679 3238 2747 gratia
3287 2685 3510 2730 ornatus

1938 2773 2140 2826 mundo
2169 2772 2562 2826 annuutietur?
2610 2772 2770 2841 Atqui
2820 2773 3050 2825 mundus
3097 2769 3371 2824 Christum
3415 2781 3511 2837 per

1940 2864 2099 2918 ﬁdem
2129 2861 2333 2930 colens,
2358 2864 2424 2916 ad
2455 2863 2547 2917 Dei
2580 2864 2906 2932 agnitionem
2935 2865 3198 2916 adductus
3221 2871 3322 2916 est.
3362 2860 3509 2926 Quo-

1942 2955 2099 3009 modo
2127 2954 2173 3008 is
2203 2968 2334 3022 ergo
2369 2952 2510 3009 Deus
2535 2971 2646 3010 non
2672 2965 2776 3022 est,
2799 2956 2886 3023 qui
2938 2956 2989 3008 in
3034 2955 3228 3010 divinae
3260 2952 3508 3023 majesta-

1943 3046 2012 3101 tis
2033 3044 2218 3124 gloria
2245 3045 2442 3100 mundo
2469 3045 2788 3114 praedicatus
2817 3047 2941 3102 est?

341 3154 360 3186 ι
405 3135 818 3202 Συναθλοῦντες,
854 3136 1009 3208 φησὶ,
1045 3139 1110 3209 τῇ
1140 3137 1321 3192 πίστει
1373 3139 1467 3193 τοῦ
1497 3139 1832 3210 Εὐαγγελίου

2012 3127 2468 3192 «Ὀοιιιώοιόηιεε
2515 3136 2634 3191 ﬁdei
2673 3136 2943 3206 Evangelii
2993 3137 3012 3208 (
3035 3146 3090 3192 et
3137 3138 3191 3193 in
3224 3135 3370 3194 nullo
3402 3147 3511 3195 ter-

264 3227 383 3296 (καὶ
405 3226 480 3298 μὴ
503 3227 828 3298 πτυρόμενοι
847 3229 901 3281 ἐν
925 3229 1114 3298 μηδενὶ
1131 3229 1234 3282 ὑπὸ
1258 3230 1365 3283 τῶν
1387 3231 1828 3304 ἀντικειμένων),

263 3319 384 3388 ἥτις
431 3319 614 3382 αὐτοῖς
671 3318 769 3389 μέν
819 3321 967 3372 ἐστιν
1021 3318 1241 3385 ἔνδειξις
1271 3322 1572 3388 ἀπωλείας,
1619 3325 1748 3396 ὑμῖν
1775 3326 1838 3380 δὲ

263 3410 560 3481 σωτηρίας,
600 3409 694 3463 καὶ
725 3408 882 3462 τοῦτο
928 3409 1037 3463 ἀπὸ
1067 3410 1200 3464 Θεοῦ
1227 3431 1241 3444 ·
1275 3413 1356 3466 ὅτι
1395 3416 1523 3486 ὑμῖν
1573 3416 1836 3488 ἐχαρίσθη

263 3500 325 3551 τὺ
355 3499 494 3570 ὑπὲρ
526 3499 786 3570 Χριστοῦ,
823 3501 883 3553 οὐ
923 3501 1080 3570 μόνον
1111 3502 1172 3555 τὸ
1217 3505 1296 3568 είς
1347 3506 1510 3560 αὐτὸν
1539 3508 1832 3574 πιστεύειν,

263 3590 396 3643 ἀλλὰ
426 3592 521 3644 καὶ
550 3591 613 3644 τὺ
647 3591 786 3662 ὑπὲρ
831 3591 996 3655 αὐτοῦ
1042 3593 1294 3664 πάσχειν.
1332 3615 1351 3648 ι
1407 3599 1469 3651 Εί
1511 3599 1569 3652 ὲν
1616 3600 1837 3671 χάριτος

265 3681 422 3754 μέρει
447 3680 713 3751 δεχόμεθα
755 3685 906 3753 παρὰ
939 3682 1074 3736 Θεοῦ
1109 3685 1172 3738 τὸ
1203 3687 1478 3740 πιστεύειν
1506 3690 1562 3741 ὲν
1590 3690 1832 3761 Χριστῷ,

259 3775 324 3826 οὐ
354 3771 747 3844 πεπλανήμεθα
778 3773 835 3826 δὲ
867 3774 954 3827 διὰ
986 3775 1147 3830 τοῦτο
1192 3776 1413 3847 μᾶλλον,
1443 3778 1560 3832 ἀλλ’
1589 3780 1835 3847 ἐγνώκα-

266 3880 365 3934 μεν
392 3863 484 3918 τδν
511 3863 670 3932 φύσει
697 3881 756 3918 τε
787 3866 879 3918 καὶ
912 3866 1128 3935 ἀληθῶς
1159 3867 1293 3924 ὄντα
1322 3869 1478 3922 Θεόνο
1512 3870 1630 3934 πῶς
1655 3870 1720 3924 ἂν
1752 3873 1837 3924 ὲν-

261 3953 492 4008 δοιάσειέ
517 3971 622 4020 τις,
657 3957 739 4009 ὅτι
769 3956 900 4019 Θεὸς
932 3957 960 4009 6
985 3958 1254 4028 Χριστός;

625 4089 726 4142 Ἐκ
754 4087 863 4156 τῆς
897 4087 1048 4156 πρὸς
1087 4089 1362 4158 Τιμόθεον
1405 4095 1478 4144 a’.

334 4220 356 4251 ‹
401 4200 598 4263 Πιστὸς
625 4202 655 4254 ό
697 4200 875 4269 λόγος,
907 4200 1000 4254 καὶ
1029 4200 1208 4270 πάσης
1241 4201 1510 4272 ἀποδοχῆς
1545 4201 1715 4268 ἄξιος,
1751 4203 1832 4258 ὅτι

259 4291 494 4362 Χριστὸς
534 4291 742 4362 Ἰησοῦς
780 4287 943 4362 ἦλθεν
988 4294 1066 4356 είς
1112 4292 1202 4346 τὸν
1232 4292 1435 4363 κόσμον
1479 4293 1834 4364 ἁμαρτωλοὺς

260 4379 455 4444 σῶσαι,
492 4373 565 4433 ὧν
611 4379 830 4450 πρῶτός
871 4382 985 4452 είμι
1017 4381 1126 4449 ἐγώ
1147 4397 1158 4408 ·
1203 4380 1338 4434 ἀλλά
1369 4381 1459 4435 διὰ
1489 4381 1647 4436 τοῦτο
1673 4383 1832 4453 ὴλεή-

1939 3228 2164 3285 reamini
2191 3229 2259 3282 ab
2283 3228 2654 3306 adversariis),
2691 3243 2810 3298 quae
2842 3227 2946 3282 illis
2981 3243 3140 3283 causa
3191 3230 3510 3300 perditionis

1936 3327 2044 3383 est,
2073 3317 2230 3373 vobis
2261 3327 2440 3373 autem
2471 3317 2659 3374 salutis
2684 3361 2700 3384 ,
2741 3328 2790 3372 et
2826 3319 2926 3374 hoc
2953 3334 2982 3372 a
3018 3318 3128 3374 Deo
3155 3337 3170 3376 :
3201 3323 3323 3390 quia
3358 3321 3510 3376 vobis

1938 3410 2196 3465 donatum
2223 3417 2306 3465 est
2336 3423 2434 3479 pro
2458 3409 2701 3475 Christo,
2735 3425 2840 3464 non
2865 3410 3036 3465 solum
3069 3420 3125 3465 ut
3153 3411 3204 3465 in
3233 3425 3357 3466 eum
3390 3428 3511 3468 cre-

1938 3501 2098 3566 datis,
2131 3501 2224 3556 sed
2258 3509 2314 3555 ut
2347 3500 2510 3556 etiam
2549 3517 2648 3570 pro
2692 3501 2782 3557 illo
2833 3502 3111 3572 patiamini
3145 3504 3209 3559 ⁸³.
3250 3523 3270 3558 ι
3317 3505 3375 3559 Si
3411 3506 3512 3561 hoc

1938 3605 1968 3643 a
2006 3590 2116 3646 Deo
2147 3591 2200 3645 in
2226 3591 2414 3662 gratia:
2463 3589 2583 3646 loco
2617 3590 2949 3661 accipimus,
2984 3593 3126 3663 quod
3157 3595 3206 3650 in
3236 3595 3508 3650 Christum

1937 3679 2232 3744 credimus,
2284 3694 2458 3750 neque
2502 3695 2598 3750 per
2649 3680 2751 3736 hoc
2793 3681 2845 3736 in
2883 3697 3124 3738 errorem
3171 3683 3508 3748 abducimur,

1936 3770 2030 3824 sed
2055 3769 2111 3824 in
2134 3771 2251 3839 ejus
2269 3771 2446 3840 potius
2469 3771 2831 3840 cognitionem
2869 3773 3206 3840 adducimur,
3232 3774 3320 3841 qui
3351 3787 3510 3826 verus

1934 3860 2230 3913 secundum
2262 3871 2512 3914 naturam
2558 3860 2699 3915 Deus
2743 3870 2866 3916 est:
2917 3865 3184 3930 quomodo
3233 3864 3509 3919 Christum

1937 3950 2104 4005 Deum
2137 3963 2276 4018 esse,
2315 3952 2587 4022 ambigere
2609 3951 2738 4022 quis
2765 3953 2963 4022 queat?

2254 4083 2414 4156 124
2441 4083 2524 4139 Ea:
2552 4087 2718 4156 priori
2749 4087 2818 4141 ad
2852 4089 3194 4144 Timotheum.

2014 4218 2032 4251 ι
2070 4199 2268 4255 Fidelis
2291 4213 2492 4267 sermo,
2515 4208 2570 4254 et
2593 4200 2741 4254 onmi
2775 4202 3090 4271 acceptione
3119 4203 3334 4272 dignus,
3365 4207 3506 4274 quod

1935 4290 2186 4345 Christus
2217 4289 2380 4347 Jesus
2423 4292 2568 4345 venit
2603 4290 2655 4345 in
2713 4292 2856 4349 hunc
2897 4294 3152 4348 mundum
3186 4306 3508 4365 peccatores

1937 4381 2118 4436 salvos
2145 4381 2364 4448 facere;
2394 4397 2622 4451 quorum
2651 4386 2858 4453 primus
2897 4400 2995 4455 ego
3031 4401 3148 4438 sum
3181 4403 3195 4440 :
3251 4386 3344 4441 sed
3389 4387 3508 4443 ideo

261 4469 382 4541 θην,
417 4471 504 4524 ἴνα
531 4472 586 4523 ἐν
618 4472 740 4540 ἐμοὶ
772 4470 971 4542 πρώτῳ
995 4469 1203 4542 ἐνδείξῃ
1227 4471 1459 4540 Χριστὸς
1502 4469 1706 4541 Ἰησοῦς
1735 4470 1832 4542 τὴν

1940 4474 2364 4530 misericordiam
2407 4484 2732 4532 consecutus
2793 4493 2935 4544 sum,
2998 4487 3055 4532 ut
3108 4478 3162 4532 in
3212 4495 3296 4533 me
3336 4479 3509 4548 primo

261 4560 478 4613 ἅπασαν
524 4559 926 4630 μακροθυμίαν,
977 4559 1114 4632 πρὸς
1168 4559 1514 4614 ὑποτύπωσιν
1548 4559 1655 4613 τῶν
1703 4561 1832 4631 μελ-

261 4649 457 4704 λόντων
489 4650 762 4703 πιστεύειν
805 4651 890 4704 ἐπ’
919 4652 1067 4723 αὐτῷ
1116 4654 1196 4715 εἰς
1244 4651 1387 4724 ζωὴν
1427 4653 1666 4708 αἰώνιον.
1712 4671 1731 4704 ι
1768 4653 1831 4706 Ei

262 4737 616 4810 ἁμαρτωλοὺς
664 4738 824 4803 σώζει
869 4740 1122 4811 Χριστὸς,
1172 4743 1268 4795 καὶ
1325 4741 1671 4814 μακροθυμεῖ
1718 4745 1832 4807 τοῖς

261 4829 715 4900 πλημμελήμασι,
763 4828 1048 4899 δεχόμενος
1093 4830 1271 4884 αὐτῶν
1307 4832 1404 4900 τὴν
1453 4820 1827 4902 μετάγνωσιν·

259 4921 354 4973 καὶ
384 4923 532 4974 πᾶσα
562 4921 717 4992 ἡμῶν
745 4923 778 4990 ἡ
809 4920 989 4982 πίστις
1031 4921 1115 4973 ἐπ’
1157 4921 1326 4991 αὐτῷ,
1369 4923 1464 4974 καὶ
1508 4923 1594 4977 διά
1622 4925 1722 4992 τῆς
1752 4927 1831 4988 είς

259 5016 421 5067 αὐτὸν
453 5014 686 5078 πίστεως
713 5014 810 5084 τὴν
840 5013 984 5080 ζωὴν
1013 5014 1110 5084 τὴν
1140 5013 1353 5067 αἰώνιον
1385 5017 1794 5088 κεκερδήκαμεν
1813 5037 1826 5050 ·

260 5105 375 5168 πῶς
408 5105 469 5157 οὐ
501 5105 630 5168 Θεὸς
679 5105 762 5175 εἴη
812 5106 914 5168 iv;
946 5105 1025 5156 ὃτι
1076 5104 1170 5158 καὶ
1218 5104 1364 5174 μόνῳ
1395 5105 1512 5174 Θεῷ
1544 5106 1742 5175 πρέποι
1766 5107 1832 5160 ἂν

258 5195 482 5258 εἰκότως
529 5193 591 5248 τὸ
639 5196 732 5248 καὶ
781 5193 973 5259 σώζειν
1025 5193 1283 5248 δύνασθαι
1323 5194 1414 5248 τὸν
1448 5195 1674 5266 κόσμον,
1712 5197 1831 5266 ἦτοι

256 5287 384 5348 τοὺς
425 5288 482 5337 ἐν
525 5286 601 5357 τῷ
635 5287 844 5358 κόσμῳ,
879 5287 971 5340 καὶ
1022 5286 1392 5358 μακροθυμεῖν
1428 5289 1541 5352 τοῖς
1581 5289 1831 5359 ἁμαρτά-

259 5392 443 5443 νουσι,
511 5376 606 5430 καὶ
669 5375 949 5440 ζωοποιεῖν
1013 5376 1098 5429 διά
1162 5378 1261 5447 τῆς
1311 5376 1546 5440 πίστεως
1599 5376 1698 5446 τῆς
1752 5379 1832 5442 είς

259 5466 467 5520 ἑαυτόν.

1934 4567 2245 4622 ostenderet
2296 4566 2542 4623 Christus
2584 4567 2740 4624 Jesus
2787 4586 3003 4626 omnem
3046 4571 3392 4639 patientiam,
3440 4571 3509 4623 ad

1934 4656 2370 4712 informationem
2404 4672 2590 4713 eorum
2635 4661 2724 4727 qui
2768 4661 3022 4715 credituri
3075 4668 3202 4713 sunt
3235 4659 3311 4713 illi
3351 4659 3402 4712 in
3436 4659 3512 4712 vi-

1936 4756 2044 4800 tam
2073 4757 2331 4802 adornant
2364 4747 2430 4800 “.
2463 4768 2481 4799 ι
2515 4747 2572 4801 Si
2605 4747 2854 4820 Christus
2877 4746 3033 4802 Jesus
3060 4757 3373 4815 peccatores
3401 4745 3509 4799 sal-

1933 4849 2042 4905 vat,
2078 4840 2451 4907 patienterque
2480 4839 2672 4893 delicta
2722 4838 2936 4903 tolerat,
2985 4837 3197 4890 illorum
3241 4835 3509 4905 pteniten—

1937 4931 2062 4983 tiam
2095 4939 2453 4996 exspectans;
2495 4929 2540 4984 si
2575 4939 2684 4984 tota
2720 4929 2852 4984 ﬁdes
2889 4936 3074 4984 nostra
3116 4929 3168 4982 in
3198 4930 3373 4998 ipsum
3399 4929 3506 4982 fer-

1937 5032 2042 5085 tur,
2073 5030 2126 5074 et
2153 5035 2246 5089 per
2275 5019 2432 5073 ﬁdem
2459 5019 2715 5090 denique,
2745 5035 2864 5089 qum
2894 5029 2976 5074 est
3009 5020 3060 5073 in
3105 5019 3276 5088 ipsum
3298 5059 3312 5083 ,
3339 5019 3504 5074 vitam

1933 5117 2186 5164 aeternam
2248 5107 2646 5176 adipiscimur:
2697 5110 2968 5178 quomodo
3031 5123 3135 5162 non
3195 5119 3277 5164 est
3324 5107 3507 5163 Deus?

1933 5197 2367 5267 quandoquidem
2395 5199 2674 5263 mundum,
2705 5200 2806 5253 hoc
2833 5209 2934 5263 est,
2966 5215 3060 5256 eos
3092 5201 3183 5270 qui
3221 5202 3274 5255 in
3307 5202 3504 5258 mundo

1933 5287 2037 5342 hoc
2086 5287 2327 5356 degunt,
2381 5301 2539 5354 posse
2587 5289 2836 5356 Salvare,
2881 5283 3260 5360 longanimiter
3319 5292 3504 5346 adharc

1935 5387 2245 5449 peccatores
2282 5379 2442 5444 ferre,
2495 5380 2659 5434 vitam
2694 5391 2966 5450 postremo
3011 5397 3106 5451 per
3143 5383 3304 5442 ﬁdem
3345 5383 3398 5438 in
3441 5383 3505 5437 il-

1937 5472 2045 5523 lum
2087 5470 2384 5539 impertiri;
2415 5471 2463 5524 id
2499 5471 2692 5527 merito
2723 5473 2777 5526 in
2811 5474 2981 5527 solum
3020 5473 3180 5529 Deum
3213 5476 3504 5530 convenire

1933 5569 2162 5631 oportet.

261 5734 306 5768 ’θ
329 5737 528 5808 Εριιος.
557 5751 638 5802 ιιι,
673 5737 726 5802 8,
755 5736 808 5791 9.
858 5738 900 5768 ⁸ο
926 5736 1118 5807 Ephes.
1158 5753 1206 5803 v,
1235 5735 1325 5800 9.5,
1357 5734 1447 5790 26.
1486 5736 1527 5768 “
1559 5735 1714 5792 Rom.
1753 5750 1804 5801 ιι,

1940 5734 1990 5788 0.
2037 5734 2080 5767 ⁶²
2114 5733 2343 5807 Philipp.
2371 5753 2409 5806 ι,
2457 5738 2540 5794 18.
2621 5741 2665 5772 ⁸³
2692 5740 2823 5798 ibid.
2861 5741 2952 5799 28.
3034 5743 3077 5774 ⁵⁸
3108 5741 3126 5796 ι
3161 5740 3304 5797 Tim.
3339 5753 3380 5804 ι,
3413 5739 3493 5794 l5.
