3952 6200
420 321 549 376 13m

1416 319 1474 376 S.
1516 318 1796 374 CYBILLI
1832 317 2303 375 ALEXANDRINI
2341 319 2659 376 ARCHlEP.

3538 320 3665 376 1532

492 453 513 487 ι
556 436 621 489 Ει
664 437 950 490 manifeste
993 451 1244 507 maguum
1283 446 1365 491 est
1409 439 1628 508 pietatis
1686 451 1990 494 sacramen-

2180 458 2198 490 ι
2244 441 2354 494 Καὶ
2385 440 2830 509 ὁμολογουμένως
2871 440 3011 511 μέγα
3037 440 3153 492 ἐστὶ
3178 438 3240 491 τὸ
3260 437 3360 505 ής
3384 435 3665 499 εὐσεϐείας

420 544 557 591 ιιιιη,
590 528 734 596 quod
770 526 1171 581 manifestatum
1198 536 1283 583 est
1315 528 1367 581 in
1407 542 1607 591 carne,
1635 527 1990 595 iustiﬁcatam

416 627 510 673 est
542 619 593 670 in
640 616 868 687 Spiritu,
917 618 1169 688 apparuit
1216 618 1451 687 angelis,
1503 619 1851 687 praedicatum
1910 626 1996 673 est

418 709 689 777 gentibus,
737 710 1000 763 creditum
1033 719 1120 766 est
1166 711 1218 764 in
1271 711 1502 775 mundo,
1539 721 1873 780 assumptum
1912 718 1996 765 est

424 801 475 851 in
516 800 685 869 gloria
720 800 787 855 ⁸⁸.
824 819 846 851 ι
877 802 1007 867 Quis
1040 802 1105 864 is.
1135 816 1341 870 quaso,
1365 810 1468 864 est,
1499 803 1589 871 qui
1616 803 1668 855 in
1699 817 1861 857 carne
1884 816 1997 856 mae

424 890 709 944 riiiestattls
737 892 857 946 est?
896 894 1084 946 Annon
1135 894 1307 947 modis
1350 893 1602 946 omnibus
1652 893 1991 961 perspicuum

421 992 525 1044 est,
563 998 667 1036 non
720 983 883 1035 alium
921 999 1076 1047 esse,
1125 999 1287 1053 quam
1345 986 1632 1053 ipsummet
1677 985 1770 1040 Dei
1820 984 1995 1039 Patris

425 1065 695 1123 Verbum?
727 1069 863 1125 Hinc
892 1086 1125 1140 namque
1164 1088 1412 1141 magnum
1458 1072 1583 1127 illud
1629 1072 1847 1147 pietatis
1877 1088 1996 1143 my-

422 1161 649 1213 sterium
709 1163 1054 1230 perspicitur.
1104 1162 1201 1217 Hic
1246 1173 1422 1217 autem
1479 1163 1546 1217 ab
1595 1164 1802 1234 angelis
1846 1163 1994 1220 visus

418 1262 525 1314 est,
560 1267 679 1304 cum
712 1252 765 1305 in
801 1253 997 1306 coelum
1027 1263 1314 1322 susceptus
1339 1263 1455 1319 est;
1485 1254 1803 1322 praedicatus
1833 1268 1993 1322 porro

418 1344 670 1408 gentibus
702 1354 785 1399 est
810 1360 905 1414 per
936 1355 1155 1400 sanctos
1188 1346 1459 1414 apostolos
1494 1368 1505 1403 :
1546 1347 1785 1402 creditus
1812 1356 1991 1402 autem

417 1442 502 1486 est
530 1434 581 1487 in
612 1437 833 1489 mundo.
871 1435 977 1491 Sed
1018 1438 1258 1506 nunquid
1296 1438 1435 1492 istud
1469 1438 1615 1492 velut
1642 1438 1802 1495 homo
1831 1438 1991 1494 abso-

421 1525 529 1578 lute
564 1535 622 1579 ut
649 1525 1178 1597 nos?Nequaqnam,
1209 1544 1397 1583 verum
1428 1540 1485 1583 ut
1528 1529 1670 1585 Deus
1716 1531 1768 1583 in
1806 1544 1991 1597 carne,

418 1614 684 1683 nobisque
712 1617 904 1671 similis
931 1617 1178 1672 eﬂ‘ectus.
1211 1620 1535 1688 Assumptus
1568 1620 1782 1674 laudent
1823 1629 1906 1674 est
1938 1620 1991 1674 in

419 1704 629 1775 gloria,
680 1724 786 1778 quo
836 1710 1003 1766 Deum
1049 1720 1104 1766 et
1161 1711 1376 1767 Patrem
1429 1714 1698 1769 dicentem
1758 1716 1988 1771 audiat:

418 1890 712 1944 scabellum
738 1894 936 1961 pedum
972 1904 1186 1949 tuorum
1210 1898 1278 1950 “.
1315 1914 1334 1948 ι

867 2030 953 2084 Ex
991 2028 1231 2099 Epistola
1261 2033 1330 2086 ad
1360 2031 1554 2087 Titum.

493 2156 513 2188 ι
551 2137 752 2194 Fidelis
773 2153 951 2193 sermo
973 2149 1057 2194 est
1082 2156 1096 2193 :
1124 2148 1177 2194 et
1204 2139 1270 2195 de
1298 2141 1381 2194 his
1402 2141 1523 2195 volo
1551 2152 1601 2195 te
1622 2143 1984 2210 conﬁrmare;

418 2237 476 2282 ιιι
535 2238 726 2284 curent
779 2231 933 2284 bonis
1000 2232 1254 2301 operibus
1308 2238 1554 2301 ‘prazesse
1616 2235 1709 2302 qui
1762 2234 1993 2290 credunt

419 2318 528 2374 Deo
554 2320 619 2373 ⁸⁷.
655 2338 673 2371 ι
707 2316 956 2390 Nunquid
999 2324 1088 2390 qui
1140 2322 1191 2375 in
1240 2320 1406 2377 Deum
1438 2324 1689 2388 credunt,
1726 2324 1778 2378 in
1832 2325 1988 2379 Chri-

416 2421 557 2464 stum
603 2427 708 2465 non
759 2414 1026 2468 credunt?
1064 2414 1224 2481 Atqui
1254 2414 1445 2470 beatus
1488 2414 1720 2471 Joannes
1765 2419 1878 2472 haec
1923 2417 1991 2473 de

417 2502 507 2556 illo
560 2504 759 2559 diserte
802 2506 1062 2575 exponit:
1095 2525 1116 2558 ι
1174 2505 1480 2576 Quotquot,
1523 2509 1727 2577 inquit,
1767 2524 1991 2580 recepe-

418 2604 536 2648 runt
569 2612 714 2664 eum,
747 2598 895 2652 dedit
923 2599 1003 2654 eis
1046 2608 1370 2670 potestatem
1424 2599 1567 2654 ﬁlios
1597 2601 1691 2656 Dei
1731 2602 1869 2665 ﬁeri,
1903 2602 1989 2657 his

414 2688 505 2755 qui
543 2686 699 2758 125
746 2692 972 2744 credunt
1019 2690 1071 2745 in
1112 2691 1329 2746 nomine
1369 2690 1486 2760 ejus
1508 2690 1577 2748 ".
1618 2713 1637 2746 ι
1687 2693 1990 2748 Subscribit

417 2777 503 2831 his
529 2793 578 2831 et
608 2780 721 2848 ipse
743 2782 931 2834 beatus
949 2780 1150 2835 Paulus
1169 2797 1382 2852 quoque
1406 2800 1420 2837 :
1444 2785 1522 2837 ait
1546 2785 1688 2838 enim
1715 2801 1731 2836 :
1760 2803 1778 2835 ι
1799 2784 1988 2840 Scien-

416 2872 500 2923 les
532 2868 675 2936 quod
707 2883 812 2923 non
840 2869 1176 2937 justiﬁcatur
1208 2871 1369 2924 homo
1418 2886 1483 2926 ex
1524 2871 1778 2938 oneribus
1813 2871 1945 2940 legis
1969 2912 1985 2939 ,

417 2958 519 3012 nisi
546 2973 643 3026 per
670 2958 825 3012 [idem
857 2957 984 3013 Jesu
1011 2957 1251 3025 Christi;
1288 2968 1341 3013 et
1380 2974 1476 3014 nos
1519 2960 1572 3013 in
1608 2958 1825 3013 Christo
1859 2957 1988 3014 Iesu

414 3050 769 3116 credidimus,
800 3060 858 3104 ut
878 3051 1239 3120 justiﬁcemur
1270 3052 1321 3105 in
1354 3052 1469 3121 ipso
1498 3051 1563 3103 ".
1616 3069 1634 3102 ι
1663 3051 1798 3105 Cum
1827 3050 1989 3122 igitur

2098 532 2392 601 μυστήριον
2412 548 2428 561 ·
2472 530 2604 591 Θεὸς
2633 527 2948 600 ἐφανερώθη
2983 528 3043 581 ὲν
3074 528 3258 598 σαρκὶ,
3286 525 3580 595 ἐδικαιώθη
3612 528 3667 579 ὲν

2096 620 2392 691 Πνεύματι,
2412 619 2567 695 ὤφθη
2597 619 2870 689 ἀγγέλοις,
2898 618 3177 691 ἐκηρύχθη
3202 621 3263 671 ὲν
3289 617 3524 683 ἔθνεσιν,
3555 620 3668 671 ἐπι.

2097 710 2293 781 στεύθη
2318 712 2377 764 ἐν
2402 710 2612 779 κόσμῳ,
2639 709 2916 779 ἀνελήφθη
2944 711 3001 762 ὲν
3022 707 3172 779 δόξῃ.
3206 726 3226 758 ι
3251 705 3347 770 Τίς
3370 707 3401 760 ὁ
3429 707 3486 759 ἐν
3508 709 3667 775 σαρκὶ

2095 800 2467 873 φανερωθείς;
2495 800 2529 872 ἢ
2559 799 2718 870 δῆλον
2746 800 2829 854 ὃτι
2866 797 3043 866 πάντη
3075 813 3136 850 τε
3167 797 3263 849 καὶ
3294 797 3512 858 πάντως
3539 795 3570 847 6
3604 798 3666 848 ἑκ

2094 892 2229 945 Θεοῦ
2264 890 2477 962 Πατρδς
2507 890 2711 958 Λόγος;
2743 889 2899 942 Οῦτω
2945 888 3054 958 γὰρ
3096 887 3246 940 ἔσται
3291 886 3439 956 μέγα
3468 885 3531 937 τὺ
3570 885 3665 955 τῆς

2094 983 2375 1046 εὐσεϐείας
2426 982 2743 1052 μυστήριον.
2794 979 2928 1043 Θεὸς
2987 976 3308 1049 ἐφανερώθη
3364 978 3424 1029 ὲν
3480 978 3662 1046 σαρκὶ.

2094 1073 2251 1144 ὤφθη
2280 1075 2339 1127 δὲ
2371 1072 2625 1141 ἀγγέλοις
2654 1071 2965 1126 ἀναϐαίνων
2992 1071 3074 1133 εἰς
3114 1067 3374 1140 οὐρανούς
3394 1084 3407 1096 ·
3466 1065 3663 1137 ἐκηρύο

2093 1165 2199 1236 χθη
2245 1165 2303 1217 ὲν
2329 1163 2506 1217 ἔθνεσι
2536 1162 2627 1216 διὰ
2659 1161 2768 1216 τῶν
2800 1160 2971 1230 άγίων
2997 1159 3333 1218 ἀποστόλων,
3372 1156 3663 1225 ἐπιστεύθη

2091 1259 2149 1312 δὲ
2191 1258 2253 1311 ἐν
2286 1258 2510 1326 κόσμῳ·
2562 1256 2657 1308 καὶ
2690 1253 2806 1309 οῦτι
2856 1251 2959 1306 πού
3004 1268 3207 1333 φαμεν,
3255 1251 3339 1304 ὃτι
3369 1250 3491 1307 καθ’
3521 1250 3663 1319 ἡμᾶς

2091 1348 2378 1421 ἄνθρωπος
2424 1346 2634 1411 ἁπλῶς,
2668 1345 2783 1399 ἀλλ’
2808 1343 2887 1409 ὡς
2927 1342 3062 1407 Θεὸς
3098 1343 3158 1397 ἐν
3202 1341 3369 1413 σαρκὶ
3415 1341 3512 1394 καὶ
3541 1340 3662 1395 καθ’

2091 1441 2242 1511 ἡμᾶς
2272 1437 2531 1508 γεγονώς.
2572 1435 2873 1507 ’Δνελήφθη
2921 1435 2980 1489 δὲ
3024 1434 3119 1488 καὶ
3166 1434 3227 1487 ὲν
3256 1433 3406 1506 δόξῃ,
3455 1432 3545 1485 ἵνα
3573 1432 3662 1483 λέ-

2092 1547 2282 1598 γοντος
2322 1528 2530 1600 ἀκούσῃ
2561 1526 2656 1582 τοῦ
2698 1525 2836 1580 Θεοῦ
2883 1525 2978 1579 καὶ
3012 1522 3257 1595 Πατρός·
3301 1542 3322 1575 ι
3372 1521 3558 1577 Κάθου
3600 1523 3664 1574 ὲιι

2090 1621 2282 1687 δεξιῶν
2327 1637 2453 1692 μου,
2482 1619 2590 1683 ’ἐως
2615 1618 2683 1672 ἂν
2720 1616 2799 1671 θῶ
2826 1617 2953 1680 τοὺς
2993 1614 3221 1687 ἐχθρούς
3254 1630 3347 1668 σου
3379 1612 3664 1667 ὑποπόδιον

2039 1711 2550 1766 -τῶνποδῶνσου.
2598 1728 2619 1761 ι

426 1816 446 1848 ε
479 1796 617 1853 Sede
645 1814 683 1854 α
706 1801 914 1857 dextris
953 1804 1108 1867 meis,
1139 1805 1310 1859 donec
1350 1819 1545 1874 ponam
1594 1805 1844 1863 inimicos
1873 1816 1992 1863 tuos
2021 1780 2065 1835 Β

2547 2011 2650 2066 Ἐκ
2696 2009 2807 2079 τῆς
2839 2009 2991 2079 πρὸς
3029 2008 3214 2064 Τίτον.

2168 2148 2187 2181 ι
2233 2127 2431 2191 Πιστὸς
2472 2127 2502 2179 ὁ
2547 2123 2736 2195 λόγος·
2767 2122 2863 2177 καὶ
2890 2121 3020 2191 περὶ
3064 2118 3267 2174 τούτων
3297 2118 3561 2190 βούλομαί
3607 2136 3670 2174 σε

2089 2217 2555 2280 διαϐεϐαιοῦσθαι,
2601 2215 2691 2269 ῐνα
2720 2211 3048 2286 φροντίζωσι
3093 2209 3277 2266 καλῶν
3314 2212 3493 2282 ἔργων
3530 2229 3668 2280 προ-

2095 2310 2341 2365 ίστασθαι
2370 2310 2419 2363 οἱ
2441 2304 2865 2369 πεπιστευκότες
2886 2303 2964 2374 τῷ
2991 2301 3131 2373 Θεῷ.
3162 2320 3181 2353 ι
3208 2298 3332 2371 'Ap‘
3353 2298 3446 2356 οὖν
3470 2303 3522 2356 oi
3550 2303 3669 2374 Θ·ιῷ

2090 2403 2460 2464 πιστεύοντες,
2482 2399 2584 2452 οὐκ
2608 2400 2689 2461 είς
2720 2396 2955 2468 Χριστὸν
2988 2393 3421 2459 πεπιστεύκασις
3471 2394 3671 2449 Καίτοι

2089 2497 2265 2567 λέγων
2289 2496 2483 2567 ὁρᾶται
2519 2493 2754 2563 σαφῶςό
2788 2492 3057 2563 μακάριος
3099 2491 3358 2558 Ἰωάννης
3400 2490 3531 2560 περὶ
3572 2490 3672 2542 αὖ·

2088 2588 2219 2644 τοῦ·
2255 2608 2276 2642 ι
2311 2590 2466 2644 Ὅσοι
2501 2588 2561 2644 δὲ
2605 2585 2798 2640 ἔλαϐον
2834 2582 3020 2646 αὐτὸν,
3063 2582 3268 2635 ἔδωκεν
3293 2581 3479 2643 αὐτοῖς
3521 2579 3674 2646 ἔξω.

2091 2680 2215 2736 σίαν
2256 2681 2424 2734 τέκνα
2464 2677 2602 2733 Θεοῦ
2651 2674 2926 2745 γενέσθαι,
2959 2675 3075 2737 τοῖς
3115 2672 3467 2727 πιστεύουσιν
3503 2672 3583 2732 εἰς
3608 2671 3675 2722 τὸ

2086 2775 2260 2844 ὅνομα
2288 2771 2477 2826 αὑτοῦ.
2515 2789 2535 2823 ι
2572 2769 2686 2825 Καὶ
2711 2770 2817 2839 μὴν
2841 2766 2936 2821 καὶ
2966 2765 3131 2830 αὐτὸς
3159 2765 3191 2815 ὁ
3222 2763 3495 2834 μακάριος
3522 2761 3674 2816 Παῦ-

2087 2865 2212 2927 λος’
2262 2882 2282 2916 ι
2318 2863 2535 2925 Είόότες
2575 2858 2634 2914 δὲ
2679 2860 2764 2914 ὅτι
2813 2859 2872 2913 ού
2922 2854 3232 2911 δικαιοῦται
3279 2853 3563 2924 ἄνθρωπος
3611 2852 3676 2917 ἐξ

2090 2955 2267 3029 ἔργων
2296 2955 2488 3024 νόμου.
2525 2953 2621 3006 ἐὰν
2662 2951 2737 3022 μὴ
2776 2950 2868 3003 διά
2904 2949 3141 3012 πίστεως
3182 2944 3358 3017 Ἰησοῦ
3388 2944 3672 3017 Χριστοῦθ

2090 3051 2185 3103 καὶ
2233 3049 2396 3119 ἡμεῖς
2444 3047 2524 3110 εἰς
2579 3044 2816 3117 Χριστὸν
2858 3041 3064 3113 Ἰησοῦν
3111 3038 3537 3110 ἐπιστεύσαμεν.
3583 3039 3675 3094 ἵνα

414 3143 507 3211 qui
544 3141 761 3197 Christo
788 3142 944 3198 ﬁdem
978 3141 1232 3207 oﬂ‘erunt,
1274 3145 1325 3197 in
1361 3145 1526 3198 Deum
1554 3143 1797 3209 credant,
1844 3159 1982 3214 quo-

2095 3138 2472 3209 δικαιωθῶμεν
2496 3138 2555 3191 ὲν
2577 3135 2743 3207 αὐτῷ.
2768 3154 2787 3187 ι
2814 3135 2944 3189 Ὅτε
2970 3133 3151 3188 τοίνυν
3171 3128 3291 3201 Θεῷ
3318 3129 3673 3184 πιστεύωσιν

414 3237 576 3290 modo
602 3235 850 3292 Christus
876 3251 980 3292 non
1015 3245 1096 3291 est
1126 3235 1502 3291 verus.Deus?

789 3435 943 3502 Quod
978 3437 1107 3503 ﬁdes
1132 3438 1201 3490 si:
1235 3436 1288 3489 in
1316 3434 1611 3513 Christum.

681 3546 768 3600 Ex
802 3545 1087 3616 Evangelia
1118 3550 1401 3603 secundum
1433 3548 1714 3602 Joannem.

488 3678 514 3712 ι
550 3658 824 3729 Quatquot
851 3668 1031 3713 autem
1061 3666 1382 3729 receperunt
1407 3673 1557 3723 eum,
1591 3658 1739 3713 dedit
1780 3659 1860 3714 eis
1888 3674 1988 3729 po-

414 3759 667 3807 testatem
702 3748 841 3804 ﬁlios
874 3748 967 3805 Dei
1007 3750 1147 3815 ﬁeri,
1182 3750 1269 3804 bis
1304 3749 1397 3818 qui
1427 3748 1659 3804 credunt
1689 3749 1741 3804 in
1774 3750 1990 3805 nomine

413 3842 552 3912 ejus.
590 3861 612 3894 ι
648 3840 767 3896 Duo
789 3858 908 3913 qua
934 3820 992 3897 in
1026 3840 1195 3897 Deum
1226 3843 1517 3911 quadram,
1545 3840 1875 3909 coniunctim
1904 3843 1992 3898 hic

413 3933 564 4001 ponit
594 3950 610 3986 :
646 3948 750 3988 non
783 3935 925 3989 enim
963 3934 1065 3988 alia
1108 3934 1322 3988 ratione
1368 3934 1645 3990 Christum
1677 3933 1991 4004 complecti-

417 4041 557 4090 mur,
585 4042 747 4091 quam
776 4029 916 4096 quod
945 4027 1047 4082 ﬁde
1094 4027 1148 4081 in
1184 4027 1336 4081 illum
1370 4029 1664 4092 tendimus,
1715 4028 1815 4082 hoc
1861 4041 1991 4082 vero

415 4119 686 4185 declarat,
723 4120 847 4173 dum
886 4120 1006 4173 ait:
1065 4138 1084 4171 ι
1124 4118 1221 4174 His
1267 4120 1358 4189 qui
1405 4120 1631 4175 credunt
1676 4120 1728 4172 in
1773 4119 1991 4173 nomine

414 4210 530 4276 ejus
559 4227 572 4261 :
607 4230 626 4262 ι
671 4211 939 4264 credimus
965 4221 1142 4263 autem
1175 4211 1225 4264 in
1255 4211 1473 4266 nomine
1497 4212 1634 4279 ejus,
1668 4224 1773 4264 non
1802 4208 1989 4279 vulga-

412 4316 550 4363 rem,
599 4302 875 4366 nostrique
917 4302 1149 4355 similem
1199 4303 1473 4357 hominem
1519 4303 1645 4365 rati,
1689 4303 1782 4357 sed
1820 4302 1986 4356 Deum

412 4391 776 4444 incarnatnm.
805 4390 1041 4446 Rursum
1073 4393 1216 4462 quod
1240 4403 1562 4463 potestatem
1598 4395 1693 4449 dat
1726 4395 1864 4450 lilios
1889 4392 1984 4450 Dei

2088 3233 2139 3286 oi
2167 3230 2389 3303 Χριστῷ
2416 3229 2516 3301 τὴν
2544 3229 2726 3281 πίστιν
2768 3226 3161 3298 προσάγοντες,
3194 3219 3317 3285 πῶς
3341 3223 3441 3276 ούκ
3483 3222 3550 3277 ἂν
3577 3223 3679 3292 εἴη

2085 3321 2224 3384 Θεὸς
2248 3319 2487 3391 ἀληθής;

2443 3434 2571 3488 Ὀτι
2601 3436 2687 3501 είς
2715 3432 2974 3502 Χριστὸν
3011 3431 3050 3500 ἡ
3086 3433 3311 3498 πίστις.

2296 3547 2392 3600 Ἐκ
2434 3545 2536 3600 τοῦ
2571 3544 2722 3599 κατὰ
2771 3545 3047 3612 Ἰωάννην
3076 3542 3470 3614 Εὐαγγελίου.

2168 3678 2188 3711 ι
2220 3659 2376 3713 Ὅσοι
2426 3659 2483 3713 δὲ
2509 3656 2701 3712 ἔλαϐον
2730 3657 2914 3724 αὑτὸν,
2946 3656 3151 3712 ἔδωκεν
3195 3658 3379 3720 αὐτοῖς
3419 3656 3681 3723 ἐξουσίαν

2090 3751 2258 3806 τέκνα
2283 3749 2418 3804 Θεοῦ
2448 3750 2722 3818 γενέσθαι,
2753 3751 2866 3813 τοῖς
2908 3749 3259 3804 πιστεύουσιν
3298 3750 3378 3813 εἰς
3409 3750 3476 3804 τὸ
3501 3750 3681 3819 θνομ

2090 3843 2276 3898 αὑτοῦ.
2320 3862 2338 3894 ι
2369 3842 2474 3896 Δύο
2503 3841 2647 3895 κατὰ
2692 3840 2889 3895 ταυτὸν
2916 3840 3100 3909 τίθησι
3141 3840 3456 3910 θεοπρεπῆ-
3501 3857 3682 3910 super.

2090 3933 2425 4001 λαμϐάνεται
2474 3933 2581 4003 γὰρ
2612 3933 2712 4002 οὐχ
2752 3931 2957 4001 ἑτέρως
3000 3933 3133 4002 παρ’
3168 3930 3326 4000 ἡμῶν
3353 3932 3385 3984 ὁ
3412 3930 3676 3999 Χριστός

2091 4025 2232 4096 πλὴν
2256 4026 2340 4079 ὅτι
2364 4025 2422 4078 δὲ
2449 4026 2529 4087 εἰς
2558 4023 2720 4077 αὑτὸν
2749 4022 2948 4085 πίστις,
2999 4023 3252 4091 σαφηνιεῖ
3279 4021 3339 4073 τὺ
3369 4021 3684 4090 προκείμε-

2089 4133 2212 4172 νον’
2262 4137 2279 4168 ι
2333 4117 2458 4181 Τοῖς
2494 4115 2602 4186 γὰρ
2647 4115 2981 4177 πιστεύουσι,
3031 4114 3215 4184 φησὶν,
3265 4114 3344 4176 εἰς
3396 4113 3460 4165 τὺ
3502 4114 3682 4182 ὄνομα

2090 4209 2280 4264 αὐτοῦ.
2316 4228 2336 4261 ι
2375 4207 2716 4279 Πιστεύομεν
2743 4207 2799 4261 δὲ
2831 4207 2910 4270 είς
2935 4205 2995 4259 τὸ
3039 4205 3209 4275 ὄνομα
3238 4203 3428 4266 αὑτοῦ,
3454 4205 3561 4257 οὐκ
3582 4205 3686 4258 ἄν-

2090 4301 2310 4372 θρωπον
2338 4295 2478 4354 εἶναι
2496 4299 2678 4354 κοινὸν
2700 4298 2797 4353 xui.
2818 4297 2914 4352 ἕνα
2934 4296 3043 4349 τῶν
3067 4295 3189 4350 καθ’
3212 4295 3364 4365 ἡμᾶς
3390 4295 3687 4349 πιστεύον-

2091 4408 2202 4455 τες,
2227 4390 2365 4444 ἀλλὰ
2403 4390 2537 4444 Θεὸν
2563 4388 3043 4463 ὲνηνθρωπηκότα.
3076 4386 3192 4440 Οὐκ
3223 4384 3572 4456 ἀνθρώπινον
3620 4386 3687 4439 δὲ

412 4479 556 4542 ﬁeri,
589 4493 694 4532 non
730 4480 1092 4535 humanarum
1126 4482 1320 4535 virium
1349 4494 1452 4547 est,
1482 4486 1575 4539 sed
1606 4486 1799 4539 divina:
1831 4495 1987 4539 natu-

2095 4485 2152 4538 τὸ
2182 4483 2431 4550 ἐξουσίαν
2470 4481 2670 4536 διδόναι
2703 4481 2869 4535 τέκνα
2897 4479 3032 4534 Θεοῦ
3062 4478 3335 4548 γενέσθαι,
3370 4477 3691 4548 θεοπρεπὲς

410 4583 487 4622 rte
517 4581 677 4635 opus,
712 4566 1079 4637 quiddamque
1102 4570 1355 4623 universa
1385 4580 1635 4626 creatura
1671 4572 1980 4629 sublimius.

410 4653 545 4711 Cum
581 4652 713 4709 fides
733 4670 862 4723 ergo
898 4657 952 4710 in
979 4656 1154 4726 ipsum
1189 4655 1465 4714 Christum
1503 4661 1706 4727 tendat,
1738 4662 1986 4732 idemque

408 4746 502 4800 det
531 4746 764 4814 gratiam
797 4755 856 4801 ut
886 4747 979 4801 tilii
1008 4748 1100 4803 Dei
1132 4747 1452 4817 eﬁiciamur,
1484 4753 1754 4820 quomodo
1774 4763 1988 4811 nonest

409 4837 550 4892 Deus
566 4837 590 4891 ἲ

485 4947 506 4979 ι
540 4927 652 4983 Hoc
681 4929 807 4983 fecit
834 4932 1041 4985 initium
1066 4932 1340 5002 signorum
1368 4933 1527 4991 Iesus
1565 4936 1620 4990 in
1656 4937 1801 4992 Cana
1836 4938 1983 4994 Gali-

409 5019 541 5083 Im,
574 5029 625 5074 et
657 5019 1025 5077 manifestavit
1054 5022 1282 5092 gloriam
1317 5039 1470 5079 suam
1498 5040 1512 5078 :
1548 5036 1602 5080 et
1633 5027 1983 5083 crediderunt

408 5111 460 5164 in
484 5124 607 5165 eum
635 5112 882 5181 discipuli
911 5114 1029 5184 eius
1054 5115 1122 5167 ’°.
1157 5134 1176 5167 ι
1207 5114 1377 5186 Signo
1402 5120 1981 5191 peraeto,‘Christique

406 5200 574 5271 gloria
618 5202 986 5269 manifestata,
1021 5204 1075 5256 in
1108 5218 1288 5273 quem,
1318 5218 1522 5274 quaso,
1552 5206 1693 5261 beati
1723 5205 1798 5261 illi
1828 5207 1982 5262 disci-

405 5277 517 5359 puli
546 5294 941 5350 crediderunt?
968 5297 1211 5366 nunquid
1242 5296 1296 5350 in
1343 5298 1618 5353 hominem
1662 5297 1980 5368 simpliciter

405 5386 700 5440 sanctum?
737 5387 898 5457 Atqui
925 5397 1052 5443 ante
1087 5388 1298 5458 signum
1340 5389 1542 5445 editum
1597 5389 1747 5443 illum
1784 5406 1978 5460 seque-

406 5478 604 5532 bantur
635 5487 892 5548 tauquam
926 5481 1101 5536 virum
1130 5490 1377 5537 sanctum
1413 5482 1686 5538 admirati.
1718 5482 1795 5538 Ex
1828 5484 1979 5553 signo

407 5570 587 5639 itaque
646 5580 964 5639 potestatem
1026 5574 1261 5628 humana
1320 5573 1579 5643 majorem
1645 5576 1721 5630 illi
1791 5576 1980 5631 adesse

436 5726 536 5780 "l
577 5726 718 5782 Tim.
762 5743 843 5792 ιιι,
883 5728 969 5784 ιθ.
1060 5730 1103 5762 ⁸⁸
1133 5730 1274 5788 Psal.
1313 5745 1426 5791 uix,
1466 5734 1511 5783 ι.
1591 5733 1633 5764 ⁸⁷
1664 5730 1769 5786 Tit.
1805 5747 1889 5799 ut,
1919 5733 1969 5786 8.
2050 5730 2094 5765 "
2117 5732 2270 5789 Joan.
2309 5748 2349 5799 I,
2390 5732 2456 5787 l2

2084 4575 2141 4629 δὲ
2177 4575 2376 4647 μᾶλλον
2406 4574 2501 4627 καὶ
2528 4572 2668 4645 ὑπὲρ
2696 4571 2794 4645 τὴν
2821 4571 3022 4625 κτίσιν.
3047 4570 3177 4625 ὀτε
3202 4569 3386 4624 τοίνυν
3404 4571 3486 4633 εἰς
3506 4568 3690 4622 αὐτὸν

2087 4668 2121 4738 ή
2150 4667 2352 4731 πίστις,
2389 4665 2482 4719 καὶ
2515 4664 2676 4729 αὐτὸς
2705 4664 2888 4719 δίδωσι
2915 4663 3016 4735 τῆς
3047 4661 3322 4725 υἱοθεσίας
3349 4662 3452 4733 την
3483 4662 3685 4732 χάριν

2086 4758 2204 4822 πῶς
2230 4760 2291 4812 ού
2320 4758 2452 4821 Θεὸς
2483 4760 2512 4812 ὁ
2537 4755 2805 4829 Χριστόςς

2165 4958 2185 4990 ι
2232 4935 2447 5008 Ταύτην
2484 4936 2740 5006 ἐποίησεν
2767 4933 2944 5007 ἀρχὴν
2967 4932 3076 4987 τῶν
3102 4931 3343 5004 σημείων
3386 4932 3417 4984 ὁ
3462 4932 3692 5002 Ἰησοῦς

2089 5031 2147 5084 ἐν
2178 5029 2334 5101 Κανᾷ
2369 5028 2467 5100 τῆς
2510 5026 2824 5092 Γαλιλαίας,
2875 5027 2972 5081 καὶ
3011 5023 3323 5096 ὲφανέρωσε
3360 5022 3467 5093 τὴν
3514 5023 3700 5087 δόξαν

2088 5121 2254 5175 αὑτοῦ
2272 5139 2287 5153 ·
2318 5122 2409 5174 δια)⁸
2431 5119 2758 5174 ἐπίστευσαν
2778 5120 2859 5182 εἰς
2888 5118 3050 5171 αὑτὸν
3070 5117 3118 5170 οἱ
3151 5115 3394 5187 μαθηταὶ
3416 5116 3625 5169 αὑτοῦ.
3671 5136 3695 5167 ι

2088 5212 2380 5282 Γεγονότος
2426 5211 2534 5284 ἄρα
2563 5210 2657 5265 τοῦ
2689 5209 2939 5283 σημείου,
2986 5208 3083 5262 καὶ
3123 5207 3552 5278 φανερώσαντος
3584 5207 3703 5261 τοῦ

2085 5302 2322 5374 Χριστοῦ
2345 5303 2444 5375 τὴν
2469 5302 2626 5369 δόξαν
2660 5301 2847 5365 αὑτοῦ,
2871 5300 2949 5362 ὡς
2981 5301 3059 5363 εἰς
3087 5298 3207 5352 τίνα
3234 5298 3703 5351 πεπιστεύκασιν

2082 5397 2133 5450 οἱ
2188 5394 2449 5466 μακάριοι
2508 5393 2780 5465 μαθηταίς
2842 5389 2953 5466 ἄρα
3008 5394 3089 5455 είς
3154 5390 3440 5459 ἄνθρωπον
3516 5390 3705 5458 ἅγιον

2084 5485 2303 5551 ἁπλῶς;
2327 5487 2518 5539 Καίτοι
2552 5485 2657 5556 πρὸ
2680 5484 2773 5538 τοῦ
2805 5485 3035 5555 σημείου
3079 5479 3462 5551 ἠκολούθησαν
3492 5480 3699 5549 αὐτῷ.

2082 5577 2485 5648 τεθαυμακότες
2510 5577 2586 5641 ὡς
2637 5578 2814 5646 άγιον·
2842 5574 2977 5629 ἀλλὰ
3009 5574 3294 5629 τεθέανται
3320 5570 3411 5625 διά
3433 5572 3537 5625 τοῦ
3574 5588 3705 5645 cn;-

2579 5734 2622 5765 °’
2653 5732 2828 5787 Gulal.
2865 5751 2920 5801 ιι,
2968 5731 3050 5787 l6.
3129 5731 3176 5765 "
3206 5728 3363 5786 Joan.
3400 5745 3464 5795 lt,
3506 5729 3601 5785 Η.
