3952 6200
322 178 462 235 1335

1412 182 1502 238 DE
1538 182 1764 239 RECTA
1806 184 1963 241 FIDE
1999 186 2093 241 AD
2131 184 2451 242 REGINAS.

3442 178 3580 231 1356

319 299 478 367 μείου
510 298 609 370 τὴν
639 298 779 369 ὑπὲρ
808 299 1095 372 ἄνθρωπον
1140 302 1369 374 δύναμίν
1405 321 1463 357 τε
1513 305 1608 359 καὶ
1648 304 1898 372 ἐξουσίαν

2020 305 2503 361 mimadverternnt
2529 317 2544 357 :
2573 314 2739 372 quare
2761 298 2817 354 in
2851 295 2996 353 illum
3033 305 3286 364 tanquam
3326 292 3377 348 in
3407 292 3575 348 Deum

317 389 533 461 ἔχοντα.
570 389 779 444 Οὐκοῦν
807 392 1235 448 πεπιστεύκασιν
1277 395 1351 459 ὡς
1390 397 1471 459 είς
1511 395 1664 451 Θεόν.
1702 395 1897 450 ’ἰστέον

318 480 398 542 δὲ,
426 481 509 535 ὄτι
542 480 726 535 πολλοὶ
748 482 859 535 τῶν
887 483 1058 550 ἁγίων
1101 484 1272 539 πολλὰ
1309 487 1641 558 πεποιήκασι
1673 487 1766 539 καὶ
1795 504 1899 540 πα⁶

322 570 553 639 ρέιδοξαο
604 572 698 624 καὶ
744 573 1167 645 ἐθαυμάσθησαν
1218 577 1336 650 μὲν,
1383 577 1673 631 ἐπίστευσε
1717 578 1774 631 δὲ
1817 580 1895 644 είς

322 665 522 728 αὐτοὺς
551 665 747 729 οὐδείς.
785 668 937 737 Ἔχοι
964 668 1010 721 δ’
1046 668 1117 723 ἂν
1144 670 1240 739 τὴν
1281 671 1402 740 ἴσην
1438 668 1707 724 διάνοιαν·
1744 688 1763 725 ι
1812 670 1898 733 Ὦς

319 758 377 809 δὲ
406 752 473 827 ἦν
498 759 556 811 ἐν
575 761 688 822 τοῖς
722 759 1113 830 Ἰεροσολύμοις
1144 761 1201 813 ἐν
1228 761 1303 833 τῷ
1335 762 1524 833 Πάσχα
1545 763 1603 814 ὲν
1628 764 1693 833 τῇ
1713 762 1897 835 ἑορτῇ,

323 846 509 898 πολλοὶ
556 847 882 902 ἐπίστευσαν
912 851 991 913 εἰς
1036 849 1097 902 τὸ
1134 851 1302 921 ὕνομα
1354 850 1539 912 αὐτοῦ,
1570 850 1899 925 Θεωροῦντες

324 936 488 989 αὐτοῦ
522 937 587 991 τὰ
620 940 841 1009 σημεῖα,
870 937 906 992 ἃ
946 939 1139 997 ἐποίει.
1190 959 1208 992 ι

402 1068 422 1099 ι
451 1049 525 1104 Ού
556 1050 664 1120 γὰρ
689 1050 1006 1111 ἀπέστειλεν
1028 1053 1060 1107 6
1081 1052 1213 1116 Θεὸς
1238 1056 1328 1108 τὸν
1355 1055 1484 1109 Υἰδν
1508 1056 1676 1109 αὐτοῦ
1706 1058 1786 1119 εἰς
1809 1055 1902 1109 τὸν

324 1139 553 1211 κόσμον,
605 1141 692 1193 ἵνα
744 1142 906 1214 κρίνῃ
961 1143 1052 1203 τὸν
1098 1143 1335 1215 κόσμον,
1385 1146 1501 1201 ἀλλ’
1536 1147 1625 1200 ἶνα
1677 1147 1823 1217 σωθῇ
1873 1148 1902 1199 6

326 1231 530 1300 κόσμος
559 1230 625 1284 δι’
644 1232 832 1289 αὐτοῦ.
851 1233 908 1287 '0
937 1235 1208 1290 πιστεύων
1231 1238 1310 1299 είς
1336 1238 1518 1301 αὑτὸν,
1545 1239 1605 1290 οῦ
1633 1237 1898 1308 κρίνεταιο

2002 396 2370 453 crediderunt.
2407 393 2633 451 Constat
2663 407 2759 461 per
2790 388 2988 447 multos
3022 397 3241 443 sanctos
3270 385 3436 440 multa
3465 394 3578 440 stu-

2000 487 2173 556 penda
2200 486 2459 550 edidisse,
2487 493 2707 555 propter
2734 497 2856 553 qua:
2884 480 3048 535 etiam
3081 479 3134 537 in
3163 492 3359 548 magna
3397 476 3573 557 admi-

2000 578 2210 637 ratione
2239 585 2526 632 erant:at
2574 574 2751 630 nullus
2798 572 3014 628 interim
3064 580 3312 640 repertus
3343 578 3430 625 est
3482 568 3575 638 qui

2001 669 2058 725 in
2093 668 2214 725 illos
2238 668 2505 733 crederet.
2532 666 2786 737 Ejusdem
2827 679 2966 735 pene
3002 664 3283 719 sententiae
3313 670 3480 717 estet
3509 661 3576 713 it.

2000 761 2092 816 lud
2120 775 2378 830 quoque:
2415 780 2434 812 ι
2474 758 2610 815 Cum
2660 767 2841 819 autem
2889 765 3037 811 esset
3081 752 3472 824 Hierosolymis
3521 751 3574 807 iu

1998 852 2209 913 Pascha
2238 852 2296 915 in
2336 852 2423 911 die
2467 851 2629 917 festo,
2661 849 2813 905 multi
2858 846 3208 907 crediderunt
3256 846 3310 900 in
3362 844 3580 903 nomine

2000 944 2144 1014 eius,
2184 944 2427 1006 videntes
2454 944 2608 1015 signa
2635 943 2754 1013 ejus
2775 957 2899 1014 quae
2919 941 3151 998 faciebat
3181 940 3249 996 ⁷¹.
3292 959 3313 993 ι

2079 1077 2100 1111 ι
2131 1056 2251 1113 Non
2301 1058 2446 1112 enim
2494 1057 2642 1113 misit
2678 1056 2823 1113 Deus
2869 1055 3068 1111 Filium
3108 1068 3263 1108 suum
3317 1050 3478 1121 126
3528 1049 3580 1103 in

2004 1151 2265 1207 mundum
2296 1159 2356 1204 ut
2378 1148 2583 1220 iudicet
2616 1149 2875 1204 mundum
2894 1188 2911 1214 ,
2940 1150 3035 1203 sed
3064 1155 3124 1201 ut
3151 1144 3392 1202 salvetur
3417 1158 3583 1196 mun-

2003 1245 2104 1299 dus
2130 1258 2227 1313 per
2248 1243 2441 1313 ipsum.
2470 1240 2573 1311 Qui
2613 1240 2786 1296 credit
2832 1242 2885 1295 in
2926 1254 3071 1303 eum,
3119 1252 3225 1293 non
3263 1234 3582 1305 iudicatur:

320 1323 357 1374 ὁ
381 1322 437 1375 δὲ
473 1324 548 1392 μὴ
577 1322 872 1389 πιστεύων,
905 1326 1002 1396 ἤδη
1035 1326 1306 1397 κέκριται”
1337 1327 1418 1380 ὄτι
1438 1328 1514 1398 μὴ
1544 1328 1903 1381 πεπίστευκεν

2020 1336 2093 1405 ιιιί
2128 1344 2307 1389 autem
2339 1348 2445 1389 non
2474 1334 2668 1398 credit,
2695 1333 2804 1403 jam
2838 1332 3111 1402 judicatus
3157 1334 3271 1392 est‘;
3307 1327 3433 1397 quia
3475 1339 3580 1379 non

328 1415 410 1476 si;
451 1412 514 1466 τὸ
564 1413 738 1483 ὄνομα
775 1414 870 1469 τοῦ
923 1418 1240 1487 μονογενοῦς
1288 1419 1417 1472 Υίοῦ
1447 1418 1543 1471 τοῦ
1591 1419 1749 1474 Θεοῦ.
1787 1439 1806 1471 ι
1841 1419 1903 1471 Εἰ

2020 1423 2238 1479 :redidit
2286 1424 2337 1476 in
2374 1422 2593 1476 nomine
2624 1421 2889 1491 uuigeniti
2937 1418 3059 1475 Filii
3100 1416 3195 1473 Dei
3227 1418 3295 1471 τ’.
3341 1434 3361 1467 ι
3400 1414 3456 1470 Si
3494 1415 3579 1467 via

328 1502 605 1573 σωτηρίας
633 1502 752 1567 ὁδός
774 1507 920 1559 ἐστιν
938 1507 972 1576 ἡ
999 1507 1181 1577 πίστις
1204 1509 1240 1579 ἡ
1261 1510 1342 1571 εἰς
1369 1508 1460 1562 τὸν
1484 1508 1632 1573 Υίὸν,
1662 1510 1779 1574 πῶς
1796 1510 1904 1583 ἄρα

2020 1514 2075 1568 Id
2105 1512 2338 1568 salutem
2365 1519 2449 1567 est
2478 1511 2616 1566 ﬁdes
2651 1512 2703 1565 in
2749 1510 2971 1572 Filium,
3012 1508 3287 1579 quomodo
3316 1506 3371 1560 in
3402 1506 3580 1573 ipsum

330 1597 657 1668 πιστεύομεν
690 1600 770 1671 εἰς
811 1599 999 1665 αὐτόν;
1044 1600 1077 1670 ἦ
1121 1600 1237 1664 πῶς
1275 1600 1375 1672 τὴν
1404 1603 1469 1667 ὲκ
1504 1602 1595 1663 τοῦ
1621 1603 1902 1674 κρίνεσθαι

2020 1603 2315 1660 credimus!
2354 1613 2450 1659 aut
2488 1604 2763 1673 quomodo
2809 1605 2863 1657 lu
2903 1604 3078 1672 ipsum
3129 1601 3412 1655 credentes
3447 1610 3583 1651 cou-

318 1690 728 1761 Διαφευξόμεθα
758 1691 945 1761 δίκηνς
981 1688 1092 1765 ἄρα
1116 1694 1224 1764 γὰρ
1246 1693 1323 1757 ὡς
1361 1694 1647 1766 ᾷνθρωττον
1673 1695 1904 1751 καταδε-

2020 1695 2375 1750 damnationis
2394 1692 2722 1750 sententiam
2770 1690 3100 1748 evademus?
3144 1689 3395 1760 Nunquid
3434 1686 3581 1742 illum

326 1780 574 1852 ξάμενοι,
598 1783 692 1836 καὶ
719 1783 906 1854 ἕτερον
936 1784 1086 1855 παρὰ
1114 1782 1269 1837 τοῦτο
1283 1784 1470 1851 ούδένς
1500 1782 1634 1839 Εἶτα
1654 1785 1774 1850 πῶς
1798 1788 1903 1842 οὐκ

2020 1786 2116 1842 lide
2150 1792 2208 1840 ut
2246 1782 2519 1839 hominem
2547 1783 2959 1855 complectimur
2979 1825 2995 1849 ,
3025 1796 3125 1838 nec
3155 1781 3447 1851 quidquam
3468 1792 3587 1832 om-

329 1872 602 1946 ἀνθρώπῳ
627 1874 1012 1947 λατρεύωμεν.
1049 1876 1186 1929 Ἀλλ’
1206 1877 1283 1941 ὡς
1306 1879 1386 1941 είς
1409 1876 1562 1931 Θεόνο
1596 1879 1755 1933 τοῦτο
1794 1879 1903 1951 γὰρ

2020 1878 2137 1933 uino
2168 1877 2273 1933 nisi
2324 1879 2618 1932 humanum
2667 1877 2734 1933 de
2781 1876 2873 1930 illo
2927 1875 3305 1945 concipimus?
3359 1873 3431 1927 At
3474 1885 3584 1942 quo

329 1964 546 2039 ἀληθέςζ
576 1969 671 2038 Τίς
703 1967 795 2024 οὖν
826 1972 857 2024 6
881 1970 1044 2039 φάναι
1067 1970 1278 2042 τολμῶν
1304 1971 1406 2025 οὒκ
1428 1968 1569 2027 εἶναι
1597 1972 1740 2027 κατὰ
1771 1974 1905 2045 ἀλή-

2020 1978 2168 2037 pactu
2190 1969 2236 2025 si
2271 1969 2375 2026 hoc
2409 1969 2718 2033 fecerimus,
2744 1968 2984 2023 divinum
3014 1968 3219 2022 cultum
3252 1964 3456 2021 homini
3483 1963 3586 2017 im-

323 2054 478 2113 θειαν
503 2058 656 2125 Θεὸν,
683 2053 743 2115 οὗ
770 2059 1117 2133 δεδικαίωκεν
1141 2060 1175 2132 ἡ
1201 2058 1383 2124 πίστις
1407 2060 1507 2130 τὴν
1522 2060 1614 2115 ὑπ’
1633 2061 1902 2133 οὐρανόν;

2020 2062 2267 2132 pendisse
2296 2076 2401 2116 non
2437 2061 2763 2131 urguemur?
2795 2060 2999 2115 Fidene
3029 2073 3159 2127 ergo
3189 2058 3242 2113 in
3270 2057 3421 2112 illum
3452 2053 3583 2110 fer-i-

329 2168 451 2208 mur
483 2164 737 2224 tanquam
774 2156 825 2210 in
853 2154 1239 2211 DeumYSaue.
1280 2156 1414 2221 Quis
1485 2155 1635 2210 iilum
1694 2155 2027 2225 ergo,cujus
2062 2155 2198 2213 ﬁdes
2247 2166 2519 2212 terrarum
2569 2158 2774 2214 orbem
2836 2154 3128 2226 iustiﬁcat,
3181 2166 3369 2207 vermn
3416 2149 3584 2205 Deum

327 2261 451 2303 esse
477 2248 709 2304 indciari
733 2250 967 2307 audeat?

403 2360 424 2394 ι
472 2339 656 2409 Ἔγνω
685 2336 779 2395 οῦν
821 2343 850 2395 6
879 2340 1062 2412 πατὴρ
1087 2342 1169 2395 ὅτι
1194 2343 1256 2393 ὲν
1294 2341 1480 2411 ἐκείνῃ
1509 2342 1576 2411 τῇ
1606 2340 1748 2411 ὥρᾳ,
1780 2341 1840 2394 ἐν

320 2428 479 2486 εἶπεν
522 2431 708 2503 αὐτῷ’
754 2430 815 2486 Ὃ
857 2431 973 2495 υίὸς
1022 2448 1119 2485 σου
1167 2430 1271 2502 ζῇ·
1316 2431 1415 2485 καὶ
1454 2430 1778 2495 ἐπίστευσεν
1825 2431 1906 2493 είς

329 2523 491 2577 αὑτὸν
522 2522 702 2587 αὐτὸς,
747 2522 842 2577 καὶ
884 2524 917 2593 ἡ
966 2523 1111 2576 οἰκία
1144 2521 1312 2587 αὑτοῦ
1344 2521 1463 2592 ὅλη.
1505 2540 1526 2574 ι
1573 2521 1902 2591 ’Δνέστησεν

327 2618 394 2668 ὲκ
418 2613 629 2685 νεκρῶν
661 2613 755 2677 τοῦ
780 2613 1058 2685 βασιλικοῦ
1084 2615 1176 2668 τὸν
1194 2614 1308 2668 υἱὸν
1331 2618 1360 2668 ὀ
1387 2614 1641 2685 Χριστὸς,
1665 2612 1908 2685 εἰρηκὼς

330 2702 509 2775 αὐτῷ·
547 2722 566 2756 ι
601 2702 862 2775 Πορεύου,
893 2705 921 2757 6
949 2703 1063 2768 υἱός
1090 2721 1183 2757 σου
1222 2703 1311 2774 ζῇ.
1352 2722 1370 2755 ι
1409 2700 1544 2757 Εἶτα
1574 2704 1906 2775 πεπίστευκε

329 2793 568 2849 πανοικί.
603 2789 730 2864 Ἆρ’
762 2789 855 2847 οῦν
902 2794 992 2848 διὰ
1035 2794 1137 2865 τῆς
1178 2794 1319 2847 οὕτω
1364 2794 1605 2865 μεγάλης
1640 2794 1733 2848 καὶ
1785 2794 1905 2848 θεο-

2079 2360 2102 2393 ι
2136 2341 2405 2410 Cognovit
2431 2355 2563 2411 ergo
2592 2350 2747 2412 pater
2768 2338 2892 2409 quia
2923 2337 3013 2392 illa
3045 2337 3178 2391 hora
3212 2344 3368 2398 erat,
3402 2334 3455 2388 in
3481 2349 3585 2404 qua

2007 2434 2144 2492 dixit
2174 2435 2249 2492 illi
2278 2434 2476 2492 Iesus:
2508 2435 2679 2491 Filius
2716 2444 2842 2490 tuus
2871 2434 3045 2489 vivit:
3078 2441 3132 2488 et
3172 2432 3401 2489 credidit
3448 2431 3584 2501 ipse.

2006 2537 2065 2584 et
2103 2528 2297 2585 domus
2339 2526 2457 2595 eius
2506 2536 2619 2584 tota
2646 2527 2715 2581 ".
2748 2545 2769 2580 ι
2826 2526 3071 2595 Revqcat
3117 2523 3289 2596 reguli
3336 2522 3503 2577 tilium
3557 2539 3587 2575 ει

2008 2621 2201 2677 mortis
2223 2620 2490 2677 vestibulo
2504 2620 2774 2686 Christus,
2793 2617 3095 2687 aﬂatusque
3121 2624 3329 2688 patrem
3351 2612 3586 2676 :rVade,

2013 2716 2213 2786 inquit,
2251 2714 2393 2772 ﬁlius
2419 2724 2543 2770 tuus
2574 2714 2728 2769 vivit.
2761 2731 2781 2765 ι
2814 2712 3057 2767 Credidit
3096 2723 3221 2764 mox
3253 2708 3361 2772 ille.
3394 2716 3448 2763 et
3476 2717 3587 2763 tota

2015 2808 2219 2863 familia
2250 2822 2375 2863 cum
2422 2807 2534 2863 illo.
2576 2806 2683 2862 Sed
2723 2806 2961 2876 nunquid
2999 2805 3070 2860 ob
3114 2803 3378 2874 insignem
3427 2802 3588 2865 hanc,
3676 2846 3685 2867 π

332 2888 578 2961 πρεποῦς
626 2888 869 2952 ἐξουσίας
898 2889 976 2951 ὡς
1006 2889 1087 2951 είς
1132 2886 1419 2958 ἄνθρωπον
1469 2886 1835 2940 πεπίστευκεν
1878 2888 1907 2939 6

2020 2900 2256 2971 adeoque
2287 2900 2525 2955 divinam
2554 2898 2850 2970 potentiam
2885 2897 3102 2966 regulus
3131 2896 3185 2951 in
3220 2895 3370 2950 illum
3407 2893 3587 2949 credi-

330 2977 643 3050 βασιλικὸς;
678 2978 710 3050 ἥ
743 2978 875 3032 Θεὸν
904 2978 1044 3048 ἔγνω
1078 2978 1220 3033 κατὰ
1249 2977 1412 3048 φύσιν
1444 2976 1571 3031 ὄντα
1605 2978 1786 3043 αὐτὸν,
1816 2977 1910 3032 καὶ

332 3071 701 3137 ζωοποιοῦντα
738 3070 856 3143 μετ’
888 3071 1133 3136 ἐξουσίας
1169 3068 1264 3134 οὓς
1298 3070 1365 3124 ἂν
1397 3069 1572 3124 ἕλοιτο
1618 3070 1712 3124 καὶ
1765 3069 1943 3140 μόνον

335 3165 578 3235 Mirati;
627 3162 764 3216 Ἀλλ’
793 3162 915 3216 ἔστι
951 3163 1108 3236 δῆλον
1135 3164 1219 3217 ὅτι
1264 3161 1628 3237 πεπίστευκεν
1661 3160 1738 3226 ὡς
1768 3160 1909 3233 Θεῷ.

415 3485 437 3523 ι
491 3467 686 3539 Ἄρκην,
737 3468 885 3541 ἀμὴν
920 3469 1065 3537 λέγω
1116 3469 1265 3539 ὑμῖν,
1298 3468 1381 3521 ὃτι
1427 3469 1455 3521 ὁ
1492 3468 1585 3523 τδν
1623 3469 1781 3539 λόγον
1812 3488 1913 3541 μου

330 3559 569 3624 ἀκούων,
610 3560 702 3614 καὶ
735 3559 1007 3613 πιστεύων
1052 3559 1131 3630 τῷ
1162 3559 1442 3630 πέμψαντί
1478 3578 1567 3633 με,
1611 3562 1727 3633 ἔχει
1768 3562 1917 3634 ζωὴν

335 3652 572 3707 αἰώνιον.
610 3674 627 3701 ι
678 3654 974 3726 Πέπομςρεν
1024 3656 1156 3725 ἡμῖν
1188 3652 1248 3719 ἐξ
1285 3654 1532 3726 οὐρανῶν
1578 3653 1607 3707 6
1658 3654 1791 3719 Θεὸς
1821 3656 1916 3710 καὶ

336 3746 528 3817 Πατὴρ
554 3747 644 3800 τὸν
675 3747 807 3801 ἴδιον
841 3746 1020 3811 Υἱόν,ι
1050 3748 1135 3801 ἴνα
1166 3748 1275 3812 πᾶς
1303 3749 1331 3801 6
1360 3747 1632 3801 πιστεύων
1649 3748 1729 3812 είς
1753 3747 1916 3802 αὐτὸν

340 3838 414 3909 μὴ
447 3838 734 3908 ἀπόληται,
779 3838 896 3892 ἀλλ’
922 3836 1019 3909 ἔχῃ
1044 3837 1190 3909 ζωὴν
1218 3835 1459 3891 αἰώνιον.
1514 3855 1533 3888 ι
1566 3834 1692 3900 Πῶς
1724 3831 1818 3890 οὖν
1858 3836 1918 3889 ὲν

332 3929 544 3995 τούτοις
576 3933 730 4001 φησι,
761 3930 904 4001 ζωὴν
936 3929 1152 3984 αίὼνιον
1185 3929 1329 4000 ἔχειν
1358 3930 1450 3983 τὸν
1482 3928 1806 3983 πιστεύοντα
1837 3926 1919 3999 τῷ

337 4019 615 4090 πέμψαντι
646 4020 841 4087 αύτύν;
876 4021 969 4081 Ei;
1000 4019 1120 4074 τίνα
1152 4020 1335 4075 λοιπὸν
1363 4021 1395 4092 ἡ
1427 4019 1644 4086 πίστις;
1673 4013 1783 4092 ἆρα
1839 4018 1917 4081 ὡς

336 4110 417 4174 εἰς
444 4110 538 4164 δύο
562 4111 740 4177 θεοὺς,
769 4111 861 4164 τὸν
890 4111 1109 4187 Πατέρα
1151 4111 1246 4166 καὶ
1266 4111 1356 4173 τὸν
1379 4110 1539 4179 Υὶόν;
1563 4110 1656 4181 Μὴ
1682 4109 1912 4179 γένοιτοο

343 4202 458 4255 ἀλλ’
487 4202 561 4264 ὡς
611 4203 691 4265 είς
742 4201 839 4255 ’ἐνα
862 4201 999 4256 Θεὸν
1048 4204 1140 4256 καὶ
1174 4202 1444 4273 ἀληθινόν.
1495 4200 1704 4255 Οὐκοῦν
1738 4202 1791 4254 εἴ
1830 4218 1914 4265 τις

2016 2995 2094 3048 dit
2116 3002 2371 3065 tanquam
2420 2993 2472 3047 in
2521 2989 2830 3047 hominem?
2863 3004 2930 3044 an
2974 3004 3102 3046 vero
3144 3003 3332 3043 verum
3368 2994 3589 3043 natura-

2014 3085 2225 3157 lemque
2249 3086 2415 3141 Deum
2444 3100 2568 3141 esse
2618 3083 2854 3155 agnovit,
2879 3081 2971 3153 qui
3003 3081 3077 3149 uti
3128 3080 3385 3137 Dominus
3424 3092 3591 3149 quos-

2012 3190 2225 3245 cunque
2266 3174 2370 3230 sibi
2410 3175 2584 3229 visum
2608 3181 2771 3240 esset,
2793 3172 2875 3228 vel
2904 3171 3019 3226 solo
3050 3171 3216 3225 verbo
3269 3169 3393 3223 vitze
3434 3166 3592 3222 resti-

2016 3278 2167 3323 tuere
2196 3267 2424 3337 posset?
2453 3265 2559 3322 Sed
2589 3266 2877 3322 obscurum
2914 3278 3024 3318 non
3052 3271 3135 3318 est
3170 3261 3310 3318 haud
3343 3259 3502 3313 aliter
3533 3258 3588 3310 in

2013 3375 2136 3415 eum
2162 3358 2483 3424 credidisse,
2514 3371 2679 3427 quam
2710 3357 2764 3410 in
2790 3370 2980 3411 verum
3019 3356 3208 3410 Deum.

2092 3493 2112 3524 ι
2150 3473 2343 3538 Amen,
2371 3485 2526 3527 amen
2554 3471 2676 3527 dice
2704 3470 2877 3534 vobis,
2897 3469 3025 3540 quia
3045 3468 3137 3538 qui
3161 3468 3382 3523 verbum
3409 3481 3588 3521 meum

2016 3568 2186 3631 audit,
2220 3576 2273 3621 et
2302 3564 2479 3621 credit
2510 3563 2560 3619 ei
2586 3563 2676 3633 qui
2711 3562 2858 3618 misit
2884 3576 2991 3629 me,
3017 3561 3182 3616 habet
3220 3560 3385 3615 vitam
3427 3568 3583 3612 :eter-

2015 3674 2138 3714 nam
2164 3657 2311 3711 "-".
2350 3676 2368 3709 ι
2399 3654 2541 3710 Deus
2563 3654 2720 3709 Pater
2754 3654 2945 3708 Filium
2981 3667 3138 3708 suum
3169 3652 3314 3705 misit
3342 3651 3497 3704 nobis
3524 3649 3591 3704 de

2014 3750 2189 3815 cmlis,
2226 3767 2246 3800 ι
2287 3758 2346 3802 ιιι
2373 3747 2551 3802 omnis
2581 3745 2671 3814 qui
2697 3743 2869 3798 credit
2904 3744 2957 3796 in
3006 3742 3179 3807 illum,
3230 3756 3333 3795 non
3382 3750 3589 3807 pereat.

2006 3841 2111 3896 sed
2138 3841 2333 3894 habeat
2362 3839 2528 3892 vitam
2555 3846 2813 3892 aeternam
2836 3834 2907 3889 ’9.
2944 3852 2961 3885 ι
2993 3833 3102 3889 Cur
3124 3833 3211 3887 hic
3239 3845 3367 3900 ergo
3387 3840 3589 3887 mterna

2014 3934 2125 3991 vita
2152 3934 2222 3995 iis
2256 3929 2608 4003 promittitur,
2635 3927 2723 3997 qui
2759 3927 2986 3982 credunt
3011 3926 3072 4009 ,οἱ
3118 3924 3208 3995 qui
3256 3923 3481 3978 miserat
3522 3923 3588 3977 il-

2015 4024 2173 4080 lum?
2216 4021 2272 4077 ln
2308 4036 2467 4091 quem
2510 4019 2723 4073 tandem
2772 4014 2946 4071 fertur
2997 4014 3168 4070 ﬁdes?
3219 4013 3472 4083 Nunquid
3510 4013 3587 4085 ,ιη

2008 4114 2230 4185 Patrem
2262 4123 2316 4169 et
2342 4109 2619 4169 Christum
2654 4118 2911 4178 tanquam
2944 4105 2998 4160 iu
3028 4104 3165 4159 duos
3208 4104 3380 4159 deos?
3409 4103 3587 4159 Absit.

2015 4206 2301 4265 Credimus
2335 4203 2480 4259 enim
2522 4211 2772 4271 tanquam
2830 4198 2882 4253 in
2931 4212 3097 4251 unum
3155 4210 3342 4251 verum
3393 4193 3587 4252 Deum.

337 4291 678 4347 πιστεύσειεν
706 4294 785 4355 εἰς
813 4292 1070 4365 Χριστὸν,
1104 4292 1469 4346 πεπίστευκεν
1501 4293 1579 4355 είς
1608 4290 1741 4345 Θεόν
1762 4306 1773 4319 ·
1808 4289 1908 4343 κᾶν

2020 4293 2379 4366 Quamobrem
2413 4292 2460 4347 si
2489 4292 2609 4362 quis
2633 4269 2813 4345 credit
2838 4288 2892 4343 in
2921 4287 3221 4351 Christum,
3254 4285 3426 4340 credit
3448 4283 3587 4339 idem

335 4386 385 4439 εί
418 4380 758 4437 πιστεύσειεν
784 4385 862 4446 εἰς
902 4382 1035 4447 Θεὸν
1066 4381 1307 4453 Πατέρα,
1358 4379 1736 4446 πεπιστευκὼς
1759 4379 1911 4436 ἔσται

335 4477 432 4531 καὶ¹
462 4478 541 4539 είς
575 4476 664 4530 τὸν
696 4478 790 4532 ἕνα
820 4477 1028 4549 Κύριον
1074 4476 1281 4547 Ἰησοῦν
1312 4474 1401 4528 τὸν
1428 4474 1689 4545 Χριστόν.

413 4704 433 4737 ι
489 4683 785 4754 Ἀπεκρίθη
830 4685 860 4736 6
900 4683 1128 4753 Ἰησοῦς,
1170 4682 1267 4737 καὶ
1304 4677 1459 4735 εἶπεν
1495 4680 1701 4745 αὐτοῖς’
1736 4677 1910 4733 Τοῦτό

336 4776 452 4829 ἐστι
484 4774 543 4828 τὸ
580 4773 742 4846 ἔργον
774 4771 868 4825 τοῦ
896 4771 1056 4835 Θεοῦ,
1082 4772 1170 4825 ἴνα
1229 4770 1557 4841 πιστεύσητε
1594 4773 1674 4835 είς
1704 4769 1764 4825 ὃν
1806 4771 1912 4826 ἀπ-

338 4866 576 4921 ἔστειλεν
603 4866 833 4928 ἐκεῖνος.
867 4882 885 4913 ι
913 4863 978 4916 El
1006 4863 1066 4916 τὸ
1092 4861 1170 4933 τῷ
1194 4860 1314 4931 Θεῷ
1336 4860 1528 4914 δοκοῦν
1554 4861 1909 4933 ἐπιτελοῦμεν

336 4956 684 5021 πιστεύοντες
727 4958 807 5019 είς
857 4954 1090 5027 Χριστὸν
1141 4953 1326 5025 (αὑτὸν
1384 4953 1493 5023 γὰρ
1549 4954 1763 5026 ἀληθῶς
1807 4956 1912 5009 ὰπ-

338 5050 574 5103 ἐστειλεν
591 5050 619 5103 6
640 5050 829 5120 Πατὴρ
860 5050 939 5114 είς
962 5049 1051 5102 τὸν
1080 5049 1306 5119 κόσμον,
1332 5047 1421 5101 ὅτε
1449 5046 1670 5117 γέγονεν
1703 5048 1910 5120 ἄνθρω-

340 5158 438 5205 πος
469 5139 591 5194 καθ’
620 5142 813 5212 ἡμᾶς),
845 5141 962 5204 πῶς
993 5141 1096 5195 οὐκ
1140 5139 1207 5194 ἂν
1241 5140 1325 5209 εἴη
1361 5138 1497 5203 Θεὸς
1519 5138 1800 5210 ἁληθινόςς
1835 5140 1908 5193 Οὐ

340 5236 451 5306 γὰρ
485 5235 551 5287 ἂν
588 5230 657 5306 ἦν
698 5234 856 5305 ἔργον
880 5234 1015 5288 Θεοῦ
1045 5234 1107 5287 τὸ
1141 5232 1418 5287 πιστεύειν
1459 5234 1538 5297 είς
1567 5232 1751 5286 αὐτόν.

419 5372 437 5401 ι
497 5348 703 5421 Ἰησοῦς
730 5348 786 5402 δὲ
820 5346 1038 5418 ἐκραξε,
1078 5348 1171 5401 καὶ
1201 5345 1385 5400 εἷπεν’
1434 5345 1491 5399 Ὀ
1523 5344 1791 5399 πιστεύων
1832 5346 1913 5407 εἰς

338 5443 463 5510 ἐμὲ,
490 5441 551 5494 ού
577 5438 820 5492 πιστεύει
847 5440 924 5501 εἰς
950 5439 1072 5508 ἐμὲ,
1110 5438 1244 5492 ἀλλὰ
1274 5441 1352 5502 εἰς
1378 5438 1468 5491 τὸν
1503 5437 1794 5508 πέμψαντά
1819 5454 1906 5508 με.

2020 4392 2071 4446 in
2106 4388 2275 4447 Deum
2297 4386 2510 4449 Patrem
2545 4397 2757 4455 quoque
2789 4399 2813 4439 τι
2834 4389 2888 4438 et
2915 4389 3125 4448 contra,
3148 4378 3192 4434 si
3225 4378 3315 4448 qui
3346 4377 3397 4432 in
3423 4376 3587 4430 Deum

2019 4481 2229 4536 Patrem
2262 4478 2530 4543 credunt,
2571 4475 2731 4531 iidem
2768 4483 2825 4529 et
2862 4474 2925 4527 .in
2967 4486 3131 4527 unum
3171 4468 3457 4525 Dominum
3488 4479 3589 4519 no-

2018 4585 2190 4631 strum
2220 4571 2400 4630 Iesum
2432 4570 2704 4626 Christum
2732 4580 2947 4637 quoque
2978 4563 3233 4620 credunt.

2091 4707 2113 4741 ι
2151 4685 2452 4755 Respondit
2487 4681 2667 4747 Iesus,
2713 4691 2768 4736 et
2801 4680 2935 4735 dixit
2978 4677 3130 4731 illis:
3175 4673 3289 4728 Hoc
3334 4680 3418 4728 est
3452 4686 3588 4742 opus

2018 4780 2136 4842 Dei,
2172 4788 2233 4831 ut
2257 4774 2493 4832 credatis
2528 4773 2581 4826 in
2602 4786 2728 4833 eum
2756 4783 2913 4839 quem
2943 4766 3089 4821 misit
3135 4763 3222 4819 ille
3247 4763 3316 4821 ⁸⁸.
3355 4781 3374 4815 ι
3409 4761 3464 4816 Si
3493 4761 3586 4816 Dei

2015 4870 2347 4926 voluntatem
2373 4862 2684 4934 periicimus
2728 4875 2850 4915 cum
2906 4860 2959 4913 in
3001 4855 3283 4913 Christum
3312 4853 3587 4908 credimus

2016 4962 2182 5034 (hunc
2216 4959 2359 5014 enim
2397 4954 2560 5011 Pater
2601 4966 2727 5008 vere
2775 4951 2923 5006 misit
2961 4950 3015 5005 in
3057 4946 3335 5013 mundum,
3372 4943 3588 5014 quando

2016 5052 2185 5109 nostri
2203 5049 2396 5107 similis
2418 5046 2592 5102 factus
2609 5053 2692 5100 est
2715 5042 2919 5113 homo),
2942 5036 3208 5110 quomodo
3233 5052 3337 5091 non
3358 5044 3438 5091 cst
3459 5049 3585 5089 vere

2016 5143 2208 5201 Deus?
2238 5143 2421 5212 Neque
2449 5138 2593 5193 enim
2623 5150 2758 5206 opus
2787 5134 2882 5189 Dei
2917 5139 3063 5188 esset
3090 5128 3311 5185 credere
3349 5128 3406 5185 in
3438 5142 3581 5184 eum.

2088 5342 2248 5413 127
2281 5358 2300 5393 ι
2321 5337 2478 5394 Jesus
2496 5346 2672 5393 autem
2701 5333 2972 5401 clamavit,
3006 5340 3059 5388 et
3084 5330 3221 5388 dixit
3249 5328 3383 5396 ιριιὶ
3411 5328 3585 5383 credit

2013 5453 2069 5499 ιιι
2096 5451 2202 5498 me,
2232 5447 2339 5487 non
2370 5430 2543 5486 credit
2568 5429 2624 5485 in
2658 5442 2763 5495 me,
2796 5427 2887 5483 sed
2920 5428 2973 5481 in
3010 5439 3132 5480 cum
3176 5423 3269 5493 qui
3301 5421 3445 5476 misit
3475 5434 3578 5474 me.

414 5621 455 5652 '“
486 5619 645 5677 Jaon.
677 5637 735 5689 ιι,
759 5619 845 5675 εδ.
890 5617 1108 5674 "Junii.
1141 5632 1223 5681 ιιι,
1264 5617 1346 5685 l7,
1387 5617 1468 5671 l8.
1511 5616 1555 5647 ⁷³
1586 5614 1739 5670 «Ιυεδιι.
1768 5629 1841 5679 ιν,
1872 5612 1905 5667 5

2020 5612 2145 5654 ’τ’-⁵⁸
2173 5611 2329 5667 Joan.
2356 5608 2520 5676 vﬂ/i.
2566 5606 2627 5641 ’⁵⁸
2652 5605 2806 5662 Joau.
2842 5620 2922 5672 ιιι,
2962 5604 3043 5659 16.
3102 5602 3148 5634 ⁸⁸
3175 5600 3330 5658 Joan.
3378 5611 3450 5663 τι,
3488 5590 3581 5648 2').
