3910 6200
421 279 445 328 1
460 276 561 330 ῗόἓ)

1414 281 1472 340 S.
1515 283 1789 342 CYRILLI
1828 288 2301 346 ALEXANDRINI
2336 294 2650 349 ARCHIEP.

3547 302 3702 356 £356

415 383 485 436 Et
522 386 612 452 qui
659 386 805 440 videt
844 403 948 452 me,
996 390 1139 445 videt
1171 406 1291 446 eum
1322 395 1411 462 qni
1455 397 1601 453 misit
1642 415 1727 454 me
1757 401 1824 454 ".
1868 420 1885 453 ι
1931 403 1996 456 Et

2109 408 2210 460 Καὶ
2256 409 2284 460 ὁ
2313 406 2534 480 θεωρῶν
2565 411 2687 479 ἐμὲ,
2711 410 2906 482 Θεωρεῖ
2931 412 3018 465 τὸν
3055 413 3348 484 πέμψαντά
3378 431 3469 484 με.
3492 433 3509 464 s
3553 413 3704 467 Εἶτα

420 476 605 540 paucis
641 477 938 547 intcrjectis
972 496 985 532 :
1031 499 1049 530 ι
1089 483 1222 547 Quia
1249 499 1348 554 ego
1372 501 1438 540 ex
1475 489 1680 558 meipso
1728 505 1833 545 non
1877 507 1997 546 sum

2109 500 2443 569 προσεπάγει
2461 504 2670 564 τούτοις
2686 516 2699 531 ·
2723 520 2741 552 ι
2776 502 2917 572 Ἐγὼ
2952 504 3010 570 ἐξ
3032 503 3269 575 ἐμαυτοῦ
3292 506 3392 558 οὐκ
3420 505 3702 574 ἐλάλησεν

418 568 660 633 locutus;
696 570 789 622 sed
821 572 910 638 qui
949 573 1094 627 misit
1121 590 1207 630 uie
1235 575 1416 643 Pater,
1459 580 1571 648 ipse
1610 582 1740 636 mihi
1774 586 1996 640 manda-

416 669 530 712 tum
579 660 727 714 dedit
780 664 909 731 quid
956 664 1130 720 dicam
1173 676 1227 722 et
1275 670 1403 738 quid
1447 671 1638 740 loquar
1658 673 1725 726 ⁵⁸.
1795 693 1815 727 s
1864 675 1998 730 Cum

417 765 547 818 ergo
589 752 844 808 mandato
890 753 1091 820 Patris,
1140 757 1265 812 licet
1308 769 1369 815 ut
1416 761 1579 817 homo
1615 763 1792 830 dicat,
1838 766 1998 820 ﬁdem

418 858 538 912 qua:
564 843 614 896 in
655 844 800 899 ὶιιιηη
837 857 941 912 est,
981 850 1181 904 referat
1213 853 1280 905 ad
1313 851 1528 908 Patrem
1567 856 1868 912 mittentem
1899 874 1914 923 ;
1947 869 2001 912 et

418 938 510 1004 qui
541 931 689 990 illum
730 939 894 1004 videt,
925 955 1047 994 enm
1091 957 1304 1012 quoque
1352 945 1562 1013 videat,
1605 949 1697 1017 qui
1749 948 1898 1004 misit
1932 949 2001 1004 El-

421 1029 561 1093 lum;
597 1030 720 1097 quis
745 1028 894 1082 illum
938 1045 1121 1085 verum
1157 1034 1321 1089 Deum
1372 1052 1493 1092 esse
1536 1053 1734 1108 negare
1769 1039 2002 1094 audeat?

419 1118 719 1188 Cognatum
749 1122 873 1175 huic
907 1132 989 1176 est
1023 1134 1076 1177 et
1129 1125 1258 1180 illud
1308 1143 1560 1198 quoque:
1610 1148 1631 1181 ι
1666 1129 1903 1187 Creditis
1947 1133 2001 1186 in

420 1208 615 1277 Deum,
652 1222 707 1266 et
735 1213 791 1268 in
815 1229 902 1268 me
931 1216 1138 1272 credite
1165 1218 1234 1270 '9.
1269 1238 1286 1271 ι

727 1369 814 1423 Ex
842 1369 1130 1442 Evangelia
1160 1376 1442 1428 secundum
1477 1375 1697 1433 Lucam.

500 1498 519 1530 ι
564 1480 946 1539 Verumtamen
981 1486 1150 1544 Filius
1180 1490 1414 1547 hominis
1448 1496 1696 1559 veniens,
1733 1506 1896 1566 putas
1925 1498 2006 1552 in—

424 1573 604 1626 veniet
636 1574 793 1629 tidem
826 1579 881 1630 in
911 1587 1053 1633 terra
1078 1581 1157 1635 °°?
1191 1601 1209 1633 ι
1248 1586 1476 1648 Quando
1518 1587 1766 1644 Christus
1798 1604 1829 1644 e
1866 1591 2006 1644 coelo

424 1664 554 1718 olim
582 1677 668 1720 est
699 1678 977 1737 venturus,
1016 1673 1336 1740 cuiusmodi,
1370 1693 1586 1746 quaeso,
1633 1680 1793 1734 ﬁdem
1833 1697 1863 1734 ιι
1911 1697 2007 1736 1ιο-

2099 590 2214 643 ἁλλ’
2239 592 2268 643 ὀ
2301 591 2523 662 πέμψας
2554 610 2620 661 με
2652 593 2862 665 Πατὴρ,
2894 596 3056 658 αὐτός
3091 614 3178 666 μοι
3222 597 3444 666 ἐντολὴν
3482 597 3704 648 δέδωκε

2099 684 2152 735 τί
2186 683 2344 747 εἴπω,
2377 685 2472 738 καὶ
2500 684 2552 736 τί
2587 684 2825 757 ὶαλήσω.
2876 705 2894 738 ι
2931 688 3062 740 Ὀτε
3092 688 3270 740 τοίνυν
3309 689 3432 740 κατ’
3463 688 3706 750 ἐντολὰς

2099 775 2193 827 τοῦ
2233 775 2465 846 Πατρὸς,
2499 777 2602 830 κᾶν
2629 775 2704 839 ὡς
2732 777 3020 849 ἄνθρωπος
3059 779 3211 851 λέγῃ,
3245 779 3343 850 τὴν
3377 779 3569 832 πίστιν
3591 781 3701 849 τὴν

2101 870 2179 930 εἰς
2217 868 2399 933 αὐτὸν,
2445 871 2525 932 εἰς
2551 868 2642 922 τὸν
2678 870 2972 940 πέμψαντα
3023 871 3183 924 αὐτὸν
3217 872 3504 942 ἀναφέρει,
3535 873 3635 924 καὶ
3664 874 3700 923 ὁ

2103 958 2323 1028 θεωρῶν
2372 959 2555 1023 αὐτὸν,
2608 960 2802 1030 θεωρεῖ
2833 961 2923 1014 τὸν
2959 961 3249 1032 πέμψαντα
3282 963 3473 1015 αὐτόν·
3530 963 3619 1025 τίς
3663 966 3701 1013 ὁ

2104 1048 2272 1118 φάναι
2323 1048 2536 1118 τολμῶν
2583 1051 2684 1103 ούκ
2734 1047 2874 1104 εἶναι
2927 1052 3060 1105 Θεὸν
3104 1052 3286 1116 αὐτὸν,
3346 1056 3443 1106 καὶ
3497 1053 3696 1106 τοῦτον

2102 1139 2384 1210 ἁληθινὸν;
2426 1141 2652 1211 Ὅμοιον
2697 1141 2753 1193 δὲ
2795 1142 3007 1213 τούτῳο
3058 1162 3076 1195 ι
3130 1145 3423 1197 Πιστεύετε
3473 1146 3553 1208 εἰς
3599 1146 3694 1198 τὸν

2101 1230 2254 1296 Θεὸν,
2289 1235 2384 1285 καὶ
2419 1234 2497 1294 εἰς
2532 1233 2632 1303 ἐμὲ
2667 1234 2971 1288 πιστεύετε.
3022 1255 3040 1287 ι

2329 1387 2430 1442 Ἐκ
2475 1388 2582 1442 τοῦ
2620 1387 2774 1442 κατὰ
2805 1391 3045 1444 Λουκᾶν
3076 1392 3473 1461 Εὐαγτελίου.

2181 1521 2198 1552 s
2246 1501 2393 1572 Πλὴν
2422 1503 2450 1554 ὁ
2488 1501 2617 1581 Υἱὸς
2655 1503 2746 1556 τοῦ
2777 1503 3066 1574 ἀνθρώπου
3097 1502 3287 1568 ἐλθὼν,
3321 1499 3432 1573 ἄρα
3462 1503 3692 1572 εὑρήσει

2103 1592 2202 1662 τὴν
2231 1591 2410 1644 πίστιν
2442 1592 2533 1644 ἐπὶ
2564 1593 2662 1663 τῆς
2691 1594 2830 1663 γῆς;
2875 1613 2892 1645 ι
2933 1595 3103 1647 Ὀταν
3149 1595 3177 1647 ὁ
3212 1593 3451 1663 Χριστὸς
3507 1594 3566 1658 ἐξ
3604 1593 3695 1644 οὑ-

2109 1682 2272 1752 ρανοῦ
2307 1683 2706 1754 παραγένηται,
2752 1685 2913 1739 ποξαν
2959 1685 3068 1757 ἄρα
3113 1685 3338 1757 ζητήσει
3391 1685 3582 1737 πίστιν
3635 1686 3696 1735 ὲν

423 1754 512 1809 bis
551 1758 780 1828 exiget?
825 1760 880 1814 Si
924 1763 1067 1816 enim
1121 1766 1280 1819 homo
1332 1778 1541 1823 tantum
1598 1772 1768 1825 nostri
1813 1773 2004 1828 similis

2109 1775 2273 1844 ἡμῖν;
2304 1776 2366 1829 Εἰ
2401 1775 2498 1846 μὲν
2524 1775 2633 1847 γὰρ
2666 1777 2740 1840 ὼς
2777 1754 3063 1849 ἄνθρωπος
3099 1754 3400 1847 καθ’-ἡμᾶς
3438 1776 3694 1846 βούλεται

425 1848 570 1900 credi
597 1849 892 1920 haberique
925 1855 1057 1922 vult,
1090 1858 1211 1924 quis
1261 1858 1332 1912 illi
1375 1862 1596 1915 credere
1634 1863 1880 1918 abnuat?
1909 1864 2006 1921 Ju-

425 1937 526 1991 daei
572 1940 643 1992 illi
679 1943 1001 2001 insultantes
1049 1949 1310 2006 aiebant:
1353 1970 1372 2004 ι
1431 1951 1541 2008 Cur
1589 1963 1643 2009 tu
1681 1955 1840 2010 homo
1881 1973 2002 2012 cum

427 2028 525 2094 sis,
562 2031 695 2088 facis
738 2036 964 2106 teipsum
998 2039 1164 2094 Dcum
1197 2043 1282 2096 6‘?
1311 2063 1330 2095 ι
1371 2045 1584 2100 Ethnici
1618 2063 1832 2117 quoque
1877 2064 2004 2104 cru-

425 2137 544 2176 cem
579 2133 916 2194 mortemque
968 2130 1207 2199 ejusdem
1251 2135 1555 2198 audientes,
1594 2136 1644 2188 id
1689 2137 1830 2203 quod
1879 2137 2006 2192 dicio

427 2220 536 2275 tur,
571 2221 824 2282 tanquam
865 2216 929 2270 de
968 2221 1242 2274 communi
1292 2223 1542 2290 quopiam
1585 2234 1784 2279 nostra:
1825 2225 2006 2280 condi-

427 2301 592 2356 tionis
649 2304 866 2360 homine
924 2308 1128 2363 dictum
1175 2313 1470 2380 accipiunt.
1533 2313 1822 2384 Ecqualem
1872 2331 2002 2386 ergo

423 2393 586 2447 ﬁdem
616 2395 896 2466 deposcit?
925 2398 1073 2454 Illam
1104 2402 1274 2470 ipsam
1306 2404 1564 2459 nimirum
1591 2445 1606 2470 ,
1647 2421 1806 2475 quam
1839 2408 2003 2462 divini

2108 1866 2480 1933 πιστεύεσθαι,
2506 1868 2591 1932 τίς
2618 1871 2646 1921 ὁ
2673 1871 2983 1941 ἀπιστήσας
3015 1869 3194 1939 αὑτῷ;
3233 1868 3563 1923 Ἐνεκὰλουν
3585 1868 3697 1936 γὰρ

2106 1961 2156 2014 οἱ
2231 1959 2469 2012 Ἰουδαῖοι
2523 1959 2772 2028 λέγοντες
2802 1973 2816 1990 ⁸
2855 1981 2872 2013 ι
2933 1961 3085 2014 Διατί
3137 1963 3202 2014 σὺ
3250 1959 3548 2030 ἄνθρωπος
3597 1958 3694 2022 ὢν,

2109 2053 2284 2114 ποιεῖς
2312 2053 2536 2105 σεαυτὸν
2559 2053 2689 2106 Θεόν
2714 2069 2729 2118 ;
2765 2072 2784 2106 ι
2830 2053 3089 2123 ’Έλληνες
3115 2054 3172 2108 δὲ
3203 2054 3439 2123 σταυρὸν
3465 2051 3696 2105 ἀκούονο

2107 2161 2202 2207 τες
2232 2147 2328 2197 καὶ
2357 2145 2608 2209 θάνατον,
2645 2147 2721 2210 ὡς
2753 2147 2883 2218 περὶ
2921 2147 3212 2219 ἀνθρώπου
3242 2146 3431 2200 ποινοῦ
3460 2146 3701 2199 διάκειν-

2109 2253 2220 2302 ται,
2255 2237 2350 2289 καὶ
2379 2237 2487 2291 τῶν
2527 2238 2648 2291 καθ’
2697 2241 2844 2309 ἡμᾶς
2876 2240 3013 2302 ἑνός.
3048 2240 3214 2293 Ποίαν
3243 2235 3336 2293 οὖν
3368 2238 3482 2309 ἄρα
3515 2239 3700 2291 πίστιν

2109 2329 2300 2398 ζητεῖ,
2354 2329 2388 2400 ἢ
2438 2329 2673 2383 δολονὸτι
2730 2332 2832 2402 τὴν
2911 2314 3410 2402 ὲπκεκηρυγμένην
3452 2329 3548 2382 διὰ
3592 2328 3703 2381 τῶν

2111 2419 2414 2492 Θεηγόρων,
2464 2422 2514 2474 οἳ
2549 2424 2642 2475 καὶ
2678 2422 2942 2475 αὐτόπται
2990 2423 3084 2476 καὶ
3117 2422 3389 2492 ὑπηρέται
3439 2421 3700 2489 γεγόνασι

424 2487 501 2541 illi
535 2503 830 2556 praecones,
866 2494 958 2563 qui
995 2507 1049 2550 et
1087 2497 1322 2552 ministri
1366 2509 1421 2554 et
1461 2511 1793 2569 spectatores
1840 2502 2006 2556 Verbi

423 2576 751 2638 exstiterunt
802 2587 870 2652 θ’,
922 2589 1038 2644 Orbi
1088 2593 1506 2648 annuntiarunt.
1555 2594 1795 2652 Joannes
1844 2596 2007 2666 igitur

426 2673 503 2727 ait
533 2693 546 2728 :
589 2694 608 2729 ι
649 2677 963 2734 EtVerbum
998 2697 1127 2738 caro
1159 2685 1364 2740 factum
1395 2695 1481 2742 est
1508 2688 1574 2742 ⁸³.
1619 2707 1638 2739 ι
1672 2687 1895 2743 Factum
1918 2697 2004 2744 est

425 2778 561 2818 sane
598 2780 745 2833 caro,
782 2771 875 2824 sed
928 2771 1027 2827 hoc
1061 2774 1154 2839 ita,
1190 2786 1247 2830 ut
1298 2778 1438 2832 Deus
1488 2787 1665 2833 tamen
1717 2795 1841 2834 esse
1889 2795 1998 2835 non

427 2855 716 2912 destiterit.
739 2857 1044 2919 Istiusmodi
1077 2866 1262 2938 itaque
1295 2879 1378 2926 est
1405 2871 1559 2938 ﬁdes,
1588 2887 1749 2942 quam
1783 2873 1871 2928 ille
1898 2888 1996 2929 suo

426 2955 674 3016 temporc
703 2966 732 3004 a
768 2953 924 3010 nobis
950 2958 1207 3026 requiret.

2108 2512 2203 2566 τοῦ
2233 2513 2408 2582 Λόγου
2425 2515 2590 2586 ;Ἐφη
2621 2515 2800 2568 τοίνυν
2830 2515 3103 2584 Ἰωάννης,
3123 2515 3204 2567 ὅτι
3231 2533 3248 2565 ι
3271 2514 3334 2565 Ὀ
3359 2514 3538 2581 Λόγος
3564 2511 3703 2580 σὰρξ

2108 2603 2346 2672 ἐγένετο.
2372 2623 2391 2657 ι
2413 2605 2610 2673 Γέγονε
2631 2605 2690 2658 δὲ
2721 2604 2860 2674 σὰρξ
2881 2604 3022 2675 μετὰ
3047 2604 3142 2658 τοῦ
3163 2607 3347 2675 μεῖναι
3367 2604 3527 2666 Θεὸς.
3549 2602 3700 2672 Δῦτη

2109 2695 2287 2749 τοίνυν
2315 2697 2349 2767 ή
2377 2697 2559 2761 πίστις
2589 2697 2648 2750 ὲν
2667 2698 2799 2768 ἡμῖν
2825 2697 2954 2767 παρ’
2975 2696 3140 2751 αὐτοῦ
3167 2695 3705 2768 ζητηθήσεταικατᾶ

2108 2803 2199 2840 και
2207 2804 2352 2858 ρους.

430 3101 590 3159 Finis
624 3109 879 3204 orationi:
921 3111 1108 3194 prima:
1146 3113 1337 3196 Cyrilii
1380 3120 1605 3200 episeopi
1647 3120 2004 3189 Alexandriw.

2122 3119 2300 3204 Τέῖῑρς
2326 3119 2447 3204 ’ξοῇῦ
2475 3118 2707 3204 πρώτου
2781 3123 2967 3204 ,λόγου
2983 3118 3514 3204 ’προσῗωγητικοῆ
3535 3119 3704 3204 παρὰ

802 3183 871 3234 ad
899 3183 1168 3250 piissimus
1196 3183 1416 3257 reginas
1438 3183 1631 3245 misstr.
1997 3183 2004 3189 ’

2187 3183 2494 3257 Κυρἰλλου
2514 3183 2876 3244 ’ἐπισκόπού
2901 3183 3373 3260 Ἀλεξανδρείας,
3405 3188 3557 3256 πρὸς
3589 3183 3706 3254 τὰς

2195 3260 2636 3325 εὐσεϐεστάτας
2669 3259 3018 3328 δεσποίνης.

1543 3415 1715 3471 Varia:
1755 3416 2012 3472 lectiones
2043 3417 2247 3474 codicis
2272 3415 2631 3486 Seguicriani.

505 3544 536 3572 η
569 3535 728 3592 Deest
755 3538 809 3592 in
837 3555 940 3594 ms.
969 3541 1332 3611 Seguieriano
1352 3559 1545 3602 nomen
1579 3547 1710 3602 illud
1741 3550 2044 3606 numerale.

799 3878 1374 3971 ΚΥΡΙΛΛΟΥ
1445 3827 2382 3974 ΑΡΧΙΕΠΙΣΚοΠοΥ
2453 3882 3288 3977 ΑΛΕΞΑΝΔΡΕΙΑΣ

1460 4069 1678 4124 ΛΟΓΟΣ
1714 4070 2070 4126 ΔΕΥΤΕΡΟΣ
2105 4073 2686 4127 ΠΡΟΣΦΩΝΗΤΙΚΟΣ

1111 4220 1241 4287 ταῖς
1269 4207 1733 4292 εὐσεϐεστᾶταις
1759 4225 2188 4294 βασιλίσσαις,
2222 4226 2356 4296 περὶ
2395 4226 2506 4297 τῆς
2541 4225 2724 4302 ὀρθῆς
2753 4227 3033 4310 πίστεως.

876 4517 1360 4606 CYRILLI
1437 4520 2359 4615 ARCHIEPISCOPI
2438 4518 3255 4611 ALEXANDRIAE

1741 4713 2040 4782 ORATIO
2084 4717 2408 4786 ALTERA

1361 4879 1452 4941 Ad
1489 4877 2010 4959 religiosissimas
2048 4881 2302 4963 reginas
2348 4882 2426 4944 de
2468 4890 2632 4945 recta
2670 4885 2812 4947 ﬁde.

521 5213 684 5284 128
716 5214 753 5267 Ι.
785 5213 878 5267 Eis
923 5214 1013 5283 qui
1063 5214 1300 5268 divinum
1349 5215 1478 5269 illud
1519 5215 1848 5284 cmlesteque
1885 5231 2004 5285 pm-

2202 5218 2280 5271 A’.
2324 5217 2448 5280 Τοῖς
2489 5216 2550 5270 τὸ
2589 5215 2731 5269 Θεῖον
2779 5216 2872 5270 καὶ
2918 5216 3171 5286 οὐράνιον
3222 5213 3564 5285 ἱερουργοῦσι
3617 5215 3722 5283 xi;-

450 5305 664 5358 dicandi
683 5321 888 5362 munus
913 5307 1312 5371 administrant,
1349 5308 1721 5362 universorum
1750 5309 1892 5362 Deus
1924 5324 2004 5379 pel

2135 5324 2338 5378 ρυγμα,
2385 5308 2475 5361 διὰ
2509 5307 2689 5377 φωνῆς
2733 5307 2956 5360 Ἡσαΐου
2992 5305 3426 5378 παρακελεύεται
3461 5304 3640 5370 λέγων
3689 5305 3722 5355 ό

449 5394 603 5449 Isaizc
634 5398 905 5465 prophetali
936 5412 1120 5453 vocem
1149 5399 1410 5467 ejusmodi
1441 5401 1687 5455 oratione
1733 5401 1845 5455 tunc
1886 5414 2004 5468 pra:-

2131 5399 2238 5454 τῶν
2267 5401 2401 5453 ὅλων
2431 5399 2561 5461 Θεός
2581 5415 2594 5428 °
2637 5418 2654 5450 ι
2698 5397 2814 5452 Ἐπ’
2839 5398 2963 5468 ὄρος
2994 5397 3196 5468 ὑψηλὸν
3223 5397 3476 5467 ἀνάϐηθι,
3505 5395 3719 5460 ὁεύαγ-

450 5487 619 5555 cipit:
665 5505 682 5537 ι
731 5487 904 5558 Super
943 5499 1182 5544 montem
1212 5490 1487 5546 excelsum
1523 5491 1777 5557 ascende,
1834 5501 1887 5544 tu
1929 5507 2001 5560 qu

2133 5491 2477 5561 γελιξόμενος
2522 5488 2687 5543 Σιών’
2724 5489 2938 5560 ὕψωσον
2982 5491 3048 5559 τῇ
3082 5488 3226 5559 ἰσχύῐ
3253 5487 3350 5560 τὴν
3381 5487 3562 5557 φωνήν
3590 5501 3712 5549 σου,

527 5648 570 5679 ⁵⁷
605 5645 760 5700 Joan.
801 5663 896 5712 χιι,
931 5647 1017 5705 Η.
1095 5649 1140 5679 ⁸⁸
1175 5647 1303 5703 ibid.
1340 5648 1428 5709 ‘59,.
1538 5646 1582 5681 "
1615 5646 1769 5703 Joan.
1813 5664 1922 5712 xw,
1968 5647 1989 5699 1

2109 5647 2137 5679 ίο
2171 5646 2300 5701 Luc.
2341 5663 2493 5712 mn,
2535 5648 2584 5701 8.
2694 5647 2734 5677 θ’
2769 5645 2928 5705 Joan.
2975 5665 3026 5713 ι,
3074 5650 3160 5704 55.
3269 5651 3313 5682 ⁸⁹
3361 5651 3490 5708 Luc.
3547 5667 3588 5716 ι,
3653 5652 3710 5706 9..

456 5719 502 5755 ⁸³
532 5717 682 5778 Joan.
711 5733 747 5784 ι,
792 5717 872 5778 Μ.
