3952 6200
165 262 235 297 ί.
323 216 463 273 1:57

1123 221 1215 277 AD
1250 220 1550 279 REGINAS
1590 223 1677 278 DE
1719 222 1944 279 llECTA
1985 223 2142 317 FlDE
2180 225 2437 284 ORATIO
2476 226 2775 285 ALTERA.

3436 215 3579 286 155's

319 342 350 394 ὁ
387 335 873 407 εὐαγγελιζόμενος
916 336 1306 411 Ἰερουσαλήμ·
1350 339 1627 410 ὑψῶσατε,
1675 341 1748 412 μὴ
1798 358 1879 411 φο·

1994 343 2334 414 cvangelizas
2359 343 2489 400 Sion
2517 364 2532 412 ;
2565 346 2740 401 exulta
2769 346 2822 400 in
2854 346 3172 402 fortitudine
3202 361 3387 417 vocem
3422 358 3568 401 tuam

320 429 526 485 δεῖσθε.
573 447 593 480 ι
626 430 840 499 Χρῆναι
866 429 976 502 γὰρ
1000 429 1176 499 ἔγωγέ
1208 449 1352 503 φημι
1378 432 1505 496 τοὺς
1532 433 1900 503 τεταγμένους

318 521 403 584 είς
457 517 791 590 ἱερουργίαν,
822 519 916 572 καὶ
955 519 1017 573 τὸ
1064 520 1158 573 τοῦ
1190 522 1407 575 πάντων
1454 521 1613 592 ἡμῶν
1647 522 1898 592 Σωτῆρος

316 609 560 681 Χριστοῦ
625 608 920 673 λαλοῦντας
966 612 1301 682 μυστήριον,
1344 613 1406 665 οὐ
1461 614 1897 685 κατερριμμένον

316 704 462 775 ἔχειν
496 703 591 757 καὶ
622 702 994 774 χαμαιρῤιφὲς
1025 702 1086 756 τὸ
1118 704 1393 775 φρόνημα,
1426 705 1522 758 καὶ
1558 703 1701 776 ὄκνῳ
1731 704 1896 759 νικώ-

319 813 504 866 μενον,
553 798 648 847 καὶ
697 794 922 858 δειλίαις
976 795 1402 866 συνεσταλμένον
1426 814 1440 827 ·
1471 796 1584 851 ἀλλ’
1610 794 1746 866 ὑψοῦ
1796 798 1897 867 μὲν

318 886 506 956 ὥσπερ
534 880 592 938 εὖ
623 884 890 955 βεϐηκότα
918 884 1011 938 τὸν
1050 884 1196 951 νοῦν,
1232 886 1327 938 καὶ
1346 886 1507 939 οίονεί
1547 903 1665 949 πως
1688 888 1746 939 ὲν
1778 887 1894 957 ὄρει

319 979 592 1049 κείμενον,
634 975 778 1030 οὕτω
813 994 872 1029 τε
923 976 1032 1032 τῶν
1078 980 1177 1049 τῆς
1221 977 1480 1048 ἀληθείας
1519 978 1807 1050 δογμάτων
1834 979 1895 1033 τὸ

317 1070 592 1143 ἐξαίρετον
626 1068 819 1133 κάλλος
856 1069 1171 1141 περιαθρεῖν
1207 1070 1597 1134 σπουδάζοντα·
1621 1070 1892 1125 ποιεῖσθαι

316 1162 376 1216 δὲ
415 1163 511 1216 καί
537 1163 662 1225 τοὺς
704 1161 897 1230 λόγους
943 1163 1000 1215 ὲν
1027 1161 1328 1234 παρρησίᾳ.
1360 1161 1465 1216 κᾶν
1511 1162 1563 1215 ετ
1606 1177 1750 1224 τινες
1784 1155 1893 1215 εἷεν

315 1256 367 1308 ot
419 1253 939 1325 μυσταγωγούμενοι
989 1254 1215 1326 σκληροὶ
1260 1254 1354 1309 καὶ
1403 1255 1746 1324 δυσάγωγοι,
1796 1257 1893 1309 καὶ

313 1339 427 1399 οἷον
459 1343 615 1396 ἵπποι
642 1342 789 1406 τινὲς
820 1342 1091 1414 ἀγέρωχοι
1136 1343 1232 1397 καὶ
1260 1342 1482 1413 ἐξήνιοι,
1521 1344 1650 1416 περὶ
1673 1338 1748 1399 ὧν
1785 1363 1890 1399 που

316 1434 412 1488 καὶ
458 1434 617 1498 αὐτός
651 1450 817 1504 φησιν
865 1434 893 1486 ό
942 1434 1212 1505 μακάριος
1264 1433 1426 1488 Δαυῖδ
1474 1436 1610 1507 πρὸς
1656 1436 1748 1489 τὸν
1783 1438 1891 1491 τῶν

312 1524 451 1578 ὅλων
480 1523 613 1577 Θεόν
634 1539 648 1555 ·
688 1543 706 1575 ι
759 1524 847 1577 Ἐν
878 1523 1078 1595 χαλινῷ
1106 1524 1202 1577 καὶ⁹
1225 1526 1283 1578 ἐν
1314 1525 1477 1597 κημῷ
1510 1527 1609 1591 τάς
1635 1529 1891 1596 σιαγόνας

312 1615 494 1670 αὐτῶν
518 1614 735 1683 ἅγξαις,
769 1613 877 1668 τῶν
918 1616 993 1686 μὴ
1030 1616 1357 1685 ἐγγιζόντων
1399 1616 1536 1687 πρὸς
1565 1617 1644 1669 σέ.
1686 1638 1706 1668 ι
1740 1618 1804 1671 Ei
1829 1616 1889 1670 δὲ

2001 434 2091 515 qui
2148 435 2486 505 evangelizas
2537 435 2883 492 Jerusalem:
2942 437 3218 505 exaltate,
3279 437 3444 493 nolite
3502 442 3572 493 ti-

2000 540 2146 580 mere
2186 525 2255 579 “.
2313 545 2333 577 ι
2390 527 2602 581 Etenim
2662 528 2753 598 qui
2811 528 2862 583 in
2928 530 3269 583 sacerdotum
3325 529 3571 584 ordinem

1998 617 2177 682 asciti,
2200 633 2319 672 eam
2353 619 2530 675 sortiti
2564 629 2690 674 sunt
2737 621 3091 691 provinciam,
3120 631 3177 675 ut
3218 620 3416 676 Christi
3450 637 3571 676 om-

1998 710 2146 763 nium
2178 721 2421 765 nostrum
2455 710 2753 766 Salvatoris
2812 713 3068 783 mysteria
3121 712 3422 767 edisseraut
3473 729 3571 780 po-

1994 800 2227 871 puloque
2270 812 2596 871 proponant,
2634 803 2709 857 illi
2759 818 2977 858 sensum
3036 818 3374 872 nequaquam
3419 803 3568 871 abje-

1994 900 2162 955 ctum,
2200 891 2419 947 lmmive
2457 901 2761 962 repentem,
2809 901 2903 946 aut
2950 893 3162 962 ignavia
3195 895 3426 958 victum,
3478 903 3571 946 aut

1993 989 2138 1045 metu
2174 981 2404 1035 fractum
2440 981 2686 1038 obtinere
2715 982 2912 1038 debent
2945 1001 2960 1037 :
3007 984 3100 1037 sed
3150 981 3384 1038 sublime
3427 982 3571 1035 velut

1995 1074 2354 1139 incedentem,
2384 1084 2439 1130 et
2467 1075 2621 1144 quasi
2653 1075 2705 1128 iu
2738 1084 2922 1129 monte
2950 1074 3271 1129 collocatum
3298 1091 3313 1140 ;
3357 1088 3463 1142 quo
3493 1074 3572 1127 ni-

1993 1166 2188 1219 mirum
2215 1166 2281 1219 ad
2331 1180 2454 1220 eum
2494 1167 2710 1222 modum
2754 1168 3081 1235 comparati,
3125 1168 3376 1222 eximiam
3423 1168 3566 1221 illam

1990 1270 2242 1311 verorum
2276 1256 2583 1327 dogmatum
2616 1265 2958 1312 venustatem
2996 1258 3182 1312 rimari
3220 1273 3283 1311 ac
3312 1257 3570 1326 introspi-

1991 1364 2137 1414 cere,
2170 1350 2444 1420 verbaque
2477 1351 2744 1420 intrepide
2773 1349 2953 1406 facere
2994 1349 3240 1417 valeant;
3273 1359 3566 1419 quantum-

1991 1440 2072 1496 vis
2098 1441 2263 1497 exiis
2305 1442 2394 1510 qui
2442 1443 2614 1498 sacris
2657 1442 3052 1507 informantur,
3103 1441 3345 1496 nonnulli
3394 1441 3568 1494 instar

1989 1545 2251 1599 equorum
2287 1531 2670 1597 insolentium,
2717 1530 2808 1594 qui
2845 1531 3106 1615 ittl‘renari
3151 1544 3256 1583 non
3305 1536 3563 1597 possunt,

1991 1623 2154 1677 duros
2181 1631 2236 1676 et
2266 1621 2632 1676 intractabilcs
2662 1635 2721 1676 se
2756 1622 3027 1691 praebeant
3055 1639 3069 1676 :
3104 1620 3169 1673 de
3200 1620 3394 1688 quibus
3437 1618 3567 1671 bea-

313 1709 411 1763 καὶ⁵
470 1711 582 1771 τοῖς
635 1707 807 1771 οὕτως
859 1707 1045 1778 ἔχουσι
1097 1705 1294 1779 φρενὸς
1349 1708 1709 1779 προσϐάλλειν
1755 1710 1879 1764 άνα-

1993 1723 2075 1768 tus
2101 1712 2264 1767 David
2295 1728 2562 1767 summum
2599 1711 2748 1765 illum
2794 1726 2970 1766 rerum
3017 1711 3258 1766 omnium
3303 1709 3563 1779 Opilicem

311 1801 527 1868 γκαῖον,
558 1797 674 1861 πῶς
694 1798 795 1852 οὐκ
827 1798 893 1852 ἂν
915 1798 1124 1866 γένοιτο
1144 1798 1252 1852 τῶν
1280 1799 1421 1869 ἄγαν
1452 1800 1886 1873 σφαλερωτάτων

310 1893 373 1945 τὸ
400 1891 615 1945 ἑλέσθαι
640 1890 817 1963 σιγὴν,
847 1891 941 1945 καὶ⁵
971 1890 1045 1962 μὴ
1067 1893 1189 1956 ταῖς
1214 1891 1498 1946 εὐσεὸἐσιν
1518 1892 1672 1962 ὐμῶν
1693 1895 1886 1958 ἀκοαῖς

311 1983 512 2037 ἐνιέναι
540 1982 885 2047 πλειστάκις,
914 1982 1167 2056 καθάπερ
1188 2002 1240 2037 τι
1262 1986 1412 2056 νᾶμα
1434 1985 1607 2054 γλυκὺ
1626 1986 1722 2039 καὶ
1749 1986 1887 2051 ζωο-

311 2074 487 2139 ποιδν,
510 2072 618 2126 τῶν
643 2072 802 2143 ίερῶν
831 2072 1180 2144 Γραμμάτων
1204 2073 1303 2145 τὴν
1334 2073 1558 2143 γνῶσιν,
1588 2076 1725 2149 ὅπερ
1751 2078 1885 2148 ἡμῖν

306 2165 403 2221 καὶ
471 2164 639 2221 πάλαι
709 2164 841 2231 Θεὸς
915 2165 1260 2236 ὑπισχνεῖτο,
1313 2164 1487 2233 λέγων
1547 2165 1635 2218 διά
1702 2167 1884 2237 φωνῆς

320 2258 540 2313 Ἡσαΐου
564 2274 577 2289 ·
616 2275 634 2309 ι
672 2257 781 2311 Καὶ
804 2257 1102 2330 άντλήσατε
1137 2256 1280 2328 ὕδωρ
1309 2256 1427 2327 μετ’
1453 2257 1791 2330 εὐφροσύνης
1818 2261 1884 2312 ὲκ

305 2349 414 2405 τῶν
467 2349 659 2420 πηγῶν
684 2348 780 2401 τοῦ
844 2348 1145 2419 Σωτηρίου.
1188 2366 1206 2398 ι
1260 2348 1564 2417 Σωτηρίου
1597 2349 1654 2402 δὲ
1685 2350 1883 2419 πηγὰς

305 2435 448 2497 εἷναί
478 2459 658 2511 φαμεν
687 2442 812 2504 τοὺς
843 2440 1033 2509 ἁγίους
1076 2441 1382 2511 προφήτας,
1409 2440 1800 2510 εὐαγγελιστάς
1821 2459 1882 2495 τε

305 2535 401 2588 καὶ
441 2532 791 2598 ἀποστόλους,
826 2531 875 2585 οἳ
903 2531 992 2584 τὸν
1022 2530 1232 2585 ἄνωθεν
1263 2531 1357 2584 καὶ
1406 2532 1463 2598 ἐξ
1505 2530 1738 2602 οὐρανοῦ
1787 2531 1884 2587 καὶ

305 2626 575 2696 σωτήριον
606 2624 685 2695 τῷ
717 2623 907 2694 κόσμῳ
935 2621 1162 2693 βρύουσι
1191 2621 1368 2691 λόγον,
1402 2623 1764 2695 χορηγοῦντος
1785 2623 1881 2677 αὐ-

301 2717 417 2779 τοῖς
447 2714 543 2769 τοῦ
588 2714 745 2783 ἁγίου
793 2712 1129 2783 Πνεύματος,
1166 2711 1383 2768 ἅπασάν
1415 2730 1475 2766 τε
1503 2713 1646 2767 οὕτω
1678 2731 1879 2768 κατευ-

304 2807 589 2878 φραίνουσι
619 2805 721 2877 τὴν
742 2804 833 2859 ὐπ’
860 2803 1109 2875 οὐρανόν.
1144 2805 1280 2875 Φέρε
1313 2804 1514 2871 τοίνυν,
1546 2808 1626 2869 είς
1649 2805 1718 2859 τά
1739 2806 1879 2878 βάθη

301 2897 413 2951 τῶν
463 2899 594 2970 παρ’
632 2896 798 2951 αὐτοῦ
848 2895 1067 2950 ἐννοιῶν
1117 2896 1397 2960 καθιέντες
1442 2896 1536 2949 τὸν
1584 2895 1731 2963 νοῦν,
1777 2898 1879 2969 τῆς

1988 1802 2359 1874 interpellans,
2391 1804 2466 1858 ita
2497 1803 2687 1858 scribit
2716 1819 2731 1856 :
2767 1821 2787 1854 ι
2824 1803 2879 1856 1η
2912 1818 3067 1858 camo
3092 1811 3147 1855 et
3180 1800 3334 1857 freno
3369 1801 3562 1855 maxil-

1986 1894 2066 1951 las
2118 1910 2306 1951 eorum
2358 1893 2703 1963 constringe,
2750 1894 2841 1963 qui
2899 1908 3005 1948 non
3062 1893 3440 1963 approximant
3497 1894 3562 1947 ad

1986 1994 2040 2040 te
2066 1984 2131 2040 ".
2170 2002 2188 2037 ι
2225 1983 2379 2050 Quod
2409 1984 2454 2038 si
2483 1982 2573 2038 tali
2596 1966 2776 2038 animo
2806 1984 3044 2053 praeditis
3074 1983 3423 2038 nihilominus
3454 1983 3560 2036 vim

1986 2075 2191 2133 inferre
2244 2084 2497 2146 oportet,
2556 2076 2825 2146 quomodo
2878 2075 3173 2130 absurdum
3234 2090 3339 2129 non
3397 2071 3562 2127 fuerit

1985 2169 2127 2240 apud
2160 2184 2255 2225 vos
2287 2168 2482 2234 silere,
2528 2168 2755 2238 piisque‘
2781 2170 2980 2224 vestris
3021 2168 3246 2223 auribus
3280 2180 3581 2223 sacrarum

1983 2258 2316 2314 Litterarum
2350 2260 2619 2323 notitiam,
2653 2259 2818 2314 veluti
2852 2259 3063 2315 dulcem
3100 2248 3386 2328 quemdam
3424 2258 3561 2311 vivi-

1984 2350 2256 2421 licumque
2295 2350 2532 2414 laticem,
2565 2349 2705 2403 nolle
2758 2349 2994 2404 subinde
3049 2348 3355 2404 instillare?
3404 2347 3558 2414 Quod

1983 2441 2198 2511 quidem
2230 2440 2373 2496 Deus
2397 2454 2496 2508 per
2536 2437 2691 2493 Isaia:
2733 2441 3009 2510 propheta:
3047 2453 3232 2493 vocem
3285 2437 3556 2508 quondam

1983 2533 2216 2599 locutus,
2249 2531 2510 2603 ejusmodi
2538 2531 2718 2587 verbis
2749 2530 2905 2585 nobis
2935 2529 3203 2601 promittit
3231 2546 3246 2582 :
3281 2548 3299 2581 ι
3337 2527 3559 2583 llanrie—

1984 2625 2074 2689 tis,
2109 2623 2308 2692 inquit,
2344 2638 2466 2679 cum
2511 2623 2712 2695 gaudio
2754 2636 2925 2692 aquas
2966 2621 3033 2676 de
3082 2620 3320 2675 fontibus
3352 2618 3559 2674 Saluta-

1982 2715 2059 2770 ris
2089 2715 2154 2766 “.
2191 2733 2210 2767 ι
2238 2712 2505 2769 δαίιιιιιτὶι
2535 2723 2714 2768 autem
2749 2710 2921 2780 fontes
2965 2710 3297 2787 appellamus
3341 2721 3559 2766 sanctus

1980 2807 2293 2879 prophetas,
2343 2805 2706 2875 evangelistas
2740 2814 2794 2860 et
2824 2804 3099 2874 apostolos
3131 2823 3143 2859 :
3188 2804 3243 2859 hi
3282 2804 3426 2858 enim
3465 2817 3559 2857 sa-

1979 2899 2141 2956 lutari
2187 2898 2509 2968 etelitusque
2559 2898 2753 2952 hausta
2814 2897 3060 2951 doctrina
3105 2894 3362 2950 mundum
3415 2894 3556 2948 hunc

300 2987 559 3073 ἀληθείας
591 2988 689 3058 τὴν
722 2986 939 3060 εὕρεσιν
981 2987 1189 3040 ἐκεῖθεν
1223 2985 1597 3058 ἀντλήσωμεν.
1643 2986 1877 3058 Γηπόνοι

1982 2992 2235 3064 irrigant,
2289 2990 2497 3061 Spiritu
2553 3001 2742 3046 sancto
2795 2989 3012 3056 imbuti,
3073 2999 3356 3059 totumque
3414 2988 3558 3041 hunc

300 3077 403 3149 μὲν
433 3073 527 3131 οῦν
565 3076 625 3142 ἐξ
653 3076 839 3148 ἀγρῶν
879 3074 949 3131 τὰ
982 3076 1322 3149 εὐοσμότατα
1355 3076 1463 3130 τῶν
1493 3076 1699 3132 ἀνθέων
1734 3078 1877 3132 κατὰ

1983 3084 2169 3138 orbem
2200 3080 2492 3136 laetiﬁcant.
2542 3081 2600 3135 In
2649 3081 2765 3148 ejus
2809 3080 3035 3151 proinde
3083 3080 3346 3150 profunda
3396 3093 3554 3132 sensa

300 3169 525 3240 καιροὺς
555 3168 968 3239 άποκείραντες,
1002 3163 1124 3223 εἶτα
1145 3166 1320 3222 ταῦτα
1340 3167 1597 3239 ταλάροις
1630 3169 1875 3235 ἐνθέντες

298 3259 634 3330 ἀποφέρουσι
659 3263 771 3324 τοῖς
810 3259 1097 3324 δεσπόταις
1119 3278 1133 3292 ·
1162 3262 1212 3313 οἱ
1250 3260 1306 3315 δὲ
1337 3262 1432 3316 καὶ
1462 3262 1581 3315 λίαν
1622 3263 1875 3334 ἀσμένως

298 3350 610 3424 προσίενταί
637 3367 719 3415 τε,
744 3352 836 3404 καὶ
856 3352 967 3415 τοῖς
992 3350 1050 3417 ἐξ
1072 3349 1231 3421 ὡρῶν
1256 3351 1662 3421 ὲπιγάννυνται.
1677 3353 1869 3425 Ἡμεῖς

294 3443 373 3508 δὲ,
396 3444 509 3498 ὅσοι
530 3443 590 3497 τὸ
616 3442 990 3498 διδασκαλικὸν
1010 3444 1205 3513 ἔχομεν
1229 3444 1589 3516 ἐπιτήδευμα,
1614 3446 1867 3521 καθάπερ

294 3535 357 3601 ἐξ
385 3534 556 3607 ἀγροῦ
583 3536 682 3607 τῆς
726 3534 1085 3589 θεοπνεύστου
1114 3525 1358 3606 Γραφῆς,
1400 3537 1499 3590 οὐκ
1530 3537 1869 3608 εὐμάραντον

280 3630 424 3697 ,θέαν
451 3629 895 3702 προσκομίζομεν
927 3627 1155 3692 ἀνθέων,
1203 3627 1397 3697 λόγους
1445 3628 1504 3682 δὲ
1551 3630 1752 3700 μᾶλλον
1776 3633 1871 3686 καὶ

298 3722 692 3794 μυσταγωγίαν
735 3723 833 3794 τὴν
884 3720 973 3774 διὰ
1018 3719 1115 3773 τοῦ
1166 3719 1499 3792 Πνεύματος,
1560 3722 1871 3793 ἀμάραντον

295 3815 526 3887 ἔχουσαν
556 3816 655 3887 τῆς
691 3817 770 3879 εἰς
812 3813 1047 3887 Χριστὸν
1106 3812 1389 3878 εὐσεσείας
1420 3814 1481 3869 τὸ
1526 3815 1742 3881 κάλλος,
1774 3817 1866 3871 εὐ-

293 3910 630 3977 ωδιάζουσάν
659 3927 720 3963 τε
758 3909 851 3963 καὶ
880 3906 1026 3978 μάλα
1052 3906 1319 3969 πλουσίως
1362 3905 1422 3959 τὸ
1450 3903 1615 3959 αὐτοῦ
1658 3905 1867 3976 μυστή-

297 4021 432 4075 ριον.
463 4003 777 4072 Γέγραπται
825 3998 955 4070 γὰρ,
976 3999 1056 4053 ὅτι
1078 4015 1097 4050 ι
1117 3994 1353 4069 Χριστοῦ
1380 3996 1575 4051 εὐωδία
1602 3995 1768 4067 ἐσμὲν
1790 3994 1869 4067 τῷ

292 4094 436 4166 Θεῷ.
462 4114 480 4146 ι

1986 3175 2184 3230 mentis
2221 3174 2408 3242 oculos
2457 3174 2847 3245 conjicientes,
2901 3174 3146 3228 veritatis
3189 3171 3555 3227 inventionem

1981 3265 2108 3323 inde
2140 3267 2475 3322 hauriamus.
2508 3264 2970 3333 Quemadmodum
3001 3279 3133 3336 ergo
3163 3263 3415 3333 agricolae
3447 3262 3557 3315 rra-

1978 3356 2354 3428 grantissimos
2388 3371 2633 3425 quosque
2662 3354 2823 3411 ﬂores
2855 3366 3157 3426 opportuno
3201 3365 3442 3425 tempore
3486 3369 3555 3407 ex

1978 3449 2123 3519 agris
2168 3448 2501 3518 decerpunt,
2554 3447 2717 3519 129
2765 3449 3157 3518 decerptosque
3212 3440 3277 3502 ac
3321 3437 3456 3501 Scite
3500 3444 3555 3499 in

1977 3541 2208 3597 calathis
2233 3540 2563 3611 compositos
2588 3541 2822 3596 dominis
2854 3541 2966 3596 suis
3006 3539 3272 3605 offerunt;
3306 3554 3439 3607 quos
3478 3538 3553 3592 illi

1980 3647 2105 3688 mox
2179 3627 2441 3687 benevole
2513 3640 2777 3703 gratoque
2848 3631 3032 3685 animo
3086 3630 3552 3700 complectuntur,

1978 3724 2404 3792 eorumdemque
2431 3724 2629 3778 decore
2661 3738 2726 3778 ac
2756 3733 3035 3778 venustate
3060 3723 3283 3781 miriﬁce
3305 3721 3553 3774 alliciun-

1981 3827 2068 3869 tur
2098 3829 2115 3877 ;
2150 3813 2222 3867 ita
2254 3828 2373 3876 nos,
2429 3813 2520 3883 qui
2564 3812 2790 3867 docendi
2840 3827 3036 3867 munus
3080 3812 3450 3881 suscepimus,
3484 3825 3549 3863 ex

1977 3905 2154 3960 divina
2187 3904 2467 3973 Scriptura
2508 3903 2673 3959 veluti
2721 3919 2789 3959 ex
2839 3919 2967 3974 agro
3008 3903 3263 3974 quapiam
3307 3915 3412 3955 non
3457 3900 3578 3971 llu.‘

1976 4011 2099 4051 rum
2152 3996 2261 4050 cito
2306 3996 2760 4055 marcescentium
2811 3994 3060 4050 decorem
3112 3993 3411 4057 oderimus,
3457 3992 3551 4045 sed

1975 4100 2283 4140 sermonum
2314 4083 2701 4153 doctrinaeque,
2737 4099 2856 4153 quae
2886 4098 2981 4153 per
3015 4083 3272 4150 Spiritum
3304 4092 3550 4137 sanctum

293 4188 512 4259 pietatis
558 4184 611 4238 in
661 4182 937 4239 Christum
987 4180 1490 4237 immarcescibilem
1555 4186 1890 4234 venustatem
1957 4178 2257 4243 coutinet,-
2289 4191 2591 4247 magnaque
2657 4176 2925 4231 suavitate
2988 4185 3043 4232 et
3100 4176 3345 4231 ubertate
3410 4175 3550 4231 illius

293 4277 612 4350 mysterium
646 4274 850 4337 redolet
880 4272 1260 4344 fragrantiam.
1287 4269 1562 4340 Scriptum
1593 4278 1673 4324 est
1704 4268 1849 4323 enim
1881 4269 2022 4338 quod
2054 4286 2073 4320 ι
2109 4266 2315 4322 Christi
2346 4271 2520 4322 bonus
2551 4266 2686 4322 odor
2715 4281 2903 4322 sumus
2931 4266 3038 4322 Deo
3062 4266 3128 4321 ".
3155 4284 3173 4317 ι

363 4374 439 4429 B’.
479 4371 747 4444 Πρόσειμι
777 4370 841 4443 δὴ
871 4365 963 4424 οὖν
989 4368 1261 4432 ἀνατιθεὶς
1287 4367 1378 4421 τὸν
1406 4365 1562 4435 λόγον
1597 4364 1728 4435 ὑμῖν
1750 4365 1872 4428 ταῖς
1902 4366 1945 4423 D

292 4461 709 4526 εὐσεϐεστάταις
741 4459 1115 4532 βασιλίσσαις·
1148 4457 1444 4529 πεποίηται
1497 4455 1554 4509 δέ
1604 4471 1694 4526 μοι
1735 4454 1865 4527 περὶ

289 4556 386 4626 τῆς
421 4553 587 4627 ὀρθῆς
624 4553 720 4608 καλ⁸
748 4554 1053 4624 ἀμωμήτου
1082 4550 1340 4615 πίστεως,
1372 4548 1515 4621 ἥπερ
1543 4547 1609 4603 ἂν
1653 4546 1863 4616 γένοιτο

291 4651 421 4719 παρ’
464 4647 621 4718 ὐμῶν
659 4646 746 4708 εἰς
766 4644 857 4698 τὸν
900 4643 1104 4713 Κύριον
1152 4642 1310 4714 ἡμῶν
1352 4640 1559 4713 Ἰησοῦν
1601 4638 1858 4711 Χριστόν.

290 4741 496 4812 Πρέπει
528 4738 639 4810 γάρ
679 4737 807 4807 ὑμῖν
853 4734 917 4804 δὴ
947 4733 1182 4804 μάλιστα
1209 4736 1329 4797 ταῖς
1357 4732 1532 4796 οὕτως
1571 4732 1745 4795 όσίαις
1769 4731 1863 4785 καὶ

289 4826 752 4897 θεοφιλεστάταις,
788 4820 923 4892 ὁμοῦ
957 4824 1069 4885 τοῖς
1093 4821 1193 4891 τῆς
1227 4817 1504 4891 βασιλείας
1536 4821 1863 4894 ὐπερτάτοις

286 4917 587 4989 αὐχήμασι,
619 4913 715 4969 καὶ⁸
742 4913 841 4984 τῆς
869 4912 950 4975 εἰς
975 4909 1209 4984 Χριστὸν
1231 4908 1457 4979 ἀγάπης
1479 4909 1572 4963 τὸν
1599 4911 1862 4980 στέφανον

284 5006 638 5078 ἀναδήσαθαι.
665 5006 805 5075 Ἤδη
836 5003 935 5074 μὲν
962 4999 1056 5057 οῦν
1076 5004 1198 5066 ταῖς
1226 5001 1491 5071 ἁοιδίμοις
1513 5001 1665 5071 ὐμῶν
1690 5003 1861 5071 ἐφήρ-

287 5114 483 5169 μοσται
512 5097 796 5167 κορυφαῖς,
827 5092 923 5148 καὶ
952 5092 1330 5163 ἀτελευτήτοις
1362 5091 1507 5160 ὑμᾶς
1533 5089 1804 5154 εὐκλείαις
1832 5093 1862 5143 ό

281 5188 391 5241 τῶν
422 5188 560 5242 ὅλων
592 5185 1017 5257 καταφαιδρύνει
1049 5184 1201 5248 Θεός.
1258 5182 1432 5254 ’Υπὲρ
1462 5180 1594 5251 γοῦν
1626 5181 1720 5234 τοῦ
1766 5183 1861 5234 καὶ

282 5279 362 5332 ἔτι
392 5277 656 5349 μειζόνως
700 5276 1282 5349 καταλαμπρύνεσθαι,
1320 5273 1414 5329 τοῦ
1456 5272 1599 5328 κατά
1626 5258 1860 5344 Χᾷστδν

286 5368 586 5441 μυστηρίου
617 5369 716 5440 τὴν
753 5367 960 5440 ἀκριϐῆ
1003 5385 1062 5421 τε
1108 5368 1202 5421 καὶ
1228 5364 1609 5437 ἀκιὸδήλευτον
1658 5364 1859 5434 γνῶσιν

282 5459 514 5531 ἐχούσας
542 5460 622 5524 είς
661 5457 806 5522 νοῦν,
837 5457 1157 5512 συντέθεικα
1180 5458 1241 5510 τὸ
1271 5456 1521 5526 λογίδιον,
1551 5455 1639 5510 διὰ
1676 5455 1859 5527 πάσης

2066 4360 2129 4417 ll.
2207 4361 2286 4417 En
2330 4376 2498 4433 ergo,
2549 4361 2750 4432 regina:
2831 4362 3049 4430 pietatis
3127 4361 3547 4427 amantissimae,

1972 4455 2173 4513 librum
2205 4471 2364 4525 quem
2406 4448 2474 4511 de
2505 4464 2650 4512 recta
2699 4465 2756 4512 et
2801 4456 3110 4527 inculpabili
3157 4457 3209 4511 in
3263 4455 3546 4509 Dominum

1970 4559 2216 4606 nostrum
2257 4546 2442 4604 Jesum
2485 4545 2765 4602 Christum
2812 4547 2944 4610 (ide,
2988 4545 3163 4616 qualis
3206 4556 3383 4598 vestra
3426 4556 3549 4597 esse

1967 4644 2148 4708 debet,
2179 4640 2502 4710 conscripsi,
2528 4639 2681 4695 vobis
2710 4637 2898 4693 olfero.
2931 4638 3094 4691 Decet
3125 4635 3268 4688 enim
3302 4650 3396 4688 vos
3427 4648 3550 4687 san-

1968 4733 2242 4790 ctimonia:
2297 4740 2352 4787 et
2407 4730 2593 4800 pietati
2651 4729 2897 4798 apprime
2954 4728 3215 4790 addictas,
3262 4740 3364 4778 una
3422 4740 3542 4777 cum

1969 4837 2183 4880 summo
2214 4823 2362 4892 regni
2396 4822 2635 4891 fastigio,
2668 4817 2950 4874 charitatis
2977 4832 3191 4887 qunque
3220 4833 3340 4886 qua:
3367 4826 3452 4870 est
3489 4817 3540 4869 in

1968 4916 2265 4979 Christum,
2317 4928 2518 4969 corona
2558 4912 2819 4966 redimiri.
2862 4908 2989 4965 llaec
3029 4909 3175 4965 enim
3220 4907 3543 4963 venerandis

1970 5007 2165 5063 vestris
2205 5005 2499 5061 verticibus
2524 5002 2634 5072 jam
2685 5010 2865 5071 aptata
2917 5010 3022 5070 est,
3068 5010 3122 5056 et
3166 5001 3541 5055 universorum

1967 5098 2226 5153 Dominus
2254 5095 2422 5167 gloria
2455 5108 2734 5164 nunquam
2768 5093 3011 5164 peritura
3061 5107 3158 5148 vos
3188 5093 3549 5147 condecorat,

1962 5189 2214 5244 Attamen
2245 5202 2352 5258 quo
2393 5187 2567 5258 magis
2606 5186 2771 5242 etiam
2820 5183 3256 5241 condecoremiui
3282 5224 3297 5249 ,
3338 5183 3537 5239 Christi

1965 5278 2280 5350 mysterium
2310 5284 2501 5333 exacta
2532 5286 2587 5332 et
2618 5291 2956 5347 nequaquam
2998 5274 3301 5330 adulterata
3345 5274 3535 5329 notitia

1961 5366 2341 5437 percipientes,
2370 5365 2770 5422 oratiunculam
2816 5364 3131 5436 composui,
3169 5365 3221 5419 in
3263 5379 3367 5435 qua
3410 5364 3538 5422 illud

1964 5471 2353 5528 usquequaque
2385 5458 2604 5527 planum
2653 5458 2822 5535 facio,
2858 5459 3001 5531 quod
3038 5457 3181 5515 sicut
3231 5476 3250 5511 ι
3288 5472 3424 5513 unus
3455 5466 3536 5515 est

355 5636 396 5669 “
428 5634 529 5693 lsa.
569 5651 655 5702 ιιι,
686 5635 736 5691 9.
820 5635 863 5666 ⁶⁸
895 5631 1034 5690 Psal.
1066 5647 1213 5701 xxxx,
1246 5631 1299 5686 9.
1378 5632 1421 5662 “
1454 5631 1551 5687 lsa.
1587 5647 1679 5697 xu,
1712 5632 1764 5684 5.
1848 5633 1879 5663 σῖ

1981 5632 2104 5689 Cor.
2145 5649 2205 5701 ιι,
2243 5634 2327 5695 15.
