3952 6200
380 170 516 227 Ιῖῖὸθ

1361 160 1419 219 S.
1462 160 1737 220 CYlllLlJ
1775 152 2245 214 ALEXANDRINI
2280 146 2596 210 ARCIllEP.

3492 144 3647 201 ηδιον

381 291 561 357 Pater,
593 305 659 344 ex
691 303 796 359 quo
823 286 1001 344 omnia
1034 309 1047 340 ς
1081 284 1151 339 ita
1184 298 1349 338 umtm
1378 298 1592 353 quoque
1621 296 1740 336 esse
1771 279 1950 335 Domi-

2073 277 2262 338 ;ννοίας
2310 270 2684 334 καταδεικνὺς,
2717 269 2820 332 ὅτι,
2862 286 2879 317 ι
2915 266 3103 338 ὥσπερ
3129 264 3275 318 ἐστὶν
3298 258 3380 328 εἷς
3422 265 3555 329 Θεὸς
3604 269 3639 319 ὁ

381 400 511 439 nmn
544 391 787 437 nostrum
814 378 997 434 Iesum
1042 374 1351 441 Christum,
1392 389 1489 443 per
1531 388 1689 443 quem
1725 372 1950 428 omnia:

385 492 523 530 unus
578 473 799 527 omnino
849 477 932 524 est
983 467 1216 537 Spiritus
1270 475 1511 529 sanctus,
1563 466 1614 518 in
1677 480 1783 532 quo
1834 479 1953 517 om-

386 569 471 618 nia
497 567 562 618 “.
604 585 623 617 ι
658 563 758 629 Qui
790 572 969 618 autem
1001 575 1165 613 unum
1195 556 1471 611 Christum
1502 564 1555 610 et
1587 546 1869 609 Dominum
1900 562 1955 608 et

389 656 578 710 Filium
625 655 676 707 in
729 655 862 706 duos
912 650 1052 707 lilios
1093 646 1524 714 divellunt,,nos
1569 655 1715 700 recte
1766 659 1957 713 sapere

386 746 585 810 edocti,
641 744 760 798 illos
813 743 1123 811 neutiquam
1179 738 1582 793 sustinebimus.
1641 735 1756 789 Non
1813 734 1953 788 enim

388 842 550 892 alium
577 854 697 892 esse
728 836 962 889 dicimus
991 833 1187 887 Filium
1223 844 1345 884 eum
1378 829 1467 896 qui
1502 840 1625 883 ante
1653 828 1832 881 omnia
1865 840 1960 880 Ste-

387 932 508 984 enla
540 947 604 983 ex
642 928 732 982 Dei
758 927 936 981 Patris
966 923 1270 978 substantia
1313 922 1525 992 genitus
1555 929 1658 983 est.
1699 928 1754 974 et
1792 919 1955 972 alimn

393 1038 628 1084 rursum,
661 1020 750 1087 qui
786 1016 1093 1071 novissimis
1143 1013 1474 1083 temporibus
1503 1027 1567 1066 ex
1609 1011 1831 1065 muliere
1865 1027 1961 1064 na-

393 1122 500 1177 tus,
530 1120 582 1165 et
632 1109 731 1178 legi
777 1107 1043 1163 obnoxius
1083 1105 1255 1159 lactus
1294 1111 1415 1167 est;
1464 1102 1557 1157 sed
1607 1116 1768 1155 unum
1807 1114 1958 1154 eum«

394 1204 621 1268 demque
654 1211 759 1253 tam
791 1207 918 1252 ante
949 1180 1131 1252 veram
1180 1195 1321 1248 illam
1355 1192 1516 1247 Verbi
1562 1206 1681 1246 cum
1723 1192 1960 1245 humana

394 1310 556 1351 carne
599 1291 1052 1361 coniunctionem,
1102 1302 1262 1357 quam
1306 1293 1425 1354 post
1464 1286 1706 1339 eamdem
1742 1301 1756 1337 :
1789 1298 1963 1353 quan-

394 1386 680 1456 doquidem
712 1383 900 1448 Filius,
933 1381 1027 1451 qui
1062 1379 1384 1435 naturaliter
1413 1393 1478 1432 ex
1509 1377 1618 1431 Deo
1648 1374 1806 1430 Patre
1831 1390 1961 1447 pro-

393 1479 559 1537 cedit.
591 1490 820 1543 corpore
851 1473 1108 1535 animato,
1139 1481 1195 1527 et
1225 1480 1405 1525 mente
1436 1469 1710 1539 perfecto,
1741 1482 1807 1522 ex
1838 1466 1964 1520 Dei-

398 1584 526 1637 para
560 1566 775 1636 Virgine
804 1562 970 1617 Maria
1001 1571 1300 1630 assumpto,
1332 1569 1489 1615 natus
1536 1568 1620 1615 est
1663 1559 1960 1617 secundum

2054 368 2265 438 Πατὴρ,
2297 367 2355 432 ἐξ
2381 359 2442 417 οῦ
2474 363 2542 416 τὰ
2588 361 2800 414 adven.“
2853 359 2995 412 οῦτω
3041 358 3135 411 καὶ
3168 355 3250 421 εἷς
3286 356 3494 428 Κύριος
3535 357 3639 429 ’ἰη-

2056 458 2182 524 σοῦς
2216 457 2469 529 Χριστὸς,
2495 455 2562 508 δι’
2593 448 2652 508 οῦ
2681 454 2749 506 τά
2782 450 2988 506 πάντα·
3026 451 3084 503 ἓν
3110 450 3166 503 δὲ
3208 450 3380 520 δήπου
3414 449 3640 512 πάντως

2055 547 2228 603 καὶτὸ
2253 545 2477 614 Πνεῦμα
2502 543 2561 596 τὸ
2588 544 2759 614 ἅγιον.
2777 542 2912 595 ιΚαὶ
2936 541 3045 592 τῶν
3071 542 3149 603 είς
3176 539 3269 593 δύο
3298 538 3642 610 μεριζόντων

2055 639 2206 702 υἱοὺς
2237 638 2327 691 τὸν
2375 608 2470 689 ἕνα
2517 608 2750 705 Χρίστδν
2802 633 2894 685 καὶ
2927 631 3052 684 Υίδν
3098 631 3192 683 καὶ
3232 608 3458 698 Κῦριήον,
3498 630 3644 700 ὀρθὰ

2057 730 2270 801 φρονεῖν
2301 724 2598 794 ἐγνωκότες
2635 724 2735 777 οὑκ
2787 721 3106 791 ἀνεξόμεθα.
3166 720 3242 773 Οὑ
3292 721 3398 792 γὰρ
3441 720 3647 792 ἕτερον

2056 817 2195 875 εἷναί
2229 835 2407 889 φαμεν
2440 816 2569 869 Υἱὸν
2602 815 2696 867 τὸν
2745 812 2851 883 πρὸ
2884 812 3085 875 παντὸς
3133 811 3329 876 αἰῶνος
3376 828 3647 881 γεγεννη-

2061 912 2218 984 μένον
2246 910 2311 963 ὲκ
2334 909 2433 978 τῆς
2461 907 2645 969 οὐσίας
2682 906 2777 959 τοῦ
2805 904 2937 958 Θεοῦ
2969 905 3064 958 καὶ
3095 902 3331 974 Πατρδς,
3362 900 3556 975 ἕτερον
3581 903 3640 956 δὲ

2056 1000 2148 1055 τὸν
2178 1001 2235 1053 ὲν
2263 998 2515 1070 ἐσχάτοις
2544 1000 2755 1067 καιροῖς
2799 995 3092 1065 γενόμενον
3120 997 3185 1048 ὲκ
3217 995 3497 1063 γυναικὸς,
3544 1011 3640 1060 γε·

2059 1092 2281 1161 νόμενον
2325 1090 2430 1143 ὑπὸ
2460 1090 2624 1178 νόμον
2644 1107 2657 1120 ·
2687 1088 2801 1142 ἀλλ’
2827 1088 2921 1141 ἕνα
2953 1087 3048 1140 καὶ
3086 1086 3176 1139 τὸν
3218 1085 3379 1140 αὑτὸν
3407 1086 3505 1139 καὶ
3533 1085 3644 1156 πρὸ

2059 1183 2160 1253 τῆς
2205 1181 2339 1253 πρὸς
2379 1175 2557 1251 σάρκα
2588 1180 2805 1233 συνόδου
2836 1179 2931 1231 καὶ
2968 1176 3213 1240 ένώσεως
3252 1175 3509 1245 ἀληθοῦς,
3543 1176 3643 1229 καὶ

2065 1272 2203 1344 μετὰ
2232 1272 2388 1326 τοῦτο
2413 1270 2515 1325 ἔτι.
2556 1270 2614 1324 '0
2645 1269 2753 1341 γὰρ
2788 1271 2853 1323 ἐκ
2876 1268 3011 1322 Θεοῦ
3058 1267 3275 1339 Πατρὸς
3303 1266 3443 1321 κατὰ
3475 1266 3646 1336 φύσιν

2062 1362 2209 1428 Υἱὸς,
2240 1360 2484 1432 ἔμψυχόν
2509 1377 2569 1415 τε
2599 1358 2693 1412 καὶ
2719 1359 2903 1412 ἔννουν
2928 1356 3105 1428 ἑαυτῷ
3132 1357 3291 1427 σῶμα
3319 1354 3526 1418 λαϐὼν,
3549 1371 3645 1422 γεο

2063 1454 2316 1526 γέννηται
2379 1451 2656 1523 σαρκικῶς
2709 1451 2799 1505 διὰ
2851 1450 2951 1520 τῆς
3005 1450 3168 1519 ἀγίας
3223 1448 3500 1518 Παρθένου
3550 1446 3646 1499 καὶ

2063 1538 2326 1601 Θεοτόκου
2366 1546 2605 1617 Μαρίας,
2643 1544 2735 1598 καὶ
2766 1543 2866 1597 οὑκ
2908 1545 2990 1607 εἰς
3034 1543 3213 1613 σάρκα
3260 1540 3496 1612 τραπεὶς
3542 1536 3647 1608 (μὴ

314 1729 325 1737 η
396 1674 639 1723 carnem,
674 1656 817 1710 nullo
847 1667 1025 1709 autem
1067 1654 1225 1708 modo
1267 1667 1454 1707 versus
1496 1660 1577 1705 est
1612 1651 1663 1704 in
1696 1664 1912 1705 carnem
1944 1666 1960 1702 :

2073 1632 2270 1702 γένοιτο
2292 1634 2355 1701 l),
2394 1630 2717 1703 προσλαϐὼν
2753 1632 2809 1685 δὲ
2847 1631 3046 1702 μᾶλλον
3093 1631 3288 1702 αὐτὴν,
3318 1630 3412 1683 καὶ
3448 1626 3546 1681 τοῦ
3567 1622 3650 1680 εἷ-

2086 1735 2121 1737 ην
2175 1718 2305 1737 nas
2348 1718 2517 1737 ,’_,1,
2556 1717 2778 1737 _\,,s,',-
2818 1736 2823 1737 γ
2940 1720 2952 1737 Ι
3006 1736 3057 1737 γη
3124 1718 3219 1737 ,AL,
3300 1717 3459 1737 ,IA’_
3540 1716 3649 1737 _!,_

397 1751 561 1805 absit.
595 1748 869 1817 Siquidem
904 1745 1043 1798 illam
1076 1743 1148 1798 ita
1179 1743 1507 1814 assumpsit,
1540 1751 1598 1796 ut
1629 1741 1962 1811 divinitatem

396 1859 551 1899 suam
585 1842 723 1895 nulla
753 1856 818 1896 ev
852 1849 1004 1910 parte
1034 1838 1273 1902 lmserit;
1306 1837 1508 1894 mansit
1528 1852 1762 1907 namque
1790 1838 1966 1900 ethoc

396 1948 615 2004 quoque
646 1933 807 1987 modo
839 1931 1216 1985 universorum
1251 1927 1528 1990 Dominus.

473 2023 738 2095 130m.
777 2024 845 2078 Et
878 2024 990 2078 haec
1032 2022 1247 2090 quidem
1293 2021 1495 2076 sentire
1538 2020 1714 2079 edocti
1750 2035 1964 2079 sumus.

396 2101 663 2185 Quoniam
699 2126 1008 2172 sanctorum
1034 2114 1256 2170 Patrum
1287 2128 1589 2177 sermones,
1622 2114 1965 2179 eorumdem-

397 2228 504 2281 que
535 2212 843 2266 sanctiones
869 2209 1144 2280 sapienter
1165 2208 1477 2271 admonent,
1495 2217 1550 2260 ut
1574 2221 1769 2276 magno
1791 2206 1968 2261 stmlio

398 2304 796 2373 diligenterque
830 2302 1205 2365 observemus,
1255 2296 1386 2370 quid
1435 2298 1636 2353 divina:
1676 2296 1970 2369 Scriptura:

380 2411 564 2466 .qnam
611 2394 844 2449 maxime
875 2402 1300 2459 consentaneum
1334 2391 1426 2457 sit,
1469 2390 1761 2459 subtilique
1801 2403 1969 2445 sensu

401 2488 470 2542 ad
501 2503 564 2540 ea
595 2501 718 2554 qua:
749 2485 814 2538 de
845 2484 1063 2538 Christo
1097 2481 1343 2553 exposita
1369 2489 1493 2536 sunt
1521 2481 1787 2545 adhibito,
1822 2479 1970 2534 veri-

402 2590 567 2634 tatem
598 2578 900 2631 divinorum
933 2576 1242 2645 dogmatum
1282 2571 1707 2642 contemplemur
1736 2588 1750 2624 :
1831 2570 1971 2626 Con-

401 2671 521 2726 silia
551 2677 877 2729 evertentes,
913 2675 968 2721 et
999 2681 1215 2721 omnem
1247 2664 1588 2720 altitudinem
1622 2661 1969 2721 extollentem

403 2779 466 2820 se
496 2765 756 2815 adversus
807 2759 1169 2829 cognitionem
1205 2757 1334 2826 Dei;
1383 2765 1438 2811 et
1486 2757 1818 2824 captivantes
1855 2770 1975 2811 om-

406 2871 526 2910 nem
553 2852 881 2909 intellectum
908 2852 958 2904 in
984 2849 1349 2905 obedientiam
1378 2848 1496 2918 eius
1518 2847 1585 2900 θ’.
1617 2866 1636 2899 ι
1664 2845 1800 2902 Cum
1828 2847 1971 2903 enim

2064 1735 2151 1771 ναι
2175 1718 2306 1781 Θεὸς
2338 1718 2437 1771 οὑκ
2465 1717 2781 1790 ἠμεληκώςο
2812 1720 3091 1790 μεμένηκε
3120 1718 3228 1792 γὰρ
3256 1720 3350 1772 καὶ
3364 1717 3512 1771 οὕτω
3536 1716 3649 1770 τῶν

2064 1809 2200 1863 ὅλων
2226 1808 2522 1879 Δεσπότης.

2137 2011 2211 2068 Γ’.
2254 2013 2437 2068 Ταῦτα
2465 2015 2679 2087 φρονεῖν
2709 2013 3090 2086 δεδιδάγμεθα.
3133 2012 3326 2083 Σοφοῖς
3357 2012 3469 2085 γάρ
3496 2015 3652 2084 ἡμᾶς

2069 2104 2523 2177 παραγγέλμασιν
2572 2108 2623 2161 οἱ
2676 2106 2787 2161 τῶν
2841 2104 3013 2175 ἀγίων
3051 2104 3449 2175 ἀποκομίζουσι
3499 2103 3655 2174 λόγοι

2070 2195 2202 2265 πρός
2232 2213 2294 2265 γε
2324 2197 2384 2250 τὸ
2416 2197 2613 2270 χρῆναι
2648 2198 2957 2268 φιλοτηρεῖν
2988 2198 3048 2250 τὸ
3094 2199 3203 2261 τοῖς
3237 2197 3403 2266 ἱεροῖς
3459 2196 3657 2267 Γράμ-

2072 2303 2235 2356 μασιν
2271 2288 2345 2341 ὅτι
2401 2289 2636 2357 μάλιστα
2685 2287 2896 2354 δοκοῦν,
2936 2284 3031 2341 καὶ
3076 2286 3172 2358 τὴν
3225 2288 3282 2339 ἐν
3320 2288 3431 2349 τοῖς
3484 2285 3657 2349 θείοις

2068 2377 2331 2449 δόγμασιν
2361 2379 2622 2452 ἀλήθειαν
2656 2380 3150 2446 κατασκέπτεσθαι,
3179 2381 3377 2435 λεπτὸν
3410 2380 3659 2443 ἐνιέντας

2069 2468 2180 2530 τοῖς
2233 2468 2361 2537 περὶ
2402 2469 2638 2539 Χριστοῦ
2697 2469 3047 2540 λαλουμένοις
3087 2468 3176 2522 τὸν
3229 2468 3389 2522 νοῦν·
3434 2488 3452 2519 ι
3501 2468 3660 2522 Καθ-

2071 2558 2353 2630 αιροῦντες
2387 2558 2486 2630 μὲν
2507 2560 2824 2632 λογισμοὺς,
2862 2562 2956 2616 καὶ
2984 2562 3093 2613 πᾶν
3128 2559 3326 2629 ὕψωμα
3348 2559 3661 2630 ἐπαιρόμεο

2072 2665 2162 2701 νον
2191 2649 2335 2703 κατὰ
2358 2651 2455 2721 τῆς
2487 2650 2741 2720 γνώσεως
2770 2651 2863 2704 τοῦ
2891 2648 3050 2713 Θεοῦ,
3083 2651 3176 2705 καὶ
3214 2649 3662 2721 αἰχμαλωτίζον-

2072 2758 2164 2805 τες
2198 2742 2305 2795 πᾶν
2336 2741 2512 2813 νόημα
2559 2744 2639 2806 είς
2676 2742 2774 2814 τὴν
2808 2742 3057 2814 ὑπακοὴν
3106 2741 3292 2796 αὑτοῦ.
3336 2761 3354 2792 ι
3397 2740 3665 2812 Ἐχοντος

2074 2832 2183 2905 γὰρ
2212 2831 2517 2906 ἀραρότως,
2558 2835 2653 2889 καὶ
2694 2835 3133 2905 ὁμολογουμένου
3175 2834 3325 2906 παρά
3358 2835 3547 2896 πᾶσιν,
3574 2834 3671 2887 ὅτι

404 2955 775 3014 congruenter
808 2958 915 2997 uno
952 2957 1217 2999 consensu
1254 2942 1529 2997 fateantur
1569 2955 1780 3002 omnes.
1812 2951 1969 2995 natu-

2077 2928 2173 2981 καὶ
2218 2928 2274 2980 ὲν
2329 2932 2511 3000 μορφῇ
2566 2930 2663 2983 καὶ⁵
2704 2929 2909 3000 ἰσότητι
2958 2928 3053 2982 τοῦ
3108 2928 3243 2983 Θεοῦ
3301 2928 3396 2982 καὶ
3444 2927 3669 2999 Πατρδς

408 3038 522 3095 rale
550 3037 643 3092 Dei
672 3035 853 3090 Patris
878 3032 1139 3097 Verbum,
1167 3033 1311 3102 quod
1342 3033 1393 3086 in
1420 3031 1657 3100 ejusdem
1684 3029 1778 3085 Dei
1799 3031 1969 3087 forma

2077 3019 2337 3091 ὑπάρχων
2368 3022 2396 3073 ό
2426 3020 2486 3085 ἐξ
2512 3019 2676 3073 αὑτοῦ
2711 3020 2852 3075 κατά
2876 3019 3037 3089 φύσιν
3075 3019 3267 3089 Λόγος,
3304 3039 3324 3072 ‹
3353 3020 3455 3090 οὐχ
3474 3020 3665 3092 ἅρπας

404 3128 782 3198 etaequalitate
802 3126 1040 3191 exsistit,
1058 3144 1077 3176 ι
1095 3140 1199 3179 non
1232 3124 1476 3193 rapinam
1503 3124 1827 3178 arbitratum
1855 3137 1975 3178 esse

402 3237 463 3276 se
504 3219 761 3289 aqualem
797 3217 942 3286 Deo;
979 3216 1074 3273 sed
1101 3215 1272 3270 forma
1309 3215 1450 3271 servi
1498 3225 1718 3285 accepta
1765 3224 1976 3270 semet-

410 3315 585 3383 ipsum
616 3310 1006 3375 exinanivisse,
1039 3322 1104 3362 ac
1138 3308 1194 3362 in
1235 3306 1647 3362 similitudinem
1695 3306 1977 3365 hominum

406 3404 634 3468 tactum,
663 3403 717 3457 in
769 3404 1117 3471 humanoque
1163 3400 1348 3456 habitu
1394 3398 1674 3454 inventum
1709 3412 1768 3454 se
1796 3398 1975 3453 humi—

2073 3111 2214 3182 γμόν
2285 3112 2532 3182 ἡγήσατο
2581 3112 2642 3165 τὸ
2695 3108 2835 3166 εἶναι
2906 3113 2997 3166 ῐσα
3071 3112 3192 3184 Θεῷ
3230 3130 3243 3143 ο
3296 3111 3410 3167 ἀλλ’
3458 3112 3668 3167 ἑαυτὸν

2072 3202 2330 3267 ὲκένωσε,
2352 3201 2568 3274 μορφὴν
2588 3203 2774 3257 δούλου
2795 3203 2996 3258 λαϐὼν·
3024 3207 3083 3258 ἐν
3105 3205 3413 3277 ὁμοιώματι
3441 3204 3669 3278 ἀνθρώ-

2076 3311 2194 3347 πων
2221 3293 2531 3365 γενόμενος,
2562 3295 2654 3348 καὶ
2693 3297 2933 3366 σχήματι
2966 3295 3210 3368 εὑρεθεὶς
3235 3296 3314 3360 ὡς
3349 3297 3667 3368 ἄνθρωπος,

2076 3389 2441 3441 ἐταπείνωσεν
2474 3387 2685 3453 ἑαυτὸν,
2720 3389 3014 3458 γενόμενος
3063 3389 3306 3461 ὑπήκοος
3349 3389 3513 3462 μέχρι
3560 3390 3671 3445 Θα-

408 3496 589 3556 liasse,
633 3508 700 3547 ac
737 3493 802 3545 ad
840 3502 1073 3548 mortem
1118 3490 1334 3546 tandem
1380 3505 1552 3559 usque
1595 3490 1855 3545 obediens
1896 3488 1979 3544 fa-

414 3598 559 3642 ctum
581 3585 764 3641 crucis
782 3593 1010 3639 mortem
1032 3583 1268 3637 subiisse
1291 3581 1336 3612 ⁷⁸
1368 3582 1795 3647 ;mecessarium
1822 3579 1980 3653 plane

407 3690 492 3734 est
538 3694 661 3734 eum
695 3676 786 3747 qui
833 3692 1019 3731 eortun
1066 3675 1196 3740 vim,
1236 3688 1353 3743 qua:
1399 3675 1464 3729 de
1512 3672 1733 3728 Christo
1778 3673 1978 3741 scripta

405 3780 642 3836 exstant,
686 3779 833 3825 recte
867 3768 1164 3837 diiudicare
1197 3767 1332 3833 vult,
1369 3776 1558 3838 pectus
1591 3766 1813 3835 optimis
1853 3781 1980 3823 sen-

2078 3479 2262 3543 νάτου,
2293 3477 2521 3532 θανάτου
2550 3478 2608 3531 δὲ
2641 3478 2933 3550 σταυροῦ-ι
2973 3479 3126 3533 πᾶσά
3151 3496 3266 3545 πως
3299 3481 3517 3551 ἀνάγκη
3547 3479 3674 3536 θεο-

2080 3569 2266 3637 φιλοῦς
2316 3568 2561 3634 ἐπινοίας
2615 3577 2641 3605 ο
2692 3570 2987 3642 ὲπίμεστον
3043 3571 3189 3643 ἔχειν
3236 3573 3329 3625 τὸν
3379 3572 3531 3633 νοῦν,
3573 3571 3673 3624 τὶν

2079 3655 2232 3733 ᾧπερ
2275 3661 2341 3715 ἂν
2392 3660 2600 3730 γένοιτο
2651 3663 2851 3728 σκοπὸς
2892 3664 3192 3736 διακρίνειν
3248 3660 3307 3718 εὗ
3359 3664 3512 3734 μάλα
3558 3663 3677 3716 τῶν

2081 3756 2210 3827 περὶ
2234 3753 2402 3808 αὑτοῦ
2450 3754 2852 3827 γεγραμμένων
2876 3756 2975 3827 τὴν
3002 3755 3251 3822 δύναμιν
3284 3755 3373 3811 ἵνα
3400 3757 3461 3808 ὲν
3482 3754 3677 3826 σεαυτῷ

410 3864 597 3920 tentiis
655 3862 984 3918 instructum
1042 3860 1281 3925 habere;
1336 3869 1393 3915 ut
1444 3859 1724 3931 percipere
1777 3859 1969 3925 valeat,

2080 3845 2213 3910 Θεός
2242 3863 2301 3899 τε
2324 3845 2462 3918 ὁμοῦ
2498 3847 2589 3900 καὶ
2620 3845 2905 3918 ἄνθρωπος
2944 3849 2973 3900 ὁ
2997 3848 3160 3912 αὐτὸς
3195 3847 3459 3919 ὑπάρχων
3486 3848 3678 3915 ἐπιγι-

407 3955 682 4024 quomodo
718 3955 859 4009 Deus
894 3953 1053 4008 simul
1099 3962 1154 4006 et
1199 3952 1360 4007 homo
1407 3952 1544 4005 idem
1580 3952 1694 4022 ipse
1735 3950 1969 4006 Christus

2080 3937 2380 4007 νώσκηται,
2438 3936 2533 3990 καὶ
2576 3937 2636 3990 τὸ
2676 3933 2814 3991 εἶναι
2860 3936 2993 4001 Θεὸς
3049 3938 3483 4011 ἁπαραποιήτως
3534 3938 3680 4008 ἔχων

407 4049 657 4109 exsistat,
694 4054 752 4099 et
776 4045 915 4099 Deus
944 4058 1064 4100 esse
1098 4043 1216 4098 sine
1249 4041 1357 4096 ulla
1387 4041 1706 4095 alteratione
1737 4050 1830 4094 aut
1858 4055 1969 4093 mu«

2085 4032 2381 4100 (ἄτρεπτος
2409 4029 2517 4101 γὰρ
2543 4032 2576 4099 ἡ
2601 4028 2696 4082 τοῦ
2729 4030 2903 4097 Λόγου
2934 4028 3141 4099 φύσις),
3160 4030 3254 4082 καλ⁵
3284 4030 3345 4082 τὸ
3370 4030 3474 4099 τῆς
3502 4029 3682 4083 κενώ-

410 4137 612 4191 tatione
668 4144 981 4205 perseveret
1040 4134 1419 4204 (immutabilis
1484 4132 1629 4189 enim
1682 4140 1768 4188 est
1817 4132 1969 4186 Verbi

2085 4140 2222 4187 σεως
2277 4122 2474 4193 μέτρον
2520 4122 2581 4176 οὑ
2635 4121 3088 4193 παραιτούμενος.
3160 4121 3497 4194 Ἐπερυθριᾷ
3565 4123 3683 4191 γὰρ

410 4228 647 4295 munra),
681 4236 735 4279 et
779 4224 1172 4280 exinanitionis
1200 4224 1559 4278 humilitatem
1584 4238 1688 4276 non
1721 4233 1969 4292 respuat:

2082 4214 2336 4285 οὐδαμῶς
2384 4216 2498 4279 τοῖς
2551 4214 2700 4278 ἰδίοις
2735 4215 3075 4286 σκέμμασιν,
3100 4215 3129 4267 ό
3162 4213 3393 4267 κένωσιν
3424 4214 3527 4283 τὴν
3559 4213 3683 4267 ἐθε-

410 4330 587 4385 neque
619 4316 762 4369 enim
801 4319 891 4386 qui
927 4317 1323 4386 dispensatoria
1372 4316 1583 4371 ratione
1624 4314 1969 4369 voluntariau‘

2087 4307 2299 4361 λούσιον
2332 4306 2689 4375 οἰκονομικῶς
2724 4306 2792 4361 δι’
2823 4308 2968 4378 ἡμᾶς
3000 4304 3319 4377 ὑπομείνας.
3367 4307 3462 4359 Δεῖ
3492 4307 3682 4363 τοίνυν

410 4406 583 4461 nostri
615 4421 779 4460 causa
829 4408 1261 4462 luuniliationem
1293 4404 1573 4471 sustinuit,
1601 4405 1666 4460 de
1708 4405 1822 4460 suis
1851 4419 1984 4458 cou-

411 4499 549 4553 siliis
577 4497 869 4553 erubescit.
915 4496 1143 4567 Oportet
1186 4498 1366 4566 itaque
1406 4496 1554 4553 illum
1594 4504 1650 4550 et
1684 4495 1984 4550 divinitatis

410 4572 695 4659 majestate
735 4589 1087 4658 conspicuum
1118 4587 1310 4654 videri,
1355 4595 1410 4642 et
1456 4602 1486 4641 a
1531 4594 1735 4641 nostrae
1767 4600 1982 4639 rursum

2090 4401 2254 4455 αὑτὸν
2302 4399 2394 4452 καὶ
2454 4402 2565 4463 τοῖς
2614 4398 2711 4469 τῆς
2766 4397 3018 4469 θεότητος
3075 4396 3405 4468 ἀξιώμασιν,
3439 4398 3686 4469 ὁρᾶσθαι

2090 4493 2386 4565 διαπρεπῆ,
2438 4492 2531 4546 καὶ
2559 4492 2659 4562 τῆς
2699 4490 2821 4545 καθ’
2871 4492 3039 4562 ἡμᾶς.
3065 4490 3544 4562 σμικροπρεπείας
3573 4490 3685 4542 οὑκ

2091 4589 2170 4651 εὶς
2219 4585 2365 4638 ἅπαν
2412 4582 2835 4655 ἀπηλλαγμένον
2881 4580 2969 4635 διὰ
3007 4581 3067 4635 τὸ
3105 4580 3472 4652 ἀνθρώπινον,
3508 4582 3686 4633 ἀπαι-

410 4681 735 4738 humilitatis
771 4681 1105 4742 conditione,
1148 4688 1370 4748 propter
1413 4684 1750 4746 assmtmtam
1789 4676 1981 4730 huma-

412 4775 662 4839 nitatem,
703 4787 809 4827 non
854 4786 1076 4841 prorsus
1105 4771 1342 4825 alienum
1375 4784 1497 4825 esse
1554 4767 1807 4825 arbitrari
1837 4787 1849 4820 :
1878 4770 1979 4826 hoc

412 4865 558 4921 enim
599 4865 1018 4935 dispensationis
1068 4865 1205 4918 ratio
1249 4863 1501 4935 postulat.
1540 4861 1599 4918 Si
1648 4863 1792 4921 enim
1840 4861 1982 4918 Deus

414 4955 649 5013 Verbum
705 4954 907 5011 factum
956 4965 1041 5017 est
1081 4971 1243 5020 caro.
1300 4957 1402 5012 hoc
1456 4964 1540 5012 est
1583 4955 1779 5019 homo,
1826 4953 1983 5020 juxta

415 5048 583 5104 illud:
616 5066 634 5100 ι
668 5046 946 5104 Ellundam
967 5049 1033 5103 de
1064 5046 1270 5118 Spiritu
1307 5062 1424 5103 meo
1442 5062 1604 5118 super
1622 5061 1838 5102 omnem
1861 5060 1985 5101 car-

416 5153 539 5193 nem
562 5138 640 5209 7';
666 5157 689 5192 ›
721 5138 995 5194 neminem
1015 5137 1137 5209 jure
1168 5139 1388 5198 turbare
1412 5139 1589 5208 debet,
1623 5137 1666 5192 si
1696 5150 1801 5208 qua
1841 5152 1981 5193 non-

2090 4677 2288 4747 τούσης
2337 4676 2494 4729 τοῦτο
2538 4676 2635 4745 τῆς
2677 4672 3010 4744 οἰκονομίας.
3054 4674 3122 4731 Εἰ
3181 4675 3292 4744 γριρ
3335 4672 3471 4736 Θεὸς
3532 4672 3611 4725 ῶν
3654 4676 3687 4727 ὁ

2087 4769 2258 4835 Λόγος
2288 4766 2477 4835 γέγονε
2507 4764 2663 4837 σὰρξ,
2690 4764 2970 4819 τουτέστιν
2991 4764 3293 4837 ἄνθρωπος,
3316 4765 3463 4819 κατά
3486 4781 3554 4833 γε
3580 4764 3675 4829 τὺ,

2095 4880 2113 4913 ι
2153 4859 2362 4930 Ἑκχεῶ
2383 4858 2490 4914 ἀπὸ
2514 4859 2609 4912 τοῦ
2633 4856 2949 4930 Πνεὺματός
2973 4874 3074 4928 μου
3097 4857 3189 4911 ἐπὶ
3219 4858 3398 4910 πᾶσαν
3429 4856 3680 4927 σάρκαί

2090 4951 2390 5024 θορυὸείτω
2440 4950 2665 5023 μηδένα,
2716 4950 2821 5013 κᾶν
2871 4949 2920 5003 εί
2970 4948 3181 5018 λέγοιτό
3224 4965 3282 5003 τι
3331 4948 3463 5018 περὶ
3509 4946 3686 5000 αὑτοῦ

2090 5044 2242 5119 παρά
2270 5045 2374 5116 τῆς
2424 5041 2777 5099 θεοπνεύστου
2816 5042 3060 5112 Γραφῆς,
3091 5040 3198 5096 τῶν
3246 5042 3347 5095 ὅσα
3393 5040 3553 5092 ἐστὶν
3591 5041 3691 5093 ἀν-

2089 5135 2485 5211 θ’ρωποπρεπῆ.
2508 5133 2878 5206 Περιαθρείτω
2898 5133 2952 5197 δὲ
2972 5132 3178 5205 μᾶλλον
3200 5130 3364 5186 αὑτοῦ
3387 5132 3490 5205 τὴν
3515 5134 3693 5203 ὑπερ-

489 5292 535 5324 ”
562 5292 582 5345 1
612 5293 737 5350 Cor.
767 5311 840 5362 vr,
878 5297 928 5351 8.
1008 5297 1052 5329 θ’
1088 5295 1128 5351 ll
1154 5297 1280 5353 Cor.
1310 5312 1364 5363 κ,
1400 5295 1452 5352 5.
1530 5296 1577 5328 ⁷ο
1612 5294 1844 5363 Philipp.
1887 5309 1951 5359 ll,
1986 5292 2103 5348 6-8.
2181 5294 2227 5326 '“
2263 5291 2378 5349 Joel
2414 5307 2477 5356 tt,
2508 5291 2600 5347 98.

1542 5450 1715 5507 Variae
1747 5450 2006 5507 lectiones
2029 5448 2234 5506 codicis
2267 5444 2625 5518 Seguieriani.

495 5590 525 5621 ο
555 5584 850 5655 εὐτεκνίας.
