  <div class='ocr_page' id='page_1' title='image "/cluster/home/n/w/nwhite01/storage/ocr_20150623/76/hvd.32044073501439/678.png"; bbox 0 0 3952 6200; ppageno 0'>
   <div class='ocr_carea' id='block_1_1' title="bbox 296 214 438 270">
    <p class='ocr_par' dir='ltr' id='par_1_1' title="bbox 296 214 438 270">
     <span class='ocr_line' id='line_1_1' title="bbox 296 214 438 270; baseline -0.014 -1"><span class='ocrx_word' id='word_1_1' title='bbox 296 214 438 270; x_wconf 63' lang='grc' dir='ltr'><strong>ΠΗ</strong></span> 
     </span>
    </p>
   </div>
   <div class='ocr_carea' id='block_1_2' title="bbox 1115 224 2779 299">
    <p class='ocr_par' dir='ltr' id='par_1_2' title="bbox 1115 224 2779 299">
     <span class='ocr_line' id='line_1_2' title="bbox 1115 224 2779 299; baseline 0.011 -20"><span class='ocrx_word' id='word_1_2' title='bbox 1115 226 1207 279; x_wconf 81' lang='grc' dir='ltr'><strong>ΑΙ)</strong></span> <span class='ocrx_word' id='word_1_3' title='bbox 1247 224 1544 282; x_wconf 77' lang='lat' dir='ltr'><strong>REGINAS</strong></span> <span class='ocrx_word' id='word_1_4' title='bbox 1581 228 1669 283; x_wconf 79' lang='lat' dir='ltr'><strong>DE</strong></span> <span class='ocrx_word' id='word_1_5' title='bbox 1714 229 1932 287; x_wconf 73' lang='lat' dir='ltr'><strong>BECTA</strong></span> <span class='ocrx_word' id='word_1_6' title='bbox 1978 234 2134 291; x_wconf 84' lang='lat' dir='ltr'><strong>FIDE</strong></span> <span class='ocrx_word' id='word_1_7' title='bbox 2176 239 2438 295; x_wconf 58' lang='lat' dir='ltr'><strong>ORATIO</strong></span> <span class='ocrx_word' id='word_1_8' title='bbox 2481 241 2779 299; x_wconf 72' lang='lat' dir='ltr'><strong>ALTERA.</strong></span> 
     </span>
    </p>
   </div>
   <div class='ocr_carea' id='block_1_3' title="bbox 3380 250 3578 308">
    <p class='ocr_par' dir='ltr' id='par_1_3' title="bbox 3380 250 3578 308">
     <span class='ocr_line' id='line_1_3' title="bbox 3380 250 3578 308; baseline 0.015 -3"><span class='ocrx_word' id='word_1_9' title='bbox 3380 266 3397 275; x_wconf 74' lang='lat'>‘</span> <span class='ocrx_word' id='word_1_10' title='bbox 3436 250 3578 308; x_wconf 66' lang='lat'><strong>£55!</strong></span> 
     </span>
    </p>
   </div>
   <div class='ocr_carea' id='block_1_4' title="bbox 291 337 1867 433">
    <p class='ocr_par' dir='ltr' id='par_1_4' title="bbox 291 337 1867 423">
     <span class='ocr_line' id='line_1_4' title="bbox 291 337 1867 423; baseline 0.01 -31"><span class='ocrx_word' id='word_1_11' title='bbox 291 337 530 407; x_wconf 75' lang='grc' dir='ltr'>κόσμιον</span> <span class='ocrx_word' id='word_1_12' title='bbox 575 337 730 405; x_wconf 69' lang='grc' dir='ltr'>δόξαν</span> <span class='ocrx_word' id='word_1_13' title='bbox 761 341 826 394; x_wconf 79' lang='grc' dir='ltr'>ὲκ</span> <span class='ocrx_word' id='word_1_14' title='bbox 857 341 1138 413; x_wconf 84' lang='grc' dir='ltr'>δυνάμεως</span> <span class='ocrx_word' id='word_1_15' title='bbox 1185 349 1278 401; x_wconf 69' lang='grc' dir='ltr'>καὶ</span> <span class='ocrx_word' id='word_1_16' title='bbox 1309 350 1583 422; x_wconf 66' lang='grc' dir='ltr'>ὑπεροχῆς</span> <span class='ocrx_word' id='word_1_17' title='bbox 1624 353 1723 423; x_wconf 85' lang='grc' dir='ltr'><strong>τῆς</strong></span> <span class='ocrx_word' id='word_1_18' title='bbox 1768 354 1867 408; x_wconf 84' lang='grc' dir='ltr'>θεο·</span> 
     </span>
    </p>
   </div>
   <div class='ocr_carea' id='block_1_5' title="bbox 1975 337 3576 433">
    <p class='ocr_par' dir='ltr' id='par_1_5' title="bbox 1995 362 3576 433">
     <span class='ocr_line' id='line_1_5' title="bbox 1995 362 3576 433; baseline 0.008 -20"><span class='ocrx_word' id='word_1_19' title='bbox 1995 376 2268 428; x_wconf 88' lang='lat' dir='ltr'><strong>nunquam</strong></span> <span class='ocrx_word' id='word_1_20' title='bbox 2321 362 2568 426; x_wconf 83' lang='lat' dir='ltr'><strong>humilia,</strong></span> <span class='ocrx_word' id='word_1_21' title='bbox 2610 365 2789 433; x_wconf 85' lang='lat' dir='ltr'><strong>qualia</strong></span> <span class='ocrx_word' id='word_1_22' title='bbox 2823 365 3074 421; x_wconf 80' lang='lat' dir='ltr'><strong>homines</strong></span> <span class='ocrx_word' id='word_1_23' title='bbox 3116 368 3334 430; x_wconf 82' lang='lat' dir='ltr'><strong>decent.</strong></span> <span class='ocrx_word' id='word_1_24' title='bbox 3378 369 3576 425; x_wconf 73' lang='lat' dir='ltr'><strong>divina:</strong></span> 
     </span>
    </p>
   </div>
   <div class='ocr_carea' id='block_1_6' title="bbox 292 425 1105 496">
    <p class='ocr_par' dir='ltr' id='par_1_6' title="bbox 292 425 1105 496">
     <span class='ocr_line' id='line_1_6' title="bbox 292 425 1105 496; baseline 0.015 -18"><span class='ocrx_word' id='word_1_25' title='bbox 292 425 552 496; x_wconf 72' lang='grc' dir='ltr'>πρε-ποῦς</span> <span class='ocrx_word' id='word_1_26' title='bbox 596 445 655 480; x_wconf 88' lang='grc' dir='ltr'><strong>τε</strong></span> <span class='ocrx_word' id='word_1_27' title='bbox 690 430 783 483; x_wconf 73' lang='grc' dir='ltr'>καὶ</span> <span class='ocrx_word' id='word_1_28' title='bbox 820 431 1105 490; x_wconf 81' lang='grc' dir='ltr'><strong>ἀνωτάτω.</strong></span> 
     </span>
    </p>
   </div>
   <div class='ocr_carea' id='block_1_7' title="bbox 371 722 1885 802">
    <p class='ocr_par' dir='ltr' id='par_1_7' title="bbox 371 722 1885 802">
     <span class='ocr_line' id='line_1_7' title="bbox 371 722 1885 802; baseline 0.004 -21"><span class='ocrx_word' id='word_1_29' title='bbox 371 734 445 781; x_wconf 86' lang='grc' dir='ltr'><strong>Δ’.</strong></span> <span class='ocrx_word' id='word_1_30' title='bbox 458 728 527 781; x_wconf 70' lang='grc' dir='ltr'><strong>Ἀ</strong></span> <span class='ocrx_word' id='word_1_31' title='bbox 540 728 597 782; x_wconf 79' lang='grc' dir='ltr'><strong>δὲ</strong></span> <span class='ocrx_word' id='word_1_32' title='bbox 617 722 687 799; x_wconf 77' lang='grc' dir='ltr'>ἦν</span> <span class='ocrx_word' id='word_1_33' title='bbox 711 729 942 800; x_wconf 83' lang='grc' dir='ltr'>μάλιστα</span> <span class='ocrx_word' id='word_1_34' title='bbox 956 730 1253 802; x_wconf 85' lang='grc' dir='ltr'>παραλύειν</span> <span class='ocrx_word' id='word_1_35' title='bbox 1285 732 1427 795; x_wconf 79' lang='grc' dir='ltr'>εἰκὸς</span> <span class='ocrx_word' id='word_1_36' title='bbox 1442 732 1535 786; x_wconf 90' lang='grc' dir='ltr'><strong>τὸν</strong></span> <span class='ocrx_word' id='word_1_37' title='bbox 1555 732 1662 787; x_wconf 83' lang='grc' dir='ltr'>τῶν</span> <span class='ocrx_word' id='word_1_38' title='bbox 1685 734 1885 787; x_wconf 84' lang='grc' dir='ltr'>ἁπλου-</span> 
     </span>
    </p>
   </div>
   <div class='ocr_carea' id='block_1_8' title="bbox 293 818 1883 897">
    <p class='ocr_par' dir='ltr' id='par_1_8' title="bbox 293 818 1883 897">
     <span class='ocr_line' id='line_1_8' title="bbox 293 818 1883 897; baseline 0.004 -23"><span class='ocrx_word' id='word_1_39' title='bbox 293 819 509 891; x_wconf 86' lang='grc' dir='ltr'>στέρων</span> <span class='ocrx_word' id='word_1_40' title='bbox 541 818 799 874; x_wconf 83' lang='grc' dir='ltr'>δύνασθαι</span> <span class='ocrx_word' id='word_1_41' title='bbox 825 819 972 888; x_wconf 93' lang='grc' dir='ltr'>νοῦν,</span> <span class='ocrx_word' id='word_1_42' title='bbox 1006 820 1177 874; x_wconf 90' lang='grc' dir='ltr'>ταῦτα</span> <span class='ocrx_word' id='word_1_43' title='bbox 1217 820 1301 892; x_wconf 83' lang='grc' dir='ltr'><strong>δὴ,</strong></span> <span class='ocrx_word' id='word_1_44' title='bbox 1330 824 1474 876; x_wconf 89' lang='grc' dir='ltr'>κατά</span> <span class='ocrx_word' id='word_1_45' title='bbox 1502 841 1567 892; x_wconf 89' lang='grc' dir='ltr'><strong>γε</strong></span> <span class='ocrx_word' id='word_1_46' title='bbox 1618 824 1680 877; x_wconf 88' lang='grc' dir='ltr'><strong>τὸ</strong></span> <span class='ocrx_word' id='word_1_47' title='bbox 1712 826 1883 897; x_wconf 81' lang='grc' dir='ltr'>ἐγχω-</span> 
     </span>
    </p>
   </div>
   <div class='ocr_carea' id='block_1_9' title="bbox 293 909 1878 988">
    <p class='ocr_par' dir='ltr' id='par_1_9' title="bbox 293 909 1878 988">
     <span class='ocr_line' id='line_1_9' title="bbox 293 909 1878 988; baseline 0.004 -23"><span class='ocrx_word' id='word_1_48' title='bbox 293 910 449 984; x_wconf 83' lang='grc' dir='ltr'>ροῦν,</span> <span class='ocrx_word' id='word_1_49' title='bbox 498 912 593 986; x_wconf 65' lang='grc' dir='ltr'><strong>και</strong></span> <span class='ocrx_word' id='word_1_50' title='bbox 643 909 720 975; x_wconf 83' lang='grc' dir='ltr'>ὡς</span> <span class='ocrx_word' id='word_1_51' title='bbox 772 911 853 965; x_wconf 73' lang='grc' dir='ltr'>ἔνι</span> <span class='ocrx_word' id='word_1_52' title='bbox 907 911 1107 977; x_wconf 83' lang='grc' dir='ltr'>καλῶς,</span> <span class='ocrx_word' id='word_1_53' title='bbox 1158 912 1475 983; x_wconf 87' lang='grc' dir='ltr'>διατρανοῦν</span> <span class='ocrx_word' id='word_1_54' title='bbox 1525 917 1878 988; x_wconf 84' lang='grc' dir='ltr'>πειράσομαι,</span> 
     </span>
    </p>
   </div>
   <div class='ocr_carea' id='block_1_10' title="bbox 290 1002 1881 1079">
    <p class='ocr_par' dir='ltr' id='par_1_10' title="bbox 290 1002 1881 1079">
     <span class='ocr_line' id='line_1_10' title="bbox 290 1002 1881 1079; baseline 0.004 -23"><span class='ocrx_word' id='word_1_55' title='bbox 290 1002 622 1075; x_wconf 75' lang='grc' dir='ltr'>παρατιθεὶς</span> <span class='ocrx_word' id='word_1_56' title='bbox 666 1003 883 1075; x_wconf 79' lang='grc' dir='ltr'>ἑκάστῳ</span> <span class='ocrx_word' id='word_1_57' title='bbox 931 1003 1080 1075; x_wconf 78' lang='grc' dir='ltr'>ῥητῷ</span> <span class='ocrx_word' id='word_1_58' title='bbox 1109 1004 1207 1077; x_wconf 81' lang='grc' dir='ltr'><strong>τὴν</strong></span> <span class='ocrx_word' id='word_1_59' title='bbox 1239 1006 1567 1079; x_wconf 84' lang='grc' dir='ltr'><strong>ἀποχρῶσαν</strong></span> <span class='ocrx_word' id='word_1_60' title='bbox 1612 1008 1766 1062; x_wconf 80' lang='grc' dir='ltr'>λύσιν</span> <span class='ocrx_word' id='word_1_61' title='bbox 1800 1011 1881 1075; x_wconf 81' lang='grc' dir='ltr'><strong>εἰς</strong></span> 
     </span>
    </p>
   </div>
   <div class='ocr_carea' id='block_1_11' title="bbox 289 1092 1881 1173">
    <p class='ocr_par' dir='ltr' id='par_1_11' title="bbox 289 1092 1881 1173">
     <span class='ocr_line' id='line_1_11' title="bbox 289 1092 1881 1173; baseline 0.006 -26"><span class='ocrx_word' id='word_1_62' title='bbox 289 1093 643 1165; x_wconf 85' lang='grc' dir='ltr'>διασάφησιν,</span> <span class='ocrx_word' id='word_1_63' title='bbox 674 1092 808 1151; x_wconf 84' lang='grc' dir='ltr'>Θεοῦ</span> <span class='ocrx_word' id='word_1_64' title='bbox 850 1094 1010 1147; x_wconf 87' lang='grc' dir='ltr'>πάλιν</span> <span class='ocrx_word' id='word_1_65' title='bbox 1053 1096 1185 1166; x_wconf 84' lang='grc' dir='ltr'>ἡμῖν</span> <span class='ocrx_word' id='word_1_66' title='bbox 1212 1096 1633 1163; x_wconf 81' lang='grc' dir='ltr'><strong>κατευθύνοντος</strong></span> <span class='ocrx_word' id='word_1_67' title='bbox 1661 1100 1755 1154; x_wconf 75' lang='grc' dir='ltr'><strong>καὶ</strong></span> <span class='ocrx_word' id='word_1_68' title='bbox 1783 1100 1881 1173; x_wconf 83' lang='grc' dir='ltr'><strong>τὴν</strong></span> 
     </span>
    </p>
   </div>
   <div class='ocr_carea' id='block_1_12' title="bbox 291 1182 1882 1260">
    <p class='ocr_par' dir='ltr' id='par_1_12' title="bbox 291 1182 1882 1260">
     <span class='ocr_line' id='line_1_12' title="bbox 291 1182 1882 1260; baseline 0.006 -24"><span class='ocrx_word' id='word_1_69' title='bbox 291 1184 380 1248; x_wconf 84' lang='grc' dir='ltr'>εἰς</span> <span class='ocrx_word' id='word_1_70' title='bbox 412 1182 571 1236; x_wconf 89' lang='grc' dir='ltr'>τοῦτο</span> <span class='ocrx_word' id='word_1_71' title='bbox 610 1183 813 1255; x_wconf 72' lang='grc' dir='ltr'>τρίϐον.</span> <span class='ocrx_word' id='word_1_72' title='bbox 854 1201 873 1236; x_wconf 85' lang='lat' dir='ltr'><strong>t</strong></span> <span class='ocrx_word' id='word_1_73' title='bbox 908 1184 1103 1238; x_wconf 79' lang='grc' dir='ltr'>Δίδωσι</span> <span class='ocrx_word' id='word_1_74' title='bbox 1130 1186 1239 1257; x_wconf 91' lang='lat'><strong>7&amp;9</strong></span> <span class='ocrx_word' id='word_1_75' title='bbox 1274 1188 1426 1260; x_wconf 79' lang='grc' dir='ltr'>ῥῆμα</span> <span class='ocrx_word' id='word_1_76' title='bbox 1458 1192 1569 1254; x_wconf 82' lang='grc' dir='ltr'>τοῖς</span> <span class='ocrx_word' id='word_1_77' title='bbox 1599 1191 1882 1260; x_wconf 82' lang='grc' dir='ltr'>εὐαγγελι-</span> 
     </span>
    </p>
   </div>
   <div class='ocr_carea' id='block_1_13' title="bbox 292 1275 1880 1353">
    <p class='ocr_par' dir='ltr' id='par_1_13' title="bbox 292 1275 1880 1353">
     <span class='ocr_line' id='line_1_13' title="bbox 292 1275 1880 1353; baseline 0.006 -25"><span class='ocrx_word' id='word_1_78' title='bbox 292 1275 547 1345; x_wconf 80' lang='grc' dir='ltr'>ζομένοις</span> <span class='ocrx_word' id='word_1_79' title='bbox 577 1275 803 1353; x_wconf 84' lang='grc' dir='ltr'>δυνάμει</span> <span class='ocrx_word' id='word_1_80' title='bbox 842 1276 1033 1350; x_wconf 81' lang='grc' dir='ltr'>πολλῇ,</span> <span class='ocrx_word' id='word_1_81' title='bbox 1069 1296 1087 1327; x_wconf 75' lang='grc' dir='ltr'><strong>ι</strong></span> <span class='ocrx_word' id='word_1_82' title='bbox 1122 1278 1265 1335; x_wconf 84' lang='grc' dir='ltr'>καθά</span> <span class='ocrx_word' id='word_1_83' title='bbox 1302 1296 1468 1353; x_wconf 86' lang='grc' dir='ltr'>φησιν</span> <span class='ocrx_word' id='word_1_84' title='bbox 1519 1284 1547 1335; x_wconf 99' lang='lat'><strong>6</strong></span> <span class='ocrx_word' id='word_1_85' title='bbox 1591 1282 1880 1349; x_wconf 75' lang='grc' dir='ltr'>Θεσπέσιος</span> 
     </span>
    </p>
   </div>
   <div class='ocr_carea' id='block_1_14' title="bbox 292 1350 1879 1446">
    <p class='ocr_par' dir='ltr' id='par_1_14' title="bbox 292 1350 1879 1446">
     <span class='ocr_line' id='line_1_14' title="bbox 292 1350 1879 1446; baseline -0.004 -25"><span class='ocrx_word' id='word_1_86' title='bbox 292 1367 572 1438; x_wconf 81' lang='grc' dir='ltr'>Μελῳδός.</span> <span class='ocrx_word' id='word_1_87' title='bbox 621 1367 708 1421; x_wconf 88' lang='grc' dir='ltr'>Ἐν</span> <span class='ocrx_word' id='word_1_88' title='bbox 737 1350 836 1439; x_wconf 62' lang='grc' dir='ltr'><strong>μέν</strong></span> <span class='ocrx_word' id='word_1_89' title='bbox 875 1362 968 1422; x_wconf 80' lang='grc' dir='ltr'>οὖν</span> <span class='ocrx_word' id='word_1_90' title='bbox 1001 1368 1078 1441; x_wconf 79' lang='grc' dir='ltr'>τῷ</span> <span class='ocrx_word' id='word_1_91' title='bbox 1123 1370 1269 1441; x_wconf 83' lang='grc' dir='ltr'>λόγῳ</span> <span class='ocrx_word' id='word_1_92' title='bbox 1299 1350 1379 1443; x_wconf 69' lang='grc' dir='ltr'>τῷ</span> <span class='ocrx_word' id='word_1_93' title='bbox 1422 1372 1558 1446; x_wconf 81' lang='grc' dir='ltr'>πρὸς</span> <span class='ocrx_word' id='word_1_94' title='bbox 1602 1374 1757 1444; x_wconf 82' lang='grc' dir='ltr'>ἡμῶν</span> <span class='ocrx_word' id='word_1_95' title='bbox 1787 1392 1879 1444; x_wconf 81' lang='grc' dir='ltr'>γε-</span> 
     </span>
    </p>
   </div>
   <div class='ocr_carea' id='block_1_15' title="bbox 291 1458 1879 1537">
    <p class='ocr_par' dir='ltr' id='par_1_15' title="bbox 291 1458 1879 1537">
     <span class='ocr_line' id='line_1_15' title="bbox 291 1458 1879 1537; baseline 0.006 -25"><span class='ocrx_word' id='word_1_96' title='bbox 291 1459 477 1527; x_wconf 87' lang='grc' dir='ltr'>γονότι</span> <span class='ocrx_word' id='word_1_97' title='bbox 510 1461 643 1530; x_wconf 85' lang='grc' dir='ltr'>πρὸς</span> <span class='ocrx_word' id='word_1_98' title='bbox 673 1458 773 1522; x_wconf 79' lang='grc' dir='ltr'><strong>τάς</strong></span> <span class='ocrx_word' id='word_1_99' title='bbox 801 1459 963 1529; x_wconf 81' lang='grc' dir='ltr'>ἁγίας</span> <span class='ocrx_word' id='word_1_100' title='bbox 997 1460 1325 1531; x_wconf 80' lang='grc' dir='ltr'>παρθένους,</span> <span class='ocrx_word' id='word_1_101' title='bbox 1356 1463 1465 1517; x_wconf 79' lang='grc' dir='ltr'>τῶν</span> <span class='ocrx_word' id='word_1_102' title='bbox 1519 1464 1879 1537; x_wconf 79' lang='grc' dir='ltr'>ἑτοιμοτέρων</span> 
     </span>
    </p>
   </div>
   <div class='ocr_carea' id='block_1_16' title="bbox 296 1550 1873 1627">
    <p class='ocr_par' dir='ltr' id='par_1_16' title="bbox 296 1550 1873 1627">
     <span class='ocr_line' id='line_1_16' title="bbox 296 1550 1873 1627; baseline 0.004 -25"><span class='ocrx_word' id='word_1_103' title='bbox 296 1550 501 1622; x_wconf 76' lang='grc' dir='ltr'>ῥητῶν,</span> <span class='ocrx_word' id='word_1_104' title='bbox 526 1550 620 1603; x_wconf 74' lang='grc' dir='ltr'><strong>καὶ</strong></span> <span class='ocrx_word' id='word_1_105' title='bbox 647 1551 799 1605; x_wconf 87' lang='grc' dir='ltr'>οὐδὲν</span> <span class='ocrx_word' id='word_1_106' title='bbox 822 1551 1055 1623; x_wconf 83' lang='grc' dir='ltr'>ἐχόντων</span> <span class='ocrx_word' id='word_1_107' title='bbox 1077 1553 1137 1607; x_wconf 86' lang='grc' dir='ltr'><strong>τὸ</strong></span> <span class='ocrx_word' id='word_1_108' title='bbox 1156 1553 1418 1627; x_wconf 84' lang='grc' dir='ltr'>δυσχερὲς</span> <span class='ocrx_word' id='word_1_109' title='bbox 1444 1556 1523 1618; x_wconf 79' lang='grc' dir='ltr'><strong>εἰς</strong></span> <span class='ocrx_word' id='word_1_110' title='bbox 1548 1556 1873 1626; x_wconf 66' lang='grc' dir='ltr'>κατάληψιν,</span> 
     </span>
    </p>
   </div>
   <div class='ocr_carea' id='block_1_17' title="bbox 293 1643 1875 1717">
    <p class='ocr_par' dir='ltr' id='par_1_17' title="bbox 293 1643 1875 1717">
     <span class='ocr_line' id='line_1_17' title="bbox 293 1643 1875 1717; baseline 0.003 -20"><span class='ocrx_word' id='word_1_111' title='bbox 293 1643 559 1715; x_wconf 75' lang='grc' dir='ltr'>πλείστην</span> <span class='ocrx_word' id='word_1_112' title='bbox 600 1645 732 1714; x_wconf 82' lang='grc' dir='ltr'>ὅσην</span> <span class='ocrx_word' id='word_1_113' title='bbox 768 1644 1116 1717; x_wconf 81' lang='grc' dir='ltr'>πεποιήμεθα</span> <span class='ocrx_word' id='word_1_114' title='bbox 1145 1647 1241 1717; x_wconf 84' lang='grc' dir='ltr'>τὴν</span> <span class='ocrx_word' id='word_1_115' title='bbox 1276 1645 1576 1717; x_wconf 84' lang='grc' dir='ltr'>παράθεσιν</span> <span class='ocrx_word' id='word_1_116' title='bbox 1595 1663 1610 1678; x_wconf 92' lang='grc'><strong>·</strong></span> <span class='ocrx_word' id='word_1_117' title='bbox 1644 1648 1703 1701; x_wconf 75' lang='grc' dir='ltr'>ἐν</span> <span class='ocrx_word' id='word_1_118' title='bbox 1728 1647 1788 1701; x_wconf 86' lang='grc' dir='ltr'><strong>δέ</strong></span> <span class='ocrx_word' id='word_1_119' title='bbox 1811 1665 1875 1717; x_wconf 87' lang='grc' dir='ltr'><strong>γε</strong></span> 
     </span>
    </p>
   </div>
   <div class='ocr_carea' id='block_1_18' title="bbox 1991 448 3569 524">
    <p class='ocr_par' dir='ltr' id='par_1_18' title="bbox 1991 448 3569 524">
     <span class='ocr_line' id='line_1_18' title="bbox 1991 448 3569 524; baseline 0.008 -23"><span class='ocrx_word' id='word_1_120' title='bbox 1991 448 2210 505; x_wconf 73' lang='lat' dir='ltr'><strong>Litterae</strong></span> <span class='ocrx_word' id='word_1_121' title='bbox 2231 450 2297 503; x_wconf 85' lang='lat' dir='ltr'><strong>de</strong></span> <span class='ocrx_word' id='word_1_122' title='bbox 2333 451 2426 506; x_wconf 89' lang='lat' dir='ltr'><strong>illo</strong></span> <span class='ocrx_word' id='word_1_123' title='bbox 2448 452 2702 521; x_wconf 77' lang='lat' dir='ltr'><strong>prodant.</strong></span> <span class='ocrx_word' id='word_1_124' title='bbox 2729 452 2948 523; x_wconf 87' lang='lat' dir='ltr'><strong>Spectet</strong></span> <span class='ocrx_word' id='word_1_125' title='bbox 2980 465 3161 509; x_wconf 85' lang='lat' dir='ltr'><strong>autem</strong></span> <span class='ocrx_word' id='word_1_126' title='bbox 3192 458 3372 524; x_wconf 75' lang='lat' dir='ltr'><strong>potius</strong></span> <span class='ocrx_word' id='word_1_127' title='bbox 3401 460 3569 513; x_wconf 83' lang='lat' dir='ltr'><strong>coele-</strong></span> 
     </span>
    </p>
   </div>
   <div class='ocr_carea' id='block_1_19' title="bbox 1989 540 3561 619">
    <p class='ocr_par' dir='ltr' id='par_1_19' title="bbox 1989 540 3561 619">
     <span class='ocr_line' id='line_1_19' title="bbox 1989 540 3561 619; baseline 0.006 -24"><span class='ocrx_word' id='word_1_128' title='bbox 1989 550 2123 595; x_wconf 82' lang='lat' dir='ltr'><strong>stem</strong></span> <span class='ocrx_word' id='word_1_129' title='bbox 2162 540 2304 596; x_wconf 88' lang='lat' dir='ltr'><strong>illius</strong></span> <span class='ocrx_word' id='word_1_130' title='bbox 2333 542 2558 611; x_wconf 79' lang='lat' dir='ltr'><strong>gloriam</strong></span> <span class='ocrx_word' id='word_1_131' title='bbox 2585 552 2640 598; x_wconf 91' lang='lat' dir='ltr'><strong>et</strong></span> <span class='ocrx_word' id='word_1_132' title='bbox 2679 544 3017 613; x_wconf 87' lang='lat' dir='ltr'><strong>majestatem</strong></span> <span class='ocrx_word' id='word_1_133' title='bbox 3059 562 3125 601; x_wconf 79' lang='lat' dir='ltr'><strong>ex</strong></span> <span class='ocrx_word' id='word_1_134' title='bbox 3156 547 3338 602; x_wconf 88' lang='lat' dir='ltr'><strong>divina</strong></span> <span class='ocrx_word' id='word_1_135' title='bbox 3368 564 3561 619; x_wconf 65' lang='lat' dir='ltr'><strong>supre«</strong></span> 
     </span>
    </p>
   </div>
   <div class='ocr_carea' id='block_1_20' title="bbox 1989 634 3135 701">
    <p class='ocr_par' dir='ltr' id='par_1_20' title="bbox 1989 634 3135 701">
     <span class='ocr_line' id='line_1_20' title="bbox 1989 634 3135 701; baseline 0.004 -14"><span class='ocrx_word' id='word_1_136' title='bbox 1989 647 2184 699; x_wconf 88' lang='lat' dir='ltr'><strong>maque</strong></span> <span class='ocrx_word' id='word_1_137' title='bbox 2207 634 2447 701; x_wconf 82' lang='lat' dir='ltr'><strong>ejusdem</strong></span> <span class='ocrx_word' id='word_1_138' title='bbox 2477 636 2678 692; x_wconf 86' lang='lat' dir='ltr'><strong>virtute</strong></span> <span class='ocrx_word' id='word_1_139' title='bbox 2711 646 2766 691; x_wconf 90' lang='lat' dir='ltr'><strong>et</strong></span> <span class='ocrx_word' id='word_1_140' title='bbox 2794 637 3135 693; x_wconf 76' lang='lat' dir='ltr'><strong>excellentia.</strong></span> 
     </span>
    </p>
   </div>
   <div class='ocr_carea' id='block_1_21' title="bbox 2060 723 3569 809">
    <p class='ocr_par' dir='ltr' id='par_1_21' title="bbox 2060 723 3569 809">
     <span class='ocr_line' id='line_1_21' title="bbox 2060 723 3569 809; baseline 0.007 -33"><span class='ocrx_word' id='word_1_141' title='bbox 2060 723 2148 779; x_wconf 84' lang='lat' dir='ltr'><strong>iV.</strong></span> <span class='ocrx_word' id='word_1_142' title='bbox 2191 724 2357 796; x_wconf 87' lang='lat' dir='ltr'><strong>Igitur</strong></span> <span class='ocrx_word' id='word_1_143' title='bbox 2388 741 2509 796; x_wconf 63' lang='lat' dir='ltr'><strong>quae</strong></span> <span class='ocrx_word' id='word_1_144' title='bbox 2544 727 2941 795; x_wconf 87' lang='lat' dir='ltr'><strong>simpliciorum</strong></span> <span class='ocrx_word' id='word_1_145' title='bbox 2977 729 3187 784; x_wconf 89' lang='lat' dir='ltr'><strong>animos</strong></span> <span class='ocrx_word' id='word_1_146' title='bbox 3202 746 3328 809; x_wconf 68' lang='lat' dir='ltr'><strong>pra:</strong></span> <span class='ocrx_word' id='word_1_147' title='bbox 3355 733 3569 787; x_wconf 71' lang='lat' dir='ltr'><strong>cmteris</strong></span> 
     </span>
    </p>
   </div>
   <div class='ocr_carea' id='block_1_22' title="bbox 1964 816 3568 890">
    <p class='ocr_par' dir='ltr' id='par_1_22' title="bbox 1964 816 3568 890">
     <span class='ocr_line' id='line_1_22' title="bbox 1964 816 3568 890; baseline 0.006 -21"><span class='ocrx_word' id='word_1_148' title='bbox 1964 816 2208 870; x_wconf 84' lang='lat' dir='ltr'><strong>&#39;turbare</strong></span> <span class='ocrx_word' id='word_1_149' title='bbox 2249 831 2409 886; x_wconf 82' lang='lat' dir='ltr'><strong>posse</strong></span> <span class='ocrx_word' id='word_1_150' title='bbox 2450 818 2724 885; x_wconf 88' lang='lat' dir='ltr'><strong>videntur,</strong></span> <span class='ocrx_word' id='word_1_151' title='bbox 2769 821 3156 889; x_wconf 75' lang='lat' dir='ltr'><strong>perspicuitate</strong></span> <span class='ocrx_word' id='word_1_152' title='bbox 3203 833 3403 890; x_wconf 85' lang='lat' dir='ltr'><strong>quanta</strong></span> <span class='ocrx_word' id='word_1_153' title='bbox 3455 824 3568 878; x_wconf 73' lang='lat' dir='ltr'><strong>fieri</strong></span> 
     </span>
    </p>
   </div>
   <div class='ocr_carea' id='block_1_23' title="bbox 1985 907 3567 982">
    <p class='ocr_par' dir='ltr' id='par_1_23' title="bbox 1985 907 3567 982">
     <span class='ocr_line' id='line_1_23' title="bbox 1985 907 3567 982; baseline 0.004 -20"><span class='ocrx_word' id='word_1_154' title='bbox 1985 907 2184 977; x_wconf 88' lang='lat' dir='ltr'><strong>poterit</strong></span> <span class='ocrx_word' id='word_1_155' title='bbox 2212 910 2444 963; x_wconf 77' lang='lat' dir='ltr'><strong>maxima</strong></span> <span class='ocrx_word' id='word_1_156' title='bbox 2476 926 2626 978; x_wconf 90' lang='lat' dir='ltr'><strong>usus,</strong></span> <span class='ocrx_word' id='word_1_157' title='bbox 2662 926 2726 965; x_wconf 83' lang='lat' dir='ltr'><strong>ea</strong></span> <span class='ocrx_word' id='word_1_158' title='bbox 2757 927 2854 981; x_wconf 90' lang='lat' dir='ltr'><strong>pro</strong></span> <span class='ocrx_word' id='word_1_159' title='bbox 2885 912 3091 967; x_wconf 86' lang='lat' dir='ltr'><strong>viribus</strong></span> <span class='ocrx_word' id='word_1_160' title='bbox 3131 915 3431 982; x_wconf 72' lang='lat' dir='ltr'><strong>eXplanare</strong></span> <span class='ocrx_word' id='word_1_161' title='bbox 3475 933 3567 971; x_wconf 87' lang='lat' dir='ltr'><strong>co-</strong></span> 
     </span>
    </p>
   </div>
   <div class='ocr_carea' id='block_1_24' title="bbox 1986 998 3561 1066">
    <p class='ocr_par' dir='ltr' id='par_1_24' title="bbox 1986 998 3561 1066">
     <span class='ocr_line' id='line_1_24' title="bbox 1986 998 3561 1066; baseline 0.004 -15"><span class='ocrx_word' id='word_1_162' title='bbox 1986 998 2180 1062; x_wconf 88' lang='lat' dir='ltr'><strong>nabor,</strong></span> <span class='ocrx_word' id='word_1_163' title='bbox 2213 998 2437 1066; x_wconf 86' lang='lat' dir='ltr'><strong>majoris</strong></span> <span class='ocrx_word' id='word_1_164' title='bbox 2461 998 2597 1055; x_wconf 88' lang='lat' dir='ltr'><strong>lucis</strong></span> <span class='ocrx_word' id='word_1_165' title='bbox 2634 1016 2797 1056; x_wconf 80' lang='lat' dir='ltr'><strong>causa</strong></span> <span class='ocrx_word' id='word_1_166' title='bbox 2827 1002 3020 1056; x_wconf 88' lang='lat' dir='ltr'><strong>idonea</strong></span> <span class='ocrx_word' id='word_1_167' title='bbox 3048 1002 3319 1058; x_wconf 84' lang='lat' dir='ltr'><strong>solutione</strong></span> <span class='ocrx_word' id='word_1_168' title='bbox 3354 1008 3561 1060; x_wconf 61' lang='lat' dir='ltr'><strong>unicnic</strong></span> 
     </span>
    </p>
   </div>
   <div class='ocr_carea' id='block_1_25' title="bbox 1985 1090 3568 1162">
    <p class='ocr_par' dir='ltr' id='par_1_25' title="bbox 1985 1090 3568 1162">
     <span class='ocr_line' id='line_1_25' title="bbox 1985 1090 3568 1162; baseline 0.006 -21"><span class='ocrx_word' id='word_1_169' title='bbox 1985 1103 2089 1158; x_wconf 88' lang='lat' dir='ltr'><strong>que</strong></span> <span class='ocrx_word' id='word_1_170' title='bbox 2134 1090 2415 1145; x_wconf 62' lang='lat' dir='ltr'><strong>sententiae</strong></span> <span class='ocrx_word' id='word_1_171' title='bbox 2444 1093 2721 1162; x_wconf 86' lang='lat' dir='ltr'><strong>apposita;</strong></span> <span class='ocrx_word' id='word_1_172' title='bbox 2758 1093 2867 1146; x_wconf 89' lang='lat' dir='ltr'><strong>Deo</strong></span> <span class='ocrx_word' id='word_1_173' title='bbox 2916 1108 3104 1148; x_wconf 84' lang='lat' dir='ltr'><strong>rursus</strong></span> <span class='ocrx_word' id='word_1_174' title='bbox 3133 1095 3271 1148; x_wconf 85' lang='lat' dir='ltr'><strong>viam</strong></span> <span class='ocrx_word' id='word_1_175' title='bbox 3328 1108 3568 1151; x_wconf 84' lang='lat' dir='ltr'><strong>nostram</strong></span> 
     </span>
    </p>
   </div>
   <div class='ocr_carea' id='block_1_26' title="bbox 1986 1182 3570 1244">
    <p class='ocr_par' dir='ltr' id='par_1_26' title="bbox 1986 1182 3570 1244">
     <span class='ocr_line' id='line_1_26' title="bbox 1986 1182 3570 1244; baseline 0.005 -9"><span class='ocrx_word' id='word_1_176' title='bbox 1986 1183 2039 1235; x_wconf 91' lang='lat' dir='ltr'><strong>in</strong></span> <span class='ocrx_word' id='word_1_177' title='bbox 2071 1183 2175 1237; x_wconf 85' lang='lat' dir='ltr'><strong>hoc</strong></span> <span class='ocrx_word' id='word_1_178' title='bbox 2208 1182 2369 1239; x_wconf 88' lang='lat' dir='ltr'><strong>etiam</strong></span> <span class='ocrx_word' id='word_1_179' title='bbox 2402 1185 2680 1239; x_wconf 89' lang='lat' dir='ltr'><strong>curriculo</strong></span> <span class='ocrx_word' id='word_1_180' title='bbox 2721 1186 3060 1241; x_wconf 77' lang='lat' dir='ltr'><strong>moderante.</strong></span> <span class='ocrx_word' id='word_1_181' title='bbox 3104 1205 3123 1239; x_wconf 83' lang='grc' dir='ltr'><strong>ι</strong></span> <span class='ocrx_word' id='word_1_182' title='bbox 3154 1187 3255 1242; x_wconf 87' lang='lat' dir='ltr'><strong>Dat</strong></span> <span class='ocrx_word' id='word_1_183' title='bbox 3293 1189 3437 1243; x_wconf 91' lang='lat' dir='ltr'><strong>enim</strong></span> <span class='ocrx_word' id='word_1_184' title='bbox 3481 1189 3570 1244; x_wconf 89' lang='lat' dir='ltr'><strong>ille</strong></span> 
     </span>
    </p>
   </div>
   <div class='ocr_carea' id='block_1_27' title="bbox 1984 1275 3560 1347">
    <p class='ocr_par' dir='ltr' id='par_1_27' title="bbox 1984 1275 3560 1347">
     <span class='ocr_line' id='line_1_27' title="bbox 1984 1275 3560 1347; baseline 0.005 -23"><span class='ocrx_word' id='word_1_185' title='bbox 1984 1276 2204 1328; x_wconf 83' lang='lat' dir='ltr'><strong>verbum</strong></span> <span class='ocrx_word' id='word_1_186' title='bbox 2255 1275 2757 1347; x_wconf 83' lang='lat' dir='ltr'><strong>evangelizautihns</strong></span> <span class='ocrx_word' id='word_1_187' title='bbox 2815 1276 2969 1347; x_wconf 80' lang='lat'><strong>131</strong></span> <span class='ocrx_word' id='word_1_188' title='bbox 3030 1279 3228 1334; x_wconf 82' lang='lat' dir='ltr'><strong>virtute</strong></span> <span class='ocrx_word' id='word_1_189' title='bbox 3276 1280 3485 1345; x_wconf 89' lang='lat' dir='ltr'><strong>multa,</strong></span> <span class='ocrx_word' id='word_1_190' title='bbox 3542 1297 3560 1332; x_wconf 76' lang='grc' dir='ltr'><strong>ι</strong></span> 
     </span>
    </p>
   </div>
   <div class='ocr_carea' id='block_1_28' title="bbox 1982 1365 3568 1436">
    <p class='ocr_par' dir='ltr' id='par_1_28' title="bbox 1982 1365 3568 1436">
     <span class='ocr_line' id='line_1_28' title="bbox 1982 1365 3568 1436; baseline 0.006 -20"><span class='ocrx_word' id='word_1_191' title='bbox 1982 1366 2437 1436; x_wconf 80' lang='lat' dir='ltr'><strong>quemadmodum</strong></span> <span class='ocrx_word' id='word_1_192' title='bbox 2485 1366 2709 1422; x_wconf 87' lang='lat' dir='ltr'><strong>divinus</strong></span> <span class='ocrx_word' id='word_1_193' title='bbox 2738 1365 2950 1423; x_wconf 75' lang='lat' dir='ltr'><strong>Psaltes</strong></span> <span class='ocrx_word' id='word_1_194' title='bbox 2998 1372 3145 1424; x_wconf 86' lang='lat' dir='ltr'><strong>canit</strong></span> <span class='ocrx_word' id='word_1_195' title='bbox 3170 1371 3236 1425; x_wconf 84' lang='lat'><strong>&quot;.</strong></span> <span class='ocrx_word' id='word_1_196' title='bbox 3269 1370 3443 1427; x_wconf 89' lang='lat' dir='ltr'><strong>Porro</strong></span> <span class='ocrx_word' id='word_1_197' title='bbox 3472 1387 3568 1425; x_wconf 83' lang='lat' dir='ltr'><strong>au—</strong></span> 
     </span>
    </p>
   </div>
   <div class='ocr_carea' id='block_1_29' title="bbox 1984 1457 3567 1535">
    <p class='ocr_par' dir='ltr' id='par_1_29' title="bbox 1984 1457 3567 1535">
     <span class='ocr_line' id='line_1_29' title="bbox 1984 1457 3567 1535; baseline 0.005 -25"><span class='ocrx_word' id='word_1_198' title='bbox 1984 1466 2091 1512; x_wconf 90' lang='lat' dir='ltr'><strong>tem</strong></span> <span class='ocrx_word' id='word_1_199' title='bbox 2134 1457 2190 1511; x_wconf 93' lang='lat' dir='ltr'><strong>in</strong></span> <span class='ocrx_word' id='word_1_200' title='bbox 2231 1471 2297 1513; x_wconf 88' lang='lat' dir='ltr'><strong>eo</strong></span> <span class='ocrx_word' id='word_1_201' title='bbox 2326 1460 2739 1525; x_wconf 90' lang='lat' dir='ltr'><strong>commentario,</strong></span> <span class='ocrx_word' id='word_1_202' title='bbox 2779 1475 2939 1530; x_wconf 89' lang='lat' dir='ltr'><strong>quem</strong></span> <span class='ocrx_word' id='word_1_203' title='bbox 2987 1463 3052 1515; x_wconf 91' lang='lat' dir='ltr'><strong>ad</strong></span> <span class='ocrx_word' id='word_1_204' title='bbox 3100 1477 3286 1517; x_wconf 84' lang='lat' dir='ltr'><strong>sacras</strong></span> <span class='ocrx_word' id='word_1_205' title='bbox 3326 1465 3567 1535; x_wconf 76' lang='lat' dir='ltr'><strong>virgines</strong></span> 
     </span>
    </p>
   </div>
   <div class='ocr_carea' id='block_1_30' title="bbox 1984 1547 3565 1626">
    <p class='ocr_par' dir='ltr' id='par_1_30' title="bbox 1984 1547 3565 1626">
     <span class='ocr_line' id='line_1_30' title="bbox 1984 1547 3565 1626; baseline 0.007 -27"><span class='ocrx_word' id='word_1_206' title='bbox 1984 1547 2353 1612; x_wconf 78' lang='lat' dir='ltr'><strong>exaravimus,</strong></span> <span class='ocrx_word' id='word_1_207' title='bbox 2396 1549 2485 1602; x_wconf 88' lang='lat' dir='ltr'><strong>illa</strong></span> <span class='ocrx_word' id='word_1_208' title='bbox 2526 1550 2743 1605; x_wconf 86' lang='lat' dir='ltr'><strong>abunde</strong></span> <span class='ocrx_word' id='word_1_209' title='bbox 2770 1551 3189 1618; x_wconf 83' lang='lat' dir='ltr'><strong>edisseruimus,</strong></span> <span class='ocrx_word' id='word_1_210' title='bbox 3234 1571 3355 1623; x_wconf 73' lang='lat' dir='ltr'><strong>qua:</strong></span> <span class='ocrx_word' id='word_1_211' title='bbox 3391 1556 3565 1626; x_wconf 89' lang='lat' dir='ltr'><strong>magis</strong></span> 
     </span>
    </p>
   </div>
   <div class='ocr_carea' id='block_1_31' title="bbox 1980 1637 3559 1708">
    <p class='ocr_par' dir='ltr' id='par_1_31' title="bbox 1980 1637 3559 1708">
     <span class='ocr_line' id='line_1_31' title="bbox 1980 1637 3559 1708; baseline 0.005 -17"><span class='ocrx_word' id='word_1_212' title='bbox 1980 1637 2157 1702; x_wconf 87' lang='lat' dir='ltr'><strong>obvia,</strong></span> <span class='ocrx_word' id='word_1_213' title='bbox 2210 1637 2596 1708; x_wconf 82' lang='lat' dir='ltr'><strong>intellectuque</strong></span> <span class='ocrx_word' id='word_1_214' title='bbox 2645 1639 2892 1695; x_wconf 80' lang='lat' dir='ltr'><strong>faciliora</strong></span> <span class='ocrx_word' id='word_1_215' title='bbox 2941 1642 3310 1698; x_wconf 87' lang='lat' dir='ltr'><strong>videbantur:</strong></span> <span class='ocrx_word' id='word_1_216' title='bbox 3344 1644 3400 1698; x_wconf 86' lang='lat' dir='ltr'><strong>in</strong></span> <span class='ocrx_word' id='word_1_217' title='bbox 3455 1645 3559 1700; x_wconf 92' lang='lat' dir='ltr'><strong>hoc</strong></span> 
     </span>
    </p>
   </div>
   <div class='ocr_carea' id='block_1_32' title="bbox 292 1728 1867 1811">
    <p class='ocr_par' dir='ltr' id='par_1_32' title="bbox 292 1734 1867 1811">
     <span class='ocr_line' id='line_1_32' title="bbox 292 1734 1867 1811; baseline 0.003 -23"><span class='ocrx_word' id='word_1_218' title='bbox 292 1736 377 1807; x_wconf 77' lang='grc' dir='ltr'><strong>τῷ</strong></span> <span class='ocrx_word' id='word_1_219' title='bbox 405 1734 772 1806; x_wconf 79' lang='grc' dir='ltr'>προκειμένῳ,</span> <span class='ocrx_word' id='word_1_220' title='bbox 801 1736 909 1789; x_wconf 84' lang='grc' dir='ltr'><strong>τῶν</strong></span> <span class='ocrx_word' id='word_1_221' title='bbox 940 1737 1331 1808; x_wconf 85' lang='grc' dir='ltr'>ἁσαφεστέρων</span> <span class='ocrx_word' id='word_1_222' title='bbox 1367 1737 1714 1811; x_wconf 83' lang='grc' dir='ltr'>πεποιήμεθα</span> <span class='ocrx_word' id='word_1_223' title='bbox 1741 1741 1867 1811; x_wconf 78' lang='grc' dir='ltr'>μνή·</span> 
     </span>
    </p>
   </div>
   <div class='ocr_carea' id='block_1_33' title="bbox 1975 1728 3562 1811">
    <p class='ocr_par' dir='ltr' id='par_1_33' title="bbox 1978 1728 3562 1803">
     <span class='ocr_line' id='line_1_33' title="bbox 1978 1728 3562 1803; baseline 0.006 -22"><span class='ocrx_word' id='word_1_224' title='bbox 1978 1728 2237 1798; x_wconf 55' lang='lat' dir='ltr'><strong>presenti</strong></span> <span class='ocrx_word' id='word_1_225' title='bbox 2264 1741 2395 1783; x_wconf 90' lang='lat' dir='ltr'><strong>vero</strong></span> <span class='ocrx_word' id='word_1_226' title='bbox 2428 1728 2482 1783; x_wconf 91' lang='lat' dir='ltr'><strong>in</strong></span> <span class='ocrx_word' id='word_1_227' title='bbox 2524 1728 2901 1785; x_wconf 87' lang='lat' dir='ltr'><strong>obscuriorum</strong></span> <span class='ocrx_word' id='word_1_228' title='bbox 2927 1732 3286 1803; x_wconf 73' lang='lat' dir='ltr'><strong>explicatione</strong></span> <span class='ocrx_word' id='word_1_229' title='bbox 3314 1737 3562 1790; x_wconf 86' lang='lat' dir='ltr'><strong>versabi-</strong></span> 
     </span>
    </p>
   </div>
   <div class='ocr_carea' id='block_1_34' title="bbox 296 1827 1877 1904">
    <p class='ocr_par' dir='ltr' id='par_1_34' title="bbox 296 1827 1877 1904">
     <span class='ocr_line' id='line_1_34' title="bbox 296 1827 1877 1904; baseline 0.004 -24"><span class='ocrx_word' id='word_1_230' title='bbox 296 1842 445 1898; x_wconf 83' lang='grc' dir='ltr'>μην·</span> <span class='ocrx_word' id='word_1_231' title='bbox 487 1827 593 1881; x_wconf 79' lang='grc' dir='ltr'>ἔδει</span> <span class='ocrx_word' id='word_1_232' title='bbox 623 1827 751 1900; x_wconf 87' lang='lat'><strong>7&amp;9,</strong></span> <span class='ocrx_word' id='word_1_233' title='bbox 806 1828 912 1882; x_wconf 75' lang='grc' dir='ltr'>ἔδει</span> <span class='ocrx_word' id='word_1_234' title='bbox 957 1828 1017 1883; x_wconf 91' lang='grc' dir='ltr'><strong>τὸ</strong></span> <span class='ocrx_word' id='word_1_235' title='bbox 1064 1830 1310 1901; x_wconf 82' lang='grc' dir='ltr'>θεοφιλὲς</span> <span class='ocrx_word' id='word_1_236' title='bbox 1356 1832 1511 1903; x_wconf 84' lang='grc' dir='ltr'>ὑμῶν</span> <span class='ocrx_word' id='word_1_237' title='bbox 1547 1831 1749 1904; x_wconf 83' lang='grc' dir='ltr'>κράτος</span> <span class='ocrx_word' id='word_1_238' title='bbox 1781 1835 1877 1888; x_wconf 73' lang='grc' dir='ltr'>καὶ</span> 
     </span>
    </p>
   </div>
   <div class='ocr_carea' id='block_1_35' title="bbox 292 1917 1876 1995">
    <p class='ocr_par' dir='ltr' id='par_1_35' title="bbox 292 1917 1876 1995">
     <span class='ocr_line' id='line_1_35' title="bbox 292 1917 1876 1995; baseline 0.006 -24"><span class='ocrx_word' id='word_1_239' title='bbox 292 1917 469 1974; x_wconf 80' lang='grc' dir='ltr'>ταῦτα</span> <span class='ocrx_word' id='word_1_240' title='bbox 501 1918 716 1983; x_wconf 82' lang='grc' dir='ltr'>εἰδέναι,</span> <span class='ocrx_word' id='word_1_241' title='bbox 750 1920 980 1976; x_wconf 80' lang='grc' dir='ltr'>κάκεῖνα</span> <span class='ocrx_word' id='word_1_242' title='bbox 1010 1922 1084 1995; x_wconf 77' lang='grc' dir='ltr'>μὴ</span> <span class='ocrx_word' id='word_1_243' title='bbox 1115 1922 1352 1993; x_wconf 81' lang='grc' dir='ltr'>ἀγνοεῖν,</span> <span class='ocrx_word' id='word_1_244' title='bbox 1381 1923 1459 1989; x_wconf 83' lang='grc' dir='ltr'><strong>ὡς</strong></span> <span class='ocrx_word' id='word_1_245' title='bbox 1481 1922 1553 1978; x_wconf 79' lang='grc' dir='ltr'><strong>ἂν</strong></span> <span class='ocrx_word' id='word_1_246' title='bbox 1578 1922 1646 1977; x_wconf 80' lang='grc' dir='ltr'>δι’</span> <span class='ocrx_word' id='word_1_247' title='bbox 1670 1924 1876 1995; x_wconf 80' lang='grc' dir='ltr'>ἀμφοῖν</span> 
     </span>
    </p>
   </div>
   <div class='ocr_carea' id='block_1_36' title="bbox 292 2009 1876 2086">
    <p class='ocr_par' dir='ltr' id='par_1_36' title="bbox 292 2009 1876 2086">
     <span class='ocr_line' id='line_1_36' title="bbox 292 2009 1876 2086; baseline 0.006 -25"><span class='ocrx_word' id='word_1_248' title='bbox 292 2009 358 2062; x_wconf 86' lang='grc' dir='ltr'><strong>τὸ</strong></span> <span class='ocrx_word' id='word_1_249' title='bbox 384 2009 587 2083; x_wconf 77' lang='grc' dir='ltr'>ἀρτίως</span> <span class='ocrx_word' id='word_1_250' title='bbox 631 2009 755 2080; x_wconf 81' lang='grc' dir='ltr'>ἔχον</span> <span class='ocrx_word' id='word_1_251' title='bbox 802 2012 884 2076; x_wconf 78' lang='grc' dir='ltr'>εἰς</span> <span class='ocrx_word' id='word_1_252' title='bbox 930 2012 1152 2081; x_wconf 85' lang='grc' dir='ltr'>γνῶσιν,</span> <span class='ocrx_word' id='word_1_253' title='bbox 1206 2013 1458 2086; x_wconf 88' lang='grc' dir='ltr'>καθάπερ</span> <span class='ocrx_word' id='word_1_254' title='bbox 1489 2032 1543 2069; x_wconf 85' lang='grc' dir='ltr'><strong>τι</strong></span> <span class='ocrx_word' id='word_1_255' title='bbox 1572 2014 1708 2085; x_wconf 84' lang='grc' dir='ltr'>φῶς,</span> <span class='ocrx_word' id='word_1_256' title='bbox 1755 2016 1876 2080; x_wconf 84' lang='grc' dir='ltr'>ταῖς</span> 
     </span>
    </p>
   </div>
   <div class='ocr_carea' id='block_1_37' title="bbox 291 2098 1874 2175">
    <p class='ocr_par' dir='ltr' id='par_1_37' title="bbox 291 2098 1874 2175">
     <span class='ocr_line' id='line_1_37' title="bbox 291 2098 1874 2175; baseline 0.004 -18"><span class='ocrx_word' id='word_1_257' title='bbox 291 2102 690 2171; x_wconf 82' lang='grc' dir='ltr'>εὐαγεστάταις</span> <span class='ocrx_word' id='word_1_258' title='bbox 719 2104 874 2175; x_wconf 85' lang='grc' dir='ltr'>ὑμῶν</span> <span class='ocrx_word' id='word_1_259' title='bbox 909 2106 1251 2171; x_wconf 78' lang='grc' dir='ltr'>εῖσοικίζοιτο</span> <span class='ocrx_word' id='word_1_260' title='bbox 1278 2098 1557 2172; x_wconf 80' lang='grc' dir='ltr'>διανοίαις.</span> <span class='ocrx_word' id='word_1_261' title='bbox 1584 2110 1793 2174; x_wconf 83' lang='grc' dir='ltr'>Σκοπὸς</span> <span class='ocrx_word' id='word_1_262' title='bbox 1816 2108 1874 2163; x_wconf 82' lang='grc' dir='ltr'>δέ</span> 
     </span>
    </p>
   </div>
   <div class='ocr_carea' id='block_1_38' title="bbox 296 2193 1874 2269">
    <p class='ocr_par' dir='ltr' id='par_1_38' title="bbox 296 2193 1874 2269">
     <span class='ocr_line' id='line_1_38' title="bbox 296 2193 1874 2269; baseline 0.003 -22"><span class='ocrx_word' id='word_1_263' title='bbox 296 2210 391 2263; x_wconf 87' lang='grc' dir='ltr'><strong>μοι</strong></span> <span class='ocrx_word' id='word_1_264' title='bbox 436 2193 505 2247; x_wconf 78' lang='grc' dir='ltr'><strong>τά</strong></span> <span class='ocrx_word' id='word_1_265' title='bbox 555 2193 641 2261; x_wconf 78' lang='grc' dir='ltr'><strong>ἐφ’</strong></span> <span class='ocrx_word' id='word_1_266' title='bbox 673 2194 890 2265; x_wconf 79' lang='grc' dir='ltr'>ἑκάστῳ</span> <span class='ocrx_word' id='word_1_267' title='bbox 933 2194 1340 2266; x_wconf 81' lang='grc' dir='ltr'>διερμηνεύοντι</span> <span class='ocrx_word' id='word_1_268' title='bbox 1394 2197 1750 2269; x_wconf 82' lang='grc' dir='ltr'>βραχυλογεῖν</span> <span class='ocrx_word' id='word_1_269' title='bbox 1797 2198 1874 2262; x_wconf 84' lang='grc' dir='ltr'><strong>ὡς</strong></span> 
     </span>
    </p>
   </div>
   <div class='ocr_carea' id='block_1_39' title="bbox 290 2280 1873 2359">
    <p class='ocr_par' dir='ltr' id='par_1_39' title="bbox 290 2280 1873 2359">
     <span class='ocr_line' id='line_1_39' title="bbox 290 2280 1873 2359; baseline 0.002 -20"><span class='ocrx_word' id='word_1_270' title='bbox 290 2280 407 2340; x_wconf 80' lang='grc' dir='ltr'>οἷόν</span> <span class='ocrx_word' id='word_1_271' title='bbox 452 2302 544 2340; x_wconf 85' lang='grc' dir='ltr'>τε·</span> <span class='ocrx_word' id='word_1_272' title='bbox 589 2285 976 2357; x_wconf 81' lang='grc' dir='ltr'>προτετάξεται</span> <span class='ocrx_word' id='word_1_273' title='bbox 1026 2286 1083 2340; x_wconf 81' lang='grc' dir='ltr'><strong>δὲ</strong></span> <span class='ocrx_word' id='word_1_274' title='bbox 1130 2286 1238 2342; x_wconf 88' lang='grc' dir='ltr'><strong>τῶν</strong></span> <span class='ocrx_word' id='word_1_275' title='bbox 1291 2287 1465 2342; x_wconf 83' lang='grc' dir='ltr'>ἄλλων</span> <span class='ocrx_word' id='word_1_276' title='bbox 1512 2288 1541 2340; x_wconf 93' lang='lat'><strong>6</strong></span> <span class='ocrx_word' id='word_1_277' title='bbox 1591 2288 1720 2357; x_wconf 79' lang='grc' dir='ltr'>περὶ</span> <span class='ocrx_word' id='word_1_278' title='bbox 1772 2289 1873 2359; x_wconf 83' lang='grc' dir='ltr'><strong>τῆς</strong></span> 
     </span>
    </p>
   </div>
   <div class='ocr_carea' id='block_1_40' title="bbox 292 2374 1871 2449">
    <p class='ocr_par' dir='ltr' id='par_1_40' title="bbox 292 2374 1871 2449">
     <span class='ocr_line' id='line_1_40' title="bbox 292 2374 1871 2449; baseline 0.001 -17"><span class='ocrx_word' id='word_1_279' title='bbox 292 2377 579 2440; x_wconf 84' lang='grc' dir='ltr'>κενώσεως</span> <span class='ocrx_word' id='word_1_280' title='bbox 605 2378 796 2445; x_wconf 90' lang='grc' dir='ltr'>Λόγος.</span> <span class='ocrx_word' id='word_1_281' title='bbox 839 2377 1037 2431; x_wconf 83' lang='grc' dir='ltr'>Ἰστέον</span> <span class='ocrx_word' id='word_1_282' title='bbox 1080 2378 1124 2431; x_wconf 83' lang='grc' dir='ltr'><strong>δ’</strong></span> <span class='ocrx_word' id='word_1_283' title='bbox 1160 2374 1253 2433; x_wconf 82' lang='grc' dir='ltr'><strong>οὖν</strong></span> <span class='ocrx_word' id='word_1_284' title='bbox 1300 2379 1449 2449; x_wconf 82' lang='grc' dir='ltr'>ὅμως</span> <span class='ocrx_word' id='word_1_285' title='bbox 1491 2381 1666 2433; x_wconf 76' lang='grc' dir='ltr'>ἐκεῖνο</span> <span class='ocrx_word' id='word_1_286' title='bbox 1690 2396 1707 2412; x_wconf 90' lang='grc'>·</span> <span class='ocrx_word' id='word_1_287' title='bbox 1741 2380 1871 2434; x_wconf 80' lang='grc' dir='ltr'>ὅταν</span> 
     </span>
    </p>
   </div>
   <div class='ocr_carea' id='block_1_41' title="bbox 291 2468 1870 2543">
    <p class='ocr_par' dir='ltr' id='par_1_41' title="bbox 291 2468 1870 2543">
     <span class='ocr_line' id='line_1_41' title="bbox 291 2468 1870 2543; baseline 0 -20"><span class='ocrx_word' id='word_1_288' title='bbox 291 2470 401 2542; x_wconf 88' lang='lat'><strong>7&amp;9</strong></span> <span class='ocrx_word' id='word_1_289' title='bbox 430 2471 560 2540; x_wconf 83' lang='grc' dir='ltr'>ἡμῖν</span> <span class='ocrx_word' id='word_1_290' title='bbox 593 2468 926 2540; x_wconf 80' lang='grc' dir='ltr'>ὀνομάζηται</span> <span class='ocrx_word' id='word_1_291' title='bbox 960 2470 1195 2540; x_wconf 85' lang='grc' dir='ltr'>Χριστὸς</span> <span class='ocrx_word' id='word_1_292' title='bbox 1239 2470 1467 2543; x_wconf 86' lang='grc' dir='ltr'>Ἰησοῦς,</span> <span class='ocrx_word' id='word_1_293' title='bbox 1517 2469 1870 2542; x_wconf 81' lang='grc' dir='ltr'>ἐνανθρωπή-</span> 
     </span>
    </p>
   </div>
   <div class='ocr_carea' id='block_1_42' title="bbox 293 2559 1868 2633">
    <p class='ocr_par' dir='ltr' id='par_1_42' title="bbox 293 2559 1868 2633">
     <span class='ocr_line' id='line_1_42' title="bbox 293 2559 1868 2633; baseline 0 -20"><span class='ocrx_word' id='word_1_294' title='bbox 293 2575 463 2614; x_wconf 89' lang='grc' dir='ltr'>σαντα</span> <span class='ocrx_word' id='word_1_295' title='bbox 502 2560 596 2613; x_wconf 77' lang='grc' dir='ltr'>καὶ</span> <span class='ocrx_word' id='word_1_296' title='bbox 623 2560 1038 2631; x_wconf 84' lang='grc' dir='ltr'>σεσαρκωμένον</span> <span class='ocrx_word' id='word_1_297' title='bbox 1069 2562 1335 2633; x_wconf 80' lang='grc' dir='ltr'>προσήκει</span> <span class='ocrx_word' id='word_1_298' title='bbox 1361 2564 1500 2616; x_wconf 85' lang='grc' dir='ltr'>νοεῖν</span> <span class='ocrx_word' id='word_1_299' title='bbox 1525 2562 1615 2614; x_wconf 88' lang='grc' dir='ltr'><strong>τὸν</strong></span> <span class='ocrx_word' id='word_1_300' title='bbox 1646 2562 1709 2615; x_wconf 81' lang='grc' dir='ltr'>ὲκ</span> <span class='ocrx_word' id='word_1_301' title='bbox 1733 2559 1868 2614; x_wconf 89' lang='grc' dir='ltr'>Θεοῦ</span> 
     </span>
    </p>
   </div>
   <div class='ocr_carea' id='block_1_43' title="bbox 292 2651 723 2720">
    <p class='ocr_par' dir='ltr' id='par_1_43' title="bbox 292 2651 723 2720">
     <span class='ocr_line' id='line_1_43' title="bbox 292 2651 723 2720; baseline -0.005 -14"><span class='ocrx_word' id='word_1_302' title='bbox 292 2651 505 2719; x_wconf 84' lang='grc' dir='ltr'>Πατρὸς</span> <span class='ocrx_word' id='word_1_303' title='bbox 531 2653 723 2720; x_wconf 81' lang='grc' dir='ltr'><strong>Λόγον.</strong></span> 
     </span>
    </p>
   </div>
   <div class='ocr_carea' id='block_1_44' title="bbox 362 2852 1870 2927">
    <p class='ocr_par' dir='ltr' id='par_1_44' title="bbox 362 2852 1870 2927">
     <span class='ocr_line' id='line_1_44' title="bbox 362 2852 1870 2927; baseline -0.003 -16"><span class='ocrx_word' id='word_1_304' title='bbox 362 2856 439 2911; x_wconf 86' lang='grc' dir='ltr'><strong>Ε’.</strong></span> <span class='ocrx_word' id='word_1_305' title='bbox 486 2874 507 2907; x_wconf 78' lang='grc' dir='ltr'><strong>ι</strong></span> <span class='ocrx_word' id='word_1_306' title='bbox 545 2856 693 2910; x_wconf 80' lang='grc' dir='ltr'>Θέλω</span> <span class='ocrx_word' id='word_1_307' title='bbox 720 2856 830 2926; x_wconf 73' lang='lat'><strong>7&amp;9</strong></span> <span class='ocrx_word' id='word_1_308' title='bbox 867 2857 1012 2927; x_wconf 72' lang='grc' dir='ltr'>ὑμᾶς</span> <span class='ocrx_word' id='word_1_309' title='bbox 1052 2857 1276 2916; x_wconf 80' lang='grc' dir='ltr'>εἰδέναι,</span> <span class='ocrx_word' id='word_1_310' title='bbox 1308 2856 1390 2908; x_wconf 79' lang='grc' dir='ltr'>ὅτι</span> <span class='ocrx_word' id='word_1_311' title='bbox 1439 2853 1639 2917; x_wconf 91' lang='grc' dir='ltr'>παντὸς</span> <span class='ocrx_word' id='word_1_312' title='bbox 1678 2852 1870 2925; x_wconf 85' lang='grc' dir='ltr'>ἀνδρὸς</span> 
     </span>
    </p>
   </div>
   <div class='ocr_carea' id='block_1_45' title="bbox 293 2943 1866 3018">
    <p class='ocr_par' dir='ltr' id='par_1_45' title="bbox 293 2943 1866 3018">
     <span class='ocr_line' id='line_1_45' title="bbox 293 2943 1866 3018; baseline -0.003 -17"><span class='ocrx_word' id='word_1_313' title='bbox 293 2947 501 3018; x_wconf 74' lang='grc' dir='ltr'>κεφαλὴ</span> <span class='ocrx_word' id='word_1_314' title='bbox 530 2949 560 2999; x_wconf 89' lang='lat'><strong>6</strong></span> <span class='ocrx_word' id='word_1_315' title='bbox 582 2947 813 3017; x_wconf 83' lang='grc' dir='ltr'>Χριστός</span> <span class='ocrx_word' id='word_1_316' title='bbox 837 2949 982 3000; x_wconf 73' lang='grc' dir='ltr'>ἐστι’</span> <span class='ocrx_word' id='word_1_317' title='bbox 1014 2946 1223 3015; x_wconf 84' lang='grc' dir='ltr'>κεφαλὴ</span> <span class='ocrx_word' id='word_1_318' title='bbox 1241 2944 1299 2998; x_wconf 76' lang='grc' dir='ltr'><strong>δὲ</strong></span> <span class='ocrx_word' id='word_1_319' title='bbox 1329 2943 1607 3014; x_wconf 86' lang='grc' dir='ltr'>γυναικὸς,</span> <span class='ocrx_word' id='word_1_320' title='bbox 1642 2944 1672 2996; x_wconf 93' lang='lat'><strong>6</strong></span> <span class='ocrx_word' id='word_1_321' title='bbox 1696 2945 1866 3015; x_wconf 69' lang='grc' dir='ltr'>ἀνήρ’</span> 
     </span>
    </p>
   </div>
   <div class='ocr_carea' id='block_1_46' title="bbox 293 3033 1940 3137">
    <p class='ocr_par' dir='ltr' id='par_1_46' title="bbox 293 3033 1940 3137">
     <span class='ocr_line' id='line_1_46' title="bbox 293 3033 1940 3137; baseline -0.003 -45"><span class='ocrx_word' id='word_1_322' title='bbox 293 3038 502 3109; x_wconf 79' lang='grc' dir='ltr'>κεφαλὴ</span> <span class='ocrx_word' id='word_1_323' title='bbox 533 3038 590 3091; x_wconf 85' lang='grc' dir='ltr'><strong>δὲ</strong></span> <span class='ocrx_word' id='word_1_324' title='bbox 631 3036 724 3091; x_wconf 90' lang='grc' dir='ltr'><strong>τοῦ</strong></span> <span class='ocrx_word' id='word_1_325' title='bbox 758 3035 1082 3137; x_wconf 46' lang='grc' dir='ltr'>Χριστοῦ,.ὀ</span> <span class='ocrx_word' id='word_1_326' title='bbox 1115 3036 1358 3137; x_wconf 34' lang='grc' dir='ltr'>Θεόςςς)</span> <span class='ocrx_word' id='word_1_327' title='bbox 1654 3033 1867 3137; x_wconf 52' lang='grc' dir='ltr'>ἇνθριρῖ</span> <span class='ocrx_word' id='word_1_328' title='bbox 1896 3078 1940 3137; x_wconf 78' lang='lat' dir='ltr'><strong><em>C</em></strong></span> 
     </span>
    </p>
   </div>
   <div class='ocr_carea' id='block_1_47' title="bbox 293 3120 1866 3197">
    <p class='ocr_par' dir='ltr' id='par_1_47' title="bbox 293 3120 1866 3197">
     <span class='ocr_line' id='line_1_47' title="bbox 293 3120 1866 3197; baseline -0.003 -16"><span class='ocrx_word' id='word_1_329' title='bbox 293 3143 392 3190; x_wconf 81' lang='grc' dir='ltr'><strong>πος</strong></span> <span class='ocrx_word' id='word_1_330' title='bbox 424 3130 489 3180; x_wconf 84' lang='grc' dir='ltr'>ἐκ</span> <span class='ocrx_word' id='word_1_331' title='bbox 515 3128 617 3196; x_wconf 81' lang='grc' dir='ltr'>γῆς</span> <span class='ocrx_word' id='word_1_332' title='bbox 665 3126 846 3197; x_wconf 81' lang='grc' dir='ltr'>χοῖκὸς</span> <span class='ocrx_word' id='word_1_333' title='bbox 872 3125 1168 3196; x_wconf 73' lang='grc' dir='ltr'>(τουτέστιν</span> <span class='ocrx_word' id='word_1_334' title='bbox 1213 3120 1402 3195; x_wconf 86' lang='grc' dir='ltr'>Ἀδάμ)</span> <span class='ocrx_word' id='word_1_335' title='bbox 1426 3139 1439 3151; x_wconf 91' lang='grc'>·</span> <span class='ocrx_word' id='word_1_336' title='bbox 1471 3125 1499 3176; x_wconf 91' lang='lat'><strong>6</strong></span> <span class='ocrx_word' id='word_1_337' title='bbox 1532 3122 1781 3195; x_wconf 84' lang='grc' dir='ltr'>δεύτερος</span> <span class='ocrx_word' id='word_1_338' title='bbox 1806 3123 1866 3188; x_wconf 75' lang='grc' dir='ltr'>ἐξ</span> 
     </span>
    </p>
   </div>
   <div class='ocr_carea' id='block_1_48' title="bbox 290 3214 1860 3290">
    <p class='ocr_par' dir='ltr' id='par_1_48' title="bbox 290 3214 1860 3290">
     <span class='ocr_line' id='line_1_48' title="bbox 290 3214 1860 3290; baseline -0.004 -15"><span class='ocrx_word' id='word_1_339' title='bbox 290 3219 518 3290; x_wconf 80' lang='grc' dir='ltr'>οὐρανοῦ</span> <span class='ocrx_word' id='word_1_340' title='bbox 550 3219 727 3290; x_wconf 86' lang='grc' dir='ltr'>(δῆλον</span> <span class='ocrx_word' id='word_1_341' title='bbox 757 3219 815 3271; x_wconf 80' lang='grc' dir='ltr'><strong>δὲ</strong></span> <span class='ocrx_word' id='word_1_342' title='bbox 858 3218 941 3271; x_wconf 81' lang='grc' dir='ltr'>ὅτι</span> <span class='ocrx_word' id='word_1_343' title='bbox 969 3219 997 3270; x_wconf 91' lang='lat'><strong>6</strong></span> <span class='ocrx_word' id='word_1_344' title='bbox 1029 3216 1288 3289; x_wconf 83' lang='grc' dir='ltr'>Χριστός)</span> <span class='ocrx_word' id='word_1_345' title='bbox 1314 3231 1328 3246; x_wconf 74' lang='grc'><strong>⁸</strong></span> <span class='ocrx_word' id='word_1_346' title='bbox 1377 3215 1492 3270; x_wconf 82' lang='grc' dir='ltr'>ἀλλ’</span> <span class='ocrx_word' id='word_1_347' title='bbox 1522 3214 1711 3284; x_wconf 84' lang='grc' dir='ltr'>ὥσπερ</span> <span class='ocrx_word' id='word_1_348' title='bbox 1741 3216 1860 3284; x_wconf 81' lang='grc' dir='ltr'>ἐφο-</span> 
     </span>
    </p>
   </div>
   <div class='ocr_carea' id='block_1_49' title="bbox 294 3305 1865 3383">
    <p class='ocr_par' dir='ltr' id='par_1_49' title="bbox 294 3305 1865 3383">
     <span class='ocr_line' id='line_1_49' title="bbox 294 3305 1865 3383; baseline -0.003 -19"><span class='ocrx_word' id='word_1_349' title='bbox 294 3312 529 3383; x_wconf 83' lang='grc' dir='ltr'>ρέσαμεν</span> <span class='ocrx_word' id='word_1_350' title='bbox 559 3311 659 3380; x_wconf 84' lang='grc' dir='ltr'><strong>τὴν</strong></span> <span class='ocrx_word' id='word_1_351' title='bbox 696 3308 880 3362; x_wconf 78' lang='grc' dir='ltr'>εἰκόνα</span> <span class='ocrx_word' id='word_1_352' title='bbox 918 3306 1013 3362; x_wconf 88' lang='grc' dir='ltr'><strong>τοῦ</strong></span> <span class='ocrx_word' id='word_1_353' title='bbox 1045 3308 1254 3378; x_wconf 79' lang='grc' dir='ltr'>χοϊκοῦ,</span> <span class='ocrx_word' id='word_1_354' title='bbox 1286 3307 1608 3378; x_wconf 84' lang='grc' dir='ltr'>φορέσωμεν</span> <span class='ocrx_word' id='word_1_355' title='bbox 1641 3306 1736 3361; x_wconf 77' lang='grc' dir='ltr'><strong>καὶ</strong></span> <span class='ocrx_word' id='word_1_356' title='bbox 1766 3305 1865 3378; x_wconf 80' lang='grc' dir='ltr'>τὴν</span> 
     </span>
    </p>
   </div>
   <div class='ocr_carea' id='block_1_50' title="bbox 291 3398 1865 3473">
    <p class='ocr_par' dir='ltr' id='par_1_50' title="bbox 291 3398 1865 3473">
     <span class='ocr_line' id='line_1_50' title="bbox 291 3398 1865 3473; baseline -0.003 -17"><span class='ocrx_word' id='word_1_357' title='bbox 291 3404 476 3457; x_wconf 81' lang='grc' dir='ltr'>εἰκόνα</span> <span class='ocrx_word' id='word_1_358' title='bbox 495 3402 588 3455; x_wconf 85' lang='grc' dir='ltr'><strong>τοῦ</strong></span> <span class='ocrx_word' id='word_1_359' title='bbox 617 3403 751 3454; x_wconf 62' lang='lat' dir='ltr'><strong>intra</strong></span> <span class='ocrx_word' id='word_1_360' title='bbox 762 3401 964 3473; x_wconf 81' lang='grc' dir='ltr'>ρανίου,</span> <span class='ocrx_word' id='word_1_361' title='bbox 986 3399 1128 3455; x_wconf 84' lang='grc' dir='ltr'>κατὰ</span> <span class='ocrx_word' id='word_1_362' title='bbox 1150 3400 1212 3451; x_wconf 83' lang='grc' dir='ltr'><strong>τὸ</strong></span> <span class='ocrx_word' id='word_1_363' title='bbox 1241 3399 1645 3470; x_wconf 73' lang='grc' dir='ltr'>γεγραμμένον.</span> <span class='ocrx_word' id='word_1_364' title='bbox 1679 3418 1697 3450; x_wconf 73' lang='grc' dir='ltr'><strong>ι</strong></span> <span class='ocrx_word' id='word_1_365' title='bbox 1723 3398 1865 3453; x_wconf 73' lang='lat' dir='ltr'><strong>06x-</strong></span> 
     </span>
    </p>
   </div>
   <div class='ocr_carea' id='block_1_51' title="bbox 290 3486 1865 3561">
    <p class='ocr_par' dir='ltr' id='par_1_51' title="bbox 290 3486 1865 3561">
     <span class='ocr_line' id='line_1_51' title="bbox 290 3486 1865 3561; baseline -0.001 -18"><span class='ocrx_word' id='word_1_366' title='bbox 290 3490 384 3544; x_wconf 86' lang='grc' dir='ltr'><strong>οῦν</strong></span> <span class='ocrx_word' id='word_1_367' title='bbox 422 3488 611 3561; x_wconf 81' lang='grc' dir='ltr'>πρώτη</span> <span class='ocrx_word' id='word_1_368' title='bbox 661 3490 881 3557; x_wconf 84' lang='grc' dir='ltr'>γέγονεν</span> <span class='ocrx_word' id='word_1_369' title='bbox 911 3489 1042 3557; x_wconf 76' lang='grc' dir='ltr'>ἡμῖν</span> <span class='ocrx_word' id='word_1_370' title='bbox 1074 3486 1284 3558; x_wconf 80' lang='grc' dir='ltr'>κεφαλὴ</span> <span class='ocrx_word' id='word_1_371' title='bbox 1312 3486 1404 3540; x_wconf 85' lang='grc' dir='ltr'><strong>τοῦ</strong></span> <span class='ocrx_word' id='word_1_372' title='bbox 1450 3489 1661 3555; x_wconf 82' lang='grc' dir='ltr'>γένους,</span> <span class='ocrx_word' id='word_1_373' title='bbox 1710 3504 1865 3541; x_wconf 85' lang='grc' dir='ltr'>τουτ-</span> 
     </span>
    </p>
   </div>
   <div class='ocr_carea' id='block_1_52' title="bbox 289 3578 1863 3650">
    <p class='ocr_par' dir='ltr' id='par_1_52' title="bbox 289 3578 1863 3650">
     <span class='ocr_line' id='line_1_52' title="bbox 289 3578 1863 3650; baseline -0.001 -16"><span class='ocrx_word' id='word_1_374' title='bbox 289 3581 437 3634; x_wconf 85' lang='grc' dir='ltr'>έστιν</span> <span class='ocrx_word' id='word_1_375' title='bbox 474 3580 637 3650; x_wconf 82' lang='grc' dir='ltr'>ἁρχὴ,</span> <span class='ocrx_word' id='word_1_376' title='bbox 664 3581 693 3632; x_wconf 88' lang='lat'><strong>6</strong></span> <span class='ocrx_word' id='word_1_377' title='bbox 726 3580 790 3633; x_wconf 78' lang='grc' dir='ltr'>ἐκ</span> <span class='ocrx_word' id='word_1_378' title='bbox 815 3579 921 3648; x_wconf 79' lang='grc' dir='ltr'>γῆς</span> <span class='ocrx_word' id='word_1_379' title='bbox 950 3596 1011 3631; x_wconf 80' lang='grc' dir='ltr'><strong>τε</strong></span> <span class='ocrx_word' id='word_1_380' title='bbox 1041 3580 1134 3634; x_wconf 79' lang='grc' dir='ltr'>καὶ</span> <span class='ocrx_word' id='word_1_381' title='bbox 1166 3578 1366 3648; x_wconf 84' lang='grc' dir='ltr'>χοϊκός.</span> <span class='ocrx_word' id='word_1_382' title='bbox 1418 3578 1634 3648; x_wconf 80' lang='grc' dir='ltr'>Ἐπειδὴ</span> <span class='ocrx_word' id='word_1_383' title='bbox 1659 3579 1716 3632; x_wconf 85' lang='grc' dir='ltr'><strong>δὲ</strong></span> <span class='ocrx_word' id='word_1_384' title='bbox 1744 3579 1863 3632; x_wconf 81' lang='grc' dir='ltr'><strong>δεύ-</strong></span> 
     </span>
    </p>
   </div>
   <div class='ocr_carea' id='block_1_53' title="bbox 287 3670 1863 3746">
    <p class='ocr_par' dir='ltr' id='par_1_53' title="bbox 287 3670 1863 3746">
     <span class='ocr_line' id='line_1_53' title="bbox 287 3670 1863 3746; baseline -0.001 -20"><span class='ocrx_word' id='word_1_385' title='bbox 287 3689 445 3746; x_wconf 88' lang='grc' dir='ltr'>τερος</span> <span class='ocrx_word' id='word_1_386' title='bbox 485 3672 655 3742; x_wconf 80' lang='grc' dir='ltr'>’Λόἁμ</span> <span class='ocrx_word' id='word_1_387' title='bbox 694 3671 1110 3741; x_wconf 83' lang='grc' dir='ltr'>κατωνόμασται</span> <span class='ocrx_word' id='word_1_388' title='bbox 1143 3670 1397 3741; x_wconf 46' lang='grc' dir='ltr'>Χρισπ,</span> <span class='ocrx_word' id='word_1_389' title='bbox 1445 3670 1655 3742; x_wconf 78' lang='grc' dir='ltr'>κεφαλὴ</span> <span class='ocrx_word' id='word_1_390' title='bbox 1690 3670 1863 3724; x_wconf 79' lang='grc' dir='ltr'>τέθειο</span> 
     </span>
    </p>
   </div>
   <div class='ocr_carea' id='block_1_54' title="bbox 287 3760 1862 3835">
    <p class='ocr_par' dir='ltr' id='par_1_54' title="bbox 287 3760 1862 3835">
     <span class='ocr_line' id='line_1_54' title="bbox 287 3760 1862 3835; baseline -0.003 -14"><span class='ocrx_word' id='word_1_391' title='bbox 287 3784 407 3833; x_wconf 84' lang='grc' dir='ltr'>ται,</span> <span class='ocrx_word' id='word_1_392' title='bbox 465 3767 740 3821; x_wconf 83' lang='grc' dir='ltr'>τουτέστιν</span> <span class='ocrx_word' id='word_1_393' title='bbox 798 3767 941 3835; x_wconf 75' lang='grc' dir='ltr'>ἀρχὴ</span> <span class='ocrx_word' id='word_1_394' title='bbox 1002 3765 1109 3829; x_wconf 80' lang='grc' dir='ltr'>τῶν</span> <span class='ocrx_word' id='word_1_395' title='bbox 1162 3765 1233 3818; x_wconf 82' lang='grc' dir='ltr'><strong>δι’</strong></span> <span class='ocrx_word' id='word_1_396' title='bbox 1288 3760 1451 3818; x_wconf 84' lang='grc' dir='ltr'>αὐτοῦ</span> <span class='ocrx_word' id='word_1_397' title='bbox 1506 3764 1641 3835; x_wconf 81' lang='grc' dir='ltr'>πρὸς</span> <span class='ocrx_word' id='word_1_398' title='bbox 1700 3763 1862 3818; x_wconf 81' lang='grc' dir='ltr'>αὐτὸν</span> 
     </span>
    </p>
   </div>
   <div class='ocr_carea' id='block_1_55' title="bbox 287 3852 1863 3929">
    <p class='ocr_par' dir='ltr' id='par_1_55' title="bbox 287 3852 1863 3929">
     <span class='ocr_line' id='line_1_55' title="bbox 287 3852 1863 3929; baseline -0.003 -18"><span class='ocrx_word' id='word_1_399' title='bbox 287 3856 786 3929; x_wconf 80' lang='grc' dir='ltr'>ἁναμορφουμένων</span> <span class='ocrx_word' id='word_1_400' title='bbox 850 3858 930 3920; x_wconf 88' lang='grc' dir='ltr'>εἰς</span> <span class='ocrx_word' id='word_1_401' title='bbox 982 3855 1293 3929; x_wconf 83' lang='grc' dir='ltr'>ἀφθαρσίαν</span> <span class='ocrx_word' id='word_1_402' title='bbox 1353 3855 1422 3908; x_wconf 86' lang='grc' dir='ltr'>δι’</span> <span class='ocrx_word' id='word_1_403' title='bbox 1485 3852 1753 3925; x_wconf 85' lang='grc' dir='ltr'>ἁγιασμοῦ</span> <span class='ocrx_word' id='word_1_404' title='bbox 1804 3856 1863 3908; x_wconf 85' lang='grc' dir='ltr'><strong>ὲν</strong></span> 
     </span>
    </p>
   </div>
   <div class='ocr_carea' id='block_1_56' title="bbox 290 3945 1863 4019">
    <p class='ocr_par' dir='ltr' id='par_1_56' title="bbox 290 3945 1863 4019">
     <span class='ocr_line' id='line_1_56' title="bbox 290 3945 1863 4019; baseline -0.003 -17"><span class='ocrx_word' id='word_1_405' title='bbox 290 3948 590 4019; x_wconf 76' lang='grc' dir='ltr'>Πνεῦματισ</span> <span class='ocrx_word' id='word_1_406' title='bbox 631 3948 826 4002; x_wconf 84' lang='grc' dir='ltr'>οὐκοῦν</span> <span class='ocrx_word' id='word_1_407' title='bbox 873 3946 1035 4010; x_wconf 83' lang='grc' dir='ltr'>αὐτὸς</span> <span class='ocrx_word' id='word_1_408' title='bbox 1085 3946 1182 4017; x_wconf 80' lang='grc' dir='ltr'>μὲν</span> <span class='ocrx_word' id='word_1_409' title='bbox 1213 3946 1371 4017; x_wconf 80' lang='grc' dir='ltr'>ἡμῶν</span> <span class='ocrx_word' id='word_1_410' title='bbox 1401 3945 1565 4017; x_wconf 80' lang='grc' dir='ltr'>ἀρχὴ,</span> <span class='ocrx_word' id='word_1_411' title='bbox 1617 3947 1863 4005; x_wconf 69' lang='grc' dir='ltr'>τουτέστι</span> 
     </span>
    </p>
   </div>
   <div class='ocr_carea' id='block_1_57' title="bbox 287 4037 1861 4111">
    <p class='ocr_par' dir='ltr' id='par_1_57' title="bbox 287 4037 1861 4111">
     <span class='ocr_line' id='line_1_57' title="bbox 287 4037 1861 4111; baseline -0.004 -16"><span class='ocrx_word' id='word_1_412' title='bbox 287 4040 516 4111; x_wconf 79' lang='grc' dir='ltr'>κεφαλὴ,</span> <span class='ocrx_word' id='word_1_413' title='bbox 547 4039 682 4094; x_wconf 83' lang='grc' dir='ltr'>καθὸ</span> <span class='ocrx_word' id='word_1_414' title='bbox 719 4039 961 4109; x_wconf 82' lang='grc' dir='ltr'>πέφηνεν</span> <span class='ocrx_word' id='word_1_415' title='bbox 997 4037 1302 4109; x_wconf 82' lang='grc' dir='ltr'>ἄνθρωπος.</span> <span class='ocrx_word' id='word_1_416' title='bbox 1337 4038 1489 4108; x_wconf 81' lang='grc' dir='ltr'>Ἔχει</span> <span class='ocrx_word' id='word_1_417' title='bbox 1539 4055 1602 4105; x_wconf 90' lang='grc' dir='ltr'><strong>γε</strong></span> <span class='ocrx_word' id='word_1_418' title='bbox 1637 4038 1744 4108; x_wconf 82' lang='grc' dir='ltr'><strong>μὴν</strong></span> <span class='ocrx_word' id='word_1_419' title='bbox 1772 4053 1861 4090; x_wconf 80' lang='grc' dir='ltr'>κεο</span> 
     </span>
    </p>
   </div>
   <div class='ocr_carea' id='block_1_58' title="bbox 289 4126 1863 4200">
    <p class='ocr_par' dir='ltr' id='par_1_58' title="bbox 289 4126 1863 4200">
     <span class='ocr_line' id='line_1_58' title="bbox 289 4126 1863 4200; baseline 0 -18"><span class='ocrx_word' id='word_1_420' title='bbox 289 4129 460 4199; x_wconf 81' lang='grc' dir='ltr'>φαλὴν</span> <span class='ocrx_word' id='word_1_421' title='bbox 485 4129 667 4193; x_wconf 84' lang='grc' dir='ltr'>αὐτὸς,</span> <span class='ocrx_word' id='word_1_422' title='bbox 713 4128 788 4192; x_wconf 85' lang='grc' dir='ltr'>ὡς</span> <span class='ocrx_word' id='word_1_423' title='bbox 822 4128 980 4196; x_wconf 84' lang='grc' dir='ltr'>φύσει</span> <span class='ocrx_word' id='word_1_424' title='bbox 1026 4126 1179 4192; x_wconf 91' lang='grc' dir='ltr'>Θεὸς,</span> <span class='ocrx_word' id='word_1_425' title='bbox 1225 4128 1315 4182; x_wconf 89' lang='grc' dir='ltr'><strong>τὸν</strong></span> <span class='ocrx_word' id='word_1_426' title='bbox 1363 4130 1423 4181; x_wconf 77' lang='grc' dir='ltr'>ἐν</span> <span class='ocrx_word' id='word_1_427' title='bbox 1463 4131 1576 4191; x_wconf 84' lang='grc' dir='ltr'>τοῖς</span> <span class='ocrx_word' id='word_1_428' title='bbox 1614 4128 1863 4200; x_wconf 79' lang='grc' dir='ltr'>οὐρανοῖς</span> 
     </span>
    </p>
   </div>
   <div class='ocr_carea' id='block_1_59' title="bbox 289 4216 1861 4291">
    <p class='ocr_par' dir='ltr' id='par_1_59' title="bbox 289 4216 1861 4291">
     <span class='ocr_line' id='line_1_59' title="bbox 289 4216 1861 4291; baseline -0.003 -16"><span class='ocrx_word' id='word_1_429' title='bbox 289 4222 505 4290; x_wconf 82' lang='grc' dir='ltr'>Πατέρα</span> <span class='ocrx_word' id='word_1_430' title='bbox 534 4236 545 4248; x_wconf 83' lang='grc'><em>’</em></span> <span class='ocrx_word' id='word_1_431' title='bbox 579 4220 900 4291; x_wconf 86' lang='grc' dir='ltr'>γεγέννηται</span> <span class='ocrx_word' id='word_1_432' title='bbox 936 4218 1045 4290; x_wconf 67' lang='grc' dir='ltr'>γὰρ</span> <span class='ocrx_word' id='word_1_433' title='bbox 1075 4218 1134 4283; x_wconf 77' lang='grc' dir='ltr'><strong>ἐξ</strong></span> <span class='ocrx_word' id='word_1_434' title='bbox 1166 4217 1329 4273; x_wconf 79' lang='grc' dir='ltr'>αὐτοῦ</span> <span class='ocrx_word' id='word_1_435' title='bbox 1368 4218 1507 4271; x_wconf 72' lang='grc' dir='ltr'>κατὰ</span> <span class='ocrx_word' id='word_1_436' title='bbox 1532 4216 1696 4287; x_wconf 81' lang='grc' dir='ltr'>φύσιν</span> <span class='ocrx_word' id='word_1_437' title='bbox 1731 4218 1861 4281; x_wconf 80' lang='grc' dir='ltr'>Θεὸς</span> 
     </span>
    </p>
   </div>
   <div class='ocr_carea' id='block_1_60' title="bbox 286 4305 1857 4379">
    <p class='ocr_par' dir='ltr' id='par_1_60' title="bbox 286 4305 1857 4379">
     <span class='ocr_line' id='line_1_60' title="bbox 286 4305 1857 4379; baseline -0.003 -18"><span class='ocrx_word' id='word_1_438' title='bbox 286 4306 360 4361; x_wconf 83' lang='grc' dir='ltr'>ὢν</span> <span class='ocrx_word' id='word_1_439' title='bbox 389 4308 418 4360; x_wconf 89' lang='lat'><strong>6</strong></span> <span class='ocrx_word' id='word_1_440' title='bbox 448 4305 640 4374; x_wconf 88' lang='grc' dir='ltr'>Λόγος.</span> <span class='ocrx_word' id='word_1_441' title='bbox 666 4306 788 4360; x_wconf 87' lang='grc' dir='ltr'>’Ότι</span> <span class='ocrx_word' id='word_1_442' title='bbox 816 4305 873 4359; x_wconf 79' lang='grc' dir='ltr'><strong>δὲ</strong></span> <span class='ocrx_word' id='word_1_443' title='bbox 905 4308 938 4375; x_wconf 84' lang='grc' dir='ltr'>ὴ</span> <span class='ocrx_word' id='word_1_444' title='bbox 973 4306 1183 4376; x_wconf 81' lang='grc' dir='ltr'>κεφαλὴ</span> <span class='ocrx_word' id='word_1_445' title='bbox 1217 4308 1471 4378; x_wconf 74' lang='grc' dir='ltr'>σημαίνει</span> <span class='ocrx_word' id='word_1_446' title='bbox 1532 4305 1628 4378; x_wconf 83' lang='grc' dir='ltr'><strong>τὴν</strong></span> <span class='ocrx_word' id='word_1_447' title='bbox 1659 4307 1857 4379; x_wconf 80' lang='grc' dir='ltr'>ἀρχὴν,</span> 
     </span>
    </p>
   </div>
   <div class='ocr_carea' id='block_1_61' title="bbox 1980 1818 3563 1894">
    <p class='ocr_par' dir='ltr' id='par_1_61' title="bbox 1980 1818 3563 1894">
     <span class='ocr_line' id='line_1_61' title="bbox 1980 1818 3563 1894; baseline 0.005 -21"><span class='ocrx_word' id='word_1_448' title='bbox 1980 1834 2120 1873; x_wconf 88' lang='lat' dir='ltr'><strong>mur.</strong></span> <span class='ocrx_word' id='word_1_449' title='bbox 2148 1818 2256 1873; x_wconf 87' lang='lat' dir='ltr'><strong>Par</strong></span> <span class='ocrx_word' id='word_1_450' title='bbox 2284 1826 2368 1874; x_wconf 87' lang='lat' dir='ltr'><strong>est</strong></span> <span class='ocrx_word' id='word_1_451' title='bbox 2397 1821 2564 1889; x_wconf 89' lang='lat' dir='ltr'><strong>enim,</strong></span> <span class='ocrx_word' id='word_1_452' title='bbox 2605 1832 2665 1875; x_wconf 91' lang='lat' dir='ltr'><strong>ut</strong></span> <span class='ocrx_word' id='word_1_453' title='bbox 2694 1822 2947 1892; x_wconf 87' lang='lat' dir='ltr'><strong>religiosa</strong></span> <span class='ocrx_word' id='word_1_454' title='bbox 2997 1833 3172 1880; x_wconf 80' lang='lat' dir='ltr'><strong>vestra</strong></span> <span class='ocrx_word' id='word_1_455' title='bbox 3207 1825 3461 1894; x_wconf 87' lang='lat' dir='ltr'><strong>majestas</strong></span> <span class='ocrx_word' id='word_1_456' title='bbox 3507 1834 3563 1881; x_wconf 89' lang='lat' dir='ltr'><strong>et</strong></span> 
     </span>
    </p>
   </div>
   <div class='ocr_carea' id='block_1_62' title="bbox 1977 1907 3561 1985">
    <p class='ocr_par' dir='ltr' id='par_1_62' title="bbox 1977 1907 3561 1985">
     <span class='ocr_line' id='line_1_62' title="bbox 1977 1907 3561 1985; baseline 0.004 -20"><span class='ocrx_word' id='word_1_457' title='bbox 1977 1907 2093 1965; x_wconf 69' lang='lat' dir='ltr'><strong>hate</strong></span> <span class='ocrx_word' id='word_1_458' title='bbox 2138 1911 2296 1978; x_wconf 88' lang='lat' dir='ltr'><strong>sciat,</strong></span> <span class='ocrx_word' id='word_1_459' title='bbox 2342 1920 2399 1966; x_wconf 89' lang='lat' dir='ltr'><strong>et</strong></span> <span class='ocrx_word' id='word_1_460' title='bbox 2451 1910 2540 1966; x_wconf 89' lang='lat' dir='ltr'><strong>illa</strong></span> <span class='ocrx_word' id='word_1_461' title='bbox 2583 1926 2805 1983; x_wconf 86' lang='lat' dir='ltr'><strong>quoque</strong></span> <span class='ocrx_word' id='word_1_462' title='bbox 2843 1927 2950 1967; x_wconf 77' lang='lat' dir='ltr'><strong>non</strong></span> <span class='ocrx_word' id='word_1_463' title='bbox 3008 1913 3252 1985; x_wconf 88' lang='lat' dir='ltr'><strong>ignoret;</strong></span> <span class='ocrx_word' id='word_1_464' title='bbox 3309 1930 3416 1985; x_wconf 93' lang='lat' dir='ltr'><strong>quo</strong></span> <span class='ocrx_word' id='word_1_465' title='bbox 3466 1931 3561 1985; x_wconf 89' lang='lat' dir='ltr'><strong>per</strong></span> 
     </span>
    </p>
   </div>
   <div class='ocr_carea' id='block_1_63' title="bbox 1977 2001 3556 2076">
    <p class='ocr_par' dir='ltr' id='par_1_63' title="bbox 1977 2001 3556 2076">
     <span class='ocr_line' id='line_1_63' title="bbox 1977 2001 3556 2076; baseline 0.004 -21"><span class='ocrx_word' id='word_1_466' title='bbox 1977 2010 2209 2072; x_wconf 89' lang='lat' dir='ltr'><strong>utraque</strong></span> <span class='ocrx_word' id='word_1_467' title='bbox 2254 2001 2498 2072; x_wconf 77' lang='lat' dir='ltr'><strong>perfecta</strong></span> <span class='ocrx_word' id='word_1_468' title='bbox 2556 2004 2795 2075; x_wconf 74' lang='lat' dir='ltr'><strong>cognitio</strong></span> <span class='ocrx_word' id='word_1_469' title='bbox 2839 2004 3005 2059; x_wconf 87' lang='lat' dir='ltr'><strong>veluti</strong></span> <span class='ocrx_word' id='word_1_470' title='bbox 3062 2005 3239 2060; x_wconf 89' lang='lat' dir='ltr'><strong>lumen</strong></span> <span class='ocrx_word' id='word_1_471' title='bbox 3289 2008 3556 2076; x_wconf 80' lang='lat' dir='ltr'><strong>quoddam</strong></span> 
     </span>
    </p>
   </div>
   <div class='ocr_carea' id='block_1_64' title="bbox 1976 2095 3647 2169">
    <p class='ocr_par' dir='ltr' id='par_1_64' title="bbox 1976 2095 3647 2169">
     <span class='ocr_line' id='line_1_64' title="bbox 1976 2095 3647 2169; baseline 0.004 -19"><span class='ocrx_word' id='word_1_472' title='bbox 1976 2095 2338 2151; x_wconf 86' lang='lat' dir='ltr'><strong>sanctissimis</strong></span> <span class='ocrx_word' id='word_1_473' title='bbox 2386 2095 2590 2151; x_wconf 83' lang='lat' dir='ltr'><strong>vestris</strong></span> <span class='ocrx_word' id='word_1_474' title='bbox 2647 2096 2919 2152; x_wconf 89' lang='lat' dir='ltr'><strong>mentibus</strong></span> <span class='ocrx_word' id='word_1_475' title='bbox 2964 2096 3252 2152; x_wconf 88' lang='lat' dir='ltr'><strong>inhabitet.</strong></span> <span class='ocrx_word' id='word_1_476' title='bbox 3301 2097 3559 2169; x_wconf 81' lang='lat' dir='ltr'><strong>Pmposi-</strong></span> <span class='ocrx_word' id='word_1_477' title='bbox 3644 2152 3647 2157; x_wconf 89' lang='lat'><strong>.</strong></span> 
     </span>
    </p>
   </div>
   <div class='ocr_carea' id='block_1_65' title="bbox 1975 2188 3555 2261">
    <p class='ocr_par' dir='ltr' id='par_1_65' title="bbox 1975 2188 3555 2261">
     <span class='ocr_line' id='line_1_65' title="bbox 1975 2188 3555 2261; baseline 0.002 -19"><span class='ocrx_word' id='word_1_478' title='bbox 1975 2188 2088 2243; x_wconf 77' lang='lat' dir='ltr'><strong>tum</strong></span> <span class='ocrx_word' id='word_1_479' title='bbox 2116 2198 2201 2244; x_wconf 91' lang='lat' dir='ltr'><strong>est</strong></span> <span class='ocrx_word' id='word_1_480' title='bbox 2228 2197 2406 2243; x_wconf 87' lang='lat' dir='ltr'><strong>autem</strong></span> <span class='ocrx_word' id='word_1_481' title='bbox 2446 2189 2516 2242; x_wconf 87' lang='lat' dir='ltr'><strong>ita</strong></span> <span class='ocrx_word' id='word_1_482' title='bbox 2550 2189 2761 2261; x_wconf 87' lang='lat' dir='ltr'><strong>singula</strong></span> <span class='ocrx_word' id='word_1_483' title='bbox 2787 2190 3159 2260; x_wconf 84' lang='lat' dir='ltr'><strong>interpretari,</strong></span> <span class='ocrx_word' id='word_1_484' title='bbox 3190 2200 3249 2245; x_wconf 86' lang='lat' dir='ltr'><strong>ut</strong></span> <span class='ocrx_word' id='word_1_485' title='bbox 3288 2207 3555 2245; x_wconf 87' lang='lat' dir='ltr'><strong>summam</strong></span> 
     </span>
    </p>
   </div>
   <div class='ocr_carea' id='block_1_66' title="bbox 1974 2278 3555 2351">
    <p class='ocr_par' dir='ltr' id='par_1_66' title="bbox 1974 2278 3555 2351">
     <span class='ocr_line' id='line_1_66' title="bbox 1974 2278 3555 2351; baseline 0.002 -20"><span class='ocrx_word' id='word_1_486' title='bbox 1974 2278 2177 2347; x_wconf 85' lang='lat' dir='ltr'><strong>ubique</strong></span> <span class='ocrx_word' id='word_1_487' title='bbox 2210 2278 2530 2332; x_wconf 84' lang='lat' dir='ltr'><strong>brevitatem</strong></span> <span class='ocrx_word' id='word_1_488' title='bbox 2571 2288 2969 2334; x_wconf 88' lang='lat' dir='ltr'><strong>consectemur.</strong></span> <span class='ocrx_word' id='word_1_489' title='bbox 3004 2279 3271 2335; x_wconf 61' lang='lat' dir='ltr'><strong>Craterum</strong></span> <span class='ocrx_word' id='word_1_490' title='bbox 3313 2282 3555 2351; x_wconf 83' lang='lat' dir='ltr'><strong>disputa-</strong></span> 
     </span>
    </p>
   </div>
   <div class='ocr_carea' id='block_1_67' title="bbox 1975 2367 3554 2443">
    <p class='ocr_par' dir='ltr' id='par_1_67' title="bbox 1975 2367 3554 2443">
     <span class='ocr_line' id='line_1_67' title="bbox 1975 2367 3554 2443; baseline 0.003 -22"><span class='ocrx_word' id='word_1_491' title='bbox 1975 2368 2139 2423; x_wconf 90' lang='lat' dir='ltr'><strong>tionis</strong></span> <span class='ocrx_word' id='word_1_492' title='bbox 2186 2367 2347 2437; x_wconf 85' lang='lat' dir='ltr'><strong>hujus</strong></span> <span class='ocrx_word' id='word_1_493' title='bbox 2396 2368 2679 2422; x_wconf 79' lang='lat' dir='ltr'><strong>exordium</strong></span> <span class='ocrx_word' id='word_1_494' title='bbox 2732 2369 2801 2424; x_wconf 90' lang='lat' dir='ltr'><strong>ab</strong></span> <span class='ocrx_word' id='word_1_495' title='bbox 2845 2369 2914 2424; x_wconf 89' lang='lat' dir='ltr'><strong>iis</strong></span> <span class='ocrx_word' id='word_1_496' title='bbox 2954 2372 3262 2439; x_wconf 75' lang='lat' dir='ltr'><strong>przecipue,</strong></span> <span class='ocrx_word' id='word_1_497' title='bbox 3315 2387 3437 2443; x_wconf 64' lang='lat' dir='ltr'><strong>quae</strong></span> <span class='ocrx_word' id='word_1_498' title='bbox 3485 2374 3554 2426; x_wconf 83' lang='lat' dir='ltr'><strong>ad</strong></span> 
     </span>
    </p>
   </div>
   <div class='ocr_carea' id='block_1_68' title="bbox 1973 2456 3555 2527">
    <p class='ocr_par' dir='ltr' id='par_1_68' title="bbox 1973 2456 3555 2527">
     <span class='ocr_line' id='line_1_68' title="bbox 1973 2456 3555 2527; baseline 0.001 -13"><span class='ocrx_word' id='word_1_499' title='bbox 1973 2459 2138 2515; x_wconf 88' lang='lat' dir='ltr'><strong>Verbi</strong></span> <span class='ocrx_word' id='word_1_500' title='bbox 2184 2456 2615 2512; x_wconf 85' lang='lat' dir='ltr'><strong>exinanitionem</strong></span> <span class='ocrx_word' id='word_1_501' title='bbox 2660 2457 2956 2526; x_wconf 88' lang='lat' dir='ltr'><strong>pertinent,</strong></span> <span class='ocrx_word' id='word_1_502' title='bbox 3005 2458 3184 2514; x_wconf 76' lang='lat' dir='ltr'><strong>facere</strong></span> <span class='ocrx_word' id='word_1_503' title='bbox 3230 2459 3393 2527; x_wconf 86' lang='lat' dir='ltr'><strong>libet;</strong></span> <span class='ocrx_word' id='word_1_504' title='bbox 3446 2476 3555 2516; x_wconf 90' lang='lat' dir='ltr'><strong>uno</strong></span> 
     </span>
    </p>
   </div>
   <div class='ocr_carea' id='block_1_69' title="bbox 1971 2547 3556 2616">
    <p class='ocr_par' dir='ltr' id='par_1_69' title="bbox 1971 2547 3556 2616">
     <span class='ocr_line' id='line_1_69' title="bbox 1971 2547 3556 2616; baseline 0 -11"><span class='ocrx_word' id='word_1_505' title='bbox 1971 2551 2078 2605; x_wconf 88' lang='lat' dir='ltr'><strong>hoc</strong></span> <span class='ocrx_word' id='word_1_506' title='bbox 2122 2547 2337 2602; x_wconf 88' lang='lat' dir='ltr'><strong>interim</strong></span> <span class='ocrx_word' id='word_1_507' title='bbox 2372 2548 2675 2616; x_wconf 68' lang='lat' dir='ltr'><strong>praemisso.</strong></span> <span class='ocrx_word' id='word_1_508' title='bbox 2728 2563 2850 2603; x_wconf 89' lang='lat' dir='ltr'><strong>cum</strong></span> <span class='ocrx_word' id='word_1_509' title='bbox 2894 2548 3052 2603; x_wconf 81' lang='lat' dir='ltr'><strong>.Iesus</strong></span> <span class='ocrx_word' id='word_1_510' title='bbox 3097 2550 3347 2606; x_wconf 85' lang='lat' dir='ltr'><strong>Christus</strong></span> <span class='ocrx_word' id='word_1_511' title='bbox 3380 2552 3556 2605; x_wconf 85' lang='lat' dir='ltr'><strong>nomi-</strong></span> 
     </span>
    </p>
   </div>
   <div class='ocr_carea' id='block_1_70' title="bbox 1972 2637 3552 2710">
    <p class='ocr_par' dir='ltr' id='par_1_70' title="bbox 1972 2637 3552 2710">
     <span class='ocr_line' id='line_1_70' title="bbox 1972 2637 3552 2710; baseline 0 -13"><span class='ocrx_word' id='word_1_512' title='bbox 1972 2652 2154 2707; x_wconf 87' lang='lat' dir='ltr'><strong>natur,</strong></span> <span class='ocrx_word' id='word_1_513' title='bbox 2192 2656 2295 2695; x_wconf 91' lang='lat' dir='ltr'><strong>non</strong></span> <span class='ocrx_word' id='word_1_514' title='bbox 2338 2640 2504 2695; x_wconf 89' lang='lat' dir='ltr'><strong>alium</strong></span> <span class='ocrx_word' id='word_1_515' title='bbox 2548 2654 2709 2710; x_wconf 89' lang='lat' dir='ltr'><strong>quam</strong></span> <span class='ocrx_word' id='word_1_516' title='bbox 2746 2637 2839 2695; x_wconf 85' lang='lat' dir='ltr'><strong>Dei</strong></span> <span class='ocrx_word' id='word_1_517' title='bbox 2888 2639 3070 2696; x_wconf 86' lang='lat' dir='ltr'><strong>Patris</strong></span> <span class='ocrx_word' id='word_1_518' title='bbox 3103 2640 3338 2697; x_wconf 77' lang='lat' dir='ltr'><strong>Verbum</strong></span> <span class='ocrx_word' id='word_1_519' title='bbox 3373 2642 3552 2698; x_wconf 81' lang='lat' dir='ltr'><strong>incar-</strong></span> 
     </span>
    </p>
   </div>
   <div class='ocr_carea' id='block_1_71' title="bbox 1972 2733 3549 2806">
    <p class='ocr_par' dir='ltr' id='par_1_71' title="bbox 1972 2733 3549 2806">
     <span class='ocr_line' id='line_1_71' title="bbox 1972 2733 3549 2806; baseline 0.001 -17"><span class='ocrx_word' id='word_1_520' title='bbox 1972 2745 2181 2801; x_wconf 86' lang='lat' dir='ltr'><strong>natum,</strong></span> <span class='ocrx_word' id='word_1_521' title='bbox 2231 2734 2575 2790; x_wconf 85' lang='lat' dir='ltr'><strong>hominemve</strong></span> <span class='ocrx_word' id='word_1_522' title='bbox 2610 2733 2835 2799; x_wconf 83' lang='lat' dir='ltr'><strong>factum,</strong></span> <span class='ocrx_word' id='word_1_523' title='bbox 2886 2748 2951 2790; x_wconf 88' lang='lat' dir='ltr'><strong>eo</strong></span> <span class='ocrx_word' id='word_1_524' title='bbox 2994 2736 3213 2790; x_wconf 88' lang='lat' dir='ltr'><strong>nomine</strong></span> <span class='ocrx_word' id='word_1_525' title='bbox 3252 2735 3549 2806; x_wconf 79' lang='lat' dir='ltr'><strong>designari.</strong></span> 
     </span>
    </p>
   </div>
   <div class='ocr_carea' id='block_1_72' title="bbox 2042 2847 3552 2918">
    <p class='ocr_par' dir='ltr' id='par_1_72' title="bbox 2042 2847 3552 2918">
     <span class='ocr_line' id='line_1_72' title="bbox 2042 2847 3552 2918; baseline -0.001 -13"><span class='ocrx_word' id='word_1_526' title='bbox 2042 2847 2108 2905; x_wconf 85' lang='lat' dir='ltr'><strong>V.</strong></span> <span class='ocrx_word' id='word_1_527' title='bbox 2159 2869 2178 2902; x_wconf 90' lang='grc' dir='ltr'><strong>ι</strong></span> <span class='ocrx_word' id='word_1_528' title='bbox 2210 2848 2346 2906; x_wconf 88' lang='lat' dir='ltr'><strong>Volo</strong></span> <span class='ocrx_word' id='word_1_529' title='bbox 2394 2859 2575 2906; x_wconf 85' lang='lat' dir='ltr'><strong>autem</strong></span> <span class='ocrx_word' id='word_1_530' title='bbox 2634 2865 2731 2905; x_wconf 87' lang='lat' dir='ltr'><strong>vos</strong></span> <span class='ocrx_word' id='word_1_531' title='bbox 2790 2849 2965 2916; x_wconf 90' lang='lat' dir='ltr'><strong>scire,</strong></span> <span class='ocrx_word' id='word_1_532' title='bbox 3027 2849 3172 2918; x_wconf 89' lang='lat' dir='ltr'><strong>quod</strong></span> <span class='ocrx_word' id='word_1_533' title='bbox 3224 2851 3402 2905; x_wconf 87' lang='lat' dir='ltr'><strong>omnis</strong></span> <span class='ocrx_word' id='word_1_534' title='bbox 3447 2849 3552 2905; x_wconf 85' lang='lat' dir='ltr'><strong>viri</strong></span> 
     </span>
    </p>
   </div>
   <div class='ocr_carea' id='block_1_73' title="bbox 1970 2940 3549 3012">
    <p class='ocr_par' dir='ltr' id='par_1_73' title="bbox 1970 2940 3549 3012">
     <span class='ocr_line' id='line_1_73' title="bbox 1970 2940 3549 3012; baseline -0.003 -15"><span class='ocrx_word' id='word_1_535' title='bbox 1970 2952 2155 3012; x_wconf 87' lang='lat' dir='ltr'><strong>caput,</strong></span> <span class='ocrx_word' id='word_1_536' title='bbox 2204 2942 2455 2998; x_wconf 87' lang='lat' dir='ltr'><strong>Christus</strong></span> <span class='ocrx_word' id='word_1_537' title='bbox 2506 2950 2624 3008; x_wconf 88' lang='lat' dir='ltr'><strong>est;</strong></span> <span class='ocrx_word' id='word_1_538' title='bbox 2677 2951 2839 3009; x_wconf 77' lang='lat' dir='ltr'><strong>caput</strong></span> <span class='ocrx_word' id='word_1_539' title='bbox 2885 2951 3066 2996; x_wconf 90' lang='lat' dir='ltr'><strong>autem</strong></span> <span class='ocrx_word' id='word_1_540' title='bbox 3118 2940 3384 3004; x_wconf 88' lang='lat' dir='ltr'><strong>mulieris,</strong></span> <span class='ocrx_word' id='word_1_541' title='bbox 3427 2942 3549 3011; x_wconf 86' lang='lat' dir='ltr'><strong>vir;</strong></span> 
     </span>
    </p>
   </div>
   <div class='ocr_carea' id='block_1_74' title="bbox 1970 3031 3550 3104">
    <p class='ocr_par' dir='ltr' id='par_1_74' title="bbox 1970 3031 3550 3104">
     <span class='ocr_line' id='line_1_74' title="bbox 1970 3031 3550 3104; baseline -0.001 -13"><span class='ocrx_word' id='word_1_542' title='bbox 1970 3046 2133 3103; x_wconf 83' lang='lat' dir='ltr'><strong>caput</strong></span> <span class='ocrx_word' id='word_1_543' title='bbox 2177 3049 2306 3089; x_wconf 88' lang='lat' dir='ltr'><strong>vero</strong></span> <span class='ocrx_word' id='word_1_544' title='bbox 2344 3033 2566 3100; x_wconf 84' lang='lat' dir='ltr'><strong>Christi,</strong></span> <span class='ocrx_word' id='word_1_545' title='bbox 2608 3032 2846 3089; x_wconf 81' lang='lat' dir='ltr'><strong>Deus&quot;.</strong></span> <span class='ocrx_word' id='word_1_546' title='bbox 2873 3031 3183 3088; x_wconf 86' lang='lat' dir='ltr'><strong>—Primus</strong></span> <span class='ocrx_word' id='word_1_547' title='bbox 3222 3033 3383 3088; x_wconf 91' lang='lat' dir='ltr'><strong>homo</strong></span> <span class='ocrx_word' id='word_1_548' title='bbox 3424 3033 3550 3104; x_wconf 86' lang='lat' dir='ltr'><strong>(huc</strong></span> 
     </span>
    </p>
   </div>
   <div class='ocr_carea' id='block_1_75' title="bbox 1969 3124 3550 3198">
    <p class='ocr_par' dir='ltr' id='par_1_75' title="bbox 1969 3124 3550 3198">
     <span class='ocr_line' id='line_1_75' title="bbox 1969 3124 3550 3198; baseline -0.003 -16"><span class='ocrx_word' id='word_1_549' title='bbox 1969 3136 2053 3182; x_wconf 87' lang='lat' dir='ltr'><strong>est</strong></span> <span class='ocrx_word' id='word_1_550' title='bbox 2084 3125 2303 3198; x_wconf 84' lang='lat' dir='ltr'><strong>Adam),</strong></span> <span class='ocrx_word' id='word_1_551' title='bbox 2350 3127 2417 3182; x_wconf 88' lang='lat' dir='ltr'><strong>de</strong></span> <span class='ocrx_word' id='word_1_552' title='bbox 2465 3136 2610 3182; x_wconf 84' lang='lat' dir='ltr'><strong>terra</strong></span> <span class='ocrx_word' id='word_1_553' title='bbox 2659 3135 2905 3181; x_wconf 89' lang='lat' dir='ltr'><strong>terrenus</strong></span> <span class='ocrx_word' id='word_1_554' title='bbox 2939 3142 2953 3181; x_wconf 92' lang='lat'><strong>:</strong></span> <span class='ocrx_word' id='word_1_555' title='bbox 2982 3125 3256 3180; x_wconf 89' lang='lat' dir='ltr'><strong>secundus</strong></span> <span class='ocrx_word' id='word_1_556' title='bbox 3294 3124 3423 3197; x_wconf 90' lang='lat' dir='ltr'><strong>(hoc</strong></span> <span class='ocrx_word' id='word_1_557' title='bbox 3463 3135 3550 3180; x_wconf 87' lang='lat' dir='ltr'><strong>est</strong></span> 
     </span>
    </p>
   </div>
   <div class='ocr_carea' id='block_1_76' title="bbox 1966 3216 3550 3289">
    <p class='ocr_par' dir='ltr' id='par_1_76' title="bbox 1966 3216 3550 3289">
     <span class='ocr_line' id='line_1_76' title="bbox 1966 3216 3550 3289; baseline -0.002 -13"><span class='ocrx_word' id='word_1_558' title='bbox 1966 3217 2262 3289; x_wconf 85' lang='lat' dir='ltr'><strong>Christus),</strong></span> <span class='ocrx_word' id='word_1_559' title='bbox 2292 3217 2359 3274; x_wconf 87' lang='lat' dir='ltr'><strong>de</strong></span> <span class='ocrx_word' id='word_1_560' title='bbox 2375 3218 2525 3274; x_wconf 72' lang='lat' dir='ltr'><strong>cmlo</strong></span> <span class='ocrx_word' id='word_1_561' title='bbox 2552 3218 2814 3275; x_wconf 60' lang='lat' dir='ltr'><strong>caelestis.</strong></span> <span class='ocrx_word' id='word_1_562' title='bbox 2847 3216 3017 3288; x_wconf 89' lang='lat' dir='ltr'><strong>Igitur</strong></span> <span class='ocrx_word' id='word_1_563' title='bbox 3041 3218 3182 3272; x_wconf 84' lang='lat' dir='ltr'><strong>sicut</strong></span> <span class='ocrx_word' id='word_1_564' title='bbox 3207 3217 3550 3285; x_wconf 83' lang='lat' dir='ltr'><strong>portavimus</strong></span> 
     </span>
    </p>
   </div>
   <div class='ocr_carea' id='block_1_77' title="bbox 1969 3308 3545 3380">
    <p class='ocr_par' dir='ltr' id='par_1_77' title="bbox 1969 3308 3545 3380">
     <span class='ocr_line' id='line_1_77' title="bbox 1969 3308 3545 3380; baseline -0.001 -16"><span class='ocrx_word' id='word_1_565' title='bbox 1969 3310 2258 3380; x_wconf 87' lang='lat' dir='ltr'><strong>imaginem</strong></span> <span class='ocrx_word' id='word_1_566' title='bbox 2290 3310 2517 3376; x_wconf 84' lang='lat' dir='ltr'><strong>terreni,</strong></span> <span class='ocrx_word' id='word_1_567' title='bbox 2550 3317 2841 3379; x_wconf 81' lang='lat' dir='ltr'><strong>portemus</strong></span> <span class='ocrx_word' id='word_1_568' title='bbox 2867 3318 2924 3364; x_wconf 90' lang='lat' dir='ltr'><strong>et</strong></span> <span class='ocrx_word' id='word_1_569' title='bbox 2966 3309 3256 3380; x_wconf 83' lang='lat' dir='ltr'><strong>imaginem</strong></span> <span class='ocrx_word' id='word_1_570' title='bbox 3287 3308 3545 3375; x_wconf 63' lang='lat' dir='ltr'><strong>caelestis,</strong></span> 
     </span>
    </p>
   </div>
   <div class='ocr_carea' id='block_1_78' title="bbox 1965 3396 3550 3469">
    <p class='ocr_par' dir='ltr' id='par_1_78' title="bbox 1965 3396 3550 3469">
     <span class='ocr_line' id='line_1_78' title="bbox 1965 3396 3550 3469; baseline 0 -15"><span class='ocrx_word' id='word_1_571' title='bbox 1965 3399 2110 3454; x_wconf 79' lang='lat' dir='ltr'><strong>sicut</strong></span> <span class='ocrx_word' id='word_1_572' title='bbox 2152 3397 2412 3469; x_wconf 88' lang='lat' dir='ltr'><strong>scriptum</strong></span> <span class='ocrx_word' id='word_1_573' title='bbox 2453 3399 2628 3454; x_wconf 72' lang='lat' dir='ltr'><strong>est”.</strong></span> <span class='ocrx_word' id='word_1_574' title='bbox 2658 3417 2678 3455; x_wconf 71' lang='grc' dir='ltr'><strong>ι</strong></span> <span class='ocrx_word' id='word_1_575' title='bbox 2705 3397 2947 3457; x_wconf 88' lang='lat' dir='ltr'><strong>Primum</strong></span> <span class='ocrx_word' id='word_1_576' title='bbox 2984 3396 3151 3468; x_wconf 83' lang='lat' dir='ltr'><strong>igitur</strong></span> <span class='ocrx_word' id='word_1_577' title='bbox 3192 3398 3408 3469; x_wconf 84' lang='lat' dir='ltr'><strong>generis</strong></span> <span class='ocrx_word' id='word_1_578' title='bbox 3458 3414 3550 3454; x_wconf 83' lang='lat' dir='ltr'><strong>no-</strong></span> 
     </span>
    </p>
   </div>
   <div class='ocr_carea' id='block_1_79' title="bbox 1965 3489 3545 3561">
    <p class='ocr_par' dir='ltr' id='par_1_79' title="bbox 1965 3489 3545 3561">
     <span class='ocr_line' id='line_1_79' title="bbox 1965 3489 3545 3561; baseline -0.001 -16"><span class='ocrx_word' id='word_1_579' title='bbox 1965 3490 2065 3545; x_wconf 89' lang='lat' dir='ltr'><strong>stri</strong></span> <span class='ocrx_word' id='word_1_580' title='bbox 2108 3499 2292 3561; x_wconf 86' lang='lat' dir='ltr'><strong>caput,</strong></span> <span class='ocrx_word' id='word_1_581' title='bbox 2331 3490 2437 3547; x_wconf 83' lang='lat' dir='ltr'><strong>hoc</strong></span> <span class='ocrx_word' id='word_1_582' title='bbox 2482 3501 2573 3546; x_wconf 90' lang='lat' dir='ltr'><strong>est</strong></span> <span class='ocrx_word' id='word_1_583' title='bbox 2615 3490 2996 3560; x_wconf 82' lang='lat' dir='ltr'><strong>primordium,</strong></span> <span class='ocrx_word' id='word_1_584' title='bbox 3047 3489 3242 3556; x_wconf 83' lang='lat' dir='ltr'><strong>Adam,</strong></span> <span class='ocrx_word' id='word_1_585' title='bbox 3284 3490 3350 3546; x_wconf 88' lang='lat' dir='ltr'><strong>de</strong></span> <span class='ocrx_word' id='word_1_586' title='bbox 3403 3499 3545 3545; x_wconf 90' lang='lat' dir='ltr'><strong>terra</strong></span> 
     </span>
    </p>
   </div>
   <div class='ocr_carea' id='block_1_80' title="bbox 1967 3581 3545 3651">
    <p class='ocr_par' dir='ltr' id='par_1_80' title="bbox 1967 3581 3545 3651">
     <span class='ocr_line' id='line_1_80' title="bbox 1967 3581 3545 3651; baseline 0 -15"><span class='ocrx_word' id='word_1_587' title='bbox 1967 3591 2217 3639; x_wconf 86' lang='lat' dir='ltr'><strong>terrenus</strong></span> <span class='ocrx_word' id='word_1_588' title='bbox 2270 3590 2393 3638; x_wconf 90' lang='lat' dir='ltr'><strong>erat</strong></span> <span class='ocrx_word' id='word_1_589' title='bbox 2441 3596 2458 3636; x_wconf 86' lang='lat'><strong>:</strong></span> <span class='ocrx_word' id='word_1_590' title='bbox 2504 3582 2761 3651; x_wconf 87' lang='lat' dir='ltr'><strong>quoniam</strong></span> <span class='ocrx_word' id='word_1_591' title='bbox 2809 3596 2940 3638; x_wconf 87' lang='lat' dir='ltr'><strong>vero</strong></span> <span class='ocrx_word' id='word_1_592' title='bbox 3004 3581 3256 3639; x_wconf 75' lang='lat' dir='ltr'><strong>Christus</strong></span> <span class='ocrx_word' id='word_1_593' title='bbox 3321 3581 3545 3636; x_wconf 89' lang='lat' dir='ltr'><strong>secundi</strong></span> 
     </span>
    </p>
   </div>
   <div class='ocr_carea' id='block_1_81' title="bbox 1962 3670 3547 3743">
    <p class='ocr_par' dir='ltr' id='par_1_81' title="bbox 1962 3670 3547 3743">
     <span class='ocr_line' id='line_1_81' title="bbox 1962 3670 3547 3743; baseline -0.001 -17"><span class='ocrx_word' id='word_1_594' title='bbox 1962 3672 2157 3729; x_wconf 82' lang='lat' dir='ltr'><strong>Adami</strong></span> <span class='ocrx_word' id='word_1_595' title='bbox 2184 3683 2603 3743; x_wconf 84' lang='lat' dir='ltr'><strong>cognomentum</strong></span> <span class='ocrx_word' id='word_1_596' title='bbox 2626 3672 2854 3730; x_wconf 89' lang='lat' dir='ltr'><strong>sortitus</strong></span> <span class='ocrx_word' id='word_1_597' title='bbox 2877 3684 2980 3737; x_wconf 87' lang='lat' dir='ltr'><strong>est,</strong></span> <span class='ocrx_word' id='word_1_598' title='bbox 3013 3688 3202 3728; x_wconf 82' lang='lat' dir='ltr'><strong>eorum</strong></span> <span class='ocrx_word' id='word_1_599' title='bbox 3236 3680 3417 3739; x_wconf 86' lang='lat' dir='ltr'><strong>caput,</strong></span> <span class='ocrx_word' id='word_1_600' title='bbox 3441 3670 3547 3725; x_wconf 88' lang='lat' dir='ltr'><strong>hoc</strong></span> 
     </span>
    </p>
   </div>
   <div class='ocr_carea' id='block_1_82' title="bbox 1962 3760 3546 3835">
    <p class='ocr_par' dir='ltr' id='par_1_82' title="bbox 1962 3760 3546 3835">
     <span class='ocr_line' id='line_1_82' title="bbox 1962 3760 3546 3835; baseline -0.003 -18"><span class='ocrx_word' id='word_1_601' title='bbox 1962 3771 2046 3817; x_wconf 86' lang='lat' dir='ltr'><strong>est</strong></span> <span class='ocrx_word' id='word_1_602' title='bbox 2070 3764 2421 3835; x_wconf 85' lang='lat' dir='ltr'><strong>principium,</strong></span> <span class='ocrx_word' id='word_1_603' title='bbox 2467 3764 2557 3832; x_wconf 90' lang='lat' dir='ltr'><strong>qui</strong></span> <span class='ocrx_word' id='word_1_604' title='bbox 2586 3762 3044 3817; x_wconf 82' lang='lat' dir='ltr'><strong>sanctiﬁcationis</strong></span> <span class='ocrx_word' id='word_1_605' title='bbox 3090 3762 3297 3831; x_wconf 85' lang='lat' dir='ltr'><strong>Spiritu</strong></span> <span class='ocrx_word' id='word_1_606' title='bbox 3349 3762 3415 3815; x_wconf 89' lang='lat' dir='ltr'><strong>ad</strong></span> <span class='ocrx_word' id='word_1_607' title='bbox 3460 3760 3546 3814; x_wconf 88' lang='lat' dir='ltr'><strong>in-</strong></span> 
     </span>
    </p>
   </div>
   <div class='ocr_carea' id='block_1_83' title="bbox 1962 3851 3541 3923">
    <p class='ocr_par' dir='ltr' id='par_1_83' title="bbox 1962 3851 3541 3923">
     <span class='ocr_line' id='line_1_83' title="bbox 1962 3851 3541 3923; baseline -0.003 -15"><span class='ocrx_word' id='word_1_608' title='bbox 1962 3852 2367 3923; x_wconf 86' lang='lat' dir='ltr'><strong>corruptionem</strong></span> <span class='ocrx_word' id='word_1_609' title='bbox 2407 3854 2702 3908; x_wconf 89' lang='lat' dir='ltr'><strong>secundum</strong></span> <span class='ocrx_word' id='word_1_610' title='bbox 2747 3852 2892 3907; x_wconf 91' lang='lat' dir='ltr'><strong>illius</strong></span> <span class='ocrx_word' id='word_1_611' title='bbox 2914 3852 3205 3923; x_wconf 88' lang='lat' dir='ltr'><strong>imaginem</strong></span> <span class='ocrx_word' id='word_1_612' title='bbox 3240 3865 3337 3920; x_wconf 89' lang='lat' dir='ltr'><strong>per</strong></span> <span class='ocrx_word' id='word_1_613' title='bbox 3364 3851 3541 3918; x_wconf 89' lang='lat' dir='ltr'><strong>ipsum</strong></span> 
     </span>
    </p>
   </div>
   <div class='ocr_carea' id='block_1_84' title="bbox 1964 3942 3541 4013">
    <p class='ocr_par' dir='ltr' id='par_1_84' title="bbox 1964 3942 3541 4013">
     <span class='ocr_line' id='line_1_84' title="bbox 1964 3942 3541 4013; baseline 0 -16"><span class='ocrx_word' id='word_1_614' title='bbox 1964 3942 2352 4007; x_wconf 73' lang='lat' dir='ltr'><strong>reformantur,</strong></span> <span class='ocrx_word' id='word_1_615' title='bbox 2398 3944 2726 4001; x_wconf 89' lang='lat' dir='ltr'><strong>constitutus</strong></span> <span class='ocrx_word' id='word_1_616' title='bbox 2777 3954 2882 4000; x_wconf 88' lang='lat' dir='ltr'><strong>est.</strong></span> <span class='ocrx_word' id='word_1_617' title='bbox 2926 3944 3021 3998; x_wconf 89' lang='lat' dir='ltr'><strong>Est</strong></span> <span class='ocrx_word' id='word_1_618' title='bbox 3062 3945 3245 4013; x_wconf 84' lang='lat' dir='ltr'><strong>itaque</strong></span> <span class='ocrx_word' id='word_1_619' title='bbox 3295 3953 3541 3997; x_wconf 87' lang='lat' dir='ltr'><strong>nostrum</strong></span> 
     </span>
    </p>
   </div>
   <div class='ocr_carea' id='block_1_85' title="bbox 1960 4035 3544 4115">
    <p class='ocr_par' dir='ltr' id='par_1_85' title="bbox 1960 4035 3544 4115">
     <span class='ocr_line' id='line_1_85' title="bbox 1960 4035 3544 4115; baseline -0.004 -25"><span class='ocrx_word' id='word_1_620' title='bbox 1960 4035 2052 4091; x_wconf 87' lang='lat' dir='ltr'><strong>ille</strong></span> <span class='ocrx_word' id='word_1_621' title='bbox 2089 4035 2439 4106; x_wconf 88' lang='lat' dir='ltr'><strong>principimn,</strong></span> <span class='ocrx_word' id='word_1_622' title='bbox 2485 4036 2588 4115; x_wconf 78' lang='lat' dir='ltr'><strong>hoc</strong></span> <span class='ocrx_word' id='word_1_623' title='bbox 2619 4045 2701 4092; x_wconf 90' lang='lat' dir='ltr'><strong>est</strong></span> <span class='ocrx_word' id='word_1_624' title='bbox 2733 4044 2918 4106; x_wconf 86' lang='lat' dir='ltr'><strong>caput,</strong></span> <span class='ocrx_word' id='word_1_625' title='bbox 2961 4044 3233 4105; x_wconf 90' lang='lat' dir='ltr'><strong>quatenus</strong></span> <span class='ocrx_word' id='word_1_626' title='bbox 3268 4035 3428 4088; x_wconf 86' lang='lat' dir='ltr'><strong>homo</strong></span> <span class='ocrx_word' id='word_1_627' title='bbox 3456 4047 3544 4103; x_wconf 90' lang='lat' dir='ltr'><strong>ap-</strong></span> 
     </span>
    </p>
   </div>
   <div class='ocr_carea' id='block_1_86' title="bbox 1963 4126 3543 4198">
    <p class='ocr_par' dir='ltr' id='par_1_86' title="bbox 1963 4126 3543 4198">
     <span class='ocr_line' id='line_1_86' title="bbox 1963 4126 3543 4198; baseline -0.003 -17"><span class='ocrx_word' id='word_1_628' title='bbox 1963 4127 2144 4198; x_wconf 85' lang='lat' dir='ltr'><strong>paruit</strong></span> <span class='ocrx_word' id='word_1_629' title='bbox 2177 4145 2191 4181; x_wconf 87' lang='lat'><strong>:</strong></span> <span class='ocrx_word' id='word_1_630' title='bbox 2225 4128 2391 4181; x_wconf 87' lang='lat' dir='ltr'><strong>habet</strong></span> <span class='ocrx_word' id='word_1_631' title='bbox 2419 4126 2770 4181; x_wconf 86' lang='lat' dir='ltr'><strong>nihilominus</strong></span> <span class='ocrx_word' id='word_1_632' title='bbox 2798 4137 2852 4181; x_wconf 91' lang='lat' dir='ltr'><strong>et</strong></span> <span class='ocrx_word' id='word_1_633' title='bbox 2876 4126 2991 4196; x_wconf 90' lang='lat' dir='ltr'><strong>ipse</strong></span> <span class='ocrx_word' id='word_1_634' title='bbox 3012 4140 3228 4194; x_wconf 84' lang='lat' dir='ltr'><strong>quoque</strong></span> <span class='ocrx_word' id='word_1_635' title='bbox 3256 4133 3442 4194; x_wconf 88' lang='lat' dir='ltr'><strong>caput,</strong></span> <span class='ocrx_word' id='word_1_636' title='bbox 3484 4132 3543 4177; x_wconf 88' lang='lat' dir='ltr'><strong>ut</strong></span> 
     </span>
    </p>
   </div>
   <div class='ocr_carea' id='block_1_87' title="bbox 1965 4214 3541 4289">
    <p class='ocr_par' dir='ltr' id='par_1_87' title="bbox 1965 4214 3541 4289">
     <span class='ocr_line' id='line_1_87' title="bbox 1965 4214 3541 4289; baseline -0.003 -17"><span class='ocrx_word' id='word_1_637' title='bbox 1965 4229 2162 4273; x_wconf 90' lang='lat' dir='ltr'><strong>natura</strong></span> <span class='ocrx_word' id='word_1_638' title='bbox 2200 4218 2339 4273; x_wconf 86' lang='lat' dir='ltr'><strong>Deus</strong></span> <span class='ocrx_word' id='word_1_639' title='bbox 2384 4227 2489 4282; x_wconf 88' lang='lat' dir='ltr'><strong>est,</strong></span> <span class='ocrx_word' id='word_1_640' title='bbox 2535 4233 2733 4289; x_wconf 88' lang='lat' dir='ltr'><strong>nempe</strong></span> <span class='ocrx_word' id='word_1_641' title='bbox 2767 4217 3041 4273; x_wconf 70' lang='lat' dir='ltr'><strong>cmlestem</strong></span> <span class='ocrx_word' id='word_1_642' title='bbox 3072 4214 3290 4271; x_wconf 87' lang='lat' dir='ltr'><strong>Patrem</strong></span> <span class='ocrx_word' id='word_1_643' title='bbox 3327 4230 3435 4270; x_wconf 83' lang='lat' dir='ltr'><strong>:ex</strong></span> <span class='ocrx_word' id='word_1_644' title='bbox 3474 4229 3541 4269; x_wconf 92' lang='lat' dir='ltr'><strong>eo</strong></span> 
     </span>
    </p>
   </div>
   <div class='ocr_carea' id='block_1_88' title="bbox 1963 4307 3543 4380">
    <p class='ocr_par' dir='ltr' id='par_1_88' title="bbox 1963 4307 3543 4380">
     <span class='ocr_line' id='line_1_88' title="bbox 1963 4307 3543 4380; baseline -0.002 -14"><span class='ocrx_word' id='word_1_645' title='bbox 1963 4325 2201 4380; x_wconf 85' lang='lat' dir='ltr'><strong>namque</strong></span> <span class='ocrx_word' id='word_1_646' title='bbox 2241 4310 2479 4366; x_wconf 80' lang='lat' dir='ltr'><strong>Verbum</strong></span> <span class='ocrx_word' id='word_1_647' title='bbox 2520 4311 2659 4369; x_wconf 90' lang='lat' dir='ltr'><strong>Deus</strong></span> <span class='ocrx_word' id='word_1_648' title='bbox 2683 4312 2980 4379; x_wconf 72' lang='lat' dir='ltr'><strong>exsistens,</strong></span> <span class='ocrx_word' id='word_1_649' title='bbox 3027 4309 3352 4369; x_wconf 86' lang='lat' dir='ltr'><strong>naturaliter</strong></span> <span class='ocrx_word' id='word_1_650' title='bbox 3396 4307 3543 4380; x_wconf 85' lang='lat' dir='ltr'><strong>geni-</strong></span> 
     </span>
    </p>
   </div>
   <div class='ocr_carea' id='block_1_89' title="bbox 286 4396 1867 4475">
    <p class='ocr_par' dir='ltr' id='par_1_89' title="bbox 286 4396 1857 4469">
     <span class='ocr_line' id='line_1_89' title="bbox 286 4396 1857 4469; baseline 0 -18"><span class='ocrx_word' id='word_1_651' title='bbox 286 4399 510 4467; x_wconf 82' lang='grc' dir='ltr'>ὲμπεδοῖ</span> <span class='ocrx_word' id='word_1_652' title='bbox 543 4397 642 4468; x_wconf 80' lang='grc' dir='ltr'>τὴν</span> <span class='ocrx_word' id='word_1_653' title='bbox 682 4396 939 4469; x_wconf 80' lang='grc' dir='ltr'>ἀλήθειαν</span> <span class='ocrx_word' id='word_1_654' title='bbox 976 4397 1084 4451; x_wconf 84' lang='grc' dir='ltr'><strong>τῶν</strong></span> <span class='ocrx_word' id='word_1_655' title='bbox 1110 4399 1488 4463; x_wconf 71' lang='grc' dir='ltr'>ἐνδοιαζόντων</span> <span class='ocrx_word' id='word_1_656' title='bbox 1511 4398 1600 4451; x_wconf 88' lang='grc' dir='ltr'><strong>τὸν</strong></span> <span class='ocrx_word' id='word_1_657' title='bbox 1627 4397 1752 4451; x_wconf 91' lang='grc' dir='ltr'>νοῦν</span> <span class='ocrx_word' id='word_1_658' title='bbox 1776 4398 1857 4462; x_wconf 91' lang='grc' dir='ltr'><strong>τὸ,</strong></span> 
     </span>
    </p>
   </div>
   <div class='ocr_carea' id='block_1_90' title="bbox 1975 4396 3537 4475">
    <p class='ocr_par' dir='ltr' id='par_1_90' title="bbox 1975 4403 3537 4475">
     <span class='ocr_line' id='line_1_90' title="bbox 1975 4403 3537 4475; baseline -0.002 -18"><span class='ocrx_word' id='word_1_659' title='bbox 1975 4414 2077 4457; x_wconf 78' lang='lat' dir='ltr'><strong>tum</strong></span> <span class='ocrx_word' id='word_1_660' title='bbox 2104 4412 2208 4459; x_wconf 86' lang='lat' dir='ltr'><strong>est.</strong></span> <span class='ocrx_word' id='word_1_661' title='bbox 2241 4404 2394 4470; x_wconf 86' lang='lat' dir='ltr'><strong>Quod</strong></span> <span class='ocrx_word' id='word_1_662' title='bbox 2433 4413 2611 4458; x_wconf 92' lang='lat' dir='ltr'><strong>autem</strong></span> <span class='ocrx_word' id='word_1_663' title='bbox 2642 4404 2781 4461; x_wconf 89' lang='lat' dir='ltr'><strong>idem</strong></span> <span class='ocrx_word' id='word_1_664' title='bbox 2812 4406 2881 4461; x_wconf 85' lang='lat' dir='ltr'><strong>sit</strong></span> <span class='ocrx_word' id='word_1_665' title='bbox 2915 4414 3098 4475; x_wconf 86' lang='lat' dir='ltr'><strong>caput,</strong></span> <span class='ocrx_word' id='word_1_666' title='bbox 3127 4404 3268 4473; x_wconf 92' lang='lat' dir='ltr'><strong>quod</strong></span> <span class='ocrx_word' id='word_1_667' title='bbox 3304 4403 3537 4467; x_wconf 83' lang='lat' dir='ltr'><strong>initium,</strong></span> 
     </span>
    </p>
   </div>
   <div class='ocr_carea' id='block_1_91' title="bbox 289 4486 1858 4567">
    <p class='ocr_par' dir='ltr' id='par_1_91' title="bbox 289 4486 1858 4567">
     <span class='ocr_line' id='line_1_91' title="bbox 289 4486 1858 4567; baseline 0 -26"><span class='ocrx_word' id='word_1_668' title='bbox 289 4486 527 4557; x_wconf 78' lang='grc' dir='ltr'>κεφαλὴν</span> <span class='ocrx_word' id='word_1_669' title='bbox 558 4486 812 4554; x_wconf 72' lang='grc' dir='ltr'>λέγεσθαι</span> <span class='ocrx_word' id='word_1_670' title='bbox 840 4487 932 4540; x_wconf 82' lang='grc' dir='ltr'><strong>τὸν</strong></span> <span class='ocrx_word' id='word_1_671' title='bbox 967 4487 1134 4559; x_wconf 84' lang='grc' dir='ltr'>ἄνδρα</span> <span class='ocrx_word' id='word_1_672' title='bbox 1180 4488 1277 4560; x_wconf 85' lang='grc' dir='ltr'>τῆς</span> <span class='ocrx_word' id='word_1_673' title='bbox 1321 4488 1605 4557; x_wconf 82' lang='grc' dir='ltr'>γυναικός·</span> <span class='ocrx_word' id='word_1_674' title='bbox 1650 4488 1858 4567; x_wconf 75' lang='grc' dir='ltr'>ἐλήφθη</span> 
     </span>
    </p>
   </div>
   <div class='ocr_carea' id='block_1_92' title="bbox 290 4574 1857 4651">
    <p class='ocr_par' dir='ltr' id='par_1_92' title="bbox 290 4574 1857 4651">
     <span class='ocr_line' id='line_1_92' title="bbox 290 4574 1857 4651; baseline 0.001 -19"><span class='ocrx_word' id='word_1_675' title='bbox 290 4581 392 4649; x_wconf 86' lang='grc' dir='ltr'>γὰρ</span> <span class='ocrx_word' id='word_1_676' title='bbox 420 4578 479 4642; x_wconf 71' lang='grc' dir='ltr'><strong>ἐξ</strong></span> <span class='ocrx_word' id='word_1_677' title='bbox 501 4577 685 4632; x_wconf 73' lang='grc' dir='ltr'>αὑτοῦ.</span> <span class='ocrx_word' id='word_1_678' title='bbox 713 4574 808 4643; x_wconf 78' lang='grc' dir='ltr'><strong>Εἷς</strong></span> <span class='ocrx_word' id='word_1_679' title='bbox 836 4579 945 4649; x_wconf 82' lang='grc' dir='ltr'>ἄρα</span> <span class='ocrx_word' id='word_1_680' title='bbox 976 4580 1210 4650; x_wconf 83' lang='grc' dir='ltr'>Χριστὸς</span> <span class='ocrx_word' id='word_1_681' title='bbox 1244 4581 1336 4635; x_wconf 77' lang='grc' dir='ltr'><strong>καὶ</strong></span> <span class='ocrx_word' id='word_1_682' title='bbox 1359 4579 1483 4644; x_wconf 84' lang='grc' dir='ltr'>Υἱὸς</span> <span class='ocrx_word' id='word_1_683' title='bbox 1508 4580 1604 4634; x_wconf 75' lang='grc' dir='ltr'><strong>καὶ</strong></span> <span class='ocrx_word' id='word_1_684' title='bbox 1630 4581 1857 4651; x_wconf 83' lang='grc' dir='ltr'>Κύριος,</span> 
     </span>
    </p>
   </div>
   <div class='ocr_carea' id='block_1_93' title="bbox 1962 4493 3535 4562">
    <p class='ocr_par' dir='ltr' id='par_1_93' title="bbox 1962 4493 3535 4562">
     <span class='ocr_line' id='line_1_93' title="bbox 1962 4493 3535 4562; baseline -0.002 -14"><span class='ocrx_word' id='word_1_685' title='bbox 1962 4493 2047 4550; x_wconf 88' lang='lat' dir='ltr'><strong>vel</strong></span> <span class='ocrx_word' id='word_1_686' title='bbox 2071 4511 2235 4549; x_wconf 89' lang='lat' dir='ltr'><strong>unum</strong></span> <span class='ocrx_word' id='word_1_687' title='bbox 2266 4496 2367 4550; x_wconf 91' lang='lat' dir='ltr'><strong>hoc</strong></span> <span class='ocrx_word' id='word_1_688' title='bbox 2392 4494 2769 4550; x_wconf 80' lang='lat' dir='ltr'><strong>ﬂuctuantittm</strong></span> <span class='ocrx_word' id='word_1_689' title='bbox 2800 4499 3010 4551; x_wconf 88' lang='lat' dir='ltr'><strong>animus</strong></span> <span class='ocrx_word' id='word_1_690' title='bbox 3035 4497 3122 4551; x_wconf 85' lang='lat' dir='ltr'><strong>hic</strong></span> <span class='ocrx_word' id='word_1_691' title='bbox 3144 4496 3334 4551; x_wconf 84' lang='lat' dir='ltr'><strong>sedare</strong></span> <span class='ocrx_word' id='word_1_692' title='bbox 3355 4502 3535 4562; x_wconf 87' lang='lat' dir='ltr'><strong>queat,</strong></span> 
     </span>
    </p>
   </div>
   <div class='ocr_carea' id='block_1_94' title="bbox 1959 4586 3538 4659">
    <p class='ocr_par' dir='ltr' id='par_1_94' title="bbox 1959 4586 3538 4659">
     <span class='ocr_line' id='line_1_94' title="bbox 1959 4586 3538 4659; baseline -0.002 -19"><span class='ocrx_word' id='word_1_693' title='bbox 1959 4588 2103 4657; x_wconf 91' lang='lat' dir='ltr'><strong>quod</strong></span> <span class='ocrx_word' id='word_1_694' title='bbox 2138 4587 2220 4641; x_wconf 89' lang='lat' dir='ltr'><strong>vir</strong></span> <span class='ocrx_word' id='word_1_695' title='bbox 2267 4586 2514 4646; x_wconf 86' lang='lat' dir='ltr'><strong>mulieris</strong></span> <span class='ocrx_word' id='word_1_696' title='bbox 2562 4598 2724 4659; x_wconf 86' lang='lat' dir='ltr'><strong>caput</strong></span> <span class='ocrx_word' id='word_1_697' title='bbox 2757 4604 2877 4651; x_wconf 81' lang='lat' dir='ltr'><strong>esse</strong></span> <span class='ocrx_word' id='word_1_698' title='bbox 2930 4587 3282 4659; x_wconf 82' lang='lat' dir='ltr'><strong>perhibeatur</strong></span> <span class='ocrx_word' id='word_1_699' title='bbox 3313 4603 3326 4639; x_wconf 89' lang='lat'><strong>:</strong></span> <span class='ocrx_word' id='word_1_700' title='bbox 3361 4600 3429 4640; x_wconf 79' lang='lat' dir='ltr'><strong>ex</strong></span> <span class='ocrx_word' id='word_1_701' title='bbox 3471 4598 3538 4638; x_wconf 87' lang='lat' dir='ltr'><strong>eo</strong></span> 
     </span>
    </p>
   </div>
   <div class='ocr_carea' id='block_1_95' title="bbox 288 4668 1867 4761">
    <p class='ocr_par' dir='ltr' id='par_1_95' title="bbox 288 4668 1860 4740">
     <span class='ocr_line' id='line_1_95' title="bbox 288 4668 1860 4740; baseline 0.001 -18"><span class='ocrx_word' id='word_1_702' title='bbox 288 4672 316 4723; x_wconf 88' lang='lat'><strong>6</strong></span> <span class='ocrx_word' id='word_1_703' title='bbox 345 4669 585 4739; x_wconf 77' lang='grc' dir='ltr'>κεφαλὴν</span> <span class='ocrx_word' id='word_1_704' title='bbox 624 4668 882 4740; x_wconf 79' lang='grc' dir='ltr'>ξχων,ὡς</span> <span class='ocrx_word' id='word_1_705' title='bbox 931 4670 1062 4733; x_wconf 87' lang='grc' dir='ltr'>Θεὸς</span> <span class='ocrx_word' id='word_1_706' title='bbox 1109 4670 1249 4725; x_wconf 80' lang='grc' dir='ltr'>κατὰ</span> <span class='ocrx_word' id='word_1_707' title='bbox 1293 4670 1474 4740; x_wconf 81' lang='grc' dir='ltr'>φύσιν,</span> <span class='ocrx_word' id='word_1_708' title='bbox 1517 4671 1610 4726; x_wconf 91' lang='grc' dir='ltr'><strong>τὸν</strong></span> <span class='ocrx_word' id='word_1_709' title='bbox 1647 4672 1706 4724; x_wconf 85' lang='grc' dir='ltr'>ὲν</span> <span class='ocrx_word' id='word_1_710' title='bbox 1748 4673 1860 4734; x_wconf 83' lang='grc' dir='ltr'>τοῖς</span> 
     </span>
    </p>
   </div>
   <div class='ocr_carea' id='block_1_96' title="bbox 1975 4668 3538 4761">
    <p class='ocr_par' dir='ltr' id='par_1_96' title="bbox 1975 4675 3538 4761">
     <span class='ocr_line' id='line_1_96' title="bbox 1975 4675 3538 4761; baseline -0.006 -24"><span class='ocrx_word' id='word_1_711' title='bbox 1975 4680 2102 4737; x_wconf 62' lang='lat' dir='ltr'><strong>anim</strong></span> <span class='ocrx_word' id='word_1_712' title='bbox 2147 4690 2360 4761; x_wconf 81' lang='lat' dir='ltr'><strong>sumpta</strong></span> <span class='ocrx_word' id='word_1_713' title='bbox 2396 4688 2479 4736; x_wconf 74' lang='lat' dir='ltr'><strong>est</strong></span> <span class='ocrx_word' id='word_1_714' title='bbox 2516 4679 2628 4735; x_wconf 86' lang='lat' dir='ltr'><strong>illa.</strong></span> <span class='ocrx_word' id='word_1_715' title='bbox 2669 4680 2824 4737; x_wconf 80' lang='lat' dir='ltr'><strong>Unus</strong></span> <span class='ocrx_word' id='word_1_716' title='bbox 2871 4681 3053 4749; x_wconf 82' lang='lat' dir='ltr'><strong>itaque</strong></span> <span class='ocrx_word' id='word_1_717' title='bbox 3088 4688 3175 4733; x_wconf 87' lang='lat' dir='ltr'><strong>est</strong></span> <span class='ocrx_word' id='word_1_718' title='bbox 3204 4675 3453 4732; x_wconf 88' lang='lat' dir='ltr'><strong>Christus</strong></span> <span class='ocrx_word' id='word_1_719' title='bbox 3482 4683 3538 4730; x_wconf 84' lang='lat' dir='ltr'><strong>et</strong></span> 
     </span>
    </p>
   </div>
   <div class='ocr_carea' id='block_1_97' title="bbox 288 4757 1861 4832">
    <p class='ocr_par' dir='ltr' id='par_1_97' title="bbox 288 4757 1861 4832">
     <span class='ocr_line' id='line_1_97' title="bbox 288 4757 1861 4832; baseline -0.001 -19"><span class='ocrx_word' id='word_1_720' title='bbox 288 4760 533 4831; x_wconf 83' lang='grc' dir='ltr'>οὐρανοῖς</span> <span class='ocrx_word' id='word_1_721' title='bbox 564 4757 803 4829; x_wconf 72' lang='grc' dir='ltr'>Πατέρα,</span> <span class='ocrx_word' id='word_1_722' title='bbox 830 4757 1070 4827; x_wconf 87' lang='grc' dir='ltr'>γεγονὼς</span> <span class='ocrx_word' id='word_1_723' title='bbox 1099 4760 1158 4814; x_wconf 79' lang='grc' dir='ltr'><strong>δὲ</strong></span> <span class='ocrx_word' id='word_1_724' title='bbox 1186 4761 1318 4830; x_wconf 82' lang='grc' dir='ltr'>ἡμῖν</span> <span class='ocrx_word' id='word_1_725' title='bbox 1346 4760 1553 4832; x_wconf 76' lang='grc' dir='ltr'>κεφαλὴ</span> <span class='ocrx_word' id='word_1_726' title='bbox 1581 4761 1668 4817; x_wconf 86' lang='grc' dir='ltr'>διά</span> <span class='ocrx_word' id='word_1_727' title='bbox 1690 4778 1770 4816; x_wconf 90' lang='grc' dir='ltr'><strong>τοι</strong></span> <span class='ocrx_word' id='word_1_728' title='bbox 1800 4759 1861 4814; x_wconf 86' lang='grc' dir='ltr'><strong>τὸ</strong></span> 
     </span>
    </p>
   </div>
   <div class='ocr_carea' id='block_1_98' title="bbox 289 4847 942 4921">
    <p class='ocr_par' dir='ltr' id='par_1_98' title="bbox 289 4847 942 4921">
     <span class='ocr_line' id='line_1_98' title="bbox 289 4847 942 4921; baseline -0.005 -17"><span class='ocrx_word' id='word_1_729' title='bbox 289 4850 425 4904; x_wconf 72' lang='grc' dir='ltr'>κατὰ</span> <span class='ocrx_word' id='word_1_730' title='bbox 453 4851 631 4921; x_wconf 79' lang='grc' dir='ltr'>σάρκα</span> <span class='ocrx_word' id='word_1_731' title='bbox 662 4847 942 4918; x_wconf 80' lang='grc' dir='ltr'>συγγενές.</span> 
     </span>
    </p>
   </div>
   <div class='ocr_carea' id='block_1_99' title="bbox 357 5115 1854 5204">
    <p class='ocr_par' dir='ltr' id='par_1_99' title="bbox 357 5115 1854 5204">
     <span class='ocr_line' id='line_1_99' title="bbox 357 5115 1854 5204; baseline 0 -18"><span class='ocrx_word' id='word_1_732' title='bbox 357 5148 381 5186; x_wconf 76' lang='grc'><strong>1</strong></span> <span class='ocrx_word' id='word_1_733' title='bbox 424 5135 516 5200; x_wconf 70' lang='grc' dir='ltr'><strong>ς’.</strong></span> <span class='ocrx_word' id='word_1_734' title='bbox 557 5132 859 5186; x_wconf 81' lang='grc' dir='ltr'>Γινώσκετε</span> <span class='ocrx_word' id='word_1_735' title='bbox 888 5132 998 5203; x_wconf 87' lang='lat'><strong>7&amp;9</strong></span> <span class='ocrx_word' id='word_1_736' title='bbox 1024 5131 1122 5204; x_wconf 81' lang='grc' dir='ltr'><strong>τὴν</strong></span> <span class='ocrx_word' id='word_1_737' title='bbox 1155 5132 1313 5203; x_wconf 85' lang='grc' dir='ltr'>χάριν</span> <span class='ocrx_word' id='word_1_738' title='bbox 1339 5130 1439 5197; x_wconf 77' lang='grc' dir='ltr'>τοῦ,</span> <span class='ocrx_word' id='word_1_739' title='bbox 1462 5115 1668 5204; x_wconf 70' lang='grc' dir='ltr'>Κυρίου</span> <span class='ocrx_word' id='word_1_740' title='bbox 1699 5134 1854 5204; x_wconf 78' lang='grc' dir='ltr'>ἡμῶν</span> 
     </span>
    </p>
   </div>
   <div class='ocr_carea' id='block_1_100' title="bbox 299 5222 1851 5295">
    <p class='ocr_par' dir='ltr' id='par_1_100' title="bbox 299 5222 1851 5295">
     <span class='ocr_line' id='line_1_100' title="bbox 299 5222 1851 5295; baseline -0.001 -16"><span class='ocrx_word' id='word_1_741' title='bbox 299 5223 469 5295; x_wconf 76' lang='grc' dir='ltr'>Ἰησοῦ</span> <span class='ocrx_word' id='word_1_742' title='bbox 519 5222 780 5293; x_wconf 82' lang='grc' dir='ltr'>Χριστοῦ,</span> <span class='ocrx_word' id='word_1_743' title='bbox 811 5224 893 5277; x_wconf 78' lang='grc' dir='ltr'><strong>ὅτι</strong></span> <span class='ocrx_word' id='word_1_744' title='bbox 932 5223 1001 5278; x_wconf 82' lang='grc' dir='ltr'><strong>δι’</strong></span> <span class='ocrx_word' id='word_1_745' title='bbox 1031 5224 1174 5294; x_wconf 80' lang='grc' dir='ltr'>ὑμᾶς</span> <span class='ocrx_word' id='word_1_746' title='bbox 1213 5223 1550 5295; x_wconf 84' lang='grc' dir='ltr'>ἐπτώχευσε,</span> <span class='ocrx_word' id='word_1_747' title='bbox 1599 5223 1851 5290; x_wconf 85' lang='grc' dir='ltr'>πλούσιος</span> 
     </span>
    </p>
   </div>
   <div class='ocr_carea' id='block_1_101' title="bbox 284 5313 1845 5386">
    <p class='ocr_par' dir='ltr' id='par_1_101' title="bbox 284 5313 1845 5386">
     <span class='ocr_line' id='line_1_101' title="bbox 284 5313 1845 5386; baseline 0.001 -19"><span class='ocrx_word' id='word_1_748' title='bbox 284 5313 377 5376; x_wconf 82' lang='grc' dir='ltr'>ὣν,</span> <span class='ocrx_word' id='word_1_749' title='bbox 430 5314 517 5367; x_wconf 75' lang='grc' dir='ltr'><strong>ἵνα</strong></span> <span class='ocrx_word' id='word_1_750' title='bbox 564 5314 724 5383; x_wconf 76' lang='grc' dir='ltr'>ὑμεῖς</span> <span class='ocrx_word' id='word_1_751' title='bbox 768 5316 832 5383; x_wconf 80' lang='grc' dir='ltr'>τῇ</span> <span class='ocrx_word' id='word_1_752' title='bbox 878 5314 1086 5368; x_wconf 72' lang='grc' dir='ltr'>ἐκείνου</span> <span class='ocrx_word' id='word_1_753' title='bbox 1137 5314 1377 5386; x_wconf 74' lang='grc' dir='ltr'>πτωχείᾳ</span> <span class='ocrx_word' id='word_1_754' title='bbox 1419 5314 1775 5386; x_wconf 83' lang='grc' dir='ltr'>πλουτήσητε.</span> <span class='ocrx_word' id='word_1_755' title='bbox 1826 5336 1845 5368; x_wconf 72' lang='grc' dir='ltr'><strong>ι</strong></span> 
     </span>
    </p>
   </div>
   <div class='ocr_carea' id='block_1_102' title="bbox 291 5404 1851 5477">
    <p class='ocr_par' dir='ltr' id='par_1_102' title="bbox 291 5404 1851 5477">
     <span class='ocr_line' id='line_1_102' title="bbox 291 5404 1851 5477; baseline 0.003 -20"><span class='ocrx_word' id='word_1_756' title='bbox 291 5405 476 5476; x_wconf 78' lang='grc' dir='ltr'>’Δθρει</span> <span class='ocrx_word' id='word_1_757' title='bbox 497 5405 559 5474; x_wconf 85' lang='grc' dir='ltr'><strong>δή</strong></span> <span class='ocrx_word' id='word_1_758' title='bbox 589 5421 679 5474; x_wconf 86' lang='grc' dir='ltr'><strong>μοι</strong></span> <span class='ocrx_word' id='word_1_759' title='bbox 706 5404 800 5457; x_wconf 74' lang='grc' dir='ltr'><strong>καὶ</strong></span> <span class='ocrx_word' id='word_1_760' title='bbox 833 5405 976 5473; x_wconf 86' lang='grc' dir='ltr'>μάλα</span> <span class='ocrx_word' id='word_1_761' title='bbox 1011 5405 1195 5472; x_wconf 82' lang='grc' dir='ltr'>σαφῶς</span> <span class='ocrx_word' id='word_1_762' title='bbox 1216 5406 1272 5461; x_wconf 83' lang='grc' dir='ltr'><strong>ἕν</strong></span> <span class='ocrx_word' id='word_1_763' title='bbox 1293 5424 1355 5472; x_wconf 85' lang='grc' dir='ltr'><strong>γε</strong></span> <span class='ocrx_word' id='word_1_764' title='bbox 1379 5408 1612 5462; x_wconf 82' lang='grc' dir='ltr'>τουτοισὶ</span> <span class='ocrx_word' id='word_1_765' title='bbox 1643 5408 1851 5477; x_wconf 77' lang='grc' dir='ltr'>καὶτῆς</span> 
     </span>
    </p>
   </div>
   <div class='ocr_carea' id='block_1_103' title="bbox 290 5495 1850 5572">
    <p class='ocr_par' dir='ltr' id='par_1_103' title="bbox 290 5495 1850 5572">
     <span class='ocr_line' id='line_1_103' title="bbox 290 5495 1850 5572; baseline 0.001 -22"><span class='ocrx_word' id='word_1_766' title='bbox 290 5495 431 5561; x_wconf 73' lang='grc' dir='ltr'>θείας</span> <span class='ocrx_word' id='word_1_767' title='bbox 456 5515 515 5551; x_wconf 89' lang='grc' dir='ltr'><strong>τε</strong></span> <span class='ocrx_word' id='word_1_768' title='bbox 543 5498 637 5551; x_wconf 78' lang='grc' dir='ltr'>καὶ</span> <span class='ocrx_word' id='word_1_769' title='bbox 654 5497 930 5569; x_wconf 81' lang='grc' dir='ltr'>ἀκηράτου</span> <span class='ocrx_word' id='word_1_770' title='bbox 954 5496 1166 5566; x_wconf 77' lang='grc' dir='ltr'>φύσεως</span> <span class='ocrx_word' id='word_1_771' title='bbox 1185 5499 1285 5572; x_wconf 78' lang='grc' dir='ltr'><strong>τὴν</strong></span> <span class='ocrx_word' id='word_1_772' title='bbox 1306 5498 1598 5571; x_wconf 77' lang='grc' dir='ltr'>ὑπεροχὴν,</span> <span class='ocrx_word' id='word_1_773' title='bbox 1630 5499 1723 5553; x_wconf 82' lang='grc' dir='ltr'><strong>καὶ</strong></span> <span class='ocrx_word' id='word_1_774' title='bbox 1746 5500 1850 5553; x_wconf 80' lang='grc' dir='ltr'><strong>τῶν</strong></span> 
     </span>
    </p>
   </div>
   <div class='ocr_carea' id='block_1_104' title="bbox 1957 4752 3531 4842">
    <p class='ocr_par' dir='ltr' id='par_1_104' title="bbox 1957 4752 3531 4842">
     <span class='ocr_line' id='line_1_104' title="bbox 1957 4752 3531 4842; baseline -0.005 -14"><span class='ocrx_word' id='word_1_775' title='bbox 1957 4772 2129 4829; x_wconf 87' lang='lat' dir='ltr'><strong>Filius</strong></span> <span class='ocrx_word' id='word_1_776' title='bbox 2165 4752 2231 4826; x_wconf 58' lang='grc' dir='ltr'><strong>ὀι</strong></span> <span class='ocrx_word' id='word_1_777' title='bbox 2268 4752 2536 4827; x_wconf 80' lang='lat' dir='ltr'><strong>Dominus</strong></span> <span class='ocrx_word' id='word_1_778' title='bbox 2564 4790 2578 4826; x_wconf 89' lang='lat'><strong>:</strong></span> <span class='ocrx_word' id='word_1_779' title='bbox 2609 4773 2697 4842; x_wconf 87' lang='lat' dir='ltr'><strong>qui</strong></span> <span class='ocrx_word' id='word_1_780' title='bbox 2741 4771 2961 4840; x_wconf 84' lang='lat' dir='ltr'><strong>quidem</strong></span> <span class='ocrx_word' id='word_1_781' title='bbox 3015 4777 3072 4823; x_wconf 84' lang='lat' dir='ltr'><strong>ut</strong></span> <span class='ocrx_word' id='word_1_782' title='bbox 3119 4780 3311 4823; x_wconf 88' lang='lat' dir='ltr'><strong>natura</strong></span> <span class='ocrx_word' id='word_1_783' title='bbox 3370 4768 3531 4831; x_wconf 85' lang='lat' dir='ltr'><strong>Dens,</strong></span> 
     </span>
    </p>
   </div>
   <div class='ocr_carea' id='block_1_105' title="bbox 1964 4859 3537 4932">
    <p class='ocr_par' dir='ltr' id='par_1_105' title="bbox 1964 4859 3537 4932">
     <span class='ocr_line' id='line_1_105' title="bbox 1964 4859 3537 4932; baseline -0.002 -16"><span class='ocrx_word' id='word_1_784' title='bbox 1964 4869 2126 4930; x_wconf 85' lang='lat' dir='ltr'><strong>caput</strong></span> <span class='ocrx_word' id='word_1_785' title='bbox 2169 4862 2332 4917; x_wconf 78' lang='lat' dir='ltr'><strong>habet</strong></span> <span class='ocrx_word' id='word_1_786' title='bbox 2374 4861 2589 4916; x_wconf 86' lang='lat' dir='ltr'><strong>Patrem</strong></span> <span class='ocrx_word' id='word_1_787' title='bbox 2639 4863 2732 4932; x_wconf 84' lang='lat' dir='ltr'><strong>qui</strong></span> <span class='ocrx_word' id='word_1_788' title='bbox 2781 4873 2865 4917; x_wconf 88' lang='lat' dir='ltr'><strong>est</strong></span> <span class='ocrx_word' id='word_1_789' title='bbox 2915 4863 2967 4917; x_wconf 91' lang='lat' dir='ltr'><strong>in</strong></span> <span class='ocrx_word' id='word_1_790' title='bbox 3014 4861 3170 4932; x_wconf 60' lang='lat' dir='ltr'><strong>cmlis</strong></span> <span class='ocrx_word' id='word_1_791' title='bbox 3196 4878 3212 4917; x_wconf 87' lang='lat'><strong>:</strong></span> <span class='ocrx_word' id='word_1_792' title='bbox 3241 4859 3414 4916; x_wconf 72' lang='lat' dir='ltr'><strong>factus</strong></span> <span class='ocrx_word' id='word_1_793' title='bbox 3452 4866 3537 4913; x_wconf 84' lang='lat' dir='ltr'><strong>est.</strong></span> 
     </span>
    </p>
   </div>
   <div class='ocr_carea' id='block_1_106' title="bbox 1963 4952 3537 5025">
    <p class='ocr_par' dir='ltr' id='par_1_106' title="bbox 1963 4952 3537 5025">
     <span class='ocr_line' id='line_1_106' title="bbox 1963 4952 3537 5025; baseline -0.001 -18"><span class='ocrx_word' id='word_1_794' title='bbox 1963 4960 2145 5008; x_wconf 86' lang='lat' dir='ltr'><strong>autem</strong></span> <span class='ocrx_word' id='word_1_795' title='bbox 2180 4953 2336 5008; x_wconf 86' lang='lat' dir='ltr'><strong>nobis</strong></span> <span class='ocrx_word' id='word_1_796' title='bbox 2364 4962 2526 5023; x_wconf 84' lang='lat' dir='ltr'><strong>caput</strong></span> <span class='ocrx_word' id='word_1_797' title='bbox 2561 4964 2780 5025; x_wconf 83' lang='lat' dir='ltr'><strong>propter</strong></span> <span class='ocrx_word' id='word_1_798' title='bbox 2809 4962 3099 5024; x_wconf 66' lang='lat' dir='ltr'><strong>assumpta</strong></span> <span class='ocrx_word' id='word_1_799' title='bbox 3123 4952 3307 5008; x_wconf 86' lang='lat' dir='ltr'><strong>carnis</strong></span> <span class='ocrx_word' id='word_1_800' title='bbox 3332 4964 3537 5021; x_wconf 84' lang='lat' dir='ltr'><strong>cogna-</strong></span> 
     </span>
    </p>
   </div>
   <div class='ocr_carea' id='block_1_107' title="bbox 1962 5043 2183 5099">
    <p class='ocr_par' dir='ltr' id='par_1_107' title="bbox 1962 5043 2183 5099">
     <span class='ocr_line' id='line_1_107' title="bbox 1962 5043 2183 5099; baseline -0.005 -2"><span class='ocrx_word' id='word_1_801' title='bbox 1962 5043 2183 5099; x_wconf 89' lang='lat' dir='ltr'><strong>tionem.</strong></span> 
     </span>
    </p>
   </div>
   <div class='ocr_carea' id='block_1_108' title="bbox 2034 5134 3531 5207">
    <p class='ocr_par' dir='ltr' id='par_1_108' title="bbox 2034 5134 3531 5207">
     <span class='ocr_line' id='line_1_108' title="bbox 2034 5134 3531 5207; baseline 0 -17"><span class='ocrx_word' id='word_1_802' title='bbox 2034 5134 2123 5190; x_wconf 87' lang='lat' dir='ltr'><strong>Vl.</strong></span> <span class='ocrx_word' id='word_1_803' title='bbox 2172 5153 2190 5187; x_wconf 86' lang='grc' dir='ltr'><strong>ι</strong></span> <span class='ocrx_word' id='word_1_804' title='bbox 2223 5135 2386 5193; x_wconf 86' lang='lat' dir='ltr'><strong>Scitis</strong></span> <span class='ocrx_word' id='word_1_805' title='bbox 2432 5136 2578 5191; x_wconf 84' lang='lat' dir='ltr'><strong>enim</strong></span> <span class='ocrx_word' id='word_1_806' title='bbox 2634 5137 2864 5207; x_wconf 87' lang='lat' dir='ltr'><strong>gratiam</strong></span> <span class='ocrx_word' id='word_1_807' title='bbox 2923 5137 3131 5193; x_wconf 90' lang='lat' dir='ltr'><strong>Domini</strong></span> <span class='ocrx_word' id='word_1_808' title='bbox 3187 5136 3358 5191; x_wconf 89' lang='lat' dir='ltr'><strong>nostri</strong></span> <span class='ocrx_word' id='word_1_809' title='bbox 3401 5134 3531 5192; x_wconf 83' lang='lat' dir='ltr'><strong>Jesu</strong></span> 
     </span>
    </p>
   </div>
   <div class='ocr_carea' id='block_1_109' title="bbox 1961 5220 3527 5299">
    <p class='ocr_par' dir='ltr' id='par_1_109' title="bbox 1961 5220 3527 5299">
     <span class='ocr_line' id='line_1_109' title="bbox 1961 5220 3527 5299; baseline 0 -18"><span class='ocrx_word' id='word_1_810' title='bbox 1961 5226 2199 5293; x_wconf 83' lang='lat' dir='ltr'><strong>Christi;</strong></span> <span class='ocrx_word' id='word_1_811' title='bbox 2250 5227 2507 5296; x_wconf 89' lang='lat' dir='ltr'><strong>quoniam</strong></span> <span class='ocrx_word' id='word_1_812' title='bbox 2558 5238 2778 5299; x_wconf 87' lang='lat' dir='ltr'><strong>propter</strong></span> <span class='ocrx_word' id='word_1_813' title='bbox 2821 5244 2918 5284; x_wconf 84' lang='lat' dir='ltr'><strong>vos</strong></span> <span class='ocrx_word' id='word_1_814' title='bbox 2961 5244 3163 5299; x_wconf 72' lang='lat' dir='ltr'><strong>egenus</strong></span> <span class='ocrx_word' id='word_1_815' title='bbox 3204 5220 3381 5284; x_wconf 77' lang='lat' dir='ltr'><strong>factus</strong></span> <span class='ocrx_word' id='word_1_816' title='bbox 3422 5236 3527 5292; x_wconf 86' lang='lat' dir='ltr'><strong>est,</strong></span> 
     </span>
    </p>
   </div>
   <div class='ocr_carea' id='block_1_110' title="bbox 1958 5302 3529 5387">
    <p class='ocr_par' dir='ltr' id='par_1_110' title="bbox 1958 5302 3529 5387">
     <span class='ocr_line' id='line_1_110' title="bbox 1958 5302 3529 5387; baseline 0.001 -15"><span class='ocrx_word' id='word_1_817' title='bbox 1958 5334 2079 5372; x_wconf 84' lang='lat' dir='ltr'><strong>cum</strong></span> <span class='ocrx_word' id='word_1_818' title='bbox 2127 5329 2270 5372; x_wconf 80' lang='lat' dir='ltr'><strong>esset</strong></span> <span class='ocrx_word' id='word_1_819' title='bbox 2318 5317 2491 5383; x_wconf 81' lang='lat' dir='ltr'><strong>dives,</strong></span> <span class='ocrx_word' id='word_1_820' title='bbox 2530 5328 2589 5373; x_wconf 85' lang='lat' dir='ltr'><strong>ut</strong></span> <span class='ocrx_word' id='word_1_821' title='bbox 2623 5319 2764 5373; x_wconf 89' lang='lat' dir='ltr'><strong>illius</strong></span> <span class='ocrx_word' id='word_1_822' title='bbox 2800 5319 2977 5387; x_wconf 76' lang='lat' dir='ltr'><strong>inopia</strong></span> <span class='ocrx_word' id='word_1_823' title='bbox 3022 5335 3116 5374; x_wconf 82' lang='lat' dir='ltr'><strong>vos</strong></span> <span class='ocrx_word' id='word_1_824' title='bbox 3148 5319 3342 5375; x_wconf 80' lang='lat' dir='ltr'><strong>divites</strong></span> <span class='ocrx_word' id='word_1_825' title='bbox 3380 5302 3529 5375; x_wconf 83' lang='lat' dir='ltr'><strong>esse-</strong></span> 
     </span>
    </p>
   </div>
   <div class='ocr_carea' id='block_1_111' title="bbox 1961 5409 3528 5484">
    <p class='ocr_par' dir='ltr' id='par_1_111' title="bbox 1961 5409 3528 5484">
     <span class='ocr_line' id='line_1_111' title="bbox 1961 5409 3528 5484; baseline 0.003 -22"><span class='ocrx_word' id='word_1_826' title='bbox 1961 5410 2111 5464; x_wconf 79' lang='lat' dir='ltr'><strong>tis&quot;.</strong></span> <span class='ocrx_word' id='word_1_827' title='bbox 2146 5428 2164 5461; x_wconf 70' lang='grc' dir='ltr'><strong>ι</strong></span> <span class='ocrx_word' id='word_1_828' title='bbox 2196 5409 2434 5466; x_wconf 85' lang='lat' dir='ltr'><strong>Observa</strong></span> <span class='ocrx_word' id='word_1_829' title='bbox 2468 5414 2555 5479; x_wconf 75' lang='lat' dir='ltr'><strong>hic</strong></span> <span class='ocrx_word' id='word_1_830' title='bbox 2586 5413 2731 5468; x_wconf 87' lang='lat' dir='ltr'><strong>clare</strong></span> <span class='ocrx_word' id='word_1_831' title='bbox 2757 5413 2913 5484; x_wconf 71' lang='lat'><strong>132</strong></span> <span class='ocrx_word' id='word_1_832' title='bbox 2941 5423 2994 5469; x_wconf 89' lang='lat' dir='ltr'><strong>et</strong></span> <span class='ocrx_word' id='word_1_833' title='bbox 3024 5414 3218 5470; x_wconf 68' lang='lat' dir='ltr'><strong>divina:</strong></span> <span class='ocrx_word' id='word_1_834' title='bbox 3248 5415 3528 5470; x_wconf 84' lang='lat' dir='ltr'><strong>inunorta-</strong></span> 
     </span>
    </p>
   </div>
   <div class='ocr_carea' id='block_1_112' title="bbox 1962 5504 3526 5573">
    <p class='ocr_par' dir='ltr' id='par_1_112' title="bbox 1962 5504 3526 5573">
     <span class='ocr_line' id='line_1_112' title="bbox 1962 5504 3526 5573; baseline 0.005 -18"><span class='ocrx_word' id='word_1_835' title='bbox 1962 5504 2134 5573; x_wconf 88' lang='lat' dir='ltr'><strong>lisque</strong></span> <span class='ocrx_word' id='word_1_836' title='bbox 2163 5514 2368 5560; x_wconf 80' lang='lat' dir='ltr'><strong>natura:</strong></span> <span class='ocrx_word' id='word_1_837' title='bbox 2401 5506 2767 5571; x_wconf 83' lang='lat' dir='ltr'><strong>eminentiam,</strong></span> <span class='ocrx_word' id='word_1_838' title='bbox 2798 5518 2851 5561; x_wconf 84' lang='lat' dir='ltr'><strong>et</strong></span> <span class='ocrx_word' id='word_1_839' title='bbox 2876 5508 3128 5562; x_wconf 78' lang='lat' dir='ltr'><strong>humilem</strong></span> <span class='ocrx_word' id='word_1_840' title='bbox 3173 5522 3387 5564; x_wconf 87' lang='lat' dir='ltr'><strong>rursum</strong></span> <span class='ocrx_word' id='word_1_841' title='bbox 3422 5507 3526 5563; x_wconf 72' lang='lat' dir='ltr'><strong>htt-</strong></span> 
     </span>
    </p>
   </div>
   <div class='ocr_carea' id='block_1_113' title="bbox 352 5674 1867 5753">
    <p class='ocr_par' dir='ltr' id='par_1_113' title="bbox 352 5674 1867 5749">
     <span class='ocr_line' id='line_1_113' title="bbox 352 5674 1867 5749; baseline 0.004 -20"><span class='ocrx_word' id='word_1_842' title='bbox 352 5676 396 5708; x_wconf 69' lang='grc' dir='ltr'><strong>τ’</strong></span> <span class='ocrx_word' id='word_1_843' title='bbox 426 5674 567 5734; x_wconf 79' lang='lat' dir='ltr'><strong>l‘sal.</strong></span> <span class='ocrx_word' id='word_1_844' title='bbox 605 5691 771 5743; x_wconf 76' lang='lat' dir='ltr'><strong>vau,</strong></span> <span class='ocrx_word' id='word_1_845' title='bbox 810 5677 895 5734; x_wconf 71' lang='lat' dir='ltr'><strong>l2.</strong></span> <span class='ocrx_word' id='word_1_846' title='bbox 968 5676 1014 5710; x_wconf 81' lang='grc'><strong>⁷³</strong></span> <span class='ocrx_word' id='word_1_847' title='bbox 1046 5675 1063 5730; x_wconf 95' lang='lat' dir='ltr'><strong>l</strong></span> <span class='ocrx_word' id='word_1_848' title='bbox 1090 5674 1215 5733; x_wconf 89' lang='lat' dir='ltr'><strong>Cor.</strong></span> <span class='ocrx_word' id='word_1_849' title='bbox 1254 5694 1334 5746; x_wconf 72' lang='lat' dir='ltr'><strong>XI,</strong></span> <span class='ocrx_word' id='word_1_850' title='bbox 1359 5679 1411 5734; x_wconf 84' lang='grc'><strong>5.</strong></span> <span class='ocrx_word' id='word_1_851' title='bbox 1489 5679 1725 5736; x_wconf 72' lang='lat' dir='ltr'><strong>“lCor.</strong></span> <span class='ocrx_word' id='word_1_852' title='bbox 1761 5695 1867 5749; x_wconf 70' lang='lat' dir='ltr'><strong>XV,</strong></span> 
     </span>
    </p>
   </div>
   <div class='ocr_carea' id='block_1_114' title="bbox 1975 5674 2534 5753">
    <p class='ocr_par' dir='ltr' id='par_1_114' title="bbox 2032 5680 2534 5753">
     <span class='ocr_line' id='line_1_114' title="bbox 2032 5680 2534 5753; baseline 0.006 -18"><span class='ocrx_word' id='word_1_853' title='bbox 2032 5681 2075 5713; x_wconf 76' lang='grc'><strong>⁷⁸</strong></span> <span class='ocrx_word' id='word_1_854' title='bbox 2112 5680 2157 5736; x_wconf 85' lang='grc' dir='ltr'><strong>ιι</strong></span> <span class='ocrx_word' id='word_1_855' title='bbox 2188 5683 2312 5741; x_wconf 84' lang='lat' dir='ltr'><strong>Cor.</strong></span> <span class='ocrx_word' id='word_1_856' title='bbox 2339 5699 2453 5753; x_wconf 84' lang='lat' dir='ltr'><strong>vnt,</strong></span> <span class='ocrx_word' id='word_1_857' title='bbox 2478 5682 2534 5745; x_wconf 56' lang='lat'><strong>9.</strong></span> 
     </span>
    </p>
   </div>
  </div>
