3952 6200
402 202 541 260 ίῖόδ

1376 204 1434 260 S.
1475 205 1740 260 CYRILLI
1783 205 2244 262 ALEXANDRINI
2281 207 2596 262 ARCHIEI“.

3505 208 3653 264 13όᾶ

407 329 580 369 meum
617 323 824 370 natura:
860 316 1246 382 conditionem,
1289 333 1353 373 ac
1385 332 1644 388 praaterca
1681 321 1964 388 utriusque

2087 321 2162 390 τῆς
2195 320 2609 391 ἀνθρωπότητος
2643 321 2851 390 μέτρων
2872 321 2930 372 τὸ
2959 319 3268 387 ὑφειμένον,
3299 317 3393 369 καὶ
3425 318 3660 387 προσέτι

405 409 727 468 unitionem,
761 422 827 462 eo
863 409 1002 476 quod
1047 406 1369 476 Unigenitus
1400 409 1540 463 ultro
1575 413 1639 462 ad
1680 415 1816 464 hanc
1850 425 1969 483 sese

403 500 642 553 demisit.
684 500 946 565 Quoniam
994 510 1051 554 ut
1083 500 1383 554 divinitatis
1429 517 1558 570 opes
1599 517 1813 555 onmem
1847 517 1970 554 ora-

405 591 568 644 tionis
610 591 719 642 vim
758 602 810 644 et
849 591 1059 660 copiam
1096 591 1251 660 lange
1297 601 1574 660 superanl,
1622 593 1692 644 ita
1739 592 1968 644 humana

401 688 594 730 natura
639 678 926 732 admodum
976 680 1130 746 inops
1181 688 1235 732 et
1279 693 1447 748 egena
1501 689 1616 742 est;
1650 680 1845 749 quippe
1883 678 1970 732 cui

403 768 609 831 munia,
638 769 898 837 quidquid
941 771 1156 822 tandem
1202 769 1253 822 in
1289 769 1448 824 bonis
1482 770 1666 833 habet,
1701 769 1915 823 caelitus
1941 785 1968 821 a

406 859 513 910 Deo
549 859 791 926 impensa
823 860 932 912 sint
964 877 978 912 :
1006 871 1054 913 et
1085 869 1209 914 ante
1237 862 1419 914 omnia
1455 861 1591 915 illud
1623 876 1744 915 esse
1772 862 1967 929 ipsum,

401 962 506 1012 quo
551 950 799 1009 exsistit;
857 965 979 1002 nam
1027 966 1147 1004 cum
1197 952 1489 1020 aliquando
1535 968 1638 1006 nou
1683 961 1847 1017 esset,
1904 953 1970 1005 ad

401 1038 779 1092 exsisteuliatn
822 1055 849 1091 a
903 1038 1012 1092 Deo
1061 1051 1281 1095 evocata
1341 1050 1452 1096 est.
1497 1041 1598 1108 Qui
1648 1056 1777 1109 ergo
1824 1041 1973 1096 dives

403 1141 523 1180 erat
561 1139 616 1182 ut
667 1129 827 1195 Deus,
867 1132 914 1186 is
949 1141 1140 1202 sponte
1185 1147 1410 1201 egenus,
1454 1134 1735 1202 nostrique
1782 1132 1972 1188 similis

406 1217 581 1272 factus
611 1229 714 1284 est,
748 1237 854 1290 quo
892 1223 1126 1277 humana
1157 1233 1346 1277 natura
1381 1225 1433 1276 in
1467 1223 1578 1286 illo,
1610 1224 1676 1278 ad
1707 1223 1974 1278 excellen-

406 1309 495 1362 tiae
539 1311 732 1366 divina:
776 1311 1049 1383 fastigium
1085 1324 1293 1378 evecta,
1327 1314 1658 1383 paupertatis
1695 1314 1967 1369 confusio-

407 1415 529 1454 nem
563 1412 805 1458 exueret.
839 1421 856 1454 ι
889 1403 1360 1459 Conrcsuscitavit
1385 1405 1553 1470 enim,
1591 1414 1647 1459 et
1678 1405 1974 1460 consedere

407 1504 507 1544 nos
535 1491 661 1545 fecit
690 1492 828 1552 Deus
851 1493 1009 1548 Pater
1030 1494 1083 1547 in
1118 1494 1433 1556 cmlestibus
1453 1496 1504 1549 in
1527 1496 1744 1551 Christo
1766 1495 1917 1559 Jesu,
1950 1516 1968 1549 ι

410 1588 470 1634 ιιι
496 1583 753 1651 scriptum
779 1594 859 1638 est
883 1585 951 1637 ⁷⁸.
991 1584 1152 1654 Atqui
1181 1601 1518 1655 nequaquam
1547 1587 1652 1642 huc
1683 1589 1855 1643 evecti
1883 1603 1971 1642 es-

2073 413 2244 482 τούτῳ
2265 412 2359 480 τὴν
2389 413 2588 479 ἀμφοῖν
2619 413 2695 474 είς
2716 413 2942 482 ἑνότητα
2972 411 3261 480 σύμϐασιν,
3294 407 3487 460 ἑαυτὸν
3517 409 3658 461 καθ-

2075 501 2223 564 έντος
2261 503 2340 563 εἰς
2380 501 2539 554 τοῦτο
2600 501 2692 552 τοῦ
2731 499 3086 568 Μονογενοῦς.
3123 497 3311 559 Οὐδεὶς
3340 497 3448 566 γὰρ
3494 497 3660 563 λόγος

2073 591 2509 661 διερμηνεύσειεν
2539 591 2602 644 ἂν
2633 594 2722 642 τὸν
2752 594 2850 661 τῆς
2880 591 3132 659 θεότητος
3165 588 3390 640 πλοῦτον
3410 603 3425 619 ο
3459 588 3661 657 πτωχὴ

2075 683 2131 736 δὲ
2182 685 2302 736 λίαν
2343 686 2376 755 ἡ
2422 683 2792 754 ἁνθρωπότης,
2920 681 3096 733 πάντα
3129 680 3246 732 ἐστὶ
3291 678 3546 731 θεόσδοτὲ
3597 695 3660 729 τε

2075 776 2170 826 καὶ
2195 773 2420 836 ἄνωθεν,
2469 774 2559 825 καὶ
2599 771 2729 824 αὐτὸ
2759 771 2815 824 δὲ
2861 770 2966 841 πρὸ
3005 770 3220 822 πάντων
3253 768 3315 820 τὸ
3357 764 3499 820 εἶναι
3521 787 3534 800 ·
3565 769 3663 820 κέ-

2076 865 2268 935 κληται
2299 865 2406 934 γὰρ
2437 863 2584 934 παρά
2618 861 2709 916 τοῦ
2755 863 2888 916 Θεοῦ
2917 863 3050 932 πρὸς
3083 861 3334 932 ὓπαρξιν,
3371 863 3470 915 ούκ
3518 858 3664 915 οὖσά

2077 972 2226 1011 ποτε.
2283 955 2419 1008 Ἀλλ’
2449 958 2477 1008 6
2528 953 2778 1017 πλούσιος
2823 953 2897 1017 ὡς
2938 953 3088 1016 Θεὸς,
3145 952 3427 1023 ἐθελοντὴς
3474 952 3662 1005 ἐπτώ-

2077 1063 2258 1116 χευσε,
2290 1047 2384 1100 καὶ
2410 1047 2598 1115 γέγονε
2634 1046 2756 1099 καθ’
2781 1046 2945 1115 ἡμᾶς·
2979 1044 3066 1098 ἵνα
3090 1043 3273 1097 λοιπὸν
3302 1046 3333 1113 ἡ
3365 1043 3657 1114 ἀνθρώπου

2079 1134 2259 1202 φύσις,
2292 1138 2349 1188 ἐν
2375 1137 2486 1196 τοῖς
2511 1135 2608 1203 τῆς
2633 1132 2783 1197 θείας
2821 1132 3090 1204 ὑπεροχῆς
3114 1131 3401 1202 ἐψώμασιν
3435 1134 3494 1184 ὲν
3521 1133 3662 1202 X9:-

2079 1225 2189 1296 στῷ
2229 1227 2514 1296 γενομένη,
2566 1225 2625 1278 τὸ
2667 1226 2766 1294 τῆς
2815 1225 3085 1294 πτωχείας
3115 1219 3303 1294 αἶσχος
3346 1223 3664 1276 ἀποσκευά-

2079 1313 2243 1378 ζοιτο.
2284 1332 2302 1364 ι
2339 1315 2631 1385 Συνήγειρε
2668 1313 2776 1385 γὰρ
2823 1315 2968 1383 ἡμᾶς
3011 1313 3040 1364 6
3087 1312 3219 1375 Θεὸς
3250 1313 3340 1364 καὶ
3375 1312 3564 1382 Πατὴρ
3599 1315 3661 1364 ἐν

2080 1402 2319 1473 Χριστῷ,
2349 1403 2446 1455 καὶ
2477 1401 2826 1455 συνεκάθισεν
2852 1403 2909 1454 ὲν
2936 1404 3048 1465 τοῖς
3074 1401 3472 1472 smnpm/50g,»
3510 1401 3660 1454 καθά

2079 1495 2406 1566 γέγραπται.
2468 1493 2604 1546 Ἀλλ’
2635 1494 2733 1545 ούκ
2779 1493 2844 1547 ἂν
2892 1493 3194 1562 γεγόναμεν
3242 1496 3300 1544 ἐν
3341 1493 3574 1556 τούτοις,
3609 1496 3661 1544 εἰ

2084 1586 2158 1657 μὴ
2191 1584 2288 1655 τὴν
2319 1584 2701 1654 πτωχεύουσαν
2731 1585 3042 1654 ἠμπέσχετο
3063 1583 3224 1652 φύσιν
3247 1584 3275 1635 6
3297 1584 3548 1646 πλούσιος
3581 1585 3662 1646 ὡς

409 1688 610 1736 scmus,
646 1673 748 1727 nisi
777 1675 930 1729 dives
966 1687 1022 1729 ut
1053 1675 1214 1742 Deus,
1249 1691 1539 1746 pauperem
1573 1687 1733 1747 atque
1761 1679 1974 1748 inopem

2087 1675 2229 1738 Βεός.
2262 1675 2335 1727 Ού
2359 1674 2466 1744 γάρ
2486 1692 2588 1727 που
2611 1676 2977 1744 πτωχεύσειεν
3006 1673 3070 1727 ἂν
3103 1677 3130 1727 6
3157 1675 3298 1726 κατά
3328 1674 3488 1741 φύσιν
3519 1673 3659 1725 ἰδίαν

409 1773 648 1817 nostram
679 1773 926 1819 naturam
959 1766 1242 1822 induisset.
1282 1766 1466 1835 Neque
1491 1767 1636 1822 enim
1674 1769 1833 1822 homo
1854 1785 1974 1824 cum

408 1866 601 1925 suapte
633 1866 824 1911 natura
857 1873 1059 1927 pauper
1088 1859 1181 1926 sit,
1228 1859 1386 1931 inops
1416 1861 1530 1916 ﬁeri
1568 1871 1714 1917 recte
1739 1863 1973 1919 dicitur:

410 1946 513 2001 hoc
541 1958 722 2002 autem
775 1949 848 2004 illi
883 1953 1272 2006 convenienter
1323 1962 1421 2006 usu
1449 1953 1664 2008 venisse
1695 1955 1974 2021 asseritur,

306 2115 311 2123 _
409 2037 500 2103 qui
531 2038 664 2092 citra
705 2054 922 2096 omnem
962 2045 1393 2097 controversiam
1435 2045 1583 2098 dives
1613 2053 1718 2107 est,
1755 2045 1855 2099 hoc
1895 2053 1979 2101 est

409 2124 501 2178 Dei
537 2124 710 2182 Patris
746 2126 1000 2194 Verbum,
1039 2141 1391 2201 posteaquam
1430 2132 1588 2185 homo
1631 2135 1798 2187 nostri
1829 2134 1979 2188 simi-

408 2215 476 2271 lis
506 2218 705 2271 factum
741 2230 841 2273 est.
876 2220 1026 2276 Unus
1073 2221 1255 2291 itaque
1299 2231 1382 2277 est
1409 2221 1659 2277 Christus
1695 2232 1748 2276 et
1785 2221 1975 2279 Filius.

474 2306 582 2363 Vll.
630 2327 648 2360 ι
680 2308 929 2366 Christus
972 2327 1070 2367 nos
1120 2313 1351 2367 redemit
1391 2316 1455 2368 de
1491 2314 1777 2368 maledicto
1819 2314 1976 2384 legis,

407 2400 584 2453 factus
627 2415 724 2469 pro
768 2403 922 2457 nobis
970 2404 1316 2458 maledictum
1347 2422 1360 2458 :
1389 2405 1511 2472 quia
1550 2405 1808 2473 scriptum
1845 2415 1931 2459 est
1961 2422 1974 2458 :

405 2489 721 2545 Maledictus
754 2493 930 2546 omnis
961 2493 1054 2563 qui
1084 2495 1284 2562 pendet
1315 2495 1368 2548 in
1400 2494 1546 2564 ligno
1568 2495 1638 2547 ⁷⁷.
1676 2513 1694 2546 ι
1735 2495 1846 2550 Lex
1885 2511 1978 2550 eos

407 2580 770 2636 maledictioni
813 2582 1078 2638 obnoxios
1109 2584 1453 2650 decernebat,
1481 2585 1572 2654 qui
1615 2585 1666 2638 in
1695 2595 1976 2654 peccatum

405 2680 499 2722 aut
544 2673 1042 2739 praevaricationem
1085 2674 1465 2729 incurrissent.
1499 2675 1572 2727 At
1615 2690 1742 2729 vero
1772 2675 1977 2742 peccati

405 2761 646 2825 nescius,
697 2761 799 2816 hoc
839 2772 920 2817 est
965 2763 1232 2829 Christus,
1277 2765 1460 2833 iniqua
1511 2764 1778 2818 sententia
1820 2764 1872 2817 in
1921 2779 1980 2818 se

406 2859 654 2919 excepta,
704 2851 883 2906 crucis
930 2853 1251 2921 supplicium
1306 2851 1492 2918 subiit,
1534 2868 1704 2921 eaque
1736 2852 1975 2923 pertulit,

405 2953 529 3008 (iure
583 2941 872 2998 maledicto
913 2944 1191 2998 obstrictis
1225 2944 1348 3015 jure
1391 2946 1759 3012 debebantur;
1796 2945 1974 3013 utqui

2076 1766 2369 1836 πτωχεύων
2392 1767 2698 1837 ἄνθρωπος.
2731 1765 2899 1818 Πάθοι
2927 1767 2972 1818 δ’
2996 1766 3060 1820 ἃν
3091 1765 3245 1818 τοῦτο
3275 1766 3656 1835 πρεπωδέστε-

2081 1875 2170 1929 ρον
2203 1860 2230 1910 ὁ
2259 1857 2510 1919 πλούσιος
2541 1857 2777 1926 ἀληθῶς,
2804 1857 3080 1910 τουτέστιν
3109 1858 3137 1908 ό
3163 1856 3227 1908 ὲκ
3263 1854 3396 1907 Θεοῦ
3441 1856 3662 1925 Πατρὸς

2077 1949 2266 2017 Λόγος,
2298 1949 2386 2002 ὅτε
2415 1948 2605 2016 γέγονε
2641 1947 2762 2002 καθ’
2791 1949 2959 2017 ἡμᾶς.
2992 1944 3086 2012 Εἷς
3128 1942 3220 2000 οὖν
3250 1946 3354 2018 ἄρα
3402 1948 3523 2000 ἐστὶ
3561 1950 3659 2002 καὶ

2077 2039 2313 2112 Χριστὸς
2341 2043 2436 2093 καὶ
2458 2037 2605 2104 Υἱός.

2153 2330 2172 2362 ‹
2218 2313 2287 2363 Z'.
2331 2310 2563 2381 Χριστὸς
2593 2311 2743 2380 ἡμᾶς
2789 2308 3122 2379 ἐξηγόρασεν
3164 2309 3230 2361 ὲκ
3275 2309 3374 2377 τῆς
3410 2308 3660 2377 κατάρας

2077 2402 2171 2456 τοῦ
2216 2403 2401 2472 νόμου,
2439 2400 2726 2470 γενόμενος
2780 2399 2922 2470 ὑπὲρ
2974 2399 3130 2470 ἡμῶν
3165 2403 3401 2471 κατάρα.
3448 2403 3661 2472 Γέγρςι⁹

2081 2510 2208 2546 πται
2243 2493 2369 2561 γάρ·
2419 2491 2842 2561 Ἐπικατάρατος
2875 2493 2981 2554 πᾶς
3010 2493 3038 2544 6
3067 2491 3412 2562 κρεμάμενος
3444 2492 3536 2544 ἐπὶ
3564 2492 3663 2558 €6-

2077 2584 2192 2636 λου.
2229 2603 2247 2635 ι
2281 2582 2385 2635 Τοῦ
2415 2580 2639 2651 νομικοῦ
2669 2581 2995 2652 γράμματος
3028 2583 3299 2652 ἐπάρατον
3328 2584 3664 2651 ἀποφαίνον-

2077 2691 2168 2738 τος
2220 2673 2311 2727 τὸν
2362 2674 2417 2724 ὲν
2459 2671 2766 2741 παραϐάσει
2831 2673 2924 2724 καὶ
2976 2672 3239 2742 ἁμαρτίᾳ,
3287 2672 3316 2723 6
3372 2672 3448 2741 μὴ
3501 2671 3666 2736 είδὼς

2079 2764 2372 2836 ἁμαρτίαν,
2423 2763 2671 2815 τουτέστι
2719 2762 2972 2833 Χριστὸς,
3011 2763 3367 2832 ύπενήνεκται
3397 2766 3460 2829 τῇ
3503 2763 3664 2832 δίκῃ,

2078 2855 2258 2925 ψῆφον
2301 2853 2485 2907 ἄδικον
2523 2851 2840 2921 ὑπομείνας,
2886 2852 2982 2903 καὶ
3012 2851 3081 2903 τὰ
3133 2853 3243 2913 τοῖς
3275 2852 3331 2902 ὲν
3364 2852 3472 2920 ἀρᾷ
3520 2851 3664 2920 πρέ-

2082 2963 2248 2998 ποντα
2281 2941 2487 2996 παθών·
2517 2941 2772 2994 ῖναότῶν
2799 2942 2934 2995 ὅλων
2959 2942 3234 3006 ἀντάξιος,
3267 2943 3408 3010 ὑπὲρ
3440 2944 3665 2995 πάντων

407 3033 786 3088 universorum
806 3037 1037 3105 pretium
1059 3037 1399 3106 exazqnabat,
1415 3038 1789 3092 universorum
1814 3052 1976 3091 causa

2087 3035 2390 3100 ἀποθανὼν,
2439 3037 2534 3104 τῆς
2569 3034 2824 3088 ἁπάντων
2864 3033 3146 3096 ἀπειθείας
3191 3033 3330 3106 λύσῃ
3363 3037 3429 3085 τά
3464 3033 3663 3101 ἐγκλή-

409 3133 636 3178 mortem
675 3141 982 3195 perpessus,
1027 3130 1310 3184 universos
1355 3129 1422 3182 ab
1459 3129 1834 3184 inobedientiae
1881 3129 1981 3183 cri-

407 3213 553 3268 mine
578 3216 904 3282 exsolveret,
939 3228 993 3273 et
1023 3220 1206 3274 orbem
1235 3220 1544 3274 universum
1586 3235 1684 3274 suo
1717 3220 1981 3288 sanguine

409 3305 725 3361 redimeret.
755 3307 1026 3365 Caeterum
1057 3312 1288 3382 pretium
1324 3326 1421 3380 pro
1453 3312 1823 3366 universorum
1856 3328 1979 3381 pec-

409 3399 549 3450 catis
576 3415 716 3455 unus
752 3416 1094 3472 nequaquam
1131 3404 1501 3474 persolvisset,
1547 3404 1594 3458 si
1628 3419 1794 3474 purus
1820 3404 1981 3460 homo

409 3495 620 3542 tantum
675 3492 995 3547 exstitisset.
1049 3493 1203 3559 Quod
1254 3495 1299 3548 si
1353 3504 1410 3547 ut
1450 3492 1593 3548 Dens
1643 3496 1977 3562 incarnatus,

412 3580 740 3652 propriaque
775 3583 826 3635 in
860 3597 1027 3638 carne
1051 3595 1278 3642 mortem
1313 3600 1608 3657 perpessus
1640 3595 1819 3640 mente
1845 3600 1980 3641 con-

411 3669 667 3740 cipiatur,
700 3673 950 3729 universa
983 3684 1228 3731 creatura
1275 3677 1546 3734 modicum
1576 3677 1701 3748 quid
1740 3678 1844 3732 erit
1879 3679 1987 3747 ipsi-

2089 3146 2254 3200 ματα,
2287 3127 2379 3180 καὶ
2405 3127 2650 3198 ἀγοράσῃ
2687 3125 2786 3196 τὴν
2816 3124 2908 3179 ὑπ’
2937 3125 3164 3194 οὐρανὸν
3193 3125 3384 3193 αἵματι
3413 3125 3485 3194 τῷ
3517 3124 3661 3193 ἰδίῳ.

2085 3221 2199 3274 Ούκ
2223 3218 2288 3273 ἂν
2311 3212 2406 3271 οὖν
2443 3217 2663 3285 γέγονεν
2692 3209 2772 3278 εἷς
2802 3215 3054 3268 ἁπάντων
3100 3213 3370 3278 ἀντάξιος,
3404 3215 3559 3282 εἴπερ
3592 3209 3669 3282 ἦν

2083 3311 2366 3382 ἄνθρωπος
2395 3308 2598 3371 ἁπλῶς.
2639 3309 2702 3360 Εἰ
2729 3308 2784 3361 δὲ
2831 3307 2893 3376 δὴ
2931 3310 3101 3359 νοοῖτο
3144 3307 3274 3369 Θεὸς
3305 3305 3669 3376 ἐνηνθρωπηο

2083 3402 2215 3466 κὼς,
2244 3401 2336 3454 καὶ
2368 3401 2532 3472 σαρκὶ
2555 3402 2622 3470 τῇ
2658 3399 2766 3470 ἰδίᾳ
2808 3397 3015 3463 παθὼν,
3056 3397 3211 3467 ὀλίγη
3252 3397 3390 3468 πρὸς
3423 3397 3584 3449 αὑτὸν
3627 3398 3666 3465 ἡ

2086 3497 2348 3566 σύμπασα
2385 3494 2579 3558 κτίσις,
2617 3492 2710 3546 καὶ
2743 3493 2956 3561 ἀπόχρη
2995 3491 3129 3560 πρὸς
3181 3491 3378 3560 λύτρον
3419 3491 3521 3558 τῆς
3570 3490 3666 3543 ὑπ’

2083 3585 2310 3658 οὐρανὸν
2338 3586 2366 3638 6
2414 3585 2542 3654 μιᾶς
2573 3582 2773 3653 σαρκὸς
2801 3582 3057 3645 θάνατος·
3103 3582 3209 3636 ἰδία
3238 3581 3347 3651 γὰρ
3373 3577 3443 3652 ἦν
3472 3581 3571 3634 τοῦ
3602 3584 3666 3634 ἐκ

2085 3676 2220 3731 Θεοῦ
2250 3677 2463 3748 Πατρὸς
2491 3675 2688 3743 φύντος
2717 3673 2914 3741 Λόγου.

410 3771 755 3830 comparata;
789 3772 951 3832 atque
999 3765 1133 3820 adeo
1169 3767 1237 3821 ad
1259 3768 1502 3822 Jmmani
1575 3766 1793 3838 generis
1856 3766 2232 3823 liberationem
2277 3767 2435 3821 unius
2463 3764 2645 3820 carnis
2676 3778 2822 3819 mors
2891 3763 3103 3818 abunde
3149 3773 3230 3817 sat
3261 3763 3422 3817 fuerit
3453 3781 3471 3816 :
3539 3777 3670 3833 pro-

409 3856 526 3924 pria
563 3856 708 3911 cnim
736 3867 854 3913 erat
884 3857 1072 3927 Verbi,
1100 3862 1245 3932 quod
1280 3877 1348 3917 ex
1379 3863 1487 3919 Deo
1511 3873 1703 3918 natum
1733 3869 1847 3939 est.

483 3946 617 4004 Vlll.
665 3968 684 4003 ι
715 3949 850 4006 Eum
883 3963 1061 4008 autem
1103 3955 1193 4024 qui
1223 3957 1434 4010 modico
1462 3971 1626 4025 quam
1661 3955 1838 4026 angeli
1879 3955 1983 4009 mi-

412 4048 637 4096 noratus
693 4051 813 4108 est,
868 4045 1114 4101 videmus
1161 4043 1344 4102 Jesum
1400 4057 1621 4118 propter
1676 4047 1983 4116 passionem

415 4133 627 4200 mortis,
660 4133 830 4203 gloria
873 4146 926 4189 et
955 4137 1163 4193 honore
1198 4149 1555 4197 coronatum:
1600 4150 1656 4193 ut
1686 4139 1860 4210 gratia
1893 4138 1984 4192 Dei

410 4238 511 4293 pro
564 4225 815 4280 omnibus
863 4237 1107 4300 gustaret
1135 4229 1290 4300 133
1332 4241 1560 4285 mortem
1585 4215 1653 4284 7°.
1690 4250 1709 4283 ι
1764 4229 1986 4284 Divinns

2169 3971 2186 4004 ι
2231 3955 2313 4007 H'.
2336 3953 2442 4006 Τὸν
2469 3951 2526 4005 δὲ
2561 3950 2733 4023 βραχύ
2755 3967 2806 4004 τι
2832 3949 2963 4021 παρ’
2989 3949 3254 4018 ἀγγέλους
3280 3947 3674 4018 ἠλαττωμένον

2091 4046 2361 4117 βλέπομεν
2403 4043 2632 4116 Ἰησοῦν,
2665 4042 2752 4096 διὰ
2780 4042 2841 4095 τὸ
2880 4042 3111 4112 πάθημα
3135 4040 3228 4092 τοῦ
3257 4039 3512 4100 Θανάτου,
3541 4039 3672 4110 δόξῃ

2089 4138 2182 4191 καὶ
2226 4141 2361 4209 τιμῇ
2411 4134 2875 4205 ἐστεφανωμένον,
2919 4134 3064 4196 ὅπως
3111 4133 3296 4202 χάριτι
3346 4131 3483 4184 Θεοῦ
3527 4132 3671 4203 ὑπὲρ

2091 4229 2291 4290 παντὸς
2319 4227 2581 4297 γεύσηται
2611 4225 2863 4278 θανάτου.
2907 4243 2924 4275 ι
2968 4224 3024 4276 '0
3053 4222 3108 4276 δὲ
3140 4222 3426 4284 θεσπέσιος
3460 4222 3676 4285 Παῦλος

416 4310 611 4365 l‘aulus
658 4312 771 4367 [nec
818 4329 1035 4369 rursum
1085 4317 1154 4372 de
1195 4317 1414 4374 Christo
1455 4319 1697 4374 omnium
1741 4331 1978 4375 nostrum

2088 4327 2213 4384 τοὺς
2242 4318 2479 4391 περὶτοῦ
2510 4317 2727 4371 πάντων
2755 4315 2912 4386 ἡμῶν
2941 4316 3191 4386 Σωτῆρος
3221 4313 3459 4384 Χριστοῦ
3490 4313 3676 4366 ποιού-

415 4399 697 4456 Salvatore
733 4417 1124 4461 commemorat
1153 4427 1166 4462 :
1200 4427 1219 4460 ι
1249 4408 1382 4463 Cum
1413 4411 1854 4480 primogenitum,
1887 4415 1983 4477 ait,

413 4494 710 4548 introducit
744 4494 795 4547 in
841 4496 1029 4550 orbem
1061 4506 1238 4561 terrae,
1279 4499 1453 4553 dicit:
1493 4500 1560 4553 Et
1592 4501 1820 4555 adorent
1863 4517 1984 4555 eum

412 4601 603 4641 omnes
651 4587 829 4656 angeli
876 4587 968 4642 Dei
988 4587 1059 4644 ⁷³.
1091 4607 1111 4640 ι
1161 4589 1229 4645 Et
1260 4590 1454 4646 iterum
1485 4609 1499 4645 :
1535 4609 1554 4643 ι
1587 4591 1688 4658 Qui
1742 4607 1864 4646 cum
1914 4596 1987 4648 sit

415 4678 671 4746 splendor
701 4678 904 4750 gloriae,
940 4689 992 4734 et
1021 4679 1190 4750 ﬁgura
1217 4680 1535 4737 substantia!
1563 4683 1704 4754 ejus,
1735 4693 1988 4754 portans-

415 4785 522 4839 qne
565 4773 746 4826 omnia
793 4774 960 4828 verbo
1003 4774 1225 4829 virtutis
1265 4789 1398 4841 sua,
1446 4778 1822 4848 purgationem
1862 4792 1988 4847 pec-

417 4873 659 4917 catorum
714 4873 1028 4920 nostrorum
1079 4866 1322 4933 faciens,
1376 4869 1529 4924 sedet
1578 4870 1647 4925 ad
1703 4870 1984 4926 dexteram

422 4952 600 5007 throni
647 4954 947 5022 maiestatis
993 4957 1046 5011 in
1091 4959 1356 5024 excelsis;
1405 4969 1552 5015 tanto
1590 4960 1782 5015 melior
1827 4975 1985 5030 ange-

424 5041 488 5095 lis
532 5041 778 5108 cll‘ectus,
825 5054 1027 5113 quanto
1081 5045 1419 5103 differentias
1467 5063 1576 5118 prae
1634 5048 1739 5104 illis
1791 5063 1984 5102 nomen

425 5132 786 5191 luereditavit.
815 5135 910 5192 Cui
941 5139 1083 5192 enim
1131 5139 1268 5194 dixit
1301 5139 1590 5209 aliquando
1629 5140 1941 5211 angelorum
1973 5157 1986 5194 :

425 5220 593 5278 Filius
660 5242 812 5281 meus
878 5243 938 5298 es
996 5237 1094 5292 tu,
1158 5245 1260 5300 ego
1315 5231 1474 5285 hodie
1530 5231 1688 5302 genui
1749 5241 1799 5284 te
1831 5229 1926 5283 ‘°?
1968 5249 1986 5282 ι

427 5312 655 5377 Quando
714 5330 842 5384 ergo
901 5316 1221 5389 Unigeuitus
1279 5319 1455 5376 factus
1510 5329 1597 5376 est
1663 5319 1993 5392 primogeni-

430 5410 539 5468 tus,
587 5415 636 5458 et
686 5421 822 5462 unus
865 5422 895 5462 e
946 5409 1126 5465 multis
1171 5411 1454 5478 fratribus,
1497 5420 1626 5467 tunc
1682 5423 1736 5466 et
1779 5411 1831 5464 in
1886 5421 1992 5466 ter-

507 5583 553 5614 "
585 5582 779 5652 Ephes.
817 5599 873 5650 ιι,
897 5586 948 5641 6.
1026 5587 1070 5618 ⁷⁷
1101 5587 1275 5642 Galat.
1312 5603 1393 5656 ιιι,
1430 5587 1514 5642 l5.
1590 5588 1635 5620 ⁷³
1666 5586 1830 5644 llebr.
1867 5603 1928 5654 ιι,
1955 5585 2009 5642 9.

2094 4430 2250 4482 μενος
2278 4411 2496 4480 λόγους,
2539 4428 2556 4460 ι
2591 4409 2761 4460 Ὅταν
2790 4407 2845 4460 δὲ
2878 4407 3167 4478 εἰσαγάγῃ,
3197 4405 3349 4473 φησι,
3381 4405 3473 4457 τὸν
3513 4421 3674 4474 πρωο

2087 4503 2306 4555 τότοκον
2340 4503 2420 4564 εἰς
2461 4499 2558 4570 τὴν
2590 4498 2937 4568 οἰκουμένην,
2984 4497 3165 4564 λέγει·
3215 4497 3324 4548 Καὶ
3359 4511 3678 4566 προσκυνη-

2093 4594 2342 4647 σάτωσαν
2379 4590 2524 4660 αύτῷ
2575 4590 2774 4653 πάντες
2815 4588 3036 4657 ἄγγελοι
3079 4587 3233 4640 Θεοῦ.
3273 4605 3290 4636 ι
3338 4589 3447 4640 Καὶ
3482 4587 3678 4640 πάλιν·

2101 4705 2120 4738 ι
2165 4688 2262 4748 Ὃς
2292 4682 2366 4736 ὢν
2395 4681 2734 4752 ἀπαύγασμα
2775 4681 2874 4750 τῆς
2901 4679 3079 4749 δόξης,
3109 4681 3203 4731 καὶ
3241 4676 3527 4748 χαρακτὴρ
3581 4679 3684 4746 τῆς

2095 4777 2444 4840 ὑποστάσεως
2475 4773 2661 4839 αὐτοῦ,
2706 4773 2887 4844 φέρων
2934 4788 2996 4824 τε
3026 4770 3095 4823 τὰ
3124 4770 3300 4823 πάντα
3339 4768 3417 4837 τῷ
3471 4771 3685 4838 ῥήματι

2094 4869 2192 4940 τῆς
2207 4868 2490 4938 δυνάμεως
2512 4865 2698 4929 αὑτοῦ,
2717 4863 3057 4932 καθαρισμὸν
3075 4861 3184 4914 τῶν
3205 4859 3493 4930 ἁμαρτιῶν
3517 4862 3553 4929 ἡ
3567 4860 3685 4928 μῶν

2095 4960 2482 5029 ποιησάμενος,
2522 4957 2773 5010 ἐκάθισεν
2819 4955 2877 5007 ἐν
2905 4954 3055 5025 δεξιᾷ
3082 4951 3173 5004 τοῦ
3206 4951 3400 5021 θρόνου
3445 4950 3551 5018 τῆς
3588 4967 3687 5017 με⁹

2092 5048 2412 5119 γαλωσύνης
2457 5049 2514 5100 ὲν
2544 5044 2787 5114 ὑψηλοῖς,
2819 5043 3060 5114 τοσούτῳ
3088 5041 3348 5110 κρείττων
3378 5039 3686 5106 γενόμενος

2095 5139 2202 5192 τῶν
2233 5139 2506 5207 ἀγγέλων,
2552 5138 2660 5206 ὅσῳ
2703 5133 3098 5204 διαφορώτερον
3150 5129 3280 5197 παρ’
3335 5129 3535 5190 αὐτοὺς
3587 5144 3686 5178 κε-

2095 5229 2502 5301 κληρονόμηκεν
2529 5227 2718 5297 ὄνομα.
2749 5225 2865 5278 Τίνι
2899 5225 3007 5294 γὰρ
3035 5220 3155 5277 εἶπέ
3188 5238 3316 5274 ποτε
3358 5219 3468 5272 τῶν
3509 5219 3686 5286 ἀγγέ-

2097 5319 2235 5372 λων·
2273 5317 2398 5380 Υίός
2429 5332 2528 5380 μου
2557 5310 2606 5367 εἷ
2645 5315 2730 5380 σὺ,
2763 5312 2875 5382 ἐγὼ
2909 5314 3148 5382 σήμερον
3174 5309 3480 5380 γεγέννηκά
3520 5324 3626 5374 ce;
3659 5324 3710 5370 ι,

2101 5408 2307 5464 Οὐκοῦν
2336 5409 2423 5461 ὅτε
2449 5408 2639 5476 γέγονε
2680 5403 3022 5477 πρωτότοκος
3054 5403 3083 5454 6
3113 5402 3444 5472 Μονογενὴς,
3476 5400 3576 5455 καὶ
3624 5399 3685 5451 ὲν

2087 5586 2131 5618 ⁷⁸
2168 5583 2326 5640 llcbr.
2363 5597 2402 5650 ι,
2441 5581 2493 5636 6.
2571 5579 2616 5611 "°
2649 5578 2776 5634 ibid.
2812 5577 2932 5633 3-5.
