3952 6200
311 176 423 233 ἔξίὸ

1095 177 1186 233 AD
1227 178 1526 236 REGINAS
1564 179 1653 236 DE
1692 177 1920 237 RECTA
1960 175 2115 233 FIDE
2152 174 2414 233 ORATIO
2452 174 2751 233 ALTERA.

3400 175 3539 231 15w

277 295 498 360 πολλοῖς
524 294 792 366 ἀδελφοῖς,
818 295 937 351 τότε
966 298 1058 352 καὶ
1079 300 1489 372 είσκεκομίσθαι
1511 302 1676 373 φησὶν
1698 300 1862 356 αὑτὸν

1969 312 2148 354 rarum
2198 312 2413 369 quoque
2467 297 2655 353 orbem
2721 293 3065 351 introductus
3131 292 3332 350 dicitur
3387 294 3537 361 (nam

276 388 362 450 είς
393 386 492 458 τὴν
517 388 877 467 οἰκουμένην·
926 388 1031 454 ἔξω
1061 390 1168 461 γὰρ
1197 386 1286 461 ἦν,
1321 391 1465 445 κατὰ
1502 391 1662 461 φύσιν
1698 392 1857 455 ίδίαν,

276 476 382 542 τῆς
414 475 662 540 κτίσεως,
713 475 789 540 ὡς
834 475 997 539 Θεός·
1031 477 1154 529 τότε
1198 478 1292 531 καὶ
1320 479 1663 549 ὴλαττῶσθαί
1696 497 1860 551 φησιν

275 566 445 620 αὑτὸν
491 566 645 635 παρὰ
690 569 819 631 τοὺς
866 568 1149 637 ἀγγέλους,
1195 570 1290 623 καί
1329 586 1411 623 τοι
1460 570 1859 645 διαφορώτερον

278 658 413 728 παρ’
447 656 645 719 αὑτοὺς
688 658 919 728 λαχόντα
953 658 1014 711 τὸ
1052 659 1243 729 ὄνομα.
1292 659 1365 712 Τὸ
1430 659 1530 731 μὲν
1576 662 1706 732 γὰρ,
1755 661 1857 731 ἀγ-

279 749 458 816 γελος,
507 748 847 820 λειτουργίας
891 749 1009 803 ἐστὶ
1059 750 1409 818 σημαντικὸν,
1451 752 1546 805 καὶ
1594 754 1860 808 οίκετικδν

279 844 412 913 ⁴ἡμῖν
443 842 775 913 ὑπεμφαίνει
811 841 1042 913 μέτρονο
1084 861 1102 894 ι
1153 843 1598 898 Ἀποστέλλονται
1628 845 1737 917 γάρ
1779 849 1861 910 είς

278 932 555 986 διακονίαν
603 932 690 987 διά
747 934 873 996 τοὺς
927 933 1217 1004 μέλλοντας
1266 934 1625 1008 κληρονομεῖν
1684 953 1860 1009 σωτη-

281 1023 427 1095 ρίαν.
469 1042 488 1075 ι
533 1024 591 1078 'O
619 1023 675 1077 δέ
725 1040 789 1092 γε
826 1024 957 1087 Υίὸς
1000 1024 1098 1094 τὴν
1143 1027 1206 1078 ὲκ
1250 1026 1464 1097 Πατρδς
1506 1027 1740 1101 ὕπαρξιν
1770 1029 1860 1082 οὑ-

282 1113 449 1183 σιώδη
496 1131 557 1167 τε
597 1114 689 1169 καὶ
737 1113 969 1186 φυσικήν
1012 1117 1448 1188 κατασημήνειεν
1493 1116 1583 1181 ἂν,
1634 1120 1717 1172 ὃτι
1766 1119 1861 1173 καὶ

280 1205 499 1276 ἀληθῶς
543 1207 642 1277 τὴν
685 1206 939 1278 γέννησιν
975 1207 1289 1279 πεπρᾶχθαι
1338 1210 1687 1281 πιστεύομεν.
1735 1211 1860 1275 Πῶς

281 1296 591 1365 ἠλάττωται
622 1297 771 1369 παρά
798 1299 922 1363 τοὺς
952 1299 1217 1368 ἀγγέλους
1247 1302 1276 1354 ό
1318 1303 1451 1372 παρ’
1482 1303 1662 1355 αὐτῶν
1694 1320 1861 1375 προσ-

282 1384 631 1456 κυνούμενος,
660 1388 688 1439 ό
716 1386 968 1458 σύνεδρος
1001 1387 1079 1459 τῷ
1114 1390 1320 1461 Πατρίς
1362 1390 1503 1444 Ἀλλ’
1528 1393 1644 1445 ἐστι
1684 1394 1861 1464 σαφὴς

282 1475 318 1545 ή
351 1475 640 1544 πρόφασις.
676 1476 952 1531 Καθίκετο
989 1477 1099 1549 γάρ
1140 1479 1199 1531 ὲν
1231 1480 1345 1544 τοῖς
1374 1480 1474 1551 τῆς
1516 1481 1862 1553 ἀνθρωπότη-

282 1581 374 1629 τος
406 1567 646 1637 μέτροις,
685 1567 776 1621 καὶ
803 1567 865 1620 τὸ
893 1568 1262 1640 ἀποθνήσκειν
1306 1570 1549 1640 πεφυκὸς
1579 1572 1737 1643 σῶμα
1764 1572 1858 1627 λα-

1960 388 2259 446 secundum
2291 388 2567 458 pr0priam
2599 396 2847 441 naturam
2876 396 3029 441 extra
3057 400 3273 441 omnem
3315 394 3540 440 creatu-

1960 494 2078 535 ram
2115 478 2350 549 degebat
2398 487 2459 533 ut
2494 477 2657 546 Deus)
2687 494 2700 530 :
2738 486 2865 531 tunc
2904 487 2961 531 et
2995 476 3203 547 angelis
3250 475 3429 529 minor
3461 475 3541 528 l'a-

1960 580 2081 626 ctus
2132 570 2420 631 asseritur,
2478 569 2643 623 etiam
2696 568 2739 623 si
2798 567 3171 636 praestantius,
3229 581 3390 635 quam
3441 565 3539 630 illi,

1960 674 2159 717 nomen
2220 660 2294 715 sit
2346 659 2572 713 sortitus
2611 658 2927 728 :siquidem
2981 672 3081 711 vox
3140 658 3276 720 haec,
3334 656 3538 724 angeli,

1963 753 2239 806 notionem
2276 750 2564 805 ministerii
2600 765 2709 819 prae
2744 764 2803 805 se
2858 749 2964 803 fert
3007 749 3372 819 servilemque
3407 763 3543 802 con-

1962 844 2226 899 ditionem
2274 843 2561 897 insinuat:
2600 860 2619 894 ι
2654 841 2944 895 Mittuntur
2982 846 3217 910 namque
3277 842 3329 894 in
3378 840 3542 894 mini-

1964 935 2190 991 sterium
2223 946 2445 1005 pr0pter
2466 949 2560 989 eos
2585 933 2676 1003 qui
2713 933 2907 987 salutis
2942 933 3314 986 haereditatem
3347 945 3542 985 eonse-
3644 994 3655 1003 κ

1963 1028 2141 1084 cuturi
2187 1036 2314 1083 sunt
2333 1028 2400 1081 δι.
2437 1045 2457 1081 ι
2489 1026 2561 1081 At
2592 1040 2725 1081 vero
2765 1024 2906 1079 ﬁlius
2978 1040 3100 1079 eum
3151 1024 3395 1086 denotat,
3448 1024 3539 1091 qui

1965 1122 2340 1177 exsistentiam
2372 1118 2781 1175 substantialem
2812 1116 3228 1184 naturalemque
3272 1130 3338 1168 ex
3368 1112 3542 1166 fratre

1965 1211 2168 1277 habet;
2196 1210 2472 1265 credimus
2498 1221 2732 1277 namque
2762 1207 2911 1260 illum
2953 1220 3079 1258 vere
3110 1219 3173 1257 ac
3221 1202 3543 1257 naturaliter

1962 1318 2037 1358 ex-
2081 1301 2244 1355 Patre
2295 1300 2535 1370 genitum
2583 1313 2729 1353 esse.
2774 1297 2844 1350 At
2888 1295 3160 1365 quomodo
3216 1294 3262 1348 is
3316 1280 3540 1366 (inquis)

1963 1394 2171 1463 angelis
2204 1392 2383 1447 minor
2404 1378 2601 1454 evasit,
2633 1390 2728 1459 qui
2762 1389 2831 1443 ab
2867 1388 2972 1442 illis
3012 1388 3291 1452 adorator,
3325 1402 3542 1456 unaque

1963 1497 2089 1537 cum
2140 1481 2305 1535 Patre
2349 1479 2504 1549 regni
2548 1479 2744 1534 solium
2796 1476 3045 1532 obtinet?
3071 1475 3126 1529 In
3169 1486 3420 1546 promptu
3457 1486 3543 1532 est

1967 1571 2253 1640 responsio
2287 1585 2457 1627 :nam
2485 1584 2713 1639 corpore
2746 1571 2889 1638 quod
2925 1569 3062 1622 mori
3096 1577 3300 1638 posset,
3327 1582 3543 1622 assum-

285 1656 417 1722 ὁὼν,
453 1659 583 1712 ίδιόν
614 1676 671 1712 τε
699 1659 833 1713 αὐτὸ
877 1659 1264 1732 ποιησάμενος,
1299 1663 1359 1716 έν
1407 1662 1557 1734 αὑτῷ
1596 1662 1861 1718 πέπονθεν

1969 1673 2079 1735 pto,
2117 1663 2180 1717 ad
2213 1662 2465 1716 humanae
2495 1658 3071 1714 naturze'inlirmitates
3106 1659 3346 1728 seipsum
3374 1658 3543 1714 demi-

285 1749 446 1811 ἑκὼν,
479 1752 573 1806 καὶ
611 1755 734 1816 ταῖς
778 1753 1041 1808 ἀνωτάτω
1074 1754 1252 1820 δόξαις
1283 1755 1643 1825 στεφανοῦται
1671 1756 1759 1811 διὰ
1801 1758 1862 1811 τὸ

284 1844 475 1911 πάθος,
507 1844 582 1909 ώς
625 1845 692 1899 δι’
721 1845 886 1899 αὑτοῦ
934 1849 1290 1919 καταργήσας
1338 1848 1431 1902 τδν
1470 1849 1716 1915 θάνατον,
1768 1850 1862 1903 καὶ

284 1935 565 2006 ἄπρακτον
591 1937 877 2008 ἀποφήνας
906 1938 1004 2010 τὴν
1038 1938 1266 2012 φθορὰν,
1315 1940 1412 1994 ac:
1451 1940 1514 2012 δὴ
1558 1941 1651 1994 καλ⁵
1696 1941 1864 2012 ὑπάρ-

285 2044 393 2097 χων
422 2027 702 2099 ἀφθαρσία
742 2034 837 2083 καὶ
865 2029 1000 2103 ζωή.
1034 2031 1199 2086 Ὅταν
1223 2029 1317 2087 οὖν
1354 2031 1561 2103 Ἰησοῦν
1582 2032 1858 2105 ὀνομάζει,

286 2117 382 2170 καὶ
425 2118 765 2187 ἠλαττῶσθαι
813 2120 962 2188 λέγει
1006 2121 1156 2191 παρὰ
1207 2122 1334 2185 τοὺς
1371 2121 1637 2190 ἀγγέλους
1679 2124 1860 2187 αὑτὸν,

285 2209 385 2261 οὐκ
408 2209 692 2281 ἄνθρωπον
720 2209 823 2262 ἀνά
851 2211 1016 2281 μέρος
1044 2212 1137 2263 καὶ
1168 2210 1371 2275 ίδικῶς,
1399 2209 1514 2263 ἀλλ’
1536 2211 1697 2264 αὑτὸν
1721 2210 1863 2264 νοοῦο

289 2317 404 2371 μεψ
429 2301 519 2355 τὸν
567 2302 846 2372 Μονογενῆ
900 2301 1331 2374 παραχωροῦντα
1362 2301 1457 2354 τοῦ
1494 2301 1752 2373 προῦχειν
1793 2305 1863 2355 ol-

286 2391 593 2460 κονομικῶς
620 2395 732 2455 τοῖς
762 2393 940 2462 ἁγίοις
980 2393 1233 2462 ἀγγέλοις
1258 2409 1271 2423 °
1322 2394 1402 2447 ὅτι
1448 2394 1676 2466 ἀληθείᾳ
1713 2394 1865 2462 γέγο-

287 2498 374 2534 νεν
400 2482 683 2553 ἄνθρωπος
704 2484 732 2535 ό
756 2484 853 2555 τῆς
882 2484 1103 2539 ἐκείνων
1127 2486 1399 2557 ὑπεροχῆς
1426 2485 1753 2556 ἡττώμενος.
1783 2486 1865 2539 Τά

286 2568 343 2621 δὲ
376 2570 474 2639 τῆς
505 2571 780 2641 ὑπεροχῆς
818 2575 929 2635 τοῖς
973 2573 1148 2640 ἁγίοις
1181 2574 1454 2644 ἀγγέλοις,
1500 2576 1582 2629 ὅτι
1626 2577 1718 2629 καὶ
1760 2576 1864 2641 ἔξω

291 2660 509 2730 σαρκὸς,
554 2662 648 2715 καὶ
684 2662 777 2715 τοῦ
824 2662 1073 2718 τεθνάναι
1102 2667 1383 2736 κρείττους
1415 2668 1543 2720 είσί·
1579 2668 1864 2736 γεγονότος

288 2750 574 2821 ὲνδτούτοις
600 2751 694 2805 τοῦ
724 2752 854 2805 Υίοῦ
883 2755 973 2807 διὰ
1005 2756 1104 2824 τὴν
1135 2756 1384 2809 ἑκούσιον
1414 2758 1666 2811 κένωσιν.
1723 2757 1862 2811 Ἀλλ’

289 2842 317 2893 δ
355 2839 525 2912 βραχὺ
560 2844 690 2914 παρ’
735 2844 1000 2913 ἀγγέλους
1039 2845 1423 2917 ὴλαττωμένος
1448 2849 1539 2902 διά
1584 2867 1647 2915 γε
1674 2850 1733 2904 τὸ
1764 2850 1863 2921 τῆς

289 2932 703 3005 ἀνθρωπότητος
757 2936 989 3008 μέτρον,
1042 2939 1100 2990 ὲν
1148 2939 1387 3011 ὑπεροχῇ
1447 2941 1699 3012 θεότητος
1742 2942 1820 2995 ὢν
1845 2982 1860 3007 ,

289 3030 672 3095 προσκυνεῖται
702 3028 829 3100 παρ’
858 3029 1057 3093 αὑτῶν,
1090 3031 1182 3084 καὶ
1220 3031 1488 3103 ἐνίδρυται
1527 3032 1744 3100 θώκοις,
1772 3034 1865 3099 οὓς

292 3120 633 3189 περιιστᾶσιν
683 3121 878 3174 ἐκεῖνοι
907 3121 1312 3190 δοεολογοῦντες
1340 3125 1447 3189 ἀεὶ,
1476 3125 1571 3179 καὶ
1590 3126 1698 3180 τῶν
1714 3126 1869 3180 δυνά-

295 3227 438 3283 μεων
473 3211 635 3264 αὑτὸν
663 3212 1018 3281 ὀνομάζοντες
1054 3214 1278 3285 Κύριον.

1965 1757 2057 1819 sit,
2084 1741 2165 1808 'in
2214 1767 2389 1822 eoque
2432 1746 2596 1806 velnt'i
2652 1752 2873 1821 proprio
2917 1759 3270 1820 spontaneam
3310 1760 3539 1805 mortem

1965 1844 2245 1901 sustinuit.
2296 1840 2379 1897 Ob
2427 1856 2548 1897 eam
2591 1857 2756 1911 porro
2808 1851 3039 1897 mortem
3089 1851 3143 1897 et
3195 1843 3540 1910 passionem,

1964 1952 2191 1994 summa:
2253 1935 2438 2006 gloria:
2486 1949 2741 1988 coronam
2804 1934 3141 2004 promeruit;
3204 1934 3402 2005 quippe
3448 1937 3541 2002 qui

1967 2032 2099 2101 ipse,
2142 2039 2327 2100 utpote
2353 2027 2463 2081 vita
2508 2016 2569 2081 et
2614 2027 2949 2097 incorruptio
2980 2027 3272 2094 cxsistens,
3304 2036 3359 2082 et
3394 2041 3543 2080 mor-

1967 2132 2072 2178 tem
2096 2137 2193 2192 per
2223 2122 2367 2175 illam
2399 2118 2722 2185 aboleverit,
2758 2126 2814 2173 et
2845 2118 3246 2189 corruptionem
3274 2118 3541 2172 nullarum

1966 2215 2163 2269 virium
2215 2226 2340 2267 esse
2383 2211 2765 2267 declaraverit.
2803 2209 2939 2265 Cum
2971 2208 3153 2264 Jesum
3200 2224 3329 2280 ergo
3369 2212 3546 2263 nomi-

1966 2315 2078 2372 nat,
2114 2314 2169 2360 et
2206 2303 2413 2372 angelis
2454 2303 2718 2356 minorem
2760 2302 3041 2370 praedicat,
3077 2317 3181 2355 non
3212 2304 3413 2356 nudum
3446 2318 3544 2355 nos

1966 2399 2265 2462 hominem,
2307 2408 2666 2463 seorsumque
2717 2409 2782 2448 ac
2823 2409 2921 2463 per
2973 2409 3032 2447 sc
3072 2395 3308 2463 posiltlnt
3365 2407 3545 2449 mente

1967 2488 2341 2558 concipimus;
2370 2487 2463 2541 sed
2498 2485 2794 2554 ipsummet
2832 2485 3177 2554 Unigeuitnm
3208 2495 3427 2554 propter
3460 2487 3543 2539 in-

1967 2567 2321 2635 carnationis'
2351 2577 2599 2632 ordinem
2642 2579 2881 2647 potiores
2928 2588 3112 2648 partes
3151 2577 3359 2647 angelis
3393 2579 3543 2633 del’e-

1967 2681 2196 2726 rentem.
2230 2667 2364 2723 Nam
2401 2668 2495 2738 qui
2537 2667 2872 2723 excellentize
2917 2667 3131 2722 illorum
3173 2669 3365 2722 cedere
3407 2683 3544 2737 prae-

1967 2762 2209 2825 dicatur,
2238 2763 2286 2816 is
2313 2775 2438 2815 vere
2464 2760 2624 2814 homo
2653 2758 2825 2813 factus
2853 2759 3207 2829 dignoscitur.
3237 2760 3325 2813 Illa
3359 2772 3538 2815 autem

1968 2857 2282 2905 sanctorum
2324 2849 2638 2917 angelorum
2672 2850 2963 2903 eminentia
3007 2850 3059 2902 in
3100 2849 3202 2904 hoc
3233 2850 3404 2920 posita
3438 2865 3541 2914 εει,

1967 2953 2024 2997 et
2051 2943 2196 3013 quod
2225 2958 2254 2995 a
2288 2955 2453 2996 carne
2479 2950 2605 2996 sunt
2630 2941 2921 3005 immunes,
2947 2950 2999 2995 et
3023 2941 3166 3011 quod
3199 2953 3372 2996 morte
3400 2944 3546 2997 exsi-

1970 3043 2121 3090 stunt
2154 3033 2467 3103 superiores
2498 3053 2510 3089 :
2542 3033 2786 3101 utrisque
2818 3041 2998 3086 autem
3043 3042 3264 3103 propter
3296 3035 3545 3090 volunta-

1971 3128 2107 3180 riam
2159 3125 2584 3180 exlnanitionem
2645 3123 2921 3190 subjectus
2971 3124 3070 3178 fuit
3110 3124 3299 3180 Filius.
3345 3125 3541 3182 Verum

1969 3214 2250 3270 enimvero
2283 3215 2373 3282 qui
2406 3223 2627 3283 propter
2653 3214 2902 3269 humana:
2940 3223 3148 3269 naturae
3177 3215 3543 3272 conditionem

292 3302 563 3371 paululum
597 3304 666 3357 ab
696 3302 855 3374 135.
881 3303 1088 3374 angelis
1122 3306 1424 3363 minoratus
1468 3309 1689 3375 dicitur,
1720 3308 1767 3363 is
1808 3307 1860 3362 iu
1901 3304 2121 3361 deitatis
2185 3304 2511 3359 excellentia
2576 3303 2846 3358 exsistens
2875 3305 2943 3358 ab
2972 3304 3077 3357 illis
3106 3306 3381 3371 adoratur,
3409 3321 3544 3362 con-

293 3395 536 3467 sidetque
579 3397 633 3451 in
670 3396 736 3451 iis
782 3398 1083 3468 majestatis
1156 3400 1388 3463 thronis,
1458 3414 1594 3468 quos
1646 3399 1719 3453 illi
1792 3398 2152 3467 undequaque
2186 3396 2432 3467 cingunt,
2477 3393 2751 3450 indefesso
2788 3394 3008 3450 laudum
3079 3397 3352 3465 praeconio
3399 3398 3544 3454 illum

291 3489 631 3553 extollentes,
685 3505 750 3543 ac
793 3491 1054 3547 virtutum
1101 3491 1389 3546 Dominum
1433 3491 1766 3561 appellantes
1791 3490 1861 3547 θ’.

360 3579 438 3635 Θ’.
483 3597 501 3630 ι
560 3580 711 3635 Ἐπεὶ
744 3576 838 3635 οὖν
871 3581 940 3635 τὰ
984 3582 1170 3636 παιδία
1198 3581 1597 3653 κεκοινώνηκεν
1635 3583 1867 3654 αἵματος

292 3675 382 3729 καὶ
432 3675 663 3746 σαρκὸς,
710 3676 804 3729 καὶ
844 3676 1006 3740 αὐτὸς
1040 3676 1436 3748 παραπλησίως
1484 3677 1710 3746 μετέσχε
1754 3676 1864 3729 τῶν

292 3766 491 3832 αὐτῶν,
529 3767 612 3821 ἵνα
637 3767 728 3821 διὰ
752 3767 848 3821 τοῦ
897 3767 1128 3822 θανάτου
1155 3770 1478 3839 καταργήσῃ
1506 3768 1597 3820 τὸν
1630 3767 1692 3821 τὸ
1735 3769 1864 3839 κρά⁸

289 3876 381 3922 τος
416 3859 607 3930 ἔχοντα
638 3859 730 3914 τοῦ
773 3859 1027 3923 θανάτου,
1061 3861 1305 3914 τουτέστι
1335 3861 1426 3915 τὸν
1463 3861 1739 3915 διάϐολον*
1768 3862 1864 3916 καὶ

291 3950 577 4024 ἀπαλλάξῃ
600 3950 844 4015 τούτους,
863 3953 978 4005 ὅσοι
1003 3951 1151 4023 φόϐῳ
1171 3951 1403 4006 θανάτου
1430 3953 1528 4024 μὲν
1553 3953 1754 4017 παντὸς
1771 3952 1864 4007 τοῦ

293 4041 391 4111 ζῇν
409 4041 578 4111 ἔνοχοι
601 4038 740 4113 ἦσαν
755 4042 1018 4107 δουλείας.
1034 4061 1051 4094 ι
1071 4043 1151 4096 Τά
1173 4042 1361 4096 παιδία
1379 4044 1543 4113 φησὶν
1564 4044 1621 4095 ἐν
1633 4043 1862 4107 τούτοις,

291 4132 438 4201 ἡμᾶς
468 4130 709 4201 δηλονότι
757 4132 881 4195 τοὺς
911 4131 1069 4195 ὄντας
1098 4132 1192 4185 ἐπὶ
1230 4133 1328 4204 τῆς
1359 4134 1479 4203 γῆς,
1528 4133 1670 4187 κατά
1700 4150 1763 4202 γε
1804 4134 1866 4186 τὸ

2050 3583 2140 3638 IX.
2190 3602 2209 3635 ‹
2241 3582 2377 3651 Quia
2424 3596 2555 3653 ergo
2605 3581 2759 3652 pueri
2812 3582 3351 3638 communicaverunt
3395 3587 3544 3639 carni

1972 3683 2027 3730 et
2068 3675 2339 3744 sanguini,
2377 3682 2433 3728 et
2476 3674 2593 3743 ipse
2620 3674 2873 3728 similiter
2912 3674 3259 3743 participat'it
3308 3675 3541 3729 iisdem:

1971 3776 2030 3821 ut
2060 3780 2158 3834 per
2194 3775 2424 3819 mortem
2456 3768 2762 3820 destrueret
2784 3779 2930 3828 eum,
2963 3766 3053 3833 qui
3089 3766 3315 3820 habebat
3354 3767 3548 3821 mortis

1972 3857 2279 3927 imperium,
2323 3858 2426 3910 hoc
2454 3865 2537 3911 est
2580 3854 2893 3927 diabolum;
2925 3865 2979 3910 et
3010 3856 3265 3911 liberaret
3302 3871 3414 3923 eos,
3455 3858 3547 3927 qui

1972 3948 2169 4003 timore
2204 3948 2394 4000 mortis
2425 3960 2525 4017 per
2556 3954 2725 4000 totam
2753 3947 2919 4017 vitam
2942 3948 3163 4001 obnoxii
3194 3957 3348 4001 erant
3377 3949 3548 4003 servi-

1975 4036 2096 4091 tuti.
2118 4035 2164 4083 ⁸.³
2199 4054 2218 4087 ι
2258 4033 2465 4089 Pueros
2493 4035 2596 4090 hoc
2620 4034 2739 4121 loco
2763 4049 2865 4090 nos
2894 4036 3150 4106 appellat,
3182 4038 3271 4107 qui
3306 4038 3357 4091 in
3390 4039 3550 4093 terris

1974 4129 2141 4183 vitam
2183 4126 2452 4198 degimus,
2481 4124 2638 4195 juxta
2683 4128 2812 4182 illud
2862 4127 3167 4184 Psalmista:
3213 4132 3264 4183 in
3317 4146 3548 4199 persona

290 4220 349 4272 ὲν
398 4219 647 4289 Ψαλμοῖς
708 4219 1043 4290 ὑμνούμενον
1098 4218 1173 4284 ὡς
1217 4221 1282 4275 έκ
1345 4220 1638 4291 προσώπου
1692 4221 1863 4276 Θεοῦ·

1976 4218 2069 4273 Dei
2096 4220 2443 4273 decantatum
2480 4234 2493 4270 :
2531 4234 2551 4268 ι
2579 4218 2712 4287 Ego,
2761 4219 2956 4290 inquit,
2998 4219 3152 4275 dixi:
3194 4220 3275 4275 Dii
3304 4222 3461 4285 estis,
3495 4232 3551 4277 et

296 4329 316 4362 ι
364 4309 506 4378 Ἐγὼ
536 4304 699 4363 εἶπα·
754 4309 878 4363 Θεοί
933 4311 1056 4363 ὲστε
1080 4350 1095 4370 .
1148 4311 1245 4365 καὶ
1287 4311 1393 4364 υἱοὶ
1428 4311 1685 4380 Ὑψίστου
1731 4313 1867 4367 πάν-

289 4419 398 4464 τες.
440 4421 458 4454 ι
497 4402 662 4455 Ὅσον
692 4401 801 4472 γάρ
857 4396 991 4474 ἦκεν
1020 4403 1101 4466 εἰς
1148 4402 1209 4456 τὸ
1235 4402 1313 4473 τῷ
1367 4402 1487 4473 Θεῷ
1514 4403 1726 4469 δοκοῦν,
1769 4406 1866 4459 καὶ

1972 4310 2066 4366 ﬁlii
2102 4308 2311 4365 Excelsi
2341 4324 2533 4365 omnes
2552 4309 2621 4364 “.
2653 4327 2673 4361 ι
2727 4308 2862 4365 Nam
2903 4312 3046 4380 quod
3100 4312 3297 4367 attinet
3341 4314 3408 4366 ad
3455 4313 3550 4367 Dei

1971 4407 2345 4468 voluntatem,
2414 4406 2999 4472 mansuetudinemque
3064 4407 3385 4463 naturaliter
3446 4407 3548 4474 ipsi

290 4497 369 4558 εἰς
396 4494 493 4567 τὴν
524 4494 746 4548 ἐνοῦσαν
766 4495 1083 4567 ἡμερότητα
1112 4494 1254 4549 κατά
1283 4493 1445 4564 φύσιν
1474 4495 1642 4566 αὐτῷ,
1663 4497 1863 4560 πάντες

1969 4498 2213 4562 insitam,
2246 4497 2314 4551 ad
2338 4512 2501 4551 unum
2539 4512 2732 4552 omnes
2767 4512 3015 4554 essemus
3044 4498 3161 4562 lllii,
3203 4512 3377 4567 neque
3400 4500 3551 4566 quis.

289 4586 355 4640 ἀν
385 4582 529 4658 ἦμεν
558 4588 741 4652 τέκνα,
775 4588 871 4641 καὶ
917 4586 1227 4642 ἀπώλισθεν
1284 4588 1351 4642 ἂν
1380 4588 1555 4652 οὐδεὶς
1582 4589 1681 4660 τῆς
1730 4589 1863 4661 πρὸς

292 4677 452 4730 αὑτὸν
481 4679 828 4747 οἰκειότητος.
862 4678 1003 4731 Ἀλλ’
1099 4696 1263 4749 φησιν
1290 4683 1319 4732 ὀ
1347 4679 1531 4744 Δαυῖδ,
1558 4679 1634 4745 ὡς
1662 4680 1867 4753 ἄνθρω-

291 4786 382 4822 ποι
411 4768 848 4839 ἀποθνήσκομεν,
881 4769 974 4820 καὶ
1001 4767 1075 4830 ὡς
1106 4762 1187 4832 είς
1230 4769 1338 4822 τῶν
1367 4770 1643 4840 ἀρχόντων
1672 4771 1868 4824 πίπτο-

294 4878 413 4933 μεν,
435 4864 545 4924 τοῖς
576 4859 671 4931 τῆς
698 4858 897 4929 σαρκὸς
928 4858 1127 4912 πάθεσι
1156 4859 1248 4912 τὸν
1276 4862 1475 4912 οἰκεῖον
1505 4861 1870 4931 ὑποφέροντες

289 4956 455 5011 νοῦν.’
494 4956 618 5018 Πῶς
671 4950 765 5008 οὖν
814 4953 923 5024 ἄρα
966 4953 1445 5021 κεκοινωνήκαμεν
1481 4952 1720 5022 ἀἵματος
1776 4953 1871 5006 καὶ

293 5050 522 5122 σαρκός;
542 5048 701 5119 Ψυχὴ
731 5047 841 5118 γὰρ
870 5049 902 5117 ή
932 5045 1246 5117 ἀνθρωπίνη
1269 5045 1429 5115 φύσιν
1448 5044 1641 5116 ἑτέραν
1671 5045 1870 5114 ἔχουσα

289 5139 442 5210 παρά
479 5138 577 5209 τὴν
622 5138 821 5208 σάρκα,
851 5140 917 5207 τῇ
949 5137 1083 5207 πρὸς
1119 5134 1286 5206 αὑτὴν
1317 5134 1465 5187 θέσει
1495 5133 1617 5186 καθ’
1648 5135 1864 5197 ἕνωσιν,

287 5231 350 5286 τὸ
392 5231 451 5283 ἓν
490 5246 546 5283 τε
598 5232 693 5283 καὶ
734 5228 949 5297 λογικὸν
984 5227 1275 5282 ἀπετέλεσε
1315 5224 1474 5291 ζῶον,
1502 5227 1746 5279 τουτέστι
1775 5225 1866 5278 τὸν

286 5320 595 5393 ἄνθρωπον.
634 5320 793 5376 Οὕτω
820 5318 1110 5390 τοιγαροῦν
1148 5320 1242 5372 καὶ
1296 5321 1324 5371 ό
1352 5316 1446 5370 τοῦ
1489 5316 1629 5370 Θεοῦ
1668 5317 1861 5385 Λόγος,

287 5412 657 5484 ἔμψυχωμένῃ
688 5410 873 5483 σαρκὶ,
903 5410 996 5462 καὶ
1025 5409 1126 5463 οὑκ
1153 5406 1346 5479 ἀψύχῳ
1376 5405 1519 5462 κατά
1546 5423 1716 5471 τινας,
1746 5406 1866 5459 ἑαυ-

1971 4604 2134 4661 quam
2180 4589 2423 4644 omnium
2467 4590 2535 4644 ab
2588 4590 2735 4646 illius
2794 4590 3162 4645 familiaritate
3206 4602 3261 4644 et
3308 4590 3546 4644 amicitia

1971 4682 2183 4737 alienus
2218 4681 2358 4737 foret
2391 4699 2407 4736 ι
2443 4697 2634 4737 verum
2676 4683 2822 4751 quod
2877 4691 3113 4735 mentem
3158 4680 3548 4749 cupiditatibus

1973 4781 2030 4827 et
2055 4772 2300 4839 corporis
2324 4771 2827 4837 perturbationibus
2858 4771 3002 4824 ultro
3027 4769 3432 4837 subrnittamus,
3464 4771 3540 4833 lit.

1973 4870 2266 4916 attestante
2302 4860 2524 4924 Davide,
2562 4870 2621 4913 ut
2655 4858 2820 4912 veluti
2863 4858 3111 4913 homines
3142 4860 3458 4927 moriamur,
3493 4870 3548 4914 et

1972 4953 2114 5007 sicut
2167 4968 2305 5008 unus
2356 4953 2422 5008 de
2466 4950 2807 5021 principibus
2850 4950 3108 5005 cadamus
3133 4950 3201 5005 ⁸³.
3254 4950 3359 5005 Sed
3411 4967 3546 5020 quo-

1973 5041 2132 5095 modo
2164 5042 2328 5105 carni,
2362 5051 2418 5095 et
2460 5038 2707 5110 sanguini
2741 5037 3305 5093 communicavimus?
3350 5037 3543 5091 Anima

1963 5131 2206 5188 'bnmana
2252 5134 2520 5189 diversam
2568 5149 2596 5185 a
2643 5145 2805 5185 carne
2847 5130 3036 5185 sortita
3085 5140 3355 5195 naturam,
3394 5131 3545 5183 carni

1974 5225 2150 5289 unita,
2181 5240 2369 5290 unum,
2410 5233 2467 5307 et
2504 5224 2630 5277 illud
2662 5222 2880 5292 quidem
2914 5238 3009 5293 per
3029 5223 3109 5277 sui
3143 5221 3543 5292 adium-tionem

1975 5316 2183 5370 ratione
2229 5316 2513 5385 pnedituru
2567 5316 2769 5369 animal
2814 5314 3064 5382 absolvit,
3114 5315 3215 5369 huc
3258 5323 3342 5369 est
3380 5315 3546 5368 homi-

1974 5422 2116 5463 nem.
2164 5407 2243 5461 Ad
2287 5422 2410 5461 eum
2448 5408 2629 5477 itaque
2666 5408 2882 5462 nrodum
2935 5417 2989 5464 et
3020 5406 3111 5463 Dei
3147 5406 3376 5463 Verbum
3408 5420 3546 5476 quo-

357 5564 401 5596 ⁸¹
439 5567 595 5622 Hebr.
634 5583 671 5634 ι,
694 5566 783 5620 24.
861 5567 906 5597 ⁸¹
937 5566 1036 5623 lsa.
1072 5580 1143 5628 vr,
1177 5564 1230 5618 5.
1307 5561 1353 5595 ⁸⁸
1387 5559 1548 5616 llebr.
1581 5576 1638 5627 ιι,
1668 5560 1753 5627 Η,
1786 5560 1863 5615 15.

1972 5560 1990 5590 ⁸
2024 5558 2167 5616 Psal.
2201 5576 2388 5625 cxvxt,
2427 5562 2479 5616 6.
2557 5562 2601 5594 ⁸⁵
2630 5561 2762 5619 ibid.
2799 5563 2849 5617 7.
