3952 6200
444 216 579 269 1547

1427 207 1485 262 S.
1526 206 1804 263 CYRILLI
1840 202 2311 261 ALEXANDRINI
2351 202 2667 261 ARCBIEP.

3553 211 3704 267 15ίὸ

438 347 545 402 quo
600 344 708 384 non
754 326 1023 391 inanime,
1075 334 1137 380 ut
1183 324 1401 395 quidam
1448 325 1654 394 opinati
1705 335 1868 387 sunt,
1915 325 2008 380 sed

2146 323 2205 379 δν
2234 325 2561 395 ἀποῤῥήτως
2598 323 2822 386 ἑνώσας,
2859 323 3118 393 μετέσχεν
3159 324 3389 395 αἵματος
3434 327 3530 380 καὶ
3562 343 3704 397 σαρ-

438 424 692 479 animata:
721 419 898 481 carui,
932 416 1091 472 modo
1124 432 1284 485 quem
1324 416 1559 471 humana
1590 431 1744 471 meus
1783 431 1890 470 non
1923 431 2011 471 ca-

440 514 541 583 pit,
566 511 807 579 seipsum
842 509 1055 570 ttniens,
1100 517 1393 575 ortumque
1418 522 1485 560 ex
1520 505 1749 561 muliere
1780 505 2010 571 ducens,

438 604 588 656 carni
630 611 684 656 et
725 599 973 671 sanguini
1006 599 1226 668 perinde
1274 613 1339 651 ac
1375 613 1513 651 unus
1562 613 1628 651 ex
1673 597 1827 652 nobis
1863 612 2012 653 com-

442 693 757 747 inunicavit.
796 694 973 760 Atque
1020 690 1094 743 ita
1147 689 1593 760 unusdluntaxat
1638 697 1723 742 est
1751 686 2014 743 Dominus

438 783 596 840 Jcsus
645 783 914 838 Christus.
967 780 1101 835 Nam
1152 781 1254 834 etsi
1303 780 1396 834 Dei
1442 777 1678 834 Verbum
1721 779 2012 833 humanam

441 885 689 931 naturam
716 873 819 928 sibi
849 872 1129 936 asciverit,
1165 872 1335 926 nihilo
1369 879 1552 927 tamen
1588 872 1768 926 secius
1798 870 1851 925 id
1870 870 2015 940 quod

441 977 562 1022 erat
590 964 912 1035 permansit.
942 963 1094 1031 Quod
1118 964 1166 1017 si
1198 962 1390 1018 mortis
1421 963 1707 1030 imperium
1734 974 1792 1016 ut
1827 962 1933 1016 vita
1961 972 2017 1016 et

445 1058 585 1113 Deus
616 1057 875 1118 abolevit,
911 1053 1280 1109 necessarium
1310 1062 1413 1118 est,
1447 1062 1506 1107 ut
1537 1052 1590 1107 id
1609 1052 1752 1120 quod
1787 1062 2017 1105 mortem

445 1150 686 1220 pertulit,
729 1150 902 1219 ipsius
929 1148 1211 1217 proprium
1266 1145 1540 1200 exstiterit
1569 1162 1582 1197 :
1615 1158 1723 1214 quo
1761 1144 2017 1198 nimirum

447 1241 586 1295 idem
615 1240 731 1308 ipse
758 1255 826 1293 ex
856 1239 1091 1293 mortuis
1129 1238 1197 1292 ad
1241 1238 1410 1290 vitam
1441 1236 1679 1305 rediens,
1713 1234 2019 1303 corruptio-

445 1346 568 1384 nem
610 1344 639 1384 e
670 1329 850 1384 medio
897 1328 1206 1388 sustulisse,
1254 1326 1781 1396 iucorruptionisque
1818 1324 2022 1379 beneli-

445 1422 586 1477 cium
648 1422 701 1475 in
758 1432 927 1476 totum
975 1434 1146 1489 genus
1203 1427 1451 1474 nostrum
1493 1417 1860 1472 transmisisse
1915 1416 2022 1470 dici

447 1522 634 1581 queat.
675 1540 692 1562 ι
728 1512 898 1566 Sicuti
942 1512 1085 1565 enim
1127 1510 1180 1564 in
1212 1509 1384 1564 Adam
1411 1522 1602 1564 omnes
1638 1508 1919 1573 morimur,
1948 1510 2023 1562 ita

447 1616 635 1655 otnues
688 1602 741 1653 in
791 1600 1009 1655 Christo
1050 1588 1457 1654 .vivilicabimur
1478 1597 1546 1652 ".
1578 1616 1598 1649 ι
1661 1596 1726 1649 Et
1776 1598 2019 1650 iterum:

2112 418 2208 481 κὸς
2253 417 2650 489 παραπλησίως
2685 418 2840 487 ἡμῖν,
2879 416 2970 471 διά
3008 418 3313 487 γεννήσεως
3349 418 3407 473 δὲ
3451 418 3705 489 δηλονότι

2113 506 2211 576 τῆς
2242 506 2306 559 ὲκ
2353 506 2633 574 γυναικός.
2679 500 2774 571 Εἷς
2803 502 2897 560 οὖν
2925 505 3036 578 ἄρα
3064 506 3270 579 Κύριος
3309 507 3520 578 Ἰησοῦς
3558 510 3704 581 Χρι-

2116 590 2259 655 στδς.
2290 592 2367 657 ὡς
2411 590 2713 657 ἑνώσαντος
2745 594 2841 664 μὲν
2871 594 3050 664 ἑαυτῷ
3103 594 3201 648 τοῦ
3248 595 3384 649 Θεοῦ
3430 598 3612 665 Λόγου
3643 600 3709 651 τὸ

2114 681 2471 751 ἀνθρώπινον,
2523 683 2893 754 μεμενηκότος
2920 684 2978 738 δὲ
3006 684 3102 737 καὶ
3144 685 3318 750 οὕτως
3345 687 3484 758 ὅπερ
3513 683 3606 757 ἦν.
3641 689 3709 743 El

2114 771 2170 825 δὲ
2197 772 2360 837 αὐτὸς
2388 772 2705 845 κατήργηκε
2733 774 2828 827 τοῦ
2860 774 3094 829 θανάτου
3124 776 3187 828 τὸ
3225 777 3446 847 κράτος,
3476 779 3556 843 ὡς
3587 778 3709 851 ζωὴ

2119 861 2212 914 καὶ
2250 860 2403 926 Θεὸς,
2436 862 2567 916 ἴδιον
2608 862 2773 916 αὐτοῦ
2817 864 3056 917 νοεῖσθαι
3086 864 3286 935 πρέπει
3328 865 3389 918 τὸ
3433 864 3712 929 πεπονθὸς

2117 953 2207 1006 τὸν
2252 952 2499 1007 θάνατον’
2531 953 2619 1006 ἵνα
2659 954 2735 1018 ὡς
2773 954 2938 1018 αὐτὸς
2978 954 3219 1018 ἀναστάς
3247 956 3593 1026 καταργῆσαι
3622 955 3712 1008 λέ-

2118 1061 2267 1113 γοιτο
2302 1044 2401 1115 τὴν
2443 1044 2672 1117 φθοράν,
2702 1036 2799 1099 καλ⁵
2837 1046 2917 1109 εἰς
2957 1046 3103 1100 ἀπαν
3142 1047 3302 1118 ἡμῶν
3340 1048 3713 1117 παραπέμψαι

2119 1137 2180 1189 τὸ
2200 1136 2356 1204 γένος
2376 1136 2475 1206 τῆς
2495 1135 2804 1207 ἀφθαρσίας
2832 1135 2931 1207 τὴν
2960 1137 3391 1210 χάριν.‹Ὥσπερ
3415 1139 3525 1208 γάρ
3556 1140 3614 1191 ὲν
3635 1138 3713 1207 τῷ

2134 1225 2306 1295 Ἀδὰμ
2330 1224 2526 1288 πάντες
2555 1224 2996 1295 ἀποθνήσκομεν,
3015 1226 3161 1279 οὕτω
3186 1229 3280 1279 καὶ
3301 1229 3361 1280 ὲν
3386 1228 3467 1297 τῷ
3485 1228 3715 1297 Χριστῷ

2126 1321 2324 1382 πάντες
2356 1319 2954 1392 ζωοποιη[θη]σόμεθα.
3007 1340 3027 1372 ι
3051 1322 3157 1374 Καὶ
3197 1322 3395 1375 πάλινο
3433 1340 3453 1373 ι
3499 1323 3712 1390 Ὥσπερ

2123 1410 2232 1483 γὰρ
2271 1410 2339 1463 δι’
2377 1410 2666 1482 ἀνθρώπου
2707 1412 2956 1477 θάνατος,
2995 1414 3137 1468 οὕτω
3182 1415 3276 1468 καὶ
3315 1416 3383 1468 δι’
3421 1415 3713 1486 ἀνθρώπευ

2127 1503 2425 1566 ἀνάστασις
2477 1502 2707 1575 νεκρῶν.
2749 1522 2767 1554 ι
2815 1504 3032 1573 Ἐπειδὴ
3060 1504 3117 1556 se
3147 1507 3263 1556 ἐστι
3293 1505 3401 1558 τῶν
3444 1506 3547 1575 τῆς
3588 1505 3717 1558 καθ’

2126 1596 2273 1665 ἡμᾶς
2301 1595 2597 1664 νοουμένης
2625 1594 3048 1665 ἀνθρωπότητος
3087 1596 3348 1650 ἐπέκεινα
3387 1596 3607 1667 μέτρων
3655 1598 3718 1650 τὸ

454 1709 473 1744 ι
503 1690 637 1745 Nam
693 1698 752 1744 ut
803 1705 901 1760 per
952 1689 1228 1744 hominem
1278 1702 1447 1752 mors,
1490 1686 1563 1740 ita
1613 1678 1713 1754 per'
1753 1685 2024 1740 hominem

2144 1686 2375 1756 πατῆσαι
2409 1684 2657 1751 θάνατον,
2683 1686 2875 1739 ὲνὼσει
2905 1688 3106 1757 φαμὲν,
3142 1689 3309 1758 ἤγουν
3338 1691 3617 1760 κοινωνξᾳ,
3649 1692 3719 1760 τῇ

448 1799 664 1837 rursum
721 1792 804 1836 CSl.
868 1782 1193 1835 εσθαι-τρειῑο
1258 1788 1594 1834 mortuorum
1634 1778 1701 1831 ⁸⁷.
1749 1797 1769 1830 ι
1830 1777 2026 1833 Verum

449 1873 591 1943 quod
646 1885 872 1927 mortem
921 1881 1218 1941 proterere,
1265 1884 1353 1924 res
1401 1881 1485 1923 est
1524 1870 1776 1923 humana:
1822 1877 2029 1921 natura:

452 1964 760 2018 facultath
807 1962 1101 2027 excedens,
1136 1961 1292 2032 135
1321 1970 1608 2031 propterea
1650 1960 1743 2015 Dei
1792 1958 2026 2015 Verbum

2138 1778 2275 1849 πρὸς
2318 1779 2497 1847 σάρκα
2524 1794 2584 1830 τε
2624 1778 2717 1830 καὶ
2756 1773 2897 1848 αἷμα
2927 1778 3018 1831 τὸν
3060 1778 3154 1832 τοῦ
3193 1778 3328 1833 Θεοῦ
3358 1782 3535 1850 Λόγον
3564 1783 3721 1850 γενέ-

2137 1869 2259 1924 σθαι
2302 1868 2423 1922 καθ’
2463 1870 2612 1939 ἡμᾶς
2638 1868 2958 1939 ἄνθρωπον·
3008 1870 3493 1944 ἀπομεμενηκέναι
3532 1873 3595 1925 δὲ
3622 1874 3723 1926 καὶ

2133 1961 2277 2015 οὕτω
2305 1960 2537 2015 θανάτου
2567 1962 2871 2034 κρείττονα·
2907 1962 3042 2027 Θεὸς
3067 1963 3176 2035 γάρ
3201 1960 3269 2035 ἦν
3298 1966 3358 2017 ὲν
3387 1967 3574 2035 σαρκί.

452 2048 671 2122 unione,
710 2057 810 2112 hoc
842 2070 946 2121 est,
1013 2073 1138 2111 eum
1203 2072 1370 2113 carne
1407 2066 1463 2111 et
1528 2055 1797 2126 sanguine
1859 2056 2375 2121 communicatione,
2427 2057 2589 2112 homo
2643 2056 2798 2112 nobis
2840 2056 3036 2114 similis
3081 2056 3333 2113 effectum
3380 2068 3507 2112 est:
3540 2060 3617 2112 ita
3666 2059 3721 2112 id

454 2168 657 2217 tamen,
704 2164 763 2206 ut
816 2163 990 2208 morte
1033 2153 1282 2223 superior
1319 2153 1680 2216 remanserit;
1724 2161 1844 2206 erat
1874 2152 2021 2206 enim
2055 2154 2194 2206 Dens
2233 2152 2285 2205 in
2322 2166 2508 2205 carne.

532 2247 598 2299 Χ.
653 2264 672 2296 ι
716 2246 993 2313 Nusquam
1043 2245 1187 2298 enim
1226 2244 1451 2314 angelos
1497 2244 1872 2314 apprehendit,
1933 2244 2029 2299 sed

454 2352 638 2391 semen
670 2336 902 2389 Ahrahre
929 2333 1303 2404 apprehendit.
1380 2331 1534 2386 Unde
1561 2331 1748 2386 debuit
1779 2347 1875 2401 per
1906 2347 2030 2384 om-

458 2430 544 2482 nia
573 2428 805 2482 fatribus
835 2426 1166 2490 assimilari;
1196 2434 1256 2479 ut
1282 2424 1595 2479 misericors
1626 2423 1782 2479 fieret
1813 2435 1869 2478 et
1894 2424 2030 2478 fide-

459 2522 523 2574 lis
556 2518 795 2588 pontifex
831 2517 898 2571 ad
928 2519 1118 2582 Deum,
1172 2527 1232 2571 ut
1263 2516 1646 2592 reprOpitiaret
1690 2516 1887 2572 delicta
1934 2532 2032 2585 pa-

458 2613 590 2682 puli.
613 2611 668 2665 In
696 2626 804 2680 quo
827 2610 971 2665 enim
1003 2624 1197 2679 passus
1219 2617 1303 2664 est
1328 2609 1444 2678 ipse
1467 2619 1519 2663 et
1543 2606 1802 2671 tenta‘tus,
1840 2618 2036 2676 potens

458 2712 540 2756 est
571 2711 620 2754 et
648 2701 728 2754 eis
763 2701 852 2767 qui
880 2708 1181 2763 tentantur,
1214 2697 1467 2752 auxiliari
1488 2697 1555 2751 ".
1599 2718 1618 2750 ι
1659 2698 1753 2753 Dei
1798 2696 2035 2752 Verbum

461 2794 693 2846 Abrahm
722 2807 905 2846 semen
936 2790 1362 2860 apprehendisse
1411 2791 1732 2845 asserimus.
1793 2788 2039 2845 Natnse-

467 2883 703 2937 eundum
731 2898 949 2937 carnem
983 2897 1049 2938 ex
1074 2880 1277 2937 Judazis
1310 2891 1487 2936 ortum
1531 2891 1633 2945 est,
1674 2890 1730 2936 et
1779 2880 2038 2936 fratribus

2208 2244 2264 2296 l'.
2306 2263 2324 2294 ι
2350 2243 2426 2297 Οὐ
2456 2242 2566 2313 γὰρ
2597 2244 2770 2314 δήπου
2798 2244 3046 2312 ἀγγέλων
3090 2243 3550 2313 ἐπιλαμϐάνεται,
3582 2242 3722 2296 ἀλλὰ

2143 2330 2457 2406 σπέρματος
2513 2334 2767 2406 Ἀϐραὰμ
2812 2335 3268 2407 ἐπιλαμϐάνεται.
3297 2336 3464 2390 ’Ὅθεν
3513 2334 3721 2403 ὣςειλε

2138 2428 2279 2481 κατὰ
2326 2430 2502 2482 πάντα
2529 2431 2642 2492 τοῖς
2676 2428 2921 2497 ἀδελφοῖς
2948 2428 3302 2500 ὁμοιωθῆναισ
3342 2430 3431 2483 ἵνα
3467 2429 3724 2500 ἐλεήμων

2138 2518 2362 2589 γένηται
2389 2521 2482 2573 καὶ
2514 2520 2704 2583 πιστὸς
2730 2522 3020 2593 ἀρχιερεὺς
3055 2522 3125 2574 τὰ
3164 2521 3300 2593 πρὸς
3331 2521 3422 2574 τὸν
3454 2521 3609 2584 Θεὸν,
3637 2523 3725 2584 εἰς

2136 2608 2196 2661 τὸ
2226 2607 2541 2662 ἱλάσκεσθαι
2584 2611 2704 2672 ταῖς
2734 2610 3029 2680 ἁμαρτίαις
3070 2612 3103 2680 ή
3114 2609 3249 2679 μῶν.
3286 2610 3376 2664 Ἑν
3399 2605 3446 2677 ᾧ
3475 2611 3586 2681 γὰρ
3620 2611 3725 2664 πέ-

2139 2699 2334 2752 πονθεν
2370 2699 2533 2763 αὐτὸς
2573 2699 2921 2770 πειρασθεὶς,
2971 2700 3195 2754 δύναται
3231 2702 3344 2765 τοῖς
3385 2700 3729 2771 πειραζομέ-

2138 2805 2250 2852 νοις
2297 2789 2580 2860 βοηθῆσαι.
2609 2809 2629 2843 ι
2680 2790 3000 2862 Σπέρματος
3049 2791 3300 2863 Ἀδραάμ
3348 2792 3727 2861 ἐπιλαμϐάνε-

2140 2879 2263 2934 σθαί
2293 2898 2471 2951 φαμεν
2498 2881 2589 2936 τὸν
2617 2879 2713 2934 τοῦ
2751 2882 2886 2935 Θεοῦ
2917 2882 3120 2950 Λόγονο
3152 2884 3319 2952 ἀνέφυ
3352 2884 3458 2955 γὰρ
3482 2881 3543 2948 ἐξ
3588 2884 3729 2938 ’1ου-

465 2992 560 3045 per
616 2976 795 3030 omnia
851 2974 1242 3037 assimilatunt;
1294 2974 1394 3028 hoc
1441 2983 1559 3038 est,
1607 2972 1787 3028 servili
1832 2972 2037 3034 forma,

2144 2972 2307 3025 δαίων
2331 2973 2393 3026 τὸ
2417 2973 2557 3027 κατά
2587 2973 2784 3045 σάρκα,
2813 2976 2908 3028 καὶ
2931 2974 3190 3045 ὡμοιώθη
3223 2976 3363 3030 κατὰ
3395 2977 3576 3031 πάντα
3608 2978 3728 3039 τοῖς

460 3070 609 3140 juxta
643 3068 882 3137 Apostoli
914 3066 1214 3123 doctrinam
1238 3065 1306 3132 “,
1333 3075 1573 3136 sumpta,
1598 3064 1825 3119 aliorum
1857 3064 2036 3119 homi-

396 3149 404 3155 ’
473 3179 599 3215 nunt
645 3176 795 3214 more
826 3160 977 3214 nasci
1012 3160 1356 3226 dedignatum
1389 3174 1493 3213 non
1526 3168 1631 3213 est.
1676 3158 1788 3212 llac
1807 3157 1954 3211 enim
1977 3157 2044 3211 de

473 3269 637 3308 causa
668 3260 721 3306 et
752 3251 918 3306 Filius
969 3251 1208 3306 hominis
1246 3250 1482 3315 exstitit,
1514 3260 1570 3303 et
1613 3265 1799 3304 eorum
1830 3250 1922 3319 qui
1971 3264 2038 3303 ex

464 3346 676 3403 semine
728 3345 959 3400 Abralue
1007 3342 1345 3413 prodierant,
1377 3346 1480 3398 hoe
1529 3352 1633 3405 est,
1693 3358 1761 3396 ex
1791 3357 1959 3396 carne
1986 3352 2042 3394 et

467 3438 732 3505 sanguine
755 3437 1201 3499 constitutorum,
1226 3434 1395 3488 frater
1412 3434 1662 3488 effectum
1695 3444 1799 3488 est.
1822 3432 2044 3501 Ecqua;-

470 3546 593 3583 nam
631 3530 824 3582 hormn
872 3544 1036 3581 causa
1064 3528 1309 3581 exstitit?
1358 3526 1472 3579 Non
1508 3525 1611 3578 alia
1648 3526 1911 3594 profecto,
1945 3523 2043 3590 ait,

468 3637 631 3690 quam
678 3630 766 3673 «ut
806 3618 1118 3673 misericors
1158 3618 1438 3686 tidelisque
1462 3618 1704 3686 pontitex
1744 3617 1799 3669 in
1826 3617 1893 3669 iis
1921 3628 2045 3683 qua:

470 3721 595 3766 sunt
622 3709 687 3763 ad
708 3710 894 3776 Deum,
928 3709 1131 3762 fieret.»
1172 3707 1422 3763 Christus
1456 3722 1691 3774 namque
1720 3705 2033 3774 pentilicetn

471 3819 633 3872 supra
668 3802 882 3854 modum
919 3801 1210 3866 benignum
1253 3809 1309 3855 et
1344 3800 1755 3855 misericordem
1801 3812 1859 3852 se
1886 3796 2049 3852 nobis

471 3896 739 3951 exhibuit.
774 3895 987 3950 Etenim
1041 3910 1165 3949 cum
1205 3893 1341 3964 legis
1374 3893 1551 3946 littera
1580 3892 1818 3961 peccatis
1839 3891 2047 3946 obstri-

474 3995 587 4038 ctos
623 3984 970 4049 coudenmet,
995 3983 1437 4053 gravissimeque
1472 3995 1631 4051 paena
1674 3981 1799 4036 illos
1825 3981 1916 4049 qui
1952 3980 2047 4034 Dei

475 4074 795 4129 inlaudatum
824 4074 1143 4140 violassent,
1171 4073 1485 4143 plectendos
1515 4073 1776 4126 decernat
1807 4088 1820 4123 :
1862 4089 1879 4121 t
1924 4070 2050 4124 Irri-

478 4179 589 4221 tam
621 4168 764 4221 enim
792 4168 916 4236 quis
941 4167 1147 4224 faciens
1179 4167 1352 4237 legent
1386 4165 1614 4236 Moysis,
1647 4165 1766 4217 sine
1815 4163 1918 4217 ulla
1946 4163 2047 4215 mi-

477 4260 776 4322 seratione,
807 4257 1021 4312 duobus
1051 4258 1135 4310 vel
1177 4256 1354 4310 tribus
1385 4256 1614 4309 testibus
1644 4254 1873 4307 moritur
1901 4253 1947 4283 ⁹⁰
1974 4271 1988 4307 :
2027 4271 2047 4304 ι

2144 3064 2411 3134 ἀδελφοῖς,
2440 3066 2581 3120 κατά
2608 3083 2671 3134 γε
2697 3068 2758 3120 τὸ
2782 3067 3116 3137 ἀνασχέσθαι
3140 3067 3325 3120 λαϐεῖν
3349 3068 3449 3137 τὴν
3478 3068 3570 3120 τοῦ
3598 3067 3695 3121 δού
3712 3099 3727 3108 -

2144 3156 2237 3212 λου
2273 3158 2505 3229 μορφὴν,
2537 3160 2632 3212 καὶ
2669 3160 2728 3212 ὲν
2753 3158 3058 3229 ὁμοιώματι
3096 3157 3401 3229 ἀνθρώπων
3434 3157 3689 3227 γενέσθαι
3710 3198 3727 3217 .

2146 3250 2292 3305 καθά
2328 3268 2494 3321 φησιν
2521 3251 2550 3303 ό
2592 3250 2864 3322 μακάριος
2902 3250 3129 3314 Παῦλος.
3177 3251 3562 3321 Κεχρημάτικε
3610 3250 3735 3321 γὰρ

2145 3342 2290 3396 οὕτω
2335 3343 2465 3407 Υἱὸς
2514 3342 2824 3414 ἀνθρώπου,
2856 3343 2951 3396 καὶ
2983 3342 3207 3410 γέγονεν
3232 3341 3462 3411 ἀδελφὸς
3504 3344 3620 3405 τοῖς
3662 3344 3735 3395 ἐκ

2147 3435 2459 3505 σπέρματος
2493 3434 2761 3504 Ἀϐραάμ.
2788 3434 2956 3503 ἡγουν
2978 3435 3092 3495 τοῖς
3115 3434 3172 3485 εν
3194 3432 3390 3503 αἵματι
3415 3433 3510 3485 καὶ
3534 3436 3732 3501 σαρκί.

2147 3528 2245 3590 Ti;
2271 3524 2366 3580 οὖν
2396 3526 2505 3598 ἄρα
2526 3526 2673 3580 ἐστὶν
2695 3526 2728 3596 ἡ
2754 3525 2906 3579 τοῦδε
2938 3524 3246 3596 «poenam;
3273 3524 3422 3577 «Ἵνα
3453 3523 3734 3594 ἐλεήμων,

2150 3619 2304 3690 φησι,
2353 3619 2599 3690 γένηται,
2645 3619 2739 3672 καὶ
2787 3616 2979 3680 πιστὸς
3019 3617 3313 3688 ἀρχιερεὺς
3349 3617 3418 3671 τὰ
3461 3617 3603 3689 πρὸς
3633 3618 3734 3671 τὶν

2149 3708 2302 3764 Θεόν.
2335 3729 2356 3764 ι
2378 3710 2657 3781 Ἑλεήμων
2688 3709 2787 3779 μὲν
2819 3708 2927 3780 γὰρ
2963 3708 3256 3779 ἀρχιερεὺς
3287 3710 3365 3770 εἰς
3395 3710 3553 3778 ἡμᾶς
3575 3708 3739 3775 γέγο-

2151 3819 2240 3855 νεν
2264 3803 2292 3855 ό
2319 3802 2574 3874 Χριστὸς,
2605 3802 2681 3865 ὡς
2717 3800 2812 3854 τοῦ
2841 3798 3068 3871 νομικοῦ
3099 3799 3425 3871 γράμματος
3459 3801 3736 3870 κατακρι-

2153 3911 2332 3957 νοντος
2347 3894 2473 3956 τοὺς
2493 3892 2899 3964 ἡμαρτηκότας,
2918 3892 3014 3944 καὶ
3028 3891 3128 3964 τὴν
3147 3889 3244 3943 τοῦ
3278 3890 3611 3954 κολάζεσθαι
3626 3892 3743 3944 δεῖν

2152 3986 2505 4057 ἐπιφέροντος
2546 3984 2725 4055 ψῆφον
2761 3986 2875 4046 τοῖς
2913 3983 3011 4054 τὴν
3050 3983 3200 4036 θείαν
3238 3983 3607 4053 ἀτιμάζουσιν
3650 3985 3744 4035 ἑν-

2153 4078 2335 4149 τολήν.
2382 4097 2401 4129 ι
2444 4076 2740 4147 Ἀθετήσας
2780 4076 2887 4147 γάρ
2921 4092 3004 4139 τις
3047 4075 3210 4145 νόμον
3254 4075 3532 4140 Μωσέως,
3568 4080 3747 4147 χωρὶς

2154 4169 2457 4240 οἰκτιρμῶν
2483 4169 2575 4221 ἐπὶ
2603 4167 2754 4221 δυσὶν
2784 4168 2816 4238 ἢ
2849 4167 2996 4237 τρισὶ
3024 4168 3292 4238 μάρτυσιν
3316 4166 3690 4237 ἀποθνήσκει·
3720 4187 3741 4218 ι

2154 4261 2354 4315 δικαιοῖ
2392 4277 2455 4328 γε
2502 4260 2609 4331 μὴν
2638 4260 2697 4312 ὲν
2727 4260 2909 4312 πίστει
2936 4258 3190 4329 Χριστὸς,
3222 4259 3315 4311 καὶ
3344 4258 3456 4311 τῶν
3489 4258 3749 4328 ἀρχαίων

476 4348 726 4401 Christus
791 4362 887 4415 per
953 4348 1112 4402 fidem
1170 4347 1448 4416 justilicat.
1510 4360 1710 4413 eosque
1768 4346 1856 4413 qui
1915 4344 2037 4414 lapsi

2160 4353 2499 4424 αἱτιαμάτων
2533 4352 2718 4423 ἀνίησι
2749 4351 2877 4413 τοὺς
2908 4350 3298 4421 ἠσθενηκότας.
3328 4351 3528 4418 Γέγονε
3560 4352 3751 4403 τοίνυν

476 4447 624 4504 sunt,
654 4453 683 4489 a
721 4439 995 4492 veteribus
1024 4439 1199 4508 culpis
1225 4438 1481 4492 absolvit.
1519 4435 1716 4490 Factus
1743 4445 1827 4490 est
1872 4436 2057 4503 itaque

484 4527 798 4583 misericors
823 4528 1091 4598 pontifex,
1119 4537 1307 4597 utpote
1341 4528 1569 4595 legalem
1603 4528 1750 4581 illam
1779 4528 2054 4583 severita-

481 4629 586 4674 tem
609 4619 812 4675 diutios
829 4619 1010 4675 valere
1032 4635 1140 4676 non
1165 4619 1371 4674 sinens.

551 4711 643 4767 XI.
686 4710 887 4767 Fidelis
937 4725 1068 4765 vero
1118 4709 1394 4779 pontifex;
1453 4709 1710 4779 quoniam
1767 4721 2060 4779 perpetuus

480 4820 545 4860 ac
579 4810 858 4866 constans,
894 4800 1357 4870 dignissimusque
1413 4800 1572 4869 cujus
1615 4800 1900 4870 promissis
1929 4800 2062 4855 tides

483 4894 767 4948 habeatur.
833 4892 907 4945 De
936 4890 1202 4961 legalibus
1253 4901 1434 4945 autem
1478 4891 1854 4947 sacerdotibus
1905 4892 2063 4958 longe

484 4984 665 5049 aliter,
689 4982 950 5050 Apostolo
1005 4992 1169 5047 teste,
1230 4997 1316 5037 res
1350 4983 1534 5036 habet.
1577 5002 1594 5033 ι
1642 4982 1709 5037 Ει
1737 4984 1827 5037 alii
1861 4983 2061 5053 (inquit

486 5076 552 5145 is)
586 5076 774 5144 plures
812 5074 939 5130 lacti
974 5084 1103 5130 sunt
1129 5074 1466 5139 sacerdotes,
1498 5075 1698 5128 idcirco
1737 5077 1880 5142 quod
1915 5088 2060 5129 mor-

485 5175 539 5221 te
574 5166 994 5233 prohiberentur
1055 5181 1414 5236 permanere:
1469 5167 1555 5221 hic
1602 5177 1780 5220 autem
1821 5181 1886 5219 eo
1918 5168 2059 5235 quod

487 5265 703 5309 maneat
744 5256 795 5308 in
815 5265 1100 5321 aeternum,
1135 5256 1525 5325 sempiternum
1584 5256 1747 5310 habet
1799 5258 2058 5311 sacerdo-

488 5344 647 5398 tium.
671 5343 825 5400 Uude
852 5346 1062 5401 salvare
1086 5347 1139 5402 in
1166 5358 1481 5418 perpetuum
1515 5357 1692 5415 potest
1739 5347 2063 5403 accedentes

489 5448 588 5503 per
615 5434 788 5503 ipsum
815 5439 880 5489 ad
907 5436 1116 5503 Deum;
1175 5453 1392 5509 semper
1443 5440 1633 5494 vivens
1688 5441 1756 5495 ad
1802 5441 2063 5510 interpel—

559 5609 607 5643 ⁸⁵
632 5609 653 5665 l
679 5612 805 5668 Cor.
836 5627 921 5677 xv,
944 5612 1034 5665 εξ.
1115 5614 1158 5644 ⁸⁷
1195 5614 1325 5668 ibid.
1349 5614 1435 5668 ﬁl.
1517 5613 1565 5645 ³⁸
1601 5615 1764 5671 llcbr.
1799 5631 1859 5681 tt,
1897 5615 2080 5670 16-18.

2161 4446 2408 4516 ἐλεήμων
2446 4445 2765 4515 ἀρχιερεὺς,
2794 4441 2976 4495 οὐκέτι
3022 4442 3120 4505 τὰς
3164 4442 3398 4512 νομικὰς
3431 4441 3753 4511 sco-.9741;

2162 4541 2386 4611 κρατεῖν
2416 4538 2747 4608 ἐπιτρέπων.

2225 4718 2329 4770 IA'.
2370 4716 2567 4779 Πιστὸς
2606 4716 2698 4780 δὲ,
2746 4717 2829 4770 ὅτι
2870 4717 3117 4788 μόνιμος,
3180 4720 3275 4770 καὶ
3318 4715 3617 4787 διηνεκὴς,
3656 4718 3754 4771 καὶ

2158 4807 2455 4877 ἀξιόχρεως
2480 4808 2559 4869 εἰς
2589 4808 2772 4860 πίστιν
2798 4809 2905 4860 τῶν
2933 4807 3377 4879 ἐπηγγελμένων.
3394 4807 3486 4870 Ὠς
3513 4809 3632 4878 γὰρ
3659 4809 3754 4861 αὐ-

2158 4900 2251 4963 τός
2284 4916 2388 4952 που
2426 4899 2589 4953 πάλιν
2625 4898 2792 4968 φησιν
2829 4901 2860 4952 ὁ
2889 4898 3178 4962 θεσπέσιος
3218 4897 3429 4960 Παῦλος
3466 4900 3603 4969 περὶ
3639 4899 3752 4951 τῶν

2165 4991 2309 5044 κατὰ
2352 4992 2551 5062 νόμους
2598 4991 2824 5060 ἱερέων,
2876 5007 2893 5040 ι
2929 4990 3037 5042 Καὶ
3069 4991 3120 5041 οἱ
3159 4987 3257 5058 μὲν
3308 4988 3557 5052 πλείονες
3610 4990 3759 5042 εἰσιν

2170 5083 2334 5153 ἱερεῖς
2370 5084 2672 5151 γεγονότες,
2709 5082 2797 5134 διά
2825 5081 2887 5134 τὸ
2919 5081 2997 5151 τῷ
3039 5079 3256 5149 θανάτῳ
3291 5079 3608 5133 κωλύεσθαι
3646 5097 3757 5133 πα-

2173 5173 2461 5245 ραμένειν·
2491 5177 2520 5226 ὁ
2548 5174 2605 5226 δὲ
2637 5173 2725 5226 διὰ
2771 5172 2831 5226 τὸ
2861 5174 3044 5242 μένειν
3071 5174 3235 5226 αὑτὸν
3276 5173 3356 5236 εἰς
3403 5173 3499 5225 τὸν
3542 5175 3759 5235 αἰῶνα,

2170 5266 2524 5337 ἀπαράϐατον
2562 5266 2675 5336 ἔχει
2724 5266 2824 5336 τὴν
2866 5265 3199 5337 ἱερωσύνην
3246 5266 3371 5319 ὅθεν
3408 5267 3505 5319 καὶ
3556 5266 3760 5321 σώζειν

2172 5357 2251 5417 εἰς
2275 5355 2335 5408 τὸ
2363 5355 2622 5419 παντελὲς
2653 5354 2872 5407 δύναται
2900 5354 3025 5413 τοὺς
3055 5355 3533 5426 προσερχομένους
3562 5356 3637 5408 δι’
3664 5356 3765 5409 αὖ·

2170 5445 2265 5497 τοῦ
2307 5446 2386 5515 τῷ
2415 5445 2555 5515 Θεῷ,
2588 5447 2817 5500 πάντοτε
2858 5443 2967 5509 ζῶν
2995 5448 3077 5508 εἰς
3118 5447 3181 5499 τὸ
3221 5446 3575 5516 ἐντυγχάνειν
3616 5444 3764 5515 ὑπὲρ

2160 5618 2206 5649 ”
2235 5617 2463 5689 Philipp.
2504 5637 2562 5685 It,
2599 5623 2648 5676 7.
2729 5625 2774 5653 "’
2809 5622 2972 5678 lltrbt‘.
3010 5623 3171 5690 Χείὲ8.
