3952 6200
334 222 470 280 1349

1136 212 1226 276 ᾸΙ)
1265 218 1564 276 BEGlNAS
1604 218 1690 273 DE
1730 216 1958 272 RECTA
1995 214 2151 271 FIDE
2188 213 2443 271 ORATiO
2484 212 2775 268 ALTERA.

3435 213 3573 271 {550

329 341 531 397 αὐτῶν.
559 361 577 394 ι
615 341 803 413 Ἀθρει
843 342 929 409 δὲ,
959 343 1106 406 ὅπως
1155 344 1253 396 οὑκ
1291 347 1370 407 είς
1420 342 1742 412 κατάκρισιν
1792 339 1901 394 τῶν

2008 340 2223 394 landum
2263 354 2359 409 pro
2389 338 2469 393 eis
2501 337 2567 392 ’¹.
2599 355 2616 387 ι
2665 334 2906 390 Observa
2938 335 3046 398 hic,
3070 333 3343 404 quomodo
3370 335 3563 389 nonad

330 431 728 503 ἡμαρτηκότων
773 433 994 501 γέγονεν
1041 432 1346 505 ἀρχιερεὺς,
1377 436 1455 497 εἰς
1483 433 1543 487 τὸ
1585 432 1900 486 ἱλάσκεσθαι

327 522 386 575 δὲ
412 522 616 593 μᾶλλον
651 526 768 587 ταῖς
811 524 1105 595 ἁμαρτίαις
1137 524 1333 579 αὐτῶν.
1372 526 1430 579 '0
1462 524 1518 578 δέ
1555 542 1618 594 γε
1651 523 1742 577 τοῦ
1776 542 1899 577 πει-

332 612 545 683 ρασμοῦ
576 614 669 666 καὶ
702 613 801 684 τῆς
832 615 1021 678 θυσίας
1059 617 1239 678 ὁποῖος
1279 617 1342 668 ἂν
1374 616 1459 684 εἴη
1489 616 1715 686 τρόποςς
1754 620 1772 667 ι
1813 615 1901 667 Ἐν

278 734 282 738 Α
330 697 395 771 ᾧ,
443 703 606 772 φησι,
653 704 919 758 πέπονθεν
951 704 1111 768 αὑτὸς
1157 706 1496 776 πειρασθεὶς,
1530 706 1748 759 δύναται
1790 706 1901 767 τοῖς

332 792 751 864 πειραζομένοις
816 795 910 849 καὶ
958 794 1238 867 βοηθῆσαι.
1267 816 1286 848 ι
1336 799 1733 869 Διεκαρτέρησε
1792 797 1900 867 γὰρ

328 884 748 955 πειραζόμενος,
781 888 874 939 καὶ
909 887 1165 956 ὑπέμεινε
1196 889 1445 959 σταυρόν.
1480 889 1624 958 Πλὴν
1655 887 1846 942 ἑαυτὸν
1872 889 1901 939 ὀ

329 974 458 1038 Υίδς
499 976 574 1039 ὠς
605 974 834 1046 ἄμωμον
869 978 1063 1045 ἱερεῖον
1092 979 1497 1049 προσκεκόμικε
1535 979 1610 1047 τῷ
1645 978 1762 1048 Θεῷ
1809 979 1901 1031 καὶ

330 1067 529 1137 Πατρὶ,
574 1066 659 1120 ἵνα
685 1066 772 1120 διὰ
806 1067 904 1136 τῆς
936 1069 1129 1123 ἑαυτοῦ
1162 1071 1361 1141 σαρκός
1393 1070 1634 1141 βοηθήσῃ
1664 1073 1775 1134 τοῖς
1803 1071 1899 1123 κά-

326 1174 527 1227 μνουσι
565 1157 657 1209 καὶ
693 1158 1127 1229 πειραζομένοις.
1166 1181 1184 1213 ι
1213 1165 1329 1234 Mra
1356 1163 1465 1233 γὰρ
1492 1162 1776 1232 προσφορᾷ
1816 1177 1903 1214 τε-

329 1247 615 1301 τελείωκεν
657 1250 738 1313 είς
777 1250 836 1302 τὸ
868 1250 1111 1322 διηνεκὲς
1139 1255 1265 1319 τοὺς
1298 1256 1715 1324 ἁγιαζομένους.
1740 1273 1757 1302 ι
1792 1253 1900 1306 Ab-

329 1339 419 1400 τὸς
445 1335 539 1393 οὖν
563 1340 671 1410 ἄρα
698 1339 917 1408 γέγονεν
944 1345 1231 1414 ἀρχιερεὺς
1259 1345 1399 1399 κατὰ
1427 1346 1487 1398 τὸ
1540 1344 1899 1415 ἀνθρώπινον,

330 1430 505 1484 καίτοι
545 1431 697 1502 παρὰ
756 1432 973 1486 πάντων
1012 1434 1111 1498 τὰς
1144 1434 1337 1500 Θυσίας
1371 1436 1653 1506 δεχόμενος
1681 1433 1895 1498 θεῖκῶς.

322 1522 501 1585 Δὺτδς
528 1521 587 1574 τὸ
624 1521 939 1593 θῦμακατὰ
963 1523 1062 1594 τὴν
1093 1525 1289 1597 σάρκα.
1317 1527 1486 1589 Αὐτὸς
1516 1528 1545 1579 ό
1579 1528 1697 1589 ταῖς
1723 1526 1903 1595 ἀμαρ-

324 1614 471 1677 τίαις
509 1612 667 1683 ἡμῶν
713 1612 1062 1684 ἱλασκόμενος
1094 1616 1235 1670 κατά
1263 1634 1327 1685 γε
1359 1618 1459 1688 τὴν
1517 1616 1768 1687 θεότητος
1806 1614 1898 1668 δύ-

330 1722 494 1776 ναμιν
519 1714 565 1757 P.
596 1699 693 1767 Εἷς
722 1699 815 1756 οὖν
854 1704 963 1775 ἄρα
997 1705 1201 1778 Κύριος
1238 1707 1443 1779 Ἰησοῦς
1468 1708 1722 1779 Χριστός.

2003 444 2188 485 eorum
2218 430 2308 499 qui
2334 429 2568 499 peccatis
2599 443 2657 482 se
2715 425 3118 480 ohstrinxerant
3173 425 3575 479 condenmatio—

2006 536 2126 575 nem
2154 519 2395 589 pontifex
2440 517 2613 573 factus
2645 520 2738 585 sit,
2772 520 2865 575 sed
2928 518 3105 587 potius
3142 517 3207 570 ad
3251 517 3568 570 delictorum

2004 613 2316 666 earumdem
2370 610 2741 680 purgationem
2796 626 2859 664 ac
2905 609 3357 678 pttqiitiationem.
3414 607 3573 678 136

2004 701 2114 757 Sed
2148 701 2350 772 qualis,
2378 717 2580 770 qumso,
2637 716 2756 754 cum
2790 701 3127 764 tentationis,
3166 711 3277 753 tum
3311 700 3566 755 sacriﬁcii

2002 810 2217 863 quoque
2253 794 2397 850 illius
2440 793 2630 847 modus
2681 793 2938 848 exstitit?
2994 792 3085 845 Ait
3121 809 3387 862 namque:
3442 813 3460 845 ι
3516 791 3569 845 Id

2002 901 2108 954 quo
2133 901 2324 953 passus
2342 897 2421 939 est
2443 887 2555 953 ipse
2580 897 2628 939 et
2663 895 2920 946 tentatus,
2955 894 3146 954 potens
3171 895 3254 940 est
3284 898 3337 940 et
3357 888 3439 940 eis
3478 886 3570 955 qui

2003 986 2300 1039 tentantur,
2326 976 2589 1029 \auxiliari
2621 976 2689 1028 θ’.
2734 995 2752 1026 ι
2808 977 2952 1030 Sane
3012 986 3250 1030 tentatus
3305 977 3562 1045 perstitit,

2002 1075 2057 1121 et
2089 1066 2266 1121 crucis
2301 1065 2624 1134 supplicium
2672 1066 2941 1134 patienter
2986 1066 3265 1119 sustinuit.
3302 1065 3568 1120 Ceelcrum

2002 1154 2172 1211 Filius
2205 1155 2312 1209 Deo
2344 1165 2399 1209 et
2434 1154 2580 1208 Patri
2625 1155 2958 1223 impollntmn
3009 1156 3338 1209 sacriﬁcium
3376 1166 3574 1211 Semel-

2002 1246 2179 1315 ipsum
2231 1246 2460 1312 obtulit;
2512 1261 2701 1315 nempe
2747 1261 2853 1314 quo
2904 1246 3001 1316 per
3031 1249 3300 1317 propriam
3353 1264 3572 1302 carnem

2003 1352 2159 1406 opem
2197 1338 2304 1392 illis
2337 1336 2481 1391 ferre
2511 1348 2715 1405 posset,
2748 1338 2837 1405 qui
2870 1353 2989 1392 cum
3023 1337 3281 1392 molestiis
3309 1350 3361 1392 et
3392 1347 3570 1393 tema-

2006 1428 2242 1483 tiouibus
2267 1428 2666 1482 conflictantur.
2707 1445 2726 1478 ι
2780 1426 2897 1482 Una
2940 1428 3082 1481 enim
3122 1428 3391 1484 oblatione
3438 1446 3573 1485 con-

2004 1520 2296 1574 summavit
2349 1519 2401 1571 in
2435 1518 2824 1586 sempiternum
2870 1518 3239 1575 sanctificatos
3257 1522 3321 1574 ”.
3364 1540 3383 1573 ι
3448 1521 3569 1591 Ipse

2005 1610 2230 1680 proinde
2281 1610 2579 1663 secundum
2645 1609 2938 1662 humanam
2992 1622 3236 1665 naturam
3291 1613 3464 1667 factus
3491 1616 3579 1666 est

2004 1690 2266 1773 pontifex,
2303 1717 2634 1771 quanquam,
2690 1712 2748 1757 ut
2792 1704 2930 1757 Deus
2962 1714 3071 1766 est,
3103 1704 3168 1758 ab
3206 1703 3455 1760 otnnibus
3496 1705 3573 1759 illi

330 1800 687 1857 sacrificetur.
713 1799 829 1868 ipse
893 1810 995 1866 est,
1050 1804 1139 1872 qui
1200 1806 1495 1859 secundum
1527 1818 1746 1858 carnem
1799 1801 1974 1856 factus
2010 1809 2094 1853 est
2123 1798 2366 1853 victima.
2400 1798 2517 1867 Ipse
2558 1799 2697 1853 idem
2752 1810 3099 1865 rnrsumest,
3127 1800 3218 1869 qui
3278 1788 3572 1855 secundum

330 1893 628 1947 divinitatis
667 1891 1068 1962 auctoritatem,
1098 1899 1341 1967 peccatis
1374 1899 1574 1954 nostris
1615 1898 1880 1968 propitius
1917 1911 1978 1951 ac
2003 1894 2245 1950 clemens
2274 1902 2376 1948 est.
2410 1892 2558 1948 Unus
2592 1902 2677 1948 est
2732 1908 2860 1963 ergo
2919 1891 3181 1949 Dominus
3235 1892 3392 1950 Jesus
3415 1895 3578 1952 Chri—
3671 1890 3682 1899 ’

326 1997 466 2042 stus.

403 2080 500 2135 lB’.
551 2101 570 2134 ι
612 2083 802 2153 Ὑμεῖς
860 2085 1216 2155 προσκυνεῖτε
1264 2081 1322 2135 ὃν
1352 2083 1452 2135 οὑκ
1495 2081 1669 2135 οἴδατε
1694 2097 1709 2112 ο
1737 2083 1902 2151 ἡμεῖς

328 2173 742 2244 προσκυνοῦμεν
785 2175 844 2227 ὃν
884 2175 1107 2244 οἴδαμεν
1131 2191 1145 2207 ·
1198 2174 1281 2225 ὅτι
1329 2174 1362 2241 ἡ
1402 2172 1647 2242 σωτηρία
1694 2174 1757 2224 ὲκ
1794 2171 1902 2224 τῶν

343 2263 612 2317 Ἰουδαίων
642 2265 812 2317 ἐστί.»
844 2265 981 2334 Φαίη
1006 2280 1089 2325 τις
1116 2263 1182 2316 ἂν
1212 2263 1363 2327 ἴσως,
1391 2262 1732 2331 ἀνάρμοστον
1762 2257 1899 2314 εἶναι

329 2356 398 2425 τῇ
433 2353 552 2424 θείᾳ
584 2356 674 2406 καὶ
707 2353 1086 2408 ἀνωτάτωτοῦ
1126 2352 1302 2421 Λόγου
1347 2351 1507 2420 φύσει
1549 2350 1610 2403 τό
1655 2366 1898 2421 προσκυ-

330 2448 462 2498 νεῖν.
491 2441 625 2498 Εἶτα
666 2445 803 2508 πῶς,
834 2446 990 2514 εἴπερ
1016 2446 1133 2496 ἐστὶ
1162 2443 1292 2506 Θεὸς
1334 2442 1549 2514 ἀληθῶς
1584 2444 1612 2495 ὁ
1645 2442 1901 2512 Χριστὸς,

331 2535 522 2591 ἑαυτὸν
552 2538 664 2599 τοῖς
712 2535 988 2604 ὀφείλουσι
1035 2534 1362 2606 προσκυνεῖν
1401 2535 1594 2606 ὁρᾶται
1644 2550 1901 2588 συντετα-

334 2626 479 2698 χὼς;
515 2625 581 2678 Τί
628 2622 720 2679 οὖν
754 2626 860 2697 ἄρα
890 2626 1024 2698 πρὸς
1055 2625 1213 2679 τοῦτό
1240 2643 1417 2694 φαμεν
1444 2643 1459 2692 ;
1488 2626 1550 2678 Ei
1592 2624 1690 2696 μὲν
1721 2626 1900 2697 γυμνῇ

333 2721 400 2789 τῇ
440 2717 654 2787 θεότητι
705 2716 798 2770 τὸν
845 2719 908 2771 ὲκ
963 2714 1098 2770 Θεοῦ
1146 2715 1358 2787 Πατρός
1408 2716 1687 2787 πεφηνότα
1731 2715 1903 2783 Λόγον

332 2807 559 2878 ἀφῖχθαι
593 2807 922 2878 πιστεύομεν
968 2809 1046 2870 είς
1092 2806 1243 2860 τόνδε
1270 2806 1361 2859 τὸν
1400 2806 1623 2878 κόσμον,
1655 2807 1902 2879 ἀνάρμο-

337 2916 459 2952 στον
494 2899 686 2970 κομιδῇ
725 2897 786 2951 τὸ
815 2899 1001 2970 χρῆμα
1038 2896 1213 2967 αὑτῷ·
1244 2899 1628 2969 προσκυνεῖται
1665 2897 1721 2950 δὲ
1763 2897 1902 2968 μᾶλ-

2078 2078 2177 2134 Xll
2209 2098 2227 2131 ι
2270 2078 2377 2134 Vos
2412 2079 2653 2135 adoratis
2679 2092 2837 2149 quem
2875 2080 3130 2147 nescitis;
3157 2097 3257 2136 nos
3287 2084 3578 2140 adoramus

2008 2188 2167 2243 quem
2199 2173 2430 2239 Scimus;
2464 2173 2589 2240 quia
2632 2172 2778 2226 salus
2809 2188 2875 2227 ex
2902 2170 3099 2229 Judmis
3127 2185 3208 2228 est
3236 2175 3303 2228 ".
3338 2196 3357 2227 ι
3409 2177 3573 2246 Obje-

2009 2262 2142 2316 cerit
2179 2263 2427 2315 fortassis
2477 2262 2564 2315 hic
2620 2261 2909 2330 quiSpiam,
2960 2262 3187 2316 alterum
3230 2266 3455 2323 adorare
3517 2270 3574 2325 in

2006 2367 2309 2420 supremam
2370 2352 2513 2405 illam
2543 2351 2888 2420 divinumque
2941 2353 3101 2408 Verbi
3134 2364 3377 2410 naturam
3410 2359 3572 2414 mitti-

2006 2457 2092 2496 me
2142 2443 2454 2497 convenire.
2490 2441 2546 2496 Si
2598 2457 2727 2511 ergo
2780 2442 3031 2498 Christus
3074 2460 3234 2501 verus
3278 2445 3419 2501 Deus
3468 2462 3573 2517 est,

2005 2536 2276 2606 quomodo
2323 2536 2464 2589 inter
2510 2551 2602 2590 eos
2649 2550 2768 2590 sese
2799 2548 3178 2604 connntnerat,
3215 2539 3305 2607 qui
3343 2541 3571 2597 adorare

2008 2628 2238 2683 debent?
2268 2626 2433 2693 Quid,
2454 2642 2656 2698 quaeso,
2691 2629 2757 2682 ad
2789 2629 2930 2683 istud
2966 2631 3444 2699 respondebimus?
3510 2630 3573 2691 Si

2005 2706 2149 2772 enim
2189 2720 2281 2773 Dei
2306 2718 2484 2773 Patris
2514 2716 2750 2773 Verbmn
2775 2735 2896 2774 cum
2933 2721 3073 2773 nuda
3115 2722 3335 2790 solaque
3369 2722 3568 2778 divini-

2005 2817 2116 2863 tate
2149 2809 2202 2861 in
2238 2807 2495 2862 mundum
2538 2809 2861 2878 apparuisse
2892 2809 3187 2876 credimus,
3233 2812 3378 2865 nullo
3407 2814 3571 2867 modo

2006 2903 2234 2958 alterunt
2269 2901 2497 2956 adorare
2543 2901 2619 2955 illi
2661 2902 2970 2956 conveniet.
3005 2901 3184 2974 Ipsum
3218 2920 3447 2972 namque
3474 2908 3571 2961 ad-

336 2989 447 3053 λον,
473 2991 617 3059 ἤπερ
643 2989 800 3053 αὑτὸς
829 2991 998 3062 ἑτέρῳ
1040 2992 1346 3061 προσκυνεῖ.
1375 2990 1438 3042 Ei
1460 2988 1517 3042 δὲ
1548 2988 1760 3062 μορφὴν
1785 2988 1905 3043 δού-

2008 2999 2194 3041 oratur
2243 2988 2447 3054 verius,
2515 3003 2676 3059 quam
2714 2988 2878 3042 alium
2937 3005 3312 3061 quemcunque
3360 2994 3569 3049 adorat.

336 3082 429 3134 λου
461 3079 660 3146 λαϐὼν,
693 3083 785 3135 καὶ
828 3081 930 3151 τῆς
958 3081 1369 3151 προσκυνούσης
1400 3078 1819 3150 ἀνθρωπότητος
1841 3079 1903 3132 τὸ

340 3175 535 3245 μέτρον
568 3176 666 3227 οὐκ
701 3174 993 3243 ἀτιμάσας,
1022 3174 1424 3245 κεχρημάτικεν
1453 3172 1566 3235 υίὸς
1590 3170 1899 3241 ἀνθρώπου’

338 3268 371 3335 ὴ
404 3265 772 3337 προσκύνησις
810 3264 959 3316 ἐσται
991 3263 1090 3332 τῆς
1121 3264 1459 3333 οἰκονομίας,
1490 3264 1583 3314 καὶ
1621 3262 1905 3332 πρέπουσα

340 3355 539 3426 μᾶλλον
578 3358 690 3419 τοῖς
720 3356 820 3425 τῆς
858 3352 1138 3415 κενώσεως
1184 3353 1423 3424 μέτροις,
1449 3354 1548 3406 οὑκ
1584 3354 1719 3424 αὑτῇ
1765 3353 1905 3406 κατὰ

339 3450 509 3518 μόνας
542 3450 610 3519 τῇ
652 3445 810 3515 φύσει
840 3444 933 3498 τοῦ
962 3446 1156 3511 Λόγου.
1200 3446 1349 3497 Ἐπεὶ
1389 3444 1506 3508 πῶς
1539 3446 1602 3498 ὲκ
1629 3442 1736 3497 τῶν
1769 3446 1903 3497 Ἰου-

336 3539 498 3599 δαίων
541 3539 689 3591 ἐστὶν
734 3539 768 3607 η
806 3537 1043 3607 σωτηρία
1058 3554 1074 3601 ;
1104 3536 1177 3589 Ού
1223 3536 1331 3606 γάρ
1373 3552 1475 3588 που
1509 3535 1643 3605 φαίη
1681 3552 1767 3599 τις
1811 3534 1902 3598 ἂν,

338 3626 474 3682 καθὸ
501 3628 701 3681 νοεῖται
740 3627 835 3679 καὶ
879 3625 992 3677 ἔστι
1020 3625 1211 3692 Λόγος,
1247 3623 1308 3687 ἐξ
1340 3623 1606 3676 Ἰουδαίων
1642 3623 1904 3693 ὑπάρχειν

338 3720 498 3774 αὑτόν
519 3737 533 3750 ·
569 3718 704 3774 ἀλλὰ
743 3716 984 3788 καθόπερ
1015 3716 1131 3769 ἐστὶ
1162 3718 1275 3779 τοῖς
1308 3718 1364 3770 ὲν
1399 3716 1563 3787 σαρκὶ
1591 3716 1685 3768 καὶ
1713 3715 1905 3784 αἵματι

338 3812 573 3880 γεγονὼς
612 3808 855 3877 ἀδελφὸς,
883 3806 972 3860 διά
1006 3823 1087 3859 τοι
1120 3805 1178 3858 τὸ
1207 3804 1556 3858 ἐπιλαεὲσθαι
1598 3802 1903 3873 σπέρματος

350 3902 622 3974 Ἀδραάμ.
650 3896 745 3964 Εἷς
774 3898 865 3954 οὖν
900 3899 1007 3968 ἄρα
1039 3897 1293 3968 Χριστὸς,
1329 3895 1433 3948 κᾶν
1468 3896 1788 3965 προσκυνεῖν
1817 3892 1902 3944 Λέ-

339 4012 499 4065 γηται
524 3993 612 4047 διὰ
642 4002 670 4043 τι
700 3992 758 4046 τὸ
785 3990 1144 4061 ἀνθρώπινον,
1186 3987 1365 4040 καίτοι
1395 3987 1545 4057 παρὰ
1584 3984 1765 4054 πάσης
1805 3982 1906 4051 τῆς

340 4087 564 4146 κτίσεως
602 4082 1070 4154 προσκυνούμενος
1096 4079 1170 4142 ὡς
1195 4078 1345 4140 Θεός.

410 4264 508 4317 ll".
533 4254 693 4313 ἰἜτι
710 4259 902 4330 μικρὸν
919 4257 1106 4329 χρόνον
1127 4255 1245 4326 μεθ’
1266 4254 1417 4324 ὑμῶν
1435 4253 1570 4321 εἰμι,
1593 4250 1687 4304 καὶ
1707 4249 1904 4319 ὑπάγω

2004 3076 2154 3145 Quod
2221 3078 2267 3133 si
2336 3077 2524 3133 formae
2563 3094 2720 3149 quam
2779 3090 3114 3149 susceperat,
3180 3081 3568 3151 humilitatem,

2004 3166 2386 3237 adarantisqué
2414 3179 2620 3223 natura:
2675 3169 3012 3225 conditiones
3069 3186 3174 3225 non
3224 3184 3557 3237 aversatum,

2005 3257 2240 3313 hominis
2260 3257 2401 3313 ﬁlius
2429 3258 2677 3313 eﬂ'ectum
2727 3268 2830 3325 est,
2863 3259 2972 3328 iam
3000 3277 3130 3315 sane
3177 3263 3420 3317 adoratio
3467 3264 3576 3319 dis-

2003 3350 2337 3421 pensationis
2365 3350 2563 3417 ordini,
2597 3350 3089 3419 exinanitionisque
3116 3353 3416 3407 conditioni
3436 3369 3570 3409 con-

2003 3453 2193 3513 gruet;
2234 3441 2389 3498 Verbi
2418 3452 2598 3497 autem
2629 3453 2833 3496 natura:
2857 3456 3101 3496 seorsum
3147 3458 3244 3511 per
3282 3459 3342 3498 se
3389 3445 3571 3499 consi-
3630 3506 3631 3509 η

2004 3534 2227 3601 deratze,
2269 3548 2631 3603 nequaquam.
2666 3532 2798 3587 Nam
2832 3535 2936 3589 nisi
2965 3536 3067 3589 hoc
3116 3544 3407 3599 statuatur,
3435 3551 3572 3605 quo-

2006 3626 2164 3679 modo
2192 3624 2336 3679 salus
2363 3640 2427 3678 ex
2459 3623 2656 3678 Judaeis
2697 3640 2820 3679 esse
2850 3624 3071 3692 intelligi
3130 3626 3340 3693 potest?
3371 3623 3559 3695 Neque

2004 3715 2145 3766 ειιῙιη
2173 3714 2352 3767 dicere
2374 3713 2455 3765 fas
2484 3725 2586 3775 est,
2621 3713 2854 3766 Verbum
2888 3715 3185 3767 secundum
3214 3713 3354 3779 quod
3383 3728 3478 3781 per
3502 3729 3568 3768 se
3660 3772 3673 3783 ,

2004 3795 2402 3857 consideratur,
2422 3812 2486 3849 ex
2515 3793 2714 3849 Judaeis
2758 3810 2877 3849 esse
2910 3813 2926 3849 :
2983 3806 3067 3853 est
3118 3806 3297 3849 autem
3337 3812 3402 3849 ex
3440 3794 3568 3861 illis,

2004 3898 2270 3955 quatenus
2305 3902 2490 3940 eorum
2549 3868 2638 3955 qui
2675 3900 2839 3940 carne
2889 3895 2941 3940 et
2982 3887 3246 3956 sanguine
3290 3897 3566 3954 constant,

2008 3979 2177 4033 frater
2200 3976 2448 4033 eﬂectum
2481 3986 2581 4036 est,
2608 3975 2947 4047 Abrahaeque
2980 3977 3171 4053 semini
3199 3978 3569 4047 coniunctum.

2004 4069 2159 4125 Unus
2194 4069 2375 4136 itaque
2398 4077 2479 4121 est
2505 4067 2775 4131 Christus,
2806 4067 2897 4135 qui
2926 4067 3141 4135 quidem
3172 4076 3228 4121 ut
3277 4068 3436 4121 homo
3477 4069 3571 4121 ad-

2005 4167 2158 4223 orat;
2187 4168 2245 4211 ut
2263 4167 2440 4211 autem
2463 4156 2622 4220 Deus,
2649 4156 2716 4210 ab
2738 4156 2986 4210 universa
3012 4165 3259 4209 creatura
3290 4157 3569 4210 aduratur.

2073 4247 2211 4302 Xlll.
2259 4266 2279 4300 ι
2318 4246 2800 4302 Adbncmodicum
2843 4258 3053 4315 tempus
3095 4247 3375 4301 vobiscum
3428 4264 3568 4314 sum,

339 4356 473 4428 πρὸς
508 4355 599 4406 τὸν
628 4351 919 4422 πέμψαντά
965 4366 1053 4420 με.
1081 4366 1098 4398 ι
1137 4346 1246 4401 Ποῦ
1277 4345 1386 4415 γὰρ
1413 4344 1513 4396 οὑκ
1561 4342 1711 4394 ἐστιν
1752 4342 1779 4392 ὁ
1810 4339 1903 4392 τοῦ

2008 4352 2061 4396 et
2095 4341 2232 4396 vado
2258 4341 2323 4395 ad
2354 4354 2474 4394 eum
2509 4340 2600 4409 qni
2630 4339 2773 4392 misit
2805 4354 2890 4393 me
2909 4338 2978 4392 ".
3012 4357 3030 4390 ι
3063 4337 3119 4393 Si
3154 4338 3454 4393 divinitatis
3477 4354 3572 4392 na-

337 4444 472 4498 Θεοῦ
502 4444 707 4511 Λόγος,
752 4442 800 4493 εἰ
847 4439 1047 4509 πληροῖ
1090 4437 1158 4490 τὰ
1198 4436 1377 4489 πάντα
1414 4436 1479 4504 τῇ
1513 4431 1612 4501 τῆς
1655 4428 1906 4498 θεότητος

338 4537 531 4606 φύσει;
563 4534 685 4597 Πῶς
730 4531 822 4587 οὖν
866 4533 1142 4602 πέμπεται
1187 4527 1339 4598 παρὰ
1368 4525 1462 4578 τοῦ
1504 4523 1750 4595 Πατρός;
1787 4521 1906 4584 πῶς

338 4628 393 4681 δὲ
440 4629 532 4681 καὶ
581 4626 779 4693 ὑπάγει
831 4625 966 4694 πρὸς
999 4623 1193 4687 αύτόν;
1233 4618 1440 4673 Οὐκοῦν
1478 4618 1753 4685 πέμπεται
1805 4613 1904 4684 μὲν

339 4719 695 4790 ἀνθρωπίνως
722 4715 862 4769 κατά
891 4729 954 4781 γε
982 4715 1072 4766 τὸν
1101 4713 1201 4780 τῆς
1225 4709 1524 4778 ἀποστολῆς
1562 4709 1761 4779 τρόπον
1808 4705 1904 4759 καὶ

337 4815 514 4882 λόγον,
546 4813 632 4864 ἵνα
667 4807 879 4879 κηρύξῃ
924 4804 1021 4874 μὲν
1055 4800 1415 4872 αἰχμαλώτοις
1447 4799 1657 4867 ἄφεσιν,
1686 4797 1904 4866 τυφλοῖς

337 4906 395 4961 δὲ
418 4903 653 4972 ἀνάόλεψ
663 4920 729 4956 ιν.
755 4899 983 4966 Ὑπάγει
1010 4912 1071 4964 γε
1102 4896 1206 4965 μὴν
1233 4893 1367 4965 πρὸς
1391 4888 1482 4943 τὸν
1505 4892 1724 4960 Πατέρα
1748 4888 1900 4951 Θεὸν,

339 4997 440 5051 οὑκ
466 4996 546 5048 ἐτι
581 4993 723 5047 κατὰ
747 4990 835 5044 τὸν
863 4988 975 5041 ἴσον
1004 4986 1225 5058 τρόπον,
1260 4982 1373 5038 ἀλλ’
1407 4976 1517 5034 οἷον
1544 4983 1600 5033 ὲν
1640 4979 1849 5048 σώματι
1875 4988 1897 5017 ³

339 5089 703 5159 ἁναφοιτὴσας
737 5085 818 5149 εἰς
842 5081 1090 5155 οὐρανὸν,
1119 5078 1207 5131 ῖνα
1235 5075 1376 5145 ὑπὲρ
1403 5074 1558 5143 ἡμῶν
1586 5070 1777 5124 ἑαυτὸν
1804 5069 1901 5138 ὲμς

2009 4444 2124 4487 tura
2158 4432 2338 4486 omnia
2372 4430 2583 4501 implet,
2623 4428 2735 4496 ubi,
2784 4443 2993 4500 quaeso,
3028 4428 3124 4483 Dei
3178 4427 3414 4484 Verbum
3467 4444 3574 4482 non

2007 4523 2267 4579 exsistit?
2293 4522 2408 4590 Qua
2459 4522 2624 4592 igitur
2677 4523 2893 4587 ratione
2913 4522 3152 4576 mittitur
3174 4537 3202 4572 a
3240 4517 3440 4573 Patre?
3463 4518 3573 4572 Aut

2006 4631 2113 4684 quo
2138 4630 2350 4669 rursum
2385 4615 2547 4669 modo
2569 4612 2636 4667 ad
2659 4628 2780 4667 eum
2802 4610 3135 4666 revertitur?
3179 4610 3409 4663 Mittitur
3459 4609 3567 4662 ita-

2009 4720 2114 4774 que
2144 4704 2437 4758 secundum
2468 4702 2757 4756 humanam
2786 4706 3057 4763 naturam,
3090 4698 3383 4767 praedicare
3401 4700 3573 4767 capti-

2014 4795 2091 4847 vis
2120 4793 2515 4854 remissionem,
2541 4790 2697 4859 137
2730 4799 2787 4842 et
2829 4788 2989 4843 caecis
3040 4788 3433 4844 restitutionem
3490 4789 3571 4840 vi-

2009 4898 2102 4937 sus
2130 4882 2178 4914 “
2208 4901 2224 4937 :
2253 4881 2356 4935 hoc
2377 4882 2521 4934 enim
2578 4880 2857 4934 missionis
2913 4877 3059 4933 illius
3121 4877 3258 4931 ratio
3284 4889 3337 4930 et
3383 4878 3574 4931 modus

2008 4974 2278 5045 exigebat.
2312 4970 2417 5025 Sed
2450 4979 2506 5024 et
2534 4970 2676 5024 idem
2716 4984 2930 5038 quoque
2960 4967 3105 5021 vadit
3160 4965 3226 5020 ad
3272 4966 3437 5020 Deum
3466 4964 3569 5020 Pa-

2009 5077 2181 5120 trem:
2216 5078 2401 5117 ve'rnm
2435 5075 2541 5115 non
2564 5061 2677 5131 pari
2707 5060 2928 5114 omnino
2975 5058 3153 5113 modo.
3205 5055 3368 5112 Vadit
3423 5056 3573 5113 enim

410 5243 456 5276 ’ί
489 5239 652 5295 Hebr.
694 5250 767 5299 vt,
796 5235 989 5290 23-25.
1066 5234 1111 5265 "
1142 5233 1305 5285 Hebr.
1343 5244 1401 5295 ιι,
1437 5227 1525 5281 18.
1601 5225 1647 5257 ³³
1679 5222 1840 5277 llebr.
1873 5238 1925 5288 λ,
1955 5174 2043 5276 i4:
2132 5223 2178 5252 "
2201 5218 2359 5275 Jnan.
2397 5231 2473 5284 IV,
2501 5217 2593 5273 22.
2667 5217 2713 5250 ”
2744 5215 2901 5271 Joan.
2934 5214 3141 5280 vn,'5'5.
3250 5213 3295 5247 "
3323 5212 3424 5270 isa.
3460 5229 3573 5281 tu,

346 5322 404 5379 ι;
434 5311 564 5365 Luc.
610 5324 683 5371 tv,
720 5308 807 5363 l9.

1432 5448 1603 5504 Varia:
1633 5448 1889 5504 lectiones
1915 5444 2121 5502 codicis
2146 5440 2506 5513 Seguieriani.

415 5610 442 5652 ι·
470 5597 736 5665 ἐξουσίαν.
813 5606 838 5644 (ι
869 5594 1029 5647 κατά.
1112 5601 1132 5628 ι’
1163 5593 1225 5642 ὲκ
1253 5588 1523 5661 σώματος.
