3952 6200
390 183 534 238 1551

1374 177 1433 235 S.
1471 177 1746 237 CYRlLLl
1786 177 2263 235 ALEXANDRINI
2301 177 2619 236 ARCHIEP.

3518 188 3664 245 1552

400 310 587 368 utpote
616 300 667 354 in
699 312 930 370 corpore
957 297 1024 352 ad
1084 298 1283 354 cmlum
1338 300 1579 366 rediens,
1599 308 1670 354 'ut
1720 299 1978 355 nimirum

2083 299 2285 372 φανίσῃ
2325 301 2403 373 τῷ
2440 302 2716 374 προσώπῳ
2752 302 2848 358 τοῦ
2877 304 3112 379 Πατρδς,
3142 305 3286 360 καθά
3321 305 3668 378 γέγραπται.

401 405 628 463 paterno
649 391 817 446 vultui
849 406 947 460 pro
970 392 1146 455 nobis,
1193 392 1336 447 sicut
1386 392 1649 462 scriptum
1678 402 1763 448 est
1782 393 1849 458 ’⁷,
1884 407 1980 461 ap-

410 492 619 553 pareat.
658 483 810 550 Quod
833 484 878 537 si
901 483 1026 553 quis
1067 484 1337 537 missionis
1370 483 1692 538 vocabulum
1754 485 1819 538 de
1861 485 1979 551 ipso

400 590 616 645 quoque
649 573 822 630 Verbo
854 577 1058 631 dictum
1089 576 1341 646 accipiat,
1377 576 1650 631 neminem
1688 574 1741 631 id
1772 574 1973 632 turbet:

401 668 669 737 siquidem
724 665 1021 736 Scripturae
1067 666 1325 722 divinitus
1392 667 1667 738 inspirata:
1724 682 1841 723 mos
1896 678 1980 722 est

407 758 713 812 istiusmodi
750 758 1116 813 locutionibus
1149 774 1534 827 nonnunquam
1569 760 1805 826 nti;non
1835 762 1977 831 quod

403 848 639 901 divinam
678 847 824 901 illam
873 846 1263 917 cmlestemque
1315 858 1564 903 naturam
1593 848 1714 905 loco
1743 850 1978 906 circum-

403 939 649 993 scribere
678 949 773 993 aut
806 939 1037 994 delinire
1059 939 1189 994 velit
1221 940 1393 1010 (novit
1424 942 1567 995 enim
1601 941 1745 996 illam
1777 957 1971 1012 corpo-

404 1028 481 1084 ris
508 1039 805 1096 exnertem,
842 1030 1097 1099 omnique
1136 1031 1368 1086 termino
1399 1040 1452 1086 et
1485 1030 1605 1088 loco
1633 1035 1971 1104 superiorem

404 1119 571 1189 esse),
602 1120 695 1174 sed
732 1120 874 1190 quod
903 1113 1170 1187 ejusmodi
1211 1121 1466 1176 humanis
1508 1123 1736 1197 vocibus
1790 1141 1850 1180 ea
1882 1140 1979 1180 no-

403 1211 490 1265 bis
521 1211 872 1266 manifestare
896 1214 1210 1276 contendat,
1238 1227 1359 1281 qua:
1403 1214 1601 1268 mentis
1644 1216 1843 1285 alioqui
1881 1232 1976 1272 no-

404 1312 532 1357 stra:
562 1310 775 1370 captum
810 1305 1099 1358 excedunt.
1143 1301 1277 1356 Nam
1312 1312 1368 1358 et
1392 1304 1507 1372 ipse
1541 1319 1756 1376 quoque
1790 1308 1978 1363 Salva-

407 1403 493 1448 tor
528 1392 871 1447 Paracletum
915 1408 1036 1447 sese
1059 1394 1126 1447 ad
1160 1408 1259 1449 nos
1290 1394 1583 1450 missurum
1625 1398 1976 1467 promittit”,

2085 394 2148 446 Εἰ
2185 394 2242 447 δὲ
2283 395 2346 465 δὴ
2389 396 2482 449 καὶ
2522 398 2609 449 ἐπ’
2637 396 2802 450 αὑτοῦ
2831 396 2926 451 τοῦ
2966 397 3138 467 Λόγου
3178 398 3238 452 τὸ
3281 398 3674 454 ἀπεστάλθαι

2084 485 2431 556 λαμϐάνοιτο,
2455 488 2829 558 χαλεπαινέτω
2861 490 3080 562 μηδείςο
3115 489 3233 555 ἔθος
3276 491 3385 562 γὰρ
3423 495 3494 564 τῇ
3540 490 3674 545 θεο-

2086 574 2333 646 πνεύστῳ
2354 577 2545 650 Γραφῇ
2571 579 2667 634 καὶ
2689 582 2808 644 ταῖς
2824 580 3103 646 τοιαύταις
3118 581 3228 635 ἔσθ’
3243 583 3333 635 ὅτε
3358 581 3676 654 κεχρῆσθαι

2087 671 2318 737 φωναῖς,
2355 671 2449 725 καὶ
2487 671 2548 725 οὑ
2594 672 2781 736 τόποις
2819 674 2914 727 καὶ
2957 677 3326 746 περιγραφαῖς
3362 675 3463 745 τὴν
3513 674 3675 727 θείαν

2083 778 2143 814 τε
2172 762 2263 815 καὶ
2295 763 2660 837 ὑπερκόσμιον
2686 767 2978 838 ὑποφέρειν
3000 766 3163 837 φύσιν
3203 763 3336 838 (οἶδε
3358 766 3468 838 γὰρ
3493 761 3675 822 οὖσαν

2082 851 2394 922 ἀσώματον,
2428 856 2521 908 καὶ
2568 857 2946 929 περιορισμῶν
3000 858 3289 921 ἐπέκεινα,
3340 858 3436 912 καὶ
3475 857 3575 911 τοῦ
3607 858 3674 910 ἑν

2080 943 2230 1013 τόπῳ
2262 945 2495 1000 νοεῖσθαι
2529 949 2800 1019 μακράν)·
2834 951 3040 1018 φωναῖς
3064 949 3121 1002 δὲ
3168 948 3367 1020 μᾶλλον
3404 951 3527 1012 ταῖς
3569 950 3673 1001 ἀν⁴

2081 1032 2380 1105 θρωπίναις
2421 1037 2491 1091 τὰ
2517 1039 2813 1112 ὑπὲρινοῦν
2852 1039 2982 1094 ὄντα
3021 1040 3114 1094 τὸν
3143 1042 3201 1093 ἐν
3242 1042 3373 1112 ἡμῖν
3400 1042 3670 1113 πειρᾶται

2074 1126 2431 1199 καταδηλοῦν.
2448 1130 2601 1185 Ἐπεὶ
2627 1132 2724 1186 καὶ
2741 1132 2902 1197 αὑτὸς
2924 1134 2953 1186 6
2975 1133 3166 1204 Σωτὴρ
3189 1132 3429 1204 πέμπειν
3452 1131 3671 1201 ἔφασκε

2075 1216 2212 1289 πρὸς
2242 1220 2392 1290 ἡμᾶς
2438 1222 2530 1276 τὸν
2564 1224 2944 1295 Παράκλητον,
2995 1225 3173 1279 καίτοι
3208 1223 3547 1296 πληροῦντος
3592 1226 3673 1278 τά

2074 1309 2253 1364 πάντα
2298 1313 2392 1367 τοῦ
2422 1314 2578 1383 ἁγίου
2605 1315 2746 1369 [Ινεὺ
2756 1334 2923 1388 ματος
2942 1333 2956 1347 ο
2989 1336 3007 1369 ι
3037 1316 3262 1388 Πνεῦμα
3290 1317 3402 1387 γὰρ
3428 1316 3668 1387 Κυρῖου,

2075 1407 2237 1477 φησὶ,
2271 1406 2602 1480 πεπλήρωκε
2632 1408 2730 1478 τὴν
2760 1408 3105 1480 οἰκουμένην.
3127 1427 3145 1461 ι

405 1500 526 1539 cum
583 1494 761 1538 tamen
815 1484 1052 1554 Spiritus
1090 1495 1312 1542 sanctus
1358 1488 1540 1543 omnia
1595 1489 1865 1556 impleat,‘
1891 1491 2048 1560 juxta
2120 1498 2298 1554 illud:
2366 1518 2386 1551 ι
2423 1500 2659 1571 Spiritus
2724 1500 2937 1557 Domini
2999 1501 3228 1573 replevit
3267 1499 3456 1557 orbem
3486 1508 3670 1555 terr:-

408 1591 526 1630 rum
544 1576 637 1632 σι’.
670 1595 689 1628 ι
738 1576 741 1579 ’

478 1667 619 1723 XIV.
668 1688 686 1722 ι
720 1668 851 1724 Cum
910 1669 1280 1726 exaltaveritis
1309 1671 1505 1727 Filium
1555 1674 1813 1741 hominis,
1848 1686 1977 1735 tunc

2151 1684 2248 1738 lA'.
2290 1703 2309 1736 ι
2336 1684 2507 1740 Ὅταν
2537 1684 2790 1758 ὑψώσητε
2816 1686 2907 1740 τὸν
2933 1686 3061 1740 Υἰὸν
3082 1685 3176 1740 τοῦ
3201 1684 3514 1758 ἀνθρώπου,
3542 1686 3671 1738 τότε

407 1760 747 1827 Cognoscetis
778 1760 906 1830 quia
965 1774 1065 1830 ego
1099 1777 1218 1815 sum
1245 1761 1314 1818 ”.
1365 1780 1384 1814 ι
1440 1761 1678 1821 Ιιιᾶαὶοω
1731 1768 1977 1835 insanias,

407 1866 513 1920 qua
549 1852 600 1905 in
631 1851 907 1906 Christum
944 1853 1334 1919 eﬂ'creltantur,
1371 1870 1568 1911 causas
1595 1858 1786 1915 beatus
1811 1858 1978 1915 Joan-

408 1956 505 1996 nes
525 1957 825 2011 exponens,
862 1944 935 1996 ita
970 1943 1159 1998 scribit
1192 1958 1207 1997 :
1241 1944 1258 1995 i
1299 1944 1595 2014 Propterea
1648 1950 1816 2003 Judaei
1855 1966 1982 2021 per-

407 2032 775 2101 sequebantur
812 2030 1020 2098 Jesum,
1054 2034 1179 2103 quia
1215 2048 1321 2088 non
1353 2035 1526 2089 solum
1565 2036 1810 2092 solvebat
1842 2038 1983 2094 Sab-

408 2126 614 2185 batum,
647 2127 739 2178 scd
803 2134 857 2179 ct
886 2124 1104 2179 Patrem
1136 2141 1292 2179 suum
1326 2126 1541 2181 dicebat
1577 2127 1771 2195 Deum,
1799 2146 1983 2202 arqua-

410 2214 510 2267 lem
544 2215 749 2268 faciens
779 2230 840 2269 se
872 2215 983 2269 Deo
1018 2217 1056 2270 ⁸.
1092 2236 1111 2267 ι
1154 2217 1292 2271 Alibi
1323 2220 1544 2273 eosdem
1592 2219 1783 2275 istbmc
1820 2221 1984 2292 impie

407 2314 718 2359 evomentes
741 2305 945 2359 inducit
975 2323 988 2360 :
1028 2324 1047 2357 ι
1083 2307 1155 2360 De
1180 2306 1321 2361 bono
1342 2322 1506 2378 opere
1538 2325 1642 2363 non
1678 2310 1984 2379 lapidamus

411 2380 483 2461 te,
508 2397 600 2450 sed
629 2396 694 2450 de
724 2396 1093 2465 blasphemia;
1129 2399 1254 2466 quia
1285 2408 1337 2453 tu
1381 2401 1543 2455 homo
1572 2418 1692 2455 cum
1717 2403 1811 2469 sis,
1850 2404 1984 2459 facis

410 2487 637 2555 leipsum
695 2474 858 2542 Deum
895 2488 936 2540 ’.
970 2507 988 2539 ι
1036 2479 1204 2559 igitur
1256 2491 1306 2544 in
1362 2490 1508 2545 illum
1558 2493 1782 2548 credere
1837 2493 1982 2549 uull'a

405 2578 619 2631 ratione
668 2577 939 2643 volebant,
1003 2580 1439 2650 quandoquidem
1517 2599 1709 2653 purum
1766 2593 1978 2641 tantum

406 2669 794 2738 vnlgaremque
822 2669 1096 2724 hominem
1125 2686 1246 2726 esse
1283 2675 1582 2742 putabant;
1619 2678 1786 2747 ignari
1814 2679 1982 2735 Deum

408 2750 643 2806 Verbum
670 2768 856 2807 semen
897 2753 1134 2809 Abraba:
1165 2760 1611 2827 apprehendisse,
1639 2765 1903 2834 caruique
1929 2773 1984 2821 et

408 2843 659 2914 sanguini
703 2846 929 2914 perinde
959 2861 1021 2899 ac
1045 2861 1144 2899 nos
1182 2851 1614 2905 communicasse
1644 2852 1686 2919 ³,
1732 2856 1982 2923 quamvis

407 2934 478 2987 ob
507 2934 558 2987 id
588 2933 730 2988 Deus
751 2947 872 2988 esse
902 2951 1007 2988 non
1045 2935 1329 2990 desiisset:
1380 2938 1648 3007 siquidem
1682 2946 1979 2997 secundum

410 3034 659 3079 naturam
688 3024 1059 3092 immutabilis,
1113 3038 1482 3098 perpetuoque
1533 3034 1649 3101 ipse
1702 3032 1842 3089 idem
1872 3044 1976 3090 est.

406 3115 498 3169 Ait
559 3131 721 3186 ergo:
769 3132 788 3166 ι
839 3115 974 3172 Cum
1028 3119 1402 3176 exaltaveritis
1480 3120 1674 3177 Filiqu
1726 3124 1981 3192 hominis,

410 3218 539 3262 tunc
589 3211 926 3278 cognoscetis
951 3211 1076 3281 quia
1107 3227 1208 3281 ego
1234 3229 1352 3267 sum
1381 3214 1424 3269 δ.
1460 3234 1480 3267 ι
1517 3215 1776 3283 Quamvis
1833 3220 1981 3276 enim

408 3301 702 3354 secundum
772 3302 1061 3356 humanam
1129 3314 1377 3358 naturam
1428 3308 1608 3364 crucis
1656 3310 1982 3379 supplicium

412 3393 654 3462 pertulit,
682 3396 860 3448 divina
899 3406 1078 3450 tamen
1130 3398 1330 3453 virtute
1375 3381 1692 3457 reSurresit.
1751 3404 1984 3475 Propter

413 3484 866 3537 resurrectionem
894 3497 1070 3539 autem
1103 3496 1159 3540 et
1186 3504 1344 3544 verus
1381 3492 1539 3554 Deus,
1576 3503 1631 3547 et
1653 3510 1816 3550 verus
1862 3513 1983 3551 rur-

411 3590 530 3629 sum
562 3574 655 3629 Dei
685 3574 854 3629 Filius
879 3578 1119 3633 creditus
1144 3589 1248 3635 est.
1284 3581 1439 3646 Quod
1474 3585 1665 3643 sieutn
1711 3603 1814 3641 non
1845 3589 1982 3645 alte-

411 3682 528 3720 rum
552 3668 940 3735 exsuscitasse,
974 3671 1066 3725 sed
1090 3672 1265 3740 ipsqu
1291 3676 1657 3733 resurrexisse
1686 3683 1980 3751 credimus,

320 3776 341 3795 ο
411 3775 608 3829 corpus
635 3761 839 3831 utique,
869 3766 1014 3832 quod
1041 3777 1270 3822 mortem
1323 3775 1639 3839 perpessum
1683 3787 1790 3842 εει,
1846 3793 1971 3847 pro-

408 3852 583 3918 prium
617 3853 760 3908 illitis
802 3855 1200 3924 dispensatoris
1243 3862 1520 3919 exstitisse
1567 3874 1873 3929 statuamus
1911 3884 1973 3924 o-

411 3945 828 4017 portet:l38
856 3961 961 4016 quo
1022 3949 1123 4005 hac
1174 3953 1428 4008 nimirum
1486 3958 1699 4013 ratione
1755 3972 1811 4015 et
1866 3961 1983 4032 ipse

409 4052 645 4105 quoque,
681 4038 807 4093 licet
828 4051 1019 4111 suapte
1050 4055 1240 4096 natura
1268 4048 1588 4105 immortalis
1633 4050 1705 4106 sit
1729 4062 1784 4105 ut
1811 4052 1979 4119 Deus,

412 4130 776 4183 resurrexisse
817 4133 919 4187 dici
977 4146 1162 4203 queat.
1213 4123 1385 4193 Unius
1439 4142 1584 4194 enim
1628 4145 1982 4215 ejusdemque

338 4244 341 4247 ι
406 4217 611 4271 Christi
650 4232 699 4272 ct
730 4220 851 4275 Filii
897 4236 1124 4280 mortem
1153 4232 1561 4297 auuuntiantcs,
1612 4245 1663 4290 et
1731 4252 1979 4294 resurre-

405 4308 641 4361 ctionem
679 4312 1024 4380 conﬁtentes,
1051 4318 1417 4386 jnstilicamur
1462 4339 1559 4393 per
1593 4325 1773 4381 ﬁdem.
1832 4330 1979 4386 Unus

408 4397 570 4466 igitur
601 4399 849 4469 idemque
876 4408 1095 4485 et‘solus
1127 4409 1378 4467 Christus
1396 4413 1575 4482 Iesus,
1618 4427 1677 4473 ut
1700 4421 1860 4474 homo
1887 4438 1975 4477 se-
2010 4399 2030 4452 ί

337 4550 341 4554 γ
405 4489 641 4543 cundum
669 4508 885 4546 carnem
918 4505 1194 4566 mortuus;
1256 4511 1310 4555 ut
1343 4504 1485 4560 Deus
1530 4516 1710 4563 autem
1738 4505 1794 4564 et
1839 4513 1970 4579 vita,

403 4582 769 4651 resurrexisse
803 4585 1020 4643 dicitur.

366 4685 389 4704 ο
476 4666 595 4733 ΧΥ.
660 4689 678 4722 ι
707 4672 1197 4733 Circumdederunt
1230 4664 1360 4753 ergo
1389 4700 1510 4739 eum
1545 4686 1811 4755 Judtei,et
1833 4692 1977 4748 dicc-

403 4760 532 4814 bant
553 4763 634 4816 ei:
663 4764 954 4837 Quousque
986 4773 1223 4826 animam
1259 4786 1500 4832 nostram
1529 4780 1709 4836 tollis?
1745 4784 1802 4836 Si
1837 4793 1891 4838 tu
1915 4801 1977 4841 es

398 4852 671 4924 Christus,
703 4857 789 4912 dic
837 4862 993 4916 nobis
1016 4864 1214 4931 palam.
1282 4867 1581 4937 llespoudit
1630 4873 1738 4929 illis
1767 4874 1925 4930 Jesus
1955 4890 1972 4931 :

397 4939 640 4999 Locutus
680 4962 798 5001 sum
826 4953 1004 5019 vobis,
1058 4965 1113 5009 et
1168 4973 1272 5012 non
1318 4963 1580 5019 creditis:
1640 4981 1803 5034 opera
1855 4983 1976 5036 qum

397 5048 496 5101 ego
526 5034 666 5091 facio
697 5040 749 5093 in
784 5042 1000 5099 nomine
1035 5045 1214 5102 Patris
1247 5051 1376 5116 mei,
1423 5053 1538 5108 ha'c
1602 5034 1972 5114 testimonium

2081 1773 2356 1843 γνώσεσθε
2393 1778 2476 1830 ὅτι
2510 1776 2621 1846 ἐγώ
2653 1779 2787 1848 εἰμι.
2820 1796 2839 1829 ι
2886 1778 2999 1849 Τῆς
3037 1776 3336 1847 Ἰουδαϊκῆς
3366 1776 3631 1839 ἀπονοίας
3652 1816 3671 1839 ,

2081 1868 2147 1940 ἢν
2171 1868 2263 1920 ἐπὶ
2294 1867 2523 1940 Χριστῷ
2547 1869 2893 1941 πεποίηνται,
2921 1868 3020 1932 τὰς
3046 1868 3225 1931 αἰτίας
3252 1865 3619 1938 ἐξηγούμενος
3639 1869 3673 1919 6

2084 1960 2353 2030 μακάριος
2374 1972 2395 1999 ³
2436 1961 2690 2031 Ἰωάννης
2710 2000 2726 2025 ,
2758 1979 2776 2011 ι
2809 1960 2909 2014 Διά
2934 1959 3113 2024 τοῦτο,
3142 1960 3326 2029 φησὶν,
3358 1959 3588 2012 ἐδίωκον
3614 1960 3672 2010 οξ

2094 2052 2336 2106 Ἰουδαῖοι
2365 2052 2458 2106 τὸν
2490 2054 2748 2125 Χριστὸν,
2792 2053 2876 2106 ὅτι
2904 2053 2965 2106 οὑ
2996 2053 3156 2121 μόνον
3188 2052 3310 2105 ἔλυε
3340 2052 3402 2104 τὸ
3445 2051 3670 2105 Σάϐϐα-

2079 2159 2192 2206 τον,
2223 2142 2359 2197 ἀλλὰ
2386 2143 2479 2196 καὶ⁹
2507 2144 2726 2214 Πατέρα
2751 2144 2883 2197 ἴδιον
2912 2143 3067 2210 ἔλεγε
3094 2141 3184 2196 τὸν
3211 2141 3365 2207 Θεὸν,
3395 2142 3511 2195 ἴσον
3539 2143 3671 2195 ἑαυ-

2080 2234 2170 2288 τὸν
2199 2233 2369 2287 ποιῶν
2402 2234 2479 2303 τῷ
2511 2234 2648 2306 Θεῷ.
2685 2254 2703 2286 ι
2726 2236 3090 2305 Είσκεκόμικε
3121 2235 3178 2288 δέ
3204 2252 3305 2287 που
3336 2235 3433 2288 καὶ
3465 2235 3670 2299 αὑτοὺς

2081 2324 2336 2392 λέγοντας
2360 2325 2619 2390 ἀνοσίως·
2657 2346 2676 2378 ι
2711 2327 2849 2398 Περὶ¹
2876 2325 3043 2381 καλοῦ
3072 2326 3234 2398 ἔργου
3266 2326 3329 2379 οὑ
3368 2326 3670 2397 λιθάζομέν

2084 2435 2174 2483 σε,
2219 2418 2358 2473 ἀλλὰ
2409 2418 2539 2489 περὶ
2586 2418 2968 2491 βλασφημίας³
3000 2419 3083 2472 ὃτι
3122 2419 3185 2472 σὺ
3237 2418 3527 2490 ἄνθρωπος
3565 2419 3665 2485 ὢν,

2083 2513 2257 2572 ποιεῖς
2287 2512 2510 2565 σεαυτὸν
2540 2512 2692 2565 Θεόν.
2721 2531 2739 2563 ι
2787 2510 2996 2566 Οὐκοῦν
3037 2511 3415 2582 ἀπαράδεκτον
3444 2511 3544 2582 τὴν
3575 2511 3668 2564 ἐπ’

2084 2601 2232 2673 αὑτῴ
2260 2604 2588 2674 πεποίηνται
2626 2604 2830 2668 πίστιν,
2859 2603 3146 2676 ἀνθρωρτον
3182 2604 3280 2675 μὲν
3315 2598 3455 2656 εἶναι
3504 2604 3667 2673 νομί-

2084 2678 2268 2760 ζοντες
2303 2696 2436 2749 αὑτὸ
2465 2696 2527 2767 δὴ
2569 2696 2726 2751 τοῦτο
2755 2698 2929 2767 ψιλὸν.
2969 2698 3298 2769 ἠγνοηκότες
3322 2696 3379 2750 δὲ
3417 2697 3500 2749 ὅτι
3531 2696 3672 2759 Θεὸς

2083 2785 2158 2842 ὢν
2198 2790 2226 2842 6
2259 2789 2431 2856 Λόγος
2461 2788 2756 2843 ὲπελάὂετο
2786 2789 3097 2860 σπέρματος
3136 2788 3408 2859 Ἀϐραὰμ,
3443 2787 3539 2842 καὶ
3569 2804 3671 2839 κε-

2083 2880 2413 2951 κοινώνηκεν
2442 2881 2671 2952 αἵματος
2702 2879 2796 2934 καὶ
2827 2880 3031 2953 σαρκὸς
3063 2879 3458 2951 παραπλησίως
3490 2881 3629 2950 ἡμῖν
3650 2896 3666 2908 ο

2085 2970 2223 3041 πλὴν
2250 2972 2349 3025 οὐκ
2375 2972 2585 3043 ἀπέστη
2610 2972 2705 3025 τοῦ
2738 2968 2877 3026 εἶναι
2897 2972 3058 3036 Θεόςο
3096 2974 3363 3044 ἄτρεπτος
3384 2971 3494 3042 γὰρ
3519 2970 3668 3024 κατά

2007 3057 2048 3114 C
2084 3061 2244 3131 φύσιν
2263 3063 2400 3126 ἐστὶ,
2422 3064 2515 3116 καὶ
2536 3062 2796 3134 διηνεκῶς
2822 3065 2849 3116 6
2878 3064 3061 3127 αὑτός.
3098 3064 3298 3117 (Ὅταν
3329 3059 3444 3127 οὗν,
3471 3064 3660 3133 ςιησὶν,

2086 3151 2338 3222 ὑψώσητε
2375 3155 2465 3206 τὸν
2491 3154 2617 3209 Υἱὸν
2648 3154 2748 3208 τοῦ
2781 3154 3090 3226 ἀνθρώπου,
3124 3155 3245 3209 τότε
3275 3154 3540 3225 γνώσεσθε
3571 3156 3664 3209 Gtt

2084 3244 2194 3312 ἐγώ
2232 3247 2368 3314 εἰμι.
2408 3264 2425 3296 ι
2460 3245 2824 3317 Ἔσται)ρὼοη
2852 3247 2952 3316 μὲν
2985 3248 3092 3316 γὰρ
3131 3247 3512 3318 ἀνθρωπίνως,
3561 3249 3665 3301 ἀνε-

2085 3336 2215 3388 εὸίω
2242 3336 2301 3389 δὲ
2328 3336 2542 3401 θεῖκῶς·
2562 3338 2655 3390 καὶ
2687 3340 3044 3393 πεπίστευται
3069 3338 3157 3392 διὰ
3183 3338 3283 3408 τῆς
3314 3340 3670 3404 ἀναστάσεως

2084 3425 2165 3477 ὅτι
2197 3426 2293 3478 καὶ
2322 3426 2453 3490 Θεός
2497 3429 2634 3491 ἐστι,
2680 3428 2773 3481 καὶ
2805 3426 2940 3481 Θεοῦ
2983 3429 3103 3481 κατ’
3129 3428 3388 3498 ἀλήθειαν
3419 3429 3566 3491 Υἱός.
3603 3432 3663 3484 Εἰ

2081 3516 2137 3569 δὲ
2171 3516 2526 3571 πεπίστευται
2561 3519 2699 3590 πρὸς
2746 3520 2902 3589 ἡμῶν
2943 3520 3041 3590 οὑχ
3081 3521 3158 3584 ὡς
3197 3520 3383 3592 ἕτερον
3422 3522 3665 3593 ἀναστή-

2085 3623 2202 3670 σας.
2224 3609 2592 3679 ἐγηγερμένος
2611 3609 2666 3662 δὲ
2696 3611 2892 3679 μᾶλλον
2916 3612 3077 3675 αὑτός
3094 3629 3107 3640 ·
3136 3613 3286 3666 πᾶσά
3311 3630 3428 3676 πως
3449 3614 3666 3684 ἀνάγκη

2083 3698 2171 3751 διὰ
2194 3698 2293 3770 τὴν
2323 3700 2633 3771 οἰκονομίαν
2662 3701 2793 3755 ἴδιον
2823 3702 2986 3756 αὑτοῦ
3016 3703 3177 3773 σῶμα
3201 3704 3436 3757 νοεῖσθαι
3467 3704 3532 3758 τὸ
3569 3723 3668 3758 πε-

2083 3790 2276 3853 πονθὸς
2320 3792 2412 3844 τὸν
2463 3793 2710 3847 θάνατον·
2758 3795 2845 3848 ἵνα
2880 3795 2973 3847 καὶ
3015 3795 3176 3857 αὑτὸς
3223 3796 3524 3864 ἀναστῆναι
3571 3797 3669 3850 λέ·

2081 3899 2249 3950 γοιτο,
2292 3883 2468 3936 καίτοι
2493 3884 2591 3955 τὴν
2621 3885 2780 3953 φύσιν
2810 3885 3076 3949 ἀθάνατος
3100 3884 3179 3939 ὣν
3214 3889 3290 3951 ὡς
3317 3889 3474 3953 Θεός.
3513 3890 3673 3955 Ἑνὺς

2080 3976 2189 4047 γὰρ
2222 3976 2457 4048 Χριστοῦ
2485 3978 2581 4030 καὶ
2608 3977 2738 4030 Υίοῦ
2771 3978 2862 4032 τὸν
2896 3978 3125 4033 θάνατον
3173 3983 3667 4051 καταγγέλλοντες,

2082 4069 2178 4120 καὶ⁸
2238 4068 2628 4138 ὁμολογοῦντες
2704 4069 2801 4140 τὴν
2890 4070 3229 4136 ἀνάστασιν,
3297 4071 3667 4145 δικαιούμεθα

2080 4159 2167 4213 διὰ
2201 4160 2456 4223 πίστεως.
2498 4161 2706 4214 Οὑκοῦν
2744 4162 2771 4215 6
2805 4162 2966 4227 αὐτὸς
3008 4164 3084 4227 ὡς
3121 4160 3201 4229 εἷς
3249 4182 3310 4218 τε
3354 4167 3450 4221 καὶ
3498 4170 3666 4238 μόνος

2082 4252 2341 4322 ὑπάρχων
2389 4254 2622 4324 Χριστὸς
2659 4253 2894 4324 Ἰησοῦς,
2923 4255 3212 4309 ἀποθανεῖν
3244 4258 3345 4327 μὲν
3372 4258 3666 4328 ἀνθρωπίς

2082 4362 2189 4407 νως
2227 4344 2368 4397 κατὰ
2402 4345 2499 4416 τὴν
2552 4347 2728 4417 σάρκα
2759 4347 3005 4416 λέγεται,
3045 4350 3340 4421 ἐγηγέρθαι
3367 4351 3424 4406 δὲ
3462 4352 3614 4415 εἰκὸς
3642 4354 3659 4390 ⁸

2662 4424 2684 4459 \

2037 4404 2054 4450 )
2082 4435 2157 4500 ὡς
2169 4404 2320 4508 ⁷ζωή.

2155 4692 2255 4747 ῐΕ¹.
2304 4712 2320 4742 t
2358 4693 2674 4765 Προσῄεσάν
2709 4712 2839 4749 ποτε
2867 4697 2945 4768 τῷ
2981 4700 3202 4770 Χριστῷ
3247 4702 3497 4770 λέγοντες
3532 4705 3668 4758 Ἰου-

2079 4783 2236 4838 δαῖοι·
2265 4786 2409 4850 Ἕως
2440 4786 2569 4839 πότε
2595 4787 2692 4858 τὴν
2726 4787 2905 4859 ψυχὴν
2931 4790 3089 4860 ἡμῶν
3115 4793 3325 4863 αἴρειςς
3354 4794 3412 4846 Ei
3447 4796 3516 4848 σὺ
3560 4793 3613 4850 εἷ
3641 4800 3671 4850 ὀ

2076 4877 2341 4947 Χριστὸς,
2392 4879 2694 4948 είπὲ·ἡμῖν
2728 4882 3028 4954 παρρησίᾳ.
3068 4866 3365 4957 Ἀπεκρίθη
3399 4889 3593 4952 αὐτοῖς
3636 4892 3667 4942 6

2088 4971 2328 5039 Ἰησοῦς·
2366 4968 2531 5027 Εἶπον
2567 4973 2714 5043 ὑμῖν,
2760 4976 2855 5028 καὶ
2892 4978 2955 5029 οὑ
3002 4976 3308 5031 πιστεύετε.
3356 4978 3439 5030 Τά
3487 4977 3665 5048 ἔργα,

2075 5064 2111 5116 ὃ.
2138 5062 2249 5132 ἐγὼ
2281 5064 2418 5123 ποιῶ
2452 5066 2510 5117 ὲν
2544 5065 2623 5136 τῷ
2657 5067 2881 5138 ὀνόματι
2913 5069 3008 5122 τοῦ
3053 5071 3268 5141 Πατρός
3314 5087 3439 5141 μου,
3482 5069 3665 5124 ταῦτα

463 5215 711 5316 τ.3.¹ε¹ξῐ“’
744 5234 822 5316 '1‘;
848 5221 940 5316 εί·
977 5225 1420 5316 ,ἷῗέοεξηίκκιν
1454 5231 1544 5288 εδο
1730 5192 1857 5307 sap.
1899 5254 1939 5302 ι.

2114 5240 2161 5272 ﬂ
2200 5240 2359 5297 Joan.
2390 5213 2630 5307 vut,28.
2708 5246 2915 5303 ’Joau.
2958 5263 3009 5315 ν,
3069 5232 3155 5305 is!
3231 5248 3438 5307 'Joan.
3474 5266 3533 5316 κ,
3570 5252 3668 5313 33.

393 5280 416 5314 ³
448 5284 501 5337 ιιι
527 5289 611 5339 bt.
648 5302 706 5352 ιι,
748 5280 835 5343 η.
910 5294 931 5324 ⁸
968 5293 1125 5351 Joau.

1501 5460 1672 5517 Varia:
1699 5463 1956 5521 lectiones
1984 5469 2186 5525 codicis
2229 5469 2583 5541 Seguieriani.

458 5577 479 5607 '
514 5575 816 5641 θεσπέσιος.
901 5584 917 5616 ί
954 5583 1171 5650 θεῖκῶς.
