3952 6200
280 253 298 305 ί
309 255 414 310 555

1092 251 1183 304 AD
1223 247 1524 305 REGiNAS
1563 247 1649 302 DE
1691 246 1917 302 RECTA
1959 247 2112 302 FIDE
2150 246 2411 303 ORATIO
2450 246 2748 301 ALTERA.

276 365 562 438 μαρτυρεῖ,
597 362 724 431 περλ⁸
756 359 911 432 ἐμοῦ.
940 380 958 412 ι
992 361 1056 414 Τί
1096 361 1160 431 δὴ
1189 361 1297 432 ἄρα
1342 362 1448 416 κᾶν
1477 359 1652 431 τούτῳ
1683 359 1850 430 φασὶν

1961 358 2247 426 perhibent
2274 359 2342 413 de
2373 373 2459 413 me
2487 358 2533 412 '.
2575 375 2593 409 ι
2629 355 2833 424 Ecquid
2887 355 2996 417 hic,
3030 368 3253 423 qumso,
3321 353 3528 421 dicunt,

273 462 319 513 οί
357 456 683 528 διορίζοντες
723 453 952 525 ἀμαθῶς
988 455 1067 517 είς
1106 453 1238 507 υίῶν
1276 453 1470 516 δυάδα.
1503 453 1598 506 καὶ
1641 453 1720 516 εἰς
1757 449 1852 506 δύο

273 551 576 622 Χριστοὺς,
621 548 710 602 τὸν
759 547 855 600 ἕνα
897 546 1101 620 Κύριον
1137 547 1345 619 Ἰησοῦν
1389 546 1665 618 Χριστόνς
1715 546 1852 616 Περὶ

272 644 412 705 τίνος
443 641 680 709 ἔφασκον
700 641 750 692 οἱ
783 639 1028 694 Ἰουδαῖοι
1045 657 1058 668 ·
1091 660 1108 692 ι
1134 641 1196 694 Ei
1227 641 1289 694 σὺ
1317 634 1370 693 εἴ
1393 643 1422 694 ό
1446 640 1700 711 Χριστὸς,
1727 637 1849 692 εἰπὲ

274 735 404 805 ἡμῖν
435 730 755 803 παρρησίας
789 750 806 782 ι
839 731 935 794 Τίς
961 731 1017 784 δὲ
1040 733 1068 784 ὁ
1093 731 1298 799 λέγων·
1331 751 1350 783 ι
1379 731 1460 784 Τὰ
1495 731 1652 800 ἔργα,
1681 729 1717 784 a
1743 727 1854 798 ἐγὼ

275 824 413 878 ποιῶ
449 824 506 876 ὲν
537 821 616 892 τῷ
657 822 880 892 ὀνόματι
913 821 1004 876 τοῦ
1061 822 1270 893 Πατρός
1319 840 1444 894 μου,
1489 821 1660 876 ταῦτα
1709 837 1852 892 μαρ-

275 917 428 987 τυρεῖ
465 915 594 985 περί
635 913 804 984 ὲμοῦ;
838 934 855 963 ι
891 915 1050 980 Τίνος
1083 909 1222 968 εἷναί
1258 931 1442 986 φαμεν
1474 914 1604 967 ἴδιον
1633 913 1852 984 Πατέρα

273 993 371 1061 τὸν
401 1007 570 1072 Θεόνς
617 1001 726 1074 ἆρα
777 1005 869 1059 τοῦ
906 1007 969 1059 ἐκ
1002 1006 1261 1074 γυναικὸς
1307 1005 1413 1060 ἀνὰ
1465 1007 1631 1078 μέρος
1663 1024 1721 1060 τε
1761 1008 1854 1061 καὶ

276 1101 459 1162 ίδικῶς
498 1099 790 1169 νοουμένου
810 1137 825 1162 ,
853 1099 887 1171 ἢ
920 1099 1012 1152 τοῦ
1051 1098 1424 1168 Μονογενοῦςς
1456 1101 1650 1155 Καίτοι
1681 1100 1744 1154 τὸ
1769 1100 1855 1154 δύ-

274 1191 466 1246 νασθαι
501 1189 800 1262 κατορθοῦν
837 1191 908 1244 τὰ
937 1191 1038 1261 τῆς
1071 1191 1325 1262 θεότητος
1358 1190 1516 1262 ἔργα,
1559 1191 1758 1264 πρέποι
1785 1190 1854 1246 ἂν

272 1285 370 1338 ούκ
395 1281 712 1354 ἀνθρωπεία
737 1282 896 1349 φύσει
929 1283 1122 1338 ποθέν·
1151 1283 1347 1338 πολλοῦ
1374 1303 1438 1354 γε
1475 1285 1606 1342 δεῖν.
1635 1283 1853 1356 Ἐπειδὴ

273 1377 327 1430 δὲ
358 1375 597 1446 ἐπλήρου
642 1375 874 1444 Χριστὸς
903 1375 973 1428 τὰ
1001 1374 1140 1446 ἔργα
1181 1375 1278 1429 τοῦ
1328 1376 1576 1449 Πατρὸς,
1620 1379 1721 1432 οὐκ
1758 1379 1851 1434 ἄν·

275 1465 492 1536 θρωπος
525 1461 592 1516 ἂν
626 1465 798 1516 νοοῖτο
839 1462 1024 1532 ψιλὸς,
1065 1463 1194 1527 Θεὸς
1228 1464 1284 1517 δὲ
1325 1465 1527 1536 μᾶλλον
1567 1467 1626 1519 ἐν
1657 1467 1854 1537 αἵματι

279 1556 368 1611 καὶ
398 1553 580 1626 σαρκὶ,
618 1551 945 1624 μεμενηκὼς
973 1555 1112 1626 ὅπερ
1137 1551 1226 1625 ἦν.
1261 1556 1600 1628 ’[σουργήσει
1630 1559 1738 1629 γὰρ
1764 1557 1856 1613 οῦ-

275 1664 380 1710 τως
426 1644 563 1714 ἔχων
591 1643 670 1714 τῷ
721 1645 836 1716 ίδίῳ
872 1647 1160 1717 Γεννήτορι
1185 1662 1199 1678 ο
1242 1649 1335 1700 καὶ
1367 1647 1456 1701 τὸν
1497 1647 1592 1702 τοῦ
1643 1667 1854 1720 μυστη-

1955 451 2048 518 qui
2099 465 2266 504 unum
2303 449 2592 504 Dominum
2644 460 2887 501 nostrum
2929 443 3114 500 Jesum
3167 443 3444 500 Christum
3477 445 3530 498 in

1953 541 2088 596 duos
2121 540 2282 606 lilios,
2311 540 2645 610 totidemque
2703 536 2954 592 Clu-istos
3008 536 3171 591 stulte
3235 534 3532 590 divellunt‘!

1957 631 2030 685 De
2059 631 2369 687 utroludmi
2411 630 2662 684 aiebant:
2724 648 2743 680 ι
2779 627 2834 682 Si
2896 636 2950 680 tu
3002 643 3061 682 es
3107 626 3379 692 Christus,
3440 626 3532 682 die

1955 722 2112 778 nobis
2147 722 2356 792 palam?
2381 742 2400 775 ι
2451 719 2602 777 ‘liter
2638 733 2850 774 rursum
2917 717 3132 772 illorum
3162 717 3528 785 praedicabat:

1958 832 1979 867 ι
2015 813 2198 885 Opera
2222 831 2343 884 qua:
2380 830 2480 882 ego
2515 811 2654 868 facio
2687 810 2762 891 _iu
2794 809 3016 864 nomine
3045 808 3224 864 Patris
3257 810 3382 875 mei,
3439 808 3529 863 illa

1956 905 2328 960 testimonium
2359 903 2645 974 perhibent
2672 901 2736 955 tle
2773 899 2893 954 me?
2918 917 2936 950 ι
2975 897 3161 953 Utrius
3189 899 3401 953 tandem
3434 897 3534 953 Pa.

1957 1004 2092 1050 trem
2117 993 2282 1049 Deum
2311 1008 2436 1050 esse
2481 989 2822 1048 statuemus?
2851 988 3040 1059 cjusne
3075 989 3166 1060 qui
3199 1003 3265 1043 ex
3307 987 3534 1055 muliere

1953 1098 2132 1142 ortum
2165 1087 2334 1149 ducit,
2391 1095 2450 1140 ιιι
2484 1100 2728 1140 seorsum
2765 1098 2860 1152 per
2889 1099 2948 1138 se
2980 1082 3164 1138 animo
3191 1078 3532 1151 concipitur,

1957 1195 2028 1236 an
2081 1195 2212 1235 vero
2264 1179 2436 1250 ipsius
2465 1177 2783 1248 Unigeniti?
2829 1176 2988 1247 Atqui
3031 1175 3214 1232 divina
3259 1189 3424 1245 opera
3477 1173 3530 1228 vi

1956 1272 2172 1342 propria
2207 1281 2444 1342 patrare,
2475 1287 2561 1325 res
2587 1280 2807 1338 estqua:
2829 1269 3080 1323 humana:
3115 1278 3324 1321 natura:
3363 1264 3530 1332 vires,

1957 1363 2308 1433 ejusdemque
2356 1362 2671 1417 facultatem
2738 1361 2892 1429 longe
2944 1359 3280 1428 multumque
3341 1357 3530 1414 vincit.

1957 1454 2093 1521 Quia
2114 1469 2242 1526 ergo
2265 1453 2512 1510 Christus
2541 1455 2728 1510 eadem
2753 1469 2875 1524 quia:
2899 1451 3064 1507 Pater
3091 1465 3254 1520 opera
3285 1448 3537 1525 perlicie-

1959 1549 2086 1613 hat,
2123 1550 2309 1618 utique
2340 1563 2444 1603 non
2470 1557 2773 1616 ιιι-,ιιριιι-ιιε
2828 1548 3007 1611 homo,
3063 1545 3158 1598 sed
3191 1543 3330 1600 Deus
3375 1557 3539 1597 carne

1959 1639 2295 1709 etsanguine
2323 1639 2572 1702 vestitus,
2603 1645 2660 1690 ut
2692 1635 2936 1706 profecto
2965 1641 3206 1688 maneret
3227 1633 3370 1702 quod
3393 1643 3536 1686 erat.

279 1740 394 1812 ρίου
441 1735 598 1804 λόγον
638 1714 1119 1809 καταμωμὴσαιτο-
1155 1735 1221 1790 ἂν
1249 1739 1426 1803 οὐδεὶς
1467 1739 1576 1793 τῶν
1617 1714 1677 1794 εῦ
1725 1714 1857 1813 φρο-

1963 1731 2042 1784 Ad
2077 1733 2220 1785 lmnc
2243 1745 2373 1798 ergo
2400 1729 2615 1784 modum
2667 1726 2918 1791 allectus,
2970 1725 3119 1794 paria
3148 1741 3272 1780 cum
3305 1739 3404 1779 suo
3433 1723 3539 1777 Geo

275 1833 531 1891 νούντων.

346 2097 460 2164 [5,".
487 2114 506 2146 ι
528 2094 602 2147 Τὸ
624 2093 680 2148 δὲ
709 2091 920 2146 παιδίον
947 2089 1168 2162 ηὔξανε,
1197 2091 1293 2143 καὶ
1321 2089 1679 2162 ἐκραταιοῦτο
1695 2090 1860 2143 πνεύ-

277 2205 406 2258 ματι
429 2229 443 2250 ,
493 2183 868 2255 πληρούμενον
904 2182 1093 2250 σοφίας
1117 2199 1132 2214 ·
1165 2182 1260 2235 καὶ
1297 2181 1456 2252 χάρις
1497 2180 1632 2234 Θεοῦ
1661 2176 1730 2252 ἧν
1772 2182 1859 2234 ἐπ’

273 2278 438 2349 αὐτῷ.
459 2297 478 2330 ι
513 2278 622 2330 Καὶ
652 2277 844 2330 πόιλιν⁸
877 2293 896 2325 ι
927 2274 1132 2344 Ἰησοῦς
1171 2272 1507 2344 προέκοπτεν
1543 2272 1732 2344 ἡλικία
1768 2273 1861 2326 καὶ

277 2372 439 2443 σοφίᾳ
464 2370 558 2424 καὶ
581 2369 761 2440 χάριτι
789 2367 942 2438 παρᾶ
963 2365 1082 2436 Θεῴ
1109 2365 1203 2418 καὶ
1228 2363 1584 2433 ἀνθρώποις.»
1615 2364 1751 2417 Ἕνα
1775 2363 1860 2418 λέ·

273 2479 461 2533 γοντες
490 2463 580 2516 τὸν
614 2460 814 2533 Κύριον
841 2459 998 2531 ἡμῶν
1033 2457 1236 2528 Ἰησοῦν
1272 2457 1528 2528 Χριστὸν,
1571 2455 1666 2510 καὶ
1717 2456 1864 2526 αὐτῷ

277 2554 672 2626 προσνέμοντες
713 2551 784 2604 τά
821 2567 878 2604 τε
919 2549 1234 2620 ἀνθρώπινα
1263 2551 1358 2603 καὶ
1407 2547 1720 2618 θεοπρεπῆ,
1751 2550 1864 2612 τοῖς

279 2648 380 2718 μὲν
425 2647 524 2718 τῆς
579 2644 862 2708 κενώσεως
910 2643 1128 2716 μέτροις
1157 2641 1388 2713 πρέπειν
1435 2641 1651 2714 ἀληθῶς
1681 2641 1862 2697 διαδε-

277 2733 580 2806 6αιούμεθα
608 2734 666 2788 τό
691 2751 750 2787 τε
771 2733 869 2804 τὴν
899 2733 1216 2804 σωματικὴν
1237 2731 1462 2804 αῦξησιν
1493 2733 1861 2804 ἐπιδέχεσθαι,

279 2827 374 2880 καὶ
421 2825 526 2896 μὴν
581 2826 673 2878 καὶ
716 2824 779 2876 τὸ
828 2822 1251 2893 κραταιοῦσθαι,
1303 2823 1414 2878 τῶν
1465 2824 1561 2878 τοῦ
1613 2823 1864 2895 σώματος

279 2919 658 2992 ἁδρυνομένων
699 2918 904 2989 μορίων
944 2915 1088 2970 κατὰ
1149 2915 1322 2988 βραχύ
1349 2933 1362 2945 ·
1403 2919 1497 2971 καὶ
1531 2918 1664 2972 αὐτὸ
1701 2919 1758 2972 δὲ
1802 2919 1864 2972 τὸ

275 3012 456 3065 δοκεῖν
503 3009 842 3080 πληροῦσθαι
891 3008 1119 3079 σοφίας,
1175 3009 1264 3063 διά
1307 3027 1370 3078 γε
1403 3009 1466 3062 τὸ
1507 3009 1672 3062 οἱονεὶ
1723 3010 1860 3082 πρὸς
1888 3045 1932 3107 C

279 3107 518 3162 ἐπίδοσιν
552 3109 617 3177 τῇ
647 3106 737 3159 τοῦ
769 3104 1016 3176 σώματος
1048 3105 1236 3176 ἡλικίᾳ
1272 3103 1732 3177 πρεπωδεστάτην
1760 3106 1858 3176 τῆς

281 3201 508 3270 ἐνούσης
577 3197 726 3270 αὐτῷ
786 3197 976 3266 σοφίας
1046 3198 1344 3268 ἁναφοιτᾷν
1399 3197 1496 3268 τὴν
1555 3195 1856 3266 ἔκφανσινο

280 3295 374 3348 καὶ
403 3293 561 3346 ταυτὶ
597 3292 715 3364 μὲν,
746 3290 820 3354 ὡς
861 3290 1018 3361 ἔφην,
1047 3292 1112 3362 τῇ
1165 3287 1304 3361 μετὰ
1338 3274 1538 3360 σαρκὸς
1577 3289 1860 3361 οἰκονομία

283 3384 482 3454 πρέποι
519 3366 604 3448 ἂν,
637 3381 730 3436 καὶ
769 3382 882 3444 τοῖς
924 3381 1024 3450 τῆς
1053 3379 1301 3450 ύφέσεως
1331 3380 1570 3451 μέτροις.
1599 3381 1679 3451 Τῇ
1708 3379 1766 3434 δέ
1795 3396 1860 3449 γε

282 3475 438 3545 φύσει
460 3474 551 3530 τοῦ
569 3475 740 3543 Λόγου
765 3473 964 3546 πρέποι
988 3472 1054 3527 ἂν
1077 3472 1240 3527 πάλιν
1259 3473 1320 3526 τὸ
1341 3473 1429 3526 ἀεὶ
1448 3472 1670 3535 τελείως
1689 3471 1777 3544 ἔχε
1788 3490 1857 3536 ιν,

282 3569 376 3623 καὶ
413 3569 552 3622 εἶναι
602 3558 812 3637 σοφίαν.
841 3565 1016 3619 Αὐτοῦ
1062 3562 1352 3636 τοιγαροῦν
1399 3563 1757 3636 ἀνθρωπίνως
1798 3565 1860 3618 τὸ

280 3659 355 3724 ὡς
388 3661 446 3711 ὲν
475 3657 698 3712 κενώσει
725 3656 885 3728 τυχὸν
919 3654 1237 3726 ὑφειμένον
1269 3652 1434 3708 αὑτοῦ
1467 3654 1524 3708 δὲ
1556 3655 1758 3725 ὁμοίως
1791 3655 1861 3710 τὰ

279 3748 584 3820 θεοπρεπῆ,
613 3747 826 3811 θεῖκῶς.
853 3748 910 3802 Ὀ
939 3747 1048 3818 γάρ
1076 3747 1142 3800 τὸ
1191 3747 1282 3818 τῆς,
1322 3745 1458 3817 μετὰ
1480 3745 1684 3818 σαρκὸς
1715 3749 1861 3800 οίκο-

280 3841 474 3911 νομίας
507 3839 706 3912 τρόπος
738 3854 798 3890 τε
845 3837 939 3890 καὶ
981 3836 1138 3905 λόγος
1185 3832 1324 3889 οἶδεν
1355 3835 1486 3890 ὄντα
1533 3835 1695 3890 αὑτὸν
1736 3836 1858 3889 καθ’

277 3935 447 4005 ἡμᾶς,
479 3933 572 3987 καὶ
601 3932 738 4003 ὑπὲρ
772 3927 1322 4001 ήμᾶς.⁹Υπερέχοντα
1355 3927 1452 3998 μὲν
1479 3926 1588 3981 τῶν
1617 3927 1714 3997 τῆς
1747 3926 1860 3980 κτί-

278 4040 419 4086 σεως
449 4023 662 4096 μέτρων
693 4021 768 4086 ὡς
795 4021 954 4074 Θεόν⁸
984 4019 1179 4074 ἑαυτοῦ
1210 4019 1268 4073 δέ
1299 4035 1414 4082 πως
1447 4018 1732 4090 μονονουχὶ
1765 4019 1860 4073 καὶ

280 4115 614 4188 ἡττώμενον,
644 4113 780 4168 καθὸ
813 4113 1056 4185 πέφηνεν
1083 4111 1389 4184 ἄνθρωπος.
1418 4112 1528 4166 Ποῦ
1557 4112 1664 4184 γὰρ
1693 4115 1726 4184 ἡ
1759 4129 1858 4166 τα-

280 4206 558 4270 πείνωσις,
601 4206 669 4276 ἢν
713 4205 1002 4276 ὑπέμεινεν
1034 4203 1195 4269 ἑκὼν,
1225 4205 1274 4257 εί
1304 4206 1621 4276 παραιτοίτο
1652 4203 1720 4257 τὰ
1759 4205 1856 4257 ἅν-

276 4297 566 4370 θρὼπινας
613 4297 758 4367 Πλὴν
797 4297 899 4350 οὐκ
936 4298 994 4350 ἐν
1031 4296 1214 4361 αὐτοῖς
1248 4297 1282 4366 ή
1332 4295 1426 4350 τοῦ
1460 4294 1622 4364 λόγου
1657 4299 1857 4349 νοεῖται

1963 1825 2137 1874 nitore
2163 1820 2439 1890 praestabit
2471 1837 2484 1873 :
2530 1819 2879 1888 mysteriique
2905 1816 3062 1886 hujus
3087 1816 3226 1871 ratio
3263 1817 3332 1874 ita
3363 1817 3538 1888 expli-

1962 1923 2104 1976 cata,
2144 1913 2572 1980 reprehensione
2634 1911 2775 1982 apud
2837 1926 2986 1965 sana:
3046 1909 3244 1965 mentis
3293 1909 3540 1966 homines

1965 2017 2137 2058 “IN”.

2034 2095 2173 2150 XVI.
2221 2115 2240 2150 ι
2289 2095 2428 2149 Puer
2451 2105 2631 2149 autem
2663 2095 2967 2158 crescebat,
3023 2102 3075 2147 el
3123 2093 3542 2150 confortabatur

1963 2190 2187 2254 spiritu,
2245 2189 2436 2257 plenus
2489 2187 2793 2257 sapientia;
2843 2195 2898 2240 et
2946 2186 3120 2255 gratia
3169 2183 3260 2240 Dei
3316 2194 3435 2239 erat
3487 2185 3539 2238 iu

1967 2280 2130 2346 illo“;
2168 2299 2186 2330 ι
2224 2291 2279 2333 et
2318 2279 2456 2333 infra
2491 2297 2503 2332 :
2545 2297 2562 2328 ι
2599 2277 2756 2333 Jesus
2811 2277 3125 2346 proficiebat
3168 2277 3433 2344 sapientia
3481 2286 3536 2329 et

1965 2382 2125 2427 aela'e
2153 2371 2397 2439 ctgratia
2431 2370 2572 2438 apud
2608 2371 2772 2422 Deum
2802 2379 2857 2422 et
2887 2369 3134 2422 homines
3149 2369 3226 2422 ⁷.»
3256 2369 3539 2422 Dominum

1966 2472 2206 2518 nostrqu
2233 2462 2414 2517 Iesum
2447 2461 2726 2516 Christum
2773 2475 2939 2513 llllllm
2993 2461 3216 2514 omnino
3247 2473 3367 2514 esse
3397 2458 3540 2512 auir-

1967 2567 2196 2616 utanles.
2231 2555 2576 2622 humanaque
2601 2566 2664 2605 ae
2697 2551 2876 2605 divina
2908 2567 2974 2606 ex
3031 2566 3188 2620 aequo
3238 2550 3415 2604 cidem
3443 2548 3538 2604 tri-

1965 2644 2212 2710 buentes,
2245 2643 2603 2700 exinanitioni
2639 2641 2856 2714 quidem
2912 2656 3038 2696 vere
3067 2643 3358 2696 convenire
3390 2656 3540 2696 asse-

1967 2739 2136 2792 rimus
2159 2753 2280 2793 cum
2310 2739 2553 2806 corporei
2591 2736 2910 2791 incrementi
2963 2735 3386 2802 susceptionem,
3422 2745 3536 2792 tum

1965 2831 2407 2900 corpulentarum
2432 2844 2646 2900 quoque
2677 2829 2909 2898 partium
2951 2827 3318 2882 successivam
3349 2841 3540 2881 censo-

1967 2925 2278 2979 lidationcm
2304 2931 2360 2978 et
2393 2920 2897 2984 continuationem;
2941 2927 3052 2972 tum
3086 2918 3186 2972 hoc
3237 2917 3409 2988 ipsum
3447 2918 3538 2974 de-

1967 3015 2149 3084 nique,
2183 3014 2328 3084 quod
2361 3011 2628 3082 sapientia
2676 3009 2885 3079 impleri
2940 3008 3252 3062 videretur:
3292 3007 3538 3078 quando-

1962 3108 2180 3178 quidem
2206 3121 2313 3160 una
2334 3120 2455 3160 cum
2481 3105 2818 3159 incremento
2844 3100 3090 3170 corporis
3113 3113 3208 3168 per
3231 3114 3540 3170 congruen—

1963 3208 2044 3254 tes
2069 3199 2231 3254 veluti
2276 3211 2616 3270 progressus,
2661 3194 2923 3264 sapientia
2975 3192 3118 3247 illius
3155 3192 3398 3261 quotidie
3427 3206 3537 3245 ma-

1960 3293 2046 3363 gis
2090 3293 2371 3362 magisque
2401 3289 2534 3343 foris
2569 3303 2690 3343 sese
2712 3285 2996 3356 prodebat.
3032 3284 3096 3338 Et
3127 3284 3242 3338 lucc
3289 3283 3541 3352 quidem,

1962 3395 2022 3438 ut
2055 3383 2187 3447 dixi,
2213 3381 2395 3436 carnis
2423 3381 2839 3451 dispensationi,
2881 3379 3042 3452 139
3101 3389 3154 3432 ct
3213 3378 3542 3434 humiliatio-

1967 3477 2051 3532 nis
2101 3474 2399 3531 conditioni
2453 3473 2851 3543 competebant.
2899 3475 2969 3526 At
3038 3485 3166 3528 vero
3219 3481 3536 3540 perpetuam

1959 3577 2416 3638 constantemque
2447 3565 2835 3636 perfectionem
2875 3565 3146 3630 obtinere,
3187 3581 3398 3621 necnon
3448 3579 3540 3619 sa-

1958 3663 2218 3734 pientiam
2280 3675 2424 3728 esse,
2453 3661 2506 3716 id
2561 3662 2614 3715 in
2650 3660 2821 3731 ipsius
2870 3657 3037 3715 Verbi
3088 3669 3340 3715 naturam
3403 3673 3536 3727 qua-

1961 3759 2104 3812 drat.
2137 3754 2269 3808 Tam
2301 3770 2364 3810 ea
2400 3753 2567 3824 igitur
2598 3753 2744 3808 illius
2773 3761 2900 3808 sunt
2929 3767 3051 3822 qua:
3104 3753 3170 3806 ad
3203 3751 3537 3806 exinanitio-

1961 3860 2084 3902 nem
2117 3846 2409 3914 pertinent,
2435 3859 2598 3914 quam
2654 3858 2718 3897 ea
2787 3857 3028 3906 rursum,
3077 3857 3196 3911 qua:
3233 3841 3302 3898 ad
3339 3841 3540 3902 divina

1959 3947 2168 3996 natura;
2193 3936 2570 3993 excellentiam
2595 3943 2864 4005 spectant.
2899 3935 3110 3990 Etenim
3142 3937 3279 3992 ratio
3309 3937 3535 3992 modus-

1959 4046 2067 4101 que
2130 4028 2548 4100 dispensationis
2603 4042 2724 4082 cum
2773 4041 2938 4082 carne
2973 4031 3222 4084 eumdem
3277 4037 3330 4085 et
3378 4029 3535 4084 nobis

1958 4127 2215 4190 similem,
2271 4133 2328 4181 et
2379 4125 2534 4180 nobis
2591 4139 2808 4180 rursum
2873 4123 3209 4193 superiorem
3263 4125 3530 4192 agnoscit.

1959 4215 2420 4287 Quetnadmodum
2442 4217 2584 4270 enim
2618 4218 2796 4272 omnis
2835 4225 3100 4271 creatura:
3165 4216 3531 4272 comlitiouem

1959 4309 2146 4364 multis
2185 4306 2432 4375 partibus
2475 4304 2691 4362 excellit
2725 4314 2784 4360 ut
2820 4304 2993 4370 Deus;
3034 4305 3106 4360 ita
3135 4315 3194 4360 ut
3245 4307 3404 4362 homo
3441 4321 3533 4362 se-

279 4390 470 4459 φύσις,
513 4387 808 4441 οἰκειοῦται
847 4388 904 4440 δὲ
955 4386 1158 4458 μᾶλλον
1209 4387 1349 4443 αὐτὰ
1397 4388 1536 4458 μετὰ
1567 4387 1668 4459 τῆς
1718 4388 1855 4452 ἰδίας

1962 4400 2188 4470 melipso
2217 4399 2615 4468 quodammodo
2637 4396 2814 4452 minor
2829 4397 3070 4453 exsistit.
3088 4394 3358 4463 Quorsum
3383 4398 3530 4452 enim

280 4478 510 4550 σαρκός·
541 4477 791 4549 καθάπερ
836 4478 1028 4544 ἀμέλει
1062 4479 1156 4532 καὶ
1197 4479 1258 4532 τὸ
1301 4483 1492 4550 πεινῇν
1540 4481 1635 4534 καὶ
1667 4479 1848 4551 διψῇν,

279 4571 374 4624 καὶ
399 4569 459 4622 τὸ
487 4568 736 4638 λέγεσθαι
763 4571 960 4640 καμεῖν
991 4572 1056 4624 ἐκ
1082 4568 1183 4639 τῆς
1205 4569 1532 4643 ὁδοιπορίας.
1561 4571 1731 4626 Ὅταν
1759 4568 1855 4626 οῦν

281 4664 486 4736 ἀκούῃς
514 4680 525 4690 ·
563 4682 582 4715 ι
613 4663 686 4715 Τὸ
721 4662 780 4737 δὲ
827 4661 1038 4716 παιδίον
1084 4661 1319 4732 ηὔξανε,
1363 4663 1456 4718 καὶ
1496 4663 1857 4735 ἐκραταιοῦτο

278 4755 570 4827 πνεύματι,
603 4753 975 4824 πληρούμενον
1005 4751 1224 4822 σοφίας·
1260 4773 1278 4802 ι
1310 4753 1464 4824 δέχου
1492 4755 1626 4826 πρὸς
1659 4754 1854 4809 ἀπολο.

275 4847 402 4918 γίαν
433 4847 531 4918 τῆς
563 4845 700 4916 μετά
729 4842 928 4914 σαρκὸς
952 4843 1264 4912 οἰκονομίας
1291 4845 1354 4897 τὸ
1381 4845 1699 4916 μυστήριον.
1727 4846 1853 4899 Ὅτι

277 4940 390 5009 γὰρ
417 4933 486 5010 ἦν
525 4937 660 5000 Θεὸς
695 4937 753 4989 ὲν
787 4935 987 5006 σαρκὶ,
1023 4933 1355 4988 πιστώσεται
1401 4936 1573 5005 λέγων
1628 4938 1791 5002 αὐτὸς
1826 4939 1858 4992 ὁ

278 5031 550 5102 μακάριος
591 5027 984 5097 εύαγγελιστής
1010 5044 1025 5060 ο
1068 5045 1087 5079 ι
1119 5026 1238 5080 Ὅτι
1289 5027 1446 5098 χάρις
1481 5027 1618 5084 Θεοῦ
1651 5027 1720 5102 ἦν
1763 5031 1856 5086 ἐπ’

277 5122 450 5192 αὐτῷ.
475 5142 493 5174 ι
521 5123 597 5176 Οὐ
626 5122 736 5194 γὰρ
761 5121 835 5184 ὼς
865 5121 1024 5192 χάριν
1051 5118 1172 5191 ἔχον
1199 5119 1327 5191 παρ’
1350 5120 1539 5192 ἑτέρου
1565 5121 1724 5184 Θεοῦ,
1756 5123 1858 5191 χά-

281 5233 368 5284 ριν
405 5215 548 5286 ἔχειν
577 5214 792 5282 λέγεται
825 5213 984 5278 Θεοῦ,
1013 5213 1126 5266 ἀλλ’
1153 5213 1234 5266 ὅτι
1274 5213 1435 5283 χάριν
1477 5208 1591 5282 εἶχε
1631 5231 1690 5266 το
1723 5230 1856 5266 παι-

274 5303 413 5368 δίον,
441 5307 587 5375 ἧπερ
614 5302 681 5357 ἂν
712 5302 898 5374 πρέπῃ
935 5301 1076 5374 Θεῷ.
1110 5302 1220 5356 Καὶ
1248 5302 1360 5372 γὰρ
1399 5296 1470 5373 ἦν
1501 5317 1560 5354 τε
1593 5302 1689 5356 καὶ
1735 5301 1851 5358 ἐστι

278 5394 410 5456 Θεὸς
435 5397 464 5448 ό
490 5395 683 5463 Λόγος,
716 5393 816 5449 καῖ
839 5395 898 5446 ὲν
935 5394 1100 5465 σαρκὶ
1137 5391 1417 5464 πεφηνὼς,
1451 5393 1733 5448 τουτέστιν
1760 5393 1855 5449 ἄν·

276 5483 496 5558 θρωπος
529 5486 648 5541 καθ’
678 5487 844 5558 ἡμᾶς.
893 5485 956 5538 Ei
1003 5484 1059 5538 δὲ
1107 5483 1170 5557 δὴ
1217 5485 1428 5554 λέγοιτο
1476 5484 1638 5558 χάριν
1681 5471 1890 5559 ἔχειν,’

354 5660 377 5694 ⁸
406 5659 566 5718 Joan.
618 5675 670 5726 ι,
721 5657 814 5724 24,
859 5656 954 5714 25.
1028 5658 1049 5690 ⁸
1083 5658 1212 5715 Luc.
1242 5674 1304 5724 tt,
1342 5659 1435 5720 40.
1510 5660 1532 5695 ⁷
1565 5661 1696 5719 ibid.
1750 5662 1841 5720 δέ.

595 5753 865 5818 Pauor“
913 5756 1026 5818 Gn.
1074 5750 1327 5815 LXXVI.

1958 4492 2284 4555 humiliatio,
2316 4491 2367 4546 in
2405 4506 2566 4562 quam
2593 4492 2735 4546 ultro
2758 4507 2820 4547 se
2844 4493 3084 4557 demisit,
3117 4491 3162 4546 si
3195 4507 3314 4560 quae
3341 4492 3536 4544 huma-

1959 4602 2042 4642 nm
2065 4595 2272 4641 natura:
2299 4593 2429 4640 sunt
2461 4585 2679 4655 puopria
2705 4601 2811 4640 non
2853 4585 3137 4655 agnoscit?
3195 4583 3310 4638 Non
3352 4592 3534 4636 tamen

1959 4677 2012 4733 in
2045 4676 2504 4748 ipsisagnoscitur
2534 4674 2693 4730 Verbi
2745 4685 2976 4743 natura;
3043 4675 3136 4728 sed
3192 4673 3373 4742 potius
3423 4688 3530 4728 una

1956 4784 2081 4824 cum
2107 4768 2322 4838 propria
2343 4781 2507 4822 carne
2539 4782 2601 4821 ea
2623 4769 2802 4821 omnia
2833 4767 2934 4820 sibi
2978 4765 3192 4826 ascivit.
3221 4764 3528 4835 cuiusmodi

1963 4868 2111 4920 sunt,
2135 4858 2363 4921 esurire,
2397 4857 2570 4921 sitire,
2593 4865 2647 4910 et
2682 4856 2896 4914 itineris
2927 4857 3111 4910 labore
3143 4856 3346 4926 frangi.
3387 4855 3524 4912 Cum

1965 4951 2128 5021 igitur
2159 4948 2318 5016 audis
2349 4968 2362 5002 :
2397 4966 2419 4999 ι
2451 4947 2592 5017 Puer
2622 4957 2801 5004 autem
2829 4953 3136 5013 crescebat,
3166 4958 3213 5002 et
3244 4947 3530 5004 conferta-

1959 5039 2118 5095 batur
2172 5039 2386 5106 spiritu.
2451 5037 2640 5106 plenus
2686 5039 2986 5109 sapientia;
3039 5059 3058 5090 ι
3115 5039 3535 5108 dispensationis

1959 5141 2087 5184 cum
2133 5141 2299 5182 carne
2324 5127 2640 5196 mysterium
2668 5128 2718 5181 iu
2751 5143 2926 5182 causw
2972 5128 3338 5196 patrocinium
3373 5145 3532 5184 assu-

1965 5233 2069 5272 me.
2093 5215 2245 5285 Quod
2273 5217 2452 5272 autent
2483 5217 2621 5272 Deus
2649 5228 2763 5272 erat
2792 5217 2844 5272 in
2871 5234 3056 5283 caruc,
3114 5219 3166 5272 id
3195 5219 3530 5291 evangelista

1959 5307 2062 5362 hac
2095 5307 2301 5362 ratione
2335 5305 2622 5360 confirmat
2650 5323 2664 5361 :
2713 5325 2731 5358 ι
2766 5306 3052 5374 Quoniam,
3114 5307 3315 5376 inquit,
3345 5313 3520 5380 gratia

1963 5397 2057 5454 Dei
2087 5405 2204 5454 erat
2234 5397 2287 5451 in
2312 5397 2423 5453 illo.
2453 5415 2471 5448 ι
2512 5397 2621 5452 Nec
2645 5398 2790 5453 enim
2813 5399 2902 5453 Dei
2937 5400 3165 5466 gratiam
3221 5401 3424 5456 habere
3445 5403 3530 5456 tli-

1960 5489 2104 5546 citur
2127 5528 2146 5558 ,
2173 5489 2326 5562 quasi
2356 5489 2425 5546 ab
2442 5489 2548 5546 alio
2578 5490 2686 5547 Deo
2719 5491 2862 5546 illam
2897 5501 3172 5550 mutuatus
3223 5490 3408 5559 fuerit,
3435 5492 3530 5552 sed

3060 5759 3136 5824 43

3391 244 3526 302 1354
3618 273 3624 278 ι
