3912 6228
440 251 578 307 1555

1334 223 1340 229 ’
1426 246 1484 302 s.
1532 242 1804 301 CYRILLI
1845 239 2312 298 ALEXANDRINI
2352 237 2667 295 ARCIIIEP.

3565 242 3707 297 I356

436 372 601 440 qtiod.
639 383 758 423 cum
791 380 921 438 puer
946 375 1106 433 esset,
1132 365 1396 436 ejusmodi
1419 365 1590 435 gratia
1613 372 1837 417 ornatus
1869 372 2004 427 erat,

2125 363 2277 434 ήγουν
2324 359 2654 427 προκόπτειν
2701 359 2757 412 ὲν
2793 359 2971 430 χάριτι
3009 361 3158 430 ποιρά
3202 380 3259 413 τε
3295 362 3413 429 Θεῷ
3463 363 3561 413 καὶ
3594 362 3706 414 ἀν-

436 478 539 531 qua
594 461 754 513 Deum
811 460 1077 512 decebat:
1119 456 1552 525 quandoquidem
1597 456 1736 510 Deus
1778 453 2010 509 Verbum

432 562 573 609 erat.
602 562 656 605 ct
690 560 794 613 est,
834 551 1047 603 etiamsi
1083 549 1135 602 in
1164 558 1329 602 caru‘e
1358 549 1691 614 apparuerit,
1746 545 2014 614 uobisque

430 634 630 695 similis
658 641 881 694 allectus
938 640 1027 693 sit.
1056 637 1199 692 Nihil
1234 637 1457 705 proinde
1484 637 1720 701 absurdi,
1754 643 1893 689 auta
1931 647 2017 686 ra-

434 734 578 786 tione
608 732 843 785 alienum
870 731 1156 793 asseritur,
1206 729 1251 783 si
1296 728 1462 782 etiam
1514 726 1747 797 gratiam
1793 726 2018 788 habere,

2120 450 2390 522 θρώποις,
2439 451 2498 503 τὸ
2544 450 2770 512 ἀπεικὸς
2799 449 2951 503 οὐδέν
2977 467 2990 483 ο
3024 452 3071 502 εί
3120 451 3215 506 καὶ
3257 452 3419 514 αὐτὸς
3449 454 3479 503 ὀ
3517 453 3707 523 Πατὴρ

2114 541 2411 610 ἀπεδέχετο
2437 539 2536 610 τὴν
2568 539 2906 609 οἰκονομίαν,
2940 541 3037 594 καὶ
3065 541 3228 595 αὐτὸν
3253 542 3308 594 δὲ
3345 542 3437 594 τὸν
3468 542 3601 594 Υίδν
3628 546 3707 595 οἱ⁸

2116 631 2432 700 κειούμενον
2461 628 2528 682 τὰ
2560 629 2823 699 σαρκικὰ,
2849 630 2940 684 διὰ
2968 632 3031 685 τὸ
3056 630 3135 702 τῷ
3167 632 3453 703 μυστηρίῳ
3490 634 3707 703 πρέπον
3804 646 3805 649 ‘

2115 739 2177 775 τε
2204 721 2341 792 ὁμοῦ
2374 721 2468 776 καὶ
2497 721 2560 773 τὸ
2592 723 2882 793 χρήσιμον.

433 827 531 880 hoc
563 836 647 880 est
682 825 853 896 gratia
883 826 1020 895 apud
1044 823 1209 878 Deum
1244 833 1297 877 et
1326 823 1570 877 homines
1630 822 1891 891 prolicere
1938 818 2184 872 dicatur:
2238 832 2359 872 nam
2403 818 2516 887 ipse
2553 816 2716 871 Pater
2783 827 2892 872 tam
2943 816 3117 887 ipsam
3172 819 3356 875 carnis
3412 821 3709 891 dispensa-

434 921 655 984 tionem,
681 934 838 987 quam
872 916 1047 985 ipsum
1076 915 1237 970 etiam
1270 914 1465 969 Filium
1506 931 1626 984 quae
1678 913 1860 969 carnis
1927 922 2052 966 sunt
2090 912 2330 980 propria,
2364 919 2583 981 propter
2647 910 2934 973 utilitatem
2977 911 3333 982 mysteriique
3382 916 3709 968 conrenieu-

434 1015 562 1066 tiam
597 1012 696 1066 sibi
732 1011 1106 1075 ast'iscenlem,
1134 1019 1352 1079 accepta
1378 1010 1625 1063 habebat.

504 1101 664 1156 XVII.
687 1122 711 1153 1
741 1098 812 1156 oe
832 1104 916 1156 die
938 1112 1114 1156 autem
1139 1102 1226 1157 illa
1251 1112 1305 1157 ct
1338 1104 1467 1157 hora
1502 1119 1658 1155 nemo
1685 1102 1808 1168 scit,
1829 1115 2003 1169 neque

434 1195 609 1262 angeli
646 1193 930 1258 caelorum,
960 1208 1134 1262 neque
1161 1192 1348 1258 Filius,
1381 1194 1481 1249 nisi
1520 1195 1669 1248 solus
1697 1193 1859 1247 Pater
1897 1193 1938 1246 ³.
1981 1210 1999 1244 ι

435 1287 493 1340 Si
524 1287 803 1342 Christum
840 1302 1003 1339 unum
1038 1286 1331 1357 (objiciunt
1362 1287 1482 1355 illi),
1507 1289 1607 1342 hoc
1642 1297 1723 1341 est
1756 1287 1847 1341 Dei
1874 1285 2008 1341 Ver-

435 1381 559 1432 bum
622 1378 990 1439 incarnatum.
1044 1380 1098 1432 id
1156 1390 1240 1433 est
1306 1379 1580 1433 hominem
1632 1377 1837 1431 factum
1888 1391 2009 1432 esse

435 1480 591 1524 certo
630 1470 895 1536 statuitis,
948 1468 1223 1538 quomodo
1261 1469 1305 1523 is
1336 1468 1833 1523 consummationis
1862 1469 2005 1522 diem

437 1560 756 1631 ignoravit?
814 1560 1227 1629 Respondemus
1295 1561 1603 1615 divinorum
1671 1571 2006 1615 secretorum

2188 1101 2285 1153 lZ'.
2328 1118 2345 1150 ι
2378 1099 2513 1169 Περὶ
2543 1097 2598 1150 δὲ
2626 1096 2726 1167 τῆς
2755 1095 2974 1166 ἡμέρας
3015 1095 3231 1165 ἐκείνης
3279 1097 3375 1148 καὶ
3416 1097 3521 1167 τῆς
3555 1097 3706 1168 ὧρας

2115 1190 2289 1253 οὐδεὶς
2334 1185 2495 1253 οἶδεν,
2537 1188 2662 1241 οὔτε
2708 1191 2756 1240 oi
2797 1189 3020 1256 ἄγγελοι
3059 1188 3171 1241 τῶν
3196 1189 3464 1262 οὐρανῶν,
3500 1190 3632 1243 οὔτε
3677 1192 3706 1243 ὁ

2116 1282 2266 1347 Υἱὸς,
2301 1282 2349 1334 εί
2381 1281 2455 1351 μὴ
2484 1283 2514 1334 ὁ
2548 1282 2757 1351 Πατήρ.
2785 1298 2802 1330 ι
2839 1281 2900 1333 El
2941 1280 3177 1351 Χριστὸν
3203 1280 3321 1343 ἕνα,
3357 1282 3550 1348 φασιν,
3571 1285 3704 1351 611.0-

2114 1375 2296 1442 λογεῖν
2354 1370 2634 1441 ἐγνώκατε
2688 1372 2780 1425 τὸν
2829 1372 2965 1425 Θεοῦ
3020 1373 3192 1440 Λόγον
3255 1375 3705 1444 σεσαρκωμένον,

2114 1467 2282 1537 ἤγουν
2330 1463 2814 1535 ὲνηνθρωπηκὸτα,
2853 1463 2970 1526 πῶς
3020 1463 3258 1532 ἠγνόησε
3288 1463 3386 1535 τὴν
3434 1468 3538 1533 τῆς
3579 1482 3709 1517 συν-

2114 1555 2327 1617 τελείας
2355 1552 2604 1625 ήμέραν;
2638 1552 2820 1623 Φαμὲν
2849 1548 2962 1619 οὖν,
3008 1554 3090 1606 ὅτι
3122 1554 3182 1607 τὸ
3226 1555 3493 1625 ἀγνοῆσαι
3539 1556 3704 1625 τυχὸν

438 1654 830 1720 ignorationem
901 1666 1074 1720 neque
1135 1654 1452 1720 probrosam
1517 1666 1638 1707 esse
1701 1662 2005 1714 creaturae,

2125 1647 2178 1700 εά
2207 1648 2264 1699 ὲν
2290 1645 2410 1715 Θεῷ
2455 1645 2750 1717 μυστήρια,
2786 1642 2911 1697 οὕτε
2945 1644 3215 1717 ἀσύνηθες
3240 1685 3253 1707 ,
3282 1644 3408 1699 οὔτε
3439 1647 3549 1718 μὴν
3582 1648 3695 1700 ἑτέ.

437 1757 610 1811 neqne
664 1742 839 1797 eidem
890 1756 1109 1811 quoque
1167 1742 1503 1796 inusitatam.
1574 1741 1853 1809 Scriptura
1924 1752 2010 1795 est

446 1832 627 1885 enim:
671 1850 688 1884 t
726 1829 859 1898 Quis
900 1831 1047 1884 novit
1093 1840 1327 1885 mentem
1370 1830 1672 1901 Domini“?
1708 1849 1726 1883 ι
1768 1830 1823 1885 Si
1880 1845 2009 1898 ergo

439 1922 629 1984 Filius,
666 1931 937 1992 quatenus
984 1920 1146 1975 homo
1177 1919 1353 1975 factus
1406 1932 1511 1990 est,
1558 1942 1579 1973 ι
1638 1921 1910 1992 paululum
1940 1920 2009 1973 ab

438 2015 641 2084 angelis
675 2013 977 2067 minoratus
1021 2032 1040 2064 ι
1078 2011 1279 2067 dicitur
1306 2013 1349 2045 ¹⁰
1388 2014 1535 2084 (nam
1568 2026 1627 2068 ut
1664 2015 1843 2081 Deus,
1890 2014 2012 2067 uni-

440 2121 608 2161 versa:
638 2117 900 2159 creatura:
941 2105 1209 2170 przestat),
1252 2106 1379 2174 quid
1419 2106 1611 2160 mirum
1649 2115 1750 2165 est.
1781 2106 1823 2160 si
1859 2119 2011 2173 mque

440 2211 606 2266 atque
657 2198 855 2266 angeli,
914 2196 1003 2249 Dei
1080 2207 1289 2251 secreta
1349 2197 1601 2267 ignorare
1651 2197 2008 2266 perhibetur;

441 2291 565 2343 licet
613 2290 658 2344 is
709 2291 799 2344 Dei
858 2289 1033 2342 I’atris
1080 2288 1344 2358 sapientia
1383 2298 1436 2342 et
1456 2289 1628 2343 virtus
1673 2290 1745 2344 sit
1785 2290 1824 2321 “
1858 2291 1880 2342 ?
1917 2289 2010 2343 Dei

438 2392 564 2430 vero
593 2376 769 2432 Patris
793 2378 1058 2445 sapientia
1094 2393 1197 2431 non
1237 2386 1416 2447 potest
1448 2392 1510 2431 ea
1548 2380 1783 2443 nescire,
1811 2396 1931 2449 qum
1954 2382 2007 2434 ia

439 2473 554 2537 ipso
602 2470 782 2523 abdita
830 2470 1014 2523 latent.
1056 2468 1217 2540 140
1242 2467 1297 2521 Si
1334 2469 1477 2523 enim
1521 2467 1758 2539 Spiritus
1801 2473 2008 2535 omnia,

440 2563 604 2615 (niam
659 2559 920 2631 profunda
975 2559 1067 2613 Dei
1123 2568 1400 2614 scrutatur
1441 2558 1520 2623 ¹²,
1566 2570 1622 2614 et
1666 2560 1754 2613 ille
1807 2560 2009 2616 Christi

442 2653 676 2720 Spiritus
727 2661 835 2714 est,
881 2653 1156 2723 quomodo
1212 2653 1264 2705 id
1334 2650 1607 2718 nesciret,
1671 2653 1812 2721 quod
1867 2653 2013 2732 illius

443 2746 678 2814 Spiritus
737 2752 928 2798 exacte
974 2743 1177 2798 callet?
1210 2742 1389 2809 Quare
1448 2743 1576 2798 licet
1629 2754 1687 2798 ut
1722 2746 1882 2800 homo
1911 2746 2012 2799 ali-

440 2836 568 2906 quid
604 2833 899 2891 inest-ivisse
922 2836 1156 2899 dicatur,
1199 2846 1255 2887 ut
1294 2834 1434 2889 Dens
1468 2844 1645 2889 tamen
1686 2835 1869 2890 omnia
1912 2850 2011 2890 no-

451 2939 554 2982 rat.
588 2928 701 2981 Etsi
732 2942 861 2998 ergo
890 2936 947 2981 ut
976 2927 1137 2981 homo
1161 2927 1552 3001 ignorationem
1587 2942 1694 2997 pra:
1721 2940 1782 2982 se
1824 2926 2011 2991 ferret,

443 3121 670 3177 taretnr,
719 3128 843 3165 mox
879 3125 1080 3176 tamen,
1114 3112 1237 3165 dum
1278 3111 1479 3180 potenti
1530 3111 1729 3165 virtute
1758 3125 1826 3165 ex
1864 3127 2011 3165 mor-

446 3204 551 3258 tuis
604 3202 752 3256 illum
796 3203 1128 3265 exsuscitat,
1173 3202 1338 3255 Deum
1368 3217 1425 3256 se
1456 3216 1577 3256 esse
1615 3211 1800 3270 aperte
1831 3201 2009 3255 decla-

444 3303 548 3347 rat.
600 3291 921 3345 Tribuentes
963 3289 1127 3359 igitur
1171 3290 1567 3344 incarnationis
1614 3290 2007 3360 dispensationi

2114 1755 2221 1805 ρως
2249 1735 2500 1808 ἀπρεπὲς
2528 1736 2594 1789 ἂν
2629 1735 2715 1805 εῐη
2746 1737 2812 1806 τῇ
2841 1735 3037 1789 κτίσει.
3070 1755 3089 1786 ι
3126 1736 3221 1799 Τίς
3247 1737 3356 1808 γὰρ
3389 1737 3535 1805 ἔγνω
3568 1737 3698 1790 νοῦν

2112 1831 2354 1904 Κυρίου;
2401 1851 2418 1883 ι
2472 1829 2617 1884 κατὰ
2652 1829 2712 1883 τὸ
2762 1830 3169 1901 γεγραμμένον.
3224 1832 3332 1884 Καὶ
3376 1833 3429 1884 εἰ
3477 1831 3704 1900 λέγεται

2114 1923 2288 1994 βραχῦ
2319 1923 2448 1994 παρ’
2479 1922 2747 1991 ἀγγέλους
2776 1921 3129 1991 ήλαττῶσθαι
3162 1925 3192 1975 ὁ
3228 1922 3387 1986 Υἱὸς,
3433 1923 3575 1977 καθὸ
3611 1925 3706 1992 γέ-

2111 2032 2269 2083 γονεν
2316 2014 2604 2086 ἄνθρωπος
2652 2013 2919 2084 δηλονότι,
2971 2014 3149 2067 καίτοι
3195 2015 3423 2078 κτίσεως
3470 2015 3701 2085 ἀπάσης

2113 2104 2189 2158 ῶν
2220 2105 2480 2158 ἐπέκεινα
2517 2103 2742 2166 θεῖκῶς*
2796 2102 2849 2155 τί
2899 2102 2959 2155 τὸ
3007 2102 3211 2172 θαῦμα.
3261 2103 3362 2157 κᾶν
3412 2105 3555 2174 ὁμοῦ
3587 2109 3701 2167 τοῖς

2115 2199 2369 2267 ἀγγέλοις
2391 2199 2604 2265 ἀγνοεῖν
2635 2196 2862 2267 λέγηται
2888 2195 2950 2248 τὺ
2979 2183 3036 2248 ἐν
3068 2195 3185 2266 Θεῷ
3218 2197 3547 2266 μυστήριον,
3567 2196 3707 2249 καί-

2118 2308 2200 2343 τοι
2236 2291 2397 2358 σοφία
2429 2289 2523 2341 καὶ
2542 2288 2773 2359 δύναμις
2800 2287 3060 2357 ὑπάρχων
3092 2287 3297 2350 αὐτοῦς
3327 2284 3464 2342 Εἶτα
3494 2288 3617 2351 πῶς
3641 2288 3706 2342 ἂν

2116 2382 2389 2453 ἠγνόησεν
2430 2382 2463 2451 ἡ
2515 2380 2673 2447 σοφία
2700 2377 2797 2432 τοῦ
2846 2378 3056 2448 Πατρὸς
3084 2379 3153 2431 τὰ
3186 2380 3243 2431 ὲν
3273 2379 3426 2450 αὐτῷ
3458 2398 3709 2450 κεκρυμ-

2122 2475 2293 2543 μένας
2334 2474 2443 2527 Καὶ
2474 2474 2522 2525 εί
2560 2472 2622 2525 τὸ
2678 2470 2902 2542 Πνεῦμα
2951 2471 3172 2539 λέγεται
3225 2472 3404 2524 πάντα
3447 2475 3705 2543 ἐρευνᾷ-ν,

2115 2565 2210 2618 καὶ
2233 2566 2299 2618 τὰ
2324 2564 2464 2633 βάθη
2486 2563 2580 2616 τοῦ
2611 2563 2769 2628 Θεοῦ,
2790 2562 3015 2632 Πνεῦμα
3039 2562 3096 2615 δέ
3122 2563 3240 2614 ἐστι
3271 2561 3367 2616 τοῦ
3398 2564 3639 2635 Χριστοῦ
3656 2577 3709 2627 ιι,

2117 2655 2235 2719 πῶς
2281 2655 2347 2709 ἂν
2394 2655 2557 2718 αὐτὸς
2610 2654 2901 2723 ἠγνόησεν,
2947 2652 3091 2724 ἅπερ
3145 2649 3289 2707 οἶδεν
3346 2654 3598 2725 ἀκριϐῶς
3648 2656 3712 2707 τὸ

2118 2746 2343 2816 Πνεῦμα
2374 2745 2571 2810 animi);
2600 2743 2809 2798 Οὐκοῦν
2843 2744 2942 2798 κᾶν
2971 2745 3185 2813 ἀγνοεῖν
3222 2745 3583 2815 ἀνθρωπίνως
3614 2745 3714 2799 λέ-

2116 2853 2300 2907 γηται,
2347 2835 2461 2888 ἀλλ’
2494 2831 2605 2887 οἶδε
2642 2833 2857 2897 θεῖκῶς.
2893 2833 3004 2887 Καὶ
3044 2832 3198 2902 γοῦν,
3258 2853 3277 2885 ι
3318 2835 3423 2890 Ποῦ
3457 2836 3714 2913 τέθειται

451 2939 554 2982 rat.
588 2928 701 2981 Etsi
732 2942 861 2998 ergo
890 2936 947 2981 ut
976 2927 1137 2981 homo
1161 2927 1552 3001 ignorationem
1587 2942 1694 2997 pra:
1721 2940 1782 2982 se
1824 2926 2011 2991 ferret,

439 3020 566 3075 dum
609 3019 677 3074 de
719 3018 951 3084 Lazaro,
1003 3036 1021 3070 ι
1048 3018 1150 3074 Ubi
1191 3019 1444 3087 posuistis
1469 3034 1589 3073 eum
1620 3018 1703 3072 "‘1
1730 3037 1749 3069 ι
1788 3033 2011 3088 percon-

2125 2927 2401 2994 Λάζαρος;
2432 2945 2449 2976 ι
2474 2924 2711 2997 ἐρωτῶν,
2733 2925 2808 2988 ὡς
2835 2923 2952 2989 ἐξὸν
2982 2924 3131 2995 αὐτῷ
3153 2926 3228 2997 μὴ
3254 2926 3445 2981 εἰδέναι
3470 2929 3624 2982 κατὰ
3650 2930 3715 2982 τὺ

2125 3017 2480 3088 ἀνθρώπινον,
2530 3019 2803 3088 ὲνήργηκε
2850 3017 3067 3082 θεῖκῶς,
3097 3018 3408 3088 ἀναστήσας
3438 3020 3609 3072 αὑτὸν
3643 3024 3711 3073 ἐκ

2119 3017 2480 3089 ἀνθρώπινον,
2530 3019 2803 3088 ὲνήργηκε
2850 3017 3067 3082 θεῖκῶς,
3097 3018 3408 3088 ἀναστήσας
3438 3020 3609 3072 αὑτὸν
3643 3024 3711 3073 ἐκ

2123 3108 2354 3178 νεκρῶν.
2397 3108 2788 3171 Ἀπονέμοντες
2816 3107 2994 3161 τοίνυν
3025 3109 3091 3179 τῇ
3141 3109 3279 3179 μετὰ
3314 3111 3516 3179 σαρκὸς
3553 3113 3711 3163 οἱκο-

2119 3200 2284 3271 νομίᾳ
2314 3199 2383 3253 τὰ
2413 3198 2731 3271 ἀνθρώπινα
2751 3238 2767 3263 ,
2795 3201 3127 3270 τηρήσωμεν
3155 3200 3395 3263 εὐσεϐῶς
3424 3204 3515 3253 καὶ
3566 3204 3715 3255 καθ’

2118 3291 2266 3359 ἡμᾶς
2296 3289 2539 3357 γεγονότι
2570 3288 2647 3359 τῷ
2676 3292 2740 3342 ἐκ
2765 3289 2902 3343 Θεοῦ
2941 3289 3100 3358 φύντι
3122 3291 3284 3362 Λόγῳ
3307 3292 3371 3345 τᾶ
3393 3292 3710 3365 θεοπρεπῆ.

443 3402 503 3440 ea
535 3401 653 3454 qua:
686 3383 920 3438 hominis
970 3391 1126 3447 sunt,
1176 3395 1455 3437 servemus
1519 3383 1707 3450 etiam,
1757 3397 1862 3451 qua
1901 3384 2055 3438 decet
2094 3382 2318 3453 pietate,
2369 3382 2445 3438 illi
2488 3382 2579 3453 qui
2641 3383 2814 3438 instar
2862 3385 3032 3438 nostri
3098 3381 3278 3440 factus
3305 3395 3390 3440 est
3420 3385 3610 3451 homo,
3640 3401 3713 3441 ex

446 3475 556 3530 Deo
578 3475 758 3543 genito
788 3470 989 3537 Verbo,
1022 3487 1141 3541 qua:
1165 3472 1266 3540 ipsi
1302 3483 1358 3525 ut
1389 3472 1496 3528 Deo
1527 3473 1875 3527 conveniunt.

518 3564 703 3619 XVIII.
746 3582 764 3614 ι
816 3565 1080 3618 Clamavit
1129 3563 1289 3619 Jcsns
1335 3581 1467 3619 voce
1511 3581 1734 3635 magna,
1766 3566 1958 3621 dicens
1998 3584 2012 3620 :

450 3655 593 3711 Deus
643 3670 833 3721 incus,
885 3655 1025 3710 Deus
1084 3670 1269 3718 meus,
1341 3656 1530 3725 utquid
1576 3672 1660 3710 me
1713 3657 2008 3727 dereliqui-

446 3752 513 3805 sti
547 3747 631 3802 “7
662 3766 680 3799 ι
710 3747 958 3816 Nunquid
1001 3748 1174 3815 ipsum
1213 3761 1427 3815 quoque
1466 3746 1722 3812 Verbum,
1769 3750 1914 3817 quod
1949 3764 2016 3803 ex

447 3843 556 3897 Deo
586 3840 742 3893 Patre
768 3848 949 3892 uatunt
989 3847 1092 3901 est,
1143 3837 1329 3891 divino
1362 3838 1565 3893 auxilio
1602 3837 1906 3908 indiguisse
1938 3840 2019 3893 di-

444 3932 673 3990 cemus?
707 3931 775 3986 At
804 3931 930 4000 quid
953 3945 1017 3984 eo
1043 3929 1147 3984 dici
1179 3938 1355 3998 potest
1385 3930 1638 3985 stultius?
1676 3932 1872 3985 Annon
1908 3946 2013 3985 una

447 4044 567 4080 cum
605 4026 712 4080 Deo
758 4024 916 4078 Patre
953 4022 1327 4076 universorum
1366 4020 1626 4077 Dominus
1657 4034 1772 4088 est,
1807 4038 2017 4093 squue

446 4118 651 4186 Spiritu
683 4119 877 4172 coelum
914 4115 1116 4176 lirmat,
1150 4128 1213 4169 ac
1243 4114 1507 4168 virtutum
1543 4115 1801 4189 Dominus
1833 4116 2017 4186 appel-

2192 3568 2300 3620 IH'.
2344 3585 2361 3619 ι
2410 3565 2633 3637 Ἐϐόησε
2668 3566 2726 3620 δὲ
2770 3569 2920 3638 φωνῇ
2969 3566 3183 3638 μεγάλῃ
3229 3568 3257 3620 ὁ
3315 3567 3561 3636 Ἰησοῦς·
3601 3568 3715 3622 Θεέ

2124 3678 2251 3731 μου,
2283 3659 2383 3711 Θεέ
2417 3675 2543 3729 μου,
2578 3659 2668 3712 ἴνα
2715 3659 2768 3712 τί
2815 3675 2882 3731 με
2936 3660 3323 3728 ὲγκατέλιπεςς
3361 3679 3379 3711 ι
3414 3656 3566 3731 *Δρα
3610 3656 3713 3713 οὖν

2122 3754 2217 3804 καὶ
2260 3750 2420 3804 αὑτὸν
2460 3750 2782 3824 ἐπικουρίας
2806 3750 2906 3821 τῆς
2937 3752 3144 3806 ἄνωθέν
3188 3769 3368 3821 φαμεν
3417 3751 3710 3821 δεδεῆσθαι

2121 3842 2213 3895 τὸν
2245 3845 2308 3896 ὲκ
2342 3840 2478 3895 Θεοῦ
2526 3843 2735 3914 Πατρδς
2765 3838 2973 3911 Λόγον;
3003 3842 3196 3896 Καίτοι
3230 3843 3340 3906 πῶς
3366 3841 3533 3896 τοῦτὸ
3559 3846 3713 3896 ἐστιν

2123 3935 2223 3987 οὐκ
2269 3932 2464 4004 εὔηθες
2510 3933 2737 4005 κομιδῆς
2768 3934 3150 4005 Συγκατάρχει
3180 3935 3286 4006 γὰρ
3313 3935 3425 3986 τῶν
3455 3934 3601 3988 ὅλων
3637 3934 3714 4004 τῷ

2124 4024 2244 4095 Θεῴ
2276 4025 2369 4079 καὶ
2400 4026 2577 4096 Πατρὶ
2602 4065 2616 4090 ,
2652 4026 2747 4078 καὶ
2794 4029 3005 4096 στερεοῖ
3039 4027 3137 4098 μὲν
3164 4026 3426 4097 οὐρανοὺς
3460 4025 3542 4096 τῷ
3596 4028 3715 4096 ἰδίῳ

2124 4114 2430 4185 Πνεύματι,
2457 4116 2661 4187 Κύριος
2691 4116 2748 4169 δὲ
2774 4117 2886 4170 τῶν
2911 4117 3193 4189 δυνάμεων
3244 4117 3576 4187 ὀνομάζεται
3619 4118 3715 4172 καὶ

449 4209 611 4276 latur,
645 4218 697 4262 et
725 4216 807 4262 est
837 4207 938 4260 hoc
972 4205 1150 4275 ipsum
1188 4218 1310 4260 vere
1339 4205 1427 4259 υτ
1461 4204 1714 4274 Nunquid
1749 4221 1878 4277 ergo
1924 4208 2011 4262 ad-

2126 4204 2240 4258 ἔστι
2280 4207 2423 4259 κατά
2468 4206 2747 4278 ἀλήθειαν.
2793 4208 2935 4262 Ἀλλ’
2978 4210 3238 4281 ήτόνησεν
3284 4211 3391 4281 ἄρα
3436 4213 3578 4283 πρὸς
3612 4214 3715 4277 τάς

448 4314 642 4354 versus
672 4296 985 4351 Iudaeorum
1012 4298 1236 4355 insidias
1256 4297 1528 4368 elanguit?
1554 4295 1812 4369 Nunquid
1839 4299 2017 4354 cruci-

452 4388 728 4458 ﬁgentium
762 4402 953 4442 manus
976 4388 1247 4447 debellare
1276 4403 1382 4443 non
1414 4389 1587 4456 potuit
1607 4388 1632 4441 ?
1652 4391 1813 4459 Atqui
1841 4389 2008 4445 Isaias

447 4480 712 4549 propheta
741 4478 820 4533 sic
853 4478 961 4532 ait:
1004 4496 1024 4529 ι
1063 4479 1119 4533 Si
1143 4493 1333 4533 omnes
1360 4488 1549 4547 gentes
1587 4480 1739 4548 quasi
1764 4480 1906 4534 stilla
1948 4481 2016 4536 de

444 4570 631 4633 situla,
674 4577 730 4623 et
767 4568 922 4637 quasi
954 4577 1286 4622 momentum
1317 4577 1537 4622 statera:
1563 4578 1827 4637 reputatae
1865 4580 2013 4637 sunt,

444 4661 675 4730 etqnasi
727 4659 891 4715 saliva
950 4656 1399 4727 reputabuntur:
1460 4659 1546 4713 cui
1596 4674 1728 4730 ergo
1782 4661 2014 4716 similem

448 4746 655 4801 fecisris
682 4742 890 4800 Deum?
918 4752 1009 4796 aut
1038 4742 1125 4796 cui
1151 4741 1372 4811 imagini
1392 4743 1747 4811 comparastis
1767 4760 1888 4799 eum
1908 4746 2016 4800 “‘2:

2122 4293 2233 4348 τῶν
2271 4295 2543 4350 Ἰουδαίων
2592 4298 2904 4365 ἐπιϐουλὰς,
2938 4300 3033 4352 καὶ
3064 4301 3276 4370 ἄμαχος
3303 4296 3372 4371 ἦν
3401 4301 3559 4371 αύτῷ
3598 4303 3715 4355 τῶν

2125 4383 2505 4455 σταυροῦντων
2557 4389 2592 4459 ή
2643 4388 2785 4460 χείρ.
2855 4390 3050 4443 Καίτοι
3110 4392 3276 4460 φησὶν
3334 4392 3363 4443 ὁ
3415 4395 3715 4462 προφήτης

2134 4475 2399 4541 Ἡσαΐας·
2436 4496 2455 4529 ι
2491 4479 2554 4533 El
2599 4481 2775 4534 πάντα
2812 4480 2880 4534 τὰ
2908 4480 3034 4554 ἔθνη
3066 4481 3142 4544 ὡς
3176 4481 3390 4548 σταγὼν
3434 4482 3544 4535 ἀπὸ
3571 4484 3715 4536 κὰδο

2122 4567 2214 4621 δου
2235 4610 2248 4634 ,
2277 4570 2371 4623 καὶ
2396 4570 2471 4634 ὠς
2501 4570 2641 4641 ῥοπὴ
2675 4571 2841 4639 ζυγοῦ
2875 4571 3256 4642 ἐλογίσθησαν,
3298 4573 3389 4626 καὶ
3417 4574 3499 4637 ὡς
3528 4574 3714 4637 ciale;

2131 4658 2575 4731 λογισθήσονται·
2608 4663 2714 4716 τίνι
2733 4663 3052 4733 ὠμοιὼσατε
3078 4665 3169 4718 τὸν
3200 4665 3402 4735 Κύριον
3427 4682 3446 4731 ;
3484 4666 3587 4719 καὶ
3605 4667 3710 4719 τίνι

2134 4747 2441 4819 ὁμοιώματι
2453 4749 2773 4820 ὡμοιώσατε
2790 4752 2952 4805 αὐτόν
2969 4771 2983 4820 ;
2999 4773 3017 4805 ι
3037 4754 3237 4809 ’ἰστέον
3255 4754 3329 4817 δὲ,
3344 4755 3429 4807 ὅτι
3447 4756 3709 4827 παρῆσαν

450 4837 763 4895 Meminisse
820 4835 923 4891 hoc
973 4833 1095 4888 loco
1157 4843 1374 4903 oportet
1430 4831 1668 4889 Judaica:
1729 4833 2011 4907 Synagoga

2126 4837 2224 4906 μὲν
2255 4838 2305 4890 οἱ
2332 4837 2431 4908 τῆς
2473 4838 2745 4893 Ἰουδαίων
2777 4841 3102 4912 συναγωγῆς
3130 4844 3423 4914 ὑπηρέται,
3462 4847 3568 4916 τὴν
3602 4846 3710 4898 τῶν

448 4926 799 4981 administros
840 4939 962 4978 cum
1009 4922 1242 4977 militum
1273 4923 1531 4987 cohorte,
1565 4922 1701 4978 duce
1726 4925 2020 4993 proditore,

445 5020 677 5074 irruisse
702 5015 959 5072 inlesum
992 5034 1007 5071 :
1045 5015 1243 5085 quibus
1260 5022 1319 5069 ut
1335 5029 1455 5068 eum
1497 5015 2028 5083 comprehenderent

449 5110 840 5177 quaerentibus,
883 5105 1126 5163 occurrit
1162 5104 1276 5172 ille,
1333 5104 1559 5160 dicens:
1598 5121 1619 5157 ι
1656 5103 1826 5170 Quem
1878 5120 2025 5174 qua:-

520 5269 542 5299 ⁸
583 5264 769 5318 Matth.
802 5277 948 5326 χειν,
979 5260 1069 5316 '56.
1161 5259 1181 5291 ⁹
1221 5258 1326 5316 Isa.
1366 5276 1455 5323 XL,
1498 5258 1584 5312 ιι.

1666 5257 1710 5330 ιτ
1752 5258 1915 5330 ltebr.
1966 5277 2025 5330 η,
2062 5262 2114 5317 7.

2125 4929 2479 4999 στρατιωτῶν
2503 4930 2718 5002 ἔχοντες
2753 4934 3005 5003 σπεῖραν,
3039 4933 3339 5004 ἡγούμενον
3364 4935 3425 4988 δὲ
3454 4937 3552 4989 τὸν
3579 4954 3712 5008 προ-

2123 5016 2303 5089 δότην.
2347 5020 2565 5091 Ἐπειδὴ
2598 5021 2656 5075 δὲ
2684 5020 2912 5091 ἐζήτουν
2956 5024 3119 5078 αὐτὸν
3164 5026 3565 5092 συλλαϐέσθαι,
3604 5031 3707 5081 ἀπ-

2127 5111 2265 5179 ήντα
2297 5109 2499 5180 λέγων’
2535 5132 2554 5165 ι
2584 5114 2719 5168 Τίνα
2752 5113 3000 5185 ζητεῖτες
3031 5117 3092 5171 Οἱ
3120 5117 3177 5170 δὲ
3212 5118 3348 5188 πρὸς
3374 5119 3540 5171 τοῦτο
3574 5119 3709 5188 ἐξα-

2215 5264 2324 5345 “Alﬁ
2332 5264 2457 5322 Cor.
2499 5284 2538 5335 ι,
2558 5267 2650 5322 24.
2727 5270 2771 5301 ι’
2798 5268 2963 5326 ICor.
2993 5271 3169 5344 n,’_lo.
3246 5272 3471 5330 "Joan.
3514 5294 3582 5345 η.
3621 5280 3706 5333 ει.

450 5334 495 5371 ﬁ“
526 5336 711 5388 .Ilaltlt.
743 5348 910 5399 ιιι-ιι,
939 5332 1030 5390 46.
1067 5331 1152 5402 ab“
1181 5329 1325 5391 I‘sal.
1363 5344 1531 5396 χχχιι,
1561 5326 1617 5393 6,
1651 5328 1738 5384 I0.
1815 5329 1860 5362 ⁸⁸
1884 5329 1985 5386 lsa.

2145 5334 2231 5401 15,
2261 5334 2349 5393 18.

1541 5484 1714 5544 Variae
1751 5486 2012 5544 lectiones
2040 5487 2245 5546 codicis
2273 5488 2631 5563 Seguieriani.

520 5653 549 5690 ιι
575 5640 733 5698 Θεοῦ.
