3912 6228
296 220 413 274 1557

1081 219 1173 273 AD
1213 215 1514 274 REGINAS
1554 217 1638 271 DE
1678 214 2109 272 RECTA-FIDE
2148 212 2407 271 ORATIO
2444 212 2744 268 ALTERA.

3377 218 3399 272 1
3411 217 3515 274 358

295 349 410 388 σαν·
454 332 660 404 Ἰησοῦν
699 334 790 387 τὸν
836 314 1174 406 Ναζωραῖον.
1225 332 1358 388 Εἶτα
1402 334 1779 413 πρὸςαὺτοὺς
1819 336 1847 388 ό

1972 335 2110 389 'itis?
2162 333 2236 387 llli
2287 342 2468 385 autem
2537 332 2843 387 dixerunt:
2910 330 3094 388 Jesum
3152 332 3512 392 Nazarenum.

296 426 496 495 Σωτήρ·
534 424 675 493 Ἐγώ
706 427 842 495 εἰμι.
887 427 996 480 Καὶ
1042 426 1284 496 ἀπῆλθον
1312 428 1391 489 είς
1425 427 1494 480 τὰ
1523 426 1717 491 ὀπίσω,
1751 427 1845 480 καὶ

1950 427 2088 482 Dicit
2120 427 2199 481 eis
2231 423 2426 481 Jesus:
2464 424 2575 495 Ego
2607 439 2750 479 sum.
2786 423 2854 479 Et
2899 424 3152 481 abierunt
3194 435 3515 495 retrorsum,

296 516 466 568 ἔπεσον
509 516 703 586 χαμαί.
737 536 756 568 ι
792 513 925 569 Εἶτα
964 517 1082 580 πῶς
1117 518 1183 571 ἂν
1226 517 1490 587 ήτόνησεν
1522 519 1551 571 6
1583 519 1678 572 καὶ
1710 518 1845 589 μόνῃ

1972 528 2002 571 :t
2030 517 2413 571 cecideruntin
2440 526 2635 572 terram
2667 516 2806 571 ¹⁷·¹⁸.
2846 533 2865 568 ι
2897 515 3014 571 Jam
3046 518 3319 587 quomodo
3356 519 3513 573 inﬁr-

297 608 351 676 τῇ
368 609 510 677 φωνῇ
530 606 628 676 τὴν
655 606 763 658 τῶν
791 607 1251 662 ἐπιϐουλευόντων
1280 606 1506 676 ἐλέγξας
1530 607 1844 674 ἀσθένειανς

298 696 353 749 Τί
388 691 476 751 οὖν
513 695 624 768 ἄρα
667 696 915 765 βούλεται
953 698 1161 767 λέγων·
1208 718 1224 751 ι
1261 698 1362 752 Θεέ
1404 716 1529 770 μου,
1572 699 1673 752 Θεέ
1720 714 1845 769 μου,

297 784 373 839 ἵνα
395 784 443 837 τί
475 802 543 856 με
571 786 963 853 ἐγκατέλιπεςς
993 806 1011 839 ι
1044 789 1228 858 Φαμὲν
1255 788 1456 852 τοίνυν,
1487 789 1570 842 ὅτι
1596 788 1689 842 τοῦ
1718 806 1850 858 προ-

300 876 518 946 πάτορος
556 876 727 947 Ἀδὰμ
759 878 858 947 τὴν
907 878 1156 934 δοθεῖσαν
1186 880 1335 951 αὑτῷ
1380 881 1725 952 πατήσαντος
1763 882 1850 933 ἐν·

298 967 460 1038 τολὴν,
502 967 597 1021 καὶ
626 968 721 1021 τοῦ
752 967 897 1023 θείου
925 970 1292 1041 ἁλογήσαντος
1338 972 1527 1042 νόμου,
1557 971 1853 1040 ἐγκαταλέ-

299 1056 499 1109 λειπται
549 1074 665 1120 πως
706 1058 739 1129 ἡ
787 1058 1074 1130 ἀνθρώπου
1123 1062 1286 1131 φύσις
1339 1063 1492 1133 παρὰ
1535 1060 1630 1115 τοῦ
1679 1060 1850 1114 Θεοῦ⁸

299 1146 475 1214 γέγονε
500 1146 557 1199 δέ
595 1148 866 1218 ἐπάρατος
891 1149 979 1202 διὰ
1018 1151 1196 1217 τοῦτο,
1227 1153 1323 1206 καὶ
1351 1151 1568 1222 θανάτῳ
1600 1152 1850 1223 κάτοχος.

310 1238 517 1309 Ἐπειδὴ
538 1238 595 1291 δὲ
622 1239 683 1293 τὸ
715 1242 976 1306 πεπονθὸς
994 1252 1020 1279 ν
1051 1244 1515 1314 ἀναστοιχειώσων
1538 1247 1615 1309 εἰς
1642 1246 1855 1316 ἀφθαρ-

301 1330 407 1382 σίαν
431 1330 774 1402 ἐπεδήμησεν
804 1332 833 1383 6
865 1333 1155 1405 μονογενὴς
1181 1334 1273 1388 τοῦ
1299 1335 1436 1388 Θεοῦ
1453 1336 1643 1405 Λόγος,
1662 1336 1856 1390 ἐπελά-

301 1418 410 1472 ϐετό
463 1435 524 1472 τε
587 1420 919 1491 σπέρματος,
961 1423 1234 1495 Ἀϐραὰμ,
1287 1426 1383 1479 καὶ
1436 1425 1693 1496 ὡμοιώθη
1748 1427 1858 1490 τοῖς

304 1507 576 1576 ἀδελφοῖς,
615 1507 722 1561 ἔδει
758 1510 894 1579 μετᾶ
929 1512 1026 1580 τῆς
1070 1514 1304 1581 ἀρχαίας
1343 1513 1558 1584 ἐκείνης
1586 1515 1725 1583 ἀρᾶς
1764 1514 1858 1567 καὶ

299 1600 385 1669 τῆς
413 1599 740 1652 ἐπεισάκτου
765 1600 970 1671 φθορᾶς
997 1602 1295 1671 καταλῆξαι
1328 1602 1426 1673 τὴν
1451 1603 1855 1672 ἐγκατάλειψιν,

1951 623 2070 663 mus
2094 607 2199 663 dici
2231 616 2426 677 potest,
2456 608 2547 677 qui
2581 608 2663 663 vel
2699 607 2813 662 sola
2848 622 2977 662 voce
3013 608 3393 663 insultantium
3433 609 3517 663 in-

1952 699 2262 755 ﬁrmitatem
2297 699 2584 753 ostendit?
2619 698 2823 770 Ecquid
2866 713 3000 769 ergo
3037 699 3143 754 sibi
3194 699 3307 753 vult
3378 700 3519 764 quod

1951 793 2048 856 ait,
2082 810 2101 843 ‹
2148 790 2293 845 Deus
2353 806 2524 855 meus,
2567 792 2707 846 Deus
2750 805 2925 855 meus,
2962 791 3149 861 utquid
3181 791 3518 862 dereliquisti

1951 883 2084 938 me?
2118 902 2136 935 ι
2173 881 2413 937 Dicimus
2466 882 2651 951 igitur,
2681 895 2802 934 cum
2852 881 3058 948 primus
3115 893 3309 949 parens
3339 888 3523 935 noster
3602 954 3605 957 _

1953 973 2122 1028 Adam
2148 973 2458 1027 mandatum
2498 971 2639 1040 quod
2685 981 2965 1041 acceperat
3013 969 3394 1037 proculcassei,
3442 968 3525 1024 di-

1955 1064 2245 1132 vinamque
2290 1062 2458 1131 legem
2505 1061 2767 1133 neglectui
2806 1062 3090 1116 habuisset
3117 1061 3182 1123 ",
3226 1060 3519 1114 humanam

1930 1164 2205 1221 ,naturam
2242 1151 2409 1207 fuisse
2472 1152 2865 1219 quodammodo
2899 1150 3232 1231 derelictam,
3280 1164 3525 1205 exsecra—

1957 1244 2227 1312 bileinque
2265 1250 2321 1294 et
2358 1242 2513 1296 morti
2572 1240 2858 1295 obnoxiam
2913 1240 3158 1295 eﬂ‘ectam
3195 1259 3207 1295 :
3249 1247 3303 1293 at
3364 1237 3527 1295 simul

1959 1345 2121 1404 atque
2183 1333 2504 1403 Unigenitus
2537 1332 2653 1398 Dei,
2696 1332 2746 1385 id
2778 1333 2920 1401 quod
2949 1332 3262 1400 prolapsum
3298 1341 3437 1398 erat,
3468 1330 3521 1384 in

1960 1426 2419 1493 incorruptionem
2460 1423 2865 1477 instauraturus
2902 1424 3161 1485 advenit,
3209 1422 3527 1491 semineque

1959 1517 2191 1571 Abrahae
2244 1515 2615 1584 apprehenso,
2693 1512 2960 1567 fratribus
2996 1513 3129 1565 'suis
3191 1511 3526 1565 assimilatus

1962 1605 2062 1659 fuit
2092 1605 2177 1668 ’°;
2212 1612 2339 1656 tunc
2386 1616 2490 1655 una
2539 1616 2660 1653 cum
2702 1599 2928 1667 antiquo
2963 1598 3054 1651 illo
3096 1596 3252 1668 141
3296 1595 3518 1649 maledi-

300 1691 358 1762 ἢν
388 1691 676 1761 ὑπέμεινεν
709 1692 765 1743 ἐν
791 1692 988 1762 ἀρχαῖς
1028 1693 1061 1762 ή
1093 1691 1186 1745 τοῦ
1216 1692 1505 1761 ἀνθρώπου
1554 1693 1734 1763 φύσις.
1765 1694 1856 1756 Ὠς

1972 1703 2079 1758 διο,
2133 1694 2461 1759 inductaque
2508 1687 2898 1756 corruptione,
2947 1687 3312 1741 desertionem
3364 1700 3527 1755 quam

300 1778 382 1835 οὖν
411 1776 489 1845 εἷς
519 1782 775 1852 ὑπάρχων
823 1783 933 1835 τῶν
965 1782 1560 1853 ἐγκαταλελειμμένων,
1598 1784 1734 1837 καθὸ
1763 1785 1857 1837 καὶ

300 1873 448 1935 αὑτὸς
509 1873 905 1943 παραπλησίως
975 1874 1107 1942 ἡμῖν
1159 1874 1420 1944 μετέσχεν
1479 1874 1709 1945 αἵματος
1764 1876 1858 1928 καὶ

304 1966 526 2035 σαρκὸς,
572 1966 661 2028 τὸ,
712 1983 730 2015 ‹
773 1964 890 2017 Ἶνα
932 1964 985 2017 τί
1037 1981 1104 2036 με
1144 1965 1534 2035 ἐγκατέλιπες;
1576 1984 1594 2016 ι
1645 1965 1809 2035 φησίν
1843 1982 1854 1995 ’

298 2046 426 2126 ὅπερ
452 2051 520 2125 ἦν
547 2053 761 2117 λύοντος
786 2055 1035 2127 ἐναργῶς
1062 2056 1162 2127 τὴν
1197 2073 1259 2109 συ
1270 2057 1486 2127 μϐἄσαν
1529 2057 1661 2127 ἡμῖν
1690 2058 1859 2124 ἐγκα-

300 2146 556 2215 τάλειψιν,
626 2147 719 2199 καὶ
765 2143 874 2199 οἷον
922 2147 1364 2208 ἐκδυσωποῦντος
1408 2146 1495 2214 ἐφ’
1548 2144 1725 2215 ἐαυτῷ
1773 2144 1863 2196 τὸν

303 2237 545 2307 Πατέρα,
577 2239 671 2289 καὶ
697 2236 988 2298 καλοῦντος
1028 2237 1110 2299 εἰς
1156 2230 1445 2304 εὐμένειαν
1474 2234 1574 2303 τὴν
1613 2234 1699 2299 ἐφ’
1732 2233 1864 2301 ἡμῖν

300 2327 371 2389 ὡς
399 2328 482 2395 ἐφ’
512 2326 689 2396 ἐαυτῴ
716 2326 810 2378 καὶ
838 2324 1038 2401 πρώτῳ
1057 2341 1070 2355 ·
1102 2325 1301 2389 παντὸς
1344 2323 1455 2395 γὰρ
1487 2325 1618 2393 ἡμῖν
1643 2322 1866 2391 γέγονεν

298 2421 327 2471 6
353 2419 579 2488 Χριστὸς
608 2418 813 2487 ἀγαθοῦ
845 2420 938 2471 καὶ
968 2418 1110 2490 ἀρχὴ
1147 2419 1238 2471 καὶ
1267 2417 1546 2487 πρόξενος.
1570 2415 1733 2467 Ὥστε
1764 2412 1866 2466 κᾶν

302 2509 422 2561 εἴτι
450 2509 664 2577 λέγοιτο
694 2508 877 2561 λαϐεῖν
904 2508 1258 2578 ἀνθρωπίνως
1299 2507 1451 2579 παρὰ
1492 2506 1586 2560 τοῦ
1630 2506 1863 2576 Πατρὸς,

301 2601 455 2653 τοῦτο
498 2603 563 2670 τῇ
609 2600 854 2670 ἡμετέρᾳ.
887 2600 1221 2671 προὺξένησε
1262 2599 1451 2668 φύσει,
1501 2599 1717 2669 πλήρης
1766 2598 1869 2651 ὑπ-

304 2693 479 2763 άρχων
511 2695 538 2745 ὁ
560 2692 746 2756 αὑτὸς,
789 2692 884 2745 καὶ
915 2692 1126 2754 οὐδενὸς
1165 2692 1491 2762 τοπαράπαν
1557 2691 1762 2760 ἐνδεὴς,
1793 2691 1869 2754 ώς

304 2784 453 2848 Θεὸς.
1074 2788 1081 2791 ⁷

374 3045 473 3099 ter.
512 3063 530 3097 ι
569 3043 738 3097 Τοῦτο
770 3045 1035 3115 φρονείτω
1079 3044 1308 3107 ἕκαστος
1354 3046 1413 3096 ἐν
1446 3044 1576 3113 ὑμῖν
1606 3043 1809 3104 αὑτοῖς,

303 3136 399 3188 καὶ
427 3138 485 3188 ἐν
521 3136 742 3207 Χριστῷ
777 3136 980 3206 Ἰησοῦ·
1012 3136 1070 3199 ὂς
1099 3137 1158 3188 ἐν
1190 3138 1373 3207 μορφῇ
1405 3135 1540 3189 Θεοῦ
1590 3133 1870 3205 ὑπάρχων,

304 3228 401 3297 οὑχ
431 3228 720 3298 ἁρπαγμὸν
752 3228 993 3299 ἡγήσατο
1043 3227 1104 3279 τὸ
1133 3223 1272 3280 εἶναι
1306 3228 1395 3280 ἴσα
1424 3225 1572 3295 Θεῷ·
1602 3225 1716 3279 ἀλλ’
1748 3226 1875 3277 ἐαυ-

304 3318 394 3372 τδν
432 3317 697 3384 ἐκένωσε;
746 3320 958 3390 μορφὴν
996 3319 1183 3372 δούλου
1226 3317 1439 3383 λαϐὼν,
1474 3320 1531 3371 ἐν
1567 3316 1875 3388 ὁμοιώματι

305 3408 607 3480 ἀνθρώπων
638 3411 950 3481 γενόμενος,
994 3411 1087 3463 καὶ
1117 3412 1359 3481 σχήματι
1405 3410 1650 3481 εὑρεθεὶς
1679 3411 1755 3473 ὼς
1782 3409 1877 3463 ἄν·

306 3500 559 3571 θρωποςσ
606 3501 968 3554 ἐταπείνωσεν
1021 3501 1245 3569 ἑαυτὸν,
1292 3501 1582 3572 γενόμενος
1638 3502 1876 3567 ὑπήκοος

308 3592 474 3662 μέχρι
511 3592 762 3656 θανάτου,
800 3592 1031 3645 θανάτου
1064 3592 1122 3645 δέ
1161 3589 1418 3662 σταυροῦ.
1451 3592 1541 3645 Διὸ
1566 3592 1659 3645 καὶ
1694 3593 1722 3644 6
1745 3591 1878 3653 Θεὸς

305 3682 471 3735 αὑτὸν
524 3682 873 3753 ὑπερύψωσε,
929 3685 1023 3736 καὶ
1064 3682 1357 3755 ἐχαρίσατο
1401 3683 1553 3754 αὑτῷ
1599 3683 1771 3753 ὃνομα
1814 3682 1878 3737 τὸ

309 3772 454 3842 ὑπὲρ
500 3775 607 3828 πᾶν
656 3774 862 3844 ὂνομα·
919 3774 1006 3827 ἵνα
1052 3775 1109 3827 ἐν
1150 3772 1230 3845 τῷ
1278 3774 1503 3845 ὀνόματι
1559 3773 1731 3845 Ἰησοῦ
1772 3775 1878 3827 πᾶν

303 3863 437 3932 γόνυ
489 3864 683 3934 κάμψῃ
729 3865 1085 3935 ἐπουρανίων,
1125 3866 1220 3918 καὶ
1266 3866 1545 3934 ἐπιγείων,
1586 3865 1681 3919 καὶ
1708 3880 1876 3918 κατα-

304 3954 570 4025 χθονίων·
622 3955 720 4009 καὶ
774 3958 924 4008 πᾶσα
983 3956 1203 4024 γλῶσσα
1259 3956 1755 4027 ἐξομολογήσηται,
1795 3957 1878 4009 ὅτι

304 4045 514 4115 Κύριος
556 4046 762 4116 Ἰησοῦς
804 4047 1035 4117 Χριστὸς
1080 4049 1159 4109 είς
1192 4047 1350 4111 δόξαν
1392 4046 1529 4100 Θεοῦ
1575 4047 1809 4118 Πατρός.
1854 4065 1872 4097 ι

296 4137 455 4201 ¹Ἰδοὺ
501 4137 565 4207 δὴ
610 4138 795 4207 σαφῶς
827 4138 917 4191 τὸν
944 4141 1002 4191 ἐν
1031 4141 1210 4210 μορφῇ
1240 4139 1333 4195 καὶ
1371 4139 1576 4209 ἰσότητι
1615 4138 1710 4192 τοῦ
1742 4136 1878 4191 Θεοῦ

301 4229 405 4281 καὶ
455 4228 667 4299 Harpe;
708 4229 838 4282 Θεὸν
884 4229 1058 4298 Λόγον
1099 4230 1196 4299 οὑχ
1250 4231 1542 4300 ἁρπαγμὸν
1576 4229 1879 4301 ἡγήσασθαί

1843 3013 1941 3093 δῦ

1962 1784 2197 1837 humana
2249 1789 2441 1832 natura
2483 1779 2535 1831 in
2571 1794 2670 1832 suo
2709 1777 2975 1846 principio
3025 1790 3280 1846 perpessa
3330 1775 3528 1841 fuerat,

1961 1875 2342 1943 ronqnieseere
2389 1870 2647 1940 oportuit.
2698 1868 2885 1936 Itaque
2935 1869 3089 1936 quasi
3142 1867 3526 1922 dcrelictoruin

1964 1980 2103 2019 unus
2124 1964 2416 2026 exsistcns,
2446 1971 2714 2031 quatenus
2735 1968 2787 2014 et
2822 1961 2937 2029 ipse
2965 1958 3219 2013 similiter
3242 1958 3524 2013 nobiscum

1965 2057 2234 2127 particeps
2271 2054 2373 2107 fuit
2396 2053 2580 2108 carnis
2622 2060 2683 2106 et
2723 2051 3003 2121 sanguinis
3052 2050 3121 2114 “,
3157 2050 3336 2104 dixit:
3374 2069 3392 2101 ι
3434 2047 3531 2104 Ut-

1964 2147 2092 2214 quid
2136 2144 2471 2214 dereliquisti
2524 2159 2611 2199 me
2639 2144 2661 2196 ἲ
2692 2162 2712 2195 ι
2765 2141 2896 2209 Quae
2924 2157 3056 2197 sane
3093 2157 3193 2197 vox
3228 2152 3346 2197 erat
3378 2156 3534 2197 ever-

1969 2239 2132 2291 tentis
2181 2237 2349 2302 illam,
2387 2250 2507 2304 qure
2557 2235 2711 2289 nobis
2762 2235 3055 2299 acciderat,
3099 2234 3531 2294 derelictionem,

1969 2326 2290 2396 Patremque
2315 2329 2384 2380 ob
2409 2326 2682 2393 loquentis
2714 2324 3033 2393 dignitatem
3072 2325 3123 2378 iii
3156 2339 3215 2380 se
3245 2323 3535 2388 ﬂectentis,

1971 2433 2178 2474 nrcnon
2214 2418 2278 2469 ad
2310 2415 2743 2470 benevolentiam
2788 2429 2917 2485 erga
2959 2429 3057 2469 nos
3093 2424 3351 2485 tanquam
3404 2430 3531 2484 erga

1970 2510 2207 2578 seipsum
2258 2516 2313 2563 et
2356 2507 2586 2575 primum
2653 2506 3045 2575 provocantis:
3098 2506 3534 2576 quandoquidem

1972 2599 2226 2654 Christus
2255 2599 2499 2653 omnium
2538 2599 2801 2654 bonorum
2831 2597 3055 2666 largitor
3083 2607 3138 2652 et
3166 2606 3356 2653 auctor
3385 2597 3541 2652 nobis

1971 2691 2202 2746 exstitit.
2241 2689 2391 2746 Unde
2431 2691 2594 2744 etiam
2631 2692 2675 2745 si
2721 2690 2996 2759 quidpiam
3032 2698 3093 2743 ut
3126 2689 3287 2744 homo
3317 2703 3345 2742 a
3383 2688 3543 2743 Patre

1974 2778 2257 2851 accepisse
2287 2782 2506 2846 dicitur,
2551 2784 2652 2836 hoc
2682 2781 2856 2851 ipsum
2889 2789 3057 2835 totum
3094 2781 3146 2835 iu
3177 2791 3417 2836 nostram
3451 2797 3544 2835 na-

1977 2882 2152 2927 turam
2182 2872 2461 2942 erogavit;
2508 2887 2631 2927 cum
2664 2872 2781 2941 ipse
2816 2880 2873 2926 ut
2908 2871 3049 2927 Deus
3085 2872 3298 2942 plenus,
3339 2872 3541 2927 nullius

1975 2966 2196 3019 omnino
2231 2964 2353 3019 boni
2370 2955 2640 3034 indigeat.

2048 3055 2192 3110 XIX.
2231 3075 2249 3107 ι
2297 3054 2410 3109 lloc
2437 3056 2582 3110 enim
2645 3055 2843 3111 sentite
2885 3055 2939 3109 in
2987 3055 3161 3122 vobis,
3203 3055 3345 3126 quod
3395 3066 3448 3110 et
3491 3056 3543 3108 in
3624 3106 3631 3113 .

1978 3147 2204 3204 Christo
2255 3146 2420 3203 Jesu:
2472 3148 2714 3217 quicum
2766 3148 2818 3201 in
2867 3147 3045 3202 forma
3092 3146 3186 3202 Dei
3233 3157 3401 3212 esset,
3438 3163 3545 3202 non

1980 3240 2227 3310 rapinam
2261 3240 2560 3293 arbitratus
2588 3247 2672 3292 est
2719 3253 2843 3293 esse
2884 3254 2943 3294 se
2985 3239 3246 3308 aequalem
3277 3238 3408 3302 Deo,
3451 3239 3545 3293 sed

1978 3331 2332 3405 semetipsum
2374 3329 2699 3397 exinanivit,
2755 3329 2985 3384 formam
3035 3330 3178 3385 servi
3241 3329 3540 3399 accipiens,

1980 3423 2033 3475 in
2064 3418 2478 3475 similitudinem
2518 3419 2792 3475 hominum
2834 3418 3028 3481 factus,
3061 3427 3116 3473 et
3138 3418 3324 3473 habitu
3359 3420 3549 3472 inven-

1978 3510 2065 3566 tus
2107 3520 2166 3564 ut
2198 3509 2379 3564 homo.
2438 3506 2761 3562 llumiliavit
2810 3492 3185 3574 semetipsum,
3218 3504 3394 3559 factus
3419 3505 3549 3559 obc-

1977 3603 2134 3658 diens
2175 3616 2346 3671 usque
2397 3600 2463 3654 ad
2514 3606 2766 3663 mortem,
2828 3607 3054 3653 mortem
3105 3605 3283 3652 autem
3343 3596 3544 3650 crucis.

1979 3694 2205 3763 Propter
2254 3692 2397 3760 quod
2438 3698 2493 3745 et
2545 3690 2683 3744 Deus
2719 3688 2976 3742 exaltavit
3022 3686 3199 3751 illum,
3246 3686 3549 3740 etdonavit

1981 3785 2056 3840 illi
2088 3798 2282 3838 nomen
2309 3782 2453 3851 quod
2485 3790 2571 3836 est
2614 3794 2778 3848 super
2806 3793 2967 3832 omne
2996 3792 3188 3830 nomen
3215 3792 3229 3829 :
3272 3785 3330 3830 ut
3361 3777 3412 3830 in
3452 3789 3549 3829 no-

1983 3880 2125 3932 mine
2160 3877 2286 3933 Jesu
2321 3890 2485 3930 omne
2514 3888 2654 3945 genu
2682 3871 2954 3935 ﬂectatur,
3007 3870 3331 3932 cailestium,
3374 3877 3549 3923 terre-

1982 3969 2198 4027 strium.
2238 3976 2293 4022 et
2335 3964 2716 4029 infernorum;
2763 3971 2818 4017 et
2854 3960 3033 4014 omnis
3083 3959 3261 4030 lingua
3290 3957 3548 4013 confitea-

1984 4071 2095 4123 tur,
2158 4059 2284 4127 quia
2331 4056 2591 4111 Dominus
2638 4052 2795 4108 Jesus
2843 4051 3093 4107 Christus
3146 4051 3199 4131 in
3261 4048 3428 4119 gloria
3467 4058 3553 4103 est

1983 4151 2077 4206 Dei
2122 4149 2297 4203 Patris
2333 4149 2401 4210 “,
2458 4165 2476 4197 ι
2528 4145 2604 4199 En
2655 4144 2890 4199 dilucide
2945 4144 3044 4198 hoc
3092 4141 3211 4196 loco
3257 4140 3551 4208 exponitur

1985 4242 2161 4302 Deum
2203 4240 2464 4300 Verbum,
2520 4236 2666 4305 quod
2712 4236 2765 4289 in
2821 4234 2992 4289 forma
3020 4244 3072 4288 et
3111 4233 3418 4311 aequalitate
3454 4231 3550 4285 Dei

304 4335 447 4389 φησι
475 4318 537 4371 τὸ
571 4315 710 4372 εἶναι
756 4319 846 4374 ἴσα
871 4320 1020 4391 Θεῷ·
1050 4321 1388 4375 κεκενῶσθαι
1416 4322 1473 4376 δὲ
1515 4323 1715 4391 μᾶλλον
1766 4323 1864 4374 ἐθε·

1982 4331 2164 4386 Patris
2194 4340 2333 4394 erat,
2393 4346 2496 4383 nun
2550 4328 2795 4398 rapinam
2843 4328 3166 4381 arbitratum
3213 4326 3551 4396 aequiparare

198 4438 209 4449 -
299 4410 499 4480 λοντὴν
551 4411 761 4481 μορφὴν
795 4411 983 4466 δούλου
1037 4412 1290 4475 λαϐόντα,
1344 4414 1440 4466 καὶ
1479 4415 1537 4466 ἐν
1568 4413 1864 4484 ὁμοιώματι

1985 4438 2043 4476 se
2070 4420 2178 4475 Deo
2203 4437 2215 4480 ;
2244 4419 2361 4483 sed,
2397 4417 2575 4473 servili
2607 4416 2779 4471 forma
2811 4426 3082 4485 suscepta,
3108 4415 3248 4470 ultro
3277 4430 3335 4470 se
3363 4414 3553 4469 exina-

299 4501 612 4574 ἀνθρώπων
656 4505 964 4576 γενόμενον.
996 4505 1340 4574 Προσεπάγει
1373 4504 1451 4565 δὲ.
1488 4506 1569 4558 ὅτι
1620 4505 1876 4559 τεταπεί-

300 4610 484 4646 νωκεν
534 4595 743 4660 ἐαυτὸν,
784 4596 1074 4665 γενόμενος
1123 4596 1359 4666 ὑπήκοος
1401 4597 1564 4669 μέχρι
1617 4595 1873 4663 θανάτου,

300 4685 543 4738 Θανάτου
575 4684 633 4738 δὲ
667 4685 923 4756 σταυροῦ.
962 4687 1132 4756 Εἴπερ
1179 4682 1272 4739 οὖν
1325 4686 1622 4758 διαιρετέον
1670 4689 1750 4752 είς
1785 4686 1879 4741 δύο

248 4832 255 4837 ,
298 4777 579 4846 Χριστοὺς
604 4779 696 4831 καί
734 4778 903 4843 υἱοὺς,
945 4777 1036 4829 τὸν
1063 4778 1157 4830 ἕνα
1185 4779 1279 4831 καὶ
1309 4780 1470 4848 μόνον
1514 4780 1749 4849 Χριστὸν
1786 4780 1881 4832 καὶ

300 4870 538 4938 Κύριον,
566 4870 660 4923 καὶ
686 4868 825 4922 κατά
846 4886 909 4937 γε
937 4869 998 4920 τό
1028 4885 1135 4922 τισι
1163 4869 1376 4935 δοκοῦν,
1405 4869 1497 4922 τὸν
1524 4871 1589 4923 ἐκ
1618 4870 1876 4936 γυναικὸς

297 4959 598 5031 ἄνθρωπον
625 4961 885 5031 τετίμηκε
926 4960 1025 5030 μὲν
1062 4960 1270 5029 ἰσότητι
1301 4961 1412 5013 τῶν
1457 4960 1603 5014 ἰδίων
1636 4961 1878 5031 ἀξιωμά-

1988 4513 2192 4566 nivisse
2259 4510 2647 4577 hominumque
2707 4506 3114 4561 similitudinem
3159 4505 3410 4563 subiisse.
3443 4504 3554 4557 Ad-

1987 4604 2065 4656 dit
2104 4611 2366 4670 prazterea
2410 4599 2647 4669 seipsum
2682 4582 3029 4667 .lin'miliasse,
3074 4594 3553 4660 obedientiamque

1993 4694 2058 4746 ad
2085 4701 2308 4747 mortem
2347 4705 2518 4760 usque
2556 4689 2900 4759 praestitisse,
2944 4696 3171 4741 mortem
3203 4692 3381 4736 autem
3422 4695 3550 4735 cru-

1991 4782 2091 4836 cis.
2125 4780 2181 4833 Si
2218 4794 2380 4833 unum
2426 4793 2557 4848 ergo
2586 4786 2642 4832 et
2669 4778 2847 4832 solum
2875 4776 3150 4830 Christum
3177 4782 3231 4826 et
3265 4772 3552 4825 Dominum

1998 4872 2050 4922 in
2101 4869 2237 4923 duos
2271 4868 2518 4923 Cliristos
2568 4877 2622 4923 et
2664 4868 2823 4933 lilios,
2878 4875 2934 4920 ut
2983 4864 3302 4933 quibusdam
3357 4861 3555 4931 placet,

1991 4958 2168 5013 divelli
2202 4967 2454 5027 oportet;
2501 4968 2663 5028 atque
2721 4958 2812 5012 Dei
2868 4955 3105 5011 Verbum
3160 4954 3433 5008 hominem
3477 4965 3547 5005 ex

296 5068 421 5104 των
450 5052 479 5104 6
506 5051 600 5104 τοῦ
627 5050 759 5105 Θεοῦ
790 5051 980 5120 Λόγος,
1009 5052 1104 5105 καὶ
1134 5049 1368 5121 συνῆψεν
1401 5050 1579 5121 ἐαυτῴ
1612 5052 1752 5105 κατὰ
1791 5050 1864 5103 τοι

1994 5050 2219 5106 muliere
2262 5060 2440 5107 ortum
2476 5052 2710 5121 propria:
2759 5049 3056 5119 majestatis
3106 5047 3419 5117 aequalitate
3461 5044 3556 5099 de-

385 5223 682 5280 ""°Joan.
735 5240 892 5293 xvnt,
928 5226 996 5297 15.
1076 5227 1116 5259 ‘9
1147 5224 1283 5281 Gen.
1315 5240 1396 5293 ιιι,
1442 5225 1466 5279 1
1519 5238 1669 5293 seqq.
1761 5222 1804 5253 '°
1831 5221 1864 5276 11

1972 5238 1996 5277 ι.
2044 5238 2102 5290 ιι,
2144 5223 2231 5290 in,
2272 5226 2357 5279 l7.
2460 5227 2501 5260 ει
2560 5226 2689 5281 ibid.
2760 5226 2844 5281 ιι.
2952 5227 2995 5257 ι’
3031 5223 3259 5295 Philipp.
3294 5239 3353 5289 ιι,
3395 5218 3553 5281 δοιι.

1407 5381 1582 5455 Varia:
1618 5401 1874 5457 lcetiones
1895 5400 2097 5457 codicis
2123 5400 2475 5470 chuieriani.

386 5592 417 5623 ν
450 5581 754 5645 πεπτωκός.
