3952 6200
397 228 534 287 {5:39

1388 213 1443 265 S.
1486 208 1762 265 CYRILIJ
1804 198 2267 258 ALEXANMUNI
2308 193 2624 251 ARCHIEP.

3511 188 3653 240 136’)

398 352 702 414 roravit,r~t
732 348 886 413 juxta
932 338 1272 395 auctoritatis
1311 336 1614 395 rationem,
1657 329 1962 383 liliationis-

2096 321 2170 389 ῖῆς
2217 315 2502 378 αὑοεντίας
2550 314 2771 386 τρόπον,
2814 311 2907 364 καὶ
2952 310 3093 363 κατὰ
3130 309 3229 379 τὴν
3266 309 3364 377 τῆς
3398 307 3654 376 υίότητος

399 457 507 509 que
567 431 1023 490 rmnuruniuueru,
1074 427 1176 481 sibi
1228 423 1381 493 qrrasi
1433 422 1684 480 alterum,
1748 416 1850 487 hoc
1886 423 1969 465 est

399 546 428 584 a
463 543 522 583 sc
565 526 861 583 diversum,
888 516 1057 571 Filius
1116 512 1363 583 adjunxit
1393 531 1405 564 :
1454 511 1577 579 qrris
1602 509 1690 560 ille
1725 519 1852 572 ergo
1890 510 1967 555 est

404 623 493 693 qui
530 615 885 684 semrtipsurn
912 608 1243 673 exinanivit;
1277 613 1369 659 aut
1393 620 1495 672 qua
1528 601 1740 655 tandem
1763 596 1972 650 ratione

402 690 829 767 exirranition‘ern
854 702 1060 759 subiit?
1081 700 1211 754 Nam
1238 698 1308 761 si,
1342 706 1398 750 ut
1422 695 1496 748 illi
1522 700 1790 754 statrrrrrrt,
1812 690 1973 742 liouro

404 819 573 874 purus
616 798 707 869 qui
761 812 825 850 ex
863 792 1087 848 muliere
1133 788 1401 857 prodiisse
1448 779 1792 851 intelligitur,
1827 774 1971 828 istud

406 870 698 966 perpessus
718 898 827 952 est,
887 884 1047 957 142
1081 878 1374 950 quomodo,
1412 884 1502 927 aut
1541 888 1642 941 qua
1674 870 1879 923 ratione
1919 878 1973 917 In

407 957 834 1039 i‘xinanirionern
885 974 1126 1042 dejeetus
1182 967 1303 1024 eSt?
1364 964 1496 1019 Nam
1541 959 1812 1031 qrroruodo
1846 957 1891 1010 is
1924 970 1974 1007 in

406 1072 765 1130 humilitatem
804 1061 1106 1124 descendit,
1159 1059 1251 1128 qui
1299 1065 1443 1109 tanta
1486 1068 1606 1105 eum
1654 1048 1745 1103 Dei
1798 1043 1979 1099 Verbo

409 1166 669 1221 societate
696 1172 749 1213 et
782 1157 1048 1212 aliinitate
1083 1150 1404 1218 coniunctus
1437 1155 1514 1199 est
1539 1184 1554 1207 ,
1585 1151 1643 1195 ιιι
1676 1138 1822 1209 paris
1856 1150 1986 1189 rum

412 1260 505 1314 illo
538 1253 823 1324 dignitatis
851 1259 904 1301 et
936 1243 1280 1300 auctoritatis
1310 1255 1429 1295 esse
1465 1231 1799 1291 censeatur?
1829 1228 1980 1296 Quod

411 1353 453 1407 si
487 1345 783 1405 exirrarritio
835 1342 923 1394 illa
958 1341 1025 1394 de
1060 1336 1148 1391 Dei
1199 1333 1376 1389 Verbo
1424 1342 1481 1383 ut
1513 1341 1758 1381 seorsum
1802 1332 1856 1376 et
1891 1336 1985 1390 per

411 1458 469 1497 se
502 1439 774 1494 iurell-cto
825 1432 964 1486 Filio
1007 1427 1353 1497 praedicetur,
1404 1420 1677 1507 quomodo
1720 1418 1765 1470 is
1799 1414 1986 1468 exina-

414 1534 558 1587 nitrrs
603 1539 708 1592 «εει,
755 1526 842 1594 qui
897 1524 1150 1582 alterum,
1189 1529 1248 1571 ut
1283 1517 1354 1569 illi
1386 1514 1560 1577 aiunt,
1588 1504 1817 1564 'horrore
1850 1504 1983 1559 atl'e-

412 1623 505 1684 ('it,
541 1592 884 1689 propriisque
927 1609 1100 1664 titulis
1154 1617 1209 1660 et
1254 1603 1609 1674 dignitatibus
1660 1592 1983 1653 exornavit?

412 1685 692 1779 Quomodo
725 1705 812 1758 ille
848 1700 1161 1756 humiliatus
1210 1696 1313 1750 dici
1356 1701 1557 1763 potest,
1616 1689 1705 1759 qui
1753 1685 1983 1757 propria:

413 1819 522 1859 suae
555 1800 740 1867 gloria:
783 1793 1058 1863 fastigium
1109 1787 1268 1843 alteri
1325 1785 1427 1840 silri
1487 1780 1758 1837 associato
1789 1779 1988 1846 imper-

415 1899 544 1949 titus
574 1890 696 1946 tSl?
724 1887 857 1942 Nam
904 1886 948 1938 si
995 1898 1120 1938 eum
1161 1875 1436 1934 lrunriliari
1467 1875 1554 1930 vel
1589 1871 1856 1927 exinaniri
1885 1878 1989 1923 sta-

416 1993 592 2046 tuant,
629 1981 770 2051 qrrorl
818 1976 1045 2031 alterunt
1093 1973 1261 2042 gloria
1312 1965 1497 2032 allicit,
1536 1963 1777 2037 proferto
1799 1962 1988 2015 absur-

414 2079 539 2130 durn
575 2090 678 2127 non
701 2069 808 2125 erit
831 2069 994 2122 etiam
1026 2062 1332 2132 intelligere
1375 2059 1627 2128 iniuriam
1661 2053 1987 2132 inferentem

414 2163 662 2221 exaltari.
696 2159 1059 2227 Quamobrem
1093 2167 1222 2207 vera
1252 2162 1306 2205 et
1343 2149 1654 2204 necessaria
1692 2145 1829 2199 ratio
1857 2126 1988 2197 sria-

414 2258 524 2319 det,
565 2263 620 2308 et
662 2257 868 2307 tarrtrrru
914 2263 1020 2300 non
1069 2242 1371 2311 compellit,
1413 2241 1658 2307 utipsam
1697 2234 1990 2306 plenitudi-

416 2362 535 2402 nem
561 2339 986 2399 exirranitiorrem
1022 2349 1266 2406 passam,
1305 2331 1434 2386 illud
1466 2344 1679 2383 rursum
1722 2342 1826 2380 non
1847 2325 1992 2394 quod

415 2448 605 2508 srraple
640 2443 833 2488 natura
864 2446 1079 2485 servum
1111 2436 1213 2491 est,
1250 2426 1358 2478 imo
1384 2437 1510 2477 vero
1539 2420 1686 2476 orrrni
1715 2416 1992 2473 servitutis

416 2530 727 2587 conditione
769 2523 1038 2594 superius.
1090 2518 1275 2576 servili
1306 2517 1479 2570 forma
1512 2529 1573 2568 se
1606 2512 1894 2576 vestiisse;
1938 2518 1994 2562 et

416 2623 469 2677 iu
493 2615 901 2676 similitudinem
927 2610 1205 2665 hominum
1233 2607 1380 2662 illum
1421 2603 1645 2669 factum,
1678 2601 1771 2671 qui
1797 2610 1990 2653 natura

416 2713 540 2768 talis
596 2725 703 2763 non
763 2712 917 2769 erat,
967 2701 1281 2771 prirrsqrraru
1328 2698 1491 2751 homo
1556 2694 1711 2748 ﬂeret
1745 2733 1760 2759 ,
1814 2692 1989 2760 ipsam

418 2805 649 2871 denique
686 2794 1029 2852 altitudinem
1081 2806 1139 2845 se
1172 2788 1491 2844 huuriliasse
1520 2785 1896 2840 existimemus
1939 2791 1994 2836 et

419 2893 795 2965 prarrlieemrrs.
834 2888 1015 2954 lpsurn
1066 2882 1249 2950 itaque
1282 2879 1375 2934 Dei
1412 2874 1646 2931 Verbum
1694 2873 1990 2930 secundum

422 2995 669 3040 uaturaur
705 2980 999 3033 humanam
1050 2982 1242 3041 sponte
1292 2970 1358 3025 ad
1415 2967 1603 3024 isthaec
1639 2976 1864 3037 propter
1890 2980 1994 3020 nos

422 3091 541 3131 sese
568 3072 873 3136 demisisse,
905 3078 958 3123 et
987 3069 1041 3121 in
1074 3063 1306 3135 propria:
1340 3059 1698 3116 nihilominus
1722 3058 1987 3115 excellen-

425 3171 510 3222 tia:
560 3163 795 3219 culmine
835 3161 1133 3214 secundum
1176 3155 1413 3208 divinam
1468 3159 1717 3206 naturam
1751 3166 1998 3221 peroran-

424 3261 562 3315 sisse
599 3254 890 3308 credimus.
928 3246 1041 3303 llac
1093 3246 1300 3301 ratione
1334 3252 1387 3299 et
1418 3241 1851 3313 srrperexaltatus
1880 3257 2001 3298 esse

425 3349 644 3410 dicitur,
675 3354 727 3399 et
756 3343 1032 3412 accepisse
1082 3353 1278 3395 nomen
1324 3337 1466 3408 qrrod
1513 3344 1598 3391 est
1629 3351 1794 3406 super
1838 3350 2000 3392 omne

427 3455 644 3503 nomen,
681 3436 826 3491 etab
855 3433 1124 3486 omnibus
1146 3429 1385 3493 adorari,
1416 3437 1579 3497 atque
1612 3430 1663 3482 in
1695 3428 1787 3483 Dei
1821 3425 2000 3483 Patris

428 3530 653 3603 gloriam
716 3524 971 3580 Dominus
1024 3518 1313 3575 nominari.
1351 3516 1486 3571 Nam
1545 3519 1649 3573 etsi
1712 3519 1765 3572 in
1822 3517 2000 3573 Patris

425 3620 718 3678 eminentia
772 3625 828 3672 et
886 3610 1252 3682 inexplicabili
1314 3608 1598 3678 majestate
1661 3610 1999 3668 constitutus

424 3721 592 3778 esset,
621 3710 707 3764 ubi
739 3717 919 3761 tamen
952 3703 1018 3757 ad
1052 3699 1476 3758 exinanitionem
1519 3715 1578 3755 se
1603 3700 1841 3764 demisit,
1878 3716 2001 3756 ser-

424 3805 625 3874 vilique
672 3801 841 3855 forma
891 3812 951 3852 se
1002 3791 1316 3849 lrrrrniliatrrs
1373 3791 1568 3857 induit,
1608 3802 1661 3847 et
1697 3808 1885 3847 rursus
1912 3808 2005 3847 na-

428 3909 562 3953 turae
625 3892 726 3950 sibi
791 3891 974 3954 unitas,
1022 3888 1123 3942 hoc
1175 3896 1257 3940 est
1312 3886 1590 3963 humanm,
1630 3895 2001 3955 paupertatem

428 3987 840 4051 transcendens,
866 3984 930 4036 ad
966 3980 1211 4052 proprias
1234 3977 1451 4033 divitias
1476 3978 1749 4033 ascendit:
1784 3978 1885 4034 hac
1918 3994 2005 4033 rae

431 4084 575 4137 tione
614 4076 914 4133 secundum
963 4083 1216 4128 naturam
1279 4070 1572 4125 humanam
1624 4070 1676 4125 id
1721 4072 2007 4141 accepisse

429 4174 646 4235 dicitur,
711 4167 857 4237 quod
928 4173 1187 4235 perpetuo
1234 4171 1661 4232 constanterque
1724 4164 1777 4217 in
1827 4164 2008 4232 seipse

433 4262 693 4332 possidet,
733 4272 929 4326 nempe
990 4250 1156 4309 Deum
1193 4264 1247 4309 et
1294 4255 1674 4311 universorum
1716 4255 2007 4312 Dominum

2072 408 2412 481 ὁμωνυμίαν,
2442 407 2516 469 ὡς
2541 405 2730 477 ἕτερος
2778 402 2853 455 ὢν
2905 402 3089 465 ίδικῶς
3133 402 3263 471 παρ’
3290 400 3452 452 αὑτὸν
3487 398 3615 460 Υἱός
3637 414 3652 425 '

2070 502 2152 565 τίς
2180 501 2287 568 ἄρα
2316 500 2343 552 6
2367 496 2611 559 κενώσας
2638 496 2825 549 ἑαυτόν
2848 491 2915 563 ;ἢ
2946 493 3067 546 τίνα
3099 492 3398 545 κεκένωται
3420 489 3655 561 τρόπονς

2075 594 2136 646 Εἰ
2173 592 2272 662 μὲν
2297 589 2427 661 γὰρ,
2462 589 2538 652 ὡς
2572 584 2727 640 αὑτοί
2756 602 2941 655 φασιν,
2986 585 3015 637 ὁ
3052 584 3117 637 ὲκ
3163 581 3421 651 γυναικὸς
3467 579 3660 641 ἰδικῶς

2073 682 2363 752 νοούμενος
2408 678 2691 751 ἄνθρωπος
2723 676 2881 730 τοῦτο
2927 675 3146 743 λέγεται
3192 673 3409 738 παθεῖν,
3453 671 3577 732 πῶς
3627 672 3662 739 ἢ

2075 777 2195 829 τίνα
2235 773 2532 827 κεκένωται
2562 772 2792 842 τρόπονς
2828 766 3033 836 κατέϐη
3065 767 3119 820 δὲ
3152 768 3302 829 ὅπως
3339 767 3421 829 είς
3461 764 3666 816 ταπεί-

2076 884 2238 923 νωσιν
2280 868 2309 919 6
2359 866 2418 917 ὲν
2472 863 2676 932 ἰσότητι
2730 859 2971 929 γεγονὼς
3017 861 3086 929 τῇ
3133 858 3270 929 πρὸς
3311 856 3447 909 Θεὸν
3485 856 3668 922 Λόγον

2077 958 2222 1012 κατά
2271 974 2334 1026 γε
2381 955 2473 1009 τὸν
2512 954 2613 1023 τῆς
2649 952 2828 1019 ἀξίας,
2879 951 3047 1022 ἤγουν
3072 950 3381 1015 αὑοεντίας,
3431 949 3665 1020 τρόπον,

2079 1059 2176 1111 καὶ
2216 1056 2420 1126 ταύτην
2457 1054 2595 1125 ἔχων
2630 1053 2769 1124 πρὸς
2803 1049 2965 1105 αὑτὸν
2990 1050 3095 1118 τὴν
3129 1044 3465 1112 συνάφειαν;
3512 1041 3578 1093 Εἰ
3606 1040 3669 1093 δὲ

2081 1152 2166 1202 ἐπ’
2200 1148 2363 1202 αὑτοῦ
2396 1147 2490 1200 τοῦ
2525 1145 2660 1199 Ε)εοῦ
2706 1145 2905 1208 Λόγου,
2933 1138 3223 1210 νοουμένου
3266 1136 3430 1191 πάλιν
3471 1133 3668 1195 ἱδικῶς

2083 1245 2179 1298 καὶ
2229 1241 2333 1297 ἀνὰ
2381 1241 2549 1311 μέρος
2592 1238 2747 1304 Υίοὺ,
2780 1237 2842 1289 τὸ
2882 1231 3218 1287 κεκενῶσθαι
3262 1228 3507 1295 λέγοιτο,
3547 1224 3671 1287 πῶς

2084 1334 2385 1389 κεκένωται
2410 1332 2653 1402 τιμήσας
2680 1330 2888 1398 ἕτερον,
2922 1324 3067 1377 καθὰ
3095 1339 3257 1391 φασιν
3304 1320 3530 1379 ἐκεῖνοι,
3569 1316 3671 1369 καὶ

2084 1428 2196 1479 τοῖς
2230 1424 2380 1485 ἰδίοις
2419 1420 2581 1476 αὑτὸν
2631 1417 2907 1489 ἀξιώμασι
2940 1412 3283 1484 περιῦαλών;
3316 1410 3674 1487 Τεταπείνω-

2084 1534 2174 1571 ται
2219 1516 2274 1570 δὲ
2297 1516 2419 1569 τίνα
2461 1513 2658 1584 τρόπον
2689 1514 2716 1565 ὁ
2757 1510 2857 1580 τῆς
2899 1506 3064 1561 αὑτοῦ
3101 1506 3260 1575 δόξης
3284 1503 3344 1556 τὸ
3397 1501 3533 1571 ὕψος
3587 1498 3676 1569 τῷ

2090 1608 2417 1677 συναφθέντι
2468 1603 2678 1668 διδούς;
2733 1602 2795 1655 Ei
2825 1600 2935 1670 γὰρ
2970 1598 3037 1669 δὴ
3085 1600 3262 1668 φαῖεν,
3297 1596 3381 1649 ὅτι
3424 1592 3676 1657 δοξάζων

2089 1701 2274 1771 ἕτερον
2331 1696 2492 1759 αὑτὸς
2523 1694 2789 1762 ὑπομένει
2833 1692 2931 1762 τὴν
2962 1689 3311 1752 ταπείνωσιν,
3360 1688 3531 1757 ἤγουν
3569 1683 3677 1753 τὴν

2086 1795 2336 1852 κένωσιν,
2386 1790 2557 1852 οὐδὲν,
2606 1788 2681 1851 ὡς
2715 1786 2880 1850 ἔοικε,
2919 1783 3027 1836 τῶν
3074 1782 3295 1836 ἀτόπων
3333 1780 3535 1833 ἐννοεῖν
3574 1778 3665 1830 ὅτι

2088 1886 2182 1939 καὶ
2212 1882 2451 1951 ὑϐρίζων
2493 1878 2745 1950 ὑψοῦται.
2796 1874 3123 1944 Ἀναγκαῖον
3167 1870 3459 1942 τοιγαροῦν
3494 1869 3675 1940 ἡμᾶς,

2089 1975 2183 2030 καὶ
2211 1973 2397 2045 μέντοι
2428 1972 2523 2026 καὶ
2546 1968 2779 2040 ἀληθοῦς
2798 1967 3083 2039 μονονουχὶ
3116 1963 3488 2026 συνωθοῦντος
3507 1962 3675 2030 λόγου

2089 2069 2227 2139 πρός
2253 2084 2317 2137 γε
2344 2064 2403 2120 τὸ
2435 2064 2643 2119 οἴεσθαι
2670 2064 2781 2117 δεῖν
2806 2062 2889 2114 ὅτι
2932 2059 3181 2114 κενοῦται
3212 2058 3275 2112 τὸ
3314 2056 3546 2127 πλῆρες.
3576 2056 3679 2108 καὶ

2089 2161 2147 2212 ὲν
2175 2156 2361 2211 δούλου
2407 2156 2586 2225 μορφῇ
2622 2151 2816 2221 γένοιτ’
2847 2149 2935 2211 ἂν,
2978 2148 3041 2201 ού
3066 2147 3129 2200 τὸ
3156 2149 3222 2217 τῇ
3251 2145 3411 2214 φύσει
3458 2143 3675 2209 δοῦλον,

2090 2248 2230 2304 ἀλλὰ
2257 2247 2319 2300 τὸ
2344 2243 2454 2298 τῶν
2487 2246 2586 2314 τῆς
2620 2241 2866 2304 δουλείας
2895 2240 3152 2292 ἐπέκεινα
3189 2237 3424 2308 μέτρων.
3454 2236 3678 2288 Γίνεται

2090 2341 2146 2394 δὲ
2191 2341 2284 2393 καὶ
2314 2340 2371 2391 ὲν
2403 2335 2709 2407 ὁμοιώματι
2757 2330 3080 2402 ἀνθρώπων,
3117 2330 3179 2383 τὸ
3209 2330 3285 2399 μὴ
3317 2328 3498 2391 οὑτως
3547 2328 3675 2398 ἔχον

2091 2430 2251 2495 κατὰ,
2276 2428 2436 2498 φύσιν
2484 2428 2614 2498 πρὶν
2665 2425 2916 2496 γένηται.
2964 2423 3072 2475 Καὶ
3103 2421 3185 2474 ὄτι
3220 2420 3576 2473 ταπεινοῦται
3610 2420 3679 2473 τὸ

2092 2522 2316 2592 ὑψηλὴν,
2347 2520 2511 2574 αὑτὸν
2554 2517 2884 2587 πιστεύομεν
2929 2515 3023 2567 τὸν
3067 2513 3163 2567 τοῦ
3198 2512 3335 2566 θεοῦ
3374 2513 3551 2581 Λόγον
3582 2515 3686 2566 ἁν-

2092 2612 2380 2685 Ορωπίνως
2411 2614 2467 2664 ἐν
2501 2610 2713 2672 τούτοις
2759 2605 3015 2677 γενέσθαι
3041 2643 3057 2671 ,
3094 2607 3218 2658 κατ’
3264 2604 3402 2657 ίδίαν
3449 2603 3685 2674 Θέλησιν

2092 2704 2234 2774 ὑπὲρ
2284 2701 2475 2773 ἡμῶν·
2516 2699 2883 2771 μεμενηκέναι
2933 2697 2991 2751 δὲ
3045 2695 3244 2759 θεῖκῶς
3289 2697 3510 2758 ὲν-τοῖς
3568 2695 3689 2763 τῆς

2097 2795 2233 2857 ἰδίας
2258 2792 2536 2864 ὑπεροχῆς
2565 2789 2843 2860 ὑψώμασι.
2859 2788 3045 2859 Ταύτῃ
3061 2805 3144 2840 τοι
3165 2788 3259 2840 καὶ
3280 2783 3692 2857 ὑπερυψῶσθαι

2094 2887 2337 2954 λέγεται,
2375 2884 2467 2937 καὶ
2507 2883 2695 2936 λαϐεῖν
2735 2882 2797 2935 τὸ
2838 2883 3009 2951 (ονομα
3042 2880 3102 2933 τὸ
3144 2879 3284 2951 ὑπὲρ
3324 2880 3431 2932 πᾶν
3476 2878 3686 2949 δνομα,

2102 2975 2523 3051 προσκυνεῖσθαί
2552 2992 2611 3028 τε
2651 2974 2804 3046 παρὰ
2831 2975 3073 3036 πάντων,
3113 2972 3208 3025 καὶ
3242 2973 3322 3035 εἰς
3357 2970 3517 3035 δόξαν
3543 2968 3687 3022 Θεοῦ

2103 3070 2313 3141 Ιιατρδς
2345 3066 2706 3139 ὀνομάζεσθαι
2728 3079 2754 3107 ι
2786 3065 3010 3136 Κύριος.
3043 3063 3236 3118 Καίτοι
3270 3064 3381 3133 γὰρ
3418 3062 3682 3131 ὑπάρχων

2100 3164 2160 3217 ὲν
2186 3165 2251 3234 τῇ
2280 3160 2375 3216 τοῦ
2412 3160 2628 3229 [ἰατρὸς
2658 3159 2925 3228 ὑπεροχῇ,
2951 3158 3046 3210 καὶ
3074 3156 3133 3209 ὲν
3160 3155 3425 3226 ἀρρήτοις
3453 3153 3691 3223 ὑψώμα-

2102 3272 2187 3309 σιν
2207 3272 2220 3286 ν
2265 3252 2452 3322 ἐπειδὴ
2494 3250 2736 3322 καθῆκεν
2775 3249 2968 3303 ἑαυτὸν
3001 3249 3081 3311 είς
3112 3247 3365 3309 κένωσιν,
3399 3247 3495 3300 καὶ
3526 3261 3690 3299 τετα-

2102 3342 2402 3397 πεινῶσθαι
2428 3341 2667 3410 λέγεται,
2705 3339 2921 3411 μορφὴν
2958 3339 3149 3394 δούλου
3177 3337 3394 3392 λαϐὼν·
3422 3336 3589 3406 ἀνέῦη
3627 3336 3691 3390 δὲ

2107 3436 2269 3490 πάλιν
2316 3437 2396 3499 είς
2443 3434 2534 3488 τὸν
2571 3432 2705 3487 ἴδιον
2760 3430 3010 3497 πλοῦτον,
3045 3431 3170 3501 τῆς·
3195 3428 3485 3499 ὲνωθιίσης
3531 3428 3693 3498 αὐτῷ

2107 3527 2346 3596 φύσεως,
2370 3525 2529 3596 δῆλον
2560 3524 2617 3579 δὲ
2646 3525 2729 3578 ὅτι
2762 3524 2860 3594 τῆς
2890 3521 3261 3593 ἀνθρωπίνης,
3278 3519 3378 3591 τὴν
3410 3518 3691 3589 πτωχείαν

2107 3617 2497 3692 ὑπερδραμὼν,
2528 3616 2701 3688 ταύτῃ
2744 3632 2827 3669 τοι
2861 3613 3045 3668 λαϐεῖν
3079 3612 3436 3682 ἀνθρωπίνως
3467 3610 3691 3679 λέγεται

2106 3712 2169 3765 τὺ
2193 3710 2279 3765 ἀεί
2306 3728 2366 3764 τε
2395 3710 2492 3763 καὶ
2522 3707 2914 3777 ἀναποϐλήτως
2962 3704 3267 3775 ἐνυπάρχον
3309 3702 3484 3775 αὐτῷ,
3532 3719 3689 3757 τουτ-

2110 3806 2228 3858 έστι
2258 3804 2320 3857 τὸ
2350 3799 2488 3857 εἶναι
2516 3800 2649 3864 θεὸς
2677 3802 2772 3855 καὶ
2806 3799 2917 3854 τῶν
2956 3798 3093 3853 ὅλων
3126 3799 3347 3869 Κύριος.
3376 3798 3492 3851 Καὶ.
3531 3799 3695 3868 ειπερ

2108 3896 2257 3950 ἐστὶν
2290 3892 2508 3957 εὐκλεὲς
2536 3891 2614 3963 τῷ
2660 3891 2835 3963 [Iarth
2873 3890 2935 3944 τὸ
2980 3880 3184 3961 Κύριον
3231 3888 3374 3959 ἔχειν
3411 3886 3525 3941 τῶν
3553 3888 3695 3941 ὅλων

2108 3989 2201 4040 τὸν
2238 3986 2370 4040 ίδιον
2391 3984 2540 4049 Υίδν,
2568 3984 2686 4047 πῶς
2705 3983 2806 4037 οὑκ
2834 3981 3034 4052 ἀληθὲς
3064 3981 3358 4045 είπεῖν,ὃτι
3387 3979 3695 4049 τετήρηται

2110 4080 2273 4134 πάλιν
2308 4078 2480 4149 αὑτῷ,
2518 4079 2611 4132 καὶ⁸
2638 4076 2736 4147 τὴν
2767 4075 2861 4129 τοῦ
2888 4074 3079 4129 δούλου
3112 4072 3333 4128 λασόντι
3366 4072 3609 4143 μορφὴν,
3634 4071 3695 4125 τὸ

2110 4171 2395 4242 ἐλεύθερον
2444 4169 2537 4223 καὶ
2569 4167 2668 4239 τῆς
2706 4166 2849 4221 κατὰ
2883 4167 3100 4221 πάντων
3148 4164 3474 4237 κυριότητός
3506 4179 3572 4216 τε
3598 4163 3700 4216 καὶ

2112 4262 2359 4328 ἐξουσίας
2382 4260 2443 4314 τὸ
2464 4259 2773 4331 ὑπερφερὲς
2808 4256 3022 4328 ἀξίωμα
3042 4275 3059 4324 ;

433 4369 573 4409 esse.
617 4351 857 4419 Denique
894 4349 938 4403 si
988 4347 1131 4402 Patri
1164 4346 1518 4402 honoriﬁcum
1554 4356 1638 4402 est
1702 4348 1899 4405 Filium
1965 4351 2170 4412 habere
2232 4356 2325 4425 qui
2373 4354 2425 4408 in
2472 4366 2660 4407 omnes
2706 4362 2763 4406 et
2801 4351 2983 4405 omnia
3053 4350 3353 4405 dominium
3410 4352 3701 4419 obtineat;

434 4445 519 4501 etii
546 4444 765 4498 dubium
796 4455 917 4494 esse
950 4448 1150 4509 Ροιθεῑν
1200 4437 1331 4509 quin
1394 4438 1470 4492 illi
1517 4438 1684 4493 etiam
1728 4451 1851 4509 post
1893 4445 2036 4498 servi
2081 4446 2307 4503 formam
2388 4453 2667 4514 acceptam
2719 4442 2965 4510 libertas,
3014 4442 3555 4514 supernaturalisque
3600 4460 3699 4516 po-

436 4537 650 4597 testatis
678 4545 731 4590 et
769 4530 1157 4588 dominationis
1199 4531 1251 4584 in
1288 4543 1477 4585 omnes
1514 4531 1752 4600 dignitas
1794 4535 2008 4607 integra
2050 4539 2121 4593 sit
2147 4538 2470 4596 asservata?

504 4649 626 4705 XX.
656 4667 675 4700 ι
709 4647 927 4701 Gratias
951 4654 1176 4716 agentes
1205 4641 1374 4705 Patri.
1411 4644 1502 4712 qui
1536 4644 1728 4715 dignos
1755 4663 1853 4704 nos
1880 4649 1993 4706 fecit

2183 4652 2269 4708 κ’.
2322 4672 2341 4704 ι
2378 4647 2842 4722 Εὑχᾶριστοῦντες
2891 4649 2971 4721 τῷ
3015 4651 3192 4723 Πατρ“ι
3232 4652 3309 4723 τῷ
3366 4654 3704 4712 ἱκανώσαντι

436 4746 490 4799 in
520 4751 729 4813 partem
776 4739 941 4793 sortis
988 4746 1301 4791 sarrctonrru
1331 4734 1490 4808 15,3
1541 4736 1591 4790 itr
1632 4737 1877 4795 lumine:
1919 4744 2011 4811 qui

436 4831 637 4902 eripuit
667 4844 767 4884 nos
800 4830 866 4883 de
901 4834 1168 4896 potestate
1197 4825 1569 4892 tenebrarum,
1628 4837 1684 4882 et
1738 4832 2018 4887 transtulit

438 4924 739 4992 inregrmrn
790 4920 914 4977 Filii
968 4920 1279 4977 dilectionis
1312 4936 1458 4988 sua};
1500 4923 1551 4977 in
1603 4939 1712 4992 quo
1754 4925 2021 4983 habemus

441 5015 906 5084 redemptionem,
954 5023 1010 5068 et
1063 5014 1439 5070 remissionem
1476 5024 1874 5083 peccatorum:
1926 5017 2019 5086 qui

440 5114 523 5160 est
579 5105 754 5175 imago
817 5104 912 5159 Dei
985 5103 1316 5171 invisibilis,
1379 5104 1774 5174 prirnogcnitus
1844 5107 2020 5162 omnis

346 5208 347 5211 ‘
441 5208 751 5251 creaturae:
788 5196 1043 5265 quoniam
1085 5196 1137 5251 in
1163 5195 1280 5267 ipso
1332 5195 1548 5251 condita
1599 5206 1726 5251 sunt
1767 5196 2022 5254 rmiversa

444 5289 498 5343 in
546 5288 700 5343 cretis
744 5298 798 5341 et
856 5289 907 5340 in
959 5296 1131 5355 terra,
1165 5286 1399 5343 visibilia
1451 5297 1507 5342 et
1555 5288 1870 5354 invisibilia,
1906 5292 2023 5346 sive

2121 4746 2268 4814 ἡμᾶς
2292 4745 2372 4807 εἰς
2401 4742 2500 4814 τὴν
2546 4743 2739 4814 μερίδα
2776 4741 2869 4796 τοῦ
2925 4742 3127 4814 κλήρου
3170 4744 3277 4798 τῶν
3309 4745 3483 4813 ἁγίων
3532 4750 3596 4801 ὲν
3628 4749 3707 4819 τῷ

2122 4834 2294 4905 φωτίο
2325 4834 2385 4899 6;
2424 4834 2694 4905 ἐρρύσατο
2721 4835 2869 4905 ἡμᾶς
2920 4834 2985 4888 ὲκ
3013 4835 3112 4905 τῆς
3153 4836 3395 4902 ἐξουσίας
3443 4835 3543 4891 τοῦ
3582 4840 3709 4893 σκόο

2118 4943 2265 4991 τους,
2297 4927 2392 4980 καὶ
2422 4918 2751 4998 μετέστησεν
2784 4930 2863 4991 εἰς
2886 4926 2984 4999 τὴν
3015 4927 3294 4999 βασιλείαν
3322 4929 3419 4982 τοῦ
3453 4929 3587 4983 1⁸ίοῦ
3608 4935 3712 5002 τῆς

2119 5017 2341 5089 ἀγάπης
2372 5016 2561 5081 αὑτοῦ,
2608 5019 2666 5070 ὲν
2710 5010 2757 5085 ᾧ
2788 5017 2985 5090 ἔχομεν
3024 5019 3126 5089 τὴν
3163 5020 3572 5092 ἀπολύτρωσιν,
3610 5024 3715 5095 τὴν

2125 5109 2323 5178 ἄφεσιν
2377 5108 2487 5163 τῶν
2523 5110 2842 5185 ἁμαρτιῶν
2865 5112 2924 5174 ὃς
2956 5113 3106 5164 ἐστιν
3135 5109 3298 5164 εἰκὼν
3323 5110 3417 5164 τοῦ
3446 5110 3591 5166 Θεοῦ
3617 5114 3715 5167 τοῦ

2123 5203 2379 5273 ἀοράτου,
2422 5201 2768 5273 πρωτότοκος
2817 5202 2998 5271 πάσης
3041 5201 3271 5267 κτίσεως
3294 5220 3307 5233 ο
3335 5202 3419 5256 ὅτι
3458 5203 3518 5257 ἐν
3561 5205 3721 5275 αὑτῷ

2127 5294 2351 5363 ἐκτίσθη
2378 5293 2446 5348 τὰ
2476 5293 2652 5348 πάντα
2692 5294 2751 5347 ὲν
2784 5296 2895 5359 τοῖς
2929 5293 3181 5367 οὐρανοῖς
3211 5296 3306 5349 καὶ
3331 5295 3424 5349 ἐπὶ
3450 5296 3552 5367 τῆς
3583 5298 3719 5369 γῆς,

730 5483 755 5498 ι
1536 5464 1712 5522 Varire
1736 5465 1995 5525 lectiones
2026 5468 2227 5527 codicis
2261 5470 2620 5542 Seguieriani.

512 5633 545 5666 κ
576 5612 911 5698 ὠνομάσθαι.
