3952 6200
315 317 445 372 1361

1124 320 1215 375 AD
1256 320 1552 377 REGINAS
1594 322 1679 379 DE
1723 322 1946 379 RECTA
1987 321 2145 378 FIDE
2185 321 2446 379 ORATIO
2484 322 2782 379 ALTERA.

3424 319 3565 376 {332

307 436 375 488 tit
404 433 576 505 ὀρατά
621 436 712 489 καὶ
746 436 811 491 τὰ
855 437 1084 508 ἀόρατα,
1115 437 1226 490 εἴτε
1256 439 1481 509 Θρόνοι,
1532 441 1640 494 εῐτε
1677 441 1874 513 Κύριό-

1985 439 2190 494 Tltroni
2214 480 2229 499 ,
2282 439 2398 494 sive
2430 438 2858 505 Domiuationes,
2898 438 3013 494 sive
3047 436 3412 506 Principatus,
3445 437 3561 492 sive

307 543 488 594 τητες,
537 527 646 581 εἴτε
700 528 911 600 Ἀρχαι,
962 528 1066 581 εἴτε
1110 519 1413 593 Ἐξουσίαιο
1470 533 1536 585 τὰ
1586 533 1765 587 πάντα
1812 532 1879 585 δι’

307 617 472 671 αὑτοῦ
519 619 612 672 καὶ
663 621 742 682 εἰς
776 621 937 673 αὐτὸν
971 618 1242 673 ἔκτισται·
1275 623 1370 675 καὶ
1418 623 1580 686 αὐτός
1622 624 1737 675 ἐστι
1777 622 1883 693 πρὸ

307 711 548 772 πάντων,
597 711 693 763 καὶ
737 710 804 763 τὰ
862 710 1037 765 πάντα
1088 712 1145 763 ἐν
1192 712 1342 784 αὐτῷ
1396 714 1716 784 συνέστηκε.
1772 715 1883 768 Καὶ

306 800 467 863 αὑτός
503 801 650 854 ἐστιν
679 803 711 870 ἡ
747 800 956 872 κεφαλὴ
986 801 1079 855 τοῦ
1109 800 1359 872 σώματος
1394 804 1490 873 τῆς
1530 803 1861 875 Ἐκκλησῐας

306 893 363 955 ὃς
396 893 545 944 ἐστιν
578 892 741 963 ἀρχὴ,
781 892 1125 962 πρωτότοκος
1171 894 1236 949 ἐκ
1262 893 1373 946 τῶν
1396 892 1626 963 νεκρῶν,
1661 893 1748 948 ἵνα
1790 893 1883 962 γέ-

305 1000 464 1055 νηται
496 984 553 1036 ὲν
585 986 750 1037 πᾶσιν
784 983 946 1047 αὐτὸς
981 983 1276 1055 πρωτεύων
1298 1002 1309 1014 '
1352 987 1434 1039 ὃτι
1465 988 1521 1039 ὲν
1552 985 1701 1055 αύτῷ
1732 984 1880 1040 εὐδό-

304 1089 441 1142 κησε
498 1074 606 1126 πᾶν
638 1073 699 1125 τὸ
750 1073 1024 1142 πλήρωμα
1069 1074 1413 1145 κατοικῆσαι,
1465 1075 1560 1128 καὶ
1599 1074 1671 1128 δι’
1717 1074 1881 1129 αὑτοῦ

305 1163 751 1230 ἀποκαταλλάξαι
794 1166 861 1217 τά
908 1166 1087 1219 πάντα
1119 1167 1198 1229 εἰς
1228 1166 1419 1220 αὐτόν*
1466 1168 1882 1239 εἰρηνοποιήσας

303 1253 391 1307 διὰ
418 1254 510 1306 τοῦ
530 1255 759 1325 αἵματος
790 1254 884 1307 τοῦ
918 1254 1154 1325 σταυροῦ
1184 1255 1373 1319 αὑτοῦ,
1414 1256 1522 1309 εἴτε
1556 1256 1625 1309 τὰ
1663 1258 1756 1310 ἐπὶ
1784 1259 1883 1328 τῆς
1927 1270 1938 1283 ·

304 1344 427 1414 γῆς,
472 1346 581 1397 εἶτε
627 1347 696 1399 τὰ
731 1348 790 1398 ὲν
834 1348 946 1408 τοῖς
987 1348 1257 1417 οὐρανοῖς.
1309 1367 1327 1399 ι
1370 1348 1568 1402 Εἰκόνα
1606 1350 1742 1420 φησι
1787 1351 1881 1404 τοῦ

303 1434 541 1506 ἀοράτου
575 1434 712 1489 Θεοῦ
746 1437 835 1489 τὸν
880 1437 939 1502 ἐξ
979 1437 1145 1492 αὑτοῦ
1179 1438 1505 1508 γεννηθέντα
1538 1440 1678 1493 κατὰ
1723 1438 1887 1508 φύσιν

303 1527 454 1593 Υἱὸν,
484 1530 731 1583 τουτέστι
761 1530 854 1583 τὸν
892 1530 1027 1584 Θεὸν
1056 1532 1229 1599 Λόγον
1250 1544 1263 1558 ·
1301 1532 1397 1584 καὶ⁵
1444 1532 1550 1601 μὴν
1574 1532 1658 1585 ὅτι
1688 1532 1752 1585 δι’
1783 1534 1881 1587 αύ-

300 1620 395 1675 τοῦ
430 1621 508 1675 τά“
527 1621 707 1676 πάντα
740 1621 994 1693 παρήχθη
1024 1623 1159 1694 πρὸς
1184 1622 1421 1691 γένεσιν,
1453 1625 1564 1675 εἴτε
1594 1624 1669 1675 τὰ.
1688 1624 1880 1695 ὁρατὰ,

300 1711 413 1765 εἴτε
451 1712 520 1765 τὰ
548 1712 776 1782 ἀόρατα,
814 1712 871 1765 ἐν
904 1731 964 1767 τε
992 1714 1209 1785 οὐρανῷ
1241 1716 1336 1768 καὶ
1361 1714 1452 1766 ἐπὶ
1488 1715 1589 1785 τῆς
1619 1714 1722 1784 γῆς
1746 1733 1759 1746 ·
1786 1718 1880 1770 καὶ

1985 529 2307 595 Potestates,
2336 528 2516 585 omnia
2542 544 2638 599 per
2663 530 2912 596 ipsumet
2945 530 2999 584 in
3040 528 3159 599 ipso
3188 536 3370 581 creata
3392 538 3552 581 sunt:

1984 629 2036 675 et
2070 621 2185 688 ipse
2213 627 2297 677 est
2326 628 2451 674 ante
2476 634 2697 682 omnes,
2729 628 2784 675 et
2823 618 3000 675 omnia
3036 618 3089 673 in
3127 618 3245 687 ipso
3275 627 3552 672 C(tttstftnl.

1985 711 2050 767 Et
2085 712 2198 781 ipse
2227 720 2311 766 est
2336 720 2497 782 caput
2535 711 2780 778 corporis
2814 710 3093 775 Ecclesia},
3148 711 3239 778 qui
3285 719 3364 762 est
3406 710 3556 775 priu-

1984 802 2209 871 cipiutn,
2245 802 2642 874 primogenitus
2688 816 2753 855 ex
2803 802 3060 867 mortuis,
3120 811 3179 856 ut
3229 803 3299 857 sit
3351 802 3462 868 ipse
3505 801 3558 855 in

1985 895 2233 948 omnibus
2262 895 2553 962 primatum
2609 900 2798 949 tenens
2838 910 2850 946 :
2888 892 3015 960 quia
3067 890 3121 945 in
3165 892 3282 961 ipso
3317 889 3558 960 compla-

1983 985 2098 1040 cuit
2123 1000 2339 1041 omnem
2396 984 2785 1054 plenitudinem
2832 983 3166 1048 inhabitare,
3214 990 3267 1067 et
3314 997 3407 1051 per
3434 997 3559 1034 eum
3615 994 3621 1011 ι

1983 1079 2165 1133 omnia
2200 1078 2555 1134 reconciliare
2608 1078 2660 1131 in
2706 1078 2880 1146 ipsum
2911 1092 2929 1129 :
2966 1076 3263 1144 paciﬁcans
3297 1089 3393 1144 per
3428 1088 3558 1126 san-

1984 1171 2200 1241 guinem
2246 1171 2426 1226 crucis
2461 1171 2578 1240 ejus
2615 1170 2730 1224 sive
2761 1184 2879 1235 qua:
2911 1168 2962 1222 in
2999 1168 3181 1231 terris,
3210 1169 3326 1220 sive
3352 1181 3471 1235 quae
3504 1166 3556 1218 in

1984 1262 2135 1316 cmlis
2172 1270 2296 1316 sunt
2322 1262 2390 1317 ".
2427 1281 2446 1315 ι
2480 1262 2711 1316 Docetur
2742 1259 2855 1324 hic,
2897 1259 2987 1314 Dei
3038 1258 3288 1322 Verbum,
3345 1258 3443 1313 hoc
3479 1266 3561 1311 est

1985 1348 2179 1405 Filium
2231 1351 2552 1407 naturaliter
2602 1366 2667 1406 ex
2720 1350 2812 1404 illo
2855 1359 3067 1411 natum,
3129 1348 3414 1403 invisibilis
3461 1346 3554 1399 Dei

1988 1441 2276 1511 imaginem
2302 1456 2464 1497 esse:
2506 1442 2691 1496 adhacc
2731 1441 2911 1494 omnia
2950 1439 3180 1495 visibilis
3215 1449 3270 1494 et
3307 1439 3554 1493 invisibi—

1986 1531 2080 1596 lia,
2111 1532 2225 1587 sive
2262 1534 2311 1587 in
2348 1533 2521 1597 ccelis,
2553 1534 2666 1587 sive
2700 1532 2753 1585 in
2783 1532 2968 1595 terris,
3002 1544 3099 1600 per
3125 1531 3301 1599 ipsum
3332 1532 3553 1584 condita

1986 1636 2105 1677 esse
2131 1639 2145 1677 :
2177 1623 2346 1691 ipsum
2382 1634 2641 1693 praeterea
2670 1623 2852 1678 omnia
2888 1622 3209 1676 antecedere
3240 1623 3286 1689 (ι
3318 1621 3374 1674 In
3404 1622 3554 1689 prin-

1985 1714 2126 1784 cipio
2151 1715 2294 1769 enim
2319 1728 2438 1770 erat
2460 1714 2693 1771 Verbum
2712 1714 2839 1783 ιἰι),
2858 1712 3288 1782 εωειιιοιιιιιιιιιιε
3313 1714 3557 1767 condito-

298 1804 384 1861 ὅτι
407 1805 511 1875 πρὸ
534 1776 927 1860 πάντων-ἐστὶν
949 1776 1113 1869 αύτδς
1132 1776 1287 1874 (ι”Εν
1309 1808 1448 1877 ἀρχῇ
1483 1776 1591 1878 γάρ
1779 1809 1852 1861 Λό

1987 1820 2097 1860 rem
2148 1820 2311 1862 esse:
2350 1806 2728 1863 exsistcntiam
2785 1814 3059 1876 postremo
3112 1806 3259 1860 omni
3316 1813 3558 1874 tempore

300 1900 476 1965 γοςι),
493 1897 588 1952 καὶ
613 1898 775 1961 αὐτός
798 1899 947 1952 ἔστιν
975 1899 1003 1951 6
1030 1897 1142 1951 τῶν
1174 1898 1385 1953 αἰώνων
1414 1901 1758 1970 δημιουργὸς,
1784 1901 1878 1954 καὶ

258 1988 501 2059 ’χρόνου
569 1988 771 2052 παντὸς
820 1988 1201 2060 πρεσϐυτέραν
1256 1990 1394 2059 ἔχων
1460 1991 1559 2059 τὴν
1621 1990 1874 2062 ὓπαρξιν.

314 2079 473 2134 ’Δϊλὰ
502 2080 594 2134 τὸν
621 2080 794 2143 οὕτως
820 2080 1013 2151 ἔχοντα
1060 2080 1201 2134 κατά
1250 2082 1411 2150 φύσιν
1457 2082 1592 2136 ἰδίαν
1631 2082 1877 2137 δεδόσθαι

302 2172 438 2240 φησι
479 2172 631 2240 παρά
672 2172 767 2225 τοῦ
816 2172 1026 2241 ιιατρδς
1065 2171 1308 2242 κεφαλὴν
1352 2170 1446 2224 τοῦ
1488 2171 1740 2242 σώματος
1778 2172 1877 2242 τῆς

315 2261 661 2333 Έκκλησίας,
708 2263 870 2317 αὐτόν
903 2279 962 2317 τε
1006 2257 1145 2316 εἶναι
1176 2263 1265 2317 τὸν
1296 2264 1637 2335 πρωτότοκον
1667 2265 1732 2317 ὲκ
1769 2265 1877 2318 τῶν

304 2351 536 2423 νεκρῶν.
561 2348 696 2407 Εἶτα
718 2352 837 2416 πῶς
871 2353 1132 2423 ὑπάρχων
1161 2354 1248 2406 ἀεὶ
1274 2354 1407 2417 Θεὸς
1433 2354 1626 2423 Λόγος,
1660 2356 1717 2407 ἐν
1744 2348 1877 2421 ᾧτά

303 2447 480 2501 πάντα
514 2447 832 2518 συνέστηκε,
862 2449 1204 2519 πρωτότοκος
1232 2449 1342 2502 τῶν
1383 2450 1592 2522 νεκρῶν
1620 2451 1876 2519 γενέσθαι

302 2534 544 2604 λέγεται,
575 2537 671 2591 καὶ
700 2538 926 2609 ἀπαρχὴ
956 2537 1063 2592 τῶν
1097 2540 1535 2610 κεκοιμημένων,
1554 2543 1603 2594 εἱ
1630 2542 1702 2612 μή
1726 2544 1874 2596 ἐστιν

300 2626 468 2681 αὐτοῦ
495 2627 637 2682 κατὰ
661 2628 921 2694 ἀλήθειαν
957 2628 1087 2682 ἴδιον
1121 2629 1281 2699 σῶμα
1313 2630 1373 2683 τὸ
1398 2632 1528 2701 παρ’
1571 2631 1736 2685 αὑτοῦ
1780 2634 1875 2702 λη-

313 2718 467 2786 φθὲν,
498 2712 560 2773 οὖ
587 2718 911 2783 πεπονθότος
945 2720 1037 2773 τὸν
1079 2719 1331 2785 θάνατον,
1379 2723 1541 2788 αὐτὸς
1591 2724 1658 2777 ἂν
1704 2728 1875 2779 νοοῖτο

303 2810 529 2876 παθεῖν;
562 2810 662 2863 ούκ
704 2810 965 2866 ἀπίθανον
990 2810 1206 2882 ἔχοντος
1244 2812 1402 2881 λόγον
1450 2815 1510 2868 ὲν
1564 2814 1743 2887 ἐαυτῷ
1778 2816 1873 2870 τοῦ

303 2898 713 2971 συμϐεϐηκότος
735 2916 748 2930 ο
781 2900 1018 2954 πέπονθε
1072 2901 1181 2973 γάρ
1224 2901 1286 2955 τὸ
1331 2902 1461 2958 ῐδιον
1487 2904 1688 2958 αὐτοῦ’
1730 2905 1875 2962 οῦτω

302 2989 505 3041 νοεῖται
532 2988 876 3060 πρωτότοκος
914 2993 978 3044 ἐκ
1015 2991 1126 3044 τῶν
1155 2992 1386 3063 νεκρῶν,
1417 2995 1594 3048 καίτοι
1629 2996 1727 3067 τὴν
1767 2997 1870 3065 φύ-

1981 1898 2345 1968 anliquiorem
2395 1898 2614 1955 habere.
2677 1898 2952 1966 Ejusmodi
3016 1906 3199 1950 autem
3258 1897 3418 1950 benis
3470 1911 3556 1950 se-

1980 1993 2218 2045 condum
2273 1980 2549 2060 propriam
2601 1999 2851 2046 naturam
2897 1989 3253 2052 cumulatum,
3287 1988 3557 2057 pritnoge«

1980 2082 2151 2137 nilum
2190 2098 2254 2137 ex
2296 2083 2551 2147 mortuis,
2592 2090 2643 2137 et
2695 2090 2860 2151 caput
2910 2080 3161 2149 corporis
3210 2079 3468 2135 Ecclesiae
3522 2097 3550 2134 a

1981 2173 2090 2228 Deo
2112 2171 2273 2227 Patre
2302 2175 2486 2243 datum
2531 2188 2651 2228 esse
2696 2173 2949 2227 allirmat.
2997 2170 3115 2226 Jam
3152 2172 3420 2240 quomodo
3463 2172 3554 2238 qui

1980 2262 2072 2317 Dei
2105 2263 2281 2318 Patris
2326 2262 2560 2318 Verbum
2605 2275 2712 2327 est,
2751 2279 3070 2333 semperque
3105 2264 3236 2325 fuit,
3268 2279 3364 2331 per
3392 2280 3552 2331 quem

1977 2352 2159 2405 omnia
2206 2360 2478 2417 constant,
2532 2352 2931 2421 primogenitus
2979 2368 3046 2406 ex
3104 2353 3356 2419 mortuis,
3424 2355 3551 2407 dor-

1977 2441 2368 2510 mientiumque
2417 2441 2672 2510 primitize
2714 2443 3035 2511 appellatur,
3086 2444 3129 2498 si
3168 2458 3368 2514 corpus
3411 2450 3552 2513 quod

1976 2532 2273 2601 assumpsit
2301 2545 2428 2586 vere
2461 2530 2602 2585 illius
2635 2531 2912 2600 proprium
2950 2548 3053 2586 non
3077 2542 3217 2597 erat,
3251 2549 3358 2600 quo
3390 2535 3549 2588 nimi-

1977 2638 2095 2678 rum
2143 2623 2235 2677 illo
2292 2632 2520 2678 mortem
2570 2623 2837 2678 subeunte
2881 2625 2997 2693 ipse
3049 2632 3277 2679 mortem
3312 2627 3550 2679 subiisse

1979 2714 2352 2785 intelligatur?
2402 2713 2587 2784 Neque
2649 2716 2794 2770 enim
2845 2716 2979 2770 citra
3012 2717 3214 2785 justam
3245 2732 3464 2771 causam
3500 2717 3549 2771 id

1976 2805 2055 2861 illi
2089 2806 2355 2861 accidisse
2394 2807 2618 2871 dicitur,
2668 2808 2810 2874 quod
2855 2810 3091 2877 corpori,
3138 2811 3282 2880 quod
3334 2826 3549 2879 passum

1975 2908 2078 2962 est,
2104 2906 2160 2953 et
2182 2897 2325 2954 illius
2359 2899 2632 2968 proprium
2666 2907 2806 2963 erat,
2849 2900 3120 2955 accidisse
3153 2903 3421 2956 novimus.
3462 2904 3540 2955 Ad

1974 2987 2120 3042 hunc
2171 2987 2353 3056 itaque
2408 2990 2623 3042 modum
2683 2991 2898 3044 etiamsi
2949 2992 3243 3046 secundum
3300 3004 3548 3048 naturam

304 3093 393 3133 σιν
417 3078 684 3145 ἀθάνατος
718 3081 817 3148 ὢν,
858 3084 949 3136 καί
978 3083 1141 3146 αὐτὸς
1175 3086 1528 3156 χρηματίζων
1569 3086 1706 3159 ζωή.
1744 3089 1872 3143 Ὅτε

1981 3079 2329 3145 immortalis,
2364 3089 2419 3134 et
2444 3081 2550 3134 vita
2604 3096 2701 3150 per
2757 3083 3049 3136 essentiam
3100 3086 3352 3146 exsistat,
3402 3102 3548 3138 mor-

298 3170 481 3223 τοινυν
507 3171 717 3227 δέδοται
748 3174 956 3244 κεφαλὴ
985 3173 1079 3228 τοῦ
1107 3175 1358 3247 σώματος
1382 3178 1480 3248 τῆς
1521 3179 1869 3251 Ἐκκλησίας,

302 3258 490 3323 καθεὶς
535 3260 725 3316 ἑαυτὸν
755 3264 835 3325 εἰς
863 3263 1114 3328 κένωσιν,
1148 3265 1268 3318 τότε
1297 3265 1512 3334 λέγεται
1543 3268 1638 3321 καὶ
1667 3269 1873 3323 ἀποθα-

304 3353 415 3405 νεῖν
444 3351 802 3425 ἀνθρωπίνως
828 3354 968 3426 ὑπὲρ
998 3356 1176 3426 ἡμῶν,
1198 3357 1227 3409 6
1249 3357 1443 3412 παθεῖν
1470 3360 1570 3414 οὐκ
1601 3360 1755 3425 εἰδὼς
1782 3363 1873 3415 τὸν

302 3440 533 3501 θάνατον
563 3443 640 3509 ὡς
666 3444 818 3511 Θεός.

370 3625 507 3683 KA'.
544 3626 803 3699 Λέγοντος
848 3628 906 3685 δὲ
956 3630 1051 3684 τοῦ
1104 3631 1372 3701 μακαρίου
1411 3633 1648 3697 Παύλου,
1694 3637 1775 3690 ὅτι
1815 3639 1872 3692 ὲν

299 3715 450 3789 αὐτῷ
475 3719 762 3792 κατῴκησε
789 3723 894 3776 πᾶν
913 3722 973 3775 τὸ
1003 3722 1296 3794 πλήρωμα,
1330 3727 1489 3793 φαῖεν
1521 3725 1588 3779 ἂν
1621 3727 1752 3792 ἴσως
1788 3747 1868 3783 τιο

298 3808 418 3873 νές’
458 3808 587 3864 Ἰδοὺ
616 3812 852 3883 Χριστὸν
882 3812 1068 3883 ἕτερον
1096 3810 1236 3867 οἶδεν
1265 3815 1448 3879 ἰδικῶς
1472 3815 1564 3871 τὸν
1589 3820 1653 3871 ἐκ
1680 3835 1870 3886 γυναι-

301 3898 397 3962 κὸς
421 3898 725 3971 ἄνθρωπον,
768 3903 826 3954 ὲν
849 3895 895 3970 ᾧ
928 3902 1250 3975 κατῴκησεν
1279 3904 1354 3969 ὡς
1384 3906 1572 3977 ἕτερος
1617 3913 1747 3980 παρ’
1774 3912 1870 3964 αὑ-

298 3988 390 4042 τὸν
430 3990 684 4062 Χριστὸς,
736 3994 830 4046 καὶ
880 3993 1062 4057 ἰδικῶς
1098 3996 1127 4046 6
1165 3995 1354 4062 Λόγος,
1388 3997 1508 4067 ἦτοι
1552 3999 1774 4069 Πνεῦμα
1812 4002 1873 4055 τὸ

298 4080 576 4153 πλήρωμα
617 4085 720 4153 τῆς
768 4083 1020 4155 θεότητος
1077 4087 1421 4155 σωματικῶς.
1482 4089 1627 4160 Πρὸς
1683 4091 1747 4161 δὴ
1801 4093 1870 4147 τὰ

295 4175 474 4229 τοιάδε
523 4176 723 4246 φαμὲν,
770 4177 851 4230 ὅτι
902 4176 995 4230 δύο
1044 4178 1310 4248 Χριστοὺς
1356 4182 1387 4233 6
1427 4184 1871 4253 πνευματοφόρος

296 4265 398 4320 οὐκ
429 4260 592 4328 οἶδεν,
624 4264 741 4319 ἀλλ’
792 4266 890 4319 ἕνα
918 4266 1195 4336 κηρύττει,
1247 4268 1501 4339 καθάπερ
1545 4273 1737 4342 ἀμέλει
1777 4276 1869 4328 καὶ

295 4357 396 4412 ἕνα
420 4356 666 4429 Πατέρα.
702 4376 722 4409 ι
764 4357 926 4429 Ἡμῖν
953 4359 1081 4431 γὰρ,
1112 4362 1295 4431 φησιν,
1326 4355 1406 4425 εἷς
1432 4362 1566 4427 Θεὸς
1593 4364 1622 4415 6
1655 4366 1866 4436 Πατὴρ,

1978 3178 2192 3224 tuorum
2256 3171 2644 3243 primogenitus
2699 3186 2821 3227 esse
2880 3177 3254 3241 cognoscitur.
3320 3175 3548 3242 Quando

1976 3261 2143 3332 lgitur
2171 3261 2330 3317 datus
2359 3272 2442 3317 est
2481 3274 2638 3332 caput
2673 3266 2919 3334 corporis
2958 3265 3214 3323 Ecclesia:
3248 3271 3549 3337 semetipso

1976 3351 2040 3405 ad
2093 3351 2518 3406 exinanitiunem
2576 3354 2831 3418 demisso,
2886 3357 3054 3410 nostri
3108 3373 3268 3411 causa
3318 3371 3547 3413 mortem

1974 3443 2268 3498 secundum
2322 3454 2572 3497 naturain
2628 3446 2918 3500 humanam
2974 3450 3270 3517 oppetiisse
3321 3449 3543 3517 dicitur,
3628 3450 3635 3459 “

1974 3532 2063 3602 qui
2088 3540 2142 3584 ut
2178 3532 2320 3587 Deus
2351 3532 2540 3586 mortis
2571 3534 2796 3588 omnino
2829 3537 3051 3604 ignarus
3085 3545 3223 3592 erat.

2065 3623 2205 3679 XXI.
2254 3624 2523 3681 C:eterum
2580 3627 2724 3696 quod
2794 3628 2985 3682 beatus
3063 3628 3260 3685 Paulus
3332 3646 3548 3686 omnem

1974 3717 2365 3786 plenitudinem
2400 3719 2451 3771 in
2477 3719 2592 3787 ipso
2626 3718 2963 3774 inhabitasse
2994 3733 3228 3784 asserat,
3258 3722 3416 3793 144
3441 3740 3547 3778 non

1973 3810 2201 3863 deerunt
2239 3810 2491 3865 fortassis
2537 3811 2628 3879 qui
2656 3811 2744 3864 hic
2792 3810 2866 3864 ita
2917 3812 3178 3879 objiciunt
3212 3815 3328 3867 :Eu
3369 3818 3544 3870 horni-

1974 3913 2094 3953 nem
2146 3914 2213 3953 ex
2258 3899 2485 3955 muliere
2533 3911 2739 3965 ortum,
2789 3904 3062 3956 Christum
3092 3903 3322 3957 alterum
3359 3920 3456 3972 per
3487 3921 3547 3961 se

1972 4000 2027 4044 et
2068 3989 2364 4044 secundum
2389 4004 2451 4044 se
2473 3991 2773 4057 exstitisse,
2807 3994 3027 4058 indicat,
3063 3993 3116 4047 in
3145 4009 3252 4063 quo
3287 3995 3541 4064 Verbum,

1972 4079 2077 4132 hoc
2100 4088 2187 4132 est
2228 4077 2488 4146 Spiritus,
2516 4079 2931 4151 divinitatisque
2964 4082 3262 4152 plenitudo,
3288 4095 3543 4157 tauquam

1971 4170 2110 4223 alter
2139 4170 2358 4240 quidam
2388 4171 2637 4226 Christus
2668 4187 2914 4229 seorsum
2953 4179 3022 4233 ab
3062 4180 3234 4234 altero
3260 4180 3351 4235 illo
3375 4219 3390 4244 ,
3421 4175 3548 4235 cor-

1970 4245 2233 4327 poraliter
2281 4258 2616 4313 inhabitarit.
2674 4262 2756 4315 Ad
2806 4266 2923 4320 inec
2971 4284 3106 4322 sane
3155 4271 3545 4337 respondemus

1974 4353 2195 4408 Paulum
2228 4355 2317 4410 Dei
2353 4356 2559 4427 Spiritu
2584 4358 2821 4413 alllatum
2853 4375 3196 4430 nequaquam
3223 4363 3359 4418 duos
3387 4378 3549 4433 agno-

295 4447 358 4513 ὲξ
387 4441 451 4503 οὗ
477 4448 546 4502 τά
571 4448 766 4516 πάντα,
780 4450 872 4504 καὶ
902 4451 1063 4520 ἡμεῖς
1095 4454 1174 4517 εἰς
1207 4452 1393 4510 αὐτόν.
1416 4455 1526 4510 Καὶ
1553 4451 1637 4520 εἷς
1664 4457 1866 4529 Κύριος

1979 4443 2118 4499 visse
2161 4445 2430 4514 Clit-istos,
2494 4449 2587 4502 sed
2645 4465 2807 4502 unum
2865 4452 3260 4518 aununtiasse;
3313 4454 3453 4508 sicut
3496 4464 3551 4508 et

309 4539 517 4611 Ἰησοῦς
547 4542 803 4613 Χριστὸς,
833 4541 900 4596 δι’
930 4536 992 4597 οὗ
1025 4543 1094 4597 τὰ
1117 4544 1316 4608 πάντα,
1356 4549 1452 4601 καὶ
1477 4549 1643 4618 ἡμεῖς
1666 4549 1734 4602 δι’
1767 4550 1866 4603 αὑ-

294 4629 413 4684 τοῦ.
447 4649 468 4683 ι
517 4631 672 4685 Ἐπεὶ
705 4633 862 4704 φέρε,
908 4634 1328 4705 διασκεψώμεθα
1358 4638 1756 4706 παρατιθέντες
1786 4643 1867 4705 εἰς

297 4720 527 4791 βάσανον
555 4723 662 4776 τῶν
688 4725 993 4795 εἰρημένων
1016 4728 1115 4797 τὴν
1142 4727 1391 4799 δύναμιν
1419 4731 1531 4800 Τὴν
1560 4733 1743 4787 εξκὸνα
1772 4734 1865 4787 τοῦ

294 4813 428 4867 Θεοῦ
450 4815 545 4868 τοῦ
578 4816 833 4885 ἀοράτου,
863 4815 953 4869 τὸν
992 4816 1059 4869 δι’
1086 4813 1147 4872 οὗ
1178 4820 1272 4872 καὶ
1300 4821 1359 4874 ἐν
1390 4814 1434 4889 ᾧ
1457 4821 1523 4876 τὰ
1550 4824 1748 4884 πάντα,
1774 4825 1866 4878 τὸν

299 4905 619 4975 προαιιῖωιον
649 4906 799 4971 Υἰὺν,
844 4908 943 4976 τὴν
973 4908 1083 4960 τῶν
1115 4909 1250 4961 ὅλων
1285 4909 1567 4978 σύστασιν,
1617 4914 1864 4968 δεδέσθαι

295 4996 428 5064 φησι
473 4998 538 5065 τῇ
592 4995 888 5068 Ἐκκλησία
924 4996 1197 5066 κεφαλὴν,
1238 4998 1331 5051 καὶ⁸
1378 4999 1485 5072 μὴν
1527 5000 1605 5053 ὅτι
1655 5005 1868 5070 γένοιτο

296 5088 639 5157 πρωτότοκος
681 5089 744 5141 ἐκ
788 5087 1014 5158 νεκρῶν.
1059 5088 1274 5161 Ἐπειδὴ
1301 5088 1359 5143 δὲ
1405 5091 1521 5143 ὲστι
1562 5092 1662 5164 τὴ)
1700 5093 1867 5161 φύσιν

293 5176 578 5242 ἀθάνατος,
615 5178 766 5232 πᾶσά
799 5196 917 5241 πως
940 5178 1153 5247 ἀνάγκη
1181 5178 1319 5250 πρὸς
1352 5179 1547 5234 ἕνωσιν
1576 5183 1857 5252 οἰκονομι-

298 5266 398 5337 κήν
427 5284 484 5320 τε
514 5268 608 5321 καὶ
638 5268 812 5340 ἀληθῆ
857 5271 924 5339 τῇ
969 5269 1093 5322 καθ’
1134 5271 1281 5341 ἡμᾶς
1311 5270 1691 5344 ἀνθρωπότητι
1731 5289 1862 5325 συν-

293 5356 577 5427 ενεχθῆναι
604 5358 785 5425 λέγειν
812 5360 902 5412 τὸν
936 5359 1001 5413 ὲκ
1033 5359 1168 5414 Θεοῦ
1203 5361 1413 5432 Πατρὸς
1448 5361 1637 5430 Λόγον,
1667 5362 1764 5416 ἕνα
1801 5381 1863 5419 τε

291 5448 466 5513 οὕτως
494 5452 627 5520 ἡμῖν
656 5450 1036 5522 ἀναδειχθῆναι
1086 5454 1339 5525 Χριστὸν,
1395 5454 1486 5507 τὸν
1517 5455 1680 5508 αὑτὸν
1727 5458 1865 5527 ἐμοῦ

292 5541 424 5595 Θεὸν
464 5542 591 5596 ὄντα
619 5544 711 5596 καὶ
742 5543 1047 5614 ἄνθρωπον.
1089 5548 1177 5599 Ἐν
1206 5547 1310 5599 τίνι
1358 5546 1423 5619 δὴ
1450 5544 1541 5602 οὖν
1572 5546 1864 5620 κατῴκησε

1977 4553 2143 4590 unum
2188 4552 2404 4608 quoque
2449 4538 2708 4596 Patrem:
2757 4557 2775 4591 ι
2825 4539 2991 4597 Nobis
3033 4541 3231 4613 (inquit
3274 4542 3383 4612 ille)
3409 4559 3547 4597 unus

1970 4638 2060 4685 est
2096 4631 2240 4685 Dens
2286 4631 2469 4699 Pater,
2513 4649 2578 4688 ex
2621 4649 2729 4702 quo
2763 4634 2969 4699 omnia,
3014 4644 3069 4690 et
3115 4650 3212 4689 nos
3243 4636 3294 4688 in
3324 4636 3543 4704 ipsum:

1972 4730 2030 4775 et
2067 4736 2207 4776 unus
2234 4719 2494 4777 Dominus
2519 4720 2678 4776 Jesus
2705 4723 2985 4787 Christus,
3019 4737 3116 4792 per
3145 4739 3305 4793 quem
3337 4729 3545 4795 omnia,

1976 4819 2030 4866 et
2061 4827 2157 4865 nos
2198 4827 2292 4879 per
2324 4814 2496 4880 ipsum
2531 4814 2599 4867 ".
2642 4832 2660 4864 ι
2694 4800 2803 4868 Sed
2854 4815 3080 4882 agedum
3122 4817 3411 4870 verborum
3457 4819 3545 4874 hic

1975 4902 2372 4972 propositorum
2404 4904 2509 4956 vim
2538 4903 2605 4958 ad
2623 4918 2830 4973 aequam
2857 4905 3112 4959 trutinam
3140 4911 3535 4976 expendamus.

1974 4993 2169 5048 Filium
2194 5004 2478 5059 arternum,
2510 4994 2562 5049 in
2588 5010 2693 5064 quo
2710 4996 2916 5060 omnia,
2945 5005 3000 5049 et
3026 5012 3122 5065 per
3151 5014 3310 5067 quem
3334 4984 3537 5069 omnia,

1974 5085 2261 5140 invisibilis
2290 5086 2379 5139 Dei
2414 5085 2726 5151 imaginem,
2762 5088 3256 5157 universorumque
3295 5092 3543 5146 condito-

1976 5193 2088 5233 rem
2120 5193 2184 5234 ac
2211 5179 2630 5248 primogenitum
2676 5179 2819 5233 inter
2866 5190 3128 5244 mortuos,
3166 5180 3425 5237 Ecclesia)
3453 5199 3546 5238 ea-

1975 5282 2069 5340 put
2099 5273 2283 5327 datum
2311 5270 2585 5340 praadieat.
2609 5270 2744 5336 Quia
2785 5286 2914 5341 ergo
2943 5271 3035 5327 Dei
3084 5270 3318 5328 Verbum
3355 5286 3543 5344 suapte

1976 5373 2166 5416 natura
2194 5364 2384 5419 mortis
2413 5378 2606 5434 expers
2632 5372 2735 5425 est,
2774 5378 2878 5416 non
2928 5378 3213 5431 possumus
3254 5365 3379 5420 illud
3417 5382 3543 5421 vera

1976 5454 2324 5524 perfectaque
2366 5456 2564 5510 unione
2600 5471 2720 5511 cum
2778 5458 3009 5510 humana
3062 5466 3251 5513 natura
3306 5460 3540 5531 conjun-

1977 5558 2122 5603 ctum
2156 5548 2323 5605 fuisse
2346 5566 2450 5605 non
2479 5565 2756 5617 asserere;
2785 5552 3024 5622 adeoque
3050 5567 3215 5606 unum
3242 5552 3541 5620 Christum,

366 5697 636 5755 "Coloss.
686 5718 724 5769 ι,
772 5700 962 5756 ιιυεο.
1039 5700 1086 5733 ’⁵
1124 5701 1278 5758 Joan.
1326 5720 1361 5770 t,
1405 5704 1489 5759 Η.
1568 5703 1613 5736 ⁸⁵
1644 5702 1685 5757 ll
1726 5704 1850 5761 Cor.
1890 5720 2012 5770 ‘Vlli,
2066 5703 2119 5762 6.
