3912 6228
467 318 608 375 1365

1385 317 1443 374 S.
1475 316 1753 374 CYRILIJ
1791 315 2263 371 ALEXANDRINI
2302 314 2628 372 ARCIIIEP.

3565 321 3707 375 ίῖϋί

465 430 557 499 qui
592 428 733 485 idem
766 427 908 486 Deus
956 430 1117 487 simul
1158 433 1231 488 sit
1259 441 1315 488 et
1358 434 1544 501 homo,
1584 435 1741 490 nobis
1767 449 1872 490 non
1900 445 2019 504 pro-

2135 433 2326 487 πᾶν’τδ
2355 430 2629 504 πλήρωμα
2658 435 2756 502 τῆς
2799 434 3052 504 θεότητος
3098 435 3456 505 σωματικῶς;
3499 437 3709 500 Ἰδικιῖις

463 534 686 586 ponere.
713 518 784 574 At
812 521 864 575 in
896 535 1005 591 quo
1046 522 1210 593 igitur
1229 525 1407 579 omnis
1429 525 1729 581 divinitatis
1750 525 2028 595 plenitudo

466 612 791 666 inhabitavit
822 615 1178 684 corporaliter
1212 614 1303 669 ὀἳ
1330 616 1473 672 Sane
1496 617 1748 672 arbitrari
1773 618 1826 672 iri
1859 615 2025 673 Verbi

464 716 706 758 seorsum
735 718 833 772 per
855 719 915 759 se
959 705 1285 762 considerati
1332 716 1579 761 naturam
1612 708 1711 762 hoc
1740 707 2024 771 accidisse,

461 792 683 845 omnino
714 792 1103 861 perabsurdum
1144 792 1338 850 fuerit:
1381 788 1601 864 perinde
1632 809 1860 865 namque
1886 795 2030 850 istud

469 892 613 938 esset
666 898 731 939 ac
791 883 835 939 si
883 884 1227 954 Unigcnitum
1288 887 1342 941 in
1411 887 1700 957 semetipso
1753 888 2030 941 habitasse

462 974 783 1031 diceremus.
822 975 1117 1031 Credcntes
1166 977 1347 1047 itaque
1391 978 1624 1033 Verbum
1659 993 1877 1033 carnem
1922 992 2028 1032 nou

462 1078 560 1132 per
589 1063 824 1133 aliquam
878 1065 958 1119 sui
1008 1068 1507 1121 transmutatiouem
1557 1077 1649 1121 aut
1704 1067 2027 1133 versionem,

461 1155 555 1209 sed
627 1170 724 1223 per
776 1172 957 1211 veram
1008 1159 1189 1227 templi
1244 1160 1471 1230 proprii,
1525 1160 1625 1215 hoc
1668 1170 1753 1215 est
1789 1159 2032 1229 corporis

402 1324 411 1325 ί
462 1245 642 1298 anima
697 1246 930 1300 humana
986 1248 1234 1317 perfecti,
1290 1251 1542 1305 unionem
1601 1251 1654 1304 in
1694 1250 1848 1305 nobis
1879 1251 2032 1303 Iiahi-

466 1344 626 1400 tasse,
667 1337 754 1406 pie
796 1348 1047 1409 recteque
1094 1355 1488 1407 asseveramus,
1532 1342 1657 1396 dum
1690 1356 1915 1410 magnus
1940 1340 2029 1395 ille

466 1424 661 1479 Paulus
701 1441 916 1480 omnem
974 1428 1278 1483 divinitatis
1354 1429 1746 1499 plenitudinem
1803 1429 1858 1483 in
1914 1430 2031 1498 ipso

466 1514 797 1569 inhabitasse
844 1517 1058 1582 scribit,
1114 1532 1219 1571 non
1265 1518 1479 1587 quidem
1536 1535 1630 1589 per
1658 1518 2030 1589 participatio-

464 1622 611 1670 nem,
655 1618 745 1659 aut
775 1606 1166 1671 habitudinem,
1218 1618 1312 1661 aut
1362 1609 1548 1677 gratia:
1587 1610 2033 1664 communicatio-

466 1713 612 1761 nem,
653 1698 750 1751 sed
796 1697 1169 1765 corporaliter,
1221 1699 1323 1753 hoc
1378 1707 1461 1753 est
1507 1700 1890 1762 essentialiter,
1940 1714 2034 1767 per

2135 525 2234 595 μὲν
2265 521 2359 578 οὖν
2387 526 2482 578 καὶ
2512 525 2653 578 κατὰ
2685 525 2850 594 μόνας
2880 526 2936 577 ἐν
2956 526 3023 595 τῇ
3049 529 3143 582 τοῦ
3169 526 3341 593 Λόγου
3363 526 3524 595 φύσει
3547 528 3711 583 τοῐτο

2131 614 2445 684 πεπρὰχθαι
2465 615 2729 684 νομίζειν,
2760 613 2954 684 εὔηθες
2978 614 3172 685 κομιδῇ
3196 631 3207 645 ’
3237 616 3348 669 ῖσον
3373 621 3482 687 γὰρ
3505 620 3706 683 εἰπεῖν,

2130 704 2206 768 ὡς
2257 704 2419 767 αὐτὸς
2461 705 2520 757 ὲν
2563 703 2742 775 ἐαυτῷ
2789 703 3108 775 κατῴκησεν
3152 707 3181 758 ό
3228 707 3558 778 Μονογενής.
3613 709 3711 760 Πι-

2134 795 2420 858 στεύοντας
2458 793 2515 847 δὲ
2565 794 2648 848 ὅτι
2700 795 2889 863 γέγονε
2942 795 3080 866 σὰρξ
3123 795 3153 846 ὁ
3206 798 3399 864 Λόγος,
3448 799 3509 850 οὐ
3562 802 3713 851 xui

2133 886 2469 957 μετάστασιν
2515 885 2548 955 ἢ
2592 886 2802 956 τροπὴν
2826 927 2840 949 ,
2894 885 3012 939 ἀλλ’
3043 886 3125 939 ὃτι
3161 885 3361 957 μᾶλλον
3394 889 3710 958 ἐσκήνωσεν

2129 977 2187 1028 ὲν
2221 970 2371 1045 ἡμῖν,
2416 976 2510 1027 καὶ
2542 975 2667 1028 ναὸν
2711 973 2842 1027 ῖδιον
2881 975 3176 1045 ἐποιήσατο
3215 976 3276 1028 τὸ
3318 977 3517 1028 ἑνωθὲν
3557 976 3710 1046 αὐτῷ

2130 1068 2270 1121 κατά
2291 1066 2547 1138 ἀλήθειαν
2574 1066 2753 1135 σῶμα,
2786 1066 2963 1138 ψυχὴν
2991 1067 3116 1139 ἕχον
3140 1068 3237 1137 τὴν
3266 1067 3511 1139 λογικὴν,
3545 1071 3709 1121 εὐσε-

2131 1154 2222 1220 ϐὲς
2246 1159 2438 1211 εἰπεῖν’
2469 1158 2549 1211 ὅτι
2576 1156 2672 1227 τὴν
2699 1159 2759 1211 ὲν
2788 1160 2854 1228 τῇ
2878 1158 3011 1228 ἁγίᾳ
3040 1159 3207 1228 σαρκὶ
3236 1158 3330 1211 τοῦ
3359 1159 3535 1224 Λόγου
3561 1176 3706 1212 κατ⁸

2130 1245 2365 1315 οίκησιν,
2401 1246 2567 1315 ἤγουν
2598 1244 2797 1298 ἕνωσιν
2834 1245 3009 1315 ἀληθῆ
3042 1247 3471 1316 κατασημαίνων
3507 1250 3644 1317 ἡμῖν
3678 1248 3709 1301 ό

2115 1335 2424 1419 ⁸θεσπέσιος
2455 1336 2686 1399 Παῦλος,
2721 1337 2778 1388 ἐν
2808 1334 2957 1405 αὑτῷ
2986 1353 3121 1404 φησι
3151 1336 3473 1405 κατοικῆσαι
3508 1339 3618 1389 πᾶν
3648 1338 3711 1389 τὸ

2133 1428 2407 1498 πλήρωμα
2437 1427 2539 1496 τῆς
2565 1426 2837 1497 θεότητος,
2869 1427 2931 1479 οὐ
2961 1426 3238 1497 μεθεκτῶς
3262 1427 3483 1497 μᾶλλον,
3509 1428 3540 1496 ἦ
3580 1446 3706 1496 σχε-

2137 1516 2326 1584 τικῶς,
2358 1517 2525 1586 ἤγουν
2558 1516 2632 1579 ὡς
2663 1518 2719 1568 ὲν
2740 1516 2882 1569 δόσει
2916 1518 3158 1589 χάριτος,
3183 1516 3319 1570 ἀλλά
3350 1519 3706 1587 σωματικῶς,

2131 1610 2161 1662 ὅ
2196 1610 2344 1662 ἐστιν
2373 1607 2647 1670 οὺσιωδῶς
2667 1623 2678 1636 ·
2704 1607 2780 1670 ὡς
2817 1608 2882 1660 ἂν
2905 1610 2952 1660 εἰ
2982 1607 3076 1659 καὶ
3106 1608 3163 1659 ὲν
3184 1607 3457 1678 ἀνθρώπῳ
3488 1606 3708 1675 λέγοιτο

2140 1698 2413 1750 κατοικεῖν
2457 1696 2518 1748 τὸ
2559 1694 2774 1766 πνεῦμα
2805 1695 2991 1761 αὑτοῦ,
3017 1695 3116 1764 οὐχ
3149 1694 3335 1765 ἕτερον
3360 1694 3418 1746 δν
3454 1696 3583 1763 παρ’
3615 1694 3712 1745 at).

462 1788 909 1844 iuhabitationem
953 1788 1098 1842 illam
1134 1789 1280 1843 aliud
1314 1790 1446 1843 nihil
1478 1790 1755 1845 insinuare
1775 1790 2029 1851 voluisse,

2135 1788 2242 1841 τόν.
2286 1785 2402 1856 Ἐφ’
2433 1786 2553 1849 ἑνὸς
2598 1785 2657 1838 δὲ
2704 1786 2995 1855 προσώπου
3048 1784 3303 1847 πολλάκις
3354 1784 3710 1852 διπρόσωπον

462 1892 624 1946 quam
656 1891 834 1930 veram
877 1875 1286 1945 naturalemque
1318 1875 1477 1931 Verbi
1516 1891 1641 1930 cum
1673 1891 1829 1930 sacra
1868 1891 2030 1931 carne

465 1966 743 2019 unionem.
774 1964 1244 2032 Quemadmodum
1299 1966 1422 2020 licet
1461 1966 1695 2021 hominis
1723 1964 1945 2033 spiritus
1977 1965 2028 2018 iu

464 2059 581 2126 ipso
614 2057 861 2111 habitare
892 2057 1126 2120 dicatur,
1160 2073 1264 2111 non
1304 2057 1442 2112 alius
1468 2065 1643 2112 tamen
1669 2066 1758 2110 aut
1781 2057 2028 2111 diversus

465 2149 532 2200 ab
566 2146 653 2199 illo
687 2146 983 2215 judicatur.
1019 2146 1104 2200 Fit
1151 2148 1319 2213 enim,
1367 2158 1424 2201 ut
1455 2147 1719 2202 orationis
1747 2147 2027 2201 schemate

464 2236 534 2287 de
560 2248 665 2287 una
701 2248 929 2300 persona
979 2235 1209 2304 duplicis
1259 2236 1581 2305 quandoque
1615 2251 1859 2306 persona:
1894 2237 2032 2291 ratio

465 2322 622 2377 nobis
654 2321 936 2388 oli‘eratur,
973 2340 1149 2394 neque
1177 2325 1248 2379 ob
1292 2326 1343 2379 id
1375 2335 1553 2379 tamen
1592 2326 1795 2380 veritas
1835 2327 1942 2379 ulla
1965 2342 2030 2380 ex

466 2424 618 2484 parte
664 2416 919 2470 laeditur:
981 2425 1039 2470 ut
1092 2432 1251 2481 cum,
1302 2418 1532 2487 exempli
1578 2433 1778 2483 causa,
1842 2419 2021 2472 divina

467 2504 746 2575 Scriptura
778 2506 847 2561 de
890 2507 996 2561 Deo
1030 2506 1328 2575 pra’dicat:
1375 2525 1395 2560 ι
1431 2508 1534 2574 Qui
1587 2508 1738 2577 lingit
1779 2508 2029 2577 spiritum

466 2593 706 2650 hominis
756 2595 811 2649 in
864 2597 981 2666 ipso
1012 2596 1098 2660 ’7;
1138 2613 1157 2647 ι
1206 2596 1355 2662 atqui
1410 2596 1656 2664 spiritum
1709 2596 1942 2665 hominis
1978 2596 2029 2648 in

466 2687 586 2753 ipso
643 2685 930 2738 fortuatum
985 2689 1052 2738 ab
1097 2684 1215 2754 ipso
1266 2682 1423 2756 155
1467 2685 1685 2740 homine
1732 2685 1878 2739 aliud
1924 2700 2031 2739 non

465 2790 616 2839 esse,
648 2776 898 2831 omnibus
927 2776 1269 2844 perspicuum
1302 2787 1402 2830 est.
1437 2774 1554 2831 Huc
1581 2786 1635 2831 et
1663 2776 1792 2830 illud
1822 2792 2035 2846 quoque

466 2865 612 2919 heati
655 2864 828 2920 David
865 2866 1036 2920 tendit
1074 2883 1088 2919 :
1131 2884 1150 2917 ι
1182 2864 1354 2922 Nocte
1388 2882 1509 2922 eum
1539 2867 1702 2922 corde
1732 2883 1852 2921 meo
1877 2883 2034 2922 exer-

468 2957 695 3021 citabar,
737 2967 791 3011 et
847 2958 1112 3012 merebat
1159 2958 1392 3027 spiritus
1442 2974 1596 3014 meus
1642 2958 1707 3012 “.
1751 2976 1771 3010 ι
1815 2959 2031 3028 Ecquis,

470 3061 677 3115 quaeso,
705 3058 845 3116 erat,
883 3049 975 3117 qui
1006 3062 1128 3103 cum
1159 3062 1262 3103 suo
1286 3048 1449 3104 corde
1482 3049 1864 3113 exercebatur,
1906 3065 2032 3118 pro-

2131 1880 2263 1949 ἡμῖν
2303 1878 2609 1949 εἰσφέρεται
2647 1876 2805 1946 λόγου
2837 1876 3042 1946 σχῆμα,
3070 1875 3166 1928 καὶ
3216 1876 3337 1928 κατ’
3366 1874 3556 1927 οὐδένα
3578 1874 3709 1942 τρό-

2132 1986 2234 2021 πον
2261 1968 2434 2021 ἀδικεῖ
2466 1967 2562 2039 τὴν
2589 1968 2867 2039 ἀλήθειαν.
2903 1963 3028 2020 Οῗον
3053 1967 3186 2037 φέρε
3212 1968 3404 2030 εἰπεῖν,
3440 1965 3515 2026 th;
3539 1968 3591 2017 εί
3625 1964 3710 2015 λέο

2130 2076 2280 2129 γοιτο
2328 2060 2456 2129 περὶ
2502 2058 2637 2113 Θεοῦ
2690 2059 2841 2129 παρά
2887 2059 2988 2127 τῆς
3036 2056 3394 2110 θεοπνεύστου
3444 2054 3707 2124 Γραφῆς’

2141 2170 2161 2203 ι
2210 2153 2268 2204 '0
2308 2152 2562 2204 πλάσσων
2594 2150 2811 2221 πνεῦμα
2836 2148 3126 2220 ἀνθρώπου
3150 2149 3207 2201 ὲν
3241 2147 3409 2218 αὐτῷ.
3450 2166 3468 2199 ι
3509 2147 3706 2198 Καίτοι

2133 2243 2249 2302 πῶς
2274 2243 2372 2313 οὐχ
2402 2243 2607 2297 ἅπασιν
2634 2242 2883 2311 ἐναργὲς,
2902 2241 2978 2303 ὼς
3006 2241 3104 2293 οὐκ
3130 2240 3196 2293 ἂν
3215 2242 3386 2292 νοοῖτο
3416 2239 3547 2309 περὶ
3563 2246 3593 2285 ῖ
3616 2236 3709 2288 τὸν

2132 2333 2417 2403 ἄνθρωπον
2475 2332 2663 2403 ἕτερον
2735 2334 2794 2385 ὲν
2863 2331 3039 2401 ἑαυτῷ
3105 2330 3476 2399 πλαττόμενον
3540 2326 3706 2381 αὑτοῦ

2133 2420 2379 2490 πνεῦμας
2404 2421 2543 2491 Φησὶ
2583 2420 2640 2473 δέ
2673 2436 2775 2471 που
2807 2421 2902 2472 καὶ
2933 2422 2961 2472 ό
2989 2420 3255 2489 μακάριος
3283 2417 3484 2470 Δαυῖδ·
3531 2435 3551 2468 ι
3589 2417 3706 2469 Νυ-

2132 2513 2258 2575 κτὸς
2288 2513 2425 2583 μετά
2464 2511 2564 2578 τῆς
2594 2510 2822 2580 καρδίας
2853 2509 3197 2579 ἡδολέσχουν,
3251 2508 3345 2561 καὶ⁵
3375 2507 3605 2577 ἤσχαλλε
3638 2505 3705 2558 τὸ

2135 2604 2350 2673 πνεῦμά
2381 2619 2504 2673 μου.
2543 2620 2563 2653 ι
2596 2600 2729 2654 Εἶτα
2763 2601 2846 2664 τίς
2878 2597 2971 2654 οὖν
3001 2601 3029 2652 ό
3061 2602 3197 2670 μετά
3227 2600 3327 2669 τῆς
3351 2597 3578 2669 καρδίας
3601 2596 3708 2649 αὖ·

2131 2694 2225 2747 τοῦ
2258 2692 2578 2763 ἀδολεσχῶν,
2614 2693 2709 2746 καὶ
2737 2692 2799 2744 τὸ
2832 2691 2961 2744 ίδιον
2986 2689 3205 2759 πνεῦμα
3236 2687 3499 2757 ἀσχάλλον
3525 2687 3704 2755 ἔχωνς

2131 2785 2252 2857 Χρὴ
2284 2786 2464 2839 τοίνυν
2506 2784 2575 2837 τὰ
2617 2785 2714 2853 μὲν
2749 2782 2858 2835 τῶν
2903 2782 3077 2849 λόγων
3108 2783 3360 2851 σχήματα
3389 2779 3461 2848 μὴ
3491 2777 3710 2847 σφόδρα

2133 2876 2483 2945 φιλοκρινεῖν,
2509 2875 2720 2945 ἁρορᾷν
2763 2874 2821 2927 δὲ
2859 2874 3059 2943 μᾶλλον
3091 2875 3170 2936 είς
3201 2873 3367 2934 αὐτας
3407 2871 3515 2923 τῶν
3554 2885 3714 2937 πρα-

2135 2967 2361 3035 γμάτων
2392 2965 2504 3028 τὰς,
2530 2964 2720 3034 φύσεις
2742 3004 2757 3027 ,
2787 2965 2881 3017 καὶ
2918 2963 2979 3028 ἐξ
3019 2964 3198 3017 αὐτῶν
3232 2963 3297 3030 δὴ
3331 2961 3524 3031 μᾶλλον
3570 2957 3708 3011 ποδ-

2137 3038 2586 3126 ηγουμένουςλὲῇ
2614 3053 2782 3124 αὐτὴν
2814 3055 2949 3108 ίέναι
2974 3054 3071 3123 τὴν
3100 3053 3383 3124 ἀλήθειαν.

467 3138 755 3208 priumque
793 3139 1042 3209 spiritum
1089 3147 1414 3196 maerentem
1461 3142 1743 3198 habebat!
1813 3142 2034 3213 Oportet
2078 3145 2260 3217 itaque
2322 3147 2653 3202 locutionum
2721 3148 2979 3201 furiuulas
3023 3164 3128 3200 nou
3171 3162 3343 3213 usque
3374 3144 3504 3197 adeo
3531 3143 3699 3195 anxie

466 3228 741 3299 excutere,
786 3233 882 3289 sed
918 3232 1064 3304 ipsas
1106 3249 1288 3290 rerum
1316 3246 1545 3291 naturas
1583 3235 1763 3307 potius
1820 3239 2193 3311 contemplari,
2254 3255 2547 3311 earumque
2601 3242 2759 3296 ductu
2798 3242 2862 3295 ad
2915 3242 3084 3310 ipsam
3140 3240 3419 3294 veritatem
3462 3243 3703 3291 conten-

466 3324 618 3381 dere.

941 3463 1019 3518 De
1046 3462 1244 3519 Christi
1271 3466 1582 3524 obcdientia.

543 3612 567 3648 ι
596 3594 763 3666 lgitur
802 3594 943 3651 sicut
995 3610 1095 3665 per
1140 3596 1310 3651 unius
1351 3597 1604 3652 delictum
1632 3599 1683 3652 in
1713 3614 1899 3654 omnes
1943 3602 2036 3655 ho-

478 3686 655 3742 mines
701 3687 754 3741 in
795 3681 1295 3740 condemnationem
1343 3704 1357 3740 :
1399 3687 1476 3742 sic
1495 3700 1544 3743 et
1571 3704 1666 3758 per
1694 3689 1849 3742 unius
1874 3689 2035 3758 justi-

468 3780 599 3833 tiam
649 3778 702 3832 in
755 3790 947 3832 omnes
990 3777 1240 3831 homines
1303 3778 1357 3832 in
1411 3780 1848 3849 justilicationem
1894 3782 2032 3837 vitae.

467 3870 622 3927 Sicut
642 3871 786 3926 enim
833 3885 929 3941 per
967 3870 1397 3925 inohedientiam
1452 3873 1611 3927 unius
1650 3873 1883 3928 hominis
1915 3889 2035 3942 pec-

468 3972 686 4017 catores
716 3961 997 4016 constituti
1034 3972 1162 4014 sunt
1197 3961 1386 4028 multi;
1418 3963 1488 4016 ita
1515 3973 1567 4016 et
1597 3978 1693 4032 per
1718 3965 1877 4017 unius
1906 3964 2029 4018 obe-

465 4053 747 4117 ditionem,
771 4052 901 4123 justi
950 4052 1358 4106 constituentur
1400 4053 1551 4106 inulti
1589 4055 1657 4107 '9.
1695 4071 1714 4104 ι
1752 4052 1883 4107 Cum
1937 4055 2034 4107 hu-

470 4159 627 4198 mana
656 4154 849 4198 natura
888 4144 957 4199 ob
998 4142 1320 4211 protoplasti
1375 4144 1799 4199 inobedieutiznu
1866 4145 2033 4200 male-

467 4237 613 4290 dicto
653 4237 955 4303 mortisque
987 4236 1270 4290 sententiae
1294 4238 1556 4291 obstricta
1583 4237 1836 4302 hmreret,
1873 4252 2034 4307 opor-

469 4324 572 4379 tuit
599 4327 666 4378 ad
697 4324 977 4393 antiquum
1029 4334 1228 4378 statum
1292 4325 1436 4379 illam
1484 4326 1662 4381 denuo
1708 4326 1892 4381 reduci
1939 4342 2033 4396 per

471 4415 798 4483 inculpatam
868 4415 1186 4470 obedientia:
1258 4416 1804 4472 demonstrationem.
1866 4417 2030 4486 Atqui

469 4506 612 4561 istud
652 4506 907 4562 humana:
954 4517 1159 4562 natura:
1219 4507 1511 4563 facultates
1571 4508 1754 4563 multis
1790 4508 2034 4578 partibus

464 4597 763 4652 excedebat
799 4611 815 4652 :
865 4611 1039 4666 neque
1076 4597 1220 4652 enim
1269 4597 1408 4652 ullus
1455 4613 1484 4651 a
1521 4609 1743 4667 peccato
1779 4600 2033 4655 immunis

470 4696 610 4744 erat.
645 4686 780 4743 Nam
820 4704 942 4743 cum
973 4704 1034 4742 ea
1067 4688 1233 4743 semel
1266 4689 1317 4742 in
1350 4703 1544 4744 noxam
1572 4704 1925 4759 erroremque
1954 4695 2032 4746 in-

2406 3470 2546 3541 Περὶ
2577 3470 2682 3540 τῆς
2707 3469 2983 3538 ὑπακοῆς
3008 3468 3112 3523 τοῦ
3137 3465 3416 3537 Χριστοῦ.

2212 3625 2230 3657 ι
2271 3606 2389 3675 Ἆρ’
2419 3599 2511 3657 οὖν
2534 3603 2609 3663 ὡς
2654 3602 2723 3655 δι’
2770 3599 2887 3663 ἑνὸς
2927 3598 3325 3669 ἁμαρτήματος
3367 3597 3450 3659 είς
3496 3595 3713 3657 πάντας

2135 3695 2477 3765 ἀνθρώπους,
2531 3694 2613 3756 είς
2650 3692 3001 3760 κατάκριμα’
3042 3688 3186 3741 οὕτω
3215 3688 3309 3740 καὶ
3335 3685 3404 3738 δι’
3453 3684 3577 3747 ἐνὸς
3628 3684 3716 3737 δικ

2138 3786 2460 3857 καιώματος
2492 3785 2572 3847 είς
2623 3784 2830 3844 πάντας
2881 3778 3223 3850 ἀνθρώπους,
3255 3779 3334 3840 εἰς
3364 3775 3651 3844 δικαίωμα
3690 3786 3711 3811 ι

2136 3878 2302 3947 ζωῆς.
2348 3878 2557 3945 Ὥσπερ
2592 3874 2701 3942 γὰρ
2730 3872 2819 3925 διὰ
2848 3870 2947 3940 τῆς
2993 3869 3276 3941 παρακοῆς
3312 3865 3406 3920 τοῦ
3447 3867 3570 3928 ἑνὸς
3614 3869 3715 3919 ἀν-

2135 3970 2354 4040 θρώπου
2387 3966 2702 4036 ἁμαρτωλοὶ
2738 3962 3151 4031 κατεστάθημεν
3197 3962 3246 4013 οἱ
3297 3959 3510 4020 πολλοὶ,
3559 3957 3717 4009 οὕτω

2135 4060 2228 4113 καὶ
2258 4057 2347 4111 διὰ
2375 4057 2475 4125 τῆς
2500 4055 2746 4123 ὑπακοῆς
2775 4054 2869 4106 τοῦ
2910 4052 3027 4114 ἑνὸς
3052 4049 3339 4121 ἀνθρώπου
3376 4048 3577 4101 δίκαιοι
3606 4065 3714 4099 κα-

2131 4149 2492 4219 ταστήσονται
2541 4157 2566 4186 ι
2600 4145 2649 4198 οἱ
2693 4144 2895 4198 πολλοί.
2930 4162 2949 4195 ι
2985 4141 3098 4211 Τῆς
3142 4140 3430 4212 ἀνθρώπου
3484 4140 3717 4207 φύσεως

2133 4242 2244 4311 ἀρᾷ
2272 4239 2366 4293 καὶ
2399 4238 2524 4309 δίκῃ
2544 4237 2776 4292 θανάτου
2807 4234 3338 4305 καταδεδικασμένης
3366 4233 3453 4286 διὰ
3488 4232 3588 4301 τὴν
3612 4232 3716 4286 τοῦ

2140 4328 2565 4401 πρωτοπλάστου
2592 4328 2899 4397 παρακοήν,
2921 4326 3028 4379 ἔδει
3056 4325 3215 4379 πάλιν
3236 4323 3545 4393 ἀνασφῆλαι
3567 4324 3717 4393 πρὸς

2133 4421 2195 4474 τὸ
2226 4422 2284 4475 ὲν
2331 4420 2526 4490 ἀρχαῖς
2569 4418 2739 4489 αὐτὴν
2783 4419 3185 4488 ἀνεπίπληκτον
3216 4416 3407 4485 κομιδῇ
3455 4415 3556 4482 τῆς
3604 4416 3719 4466 ὑπ-

2133 4510 2304 4579 ακοῆς
2333 4507 2665 4579 ποιουμένην
2694 4507 2791 4577 τὴν
2815 4506 3061 4572 ἔνδειξιν.
3093 4506 3230 4560 Ἀλλ’
3248 4506 3346 4576 ἤδη
3369 4503 3528 4557 τοῦτο
3564 4504 3717 4557 πολὺ

2134 4603 2230 4656 καὶ
2263 4601 2384 4653 λίαν
2430 4599 2689 4652 ἐπέκεινα
2718 4597 2828 4650 τῶν
2855 4598 2956 4667 τῆς
2991 4597 3409 4667 ἀνθρωπότητος
3441 4593 3673 4663 μέτρων
3702 4613 3715 4623 ·

2140 4691 2377 4763 καθαρὸς
2394 4691 2503 4761 γὰρ
2527 4690 2703 4752 οὐδεὶς
2725 4689 2832 4743 ἀπὸ
2856 4689 3165 4759 ἁμαρτιῶν.
3190 4686 3442 4740 ιιαθοῦσα
3471 4685 3531 4737 δὲ
3560 4687 3718 4752 ἅπαξ

463 4781 707 4847 cidisset,
749 4780 1126 4848 iutestinisque
1155 4780 1559 4837 infirmitatibus
1603 4782 1741 4836 victa
1783 4792 2027 4852 prostra-

2135 4784 2196 4836 τὸ
2238 4781 2582 4852 πλημμελὲς,
2612 4779 2706 4832 καὶ⁵
2751 4781 2872 4842 ταῖς
2903 4778 3118 4832 οἴκοθεν
3166 4776 3470 4836 ἀσθενείαις
3501 4792 3718 4846 κεκρα-

465 4882 628 4940 taque
654 4870 886 4940 iaceret,
939 4877 995 4924 et
1035 4870 1175 4924 intra
1220 4872 1493 4941 prapriam
1527 4886 1744 4926 carnem
1778 4873 2029 4941 nequitia:

2135 4873 2366 4942 τημένη,
2401 4872 2497 4925 καὶ
2545 4873 2604 4925 ὲν
2649 4870 2757 4941 ἰδίᾳ
2790 4870 2957 4940 σαρκὶ
2993 4870 3095 4940 τὴν
3127 4870 3223 4937 τῆς
3253 4866 3598 4937 φαυλότητος
3628 4882 3717 4921 νο-

463 4963 703 5019 radiccm
752 4963 998 5027 haberet,
1039 4978 1103 5017 ac
1139 4961 1404 5018 infrenem
1439 4964 1648 5032 peccati
1680 4963 1850 5032 legem
1887 4963 2029 5016 intra

2139 4961 2307 5014 σοῦσα
2340 4962 2556 5030 γένεσιν
2596 4961 2645 5026 ιι,
2679 4960 3032 5031 ἀγριαίνοντά
3076 4977 3135 5012 τε
3169 4959 3261 5012 τὸν
3300 4957 3397 5026 τῆς
3427 4958 3716 5027 ἁμαρτίας

463 5068 560 5108 sua
592 5054 798 5108 viscera
845 5063 1106 5123 perpetuo
1158 5063 1418 5123 gestaret,
1477 5055 1749 5123 quomodo
1810 5068 2026 5107 omnem

2136 5047 2401 5102 ὠδίνουσα
2426 5049 2612 5119 νόμον,
2636 5049 2752 5112 πῶς
2781 5050 2848 5103 ἂν
2873 5049 3060 5120 διέδρα
3086 5046 3399 5110 παντελῶς;
3436 5064 3455 5096 ι
3497 5046 3579 5098 Τὸ
3605 5049 3717 5117 γὰρ

463 5145 685 5201 omnino
724 5144 930 5215 lapsum
960 5145 1250 5200 evaderet?
1280 5163 1300 5196 ι
1348 5145 1482 5199 Nam
1513 5145 1786 5214 sapientia
1819 5144 2022 5207 carnis,

2135 5141 2390 5212 φρόνημα
2430 5142 2529 5212 τῆς
2563 5140 2763 5212 σαρκὸς
2813 5141 3094 5204 παντελῶς
3146 5139 3346 5210 ἔχθρα,
3382 5140 3581 5208 φησιν,
3637 5143 3715 5201 εἰς

469 5234 670 5302 inquit,
697 5237 921 5289 omnino
943 5234 1227 5289 inimicitia
1260 5244 1345 5289 est
1381 5235 1433 5288 in
1466 5233 1634 5290 Deum
1672 5251 1686 5287 :
1733 5233 1836 5303 legi
1878 5234 2023 5289 enim

2135 5233 2266 5287 Θεόν
2290 5250 2303 5264 ·
2338 5233 2417 5303 τῷ
2444 5234 2554 5305 γὰρ
2577 5233 2727 5304 νόμῳ
2747 5232 2841 5286 τοῦ
2868 5233 3003 5287 Θεοῦ
3027 5233 3124 5305 οὐχ
3159 5231 3527 5286 ὑποτάσσεται
3545 5248 3561 5262 ·
3596 5232 3715 5285 οἰδὲ

534 5383 580 5416 ⁸⁸
609 5382 818 5440 Coloss.
862 5398 922 5450 tt,
953 5384 1006 5441 9.
1083 5384 1125 5415 "
1160 5383 1324 5438 Zach.
1359 5398 1454 5451 xu,
1496 5382 1545 5437 ι.
1621 5382 1666 5413 ⁸⁸
1707 5382 1847 5441 Psal.
1880 5383 2136 5451 t.xxvt,7.
2211 5385 2255 5416 ³³
2300 5383 2456 5438 Rom.
2506 5399 2559 5450 v,
2604 5384 2687 5451 13,
2740 5384 2825 5439 l9.

1552 5537 1726 5593 Varia:
1753 5537 2010 5593 lectiones
2041 5537 2239 5594 codicis
2263 5538 2619 5611 Seguicrian..

527 5706 557 5748 7
589 5694 757 5765 παρὰ.
837 5705 856 5731 ι
885 5692 1185 5749 δικαίωσιν.
1266 5707 1287 5734 ιι
1315 5692 1833 5760 κατασταθήσονται.
1913 5691 1938 5731 ῖν
1973 5691 2197 5746 ςύνζςιν.
