3952 6200
332 257 471 315 13θὸ

1143 266 1234 321 AD
1275 264 1580 323 REGINAS
1622 265 1705 322 DE
1746 260 1973 319 RECTA
2016 259 2171 315 FIDE
2210 257 2468 316 ORATIO
2507 257 2804 315 ALTERA.

3444 251 3580 308 1566

328 382 440 449 γὰρ
484 366 727 434 δύναται.
782 402 798 431 ι
845 383 1184 455 Εύμηχᾶνως
1247 386 1540 457 τοιγαροῦν
1568 389 1598 440 ὁ
1639 385 1770 448 Θεὸς
1811 383 1889 437 κα¹

2014 381 2105 436 Dei
2130 397 2238 437 non
2269 390 2353 438 est
2389 381 2672 451 subjecta;
2707 393 2806 435 nec
2836 377 2980 434 enim
3022 383 3202 447 potest
3232 375 3299 430 '°.
3338 394 3356 425 ι
3392 374 3577 443 Itaque

214 464 227 477 ‘
330 468 528 539 Πατὴρ
555 470 1130 544 ἀνακεφαλαιούμενος
1157 476 1227 531 τὰ
1258 479 1435 532 πάντα
1464 480 1522 531 ἐν
1551 477 1628 546 τῷ
1656 474 1899 547 Χριστῷ,

330 562 422 614 καὶ
494 563 558 615 ἐκ
618 564 817 635 πολλῆς
878 565 1018 635 ἄγαν
1074 567 1411 638 ἡμερότητος
1472 570 1537 638 τῇ
1613 566 1901 639 ἀνθρώπου

328 655 856 726 πραγματευόμενος
893 656 1053 725 φύσει
1083 658 1182 725 τὴν
1228 658 1309 720 είς
1337 658 1476 729 ὅπερ
1510 654 1579 729 ἦν
1619 657 1901 720 ἐπάνοδον,

327 744 495 813 ἤγουν
542 746 897 817 ἀνακομιδὴν,
961 765 980 798 ι
1016 746 1366 811 ἐξαπέστειλε
1407 750 1501 801 τὸν
1540 748 1667 801 Υίὸν
1700 745 1898 810 αὑτοῦ,

326 834 618 902 γενόμενον
649 836 713 887 ἐκ
751 836 1031 901 γυναικὸς,
1074 855 1091 887 ι
1125 836 1212 889 ἵνα
1247 836 1309 889 τὸ
1353 838 1538 905 ὅμοιον
1566 838 1696 906 ἡμῖν
1742 836 1901 906 σῶμα

325 921 527 988 ).α6ὼν,
576 925 671 977 καὶ
705 925 838 978 ἴδιον
871 926 1039 979 αὑτοῦ
1086 927 1477 995 ποιησάμενος,
1508 926 1583 991 ὡς
1618 926 1902 998 ἄνθρωπος

328 1013 422 1065 ἐπὶ
460 1014 562 1083 γῆς
591 1014 790 1086 εὑρεθῇ
823 1018 851 1069 ό
906 1016 980 1087 μὴ
1012 1016 1168 1080 εἰδὼς
1219 1018 1513 1088 ἁμαρτίαν,
1557 1017 1698 1072 οὕτω
1728 1035 1787 1071 τε
1822 1020 1900 1081 είς

323 1104 473 1157 ἅπαν
502 1105 772 1174 κατήκοος
800 1105 1041 1173 γεγονὼς
1061 1105 1138 1176 τῷ
1155 1106 1274 1177 Θεῷ
1296 1107 1386 1160 καὶ
1411 1107 1606 1178 Πατρὶ,
1634 1108 1897 1178 δικαιώσῃ

320 1191 422 1261 τὴν
457 1192 745 1262 ἀνθρώπου
787 1193 952 1261 φύσιν
1005 1197 1063 1250 ἐν
1096 1186 1295 1266 ἐαυτῷ,
1334 1197 1562 1251 καὶτῶν
1594 1197 1687 1250 τοῦ
1733 1197 1897 1251 θανά-

319 1299 416 1335 του
446 1283 668 1353 δεσμῶν
705 1284 980 1353 ἐξέληται,
1013 1288 1233 1355 φύλλοις
1266 1300 1287 1328 ο
1316 1290 1738 1360 ἀναμαρτησίας
1778 1306 1899 1343 στε-

323 1374 664 1443 φανούμενος
696 1375 721 1414 ά
759 1376 909 1447 παρὰ
950 1379 1046 1432 τοῦ
1079 1380 1215 1433 Θεοῦ
1249 1382 1345 1435 καὶ
1388 1382 1619 1451 Πατρός.
1655 1381 1762 1434 Καὶ
1790 1380 1898 1451 γάρ

323 1466 442 1517 ἐστι
471 1464 580 1518 τῶν
629 1465 848 1521 ἀτόπων
871 1506 886 1528 ,
936 1468 1306 1540 κληρονόμους
1361 1470 1460 1539 μὲν
1495 1471 1641 1540 ἡμᾶς
1672 1468 1771 1537 τῆς
1805 1470 1897 1523 τοῦ

322 1556 538 1627 πρώτου
576 1558 833 1625 γενέσθαι
878 1560 1056 1631 δίκης,
1109 1562 1343 1624 ἐνιέντος
1370 1564 1437 1631 τῇ
1473 1560 1651 1631 φθορᾷ
1681 1560 1770 1615 διὰ
1798 1563 1898 1631 τῆς

324 1648 609 1719 παρακοῆς
628 1646 754 1719 ’τῆς
775 1650 832 1703 δέ
862 1650 954 1703 τοῦ
981 1652 1235 1723 δευτέρου
1257 1652 1603 1721 δικαιοσύνης
1630 1651 1705 1722 μὴ
1728 1669 1895 1722 μετα·

322 1741 528 1810 λαχεῖν,
574 1741 997 1812 ἀνακομίζοντος
1048 1721 1310 1815 είςῖζωὴν
1354 1743 1442 1798 διὰ
1484 1746 1584 1814 τῆς
1632 1721 1896 1807 είςνᾶπαν
1928 1721 1968 1775 Β

322 1831 588 1899 ὑπακοῆς.
642 1834 813 1887 Ὅταν
842 1829 936 1887 οῦν
974 1834 1107 1905 λέγῃ
1146 1835 1207 1887 τὸ
1250 1835 1489 1905 Γράμμα
1530 1834 1589 1887 τὸ
1618 1834 1785 1905 ἱερὸν,
1828 1834 1894 1887 δι’

325 1922 574 1992 ὑπακοῆς
605 1906 721 1987 ἐνὸς
761 1926 1144 1980 δεδικαιῶσθαι
1187 1926 1438 1991 πολλοὺς,
1481 1926 1582 1980 οὑκ
1610 1926 1896 1997 ἄνθρωπον

317 2013 504 2077 ἁπλῶς
549 2016 646 2068 ἕνα
680 2017 790 2069 τῶν
829 2016 950 2069 καθ’
995 2019 1144 2087 ἡμᾶς
1178 2020 1257 2080 εἰς
1285 2017 1444 2070 τοῦτο
1476 2016 1896 2087 παραληφθῆναι

318 2123 525 2177 φαμεν,
566 2107 1033 2179 ἐνηνθρωπηκότα
1082 2110 1138 2161 δὲ
1192 2109 1395 2177 μᾶλλον
1438 2109 1530 2161 τὸν
1586 2109 1891 2178 Μονογενῆ,

318 2198 415 2250 καὶ
466 2198 707 2267 ὑπήκοον
740 2199 882 2268 ὑπὲρ
915 2198 1075 2268 ἡμῶν
1119 2199 1382 2266 γεγονότα
1421 2197 1500 2267 τῷ
1528 2198 1720 2267 Πατρί.
1760 2216 1777 2248 ι
1816 2198 1891 2249 Οὑ

317 2289 429 2359 γὰρ
464 2290 724 2359 ἐποίησεν
763 2291 1062 2359 ἁμαρτίαν,
1107 2291 1229 2343 ούδέ
1276 2288 1473 2361 εὑρέθη
1523 2289 1674 2353 δόλος
1726 2291 1783 2343 ἐν
1814 2287 1891 2359 τῷ

317 2380 545 2452 στόματι
580 2379 766 2447 αὐτοῦ,
814 2400 830 2433 ι
873 2381 1016 2435 καθὰ
1049 2382 1379 2453 γέγραπται.

385 2656 516 2713 Kl".
558 2675 575 2709 ι
632 2657 794 2725 Λέγω
842 2655 949 2728 γὰρ
985 2657 1221 2727 Χριστὸν
1267 2657 1515 2712 διάκονον
1560 2656 1890 2728 γεγενῆσθαι

318 2749 619 2819 περιτομῆς
647 2747 789 2814 ὑπὲρ
816 2748 1075 2817 ἀληθείας
1091 2748 1249 2812 Θεοῦ,
1283 2750 1369 2812 εἰς
1387 2748 1451 2802 τὸ
1480 2748 1774 2820 βεϐαιῶσαι
1793 2750 1891 2815 τάς

317 2840 790 2908 ἐπαγγελίαςοτῶν
832 2842 1117 2913 πατέρων·
1163 2844 1229 2897 τὰ
1274 2842 1333 2897 δέ
1360 2843 1487 2915 ἔθνη
1541 2842 1681 2916 ὑπὲρ
1707 2845 1892 2908 ἐλέους

315 2930 539 2995 δοξάσαι
565 2928 657 2982 τὸν
688 2930 836 2983 Θεόν.
881 2949 898 2981 ι
944 2930 1210 2987 Ἰουδαίων
1255 2931 1395 2987 εἶναι
1421 2934 1520 2996 τὰς
1557 2934 1890 3003 ἐπαγγελίας

313 3020 415 3121 τὰς
446 3024 557 3083 τοῖς
583 3023 821 3093 πατράσι
843 3005 1047 3095 δεδωρη
1058 3024 1223 3094 μένας
1246 3027 1274 3079 ὁ
1305 3026 1589 3092 θεσπέσιος
1617 3027 1720 3097 ἔφη
1740 3028 1883 3081 Παῦ⁸
1913 3064 1955 3121 C

314 3107 430 3174 λος.
470 3111 1052 3183 Προανεκεκράγεισαν
1088 3115 1145 3168 δέ
1177 3116 1270 3169 καὶ
1302 3118 1351 3169 οἱ
1378 3119 1634 3187 μακάριοι
1672 3118 1886 3189 προψῆ-

315 3217 407 3255 ται
431 3202 560 3273 περ]⁹
589 3202 852 3273 Χριστοῦ,
883 3204 964 3257 ὃτι
988 3204 1147 3268 αὑτὸς
1182 3205 1333 3259 ἔσται
1363 3208 1660 3277 προσδοκία
1695 3207 1881 3262 ἐθνῶν.

316 3291 528 3346 Οὑκοῦν
578 3293 607 3345 ὁ
660 3294 866 3364 Κύριος
915 3295 1074 3366 ἡμῶν
1126 3296 1334 3366 Ἰησοῦς
1378 3298 1610 3368 Χριστὸς
1646 3301 1755 3362 τοῖς
1791 3298 1886 3352 τοῦ

317 3383 531 3456 Πατρὸς
562 3383 795 3453 νεύμασι
830 3386 1113 3452 συναινῶν,
1138 3386 1331 3455 γέγονε
1364 3389 1462 3459 μὲν
1486 3391 1552 3459 τῇ
1592 3392 1884 3461 περιτομῇ,

312 3476 561 3529 τουτέστι
587 3480 699 3539 τοῖς
725 3477 1020 3543 Ἰουδαίοις,
1052 3478 1320 3543 διάκονος,
1354 3481 1433 3543 εἰς
1466 3480 1755 3549 βεϐαίωσιν
1779 3482 1887 3534 τῶν

313 3565 373 3618 ἐν
404 3567 516 3628 τοῖς
558 3568 834 3638 Πατρόισιν
873 3568 1332 3638 ἐπηγγελμένων·
1388 3570 1574 3640 εἴρητο
1615 3570 1755 3642 γὰρ,
1806 3572 1886 3626 ὅτι

321 3674 340 3708 ι
391 3656 448 3709 ’0
480 3656 689 3718 δίκαιος
725 3659 789 3709 ἐκ
822 3657 1058 3723 πίστεως
1095 3661 1350 3732 ζήσεται·
1403 3679 1420 3711 ι
1464 3664 1577 3723 τοῖς
1600 3678 1664 3728 γε
1693 3662 1801 3731 μὴν
1828 3663 1887 3725 ἐξ

314 3747 485 3801 ἐθνῶν
517 3748 742 3816 εὐλογία
789 3754 1134 3822 πνευματικὴ
1167 3754 1261 3806 καὶ
1293 3752 1574 3817 ζωοποιὸς,
1608 3753 1748 3806 ῶστε
1790 3753 1887 3808 καὶ

314 3838 517 3901 αὑτοὺς
570 3840 906 3910 ἠλεημένους
950 3844 1039 3897 διὰ
1083 3844 1184 3914 τῆς
1237 3845 1493 3907 πίστεως,
1536 3843 1887 3914 δοξολογῆσαι

312 3929 468 3983 Θεόν.
532 3932 667 3986 Ἀλλ’
723 3936 773 3987 εί
834 3937 928 3989 καὶ
975 3936 1166 4005 γέγονε
1205 3937 1450 4000 διάκονος
1505 3937 1882 4008 ἀνθρωπίνως,

311 4020 427 4073 ἀλλ’
451 4016 548 4075 οῦν
583 4022 658 4086 ὡς
691 4024 826 4088 Θεὸς
859 4025 1189 4097 κηρύττεται
1225 4029 1341 4090 τοῖς
1373 4045 1431 4083 τε
1472 4030 1535 4081 ἐκ
1563 4028 1882 4099 περιτομῆς,

313 4111 409 4164 καὶ
440 4111 625 4181 μέντοι
653 4117 765 4176 τοῖς
798 4114 857 4179 ἐξ
895 4115 1094 4168 ἐθνῶν’
1141 4116 1435 4189 κέκληνται
1466 4117 1574 4188 γὰρ
1603 4120 1683 4180 είς
1711 4117 1881 4186 ζωὴν,

311 4200 412 4271 οὑχ
436 4201 511 4264 ὼς
537 4203 617 4265 είς
637 4202 737 4256 ἕνα
762 4204 871 4269 τῶν
896 4204 1020 4259 καθ’
1048 4208 1193 4277 ἡμᾶς
1216 4206 1504 4278 ἄνθρωπον
1536 4206 1741 4270 ἁπλῶς.
1767 4206 1883 4260 ἀλλ’

309 4290 389 4354 ὡς
416 4292 495 4354 είς
524 4292 657 4347 Θεὸν
692 4294 1085 4360 πιστεύσαντες
1114 4299 1194 4361 είς
1229 4298 1462 4369 Χριστόν
1483 4315 1497 4329 ο
1532 4298 1627 4351 καὶ
1653 4298 1754 4351 οὑκ
1779 4296 1883 4362 ἔξω

2010 473 2155 529 Deus
2207 473 2367 528 Pater
2420 474 2554 526 mira
2599 472 2831 541 quadam
2881 470 3202 525 dexteritate
3245 468 3425 525 onmia
3483 482 3578 536 per

2006 562 2282 617 Christum
2333 562 2762 623 instauraturus,
2817 560 3173 628 humanaque
3223 567 3429 611 natura:
3490 570 3577 609 re-

2006 668 2287 725 gressum,
2346 653 2450 708 hoc
2501 661 2582 708 est
2628 651 3144 721 redintegrationem
3196 649 3264 703 ad
3324 649 3375 703 id
3430 648 3572 716 quod

2005 743 2299 814 aliquando
2345 744 2555 809 fuerat,
2608 742 2847 797 maxima
2881 741 3212 812 benignitate
3246 738 3568 793 conciliatu-

2006 849 2121 900 rus,
2157 852 2177 886 ι
2215 834 2363 889 misit
2395 833 2587 888 Filium
2619 848 2774 888 suum
2818 832 3019 886 factum
3058 845 3122 883 ex
3157 829 3381 883 muliere
3413 827 3453 859 ⁸¹
3482 845 3495 892 ;
3551 846 3568 876 ι

2003 939 2111 992 quo
2158 924 2414 978 nimirum
2473 940 2669 994 corpus
2717 933 2903 978 nostro
2956 922 3155 985 simile,
3201 921 3414 989 sibique
3453 934 3576 986 pro-

2003 1016 2179 1084 prium
2214 1015 2413 1069 factum
2462 1031 2768 1078 assumens,
2823 1025 3077 1083 tanquam
3130 1015 3291 1068 homo
3324 1015 3377 1066 in
3418 1012 3578 1066 terris

2004 1117 2287 1176 appareret
2338 1108 2428 1177 qui
2482 1117 2566 1164 est
2612 1109 2790 1163 omnis
2849 1108 3055 1177 peccati
3112 1108 3374 1178 ignarus;
3415 1115 3577 1173 atque

2005 1199 2074 1252 ita
2114 1201 2221 1254 Deo
2249 1198 2394 1254 Patri
2441 1215 2537 1270 per
2576 1200 2756 1254 omnia
2801 1199 3113 1261 obsecutus,
3148 1199 3442 1252 lmmanam
3475 1212 3573 1247 na-

2006 1300 2179 1343 turam
2205 1290 2256 1343 in
2297 1291 2590 1358 semetipso
2624 1289 2973 1361 justiﬁcaret,
3012 1290 3313 1358 mortisque
3344 1286 3573 1342 vinculis
3636 1346 3649 1363 ι

2002 1381 2287 1444 eximeret,
2319 1380 2483 1452 146
2513 1381 2834 1436 innocentiae
2864 1381 2999 1435 stola
3024 1396 3052 1435 a
3092 1380 3199 1436 Deo
3232 1380 3390 1434 Patre
3423 1394 3575 1434 coro-

2003 1474 2258 1526 nandam.
2312 1472 2955 1541 Etenimperabsurdum
2998 1472 3179 1536 fuerit,
3240 1487 3334 1539 per
3390 1471 3573 1524 inobc—

2002 1563 2261 1616 dieatiam
2313 1564 2514 1633 prioris
2557 1564 2686 1618 Adm
2720 1564 2788 1617 ad
2822 1573 3050 1618 mortem
3077 1574 3129 1617 et
3164 1563 3571 1631 corruptionem

2001 1650 2410 1719 praecipitantis,
2447 1652 2815 1706 damnationis
2850 1653 3092 1707 haercdes
3122 1651 3446 1707 constitutos
3474 1665 3572 1703 nos

1999 1756 2162 1807 esse;
2208 1739 2431 1807 iustitia:
2467 1756 2597 1797 vero
2637 1743 2955 1812 posterioris
3003 1756 3096 1813 per
3137 1749 3569 1797 consummatam

2001 1833 2144 1888 illam
2198 1834 2561 1889 obedientiam
2615 1835 2668 1888 in
2719 1836 2885 1890 vitam
2943 1834 3274 1899 reducentis,
3325 1842 3572 1887 exsortes

2000 1940 2099 1980 nos
2130 1941 2369 1979 manere.
2428 1925 2563 1980 Cum
2615 1927 2795 1996 itaque
2838 1927 3022 1981 divina
3056 1926 3337 1995 Scriptura
3372 1924 3570 1977 multos

1997 2030 2093 2085 per
2143 2017 2302 2071 unius
2363 2018 2725 2073 obeditionem
2787 2018 3115 2085 juslilicatos
3180 2016 3397 2079 asserit,
3462 2030 3565 2067 non

1995 2107 2294 2176 simplicem
2324 2106 2580 2176 aliquem,
2603 2120 2910 2177 nostrzeque
2934 2106 3262 2164 conditionis
3295 2105 3564 2159 hominem

1996 2200 2062 2251 ad
2093 2200 2193 2252 hoc
2221 2210 2557 2265 assumptum
2604 2199 2846 2269 cogitare
2890 2199 3150 2254 debemus
3179 2214 3193 2263 ;
3225 2197 3317 2249 sed
3357 2198 3563 2265 ipsum-

1996 2296 2107 2342 met
2141 2288 2485 2359 Unigenitum
2518 2289 2791 2344 hominem
2824 2289 3048 2353 factum,
3081 2290 3169 2357 qui
3205 2287 3561 2342 obedientiam

1994 2381 2138 2436 Patri
2188 2396 2285 2450 pro
2330 2380 2583 2435 omnibus
2625 2380 2897 2451 praestitit.
2935 2380 2983 2435 Is
3011 2381 3153 2436 enim
3178 2387 3285 2444 est,
3324 2377 3440 2447 qui,
3484 2387 3566 2431 at-

1996 2482 2228 2528 testante
2278 2471 2581 2543 Scriptura,
2651 2489 2669 2522 ι
2718 2481 2999 2540 peccatum
3052 2487 3158 2525 non
3207 2469 3357 2535 fecit,
3391 2483 3563 2538 neque

1991 2565 2147 2621 dolus
2172 2548 2423 2619 int'entus
2450 2575 2531 2619 est
2562 2565 2613 2617 in
2644 2579 2738 2618 ore
2768 2563 2885 2631 ejus
2908 2564 2974 2616 ⁸⁸.
3007 2584 3025 2616 ι

2066 2656 2252 2711 XXI".
2292 2674 2309 2707 ι
2354 2655 2482 2710 Dico
2510 2656 2653 2709 enim
2688 2654 2968 2710 Christum
3018 2654 3204 2710 Jesum
3254 2655 3561 2711 ministrum

1992 2747 2161 2802 fuisse
2214 2746 2645 2803 circumcisionis
2696 2758 2916 2818 propter
2971 2750 3251 2804 veritatem
3312 2750 3422 2813 Dei,
3486 2751 3551 2805 ad
3638 2765 3642 2769 '

1992 2838 2392 2894 conﬁrmandas
2444 2840 2833 2907 promissioncs
2865 2852 3075 2909 patrum
3121 2859 3135 2895 :
3167 2851 3357 2912 gentes
3383 2852 3559 2896 autent

1990 2943 2151 2997 Super
2176 2927 2547 2982 misericordia
2581 2928 2851 2983 honorare
2879 2929 3043 2984 Deum
3083 2931 3145 2986 ³³.
3191 2950 3208 2981 ι
3239 2931 3560 2986 Promissio-

1992 3034 2084 3073 ncs
2122 3019 2367 3089 patribus
2418 3018 2585 3074 factas
2631 3019 2696 3074 ad
2748 3017 2962 3077 Judazos
3005 3020 3275 3103 pertinere
3308 3023 3563 3091 praedicat

1996 3109 2212 3164 divinus
2267 3108 2482 3164 Paulus.
2531 3110 2598 3164 At
2646 3112 2922 3181 propheta:
2977 3112 3252 3167 Christum
3317 3116 3559 3182 gentium

1994 3200 2451 3267 exspectationem
2480 3200 2614 3269 fore,
2644 3201 2755 3271 jam
2785 3202 2985 3256 dudum
3017 3213 3142 3256 ante
3164 3203 3551 3269 pratdixerant.

1992 3292 2178 3361 Itaque
2206 3292 2464 3347 Dominus
2496 3303 2681 3349 noster
2713 3292 2873 3349 Jcsus
2900 3292 3151 3348 Christus
3180 3294 3361 3348 Patris
3404 3295 3557 3350 nutui

1989 3399 2109 3439 sese
2132 3382 2497 3449 conformans,
2522 3385 2977 3450 circmncisionis,
2997 3385 3098 3439 hoc
3124 3395 3226 3451 est,
3253 3384 3558 3439 .ludazorum

1990 3471 2237 3526 minister
2271 3472 2443 3525 factus
2473 3483 2575 3536 εει,
2608 3473 2673 3525 ad
2702 3474 3116 3541 promissionum
3151 3490 3270 3545 quae
3320 3474 3561 3544 patribus

1990 3562 2144 3619 facta:
2181 3562 2395 3619 fuerant
2428 3565 2952 3622 corroborationem.
2992 3566 3209 3621 Dictum
3267 3567 3411 3622 enim
3446 3565 3561 3619 fue-

1992 3666 2112 3710 rat:
2161 3675 2178 3707 ι
2216 3655 2407 3713 Justus
2455 3672 2520 3711 ex
2566 3658 2667 3712 ﬁde
2706 3658 2849 3712 vivet
2873 3658 2918 3691 ³⁸
2953 3675 2965 3711 :
3005 3677 3027 3710 ι
3073 3661 3326 3730 gentibus
3377 3671 3557 3713 autem

1991 3747 2201 3801 viviﬁca
2248 3757 2301 3802 et
2332 3748 2595 3817 spiritalis
2628 3749 2954 3814 benedictio,
2987 3760 3044 3803 ut
3072 3762 3127 3804 et
3166 3750 3296 3818 ipsa:
3343 3765 3559 3820 quoque

1989 3852 2085 3905 per
2143 3837 2299 3892 ﬁdem
2351 3849 2579 3899 vocatae.
2636 3855 2701 3892 ac
2750 3839 3181 3895 misericordiam
3232 3852 3559 3906 consecutae,

1991 3928 2156 3981 Deum
2193 3926 2516 3998 gloriﬁcent.
2554 3925 3043 3984 Verumenimvero
3087 3930 3214 3985 licet
3258 3932 3558 3985 secundum

1989 4018 2279 4072 humanam
2332 4028 2581 4072 naturam
2635 4017 2810 4072 factus
2867 4020 2938 4075 sit
2994 4020 3263 4086 minister,
3320 4032 3556 4077 attamen

1991 4121 2097 4164 tam
2141 4110 2205 4163 iis
2238 4109 2326 4178 qui
2362 4124 2428 4164 ex
2479 4109 2900 4165 circumcisione
2944 4121 3087 4176 sunt,
3132 4127 3302 4189 gnam
3348 4116 3597 4177 czeteris,

1988 4215 2200 4269 quoque
2262 4201 2352 4269 qui
2429 4216 2495 4255 ex
2550 4202 2819 4270 gentibus,
2864 4204 3220 4258 annuntiatur
3281 4213 3339 4258 ut
3396 4203 3557 4259 Deus.

1993 4291 2215 4360 Utrique
2243 4291 2386 4346 enim
2420 4292 2473 4346 in
2520 4291 2796 4348 Christum
2831 4310 2937 4349 non
2967 4306 3219 4366 tanquam
3244 4298 3302 4351 iu
3339 4312 3558 4366 purum.

312 4379 536 4448 σαρκὸς,
555 4382 723 4451 ἤγουν
748 4383 1186 4456 ἀνθρωπότητος,
1202 4386 1293 4439 τὸν
1312 4386 1376 4438 ἐκ
1400 4385 1535 4438 Θεοῦ
1561 4385 1730 4454 Λόγον
1751 4387 1882 4455 δμο-

1998 4392 2298 4453 nostraeque
2330 4384 2494 4438 sortis
2522 4385 2819 4452 hominem,
2853 4388 2948 4442 sed
2983 4398 3236 4458 tanquam
3288 4388 3341 4442 in
3390 4387 3557 4443 Deum

311 4469 592 4538 λογοῦντες
626 4474 915 4545 ὑπάρχειν,
950 4478 1370 4548 σεσαρκωμένον
1393 4477 1448 4531 δὲ
1482 4476 1575 4532 κα]⁵
1612 4475 1882 4548 ἐνανθρω-

310 4563 557 4634 ’δήσαντα
584 4568 1012 4636 προσκυνοῦντες
1037 4570 1218 4625 αὑτόν.

382 4827 510 4885 KA’.
551 4850 569 4883 ι
605 4831 678 4884 Τὸ
706 4832 815 4902 γάρ
848 4848 930 4885 τοι
958 4829 1110 4903 ῥῆμα
1134 4829 1231 4901 τῆς
1261 4832 1515 4897 πίστεως,
1540 4833 1569 4885 ὃ
1611 4832 1880 4903 κηρύσσο-

316 4939 436 4994 μεν,
478 4922 755 4995 διατρανοῖ
784 4924 955 4992 λέγων
993 4924 1021 4977 ὁ
1053 4922 1319 4994 μακάριος
1361 4923 1591 4988 Παῦλος,
1624 4924 1748 4978 Ὅτι
1784 4925 1879 4978 ἐὰν

316 5017 476 5087 εἴπῃς
512 5018 571 5070 ἐν
602 5016 681 5087 τῷ
715 5017 944 5088 στόματί
991 5034 1106 5080 σου,
1142 5015 1343 5083 Κύριος
1394 5013 1621 5085 Ἰησοῦς,
1665 5016 1759 5068 καὶ
1790 5032 1879 5068 πι-

319 5108 545 5180 στεύσῃς
585 5111 643 5163 ἐν
673 5112 739 5181 τῇ
779 5108 976 5181 καρδία
1001 5125 1117 5171 σου,
1149 5108 1278 5160 ὃτιό
1306 5105 1437 5169 Θεὸς
1465 5105 1627 5160 αὑτὸν
1660 5107 1882 5177 ἤγειρεν

314 5201 379 5252 ἐκ
407 5201 635 5271 νεκρῶν,
662 5200 902 5273 σωθήσῃ.
940 5220 958 5252 ι
992 5197 1123 5255 Εἶτα
1149 5200 1265 5263 πῶς
1292 5198 1357 5252 ἂν
1382 5199 1447 5252 ἐκ
1475 5198 1686 5270 νεκρῶν
1719 5201 1878 5266 ἐγερ-

385 5337 430 5369 ³⁰
471 5336 625 5393 Rom.
663 5355 783 5404 νιιι,
810 5339 860 5393 7.
971 5339 1010 5370 ³³
1045 5337 1217 5395 Calat.
1250 5352 1324 5403 tv,
1364 5336 1419 5391 4.

317 5424 370 5470 x.
400 5408 453 5472 7,
497 5413 549 5463 ὅ.

1527 5335 1613 5390 ιιι
1648 5333 1794 5391 Pctr.
1822 5348 1881 5399 ιι,
1911 5332 2001 5387 22.
2080 5332 2126 5365 ³³
2155 5331 2311 5387 Rom.
2353 5347 2442 5397 xv,
2499 5336 2551 5400 8,
2586 5337 2637 5392 9.

1989 4475 2312 4540 credentes;
2360 4489 2533 4546 neque
2580 4475 2670 4529 Dei
2717 4476 2947 4533 Verbum
2982 4490 3135 4533 extra
3160 4495 3403 4543 carnem,
3457 4481 3559 4534 hoc

1990 4575 2072 4620 est
2129 4565 2421 4620 humanam
2470 4575 2744 4631 naturam,
2795 4569 3029 4638 positum
3083 4571 3433 4639 proﬁtentes,
3463 4574 3557 4623 sed

1992 4658 2348 4720 incarnatmu,
2409 4672 2643 4728 vereque
2698 4659 2968 4713 hominem
3013 4659 3215 4715 factum
3244 4662 3552 4725 adorantes,

1989 4747 2162 4801 vocati
2202 4756 2329 4803 sunt
2356 4750 2423 4801 ad
2448 4749 2634 4803 vitam.

2057 4835 2246 4890 XXIV.
2286 4854 2304 4887 ι
2344 4835 2575 4891 Verbum
2610 4848 2786 4894 autem
2840 4839 2960 4895 ﬁdei
3013 4840 3155 4910 quod
3198 4842 3556 4911 praedicamus

1988 4926 2289 4998 (inquiebat
2316 4927 2645 4998 Apostolus),
2686 4932 2785 4984 hoc
2822 4940 2946 4985 est:
2992 4931 3127 4999 Quia
3161 4933 3205 4986 si
3245 4936 3556 4990 conﬁtearis

1988 5017 2039 5070 in
2058 5030 2151 5071 ore
2172 5027 2264 5071 tuo
2287 5017 2566 5073 Dominum
2584 5021 2789 5085 Jcsum,
2813 5031 2865 5075 et
2884 5021 2936 5076 in
2964 5024 3124 5077 corde
3143 5032 3235 5077 tuo
3259 5025 3552 5077 credideris

1985 5107 2125 5174 quod
2146 5107 2285 5163 Deus
2311 5107 2455 5161 illmn
2485 5110 3074 5178 suscitavitamortuis,
3098 5113 3277 5169 salvus
3306 5115 3414 5169 eris
3434 5115 3498 5166 ³⁸.
3528 5135 3546 5168 ι

1980 5188 2098 5251 3am
2138 5211 2260 5252 cum
2302 5196 2440 5253 Deus
2475 5210 2660 5269 suapte
2688 5212 2877 5255 natura
2902 5203 2971 5255 sit
3008 5204 3345 5269 immortalis,
3406 5205 3449 5259 si
3472 5206 3551 5259 in-

2754 5338 2798 5369 ”
2829 5338 2991 5394 llebr.
3040 5356 3091 5403 χ,
3146 5341 3233 5396 58.
3313 5342 3357 5375 ³⁸
3389 5342 3550 5405 Rom.

1407 5521 1579 5576 Varia:
1608 5519 1863 5578 lectiones
1888 5518 2093 5575 codicis
2120 5518 2472 5590 Seguicriani.

321 5659 342 5689 ι
375 5646 573 5720 ἄθλοις,
604 5651 639 5719 ἦ
671 5650 900 5717 στολαῖς.
977 5649 1002 5691 ά
1033 5652 1519 5727 στεφανουμένηνη
