3952 6200
420 295 559 354 1367

1436 296 1494 354 S.
1519 296 1795 355 CYRILLI
1831 293 2296 372 ΑιεχΑΝοιιιΝι
2336 296 2657 355 ΑιιοιιιΕιι.

3539 300 3693 355 1568

417 415 753 472 caruationis
770 413 1074 471 doctrinam
1098 430 1203 470 non
1219 414 1576 483 admittimus,
1608 415 1765 487 147
1780 427 1991 482 corpus

2104 410 2263 482 θῆναι
2314 412 2546 482 λέγοιτο,
2596 410 2775 467 καίτοι
2822 414 2920 483 τὴν
2967 414 3129 483 φύσιν
3173 414 3440 477 ἀθάνατος
3486 414 3565 468 ὣν
3606 416 3696 478 ὡς

417 505 679 575 quequod
710 505 843 560 mori
881 513 1084 574 posset,
1110 505 1212 559 sibi
1241 506 1518 575 proprium
1554 505 1750 560 fecisse
1786 502 1967 558 inficia

416 610 558 662 mur,
585 597 856 666 quomodo
887 611 952 651 ex
987 596 1216 651 mortuis
1254 596 1618 652 resurrexisse
1642 605 1790 652 recte
1813 596 1998 652 dicere

416 693 744 763 poterimus?
760 690 815 747 in
836 694 1074 749 humano
1095 693 1277 762 itaque
1294 706 1526 762 corpore
1537 692 1679 761 quod
1694 705 2000 761 assumpsr

418 794 764 851 rat,mortem
789 787 1069 841 sustinuit:
1088 785 1267 840 divina
1292 794 1472 840 autem
1493 786 1716 849 virtute,
1739 794 1994 855 tanquam

417 878 530 932 vita
559 886 613 932 et
643 877 979 948 incorruptio
997 878 1288 943 exsistens,
1321 892 1384 932 ex
1410 877 1641 932 mortuis
1673 880 1992 932 resurrexit.

492 967 654 1025 XXV.
699 989 717 1023 t
756 969 888 1025 Nam
921 985 1071 1024 arma
1108 969 1314 1024 tnilitize
1355 979 1552 1024 nostra:
1594 985 1700 1025 non
1750 971 2000 1025 carnalia‘

417 1070 566 1127 sunt,
591 1060 685 1117 sed
716 1063 954 1131 potentia
1007 1062 1143 1125 Deo,
1173 1062 1240 1116 ad
1283 1062 1710 1131 destructionem
1735 1063 1995 1117 munitio-

418 1166 569 1217 num,
615 1152 842 1206 consilia
889 1162 1224 1217 evertentes,
1275 1162 1330 1207 et
1380 1168 1598 1207 omnem
1650 1152 1993 1209 altitudinem

417 1241 765 1298 extollentem
806 1258 866 1298 se
897 1245 1164 1299 adversus
1186 1244 1550 1312 cognitionem
1584 1245 1709 1311 Dei;
1735 1255 1791 1301 et
1820 1246 1994 1314 capti-

415 1343 607 1389 vantes
654 1349 870 1389 omnem
924 1335 1259 1391 intellectum
1307 1336 1360 1390 in
1414 1337 1778 1393 obedientiam
1829 1336 1993 1394 Chri-

416 1423 486 1477 sti
516 1422 581 1478 ".
624 1442 644 1477 ι
681 1422 886 1480 Bellum
915 1426 1057 1496 quod
1102 1426 1277 1481 sancti
1328 1439 1544 1497 gerunt,
1592 1443 1702 1483 non
1731 1439 1814 1485 est
1844 1442 1994 1483 cras-

416 1532 537 1571 sum
583 1528 677 1571 aut
730 1519 1015 1587 corporale
1046 1561 1061 1587 ,
1107 1521 1202 1575 sed
1247 1520 1447 1576 subtile
1499 1530 1554 1577 et
1608 1521 1871 1592 spiritale.
1914 1520 1992 1576 illi

416 1609 560 1664 enim
608 1612 979 1666 commendari
1040 1611 1217 1667 solent
1268 1628 1332 1667 ac
1387 1614 1672 1680 celebrari,
1708 1631 1814 1671 non
1866 1616 1993 1683 quia

415 1700 716 1770 corporalia
745 1692 960 1757 rihrcnt
991 1718 1163 1768 arma,
1194 1713 1287 1758 aut
1319 1703 1630 1759 lancearnm
1654 1708 1991 1775 cuspidibus,

2096 502 2250 569 Θεὸς,
2287 504 2336 557 εί
2366 504 2442 575 μὴ
2476 504 2889 576 πρπισδέξαιτό
2906 522 2990 569 τις
3019 508 3145 570 τοὺς
3176 507 3310 577 περὶ-
3327 505 3695 578 ἑνανθρωπή-

2098 611 2235 659 σεως
2274 594 2496 663 λόγους,
2530 595 2805 667 διατεθείη
2832 614 2914 665 τε,
2948 597 3031 653 ὅτι
3060 597 3123 651 τὸ
3154 597 3402 666 πεφυκὸς
3428 595 3685 668 ἀποθνή-

2097 703 2248 743 σκειν
2295 688 2426 742 ἴδιον
2469 689 2770 760 ἐποιήσατο
2802 690 3000 760 σῶμα;
3048 691 3158 744 Καὶ
3194 691 3457 761 ὑπέμεινε
3498 691 3599 760 μὲν
3628 695 3695 745 ὲν

2094 777 2243 849 αὐτῷ
2264 779 2355 833 τὸν
2382 778 2611 833 θάνατον
2629 780 3005 851 ἀνθρωπίνως,
3035 781 3239 838 ἀνεϐίω
3265 781 3324 835 δὲ
3353 781 3578 847 θεῖκῶς,
3604 783 3692 846 ὡς

2095 873 2373 943 ἀφθαρσία
2402 874 2496 926 καὶ
2524 873 2659 944 ζωή.

2168 964 2299 1019 KE’.
2340 982 2361 1015 ι
2389 965 2471 1017 Τὰ
2512 965 2623 1035 γὰρ
2649 964 2792 1019 ὅπλα
2820 965 2918 1036 τῆς
2949 967 3240 1038 στρατείας
3265 964 3424 1037 ἡμῶν
3453 967 3515 1020 οὗ
3546 983 3690 1039 σαρ-

2095 1054 2247 1116 κικὰ,
2278 1053 2416 1108 ἀλλά
2453 1055 2655 1110 δυνατά
2695 1055 2776 1127 τῷ
2801 1056 2920 1128 Θεῷ
2954 1058 3092 1128 πρὸς
3119 1057 3440 1129 καθαίρεσιν
3470 1057 3690 1129 ὀχυρω-

2098 1146 2309 1216 μάτων,
2358 1146 2657 1218 λογισμοὺς
2721 1148 3116 1221 καθαιροῦντα,
3168 1150 3264 1203 καὶ
3312 1151 3425 1203 πᾶν
3476 1149 3688 1219 ὕψωμα

2094 1238 2457 1311 ἐπαιρόμενον
2487 1238 2632 1294 κατὰ
2667 1220 2767 1311 cii;
2790 1240 3047 1309 γνώσεως
3075 1240 3171 1294 τοῦ
3192 1239 3329 1292 Θεοῦ
3349 1282 3364 1305 ,
3387 1240 3484 1294 καὶ
3509 1242 3686 1311 αἰχμο

2093 1330 2429 1397 αλωτίζοντα
2449 1333 2559 1386 πᾶν
2573 1333 2752 1404 νόημα
2785 1334 2866 1397 είς
2882 1332 2982 1404 τὴν
2999 1333 3245 1403 ὑπακοὴν
3260 1333 3352 1387 τοῦ
3371 1334 3643 1404 Χριστοῦ.
3661 1354 3682 1385 ι

2095 1421 2171 1475 Οὐ
2200 1422 2375 1492 παχὺς
2402 1422 2500 1476 καὶ
2532 1424 2868 1493 σωματικδς,
2908 1424 3088 1494 ίσχνδς
3111 1424 3168 1478 δὲ
3202 1424 3403 1494 μᾶλλον
3441 1424 3539 1475 καὶ
3559 1440 3687 1493 νοηο

2093 1511 2184 1575 τὸς
2216 1512 2322 1565 τῶν
2362 1513 2532 1581 ἁγίων
2557 1516 2586 1568 ὁ
2630 1515 2889 1586 πόλεμος.
2927 1514 3167 1569 Είὼθασι
3201 1515 3309 1587 γάρ
3342 1515 3683 1583 εὐδοκιμεῖν,

2094 1603 2193 1674 οὐχ
2220 1604 2361 1657 ὅπλα
2396 1604 2673 1669 κινοῦντες
2720 1607 2983 1678 σαρκικὰ,
3017 1606 3113 1661 καὶ
3141 1610 3263 1669 ταῖς
3294 1607 3406 1660 τῶν
3432 1606 3687 1677 δοράτων

2095 1695 2321 1764 ἀκμαῖς,
2355 1696 2522 1767 ἤγουν
2545 1700 2664 1760 ταῖς
2682 1698 2792 1752 τῶν
2821 1698 2990 1769 βελῶν
3013 1699 3340 1769 εὐστοχίαις,
3373 1697 3682 1769 χρώμενοι,

418 1789 503 1845 νει
561 1790 790 1846 telorum
845 1792 1086 1863 iactibus
1141 1803 1269 1863 apte
1335 1803 1605 1849 utantur:
1662 1759 1779 1852 sedr
1815 1759 1991 1867 potius

2097 1759 2233 1838 ἀλλά
2259 1759 2504 1857 τοίς-τῆς
2533 1787 2793 1859 ἀληθείας
2821 1759 3009 1854 ῦπλοις
3051 1759 3471 1862 ἐνηρμοσμένοι,

415 1880 541 1950 quia
574 1882 821 1939 veritatis
881 1884 1048 1939 armis
1099 1884 1370 1951 instructi,
1406 1886 1729 1954 spiritaliter
1760 1887 1992 1958 intrepi-

417 1973 592 2043 deque
620 1973 687 2029 iis
721 1989 840 2030 sese
868 1976 1150 2045 objiciunt,
1194 1978 1284 2047 qui
1336 1978 1642 2033 divinorum
1679 1980 1989 2051 dogmatum

418 2065 804 2121 rectitudinem
832 2068 1164 2133 adulterare,
1206 2085 1268 2125 ac
1298 2072 1592 2126 temerario
1626 2087 1760 2126 ausu
1795 2075 1861 2128 ad
1894 2090 1991 2128 sua

415 2155 613 2225 placita
645 2168 959 2227 pervertere
991 2160 1233 2217 student.
1266 2160 1382 2215 Non
1405 2162 1571 2233 igitur
1594 2163 1832 2218 carnalia
1867 2174 1992 2219 sunt

417 2257 730 2303 sanctorum
779 2264 964 2317 arma,
1017 2252 1111 2306 sed
1154 2252 1208 2305 iu
1258 2253 1367 2309 Deo
1420 2263 1475 2308 et
1518 2269 1615 2323 pro
1647 2255 1757 2310 Deo
1791 2257 1989 2311 valida.

417 2338 796 2394 Dentoliuntur
842 2343 984 2396 enim
1043 2343 1320 2397 hominum
1371 2356 1700 2411 commenta,
1756 2362 1877 2417 quae
1936 2350 1992 2402 in

419 2429 711 2487 absurdum
738 2433 973 2503 aliquem
1003 2449 1222 2489 sensum
1258 2436 1621 2504 abstrahunt;
1671 2454 1845 2509 neque
1889 2440 1992 2493 mi-

418 2525 536 2581 nori
570 2525 749 2581 studio
787 2540 849 2579 ea
885 2541 916 2581 e
943 2526 1121 2581 medio
1154 2525 1346 2581 tollere
1385 2528 1651 2593 nituntur,
1682 2544 1843 2598 quam
1872 2530 1991 2583 exi-

420 2617 578 2672 tiales
614 2618 872 2687 quosdam
904 2618 1189 2681 barbaros.
1215 2619 1307 2688 qui
1337 2621 1499 2689 regia:
1533 2621 1803 2690 majestati
1831 2636 1984 2690 aper-

418 2714 533 2765 tum
563 2709 761 2765 bellum
797 2710 1061 2765 indicunt.
1104 2710 1257 2777 Quod
1288 2712 1332 2765 si
1371 2712 1642 2781 quispiam
1674 2728 1741 2767 ex
1776 2712 1990 2766 illorum

417 2817 604 2874 grege,
653 2804 746 2872 qui
786 2806 1124 2873 iniquitatem
1167 2815 1356 2859 contra
1407 2806 1572 2860 Deum
1610 2806 1752 2875 loqui
1787 2808 1986 2873 solent,

418 2911 623 2953 cornua
667 2896 719 2951 iu
769 2895 936 2951 altum
989 2898 1272 2952 sustulerit
1300 2898 1366 2964 ⁸⁷,
1406 2912 1529 2952 eum
1564 2898 1653 2953 ille
1681 2899 1847 2953 veluti
1884 2915 1991 2952 cae-

418 2992 611 3046 dentes
634 2998 793 3044 rectae
822 2989 943 3044 tidei
974 2991 1279 3055 sententiis,
1322 2999 1584 3044 retortum
1633 2992 1700 3045 ad
1743 2989 1993 3045 veritatis

418 3081 719 3139 doctrinam
754 3097 876 3137 mox
917 3082 1222 3136 traducunt.
1267 3079 1415 3151 Opus
1445 3082 1629 3151 itaque
1673 3092 1989 3136 sanctorum
2020 3106 2062 3164 ο

418 3172 689 3229 industria
722 3187 849 3227 vere
876 3173 1123 3242 dignum,
1158 3171 1374 3240 Deoque
1403 3184 1525 3224 cum
1558 3170 1750 3239 primis
1780 3179 1991 3239 gratum

418 3258 603 3325 fuerit,
646 3277 709 3317 ea
755 3261 822 3316 ad
860 3261 1280 3332 dispensationis
1324 3275 1447 3316 cum
1499 3274 1666 3314 carne
1711 3262 1980 3316 rationem

420 3355 742 3418 transferre,
790 3369 909 3423 qum
951 3367 1070 3405 cum
1116 3351 1317 3407 Christi
1354 3352 1521 3420 gloria
1553 3366 1657 3407 non
1697 3354 1829 3407 satis
1865 3367 1995 3407 con-

418 3441 604 3497 venire
644 3442 916 3496 videntur.
964 3439 1099 3494 Nam
1144 3456 1265 3495 cum
1298 3439 1535 3495 Verbum
1571 3442 1711 3497 Deus
1744 3451 1909 3507 esset,
1939 3452 1989 3499 et

418 3532 471 3586 in
494 3542 719 3600 paterna
749 3530 918 3583 forma
972 3540 1027 3584 et
1064 3530 1374 3598 aequalitate
1424 3532 1732 3596 exsisteret,
1754 3533 1988 3602 seipsum

418 3620 485 3677 ad
516 3620 940 3677 exiuanitioncm
970 3620 1203 3685 demisit,
1226 3631 1279 3674 et
1308 3622 1374 3675 ad
1407 3629 1631 3675 mortem
1664 3636 1835 3690 usque
1856 3622 1991 3679 obe-

417 3713 675 3770 dientiam
727 3700 977 3784 prmstitit
1004 3712 1072 3768 ⁸⁸.
1100 3711 1328 3768 Omnem
1375 3712 1604 3782 proinde
1661 3713 1989 3767 contrarium

416 3806 749 3863 intellectum
803 3806 1085 3861 commode
1128 3812 1392 3869 evertere,
1432 3814 1486 3860 et
1522 3805 1673 3875 quasi
1721 3806 1990 3875 captivum

416 3901 470 3955 in
525 3899 725 3955 Christi
786 3898 1149 3955 obedientiam
1204 3897 1419 3953 trahere
1451 3907 1689 3966 oportet.
1740 3896 1891 3966 Quod
1947 3899 1992 3955 si

416 3990 621 4063 aliquid
674 3991 964 4045 humanam
1003 3989 1371 4045 infirmitatem
1400 3992 1619 4062 sapiens
1649 3993 1713 4045 de
1746 4006 1810 4046 eo
1846 3992 1994 4047 dica-

418 4096 538 4149 tur,
588 4082 640 4138 id
678 4081 837 4137 Verbi
888 4093 1115 4147 uaturae,
1163 4083 1206 4137 si
1233 4083 1505 4137 hominem
1558 4084 1726 4138 nostri
1760 4087 1989 4141 similem

415 4173 621 4226 factum
655 4173 962 4237 credamus,
1006 4173 1204 4226 nullam
1243 4172 1467 4228 omnino
1508 4183 1689 4228 notam
1717 4184 1988 4245 asperget.

416 4260 630 4318 Etenim
666 4263 790 4318 licet
828 4264 1114 4318 humanam
1163 4274 1411 4318 naturam
1440 4265 1815 4334 assumpserit,
1841 4277 1895 4321 et
1924 4269 1991 4322 ad

2096 1876 2341 1947 ματικῶς
2373 1878 2831 1951 ἀπανιστάμενοί
2865 1898 2926 1934 τε
2965 1881 3060 1935 καὶ
3092 1882 3241 1952 μάλα
3268 1881 3543 1944 νεανικῶς
3567 1884 3687 1944 τοῖς

2091 1970 2337 2024 ἐθέλουσι
2364 1973 2810 2043 παρασημαίνειν
2828 1974 3023 2044 αὐτὴν,
3048 1974 3267 2029 καὶτῶν
3296 1973 3458 2029 θείων
3474 1974 3675 2042 δογμά-

2090 2080 2199 2117 των
2232 2063 2330 2134 τὴν
2365 2063 2631 2135 ὀρθότητα
2670 2065 3115 2136 παρατρέπουσιν
3151 2065 3246 2119 ἐπί
3297 2081 3373 2134 γε-
3402 2064 3464 2117 τὸ
3492 2064 3685 2127 αὐτοῖς

2092 2155 2514 2227 ἀπερισκέπτως
2560 2155 2770 2213 δοκοῦν.
2824 2157 2899 2210 Οὐ
2938 2158 3048 2229 γὰρ
3092 2156 3335 2229 σαρκικὰ
3384 2155 3682 2226 τοιγαροῦν

2091 2247 2200 2300 τῶν
2231 2247 2402 2315 ἁγίων
2424 2248 2495 2301 τὰ
2525 2248 2685 2313 ὅπλα,
2711 2248 2912 2302 δυνατά
2938 2248 2996 2302 δὲ
3028 2248 3228 2318 μᾶλλον
3253 2248 3332 2319 τῷ
3351 2247 3495 2317 Θεῷ.
3526 2246 3680 2300 Καθ-

2094 2340 2310 2412 αιροῦσι
2360 2339 2468 2411 γὰρ
2522 2339 2821 2411 λογισμοὺς
2884 2341 3012 2404 τοὺς
3056 2342 3137 2404 είς
3203 2340 3473 2401 ἐκτύπους
3530 2340 3682 2410 ἡμᾶς

2095 2434 2303 2496 ἑννοίας
2332 2431 2790 2503 ἀποκομίζοντας.
2827 2432 2938 2487 Καὶ
2959 2427 3048 2488 οἶά
3066 2448 3223 2496 τινας
3250 2431 3358 2485 τῶν
3377 2431 3682 2501 ἀλιτηρίων

2098 2524 2412 2597 βαρϐάρων,
2443 2527 2510 2596 τῇ
2541 2524 2805 2595 βασιλέως
2835 2525 2964 2598 δόξῃ
2985 2525 3311 2596 φιλονεικεῖν
3343 2524 3680 2592 ἐγνωκότας,

2095 2620 2160 2670 ὲκ
2188 2617 2355 2687 μέσου
2404 2619 2630 2687 ποιῆσαι
2666 2615 3056 2681 σπουδάζουσι·
3088 2616 3192 2670 κᾶν
3236 2619 3288 2671 εί
3313 2634 3398 2681 τις
3427 2618 3509 2678 είς
3544 2615 3687 2684 ῦψος

2094 2709 2314 2779 ἐπαίροι
2340 2709 2403 2761 τὸ
2444 2710 2611 2780 κέρας
2638 2707 2750 2762 τῶν
2780 2708 3052 2762 εἰωθότων
3078 2709 3260 2762 λαλεῖν
3297 2707 3508 2761 ἀδικίαν
3533 2706 3686 2760 κατὰ

2093 2802 2251 2868 Θεοῦ,
2291 2800 2482 2854 τοῦτον
2517 2799 2750 2862 ἐννοίαις
2791 2801 2915 2863 ταῖς
2959 2801 3042 2863 είς
3080 2799 3345 2871 ὀρθότητα
3380 2797 3687 2869 μονονουχὶ

2094 2893 2481 2957 καταπαίουσι,
2514 2890 2894 2962 μετατιθέντες
2922 2890 3004 2954 είς
3029 2890 3092 2943 τὸ
3121 2891 3273 2954 εὐθὺ,
3290 2891 3396 2942 ’καὶ
3422 2890 3541 2947 τοῖς
3570 2886 3685 2958 τῆς

2095 2985 2353 3052 ἀληθείας
2398 2983 2787 3054 ὲμϐιϐάζοντες
2839 2982 3037 3051 λόγοις.
3085 2982 3380 3052 Εὐτεχνίας
3424 2976 3519 3062 οὖν
3566 2980 3683 3051 ἄρα

2094 3078 2194 3146 τῆς
2238 3075 2457 3145 ἀληθῶς
2525 3071 2898 3144 ἁγιοπρεποῦς
2949 3072 3113 3144 ἔργον
3169 3072 3237 3126 ἀν
3288 3073 3518 3140 γένοιτο,
3578 3071 3679 3122 καὶ

2096 3170 2331 3242 ἀρέσκον
2350 3167 2495 3238 Θεῷ,
2525 3167 2587 3220 τὸ
2615 3169 2731 3229 τοῖς
2769 3166 2872 3235 τῆς
2906 3164 3225 3235 οἰκονομίας
3255 3162 3433 3231 λόγοις
3467 3160 3671 3229 dm?!-

2100 3278 2213 3336 ρειν
2252 3261 2337 3312 ﬁsi.
2364 3259 2427 3311 τὸ
2461 3255 2845 3327 ἀντιτετάχθαι
2890 3255 3085 3309 δοκοῦν
3122 3258 3192 3326 τῇ
3235 3252 3362 3326 δόξῃ
3410 3249 3678 3324 Χριστοῦ.

2096 3354 2228 3417 Θεὸς
2261 3352 2371 3423 γὰρ
2400 3351 2476 3404 ὢν
2507 3353 2535 3404 ό
2556 3350 2749 3415 Λόγος,
2782 3349 2875 3402 καὶ
2906 3349 2965 3400 ὲν
3000 3350 3183 3418 μορφῇ
3218 3345 3313 3399 καὶ
3340 3345 3544 3414 ἰσότητι
3578 3342 3681 3397 τοῦ

2096 3444 2333 3515 Πατρδς,
2372 3443 2564 3497 ἑαυτὸν
2611 3440 2852 3510 καθῆκεν
2904 3441 2984 3502 είς
3022 3439 3273 3497 κένωσιν,
3318 3437 3415 3489 καὶ
3455 3435 3684 3503 γέγονεν

2097 3540 2339 3607 ὑπήκοος
2368 3538 2530 3608 μέχρι
2573 3535 2826 3589 θανάτου.
2850 3536 2940 3585 Δεῖ
2969 3532 3149 3585 τοίνυν
3178 3532 3288 3583 πᾶν
3319 3530 3495 3600 νόημα
3520 3544 3683 3596 περιι-

2097 3631 2320 3703 τρέπειν
2364 3628 2617 3692 ἀστείως,
2684 3627 2780 3680 καὶ
2815 3621 2926 3679 οἷον
2978 3623 3406 3695 αίχμαλωτίζειν
3449 3623 3531 3685 είς
3580 3618 3684 3690 τὴν

2100 3719 2343 3790 ὑπακοὴν
2367 3718 2554 3773 αὐτοῦ.
2587 3716 2774 3787 Είγάρ
2804 3717 2867 3787 δή
2894 3732 2947 3768 τι
2978 3714 3192 3782 λέγοιτο
3218 3716 3314 3767 καὶ
3336 3713 3447 3765 τῶν
3469 3711 3684 3781 ἀνθρω-

2100 3810 2291 3876 πίνων,
2333 3810 2452 3863 κατ’
2505 3808 2700 3862 οὐδένα
2740 3807 2942 3875 τρόπον
2973 3804 3283 3874 ἀδικήσειεν
3330 3803 3362 3856 a
3442 3802 3551 3872 τὴν
3585 3799 3678 3853 τοῦ

2101 3902 2276 3970 Λόγου
2328 3900 2490 3971 φύσιν
2519 3900 2581 3953 τὸ
2618 3901 2676 3951 ἐν
2711 3896 3092 3968 ἁνθρωπότητι
3143 3894 3585 3967 σμικροπρεπὲς,
3630 3895 3684 3946 εί

2096 3992 2405 4047 πιστεύοιτο
2426 3991 2550 4045 καθ’
2581 3992 2730 4063 ἡμᾶς
2753 3988 3042 4060 ἄνθρωπος
3064 3986 3336 4057 γεγονώς*
3370 3986 3467 4040 καί
3495 3985 3563 4038 οῦ
3600 3984 3687 4039 τοι

2096 4103 2200 4140 που
2232 4084 2293 4139 τὸ
2323 4080 2465 4138 εἶναι
2501 4084 2634 4146 Θεὸς
2673 4080 3090 4154 ἀποϐεϐληκὼς,
3118 4080 3253 4134 ἁλλά
3281 4078 3423 4151 μετά
3448 4079 3548 4133 τοῦ
3577 4079 3686 4149 μετα

2094 4196 2184 4231 ναι
2212 4176 2368 4242 Θεὸς,
2404 4173 2728 4246 προσλαϐὼν
2766 4174 2828 4226 τὸ
2871 4171 3244 4244 ἀνθρώπινον,
3295 4172 3393 4225 καὶ
3437 4171 3687 4242 ὑπήκοος

2096 4270 2386 4340 γενόμενος
2420 4266 2580 4340 μέχρι
2612 4265 2842 4319 θανάτου
2876 4264 3019 4318 κατὰ
3054 4265 3154 4335 τὴν
3190 4263 3391 4332 σάρκα,

417 4362 648 4409 mortem
706 4369 876 4422 usque
911 4360 1206 4411 secundum
1259 4372 1477 4412 carnem
1532 4359 1604 4413 sit
1648 4359 1824 4416 factus
1852 4363 2134 4430 obedieus,
2172 4361 2334 4434 148
2372 4361 2570 4415 nullam
2630 4370 2808 4413 tamen
2878 4356 3174 4412 divinitatis
3234 4370 3348 4410 sua:
3402 4355 3680 4424 iacturam

414 4448 585 4504 fecit:
624 4447 822 4501 mansit
852 4449 994 4502 enim
1035 4450 1172 4504 Deus
1204 4459 1261 4503 ut
1284 4460 1420 4506 erat.

484 4538 678 4598 XXVI.
718 4558 738 4591 ι
779 4538 953 4606 Unde,
984 4537 1175 4594 fratres
1219 4542 1415 4605 sancti,
1473 4545 1773 4601 vocationis
1802 4563 1989 4617 super-
2022 4550 2067 4605 ίε

413 4633 653 4694 cmlestis
690 4630 1001 4704 participes,
1033 4632 1372 4686 considerate
1403 4635 1704 4702 apostolum
1750 4647 1805 4691 et
1848 4653 1985 4707 pon—

415 4726 615 4782 tilicem
659 4720 1020 4778 confessionis
1064 4730 1260 4775 nostrae
1304 4719 1509 4791 Jesum,
1559 4726 1651 4796 qui
1694 4725 1867 4783 ﬁdelis
1905 4739 1988 4785 est

413 4816 487 4884 ei,
525 4813 616 4886 qui
666 4813 795 4870 fecit
840 4813 1009 4880 illum,
1043 4814 1186 4868 sicut
1216 4822 1271 4869 et
1303 4813 1513 4886 Moyses
1547 4816 1599 4870 in
1627 4819 1771 4873 omni
1825 4818 1988 4876 domo

412 4908 552 4978 ejus.
585 4906 880 4977 Amplioris
911 4906 1052 4959 enim
1085 4906 1268 4975 glorise
1294 4907 1395 4962 iste
1436 4924 1545 4977 prze
1579 4907 1761 4983 Moyse
1794 4911 1987 4981 dignus

412 5010 497 5056 est
543 4999 803 5065 habitus,
862 5009 1065 5068 quanto
1128 4997 1445 5068 ampliorem
1508 5000 1763 5054 boooretu
1827 5003 1989 5057 habet

411 5094 597 5154 domo,
647 5091 738 5159 qui
774 5089 1058 5145 fabricavit
1092 5089 1259 5146 illam.
1294 5089 1481 5148 Omnis
1530 5108 1761 5163 namque
1796 5096 1987 5150 domus

410 5182 711 5236 fabricatur
765 5182 834 5237 ab
882 5182 1109 5250 aliquo:
1169 5183 1258 5252 qui
1316 5188 1496 5237 autem
1546 5184 1724 5239 omnia
1757 5186 1983 5250 creavit,

408 5276 555 5331 Deus
608 5286 707 5329 cst.
756 5275 819 5328 Et
876 5273 1089 5346 Moyses
1140 5277 1355 5346 quidem
1408 5276 1580 5331 fidelis
1628 5287 1746 5332 erat
1783 5279 1836 5332 in
1873 5286 1983 5332 tota

410 5370 572 5423 domo
602 5368 739 5437 ejus,
783 5376 1036 5437 tanquam
1087 5367 1344 5435 famulus,
1403 5369 1454 5421 iu
1486 5369 1850 5424 testimonium
1886 5385 1984 5423 co-

412 5477 532 5515 rum
567 5477 687 5530 quae
737 5462 958 5515 dicenda
1010 5471 1209 5515 erant:
1252 5461 1502 5515 Christus
1546 5476 1676 5516 vero
1731 5472 1985 5527 tanquam

409 5548 585 5607 Filius
608 5551 663 5605 in
694 5551 857 5605 domo
903 5566 1020 5617 sua,
1066 5567 1184 5620 quae
1234 5552 1427 5605 domus
1466 5566 1652 5605 sumus
1712 5568 1810 5607 nos
1849 5552 1916 5605 ³³.
1961 5570 1981 5603 ι

2165 4548 2309 4616 KG’.
2349 4567 2368 4599 t
2411 4546 2594 4609 Ὅθεν,
2628 4544 2849 4613 ἀδελφοὶ
2872 4544 3039 4611 ἆγιοι,
3068 4541 3315 4613 κλήσεως
3348 4540 3683 4610 ἐπουρανίου

2101 4638 2342 4708 μέτοχοι,
2376 4639 2749 4707 κατανοήσατε
2792 4634 2882 4687 τὸν
2928 4633 3227 4687 ἀπόστολον
3271 4632 3368 4686 καὶ
3412 4631 3683 4702 ἀρχιερέα

2095 4729 2193 4798 τῆς
2232 4727 2526 4797 ὁμολογίας
2567 4726 2725 4798 ἡμῶν
2764 4724 2994 4796 Ἰησοῦν,
3032 4724 3222 4778 πιστὸν
3251 4723 3380 4776 ὄντα
3405 4722 3485 4792 τῷ
3517 4724 3683 4791 ποιή-

2097 4836 2248 4873 σαντι
2281 4817 2464 4884 αὐτὸν,
2496 4817 2573 4880 ὡς
2618 4819 2712 4872 καὶ
2745 4818 2952 4889 Μωσῆς
2996 4817 3055 4869 ὲν
3084 4815 3191 4885 ὅλῳ
3216 4814 3293 4885 τῷ
3313 4815 3451 4884 οίκῳ
3485 4813 3680 4867 αὐτοῦ.

2087 4910 2340 4974 Πλείονος
2381 4909 2491 4981 γὰρ
2533 4904 2686 4972 οὗτος
2731 4908 2892 4979 δόξης
2937 4907 3089 4978 παρά
3134 4906 3376 4975 Μωῦσῆν
3419 4903 3679 4973 ἠξίωται,

2086 5000 2319 5056 καθόσον
2343 5001 2563 5055 πλείονα
2578 5000 2671 5054 τοῦ
2699 4999 2851 5054 οἴκου
2875 5000 3043 5071 τιμὴν
3068 4999 3178 5069 ἔχει
3196 5000 3224 5050 ό
3248 4997 3682 5061 κατασκευάσας

2087 5094 2268 5147 αὐτόν.
2300 5093 2418 5157 Πᾶς
2462 5094 2570 5165 γὰρ
2603 5088 2753 5156 οἶκος
2784 5090 3258 5155 κατασκευάζεται
3291 5090 3400 5143 ὑπό
3440 5107 3628 5153 τινος
3654 5094 3685 5144 ό

2093 5186 2151 5239 δὲ
2194 5187 2262 5239 τά
2293 5186 2471 5240 πάντα
2510 5185 2949 5248 κατασκευάσας,
2997 5184 3149 5246 Θεός.
3184 5182 3295 5236 Καὶ
3327 5182 3545 5251 Μωσῆς
3583 5183 3682 5252 μὲν

2095 5279 2287 5342 πιστὸς
2317 5278 2391 5331 ὣν
2422 5277 2497 5341 ὡς
2532 5277 2808 5349 θεράπων,
2850 5278 2906 5329 ἐν
2949 5276 3056 5347 ὅλῳ
3086 5274 3166 5345 τῷ
3194 5275 3329 5345 οἴκῳ
3358 5273 3555 5335 αὐτοῦ,
3602 5276 3684 5339 είς

2097 5370 2396 5441 μαρτύριον
2421 5370 2530 5423 τῶν
2554 5369 3035 5441 λαληθησομένων·
3086 5365 3322 5437 Χριστὸς
3353 5365 3412 5418 δὲ
3443 5366 3522 5429 ὡς
3554 5368 3685 5431 ι’ίδηῖ

2093 5464 2185 5515 ἐπὶ
2212 5463 2300 5515 τὸν
2344 5458 2491 5515 οἷκον
2525 5460 2712 5526 αὐτοῦ,
2744 5457 2806 5515 οὗ
2850 5456 2998 5521 οἶκός
3024 5460 3189 5528 ἐσμεν
3218 5459 3402 5527 ἡμεῖς.
3439 5477 3458 5509 ι
3506 5460 3679 5512 Ἀπόο

2093 5553 2278 5616 στολος
2308 5552 2403 5606 καὶ
2429 5552 2720 5623 ἀρχιερεὺς
2758 5550 2856 5621 τῆς
2881 5548 3175 5619 ὁμολογίας
3206 5546 3362 5619 ἡμῶν
3394 5546 3551 5614 παρά
3580 5545 3681 5598 τοῦ

483 5708 529 5739 ³⁸
561 5706 603 5762 ll
626 5708 749 5765 Cor.
788 5722 950 5773 Lux,
996 5707 1047 5773 ἆ,
1101 5708 1153 5762 5.
1230 5707 1270 5739 ³⁷
1313 5706 1450 5761 Psal.
1498 5722 1611 5771 xw,
1652 5704 1705 5761 ϐ.
1784 5708 1825 5738 ³⁸
1860 5706 1991 5762 Phili

2135 5724 2192 5773 ll,
2235 5708 2349 5764 6-8.
2430 5708 2471 5741 ’9
2513 5704 2676 5762 Hebr;
2732 5723 2812 5773 ιιι,
2860 5705 2975 5759 1-6.
