3952 6200
284 331 426 388 1569

1091 338 1182 393 AD
1219 334 1520 393 ιιΕσιΜε
1558 334 1648 390 DE
1687 332 1913 390 RECTA
1951 335 2106 392 FIDE
2143 338 2406 397 ORATIO
2446 339 2745 397 ALTERA.

3395 340 3532 396 1570

282 446 420 501 Θεοῦ
462 448 555 500 καὶ
587 447 802 519 Πατρὸς
829 449 1053 518 γέγονεν
1089 450 1321 524 Ἰησοῦς,
1346 451 1624 506 τουτέστιν
1646 450 1856 521 ἀνθρω-

1961 454 2331 512 Conl‘essiouis
2382 466 2582 512 nostra:
2639 453 2916 525 apostolus
2965 461 3019 507 et
3076 450 3316 520 pontifex
3359 467 3388 504 a
3424 450 3533 506 Deo

282 556 388 602 ττος
417 537 677 610 πεφηνὼς
706 542 734 594 6
766 542 831 595 ὲκ
856 541 992 595 Θεοῦ
1026 544 1200 612 Λόγος
1223 562 1235 574 ·
1261 544 1384 597 τότε
1411 544 1521 614 γὰρ
1545 542 1858 611 ὠνόμασται

283 632 382 686 καὶ
418 631 626 702 Ἰησοῦς
649 633 737 686 διά
764 637 862 705 τῆς
892 634 987 688 τοῦ
1028 636 1262 704 ἀγγέλου
1297 638 1501 706 φωνῆς.
1526 637 1637 689 Καὶ
1667 636 1863 705 μικρὸν

288 724 390 794 μὲν
416 724 610 795 κομιδῇ
628 728 694 797 τῇ
724 725 817 779 τοῦ
846 728 1020 794 Λόγου
1044 726 1204 794 φύσει
1230 728 1292 781 τό
1321 744 1382 780 τε
1409 728 1509 797 τῆς
1534 728 1857 801 ἱερωσύνης,

284 813 378 865 καὶ
408 811 469 864 τὸ
503 812 604 882 τῆς
634 813 938 884 ἀποστολῆς
965 815 1136 886 ὄνομα
1163 834 1221 869 τε
1248 817 1343 871 καὶ
1372 817 1564 888 χρῆμα
1587 833 1599 846 ·
1639 820 1749 881 τοῖς
1794 834 1860 886 γε

287 903 396 973 μὴν
427 903 526 974 τῆς
552 904 977 976 ἀνθρωπότητος
1020 907 1241 976 μέτροις
1270 907 1357 977 εἴη
1388 908 1453 962 ἂν
1478 909 1580 962 οὐκ
1623 908 1838 979 ἀνάρμο

285 1012 431 1048 στον.
485 997 573 1059 Ὠς
599 996 708 1067 γάρ
738 997 900 1061 αὐτός
931 998 1035 1051 πού
1077 1016 1261 1067 φησιν,
1294 1018 1311 1051 ι
1361 999 1420 1051 '0
1447 999 1575 1063 Υἱὸς
1607 999 1705 1052 οὐκ
1729 993 1861 1069 ἦλθε

281 1086 693 1157 διακονηθῆναι,
713 1087 850 1141 ἀλλά
874 1088 1213 1158 διακονῆσαι,
1237 1091 1329 1144 καὶ
1350 1091 1532 1144 δοῦναι
1560 1092 1660 1162 τὴν
1685 1091 1861 1161 ψυχὴν

283 1177 447 1230 αὐτοῦ
479 1178 797 1248 ἀντίλυτρον
819 1181 959 1249 ὑπὲρ
986 1180 1213 1234 πολλῶν.
1260 1201 1279 1234 ι
1309 1182 1383 1235 Τὸ
1414 1182 1512 1253 μὲν
1538 1182 1648 1254 γὰρ
1675 1183 1861 1236 διακο-

282 1270 491 1323 νεῖσθαι
521 1271 675 1342 παρά
697 1272 797 1343 τῆς
828 1272 1080 1339 κτίσεως,
1105 1274 1306 1344 πρέποι
1332 1274 1397 1327 ἂν
1426 1275 1573 1345 αὐτῷ
1593 1276 1686 1330 καὶ
1718 1276 1861 1345 μάλα

282 1363 531 1424 εἰκότως,
567 1361 757 1432 ὥσπερ
806 1362 925 1433 Θεῷ
971 1363 1066 1416 καὶ
1096 1365 1360 1435 Δεσπότῃ,
1400 1365 1491 1418 καὶ
1538 1365 1643 1418 ὑπὸ
1695 1365 1861 1428 πόδας

282 1452 460 1522 ἔχοντι
500 1454 611 1506 πᾶν
660 1454 798 1524 ὅπερ
832 1455 951 1507 ἐστὶ
983 1455 1232 1524 γενητόν.
1273 1456 1346 1508 Τὸ
1383 1456 1440 1509 δέ
1472 1473 1535 1524 γε
1573 1457 1858 1521 διακονεῖν,

282 1540 621 1612 ἀνθρώπινον
657 1543 758 1614 μέν
777 1559 790 1574 °
829 1545 970 1615 πλὴν
1001 1546 1126 1598 ὅσον
1159 1540 1294 1616 ἧκεν
1326 1548 1407 1610 εἰς
1428 1548 1553 1610 τοὺς
1581 1551 1683 1618 τῆς
1725 1549 1861 1618 μετά

288 1634 492 1704 σαρκὸς
515 1635 829 1704 οἰκονομίας
859 1635 1074 1705 λόγους.
1113 1639 1215 1691 οὐκ
1244 1638 1505 1701 ἀπεοικὸς
1534 1637 1610 1708 τῷ
1634 1656 1696 1706 γε
1725 1640 1862 1702 ὅλως

283 1724 480 1777 ἑαυτὸν
504 1725 723 1778 καθέντι
753 1726 890 1797 πρὸς
927 1725 999 1779 τά
1025 1726 1366 1797 ἀνθρώπινα.
1403 1727 1592 1799 ’Λθρει
1614 1729 1670 1782 δὲ
1712 1730 1860 1793 ὅπως

284 1813 553 1885 ίερατεύει
587 1815 686 1884 μὲν
713 1815 1091 1887 ἀνθρωπίνως,
1112 1818 1206 1871 καὶ
1225 1818 1453 1889 μεσίτης
1474 1820 1705 1874 τέθειται
1720 1821 1855 1876 Θεοῦ

283 1902 378 1956 καὶ
409 1903 739 1973 ἀνθρώπων·
784 1907 1065 1976 μεσιτεύει
1114 1907 1223 1977 γὰρ
1268 1910 1376 1971 πᾶς
1429 1908 1638 1978 ἱερεύς·
1675 1910 1766 1963 τὸν
1799 1909 1857 1963 δὲ

283 1992 384 2064 τῆς
432 1993 624 2058 θυσίας
652 1995 852 2066 τρόπον
882 1997 983 2050 οὑκ
1024 1997 1104 2050 ἔτι
1133 1997 1255 2051 καθ’
1286 1998 1385 2053 ἕνα
1422 2001 1532 2053 τῶν
1561 2001 1682 2054 καθ’
1708 2003 1857 2072 ἡμᾶς

286 2084 477 2156 ἱερέων
510 2087 872 2158 προσκομίζει
914 2089 1317 2159 δουλοπρεπῶς,
1353 2090 1503 2144 οὐδὲν
1540 2091 1701 2156 αὐτὸς
1734 2094 1855 2146 ὲπι-

284 2177 560 2232 κοινωνῶν
590 2180 671 2241 είς
693 2178 755 2230 τὸ
794 2178 983 2231 λαϐεῖν
1006 2181 1175 2251 αὑτήν
1195 2197 1207 2210 ·
1237 2180 1351 2234 ἀλλ’
1392 2182 1567 2253 ἑαυτῷ
1594 2201 1854 2254 πραγμα-

283 2266 521 2334 τεύεται,
556 2270 651 2322 καὶ
681 2269 751 2323 δι’
798 2269 964 2323 αὑτοῦ
1007 2288 1066 2323 τε
1103 2272 1198 2324 καὶ
1246 2273 1305 2324 ὲν
1354 2273 1503 2341 αὐτῷ
1535 2274 1612 2344 τῷ
1657 2277 1853 2344 Πατρί.

293 2358 589 2431 Ἰερουργεῖ
632 2361 742 2430 γὰρ
781 2360 941 2430 ἡμῶν
990 2361 1090 2433 τὴν
1117 2362 1429 2433 ὁμολογίαν,
1474 2366 1722 2418 τουτέστι
1757 2366 1856 2437 τὴν

284 2450 488 2517 πίστιν,
539 2451 606 2521 ῆν
653 2452 748 2504 καὶ
797 2451 972 2522 ὀρθῶς
1004 2454 1392 2524 κατειθίσμεθα
1437 2455 1726 2517 ποιεῖσθαι,
1766 2456 1853 2510 λέ-

285 2556 509 2611 γοντες·
550 2559 569 2592 t
602 2539 939 2611 Πιστεύομεν
975 2543 1056 2604 είς
1097 2542 1192 2595 ἕνα
1220 2542 1353 2595 Θεὸν
1392 2544 1614 2615 Πατέρα
1651 2563 1854 2598 παντο-

288 2631 533 2702 κράτορα
561 2646 577 2663 ο
611 2631 707 2684 καὶ
738 2633 817 2695 εἰς
850 2630 948 2683 ἕνα
987 2631 1194 2704 Κύριον
1237 2634 1441 2702 Ἰησοῦν
1479 2635 1711 2705 Χριστὸν
1764 2637 1856 2690 τὸν

285 2722 412 2776 Υίὸν
444 2721 640 2776 αὑτοῦ·
672 2722 765 2775 xui.
796 2723 877 2785 εἰς
906 2721 967 2775 τὺ
1000 2722 1224 2793 Πνεῦμα
1262 2723 1325 2776 τὸ
1359 2724 1534 2793 ἆγιον.
1572 2744 1590 2775 ι
1623 2726 1852 2793 Οὐκοῦν,

283 2813 388 2868 κᾶν
435 2813 737 2884 ἱερατεύειν
771 2812 1128 2883 ἀνθρωπίνως
1171 2814 1420 2884 λέγηται,
1466 2816 1602 2870 ἀλλά
1639 2817 1854 2887 δέχεται

282 2906 381 2974 τὴν
417 2905 606 2958 θυσίαν
636 2903 798 2967 αὐτὸς
836 2903 1052 2968 θεῖκῶς,
1074 2907 1102 2957 6
1132 2904 1293 2968 αὐτὸς
1325 2904 1400 2958 ὢν
1428 2907 1562 2976 ὁμοῦ
1596 2907 1727 2972 Θεὸς
1762 2910 1854 2963 καὶ

283 2994 589 3064 ἄνθρωπος.
616 2995 845 3064 Εἴρηται
875 2993 931 3046 δὲ
961 2994 1171 3058 πιστὸς,
1208 2994 1294 3047 διὰ
1326 2995 1387 3047 τὸ
1419 2996 1505 3050 ἀεὶ
1554 2996 1743 3061 σώζειν
1767 2999 1855 3052 δύο

282 3084 481 3139 νασθαι
503 3085 626 3149 τοὺς
647 3085 1118 3156 προσερχομένους
1136 3085 1201 3137 δι’
1219 3086 1384 3139 αὑτοῦ
1402 3087 1478 3156 τῷ
1494 3088 1631 3159 Θεῷ.
1660 3091 1854 3154 Πιστὸς

236 3232 243 3244 ,
280 3176 340 3231 δὲ
371 3178 686 3247 ὠνόμασται
722 3176 817 3230 καῖ
842 3177 1003 3239 αὐτὸς
1029 3177 1058 3228 ὁ
1092 3178 1303 3247 Πατήρ.
1339 3179 1769 3251 Συγκρινόμενος
1796 3183 1851 3235 δέ

284 3285 402 3333 πως
430 3272 494 3340 τῇ
531 3270 775 3331 Μωσέως
800 3267 1047 3338 διακονίᾳ
1075 3267 1220 3321 κατὰ
1240 3269 1300 3320 τὸ
1325 3269 1687 3340 ἀνθρώπινον,
1722 3275 1853 3342 ὅσην

284 3361 396 3431 εχει
421 3361 518 3432 τὴν
552 3359 824 3433 ὑπεροχὴν
858 3362 1001 3425 κατά
1026 3377 1086 3427 γε
1120 3360 1180 3412 τὸ
1212 3340 1351 3414 εἶναι
1388 3361 1541 3425 Θεὸς,
1582 3340 1855 3435 ἀναμάθοι

283 3469 366 3516 τις
401 3454 488 3516 ἂν,
528 3455 621 3508 καὶ
653 3454 713 3506 οὐ
741 3454 838 3506 σὺν
868 3451 1051 3519 ἱδρῶτι
1081 3451 1298 3521 μακρῷ,
1334 3452 1550 3519 ἐννοῶν,
1577 3456 1659 3508 ὅτι
1690 3458 1719 3509 6
1757 3456 1856 3526 μὲν

282 3544 358 3607 ὡς
376 3544 593 3613 οἰκέτης
624 3545 683 3597 ἐν
713 3544 790 3614 τῷ
821 3545 953 3615 οἴκῳ
986 3544 1193 3606 πιστὸς,
1217 3544 1244 3595 ὁ
1277 3543 1335 3596 δὲ
1364 3543 1438 3606 ὡς
1456 3546 1733 3616 Δεσπότης
1763 3547 1857 3601 ἐπὶ

282 3636 379 3691 τὸν
414 3634 565 3689 οἷκον
608 3635 796 3693 αὑτοῦ.
831 3639 941 3691 Καὶ
966 3637 1048 3689 ὅτι
1075 3634 1170 3687 τοῦ
1214 3632 1363 3687 οίκου
1407 3640 1859 3709 κατασκευαστὴς

284 3730 380 3783 καὶ
398 3727 727 3799 δημιουργὸς
746 3732 775 3782 ό
806 3728 1162 3799 Ἐμμανουήλ
1181 3719 1282 3789 ’,οὗ
1309 3722 1455 3791 οἶκός
1481 3728 1649 3797 ἐσμεν
1673 3731 1852 3799 ἡμεῖς.

297 3818 653 3891 Ἀσύγκριτος
674 3819 730 3873 δὲ
758 3819 990 3890 Ποιητοῦ
1021 3818 1158 3889 πρὸς
1188 3822 1248 3873 τὸ
1279 3818 1501 3889 ποιηθὲν
1536 3821 1569 3890 ἡ
1599 3819 1853 3890 διαφορὰ,

283 3912 380 3967 καὶ
414 3911 510 3966 τοῦ
540 3911 683 3966 κατὰ
712 3911 873 3980 φύσιν
899 3912 1172 3966 Δεσπότου
1200 3910 1339 3984 πρὸς
1367 3910 1427 3964 τὸ
1455 3908 1642 3963 δοῦλον
1666 3921 1689 3949 θ
1723 3910 1859 3981 ἀλη-

285 4003 394 4068 θῶς
421 4002 511 4058 καὶ
545 4004 602 4056 ὲν
638 4004 824 4073 ὑφέσει
856 4003 1166 4073 νοούμενον.

1961 545 2123 601 Patre
2170 548 2447 603 institutus
2493 559 2577 603 est
2632 547 2821 609 Jesus,.
2861 546 2960 599 hoc
3018 555 3103 599 est
3163 543 3257 599 Dei
3300 542 3532 599 Verbum

1963 639 2325 693 incarnatum.
2380 640 2531 695 'l'uuc
2574 640 2717 693 enim
2747 639 2873 692 Jesu
2915 638 3131 690 nomine
3158 651 3254 705 per
3281 636 3531 705 angelum

1962 730 2285 798 appellatum
2315 741 2419 786 est.
2477 731 2541 784 Et
2590 730 2806 797 quidem
2858 727 3149 781 sacerdotii
3177 734 3232 781 et
3267 724 3534 792 apostola-

1965 832 2051 875 tus
2099 835 2290 875 nomen
2319 831 2371 877 et
2409 836 2521 886 res,
2558 820 2848 889 perexigua
2881 826 3027 880 sunt,
3058 818 3105 877 si
3137 817 3299 871 Verbi
3331 825 3536 868 nutum.

1962 913 2348 976 attribuantur,
2377 923 2750 966 verumtamen
2791 911 3041 963 humanae
3083 916 3287 961 naturae
3317 906 3535 959 modulo

1963 1018 2068 1058 non
2096 1004 2391 1074 incongrue
2418 1005 2794 1071 adaptamnr.«
2827 999 2959 1054 Nam
2992 998 3160 1053 Filius
3185 1002 3269 1067 (ut
3302 998 3535 1066 ipseali-

1963 1096 2083 1150 cubi
2109 1098 2357 1166 testatur)
2384 1111 2487 1149 non
2504 1105 2726 1149 venerat
2746 1092 3066 1156 ministrari,
3088 1094 3179 1144 sed
3205 1089 3534 1152 ministrare,

1961 1199 2015 1244 et
2038 1190 2167 1244 dare
2189 1189 2426 1243 animam
2451 1202 2603 1241 suam
2634 1184 3053 1251 redemptionem
3099 1196 3198 1250 pro
3227 1180 3407 1233 tnnltis
3430 1179 3529 1233 ⁸ο.»

1962 1280 2115 1346 Quod
2158 1280 2319 1349 igitur
2351 1290 2721 1335 creaturarum
2754 1274 2995 1328 omnium
3062 1273 3363 1327 tninisterio
3415 1270 3536 1336 jure

1963 1373 2157 1427 merito
2189 1373 2447 1441 potiatur,
2471 1372 2572 1425 hoc
2608 1370 2729 1422 inde
2761 1368 2944 1434 habet,
2974 1368 3099 1435 quia
3128 1367 3267 1419 Deus
3293 1374 3396 1425 est.
3430 1365 3533 1416 Do-

1954 1460 2140 1519 ‘minus
2178 1475 2264 1518 est
2295 1474 2571 1531 totumque
2605 1461 2746 1528 quod
2797 1470 2973 1513 ortum
3010 1458 3198 1527 quovis
3227 1458 3383 1510 tnodu
3416 1471 3535 1509 sor-

1962 1556 2118 1610 titum
2156 1565 2256 1617 est,
2302 1554 2527 1622 pedibus
2561 1552 2702 1604 illius
2734 1551 3066 1604 substratnm
3099 1558 3179 1601 est
3216 1565 3232 1601 :
3264 1549 3405 1614 quod
3441 1562 3538 1598 an-

1965 1654 2069 1698 tem
2108 1645 2401 1708 ministrat,
2427 1643 2529 1695 lmc
2553 1651 2759 1695 natura:
2785 1641 3031 1691 humana:
3057 1646 3158 1689 est.
3189 1634 3374 1703 Neque
3407 1635 3531 1709 hoc,

1963 1735 2007 1787 si
2043 1734 2458 1802 dispensationis
2498 1746 2619 1786 cum
2672 1743 2838 1784 carne
2891 1726 3157 1781 rationem
3209 1732 3444 1793 spectes,
3474 1724 3535 1775 il-

1894 1794 1933 1852 Β
1964 1827 2072 1879 lum
2125 1825 2375 1888 dedecet,
2425 1825 2514 1892 qui
2563 1837 2623 1876 se
2672 1820 2839 1875 semel
2899 1822 2965 1872 ad
3024 1821 3256 1897 humana
3292 1817 3530 1870 demisit.

1963 1915 2098 1971 Vide
2120 1916 2254 1984 jam,
2287 1915 2558 1984 quomodo
2590 1914 2887 1967 secundum
2948 1912 3235 1963 humanam
3281 1917 3531 1961 naturam

1962 2009 2246 2066 sacerdotii
2304 2022 2502 2062 munus
2556 2005 2736 2068 obeat,
2789 2004 3157 2071 mediatorque
3189 2002 3330 2056 inter
3360 1999 3527 2052 Deum

1960 2111 2015 2155 et
2045 2101 2291 2155 homines
2338 2099 2570 2152 exsistat
2599 2115 2611 2151 :
2647 2095 2828 2150 omnis
2858 2095 3003 2150 enim
3034 2074 3533 2148 sacerdos‘media-

1965 2193 2096 2247 loris
2130 2192 2303 2248 oﬁicio
2336 2190 2579 2261 fungitur
2609 2208 2624 2256 ;
2661 2199 3030 2244 verumtamen
3070 2184 3325 2239 sacriﬁcii
3368 2184 3530 2236 ritnut

1964 2300 2069 2338 non
2099 2285 2213 2339 obit
2241 2282 2509 2337 serviliter
2534 2281 2876 2335 sacerdotum
2906 2279 3076 2334 nostri
3110 2276 3321 2331 ordinis
3353 2291 3528 2340 more,

1961 2374 2112 2441 quasi
2150 2374 2263 2440 ipse
2298 2387 2401 2424 nou
2438 2373 2510 2425 sit
2544 2373 2628 2425 cui
2661 2371 2824 2424 etiam
2879 2369 3211 2424 sacrilicium
3262 2364 3529 2419 offertur:

1962 2463 2055 2516 sed
2109 2462 2295 2531 sibipsi
2341 2477 2556 2531 quoque
2605 2461 2914 2523 sacriﬁcat,
2962 2467 3013 2514 et
3043 2474 3139 2527 per
3178 2457 3437 2525 scipsum,
3477 2462 3534 2507 et

1961 2551 2015 2606 in
2056 2550 2231 2616 seipse
2273 2549 2378 2603 Deo
2419 2551 2589 2603 Patri.
2649 2549 2818 2603 θεῖοι-ι
2879 2558 3057 2602 autem
3112 2557 3350 2601 nostram
3401 2560 3533 2597 con-

1963 2643 2278 2704 fessionem,
2322 2640 2426 2695 hoc
2474 2641 2759 2695 est-ﬁdem
2790 2656 2805 2704 ;
2838 2656 2997 2709 «prout
3041 2639 3141 2692 rite
3190 2636 3370 2691 facere
3398 2650 3532 2691 con-

1962 2733 2256 2802 suevimus,
2312 2733 2556 2788 dicentes
2589 2750 2603 2787 :
2634 2751 2653 2784 ι
2689 2733 2974 2787 Credimus
3020 2732 3072 2784 in
3103 2730 3268 2784 Deum
3314 2727 3530 2781 Patrem

1961 2827 2382 2897 omnipotentem
2411 2843 2425 2890 ;
2458 2836 2509 2879 et
2540 2826 2591 2878 in
2628 2842 2792 2877 untnn
2844 2824 3129 2879 Dominum
3159 2820 3341 2876 Jesom
3371 2819 3532 2873 Chri-

1963 2927 2107 2972 stnm
2136 2918 2327 2979 Filium
2360 2917 2496 2985 ejus,
2527 2927 2575 2971 et
2610 2918 2660 2971 iu
2696 2916 2954 2988 Spiritum
2991 2923 3261 2968 sanctum.
3301 2930 3319 2963 ι
3348 2912 3533 2980 Itaque

1961 3010 2061 3062 etsi
2089 3010 2390 3064 sacerdotio
2452 3009 2598 3077 l‘ungi
2665 3008 2865 3062 dicitur
2920 3006 3214 3059 secundum
3282 3012 3527 3056 naturam

1965 3103 2277 3162 lnnnanam,
2315 3099 2638 3153 sacriﬁcium
2676 3109 2853 3151 tamen
2882 3097 3120 3151 oblatum
3159 3094 3407 3162 suscipit,
3439 3108 3529 3146 se-

1960 3196 2193 3246 cundum
2244 3191 2521 3245 divinam:
2570 3199 2658 3243 est
2705 3186 2848 3241 ettiin
2902 3188 3040 3242 idem
3090 3187 3228 3240 Deus
3274 3184 3434 3238 simul
3475 3192 3531 3238 et

1960 3286 2143 3339 homo.
2183 3283 2496 3353 Appellatus
2524 3293 2605 3335 est
2632 3292 2812 3334 autem
2849 3280 3040 3341 ﬁdelis,
3080 3289 3360 3347 propterea
3388 3276 3530 3343 quod

1961 3393 2175 3446 semper
2204 3377 2414 3430 salvare
2444 3383 2603 3441 queat
2640 3388 2752 3436 eos,
2807 3371 2896 3441 qui
2930 3385 3025 3440 per
3059 3370 3230 3438 ipsum
3261 3367 3323 3420 ad
3358 3366 3527 3418 Dt'tttll

1964 3468 2247 3521 accedunt.
2303 3464 2463 3536 149
2508 3463 2646 3528 Quin
2691 3473 2747 3517 et
2786 3463 2901 3531 ipse
2923 3477 3138 3531 quoque
3166 3458 3329 3511 Pater
3356 3456 3530 3510 ﬁdelis

1956 3557 2226 3611 interdum
2280 3571 2525 3610 vocatur.
2587 3555 2801 3620 Quanto
2829 3563 3011 3607 autem
3043 3548 3334 3604 intervallo
3364 3546 3522 3599 mini-

1958 3648 2183 3701 sterium
2235 3647 2379 3702 illius
2424 3656 2482 3700 nt
2539 3644 2775 3699 hominis
2821 3658 2942 3698 cum
3004 3640 3240 3694 Mosaieo
3273 3638 3527 3691 t‘ttllntttttt

1956 3740 2203 3805 excedat,
2230 3751 2498 3807 quatenus
2535 3737 2621 3790 hic
2656 3739 2699 3789 si
2744 3735 3120 3788 consideretur
3146 3743 3203 3785 ut
3237 3731 3378 3782 Deus
3408 3742 3530 3797 per-

1961 3827 2101 3880 facili
2134 3828 2348 3897 negotio
2389 3828 2439 3880 id
2480 3826 2658 3893 quitis
2688 3819 2969 3890 intelliget,
3002 3824 3046 3876 si
3088 3837 3271 3874 secum
3317 3827 3527 3886 reputet

1962 3916 2107 3969 illum
2138 3915 2352 3981 quidem
2384 3914 2544 3967 veluti
2579 3912 2786 3965 ﬁdelem
2825 3909 3084 3963 fatttnlutn
3127 3909 3180 3962 in
3207 3908 3366 3959 domo
3404 3918 3527 3956 ver-

1963 4013 2136 4056 Satum
2168 3998 2321 4065 esse;
2360 4003 2504 4056 hunc
2532 4015 2681 4061 vero,
2717 4002 2815 4054 hoc
2839 4010 2924 4053 est
2955 3997 3384 4059 Emmanueletn,
3424 3991 3525 4046 toti

284 4095 465 4149 donmi
512 4107 768 4164 tanquam
818 4095 1101 4150 Dominum
1151 4094 1466 4165 praefuisse,
1524 4094 1634 4149 imo
1679 4095 1846 4161 ipsius
1896 4095 2088 4150 domus
2146 4096 2497 4150 architectum
2551 4094 2997 4161 conditoremque
3068 4090 3381 4152 exstitisse;
3427 4102 3526 4141 cu-

278 4185 365 4254 jus
397 4185 614 4256 quidem
663 4188 854 4241 domus
894 4203 991 4240 nos
1030 4202 1243 4241 sumus.
1292 4185 1447 4241 Nulla
1516 4202 1643 4241 vero
1676 4190 2008 4255 comparatio
2079 4188 2375 4242 intercedet
2442 4187 2583 4241 inter
2627 4199 2713 4239 res
2754 4185 2998 4239 conditas
3038 4194 3094 4238 et
3132 4182 3523 4239 Conditorem:

285 4278 429 4333 inter
450 4293 574 4333 eum
607 4293 847 4342 rursum,
882 4278 973 4346 qui
1004 4288 1192 4348 suapte
1232 4290 1421 4332 natura
1451 4282 1706 4335 Dominus
1733 4294 1837 4343 est,
1880 4292 1933 4336 et
1963 4297 2084 4336 eum
2120 4282 2211 4350 qui
2248 4296 2375 4335 vere
2407 4295 2597 4334 servus
2655 4289 2709 4332 et
2735 4279 3006 4334 subditus.

352 4371 480 4427 KZ'.
527 4391 547 4423 ι
588 4372 712 4426 Ὅτι
744 4371 1099 4442 καταϐέϐηκα
1137 4375 1200 4426 ἐκ
1232 4371 1326 4425 τοῦ
1371 4372 1601 4444 οὐρανοῦ
1644 4374 1743 4444 οὐχ
1774 4374 1856 4427 ἵνα

2035 4372 2244 4427 XXVII.
2288 4391 2306 4424 ι
2337 4373 2471 4440 Quia
2502 4371 2758 4426 descendi
2807 4371 2872 4423 de
2918 4371 3080 4433 coelo,
3112 4385 3216 4422 non
3249 4377 3306 4421 ut
3335 4369 3530 4423 faciam
3582 4408 3591 4419 .

287 4463 426 4517 ποιῶ
456 4463 518 4517 τὸ
548 4463 760 4535 θέλημα
787 4464 1033 4535 τδ,ὲμὺν,
1071 4464 1208 4517 ἀλλά
1247 4463 1308 4518 τὸ
1353 4463 1563 4533 θέλημα
1588 4463 1681 4517 τοῦ
1716 4465 1857 4535 πέμ-

283 4554 483 4624 ψαντός
510 4572 598 4624 με.
630 4554 799 4609 Τοῦτο
842 4556 887 4610 δ’
926 4556 1046 4609 ἐστὶ
1083 4556 1145 4608 τὸ
1174 4555 1385 4625 θέλημα
1412 4555 1506 4609 τοῦ
1543 4556 1856 4626 πέμψαντός

288 4661 378 4714 με,
418 4644 505 4699 ἵνα
538 4646 647 4699 πᾶν
684 4645 713 4697 ὃ
758 4644 959 4707 δέδωκέ
1000 4662 1111 4715 μοι,
1156 4646 1230 4716 μὴ
1272 4646 1523 4700 ἀπολέσω
1564 4646 1623 4712 ἐξ
1670 4646 1854 4710 αὑτοῦ,

286 4737 423 4791 ἀλλά
452 4737 748 4806 ἀναστήσω
785 4737 918 4788 αὐτὸ
943 4739 1001 4788 ἐν
1029 4739 1095 4806 τῇ
1123 4736 1325 4807 ἐσχάτῃ
1362 4736 1563 4809 ἡμέρᾳ.
1609 4757 1627 4790 ι
1674 4739 1858 4791 Κατα-

287 4827 449 4897 6ἧναί
485 4841 652 4897 φησιν
675 4827 867 4880 ἑαυτὸν
902 4826 962 4889 ἐξ
983 4825 1234 4897 οὐρανοῦ,
1262 4829 1599 4883 ἀπεστάλθαι
1619 4845 1679 4881 τε
1708 4829 1859 4900 παρά

285 4917 381 4971 τοῦ
429 4916 564 4970 Θεοῦ
611 4918 706 4971 καὶ
737 4916 977 4989 Βατρδς,
1032 4917 1209 4970 καίτοι
1254 4919 1323 4970 τὰ
1369 4920 1546 4971 πάντα
1601 4920 1857 4989 πληρῶνο

288 5008 485 5072 ἐκεῖνο,
524 5000 716 5076 οἴμαι,
774 5006 1165 5070 καταδεικνὺς,
1213 5006 1306 5059 καὶ
1346 5006 1607 5071 καθιστὰς
1659 5010 1863 5063 ἅπασιν

288 5098 536 5169 ἐναργὲς,
574 5099 656 5150 ὃτι
694 5097 829 5161 Θεὸς
864 5096 940 5151 ὢν
974 5100 1002 5151 6
1032 5098 1223 5163 Λόγος,
1264 5098 1736 5166 καταπεφοίτηκεν
1781 5099 1862 5151 oi-

289 5189 601 5260 κονομικῶς
638 5191 719 5253 είς
744 5190 841 5242 ἀνθ
853 5188 1144 5257 ρωπότητα
1165 5188 1231 5241 δι’
1256 5189 1420 5259 ἡμᾶς.
1453 5189 1561 5242 Καὶ
1590 5186 1650 5240 οὔ
1677 5186 1729 5240 τί
1758 5203 1861 5239 που

291 5281 481 5344 μεθεὶς
527 5281 595 5334 τὸ
628 5276 767 5334 εῖναι
802 5281 963 5349 φύσει
997 5280 1148 5347 Θεὸς,
1199 5277 1521 5351 προσλαϐὼν
1553 5278 1609 5332 δὲ
1665 5276 1864 5347 μᾶλλον

359 5433 405 5468 ⁵⁸
438 5433 625 5489 Matth.
659 5451 748 5502 xx,
776 5434 865 5489 9.8.
944 5434 982 5465 "
1028 5433 1181 5490 Joan.
1230 5450 1303 5499 vr,
1342 5432 1431 5495 58,
1476 5430 1562 5485 59.

1962 4465 2291 4519 voluntatem
2334 4479 2531 4525 meam,
2578 4466 2671 4518 sed
2726 4463 3058 4517 voluntatem
3102 4460 3219 4530 ejus
3261 4462 3349 4530 qui
3382 4460 3530 4515 misit

1965 4571 2069 4609 nte.
2104 4555 2226 4610 llaec
2253 4565 2336 4610 est
2367 4567 2546 4609 autem
2590 4553 2986 4623 Voluntastejns
3014 4552 3106 4623 qui
3138 4554 3290 4606 misit
3319 4568 3405 4605 tne
3429 4552 3531 4604 Pa-

1967 4648 2083 4712 tris,
2124 4657 2184 4701 ιιι
2216 4664 2378 4702 omne
2414 4648 2558 4716 quod
2589 4648 2735 4699 dedit
2765 4646 2920 4709 milii,
2953 4661 3057 4698 non
3093 4644 3314 4711 perdam
3345 4658 3409 4695 ex
3441 4657 3530 4706 eo,

1963 4741 2055 4794 sed
2080 4742 2393 4796 resuscitem
2437 4741 2564 4794 illud
2608 4740 2659 4792 in
2703 4738 2996 4790 novissimo
3029 4736 3116 4788 die
3140 4735 3208 4788 “.
3242 4752 3261 4786 ι
3301 4734 3531 4791 ϐωιὶιυσ

1963 4845 2022 4884 se
2047 4833 2412 4895 descendisse,
2451 4840 2611 4898 atque
2653 4846 2680 4881 a
2719 4829 2825 4882 Deo
2866 4828 3028 4881 Patre
3051 4840 3109 4879 se
3132 4825 3354 4877 missum
3381 4840 3532 4879 asse-

1965 4921 2059 4985 rit,
2103 4920 2267 4973 etiam
2312 4920 2358 4973 si
2413 4919 2635 4987 impleat
2673 4917 2854 4969 omnia
2899 4933 2912 4967 :
2975 4915 3105 4969 illud
3151 4914 3445 4976 omnibus,
3474 4926 3533 4968 ut

1967 5018 2120 5081 puto,
2163 5011 2559 5071 demonstrare,
2599 5008 2925 5078 planumque
2956 5006 3135 5061 facere
3160 5006 3365 5070 volens,
3389 5008 3532 5073 quod

1967 5116 2089 5155 cum
2126 5099 2354 5154 Verbum
2412 5109 2556 5154 esset
2604 5100 2765 5163 Deus,
2809 5098 3203 5164 dispensatoria
3240 5097 3529 5152 rationein

1974 5191 2261 5244 humanam
2320 5198 2562 5243 naturam
2617 5198 2838 5258 propter
2894 5202 2991 5241 nos
3025 5202 3084 5241 se
3127 5187 3360 5240 demisit.
3410 5184 3531 5241 Non

1968 5277 2110 5346 quod
2142 5292 2235 5347 per
2258 5275 2359 5329 hoc
2388 5275 2529 5331 Deus
2562 5284 2749 5330 natura
2783 5290 2903 5331 esse
2932 5276 3236 5342 desisteret,
3266 5277 3358 5331 sed
3387 5277 3531 5346 quod

1380 5585 1553 5642 Vat-im
1579 5586 1834 5642 lectiones
1860 5584 2060 5641 codicis
2092 5584 2445 5656 Seguicriani.

347 5737 373 5771 ο
402 5725 491 5783 τὸν
520 5727 723 5782 δοῦλον.
