3952 6200
1314 240 1375 295 S.
1402 238 1678 294 CYRILLI
1716 232 2188 290 ALEXANDRiNI
2228 228 2547 286 ARCIIIEP.
3456 211 3604 268 {3?}.

1436 367 1495 412 ut
1532 370 1758 424 corpore
1788 354 1931 422 quod

2054 355 2171 421 ὓπερ
2206 350 2305 404 οὐκ
2326 343 2414 417 ἦν,
2446 346 2534 399 ἵνα
2569 344 2663 396 καὶ
2681 340 2804 401 δοὺς
2833 337 2910 408 τῷ
2945 334 3162 403 Θανάτῳ
3184 329 3321 400 πρὸς
3353 328 3531 399 βραχὺ
3554 328 3629 379 τὸ

2031 442 2229 497 ὲνωθὲν
2256 439 2406 509 αὐτῷ
2429 437 2587 507 σῶμα
2609 434 2706 488 καὶ
2724 432 2855 485 ἴδιον
2878 426 3066 489 αὑτοῦ,
3095 424 3296 496 μηδένα
3324 420 3573 488 ἀπολέσῃ
3598 416 3619 456 ι

2030 535 2140 589 τῶν
2172 532 2435 586 δοθέντων
2476 526 2647 597 αὐτῷ,
2687 521 2931 593 διασώσῃ
2972 520 3029 572 δὲ
3077 516 3299 587 μᾶλλον,
3333 513 3430 566 καὶ
3482 512 3626 563 ἀνα-

2035 627 2209 699 στήσῃ
2238 623 2435 685 αὐτοὺς
2470 623 2494 660 8
2530 621 2588 672 ὲν
2621 620 2689 687 τῇ
2715 613 2921 685 ἐσχάτῃ
2945 611 3151 683 ἡμέρᾳ,
3191 608 3371 661 Ποιεῖν
3403 603 3504 672 μὲν
3526 596 3627 653 οὖν

2032 696 2208 785 λέγων
2240 715 2302 768 τὸ
2340 713 2555 782 θέλημα
2584 708 2680 762 τοῦ
2731 704 2965 776 Πατρὸς,
3003 702 3098 756 καὶ
3138 699 3260 769 οὐχὶ
3293 697 3358 765 δὴ
3393 696 3629 785 πάντως

2032 783 2335 870 ’τὸ-ἑαυτοῦ,
2365 805 2464 867 τὰς
2506 802 2614 856 τῶν
2652 798 2925 855 Ἰουδαίων
2962 790 3220 853 ἀπονοίας
3254 787 3486 855 ἐλέγχει,
3529 783 3633 836 καὶ

2036 900 2369 967 ὑποπλήττει
2404 894 2670 958 πλαγίως,
2715 891 2793 953 ὡς
2835 887 3014 943 ἀεὶτὸ
3054 885 3183 938 ἴδιον
3227 879 3493 938 ἱστῶντας
3529 875 3629 928 θέ-

2036 993 2207 1061 λημα,
2250 990 2345 1042 καὶ
2381 987 2491 1040 τῶν
2524 986 2685 1038 Θεὶων
2715 980 3108 1052 ὑπερορῶντας
3137 975 3340 1044 νόμων,
3367 970 3464 1024 καὶ
3490 970 3632 1035 παρ’

2036 1058 2187 1135 οὐδὲν
2232 1078 2505 1133 ποιεῖσθαι
2533 1093 2597 1146 με
2607 1072 2915 1146 μεληκότας
2938 1068 2999 1122 τὸ
3022 1067 3101 1137 τῷ
3122 1063 3369 1132 Δεσπὸτῃ
3389 1058 3596 1113 δοκοῦν
3613 1074 3630 1089 ·

2040 1173 2219 1244 ἑαυτῷ
2241 1172 2350 1242 γάρ
2377 1173 2435 1225 έν
2463 1170 2675 1231 τούτοις
2696 1159 3140 1237 προσμαρτυρῶν
3171 1156 3233 1209 τὸ
3260 1154 3500 1223 εὐήνιον,
3521 1152 3633 1244 ,τῆς

2039 1242 2263 1319 ἐκείνων
2284 1260 2570 1324 ἀπειθείας
2600 1257 2917 1327 κατηγορεῖ.
2948 1252 3093 1319 Ἔφη
3123 1247 3232 1319 γάρ
3253 1261 3358 1298 που
3384 1244 3483 1297 καὶ
3511 1242 3640 1294 Eti-

357 258 488 316 ΙῦἿΙ

356 378 409 434 id
460 368 836 441 assumpserit,
881 363 1023 435 quod
1067 377 1171 417 nou
1200 369 1318 415 erat
1366 377 1381 413 :

350 475 748 535 assumpserat,
793 458 1177 527 propriumque
1230 453 1333 509 sibi
1379 450 1600 514 fecerat,
1646 447 1808 503 morti
1865 447 1928 499 ad

358 568 570 627 tempus
602 551 906 610 contradito
928 591 943 613 .
979 549 1182 603 nullum
1213 561 1280 602 ex
1316 544 1421 598 illis
1449 557 1586 612 quos
1616 549 1925 609 acceperat,

361 649 698 718 deperderet,
745 644 840 700 sed
891 648 1159 703 servaret,
1208 653 1273 692 ac
1324 637 1378 691 in
1426 634 1724 690 novissimo
1770 632 1859 685 die
1900 647 1928 685 a

360 739 590 794 mortuis
633 735 1003 791 resuscitaret.
1046 731 1182 787 Cum
1233 739 1410 783 autem
1453 743 1559 780 non
1600 739 1781 785 suam.
1838 723 1930 779 sed

362 830 444 883 sui
471 828 650 882 Patris
671 827 1003 881 voluntatem
1044 837 1101 877 se
1130 821 1389 891 perﬁcere
1417 818 1588 879 addit,
1624 815 1932 871 Iudaeorum

365 918 638 979 vesaniam
665 932 727 969 ex
755 914 976 982 obliquo
1008 909 1364 981 perstringit;
1394 915 1451 960 ut
1482 908 1572 975 qui
1604 920 1755 961 suam
1783 917 1935 958 ‘sem-

365 1022 458 1075 per
494 1005 825 1060 voluntatem
879 1004 1213 1055 constituere
1252 1008 1583 1066 satagentes,
1612 995 1934 1061 divinasqne

364 1096 508 1164 leges
563 1091 1002 1162 parvifacientes,
1041 1090 1107 1141 de
1147 1087 1353 1141 Domini
1400 1086 1481 1140 sui
1526 1084 1738 1153 placitis
1771 1085 1933 1151 perti-

358 1187 570 1241 ciendis
607 1183 740 1239 nihil
773 1183 1066 1253 quidquam
1103 1179 1254 1248 pensi
1290 1176 1595 1232 haberent:
1635 1177 1760 1230 dum
1789 1174 1934 1228 enim

360 1289 518 1329 suum
545 1275 649 1329 huc
700 1272 815 1329 loco
863 1281 1167 1342 promptum
1203 1267 1533 1337 obsequendi
1577 1267 1811 1321 studium
1846 1281 1936 1334 pa»

364 1367 471 1419 Iam
514 1366 878 1429 commendat,
934 1363 1147 1417 illorum
1212 1360 1560 1415 rebellionem
1625 1357 1936 1425 neutiquam

364 1459 593 1513 obscure
641 1457 870 1510 incusat.
924 1455 1063 1521 Quin
1117 1464 1172 1508 et
1224 1453 1352 1507 alibi
1386 1466 1600 1521 quoque
1633 1466 1699 1505 eo
1726 1449 1941 1503 nomine

368 1548 487 1602 illos
519 1548 817 1611 insimulat,
859 1547 1004 1615 quod
1039 1546 1185 1606 odio.
1230 1544 1613 1609 insectatione,
1647 1543 1941 1610 iuiqooque

366 1639 569 1708 judicio
617 1654 683 1693 ex
728 1639 976 1693 instituto
1018 1645 1212 1691 contra
1242 1651 1301 1691 se
1347 1635 1712 1691 desmvireut:
1758 1652 1774 1685 ι
1813 1631 1938 1693 Vos.

2044 1356 2177 1428 ρωθι
2212 1355 2349 1421 πρὸς
2380 1350 2600 1413 αὐτοὺς.
2642 1349 2719 1411 ὼς
2746 1346 2964 1400 διώκειν
2988 1341 3291 1401 ἐθέλοντας,
3324 1335 3424 1389 καὶ
3448 1334 3638 1402 μισεῖν

2042 1425 2373 1519 ᾗρημένους.
2425 1441 2519 1495 καὶ
2548 1440 2733 1495 ἄδικον
2772 1438 2859 1489 ἐπ’
2899 1432 3049 1504 αὐτῷ
3076 1432 3174 1502 τὴν
3203 1430 3296 1483 ἐπὶ
3320 1428 3500 1496 τούτῳ
3521 1425 3639 1493 φῆ-

2045 1556 2146 1607 φον
2176 1534 2515 1606 ἐκφέροντας
2535 1550 2548 1564 ·
2581 1550 2599 1581 ι
2650 1530 2839 1600 Ὑμεῖς
2873 1527 3012 1581 κατά
3049 1524 3146 1594 τὴν
3169 1523 3349 1593 σάρκα
3385 1520 3637 1589 κρίνετε,

2046 1627 2156 1696 ἐγὼ
2187 1628 2247 1681 οὐ
2271 1625 2440 1696 κρίνω
2458 1624 2648 1678 οὐδένα
2666 1638 2678 1651 ·
2711 1621 2805 1674 καὶ
2829 1618 2924 1672 ὲάν
2945 1616 3117 1688 κρίνω
3132 1615 3187 1667 δὲ
3215 1612 3349 1681 ἐγὼ,
3380 1613 3415 1680 ἡ
3445 1608 3636 1678 κρίσις

373 1730 568 1798 inquit,
588 1729 881 1785 secundum
909 1743 1125 1783 carnem
1143 1726 1434 1795 judicatis;
1485 1740 1584 1796 ego
1625 1741 1729 1780 non
1756 1724 1941 1794 judico

2054 1694 2216 1788 ἡνὲμὴ
2238 1694 2424 1771 δικαία
2457 1715 2631 1769 ἐστίν’
2664 1713 2746 1766 ὅτι
2776 1711 2841 1776 οὐ,
2866 1708 3015 1779 ζητῶ
3046 1707 3107 1760 τὸ
3137 1705 3354 1773 θέλημα
3384 1700 3448 1753 τὸ
3473 1701 3636 1768 ἐμὸν,

371 1836 694 1889 quemquam
726 1837 741 1887 ;
778 1828 832 1876 et
869 1820 914 1875 si
940 1819 1123 1887 judico
1156 1833 1287 1889 ego,
1319 1816 1583 1886 judicium
1638 1831 1814 1871 meum
1854 1830 1943 1867 ve-

372 1926 489 1964 rum
519 1921 603 1967 est
636 1930 648 1965 :
683 1912 807 1982 quia
864 1926 968 1965 non
1018 1926 1203 1980 quacro
1242 1909 1572 1964 voluntatem
1617 1922 1813 1971 meam,
1851 1906 1943 1958 sed

372 2001 699 2057 voluntatem
730 2003 847 2074 ejus
875 2004 966 2073 qui
999 2003 1144 2058 misit
1163 2017 1246 2057 me
1262 2001 1328 2055 δ’.
1355 2018 1373 2051 ι
1392 2000 1652 2069 Loquitur
1679 2014 1805 2069 ergo
1828 1999 1943 2053 lucc

370 2095 668 2149 secundum
705 2095 888 2150 carnis
919 2093 1400 2164 dispensationem.

443 2184 674 2240 XXVIII.
738 2185 841 2241 Sed
891 2201 1008 2254 age,
1065 2200 1208 2240 nunc
1257 2184 1484 2239 alterum
1542 2183 1672 2237 illud
1730 2197 1944 2259 quoque

370 2276 761 2342 expendamus.
816 2274 949 2329 Cum
1007 2288 1038 2328 e
1090 2271 1231 2327 coelo
1271 2271 1637 2327 descendisset
1679 2278 1737 2321 ut
1784 2267 1942 2330 Deus,

372 2365 491 2419 illos
529 2381 559 2419 a
592 2365 747 2420 Patre
796 2366 897 2418 sibi
938 2365 1094 2421 datos
1131 2362 1385 2426 allirmat,
1415 2361 1506 2432 qui
1550 2362 1601 2415 in
1642 2360 1787 2414 illum
1825 2375 1942 2414 cre-

371 2460 605 2523 derent;
643 2473 746 2511 non
780 2457 940 2527 [50
968 2466 1025 2510 ιιι
1057 2456 1178 2511 iIIos
1208 2455 1418 2524 perdat,
1460 2453 1552 2507 sed
1590 2464 1643 2506 ut
1675 2453 1725 2506 in
1761 2451 1944 2505 novis-

372 2550 516 2606 simo
571 2549 661 2603 die
708 2550 773 2603 ad
837 2551 1000 2602 vitam
1037 2549 1333 2603 exsuscitet
1355 2546 1422 2599 ".
1484 2544 1589 2599 Sed
1648 2559 1755 2612 quo
1790 2543 1947 2596 modo

371 2641 711 2695 exsuscitat?
741 2656 843 2694 non
875 2640 979 2694 alio
1008 2654 1160 2702 sane,
1194 2652 1355 2707 quam
1392 2651 1487 2705 per
1516 2651 1670 2690 suam
1704 2650 1769 2688 ex
1806 2649 1949 2687 mor-

376 2733 485 2789 tuis
540 2732 1026 2788 resurrectionem.
1081 2730 1310 2798 Proprio
1365 2742 1595 2795 namque
1648 2727 1845 2794 templo
1893 2726 1946 2779 in

374 2824 538 2879 vitam
596 2826 883 2888 resrituto,
954 2825 1249 2893 mortisque
1307 2824 1532 2892 imperio
1581 2837 1674 2889 per
1721 2802 1949 2890 propria:

375 2918 557 2972 carnis
591 2929 819 2972 mortem
846 2918 1125 2988 demolito.
1157 2918 1404 2970 humana!
1428 2924 1632 2968 natura:
1665 2913 1729 2966 ad
1768 2927 1949 2967 resur-

2046 1811 2179 1864 ἀλλὰ
2208 1811 2267 1863 τὸ
2293 1809 2505 1879 θέλημα
2546 1804 2640 1858 τοῦ
2674 1800 2993 1873 πέμψαντός
3036 1815 3123 1869 με.
3162 1815 3181 1849 ι
3227 1790 3441 1848 οὐκοῦν
3480 1792 3633 1844 οἰκο-

2047 1899 2287 1972 νομικῶς
2314 1898 2382 1952 τά
2406 1897 2585 1951 τοιάδε
2618 1892 2773 1964 φησι.

2117 2184 2254 2240 KH’.
2296 2182 2442 2251 Πλὴν
2482 2178 2661 2233 ἐκεῖνο
2690 2176 2821 2247 φέρε
2851 2175 2939 2243 δὴ,
2973 2172 3107 2242 φέρε
3147 2166 3632 2238 καταθρήσωμεν·

2062 2277 2150 2342 Ἐξ
2172 2273 2403 2347 οὐρανοῦ
2428 2269 2667 2333 καταὸἀς
2692 2268 2768 2331 ὡς
2790 2264 2945 2329 Θεὸς,
2971 2261 3217 2318 δεδόσθαι
3248 2262 3418 2330 φησὶν
3450 2256 3636 2324 ἐαυτῷ

2051 2367 2202 2438 παρὰ
2232 2364 2327 2419 τοῦ
2366 2362 2581 2434 Πατρδς
2612 2362 2738 2422 τοὺς
2773 2360 2853 2421 εις
2884 2356 3047 2410 αὐτὸν
3087 2352 3512 2413 πιστεύσαντας.
3543 2350 3639 2401 ἵνα

2055 2459 2128 2527 μὴ
2159 2454 2424 2525 ἀπολέσῃ,
2461 2452 2613 2522 σώσῃ
2644 2449 2700 2503 δὲ
2735 2447 2934 2517 μᾶλλον
2964 2444 3182 2506 αὐτοὺς,
3214 2442 3309 2494 καὶ
3345 2440 3634 2507 ἀναστήσῃ

2049 2550 2114 2619 τῇ
2156 2547 2361 2617 ἐσχάτῃ
2389 2544 2596 2617 ἡμέρα.
2653 2540 2778 2602 Πῶς
2805 2533 2899 2591 οὖν
2928 2534 3227 2604 ἀνέστησεν
3248 2572 3264 2595 ,
3316 2532 3350 2601 ἦ
3383 2531 3639 2596 δηλονότι

2049 2638 2136 2691 διὰ
2160 2638 2260 2707 τῆς
2290 2636 2423 2698 ἰδίας
2453 2632 2805 2693 ἀναστάσεως
2830 2627 2931 2697 τῆς
2962 2627 3026 2678 ὲκ
3062 2623 3308 2693 νεκρῶν;
3345 2620 3641 2688 Zama-ovi;—

2053 2748 2151 2793 σας
2183 2731 2292 2798 γὰρ
2349 2726 2443 2779 καὶ
2495 2723 2600 2793 πρό
2637 2738 2700 2790 γε
2748 2719 2857 2773 τῶν
2904 2716 3082 2771 ἄλλων
3117 2715 3209 2767 τὸν
3241 2710 3434 2766 ἑαυτοῦ
3471 2710 3637 2771 ναὸν,

2052 2822 2146 2875 καὶ
2183 2821 2242 2873 τὸ
2280 2816 2374 2870 τοῦ
2415 2816 2646 2869 Θανάτου
2684 2802 3017 2869 κατασείσας
3052 2806 3251 2877 κράτος
3279 2803 3362 2854 διὰ
3391 2801 3490 2853 τοῦ
3524 2802 3643 2854 ϐα-

2051 2914 2210 2967 νάτου
2238 2912 2337 2980 τῆς
2371 2909 2506 2970 ἰδίας
2543 2905 2771 2976 σαρκὸς,
2803 2902 2922 2964 ὁδὸς
2968 2899 3160 2967 γέγονε
3200 2900 3264 2966 τῇ
3309 2894 3643 2964 ἀνθρωπεία

378 3011 697 3074 rectionem,
727 3001 934 3064 ῖιειιιιοιι
962 3011 1029 3063 ad
1063 3007 1410 3063 obtinendam
1440 3016 1626 3060 contra
1651 3004 1943 3072 corruptio-

2054 3005 2213 3076 φύσει
2240 3001 2374 3071 πρὸς
2415 2999 2734 3059 ἀνάστασιν,
2768 2994 2863 3047 καὶ
2895 2992 3030 3062 πρός
3059 3006 3122 3059 γε
3148 2990 3209 3041 τὸ
3235 2986 3491 3040 δύνασθαι
3523 2986 3641 3036 λοι-

377 3116 498 3155 ttem
547 3103 849 3165 victoriam,
900 3104 1041 3156 viam
1092 3101 1341 3155 munivit.
1391 3097 1547 3153 Verbi
1600 3099 1784 3167 itaque
1833 3097 1946 3158 Itei,

377 3195 519 3263 quod
555 3210 585 3250 e
619 3195 758 3250 creIo
789 3195 1090 3258 cla-scendit,
1129 3195 1181 3247 id
1220 3193 1496 3261 proprium
1537 3201 1638 3250 est.
1676 3207 1772 3259 per
1805 3191 1946 3257 quod

378 3285 769 3355 pt'imogeuitns
808 3300 873 3340 ex
928 3284 1155 3338 mortuis
1175 3282 1221 3315 ⁸⁵
1270 3284 1467 3336 factum
1518 3283 1641 3336 est?
1669 3297 1774 3350 quo
1821 3282 1949 3333 illud

381 3376 660 3441 nimirum,
707 3378 850 3446 quod
906 3376 1004 3445 ipsi
1053 3380 1310 3429 donatqu
1369 3384 1471 3434 est,
1532 3389 1636 3427 una
1683 3389 1804 3427 eum
1860 3371 1951 3426 illo

380 3466 812 3531 exsuscitatum,
869 3477 1088 3534 propter
1149 3466 1466 3533 protoplasti
1531 3465 1947 3518 inobedicntiam

383 3573 487 3611 non
535 3556 766 3626 amplius
807 3566 1012 3627 pereat.
1055 3558 1147 3611 sed
1197 3566 1417 3625 propter
1447 3556 1644 3611 Christi
1697 3555 1953 3610 obedien-

382 3650 537 3711 tiam,
566 3648 792 3703 salutcm
819 3657 873 3703 et
902 3648 1064 3702 vitam
1094 3657 1350 3702 aeternam
1387 3648 1648 3702 obtineat.
1683 3647 1949 3701 Cmterum

381 3752 442 3793 ut
471 3743 630 3795 homo
666 3738 864 3795 factum
901 3750 1005 3804 est,
1041 3755 1134 3795 eos
1168 3740 1269 3794 sibi
1306 3739 1463 3793 datos
1491 3739 1643 3802 dicit,
1674 3738 1763 3808 qui
1793 3738 1949 3792 [idem

382 3832 435 3885 in
473 3831 646 3901 ipsum
695 3833 983 3900 recipiunt.
1030 3831 1163 3885 Nam
1212 3832 1394 3885 Omnia
1421 3846 1538 3901 qua!
1574 3831 1749 3885 Patris
1804 3840 1948 3895 sinit,

383 3924 869 3993 haereditariojure
920 3925 1176 3994 possidet.
1211 3924 1508 3994 Postquam
1555 3938 1684 3977 vero
1711 3925 1792 3991 (ιιι
1817 3922 1952 3991 dixi)

381 4017 533 4071 carni
564 4025 618 4071 et
658 4019 907 4087 sanguini
938 4016 1364 4073 communicavit
1388 4017 1455 4082 ⁵⁸,
1482 4026 1537 4069 et
1566 4028 1664 4068 nos
1700 4014 1752 4067 in
1781 4014 1951 4081 ipsum

383 4116 445 4160 nt
475 4108 528 4161 in
559 4108 725 4163 Deum
754 4109 1103 4173 credidinms,
1146 4109 1214 4162 ob
1243 4107 1299 4161 id
1334 4107 1537 4161 factum
1565 4115 1668 4170 est,
1703 4115 1756 4158 ut
1787 4104 1955 4158 dona-

388 4198 550 4251 tionis
585 4215 778 4252 nomen
809 4201 856 4254 ei
891 4201 1176 4255 tribuatur.
1208 4199 1341 4253 Nam
1373 4198 1464 4268 qui
1490 4208 1614 4252 ante
1649 4204 1954 4264 susceptam

384 4305 605 4344 carnem
641 4291 961 4358 imperabat,
1004 4293 1049 4346 is
1081 4293 1248 4346 etiam
1280 4306 1445 4345 carne
1486 4290 1706 4343 indutus
1731 4302 1954 4355 regnum

2057 3099 2157 3151 πδν
2188 3090 2658 3161 κατευμεγεοῆσαι
2692 3084 3082 3156 φθορᾶς.’¹1διον
3098 3078 3166 3152 ἦν
3201 3082 3306 3151 ἄρα
3336 3078 3425 3132 τοῦ
3457 3094 3631 3161 arata:

2058 3189 2411 3259 φοιτήσαντος
2467 3181 2525 3246 ἐξ
2590 3174 2822 3248 οὐρανοῦ
2878 3172 3014 3227 Θεοῦ
3093 3172 3268 3239 Λόγου
3335 3168 3390 3222 τὸ
3446 3167 3515 3220 δι’
3564 3158 3639 3218 οἶ»

2057 3281 2244 3348 γέγονε
2281 3274 2625 3345 πρωτότοκος
2655 3271 2718 3322 ὲκ
2747 3265 2977 3337 νεκρῶψ
3022 3264 3112 3317 ἵνα
3149 3263 3245 3315 καὶ
3278 3259 3646 3329 ἐγηγερμένῳ

2059 3366 2433 3436 κατακολουθῇ
2478 3362 2617 3434 πρὸς
2648 3360 2792 3441 ζωὴν
2843 3358 2904 3411 τὸ
2932 3356 3084 3410 δοθὲν
3121 3354 3296 3421 αὐτῷ,
3329 3352 3516 3405 οὐκέτι
3548 3351 3646 3425 διᾲ

2058 3464 2156 3534 τὴν
2180 3459 2272 3514 τοῦ
2301 3453 2729 3529 πρωτοπλάστου
2761 3449 3075 3520 παράϐασιν
3109 3445 3507 3515 ἀπολλύμενον,
3534 3460 3640 3495 σω-

2060 3559 2287 3626 ζόμενον
2324 3555 2380 3607 δὲ
2430 3550 2631 3622 μᾶλλον
2668 3548 2759 3601 διὰ
2809 3545 2908 3615 τὴν
2956 3542 3205 3611 ὑπακοὴν
3244 3540 3341 3592 τοῦ
3376 3538 3638 3607 Χριστοῦ.

2060 3646 2316 3702 Δεδόσθαι
2350 3644 2406 3697 δέ
2432 3655 2603 3711 φησιν
2636 3635 2813 3706 ἐαυτῷ
2845 3636 2969 3696 τοὺς
3014 3632 3112 3703 τὴν
3150 3633 3228 3695 εἰς
3260 3631 3421 3684 αὑτὸν
3458 3630 3647 3681 τιέστιν

2060 3738 2449 3810 προσιεμένους
2485 3731 2671 3795 πάλιν,
2701 3728 2776 3792 ὡς
2810 3726 3095 3795 ἅνθρωπος
3124 3722 3391 3791 γεγονὼς.
3423 3723 3643 3790 κλῆρος

2064 3832 2163 3901 μὲν
2190 3829 2298 3899 γὰρ
2335 3826 2465 3889 ἴδιος
2498 3821 2650 3892 αὐτῷ
2696 3820 2875 3874 πάντα
2908 3817 2977 3870 τά
3007 3816 3104 3869 τοῦ
3139 3814 3370 3885 Πατρός.
3419 3812 3648 3901 Ἐπειδὴ

2060 3899 2137 3983 δὲ,
2167 3918 2242 3980 ὡς
2270 3914 2428 3982 ἔφην,
2460 3910 2729 3983 μετέσχεν
2757 3908 2988 3978 αἵματος
3013 3907 3110 3960 καὶ
3144 3904 3369 3975 σαρκὸς,
3400 3899 3526 3956 εἶτα
3551 3920 3652 3955 πε-

2062 4005 2438 4075 πιστεύκαμεν
2467 4003 2542 4066 ὡς
2565 4000 2704 4071 Θεῷ,
2735 3999 2908 4071 ταύτῃ
2929 4014 3010 4051 τοι
3026 3998 3089 4051 τὸ
3118 3998 3218 4065 τῆς
3242 3996 3444 4058 δόσεως
3470 3995 3651 4062 ὄνομα

2062 4095 2545 4169 παρεισκρίνεται’
2581 4090 2936 4162 βεόασίλευκε
2968 4089 3095 4159 ,γὰρ
3152 4086 3311 4157 ἡμῶν
3357 4088 3455 4139 καὶ
3506 4088 3650 4156 μετά

2065 4190 2290 4261 σαρκὸς,
2327 4191 2356 4242 ὁ
2383 4187 2480 4240 καὶ
2512 4186 2620 4256 πρὸ
2651 4185 2823 4255 αὐτῆς
2853 4181 3124 4254 βασιλεύς.
3151 4182 3263 4234 Καὶ
3291 4178 3425 4247 γοῦν
3453 4180 3535 4242 ὡς
3569 4182 3651 4242 εἰς

2062 4283 2159 4353 τὴν
2191 4280 2284 4334 τοῦ
2316 4281 2513 4350 χρῆναι
2545 4277 2854 4348 βασιλεύειν
2901 4276 3076 4345 ἀρχὴν
3110 4269 3607 4341 εἰσκεκομισμένος
3627 4312 3644 4334 ,

385 4383 439 4437 in
471 4398 570 4437 nos
597 4373 849 4436 obtinuit.
878 4384 950 4435 Ita
996 4384 1083 4437 ubi
1127 4383 1357 4460 primum
1386 4379 1621 4434 Verbum
1661 4378 1821 4431 homo
1859 4394 1943 4429 ιιυε

2066 4375 2153 4427 ὅτε
2179 4372 2372 4440 γέγονε
2403 4369 2524 4423 καθ’
2561 4368 2728 4438 ἡμᾶς,
2778 4386 2794 4418 ι
2836 4364 3037 4437 Κύριος
3063 4405 3078 4427 ,
3117 4364 3308 4434 φησὶν,
3345 4358 3470 4415 εἷπε
3512 4363 3652 4431 πρὸς

385 4469 484 4523 stri
513 4468 706 4523 similis
729 4468 926 4522 factum
955 4479 1057 4531 est,
1089 4484 1147 4522 ut
1178 4468 1540 4538 principatum
1576 4466 1629 4519 in
1675 4483 1772 4519 nos
1797 4478 1949 4534 gere-

388 4573 487 4627 tet,
524 4561 900 4632 inanguratnnt
939 4571 1019 4616 est
1053 4579 1067 4615 :
1106 4580 1124 4612 ι
1158 4561 1418 4613 Dominus
1451 4559 1669 4628 (inquit)
1711 4556 1849 4611 dixit
1887 4556 1953 4608 ad

388 4671 517 4709 me:
552 4654 715 4708 Filius
759 4670 910 4710 utens
955 4670 1015 4709 es
1067 4664 1150 4719 tu;
1189 4668 1289 4721 ego
1331 4652 1490 4707 hodie
1546 4649 1708 4721 genui
1757 4660 1810 4703 te
1832 4648 1899 4703 ξε.
1932 4666 1949 4698 ι

2065 4480 2153 4532 με’
2186 4462 2315 4525 Υἱός
2350 4478 2453 4530 μου
2488 4456 2540 4512 εἷ
2574 4460 2662 4521 σὺ,
2698 4455 2810 4524 ἐγὼ
2845 4456 3086 4526 σήμερον
3130 4453 3439 4522 γεγέννηκά
3494 4467 3574 4503 σε.
3623 4471 3643 4499 ι

2061 4555 2282 4624 Δέχεται
2329 4552 2507 4605 τοίνυν
2539 4548 2892 4620 ἀνθρωπίνως
2924 4548 2994 4601 τὰ
3041 4546 3255 4612 ἑαυτοῦ,
3287 4545 3468 4598 καίτοι
3514 4562 3646 4596 κατ-

2062 4644 2388 4709 εξουσιάζων
2417 4642 2530 4695 τῶν
2558 4641 2697 4695 ὅλων
2726 4640 2802 4704 ὡς
2831 4640 2986 4702 Θεὸς.

387 4747 643 4812 Quamvis
684 4762 813 4815 ergo
850 4756 907 4800 ιιι
944 4748 1082 4802 Deus
1115 4746 1366 4801 omnibus
1433 4744 1777 4807 dominetur;
1844 4750 2021 4793 tamen
2062 4738 2359 4793 secundum
2414 4735 2704 4788 humanam
2756 4741 3029 4793 naturam,
3083 4745 3202 4800 qua:
3245 4744 3344 4784 sua
3398 4731 3649 4800 alioquin

387 4848 564 4907 erant,
596 4840 874 4909 accepisse
903 4841 1122 4895 dicitur.

563 4952 640 5007 De
688 4952 885 5007 Christi
926 4951 1378 5019 sanctiﬁcatione,
1437 4949 1775 5020 ejusdemque

1007 5023 1322 5075 sacerdotio.

462 5135 654 5193 XXIX.
700 5153 720 5187 ι
758 5135 991 5191 Docebat
1022 5134 1165 5188 enim
1212 5148 1357 5199 eum,
1386 5141 1607 5201 propter
1636 5144 1792 5199 quem
1840 5142 1956 5181 om-

462 5314 508 5351 ⁸⁸
548 5314 702 5372 Joan.
743 5312 1094 5381 vnt,15,16.
1168 5310 1466 5376 ⁴’τ¹.1ι)ιιιι.νι,
1503 5309 1591 5364 39.
1668 5306 1712 5340 “
1751 5306 1956 5363 Coloss.
1988 5305 2023 5370 i,
2072 5305 2154 5359 I8.

2062 4941 2204 5010 Περὶ
2242 4940 2346 4995 τοῦ
2385 4937 2666 5010 ἡγιάσθαι
2724 4936 2832 5010 τὸν
2873 4934 3175 5010 Χριστὸνη
3204 4929 3304 4985 καὶ
3350 4931 3463 4997 τῆς
3514 4932 3647 4984 κατ’

2378 5004 2566 5063 αὐτὸν
2588 5004 2926 5075 νοουμένης
2964 5004 3316 5072 ἱερωσύνης.

2136 5122 2261 5178 κε’.
2306 5142 2324 5175 ι
2364 5122 2612 5192 Ἕπρεπε
2659 5119 2767 5188 γὰρ
2798 5116 2957 5171 αὑτὸν
2989 5117 3043 5182 δ,
3093 5114 3162 5168 δι’
3211 5114 3271 5167 ὂν
3310 5112 3379 5167 τά
3416 5113 3600 5166 πάντα
3629 5152 3646 5175 ,

2252 5302 2300 5338 δ’
2330 5301 2490 5358 Ilebr.
2519 5316 2576 5367 ιι,
2610 5300 2689 5353 ιιι.
2767 5298 2811 5329 ⁸⁵
2845 5296 2982 5351 Psal.
3019 5311 3079 5361 ιι,
3126 5293 3193 5361 7;
3241 5292 3403 5350 Ilcbr.
3432 5307 3471 5355 ι,
3515 5289 3569 5344 5.

1481 5492 1652 5547 Varia:
1679 5490 1932 5546 lectiones
1954 5487 2155 5544 codicis
2188 5482 2542 5554 chuieriani.

470 5660 489 5701 ι
531 5658 696 5730 μηδὲν
730 5657 1080 5727 ἀπολὲςηται.
1158 5664 1183 5702 ι
1213 5653 1362 5706 αὐτὸ.
1440 5653 1463 5691 b
1499 5650 1704 5723 αὐτῷ.-·
