3952 6200
288 323 426 378 13'3

1086 322 1178 378 AD
1220 320 1516 378 REGINAS
1555 320 1640 376 DE
1681 318 1909 376 RECTA
1954 321 2107 376 FIDE
2147 319 2407 377 ORATIO
2447 321 2745 377 ALTERA.

3404 319 3544 375 13715

282 434 380 487 καὶ
424 434 490 489 δι’
523 429 583 490 οὗ
614 436 681 491 τά
713 438 887 492 πάντα
909 479 923 503 ,
956 438 1184 502 πολλοὺς
1214 438 1365 502 υἱοὺς
1410 439 1490 500 είς
1532 436 1692 502 δόξαν
1723 437 1859 504 ἀγα-

1975 436 2074 499 uia,
2118 445 2169 491 el
2206 452 2300 506 per
2329 453 2489 507 quem
2537 438 2739 499 omnia,
2791 435 2881 504 qui
2919 434 3115 489 mullos
3166 433 3303 486 lilios
3334 432 3384 486 in
3431 433 3543 500 glo-

283 525 450 592 γόντα
477 527 522 589 ί,
547 526 638 579 τὸν
672 528 913 598 ἀρχηγὸν
947 529 1047 599 τῆς
1078 529 1353 598 σωτηρίας
1397 527 1579 582 αὐτῶν
1625 527 1714 581 διὰ
1753 545 1856 580 πα-

285 616 546 686 θημάτων
574 618 879 673 τελειῶσαι.
910 620 978 674 ’Ὀ
996 637 1056 673 τε
1085 620 1192 692 γὰρ
1222 619 1466 688 ἁγιάζων
1496 620 1592 673 καὶ
1620 621 1670 672 οἱ
1698 619 1856 686 ἀγια·

282 705 522 777 ζόμενοι,
554 708 615 773 ὲξ
641 710 759 774 ἑνὸς
788 711 988 774 πάντες
1008 727 1021 740 °
1055 711 1122 764 δι’
1156 711 1223 782 ἢν
1251 710 1431 765 αἰτίαν
1459 712 1560 765 οὐκ
1593 709 1857 779 ἐπαισχύ-

283 816 431 853 νεται
474 799 737 869 ἀδελφοὺς
783 802 979 865 αὐτοὺς
1024 802 1237 865 καλεῖν,
1287 802 1483 871 λέγων’
1535 800 1858 869 Ἀπαγγελῶ

282 890 342 943 τὸ
372 891 543 962 δνομά
574 909 669 946 σου
697 896 808 955 τοῖς
837 894 1086 961 ἀδελφοῖς
1116 912 1215 964 μου
1248 935 1263 956 ,
1294 896 1351 947 ὲν
1380 894 1535 965 μέσῳ
1560 893 1858 963 ἐκκλησίας

283 981 513 1050 ὑμνήσω
560 998 640 1035 σε.
682 1001 699 1033 ι
746 983 963 1037 Οῖονται
1008 985 1149 1054 τάχα
1179 1000 1281 1037 που
1324 985 1433 1039 τῶν
1469 984 1857 1055 ἀμαθεστέρων

280 1069 460 1133 τινὲς,
502 1071 596 1123 καὶ
636 1070 863 1140 διαιρεῖν
896 1071 1164 1125 εἰωθότων
1207 1071 1288 1136 εἰς
1325 1070 1419 1125 δύο
1456 1070 1729 1142 Χρ“ιστοὺς
1761 1070 1857 1122 καὶ

283 1161 363 1221 είς
384 1158 477 1212 δύο
506 1160 659 1223 υἱοὺς
692 1160 783 1213 τὸν
816 1160 914 1214 ἕνα
949 1160 1148 1232 Κύριον
1211 1159 1418 1231 Ἰησοῦν
1464 1158 1698 1231 Χριστὸν
1722 1196 1737 1221 ,
1767 1174 1858 1209 τε-

282 1251 571 1322 λειωθῆναι
601 1251 855 1319 λέγεσθαι
888 1251 976 1306 διά
1003 1252 1344 1324 παθημάτων
1376 1251 1469 1305 τὸν
1513 1252 1578 1303 ὲκ
1602 1248 1859 1318 γυναικὸς

281 1341 568 1412 ἄνθρωπον
597 1341 701 1411 ἰδίᾳ
725 1342 1034 1411 νοούμενον,
1071 1345 1162 1395 καὶ
1189 1341 1311 1412 δίχα
1343 1340 1438 1395 τοῦ
1467 1343 1532 1395 ὲκ
1560 1339 1696 1394 Θεοῦ
1742 1341 1855 1392 Πα-

281 1431 408 1501 τρὸς
436 1430 591 1493 ὄντος
623 1432 799 1500 Λόγου
826 1475 841 1499 ,
864 1434 960 1485 καὶ⁸
986 1432 1148 1486 αὑτὸν
1174 1432 1432 1502 λέγεσθαι
1461 1432 1558 1502 τῆς
1586 1430 1859 1501 σωτηρίας

282 1521 438 1592 ήμῶν
462 1521 552 1573 τὸν
583 1522 845 1594 ἀρχηγόν.
887 1523 1278 1578 Τετελειῶσθαι
1312 1524 1368 1577 δὲ
1396 1525 1524 1594 παρ’
1571 1522 1734 1577 αὑτοῦ
1764 1522 1858 1576 τοῦ

282 1610 417 1664 θεοῦ
445 1612 621 1680 Λόγου
654 1613 877 1667 δοθέντα
910 1615 1045 1686 πρὸς
1081 1615 1143 1668 τὸ
1168 1615 1338 1677 πάθος
1372 1613 1385 1663 i
1441 1614 1516 1676 ὡς
1551 1612 1733 1683 ἕτερον
1766 1613 1861 1665 ἰδι-

284 1703 415 1766 κῶς.
459 1705 694 1775 Πρέπειν
731 1706 842 1777 γὰρ
880 1707 1028 1777 αὐτῷ
1055 1708 1118 1779 δὴ
1151 1706 1389 1777 μάλιστά
1430 1723 1563 1775 φασι
1598 1704 1677 1774 τῷ
1709 1705 1775 1758 δι’
1803 1704 1861 1758 ὃν

1962 527 2100 583 riam
2144 528 2466 595 adduxerat,
2508 538 2781 582 auctorem
2824 527 3018 580 salutis
3054 540 3241 580 eorum
3287 539 3384 594 per
3412 539 3536 592 pas-

1960 619 2142 674 siones
2179 634 2582 675 consummare.
2630 619 2730 685 Qui
2784 620 2927 672 enim
2975 617 3301 683 sanctiﬁcat,
3355 626 3409 671 et
3449 616 3539 686 qui

1959 709 2393 776 Sanctiﬁcantur,
2439 725 2502 763 ex
2543 726 2650 764 uno
2695 724 2903 764 omnes.
2940 709 3165 777 PrOpter
3203 724 3364 776 quam
3407 725 3537 761 cau«

1960 814 2075 853 sam
2131 815 2238 853 non
2289 799 2638 855 confunditur
2671 800 2868 853 fratres
2917 813 3010 854 eos
3059 814 3274 864 vocare,
3307 799 3537 853 dicens:

1962 891 2313 946 Anuuntiaho
2347 906 2541 947 nomen
2589 901 2735 945 tuutu
2777 891 3037 945 fratribus
3076 891 3231 956 meis,
3277 891 3329 943 iu
3363 890 3538 943 medio

1960 977 2203 1033 ecclesiae
2231 978 2460 1033 laudabo
2476 987 2529 1033 te
2550 978 2617 1032 δτ.
2651 997 2670 1030 ι
2707 978 2995 1041 liudiores,
3025 979 3116 1047 qui
3136 976 3419 1031 Dominum
3444 995 3538 1031 no-

1958 1078 2128 1123 strum
2150 1068 2336 1124 Jesum
2372 1070 2650 1125 Christum
2679 1069 2815 1123 duos
2847 1069 3096 1123 Christos
3129 1069 3457 1138 totidemque
3482 1070 3538 1121 ii-

1960 1160 2059 1215 lios
2076 1176 2173 1215 suo
2188 1176 2336 1215 more
2354 1162 2622 1228 dividunt,
2639 1164 2979 1216 arbitrantur
2994 1161 3243 1216 fortassis
3263 1163 3533 1215 hominem

1960 1268 2023 1307 ex
2046 1254 2270 1307 muliere
2296 1266 2504 1319 natum,
2536 1269 2777 1307 seorsum
2799 1270 2893 1322 per
2914 1268 2993 1317 se.
3021 1256 3121 1308 hoc
3143 1265 3243 1315 est,
3268 1272 3295 1305 ιι
3319 1254 3408 1308 Dei
3435 1254 3536 1306 Pa-

1962 1346 2061 1398 tris
2095 1344 2271 1399 Verbo
2301 1348 2626 1411 seiunctum.
2662 1344 2815 1414 151
2847 1360 2941 1413 per
2971 1346 3250 1413 passiones
3284 1344 3370 1398 hic
3403 1361 3535 1398 con-

1960 1446 2282 1489 summatum
2331 1436 2636 1503 (medicari,
2690 1435 3049 1503 eutudcmque
3099 1434 3289 1488 salutis
3339 1443 3535 1486 nostra:

1962 1535 2236 1578 auctorem
2268 1526 2369 1578 hoc
2396 1525 2513 1577 loco
2536 1523 2793 1593 appellari
2818 1539 2832 1587 ;
2860 1533 3299 1589 consummatum
3326 1532 3534 1584 autem,

1962 1623 2018 1668 et
2051 1615 2293 1681 passioui
2324 1596 2487 1668 veluti
2524 1615 2754 1667 alterum
2787 1615 3095 1683 quempiam
3132 1628 3159 1666 a
3202 1628 3277 1679 se,
3314 1614 3380 1665 al)
3420 1613 3536 1680 ipso

1966 1704 2140 1759 Verbo
2169 1705 2435 1773 objectum
2459 1720 2599 1760 esse.
2620 1703 2752 1757 Nam
2779 1705 2928 1770 illud,
2968 1724 2986 1755 ι
3030 1714 3251 1773 prepter
3290 1718 3449 1771 quem
3483 1714 3536 1755 et

284 1796 350 1848 τὶ
385 1796 561 1849 πάντα
594 1799 687 1851 καὶ
715 1797 781 1850 δι’
812 1792 873 1851 οῦ
901 1799 968 1851 τά
1001 1798 1199 1863 πάντα,
1234 1798 1323 1852 διά
1349 1814 1429 1850 τοι
1460 1798 1522 1850 τὸ
1552 1796 1719 1865 φάναι
1767 1796 1858 1849 τὸν

1975 1810 2059 1863 per
2101 1810 2259 1864 quem
2296 1795 2499 1858 omnia,
2533 1812 2551 1845 ι
2604 1795 2891 1863 proprieiu
2920 1794 3047 1848 illud
3075 1793 3385 1859 convenire,
3432 1792 3533 1844 hoc

287 1872 556 1955 μακάριον
594 1887 1009 1958 εὐαγγελιστήν·
1044 1907 1064 1939 ι
1097 1889 1278 1943 [Ιάντα
1314 1888 1381 1941 δι’
1411 1886 1576 1941 αὑτοῦ
1605 1889 1854 1954 ἐγένετο.

285 1976 378 2028 καὶ
429 1977 597 2047 χωρὶς
641 1977 805 2031 αὑτοῦ
851 1980 1067 2046 ἐγένετο
1092 1980 1214 2033 οὐδὲ
1245 1980 1323 2034 ἓν.
1362 1998 1380 2031 ι
1427 2009 1498 2019 -
1550 1999 1568 2030 ι
1610 1980 1857 2049 Ἐπρεπε

284 2067 485 2127 τοίνυν,
511 2068 645 2137 φασὶ
669 2109 685 2133 ,
722 2068 800 2139 τῷ
845 2071 1026 2139 Λόγῳ,
1059 2071 1126 2125 δι’
1154 2070 1213 2123 ὃν
1244 2070 1311 2123 τά
1360 2071 1539 2125 πάντα
1572 2071 1668 2123 καὶ
1701 2069 1768 2123 δι’
1800 2063 1861 2122 οὗ

286 2161 354 2214 tit
402 2161 615 2225 πάντα,
645 2162 874 2226 πολλοὺς
920 2164 1068 2227 υἱοὺς
1098 2165 1178 2227 εἰς
1226 2163 1382 2228 δόξαν
1433 2163 1727 2232 ἀγαγόντι,
1772 2162 1863 2216 τὸν

292 2254 534 2323 ἀρχηγὸν
559 2253 659 2322 τῆς
692 2254 961 2324 σωτηρίας
990 2254 1192 2320 αὐτῶν,
1222 2274 1240 2305 ι
1276 2254 1552 2306 τουτέστιν
1576 2253 1865 2322 ἄνθρωπον

293 2343 503 2405 ἁπλῶς.
527 2345 619 2396 τὸν
646 2344 732 2397 διὰ
761 2344 861 2412 τῆς
887 2345 1046 2409 ἁγίας
1080 2343 1378 2414 Παρθένου,
1409 2362 1427 2392 ι
1461 2341 1748 2394 τελειῶσαι
1777 2342 1866 2393 διὰ

292 2432 652 2502 παθημάτιιιν.
715 2451 733 2484 ι
813 2434 935 2485 Ὅτι
978 2432 1035 2485 δέ.
1086 2435 1234 2485 ἐστιν
1277 2428 1674 2501 ὲμὸροντησίας
1731 2430 1864 2482 ἀνά-

291 2524 469 2587 πλεως
520 2525 548 2576 ό
580 2523 736 2593 λόγος
788 2524 970 2588 αὐτοῖς
993 2565 1009 2591 ,
1064 2522 1139 2585 ὡς
1182 2522 1259 2575 ἔνι
1292 2521 1389 2575 καὶ
1423 2520 1518 2574 νῦν
1550 2518 1865 2586 καταδεῖξαι

292 2617 646 2685 πειράσομαι.

362 2794 439 2848 Λ’.
484 2794 706 2865 Πρῶτον
742 2795 843 2864 μὲν
892 2795 1004 2868 γὰρ
1049 2794 1150 2860 τὸ,
1181 2793 1254 2847 δι’
1301 2788 1395 2859 οὗ,
1434 2793 1528 2848 καὶ
1574 2795 1660 2847 ἐπ’
1701 2791 1868 2847 αὐτοῦ

292 2887 526 2940 τέθειται
562 2886 655 2939 τοῦ
692 2888 924 2957 Πατρός.
962 2887 1071 2941 Καὶ
1098 2885 1229 2956 γοῦν
1268 2887 1295 2938 ὁ
1331 2886 1601 2957 μακάριος
1634 2886 1867 2952 Παῦλος,

300 2995 319 3028 ι
355 2978 573 3042 Πιστὸς,
607 2978 793 3047 φησὶν,
832 2981 860 3032 ὁ
890 2979 1056 3041 θεὸς,
1079 2979 1145 3032 δι’
1182 2974 1243 3032 οὗ
1274 2977 1540 3049 ἐκλήθητε
1571 2979 1650 3040 εἰς
1676 2995 1870 3031 κοινω-

296 3070 414 3122 νίαν
439 3067 532 3121 τοῦ
565 3068 694 3122 Υἱοῦ
738 3069 924 3123 αὐτοῦ.
966 3089 983 3121 ι
1025 3070 1136 3124 Καὶ
1170 3071 1330 3125 πάλιν
1357 3074 1471 3133 τοίς
1516 3070 1604 3123 διὰ
1634 3069 1871 3132 πίστεως

1968 1885 2243 1956 (inquiunt
2272 1885 2368 1955 illi)
2402 1901 2467 1940 ex
2500 1886 2661 1941 beato
2691 1887 3019 1956 evangelista
3053 1886 3331 1940 evidenter
3359 1884 3534 1952 colligi

1967 1987 2161 2048 poti-st.
2195 1978 2282 2031 Ait
2306 1979 2449 2032 enim
2481 1995 2493 2032 :
2532 1999 2551 2030 ι
2584 1979 2774 2033 Omnia
2806 1994 2900 2047 per
2935 1979 3108 2047 ipsum
3140 1978 3276 2031 facta
3308 1987 3454 2039 sunt,
3484 1985 3538 2028 et

1965 2072 2083 2126 sine
2117 2071 2234 2139 ipso
2271 2069 2469 2125 factum
2510 2082 2593 2126 est
2631 2073 2761 2127 nihil
2788 2073 2852 2124 ⁸³.
2886 2092 2905 2124 ι
2947 2102 3015 2112 -
3050 2091 3068 2123 ι
3102 2070 3333 2125 Docebat
3379 2070 3540 2140 igitur

1967 2163 2129 2232 (sicut
2164 2173 2413 2217 asserunt
2456 2163 2554 2231 illi)
2608 2164 2787 2217 ut‘Dci
2822 2161 3083 2226 Verbum,
3123 2178 3217 2228 per
3247 2162 3385 2230 quod
3422 2176 3542 2213 mn-

1968 2256 2078 2316 uia.
2113 2264 2167 2308 et
2198 2264 2418 2323 propter
2451 2255 2591 2322 quod
2634 2256 2837 2316 omnia,
2881 2254 3023 2323 quod
3074 2252 3270 2324 multos
3318 2251 3452 2303 [ilius
3486 2252 3537 2303 in

1967 2342 2135 2411 gloria
2160 2346 2476 2406 adduxerat,
2512 2343 2700 2398 salutis
2737 2344 2948 2396 illorutn
2981 2352 3256 2396 auctorem
3292 2343 3413 2411 (hoc
3434 2352 3538 2405 est,

1967 2432 2241 2487 hominem
2271 2446 2462 2500 purum
2494 2448 2559 2487 ex
2597 2448 2749 2487 sacra
2788 2432 3003 2503 Virgine
3039 2433 3260 2501 ortum),
3294 2448 3390 2501 per
3420 2448 3543 2500 pas-

1968 2524 2148 2580 siones
2166 2524 2460 2593 perl'ectum
2483 2535 3026 2594 consuuuuatnmque
3049 2524 3317 2579 redderet.
3343 2543 3361 2575 ι
3389 2526 3539 2590 Quod

1971 2598 2151 2671 a'utem
2196 2618 2282 2671 hic
2327 2631 2514 2671 eorum
2561 2633 2740 2673 sermo
2789 2618 3025 2671 amentia
3069 2626 3296 2682 scatcat,
3341 2617 3541 2685 quan‘ta

1978 2710 2091 2763 ﬁeri
2139 2710 2334 2778 poterit
2364 2711 2748 2779 perspicuitate
2781 2726 2923 2763 nunc
2956 2709 3244 2764 oeteudere
3284 2709 3540 2764 conabor.

2043 2800 2210 2854 XXX.
2254 2801 2307 2852 lu
2356 2802 2546 2870 primis
2582 2802 2762 2871 itaque
2797 2802 2948 2863 illud,
2982 2816 3075 2870 per
3110 2817 3282 2869 quem,
3324 2800 3391 2853 de
3429 2800 3546 2869 ἰιιμυ

1972 2884 2187 2963 quoque
2243 2889 2405 2945 Patre
2455 2892 2793 2945 enuntiatum
2858 2894 3126 2946 interdum
3191 2893 3542 2959 comperitur.

1978 3005 1996 3036 t
2029 2984 2229 3038 Fidelis
2252 2982 2392 3038 Deus
2428 2983 2638 3052 (scribit
2667 2984 2855 3037 beatus
2876 2983 3114 3052 Paulus),
3139 2998 3234 3051 per
3260 2998 3416 3051 quem
3455 2998 3548 3032 vu-

1975 3077 2079 3132 cati
2117 3078 2249 3131 estis
2282 3076 2334 3130 itt
2366 3076 2679 3129 sorietateut
2720 3075 2839 3129 Filii
2875 3077 2991 3145 ejus
3011 3075 3074 3129 δ’.
3109 3096 3126 3127 ι
3162 3077 3239 3128 Ad
3285 3076 3405 3128 illos
3430 3090 3548 3125 rur-

294 3161 376 3223 εἰς
432 3157 709 3231 ἐλεύθερον
732 3160 949 3231 ἀξίωμα
999 3161 1391 3230 κεκλημένοις,
1432 3180 1449 3210 ι
1485 3161 1648 3231 Ἀρα,
1682 3160 1867 3229 φησὶν,

1975 3189 2113 3230 sum.
2142 3176 2231 3241 qui
2266 3187 2359 3238 per
2391 3170 2549 3222 tidem
2574 3169 2641 3221 ad
2678 3168 2952 3221 libertatis
2984 3168 3303 3236 dignitatem
3338 3164 3547 3219 evocati

296 3251 477 3308 οὐκέτι
512 3248 563 3305 εἷ
590 3252 773 3316 δοῦλος
799 3292 813 3317 ,
848 3254 985 3306 ἀλλά
1015 3254 1126 3315 υἱός
1148 3269 1163 3283 °
1194 3255 1242 3315 εί
1275 3253 1331 3306 δὲ
1364 3254 1478 3316 υἱὸς
1502 3293 1517 3315 ,
1546 3254 1639 3306 καὶ
1669 3252 1870 3321 κληρο-

297 3343 458 3414 νόμος
502 3343 592 3397 διά
638 3344 795 3398 Θεοῦ.
838 3364 856 3396 ι
907 3344 1331 3416 Ἀδιαφορούσης
1377 3346 1559 3398 τοίνυν
1604 3345 1702 3415 τῆς
1751 3344 1871 3396 θεο-

299 3435 563 3490 πνεύστου
596 3437 816 3507 Γραφῆς
857 3436 987 3507 περὶ
1023 3436 1121 3506 τὴν
1148 3436 1248 3506 τῆς
1297 3436 1496 3503 λέξεως
1538 3436 1867 3506 ὲκφώνησιν,

297 3528 592 3599 δεχομένης
635 3527 693 3580 δὲ
733 3528 905 3598 αὐτὴν
936 3528 1030 3580 καὶ
1063 3526 1296 3603 ἐπὶρτοῦ
1332 3527 1543 3596 [ἰατρὸς
1564 3568 1577 3589 ,
1609 3527 1761 3580 οὐδὲν
1791 3526 1871 3579 ἔτι

212 3620 233 3629 “
297 3619 356 3672 τὸ
377 3617 655 3687 ,συνωθοῦν
679 3618 826 3687 ἡμᾶς
858 3619 936 3680 είς
968 3616 1029 3669 τὸ
1057 3616 1150 3669 τοῦ
1177 3616 1307 3669 Υἱοῦ
1331 3616 1681 3687 περιτρέπειν
1703 3617 1871 3685 πρόσ-

297 3727 444 3764 ωπον
488 3709 563 3769 ὡς
596 3709 654 3774 ἐξ
683 3708 929 3777 ἀνάγκης
959 3708 1020 3759 τὸ
1043 3746 1058 3769 ,
1107 3706 1182 3760 δί’
1217 3701 1314 3761 οὗ.
1359 3706 1578 3776 Ἐπειδὴ
1628 3706 1686 3758 δὲ
1716 3708 1872 3760 τοῦτό

298 3804 446 3855 ἐστιν
479 3799 678 3871 ἀληθὲς
698 3839 712 3862 ,
743 3800 797 3851 τί
824 3800 850 3838 ιι
895 3799 968 3869 μὴ
1004 3797 1202 3869 μᾶλλον
1232 3796 1461 3866 ἀφέντες
1493 3797 1572 3857 είς
1611 3796 1671 3846 τὺ
1702 3795 1874 3865 παρὸν

299 3893 360 3945 τὸ
386 3889 551 3944 αὑτοῦ
572 3891 886 3961 πρόσωπον,
910 3883 1029 3941 εἶτα
1051 3887 1127 3957 τῷ
1154 3885 1340 3956 σκοπῷ
1369 3884 1477 3938 τῶν
1500 3883 1661 3954 ἱερῶν
1693 3883 1876 3954 Γραμ-

304 3984 490 4054 μάτων
521 3981 808 4052 ἑπόμενοι,
833 3981 899 4051 τῇ
931 3978 1068 4050 μετὰ
1097 3977 1301 4048 σαρκὸς
1331 3975 1609 4046 οἰκονομίᾳ
1646 3974 1738 4027 τοῦ
1767 3975 1875 4027 Μο-

300 4073 554 4143 νογενοῦς
595 4074 687 4126 τὸν
732 4073 870 4142 αὐτῇ
923 4071 1201 4142 πρέποντα
1244 4069 1533 4141 τηροῦντες
1564 4069 1739 4135 λόγον,
1786 4066 1878 4120 τὸν

302 4167 522 4236 Πατέρα
568 4165 745 4235 φαμὲν
790 4162 1076 4216 τελειῶσαι
1105 4162 1193 4215 διὰ
1237 4161 1576 4231 παθημάτων
1608 4160 1878 4228 ὲνανθρωο

302 4259 555 4328 στήσαντα
585 4258 676 4311 τὸν
711 4257 874 4323 Υἱὸν;
905 4276 924 4308 ι
960 4256 1251 4325 Ύπέμεινε
1273 4255 1380 4325 γὰρ
1415 4256 1664 4320 σταυρὸν.
1689 4249 1880 4321 αἰσχύ-

302 4360 401 4419 νης
445 4349 900 4418 καταφρονήσας,
955 4367 974 4400 ι
1019 4348 1077 4399 ὲν
1119 4346 1338 4416 εὐδοκία
1380 4362 1482 4397 που
1528 4344 1744 4406 παντως
1785 4342 1878 4395 τοῦ

1976 3265 2220 3328 fuerant,
2271 3265 2342 3316 ita
2378 3264 2454 3316 ait
2486 3281 2500 3318 :
2536 3282 2553 3313 ι
2586 3260 2770 3329 Itaque
2797 3261 2907 3329 jam
2952 3276 3055 3313 non
3102 3275 3161 3313 es
3199 3272 3410 3319 servus,
3456 3256 3550 3310 sed

1977 3361 2116 3413 [ilius
2144 3378 2158 3414 :
2191 3359 2331 3427 tptod
2370 3358 2414 3412 si
2450 3357 2607 3421 lilius,
2646 3367 2700 3410 et
2730 3356 2905 3409 lia-res
2936 3368 3028 3423 per
3065 3351 3319 3405 Deum”.
3359 3369 3376 3400 ι
3413 3348 3547 3401 Cum

1978 3466 2107 3519 ergo
2167 3450 2347 3503 divina
2403 3449 2681 3516 Scriptura
2740 3446 3045 3515 promiscue
3106 3444 3247 3500 hanc
3309 3441 3549 3510 pltrasim

1983 3548 2226 3607 usurpet,
2261 3547 2422 3606 atque
2466 3537 2614 3605 illud,
2644 3553 2735 3606 per
2764 3552 2935 3605 quem,
2969 3535 3172 3588 tribuat
3204 3533 3304 3603 ipsi
3334 3547 3550 3600 quoque

1982 3627 2163 3693 Patri;
2222 3627 2350 3681 nihil
2398 3639 2482 3681 est
2528 3628 2670 3697 quod
2722 3625 2840 3680 Filii
2890 3632 3092 3678 tantum
3132 3639 3373 3693 persona:
3423 3620 3549 3675 illud

1978 3735 2076 3774 nos
2107 3720 2355 3775 adtnctiri
2384 3720 2690 3774 necessario
2717 3719 3028 3786 compellat.
3063 3717 3198 3770 Cum
3235 3717 3415 3781 itaque
3439 3713 3552 3765 hare

1978 3810 2049 3863 ita
2089 3825 2150 3864 se
2203 3810 2456 3874 habeant,
2506 3824 2606 3863 cur
2659 3809 2835 3877 potius
2876 3806 3097 3860 minime
3148 3806 3250 3858 hoc
3300 3805 3365 3856 de
3415 3800 3550 3854 Filio

1980 3899 2369 3967 inte-lugentes,
2408 3899 2501 3951 sed
2550 3896 2954 3965 Scripturarum
2992 3893 3303 3948 auctoritati
3358 3893 3550 3952 innixi,

1979 4004 2391 4057 sermonemque
2444 3988 2712 4042 incarnati
2773 3986 3041 4056 Unigcniti
3105 3984 3362 4056 mysterio
3425 3999 3553 4036 cou-

1980 4093 2259 4151 gruentem
2295 4082 2533 4134 studiose
2567 4080 2892 4143 consectati,
2934 4093 3037 4131 non
3072 4078 3301 4132 dicimus
3339 4075 3551 4127 Putrem

1982 4173 2174 4226 Filium
2225 4173 2500 4226 hominem
2558 4171 2758 4225 factum
2823 4185 2917 4238 per
2972 4170 3249 4239 passiones
3303 4182 3557 4220 consum-

1984 4264 2201 4318 masse?
2240 4263 2675 4331 quandoquidem
2730 4261 2794 4325 is,
2848 4261 2954 4315 Deo
3001 4261 3158 4315 Patre
3203 4260 3282 4313 sic
3321 4260 3555 4322 volente,

1990 4374 2008 4405 ι
2045 4354 2338 4424 Ignominia
2381 4362 2709 4422 contempta,
2754 4368 2970 4407 crucem
3014 4352 3271 4405 sustinuit
3290 4352 3355 4414 ",
3391 4370 3409 4401 ι
3448 4367 3558 4419 qtto

303 4442 439 4517 Θεοῦ
484 4442 580 4495 καὶ
612 4440 840 4511 Πατρός·
881 4439 966 4493 ἵνα
1009 4440 1104 4491 καὶ
1130 4439 1279 4509 ἡμᾶς
1320 4438 1435 4498 τοῖς
1464 4438 1667 4506 ῐχνεσιν
1712 4433 1868 4487 αὐτοί

1986 4456 2040 4500 et
2084 4461 2180 4498 nos
2208 4459 2421 4513 quoque
2463 4443 2705 4513 vestigiis
2753 4443 2896 4498 illius
2930 4443 3271 4505 inhaerentes,
3305 4453 3560 4495 strenuos

307 4532 726 4589 κατακολουθεῖν
760 4532 1099 4603 ᾑρημένους,
1128 4529 1411 4591 νεανικοὺς
1433 4527 1723 4597 ἀποφήνῃ,
1757 4542 1875 4578 πει.

307 4629 569 4699 θομένους
598 4627 814 4704 λέγοντι
840 4643 857 4659 ·
894 4646 911 4677 ι
948 4628 1039 4696 Μὴ
1064 4623 1317 4696 φοϐεῖσθε
1344 4622 1453 4677 ἀπὸ
1484 4620 1594 4674 τῶν
1624 4621 1879 4673 ἀποκτειο

308 4724 504 4776 νόντων
539 4719 693 4790 ὑμῶν
719 4720 781 4772 τὸ
813 4720 972 4787 σῶμα
993 4757 1008 4781 ,
1036 4718 1133 4789 τὴν
1165 4719 1222 4771 δὲ
1251 4715 1428 4787 ψυχὴν
1463 4714 1537 4786 μὴ
1565 4713 1882 4783 δυναμένων

309 4815 647 4867 ἀποκτεῖναι.
687 4830 706 4864 ι
762 4810 982 4879 Ἐπειδὴ
1018 4810 1127 4877 γὰρ
1171 4809 1394 4878 ἔμελλον
1438 4808 1616 4877 θλίψιν
1647 4809 1791 4877 ἔχειν
1826 4808 1884 4857 ὲν

308 4903 385 4973 τῷ
414 4903 601 4973 κόσμῳ
622 4942 636 4965 ,
668 4900 766 4956 καὶ
792 4899 1082 4954 διώκεσθαι
1109 4899 1237 4968 παρ’
1267 4897 1499 4968 ἐχθρῶν,
1531 4898 1625 4950 καὶ
1649 4898 1757 4950 τῶν
1785 4896 1884 4964 τῆς

309 4994 569 5064 ἀληθείας
601 4992 889 5063 δογμάτων
932 4989 1277 5061 ὑπεραθλεῖν,
1323 4988 1507 5059 ἱδρῶτί
1547 5007 1608 5042 τε
1656 4991 1748 5043 καὶ
1786 4991 1884 5042 πό-

310 5102 422 5149 νοις
451 5082 752 5155 κατορθοῦν
792 5080 851 5137 εὖ
886 5081 1031 5152 μαλα
1063 5082 1162 5151 τὴν
1189 5079 1391 5149 ἀρετὴν
1418 5080 1518 5132 οὐκ
1551 5081 1616 5149 ἑᾷ
1654 5079 1887 5149 θρύπτε-

314 5174 438 5230 σθαι
466 5176 600 5247 πρὸς
633 5175 834 5239 δειλίας
858 5215 872 5237 ,
917 5173 1206 5242 ἀποφαίνει
1238 5171 1295 5224 δὲ
1327 5169 1527 5242 μᾶλλον
1554 5170 1881 5240 εὐτολμοτά-

313 5284 460 5332 τους,
495 5266 695 5331 ὲλάσας
736 5267 898 5328 αὐτὸς
939 5265 1027 5318 διὰ
1074 5264 1430 5336 παθημάτων,
1477 5263 1565 5318 ἵνα
1611 5265 1706 5318 καὶ
1739 5264 1886 5334 ἡμᾶς

350 5419 395 5481 ⁸7
434 5418 598 5475 Hebr.
637 5435 699 5485 ιι,
742 5416 927 5474 10-12.
1004 5417 1049 5452 ⁸⁸
1080 5408 1233 5471 Joau.
1275 5431 1313 5483 ι,
1354 5416 1405 5469 5.
1484 5416 1527 5447 δ’
1553 5415 1568 5470 Ι
1599 5415 1724 5470 Cor.
1759 5432 1796 5483 ι,
1824 5416 1879 5473 9.

1985 4536 2238 4599 elliccrct,
2277 4535 2607 4590 conﬁdentes
2646 4535 2697 4589 itt
2748 4535 2841 4591 illo
2877 4537 2965 4606 qui
3012 4536 3186 4590 dicit:
3222 4553 3239 4586 t
3272 4533 3447 4587 Nolite
3492 4532 3559 4583 ti-

1990 4642 2137 4682 tnere
2177 4642 2271 4681 eos
2300 4628 2390 4696 qui
2423 4629 2676 4681 oecidunt
2718 4629 3197 4701 corpus,'animam
3235 4635 3411 4677 autem
3454 4640 3559 4677 non

1988 4731 2216 4791 possunt
2272 4721 2612 4775 occidere".
2651 4739 2668 4770 ι
2735 4720 2865 4773 Nam
2915 4720 3057 4788 ιιιιοιΙ
3111 4716 3455 4770 ειιΙΙὶυιίοιιυιιι
3510 4716 3559 4767 in

1995 4812 2215 4874 mundo,
2259 4812 2799 4879 persecutioncmtpte
2847 4814 2914 4863 ab
2964 4811 3205 4864 hostibus
3253 4807 3560 4877 pcrpessnri

1991 4909 2198 4964 essent,
2239 4906 2293 4951 et
2338 4897 2521 4967 gravia
2561 4912 2657 4965 pro
2698 4897 2940 4953 veritatis
2976 4897 3223 4965 dogmate
3266 4893 3560 4947 certamina

1991 4990 2243 5053 Subituri,
2289 4998 2343 5043 et
2385 4990 2600 5041 virtutis
2642 4987 3152 5055 deuique‘stadiutn
3211 5002 3314 5039 non
3361 4985 3564 5052 absque
3612 5007 3617 5015 ·

1992 5095 2185 5149 magno
2236 5082 2431 5134 sudore
2470 5090 2525 5132 et
2574 5079 2837 5133 molestiis
2883 5079 3193 5141 decursuri,
3250 5077 3422 5130 noluit
3472 5075 3593 5129 eos‘

1994 5180 2138 5224 metu
2187 5172 2383 5241 frangi,
2432 5172 2525 5227 sed
2569 5188 2662 5240 per
2713 5186 2776 5224 ea
2809 5186 2931 5240 qua:
2976 5171 3092 5240 ipse
3128 5183 3415 5239 perpessus
3453 5175 3557 5231 cst,

1994 5262 2224 5318 animari
2255 5282 2267 5318 :
2299 5274 2355 5318 ut
2396 5279 2521 5319 vero
2558 5279 2654 5319 nos
2681 5263 2844 5317 etiam
2887 5277 2949 5317 ea
2983 5263 3283 5317 detrectare
3322 5275 3428 5314 non
3465 5273 3563 5311 au-

1957 5416 2001 5447 "
2039 5412 2216 5469 Gatat.
2256 5427 2332 5481 tv,
2362 5414 2421 5470 7.

2512 5415 2557 5449 "
2592 5415 2755 5471 ilcbr.
2799 5430 2896 5483 xu,
2929 5415 2984 5469 2.
3060 5415 3108 5447 ⁵¹
3142 5411 3329 5469 Matth.
3378 5430 3429 5479 κ,
3465 5413 3557 5470 23.

1413 5571 1582 5628 νηίιυ
1612 5573 1868 5629 lcCtiOnCS
1896 5569 2094 5628 codicis
2119 5568 2478 5640 chuicriani.

772 5710 782 5760 i
826 5707 1034 5762 πιθεῖν.
1115 5707 1137 5747 λε
1172 5706 1342 5760 τοῦτο.

355 5707 372 5754 ί
412 5709 690 5779 ἀγαγόντι.
