3952 6200
320 191 457 246 1577

1124 187 1217 241 AD
1255 184 1553 239 REGINAS
1593 183 1674 238 DE
1716 183 1938 258 RECTA
1978 183 2132 239 FIDE
2171 183 2428 239 ORATIO
2467 184 2764 240 ALTERA.

3434 187 3563 242 I378

317 307 481 362 αὑτοῦ
509 296 597 360 διὰ
641 306 734 360 τοῦ
787 306 1122 378 Πνεύματος.
1174 307 1299 371 Πῶς
1345 302 1442 362 οὖν
1491 309 1538 360 oi
1585 307 1785 371 πάντες
1831 307 1891 373 ἐξ

1998 322 2059 361 ex
2104 323 2210 377 quo
2244 307 2458 361 tandem
2513 307 2624 366 illo.
2676 307 2994 365 Sanct‘lllcat
3031 308 3198 379 igitur
3225 307 3418 372 Filius,
3470 324 3559 368 se-

317 401 474 464 ὲνός;
520 400 606 462 Ὠς
630 398 860 469 ΙΙοιητοῦ
886 400 981 453 καὶ
1014 398 1380 471 Δημιουργοιῖι⁸
1414 399 1555 453 ὥστε
1587 399 1683 452 καὶ
1715 402 1886 468 ἀναγ-

317 495 470 545 καῖον
498 490 744 544 ἐντεῦθεν
776 492 923 560 ἡμᾶς
975 491 1108 560 πρὸς
1142 489 1405 560 ἀλλήλους
1434 489 1580 560 ἔχειν
1605 490 1703 561 τὴν
1739 490 1891 543 ἁδελο

318 587 547 653 φότητα.
584 581 816 651 Γενητοῦ
838 591 865 631 P
887 582 995 653 γὰρ
1017 582 1152 651 πρὸς
1180 583 1424 652 γενητὸν.
1457 583 1594 636 καθὸ
1617 582 1819 653 γενητὰ
1837 593 1886 646 ιι,

317 678 520 747 φυσική
551 694 637 739 τις
662 677 694 746 ἠ
730 675 1046 744 ἀδελφότης.
1082 674 1273 728 Καίτοι
1312 676 1410 746 τὴν
1436 675 1599 743 φύσιν
1625 675 1890 744 ἀγένητος

318 771 463 820 ἐστιν
487 769 515 819 6
548 767 707 828 Υἱὸς.
736 766 831 819 καὶ
859 768 959 819 οὐκ
984 765 1208 833 ἀδελφὸς
1236 768 1304 836 τῇ
1340 767 1513 819 κτίσει
1547 766 1690 819 κατά
1731 783 1796 831 γε
1829 766 1891 818 τὸ

317 854 457 911 εἶναι
488 857 647 927 φύσει
689 857 850 919 Θεός’
895 856 1014 919 πῶς
1043 851 1136 909 οὖν
1164 859 1214 909 oi
1258 856 1458 920 πάντες
1503 858 1561 921 ἐξ
1592 856 1741 921 ἐνὸς,
1773 859 1802 911 ὅ
1830 875 1889 911 τε

317 952 563 1019 ἁγιάζων
594 950 687 1004 καὶ
715 951 767 1002 οἱ
806 948 1192 1018 ἁγιαζόμενοι;
1228 948 1437 1003 Οὐκοῦν
1468 951 1768 1018 ἀναγκαῖος
1809 953 1890 1014 εἰς

313 1046 413 1115 τὴν
446 1044 554 1098 τῶν
598 1042 976 1114 προκειμένων
1015 1041 1342 1111 διασάφησιν
1369 1041 1469 1111 τῆς
1506 1043 1642 1112 μετὰ
1688 1042 1890 1113 σαρκὸς

313 1135 628 1205 οἰκονομίας
649 1137 677 1188 6
708 1133 886 1202 λόγος.
915 1132 1045 1185 Ὅτε
1074 1134 1187 1203 γὰρ
1213 1133 1403 1201 γέγονε
1427 1133 1549 1186 καθ’
1575 1135 1743 1204 ἡμᾶς,
1767 1133 1890 1186 τότε

315 1228 408 1280 καὶ
453 1225 618 1287 αὐτὸς
647 1223 763 1294 μεθ’
795 1223 950 1294 ἡμῶν
993 1222 1054 1287 ἐξ
1082 1223 1200 1286 ἑνὸς
1236 1223 1451 1291 λέγεται
1485 1225 1579 1277 καὶ
1610 1225 1891 1295 κεχρημά-

313 1334 432 1370 τικε
461 1317 573 1378 τοῖς
598 1314 891 1385 κτίσμασιν
912 1314 1141 1383 ἀδελφὸς
1162 1353 1177 1378 ,
1201 1314 1278 1377 ὼς
1302 1315 1620 1383 συγγένειαν
1642 1315 1891 1387 ἐσχηκὼς

1992 399 2224 453 cundum
2278 409 2530 454 naturam
2571 410 2792 456 sanctus
2833 402 3123 464 exsistens,
3163 410 3349 471 utpote
3380 399 3558 467 Dens;

1990 489 2395 545 sanetilicamnr
2430 501 2611 546 autem
2646 507 2745 545 nos
2775 493 2844 546 ab
2890 507 2956 547 eo
2988 507 3084 562 per
3130 491 3390 561 Spiritum
3435 506 3565 546 san-
3674 502 3681 509 '

1990 590 2160 634 ctum.
2201 580 2271 634 At
2310 581 2581 650 quomodo
2608 596 2670 636 ex
2722 597 2829 636 uno
2854 583 3086 636 clunes?
3117 582 3191 635 Ex
3230 598 3338 635 uno
3381 583 3566 649 utique

1989 686 2178 728 omnes
2198 674 2482 728 conditore
2510 683 2563 727 et
2588 673 2802 742 Opifice,
2833 674 2976 727 unde
3004 684 3058 727 et
3089 682 3327 726 mutuam
3353 672 3565 743 quoque

1990 761 2383 826 fraternitatem
2426 764 2735 820 necessario
2771 765 2897 818 hinc
2925 767 3211 820 trahimus.
3258 766 3389 820 Nam
3425 767 3566 819 inter

1991 854 2231 923 genitum
2261 866 2318 908 et
2351 856 2615 925 genitum,
2651 866 2919 926 quatenus
2946 857 3126 925 genita
3160 868 3307 924 sunt,
3345 867 3565 912 natura-

1992 944 2058 997 lis
2100 945 2349 1013 quaedam
2394 947 2723 1015 germanitas
2774 946 3081 1001 intercedit.
3129 947 3394 1003 Caeterum
3436 963 3563 1003 cum

1992 1035 2163 1090 Filius
2195 1053 2300 1092 non
2337 1039 2410 1092 sit
2448 1050 2640 1092 natura
2676 1038 2873 1105 factus,
2923 1055 3097 1108 neque
3146 1039 3313 1093 ullam
3344 1039 3566 1095 omnino

1996 1139 2052 1180 ut
2103 1128 2246 1183 Deus
2295 1130 2692 1184 fraternitatem
2744 1145 2866 1185 cum
2905 1136 3156 1185 creatura
3202 1131 3339 1185 inire
3370 1138 3566 1199 queat;

1991 1221 2084 1288 qui
2112 1221 2224 1275 tieri
2269 1231 2445 1288 potest
2488 1232 2546 1275 ut
2585 1237 2797 1285 omnes,
2838 1231 2944 1276 tam
2984 1223 3054 1276 illi
3084 1223 3175 1291 qui
3215 1222 3567 1278 sanctiﬁcan-

1995 1318 2099 1369 tur.
2128 1326 2288 1377 quam
2320 1312 2366 1365 is
2395 1326 2610 1381 quoque
2635 1313 2726 1380 qui
2760 1312 3086 1378 sanctiﬁcat,
3123 1312 3476 1382 proﬂuxerint
3500 1312 3570 1366 ab

312 1408 412 1476 τὴν
457 1408 594 1477 πρὸς
642 1408 789 1476 ἡμᾶς
818 1404 1189 1476 ἀνθρωπίνην.
1243 1406 1432 1479 Ταύτῃ
1460 1424 1542 1460 τοι
1596 1408 1690 1460 καὶ
1746 1408 1892 1477 μάλα

1998 1402 2140 1457 uno?
2170 1403 2313 1457 Sane
2346 1404 2411 1455 ad
2447 1403 2735 1459 dilucidam
2785 1405 3073 1471 propositae
3114 1405 3189 1459 rei
3232 1403 3570 1475 explanatio-

315 1500 538 1562 εἰκότως
582 1498 681 1550 οὐκ
728 1496 1044 1568 αἰσχύνεται
1085 1499 1234 1569 ἡμᾶς
1271 1497 1539 1566 ἀδελφοὺς
1575 1498 1888 1568 ὀνομάζειν,

1998 1508 2140 1556 nem,
2173 1493 2562 1546 incarnationis
2595 1494 2957 1547 (Economiam
3001 1505 3250 1560 Spectare
3281 1507 3379 1548 nos
3407 1509 3570 1563 opor-

314 1590 414 1642 οὐκ
447 1588 816 1659 ἀνασχόμενος
840 1627 856 1649 ,
883 1587 959 1652 ῶς
987 1589 1050 1656 γέ
1075 1604 1167 1659 μοι
1191 1589 1462 1656 φαίνεται.
1490 1592 1603 1651 τοῖς
1627 1590 1694 1642 δι’
1724 1589 1888 1642 αὑτοῦ

1998 1592 2092 1638 tct.
2122 1584 2254 1639 Cum
2290 1585 2436 1637 enim
2464 1584 2620 1639 nobis
2652 1585 2949 1639 secundum
2980 1600 3199 1639 carnem
3237 1585 3570 1641 assimilatus

315 1679 593 1747 γεγονόσιν
637 1677 866 1745 ἀδελφὸς
909 1675 1312 1746 ὀνομάζεσθαι,
1357 1675 1510 1746 εἰμὴ
1538 1675 1728 1743 γέγονε
1765 1675 1885 1728 κατ’

1998 1688 2098 1741 est,
2141 1686 2268 1728 tunc
2314 1685 2369 1728 et
2413 1676 2528 1744 ipse
2559 1690 2774 1745 quoque
2826 1677 3049 1746 perinde
3087 1693 3151 1732 ac
3190 1693 3287 1733 nos
3346 1692 3412 1733 ex
3461 1692 3572 1734 uno

315 1769 534 1834 αὐτοὺς,
562 1767 703 1839 πλὴν
727 1769 788 1821 οὐ
815 1766 999 1837 μεθεὶς
1025 1768 1162 1836 ὅπερ
1187 1762 1276 1837 ἦν.
1298 1754 1430 1820 Τότε
1454 1766 1562 1836 γὰρ
1586 1766 1890 1837 ἀνεπιπλή-

1998 1782 2116 1823 esse
2140 1766 2320 1822 dictus
2356 1776 2463 1832 est,
2488 1780 2972 1838 creatur-aramque
2996 1769 3304 1838 fraterjure
3326 1770 3569 1841 appella-

315 1878 461 1925 κτως
491 1861 583 1914 καὶ
611 1859 844 1930 ὑμνήσει
893 1858 1013 1929 μεθ’
1046 1859 1203 1929 ἡμῶν
1234 1858 1396 1922 αὐτὸς
1415 1898 1430 1921 ,
1461 1858 1519 1911 ὃν
1559 1857 1788 1929 ὑμνοῦσι
1821 1857 1889 1912 τὰ

1998 1866 2102 1921 tus,
2140 1868 2324 1926 utpote
2357 1874 2479 1912 cum
2512 1860 2745 1913 humana
2775 1869 2964 1913 natura
2992 1862 3370 1931 cognationem
3408 1861 3573 1916 sorti-

315 1954 596 2024 Σεραφεὶμ
614 1992 629 2016 ,
657 1950 752 2007 καὶ
785 1950 1047 2020 σύμπασα
1077 1948 1255 2013 κτίσις
1284 1952 1598 2020 προσκυνεῖ.

1998 1958 2104 2003 tus.
2147 1949 2257 2004 Hac
2303 1950 2465 2019 igitur
2508 1950 2717 2004 ratione
2763 1951 2898 2005 satis
2950 1966 3187 2021 congrue
3221 1953 3420 2008 fratres
3472 1967 3573 2007 nos

314 2044 587 2114 appellare
619 2044 926 2113 neutiquam
963 2043 1169 2096 veritus
1208 2052 1309 2096 est.
1345 2042 1455 2096 Nisi
1487 2044 1631 2095 enim
1679 2043 1764 2098 his
1793 2043 1885 2112 qui
1925 2058 2023 2111 per
2051 2044 2222 2113 ipsum
2253 2044 2455 2098 conditi
2484 2053 2631 2107 sum,
2697 2045 2893 2100 similis
2951 2047 3209 2101 evasisset
3237 2047 3573 2117 (quanquam
3672 2097 3679 2103 .

316 2150 410 2208 per
442 2141 566 2205 hoc,
614 2141 667 2194 id
700 2140 841 2210 quod
888 2146 1026 2202 erat,
1096 2152 1200 2191 non
1251 2138 1539 2206 auiiserit),
1589 2152 1950 2207 nequaquam,
1992 2148 2050 2192 ut
2102 2141 2232 2194 mihi
2287 2141 2607 2209 persuadeo,
2660 2139 2847 2194 fratris
2890 2141 3109 2195 nomine
3160 2157 3220 2197 se
3260 2139 3572 2209 compellari

316 2250 506 2303 passus
549 2244 716 2289 esset.
761 2231 916 2307 Tunc
950 2232 1096 2284 enim
1139 2240 1194 2285 et
1236 2232 1439 2299 absque
1475 2232 1895 2299 reprehensione
1932 2233 2095 2286 etiam
2162 2235 2274 2302 ipse
2317 2234 2598 2288 uobiscum
2646 2234 2907 2298 laudabit,
2935 2249 3096 2302 quem
3164 2234 3386 2287 laudant
3412 2233 3574 2287 Sera-

316 2326 487 2396 phim,
518 2335 571 2379 et
600 2326 849 2377 universa
882 2332 1133 2376 creatura
1161 2321 1371 2377 adorat.

384 2420 508 2472 AI".
562 2436 581 2469 ι
614 2419 745 2470 Καὶ
767 2415 1217 2486 ὁμολογουμένως
1249 2414 1393 2484 μέγα
1430 2416 1548 2468 ἐστὶ
1573 2416 1634 2469 τὸ
1670 2419 1770 2487 τῆς
1800 2419 1890 2470 εύ-

316 2512 529 2575 σεϐείας
561 2512 864 2594 μυστήριον
890 2526 903 2540 ·
934 2510 1069 2567 Θεὸς
1114 2509 1432 2580 ἐφανερώθη
1466 2511 1526 2564 ὲν
1552 2512 1715 2583 σαρκὶ
1736 2553 1750 2573 .
1781 2514 1889 2567 ἐδι-

315 2604 521 2676 καιώθη
569 2606 626 2657 ἐν
656 2603 929 2674 πνεύματι
952 2643 968 2668 ,
1002 2601 1159 2672 ὤφθη
1204 2601 1489 2671 ἀγγέλοις,
1520 2604 1798 2675 ἐκηρύχθη
1832 2607 1890 2658 ὲν

315 2697 547 2762 ἔθνεσιν,
579 2694 874 2766 ἐπιστεύθη
915 2695 974 2747 ὲν
1020 2692 1211 2765 κόσμῳ
1232 2733 1247 2757 ,
1282 2692 1558 2763 ἀνελήφθη
1603 2696 1661 2747 ἐν
1691 2693 1836 2765 δόξῃ.
1870 2713 1887 2744 ι

315 2791 378 2844 El
420 2788 553 2851 Θεὸς
594 2786 670 2840 ῶν
701 2788 731 2841 6
763 2785 936 2853 Λόγος
964 2783 1386 2857 ἐνανθρωπῆσαι
1413 2783 1658 2851 λέγοιτο,
1689 2784 1781 2837 καὶ⁴
1828 2785 1890 2838 οὐ

313 2883 488 2952 δήπου
534 2879 719 2950 μεθεὶς
751 2877 811 2931 τὸ
844 2872 984 2931 εἶναι
1017 2874 1179 2939 Θεὸς,
1205 2874 1322 2928 ἀλλ’
1362 2876 1421 2927 ὲν
1451 2871 1532 2937 οἷς
1560 2870 1628 2946 ἦν
1658 2875 1747 2929 ἀεὶ
1778 2876 1891 2928 διας

318 2947 517 3046 μένωνο
535 2947 690 3043 ⁷μέγα
712 2971 776 3044 δὴ
806 2971 928 3025 τότε
952 3010 967 3035 ,
995 2968 1090 3024 καὶ
1119 2968 1384 3039 ὀμολογου
1395 2968 1742 3040 μένως,μέγα
1771 2967 1890 3021 ἐστὶ
1919 2947 1963 3007 C

315 3069 376 3120 τὸ
404 3066 505 3137 τῆς
544 3064 823 3128 εὐσεὸείας
859 3063 1177 3134 μυστήριον.
1207 3063 1272 3115 Ei
1293 3062 1351 3115 δὲ
1378 3060 1665 3131 ἄνθρωπος
1692 3062 1896 3114 νοεῖται

317 3158 497 3222 κοινὸς
539 3158 569 3210 6
604 3156 839 3227 Χριστὸς
861 3193 875 3218 ,
906 3153 981 3217 ῶς
1015 3152 1156 3207 κατὰ
1197 3152 1364 3223 μόνην
1386 3151 1486 3222 τὴν
1537 3150 1760 3222 ἰσότητα
1795 3150 1896 3221 τῆς

319 3251 474 3317 ἀξίας
494 3291 509 3314 ,
536 3250 704 3320 ἦγουν
736 3245 1046 3310 αὑθεντίας,
1078 3244 1198 3315 Θεῷ
1229 3243 1575 3314 συνημμένος
1605 3244 1897 3316 (πεφρονή-

318 3358 448 3394 κασι
476 3341 585 3411 γὰρ
610 3340 679 3393 τὰ
711 3338 888 3393 τοιάδε
913 3335 1058 3398 τινὲς
1084 3320 1194 3389 τῶν
1216 3335 1655 3407 ἀμαθεστέρων),
1682 3335 1801 3399 πῶς
1835 3336 1894 3388 ἐν

319 3433 484 3503 σαρκὶ
506 3430 919 3501 πεφανέρωται;
944 3425 1145 3497 (καίτοι
1168 3426 1284 3490 πῶς
1300 3427 1397 3497 οὐχ
1418 3426 1622 3480 ἅπασιν
1645 3426 1893 3499 ἐναργὲς,

316 3525 401 3578 ὅτι
445 3524 553 3586 πᾶς
595 3521 885 3592 ἅνθρωπος
917 3520 977 3572 ὲν
1030 3516 1196 3589 σαρκί
1240 3517 1303 3570 τέ
1350 3519 1503 3580 ἐστι,
1548 3517 1641 3570 καὶ
1683 3518 1783 3570 οὐκ
1828 3517 1895 3571 ἂν

308 3615 522 3685 ⁸ἑτέρως
569 3612 743 3683 ὁρῷτό
784 3614 950 3680 τισις)
992 3610 1096 3663 τίνι
1136 3609 1193 3662 δὲ
1221 3608 1409 3679 τρόπῳ
1439 3619 1461 3646 ι’
1503 3603 1683 3679 ὦφθαι
1730 3627 1895 3681 φησιν

318 3707 484 3763 αὐτὸν
526 3706 623 3759 καὶ
652 3706 765 3766 τοῖς
808 3701 985 3770 ἁγίοις
1030 3699 1318 3768 ἁγγέλοιςς
1365 3700 1437 3752 Ἣ
1467 3699 1575 3769 γὰρ
1615 3700 1708 3752 καὶ
1748 3701 1896 3770 ἡμᾶς

320 3800 519 3863 αὐτοὺς
560 3796 660 3866 οὐχ
702 3794 902 3867 ὁρῶσιν
954 3792 1212 3862 ἄγγελοις
1243 3792 1310 3845 Τί
1341 3785 1434 3845 οὖν
1482 3794 1540 3845 ὲν
1571 3790 1794 3862 Χριστῷ
1832 3791 1896 3845 τὸ

320 3890 494 3957 ξένον,
531 3889 565 3960 ἢ
596 3888 649 3943 τί
691 3888 752 3941 τὸ
778 3884 1099 3957 παράδοξον,
1133 3885 1182 3937 εί
1232 3883 1327 3938 καὶ
1364 3883 1487 3938 καθ’
1535 3885 1684 3955 ἡμᾶς
1729 3883 1893 3946 ὄντα,

322 3981 415 4037 καὶ
442 3980 630 4050 ἓτερον
657 3978 831 4040 οὐδὲν,
867 3975 1153 4030 τεθέανταί
1181 3992 1328 4038 τινες
1368 3974 1477 4027 τῶν
1524 3975 1697 4043 ἁγίων
1726 3974 1895 4043 ἀγγέ-

318 4076 456 4139 λων;
486 4071 609 4135 Πῶς
635 4070 693 4124 δὲ
717 4070 811 4123 καὶ
830 4069 1038 4123 ἔθνεσιν
1055 4066 1334 4139 ἐκηρύχθη
1359 4083 1373 4132 ;
1397 4067 1491 4120 καὶ⁸
1516 4066 1594 4129 ὡς
1612 4066 1697 4130 τίς
1714 4067 1893 4138 ὑπάρ-

318 4184 429 4237 χων
453 4172 475 4200 ⁸
508 4163 657 4233 παρὰ
695 4162 803 4215 τῶν
841 4163 899 4214 ὲν
934 4160 1125 4230 κόσμῳ
1157 4158 1471 4212 πιστεύεται
1499 4174 1514 4223 ;
1544 4159 1607 4211 EI
1653 4158 1752 4229 μὲν
1784 4160 1895 4229 γὰρ

317 4261 395 4321 ὼς
423 4258 519 4310 ἕνα
542 4253 651 4307 τῶν
675 4252 795 4306 καθ’
819 4252 970 4320 ἡμᾶς
999 4251 1283 4321 ἄνθρωπον
1314 4248 1501 4311 ἁπλῶς
1516 4290 1531 4314 ν
1559 4249 1653 4301 καὶ
1681 4248 1803 4318 οὐχὶ
1826 4248 1892 4319 δὴ
1925 4281 1969 4336 Ι)

323 4344 527 4416 μᾶλλον
556 4341 688 4393 Θεὸν
715 4338 1177 4410 ὲνηνθρωπηκότα
1204 4336 1531 4409 διεκήρυξαν
1553 4338 1602 4390 οί
1631 4337 1892 4409 μαθηταὶ,

321 4434 416 4487 καὶ⁵
441 4432 517 4495 t'o;
549 4427 708 4483 τοῦτο
731 4427 995 4498 ὑπάρχων
1020 4426 1173 4495 παρὰ
1198 4424 1309 4478 τῶν
1335 4427 1392 4478 ὲν
1422 4426 1610 4497 κόσμῳ
1640 4425 1894 4479 πιστεύε-

320 4542 440 4589 ται,
474 4518 959 4594 ὰνθρωπολατρείᾳ
990 4515 1387 4589 κεκρατήμεθα
1407 4556 1422 4580 ,
1455 4516 1549 4571 καὶ
1582 4533 1895 4587 προσκεκυ-

322 4619 566 4688 νὴκαμεν
612 4615 679 4681 τῇ
714 4611 925 4664 κτίσει·
965 4607 1060 4661 καὶ
1106 4607 1243 4680 πρός
1288 4623 1352 4676 γε
1389 4607 1547 4661 τοῦτο
1575 4609 1721 4680 ἡμᾶς
1759 4625 1894 4663 κατ..

324 4710 573 4779 εδόνησεν
600 4703 761 4766 αὐτὸς
786 4703 816 4754 6
838 4700 998 4770 φύσει
1033 4717 1092 4753 τε
1112 4701 1206 4753 καὶ
1233 4699 1462 4771 ἀληθείᾳ
1492 4700 1586 4754 καὶ
1615 4700 1726 4755 τῶν
1755 4701 1893 4755 ὅλων

320 4799 472 4861 8w;-
513 4796 679 4857 αὐτὸς
723 4791 835 4879 γὰρ
863 4792 996 4860 ἡμῖν
1042 4790 1137 4842 τὸν
1181 4787 1291 4879 τῶν
1333 4790 1615 4862 θεηγόρων
1650 4792 1892 4858 ἀνέδειξε

322 4890 502 4963 χορόν.
532 4888 596 4940 El
622 4887 680 4941 δὲ
714 4878 947 4954 Χριστὸς
975 4881 1222 4951 ἐγερθεὶς
1256 4878 1319 4934 ἐκ
1346 4882 1554 4951 νεκρῶν
1581 4887 1694 4948 τοῖς
1719 4886 1898 4952 ἁγίοις

322 4984 559 5053 ἔφασκεν
614 4976 964 5039 ἀποστόλοις
1021 4992 1041 5025 ι
1101 4973 1469 5043 Πορευθέντες
1512 4974 1895 5044 μαθητεύσατε

323 5073 500 5127 πάντα
546 5069 615 5123 τὰ
657 5068 816 5136 ἔθνη,
868 5062 1222 5135 βαπτίζοντες
1273 5062 1469 5125 αὐτοὺς
1512 5065 1593 5125 είς
1627 5064 1690 5117 τὸ
1725 5064 1895 5133 ὄνομα

321 5163 414 5216 τοῦ
445 5163 680 5235 Πατρδς,
722 5163 817 5216 καὶ
842 5161 933 5216 τοῦ
976 5163 1129 5225 Υἱοῦ,
1161 5163 1253 5216 καί⁸
1296 5162 1390 5215 τοῦ
1432 5161 1588 5230 ἁγίου
1636 5161 1893 5232 Πνεύμα-

390 5340 434 5373 σι
463 5338 479 5391 I
514 5338 749 5394 Tintoth.
785 5356 868 5405 ιιι,
902 5338 983 5393 16.

2069 2416 2312 2472 XXXIII.
2362 2435 2382 2466 ι
2421 2417 2483 2471 Et
2513 2417 2798 2471 manifeste
2829 2433 3081 2487 magnum
3107 2429 3190 2473 est
3229 2381 3568 2488 pietatésa-

1997 2518 2332 2563 crumentum
2364 2525 2377 2561 :
2411 2507 2551 2562 Deus
2587 2508 2961 2564 manifestatus
2997 2523 3079 2565 est
3120 2511 3171 2564 in
3201 2526 3388 2576 carne,
3412 2511 3573 2580 justi-

2000 2602 2189 2655 liratus
2230 2611 2312 2655 est
2342 2602 2393 2654 in
2424 2601 2644 2669 spiritu,
2677 2601 2824 2655 visus
2872 2612 2955 2657 est
2989 2603 3217 2673 angelis,
3249 2604 3573 2672 praedicatus

1998 2701 2081 2746 est
2115 2692 2168 2746 in
2205 2691 2479 2761 gentibus,
2515 2694 2755 2749 creditus
2801 2703 2879 2748 est
2915 2694 2968 2748 in
3015 2697 3233 2760 mundo,
3266 2706 3576 2767 assumptus

1998 2792 2080 2836 est
2136 2782 2191 2837 in
2239 2783 2408 2853 gloria
2433 2784 2500 2837 ".
2536 2802 2554 2836 ι
2609 2784 2663 2840 Si
2712 2785 2853 2841 Deus
2886 2787 3109 2841 verbum
3157 2787 3416 2843 deitatem
3466 2805 3573 2843 non

2001 2874 2283 2938 amittens,
2316 2876 2409 2930 sed
2442 2877 2495 2930 in
2530 2878 2730 2946 quibus
2754 2887 2877 2932 erat
2916 2878 3074 2933 bonis
3107 2887 3425 2935 constanter
3450 2897 3575 2951 per-

1998 2964 2218 3030 sistens,
2253 2966 2416 3021 homo
2446 2966 2622 3022 factus
2653 2969 3000 3036 praedicatur,
3034 2986 3289 3041 magnum
3327 2974 3574 3042 profecto

1998 3056 2216 3124 pietatis
2254 3059 2571 3128 mysterium
2622 3060 2710 3114 hic
2743 3074 2801 3114 se
2842 3059 3019 3116 offert.
3066 3062 3123 3117 Si
3167 3078 3293 3118 vero
3324 3063 3575 3121 Christus

1996 3160 2080 3205 est
2126 3152 2286 3206 homo
2334 3158 2543 3206 tantmn
2590 3156 2925 3221 communis,
2979 3155 3092 3210 sola
3146 3156 3428 3227 dignitatis
3485 3156 3570 3213 vel

1999 3243 2343 3298 auctoritatis
2374 3245 2635 3299 societate
2662 3244 2773 3300 Deo
2800 3246 3120 3315 conjunctus
3147 3247 3272 3317 (hoc
3305 3250 3448 3304 enim
3490 3249 3575 3305 in-

1998 3334 2142 3389 docti
2189 3336 2404 3403 quidam
2458 3333 2806 3407 defendunt),
2864 3339 3135 3407 quomodo
3195 3339 3575 3397 manifestatus

1998 3434 2082 3479 est
2125 3424 2178 3478 in
2230 3425 2434 3480 carne?
2491 3428 2576 3480 An
2644 3442 2748 3481 non
2794 3430 3046 3483 onmibus
3095 3432 3438 3501 perspicuum
3491 3442 3577 3489 est

1998 3515 2200 3569 nullum
2242 3530 2348 3570 non
2390 3516 2662 3571 hominem
2694 3533 2857 3572 carne
2890 3533 3012 3574 esse
3039 3519 3309 3585 indutum,
3343 3538 3441 3579 uec
3468 3523 3577 3581 alio

1999 3607 2159 3662 modo
2185 3621 2215 3661 a
2250 3622 2520 3678 quoquam
2559 3623 2719 3678 posse
2754 3610 2958 3663 videri?
2988 3610 3148 3683 ιδῃ,
3176 3612 3288 3679 Qua
3316 3629 3446 3683 ergo
3482 3630 3574 3669 ra-

1999 3701 2144 3756 tione
2170 3716 2199 3755 a
2231 3702 2438 3755 sanctis
2464 3715 2681 3770 quoque
2706 3702 2913 3769 angelis
2941 3704 3088 3757 visus
3123 3704 3354 3759 dicitur?
3386 3698 3576 3761 Nonne

1997 3791 2175 3860 angeli
2212 3791 2462 3859 nosipsos
2496 3791 2918 3859 conspicantur?
2948 3792 3085 3859 Quid
3126 3793 3291 3863 igitur
3323 3796 3374 3849 in
3415 3795 3574 3852 Chri-

1997 3890 2083 3937 sto
2114 3891 2208 3936 aut
2239 3896 2458 3946 novum,
2497 3891 2589 3935 aut
2625 3882 2969 3950 inusitatum,
3002 3892 3057 3940 et
3096 3887 3457 3943 admiratione
3486 3889 3572 3944 di-

1997 3986 2158 4044 gnum
2206 3980 2312 4039 est,
2363 3973 2409 4028 si
2461 3971 2633 4027 solam
2673 3983 2878 4029 natura:
2918 3985 3121 4032 nostrae
3158 3978 3570 4036 similitudinem

1996 4080 2218 4137 gerens.
2256 4080 2286 4119 a
2322 4065 2643 4136 quibusdam
2669 4066 2873 4137 angelis
2907 4068 3057 4123 visus
3082 4069 3209 4124 es”
3232 4069 3420 4137 Qualis
3447 4088 3570 4126 rur-

1997 4171 2117 4211 sum
2154 4156 2404 4226 gentihus
2430 4154 2792 4223 praedicatus?
2822 4165 2913 4209 aut
2949 4156 3124 4225 qualis
3156 4159 3371 4214 tandem
3409 4162 3477 4216 ab
3504 4161 3571 4218 iis

1997 4249 2087 4317 qui
2126 4256 2255 4301 sunt
2287 4247 2340 4302 in
2377 4247 2600 4311 mundo,
2638 4246 2917 4301 creditur?
2955 4248 3089 4302 Nam
3133 4250 3179 4305 si
3225 4250 3370 4307 illum
3408 4255 3572 4309 disci-

1999 4341 2107 4409 puli
2139 4338 2338 4392 mundo
2374 4337 2738 4407 praedicarunt
2772 4347 2830 4391 ut
2867 4353 3059 4408 purum
3100 4340 3333 4411 aliquem
3370 4355 3572 4401 nostrae

1999 4430 2329 4486 conditionis
2384 4432 2680 4493 hominem,
2727 4439 2782 4484 et
2820 4446 2930 4485 non
2979 4442 3035 4486 ut
3079 4434 3244 4487 Deum
3294 4434 3568 4490 hominem

1997 4522 2222 4588 factum,
2255 4523 2486 4593 talisque
2510 4523 2577 4577 ah
2611 4521 2679 4578 iis
2711 4524 2801 4591 qui
2839 4524 2894 4578 iu
2922 4526 3125 4579 mundo
3152 4526 3356 4595 degunt
3392 4528 3572 4582 credi-

2001 4624 2121 4681 tur;
2172 4618 2238 4670 ad
2277 4630 2442 4670 unum
2489 4630 2680 4672 omnes
2728 4616 3167 4686 anthropolatrize
3215 4617 3443 4672 crimine
3495 4620 3571 4672 rei

2003 4707 2325 4773 tenebimur,
2387 4719 2804 4777 crcaturamque
2848 4710 3126 4765 Creatoris
3177 4710 3296 4766 loco
3347 4714 3574 4769 adorare

2002 4806 2188 4864 aperte
2214 4797 2649 4852 convinccmurl
2678 4798 2842 4866 idque
2880 4800 3023 4868 illius
3065 4800 3316 4869 impulsu,
3346 4804 3436 4871 qui
3473 4817 3564 4857 na-

2004 4896 2124 4941 tura
2186 4895 2238 4941 et
2286 4887 2522 4943 veritate
2563 4888 2944 4941 universorum
3003 4889 3142 4944 Deus
3192 4902 3293 4945 cst.
3341 4890 3578 4948 Constat

2003 4979 2146 5033 cnim
2196 4979 2371 5047 ipsum
2436 4980 2504 5032 ad
2554 4992 2653 5033 nos
2704 4979 2919 5035 misisse
2972 4981 3258 5052 magistros
3312 4985 3404 5053 qui
3460 4985 3576 5040 hzcc

2000 5072 2276 5124 docerent.
2303 5069 2457 5136 Quod
2489 5070 2534 5125 si
2562 5070 2810 5126 Christus
2839 5084 2904 5127 ex
2933 5073 3160 5128 mortuis
3185 5077 3570 5143 exsuscitatns,

2000 5171 2219 5217 sanctos
2260 5162 2534 5232 apostolos
2566 5162 2649 5219 his
2690 5163 2873 5218 verbis
2920 5162 3117 5220 aﬂ'atur
3145 5182 3160 5220 :
3194 5184 3213 5219 ι
3243 5166 3447 5224 Euntes
3478 5169 3578 5223 do—

1417 5472 1590 5544 Variae
1622 5473 1879 5530 lectiones
1910 5476 2113 5532 codicis
2148 5474 2507 5546 Segnienani.

392 5626 422 5669 Ρ
451 5616 683 5689 γενητῷ.
758 5624 786 5664 ιι
816 5612 1059 5683 γενητόν.
1138 5620 1162 5651 ι’
1193 5612 1315 5666 τίνα
1342 5612 1398 5666 δὲ
1425 5610 1645 5681 τρόπον.
1721 5616 1745 5647 ⁸
1777 5610 1861 5666 la“.
1893 5611 1989 5666 καὶ
2026 5611 2176 5675 ὅστις
2201 5613 2482 5684 ὑπάρχων.
