3912 6228
232 5614 291 5655 Ἢ

420 196 557 251 13¹ῖ9

1399 192 1455 246 S.
1497 190 1771 247 CYRILLI
1814 185 2282 243 ALEXANDHINI
2325 176 2643 241 ARCIIIEP.

3534 194 3679 247 Εἶθ’)

417 322 533 362 cete
580 320 769 359 omnes
805 314 1011 373 gentes,
1045 305 1386 375 baptizantes
1417 319 1513 359 eos
1548 305 1598 357 in
1645 304 1862 355 nomine
1896 301 1985 353 Pa-

2094 316 2214 363 τος·
2248 317 2266 349 ι
2301 295 2417 352 εἶτα
2452 300 2898 369 πεπιστεύκαμεν
2934 304 3013 364 εἰς
3039 303 3230 364 αὐτὸν,
3262 302 3681 375 βεϐαπτίσμεῡά

419 400 541 463 tris,
569 410 623 453 et
649 397 793 461 Filii,
823 408 874 451 et
897 397 1138 465 Spiritus
1168 398 1341 451 sancti
1366 397 1441 461 “;
1471 414 1490 447 ι
1521 410 1729 464 nosque
1753 396 1805 448 in
1844 394 1988 448 illum

416 492 708 550 credimus,
737 504 798 543 ac
827 497 1060 542 mortem
1093 488 1331 557 ejusdem
1367 487 1771 547 annuntiantes,
1806 500 1988 538 resur-

418 582 819 647 rectionemque
844 580 1186 641 confitentes,
1220 577 1474 647 baptizati
1504 592 1693 631 sumus
1720 593 1736 643 ;
1768 586 1821 630 et
1848 577 1992 629 istud

416 674 480 727 de
512 686 659 724 more
695 670 1005 723 iactitantes
1039 683 1316 737 nunquam
1360 669 1622 722 hactenus
1644 669 1786 738 quod
1820 667 1991 721 homi-

415 776 535 815 nem
568 760 829 823 colamus,
877 757 1175 813 insimulati
1209 756 1449 811 fuimus:
1482 759 1605 827 quis
1638 757 1857 811 dubium
1892 756 1990 809 ha-

415 852 543 906 bere
586 859 765 920 potest
823 848 1099 904 Christum
1170 864 1273 902 non
1322 863 1441 903 esse
1483 863 1674 915 purum
1719 847 1990 901 hominem

415 948 554 1001 nmla
610 954 816 1000 tantum
877 941 1216 1010 simplicique
1271 955 1394 994 cum
1461 939 1553 993 Dei
1617 936 1797 993 Verbo
1862 952 1993 992 cou-

415 1037 645 1088 nexione
675 1036 1030 1094 honoratum;
1074 1044 1259 1083 rerum
1304 1028 1536 1082 naturali
1577 1027 1874 1082 secundum
1910 1026 1993 1080 di-

414 1117 804 1195 spensaturiam
846 1124 1103 1176 unionem
1154 1137 1275 1175 cum
1331 1120 1564 1174 humana
1613 1128 1809 1174 natura
1859 1133 1992 1172 cnn-

411 1218 688 1288 jnnctione
740 1231 906 1270 unum
953 1228 1074 1268 esse
1132 1211 1328 1266 Filium
1374 1219 1429 1265 et
1478 1211 1787 1272 Dominum,
1832 1220 1991 1277 atque

416 1310 536 1361 ideo
561 1322 811 1375 magnum
838 1306 1053 1376 pietatis
1074 1313 1474 1358 sacramentum
1500 1302 1734 1356 eluxisse
1755 1299 1992 1353 mnmlo?

413 1396 550 1450 Nam
597 1396 736 1451 Deus
778 1396 1010 1449 Verbum
1063 1395 1313 1461 apparuit
1349 1393 1401 1445 in
1449 1408 1634 1456 carne,
1666 1391 1992 1460 justiﬁeatus

417 1497 498 1542 est
529 1487 580 1540 in
609 1486 812 1555 Spiritu
845 1486 1070 1556 (mdium
1103 1486 1248 1540 enim
1287 1494 1567 1553 peceatum
1607 1481 1863 1536 Dominus
1896 1496 1992 1534 no-

416 1591 530 1634 ster
570 1578 866 1647 designat),
892 1578 1042 1631 visus
1077 1587 1157 1630 cst
1187 1587 1239 1630 et
1263 1576 1489 1644 angelis,
1531 1585 1584 1628 nt
1614 1577 1702 1644 qui
1735 1574 1989 1628 nativita-

2091 405 2148 441 τε
2173 429 2188 451 ,
2223 388 2314 440 τὸν
2358 389 2587 442 θάνατον
2618 390 2786 443 αὑτοῦ
2823 391 3288 457 καταγγέλλοντες
3309 432 3323 454 ,
3355 395 3452 446 καὶ
3477 397 3680 464 ὁμολο-

2091 480 2315 547 γοῦντες
2353 481 2450 552 τὴν
2494 482 2825 536 ἅνάστασινο
2864 482 2959 535 καὶ
2997 482 3157 535 τοῦτο
3197 484 3330 556 δρᾷν
3377 488 3675 553 εἰωθότες,

2090 574 2201 635 τοῖς
2228 572 2740 644 ἀνθρωπολατρείας
2765 572 3075 644 ἐγκλήμασι
3102 575 3225 627 κατ’
3251 574 3443 632 ούδένα
3470 581 3678 651 τρόπον

2091 661 2447 732 ἐνισχήμεοα.
2480 662 2593 715 Οὐκ
2623 662 2733 733 ἄρα
2763 662 2893 733 ψιλῇ
2943 666 3213 736 συναφεία
3251 669 3318 738 τῇ
3360 671 3496 741 πρὸς
3539 671 3680 725 Θεὸν

2092 753 2263 819 Λόγον
2300 754 2663 824 τετιμημένος
2686 754 2975 825 ἄνθρωπος
3009 754 3038 806 6
3064 757 3297 826 Χριστὸς
3318 797 3334 820 ,
3374 761 3581 832 συνόδῳ
3614 764 3678 817 δὲ

2093 843 2294 913 μᾶλλον
2318 847 2382 916 τῇ
2422 846 2559 915 πρδς
2592 844 2656 898 τὸ
2683 845 3025 916 ἀνθρώπινον
3063 846 3184 900 καθ’
3227 849 3423 903 ἕνωσιν
3459 855 3677 908 οἰκονο-

2095 933 2261 1004 μικὴν
2286 934 2414 997 Υἱὸς
2438 928 2518 998 εἷς
2567 935 2662 987 καὶ
2706 935 2932 1006 Κύριος.
2979 936 3139 1003 Μέγα
3171 937 3280 1009 γὰρ
3310 940 3432 993 τότε
3465 942 3531 994 τὸ
3573 944 3680 1011 τῆς

2090 1026 2373 1090 εὐσεϐείας
2418 1028 2750 1098 μυστήριον·
2800 1030 3186 1100 πεφανέρωται
3235 1029 3345 1102 γὰρ
3395 1033 3456 1085 ἐν
3504 1039 3676 1104 σαρκὶ

2090 1116 2221 1181 Θεὸς
2242 1116 2317 1170 ὢν
2340 1119 2368 1171 6
2396 1116 2594 1187 Λόγος,
2630 1117 2922 1188 ἐδικαιώθη
2949 1119 3005 1172 δὲ
3034 1120 3131 1173 καὶ
3158 1122 3215 1173 ὲν
3252 1122 3535 1192 Πνεύματι
3554 1142 3568 1154 ·
3608 1126 3675 1178 ού

2089 1209 2199 1278 γὰρ
2224 1208 2478 1279 ἐποίησεν
2505 1208 2780 1278 ἁμαρτίαν
2810 1213 2839 1263 6
2866 1210 3072 1281 Κύριος
3092 1211 3252 1281 ἡμῶν
3300 1214 3510 1284 Ἰησοῦς
3536 1217 3675 1288 Χρι-

2092 1300 2246 1363 στόςο
2292 1299 2446 1371 ὤφθη
2494 1299 2551 1352 δὲ
2590 1299 2687 1352 καὶ
2730 1301 3019 1369 ἀγγέλοις,
3067 1303 3118 1354 οἳ
3165 1302 3263 1373 τὴν
3319 1306 3678 1380 ἀνθρωπείων

2092 1391 2258 1445 αὐτοῦ
2283 1391 2535 1463 γέννησιν
2576 1393 2677 1446 οὐκ
2702 1393 3032 1463 ἠγνοηκότες
3062 1394 3326 1464 ἔφασκον·
3381 1415 3400 1447 ι
3437 1399 3580 1464 Δόξα
3615 1405 3677 1453 ἐν

2093 1482 2335 1551 ὑψίστοις
2372 1483 2526 1554 Θεῷ,
2558 1485 2654 1537 καὶ
2695 1485 2791 1538 ἐπὶ
2831 1485 2933 1554 γῆς
2983 1487 3211 1557 εἰρήνη,
3254 1490 3312 1540 ἒν
3356 1489 3677 1560 ἀνθρώποις

2091 1572 2330 1627 εὐδοκία.
2363 1592 2382 1624 ι
2429 1574 2739 1645 Ἐκηρύχθη
2767 1574 2826 1627 δὲ
2848 1576 2944 1628 καὶ
2968 1578 3026 1628 ὲν
3048 1576 3230 1629 ἔθνεσι
3255 1596 3270 1608 ⁸
3297 1580 3393 1632 καὶ
3417 1580 3500 1633 ὅτι
3525 1585 3676 1635 κατὰ

416 1679 520 1723 lem
558 1670 675 1734 ejus
702 1666 998 1721 secundmu
1029 1680 1244 1719 carnem
1279 1680 1382 1719 non
1416 1666 1726 1734 ignorantes
1756 1683 1769 1718 :
1800 1682 1818 1714 ι
1856 1663 1979 1717 Gin-

2089 1665 2342 1735 ἅλήθειάν
2384 1667 2530 1719 ἔστιν
2555 1669 2584 1719 6
2626 1666 2755 1730 Υἱὸς
2796 1666 2892 1720 τοῦ
2924 1667 3061 1720 Θεοῦ
3088 1669 3184 1722 καὶ
3211 1671 3451 1741 Πατρδς,
3484 1676 3581 1725 καὶ
3613 1676 3677 1726 ἐν

415 1761 492 1813 ria
523 1759 574 1812 in
607 1758 885 1812 altissimis
918 1757 1045 1819 Deo,
1083 1766 1133 1810 et
1167 1758 1218 1809 in
1256 1764 1398 1809 terra
1434 1770 1557 1824 pax,
1584 1757 1638 1810 in
1677 1756 1981 1810 hominibus

2089 1757 2253 1829 caput
2283 1757 2575 1827 πεφηνὼς,
2599 1757 2753 1829 παρὰ
2775 1761 2886 1821 τοῖς
2915 1761 2973 1812 ὲν
3003 1760 3194 1831 κόσμῳ
3224 1763 3563 1818 πιστεύεται.

413 1852 552 1907 bena
606 1852 855 1907 voluntas
878 1850 955 1915 ",
988 1869 1009 1903 ι
1057 1849 1467 1916 concinuerint;
1529 1850 1855 1918 praedicatus
1894 1858 1988 1903 est
2024 1851 2148 1903 etin
2185 1852 2438 1919 gentibus
2494 1864 2760 1921 quoque:
2807 1850 3042 1918 denique
3094 1867 3281 1906 verum
3319 1843 3462 1906 illum
3514 1864 3678 1908 natu-

416 1941 692 2008 ralemque
724 1938 815 1993 Dei
860 1938 1036 1993 Patris
1075 1936 1267 1991 Filium
1309 1952 1449 2004 esse,
1504 1940 1595 2007 qui
1664 1936 2035 1993 manifestatus
2073 1940 2142 1992 sit
2193 1941 2244 1993 in
2312 1956 2499 2007 carne,
2562 1941 2826 1995 creditum
2875 1949 2957 1993 est
3001 1940 3070 1995 ab
3119 1942 3200 1996 his
3252 1945 3341 2014 qui
3405 1947 3675 2000 mundum

414 2035 557 2087 hunc
588 2031 848 2084 incolunt.

484 2120 724 2175 XXXIV.
790 2140 809 2173 ι
846 2122 909 2174 Et
966 2121 1334 2176 testimonium
1385 2122 1659 2191 perhibuit
1716 2121 1987 2188 Joannes,

414 2215 600 2267 dicens
632 2231 645 2266 :
676 2214 809 2278 Quia
852 2212 956 2266 vidi
989 2214 1247 2281 Spiritum
1279 2194 1696 2267 descendentem
1720 2217 1873 2282 quasi
1901 2229 1989 2268 co-

414 2305 647 2358 lumbam
690 2306 757 2358 de
785 2304 942 2367 coelo,
967 2315 1020 2358 et
1063 2306 1261 2358 mansit
1298 2319 1460 2373 super
1485 2320 1630 2358 eum.
1673 2304 1739 2357 Et
1775 2320 1872 2374 ego
1902 2321 1989 2359 ne-

417 2396 652 2451 scii-bam
685 2410 832 2460 eum,
869 2397 962 2448 sed
991 2394 1083 2464 qui
1117 2395 1263 2449 misit
1304 2384 1391 2448 me
1422 2397 1698 2463 baptizare
1734 2396 1784 2450 in
1822 2412 1983 2466 aqua,

416 2487 503 2541 iile
552 2488 680 2540 mihi
730 2487 867 2541 dixit
896 2505 909 2539 :
936 2488 1109 2555 Super
1149 2500 1308 2555 quem
1340 2487 1539 2541 videris
1585 2488 1843 2556 Spiritum
1887 2490 1982 2543 de-

413 2579 757 2632 seeiidentem
799 2588 851 2631 et
881 2587 1185 2631 manentem
1231 2592 1393 2644 super
1430 2591 1572 2642 eum,
1601 2577 1759 2649 155
1785 2579 1872 2633 hic
1901 2589 1984 2634 est

413 2671 502 2739 qui
541 2673 774 2739 baptizat
822 2671 873 2721 in
916 2669 1120 2737 Spiritu
1162 2680 1368 2722 saneto.
1411 2668 1476 2721 Et
1514 2684 1613 2738 ego
1647 2672 1776 2735 vidi,
1820 2682 1873 2726 et
1903 2683 1984 2727 te.

413 2764 729 2818 stimoniuin
781 2762 1055 2831 perhibui,
1103 2762 1226 2831 quia
1283 2761 1367 2815 hic
1418 2771 1501 2815 est
1542 2761 1711 2816 Filius
1743 2761 1834 2816 Dei
1862 2762 1927 2817 “.
1957 2779 1979 2816 ι

2165 2128 2285 2180 ΛΔ⁹.
2332 2145 2351 2178 ι
2392 2127 2502 2178 Καὶ
2546 2126 2931 2197 ἐμαρτύρησεν
2986 2127 3237 2197 Ἰωάννης
3282 2126 3498 2196 λέγων’
3549 2129 3674 2181 Ὅτί

2093 2218 2355 2287 τεθέαμαι
2396 2217 2458 2270 τὸ
2504 2217 2729 2287 Πνεῦμα
2785 2217 3112 2272 καταϐαῖνον
3159 2219 3292 2271 ὡσεὶ
3334 2224 3675 2291 περιστερὰν

2093 2310 2153 2374 ἐξ
2183 2308 2449 2379 ούρανοῦ,
2487 2310 2583 2361 καὶ
2627 2308 2839 2379 ἔμεινεν
2870 2310 2957 2362 ἐπ’
2997 2312 3179 2363 αὐτόν.
3236 2311 3379 2379 Ἐγὼ
3416 2311 3473 2364 δὲ
3503 2315 3520 2348 ι
3570 2315 3676 2365 οὐκ

2093 2401 2241 2471 ⁴ᾔδειν
2266 2399 2428 2453 αὐτόν
2449 2415 2462 2429 ·
2508 2399 2624 2452 ἀλλ’
2648 2402 2678 2452 6
2709 2399 2931 2469 πέμψας
2968 2417 3034 2470 με
3080 2399 3359 2470 βαπτίζειν
3391 2403 3449 2454 ἐν
3490 2403 3670 2466 ὕδατι,

2092 2493 2254 2555 αὑτός
2283 2509 2372 2563 μοι
2414 2488 2567 2544 εἶπεν
2589 2507 2605 2523 ·
2662 2492 2777 2560 Ἐφ’
2805 2492 2864 2544 ὃν
2892 2492 2959 2545 ἂν
2996 2491 3111 2561 ἴδῃς
3134 2492 3198 2544 τὸ
3239 2493 3461 2563 Πνεῦμα
3500 2512 3671 2548 κατα-

2091 2584 2297 2647 ϐαῖνον,
2321 2584 2413 2636 καὶ
2449 2583 2607 2653 μένον
2646 2584 2731 2636 ἐπ’
2755 2584 2918 2638 αὐτὸν
2935 2625 2950 2648 ,
2980 2579 3134 2649 οῦτός
3162 2588 3309 2638 ἐστιν
3332 2586 3363 2636 ὁ
3389 2586 3678 2655 βαπτίζων

2090 2674 2147 2726 ὲν
2176 2676 2452 2744 Πνεύματι
2479 2674 2552 2743 τῷ
2579 2674 2739 2744 ἁγίῳ.
2779 2674 2949 2743 Κάγὼ
2976 2675 3230 2746 ἑώρακα,
3261 2678 3353 2729 καὶ
3379 2678 3685 2748 μεμαρτίοο

2093 2782 2236 2836 ρηκα
2257 2804 2271 2826 ,
2300 2766 2382 2817 ὅτι
2409 2760 2561 2828 οὗτός
2593 2767 2741 2819 ἐστιν
2777 2769 2806 2819 6
2843 2767 2968 2829 Υἱὸς
3006 2767 3101 2819 τοῦ
3132 2765 3292 2819 Θεοῦ.
3342 2786 3361 2817 ι
3400 2768 3535 2819 Ἕνα
3570 2766 3673 2822 λέ-

412 2854 544 2911 Cnm
581 2871 744 2908 unum
775 2856 1038 2907 duntaxat
1061 2854 1462 2906 Emmanuclem
1494 2856 1852 2924 assignemus,
1887 2871 1982 2912 ne-

2089 2872 2275 2925 γοντες
2316 2856 2411 2909 τὸν
2459 2856 2836 2928 Ἐμμανουὴλ,
2880 2856 2975 2910 καὶ
3018 2856 3126 2911 τῶν
3159 2859 3239 2920 εἰς
3282 2856 3368 2910 δύο
3388 2858 3680 2926 Χριστοϋς

414 2964 520 3018 que
565 2962 660 3001 eos
702 2946 792 3016 (ιιιὶ
848 2947 1065 3000 nnirnm
1110 2946 1386 3000 Christum
1436 2946 1488 2999 in
1538 2946 1673 3001 duos
1702 2947 1981 3014 divelluut,

415 3043 674 3101 feramus,
717 3042 844 3109 quid
888 3040 1149 3103 dicemus,
1182 3055 1304 3092 cum
1358 3037 1623 3108 Spiritum
1663 3050 1910 3094 sanctum
1955 3056 1986 3096 e

414 3133 556 3187 cado
586 3146 750 3201 super
793 3131 940 3183 illum
984 3130 1352 3191 descendisse,
1398 3143 1605 3184 necnon
1647 3144 1809 3198 super
1838 3147 1987 3184 eum-

415 3224 534 3279 dem
564 3223 828 3278 mansisse
856 3221 1144 3274 audimus?
1167 3218 1643 3289 Suspicabimurne
1679 3220 1769 3273 Dei
1809 3220 1985 3277 Patris

422 3315 655 3368 Verbum
709 3313 945 3383 Spiritus
986 3313 1156 3367 sancti
1202 3312 1613 3382 participatione
1662 3313 1986 3382 indiguisse?

416 3409 485 3461 At
517 3408 643 3475 quid
692 3408 794 3459 hoc
838 3415 930 3457 aut
962 3406 1282 3474 excogitari,
1326 3417 1420 3457 aut
1468 3405 1570 3457 dici
1602 3412 1762 3472 queat
1792 3404 1984 3459 absur-

417 3496 573 3548 dius?
623 3495 861 3562 Spiritus
902 3495 1045 3547 enim
1095 3509 1247 3562 aeque
1290 3495 1539 3563 proprius
1588 3503 1673 3549 est
1714 3494 1858 3547 illius
1904 3504 1984 3548 at-

417 3601 521 3653 que
566 3584 658 3639 Dei
696 3584 897 3638 Patris.
928 3601 946 3634 ι
994 3582 1256 3649 Quoniam
1299 3586 1433 3637 estis
1489 3586 1581 3637 filii
1614 3585 1813 3652 (inquit
1858 3586 1985 3637 bea-

2085 2945 2535 3015 ἀποδιοριζὸντων
2581 2947 2681 2999 ούκ
2717 2948 3064 3016 ἀνεχόμενοι,
3114 2948 3169 3001 τί
3216 2947 3281 3017 δὴ
3327 2943 3439 3018 ἄρα
3482 2966 3677 3018 φαμεν

2086 3037 2463 3099 καταπτάντος
2503 3037 2590 3088 ἐπ’
2633 3037 2796 3090 αὐτὸν
2837 3036 2895 3101 ἐξ
2919 3036 3152 3107 ούρανοῦ
3181 3038 3277 3091 τοῦ
3304 3039 3457 3105 ἁγίου
3490 3040 3670 3091 Πνεύ-

2088 3145 2274 3199 ματος,
2312 3129 2406 3181 καὶ
2436 3128 2722 3197 μείναντος
2743 3128 2833 3180 ἐπ’
2868 3128 3033 3181 αὐτόν
3060 3144 3074 3193 ;
3106 3124 3214 3198 ἆρα
3254 3129 3526 3199 δεδεῆσθαι
3558 3130 3665 3183 τοῦ

2088 3220 2410 3290 μεταλαχεϊν
2461 3220 2618 3287 ἁγίου
2673 3219 2991 3290 Πνεύματος
3031 3220 3123 3275 τὸν
3166 3223 3231 3275 ὲκ
3273 3222 3405 3274 Θεοῦ
3443 3223 3673 3293 Πατρὸς

2084 3311 2256 3379 Λόγον
2288 3311 2718 3380 ὑποτοπάσωμεν
2741 3326 2757 3374 ;
2780 3310 2967 3364 Καίτοι
3008 3310 3125 3375 πῶς
3156 3312 3257 3364 ούκ
3298 3312 3366 3365 ἂν
3386 3313 3615 3382 αἰσχρὸν
3641 3322 3675 3350 ι

2084 3402 2300 3474 ἀληθῶς
2340 3403 2400 3455 τὸ
2433 3396 2539 3456 ὧδε
2563 3404 2800 3474 φρονεῖν,
2842 3401 2875 3472 ἢ
2912 3402 3135 3480 λέγειν)
3180 3403 3309 3456 ἴδιον
3349 3405 3460 3475 γὰρ
3501 3405 3673 3458 αὑτοῦ

2083 3494 2144 3547 τὸ
2179 3492 2403 3564 Πνεῦμά
2439 3495 2578 3555 ἐστι,
2613 3492 2864 3563 καθάπερ
2905 3493 3098 3564 ἀμέλει
3146 3495 3241 3547 καὶ
3273 3495 3369 3548 τοῦ
3392 3497 3532 3550 Θεοῦ
3571 3498 3672 3550 καὶ

2085 3584 2316 3655 Πατρός.
2348 3584 2459 3637 Καὶ
2481 3583 2611 3652 γοῦν
2641 3585 2669 3636 6
2695 3584 2960 3653 μακάριος
2993 3584 3217 3649 Παῦλος·
3260 3605 3279 3636 ι
3309 3586 3433 3639 Ὅτι
3458 3587 3519 3639 δέ
3543 3589 3672 3639 ἐστε

418 3687 503 3729 tus
534 3674 776 3744 Paulus),
815 3673 960 3728 misit
986 3672 1124 3727 Deus
1157 3674 1414 3742 Spiritum
1448 3673 1567 3729 Filii
1604 3676 1686 3729 sui
1731 3675 1784 3728 in
1818 3662 1982 3730 corda

2089 3676 2211 3739 υἱοὶ,
2233 3671 2312 3739 οἷς
2326 3670 2704 3739 ἐξαπέστειλεν
2725 3676 2753 3726 6
2768 3674 2899 3737 Θεὸς
2915 3675 2975 3727 τὸ
2995 3675 3211 3745 Πνεῦμα
3233 3677 3326 3728 τοῦ
3335 3658 3482 3729 ’Υίοῦ
3500 3678 3673 3730 αὑτοῦ

418 3780 595 3820 vestra
622 3765 945 3820 clamantem
971 3764 1178 3829 :Abba,
1201 3764 1360 3819 Pater
1378 3765 1444 3821 ⁸⁵.
1474 3784 1493 3817 ι
1515 3764 1739 3832 lmpium
1762 3760 1985 3835 proinde

2089 3768 2164 3830 εἰς
2200 3767 2300 3829 τὰς
2336 3766 2566 3835 καρδίας
2595 3765 2779 3834 ὑμῶν,
2810 3766 3043 3836 κράζον-
3098 3768 3299 3833 ’Δϐϐἇ,
3326 3770 3358 3821 6
3383 3769 3602 3839 Πατήρ.
3643 3788 3665 3821 ι

415 3858 576 3914 fuerit
603 3859 686 3912 vel
717 3858 889 3913 solum
924 3858 1184 3926 cegilare,
1218 3859 1391 3926 ipsum
1429 3858 1523 3912 Dei
1550 3858 1726 3926 Ratris
1752 3856 1981 3913 Verbum

2097 3859 2317 3922 Ἀσεϐὲς
2357 3854 2450 3912 οὖν
2489 3859 2598 3929 ἄρα
2630 3858 2698 3911 τδ
2727 3857 2828 3912 κᾶν
2855 3859 2984 3927 γοῦν
3028 3860 3318 3930 ὑπονοῆσαι
3361 3860 3528 3930 μόνον
3560 3861 3673 3932 τῆς

417 3950 653 4015 Spiritus
707 3951 877 4005 sancti
941 3951 1433 4005 communicatione
1477 3951 1725 4020 eguisse;
1779 3953 1981 4004 fatuum

2089 3950 2178 4004 τοῦ
2228 3950 2547 4020 Πνεύματος
2590 3949 2879 4022 μετουσίας
2915 3951 3194 4023 δεδεῆσθαι
3236 3954 3331 4006 καὶ
3367 3955 3534 4009 αὐτὸν
3572 3958 3675 4008 τον

416 4057 565 4105 vero,
602 4042 651 4095 in
696 4056 807 4095 rem
842 4056 1015 4110 usque
1053 4041 1187 4095 adeo
1215 4040 1429 4108 planam
1460 4052 1513 4094 et
1555 4042 1859 4095 evidentem
1892 4057 1984 4094 cu-

2089 4042 2149 4096 ὲκ
2170 4042 2304 4095 Θεοῦ
2335 4042 2546 4112 Πατρὺς
2574 4043 2747 4112 Λόγον
2767 4057 2781 4071 ·
2821 4043 2916 4096 καὶ
2954 4044 3014 4097 τὸ
3048 4044 3191 4098 οὕτω
3215 4048 3361 4115 σαφῆ
3402 4046 3505 4115 τὴν
3534 4049 3675 4100 ἁπό-

415 4134 614 4187 riosius
648 4132 784 4187 velle
819 4132 1127 4200 inquirere.
1158 4132 1229 4185 At
1266 4133 1536 4200 quomodo
1568 4146 1697 4201 ergo
1743 4131 1980 4201 Spiritus

2089 4133 2248 4198 δειξιν
2293 4132 2413 4203 ἔχον
2460 4134 2781 4204 περιεργίας
2822 4133 3027 4200 ἀξιοῦν,
3081 4132 3273 4202 εὔηθες
3309 4136 3403 4188 καὶ
3438 4137 3669 4206 κομιδῇ.

414 4236 638 4282 sanctus
694 4240 857 4292 super
910 4225 1058 4278 illum
1111 4224 1430 4280 descendit?
1480 4225 1691 4294 Accipit
1743 4241 1977 4296 namque

2089 4225 2210 4287 Πῶς
2246 4220 2338 4278 οὖν
2384 4224 2473 4277 ἐπ’
2524 4225 2684 4279 αὑτὸν
2720 4225 2966 4296 κατέπτη
3015 4225 3077 4278 τὸ
3128 4227 3384 4295 Πνεῦμα;
3434 4226 3677 4297 Δέχεται

414 4316 707 4371 secundum
747 4316 1041 4368 humanam
1094 4324 1365 4380 naturain,
1412 4315 1810 4383 dispensatione
1856 4332 1980 4370 cum

414 4423 576 4463 carne
616 4407 899 4472 eﬂiciente,
949 4416 1006 4459 ut
1049 4407 1186 4461 citra
1238 4422 1453 4461 onmem
1508 4408 1978 4475 reprehensionem

414 4499 678 4564 Spiritum
709 4497 1012 4565 acciperet;
1046 4497 1155 4551 imo
1184 4498 1492 4551 necessario
1520 4496 1587 4550 ad
1616 4498 1715 4551 hoc
1734 4500 1979 4551 ducente.

416 4589 655 4659 Suscipit
684 4597 863 4644 autem
895 4589 1048 4643 nobis
1083 4588 1264 4642 verius
1298 4603 1459 4657 quam
1505 4586 1607 4641 sibi
1642 4604 1655 4642 :
1687 4603 1792 4655 quo
1835 4588 1986 4641 nimi-

416 4698 554 4746 rum,
605 4689 953 4750 posteaquam
1000 4680 1068 4732 ab
1115 4677 1443 4740 hominibus,
1483 4693 1546 4732 eo
1576 4678 1717 4747 quod
1763 4678 1980 4732 illorum

413 4787 565 4827 mens
589 4787 619 4825 a
650 4772 935 4841 iuventute
963 4770 1029 4823 ad
1059 4768 1323 4822 malitiam
1357 4783 1523 4838 prona
1555 4783 1774 4838 semper
1805 4771 1984 4824 inten-

414 4860 573 4934 taque
621 4873 764 4918 esset
784 4863 856 4925 9⁸,
896 4859 1063 4917 semel
1110 4859 1375 4923 avolarat,
1423 4875 1565 4914 nunc
1601 4861 1654 4913 in
1699 4859 1975 4915 Christum

410 4955 573 5008 veluti
604 4954 653 5007 in
687 4955 915 5007 alterum
945 4952 1160 5025 generis
1200 4952 1371 5007 nostri
1400 4952 1726 5021 principium
1760 4952 1976 5006 descen-

410 5049 562 5108 deus.
595 5048 887 5115 sedemque
915 5047 1155 5115 capiens,
1199 5044 1394 5099 iterum
1438 5045 1493 5099 in
1535 5044 1691 5100 nobis
1723 5053 1975 5113 tanquam

411 5155 558 5195 recte
583 5140 693 5208 jam
726 5137 1093 5208 operantibus,
1142 5147 1197 5192 et
1243 5137 1406 5190 vitam
1452 5127 1481 5189 ὁ
1517 5144 1760 5204 peccato,
1800 5136 1975 5190 omni-

2086 4315 2193 4386 γὰρ
2224 4315 2599 4386 ἀνθρωπίνως,
2623 4316 3008 4370 ἀκαταιτίατον
3034 4315 3184 4386 αύτῷ
3216 4315 3277 4367 τὸ
3307 4315 3496 4369 λαϐεῖν
3525 4318 3672 4371 ἁπο-

2086 4407 2383 4477 φαινούσης
2425 4403 2484 4461 εὖ
2538 4407 2682 4477 μάλα
2730 4407 2829 4478 τῆς
2879 4407 3018 4479 μετὰ
3072 4407 3272 4477 σαρκὸς
3320 4409 3667 4478 οἰκονομίας,

2085 4498 2283 4569 μᾶλλον
2316 4499 2372 4552 δὲ
2404 4499 2498 4553 καὶ
2522 4498 2833 4566 ἀναγκαίως
2864 4500 2944 4561 εἰς
2972 4498 3133 4551 τοῦτο
3160 4498 3456 4568 φερούσης.
3490 4500 3667 4569 Δέχε-

2081 4606 2170 4641 ται
2200 4589 2310 4659 γὰρ
2339 4589 2435 4658 οὐχ
2465 4587 2641 4658 ἑαυτῷ
2673 4588 2870 4657 μᾶλλον
2893 4628 2908 4653 ,
2939 4587 3055 4639 ἀλλ’
3092 4587 3250 4655 ἡμῖν·
3290 4586 3377 4640 ἴνα
3420 4587 3666 4658 ἐπείπερ

2081 4660 2296 4748 ἀπέπτη
2328 4678 2438 4731 τῶν
2465 4679 2558 4731 ἐπὶ
2583 4678 2682 4747 τῆς
2703 4679 2807 4748 γῆς
2826 4719 2841 4744 ,
2867 4678 2957 4730 διὰ
2982 4678 3044 4730 τὸ
3066 4676 3341 4746 ἐπιμελῶς
3371 4678 3668 4745 ἐγκεῖσθαι

2081 4770 2178 4841 τὴν
2207 4770 2445 4825 διάνοιαν
2467 4768 2561 4822 τοῦ
2592 4767 2879 4839 ἀνθρώπου
2913 4769 3006 4821 ἐπὶ
3037 4769 3106 4822 τὰ
3134 4767 3343 4838 πονηρὰ
3371 4770 3439 4820 ἐκ
3468 4770 3668 4840 νεότηο

2082 4878 2193 4925 τος,
2222 4863 2628 4930 καταφοιτῆσαν
2656 4861 2742 4912 ἐπ’
2774 4859 2956 4923 αὐτὸν,
2988 4861 3063 4924 ὡς
3093 4861 3150 4913 ἐν
3182 4861 3402 4930 ἀπαρχῇ
3430 4861 3530 4913 τοῦ
3565 4864 3666 4929 γέο

2082 4967 2204 5013 νους
2236 4949 2492 5021 δευτέρᾳ,
2535 4949 2812 5021 καταλύσῃ
2846 4951 2940 5003 καὶ
2970 4949 3350 5020 ἀναπαύσηται
3398 4951 3570 5004 πάλιν
3606 4955 3667 5004 ἐν

2080 5042 2230 5111 ἡμῖν,
2284 5040 2359 5119 ᾡς
2406 5041 2829 5111 κατωρθωκόσιν
2899 5041 2999 5110 ἥδη
3051 5041 3114 5093 τὸ
3164 5042 3552 5111 ἀναμάρτητον
3606 5044 3667 5094 ἐν

2080 5131 2320 5204 Χριστῷ,
2348 5133 2442 5185 καὶ
2464 5133 2563 5204 τὴν
2581 5131 2760 5194 αἰτίας
2780 5131 2996 5201 ἁπάσης
3020 5131 3447 5202 ἀπηλλαγμένην
3470 5132 3665 5203 ἔχουσι

496 5295 540 5325 ⁶¹
578 5292 764 5347 Matth.
797 5307 985 5357 xxvm,
1029 5290 1115 5346 l9.
1196 5288 1239 5319 "
1268 5287 1398 5342 Luc.
1431 5302 1495 5354 ιι,
1531 5289 1614 5342 Li.
1695 5290 1741 5321 “
1785 5287 1941 5343 Joan.
1973 5299 2015 5350 I,
2058 5283 2245 5343 32-51.
2318 5287 2362 5319 "
2402 5286 2576 5344 Galat.
2607 5302 2680 5353 tv,
2710 5285 2764 5342 6.
2845 5285 2890 5317 ⁵⁸
2921 5285 3203 5349 Gemvm,
3227 5284 3316 5340 ει.

1478 5445 1652 5502 Varia:
1685 5445 1947 5502 lectiones
1978 5443 2182 5501 codicis
2214 5442 2574 5514 Seguieriani.

483 5579 502 5614 ‘
530 5575 706 5644 κάγὼ.
783 5587 807 5615 ιι
838 5575 897 5628 οὐ
934 5577 1284 5645 πάναισχρον,
1317 5575 1355 5645 ἢ
1387 5578 1494 5632 πᾶν
1524 5576 1764 5649 αἰσχρόν.
