3952 6200
327 254 456 309 1581

314 459 428 513 ἀλλ’
484 460 586 530 ὅρα
629 458 839 512 διδόντα
901 458 1116 520 θεῖὶιῶς.
1175 476 1192 509 ι
1254 460 1368 527 Ἐφ’
1415 458 1474 511 ὃν
1526 458 1637 530 γὰρ
1693 460 1805 530 ἴδῃς
1833 462 1893 515 τὸ

317 547 540 619 Πνεῦμα
570 548 915 613 καταϐαῖνον,
949 546 1084 618 φησὶ
1108 586 1123 611 ,
1155 546 1248 601 καὶ
1284 547 1442 617 μένον
1475 548 1560 601 ἐπ’
1595 547 1775 613 αὐτὸν,
1801 541 1863 603 οῦ

312 644 405 705 τός
434 643 580 694 ἐστιν
610 643 637 694 6
666 640 944 709 βαπτίζων
984 642 1043 693 ἐν
1078 639 1354 710 Πνεῦματι
1376 640 1452 711 τῷ
1481 641 1641 710 ἁγίῳ.
1674 660 1693 692 ι
1728 640 1897 694 Τοῦτο

312 735 370 787 δέ
398 736 545 787 ἐστιν
574 734 855 806 ἐνέργημα
897 733 1107 788 θεῖκόν·
1144 733 1322 803 ἐνίησι
1354 732 1460 803 γὰρ
1498 735 1611 797 τοῖς
1640 732 1894 804 βαπτιζο-

316 826 500 895 μένοις
541 827 569 879 6
619 826 824 898 Κύριος
874 825 1030 897 ήμῶν
1091 826 1297 892 Ἰησοῦς
1344 825 1578 897 Χριστὸς
1625 825 1701 889 ὠς
1759 825 1888 879 ἴδιον

318 917 540 988 Πνεῦμα
589 920 651 971 τὸ
692 917 787 973 τοῦ
829 919 1058 997 Πατρός.
1104 917 1213 970 Καὶ
1264 918 1399 988 πρός
1442 933 1507 985 γε
1544 917 1702 971 τοῦτο
1742 918 1890 986 ἡμᾶς

312 1011 544 1081 ὲμπεδοῖ
598 1010 893 1082 γεγραφὼς
953 1011 982 1062 6
1039 1009 1326 1073 Θεσπέσιος
1383 1009 1628 1074 Παῦλος’
1676 1029 1695 1061 ι
1731 1011 1792 1062 Oi
1833 1010 1890 1063 ὲν

318 1103 479 1175 σαρκὶ
525 1103 699 1165 ὅντες,
744 1101 863 1172 Θεῷ
923 1101 1119 1172 ἀρέσαι
1177 1102 1238 1154 οῦ
1296 1099 1572 1155 δύνανται.
1614 1100 1803 1170 Ὑμεῖς
1833 1099 1892 1153 δὲ

314 1193 412 1245 οὐκ
446 1192 569 1246 ἐστὲ
595 1193 653 1245 ὲν
691 1191 891 1263 σαρκὶ,
928 1191 1042 1245 ἀλλ’
1070 1192 1126 1243 ὲν
1157 1191 1459 1263 πνεύματι,
1485 1191 1644 1262 εἴπερ
1670 1191 1891 1261 Πνεῦμα

313 1283 448 1337 Θεοῦ
479 1285 681 1337 ἐνοικεῖ
708 1287 766 1338 ὲν
794 1284 941 1354 ὑμῖν.
974 1283 1039 1339 Ei
1077 1284 1134 1337 δέ
1161 1301 1245 1349 τις
1278 1284 1501 1356 Πνεῦμα
1526 1284 1760 1356 Χριστοῦ
1790 1286 1891 1340 οὐκ

312 1375 448 1446 ἔχει,
484 1368 638 1438 οὗτος
681 1374 783 1427 οῦκ
820 1374 967 1427 ἔστιν
1007 1372 1193 1428 αὐτοῦ.
1242 1392 1259 1426 ι
1306 1374 1749 1446 Μεμαρτύρηκεν
1796 1371 1889 1430 οὖν

322 1466 597 1536 Ἰωάννης,
626 1466 707 1519 ὅτι
744 1484 761 1516 ι
796 1458 966 1529 υῦτός
992 1466 1138 1518 ἐστιν
1161 1470 1189 1519 6
1215 1466 1342 1530 Υἰὸς
1375 1466 1470 1520 τοῦ
1496 1466 1652 1522 Θεοῦ.
1686 1486 1706 1519 ι

1134 251 1225 304 AD
1269 249 1566 314 REGINAS
1611 250 1694 303 DE
1738 250 1956 306 liECTA
1999 251 2154 305 FiDlt‘.
2193 249 2452 305 ORATIO
2495 248 2789 303 ALTERA.

315 367 482 438 ζωήν.
526 370 669 439 Πλὴν
717 369 768 421 εἰ
805 368 897 421 καὶ
944 367 1298 439 ἀνθρωπίνως
1340 368 1552 437 δέχεται
1598 368 1663 421 δι’
1708 371 1887 439 ἡμᾶς,
1927 390 1962 436 Α

3430 244 3571 301 1582

1997 384 2100 438 que
2152 370 2380 424 crimine
2419 370 2712 422 immunem
2760 367 2812 419 in
2869 365 2985 434 ipso
3041 364 3386 429 ducentibus,
3438 379 3567 417 con-

1992 464 2260 532 quiescat.
2313 460 2794 515 Verumenimvero
2833 457 2956 513 licet
2993 467 3048 511 ιιι
3106 458 3268 511 homo
3304 454 3568 525 Spirituut

1990 561 2239 609 sanctum
2289 560 2510 621 propter
2571 566 2667 605 nos
2724 550 3018 619 suscipiat;
3081 558 3138 603 ut
3188 547 3330 602 Deus
3387 556 3566 599 tamen

1992 645 2238 700 eumdem
2269 643 2534 713 impertiri
2562 644 2716 699 solet.
2757 662 2775 693 ι
2810 640 2985 710 Super
3018 656 3176 710 quem
3198 638 3398 709 (inquit
3425 637 3565 690 idem

1994 736 2102 808 ille)
2133 737 2331 792 videris
2364 737 2626 806 Spiritum
2661 724 3104 799 descendentem,
3146 742 3201 785 et
3234 738 3565 793 manentem,

1996 829 2086 884 hic
2110 837 2192 885 est
2218 830 2306 898 qui
2335 830 2574 899 haptizat
2604 828 2655 882 in
2688 828 2897 898 Spiritu
2932 835 3122 881 sancto
3144 826 3209 877 ⁸⁷.
3241 842 3259 873 ι
3288 822 3570 891 Baptizare

1997 931 2176 976 autem
2226 921 2278 975 in
2332 920 2537 991 Spiritu
2591 930 2802 984 sancto,
2853 934 2990 989 opus
3031 918 3272 972 divinum
3325 915 3565 969 exsistit.

2000 1013 2161 1081 Atqui
2191 1013 2453 1068 Dominus
2481 1023 2667 1068 noster
2691 1011 2849 1066 Jesus
2873 1010 3124 1065 Christus
3154 1008 3238 1062 his
3270 1006 3360 1077 qui
3394 1004 3570 1074 bapti—

1996 1114 2213 1171 zantur,
2246 1104 2507 1174 Spiritum
2533 1104 2709 1158 Patris
2747 1104 2821 1157 uti
2856 1101 3134 1173 proprium
3166 1097 3420 1153 infundit.
3463 1098 3563 1150 Λι⁴

1995 1212 2102 1266 quc
2128 1198 2232 1252 huc
2266 1198 2437 1252 tendit
2463 1197 2678 1251 divinus
2699 1196 2918 1257 Paulus,
2948 1195 3074 1250 dum
3108 1194 3249 1247 inter
3274 1200 3466 1245 czctcra
3496 1188 3567 1242 ita

1994 1290 2220 1344 scribit:
2253 1307 2270 1340 t
2301 1288 2402 1355 Qui
2446 1291 2497 1342 itt
2535 1302 2700 1342 carne
2730 1297 2875 1350 sunt,
2909 1287 3020 1340 Deo
3054 1284 3267 1355 placere
3299 1298 3403 1337 non
3450 1270 3592 1351 pos?

1994 1388 2137 1433 sunt.
2167 1379 2270 1433 Vos
2293 1390 2471 1432 autem
2490 1377 2543 1432 in
2567 1392 2731 1431 carne
2758 1392 2860 1431 non
2878 1375 3032 1439 eStis,
3051 1376 3144 1428 sed
3179 1374 3231 1426 iu
3260 1372 3490 1441 spiritu,
3520 1371 3564 1422 si

1998 1478 2176 1525 tamen
2208 1471 2441 1539 Spiritus
2476 1472 2567 1526 Dei
2599 1469 2802 1525 habitat
2853 1470 2903 1522 in
2934 1467 3106 1522 vobis.
3141 1465 3195 1520 Si
3231 1465 3352 1534 quis
3385 1473 3566 1518 autem

311 1558 569 1626 Spiritum
599 1557 797 1613 Christi
819 1575 922 1612 non
943 1558 1122 1621 habet,
1144 1559 1230 1614 hic
1250 1575 1354 1613 non
1377 1570 1452 1613 est
1478 1559 1596 1630 ejus
1617 1560 1682 1613 ⁸⁸.
1714 1578 1732 1611 ι
1767 1560 1918 1615 llnnc
1945 1562 2125 1632 itaque
2154 1563 2247 1617 Dei
2278 1564 2472 1617 Filium
2502 1578 2645 1626 esse,
2669 1571 2859 1633 aperte
2881 1569 3131 1613 testatum
3164 1555 3562 1612 facitJoanues.

383 1650 504 1703 AE'.
560 1648 957 1703 ’Λναπυθέσθαι
1001 1649 1058 1703 δὲ
1108 1650 1269 1703 πάλιν
1314 1650 1548 1722 ἐθέλοιμ’
1574 1651 1641 1705 ἂν
1671 1651 1781 1706 τῶν
1811 1655 1891 1715 εἰς

2069 1655 2287 1709 XXXV.
2329 1658 2396 1709 At
2434 1656 2680 1709 lubenter
2712 1655 2958 1722 equidem
3003 1653 3089 1705 hic
3128 1651 3249 1706 illos
3279 1658 3566 1720 perconta-
3670 1696 3677 1701 .

310 1739 404 1793 δύο
432 1740 778 1811 διοριζόντων
811 1742 959 1804 υἱοὺς
1004 1740 1096 1794 τὸν
1142 1741 1238 1795 ἕνα
1267 1742 1473 1811 Κύριον
1504 1743 1714 1814 Ἰησοῦν
1756 1744 1887 1814 Χρι-

314 1831 438 1884 στὸν
481 1832 608 1902 (ἕνα
646 1831 882 1903 δέδειχεν
924 1834 952 1886 6
990 1832 1212 1904 Πατὴρ,
1259 1834 1355 1888 καὶ
1396 1833 1523 1905 περὶ
1572 1834 1690 1898 ἑνός
1723 1851 1888 1905 φησιν

309 1925 338 1977 6
373 1924 642 1995 μακάριος
670 1924 1061 1995 εὐαγγελιστής
1083 1941 1094 1953 ·
1136 1944 1153 1976 ι
1186 1919 1353 1989 Οὗτός
1388 1927 1533 1980 ἐστιν
1565 1928 1595 1980 6
1621 1927 1748 1990 Υἱὸς
1793 1928 1887 1980 τοῦ

248 2030 253 2033 ‘
311 2013 446 2068 Θεοῦ
475 2014 548 2085 ›)·
579 2010 704 2087 'Ap‘
735 2011 829 2068 οῦν
858 2016 980 2068 εἰπέ
1015 2033 1127 2086 μοι,
1157 2017 1286 2088 περὶ
1309 2016 1455 2080 τινος
1476 2016 1629 2071 ἔσται
1654 2017 1716 2071 τὺ
1745 2020 1889 2090 εἰρη-

310 2108 509 2176 μένον;
545 2107 605 2159 Εἰ
638 2108 735 2177 μὲν
765 2103 859 2161 οὖν
888 2108 1071 2173 ἰδικῶς
1101 2108 1195 2162 xui.
1226 2110 1370 2162 κατὰ
1400 2109 1570 2179 μόνας
1596 2109 1690 2162 τοῦ
1713 2110 1887 2163 Μονο-

311 2198 524 2267 γενοῦς,
556 2199 800 2252 τουτέστι
831 2198 925 2253 τοῦ
955 2200 1020 2252 ὲκ
1051 2199 1265 2268 Πατρὸς
1290 2200 1441 2262 ὄντος
1462 2199 1659 2269 Λόγου·
1692 2200 1810 2264 πῶς
1827 2202 1889 2254 τὸ

252 2332 263 2338 -
314 2292 538 2361 Πνεῦμα
582 2292 817 2360 δέχεται,
864 2291 1041 2343 καίτοι
1086 2289 1217 2352 Θεὸς
1277 2291 1352 2342 ὢν
1396 2291 1580 2359 φύσει,
1610 2293 1705 2345 καὶ
1759 2293 1887 2344 ἰδιον

307 2384 448 2451 ἔχων
482 2382 650 2445 αὐτό;
685 2383 747 2434 Εἰ
781 2380 839 2434 δὲ
863 2378 965 2434 ἁνὰ
995 2380 1160 2451 μέρος
1188 2382 1282 2434 xui
1314 2380 1516 2445 ἰδικῶς,
1558 2383 1725 2453 ἦγουν
1746 2383 1887 2435 κατά

313 2472 504 2541 μόνας,
549 2471 640 2524 τὸν
690 2474 754 2524 ὲκ
807 2471 1063 2539 γυναικὸς
1097 2470 1384 2542 ἄνθρωπον
1430 2471 1714 2543 δεδεῆσθαι
1757 2489 1888 2550 φασι

308 2565 411 2634 τῆς
438 2564 533 2617 τοῦ
564 2563 882 2635 Πνεῦματος
917 2564 1169 2634 μετοχῆςο
1203 2564 1321 2628 πῶς
1347 2563 1509 2628 αὑτός
1533 2566 1682 2617 ἐστιν
1717 2566 1745 2618 6
1792 2565 1888 2633 βα-

312 2656 517 2720 πτίζων
546 2658 604 2709 ἐν
637 2655 807 2727 αὐτῷ,
833 2656 1007 2709 καίτοι
1038 2657 1176 2729 μόνῃ
1198 2656 1502 2727 πρέποντος
1528 2659 1593 2727 τῇ
1630 2656 1889 2714 ἀνωτάτω

312 2747 471 2818 φύσει
516 2747 609 2801 τοῦ
662 2749 757 2800 καὶ
806 2748 1127 2817 ἀποφαίνειν
1177 2748 1434 2802 δύνασθαι
1483 2748 1887 2818 μετεσχηκότας

311 2839 403 2893 τοῦ
437 2839 753 2909 Πνεῦματος
781 2839 905 2902 τοὺς
935 2839 1259 2908 προσιόντας
1280 2840 1417 2910 αὐτῇ
1442 2856 1460 2906 ;
1500 2840 1560 2892 Εἰ
1588 2839 1645 2893 δὲ
1672 2838 1887 2909 δέχεται

314 2931 408 2982 καὶ
439 2929 653 2982 δίδωσιν
682 2930 711 2981 6
741 2928 925 2992 αὐτὸς,
965 2928 1232 3001 πρόδηλον
1261 2930 1345 2983 ὅτι
1374 2929 1516 2983 κατά
1550 2945 1615 2997 γε
1637 2930 1763 2992 τοὺς
1789 2930 1889 3001 τῆς

316 3023 456 3092 μετά
485 3021 685 3091 σαρκὸς
718 2996 1030 3093 οἰκονομίας
1074 2996 1285 3093 λόγους,
1317 3023 1408 3085 καὶ
1442 2996 1579 3077 καθὸ
1607 3023 1764 3092 φύσει
1796 2996 1960 3076 κα.ὶό

314 3113 529 3185 ἀληθῶς
585 3117 700 3168 ἐστι
751 3114 904 3178 Θεός.
961 3116 1185 3189 Δέχεται
1238 3117 1337 3187 μὲν
1385 3116 1741 3188 ἀνθρωπίνως
1792 3116 1892 3186 οὐχ

313 3206 492 3277 ἑαυτῷ
544 3206 767 3277 μᾶλλον,
797 3207 932 3261 ἀλλὰ
986 3210 1053 3277 τῇ
1101 3206 1210 3262 τῶν
1262 3206 1563 3279 ἀνθρώπων
1614 3207 1773 3277 φύσει
1812 3208 1893 3261 δι’

316 3300 506 3353 ἑαυτοῦ
542 3300 636 3353 xui.
658 3302 716 3353 ἐν
742 3300 925 3370 ἑαυτῷ
956 3299 1033 3370 τῷ
1068 3300 1271 3372 πρώτῳ
1297 3299 1572 3372 προξενῶν
1599 3302 1730 3355 αὑτό
1753 3315 1769 3335 ’
1814 3302 1893 3355 δέ·

314 3389 447 3442 δωσι
478 3389 535 3442 δὲ
579 3389 775 3452 θεῖκῶς
822 3388 882 3453 ἐξ
931 3373 1066 3451 ἰδίας
1114 3388 1281 3442 αὐτοῦ
1324 3389 1557 3459 φύσεως,
1585 3391 1699 3454 τοῖς
1723 3389 1893 3456 ἀξίοις

315 3482 410 3536 τοῦ
451 3482 635 3536 λαϐεῖν
676 3477 978 3546 ὲνιείςῘΗν
1015 3482 1114 3553 μὲν
1146 3478 1238 3536 οῦν
1259 3483 1338 3554 τῷ
1369 3486 1716 3556 προκειμένῳ
1745 3485 1893 3557 ῥητῷ

316 3575 675 3647 προσεοικότα
709 3592 769 3628 τε
801 3575 898 3629 καὶ
925 3574 1016 3628 τὸν
1056 3575 1172 3627 ἴσον
1202 3573 1394 3644 ἔχοντα
1421 3575 1546 3630 νοῦν
1568 3577 1892 3647 παραθεῖναι

317 3669 410 3721 καὶ
453 3668 650 3739 ἕτερα·
705 3668 766 3721 τὸ
795 3667 855 3720 δέ
894 3684 956 3735 γε
990 3669 1313 3721 ταυτοεπεῖν
1360 3668 1618 3738 φορτικὸν
1666 3670 1888 3737 εἰδότες,

317 3760 492 3814 ἐκεῖνό
526 3776 728 3831 φαμεν,
762 3759 837 3824 ὡς
875 3758 1088 3831 ἀπόχρη
1117 3761 1231 3823 τοῖς
1264 3761 1694 3832 νουνεχεστέροις
1722 3763 1893 3833 ήὲνὸς

317 3854 573 3924 ἐξήγησις
598 3854 677 3917 εἰς
702 3853 801 3925 τὴν
837 3852 946 3907 τῶν
976 3852 1178 3923 ὁμοίως
1204 3852 1437 3923 ἐχόντων
1472 3853 1677 3925 ἀκριϐῆ
1710 3854 1892 3909 διασά-

317 3962 500 4015 φησιν.
530 3943 739 3998 Οὐκοῦν
764 3946 956 4008 ὁσάκις
978 3944 1044 3998 ἂν
1076 3944 1287 4014 λέγοιτο
1309 3944 1543 4014 Χριστὸς
1572 3945 1894 4015 symacom

318 4019 500 4108 τυχὸν,
537 4038 704 4108 ἤγουν
733 4037 794 4089 τὸ
821 4036 1044 4106 Πνεῦμα
1072 4036 1283 4099 λαϐεῖν,
1318 4036 1463 4091 κατά
1507 4036 1696 4090 τοῦτον
1730 4036 1894 4090 αὐτὸν

317 4132 410 4185 τὸν
459 4131 660 4202 τρόπον
705 4112 971 4201 προσήκει
1017 4131 1174 4183 νοεῖν.
1216 4128 1473 4182 Εὑσεϐεῖν
1520 4129 1629 4200 γὰρ
1675 4131 1895 4199 ἄμεινον

321 4220 755 4291 περιτρέποντας
796 4217 1034 4281 εὐσεϐῶς
1065 4220 1146 4282 εἰς
1175 4218 1236 4272 τὸ
1265 4219 1581 4290 ἀμωμήτως
1624 4218 1746 4289 ἔχον
1787 4221 1895 4273 τῶν

1994 1761 2107 1810 rer,
2175 1747 2267 1814 qui
2332 1761 2496 1799 unum
2559 1745 2842 1799 Dominum
2892 1742 3051 1814 156
3092 1751 3333 1797 nostrum
3377 1739 3563 1795 Jesnm

1988 1836 2263 1893 Christum
2296 1839 2348 1892 in
2375 1840 2510 1893 duos
2543 1837 2685 1893 ﬁlios
2707 1836 2968 1892 divellnnt
2997 1841 3141 1907 (naut
3167 1850 3329 1888 unum
3355 1843 3562 1887 tantum

1991 1928 2152 1987 Pater
2193 1929 2617 1994 demonstravit;
2671 1938 2726 1983 et
2758 1930 2824 1981 de
2881 1942 2989 1982 uno
3046 1926 3217 1981 solum
3247 1942 3262 1980 :
3292 1943 3310 1976 ι
3341 1923 3441 1979 Hic
3481 1934 3567 1977 est

1990 2022 2157 2076 Filius
2186 2022 2277 2075 Dei
2301 2021 2371 2086 ",
2403 2040 2420 2073 ι
2457 2022 2646 2077 beatus
2679 2021 3011 2091 evitngelista
3051 2019 3285 2088 retulit),
3317 2020 3382 2073 de
3416 2027 3567 2071 utro-

1992 2131 2113 2168 nant
2168 2114 2403 2179 illorum,
2448 2116 2591 2184 quod
2638 2115 2931 2184 allegatum
2981 2124 3089 2178 est,
3122 2113 3291 2181 accipi
3329 2111 3565 2166 debeat?

1991 2202 2123 2256 Nam
2169 2203 2215 2258 si
2256 2219 2436 2259 sermo
2478 2216 2563 2259 cst
2598 2204 2664 2259 de
2707 2201 3000 2273 Unigenlto
3038 2203 3126 2257 Dei
3180 2202 3355 2257 Patris
3384 2199 3566 2255 Verbo

1989 2309 2234 2348 seorsum
2284 2311 2380 2364 per
2408 2312 2468 2350 se
2501 2306 2740 2363 sumpto,
2781 2296 3054 2365 quomodo
3082 2294 3343 2361 Spiritum
3380 2307 3565 2346 susce-

1990 2384 2090 2450 pit,
2120 2399 2242 2438 cunt
2290 2385 2363 2438 sit
2401 2396 2594 2438 natura
2642 2384 2801 2449 Deus,
2834 2394 2888 2439 et
2922 2385 3093 2454 ipsum
3130 2383 3394 2451 Spiritum
3441 2396 3565 2451 pro-

1992 2475 2166 2543 primu
2198 2474 2606 2542 habeatiQuod
2629 2476 2674 2529 si
2709 2476 2983 2529 hominem
3025 2490 3090 2528 ex
3121 2474 3349 2527 muliere
3384 2483 3564 2527 ortum

1991 2581 2233 2621 seorsum
2276 2580 2340 2621 ac
2369 2582 2466 2635 per
2495 2582 2553 2622 se
2587 2567 2821 2635 positum
2872 2564 3078 2635 Spiritu
3124 2575 3313 2619 sancto
3351 2565 3567 2636 eguisse

1992 2659 2249 2725 dixerint,
2282 2662 2553 2729 quomodo
2606 2660 2695 2714 hic
2752 2673 2965 2712 rursum
3018 2658 3071 2712 in
3118 2658 3322 2727 Spiritu
3377 2668 3567 2711 sancto

1990 2750 2267 2820 baptizat?
2313 2752 2751 2821 quandoquidem
2817 2749 3053 2819 Spiritus
3109 2750 3283 2804 sancti
3336 2749 3564 2819 gratiam

1990 2842 2378 2897 accedentibus
2430 2856 2590 2910 posse
2638 2841 2903 2911 dilargiri,
2949 2841 3001 2894 id
3048 2857 3175 2896 vere
3225 2851 3434 2895 naturae
3484 2852 3570 2895 est

1992 2935 2232 2987 omnium
2270 2949 2539 3002 suprema:
2566 2948 2629 2986 ac
2651 2936 3135 3001 pra-stantissimtn.
3166 2934 3320 2999 Quod
3357 2933 3400 2989 si
3430 2949 3568 2989 unus

1994 3025 2244 3093 idemque
2282 3023 2443 3077 simul
2478 3025 2570 3078 dat
2608 3033 2660 3077 et
2711 3026 2928 3095 recipit,
2982 3023 3329 3078 manifestum
3386 3034 3468 3077 est
3517 3024 3569 3078 id

1995 3117 2281 3186 provenire
2339 3117 2549 3172 ratione
2610 3117 3035 3187 dispensationis
3093 3117 3391 3172 secundum
3446 3131 3570 3171 car-

1994 3226 2139 3277 nem,
2170 3219 2227 3265 et
2259 3220 2530 3279 quatenus
2563 3218 2753 3263 natura
2796 3217 2849 3263 ct
2883 3224 3008 3264 vere
3037 3208 3178 3264 Deus
3199 3209 3437 3264 exsistit.
3469 3212 3573 3264 Ac-

1984 3302 2123 3376 cipit
2149 3301 2313 3372 igitur
2340 3311 2399 3356 ut
2433 3303 2613 3369 homo,
2647 3316 2751 3355 non
2788 3312 2895 3357 tam
2923 3302 3025 3357 sibi
3060 3316 3223 3371 quam
3257 3301 3351 3355 toti
3383 3302 3570 3371 generi

1994 3395 2232 3450 humano
2261 3408 2356 3464 per
2385 3396 2644 3465 seipsum,
2691 3404 2746 3448 et
2782 3394 2833 3448 in
2874 3395 3051 3462 seipse
3086 3394 3262 3462 primo
3294 3410 3307 3447 :
3336 3408 3400 3448 ex
3442 3408 3570 3462 pro-

1995 3486 2107 3555 pria
2143 3500 2272 3540 vero
2317 3485 2369 3539 vi
2417 3494 2473 3540 et
2515 3496 2708 3551 natura
2746 3494 2818 3538 ιιι.
2851 3485 2994 3539 Deus
3040 3499 3146 3549 est,
3193 3484 3298 3539 illis
3330 3484 3442 3547 dat,
3478 3484 3569 3553 qni

1995 3577 2167 3646 ipsum
2201 3576 2449 3646 accipere
2479 3577 2624 3647 digni
2658 3585 2805 3631 sunt.
2836 3576 3093 3633 Poterant
3134 3576 3238 3631 alia
3269 3590 3486 3647 quoque
3517 3577 3570 3630 in

1994 3670 2241 3724 eamdem
2281 3670 2612 3724 sententiam
2650 3684 2756 3723 non
2788 3684 2958 3735 pauca
2995 3667 3178 3723 alferri
3213 3669 3347 3723 :sed
3378 3682 3571 3738 super-

1996 3775 2295 3815 vacaneum
2369 3759 2737 3828 judicavituus
2814 3758 2954 3812 idem
3009 3758 3207 3826 saepius
3259 3758 3567 3818 inculcare.

1995 3850 2234 3905 maxime
2260 3864 2389 3904 vero
2425 3863 2548 3902 cum
2596 3847 3051 3917 ingeniosioribus
3085 3849 3152 3900 ad
3185 3846 3440 3901 similium
3495 3848 3572 3900 lo-

1995 3956 2181 3996 corum
2233 3940 2598 4011 cognitionem
2650 3942 2732 3994 vel
2776 3938 2938 3994 unius
2972 3939 3281 4009 explanatio
3325 3947 3413 3994 sat
3451 3955 3573 3995 esse

1996 4032 2188 4101 possit.
2221 4031 2586 4097 Quamobrem
2620 4030 3050 4100 quotiescunque
3082 4028 3336 4084 Christus
3371 4030 3572 4084 santti-

1998 4120 2171 4186 licari,
2222 4119 2325 4176 hoc
2359 4128 2442 4173 est
2476 4119 2736 4188 Spiritmn
2776 4128 3025 4174 sanctum
3066 4120 3312 4188 accipere
3347 4119 3569 4184 dicitur,

1997 4226 2215 4282 semper
2261 4211 2405 4265 istud
2456 4212 2522 4265 ad
2569 4212 2712 4265 hunc
2757 4212 2973 4265 modum
3026 4211 3425 4279 intelligendum
3464 4221 3570 4267 est.

322 4313 483 4383 ιερῶν
502 4312 846 4383 Γραμμάτων
866 4312 956 4364 τὸν
977 4311 1122 4377 νοῦν,
1148 4312 1316 4381 ἤγουν
1336 4311 1472 4363 ἰέναι
1489 4312 1630 4365 κατὰ
1655 4311 1892 4382 πετρῶν,

2003 4303 2189 4357 Satius
2217 4302 2360 4355 enim
2394 4311 2479 4357 est
2501 4301 2768 4372 pietatem
2807 4302 3079 4371 amplecti,
3110 4302 3235 4356 dum
3270 4303 3356 4372 pie
3392 4317 3571 4357 sacra-

322 4401 549 4463 ἁνοσίως
581 4400 1006 4473 ὲπιτειχίςοντας
1050 4404 1117 4473 τῇ
1164 4400 1290 4472 δόξῃ
1326 4399 1561 4472 Χριστοῦ
1611 4400 1680 4453 τὰ
1722 4400 1897 4472 ὀρθῶς

322 4489 610 4562 εἰρημένα.

397 4766 536 4831 AG'.
584 4766 830 4833 «Ἰησοῦς
879 4764 937 4816 δὲ
990 4765 1201 4835 πλήρης
1250 4766 1562 4836 Πνεῦματος
1607 4767 1763 4835 ἁγίου
1785 4734 1891 4819 im-
1976 4830 1983 4836 ,

328 4855 587 4926 έστρεψεν
621 4854 728 4908 ἀπὸ
764 4854 1029 4924 Ἰορδάνου
1049 4869 1064 4885 ·
1103 4856 1199 4909 καὶ
1230 4856 1395 4926 ἤγετο
1426 4860 1486 4911 ἐν
1518 4858 1596 4927 τῷ
1622 4857 1901 4927 Πνεῦματι

326 4947 408 5009 εἰς
435 4944 533 5015 τὴν
560 4944 766 5016 ἔρημον
799 4944 1207 5014 τεσσαράκοντα
1244 4947 1478 5017 ἡμέρας,
1507 4946 1901 5018 πειραζόμενος

329 5034 434 5089 ὑπὸ
477 5034 573 5087 τοῦ
610 5033 887 5087 διαϐόλου*
938 5032 1033 5085 xui.
1079 5032 1180 5086 οὐκ
1225 5032 1427 5102 ἔφαγεν
1477 5034 1629 5087 οὐδὲν
1680 5036 1738 5087 ὲν
1784 5036 1902 5097 ταῖς

330 5126 566 5196 ἡμέραις
596 5126 834 5189 ἐκείναις
853 5142 867 5157 ·
900 5126 994 5178 καὶ
1041 5123 1496 5177 συντελεσθεισῶν
1529 5125 1731 5188 αὐτῶν,
1760 5125 1906 5176 ἐπεί-

328 5234 510 5271 νασεν.
548 5217 728 5271 »Ἔδει
779 5216 834 5269 δὲ
883 5218 1045 5271 πάλιν
1084 5217 1225 5286 ὑπὲρ
1271 5215 1428 5287 ἡμῶν
1477 5215 1901 5285 ἀντιστῆναίτε,

334 5310 614 5380 μονονουχὶ
630 5310 688 5362 δὲ
708 5309 802 5362 xui.
828 5307 1299 5363 ἀνταποδύσασθαι
1326 5308 1405 5379 τῷ
1426 5308 1593 5362 πάλαι
1621 5308 1903 5377 νικήσαντι

330 5402 564 5472 Σατανᾷ,
595 5399 685 5454 τὸν
713 5401 802 5454 διά
833 5399 992 5453 τοῦτο
1027 5399 1357 5470 καοιγμένον
1391 5402 1472 5462 εἰς
1520 5400 1768 5453 ἑκούσιον
1812 5398 1905 5449 κέ-

329 5510 514 5556 νωσιν,
555 5493 641 5546 ἴνα
690 5496 837 5564 ἡμᾶς
886 5495 1138 5564 ἀποψήνῃ
1184 5493 1585 5563 μετεσχηκότας
1626 5490 1719 5544 τοῦ
1774 5491 1902 5543 ἰδίου

2002 4407 2118 4446 rum
2171 4390 2499 4445 Litterarum
2545 4405 2765 4445 sensum
2822 4391 2887 4444 ad
2942 4402 3145 4444 rectam
3210 4391 3574 4461 pertrahimns

1999 4481 2520 4551 interpretationem,
2555 4496 2717 4551 quam
2762 4481 2926 4550 impie
2976 4483 3302 4551 dencgautes
3330 4499 3448 4551 quae
3484 4498 3572 4536 re-

1997 4586 2084 4628 cte
2112 4575 2179 4628 de
2202 4572 2402 4628 Christi
2434 4574 2607 4642 gloria
2644 4575 2993 4642 pronuntiata
3028 4584 3181 4639 sunt,
3211 4574 3363 4629 abire
3389 4573 3578 4640 praeci-

2000 4667 2156 4735 pites.
3160 4677 3165 4680 '

2080 4756 2317 4814 XXXVI.
2367 4776 2385 4808 ι
2415 4755 2571 4813 Jestts
2605 4768 2784 4812 autem
2815 4762 3004 4827 plenus
3030 4756 3234 4825 Spiritu
3273 4765 3462 4811 sancto
3494 4773 3576 4811 re-

2010 4858 2362 4918 pressusrsta
2381 4847 2618 4902 Jordane
2635 4865 2649 4901 :
2669 4857 2723 4901 et
2745 4849 3000 4918 agebatur
3019 4848 3069 4900 in
3092 4846 3295 4916 Spiritu
3319 4848 3371 4902 in
3393 4850 3573 4904 deser-

2011 4949 2120 4994 tttnt
2152 4938 2344 4993 diebus
2373 4938 2748 5015 quadraginta,
2781 4947 2836 4991 et
2865 4938 3177 4992 tentabatur
3201 4954 3230 4993 a
3262 4940 3496 5006 diabolo,
3525 4953 3578 4995 et

2012 5029 2145 5084 nihil
2192 5029 2532 5083 manducavit
2577 5029 2630 5082 itt
2681 5031 2868 5083 diebus
2907 5029 3015 5083 illis
3049 5047 3063 5085 :
3094 5040 3146 5083 et
3191 5034 3581 5087 consummatis

2012 5122 2144 5187 illis,
2188 5131 2372 5192 postea
2404 5120 2682 5175 esuriit".
2712 5139 2731 5171 ι
2772 5121 3004 5175 Decebat
3031 5136 3186 5184 sane,
3212 5130 3269 5175 ut
3298 5122 3387 5177 ille
3411 5127 3579 5178 nostri

2001 5228 2176 5268 causa
2221 5214 2437 5267 Satatta:
2469 5227 2528 5266 se
2576 5212 2894 5279 obiectaret,
2944 5222 3269 5282 partatuqtte
3304 5214 3416 5284 jam
3453 5216 3581 5271 olim

2012 5303 2247 5374 palmam
2278 5304 2380 5373 ipsi
2424 5305 2681 5374 eriperet,
2708 5303 2800 5374 qui
2834 5317 2898 5358 ea
2933 5304 2999 5357 de
3033 5318 3199 5358 causa
3234 5307 3284 5359 in
3330 5306 3581 5362 volunta-

2016 5399 2150 5451 riam
2193 5397 2624 5452 cxiuauitionem
2670 5411 2791 5453 sese
2832 5397 3165 5463 demiserat,
3219 5405 3279 5451 ut
3327 5413 3439 5453 sua:
3486 5415 3585 5454 nos

2014 5489 2368 5560 plenitudinis
2393 5489 2685 5558 participes
2711 5487 2979 5556 ediceret;
3014 5489 3329 5562 fractosque
3356 5505 3408 5549 et
3435 5494 3587 5550 debi-

401 5650 445 5684 "’
478 5650 637 5706 Joan.
675 5667 710 5718 t,
743 5650 829 5704 53.
910 5650 954 5681 ⁸⁸
996 5648 1152 5703 Rom.
1191 5662 1307 5711 vttt,
1348 5646 1401 5711 8,
1427 5649 1477 5704 9.
1553 5650 1596 5682 ⁶⁹
1634 5646 1787 5703 Joan.
1817 5662 1856 5715 ι,
1888 5648 1894 5699 1

2050 5646 2095 5677 ⁷⁸
2126 5644 2255 5701 Luc.
2292 5662 2365 5712 tv,
2401 5648 2449 5711 1,
2479 5647 2529 5704 2.
