3912 6228
375 222 510 279 1⁸585

1366 213 1422 267 S.
1458 211 1739 267 CYRILLI
1781 210 2250 268 ALEXANDRINI
2294 207 2619 263 ARCIIIEP.

3500 207 3649 263 ιδει

373 337 554 389 Ιιιειιοε
577 333 848 403 quondam
883 331 936 384 iu
960 330 1191 393 Adamn,
1216 330 1461 401 spiritale
1483 331 1754 400 quoddam
1783 331 1949 384 robur

2058 326 2420 397 πληρώματος
2440 340 2454 355 ·
2487 325 2581 377 καὶ
2605 322 3009 395 ἀσθενήσαντας
3035 327 3094 379 ὲν
3125 322 3320 394 Ἄδαμ,
3341 322 3652 395 εὐρωστίαν

371 428 596 493 adeptos
621 424 974 478 ostenderet:
1008 421 1449 491 quandoquidem
1491 432 1600 477 tam
1635 435 1948 492 corporum,

370 531 532 585 quam
552 516 853 569 animorum
868 515 1241 583 aegritudines,
1264 512 1422 583 157
1448 512 1766 581 protoplasti
1793 512 1948 581 culpa

372 607 425 659 in
459 606 735 659 hominum
775 614 1026 658 naturam
1060 604 1309 668 ini'ectte,
1353 618 1450 672 per
1474 602 1753 659 Christum
1778 618 1809 657 e
1840 617 1950 657 me-

370 697 460 751 dio
489 706 614 748 sunt
642 696 886 751 sublate.
923 696 1079 749 Sicut
1112 696 1256 749 enim
1292 694 1452 762 huius
1474 695 1786 750 obcditione
1808 694 1947 763 justi

370 789 754 842 coustituimur
802 788 979 850 mttlli,
1024 789 1238 841 etiamsi
1300 796 1522 856 propter
1584 786 1725 841 illius
1770 785 1955 841 inube-

372 882 628 935 dientiam
655 881 727 940 “,
762 880 813 932 in
859 879 1334 933 condetunaliouis
1379 879 1706 932 sententiain
1747 879 1954 934 incide-

373 976 580 1041 rimus;
624 973 696 1025 ita
749 987 960 1025 rursum
1006 967 1238 1039 spiritali
1295 970 1490 1024 robore
1538 985 1635 1039 per
1676 971 1952 1025 Christum

374 1066 530 1118 nobis
571 1066 755 1126 allato,
803 1078 842 1117 ιι.
867 1073 1106 1117 veterum
1158 1062 1471 1115 morborum
1507 1063 1850 1117 detrimentis
1884 1062 1953 1116 li-

374 1157 627 1211 beramur
656 1174 669 1209 :
703 1164 758 1209 et
806 1155 894 1222 qui
942 1155 993 1207 iu
1037 1155 1204 1207 Adam
1247 1155 1371 1206 victi
1419 1155 1858 1216 coneideramus,
1900 1157 1952 1207 in

373 1249 593 1305 Christo
616 1247 897 1301 victoriam
923 1245 1284 1298 obtinuimus.
1310 1243 1579 1314 Objieitur
1605 1244 1788 1312 itaque
1813 1243 1952 1297 hosti

280 1372 287 1381 ι
376 1353 472 1404 ιιι-υ
506 1337 659 1389 uoltis
691 1345 747 1387 ut
787 1336 968 1398 homo,
1002 1333 1169 1387 vincit
1198 1342 1378 1386 autem
1408 1344 1465 1386 ut
1497 1333 1659 1388 Deus.
1690 1334 1957 1388 Teutatur

377 1444 616 1491 I'llt‘Sllttt,
674 1428 872 1481 Satana
925 1426 1152 1495 perinde
1204 1425 1278 1479 illi
1327 1425 1619 1479 insultante
1653 1442 1718 1477 ae
1762 1425 1853 1478 uni
1888 1440 1957 1479 ex

380 1521 557 1581 nubis,
590 1527 848 1587 certoque
876 1518 979 1570 sibi
1019 1517 1309 1585 pollicente
1343 1516 1457 1570 fore
1499 1526 1555 1569 ut
1583 1517 1764 1570 carnis
1798 1526 1956 1586 petu—

379 1609 542 1661 l.miia
586 1608 655 1659 ad
692 1608 840 1659 illum
869 1607 1319 1676 prosternenduni
1351 1607 1552 1658 sociam
1592 1620 1711 1659 sese
1756 1606 1953 1673 adium

2056 419 2278 490 ἔχοντας
2326 415 2585 489 ἀποδείξῃ
2632 419 3043 489 πνευματικήν·
3100 416 3376 470 πέπαυται
3427 413 3540 487 γὰρ
3587 414 3651 469 ἐν

2002 518 2005 519 ⁷
2054 508 2276 582 Χριστῷ
2303 510 2371 562 τὰ
2405 511 2462 562 ἐν
2487 510 2566 580 τῷ
2595 510 3008 581 πρωτοπλάστῳ
3049 512 3114 581 τῇ
3148 507 3442 580 ἀνθρώπου
3483 507 3653 576 φύσει

2056 601 2439 672 συμϐεϐηκότα
2489 604 2782 672 σωματικά
2828 620 2887 655 τε
2924 603 3020 656 καὶ
3051 602 3260 672 ψυχικὰ
3304 600 3417 653 τῶν
3459 602 3655 672 άρῤω-

2058 713 2155 767 στη
2166 698 2352 762 μάτων
2386 697 2582 767 ὲνεργή
2593 696 2982 767 ματα.⁶Ὠσπερ
3010 697 3120 767 γὰρ
3147 696 3234 749 διὰ
3262 695 3365 765 τῆς
3393 695 3653 763 ὑπακοῆς

2056 786 2221 841 αὑτοῦ
2253 787 2451 840 δίκαιοι
2481 789 2825 859 κατέστημεν
2856 791 2905 841 οἱ
2932 787 3136 852 πολλοὶ,
3168 786 3345 840 καίτοι
3371 785 3650 839 πεπονθό-

2052 896 2145 943 τες
2179 877 2267 931 διὰ
2292 879 2390 949 τῆς
2422 880 2633 932 ἐκείνου
2663 880 2952 950 παρακοῆς
2977 879 3077 950 τὴν
3109 879 3468 950 κατάκρισιν
3500 878 3655 931 οὕτω

2054 968 2120 1040 δὴ
2160 968 2323 1023 πάλιν
2353 968 2443 1022 διὰ
2471 970 2569 1041 τῆς
2614 970 2671 1023 ὲν
2705 971 2927 1042 Χριστῷ
2961 971 3261 1041 νοουμένης
3308 969 3632 1027 εὐσθενεῖας

2054 1060 2213 1132 δῆλον
2233 1060 2292 1114 δὲ
2320 1062 2402 1115 ὅτι
2428 1060 2825 1130 πνευματικῆς,
2852 1059 2923 1113 τά
2948 1060 3042 1113 ἐπὶ
3063 1060 3184 1123 ταῖς
3210 1058 3454 1132 πρώταις
3485 1065 3654 1112 ἀσθε-

2055 1154 2227 1215 νείαις
2256 1152 2697 1223 διεκρουσάμεθα
2728 1151 2930 1221 βλάϐηο
2983 1153 3079 1206 καὶ
3122 1152 3173 1204 οῖ
3209 1151 3565 1213 πεπτωκότες
3589 1152 3652 1203 ἐν

2069 1244 2260 1315 Ἀδὰμ,
2290 1245 2657 1315 νενικήκαμεν
2686 1245 2744 1296 ὲν
2777 1243 3019 1315 Χριστῷ.
3037 1242 3437 1297 Ἀντιτάττεται
3464 1245 3653 1296 τοίνυν

2056 1334 2197 1404 ὑπὲρ
2235 1333 2393 1405 ἡμῶν
2432 1334 2508 1398 ὡς
2539 1334 2849 1405 ἄνθρωπος,
2880 1334 2975 1387 καὶ
3013 1336 3137 1406 νικᾷ
3163 1333 3359 1398 θεῖκῶς
3396 1337 3491 1388 καὶ
3525 1352 3651 1387 πει-

2060 1424 2283 1497 ράζεται
2314 1425 2433 1495 μὲν,
2466 1425 2543 1487 ὡς
2574 1427 2657 1478 ἑνὶ
2690 1426 2797 1479 τῶν
2825 1424 2951 1479 καθ’
2982 1427 3130 1495 ἡμᾶς
3157 1425 3533 1494 satu-machara;
3554 1424 3651 1478 τοῦ

2058 1518 2292 1580 Σατανᾶ,
2324 1518 2420 1569 καὶ
2472 1516 2766 1585 οἰηθέντος,
2799 1518 2880 1570 ὅτι
2923 1517 2989 1570 τὸ
3035 1515 3272 1587 ἀκρατὲς
3303 1515 3405 1586 τῆς
3443 1517 3658 1587 σαρκὸς

2060 1604 2588 1676 συνεκπολεμήσειεν
2651 1605 2719 1659 ἂν
2779 1604 2930 1676 αὐτῷ
2990 1605 3082 1659 τὸν
3148 1605 3654 1676 ὲκπειραζόμενον·

378 1712 525 1767 geret
557 1717 571 1753 :
605 1714 791 1753 verum
829 1699 874 1752 is
911 1698 1232 1767 pudefactus
1265 1699 1556 1763 abscessit,
1594 1713 1716 1752 cum
1754 1709 1949 1752 natura

2058 1699 2331 1769 ἀναχωρεῖ
2373 1697 2429 1750 δὲ
2476 1699 2971 1769 κατῃσχυμμένος,-
3004 1697 3435 1769 καινοτομούσης
3482 1698 3654 1752 αὐτὸν

380 1795 612 1845 lunnana
678 1804 818 1844 novo
869 1789 1103 1858 quodam
1175 1788 1337 1843 modo
1395 1789 1448 1842 in
1512 1787 1733 1843 Christo
1779 1788 1952 1859 legem

378 1883 615 1952 peccati,
668 1897 786 1950 qua
834 1881 1040 1947 pridem
1095 1880 1148 1933 in
1201 1882 1461 1934 membris
1505 1881 1688 1935 carnis
1721 1879 1953 1935 ferocie-

379 1974 582 2035 bai",
644 1972 967 2028 exstinctam
1029 1970 1518 2039 inertiae-alantque
1580 1986 1701 2025 sese
1752 1972 1956 2026 habere

377 2069 691 2121 oSteudei-et
722 2084 736 2120 :
767 2066 966 2118 abolita
1010 2074 1094 2120 est
1126 2066 1270 2119 enim
1327 2065 1407 2118 lex
1461 2066 1576 2119 haec
1620 2065 1672 2118 in
1714 2065 1951 2118 Christo.

378 2156 548 2211 Porro
584 2169 762 2210 autem
813 2174 933 2210 cum
996 2167 1257 2224 quantum
1293 2165 1378 2208 sat
1420 2165 1539 2208 erat
1571 2155 1683 2223 jam
1716 2154 1951 2223 iejunas‘

378 2262 481 2309 set,
518 2252 808 2318 divinaque
842 2251 1041 2303 virtute
1069 2250 1273 2317 absque
1309 2249 1432 2301 cibo
1463 2257 1517 2302 ct
1549 2257 1675 2317 potu
1709 2248 1956 2302 incorru-

378 2353 521 2411 ptam
566 2357 788 2395 carnem
834 2351 1237 2404 conservasset,
1274 2342 1367 2392 vix
1400 2342 1643 2403 tandem,
1676 2354 1795 2407 qua:
1831 2355 1956 2407 pro-

379 2434 493 2502 pria
541 2434 686 2486 illius
736 2442 900 2495 sunt,
947 2433 1056 2500 pati
1101 2446 1220 2484 eam
1272 2431 1420 2485 sivit.
1485 2431 1753 2484 Esuriisse
1808 2431 1952 2485 enim

378 2526 579 2579 dicitur
609 2543 621 2578 :
650 2525 745 2578 sed
782 2540 941 2593 quam
994 2524 1062 2577 ob
1105 2538 1353 2585 causam,
1401 2539 1604 2592 quaeso,
1645 2522 1957 2578 esurit?0b

377 2632 498 2672 eam
532 2617 810 2681 nimiunn,
846 2632 948 2683 qua
984 2625 1106 2683 apte
1146 2631 1240 2682 per
1271 2627 1560 2683 utrumque
1591 2613 1761 2669 Deum
1791 2616 1953 2670 simul

378 2719 433 2764 ct
469 2710 740 2763 hominem
796 2722 855 2761 se
898 2722 1018 2762 esse
1047 2706 1376 2774 declararet,
1410 2723 1659 2777 unusque
1700 2717 1755 2763 et
1786 2709 1951 2769 idem,

378 2810 645 2869 quatenus
678 2797 841 2858 Deus,
878 2813 1039 2867 supra
1073 2813 1172 2852 uos
1204 2812 1362 2863 esse;
1391 2806 1445 2852 et
1475 2809 1740 2867 quatenus
1768 2799 1950 2861 homo,

380 2893 539 2945 nobis
582 2891 777 2944 similis
813 2901 1224 2958 agnosceretur.
1273 2889 1482 2944 Virtute
1518 2906 1682 2959 porro
1715 2889 1953 2959 Spiritus

357 2981 433 3041 in
459 2988 726 3041 desertum
755 2987 839 3055 agi
876 2987 1091 3048 dicitur,
1124 3000 1227 3039 non
1254 2986 1395 3053 quod
1428 2985 1508 3054 agi
1541 2986 1680 3039 idem
1712 2985 1785 3038 sit
1810 2984 1949 3052 quod

381 3079 603 3139 deferri,
648 3080 740 3132 sed
777 3079 943 3131 vitam
994 3077 1299 3141 traducere,
1351 3091 1448 3130 seu
1488 3075 1728 3129 morari:
1763 3090 1954 3144 quent-

380 3171 670 3225 admodum
726 3185 827 3225 nos
866 3184 1082 3237 quoque
1133 3169 1315 3221 dicere
1359 3167 1634 3221 interdum
1674 3166 1957 3221 consueri-

383 3277 522 3326 mus,
546 3262 690 3333 hune
721 3262 801 3315 rel
836 3260 980 3314 illum
1013 3258 1179 3328 probe
1218 3241 1454 3326 seips'nm
1488 3268 1671 3325 agere,
1710 3256 1813 3311 hoc
1845 3264 1953 3319 est,

381 3353 710 3420 ineulpatam
769 3351 932 3404 vitam
1001 3350 1239 3419 exigere.
1292 3348 1620 3403 Versabatur
1673 3348 1840 3417 igitur
1900 3348 1954 3400 iu

380 3440 618 3500 deserto,
660 3439 762 3491 hoc
799 3445 905 3501 est,
941 3438 1103 3491 vitam
1144 3436 1261 3504 illic.
1292 3436 1559 3506 agitabat,
1592 3451 1700 3490 non
1736 3437 1954 3506 quidem

384 3542 534 3581 more
583 3541 846 3595 corporeo
882 3545 896 3579 :
928 3541 1051 3579 nam
1104 3526 1311 3593 absque
1354 3526 1478 3580 cibo
1523 3535 1579 3579 et
1613 3537 1766 3594 potu,
1799 3527 1958 3580 rebus

383 3620 570 3687 utique
623 3620 862 3673 humano
911 3617 1128 3684 corpori
1194 3616 1557 3683 necessariis,
1601 3617 1675 3670 ibi
1727 3615 1959 3686 degebat

383 3710 623 3780 Spiritus
662 3710 861 3763 virtute
882 3717 1149 3773 armatus,
1191 3717 1246 3761 et
1275 3723 1445 3776 supra
1480 3709 1725 3761 humanm
1751 3719 1959 3763 natura:

382 3802 748 3857 conditionem
779 3801 831 3855 in
863 3800 1121 3854 continuo
1145 3798 1353 3868 jejunio
1380 3801 1576 3854 ibidem
1608 3800 1955 3868 persistebat.

381 3894 651 3949 Caeterum
679 3902 940 3947 accurate
973 3892 1373 3945 observandum
1399 3901 1481 3946 est
1502 3892 1646 3961 quod
1679 3893 1765 3947 hic
1791 3893 1959 3947 tradi-

385 3996 513 4038 tur:
545 3995 628 4038 est
676 3984 820 4036 enim
865 3981 1157 4050 ejusmodi,
1208 3983 1259 4035 in
1309 3997 1416 4050 quo
1446 3982 1679 4035 salubris
1712 3983 1957 4051 quaedam

382 4076 643 4131 doctrinae
675 4078 754 4129 vis
791 4075 976 4128 lateat.
1027 4072 1141 4127 Non
1170 4073 1319 4127 enim
1353 4082 1482 4127 ante
1507 4082 1752 4128 sanctum
1787 4073 1961 4143 bapti-

385 4176 500 4222 sma
564 4177 875 4236 susceptum
936 4164 1283 4231 tentabatur;
1356 4164 1449 4218 scd
1523 4180 1696 4230 neque
1752 4164 1957 4233 Spiritu

385 4274 602 4326 quoque
646 4258 697 4311 in
730 4256 1010 4310 desertum
1044 4256 1325 4324 agebatur.
1359 4256 1583 4326 Ecquid,
1627 4270 1834 4325 (Iurasti,
1872 4271 1961 4312 res

2054 1792 2153 1859 τῆς
2180 1788 2468 1858 ἀνθρώπου
2500 1790 2717 1859 φύσεως
2740 1792 2799 1844 ὲν
2825 1789 3069 1861 Χριστῷ,
3100 1791 3195 1845 καὶ
3239 1789 3657 1861 νενεκρωμένον

2054 1881 2284 1952 ἐχούσης
2320 1880 2423 1951 τῆς
2454 1882 2734 1953 ἁμαρτίας
2759 1882 2854 1936 τὸν
2884 1882 3069 1953 νόμον,
3099 1882 3191 1935 τὸν
3220 1884 3279 1936 ὲν
3309 1881 3654 1951 τοῖςμέλεσι

2053 1975 2150 2045 τῆς
2182 1974 2383 2057 σαρκὸς
2404 1974 2755 2045 ἀγριαίνοντα
2772 1991 2787 2006 ο
2813 1976 3161 2045 κατήργηται
3182 1974 3290 2046 γάρ
3320 1976 3379 2027 ὲν
3398 1974 3653 2044 Χριστιῖι.

2053 2067 2372 2135 Νηστεύσας
2395 2083 2457 2136 γε
2491 2069 2600 2137 μὴν
2624 2065 3009 2136 ἀποχρώντως,
3036 2066 3133 2119 καὶ
3161 2067 3389 2137 δυνάμει
3415 2066 3653 2137 θεοπρε-

2055 2159 2147 2209 πεῖ
2173 2154 2336 2210 ποτοῦ
2372 2155 2465 2210 καὶ⁸
2501 2156 2686 2208 σιτίων
2718 2155 2840 2225 δίχα
2866 2155 2964 2227 τὴν
3000 2156 3182 2226 σάρκα
3209 2157 3458 2227 τηρήσας
3489 2158 3651 2211 ἀδιά-

2054 2248 2272 2320 φθορον,
2307 2249 2494 2319 ἐφίησι
2531 2248 2684 2319 μόλις
2723 2248 2791 2302 τά
2835 2249 3011 2301 οἰκεῖα
3046 2248 3239 2302 παθεῖν
3297 2250 3460 2321 αὐτῇ.
3517 2251 3653 2303 Ile:-

2054 2338 2214 2407 νῆσαι
2259 2338 2369 2408 γάρ
2410 2338 2659 2405 λέγεται·
2701 2339 2799 2391 καὶ
2841 2338 2929 2391 διὰ
2967 2339 3126 2392 ποίαν
3167 2340 3386 2404 αἰτίανς
3421 2342 3540 2393 Ἵνα
3568 2342 3655 2395 δι’

2054 2428 2257 2498 ἀμφοῖν
2289 2428 2557 2499 εὐτέχνως
2584 2430 2717 2493 θεός
2750 2448 2809 2483 τε
2839 2430 2976 2500 ὁμοῦ
3011 2432 3105 2483 καὶ
3151 2431 3440 2501 ἄνθρωπος
3473 2433 3653 2502 ὑπάρ-

2055 2536 2166 2590 χων
2214 2520 2642 2591 ἐπιγινώσκηται
2689 2517 2770 2584 εἷς
2819 2523 2913 2575 καὶ
2957 2522 2987 2573 ὀ
3035 2522 3198 2587 αὐτὸς
3240 2523 3508 2591 δηλονότι,
3549 2526 3653 2580 καὶ

2055 2611 2252 2674 θεῖκῶς
2286 2610 2426 2683 ὑπὲρ
2450 2614 2619 2682 ἡμᾶς,
2648 2614 2741 2666 καὶ
2771 2613 2892 2667 καθ’
2922 2616 3068 2684 ἡμᾶς
3095 2614 3658 2684 άνθρωπίνως.”Ᾱγε-

2057 2705 2181 2758 σθαι
2210 2704 2266 2757 δὲ
2295 2703 2511 2768 λέγεται
2548 2708 2615 2775 τῇ
2649 2704 2881 2775 δυνάμει
2933 2706 3025 2759 τοῦ
3076 2706 3393 2776 Πνεύματος
3425 2710 3508 2771 εἰς
3546 2709 3658 2780 τὴν

2055 2794 2279 2866 ἔρημον,
2324 2794 2420 2847 τοῦ
2467 2793 2698 2863 ἄγεσθαι
2733 2794 3022 2865 δηλοῦντος
3052 2797 3114 2848 οὐ
3160 2796 3222 2847 τὸ
3266 2796 3657 2866 ἀποφέρεσθαι

2060 2888 2281 2957 μᾶλλον,
2314 2887 2451 2940 ἀλλὰ
2500 2887 2562 2940 τὸ
2607 2886 2835 2955 διάγειν,
2872 2887 2990 2957 ἤτοι
3045 2888 3334 2941 διατελεῖν·
3385 2887 3660 2959 καθάπερ

2059 2976 2250 3047 ἀμέλει
2299 2978 2392 3030 καὶ
2439 2979 2524 3046 ἐφ’
2555 2979 2714 3049 ἡμῶν
2757 2978 2972 3046 λέγεται
3021 2979 3368 3041 πλειστάκις
3408 2980 3472 3032 '0
3499 2980 3655 3033 eam

2058 3067 2218 3137 τυχὸν
2269 3068 2460 3121 ἑαυτὸν
2507 3068 2684 3141 ὀρθῶς
2731 3069 2875 3138 ἄγει,
2910 3071 3188 3124 τουτέστιν
3242 3073 3547 3141 ἀμέμπτως
3571 3070 3646 3142 ζῇ

2058 3162 2152 3213 καὶ
2182 3160 2543 3215 πολιτεύεται.
2564 3162 2951 3233 ’Λνεστρέᾳετο
2976 3162 3155 3215 τοίνυν
3185 3162 3268 3224 είς
3292 3162 3648 3231 τὴνίὲρημον,

2058 3251 2226 3320 ἦγουν
2258 3253 2493 3304 ἐποιεῖτο
2520 3250 2615 3315 τὰς
2648 3253 2951 3324 διατριόἁς,
2976 3254 3037 3305 οὐ
3078 3252 3400 3321 σωματικὰ
3419 3268 3434 3283 ’
3471 3253 3655 3306 ποτοῦ

2058 3341 2167 3412 γὰρ
2199 3342 2322 3412 δίχα
2351 3344 2444 3396 καί⁸
2470 3343 2572 3413 τῆς
2596 3346 2709 3408 τοῖς
2740 3343 2988 3414 σώμασιν
3014 3345 3321 3413 ἀναγκαίας
3352 3345 3557 3414 τροφῆς
3593 3346 3661 3398 ὲν

2057 3431 2287 3502 δυνάμει
2332 3433 2649 3505 Πνεῦματος
2695 3436 2836 3507 ὑπὲρ
2876 3436 3037 3505 φύσιν
3072 3441 3170 3508 τὴν
3221 3436 3347 3491 καθ’
3378 3439 3528 3507 ἡμᾶς
3568 3438 3657 3489 δι-

2059 3525 2348 3596 εκαρτέρει
2393 3526 2531 3596 πρὸς
2562 3528 2663 3597 τὴν
2707 3527 2982 3598 νηστείαν.
3025 3529 3172 3600 Πλὴν
3219 3532 3398 3584 ἐκεῖνο
3447 3530 3649 3600 ἄθρει·

2059 3616 2479 3690 ὲπιυφελεστάτη
2530 3620 2638 3692 γὰρ
2686 3620 2787 3690 τῆς
2835 3622 3042 3685 ἐννοίας
3073 3625 3106 3693 ἡ
3144 3622 3396 3694 δύναμις.
3429 3625 3512 3677 οὗ
3543 3624 3656 3695 πρὸ

2058 3707 2153 3761 τοῦ
2194 3710 2350 3776 άγίου
2381 3710 2759 3783 βαπτίσματος
2788 3714 3132 3785 ὲπειράζετο,
3170 3713 3287 3766 ἀλλ’
3312 3714 3441 3768 οὐδὲ
3485 3716 3658 3787 ἧγετσ

2059 3800 2138 3870 τῷ
2174 3801 2451 3872 Πνεύματι
2479 3805 2561 3867 εἰς
2589 3803 2688 3875 τὴν
2720 3803 2947 3875 ἔρημον,
2978 3805 3149 3858 τύπον
3181 3808 3316 3876 ἡμῖν
3360 3807 3426 3859 τὸ
3455 3808 3657 3879 χρῆμα

2059 3892 2263 3957 τιθεῖς’
2316 3895 2596 3965 ἀμήχανον
2639 3896 2748 3966 γὰρ
2792 3898 2919 3960 τοὺς
2950 3896 3104 3951 οὔπω
3153 3897 3656 3970 βεδαπτισμένους,

2058 3984 2153 4038 τοῦ
2183 3986 2531 4057 πειράζοντος
2559 3988 2775 4040 Σατανᾶ
2803 3986 3083 4042 δύσοιστον
3111 3984 3277 4043 οὖσαν
3320 3990 3423 4061 τὴν
3472 4007 3659 4061 προσ-

2061 4075 2222 4148 ϐολὴν
2253 4078 2573 4146 ὑπενεγκεῖν
2609 4078 2867 4134 δύνασθαι
2894 4081 3177 4148 νεανικῶς,
3210 4082 3379 4153 ἧγουν
3408 4083 3658 4150 ἄγεσθαι

2061 4170 2449 4238 πνευματικῶς
2469 4187 2483 4200 ”
2531 4171 2723 4241 καιρὸς
2752 4171 2809 4224 δὲ
2850 4175 2880 4225 ὀ
2913 4173 3140 4243 πρέπων
3175 4178 3292 4237 τοῖς
3332 4174 3479 4228 οὕτω
3507 4175 3658 4246 λαμ-

2061 4262 2218 4329 προῖς
2265 4261 2360 4313 καὶ
2408 4260 2758 4329 ἁξιαγάστοις
2810 4263 3250 4334 κατορθώμασιν,
3302 4266 3333 4317 ὁ
3389 4264 3537 4334 μετὰ.
3593 4266 3661 4318 τὸ

385 4352 501 4404 ha-c
551 4348 704 4401 nobis
755 4348 1149 4402 adumbrabat?
1193 4348 1309 4402 Non
1358 4349 1503 4401 aliud
1541 4352 1748 4414 utique,
1795 4363 1954 4418 quam

2061 4351 2215 4420 ἅγιον
2258 4350 2574 4423 βάπτισμαο
2626 4354 3056 4424 κραταιωθέντες
3099 4354 3208 4424 γὰρ
3257 4353 3401 4408 οὕτω
3447 4359 3515 4427 τῇ
3550 4356 3658 4410 τοῦ

386 4442 500 4498 ﬁeri
537 4457 642 4494 non
675 4454 856 4508 posse,
891 4449 947 4493 ut
976 4439 1011 4492 ii
1039 4439 1133 4508 qui
1167 4439 1421 4508 baptismi
1446 4441 1681 4507 gratiam
1727 4441 1954 4493 necdum

385 4533 618 4589 assecuti
662 4544 807 4597 sunt,
845 4530 1189 4602 gravissimis
1225 4530 1485 4583 tentantis
1520 4528 1741 4583 Satanae
1780 4529 1956 4584 insul-
1992 4564 1997 4573 ι

387 4626 531 4681 tibus
558 4624 786 4679 viriliter
816 4623 1108 4686 obsistaut,
1133 4631 1224 4674 aut
1247 4620 1508 4689 spiritalis
1540 4620 1663 4674 vitae
1694 4621 1958 4674 rationem

387 4719 526 4772 inire
560 4729 783 4787 queant.
824 4716 1062 4784 Tempus
1106 4723 1284 4767 autem
1319 4714 1624 4767 obtinendae
1657 4711 1820 4783 158
1845 4721 1955 4766 tam

388 4808 613 4862 illustris
639 4806 878 4859 victoria:
898 4816 1024 4874 post
1051 4804 1563 4874 sacrum'baptisma
1596 4814 1954 4872 opportunum

382 4908 490 4954 est.
519 4899 592 4952 lta
619 4899 760 4953 enim
792 4899 1028 4966 Spiritus
1049 4897 1222 4950 sancti
1252 4896 1667 4963 participatione
1693 4896 1954 4958 roborati,

383 5001 440 5045 et
486 5006 719 5059 superna
762 4991 940 5058 gratia
998 4988 1065 5042 ad
1127 4988 1371 5058 spiritale
1407 4987 1572 5040 robur
1623 4985 1952 5051 continuati,

384 5062 601 5137 satana:
635 5083 847 5136 insidiis
889 5082 1010 5152 capi
1046 5097 1151 5135 nou
1191 5080 1528 5150 poterimus;
1566 5078 1660 5133 sed
1700 5087 1957 5145 tanquam

386 5175 444 5227 in
505 5176 706 5228 virtute
755 5173 988 5242 Spiritus
1042 5174 1306 5239 vivemus,
1359 5173 1514 5241 quasi
1570 5173 1625 5223 in
1681 5170 1958 5223 desertqu

382 5267 658 5333 quoddam
695 5267 1035 5333 secedentes,
1070 5266 1196 5321 dum
1244 5264 1433 5335 procul
1487 5279 1517 5317 ι
1567 5261 1752 5316 mundi
1798 5259 1960 5328 hujus

386 5357 707 5431 tumultibus
748 5359 909 5413 vitam
934 5358 1148 5426 placide
1180 5356 1553 5425 transigimus.
1595 5353 1957 5420 Quamobrem

386 5445 513 5502 licet
561 5449 983 5516 cunctipotentis
1026 5448 1117 5503 Dei
1166 5448 1342 5503 Verbo
1385 5461 1575 5516 parum
1612 5444 1837 5501 omnino
1886 5443 1960 5499 sit

457 5618 504 5652 τί
530 5619 688 5675 llum.
723 5635 775 5687 ν,
808 5619 892 5679 l9.
961 5624 1010 5655 "
1044 5608 1201 5683 Rom.
1231 5639 1325 5691 vn,
1358 5622 1443 5679 13.

2064 4444 2219 4511 ἁγίου
2253 4443 2566 4513 ηνεύματος
2596 4449 2818 4516 μετοχῇ,
2852 4446 2945 4498 καὶ
2974 4449 3040 4517 τῇ
3066 4446 3270 4499 ἄνωθεν
3304 4448 3491 4519 χάριτι
3514 4465 3659 4501 κατα

2063 4533 2695 4606 εσφραγισμένοι,οπρὺς
2759 4536 3058 4605 εὐρωστίαν
3119 4535 3177 4589 δὲ
3233 4535 3477 4606 δηλονότι
3545 4538 3656 4608 τὴν

2066 4623 2459 4694 πνευματικὴν,
2507 4624 2769 4678 άνάλωτοί
2796 4641 2855 4678 τε
2889 4626 3127 4694 ἐσόμεθα
3154 4625 3233 4697 τῷ
3264 4628 3518 4697 Σατανᾷ,
3554 4631 3660 4681 καὶ

2064 4716 2138 4780 ὡς
2166 4718 2224 4768 ἐν
2249 4714 2476 4786 δυνάμει
2511 4715 2825 4787 Πνεύματος
2848 4717 3198 4788 διαζήσομεν,
3226 4718 3430 4790 ἔρημον
3452 4720 3657 4794 ὥσπερ

2062 4808 2185 4861 τινὰ
2217 4807 2725 4877 καταλαμϐάνοντες
2747 4807 2922 4879 χῶρον
2946 4809 3007 4862 τὸ
3029 4809 3133 4875 ἔξω
3150 4809 3355 4879 τύρϐης
3380 4812 3657 4877 γενέσθαι

2064 4898 2607 4969 κοσμικῆς.Σμικρὺν
2634 4901 2730 4969 μὲν
2751 4896 2844 4953 οὖν
2873 4901 3066 4973 κομιδῇ
3095 4900 3172 4970 τῷ
3204 4901 3379 4954 πάντα
3404 4902 3656 4972 ἰσχύοντι

2063 4991 2224 5060 Λόγῳ
2256 4990 2318 5044 τὸ
2350 4995 2569 5060 νικῆσαι
2595 4992 2686 5045 τὸν
2716 4993 2981 5056 Σατανᾶν,
3024 4994 3167 5064 μέγα
3208 4994 3264 5047 δὲ
3300 4995 3468 5048 πάλιν
3514 4999 3657 5067 ἡμῖν

2073 5083 2122 5135 τὺ
2142 5083 2240 5135 ’καὶ
2272 5083 2460 5136 τούτου
2491 5086 2676 5153 τυχεῖν
2699 5084 2787 5136 διὰ
2826 5084 2924 5153 τῆς
2961 5084 3429 5156 ἐνανθρωπήσεως
3450 5087 3653 5152 αὑτοῦ,

2065 5173 2207 5227 καθὰ
2237 5176 2331 5227 καὶ
2356 5175 2417 5228 τὸ
2447 5177 2890 5248 ἀνακαινισθῆναι
2924 5177 3061 5247 πρὸς
3092 5177 3655 5249 άφθαρσίαν.Ὧσπερ

2066 5267 2174 5336 γὰρ
2196 5267 2285 5320 διά
2305 5268 2403 5338 τῆς
2432 5270 2497 5322 ἐκ
2519 5269 2726 5340 νεκρῶν
2767 5270 3118 5333 ἀναστάσεως
3152 5269 3318 5323 αὑτοῦ
3356 5271 3655 5341 κρείττους

2065 5359 2229 5429 ἡμεῖς
2272 5358 2578 5428 γεγόναμεν
2626 5360 2730 5431 τῆς
2761 5361 2987 5431 φθοράς,
3031 5360 3176 5414 οὕτω
3219 5360 3305 5413 δια
3338 5360 3444 5430 τῆς
3474 5364 3539 5417 ἑν
3576 5364 3653 5434 τῷ

2067 5448 2427 5519 πειράζεσθαι
2456 5450 2612 5522 νίκης
2637 5452 2796 5507 πάλιν
2826 5455 2986 5524 ἡμεῖς
3019 5453 3465 5525 κεκρατήκαμεν.
