3952 6200
229 343 376 401 1383
1042 341 1136 398 AD
1174 341 1474 400 REGINAS
1512 341 1600 398 DE
1637 337 1869 400 RECTA
1907 337 2066 397 FIDE
2102 337 2362 398 ORATIO
2399 339 2703 397 ALTERA.
3351 339 3490 397 1386

229 452 492 508 Satanam
525 452 814 520 devicisse,
879 452 1039 511 nobis
1106 463 1288 512 tamen
1352 470 1707 527 permagnum
1769 453 2042 525 quoddam
2091 462 2196 520 est,
2238 453 2383 524 quod
2431 468 2528 525 per
2573 453 2693 523 ejus
2736 451 3166 510 incarnationem
3212 449 3490 507 victoriam

227 545 487 600 adversus
513 543 664 599 illum
687 545 1084 603 obtinuerimus
1114 567 1127 603 :
1155 548 1294 604 sicut
1327 558 1382 604 et
1404 548 1534 603 illud
1560 561 1796 619 quoque,
1837 545 1980 617 quod
2014 562 2112 617 per
2169 547 2414 602 eamdem
2448 546 2515 601 ad
2559 546 3021 617 incorruptionem
3056 559 3154 600 nos
3215 542 3494 599 instaura-

227 639 326 693 vit.
383 636 535 692 Sicut
615 638 759 693 enim
807 651 906 707 per
954 637 1098 693 illius
1149 637 1603 694 resurrectionem
1683 635 2032 706 corruptione
2078 636 2393 704 superiores
2443 633 2760 699 evasimus,
2824 633 2936 698 ita,
2991 629 3220 688 victoria
3305 639 3496 686 contra

231 740 528 787 tentantem
563 729 818 785 Satanam
858 745 954 800 per
980 729 1128 786 illum
1172 733 1418 799 obtenta,
1469 747 1568 788 nos
1594 743 1810 802 quoque
1846 729 2083 786 victores
2114 730 2313 786 reddit.
3302 769 3306 778 ι

301 823 425 878 AZ'.
473 842 491 874 ι
527 821 784 894 Ἔχοντες
815 819 910 877 οὖν
937 823 1202 897 ἀρχιερέα
1243 825 1417 896 μέγαν
1466 823 1812 891 διεληλυθότα

1983 823 2255 878 XXXVII.
2306 841 2325 875 ι
2358 821 2629 878 [labentes
2673 837 2806 893 ergo
2853 819 3165 892 pontificem
3217 833 3498 890 magnum,

230 915 358 980 τοὺς
387 914 672 984 οὐρανοὺς,
690 913 899 983 Ἰησοῦν
927 914 1017 968 τὸν
1047 915 1174 969 Υἱδν
1201 914 1294 968 τοῦ
1329 915 1485 982 Θεοῦ,
1523 916 1814 987 κρατῶμεν

1940 916 2009 988 ιιιί
2047 915 2356 986 penetravit
2398 915 2590 979 caelos,
2623 913 2806 970 Iesum
2837 913 3032 968 Filium
3077 910 3192 977 Dei,
3222 919 3500 966 teneamus

229 1005 331 1074 τῆς
361 1003 670 1074 ὁμολογίας.
704 1003 777 1056 Οῦ
812 1005 921 1074 γὰρ
949 1003 1146 1075 ἔχομεν
1181 1005 1442 1076 ἀρχιερέα
1479 1007 1552 1078 μὴ
1591 1005 1819 1076 δυνάμε-

231 1110 322 1147 νον
352 1092 707 1162 συμπαθῆσαι
733 1095 852 1155 ταῖς
879 1092 1186 1157 ἀσθενείαις
1208 1094 1386 1165 ήμῶν,
1416 1095 1818 1166 πεπειραμένον

232 1185 290 1240 δὲ
325 1184 465 1238 κατά
494 1182 670 1236 πάντα
705 1183 827 1237 καθ’
848 1185 1162 1256 ὁμοιότητα,
1198 1187 1367 1257 χωρὶς
1397 1187 1692 1258 ἁμαρτίας.
1716 1205 1734 1239 ι
1753 1187 1819 1240 Ἢ

233 1278 336 1347 τῆς
368 1276 536 1346 ὀρθῆς
563 1274 800 1338 πίστεως
831 1275 1091 1346 ὁμολογία
1136 1277 1435 1349 πράττεται
1480 1278 1617 1349 πρὸς
1663 1277 1820 1349 ήμῶν

234 1369 316 1432 εἰς
342 1368 438 1422 ἕνα
467 1366 598 1420 Θεὸν
622 1365 843 1438 Πατέρα
871 1368 1289 1440 παντοκράτορα
1309 1411 1324 1436 ,
1352 1370 1448 1422 καὶ
1479 1371 1556 1434 είς
1583 1370 1679 1424 ἕνα
1704 1369 1821 1424 Κύ-

237 1475 355 1528 ριον
390 1454 600 1526 Ἰησοῦν
653 1457 892 1528 Χριστὸν
937 1458 1030 1511 τὸν
1081 1457 1208 1511 Υίδν
1258 1458 1466 1526 αὑτοῦ,
1517 1461 1612 1514 καὶ
1651 1461 1731 1525 είς
1764 1460 1822 1513 ἓν

237 1549 392 1616 ἅγιον
421 1546 667 1618 Πνεῦμα.
689 1547 907 1619 Ταύτης
934 1550 1082 1620 ἡμᾶς
1107 1551 1207 1620 τῆς
1228 1551 1518 1620 ὁμολογίας
1541 1550 1823 1622 ὲξέχεσθαι

235 1641 347 1693 δεῖν
389 1640 418 1692 6
465 1639 752 1702 θεσπέσιος
785 1641 988 1710 γράφει
1031 1640 1264 1704 Παῦλος.
1300 1641 1518 1713 Ἐπειδὴ
1565 1642 1623 1695 δέ
1677 1644 1824 1697 ἐστιν

236 1731 685 1802 ὁμολογουμένως
709 1729 788 1798 εἷς
819 1733 945 1798 Υἱὸς
972 1731 1066 1786 τοῦ
1101 1733 1238 1787 Θεοῦ
1271 1734 1366 1786 καὶ
1395 1734 1630 1805 Πατρδς,
1664 1733 1825 1807 δῆλον

238 1823 298 1876 δὲ
346 1825 426 1878 ὃτι
478 1825 716 1895 Χριστὸς
750 1824 989 1895 Ἰησοῦς,
1039 1825 1070 1878 6
1128 1826 1484 1896 συμπαθῆσαι
1530 1825 1825 1896 δυνάμενος

239 1918 358 1978 ταῖς
405 1916 710 1980 ἀσθενείαις
740 1917 916 1987 ἡμῶν,
945 1918 1039 1972 καὶ
1067 1920 1208 1973 κατά
1265 1919 1445 1974 πάντα
1493 1921 1828 1993 πεπειραμέ-

239 2023 330 2070 νος
377 2006 500 2060 καθ’
540 2007 854 2076 ὁμοιότητα,
904 2011 1075 2081 χωρίς
1121 2011 1430 2083 ἁμαρτίαςο
1488 2013 1575 2076 τίς
1624 2013 1691 2067 ἂν
1737 2015 1826 2086 ετη

241 2099 428 2152 λοιπὸν
460 2102 488 2153 6
521 2100 696 2170 μέγας
729 2101 888 2172 ἡμῶν
923 2103 1250 2174 ἀρχιερεύς;
1284 2100 1373 2176 ἆρ’
1397 2104 1495 2175 οὐχ
1528 2107 1556 2160 6
1585 2105 1826 2174 γεγονὼς

244 2190 367 2244 καθ’
387 2167 557 2261 ἡμᾶς,
583 2167 884 2258 οὗτοςξκαὶ
906 2167 1070 2264 σαρκὶ
1090 2167 1287 2246 παθῶν
1312 2167 1673 2266 ῦπὲρυήμῶν,
1695 2167 1829 2250 Τότε
1858 2167 1902 2223 Β

243 2277 352 2349 γὰρ
378 2279 535 2350 ήμῶν
558 2280 967 2352 κεχρημάτικεν
987 2282 1299 2352 ἀρχιερεὺς,
1325 2283 1423 2353 οὐχ
1445 2283 1520 2346 ὡς
1544 2284 1831 2354 ἀλλογενὲς

244 2371 450 2425 ὀθνεῖόν
484 2388 544 2423 τε
589 2373 883 2441 προσάγων
911 2371 1061 2443 θῦμα
1095 2372 1236 2426 κατά
1279 2389 1343 2441 γε
1391 2373 1453 2426 16
1483 2375 1672 2440 είωθὸς
1719 2379 1835 2442 τοῖς

247 2461 452 2525 ἄλλοις,
479 2460 594 2514 ἀλλ’
619 2460 694 2514 ὣν
723 2462 886 2526 αὐτὸς
911 2465 938 2516 ὀ
968 2465 1158 2534 ἀμνὸς,
1195 2465 1229 2534 ή
1260 2466 1600 2539 εὐοσμοτάτη
1647 2468 1829 2536 θυσία,

245 2554 310 2606 16
355 2553 545 2620 νοητὸν
569 2553 947 2625 ὀλοκαύτωμα,
979 2558 1012 2626 ή
1047 2555 1340 2630 λαλιστάτη
1379 2559 1618 2631 τρυγὼν,
1645 2563 1678 2633 ή
1707 2562 1835 2616 ἀκέ-

252 2661 407 2715 ραιος
453 2645 775 2715 περιστερὰ,
807 2647 834 2698 6
870 2646 1034 2718 ἄρτος
1063 2648 1091 2700 6
1124 2647 1252 2712 ζῶν,
1281 2649 1342 2701 16
1371 2654 1607 2720 χρυσοῦν
1633 2651 1835 2722 θυμια-

249 2737 745 2809 τήριον.‹Χριστοῦ
773 2737 881 2809 γάρ
911 2740 1076 2809 ἐσμεν
1102 2739 1297 2793 εὐωδία
1321 2739 1398 2812 τῷ
1415 2741 1585 2813 Θεῷ,›
1611 2745 1751 2798 κατὰ
1774 2744 1836 2798 16

255 2827 664 2897 γεγραμμένον.
690 2828 882 2899 Ἀθρει
903 2829 959 2882 δέ
988 2848 1077 2901 μοι
1098 2831 1205 2884 τῶν
1236 2832 1607 2888 ἀποστολικῶν
1621 2835 1836 2890 ἐννοιῶν

251 2917 314 2970 16
344 2917 524 2988 βάθος.
553 2938 571 2970 ι
603 2919 718 2972 Οὐκ
743 2919 960 2990 ἔχομεν,
989 2924 1176 2996 φησιν,
1208 2927 1472 2999 ἀρχιερέα
1497 2927 1572 2999 μὴ
1600 2928 1836 3000 δυνάμει

251 3027 346 3064 νον
371 3027 433 3062 συ
443 3011 727 3082 μπαθῆσαι
749 3015 869 3076 ταῖς
896 3014 1203 3080 ἀσθενείαις
1229 3017 1409 3089 ήμῶν,
1433 3022 1838 3092 πεπειραμένον

252 3100 313 3153 δὲ
343 3101 483 3155 κατά
519 3101 697 3157 πάντα
732 3103 854 3157 καθ’
885 3105 1202 3177 ὁμοιότητα,
1230 3109 1401 3180 χωρὶς
1425 3109 1751 3181 ἁμαρτίας.)
1772 3113 1837 3166 Εἰ

254 3193 367 3264 γὰρ
403 3196 568 3265 μήπω
599 3195 811 3264 γέγονε,
842 3196 1030 3268 φησὶν,
1071 3198 1360 3270 ἄνθρωπος
1387 3200 1416 3254 6
1444 3200 1540 3255 τοῦ
1569 3201 1703 3257 Θεοῦ
1732 3204 1839 3258 Λό-

256 3301 374 3354 γος,
405 3285 519 3357 ᾔδει
547 3287 668 3358 μὲν,
700 3288 816 3359 ᾔδει
844 3288 940 3341 καὶ
970 3288 1116 3346 οὕτω
1157 3290 1255 3364 τήν
1292 3293 1644 3368 ἀνθρωπίνην
1672 3297 1839 3352 ἀσθέ-

257 3393 408 3430 νειαν
444 3376 519 3441 ὡς
546 3377 891 3448 Δημιουργός
914 3393 929 3410 ⁸
967 3397 986 3430 ι
1015 3379 1186 3444 Αὐτὸς
1219 3380 1327 3451 γὰρ
1353 3381 1494 3451 ἔγνω
1525 3382 1586 3436 16
1614 3383 1840 3455 πλάσμα

257 3467 438 3538 ἡμῶν,
470 3485 488 3520 t
530 3469 671 3522 κατά
715 3469 774 3523 16
807 3469 1215 3541 γεγραμμένον.
1249 3473 1390 3526 Ἀλλ’
1413 3473 1574 3547 εἰπερ
1627 3493 1680 3532 τι
1728 3475 1836 3532 τῶν

259 3559 614 3630 ἀνθρωπίνων
645 3560 740 3614 καὶ
786 3561 872 3614 ἐπ’
902 3559 1068 3614 αὐτοῦ
1118 3561 1285 3634 φάναι
1335 3562 1515 3634 θέμις,
1548 3564 1701 3625 οὔπω
1743 3569 1837 3626 καὶ

259 3651 341 3713 εἰς
366 3647 534 3718 αὑτήν
561 3647 822 3718 ἐκέκλητο
850 3651 1048 3718 πεῖραν
1072 3647 1180 3702 τῶν
1205 3649 1492 3723 ἡμετέρων
1518 3649 1834 3710 ἀσθενειῶν.

272 3734 492 3805 Ἐπειδὴ
534 3734 591 3787 δὲ
623 3735 722 3807 τὴν
750 3735 905 3806 ήμῶν
931 3736 1250 3808 ἠμπέσχετο
1282 3737 1482 3809 σάρκα,
1512 3742 1838 3813 πεπείραται

261 3825 407 3880 κατά
437 3825 636 3880 πάντα.
657 3826 768 3880 Καὶ
795 3828 854 3881 οὐ
882 3829 1055 3900 δήπου
1085 3829 1264 3901 φαμὲν
1284 3829 1359 3895 ὡς
1388 3830 1694 3902 ἠγνοηκὼς,
1714 3834 1841 3889 ἀλλ’

261 3919 344 3972 ὅτι
384 3921 451 3990 τῇ
484 3917 681 3987 γνώσει
710 3921 776 3991 τῇ
804 3919 1000 3993 θεῖκῇν
1036 3924 1480 3998 προῦποκειμένῃ
1512 3925 1604 3979 καὶ
1654 3925 1716 3980 16
1753 3926 1844 3983 διὰ

263 4006 460 4077 πείρας
509 4009 680 4078 αὐτῆς
728 4009 927 4080 συνέϐη
967 4011 1179 4080 μαθεῖν.
1206 4012 1402 4082 Γέγονε
1449 4014 1506 4067 δὲ
1553 4016 1842 4089 συμπαθὴς

262 4099 365 4152 οὐκ
390 4100 498 4152 ἀπό
523 4116 588 4168 γε
613 4100 710 4154 τοῦ
742 4101 1114 4174 πεπειρᾶσθαί
1146 4103 1308 4158 ποθεν
1333 4121 1346 4135 ο
1377 4101 1445 4176 ἦν
1468 4105 1576 4177 γὰρ
1598 4105 1844 4177 ἐλεήμων

266 4189 448 4260 φύσει,
481 4191 576 4244 καὶ
601 4191 770 4256 ἔστιν,
799 4193 874 4257 ὡς
902 4192 1036 4258 Θεός
1057 4209 1074 4227 ο
1104 4193 1292 4265 ἐπειδὴ
1316 4194 1372 4248 δὲ
1413 4195 1552 4266 μετὰ
1584 4195 1674 4248 τοῦ
1704 4193 1844 4252 εἶναι
1870 4237 1887 4267 ,

263 4284 293 4336 ὃ
331 4283 466 4347 ἐστι,
499 4281 691 4350 γέγονε
737 4283 831 4335 καὶ
878 4283 1002 4338 καθ’
1033 4286 1199 4355 ἡμᾶς,
1236 4286 1717 4358 ἀνθρωποπρεπῶς
1753 4286 1847 4341 καὶ

263 4371 439 4427 ταῦτα
491 4372 709 4441 λέγεται
759 4375 888 4446 περὶ
934 4375 1119 4431 αὐτοῦ.
1149 4376 1410 4448 Διαϐῆναι
1452 4375 1512 4428 δέ
1545 4393 1678 4446 φησι
1721 4377 1847 4440 τοὺς

264 4466 525 4538 οὐρανοὺς
554 4465 717 4518 αὑτὸν
756 4467 1083 4538 σωματικῶς
1126 4485 1185 4521 τε
1233 4468 1349 4539 ἅμα
1381 4468 1475 4521 καί
1507 4467 1844 4538 θεοπρεπῶς.

273 4577 292 4609 ι
318 4558 506 4628 Ἀνέϐη
536 4559 633 4629 μὲν
667 4559 795 4630 γὰρ,
828 4560 904 4623 ὡς
938 4561 1104 4625 αὐτός
1144 4560 1246 4614 πού
1279 4577 1441 4632 φησιν
1479 4560 1506 4612 6
1541 4557 1848 4632 σοφώτατος

270 4649 503 4715 Παῦλος,
533 4651 628 4705 νῦν
671 4653 1074 4724 ἐμφανισθῆναι
1119 4652 1198 4724 τῷ
1249 4653 1526 4725 προσώπῳ
1573 4652 1666 4707 τοῦ
1713 4653 1848 4710 Θεοῦ

269 4745 408 4817 ὑπὲρ
439 4745 615 4816 ήμῶν.
649 4763 667 4796 ι
698 4744 870 4797 Δίεισί
902 4761 966 4810 γε
1009 4745 1115 4815 μὴν
1146 4746 1240 4799 καὶ
1281 4746 1403 4798 καθ’
1434 4745 1621 4816 ἕτερον
1648 4745 1850 4818 τρόπον

1919 1007 2337 1062 confessionem.
2377 1006 2494 1061 Non
2545 1007 2690 1061 enim
2733 1006 2995 1060 habemus
3039 1003 3372 1075 pontificem,
3407 1002 3500 1072 qui

1920 1111 2024 1152 non
2071 1099 2243 1167 possit
2289 1097 2529 1168 eompati
2578 1096 2988 1152 infirmitatibus
3033 1095 3290 1150 nostris:
3325 1103 3502 1148 tenta-

1923 1195 2036 1242 tum
2094 1197 2274 1244 autem
2319 1203 2418 1260 per
2481 1189 2669 1245 omnia
2731 1187 3029 1244 secundum
3091 1185 3502 1241 similitudinem

1921 1279 2127 1350 absque
2159 1288 2388 1350 peccato
2414 1279 2483 1334 ⁷³.
2517 1297 2536 1332 ›
2572 1279 2658 1335 Fit
2688 1294 2716 1333 a
2747 1279 2906 1334 nobis
2939 1287 3106 1333 recta;
3135 1277 3258 1332 fidei
3291 1274 3506 1330 confes-

1923 1368 2027 1434 sio,
2064 1384 2258 1440 nempe
2306 1378 2368 1424 ut
2415 1371 2706 1426 credamus
2755 1369 2807 1424 in
2858 1383 3025 1422 unum
3071 1367 3237 1421 Deum
3284 1365 3503 1423 Patrem

1922 1448 2370 1529 omnipotentem,
2415 1471 2470 1515 et
2504 1461 2558 1514 in
2599 1476 2764 1514 unum
2794 1459 3080 1514 Dominum
3114 1454 3301 1512 Jesum
3345 1454 3505 1509 Chri-

1925 1563 2069 1609 stum
2107 1552 2302 1607 Filium
2335 1553 2480 1622 ejus,
2522 1561 2576 1606 et
2613 1552 2666 1604 in
2719 1566 2884 1604 unum
2920 1549 3184 1618 Spiritum
3233 1555 3503 1601 sanctum.

1925 1644 2100 1715 Hujus
2133 1654 2313 1698 autem
2363 1642 2485 1697 tidei
2536 1641 2870 1696 confessioni
2905 1639 3172 1694 inhaerere
3215 1652 3315 1692 nos
3341 1650 3506 1707 opor-

1928 1745 2045 1795 tere
2081 1735 2296 1790 divinus
2322 1733 2522 1789 Paulus
2563 1733 2843 1787 admonet.
2889 1729 3155 1797 Quoniam
3187 1743 3320 1784 vero
3354 1736 3510 1783 certo

1927 1834 2145 1882 constat
2222 1841 2390 1880 unum
2437 1825 2702 1879 duntaxat
2748 1838 2868 1879 esse
2916 1821 3009 1876 Dei
3056 1819 3236 1876 Patris
3285 1820 3510 1886 Filium,

1928 1933 2123 1988 nempe
2163 1901 2443 1974 Christum
2479 1916 2690 1982 Jesum,
2723 1918 2816 1986 qui
2849 1927 2905 1970 et
2938 1915 3142 1970 nostris
3175 1911 3512 1970 infirmitati-

1928 2009 2031 2066 bus
2060 2010 2299 2080 compati
2333 2017 2538 2078 potest,
2571 2017 2626 2063 et
2659 2022 2757 2078 per
2783 2007 2964 2062 omnia
2999 2006 3295 2063 secundum
3330 2003 3515 2058 simili-

1931 2103 2172 2160 tudinem
2201 2101 2403 2172 absque
2432 2109 2656 2173 peccato
2691 2109 2934 2155 tentatus
2975 2109 3092 2165 est;
3123 2098 3246 2168 quis
3294 2097 3512 2153 tandem

1934 2209 2160 2264 magnus
2202 2193 2292 2249 ille
2326 2193 2565 2263 pontifex
2634 2200 2818 2246 noster
2862 2190 2982 2246 est?
3027 2193 3219 2244 Annon
3263 2195 3348 2243 est
3405 2187 3514 2252 hic,

1933 2283 2026 2352 qui
2069 2283 2211 2338 sicut
2242 2292 2296 2338 et
2328 2297 2428 2338 nos
2460 2297 2588 2338 vere
2624 2283 2796 2337 factus
2845 2290 2952 2346 est,
2994 2289 3048 2335 et
3091 2281 3143 2335 iu
3185 2293 3351 2334 carne
3379 2294 3506 2348 pro-

1933 2383 2056 2445 pter
2086 2389 2185 2430 nos
2213 2375 2377 2429 etiam
2412 2373 2648 2443 passus?
2681 2372 2832 2429 Tunc
2861 2373 3005 2427 enim
3037 2371 3310 2443 pontificis
3342 2369 3513 2427 nostri

1937 2463 2148 2520 titulum
2191 2465 2538 2534 assumpsit:
2571 2479 2676 2519 non
2723 2464 2797 2519 ita
2838 2473 3038 2528 tamen,
3069 2473 3128 2518 ut
3155 2463 3382 2518 aliorum
3426 2477 3518 2518 sa-

1935 2553 2213 2612 cerdotum
2251 2567 2421 2619 more,
2478 2562 2788 2620 externum,
2824 2554 2925 2609 hoc
2963 2561 3068 2619 est,
3115 2567 3145 2606 a
3189 2567 3248 2608 se
3282 2552 3517 2609 alienum

1937 2646 2265 2703 sacriﬁcium
2317 2645 2578 2701 obtulerit
2621 2647 2764 2702 :sed
2823 2647 2938 2717 ipse
2973 2645 3076 2702 fuit
3139 2660 3343 2715 agnus,-
3404 2644 3522 2716 ipse

1939 2737 2374 2808 fragrantissima
2418 2736 2509 2792 illa
2545 2737 2723 2792 hostia
2757 2748 2812 2792 et
2846 2738 3094 2809 spiritale
3117 2738 3517 2802 holocautoma,

1937 2839 1990 2886 et
2014 2830 2130 2900 ipse
2154 2837 2334 2884 turtur
2361 2829 2449 2884 ille
2477 2829 2873 2899 gemebundus,
2903 2839 2958 2886 et
2978 2829 3210 2901 simplex
3234 2830 3517 2896 columba;

1940 2921 2056 2992 ipse
2101 2921 2258 2992 panis
2304 2921 2480 2986 vivus,
2521 2929 2578 2976 et
2615 2921 2946 2976 thuribulum
2986 2937 3231 2978 aureum.
3269 2940 3288 2976 ι
3316 2921 3520 2978 Christi

1939 3012 2084 3068 enim
2125 3013 2298 3068 bonus
2345 3012 2480 3067 odor
2516 3025 2707 3067 sumus
2741 3010 3026 3078 Deo‘m“,
3057 3031 3075 3065 ι
3109 3021 3168 3066 ut
3208 3012 3378 3067 sacris
3409 3011 3526 3069 Lit-

1940 3106 2074 3161 teris
2126 3104 2399 3175 proditum
2449 3112 2555 3160 est.
2639 3103 2813 3161 Porro
2875 3104 3189 3175 apostolica:
3242 3105 3526 3160 sententiae

1940 3194 2361 3270 profunditatem
2394 3195 2486 3251 hic
2525 3196 2816 3267 diligenter
2851 3197 3102 3253 observa.
3151 3215 3171 3249 ι
3205 3194 3319 3253 Νοιι
3357 3196 3527 3253 habe-

1943 3304 2104 3353 tnus,
2155 3287 2368 3358 inquit,
2414 3287 2726 3358 pontificem
2783 3288 2874 3358 qui
2917 3302 3025 3342 non
3071 3289 3246 3359 possit
3291 3288 3525 3357 compati

1941 3381 2348 3440 infirmitatibus
2394 3379 2619 3444 neatris,
2659 3388 2926 3437 tentatum
2969 3388 3148 3434 autem
3205 3393 3304 3450 per
3345 3381 3527 3435 omnia

1942 3473 2241 3532 secundum
2296 3471 2708 3528 similitudinem
2761 3469 2967 3540 absque
3023 3479 3268 3541 peccato.
3305 3489 3324 3523 ι
3362 3470 3524 3544 159

1942 3560 2270 3630 Antequam,
2313 3556 2408 3622 ait,
2461 3556 2552 3612 Dei
2605 3553 2842 3610 Verbum
2895 3555 3058 3615 homo
3105 3554 3308 3613 factum
3356 3565 3524 3619 esset.

1949 3647 2200 3704 humana:
2227 3655 2412 3702 tamen
2437 3653 2642 3701 natura:
2667 3643 3034 3702 infirmitatem
3062 3653 3312 3714 tanquam
3344 3661 3524 3700 rerum

1947 3738 2210 3794 Conditor
2255 3747 2448 3792 exacte
2493 3735 2828 3806 exploratam
2873 3736 3127 3795 habebat.
3163 3754 3182 3788 ι
3215 3737 3330 3807 Ipse
3359 3739 3527 3806 enim,

1949 3839 2009 3887 ut
2042 3830 2306 3900 scriptum
2340 3839 2443 3895 est,
2483 3829 2801 3900 figmentum
2842 3837 3084 3882 nostrum
3127 3829 3470 3899 cognovit".
3503 3849 3522 3886 ι

1950 3922 2304 3981 Verumenim
2341 3936 2490 3988 vero,
2557 3931 2617 3975 ut
2651 3921 2886 3979 maxime
2933 3930 3138 3990 nosset,
3179 3922 3414 3977 nondum
3446 3933 3530 3977 ta.

1951 4031 2074 4070 mcn
2126 4016 2208 4084 (ut
2261 4013 2462 4083 aliquid
2524 4014 2744 4070 interim
2803 4013 3100 4068 humanum
3147 4015 3306 4073 nobis
3355 4014 3422 4070 de
3465 4031 3529 4072 eo

1950 4108 2275 4178 depromere
2310 4104 2512 4175 liceat),
2547 4106 2809 4174 nondum,
2850 4107 3094 4180 inquam,
3133 4118 3350 4164 nostros
3381 4123 3532 4164 mor-

1951 4198 2054 4254 bos
2107 4197 2442 4270 experientia
2487 4209 2949 4268 cognoverat:at
2993 4216 3124 4257 vero
3177 4208 3531 4272 posteaquam

1953 4304 2175 4348 carnem
2213 4298 2453 4344 nostram
2488 4290 2682 4356 induit,
2711 4291 2894 4348 omnia
2929 4303 3188 4364 expertus
3218 4303 3321 4350 est.
3347 4293 3534 4364 Neque

1959 4391 2137 4436 tamen
2189 4379 2422 4436 dicimus
2486 4392 2645 4437 antea
2696 4386 2993 4455 quidquam
3068 4386 3292 4442 omnino
3342 4402 3532 4444 eorum

1955 4471 2197 4530 omnium
2235 4471 2537 4543 ignorasse,
2566 4474 2660 4531 sed
2698 4475 2946 4533 scicntia:
2983 4477 3179 4534 divina:
3211 4494 3370 4548 quam
3396 4479 3536 4532 obti-

1959 4565 2142 4628 nebat,
2169 4579 2290 4620 eatn
2320 4579 2535 4635 quoque
2569 4566 2840 4635 notitiam,
2877 4583 3037 4637 quam
3067 4567 3220 4625 aﬂ'ert
3247 4569 3535 4639 experien-

1959 4655 2056 4722 tia,
2111 4660 2436 4711 accessisse.
2508 4656 2693 4726 Itaque
2745 4657 2838 4714 Dei
2899 4657 3138 4713 Verbum
3187 4657 3389 4711 factum
3453 4666 3539 4712 cst

1959 4749 2335 4818 compatiens,
2396 4763 2500 4801 non
2540 4748 2682 4818 quod
2733 4761 2852 4805 eam
2901 4746 3262 4817 sympathiam
3311 4762 3375 4800 ex
3424 4747 3536 4816 ipsa

267 4837 395 4899 τοὺς
443 4837 724 4907 οὐρανοὺς,
773 4834 1103 4906 ἡττωμένων
1168 4834 1409 4904 δηλονότι
1465 4836 1560 4889 καὶ
1623 4837 1837 4890 κατόπιι

1959 4844 2175 4898 demum
2212 4840 2512 4895 tentatione
2537 4839 2620 4894 vel
2646 4839 2983 4908 experientia
3010 4839 3367 4908 assumpserit
3397 4843 3539 4909 (erat

272 4927 460 4981 ἰόντων
505 4927 606 4996 τῆς
661 4925 820 4996 δόξης
875 4924 1043 4978 αὐτοῦ
1093 4924 1202 4976 τῶν
1250 4925 1537 4998 μακαρίων
1582 4927 1848 4995 ἀγγέλων.

272 5021 433 5073 Ἔστι
471 5020 602 5089 γὰρ,
640 5037 658 5071 t
696 5019 845 5072 ἔστιν
875 5018 950 5082 ὡς
995 5017 1127 5082 Θεὸς
1153 5017 1410 5088 ὑπεράνω,
1441 5017 1622 5088 πάσης
1653 5017 1854 5091 Ἀρχῆς

272 5114 367 5168 καὶ
401 5111 677 5177 Ἐξουσίας
702 5129 763 5166 τε
793 5111 888 5166 καὶ
911 5109 1268 5181 κυριότητος,
1300 5109 1394 5164 καὶ
1423 5108 1622 5172 παντὸς
1651 5109 1854 5180 ὀνόμα-

270 5224 360 5270 τος
387 5205 813 5278 ὀνομαζομένου,
845 5204 954 5257 εἴτε
990 5203 1048 5258 ὲν
1091 5202 1170 5272 τῷ
1217 5204 1370 5256 αἰῶνι
1412 5199 1608 5278 τούτῳ,
1651 5201 1759 5253 εἴτε
1793 5201 1852 5256 ἐν

275 5299 350 5369 τῷ
388 5297 650 5368 μέλλοντι.
683 5315 702 5348 ι
753 5295 1069 5369 Συνεδρεύει
1102 5295 1211 5366 γὰρ
1239 5294 1314 5358 ὡς
1344 5293 1472 5356 Υἱὸς
1495 5292 1572 5364 τῷ
1597 5291 1712 5366 ἰδίῳ
1737 5293 1848 5344 Πα-

342 5447 392 5484 ⁷⁸
425 5449 587 5506 Hebr.
617 5465 690 5517 tv,
730 5451 816 5517 14,
848 5449 930 5507 l5.

1959 4931 2104 4988 enim
2132 4930 2245 5002 jam
2295 4939 2423 4984 ante
2452 4939 2506 4984 et
2554 4938 2638 4986 est
2673 4939 2864 4999 suapte
2896 4938 3087 4986 natura
3133 4929 3445 4986 misericors
3482 4941 3540 4984 ut

1959 5021 2150 5090 Deus),
2186 5022 2280 5077 sed
2323 5021 2448 5092 quia
2483 5031 2832 5091 posteaquam
2873 5023 2974 5075 hoc
3002 5021 3176 5088 ipsum
3209 5023 3351 5091 quod
3393 5031 3534 5089 erat,

1960 5121 2277 5169 constanter
2310 5127 2557 5176 manens,
2601 5111 2801 5166 factum
2832 5122 2918 5168 est
2961 5113 3126 5167 etiam
3166 5112 3331 5171 homo
3363 5113 3533 5169 nostri

1960 5202 2178 5268 similis,
2218 5217 2282 5257 ea
2328 5213 2453 5274 apte
2498 5204 2666 5260 etiam
2702 5203 2770 5259 de
2803 5202 2893 5256 illo
2936 5201 3277 5258 aliirmantur
3323 5220 3442 5273 qua:
3483 5204 3534 5257 in

1962 5301 2212 5350 naturam
2255 5295 2544 5354 humanam
2577 5296 2926 5352 conveniunt.
2968 5295 3178 5353 Dicitur
3203 5311 3331 5353 vero
3367 5297 3536 5356 cados

1006 5447 1202 5504 ⁷⁸³⁵11
1231 5449 1354 5504 Cor.
1389 5464 1449 5511 ιι,
1475 5447 1560 5502 15.
1637 5447 1684 5480 ⁷⁵
1723 5445 1867 5503 Psal.
1898 5463 1993 5514 cu,
2029 5448 2114 5506 M.

1384 5605 1557 5663 Varia:
1589 5605 1855 5665 lectiones
1885 5605 2093 5661 codicns
2129 5605 2487 5679 Seguieriani.
2531 5585 2545 5598 ”

361 5757 383 5784 τ
413 5747 728 5813 θεοπρεπεῖ.

592 5841 846 5904 Parnm.
917 5840 1031 5902 Gn.
1097 5839 1245 5901 LXX
1257 5839 1350 5902 VI.

3077 5847 3220 5940 at
