3952 6200
421 328 443 382 Ι
456 327 551 383 387

1412 325 1468 382 S.
1513 322 1795 382 CYRILI]
1834 321 2305 380 ALEXANDRINI
2345 319 2657 379 ARCHIEP.

3545 318 3695 377 {588

420 452 736 514 penetrasse
774 449 831 498 et
881 439 1240 512 corporaliter
1280 439 1440 495 simul
1479 449 1535 493 et
1576 439 1832 494 decenter
1863 432 1992 492 Deo.

2113 437 2215 508 τρὶ,
2249 438 2342 491 καὶ
2373 438 2420 490 εί
2451 436 2638 506 γέγονε
2671 433 2794 488 καθ’
2825 435 2974 505 ἡμᾶς
2997 432 3375 502 οἰκονομικῶς,

416 531 552 584 Nam
587 541 647 586 ut
664 532 1108 604 sapientissimus
1130 529 1325 585 Paulus
1353 538 1554 592 monet,
1594 547 1612 580 ‹
1642 528 1923 592 Ascendit,
1957 532 2016 580 ut
2049 537 2304 599 appareat
2371 544 2513 584 nunc
2533 528 2700 582 vultui
2730 527 2822 581 Dei
2865 542 2961 596 pro
2987 526 3143 580 nobis
3164 526 3233 578 ⁷⁷.
3268 544 3288 578 ι
3327 524 3467 592 Quin
3492 534 3549 580 et
3577 525 3692 578 alio

418 639 632 695 quoque
678 640 841 681 sensu
901 625 1069 681 caelos
1120 623 1518 680 transcendisse
1562 623 1796 689 dicitur,
1847 623 1989 690 quod
2027 623 2309 678 beatorum
2354 623 2670 690 angelorum
2741 623 2969 691 gloriam
3022 619 3182 690 longo
3215 631 3341 688 post
3407 636 3466 676 se
3508 621 3691 675 inter-

418 719 560 774 vallo
601 719 885 790 reliquisse
919 729 1069 774 certo
1117 719 1470 789 dignoscatur
1505 736 1517 772 :
1551 716 1986 786 quandoquidem
2027 726 2088 771 ut
2125 717 2267 773 Deus
2299 737 2318 769 ι
2349 718 2524 788 Super
2546 733 2762 773 omnem
2796 726 2877 776 est
2909 716 3283 786 Principatum
3353 725 3409 770 et
3433 715 3693 772 Potesta-

420 822 528 867 tem
561 821 616 866 et
645 811 1100 874 Dominationem.
1127 821 1181 866 et
1213 825 1376 866 omne
1443 824 1640 864 nomen
1681 809 1825 878 quod
1868 809 2177 865 nominatur
2245 827 2349 866 non
2395 811 2568 866 solum
2609 813 2663 866 in
2713 811 2818 866 ltoe
2887 807 3107 874 saeculo,
3156 807 3250 862 sed
3295 806 3460 860 etiam
3505 806 3558 860 in
3594 803 3693 860 fu-

418 904 626 960 turo".
660 923 678 957 ι
741 903 872 957 Nam
920 913 978 957 ut
1018 902 1186 958 Filius
1223 913 1471 958 eamdem
1526 917 1649 958 cum
1693 901 1856 958 Patre
1900 917 1998 959 suo
2036 904 2266 975 gleriam
2321 913 2376 960 et
2443 913 2767 972 potestatem
2844 903 3074 966 obtinet,
3121 901 3337 956 etiamsi
3403 901 3696 971 dispensa-

420 998 558 1053 torie
590 997 761 1051 nostri
794 997 985 1052 similis
1016 996 1195 1052 lactus
1229 997 1320 1051 sit.

486 1085 778 1141 XXXVIII.
825 1105 844 1138 ι
875 1085 985 1142 Nec
1021 1087 1309 1156 quisquam
1359 1087 1523 1141 sumit
1551 1085 1666 1168 .sibi
1709 1087 1996 1154 honorent,‘

417 1181 513 1235 sed
562 1180 653 1249 qui
712 1189 940 1234 vocatur
993 1194 1020 1231 a
1064 1177 1196 1245 Deo,
1252 1186 1506 1247 tanquam
1557 1180 1761 1234 Aaron.
1811 1178 1900 1232 Sic
1944 1183 1999 1232 et

419 1271 670 1326 Christus
716 1285 819 1324 non
871 1269 1194 1324 clariﬁcavit
1237 1271 1588 1339 semetipsum
1644 1278 1702 1322 ut
1752 1267 1996 1338 pontifex

419 1363 595 1428 iteret,
629 1361 728 1417 sed
763 1361 853 1432 qui
888 1361 1102 1416 locutus
1132 1369 1217 1416 est
1258 1359 1324 1416 ad
1353 1375 1474 1416 eum
1507 1378 1520 1415 :
1551 1359 1722 1415 Filius
1754 1375 1908 1414 meus
1939 1373 1998 1414 es

421 1463 498 1519 tu,
548 1467 647 1522 ego
686 1452 847 1507 hodie
876 1451 1037 1521 genui
1081 1460 1134 1504 te
1153 1451 1222 1505 ⁷³.
1255 1468 1274 1503 ι
1320 1451 1692 1520 ριιί,εθὶρειιιη
1743 1449 1887 1505 ultro
1929 1447 1996 1503 ad

419 1543 841 1600 exinanitionem
882 1542 1195 1609 demiserat,
1243 1543 1290 1596 is
1326 1552 1607 1610 paternam
1655 1522 1995 1595 vocationem

419 1635 488 1690 ad
537 1635 789 1688 usitatam
846 1633 1201 1702 apprimeque
1244 1633 1659 1686 convenientem
1707 1629 1996 1685 sacerdotii

419 1726 756 1782 functionem
783 1725 1070 1781 ducentem
1109 1725 1426 1796 opperitur;
1461 1724 1875 1780 convenientem
1906 1740 2001 1777 au-
2032 1758 2073 1812 Β

419 1830 531 1874 tem
577 1833 686 1875 non
714 1832 831 1874 sua:
865 1818 1037 1887 ipsius
1082 1827 1313 1884 naturae,
1365 1817 1458 1872 sed
1507 1825 1727 1884 nostrzr,
1781 1817 1883 1871 hoc
1917 1824 2001 1870 est

422 1910 697 1975 humanae,
735 1925 896 1981 quam
955 1910 1045 1965 ubi
1083 1911 1347 1977 integram
1396 1910 1712 1977 assumpsit,
1761 1923 1882 1978 quae
1925 1907 1998 1962 illi

421 2003 750 2057 conveniunt
782 2000 1044 2071 suscepit,
1067 2000 1275 2055 nullum
1314 2001 1531 2055 interim
1562 2001 1860 2057 secundum
1899 2015 2000 2053 na-

423 2103 600 2148 turam
645 2092 920 2163 propriam
969 2091 1353 2148 detrimentum
1390 2093 1682 2163 accipiens,
1744 2093 1840 2147 sed
1887 2092 2000 2146 dis-

349 2213 352 2220 ·
419 2183 740 2256 pensatione
773 2185 1070 2240 secundum
1093 2198 1313 2239 carnem
1333 2184 1467 2238 scite
1507 2183 2004 2250 convenienterque

423 2289 601 2332 utens.
649 2276 724 2332 Ut
777 2275 832 2331 id
885 2276 1028 2330 enim
1073 2275 1215 2345 quod
1267 2282 1406 2341 erat,
1459 2274 1561 2329 hoc
1612 2283 1696 2329 est
1744 2269 2003 2328 Dominus

421 2369 718 2424 secundum
768 2375 1020 2422 naturam
1065 2367 1408 2437 permansit,
1468 2366 1684 2421 etiamsi
1746 2363 2002 2419 servilem

422 2459 654 2513 formam
710 2455 1113 2512 subiisset:ita
1170 2456 1520 2527 quantumvis
1573 2457 1890 2511 innumeros
1947 2455 2002 2509 in

422 2549 562 2606 celo
591 2549 750 2620 160
763 2549 1022 2616 haberet,
1045 2549 1136 2619 qui
1167 2551 1397 2620 hymnos
1428 2547 1743 2617 laudesque,
1770 2548 1872 2603 hoc
1896 2555 2000 2613 est,

422 2641 691 2710 spiritalia
733 2641 1125 2711 incruentaque
1172 2640 1443 2696 sacriﬁcia
1479 2639 1555 2694 illi
1589 2639 1870 2704 offerrent,
1923 2640 1999 2693 ni-

424 2732 719 2787 hilominus
744 2746 864 2801 qttze
902 2733 1153 2788 humana:
1181 2741 1390 2788 naturae
1418 2733 1749 2787 conveniunt
1792 2729 2004 2786 eidem-

423 2840 529 2896 que
572 2835 939 2881 consentanea
993 2834 1142 2893 sunt,
1172 2841 1442 2897 nusquam
1480 2841 1585 2882 non
1621 2825 1835 2896 integre
1871 2838 2006 2879 con-

424 2929 673 2981 servans,
739 2914 1035 2970 humanum
1082 2929 1298 2986 quoque
1351 2915 1720 2972 sacerdotium
1768 2929 1874 2969 non
1922 2921 2007 2968 est

426 3017 772 3078 aspernatus.
827 3004 1066 3062 Vocatus
1111 3019 1196 3063 est
1244 3007 1430 3077 itaque
1477 3017 1538 3062 ut
1583 3006 1788 3071 Aaron,
1844 3006 2003 3060 modo

2172 1088 2304 1141 AH'.
2355 1107 2372 1138 ι
2405 1087 2515 1141 Καὶ
2547 1086 2646 1158 ούχ
2685 1087 2862 1158 ἐαυτῷ
2910 1104 2992 1150 τις
3040 1084 3311 1156 λαμϐάνει
3353 1085 3452 1156 τὴν
3496 1086 3691 1156 τιμὴν.

2100 1180 2216 1234 ἀλλ’
2253 1181 2282 1233 6
2309 1180 2641 1251 καλούμενος
2669 1181 2774 1234 ύπδ
2797 1181 2890 1234 τοῦ
2916 1179 3072 1243 Θεοῦ,
3105 1179 3295 1250 ὥσπερ
3323 1179 3418 1232 καὶ
3452 1179 3692 1249 ’Δαρών.

2101 1271 2256 1325 Οὕτω
2291 1272 2385 1326 καὶ
2435 1276 2463 1327 6
2515 1273 2750 1344 Χριστὸς
2781 1273 2879 1342 ούχ
2912 1271 3103 1324 ἑαυτὸν
3144 1271 3363 1334 ὲδόξασε
3391 1258 3696 1342 γενηθῆναι

2100 1354 2390 1438 ἀρχιερεὺς
2409 1374 2457 1430 ι,
2491 1366 2607 1419 ἀλλ’
2636 1367 2664 1419 6
2712 1365 2951 1435 λαλήσας
3001 1364 3138 1436 πρὸς
3182 1363 3378 1416 αὑτὸν·
3423 1363 3550 1426 Υἱός
3585 1381 3693 1430 μου

2101 1454 2155 1510 εί
2188 1459 2274 1521 σὺ,
2301 1456 2411 1526 ἐγὼ
2442 1459 2685 1529 σήμερον
2714 1457 3024 1527 γεγέννηκά
3053 1473 3134 1510 σε.
3157 1475 3174 1508 ι
3197 1455 3253 1508 '0
3277 1454 3465 1518 καθεὶς
3495 1455 3692 1508 ἑαυτὴν

2102 1550 2182 1612 είς
2208 1548 2458 1613 κένωσιν,
2493 1549 2778 1620 περιμένει
2809 1549 3002 1620 κλῆσιν
3039 1550 3136 1617 τὴν
3162 1549 3226 1602 ὲκ
3253 1547 3467 1618 Πατρὸς
3497 1551 3692 1618 φέρου-

2105 1649 2250 1695 adv!
2297 1643 2375 1704 εἱς
2429 1641 2728 1712 ἱερωσύνην
2763 1643 2844 1694 ὅτι
2886 1641 2949 1712 δὴ
3003 1641 3236 1712 μάλιστα
3264 1641 3471 1711 συνήθη
3501 1658 3561 1694 τε
3598 1643 3698 1695 καὶ

2103 1732 2583 1804 πρεπωδεστάτην,
2609 1732 2669 1785 ού
2702 1735 2767 1803 τῇ
2805 1732 2971 1786 αὐτοῦ
3003 1731 3162 1802 φύσει
3193 1732 3414 1799 μᾶλλον,
3442 1733 3580 1786 ἀλλὰ
3629 1735 3698 1803 τῇ

2105 1823 2228 1876 καθ’
2261 1824 2428 1894 ἡμᾶς,
2458 1822 2704 1875 τουτέστι
2735 1826 2802 1893 τῇ
2835 1821 3184 1894 ἀνθρωπίνῃ·
3216 1815 3285 1892 ἧς
3314 1822 3541 1892 ἐπείπερ
3573 1823 3702 1885 ῑσος

2103 1915 2348 1984 γέγονεν,
2384 1914 2650 1984 ὑπομένει
2708 1913 2776 1966 τὰ
2821 1913 3016 1982 αὐτῆς,
3060 1913 3416 1984 ἀδικούμενος
3443 1913 3702 1968 ἐντεῦθεν

2104 2007 2164 2060 τὸ
2204 2006 2424 2077 σύμπαν
2453 2007 2628 2069 οὐδὲν,
2671 2007 2940 2076 εὐτέχνως
2972 2004 3028 2058 δὲ
3063 2005 3262 2075 μᾶλλον
3290 2008 3354 2076 τῇ
3391 2005 3534 2076 μετὰ
3558 2022 3700 2077 capo

2106 2097 2199 2159 κὸς
2218 2097 2500 2168 οἰκονομίᾳ
2525 2096 3050 2169 χρώμενος.Ὤσπερ
3070 2095 3179 2166 γὰρ
3204 2094 3298 2149 καὶ
3323 2095 3385 2147 τὸ
3408 2095 3512 2167 τὴν
3535 2095 3700 2163 φύσιν

2105 2187 2312 2259 Κύριος
2352 2187 2427 2241 ὢν
2482 2188 2793 2260 μεμένηκεν
2827 2189 2963 2258 ὅπερ
3000 2183 3089 2258 ἦν,
3132 2187 3227 2241 καὶ
3274 2189 3322 2240 εἰ
3368 2187 3594 2255 γέγονεν
3641 2187 3699 2238 ἐν

2105 2283 2170 2352 τῇ
2203 2281 2294 2333 τού
2328 2280 2513 2334 δούλου
2546 2284 2766 2352 μορφῇ·
2789 2280 2932 2333 οὕτω
2965 2280 3143 2350 φαμὲν
3167 2265 3245 2334 ὅτι
3267 2281 3446 2333 καίτοι
3471 2279 3700 2350 μυρίους

2107 2371 2246 2443 ἔχων
2267 2374 2323 2426 ἐν
2348 2372 2562 2443 οὐρανῷ
2587 2373 2712 2436 τοὺς
2740 2372 3156 2443 ἱερουργοῦντας
3182 2371 3352 2441 αὐτῷ,
3374 2372 3476 2434 τὰς
3502 2371 3701 2440 νοητὰς

2105 2461 2347 2533 δηλονότι
2387 2462 2480 2516 καὶ
2509 2462 2881 2532 ἀναιμάκτους
2911 2460 3124 2527 θυσίας,
3158 2459 3364 2531 ὕμνους
3406 2462 3506 2513 καὶ
3548 2461 3702 2524 δοξο-

2105 2550 2314 2620 λογίας,
2334 2552 2429 2604 καὶ
2456 2550 2553 2623 τὴν
2580 2551 2700 2606 καθ’
2718 2553 2868 2622 ἡμᾶς
2891 2549 3193 2622 ἱερωσύνην
3221 2552 3450 2604 ποιεῖται
3479 2549 3699 2620 δεκτὴν,

2106 2643 2406 2706 ἀποσώζων
2436 2642 2712 2713 πανταχοῦ
2741 2646 2856 2707 τοῖς
2883 2645 2979 2714 τῆς
3013 2644 3436 2715 ἁνθρωπότητος
3475 2643 3704 2714 μέτροις

2105 2730 2176 2785 τὰ
2221 2732 2505 2802 πρέποντα
2545 2749 2602 2784 τε
2640 2733 2732 2786 καὶ
2766 2733 2982 2788 ἐοικότα
3013 2734 3171 2805 αὐτῇ.
3202 2731 3484 2803 Κέκληται
3517 2732 3704 2784 τοίνυν

2109 2819 2249 2874 καθὰ
2271 2822 2365 2873 καὶ
2393 2821 2624 2892 ’Λαρὼν,
2645 2821 2783 2893 πλὴν
2809 2823 2909 2876 ούκ
2939 2823 2996 2875 ὲν
3021 2823 3120 2892 ἴσῳ
3146 2823 3349 2893 τρόπῳ.
3368 2821 3426 2874 Ὀ
3462 2820 3563 2890 μὲν
3589 2822 3706 2891 γὰρ

2107 2911 2320 2981 ἐχρίετο
2365 2911 2503 2982 πρὸς
2551 2912 2884 2984 ἱερουργίαν,
2916 2915 3012 2965 και)⁸
3052 2908 3120 2983 ἦν
3169 2913 3418 2981 οἰκέτης·
3454 2912 3484 2963 6
3527 2911 3584 2964 δὲ
3625 2910 3705 2974 ὡς

2108 3001 2239 3067 Υἱὸς
2271 3003 2539 3070 καλεῖται,
2575 3003 2670 3057 καὶ
2706 3004 2847 3057 κατὰ
2895 3003 2994 3076 τὴν
3047 3003 3201 3070 τάξιν
3229 3002 3563 3072 Μελχισεδὲκ
3618 3003 3705 3055 ίε-

429 3111 605 3154 tamen
638 3099 906 3155 dissimili.
941 3097 1035 3155 llle
1060 3099 1203 3155 enim
1229 3109 1488 3171 tanquam
1513 3111 1704 3154 servus
1749 3097 2004 3152 inunctus

2113 3095 2335 3166 ρουργεῖ
2368 3093 2446 3164 τῷ
2493 3093 2689 3164 Πατρί.
2736 3095 2846 3148 Καὶ
2881 3095 2973 3148 τόν
3007 3111 3070 3162 γε
3105 3095 3206 3165 τῆς
3259 3093 3563 3165 ἱερουργίας
3601 3091 3702 3156 έξο

425 3207 510 3253 εει
559 3197 624 3250 ad
673 3196 1078 3261 ministerium;
1116 3196 1204 3251 hic
1238 3210 1369 3252 vero
1413 3195 1712 3251 secundum
1758 3193 2006 3248 ordinem

410 3277 788 3343 ‘l‘lelcltisedec
818 3297 1150 3356 assumptus,
1184 3295 1440 3356 tanquam
1469 3285 1640 3340 Filius
1663 3283 2010 3339 administrat

428 3377 595 3432 Patri.
630 3377 998 3432 Sacerdotalis
1022 3390 1185 3446 porro
1218 3375 1514 3431 ministerii
1543 3374 1760 3428 modum
1794 3371 2008 3427 divinus

428 3467 656 3533 Paulus,
711 3467 778 3521 de
827 3467 1050 3522 Christo
1117 3467 1358 3522 omnium
1428 3473 1672 3520 nostrum
1729 3463 2009 3518 Salvatore

433 3556 704 3620 scribens,
756 3555 898 3610 hunc
933 3556 986 3609 in
1033 3555 1249 3610 modum
1291 3555 1512 3624 exponit
1543 3572 1556 3608 :
1587 3571 1605 3604 ι
1631 3553 1730 3619 Qui
1774 3567 1880 3606 non
1921 3566 2010 3606 se-

431 3647 668 3702 cundum
717 3645 888 3718 legem
968 3646 1211 3701 mandati
1257 3645 1491 3701 carnalis
1538 3645 1711 3700 factus
1755 3652 1864 3708 est,
1914 3641 2010 3699 sed

433 3740 730 3796 secundum
766 3739 1019 3792 virtutem
1052 3738 1174 3793 vitae
1215 3736 1609 3793 indissolubilis
1632 3736 1699 3788 ⁸ο.
1731 3755 1750 3788 ι
1783 3735 1879 3790 Est
1910 3735 2011 3788 ita-

432 3847 538 3903 que
589 3829 879 3886 sacerdotii
917 3829 1060 3885 illius
1106 3830 1241 3884 ritus
1283 3829 1389 3883 ritu
1433 3828 1710 3882 Aaronico
1752 3826 1869 3880 sine
1901 3826 2009 3880 ulla

434 3924 844 3994 comparatione
877 3921 1242 3993 prazstantior.
1267 3918 1400 3975 Nam
1425 3919 1528 3975 etsi
1563 3919 1654 3974 ille
1674 3918 1739 3972 ad
1758 3918 2016 3972 sacerdo—z

432 4015 572 4069 tium
602 4022 826 4069 vocatus
875 4022 978 4078 est,
1016 4023 1279 4079 attamen,
1331 4021 1388 4065 ut
1433 4012 1592 4065 modo
1625 4011 1859 4074 aiebam,
1897 4016 2016 4063 erat

435 4122 670 4174 servus;
711 4107 798 4161 hic
841 4121 972 4162 vero
1023 4107 1076 4161 in
1124 4119 1190 4161 eo
1235 4119 1452 4175 quoque
1495 4113 1638 4160 statu
1693 4103 1785 4157 Dei
1834 4101 2015 4158 Patris

438 4199 608 4253 Filius
644 4208 786 4263 erat,
822 4210 1014 4254 natura
1054 4200 1272 4270 quidem
1324 4208 1635 4266 a'ternaque
1668 4195 2016 4266 generatione

437 4296 496 4342 ut
551 4287 697 4343 Deus
739 4299 793 4344 et
834 4289 1105 4357 Verbum;
1158 4301 1215 4344 ιιι
1261 4300 1461 4345 nostra:
1512 4303 1641 4342 vero
1689 4285 2014 4341 conditionis

437 4381 600 4434 homo
639 4381 934 4433 secundum
983 4383 1332 4436 novissimam
1380 4381 1444 4434 in
1497 4394 1664 4435 carne
1709 4379 2017 4449 generatio-

2110 3188 2326 3256 ηγεῖται
2358 3186 2558 3256 τρόπον
2599 3189 2627 3239 6
2671 3185 2958 3250 Θεσπέσιος
3007 3186 3244 3250 Παῦλος,
3274 3186 3360 3238 ὡδὶ
3389 3185 3707 3255 γεγραφὼς

2112 3278 2240 3348 περὶ
2287 3277 2380 3330 τοῦ
2426 3278 2644 3331 πάντων
2689 3278 2846 3348 ἡμῶν
2877 3278 3130 3350 Σωτῆρος
3163 3277 3418 3349 Χριστοῦ·
3459 3278 3600 3340 ι’·ος
3639 3278 3708 3330 ού

2113 3369 2259 3423 κατὰ
2309 3370 2472 3440 νόμον
2522 3369 2744 3440 ἐντολῆς
2792 3371 3054 3441 σαρκίνης
3107 3369 3350 3438 γέγονεν,
3381 3368 3520 3422 ἀλλὰ
3556 3370 3710 3423 κατὰ

2113 3459 2342 3530 δύναμιν
2394 3461 2540 3531 ζωῆς
2598 3461 2961 3515 ἀκαταλύτου.
3001 3481 3019 3514 ι
3081 3459 3294 3516 Ούκοῦν
3352 3463 3709 3533 ἁσυγκρίτως

2114 3552 2354 3622 ἀμείνων
2395 3555 2423 3606 6
2468 3552 2568 3622 τῆς
2608 3553 2921 3623 ἱερουργίας
2961 3553 3181 3624 τρόπος.
3243 3555 3354 3607 Καὶ
3387 3556 3417 3606 6
3458 3554 3580 3624 μὲν,
3627 3554 3710 3616 ὡς

2114 3643 2271 3712 ἔφην,
2298 3644 2515 3714 οἰκέτης
2544 3639 2634 3713 ἦν,
2663 3645 2840 3698 καίτοι
2874 3645 3208 3716 κεκλημένος
3242 3647 3319 3708 εἱς
3361 3645 3703 3716 ἱερωσύνην·

2116 3736 2143 3788 6
2171 3735 2228 3788 δὲ
2260 3738 2354 3789 καὶ
2383 3734 2554 3798 οὕτως
2595 3733 2720 3798 Υἱὸς
2753 3734 2846 3787 τοῦ
2888 3735 3022 3787 Θεοῦ
3073 3735 3167 3788 καὶ
3207 3735 3446 3804 Πατρδλς,
3481 3735 3556 3798 ὡς
3605 3737 3708 3805 μὲν

2118 3827 2278 3897 φύσει
2308 3827 2439 3894 Θεὸς
2465 3831 2558 3883 καὶ
2586 3830 2758 3898 Λόγος
2789 3818 2926 3882 κατὰ
2956 3828 3053 3898 τὴν
3076 3826 3401 3897 προαιώνιον
3423 3828 3710 3896 γέννησιν·

2115 3917 2191 3981 ὡς
2229 3917 2286 3970 δὲ
2315 3918 2602 3988 ἄνθρωπος
2631 3919 2754 3972 καθ’
2783 3920 2930 3989 ἡμᾶς
2960 3915 3101 3970 κατὰ
3146 3916 3242 3987 τὴν
3288 3916 3574 3986 νεωτάτην
3617 3915 3711 3968 καὶ

2119 4009 2402 4081 ἓνσαρκον,
2427 4005 2495 4082 ἧς
2526 4011 2693 4081 ἂνεῖη
2723 4011 2990 4064 δεικτικὸν
3028 4010 3122 4063 καὶ
3153 4010 3231 4075 τὸ,
3262 4009 3562 4078 σήμερον·
3596 4028 3716 4062 και-

2124 4100 2213 4172 ρδν
2263 4101 2371 4172 γὰρ
2420 4103 2552 4172 ἡμῖν
2600 4103 2855 4174 σημαίνει
2882 4103 2973 4156 τὸν
3008 4102 3360 4172 ἐνεστηκότα.
3390 4101 3716 4154 Dixere-3:1:

2119 4193 2184 4266 δὴ
2225 4190 2319 4248 οὖν
2363 4196 2457 4249 καὶ
2503 4196 2600 4268 τὴν
2639 4197 2909 4269 σαρκικῆν
2938 4195 3104 4251 αὐτοῦ
3135 4197 3389 4266 γέννησιν
3413 4197 3446 4248 6
3478 4195 3676 4265 Πατήρ
3701 4210 3714 4224 ·

2120 4283 2227 4340 οἶδε
2258 4286 2386 4358 γὰρ,
2422 4285 2561 4342 οἶδεν
2599 4289 2727 4343 ἴδιον
2757 4289 2884 4342 ὄντα
2919 4289 3042 4343 Υἱὺν
3061 4289 3152 4341 τὸν
3181 4288 3240 4351 ἐξ
3267 4285 3465 4340 ἑαυτοῦ
3491 4286 3720 4349 θεῖκῶς,

2123 4379 2216 4432 καὶ
2245 4379 2309 4433 ὲκ
2336 4380 2593 4448 γυναικὸς
2619 4382 2993 4451 ἀνθρωπίνως.

435 4487 582 4538 nem,
607 4486 728 4542 qua:
759 4486 852 4540 per
877 4471 1026 4537 illud,
1059 4475 1233 4538 hodie,
1261 4475 1400 4541 quod
1432 4473 1717 4542 prresentis
1753 4472 2010 4543 temporis
2049 4482 2175 4528 nota
2217 4474 2456 4537 exsistit,
2497 4473 2687 4528 .nobis
2753 4474 3128 4528 adumbratur.
3165 4470 3334 4542 Igitur
3363 4470 3530 4526 Pater
3571 4471 3725 4525 nati-

435 4563 658 4617 vitatem
709 4561 762 4616 in
811 4577 974 4618 carne
1014 4564 1080 4617 ad
1127 4577 1185 4618 se
1235 4578 1450 4633 quoque
1519 4563 1794 4631 pertinere
1856 4567 2085 4636 judicat,
2128 4576 2393 4636 quatenus
2446 4565 2595 4620 illum
2648 4582 2805 4622 suum
2863 4567 3110 4638 agnoscit
3153 4563 3354 4620 Filium
3402 4565 3722 4620 secundum

437 4655 674 4711 divinam
709 4654 927 4723 quidem
978 4662 1226 4708 naturam
1278 4669 1345 4709 ex
1393 4654 1531 4723 ipso,
1575 4656 1873 4709 secundum
1907 4655 2196 4710 humanam
2232 4670 2360 4710 vero
2400 4669 2466 4710 ex
2496 4655 2740 4711 muliere.

505 4744 730 4802 XXXIX
771 4763 788 4798 ι
825 4745 928 4812 Qui
965 4747 1018 4801 in
1063 4747 1253 4802 diebus
1297 4747 1477 4801 carnis
1526 4762 1635 4802 suae
1669 4761 1858 4816 preces
1889 4762 2007 4816 sup-

2191 4745 2315 4799 ΛΘ.
2353 4766 2372 4798 ‹
2410 4748 2504 4811 Ὃς
2557 4749 2615 4802 ὲν
2663 4750 2784 4812 ταῖς
2821 4748 3064 4818 ἡμέραις
3111 4746 3211 4816 τῆς
3265 4743 3472 4815 σαρκὸς
3524 4744 3727 4805 αὖτοῧ,

439 4838 869 4909 plicationesque
915 4838 982 4893 ad
1038 4853 1184 4903 eum,
1237 4838 1326 4907 qui
1388 4839 1560 4908 possit
1615 4839 1761 4893 illum
1813 4838 2019 4894 salvum

441 4931 623 4987 facere
664 4946 693 4986 a
739 4942 934 4997 morte,
982 4943 1104 4986 cum
1155 4930 1392 4986 clamore
1441 4933 1622 4986 valido
1677 4941 1730 4986 et
1765 4931 2020 5003 lacrymis

440 5022 697 5088 cﬂcrens,
723 5023 1010 5078 erauditus
1050 5031 1132 5078 est
1159 5038 1256 5093 pro
1306 5039 1402 5078 sua
1446 5007 1769 5078 reverentia.
1805 5024 1870 5077 Et
1902 5023 2021 5092 qui-

442 5118 564 5173 dem
601 5124 723 5171 cum
765 5122 910 5170 esset
947 5110 1140 5180 Filius,
1203 5103 1391 5170 didicit
1437 5131 1501 5171 ex
1554 5115 1620 5170 iis
1661 5130 1780 5184 quae
1826 5102 2020 5185 passus

443 5215 528 5262 est
558 5207 917 5262 obedientiam
968 5224 982 5261 :
1023 5216 1078 5261 et
1110 5216 1519 5262 consummatus
1558 5205 1736 5261 factus
1790 5214 1874 5260 est
1906 5220 2023 5260 om-

446 5296 604 5351 nibus
649 5295 1149 5368 obtemperantibus
1182 5297 1284 5354 sibi
1331 5312 1494 5353 causa
1544 5297 1733 5353 salutis
1779 5306 2020 5362 aeterna‘,

515 5444 561 5479 "
597 5444 761 5504 Hebr.
798 5466 881 5519 ιχ,
906 5449 997 5504 24.
1073 5451 1118 5483 ⁷⁸
1146 5451 1344 5522 Epites.
1375 5467 1414 5517 ι,
1443 5449 1533 5505 21.

1613 5449 1658 5482 ⁷⁸
1691 5449 1855 5508 Hebr.
1881 5465 1936 5518 v,
1973 5449 2028 5512 Δ,
2065 5446 2118 5503 5.

2129 4837 2341 4909 δεήσεις
2371 4857 2430 4892 τε
2461 4841 2555 4892 καὶ
2586 4841 2866 4911 ἱκετηρίας
2896 4840 3035 4911 πρὸς
3063 4839 3153 4892 τὸν
3181 4836 3487 4906 δυνάμενον
3521 4836 3732 4899 σώζειν

2130 4930 2292 4984 αὐτὸν
2325 4931 2388 4986 ἐκ
2437 4931 2691 4998 Θανάτου,
2741 4932 2879 5003 μετὰ
2923 4931 3168 5003 κραυγῆς
3203 4929 3434 5000 ἰσχυρᾶς
3483 4930 3587 4981 καὶ
3632 4929 3734 4982 δα-

2128 5021 2313 5092 κρύων
2357 5021 2751 5092 προσενέγκας,
2789 5022 2882 5076 καὶ
2916 5018 3288 5081 εἰσακουσθεὶς
3338 5019 3451 5072 ἀπὸ
3485 5018 3599 5088 τῆς
3645 5019 3736 5071 εὖ·

2129 5113 2370 5178 λαϐείας,
2410 5113 2614 5185 καίπερ
2642 5112 2717 5167 ὢν
2739 5113 2887 5180 Υἱὸς,
2912 5113 3141 5184 ἔμαθεν,
3169 5111 3263 5182 ἀφ’
3293 5103 3370 5163 ὧν
3390 5109 3603 5175 ἔπαθε,
3634 5113 3737 5179 τὴν

2131 5203 2416 5278 ὑπακοήν·
2475 5208 2568 5260 καὶ
2618 5205 2926 5270 τελειωθεὶς
2977 5205 3199 5274 ἐγένετο
3259 5202 3395 5256 πᾶσι
3447 5206 3567 5265 τοῖς
3629 5203 3742 5255 ὺπ-

2131 5295 2417 5350 ακούουσιν
2451 5296 2602 5367 αὐτῷ
2638 5299 2810 5362 αίτιος
2848 5297 3124 5369 σωτηρίας
3151 5295 3373 5351 αἰωνίου
3393 5312 3406 5325 ·
3437 5309 3740 5366 προσαγο-

2197 5448 2242 5481 ⁸⁰
2272 5450 2434 5506 llebr.
2461 5465 2560 5517 vn,
2593 5451 2682 5506 16.

1545 5607 1620 5661 Va
1633 5608 1722 5664 riae
1752 5607 2010 5665 lectiones
2039 5609 2244 5666 codicis
2279 5605 2636 5680 Seguieriani.

522 5751 548 5781 κ
579 5743 858 5814 ἀρχιερέα.
937 5752 966 5793 1
998 5743 1394 5815 ἀποφέρουσαν.
