3952 6200
206 354 346 413 i389

1024 353 1114 409 AD
1156 349 1457 409 REGINAS
1498 351 1585 407 DE
1626 348 1858 408 RECTA
1896 348 2057 407 FIDE
2094 350 2356 409 ORATIO
2393 351 2690 410 ALTERA.

3336 357 3356 411 ί
3368 358 3472 413 ’5θῦ

209 476 424 551 ρευθεὶς
471 474 576 529 ὑπὸ
630 474 723 528 τοῦ
760 471 898 528 Θεοῦ
944 475 1237 546 ἀρχιερεὺς
1286 474 1431 530 κατὰ
1485 475 1585 546 τὴν
1637 474 1788 539 τάξιν

1909 473 2194 545 tppellalus
2226 490 2254 527 a
2282 473 2403 529 ‘Deo
2450 474 2692 545 pontifex
2724 475 3024 532 secundum
3049 478 3295 536 ordinem
3338 482 3470 535 Mel-

204 565 555 638 Μελχισςδέχ.
598 584 619 617 ι
660 564 718 618 Ὀ
747 565 1020 634 πάνσοφος
1068 563 1279 628 Παῦλος
1309 563 1654 626 ἐπιστέλλει,
1694 561 1801 647 καί.

1909 564 2228 619 :bisedee“.
2261 583 2280 617 ι
2304 563 2750 634 Sapientissimus
2779 565 2977 623 Paulus
3013 570 3079 624 ad
3111 585 3227 639 eos,
3250 571 3343 641 qui
3374 588 3470 642 per

205 677 343 731 φησι
365 661 476 722 τοῖς
501 660 558 711 ὲν
588 658 769 712 πίστει
815 656 1296 727 δεδικαιωμένοις·
1334 675 1355 708 ι
1391 656 1645 726 Μιμηταί
1683 670 1785 725 μου

205 748 448 820 γίνεσθε,
479 749 663 813 καθὼς
687 747 843 817 κάγὼ
869 746 1129 821 Χριστοῦ.
1167 765 1187 800 ι
1226 746 1338 800 Καὶ
1377 744 1483 817 μὴν
1518 745 1614 800 καὶ
1640 747 1670 799 ό
1698 743 1789 797 θε-

209 844 433 906 σπέσιος
453 841 658 913 Πέτρος
677 858 693 874 ο
733 862 751 893 ι
773 843 932 896 Ποῖον
963 840 1073 909 γὰρ
1105 838 1283 904 κλέος,
1315 838 1501 909 φησιν,
1535 838 1584 890 εί
1609 837 1791 907 ἀμαρ-

209 936 467 1000 τάνοντες
522 936 617 989 καὶ
658 931 1075 1003 κολαφιζόμενοι
1124 931 1480 1002 ὑπομενεῖτε;
1540 928 1684 983 Ἀλλ’
1742 929 1792 982 εί

210 1025 670 1097 ἀγαθοποιοῦντες
716 1025 810 1079 καὶ
857 1023 1161 1094 πάσχοντες
1210 1023 1536 1094 ὑπομενεῖτε
1558 1059 1574 1086 ,
1632 1019 1793 1075 τοῦτο

210 1119 369 1190 χάρις
393 1117 545 1188 παρὰ
570 1115 711 1187 Θεῷ.
740 1116 864 1169 Ὅτι
889 1115 1123 1187 Χριστὸς
1151 1115 1423 1171 ἀπέθανεν
1447 1117 1586 1187 ὑπὲρ
1610 1117 1791 1187 ἡμῶν,

213 1211 345 1282 ὑμῖν
397 1210 794 1280 ἀπολιμπάνων
842 1208 1230 1280 ὑπογραμμὸν,
1282 1208 1368 1263 ἴνα
1417 1207 1794 1280 ἐπακολουθή-

214 1318 346 1374 σητε
388 1305 501 1365 τοῖς
549 1302 752 1371 ἴχνεσιν
785 1298 974 1354 αὐτοῦ.
1013 1318 1034 1352 ›
1071 1300 1299 1369 Γέγονεν
1331 1300 1439 1372 ἄρα
1479 1300 1681 1363 σκοπὸς
1717 1299 1795 1370 τῷ

212 1394 510 1461 Μονογενεῖ
551 1391 650 1459 τὴν
695 1391 829 1463 πρὸς
863 1391 1011 1461 ἡμᾶς
1050 1391 1311 1461 ὁμοίωσιν
1354 1392 1555 1463 ἔχοντι,
1601 1389 1795 1445 παθεῖν

213 1485 595 1558 ἀνθρωπίνως,
628 1483 723 1538 καὶ
749 1483 956 1549 διδάξαι
986 1484 1086 1556 μὲν
1112 1484 1240 1549 τοὺς
1275 1483 1425 1555 αὐτῷ
1458 1484 1793 1557 γνωρίμους,

212 1576 337 1631 τίνα
367 1576 430 1646 δὴ
468 1575 671 1647 τρόπον
700 1578 819 1639 ταῖς
847 1576 958 1629 τῶν
1002 1576 1326 1647 πειρασμῶν
1370 1576 1579 1645 ἐφόδοις
1626 1593 1799 1647 προσ·
1824 1648 1850 1656 γ’

214 1669 470 1741 ἔρχεσθαι
498 1666 624 1741 χρὴ,
664 1667 760 1723 καὶ
786 1667 1004 1730 ὁποίους
1034 1662 1175 1721 εἶναι
1206 1669 1470 1738 προσήκει
1513 1667 1640 1728 τοὺς
1667 1666 1794 1720 διω-

215 1761 483 1833 κομένους
514 1761 616 1832 τῆς
646 1761 725 1823 είς
755 1758 889 1812 Θεὸν
943 1757 1226 1821 εὐσεϐείας
1270 1758 1454 1824 ἕνεκα,
1483 1756 1579 1809 καὶ
1614 1754 1798 1810 κινδύ-

214 1821 329 1918 νοίς
354 1821 733 1924 ἐμϐεϐηκότας
756 1854 869 1914 τοῖς
888 1861 910 1889 ι
929 1851 1059 1921 περὶ
1081 1849 1259 1921 ψυχῆς
1286 1850 1379 1904 καὶ
1414 1821 1685 1921 σώματος’
1702 1849 1799 1903 καὶ
1831 1821 1873 1878 Β

220 1945 447 2018 προσέτι
482 1942 660 2013 τούτῳ
703 1943 1017 2008 καταδεῖξαι
1051 1942 1151 2011 τῆς
1188 1942 1437 2011 ὑπακοῆς
1471 1941 1691 2005 εὐκλεὲς
1737 1940 1800 1994 τὸ

215 2039 389 2103 τέλος,
421 2038 509 2092 ἴνα
534 2038 628 2091 καὶ
669 2038 831 2108 ἡμεῖς
855 2034 1066 2107 ἄριστοί
1095 2051 1158 2087 τε
1200 2035 1295 2086 καὶ
1330 2033 1485 2103 σοφοὶ
1513 2031 1623 2088 τῶν
1651 2031 1800 2103 αὐτῷ

217 2128 625 2200 πεπραγμένων
677 2123 1039 2195 οἰκονομικῶς
1086 2123 1474 2195 εὑρισκώμεθα
1538 2122 1798 2193 μιμηταὶ,

215 2223 331 2285 τοῖς
359 2237 419 2273 τε
450 2219 653 2289 ἴχνεσιν
703 2217 870 2272 αὑτοῦ
918 2214 1341 2270 κατακολουθεῖν
1385 2213 1799 2280 σπουδάζοντες,

215 2313 310 2369 τὸν
336 2312 623 2383 εὐδόκιμον
651 2310 869 2381 ἀληθῶς
909 2310 1258 2380 διαζήσωμεν
1302 2307 1443 2378 βίον.
1471 2307 1592 2361 Ὅτι
1621 2306 1802 2361 τοίνυν

215 2406 521 2477 ἄθραυστον
554 2403 698 2475 ἔχειν
732 2403 1000 2475 προσήκει
1039 2401 1101 2454 τὸ
1147 2400 1404 2472 φρόνημα
1449 2398 1576 2462 τοὺς
1617 2392 1698 2462 οἷς
1733 2398 1803 2453 ἂν

214 2500 356 2563 ὅλως
390 2497 680 2570 προκὲοιτο
711 2495 905 2550 παθεῖν
952 2493 1092 2566 ὺπέρ
1122 2509 1183 2562 γε
1217 2492 1317 2562 τῆς
1345 2493 1426 2555 είς
1470 2490 1634 2546 αὐτὸν
1665 2491 1804 2560 ἀγάο

218 2608 351 2663 πης,
382 2591 479 2644 καὶ
510 2589 603 2644 τὸν
642 2589 783 2659 ὑπὲρ
814 2588 913 2658 τῆς
961 2584 1244 2649 εὐσεὸείας
1278 2583 1522 2638 κίνδυνον
1546 2582 1802 2655 ⁴ἡγεῖσθαι

221 2684 389 2754 ζωὴν,
436 2682 496 2747 ἐξ
529 2675 604 2738 ὧν
640 2679 938 2751 ὑπέμεινεν
968 2678 1155 2742 αὐτὸς,
1188 2676 1446 2748 πέπραχέ
1471 2693 1531 2729 τε
1557 2675 1626 2730 δι’
1653 2676 1806 2746 ἡμᾶς

221 2774 600 2846 ἀνθρωπίνως,
647 2771 922 2826 διδάσκειν
957 2768 1228 2842 βούλεται.
1281 2766 1428 2839 Πλὴν
1475 2768 1577 2822 οὐκ
1609 2767 1805 2839 ἀφίησι

220 2867 352 2930 τοὺς
380 2864 801 2937 ἁνδριζομὲνους
834 2864 957 2934 είκῆ
1006 2861 1416 2935 παραρρίπτειν
1452 2860 1555 2926 τὰς
1594 2859 1803 2915 ἑαυτῶν

219 2940 422 3031 ψυχὰς,
456 2957 578 3011 οὐδὲ
626 2951 738 3009 οἷον
793 2954 1058 3026 μεθέντας
1102 2953 1391 3024 ἀτημελῶς
1423 2951 1485 3028 τὸ
1531 2953 1806 3025 πρακτέον

222 3050 322 3105 καὶ
345 3048 416 3101 τὰ
443 3048 511 3101 δι’
540 3038 616 3100 ὧν
643 3041 711 3116 ἦν
755 3044 905 3107 είκὸς
933 3041 1222 3109 σώζεσθαι,
1255 3045 1385 3113 παρ’
1414 3041 1607 3096 ἐλπίδα
1645 3041 1808 3112 μόνον

1893 657 2054 713 iidem
2096 656 2384 727 justiﬁcati
2441 656 2678 722 fuerant,
2716 658 2789 713 ita
2838 658 3133 716 scribitn
3173 663 3474 720 imitatores

1895 750 2002 805 mei
2027 758 2219 813 estote,
2245 749 2389 805 sicut
2419 759 2475 806 et
2498 763 2597 820 ego
2626 749 2831 805 Christi
2852 751 2923 808 θ’.
2958 771 2977 805 ι
3014 752 3154 821 Quin
3181 765 3234 811 et
3261 756 3474 812 divinus

1896 854 2113 912 quoque
2160 839 2389 897 Petrus:
2432 859 2451 893 ι
2494 841 2643 907 Qum,
2686 842 2883 911 inquit,
2933 853 3018 900 est
3047 845 3237 914 gloria,
3269 846 3312 902 si
3346 861 3475 917 pec-

1894 942 2101 997 cantes,
2125 940 2182 988 et
2209 933 2529 1002 colapbizati
2574 932 2849 990 sul'fertis?
2882 935 2991 991 Sed
3021 937 3065 991 si
3101 938 3236 993 bene
3269 939 3477 994 facien—

1895 1032 2002 1090 tes,
2027 1025 2299 1094 patienter
2327 1025 2627 1094 sustinetis,
2654 1027 2767 1081 haec
2792 1037 2872 1082 est
2892 1027 3065 1097 gratia
3099 1029 3236 1098 apud
3265 1020 3433 1084 Deum
3461 1050 3477 1085 :

1895 1116 2022 1185 quia
2062 1124 2117 1172 et
2144 1115 2394 1173 Christus
2440 1132 2632 1186 passus
2663 1127 2748 1174 est
2786 1134 2885 1188 pro
2916 1121 3094 1185 nobis,
3126 1121 3280 1177 vobis
3307 1123 3477 1178 relin-

1898 1222 2071 1278 quens
2120 1209 2451 1280 exemplum,
2488 1220 2548 1266 ut
2579 1212 2883 1282 sequamini
2920 1216 3146 1286 vestigia
3184 1216 3300 1284 ejus
3339 1218 3413 1281 ⁸³,
3454 1238 3473 1270 ι

1898 1296 2109 1370 Scopus
2142 1310 2285 1372 ‘ergo
2318 1303 2613 1374 Unigenito
2663 1315 2904 1360 nostram
2940 1306 3348 1366 similitudinem
3379 1312 3478 1366 ha-

1898 1392 2047 1447 benti
2111 1392 2234 1459 fuit,
2301 1397 2598 1449 secundum
2659 1397 2953 1452 humanam
3014 1410 3263 1455 naturam
3341 1406 3478 1473 pati,

1899 1496 2134 1553 suosque
2170 1482 2463 1539 familiares
2503 1486 2754 1552 educere,
2794 1488 2947 1559 161
2987 1504 3092 1559 qua
3120 1491 3331 1548 ratione
3364 1503 3491 1548 leno.

1902 1575 2174 1627 tationum
2227 1575 2516 1631 insultibus
2557 1577 2775 1631 obviam
2826 1580 2907 1633 ire
2956 1592 3225 1650 oporteat,
3260 1583 3481 1652 quales-

1838 1658 1849 1741 ’Δ
1901 1677 2006 1733 que
2057 1664 2130 1718 illi
2187 1679 2308 1721 esse
2362 1666 2595 1722 debeant
2649 1668 2742 1737 qui
2798 1669 2995 1725 divina:
3046 1672 3266 1741 pietatis
3319 1688 3480 1732 causa

1903 1756 2310 1825 persecutiones
2391 1758 2703 1827 patiuntur,
2771 1760 3026 1817 vel’cum
3075 1763 3486 1837 quibuscunque

1902 1844 2067 1898 animi
2099 1845 2450 1915 corporisque
2473 1847 2726 1916 periculis
2755 1848 3137 1907 conﬂictantur
3164 1871 3177 1908 :
3208 1863 3319 1910 tum
3346 1870 3486 1927 pne-

1903 1935 2111 1991 clarum
2143 1950 2361 2007 quoque
2384 1938 2709 1994 obedientia:
2743 1940 2902 1996 linem
2931 1945 3000 1998 ob
3025 1945 3212 2001 oculos
3243 1929 3447 2017 ponere
3466 1989 3483 2015 ,

1902 2040 2010 2098 quo
2059 2037 2113 2082 et
2172 2041 2268 2083 nos
2330 2042 2547 2099 quoque
2592 2033 2798 2087 strenui
2855 2034 3258 2107 prudentesque
3297 2054 3484 2095 eormn

1902 2136 2025 2192 quae
2054 2118 2352 2177 secundum
2397 2124 2583 2179 carnis
2614 2125 3077 2195 dispensationem
3112 2129 3201 2186 ille
3230 2136 3485 2203 patravit,

1904 2211 2209 2269 imitatores
2263 2214 2491 2280 inventi,
2556 2217 2910 2289 vestigiisque
2955 2221 3194 2291 ejusdem
3249 2227 3490 2282 studiose

1904 2303 2239 2373 insistentes,
2281 2304 2448 2359 vitam
2479 2319 2606 2361 vere
2632 2308 2915 2377 probatam
2958 2313 3344 2381 transigamus.
3383 2314 3490 2372 Per

1904 2406 1968 2449 ea
2018 2393 2184 2464 igitur
2230 2408 2351 2464 quae
2404 2396 2520 2465 ipse
2565 2405 2627 2452 ut
2666 2399 2830 2454 homo
2864 2410 3214 2471 prepternos
3245 2405 3374 2462 fecit
3426 2386 3492 2464 ac

1904 2487 2150 2559 pertulit,
2205 2488 2495 2545 ostendere
2561 2489 2734 2546 voluit
2816 2492 2958 2561 illos,
3021 2495 3217 2565 quibus
3272 2510 3494 2570 propter

1907 2578 2025 2650 ejus
2053 2579 2397 2636 dilectionem
2446 2580 2724 2652 quidpiam
2778 2583 3065 2639 adversum
3103 2588 3343 2658 perferre
3366 2604 3494 2662 pro-

1906 2671 2142 2741 positum
2182 2680 2288 2739 est,
2330 2684 2567 2729 mentem
2623 2674 2873 2731 obtinere
2913 2674 3112 2735 debere
3176 2680 3386 2738 lit-mam
3439 2698 3494 2737 et

1908 2762 2319 2835 inconcussam,
2376 2779 2441 2821 ac
2491 2766 2765 2835 pericula,
2818 2782 2939 2838 quae
2999 2770 3278 2842 religionis
3327 2788 3489 2831 cauSa

1909 2855 2301 2925 suscipiuntur,
2353 2856 2520 2912 vitam
2568 2859 2861 2915 :estimare.
2930 2862 3313 2921 Verumtamen
3376 2883 3483 2923 non

1908 2948 2174 3018 permittit
2200 2948 2338 3004 virili
2376 2949 2571 3006 robore
2603 2952 2862 3021 prteditos
2887 2953 3100 3012 animas
3130 2972 3258 3014 suas
3287 2966 3491 3014 temere

1911 3039 2167 3110 abjicere,
2217 3050 2312 3096 aut
2355 3044 2500 3113 quod
2548 3044 2816 3115 agendum
2862 3046 3150 3114 incumbit,
3194 3065 3290 3120 per
3324 3052 3496 3124 negli-

224 3137 543 3211 ἐκδέχεσθαι
586 3137 649 3191 τὸ
682 3139 794 3199 τοῖς
822 3133 1211 3189 ἐθελοκακοῦσι
1243 3132 1452 3186 δοκοῦν.
1472 3131 1804 3188 Ἀναπείθων

1912 3135 2151 3203 gentiam
2178 3136 2501 3205 omittendo,
2530 3146 2584 3192 et
2615 3153 2711 3207 per
2751 3154 2872 3210 quae
2906 3140 3051 3198 salus
3093 3142 3374 3216 obtingere
3403 3160 3495 3215 po.

223 3232 284 3287 δὲ
312 3231 513 3302 μᾶλλον
538 3226 907 3284 συντείνεσθαι
936 3224 1265 3297 προσευχὰς,
1296 3225 1392 3278 καὶ
1423 3223 1803 3295 ἀκατάληκτον

1915 3237 2055 3295 test,
2104 3239 2422 3300 exspectare
2453 3230 2625 3286 solum
2663 3243 2863 3302 praeter
2906 3248 3054 3303 spem
3106 3235 3250 3306 quod
3283 3236 3493 3292 libitum

223 3323 497 3376 ποιεῖσθαι
514 3320 613 3391 τὴν
635 3317 819 3392 [πρὸς]
848 3316 981 3371 Θεὸν
1015 3315 1251 3369 ἱκετείαν
1268 3328 1318 3383 ι,
1340 3315 1514 3370 ταῦτα
1540 3315 1807 3382 διδάσκει,

221 3414 436 3487 δεήσεις
463 3430 523 3467 τε
555 3414 650 3466 καὶ
672 3407 953 3481 ἱκετηρίας
982 3407 1042 3461 ὲν
1062 3409 1184 3470 ταῖς
1212 3406 1450 3477 ἡμέραις
1480 3407 1581 3478 τῆς
1605 3406 1808 3479 σαρκὸς

223 3504 393 3559 αὐτοῦ
420 3500 818 3574 προσαγηοχὼς
846 3498 982 3571 πρὸς
1024 3496 1116 3551 τὸν
1147 3497 1447 3568 δυνάμενον
1473 3496 1669 3561 σώζειν
1703 3496 1808 3550 αὑ-

223 3596 317 3650 τὸν
348 3596 414 3648 ὲκ
437 3595 691 3649 θανάτου.

295 3784 390 3839 Μ’.
432 3784 576 3854 Ὅρα
610 3781 668 3835 δὲ
705 3780 854 3844 ὅπως
890 3779 984 3832 καὶ
1011 3774 1388 3845 ἁγιοπρεποῦς
1420 3771 1725 3836 ἐπιεικείας
1748 3773 1812 3826 τὸ

222 3877 419 3950 χρῆμα
469 3874 838 3947 μεμέστωται.
889 3871 965 3925 Τὸ
1017 3871 1114 3942 μὲν
1151 3869 1263 3940 γὰρ
1299 3863 1812 3939 καταθρασύνεσθαι

221 3972 337 4025 τῶν
367 3967 711 4042 πειρασμῶν,
749 3964 973 4036 ἀνδρίας
1020 3963 1118 4034 μὲν
1163 3961 1279 4032 ἔχει
1328 3958 1507 4026 δόξαν,
1560 3958 1708 4013 δοκεῖ
1754 3955 1813 4010 δέ

223 4079 346 4126 πως
370 4059 672 4133 ὑπεροψίας
701 4059 802 4111 οὐκ
828 4057 909 4120 είς
930 4055 1077 4108 ἆπαν
1105 4050 1475 4124 ἡμοιρηκέναι
1491 4065 1505 4080 ⁶
1525 4047 1588 4104 τό
1609 4062 1673 4119 γε
1705 4047 1812 4120 μὴν

223 4151 457 4206 δεδιέναι
494 4151 592 4221 μὲν
625 4149 724 4203 καὶ
769 4142 1195 4201 ὑποστέλλεσθαι
1226 4142 1424 4206 δοκεῖν,
1462 4141 1556 4196 καὶ
1601 4140 1813 4195 δεῖσθαι

224 4243 365 4298 Θεοῦ
415 4242 511 4295 τοῦ
562 4240 759 4304 σώζειν
823 4237 1138 4310 ἰσχύοντος,
1192 4234 1481 4299 εὐλαϐείας
1544 4232 1815 4305 ὑπόληψιν

223 4335 364 4407 ἔχει.
398 4333 555 4387 Ἐπεὶ
595 4332 682 4386 διὰ
710 4331 867 4385 ποίαν
898 4329 1077 4384 αἰτίαν
1110 4331 1223 4393 τοῖς
1256 4326 1434 4397 ἁγίοις
1470 4327 1812 4400 προστέταχε

228 4428 534 4501 μωθηταϊςο
572 4444 591 4477 ι
624 4424 795 4479 Ὅταν
840 4424 897 4477 δὲ
939 4423 1211 4477 διώκωσιν
1245 4421 1390 4493 ὑμᾶς
1434 4420 1494 4472 ἐν
1539 4422 1604 4491 τῇ
1659 4417 1810 4472 πόλει

1913 3320 2018 3376 erit
2046 3320 2279 3393 maligne
2306 3322 2611 3392 agentibus,
2666 3324 2759 3379 sed
2789 3324 3055 3380 hortando
3084 3328 3283 3396 potius,
3303 3337 3362 3384 ut
3389 3330 3495 3384 im-

1912 3410 2068 3482 pigre
2110 3413 2373 3484 precibus
2421 3413 2761 3481 incumbant,
2816 3417 3035 3487 Deoquc
3065 3418 3185 3475 sine
3217 3420 3498 3477 intermis-

1914 3504 2068 3560 sione
2098 3505 2420 3577 supplicent,
2475 3507 2592 3561 lucc
2621 3508 2796 3574 docet,
2830 3508 2956 3565 dum
2994 3511 3046 3566 in
3090 3510 3286 3569 diebus
3316 3508 3504 3569 carnis

1912 3608 2025 3651 sum
2069 3595 2137 3651 ad
2180 3610 2327 3664 eum,
2383 3599 2473 3666 qui
2520 3597 2737 3655 salvare
2771 3614 2800 3654 a
2837 3611 3011 3657 morte
3051 3602 3201 3657 illum
3262 3614 3495 3675 poterat,

1912 3702 2103 3758 preces
2138 3697 2192 3743 et
2228 3688 2652 3759 supplicationes
2689 3691 2929 3749 offerret.

1985 3777 2099 3834 XL.
2131 3778 2430 3835 Considera
2475 3795 2636 3849 porro
2668 3792 2726 3836 ut
2770 3794 2990 3857 sanctos
3019 3788 3351 3844 condecente
3382 3805 3499 3843 mo-

1915 3868 2088 3925 destia
2154 3869 2541 3927 documentum
2603 3874 2705 3928 hoc
2767 3886 3000 3932 scateat.
3083 3878 3497 3937 Tentationibus

1914 3962 2059 4017 enim
2105 3963 2392 4019 audentius
2439 3964 2652 4020 obviam
2694 3966 2798 4032 ire,
2835 3967 3169 4027 fortitudinis
3202 3982 3287 4028 est
3336 3976 3519 4046 argu-'

1916 4058 2180 4116 mentum,
2229 4052 2496 4121 superbiae
2546 4062 2725 4109 tamen
2778 4056 3089 4126 suspicione
3130 4074 3235 4114 non
3276 4061 3499 4117 omnino

1916 4154 2108 4197 carere
2152 4141 2402 4209 videtur;
2451 4144 2547 4198 sed
2578 4159 2798 4214 pavere,
2842 4156 2894 4201 et
2931 4145 3219 4206 formidine
3251 4153 3497 4208 contrahi

1916 4232 2111 4298 videri,
2141 4241 2197 4288 et
2230 4248 2424 4304 preces
2473 4235 2540 4289 ad
2587 4250 2711 4291 eum
2761 4236 2987 4295 fundere
3034 4240 3126 4310 qui
3162 4241 3374 4298 salvare
3405 4257 3499 4314 po-

1919 4332 2043 4390 test,
2078 4325 2181 4381 hoc
2212 4324 2488 4395 religionis
2518 4334 2603 4381 est
2631 4342 2788 4397 opus.
2822 4330 3034 4401 Alioqui
3066 4333 3211 4388 enim
3242 4348 3341 4389 cur
3387 4335 3503 4408 ipse

1918 4415 2126 4470 sanctis
2168 4415 2431 4486 apostolis
2462 4418 2762 4487 praecepit:
2814 4436 2831 4471 ι
2864 4419 2997 4475 Cum
3030 4436 3125 4478 vos
3166 4437 3501 4495 persequen-

227 4500 428 4591 ταύτῃ,
455 4504 689 4589 φεύγετε
719 4518 801 4579 είς
827 4515 923 4585 τὴν
953 4514 1180 4585 ἐτέραν;
1222 4533 1239 4564 ι
1279 4511 1404 4576 Πῶς
1440 4511 1498 4565 δὲ
1529 4511 1622 4564 καὶ
1647 4508 1804 4574 αὐτὸς

1921 4514 2007 4561 tur
2035 4507 2086 4561 in
2120 4521 2223 4561 una
2271 4507 2511 4574 civitate,
2562 4509 2731 4578 fugite
2774 4511 2826 4565 in
2875 4511 3035 4567 aliam
3067 4513 3154 4568 ⁸⁸2
3189 4533 3207 4567 ι
3249 4518 3498 4572 curitern

227 4612 259 4666 δ
292 4612 564 4680 πάνσοφος
610 4609 844 4673 Παῦλος,
897 4606 1078 4662 καίτοι
1119 4605 1294 4675 λέγων
1340 4606 1471 4676 ἡμῖν
1522 4603 1808 4675 ἐναργῶς·

236 4722 257 4756 ι
296 4703 392 4767 Τίς
428 4703 578 4773 ἡμᾶς
611 4701 839 4771 χωρίσει
865 4698 973 4752 ἀπὸ
997 4700 1102 4768 τῆς
1145 4696 1367 4766 ἀγάπης
1396 4695 1491 4749 τοῦ
1529 4693 1807 4765 Χριστοῦ;

231 4795 432 4865 θλίψις,
483 4795 518 4866 ἢ
567 4791 934 4862 στενοχωρία,
981 4789 1015 4860 ἢ
1043 4789 1288 4859 διωγμὸς
1311 4828 1325 4853 ,
1361 4789 1394 4859 ἢ
1425 4787 1614 4858 λιμὸς,
1646 4788 1679 4858 ἢ
1713 4804 1811 4857 γυ.

233 4888 434 4962 μνότης
454 4928 467 4952 ,
496 4886 531 4957 ἢ
560 4877 805 4946 κίνδυνος
826 4920 841 4948 ,
872 4881 905 4953 ἢ
938 4881 1218 4952 μάχαιρα;
1247 4900 1266 4932 ι
1286 4881 1376 4933 τὸν
1396 4880 1495 4949 τῆς
1512 4880 1807 4953 Δαμασκοῦ

228 4978 623 5049 διαδιδράσκων
668 4975 994 5049 ἡγούμενον,
1047 4972 1138 5026 διὰ
1178 4974 1277 5044 τῆς
1320 4972 1535 5040 θυρίδος
1574 4974 1809 5043 ἑχαλᾶτο

228 5072 320 5128 διὰ
365 5071 461 5126 τοῦ
507 5069 751 5141 τείχους;
784 5067 933 5121 Ἔδει
966 5065 1148 5119 τοίνυν
1184 5062 1387 5127 παντὸς
1437 5062 1644 5132 ἀγαθοῦ
1678 5063 1814 5117 καθ-

1921 4600 2352 4673 sapientissimus
2378 4598 2600 4668 Paulus,
2630 4601 2719 4671 qui
2749 4600 2952 4658 diserte
2985 4603 3116 4659 dicit
3142 4622 3156 4658 :
3191 4622 3210 4657 ι
3245 4605 3380 4670 Quis
3407 4621 3506 4661 nos

1921 4687 2198 4766 separabit
2226 4708 2256 4749 a
2308 4694 2580 4749 charitate
2626 4694 2872 4749 Christi?
2922 4694 3238 4761 tribulatio,
3284 4712 3351 4750 an
3403 4711 3503 4752 an-

1921 4788 2132 4858 gustia,
2171 4802 2238 4840 au
2281 4787 2619 4857 persecutio,
2668 4800 2734 4839 an
2778 4786 2978 4852 fames,
3028 4800 3096 4840 an
3149 4786 3399 4855 auditas,
3436 4806 3502 4844 an

1920 4877 2243 4951 periculum,
2284 4893 2351 4930 an
2383 4877 2595 4947 gladius
2619 4876 2707 4929 ιιι
2740 4895 2759 4928 ι
2820 4878 3277 4933 Damascenorum
3324 4882 3506 4950 praele-

1920 4981 2063 5026 ctum
2107 4968 2341 5038 rugiens,
2372 4982 2404 5025 e
2425 4983 2580 5024 muro
2602 4984 2699 5038 per
2728 4967 3020 5025 fenestram
3054 4984 3248 5040 passus
3275 4982 3356 5028 est
3386 4988 3506 5030 sese

1925 5060 2135 5117 demitti
2165 5059 2411 5124 "YCum
2444 5060 2609 5132 igitur
2646 5061 3187 5117 necessarium'esset
3237 5072 3296 5119 ut
3367 5066 3505 5135 ipsc-

230 5164 444 5236 ηγητὴν
475 5161 569 5217 καὶ
593 5160 914 5216 διδάσκαλον
943 5158 1107 5213 αὐτὸν
1129 5158 1262 5228 ἡμῖν
1294 5154 1694 5225 ἁναφανεῖσθαι
1722 5154 1804 5208 τὸν

1924 5159 2039 5206 met
2067 5148 2319 5206 Christus
2352 5150 2418 5203 ad
2450 5150 2678 5219 quodvis
2708 5149 2903 5205 bonum
2932 5166 3071 5221 opus
3099 5150 3287 5208 ducem
3315 5168 3374 5208 se
3404 5169 3495 5209 uo-

229 5256 489 5329 Χριστόν.
539 5253 776 5325 Προσῄει
813 5251 913 5323 μὲν
948 5249 1058 5322 γὰρ
1095 5248 1235 5320 μετὰ
1278 5245 1531 5317 κραυγῆς
1584 5245 1804 5315 ἰσχυρᾶς

1923 5239 2009 5296 bis
2039 5251 2545 5312 praeceptoremque
2590 5240 2895 5307 exhiberet,
2945 5241 3122 5298 valido
3165 5243 3402 5298 clamore
3451 5255 3504 5299 rt

232 5348 329 5403 καὶ
359 5346 662 5418 ἱκετηρίας,
704 5344 782 5408 ὡς
811 5341 934 5398 καθ’
979 5342 1126 5412 ἡμᾶς
1174 5335 1445 5409 γεγονώς·
1479 5334 1804 5407 εἰσηκούσθη

1923 5334 2318 5406 supplicatione
2370 5343 2626 5404 tanquam
2666 5334 2827 5390 homo
2871 5335 2937 5390 ad
2970 5334 3137 5391 Deum
3169 5338 3433 5403 accessit,
3474 5353 3503 5392 a

269 5504 314 5537 δ’
348 5501 515 5557 ilebr.
543 5517 599 5569 ν,
633 5500 753 5555 7-9.
828 5498 873 5529 ⁸⁸
902 5494 921 5549 i
951 5495 1078 5552 Cor.
1110 5511 1186 5562 χι,
1216 5496 1268 5550 l.
1344 5493 1390 5526 ⁸³
1426 5492 1441 5547 l
1471 5491 1619 5549 Petr.
1658 5508 1721 5560 ιι,
1750 5490 1804 5547 Ξ(

1916 5491 1964 5524 ⁸⁸
1996 5490 2187 5553 Matth.
2218 5505 2275 5556 ι,
2305 5489 2397 5545 25.
2476 5492 2520 5524 ⁸³
2556 5490 2714 5548 Rom.
2755 5507 2874 5557 vm,
2904 5492 2999 5547 55.
3076 5491 3123 5525 ⁸⁸
3145 5454 3270 5549 Acti
3309 5508 3381 5559 Ix,
3411 5493 3506 5552 25.

1347 5628 1523 5683 Varia:
1561 5627 1823 5684 lectiones
1845 5626 2047 5683 codicis
2072 5624 2435 5695 Seguieriaui.

239 5780 267 5815 ι
304 5768 670 5832 ἐκδεδωκότας
704 5767 928 5830 ἑαυτοὺς
952 5767 1087 5829 τοῖς.
1164 5776 1189 5805 ιι
1223 5762 1383 5817 αὑτὸν
1416 5763 1643 5817 ἱκεσίαν.
