3952 6200
466 267 599 326 1591

1427 260 1489 317 S.
1528 256 1810 316 CVRILLI
1848 254 2323 315 ALEXANDRINI
2359 251 2672 312 ARCIIIEP.

3595 246 3739 305 159‘!

466 402 575 455 quo
620 383 783 441 etiam
837 390 1094 453 tanquam
1129 395 1289 437 verus
1330 380 1698 450 naturalisque
1729 380 1920 445 Filius,
1958 380 2051 449 qui

2168 379 2229 444 5‘s,
2280 378 2358 441 ὡς
2403 377 2562 446 φύσει
2592 375 2689 430 καὶ
2719 373 2937 445 ἀληθῶς
2968 372 3097 437 Υἱὸς
3148 372 3209 426 οὗ
3256 371 3736 445 παρακουόμενος.

473 477 737 546 repulsam
800 475 908 546 pati
967 489 1073 529 non
1121 481 1328 544 posset,
1386 473 1670 528 exauditus
1722 481 1827 528 est.
1890 472 2049 543 162

474 591 490 619 ι
534 568 641 639 Ego
682 568 851 631 enim,
899 565 1094 635 inquit,
1136 566 1372 619 sciebam
1421 564 1545 633 quia
1593 578 1808 634 semper
1834 577 1923 617 me
1950 578 2049 616 au-

470 666 555 717 dis
585 661 655 715 '7.
691 679 709 713 ι
757 659 827 715 Ut
856 659 998 715 enim
1050 667 1266 712 nostras
1296 669 1484 726 preces
1525 655 1636 711 Deo
1670 656 1917 710 redderet
1958 670 2051 711 ac-

470 764 675 824 ceptas,
714 753 827 823 ipse
854 751 1060 821 primus
1087 765 1197 803 rem
1223 763 1450 803 exorsus
1474 759 1575 816 est,
1607 758 1861 817 paternas
1889 759 2049 801 aures

473 857 576 910 hac
602 852 812 908 ratione
846 852 1097 904 humanae
1130 856 1339 902 naturae
1373 842 1771 913 quodammodo
1803 838 2051 909 aperiens

471 948 837 1016 dilatansque,
878 952 933 1000 et
980 957 1170 997 eorum
1228 938 1392 1000 votis,
1434 936 1527 1005 qui
1571 933 1713 989 illius
1748 944 1909 986 causa
1950 927 2051 981 ali-

470 1039 685 1110 quando
742 1035 1197 1107 periclitarentur,
1248 1028 1436 1084 faciles
1494 1035 1882 1096 promptasque
1938 1019 2052 1075 eiii-

468 1134 641 1188 ciens.
675 1129 784 1184 Nos
830 1127 1013 1196 itaque
1054 1125 1171 1193 ipso
1219 1120 1383 1177 veluti
1416 1120 1468 1173 in
1496 1118 1668 1172 altero
1712 1112 1928 1185 generis
1953 1125 2051 1165 no-

470 1225 570 1279 stri
621 1221 889 1293 principio
921 1232 1159 1279 eramus,
1203 1215 1294 1285 qni
1327 1212 1505 1266 valido
1533 1224 1656 1265 cum
1702 1207 1944 1263 clamore
1997 1211 2054 1258 et

470 1315 725 1388 Iacrymis
748 1353 762 1378 ,
791 1322 849 1368 ut
883 1310 1072 1365 mortis
1104 1305 1390 1378 imperium
1420 1303 1473 1357 in
1502 1301 1657 1356 nobis
1701 1297 2011 1354 aboleretur
2031 1334 2049 1362 ,

470 1422 523 1466 et
557 1411 664 1463 vita
700 1416 906 1462 naturae
956 1412 1156 1458 nostrae
1183 1400 1454 1470 quondam
1494 1396 1691 1452 donata
1736 1392 1912 1448 denuo
1956 1389 2053 1445 [Ir-

473 1510 737 1563 maretur,
768 1497 927 1551 enixe
955 1493 1401 1564 cIIlagitabamus.
1812 1534 1875 1539 H.
1898 1534 1906 1536 V

543 1586 680 1642 XLI.
716 1585 886 1639 Porro
924 1593 1125 1644 autem,
1167 1579 1311 1651 quod
1355 1575 1766 1647 obtemperandi
1797 1573 1906 1628 Deo
1940 1581 2054 1628 stu-

472 1682 618 1737 dium
687 1676 946 1748 praclara
1027 1674 1275 1729 mercede
1336 1679 1615 1741 pensetur,
1678 1668 2053 1734 illustremque

472 1772 675 1827 exitum
732 1766 1015 1831 sortiatur,
1069 1765 1171 1818 hoc
1208 1776 1275 1817 ex
1309 1762 1424 1831 ipso
1472 1760 1662 1816 eodem
1714 1772 1930 1813 rursum
1973 1756 2056 1811 di-

472 1877 625 1919 scere
654 1860 801 1916 licet.
852 1876 870 1909 ι
903 1858 983 1912 Ex
1030 1856 1134 1921 his,
1174 1854 1369 1924 inquit,
1403 1868 1522 1924 quae
1552 1866 1745 1924 passus
1777 1862 1880 1915 est,
1914 1849 2056 1905 didi-

474 1958 549 2010 cit
571 1952 930 2010 obedientiam
963 1949 1029 2001 ⁸⁸.
1071 1968 1090 2000 ι
1122 1947 1274 2013 Quod
1305 1946 1530 2016 perinde
1559 1956 1661 2010 est,
1694 1960 1758 1999 ac
1793 1944 1836 1999 si
1866 1945 2011 1998 dicat
2038 1959 2052 1996 :

482 2068 499 2101 ι
540 2044 857 2101 Humiliavit
890 2040 1260 2110 semetipsum,
1295 2039 1468 2093 factus
1494 2037 1753 2092 obediens
1776 2042 1957 2105 'usque
1988 2033 2057 2089 ad

475 2143 729 2197 mortem,
777 2138 1006 2185 mortem
1051 2140 1230 2182 autem
1278 2126 1456 2182 crucis
1486 2125 1555 2181 ".
1608 2144 1629 2179 ι
1669 2123 2058 2180 Verumtamen

476 2231 527 2283 in
556 2240 621 2281 ea
652 2223 957 2292 abjectione
988 2229 1043 2275 ct
1077 2218 1385 2274 humilitate
1410 2232 1517 2273 non
1553 2217 1851 2288 permansit
1880 2234 1895 2271 :
1930 2230 2055 2270 nam

474 2315 910 2388 superexaltatus
960 2322 1067 2378 est,
1108 2312 1348 2378 nomine,
1398 2310 1545 2381 quod
1578 2322 1743 2378 super
1775 2323 1936 2364 omne
1962 2324 2060 2363 no-

474 2425 621 2476 men,
672 2417 893 2478 accepto
920 2406 988 2462 '°.
1022 2407 1267 2459 Humana
1307 2404 1526 2474 quidem
1555 2411 1640 2457 est
1669 2401 1827 2471 hujus
1870 2402 2061 2457 dictio-

475 2501 560 2557 nis
598 2499 766 2569 Iigura
792 2515 807 2552 :
833 2482 1022 2552 'verum
1051 2495 1263 2550 illustre
1286 2493 1441 2549 nobis
1466 2490 1773 2563 exemplum
1807 2492 1895 2546 hic
1933 2507 2060 2561 pro-

474 2594 725 2662 ponitur;
766 2590 1073 2646 ostenditur
1102 2589 1246 2644 enim
1276 2587 1639 2642 obedientiam
1670 2595 1726 2642 et
1764 2584 2058 2653 gloriosam

474 2683 907 2739 etadmiratione
938 2680 1154 2750 dignam
1211 2688 1264 2733 et
1299 2678 1563 2733 bonorum
1595 2675 1835 2731 omnium
1877 2674 2061 2730 conci-

477 2774 739 2830 liatricem
786 2787 928 2829 esse.
957 2770 1110 2837 Quod
1141 2770 1307 2842 igitur
1332 2769 1650 2825 Emmanuel
1679 2785 1787 2825 non
1827 2778 1951 2823 ante
1981 2769 2062 2822 in-

470 2865 869 2930 carnationem,
924 2864 1019 2918 sed
1070 2862 1123 2916 in
1179 2862 1368 2917 diebus
1409 2860 1592 2916 carnis
1650 2875 1760 2914 suae
1805 2857 2061 2931 (quando

477 2959 756 3024 nimirum,
789 2958 925 3012 citra
961 2956 1125 3011 ullam
1169 2966 1375 3019 notam,
1413 2954 1660 3023 citraque
1696 2968 1913 3008 omnem
1945 2967 2062 3006 om—

2160 490 2177 523 ι
2202 468 2344 539 Ἐγὼ
2373 468 2504 541 γὰρ,
2539 468 2723 538 φησὶν,
2756 467 2901 538 ᾔδειν
2934 466 3017 519 ὅτι
3055 464 3286 519 πάντοτέ
3316 481 3419 535 μου
3448 462 3731 528 ἀκούεις.»

2154 563 2275 617 Ἶνα
2316 562 2425 632 γὰρ
2455 561 2548 615 καὶ
2592 560 2691 625 τὰς
2717 559 2876 630 ἡμῶν
2905 559 3216 629 προσευχὰς
3248 556 3444 619 δεκτάς
3477 554 3737 626 γενέσθαι

2153 655 2584 726 παρασκευάσῃ,
2620 652 2783 706 πάλιν
2818 652 2982 715 αὐτὸς
3012 651 3321 720 ἀπάρχεται
3344 650 3439 703 τοῦ
3468 649 3739 719 πράγμα-

2151 764 2265 811 τος,
2318 746 2600 817 μονονουχὶ
2630 743 2980 813 κατευρύνων
3009 745 3076 812 τῇ
3107 741 3395 813 ἀνθρώπου
3440 740 3606 811 φύσει
3638 741 3737 811 τὴν

2150 838 2248 892 τοῦ
2277 838 2489 909 Πατρδς
2522 836 2712 907 ἀκοὴν,
2746 835 2843 888 καὶ
2879 831 2993 887 οἷον
3017 834 3376 905 ἑτοιμοτάτην
3406 833 3737 904 παρατιθεὶς

2151 933 2272 995 ταῖς
2314 929 2422 983 τῶν
2473 929 2542 983 δι’
2587 928 2751 983 αὑτὸν
2802 926 3223 981 κινδυνευόντων
3265 927 3474 996 εὐχαῖς.
3524 924 3738 978 Οὐκοῦν

2152 1022 2317 1093 ἡμεῖς
2357 1016 2500 1091 ἦμεν
2545 1021 2603 1072 ὲν
2637 1018 2807 1089 αὐτῷ,
2849 1018 3101 1088 καθάπερ
3146 1019 3204 1072 ὲν
3238 1019 3464 1088 ἀπαρχῇ
3504 1015 3735 1087 δευτέρᾳ

2151 1111 2249 1167 τοῦ
2290 1112 2502 1182 γένους,
2550 1111 2599 1164 ol
2629 1110 2767 1181 μετὰ
2802 1111 3052 1181 κραυγῆς
3083 1111 3310 1180 ἰσχυρᾶς
3342 1110 3437 1162 καὶ
3468 1110 3575 1163 οὐκ
3608 1109 3737 1162 ἀδα-

2153 1205 2315 1278 κρυτὶ
2358 1204 2809 1277 προσευχόμενοι,
2859 1203 2954 1255 κα)⁵
3014 1201 3074 1255 τὸ
3106 1201 3203 1255 τοῦ
3252 1201 3487 1255 θανάτου
3538 1202 3738 1271 κράτος

2153 1297 2570 1371 καταργηθῆναι
2598 1295 3069 1367 παρακαλοῦντες,
3101 1296 3317 1365 ἰσχῦσαι
3344 1295 3403 1349 δὲ
3437 1293 3541 1366 τὴν
3572 1293 3739 1365 ζωὴν,

2151 1393 2255 1465 τὴν
2281 1392 2378 1447 καὶ
2409 1391 2580 1447 πάλαι
2606 1393 2672 1462 τῇ
2714 1388 2876 1460 φύσει
2909 1387 3313 1460 δεδωρημένην.

2226 1568 2505 1624 ΜΑ’.”Οτι
2530 1567 2589 1621 δὲ
2618 1566 2683 1619 τὸ
2716 1564 3028 1620 ὑπακοῦσαι
3057 1562 3177 1635 Θεῷ
3203 1562 3462 1636 λαμπρὸν
3491 1562 3595 1616 καί
3623 1562 3745 1616 ἀπό-

2158 1660 2389 1715 ϐλεπτον
2434 1659 2545 1730 ἔχει
2591 1658 2652 1712 τὸ
2685 1658 2877 1729 πέρας,
2921 1657 2997 1720 ὡς
3040 1657 3097 1709 ὲν
3128 1655 3278 1727 αύτῷ
3306 1655 3370 1726 δὴ
3406 1654 3576 1708 πάλιν
3619 1654 3746 1723 ὀψό-

2086 1721 2134 1784 B
2162 1754 2322 1826 μεθα.
2356 1772 2374 1805 ι
2419 1721 2535 1822 ’Ᾰφ
2569 1746 2645 1806 ὧν
2677 1721 2807 1821 γὰρ,
2848 1750 3032 1821 φησιν,
3062 1721 3283 1813 ἔπαθεν,
3305 1721 3478 1818 ἔμαθε
3512 1746 3618 1818 τὴν
3648 1721 3746 1799 ύπο

2156 1846 2346 1917 ακοήν.
2380 1864 2399 1898 ι
2432 1846 2658 1913 Ὅμοιον
2698 1843 2805 1912 γὰρ
2832 1840 2908 1904 ὡς
2958 1842 3006 1893 εἰ
3034 1839 3181 1908 λέγοι
3210 1838 3405 1909 τυχόνο
3442 1858 3461 1890 ι
3485 1838 3748 1891 Temul-

2157 1955 2331 1995 νωκεν
2380 1935 2590 2002 ἑαυτὸν,
2641 1933 2935 2004 γενόμενος
2982 1933 3223 2002 ὑπήκοος
3272 1930 3435 2001 μέχρι
3485 1928 3743 1998 Θανάτου,

2160 2030 2391 2084 Θανάτου
2420 2027 2478 2081 δὲ
2509 2024 2767 2096 σταυροῦ.
2805 2043 2823 2075 ι
2866 2022 3008 2076 Ἀλλ’
3037 2023 3098 2075 οὐ
3129 2022 3414 2093 μεμένηκε
3445 2022 3739 2084 ταπεινός

2160 2119 2495 2191 ὑπερυψὼθη
2545 2117 2653 2187 γὰρ
2692 2115 2875 2169 λαϐὼν
2908 2115 3080 2186 ὄνομα
3111 2115 3173 2167 τὸ
3211 2114 3351 2185 ὑπὲρ
3397 2115 3512 2167 πᾶν
3557 2113 3745 2183 ὃνομα.

2173 2209 2539 2282 Ἀνθρώπινον
2565 2210 2664 2279 μὲν
2685 2206 2777 2262 τοῦ
2803 2206 2961 2275 λόγου
2988 2205 3048 2259 τὸ
3076 2206 3280 2277 σχῆμα,
3306 2205 3536 2277 ἄριστός
3554 2222 3619 2275 γε
3646 2205 3747 2275 μὴν

2162 2304 2242 2367 είς
2289 2302 2437 2373 ἡμᾶς
2483 2302 2512 2354 6
2561 2298 2656 2353 τοῦ
2692 2298 3022 2369 πράγματος
3068 2296 3260 2360 τύπος,
3304 2296 3509 2349 εὐκλεᾶ
3557 2313 3617 2348 τε
3658 2297 3749 2349 καὶ

2162 2392 2495 2461 ἀξιάγαστον
2525 2389 2845 2458 ἀποφαίνων
2880 2386 2976 2458 τὴν
3007 2386 3273 2458 ὑπακοὴν,
3300 2386 3515 2440 καὶτοῦ
3547 2387 3750 2447 παντὸς

2162 2486 2295 2557 ἡμῖν
2326 2482 2583 2554 πρόξενον
2613 2478 2842 2549 ἀγαθοῦ.
2876 2478 3058 2542 Τύπος
3074 2476 3167 2531 οὖν
3196 2478 3306 2548 ἀρα
3334 2478 3429 2531 καὶ
3456 2479 3754 2548 ὑπογραμ-

2146 2572 2267 2650 ’μὸς
2298 2577 2378 2640 εἰς
2405 2576 2554 2645 ἡμᾶς
2579 2573 2639 2627 τὸ
2676 2572 2813 2644 μετά
2845 2572 3094 2643 κραυγῆς
3125 2572 3354 2642 ἰσχυρᾶς
3378 2572 3470 2624 καὶ
3495 2570 3754 2641 δακρύων

2164 2666 2561 2740 προσεύχεσθαι
2591 2663 2987 2735 πειραζόμενον
3017 2663 3109 2715 τὸν
3150 2661 3513 2732 Ἐμμανουὴλ,
3546 2663 3612 2714 ού
3643 2661 3756 2733 πρὸ

2164 2766 2261 2835 τῆς
2295 2760 2789 2833 ὲνανορωπήσεως,
2822 2758 2936 2811 ἀλλ’
2967 2758 3027 2810 ἐν
3058 2759 3180 2820 ταῖς
3216 2757 3445 2827 ἡμέραις
3471 2757 3576 2824 τῆς
3612 2773 3755 2826 cap-

2164 2857 2259 2921 κὸς
2289 2855 2478 2922 αὐτοῦ,
2503 2856 2590 2909 ὅτε
2618 2854 2714 2907 καὶ
2738 2850 2896 2906 τοῦτο
2926 2851 3062 2922 δρᾷν
3098 2850 3438 2919 ἀνεγκλήτως
3470 2850 3631 2918 ἐξῆν,
3662 2849 3755 2903 οὑ-

2164 2952 2252 3005 δὲν
2280 2952 2360 3013 εἰς
2389 2949 2488 3019 τὴν
2517 2948 2617 3018 τῆς
2670 2945 2929 3016 Θεότητος
2958 2941 3317 3012 ἀδικούμενον
3346 2940 3533 3008 δόξαν,
3568 2939 3753 3009 ἀφιεί-

474 3050 608 3103 uino
643 3048 836 3103 divina!
872 3046 1056 3118 gloriae
1089 3062 1201 3101 suae
1242 3045 1491 3115 injuriam
1527 3043 1708 3099 facere
1742 3044 1794 3098 id
1829 3042 2060 3108 licebat;

2169 3062 2269 3115 σης
2303 3043 2361 3096 δὲ
2392 3041 2599 3113 μᾶλλον
2631 3039 2763 3094 αὐτὸ
2787 3036 2948 3090 τοῦτο
2978 3036 3113 3105 δρᾷν
3138 3034 3240 3103 τῆς
3272 3034 3411 3103 μετά
3440 3033 3643 3102 σαρκὸς
3667 3033 3753 3083 οἰ-

478 3141 585 3199 imo
614 3155 741 3196 vero
767 3140 984 3210 quando
1027 3138 1356 3209 dispensatio
1399 3151 1524 3192 cum
1557 3150 1725 3191 carne
1764 3134 1881 3190 Iieri
1920 3134 2065 3189 istud

478 3233 861 3303 permittebat:
906 3230 1109 3300 alioqui
1149 3231 1292 3285 enim
1339 3229 1611 3299 quomodo
1663 3227 1774 3282 vita
1828 3235 2063 3281 mortem

480 3325 784 3381 timuisset?
832 3328 851 3394 )
902 3332 1144 3378 tentatus
1194 3323 1670 3391 impugnatusque,
1718 3318 1894 3374 valido
1935 3334 2061 3373 cum

478 3416 718 3472 clamore
740 3425 796 3470 et
839 3415 1093 3486 Iacrymis
1126 3414 1303 3468 oravit
1337 3428 1352 3466 :
1386 3413 1440 3467 id
1467 3412 1624 3467 nobis
1656 3411 1725 3467 ad
1753 3410 2060 3480 exemplum

478 3510 624 3579 quod
668 3508 939 3562 imitemur
970 3545 987 3573 ,
1024 3506 1354 3577 propositum
1389 3519 1511 3560 esse
1543 3503 1861 3558 existimare
1898 3501 2064 3557 debe-

481 3616 623 3657 mus.
678 3598 813 3654 Nam
867 3613 990 3654 cum
1043 3597 1159 3667 ipse
1202 3611 1299 3651 nos
1344 3596 1397 3650 iu
1453 3594 1710 3665 periculis
1758 3592 1889 3648 velit
1943 3606 2067 3648 esse

480 3706 643 3762 quam
671 3688 1118 3753 animosissimos,
1148 3699 1445 3755 eormnque
1486 3685 1660 3740 minas
1690 3703 1709 3737 ι
1744 3684 1834 3756 qui
1866 3696 2066 3753 corpus

482 3794 694 3839 tantum
723 3782 1081 3849 occidunt’°‘,
1110 3799 1128 3832 ι
1162 3789 1512 3836 contemnere
1534 3778 1722 3850 jubeat
1753 3795 1766 3831 :
1795 3773 2065 3847 quomodo

486 3876 852 3947 deprehensus
883 3885 1028 3931 esset
1062 3873 1200 3928 at'ﬂci
1228 3872 1459 3929 timore?
1502 3879 1596 3926 aut
1630 3869 1900 3941 quomodo
1924 3868 2066 3924 vires

484 3982 590 4023 non
636 3969 917 4024 habuisset
947 3974 1173 4022 mortem
1210 3980 1239 4019 a
1269 3963 1484 4036 propria
1520 3976 1684 4018 carne
1736 3960 2061 4033 depellendi,

2167 3135 2460 3206 κονομίας·
2513 3131 2636 3185 ἐπεὶ
2667 3130 2790 3184 τίνα
2821 3128 3025 3199 τρόπον
3054 3124 3397 3195 κατεπτοήθη
3444 3124 3680 3177 θάνατον
3718 3126 3757 3194 ἠ

2167 3226 2316 3297 ζωής
2359 3224 2415 3275 '0
2443 3222 2500 3275 δὲ
2531 3222 2627 3274 καὶ
2656 3220 2804 3290 ἡμᾶς
2832 3216 3029 3279 αὐτοὺς
3058 3214 3377 3284 ἀποφαίνων
3418 3212 3759 3282 εὐτολμοτάο

2163 3334 2311 3381 τους,
2342 3314 2438 3369 καὶ
2466 3313 2640 3383 λέγων
2659 3329 2673 3344 ο
2711 3331 2729 3364 ι
2770 3311 2864 3382 Μὴ
2894 3308 3148 3379 φοϐεῖσθε
3179 3307 3291 3361 ἀπὸ
3337 3306 3444 3360 τῶν
3487 3307 3759 3359 ἀποκτει-

2169 3409 2370 3463 νόντων
2396 3406 2458 3460 τὸ
2484 3406 2675 3477 σῶμω
2711 3423 2729 3457 ι
2772 3403 2890 3466 πῶς
2929 3402 2997 3456 ἂν
3027 3401 3142 3472 ἥλω
3171 3399 3360 3454 παθὼν
3394 3400 3493 3471 τὴν
3520 3399 3759 3463 ﬁniit-ni;

2169 3499 2204 3569 ἢ
2236 3497 2354 3561 πῶς
2381 3497 2446 3551 ἂν
2476 3495 2707 3567 ῆτόνησε
2744 3495 2843 3564 τῆς
2884 3492 3021 3555 ιδίας
3056 3490 3263 3563 σαρκὸς
3290 3489 3640 3560 ἀποσοϐῆσαι
3664 3490 3763 3543 τὸν

2172 3591 2425 3657 θάνατον,
2456 3591 2485 3643 6
2516 3589 2734 3643 πάντων
2765 3586 2930 3639 αὑτὸν
2962 3584 3227 3653 ἀφιστὰς,
3259 3585 3288 3637 6
3320 3585 3419 3654 μιᾷ
3452 3586 3609 3653 φωνῇ
3632 3584 3763 3645 τοὺς

2170 3686 2229 3739 ὲν
2265 3685 2381 3748 τοῖς
2434 3681 2722 3753 μνημείοις
2751 3678 2992 3749 ἐγείρειν
3026 3674 3484 3746 ὑπισχνούμενος,
3532 3676 3626 3727 καὶ
3661 3674 3762 3726 οὐκ

2168 3775 2462 3845 ἀνέφικτον
2512 3771 2662 3842 αὑτῷ
2711 3773 2770 3826 τὸ
2818 3770 3012 3842 χρῆμα
3050 3768 3346 3832 δεικνύων;
3403 3767 3764 3838 Προσεφὼνει

2172 3868 2273 3939 μὲν
2320 3867 2429 3937 γάρ
2475 3865 2717 3936 Λαζάρῳ
2786 3864 2920 3935 μέν⁸
2956 3881 2974 3913 ι
3004 3862 3174 3932 Δεῦρο
3209 3860 3343 3925 ἔξω·
3381 3879 3399 3911 ι
3436 3860 3523 3931 τῷ
3572 3860 3632 3914 δὲ
3669 3859 3767 3929 τῆς

2168 3961 2345 4033 χήρας
2378 3959 2511 4033 υίῷ·
2547 3980 2565 4011 ι
2610 3958 2905 4023 Νεανίσκε,
2941 3957 3024 4010 σοὶ
3051 3956 3218 4024 λέγω,
3248 3954 3540 4025 ἐγέρθητι,
3584 3973 3605 4006 ι

483 4067 574 4135 qui
609 4063 678 4121 ab
722 4062 975 4119 omnibus
1014 4060 1160 4115 illam
1206 4058 1481 4124 amolitur,
1520 4057 1611 4126 qui
1647 4056 1764 4111 sola
1808 4069 1939 4110 voce
1974 4068 2069 4109 eos
2106 4054 2200 4123 qui
2247 4054 2299 4109 in
2342 4053 2709 4108 monumentis
2749 4059 2898 4116 sunt,
2964 4063 3030 4104 se
3071 4047 3437 4103 excitaturum
3490 4043 3769 4115 promisit,

486 4167 626 4212 (ιιι-ε
670 4158 784 4225 ipsa
842 4155 892 4209 id
945 4168 1004 4208 se
1052 4166 1218 4223 posse
1262 4149 1560 4206 declaravit
1606 4148 1693 4201 9‘?
1748 4146 2070 4202 Acclamans
2109 4146 2253 4201 enim
2309 4143 2566 4200 Lazaro:
2643 4162 2663 4195 ι
2694 4142 2829 4197 Veni
2889 4141 3036 4197 foras
3063 4141 3146 4207 ”;
3176 4158 3196 4192 ι
3248 4147 3306 4194 et
3351 4139 3541 4195 vidum
3613 4138 3775 4193 ﬁlio.

493 4266 512 4300 ι
543 4249 896 4314 Adolescens,
935 4245 1032 4300 tibi
1065 4245 1205 4307 dico,
1242 4257 1405 4312 surge
1441 4241 1490 4273 ’³
1523 4260 1536 4296 :
1577 4260 1597 4293 ι
1640 4250 1933 4310 utrumque
1963 4238 2148 4293 statim
2182 4238 2235 4292 in
2273 4237 2441 4291 vitam
2490 4236 2792 4291 revocavit.

557 4338 719 4396 XLII.
763 4338 915 4404 Quod
942 4337 987 4392 si
1038 4337 1130 4407 qui
1177 4344 1323 4399 sunt,
1367 4334 1459 4404 qui
1505 4342 1694 4389 contra
1732 4331 2061 4400 Scripturam

2248 4326 2383 4382 MB’.
2417 4327 2480 4379 EI
2517 4326 2574 4379 δὲ
2604 4326 2667 4395 δή
2693 4342 2837 4389 τινες
2871 4320 2982 4378 εἷεν
3023 4325 3074 4378 οἱ
3113 4322 3423 4396 τολμῶντες
3452 4323 3667 4394 λέγειν,
3701 4326 3778 4391 ὡς

491 4430 796 4488 temeritate
848 4426 1080 4503 quadam
1139 4422 1296 4494 163
1349 4435 1515 4491 prave
1563 4420 1879 4486 sentientes,
1917 4416 2067 4472 illum

491 4540 586 4597 per
614 4538 672 4579 se
714 4520 990 4590 vulgarent
1030 4526 1233 4571 tantum
1275 4514 1548 4569 hominem
1582 4512 1858 4567 exstitisse
1887 4511 2071 4565 dicere

491 4617 742 4680 audeant,
792 4610 882 4682 qui
930 4624 995 4664 cx
1026 4622 1181 4663 sacra
1225 4604 1448 4676 Virgine
1489 4614 1641 4659 ortus
1670 4617 1792 4657 cum
1832 4602 2070 4655 clamore

492 4709 669 4765 valido
708 4715 764 4762 et
803 4702 1059 4775 Iacrymis
1090 4713 1279 4772 preces
1318 4707 1373 4753 et
1398 4696 1823 4768 supplicationes
1875 4693 2070 4748 obtulit

494 4803 568 4856 illi
607 4799 699 4871 qui
733 4813 856 4855 eum
888 4814 917 4850 a
962 4802 1140 4850 morte
1196 4791 1426 4847 liberare
1479 4798 1707 4857 poterat,
1761 4803 1828 4844 ne
1877 4788 2069 4843 merito

490 4893 779 4964 quemdam
808 4905 873 4945 ex
905 4886 1111 4943 sanctis
1154 4883 1408 4955 apostolis
1441 4882 1555 4937 lucc
1598 4882 1698 4937 sibi
1730 4881 2067 4936 occinentem

492 4984 794 5040 audiverim
840 4999 862 5037 ς
901 5000 920 5034 ι
971 4979 1033 5034 lIi
1082 4989 1207 5035 sunt
1253 4977 1345 5046 qui
1401 4982 1686 5044 segregant
1726 4973 2072 5041 semetipsos,

493 5076 776 5139 animales,
812 5073 1059 5145 spiritum
1085 5086 1187 5126 non
1216 5069 1477 5124 habentes
1510 5066 1575 5119 ³⁸.
1613 5085 1630 5118 ι
1669 5064 1862 5132 Quaero
1891 5074 2070 5119 autem

494 5186 561 5224 ex
599 5169 724 5237 illis,
756 5169 846 5238 qui
891 5168 1007 5221 tunc
1052 5164 1266 5219 eIIutire
1331 5175 1439 5215 non
1488 5158 1837 5223 erubescunt,
1893 5166 2075 5210 utrum

498 5258 900 5316 Eminanuelem
932 5273 1123 5329 purum
1162 5265 1369 5310 tantum
1397 5254 1670 5309 hominem
1702 5265 1823 5306 esse
1851 5249 2078 5304 onmiuo
2118 5234 2132 5252 ’

497 5351 753 5414 sentiant,
805 5349 895 5420 qui
942 5349 1011 5404 ob
1055 5350 1106 5404 id
1154 5364 1318 5402 unum
1364 5362 1548 5417 parem
1593 5360 1716 5401 cum
1768 5345 1875 5398 Deo
1905 5341 2073 5398 Verbi

2177 4421 2324 4475 ἐστιν
2366 4421 2652 4492 ἄνθρωπος
2702 4418 2882 4481 ίδικῶς
2926 4417 2955 4470 6
2999 4419 3061 4471 ἐκ
3104 4417 3203 4487 τῆς
3248 4416 3415 4484 ἁγίας
3454 4417 3775 4489 Παρθένου,

2177 4512 2391 4584 δεήσεις
2419 4528 2478 4565 τε
2503 4510 2598 4563 καὶ
2641 4510 2923 4581 ἱκετηρίας
2954 4508 3093 4579 μετά
3118 4507 3368 4578 κραυγῆς
3400 4492 3641 4579 ίσχυρᾱς
3682 4512 3781 4563 καὶ

2176 4602 2431 4671 δακρύων
2476 4600 2853 4671 προσενέγκας
2900 4600 3034 4671 πρὸς
3077 4601 3168 4653 τὸν
3222 4600 3529 4670 δυνάμενον
3579 4599 3778 4665 σώζειν

2178 4694 2342 4748 αὐτὸν
2375 4693 2441 4747 ὲκ
2466 4693 2719 4757 θανάτου,
2756 4693 2991 4763 μάλιστα
3021 4693 3120 4762 μὲν
3152 4694 3265 4756 τοῖς
3292 4692 3458 4762 ἱεροῖς
3492 4693 3779 4764 ἀπᾴδοντα

2176 4788 2471 4859 γράμμασι
2533 4787 2752 4857 φρονεῖν
2805 4784 3097 4856 ᾑρημένοι,
3154 4784 3379 4847 δικαίως
3434 4783 3781 4837 ἀκούσονται

2176 4879 2429 4948 λέγοντος
2457 4878 2640 4940 αὐτοῖς
2670 4877 2790 4941 ἐνὸς
2827 4876 2938 4930 τῶν
2962 4876 3133 4945 ἀγίων
3168 4875 3485 4930 ἀποστόλων
3508 4891 3525 4907 ·
3562 4895 3582 4928 ι
3616 4870 3784 4931 Οὗτοί

2180 4972 2319 5024 εἰσιν
2345 4970 2394 5023 οἱ
2416 4970 2850 5041 ἀποδιορίζοντες
2878 4968 3121 5039 ψυχικοὶ,
3139 4967 3357 5038 πνεῦμα
3386 4967 3463 5037 μὴ
3491 4968 3778 5036 ἔχοντες.»

2181 5059 2317 5117 Εἶτα
2364 5064 2501 5134 πρὸς
2527 5061 2702 5133 τούτῳ
2751 5061 3066 5133 φραζόντων
3098 5063 3275 5115 ἐκεῖνο
3296 5077 3310 5091 ’
3363 5059 3608 5130 πότερόν
3643 5076 3783 5111 ποτε

2179 5154 2337 5226 ψιλὸν
2378 5154 2667 5225 ἄνθρωπον
2693 5147 2837 5207 εἷναί
2868 5170 3034 5223 φασιν
3068 5152 3252 5215 αὐτὸν,
3294 5152 3465 5222 ῆγουν
3518 5150 3787 5218 καθάπερ

2179 5250 2356 5304 εἰπεῖν
2388 5248 2817 5321 τεθαρῤήκασιν,
2842 5248 2985 5318 ἔχειν
3011 5245 3108 5318 τὴν
3132 5246 3349 5315 ἰσότητα
3376 5246 3474 5313 τῆς
3498 5243 3668 5307 ἀξίας
3688 5244 3790 5295 καὶ

2178 5342 2279 5412 τῆς
2313 5340 2619 5405 αὑθεντίας,
2653 5341 2753 5410 τῆς
2778 5340 2912 5410 πρός
2940 5356 3025 5408 γε,
3055 5338 3220 5408 φημὶ,
3248 5336 3340 5389 τὸν
3369 5337 3435 5387 ὲκ
3465 5333 3611 5387 Θεοῦ
3641 5334 3789 5387 Θεὸν

498 5440 815 5511 dignitatem
854 5452 915 5496 et
952 5441 1327 5497 auctoritatem
1383 5439 1610 5495 sortitus
1652 5436 1889 5500 dicatur,
1936 5449 2061 5505 quo:

2181 5434 2376 5505 Λόγον,
2409 5433 2486 5498 ὡς
2512 5432 2660 5511 αὐτῷ
2688 5431 3067 5504 συνημμένον;
3102 5429 3167 5483 Ei
3206 5430 3303 5483 μὲν
3345 5423 3440 5482 οὖν
3480 5427 3788 5498 ἄνθρωπον

567 5617 609 5648 ⁸⁷
645 5615 799 5673 Joan.
829 5632 903 5681 xl,
930 5616 1023 5671 42.
1102 5616 1147 5648 ⁸⁸
1174 5615 1339 5671 Hebr.
1400 5629 1453 5677 v,
1509 5613 1563 5669 8.
1667 5612 1712 5682 ξ’
1751 5610 1981 5682 Philipp.

507 5689 555 5725 θα
588 5686 742 5742 Joau.
779 5700 853 5754 xi,
885 5687 973 5741 45.
1051 5686 1096 5718 ”
1122 5685 1253 5740 Luc.
1283 5701 1379 5750 vn,
1416 5684 1502 5738 Η.
1579 5683 1623 5718 ⁹⁶
1658 5681 1810 5738 Juda'.
1843 5681 1975 5753 I9.,

2030 5628 2089 5680 ιι,
2131 5612 2185 5667 8.

2287 5612 2333 5646 ’⁸
2361 5612 2490 5669 ibid.
2529 5612 2581 5669 9.
2690 5613 2757 5645 ⁹⁰⁶
2816 5610 3006 5668 Matth.
3045 5626 3099 5677 κ,
3133 5610 3225 5665 28.
3302 5608 3342 5643 "
3376 5605 3544 5664 Joau.
3577 5623 3633 5672 τ,
3685 5605 3790 5664 23.
