3952 6200
194 304 334 364 I393

1007 307 1100 363 AD
1140 305 1446 364 REGINAS
1487 305 1575 362 DE
1617 304 1844 364 RECTA
1882 305 2041 364 FIDE
2081 305 2345 366 ORATIO
2384 305 2689 362 ALTERA.

3317 304 3454 361 I594

191 415 333 477 εἶναί
391 438 524 491 φασι
588 423 710 478 καθ’
758 424 910 496 ἡμᾶς
976 424 1160 495 ψιλὸν,
1217 423 1766 498 ἀνθρωπολατροῦσιν

1889 423 2128 481 'atniliari
2171 423 2409 494 quodam
2471 421 2896 481 necessitudinis
2946 420 3160 478 vinculo
3197 419 3273 477 iiIi
3323 437 3456 477 con-

190 513 641 585 ὀμολογουμένως
665 553 682 578 ,
727 517 1162 588 προσκυνοῦντες
1223 517 1392 587 αὐτῷ.
1450 516 1768 589 Γέγραπται

189 607 319 678 γὰρ,
354 607 437 660 ὅτι
477 626 497 659 ι
536 607 743 680 Κύριον
789 609 884 663 τὸν
913 609 1046 664 Θεόν
1076 627 1168 663 σου
1197 610 1633 682 προσκυνήσεις,
1673 608 1770 662 καὶ

190 697 342 770 αύτῷ
367 699 514 770 μόνῳ
542 699 882 772 λατρεύσεις.
917 719 935 753 t
958 703 1022 755 Ei
1051 701 1108 754 δὲ
1137 701 1200 772 δὴ
1240 703 1420 770 φαῖεν,
1450 701 1534 754 ὅτι
1567 699 1769 770 κέκλη-

189 807 281 844 ται
319 790 456 860 πρὸς
509 791 733 864 ἰσότητα
783 793 883 864 τῆς
917 792 1096 859 ἀξίας,
1143 795 1314 865 ἤγουν
1345 793 1635 857 αύθεντίας
1669 792 1770 863 τῆς

193 881 330 955 πρὸς
358 882 493 936 Θεὸν
540 883 742 953 Λόγον⁹
791 881 911 939 εἶτα
939 885 1190 957 πρόσεισι
1218 885 1296 957 τῷ
1323 883 1442 956 Θεῷ
1473 884 1566 939 καὶ
1594 884 1772 956 Πατρὶ

195 974 333 1045 μετὰ
358 974 611 1045 κραυγῆς
648 976 878 1047 ίσχυρᾶς
899 977 994 1030 καὶ
1013 974 1438 1048 δεδακρυμένος,
1467 975 1563 1028 καὶ
1597 974 1771 1028 δεῖται

194 1065 287 1120 τοῦ
323 1064 590 1131 σώζοντος
611 1083 624 1096 ·
653 1067 806 1121 οὐδέν
837 1070 952 1122 ἐστι
984 1068 1045 1122 τὸ
1087 1068 1300 1123 κωλύον
1344 1069 1441 1122 καὶ
1471 1066 1637 1122 αὐτοῦ
1674 1065 1792 1120 τοῦ-

192 1157 368 1224 Λόγου
385 1156 446 1210 τὸ
465 1158 662 1229 μέτρον
678 1159 928 1214 τοσοῦτον
942 1160 1210 1234 ὑπάρχειν
1239 1161 1508 1224 ὑπονοεῖν,
1538 1161 1771 1233 ὅσονπερ

192 1249 260 1304 ἂν
312 1245 450 1304 εἶναι
506 1249 815 1306 πιστεύοιτο
863 1253 958 1308 καὶ
1004 1254 1066 1308 τὸ
1106 1254 1201 1308 τοῦ
1233 1252 1369 1326 πρὸς
1413 1252 1576 1308 αὐτὸν
1621 1251 1774 1324 ἔχον-

192 1357 286 1404 τος
328 1340 425 1412 τὴν
474 1342 700 1413 ἰσότητα
731 1343 830 1415 τῆς
867 1345 1044 1412 ἀξίας,
1095 1346 1265 1417 ἤγουν
1307 1344 1410 1413 τῆς
1461 1344 1772 1409 αύθεντίας.

194 1433 403 1487 Οὐκοῦν
430 1433 630 1504 πρέποι
657 1434 724 1489 ἀν
758 1437 851 1490 καὶ
897 1437 1048 1508 αὐτῷ
1075 1436 1137 1490 τὸ
1169 1437 1402 1492 δεδιέναι
1431 1437 1686 1502 θάνατον,
1714 1437 1776 1491 τὸ

196 1523 440 1577 κίνδυνον
471 1525 798 1596 ὑφορᾶσθαι,
826 1530 886 1582 τὸ
920 1528 1132 1584 κλαίειν
1161 1529 1220 1582 ἐν
1259 1531 1609 1601 πειρασμοῖς.
1640 1528 1776 1584 καθ-

195 1615 416 1668 εστάναι
438 1615 496 1669 δέ
527 1617 622 1670 καὶ
651 1618 710 1670 ἐν
735 1618 917 1690 ἐνδείᾳ
937 1619 1037 1690 τῆς
1071 1620 1204 1691 παρ’
1244 1620 1433 1694 ἐτέρου
1465 1609 1668 1691 χειρὸς,
1687 1617 1778 1672 ῖνα

199 1707 294 1760 καὶ
315 1707 556 1778 σώζηται
577 1724 592 1739 ο
620 1708 714 1762 καὶ
743 1709 880 1781 πρὸς
899 1710 1110 1776 τούτοις
1134 1711 1215 1765 ἔτι
1243 1713 1338 1765 καὶ
1361 1711 1658 1782 μανθάνειν
1679 1710 1780 1781 τὴν

1866 518 2088 590 junctus
2132 516 2242 572 sit?
2274 515 2430 584 Quod
2487 517 2531 571 si
2575 531 2790 586 purum,
2838 515 3100 584 nobisque
3146 513 3456 585 peremnia

1871 609 2103 665 similem
2165 608 2440 664 hominem
2511 617 2719 664 tantum
2781 623 2906 664 esse
2973 607 3233 672 dixerint,
3307 614 3458 661 certe

1871 708 2063 768 aperto
2119 700 2565 770 anthropolatria:
2612 700 2840 756 crimine
2890 701 3256 763 tenebuntur,
3305 697 3456 753 illum

1873 792 2180 848 adorantes.
2201 789 2474 864 Scriptum
2487 793 2723 849 esteuim
2746 811 2760 847 :
2791 792 3103 847 «Dominum
3130 792 3457 847 Deumtuum

1874 881 2147 950 adorabis,
2180 893 2236 940 et
2272 884 2347 939 illi
2389 885 2487 940 soli
2517 885 2723 941 servies
2748 884 2816 938 θ’.
2863 904 2882 938 ι
2921 883 3073 951 Quod
3099 883 3143 938 si
3181 882 3356 952 ipsum
3389 880 3455 935 ad

1873 974 2236 1046 aequalitatem
2262 976 2542 1048 dignitatis
2572 984 2626 1032 ct
2651 976 2988 1031 auctoritatis
3011 989 3130 1029 cum
3162 973 3256 1028 Dei
3285 971 3462 1026 Verbo

1875 1076 2121 1124 evectum
2170 1070 2551 1140 respondeant,
2604 1083 2704 1124 nec
2746 1067 2816 1124 ob
2856 1067 2908 1122 id
2952 1077 3132 1122 tamen
3179 1062 3462 1136 prohiberi

1875 1158 2165 1230 quominus
2213 1158 2431 1216 Patrem
2469 1159 2646 1215 valido
2675 1174 2799 1215 cum
2844 1158 3086 1214 clamore
3118 1165 3174 1211 et
3208 1153 3464 1224 lacrymis

1877 1250 2058 1316 adeat,
2091 1249 2281 1321 illique
2333 1252 2423 1321 qui
2457 1251 2667 1307 salvare
2701 1257 2880 1321 potest
2913 1247 3139 1318 supplex
3169 1245 3292 1311 ﬁat;
3328 1241 3464 1297 nihil

1877 1344 2101 1400 omnino
2158 1344 2396 1400 obstabit
2459 1344 2746 1414 quominus
2809 1341 2983 1412 ipsius
3035 1351 3250 1409 quoque
3301 1333 3465 1390 Verbi

1879 1435 2121 1494 conditio
2169 1442 2322 1490 tanta
2365 1434 2733 1498 existimetur,
2779 1441 2980 1502 quanta
3035 1427 3153 1498 ejus
3211 1424 3303 1496 qui
3340 1439 3465 1480 cum

1884 1528 2060 1585 Verbo
2104 1527 2469 1598 aequalitatem
2512 1524 2794 1598 dignitatis
2842 1524 2958 1580 sive
3000 1519 3344 1576 auctoritatis
3368 1517 3466 1572 Ita-

1879 1621 1994 1677 bet.
2034 1621 2214 1687 Quare
2244 1629 2297 1675 et
2326 1619 2404 1673 illi
2434 1633 2652 1689 quoque
2683 1615 2970 1672 conveniet
2999 1625 3226 1668 mortem
3263 1610 3467 1666 exhor-

1883 1727 2120 1776 rescere,
2149 1709 2447 1780 periculum
2480 1710 2692 1773 timere,
2725 1708 2778 1762 in
2812 1705 3203 1763 tentationibus
3227 1703 3468 1775 plorare,

202 1793 444 1864 ὑπακοὴν
472 1794 540 1848 δι’
589 1788 666 1850 ὧν
707 1796 950 1852 πέπονθε
991 1799 1328 1872 πειρασθείς,
1390 1799 1554 1867 Ἀλλ’,
1601 1797 1778 1872 οἶμαι,

1889 1803 2112 1859 alterius
2152 1816 2256 1871 ope
2288 1809 2348 1855 ut
2370 1807 2617 1855 servetur
2644 1797 2919 1868 indigere,
2944 1807 3200 1865 expressa
3235 1790 3470 1862 denique

200 1884 353 1938 τοῦτό
393 1887 542 1940 ἐστιν
564 1887 597 1958 ἢ
629 1891 848 1960 φρονεῖν
869 1890 903 1960 ἢ
927 1889 1110 1958 λέγειν
1138 1893 1419 1964 ἀσύφηλον
1457 1892 1740 1955 παντελῶς
1756 1908 1775 1923 °

201 1975 482 2045 παναλκὴς
509 1977 619 2049 γάρ
651 1980 799 2032 ἐστιν
823 1980 854 2032 6
878 1979 973 2032 τοῦ
1003 1979 1140 2034 Θεοῦ
1176 1982 1350 2050 Λόγος
1374 2024 1387 2048 ,
1422 1984 1517 2038 καὶ
1542 1984 1776 2040 θανάτου

201 2066 486 2136 κρείττων,
515 2068 609 2122 καί⁸
643 2069 834 2124 παθῶν
863 2071 1145 2139 ἐπέκεινα,
1191 2075 1285 2127 καὶ
1329 2074 1531 2141 δειλίας
1563 2076 1778 2148 ἀνθρω-

200 2158 518 2229 ποπρεποῦς
550 2160 818 2232 ἀμέτοχος
849 2164 1156 2229 παντελῶς.
1184 2164 1346 2220 Ἀλλὰ
1379 2166 1486 2238 μὴν
1510 2168 1654 2222 οὕτω
1679 2169 1778 2239 μὲν

200 2247 412 2317 φύσεως
449 2248 611 2319 έχων,
658 2251 929 2305 πέπονθεν
971 2253 1114 2324 ύπέρ
1160 2255 1339 2324 ἡμῶν.
1389 2257 1601 2310 Οὐκοῦν
1651 2258 1775 2314 οὔτε

193 2339 353 2409 ψιλὸς
396 2339 680 2411 ἄνθρωπος
724 2344 753 2396 6
799 2344 1036 2415 Χριστὸς
1060 2382 1076 2407 ,
1115 2343 1241 2398 οὔτε
1291 2346 1534 2417 ἄσαρκος
1573 2350 1777 2418 Λόγος·

203 2433 420 2496 ένωθεὶς
451 2433 508 2486 δὲ
543 2435 747 2503 μᾶλλον
775 2439 843 2508 τῇ
883 2437 1008 2492 καθ’
1043 2440 1194 2510 ἡμᾶς
1219 2439 1622 2513 ἀνθρωπότητι,
1671 2443 1779 2496 πά-

203 2524 284 2577 θοι
322 2523 388 2577 ἃν
416 2525 642 2590 ἀπαθῶς
674 2528 840 2600 σαρκὶ
873 2532 937 2601 τῇ
975 2530 1083 2602 ἰδίᾳ
1112 2531 1182 2586 τά
1213 2530 1552 2602 ἀνθρώπινα.
1585 2534 1781 2604 Γέγονε

203 2614 380 2668 τοίνυν
401 2617 480 2680 εἰς
513 2617 865 2674 ὑποτύπωσιν
897 2622 977 2684 είς
1006 2623 1154 2692 ἡμᾶς
1185 2621 1543 2694 ἀνθρωπίνως
1572 2625 1779 2690 ἐκεῖνα,

203 2707 452 2780 καθάπερ
476 2710 614 2782 ἔφην
638 2712 696 2764 ἐν
721 2712 940 2782 ἀρχαῖς,
968 2714 1056 2767 ἴνα
1085 2718 1198 2777 τοῖς
1231 2715 1434 2787 ἴχνεσιν
1463 2717 1630 2771 αὐτοῦ
1682 2720 1782 2771 έπ-

203 2800 681 2874 ακολουθήσωμεν.
700 2803 872 2858 Τοῦτο
897 2805 1006 2878 γὰρ
1035 2806 1310 2877 ἐποίησεν,
1342 2808 1560 2880 ἐφάπαξ
1589 2810 1781 2864 ἐαυτὸν

205 2894 598 2964 προσενέγκας.
658 2895 716 2949 '0
767 2896 932 2968 νόμος
978 2897 1089 2970 γὰρ
1134 2899 1457 2970 καθίστησιν
1507 2903 1783 2974 ἀρχιερεῖς

203 2985 428 3055 ἔχοντας
455 2987 774 3042 ἀσθένειαν·
813 2991 842 3043 6
881 2988 1039 3060 λόγος
1071 2991 1129 3045 δὲ
1158 2979 1258 3063 τῆς
1297 2992 1649 3064 ὁρκωμοσίας
1682 2995 1782 3066 τῆς

206 3077 350 3147 μετά
393 3076 483 3131 τὸν
523 3078 710 3150 νόμον,
746 3080 876 3135 Υἱδν
909 3084 991 3146 εἰς
1018 3082 1109 3137 τὸν
1139 3083 1312 3137 αἰῶνα
1341 3084 1782 3157 τετελειωμένον,

207 3169 309 3240 μιᾷ
355 3169 454 3240 μὲν
496 3175 804 3244 προσφορᾷ,
849 3173 1006 3245 δῆλον
1053 3175 1108 3229 δὲ
1139 3176 1221 3231 δτι
1265 3177 1331 3247 τῇ
1373 3176 1461 3230 διὰ
1503 3177 1598 3231 τοῦ
1642 3179 1778 3233 ἰδίου

209 3258 479 3330 σώματος,
494 3256 576 3336 j
596 3283 614 3315 ι
633 3265 982 3320 τετελείωκεν
999 3269 1077 3332 είς
1092 3268 1152 3322 τὸ
1161 3269 1408 3342 διηνεκὲς
1422 3273 1549 3336 τοὺς
1564 3271 1788 3343 ἁγιαζο-

211 3351 440 3421 μένουςό
457 3354 660 3426 Κύριος
674 3358 707 3426 ἡ
715 3355 830 3427 μῶν
846 3358 1055 3429 Ἰησοῦς
1070 3361 1325 3433 Χριστός.
1342 3383 1463 3415 ›-‹
1474 3365 1787 3436 Προσκεκό-

207 3456 338 3507 μικε
368 3440 477 3513 γὰρ
509 3443 704 3498 ἑαυτὸν
734 3444 873 3515 ὑπὲρ
909 3446 1112 3517 ήμῶνιι
1145 3449 1226 3512 είς
1254 3449 1430 3521 ὀσμὴν
1456 3450 1685 3514 εὐωδίας
1710 3450 1788 3523 τῷ

208 3527 327 3600 Θεῷ
349 3530 444 3583 καὶ
475 3531 700 3604 Πατρὶ,›
721 3534 816 3587 καὶ
843 3534 1164 3589 τετελείωκε
1197 3539 1403 3607 νοητῶς
1431 3539 1522 3593 διά
1548 3540 1789 3606 πίστεως

209 3621 304 3674 καὶ
341 3621 638 3694 ἁγιασμοῦ,
665 3624 844 3678 καίτοι
866 3625 968 3695 τῆς
998 3628 1228 3698 νομικῆς
1259 3629 1518 3701 λατρείας
1547 3632 1784 3686 τελειού-

208 3728 311 3782 σης
343 3713 516 3770 οὐδέν.
564 3715 855 3787 Τοιγάρτοι
887 3716 1190 3788 κατέληξαν
1236 3721 1334 3792 μὲν
1375 3724 1425 3775 οἱ
1459 3721 1655 3788 τύποι,
1691 3724 1787 3778 καὶ

212 3805 488 3861 πέπαυται
538 3810 639 3878 τῆς
671 3807 932 3880 Ἀρχαίας
964 3809 1244 3883 Διαθήκης
1298 3813 1359 3865 τὸ
1413 3813 1672 3885 ἀνόνητον
1730 3817 1789 3870 ἐν

212 3899 426 3962 σκιαῖςο
473 3898 665 3970 γέγονε
695 3899 751 3954 δὲ
780 3903 1098 3973 ἀναγκαίως
1143 3905 1498 3978 ἐπεισαγωγὴ
1539 3908 1789 3979 κρείττο-

209 4005 302 4053 νος
327 3989 563 4055 ἐλπίδος,
603 3992 672 4047 δι’
700 3987 770 4067 ἦς
795 3995 1090 4067 ἐγγίζομεν
1119 3995 1199 4067 τῷ
1229 3996 1368 4068 Θεῷ,
1408 3999 1787 4070 μεσιτεύοντος

208 4079 306 4134 τοῦ
337 4081 611 4152 Χριστοῦ,
652 4085 747 4139 καὶ
795 4086 855 4142 ἐν
899 4086 1051 4153 τάξει
1097 4090 1382 4158 γεγονότος
1429 4091 1786 4167 ἀρχιερατικῇ

206 4170 301 4225 διά
330 4189 412 4226 τοι
434 4174 533 4244 τὴν
556 4175 693 4246 πρὸς
729 4178 877 4248 ἡμᾶς
904 4178 1184 4249 ὁμοίωσιν.

1889 1895 2186 1953 tentati'one
2211 1893 2573 1948 obedientiam
2614 1891 2843 1946 discere.
2874 1884 3050 1956 Atqui~
3081 1894 3342 1941 extremae
3371 1896 3475 1936 vc-

1886 1988 2054 2043 saniaz
2103 1985 2264 2040 fuerit
2316 1985 2432 2040 haec
2480 1983 2684 2038 sentire
2709 1981 2794 2036 vel
2827 1979 3047 2036 dicere:
3081 1987 3165 2034 est
3187 1976 3332 2031 enim
3371 1971 3483 2029 Dei

1887 2079 2126 2135 Verbum
2166 2076 2528 2146 omnipotens,
2571 2082 2747 2129 morte
2777 2071 3049 2142 superius,
3099 2069 3271 2139 majus
3315 2065 3470 2122 deni-

1888 2186 1993 2241 que
2036 2185 2197 2240 quam
2245 2177 2304 2222 ut
2347 2166 2646 2238 perpessio,
2696 2172 2793 2218 aut
2839 2161 2947 2216 ulla
2977 2160 3200 2216 omnino
3237 2159 3475 2214 humana

1893 2263 2126 2318 formido
2176 2262 2228 2315 in
2280 2261 2453 2329 ipsum
2503 2258 2699 2313 cadere
2747 2255 2945 2312 valeat.
2979 2253 3178 2308 Verum
3222 2250 3346 2304 licet
3373 2263 3471 2303 sua

1893 2363 2085 2408 natura
2115 2351 2378 2420 ejusmodi
2411 2351 2504 2416 sit,
2533 2349 2705 2403 nostri
2737 2357 2914 2401 tamen
2949 2359 3110 2400 causa
3141 2359 3236 2400 eas
3265 2340 3477 2412 passio-

1890 2459 1988 2500 nes
2018 2442 2292 2498 sustinuit.
2331 2441 2517 2509 Itaque
2547 2454 2721 2510 neque
2759 2452 2927 2508 purus
2962 2445 3170 2490 tantum
3199 2437 3362 2490 homo
3388 2443 3474 2489 est

1891 2535 2165 2601 Christus,
2201 2547 2377 2602 neque
2403 2530 2641 2587 Verbum
2677 2537 2881 2585 nostra:
2913 2529 3097 2584 carnis
3126 2541 3344 2597 expers,
3377 2524 3472 2581 sed

1891 2627 2130 2684 Verbum
2183 2633 2384 2680 nostra:
2431 2633 2639 2679 naturae
2669 2607 2903 2696 unitum,
2931 2619 3225 2676 secundum
3253 2632 3313 2674 se
3356 2615 3478 2687 qui-

1897 2721 2018 2776 dem
2089 2717 2411 2790 impatibile,
2471 2717 2707 2771 humana
2767 2724 2947 2769 autem
2997 2713 3208 2782 patiens
3268 2710 3322 2765 in
3377 2723 3476 2765 sua

1899 2827 2083 2868 carne.
2132 2812 2262 2876 Quae
2297 2810 2460 2879 igitur
2490 2817 2550 2863 ut
2593 2809 2756 2862 homo
2807 2805 3030 2876 pertulit
3081 2819 3142 2860 ea
3179 2802 3279 2875 (ut
3317 2800 3476 2872 paulo

1895 2915 2023 2959 ante
2061 2901 2422 2970 dicebamus),
2459 2899 2612 2955 nobis
2637 2899 2690 2954 in
2739 2897 3042 2967 exemplum
3083 2903 3474 2967 proponuntur,

1895 3012 2002 3068 quo
2036 2996 2291 3051 nimirum
2339 2994 2582 3064 vestigiis
2633 2992 2776 3049 illius
2823 2991 3137 3047 iusistamus
3164 2989 3277 3058 qui,
3313 2989 3478 3042 semel

1897 3103 1959 3145 se
1986 3087 2239 3152 oti‘erens,
2272 3101 2385 3141 rem
2413 3095 2581 3140 totam
2610 3083 2867 3140 confecit.
2902 3082 3047 3137 Sane
3076 3079 3161 3135 lex
3197 3078 3482 3148 pontiﬁces

1893 3179 2194 3238 inﬁrmitati
2241 3177 2506 3235 obnoxios
2579 3174 2942 3240 instituebat,
2995 3187 3181 3227 verum
3251 3169 3477 3241 jurisju-

1894 3274 2051 3330 randi
2083 3287 2263 3330 sermo
2304 3281 2427 3342 post
2474 3270 2648 3342 legem
2701 3269 2897 3332 editus,
2950 3265 3110 3340 164
3143 3262 3340 3320 Filium
3372 3277 3478 3316 una

1897 3365 2173 3423 oblatione
2203 3364 2255 3420 in
2289 3373 2551 3419 atternum
2595 3368 3033 3418 consummatum
3062 3357 3382 3428 pronuntiat
3408 3355 3476 3420 ”:

1894 3472 1959 3513 ea
2017 3457 2133 3528 ipsa
2195 3454 2470 3519 videlicet,
2523 3467 2627 3524 qua
2687 3471 2707 3506 ι
2768 3450 3030 3506 Dominus
3087 3455 3275 3503 noster
3324 3445 3482 3501 Jesus

1895 3548 2147 3606 Christus
2173 3547 2540 3603 sanctiﬁcatos
2582 3558 2678 3615 per
2703 3543 2978 3614 proprium
3019 3554 3216 3610 corpus
3258 3538 3311 3592 in
3338 3551 3483 3592 sern-

1895 3641 2166 3711 piternum
2208 3638 2606 3696 consummavit
2630 3635 2701 3692 ".
2751 3654 2771 3689 ι
2802 3663 2874 3676 -
2907 3651 2926 3685 ‹
2964 3632 3167 3689 Obtulit
3197 3630 3341 3685 enim
3388 3643 3478 3684 se-

1893 3733 2069 3802 ipsum
2087 3747 2185 3802 pro
2201 3732 2359 3787 nobis
2385 3732 2437 3786 in
2455 3730 2677 3786 odorem
2694 3727 2976 3785 suavitatis
2999 3728 3108 3780 Deo
3129 3734 3182 3780 et
3201 3724 3343 3777 Patri
3363 3722 3434 3788 ⁹⁸,
3456 3740 3476 3774 ι

1894 3823 2231 3892 perfecitque
2265 3837 2366 3877 nos
2397 3837 2494 3892 per
2525 3822 2684 3875 (idem
2728 3828 2784 3873 et
2835 3817 3132 3886 spiritalem
3169 3814 3483 3869 sanctiﬁca-

1899 3914 2123 3980 tionem,
2167 3926 2289 3966 cum
2328 3911 2464 3984 legis
2502 3911 2740 3978 antiquae
2781 3907 2956 3963 cultus
3005 3905 3212 3961 nullum
3258 3905 3482 3959 omnino

1895 4002 1963 4058 ad
1997 4002 2386 4074 perfeCIionetn
2423 4001 2719 4055 adduceret
2751 3999 2823 4053 ’9.
2858 3997 3012 4053 Unde
3040 4006 3093 4050 et
3135 3995 3318 4065 figurat
3347 4009 3484 4062 quo-

1896 4111 2004 4166 que
2029 4102 2336 4161 cessarunt,
2366 4101 2420 4149 et
2446 4090 2754 4147 umbratilis
2781 4089 2872 4144 illa
2907 4088 3118 4145 Veteris
3147 4086 3480 4142 Tesmmeuti

1899 4186 2240 4257 imperfectio
2279 4201 2312 4242 e
2357 4185 2538 4241 medio
2584 4184 2797 4239 sublata
2835 4189 2936 4238 est.
2973 4180 3249 4236 Successit
3275 4187 3480 4245 autem,

206 4265 506 4329 etquidem
538 4269 872 4332 necessario,
906 4271 1143 4329 melioris
1174 4273 1288 4341 spei
1346 4273 1694 4343 introductio,
1762 4293 1862 4349 per
1897 4294 2084 4350 quam,
2132 4277 2530 4334 interveniente
2580 4273 2800 4332 Christo
2849 4275 2941 4345 qui
2991 4282 3211 4345 propter
3274 4280 3482 4328 natura:

206 4357 620 4414 similitudinem
666 4360 720 4416 in
755 4361 1090 4431 pontiﬁcium
1143 4365 1388 4421 ordinem
1435 4378 1652 4425 evectus
1687 4381 1789 4440 est,
1830 4372 1939 4429 Deo
1970 4375 2488 4444 appropinquamus.

282 4451 416 4507 Ml".
457 4452 606 4524 Πλὴν
651 4455 829 4509 ἐκεῖνο
858 4455 1038 4529 ἀθρειο
1072 4459 1209 4531 Περὶ
1237 4459 1408 4515 αὑτοῦ
1445 4479 1610 4534 φησιν
1642 4464 1671 4516 6
1710 4465 1781 4519 θε-

1972 4465 2157 4522 XLIII.
2197 4465 2676 4523 Verumenimvcro
2732 4481 2854 4522 cum
2878 4464 3076 4522 Paulus
3108 4465 3255 4521 illum
3297 4479 3365 4521 ex
3397 4463 3482 4519 in-

209 4545 439 4610 σπέσιος
471 4547 716 4612 Παῦλος,
744 4548 826 4603 ὅτι
867 4550 1189 4624 ἐσταυρώθη
1223 4553 1283 4622 ἐξ
1315 4555 1621 4622 ἀσθενείας.
1658 4554 1792 4615 Εῐτα

211 4636 333 4700 πῶς
354 4641 382 4691 6
406 4639 503 4708 μὲν
530 4639 694 4711 νόμος
723 4641 1046 4714 καθίστησιν
1071 4646 1351 4718 ἀρχιερεῖς
1384 4648 1611 4720 ἔχοντας
1627 4649 1791 4704 ἀσθέ-

211 4743 384 4794 νειαν,
425 4731 453 4782 6
477 4729 534 4782 δὲ
568 4731 726 4800 λόγος
763 4733 863 4803 τῆς
889 4736 1237 4806 ὁρκωμοσίας
1277 4739 1378 4808 τῆς
1412 4739 1552 4811 μετὰ
1580 4740 1672 4795 τὸν
1709 4741 1794 4795 v6-

215 4839 338 4894 μον,
383 4823 512 4877 Υἰὸν
565 4827 643 4889 είς
697 4824 791 4877 τὸν
837 4826 1012 4880 αἰῶνα
1063 4829 1508 4902 τετελειωμένον,
1566 4833 1642 4897 ώς
1694 4834 1794 4887 οὐκ

212 4915 410 4985 ἔχοντα
439 4914 684 4985 δηλονότι
711 4915 774 4968 τὸ
788 4916 1036 4970 ἀσθενεῖν
1058 4936 1072 4982 ;
1095 4919 1266 4972 Τοῦτο
1299 4921 1428 4990 γὰρ,
1461 4920 1638 4992 οἶμαι,
1673 4925 1794 4977 ἐστὶ

209 5007 276 5059 τὸ
307 5006 510 5076 ἀρτίως
539 5006 682 5076 ἐχον,
706 5008 874 5078 ἤγουν
896 5008 958 5060 τὸ
980 5009 1039 5061 ἐν
1068 5010 1232 5062 παντὶ
1260 5010 1410 5082 καλῷ
1435 5013 1794 5083 τετελειωμέ-

212 5115 333 5151 vov'
369 5101 450 5153 ὅτι
483 5099 556 5171 μὴ
589 5102 713 5154 κατ’
742 5102 983 5166 ἐκείνους
1008 5103 1130 5156 ἐστὶ
1154 5103 1280 5166 τοὺς
1314 5103 1457 5157 κατά
1483 5105 1574 5158 τὸν
1604 5105 1792 5175 νόμον,

209 5187 297 5257 οἷς
326 5193 429 5246 οὐκ
457 5192 728 5266 ἀσύνηθες
765 5196 942 5249 εἰπεῖν
979 5195 1040 5249 τὸ
1069 5196 1163 5250 καὶ
1187 5206 1209 5236 ο
1257 5195 1505 5252 ἀσθενεῖν
1539 5196 1654 5251 ἐσθ’
1677 5198 1790 5252 ὅτε.

285 5347 334 5423 ξ’
353 5347 522 5423 Ρθυῑ·
551 5362 626 5413 ν¹ν
658 5348 978 5423 ἕδῖΜξιιιὴ.
1010 5365 1086 5416 tv,
1119 5350 1207 5423 lo.
1282 5353 1330 5386 "
1362 5352 1528 5410 Ilcbr.
1566 5368 1665 5423 vtt,
1695 5353 1781 5412 28.

1889 5355 1906 5386 ⁷
1938 5354 2101 5411 llebr.
2131 5369 2183 5421 ιι,
2218 5355 2304 5410 14.

216 5415 238 5448 ⁸
272 5415 318 5474 II
343 5418 468 5474 Cor.
495 5433 619 5486 χιιι,
645 5418 700 5473 4.
749 5415 798 5453 ”
829 5419 993 5476 Hebr.
1022 5415 1119 5489 vtt,
1145 5422 1235 5481 28.

1901 4557 2155 4614 firmitate
2215 4558 2534 4613 cruciﬁxum
2588 4558 2972 4628 pronuntiet‘,
3030 4558 3298 4628 quomodo
3354 4555 3483 4624 (in-

1900 4651 2043 4723 quis)
2099 4651 2185 4707 lex
2229 4651 2539 4707 sacerdotes
2577 4651 2879 4706 inﬁrmitati
2908 4651 3198 4709 obstrictos
3239 4647 3480 4714 ordinat,

1895 4741 2274 4813 jusjurandum
2301 4757 2430 4798 vero
2457 4751 2578 4813 post
2606 4741 2779 4810 legem
2807 4739 3225 4812 promulgatum,
3258 4737 3479 4802 Filium,

1901 4835 2056 4906 quasi
2094 4832 2239 4887 nulla
2274 4833 2329 4886 in
2375 4832 2522 4886 illum
2569 4831 2858 4885 inﬁrmitas
2906 4831 3080 4896 cadat,
3117 4831 3169 4884 itt
3218 4839 3484 4885 aeternum

1901 4927 2332 4978 consummatum
2363 4919 2773 4990 perfectumque
2797 4918 3028 4974 alIirmat
3063 4920 3123 4973 ’ἲ
3144 4917 3282 4973 Illud
3313 4919 3480 4988 enim,

1901 5015 2113 5085 Opinor,
2150 5011 2447 5084 perfectum
2479 5013 2698 5080 dicitur,
2735 5013 2880 5084 quod
2924 5014 3070 5068 omni
3099 5013 3362 5069 bonorum
3390 5027 3490 5084 εει

1903 5121 2032 5162 nere
2061 5105 2392 5161 cumulatum
2435 5115 2540 5160 est.
2582 5104 2850 5172 Quoniam
2879 5120 2984 5160 non
3011 5106 3134 5160 talis
3168 5114 3306 5171 erat,
3346 5121 3482 5175 qua.

1901 5198 1980 5254 les
2005 5199 2206 5255 veteris
2244 5198 2374 5270 legis
2406 5183 2742 5265 sacerdotes,
2774 5199 2972 5270 quibus
3017 5199 3331 5256 inusitatum
3375 5213 3482 5257 non

2416 5354 2462 5388 ’⁸
2499 5353 2696 5425 Ephes.
2721 5371 2774 5423 v,
2803 5355 2858 5411 2.
2973 5356 3020 5388 '9
3060 5354 3228 5412 IIebr.
3259 5355 3362 5424 vtt,
3387 5355 3478 5413 1.9.

1315 5579 1490 5638 Varia:
1523 5580 1782 5638 lectiones
1809 5578 2011 5637 codicis
2035 5579 2394 5652 Seguieriani.

292 5713 322 5755 δ
359 5713 560 5770 ἀυτῶν.
639 5723 661 5752 α
695 5708 729 5787 ᾗ
763 5709 979 5777 πάντως
1007 5715 1122 5770 καί.
