3952 6200
472 185 616 245 1595

1507 177 1563 234 S.
1609 177 1889 235 CYRILLI
1929 179 2404 238 ALEXANDRINI
2445 181 2774 241 ARCHIEP.
2869 197 2872 202 '

3614 185 3751 244 1596

473 315 612 374 erat,
654 307 707 362 in
737 303 1078 360 inﬁrmitates
1116 299 1440 370 quandoque
1484 297 1744 354 incidere.
1776 297 1880 353 Sed
1911 312 2050 368 quo-

2187 300 2282 365 Ιῶς
2312 295 2406 354 οὖν
2439 301 2468 354 ὁ
2501 301 2663 364 αὐτὸς
2693 300 2788 358 καὶ
2824 298 3108 365 ἀσθενείας
3161 299 3429 372 κρείττων
3472 294 3618 354 εἶναι
3661 319 3754 356 πε-

473 400 634 454 modo
665 398 803 451 idem
835 405 890 450 et
924 393 1240 450 inﬁrmitate
1269 392 1440 462 major
1461 393 1720 458 creditur,
1762 398 1948 460 utpote
1977 389 2060 446 Fié

473 492 576 545 lius
618 487 856 544 numeris
897 487 1147 541 omnibus
1183 483 1492 556 perfectus,
1525 494 1579 538 et
1625 498 1694 538 ex
1739 483 2060 538 inﬁrmitate

476 595 690 635 rursum
739 577 1028 633 cruciﬁxus
1068 575 1330 630 docetur?
1379 574 1450 630 Ut
1494 588 1710 630 crucem
1761 575 2057 630 secundum

475 686 694 727 carnem
739 670 994 733 sustinet,
1047 667 1241 722 merito
1290 665 1536 720 inﬁrmus
1577 666 1940 736 praedicatur;
1999 675 2062 722 ut

477 773 655 817 autem
707 762 849 816 Deus
890 769 990 826 est,
1043 759 1233 827 quavis
1277 758 1593 812 inﬁrmitate
1637 759 1883 826 superior
1917 766 2062 814 recte

476 852 775 908 asseritur:
839 870 858 902 ι
889 852 1123 920 Spiritus
1161 849 1305 904 enim
1357 859 1640 919 promptus
1671 859 1774 912 est,
1805 864 1933 904 caro
1967 865 2061 902 au-

478 956 586 1000 tem
633 946 842 999 inﬁrma
873 944 913 997 ³.
953 963 969 994 ι
1007 941 1160 1010 Quod
1199 943 1241 996 si
1281 943 1372 1012 qtti
1421 951 1566 1008 sunt,
1609 943 1699 1012 qui
1731 941 2063 998 infirmitatis

480 1038 697 1090 nomine
748 1036 800 1090 id
848 1052 1012 1088 nnutn
1051 1036 1139 1090 hic
1184 1035 1451 1091 insinuari
1489 1035 1840 1098 contendant,
1871 1049 2063 1103 nempe

478 1128 622 1197 quod
653 1126 852 1200 legales
884 1126 1116 1182 ministri
1151 1142 1257 1180 non
1288 1127 1404 1181 sine
1434 1126 1669 1196 peccatis
1695 1127 1858 1180 vitam
1885 1135 2064 1182 trans-

479 1221 727 1288 igebant;
785 1235 889 1274 non
941 1234 1180 1290 repugno
1231 1219 1380 1289 (imo
1443 1219 1495 1273 in
1555 1219 1695 1273 hanc
1737 1219 2064 1274 sententiam

480 1314 710 1368 libenter
756 1312 1035 1384 concedo)
1073 1321 1216 1366 recte
1269 1313 1370 1366 hoc
1410 1321 1568 1381 pacto
1606 1312 1808 1367 sentire
1834 1311 2065 1368 volenti-

482 1407 602 1461 bus.
644 1405 801 1476 Legis
836 1406 1062 1476 proinde
1103 1404 1333 1460 ministri
1387 1419 1492 1459 non
1540 1420 1668 1472 uno,
1700 1405 1792 1461 sed
1826 1406 2068 1476 pluribus

483 1498 768 1552 sacriﬁciis
796 1497 1132 1568 indigebant,
1159 1506 1368 1566 utqnos
1392 1498 1631 1565 quotidie
1661 1505 1768 1551 tam
1804 1515 1902 1569 pro
1926 1499 2063 1569 suis,

483 1605 644 1659 quam
691 1604 789 1660 pro
853 1589 1034 1659 populi
1093 1590 1412 1658 ignorantiis
1463 1588 1660 1644 offerre
1709 1599 1984 1658 oporteret
2020 1590 2066 1656 ⁸,

483 1665 774 1749 propterea
827 1679 1080 1733 nimirum
1131 1680 1274 1748 quod
1317 1678 1549 1733 subinde
1589 1678 1640 1733 in
1687 1678 1820 1734 alias
1853 1681 2070 1736 etalias

486 1771 829 1825 inﬁrmitates
859 1769 1295 1838 prolaberentur,
1327 1784 1502 1839 eoque
1529 1771 1787 1839 languore
1821 1780 2070 1827 teneren-

488 1873 594 1925 tur,
627 1863 714 1932 qui
742 1862 794 1916 in
833 1861 1111 1932 multiplex
1163 1869 1444 1930 peccatmn
1490 1861 1725 1915 abducit.
1764 1861 1857 1915 lllc
1891 1871 2069 1926 autem

489 1952 660 2021 major
687 1967 847 2023 quam
879 1952 968 2021 qui
1015 1967 1240 2021 peccare
1277 1953 1465 2020 possit,
1515 1961 1701 2020 utpote
1734 1951 1899 2017 Deus,
1939 1968 2072 2022 pon-

487 2044 620 2099 tifex
653 2055 837 2099 noster
861 2041 1104 2106 effectus,
1149 2058 1212 2097 ac
1244 2043 1538 2096 secundum
1577 2044 1870 2098 humanam
1913 2053 2074 2098 natu-

488 2148 605 2186 ram
665 2132 921 2186 sacerdos
989 2131 1310 2202 appellatus,
1375 2129 1518 2184 Patri
1590 2146 1745 2184 suum
1798 2131 2073 2200 proprium

488 2239 688 2294 corpus
734 2223 931 2278 obtulit
973 2235 1028 2278 et
1077 2223 1439 2278 consecravit.
1472 2223 1780 2278 Secundum
1823 2231 2074 2278 naturam

489 2316 716 2384 proinde
767 2316 1006 2370 divinam
1038 2316 1090 2370 in
1138 2327 1417 2385 peccatum
1452 2315 1661 2385 prolabi
1698 2331 1804 2370 non
1841 2325 2075 2385 poterat,

491 2423 616 2462 rum
651 2423 754 2462 non
787 2417 928 2462 esset
961 2420 1166 2462 natura:
1204 2420 1420 2473 creatre,
1455 2423 1574 2478 quae
1619 2423 1714 2477 per
1752 2422 1810 2462 se
1839 2423 1943 2462 non
1981 2409 2077 2462 ha-

2161 391 2450 448 πίστευται
2476 433 2491 457 ,
2523 394 2618 448 καὶ
2662 394 2738 456 ὡς
2768 393 2896 454 Υἱὸς
2933 391 3376 460 τετελειωμένος,
3413 392 3748 462 σταυροῦται

2159 485 2219 538 δὲ
2252 485 2346 538 καὶ
2382 485 2442 551 ἐξ
2487 485 2808 551 ἀσθενείας;
2842 485 3054 539 Ούκοῦν
3081 483 3376 538 ἀκόλουθον
3407 485 3639 547 δννοεῖν,
3679 486 3752 549 ὡς

2108 613 2118 622 .
2161 575 2429 647 ἠσθένησε
2473 577 2592 647 μὲν,
2644 575 2928 649 σαρκικῶς
2959 575 3192 645 σταυρὸν
3253 576 3594 646 ὑπομείναιτ’
3644 576 3752 631 ἐστι

2162 684 2226 737 γε
2269 669 2377 739 μὴν
2422 669 2498 732 ὡς
2540 669 2672 732 Θεδς
2716 669 2809 722 τοῦ
2861 667 3111 722 ἀσθενεῖν
3150 670 3430 724 ἐπέκεινα·
3471 687 3492 721 ι
3536 670 3612 722 Τὸ
3649 669 3752 739 γὰρ

2164 761 2382 832 πνεῦμα
2426 761 2727 832 πρόθυμον,
2760 762 2794 831 ἡ
2823 760 2879 814 δὲ
2917 759 3056 831 σὰρξ
3100 759 3353 830 ἀσθενής.
3389 779 3408 810 ι
3465 761 3531 812 Ei
3582 761 3644 813 δὲ
3695 761 3754 830 δὴ

2164 853 2400 921 λέγοιεν,
2453 855 2554 924 τὴν
2602 853 2889 907 ἀσθένειαν
2930 856 2989 907 ἐν
3021 852 3199 922 τούτῳ
3241 853 3320 921 τῷ
3351 855 3410 906 ἐν
3452 853 3754 924 ἁμαρτίαις

2165 941 2304 999 εἶναι
2353 944 2547 1015 δηλοῦν
2579 945 2705 1008 τοὺς
2755 945 2900 1000 κατά
2950 945 3116 1015 νόμον
3167 945 3622 1017 ίερατεύονταςά,
3662 948 3756 999 οὐκ

2166 1037 2544 1108 ἀντιτάξομαι·
2574 1035 2833 1107 σύμφημι
2859 1036 2917 1089 δὲ
2947 1036 3149 1106 μᾶλλον
3172 1035 3308 1106 ὀρθά
3329 1037 3426 1089 καὶ
3445 1035 3597 1090 οὕτω
3617 1038 3754 1090 νοεῖν

2169 1130 2487 1200 ᾑρημένοις.
2518 1128 2727 1182 Οὐκοῦν
2756 1129 2808 1182 οἱ
2845 1129 2945 1200 μὲν
2976 1129 3119 1182 κατά
3151 1129 3315 1199 νόμον
3345 1129 3632 1199 ἱερουργοὶ
3661 1129 3754 1182 θυ-

2169 1220 2290 1283 σίας
2321 1218 2551 1292 ἔχρῃζον
2593 1220 2654 1272 ού
2704 1219 2856 1289 μιᾶς.
2894 1218 3157 1271 πλειόνων
3187 1217 3245 1270 δὲ
3280 1217 3509 1288 μᾶλλον,
3561 1218 3662 1271 ὅτε
3698 1219 3758 1290 δὴ

2167 1310 2536 1380 προσάγοντες
2564 1309 2685 1364 καθ’
2708 1309 2924 1380 ἡμέραν
2945 1308 3086 1380 ὑπέρ
3112 1325 3170 1362 τε
3198 1308 3379 1362 αὐτῶν
3412 1309 3509 1362 καὶ
3534 1310 3648 1361 τῶν
3671 1309 3759 1361 τοῦ

2168 1399 2299 1453 λαοῦ
2351 1399 2740 1470 ἀγνοημάτων,
2789 1398 2877 1452 διὰ
2908 1397 2971 1451 τδ
2999 1396 3317 1460 πλειστάκις,
3343 1395 3625 1459 ἀσθενεῖν,
3672 1397 3763 1449 καὶ

2170 1491 2460 1562 ὑπομένειν
2510 1491 2854 1562 μαλακισμὸν
2896 1491 2990 1544 τὸν
3037 1492 3118 1554 είς
3178 1489 3523 1560 πολύτροπον
3581 1491 3763 1560 ἁμαρ-

2168 1583 2290 1636 τίαν
2313 1599 2326 1614 ·
2371 1585 2400 1636 ὁ
2444 1583 2502 1636 δὲ
2551 1583 2817 1654 κρείττων
2852 1582 3127 1654 ἁμαρτίας
3176 1583 3462 1654 ὑπάρχων,
3497 1583 3582 1647 ὡς
3610 1583 3761 1647 Θεὸς,

2177 1675 2618 1747 προσκεκὸμικεν
2643 1675 2857 1740 ἑαυτὸν,
2888 1675 2982 1728 καὶ
3005 1674 3230 1743 γέγονεν
3260 1674 3421 1744 ἡμῶν
3443 1676 3607 1744 ἀρχιε
3619 1675 3765 1744 ρείδς,

2177 1768 2538 1837 ἀνθρωπίνως
2575 1768 2673 1838 μὲν
2707 1767 3001 1837 λεγόμενος
3049 1766 3408 1836 λειτουργεῖν,
3459 1766 3770 1835 Ξερατεύων

2178 1860 2235 1914 δὲ
2267 1860 2346 1931 τῷ
2375 1861 2551 1926 Πατρὶ
2574 1861 2635 1913 τὸ
2663 1859 2794 1914 ἴδιον
2821 1860 3002 1929 σῶμα.
3033 1860 3366 1929 Θεοπρεπῶς
3393 1854 3488 1912 οὖν
3521 1860 3636 1928 ἄρα
3671 1879 3770 1912 πα-

2181 1953 2295 2006 θεῖν
2327 1953 2426 2006 ούκ
2466 1953 2719 2024 ἀνέχεται
2753 1953 2852 2024 τὴν
2888 1953 3186 2023 ἁμαρτίαν,
3222 1953 3304 2005 ὅτι
3339 1952 3418 2021 μὴ
3451 1951 3677 2020 φύσεως
3707 1948 3770 2024 ἦν

2179 2045 2438 2115 γενητῆς,
2471 2045 2571 2098 οὐκ
2604 2045 2836 2115 ἐχούσης
2865 2044 3139 2108 ούσιωδῶς
3171 2045 3231 2096 τὸ
3260 2044 3564 2114 ἄτρεπτον,
3590 2045 3686 2097 καὶ
3713 2046 3769 2098 τὸ

2179 2137 2257 2200 εἰς
2284 2137 2430 2190 ἆπαν
2451 2135 2848 2207 διαδιδράσκειν
2864 2134 3126 2190 δύνασθαι
3143 2135 3240 2205 τὴν
3267 2136 3576 2204 ἁμαρτίαν.
3599 2135 3728 2198 Θεὸς
3743 2149 3766 2174 ο

2180 2226 2272 2283 οὖν
2306 2230 2413 2300 ἄρα
2460 2229 2576 2283 ἐστὶ
2610 2229 2950 2295 παντέλειος,
2977 2227 3416 2298 ἀνεπικούρητον
3446 2227 3594 2298 ἔχων
3643 2230 3767 2298 παρ’

2183 2322 2371 2393 ἐτέρου
2400 2323 2463 2377 τὸ
2490 2323 2828 2394 ἀκράδαντον
2863 2324 2944 2386 είς
2979 2321 3274 2392 ἀγιασμδν,
3308 2321 3535 2390 φύσεώς
3559 2339 3618 2374 τε
3645 2339 3768 2394 καρη

2183 2410 2286 2464 πὸν
2317 2411 2451 2476 ἰδίας
2477 2413 2616 2484 ἔχων
2642 2413 2702 2466 τὸ
2733 2412 3116 2484 ἀπλημμελές.

493 2503 583 2556 ι›.-ι
631 2500 1147 2567 immutabilitatem,
1195 2516 1294 2552 nec:
1345 2514 1502 2568 posse
1551 2499 1770 2552 omnino
1803 2498 1960 2568 165
2001 2500 2174 2554 vitare
2243 2513 2544 2570 peccatum.
2591 2503 2732 2558 Deus
2779 2504 2962 2571 itaque
3028 2511 3113 2558 est
3174 2501 3321 2556 omni
3345 2517 3413 2556 ex
3449 2513 3604 2571 parte
3648 2517 3771 2572 per-

493 2597 687 2660 fectus,
723 2606 777 2649 et
816 2594 963 2649 nullo
999 2595 1252 2662 praesidio
1296 2593 1518 2664 indiget,
1565 2601 1624 2648 ut
1669 2592 1722 2647 in
1753 2605 1851 2646 sua
1875 2595 2166 2650 sanctitate
2198 2595 2389 2653 ﬁrmus
2458 2597 2736 2667 persistat,
2793 2613 2915 2653 cum
2987 2599 3062 2654 sit
3123 2607 3329 2654 natura:
3353 2597 3478 2666 ejus
3524 2598 3770 2666 proprius

494 2675 701 2744 fructus
734 2689 1174 2760 impcccabilitas.

566 2783 751 2839 XLIV.
810 2802 829 2836 ι
880 2784 1185 2854 Capitnlum
1233 2793 1413 2838 autem
1444 2797 1610 2852 super
1641 2798 1706 2838 ea
1743 2798 1863 2854 quae
1889 2782 2081 2838 dicun-
2111 2787 2156 2849 ε

497 2887 618 2934 tur:
673 2877 858 2933 Talem
891 2878 1152 2934 habemus
1205 2876 1535 2946 pontiﬁcem,
1585 2879 1678 2946 qui
1725 2879 1973 2932 consedit
2026 2875 2082 2932 in

495 2970 721 3026 dextera
751 2971 894 3026 sedis
927 2957 1312 3040 magnitudinis
1348 2969 1402 3023 in
1429 2968 1604 3030 caelis,
1631 2979 1942 3025 sanctorum
1979 2969 2086 3022 mi-

497 3064 690 3129 nister,
723 3072 777 3117 et
811 3061 1143 3118 tabernaculi
1187 3062 1322 3128 veri,
1372 3060 1515 3130 quod
1547 3061 1669 3115 ﬁxit
1717 3061 1996 3126 Dominus,
2033 3072 2088 3116 et

497 3171 606 3210 non
655 3157 819 3211 homo
853 3156 897 3209 ⁵.
939 3173 958 3207 ι
1015 3153 1184 3209 Vetus
1228 3152 1359 3208 illud
1408 3153 1823 3208 tabernaculum
1855 3168 1952 3223 per
1995 3167 2085 3207 sa-

500 3247 902 3315 pientissimum
947 3245 1169 3318 Moysen
1214 3245 1508 3301 indescrto
1558 3245 1950 3301 exmdiﬁcatutn
1981 3254 2086 3308 est,

501 3339 665 3408 idque
698 3339 765 3394 ad
804 3340 1035 3394 formam
1087 3341 1141 3394 in
1193 3351 1378 3395 monte
1425 3339 1500 3394 illi
1541 3339 1989 3393 demonstratam.
2024 3336 2090 3390 Et

503 3433 723 3501 quidem
759 3431 974 3488 Veteris
1007 3431 1339 3486 Testamenti
1387 3430 1762 3487 sacerdotibus
1809 3437 1928 3484 erat
1959 3427 2090 3482 illud

503 3522 848 3590 aptissimum
883 3539 896 3576 :
953 3533 1008 3577 at
1057 3538 1185 3576 vero
1225 3521 1593 3588 habitaculum
1641 3521 1861 3575 Christo
1891 3533 2090 3575 conve-

505 3615 662 3670 niens
697 3623 783 3671 est
825 3629 1059 3683 superna
1107 3613 1195 3669 illa
1239 3622 1578 3683 venustaque
1613 3614 1832 3676 civitas,
1869 3613 1972 3668 hoc
2008 3619 2093 3666 est

505 3707 726 3771 caelum,
760 3706 1000 3760 divinum
1037 3721 1168 3762 sane
1213 3721 1593 3776 summumque
1649 3704 2086 3770 tabernaculum,

508 3813 615 3853 non
660 3797 794 3853 artis
845 3800 1093 3853 humanm
1151 3799 1448 3863 inventum,
1496 3800 1591 3854 sed
1628 3783 1902 3863 sanctum,
1962 3809 2018 3853 et
2062 3815 2092 3853 a

509 3891 618 3947 Deo
660 3890 1054 3959 fabrefactum;
1109 3892 1160 3944 in
1205 3891 1348 3960 quod
1391 3891 1479 3946 ille
1531 3890 1734 3956 illatus,
1774 3906 1867 3946 eos
1903 3891 1993 3960 qui
2039 3892 2090 3945 in

508 3983 683 4050 ipsum
732 3981 982 4046 credunt,
1031 3982 1628 4051 sanctiﬁcationemque
1681 3998 1775 4050 per
1828 3983 2092 4051 Spiritum

507 4073 785 4128 consecuti
826 4084 969 4140 sunt,
993 4073 1100 4128 Deo
1126 4083 1180 4128 et
1205 4074 1351 4128 Patri
1383 4072 1563 4128 offert.
1600 4092 1619 4126 ι
1658 4073 1848 4139 Nemo,
1886 4075 2089 4143 inquit,

2259 2786 2392 2840 MA’.
2445 2805 2463 2838 ι
2497 2786 2808 2855 Κεφάλαιον
2834 2785 2891 2839 δὲ
2923 2785 3016 2838 ὲπὶ
3055 2785 3168 2847 τοῖς
3193 2782 3547 2852 λεγομένοις·
3579 2779 3774 2834 Τοιοῦ-

2185 2894 2278 2932 τον
2304 2877 2498 2948 ἔχομεν
2522 2863 2804 2950 ἀρχιερέα,
2833 2877 2892 2940 ὃς
2921 2875 3173 2930 ἐκάθισεν
3196 2877 3254 2927 ὲν
3281 2873 3432 2944 δεξιᾷ
3453 2872 3551 2925 τοῦ
3583 2872 3779 2943 θρόνον

2187 2967 2288 3038 τῆς
2317 2967 2710 3038 μεγαλωσύνης
2754 2968 2814 3019 ὲν
2856 2969 2971 3030 τοῖς
3000 2965 3271 3036 οὐρανοῖς,
3314 2963 3424 3017 τῶν
3454 2962 3630 3031 ἁγίων
3668 2961 3784 3014 let-

2188 3057 2439 3129 τουργὸς,
2475 3059 2571 3113 καὶ
2603 3058 2704 3128 τῆς
2735 3057 2942 3129 σκηνῆς
2969 3057 3069 3127 τῆς
3093 3055 3374 3126 ἀληθινῆς,
3413 3055 3478 3123 ἣν
3506 3054 3722 3123 ἔπηξεν
3757 3055 3789 3106 ὁ

2191 3150 2417 3219 Κύριος,
2443 3150 2536 3203 καὶ
2562 3149 2660 3203 οὐκ
2680 3149 2986 3222 ἄνθρωπος.
3011 3168 3029 3199 ι
3051 3147 3344 3217 Ἑγήγερτο
3367 3145 3463 3215 μὲν
3491 3145 3648 3196 κατά
3678 3145 3787 3214 τὴν

2190 3242 2396 3312 ἔρημον
2420 3243 2452 3313 ὴ
2491 3242 2695 3312 ἀρχαία
2722 3242 2896 3312 σκηνὴ
2922 3241 3010 3294 διά
3031 3239 3124 3294 τοῦ
3153 3238 3427 3308 πανσόφου
3459 3239 3787 3301 Μωῦσὲως,

2192 3333 2491 3404 πεποίηται
2520 3334 2576 3386 δὲ
2607 3333 2753 3388 κατά
2781 3335 2872 3386 τὸν
2905 3333 3076 3386 τύπον
3104 3333 3198 3386 τὸν
3235 3331 3522 3402 δειχθέντα
3545 3328 3702 3400 αὖτᾷ
3733 3331 3787 3381 ἐν

2192 3425 2271 3496 τῷ
2299 3425 2416 3498 ὄρει
2440 3440 2455 3457 ⁶
2497 3427 2592 3480 καὶ
2631 3428 2742 3489 τοῖς
2773 3425 2872 3495 μὲν
2906 3424 3050 3478 κατὰ
3082 3425 3174 3477 τὸν
3205 3425 3370 3494 νόμον
3406 3421 3788 3493 ίερατεύουσιν

2193 3519 2378 3588 ἐκείνη
2427 3519 2894 3590 πρεπωδεστάτηο
2945 3518 3268 3588 ἐνδιαίτημα
3321 3517 3379 3569 δὲ
3429 3515 3511 3585 τῷ
3566 3514 3788 3584 Χριττῷ

2195 3611 2405 3682 πρέπον
2435 3629 2494 3664 τε
2527 3611 2622 3664 καὶ
2652 3609 2828 3673 ἐοικὸς
2858 3611 2890 3680 ἡ
2924 3610 3035 3664 ἄνω
3073 3608 3413 3671 καλλίπολις,
3443 3606 3735 3659 τουτέστιν
3761 3607 3787 3656 ὁ

2191 3703 2444 3774 οὐρανὸς,
2480 3704 2513 3774 ὴ
2545 3702 2666 3756 θεία
2697 3720 2756 3756 τε
2797 3704 2890 3756 καὶ
2915 3703 3178 3756 ἀνωτάτω
3210 3699 3413 3771 σκηνὴ,
3440 3699 3542 3751 καὶ
3565 3700 3664 3750 οἰκ
3696 3697 3788 3748 ἀνι

2196 3795 2476 3866 θρωπίνης
2500 3793 2713 3866 εὕρεμα
2740 3795 2959 3865 τέχνης,
2994 3795 3110 3849 ἀλλ’
3140 3794 3259 3865 ίερά
3294 3793 3388 3846 καὶ
3437 3791 3785 3850 θεοτευκτος.

2209 3887 2359 3940 Ἐκεῖ
2383 3885 2622 3954 γεγονὼς
2653 3887 3013 3957 προσκομίζει
3059 3885 3138 3956 τῷ
3326 3885 3424 3936 καὶ
3451 3883 3638 3953 Ila.th
3670 3882 3789 3942 τοὶς

2199 3979 2279 4039 εἰς
2305 3977 2466 4030 αὑτὸν
2515 3975 2892 4039 πιστεύοντας,
2934 3975 3302 4046 ἡγιασμένους
3330 3973 3388 4025 δὲ
3422 3972 3680 4041 δηλονότι
3709 3968 3792 4022 ὂιᾶ

2196 4067 2291 4120 τοῦ
2331 4067 2672 4136 Πνεύματος.
2708 4086 2724 4117 ι
2764 4066 2953 4128 Οὐδεὶς
2996 4064 3106 4136 γὰρ
3142 4064 3385 4132 ἔρχεται,
3435 4063 3617 4130 φησι,
3664 4057 3792 4126 πρὸς

509 4166 659 4220 venit
695 4165 761 4220 ad
800 4164 1036 4231 Patrem,
1081 4165 1183 4220 nisi
1230 4181 1326 4235 per
1358 4181 1442 4220 me
1471 4167 1514 4223 °.
1555 4185 1573 4218 ι
1609 4165 1912 4221 Istiusmodi
1962 4180 2081 4236 ergc

2201 4159 2290 4214 τὸν
2321 4160 2542 4231 Πατέρα
2570 4199 2585 4223 ,
2619 4159 2667 4212 εί
2701 4159 2775 4229 μὴ
2803 4158 2870 4211 δι’
2916 4157 3071 4228 ἐμοῦ.
3113 4177 3129 4209 i
3167 4156 3277 4208 Καὶ
3309 4146 3468 4215 οὗτος
3504 4151 3664 4221 αὐτῷ
3702 4151 3792 4212 τῆς

510 4253 654 4308 illius
679 4264 764 4310 est
792 4256 1175 4320 ministerium,
1200 4256 1266 4311 de
1295 4271 1403 4326 quo
1434 4256 1521 4311 hic
1551 4256 1779 4326 agimus.
1816 4254 1881 4310 Et
1909 4270 2094 4325 quam-

509 4345 592 4400 vis
623 4359 712 4400 res
749 4346 860 4400 haec
887 4346 1108 4414 nostris,
1142 4349 1245 4404 hoc
1274 4357 1379 4412 est,
1415 4349 1666 4402 humanis
1697 4347 1878 4402 verbis
1907 4348 2090 4418 expri-

515 4445 724 4502 matur,
761 4445 846 4490 est
881 4446 1061 4492 tamen
1109 4439 1396 4493 admodum
1451 4439 1652 4495 divina.
1681 4440 1898 4504 Annon,
1933 4439 2092 4494 obse-

511 4519 627 4595 cro,
671 4528 916 4584 divinum
957 4527 1213 4598 quiddam
1263 4539 1367 4595 est,
1394 4530 1676 4585 credentes
1707 4531 1927 4600 pr0prio
1969 4529 2095 4598 Spi-

513 4622 618 4674 ritu
663 4635 828 4690 posse
874 4617 1252 4686 san’ctificare;
1303 4619 1784 4689 misericordiaque
1825 4627 1880 4674 et
1922 4621 2098 4690 gratia

509 4711 854 4780 justificatos,
905 4711 1106 4766 mundo
1165 4721 1460 4776 emortuos,
1514 4709 1720 4780 Spiritu
1777 4711 2098 4779 viviﬁcatos,

515 4805 624 4857 vita
652 4803 868 4859 tandem
925 4819 1247 4875 morumque
1280 4805 1564 4860 honestate
1591 4805 1916 4873 conspicuos
1986 4804 2100 4860 Deo

512 4893 732 4960 offerre,
786 4906 840 4950 et
862 4899 1016 4966 quasi
1048 4897 1409 4952 consecrare?
1447 4897 1598 4964 Quod
1641 4907 1823 4953 autem
1849 4897 1867 4968 (
1895 4898 2095 4952 etiam-

513 4988 557 5040 si
593 4986 910 5043 ministrare
954 4989 1206 5060 dicatur)
1248 4989 1411 5046 Patre
1453 5006 1627 5060 neque
1660 4991 1838 5046 minor
1867 4991 1960 5056 sit,
1998 5005 2094 5046 ne-

513 5093 621 5147 que
660 5079 846 5149 gloriae
877 5078 1020 5135 illius
1050 5081 1155 5136 ulla
1186 5097 1251 5138 ex
1293 5091 1446 5150 parte
1480 5082 1658 5148 cedat,
1703 5082 1755 5136 id
1804 5083 1928 5138 inde
1953 5082 2099 5137 clare

515 5180 770 5225 constare
841 5158 1038 5241 potest,
1101 5172 1245 5243 quod
1299 5172 1493 5228 divinae
1545 5173 1844 5252 maiestatis
1899 5173 2095 5228 solium

591 5319 612 5350 ³
640 5326 830 5384 Matth.
865 5348 1011 5395 xxw,
1039 5333 1127 5386 41.
1208 5333 1228 5364 ⁴
1256 5331 1421 5388 i-lcbr.
1451 5349 1547 5396 vn,
1575 5332 1666 5386 27.

1746 5333 1765 5364 ⁸
1805 5332 1970 5388 Hebr.
1999 5346 2120 5390 vm.
2155 5333 2202 5400 I,
2235 5330 2288 5385 ει.

2205 4252 2394 4306 ἐνθάδε
2427 4251 2728 4322 λεγομένης
2761 4249 3106 4320 λειτουργίας
3138 4249 3168 4301 ὁ
3199 4246 3422 4316 τρόπος.
3471 4243 3794 4314 Θεοπῳπὲς

2203 4345 2260 4399 δὲ
2294 4345 2356 4398 τὸ
2385 4344 2601 4416 χρῆμα,
2645 4341 2748 4396 κᾶν
2777 4342 2826 4394 εἰ
2858 4343 2969 4404 τοῖς
3003 4339 3126 4392 καθ’
3158 4339 3326 4408 ἡμᾶς,
3357 4337 3539 4408 ἤγουν
3589 4335 3793 4404 ἀνθρω-

2207 4436 2382 4502 πίνοις
2419 4436 2738 4506 σημαίνοιτο
2765 4433 2966 4503 λόγοις.
2999 4433 3072 4485 Τὸ
3105 4431 3215 4501 γὰρ
3249 4429 3504 4498 ἀγιὰξειν
3535 4426 3794 4481 δύνασθαι

2205 4530 2283 4602 τῷ
2321 4530 2435 4601 ἰδίῳ
2464 4528 2748 4598 Πνεύματι
2787 4525 2914 4587 τοὺς
2963 4521 3322 4584 πιστεύοντας
3345 4562 3360 4582 ,
3391 4519 3541 4589 ἐλέῳ
3571 4519 3669 4572 καὶ
3710 4517 3796 4585 χὰ-

2209 4640 2318 4692 ριτι
2349 4618 2808 4689 δεδικαιωμένους
2833 4657 2848 4681 ,
2903 4615 2997 4669 καὶ
3029 4602 3140 4667 οἷον
3173 4611 3482 4684 ἱερουργεῖν
3535 4609 3620 4677 τῷ
3661 4607 3795 4674 Θεῷ,

2206 4714 2399 4784 κόσμῳ
2430 4712 2528 4782 μὲν
2555 4711 3024 4781 ἀποθνήσκοντας,
3043 4703 3520 4773 ζωοποιουμὲνους
3547 4702 3610 4754 δὲ
3629 4699 3798 4756 Ilvati-

2212 4821 2363 4875 ματι,
2406 4803 2501 4856 καὶ
2527 4804 2608 4865 εἰς
2633 4801 2926 4870 εὐδόκιμον
2956 4797 3174 4868 ἀληθῶς
3197 4793 3642 4864 ἀναλάμποντας
3669 4791 3802 4860 βίον.

2206 4894 2324 4959 πῶς
2353 4895 2452 4948 ούκ
2480 4893 2546 4949 ἂν
2573 4893 2659 4966 εἴη
2687 4891 3024 4964 θεοπρεπὲς;
3056 4891 3179 4944 Ὅτι
3198 4888 3276 4952 δὲ,
3298 4885 3478 4940 καίτοι
3504 4884 3804 4953 λεγόμενος

2204 4989 2564 5060 λειτουργεῖν,
2616 4985 2678 5039 ού
2731 4986 2900 5056 μείων
2944 4983 3062 5037 ἐστὶ
3105 4980 3198 5035 τοῦ
3233 4977 3472 5049 Πατρὸς,
3523 4975 3660 5029 οὔτε
3709 4976 3807 5045 μὴν

2208 5082 2435 5135 κατόπιν
2464 5081 2684 5150 ἔρχεται
2726 5079 2824 5147 τῆς
2858 5076 3084 5146 ἐνούσης
3107 5071 3359 5134 εὐκλείας
3409 5070 3596 5140 αὐτῷ,
3640 5086 3814 5140 ape:-

2207 5171 2593 5226 αποδείκνυσιν
2629 5167 2873 5240 ἐναργῶς
2902 5168 2965 5222 τὸ
2993 5169 3103 5230 τοῖς
3155 5164 3320 5225 θείοις
3359 5161 3531 5214 αὐτὸν
3589 5155 3814 5231 mssa-

2402 5331 2423 5362 °
2457 5329 2611 5386 Joan.
2645 5344 2754 5395 xw,
2785 5327 2838 5384 6.

1608 5465 1782 5522 Varia:
1807 5467 2066 5526 lectiones
2090 5467 2292 5526 codicis
2319 5464 2677 5537 Seguieriani.

588 5600 612 5638 ἀ
649 5598 1084 5669 ἱερουργοῦντας,
1125 5595 1261 5670 [vel]
1289 5598 1658 5668 ίερατοῦντας.
1739 5611 1762 5638 ο
1796 5600 1939 5662 Υἱός.
