3952 6200
285 168 419 226 1597
1094 166 1187 222 AD
1228 164 1532 224 REGINAS
1569 165 1658 222 DE
1699 165 1927 223 RECTA
1966 163 2124 220 FIDE
2163 162 2426 222 ORATIO
2465 161 2764 218 ALTERA.
3407 150 3543 208 1598

284 287 410 345 σθαι
439 287 638 354 θώκοις
661 327 678 354 ,
707 287 803 343 καὶ¹
835 289 894 344 ὲν
919 288 1068 360 δεξιᾷ
1099 289 1376 362 καθῆσθαι
1404 289 1498 343 τοῦ
1526 288 1859 360 Γεγεννηκό-

1981 286 2223 355 ibtineat,
2275 297 2439 356 alque
2502 285 2637 340 adeo
2680 282 2782 353 ipsi
2822 279 2968 335 Patri
3017 278 3238 333 dextera
3285 271 3540 329 assideat.

281 399 396 446 τος.
429 381 492 435 Εἰ
525 381 635 452 γάρ
673 383 821 436 ἐστιν
853 381 1072 452 ἀληθὲς,
1125 384 1207 436 ὃτι
1250 384 1359 446 πᾶς
1410 383 1588 451 ἱερεὺς
1629 382 1862 452 ἕστηκεν

1981 377 2023 435 Ξῖ
2077 380 2222 434 enim
2268 392 2456 432 verum
2519 382 2602 429 est
2653 386 2867 427 omnem
2918 369 3140 424 omnino
3208 363 3542 421 sacerdotem

285 472 372 526 ἀεὶ
418 472 767 543 λειτουργῶν,
811 473 904 528 καὶ
942 475 1044 526 οὐκ
1088 473 1156 527 ἀν
1201 475 1374 529 νοοῖτό
1425 491 1555 527 ποτε
1603 473 1863 542 σύνεδρός

1981 478 2132 535 itare,
2175 477 2234 523 ut
2277 464 2606 522 sacrificium
2645 460 2913 526 offerat";
2957 471 3131 527 neque
3183 455 3422 510 assidere
3453 459 3547 505 aut

206 596 226 638 λ
281 580 343 617 τε
371 563 466 618 καὶ
501 563 750 634 ίσοκλεὴς
782 557 936 637 ᾧπερ
962 565 1028 619 ἂν
1057 565 1376 638 λατρεύσειε
1407 565 1549 636 Θεῷ,
1603 565 1722 630 πῶς
1761 538 1864 619 οὐκ

1981 561 2113 629 saris
2142 574 2376 630 unquam
2409 556 2592 628 gloria:
2619 570 2740 610 cum
2775 553 2906 618 Deo,
2937 551 3020 607 cui
3051 548 3342 613 sacrificat,
3386 543 3546 599 intel-
3572 538 3576 540 ’

186 637 234 710 ξ’
285 655 572 726 ἀσυνήθης
618 656 903 727 ἱερουργὸς
936 658 964 709 6
1003 637 1261 726 Χριστος,
1297 659 1326 710 6
1368 659 1462 712 xuii.
1513 659 1571 711 ἐν
1608 660 1724 716 τοῖς
1764 657 1866 728 τῆς

1990 656 2057 725 igi
2100 662 2314 723 potest:
2346 665 2455 721 quo
2505 655 2664 720 pacto
2692 645 2941 702 Christus
2975 657 3115 697 novo
3168 640 3325 694 modo
3355 651 3544 692 sacer-

286 747 542 817 θεότητος
605 747 802 814 θώκοις
853 749 930 813 ὡς
983 750 1154 813 Θεὸς,
1221 751 1315 803 καὶ
1368 750 1699 822 λειτουργῶν
1769 751 1864 804 ἀν-

286 840 610 911 θρωπίνως;
645 842 707 894 Εἰ
739 842 794 894 δὲ
824 842 886 912 δή
913 859 997 904 τις
1025 841 1175 910 λέγοι
1221 842 1574 910 συκοφαντῶν
1603 841 1701 914 τὴν
1734 842 1866 914 ἀλή-

287 930 460 996 θειαν,
485 933 567 985 ὅτι
589 933 698 985 Ναὶ
721 932 1015 986 κεκάθικεν
1043 935 1101 987 ὲν
1127 932 1281 1004 δεξιᾷ
1303 932 1396 986 τοῦ
1428 933 1644 1005 Πατρὸς
1681 933 1865 998 ἰδικῶς

285 1025 572 1097 ἄνθρωπος
617 1025 968 1095 συνημμένος
997 1025 1073 1095 τῷ
1103 1025 1221 1095 Θεῷ
1251 1025 1392 1080 κατὰ
1426 1026 1592 1096 μόνην
1624 1024 1724 1096 τὴν
1755 1025 1866 1079 ίσό-

282 1115 427 1187 τητα
453 1118 547 1187 τῆς
575 1117 731 1181 ἀξίας
755 1133 788 1196 ’ἢ
810 1117 994 1172 οὐκέτι
1036 1119 1201 1189 μόνης
1237 1114 1376 1172 εἷναί
1406 1135 1539 1189 φησι
1566 1120 1666 1190 τῆς
1706 1119 1867 1187 ἁγίας

288 1206 521 1275 Τριάδος
567 1207 659 1260 τὸν
723 1207 986 1262 ἀνωτάτω
1037 1208 1134 1261 καὶ
1192 1209 1330 1281 μόνῃ
1382 1209 1519 1280 αὐτῇ
1586 1209 1870 1280 πρέποντα

286 1300 498 1371 θρόνον,
525 1299 640 1352 ἀλλ’
665 1300 769 1370 ἥδη
798 1317 882 1364 τις
912 1302 1046 1372 ἡμῖν
1074 1302 1336 1372 τέταρτος
1363 1303 1564 1368 οὑτοσὶ,
1613 1305 1868 1375 πρόσφασο

286 1392 379 1456 τός
423 1409 482 1445 τε
522 1391 618 1444 καὶ
648 1392 876 1460 γενητὸς
925 1394 1336 1464 ὲπεισκρίνεται
1387 1395 1541 1460 Θεὸς,
1593 1397 1732 1467 μετά
1771 1397 1871 1468 τὴν

287 1482 573 1552 ὀμοούσιον
602 1482 696 1534 καὶ
730 1482 892 1550 ἀγίαν
919 1483 1146 1555 Τριάδα.

1965 746 2115 800 dotio
2159 758 2265 798 non
2317 741 2576 812 fungitur,
2617 737 2707 808 qui
2751 737 2823 792 ita
2855 745 2912 790 ut
2955 735 3118 789 homo
3146 730 3439 791 ministrat,
3490 735 3548 779 ut

1968 849 2148 894 tamen
2180 836 2234 892 in
2281 834 2584 890 divinitatis
2616 831 2765 887 soliis
2805 825 3130 884 consideat?
3162 823 3314 890 Quod
3345 822 3388 877 si
3424 820 3545 890 quis

1968 932 2250 1002 improbus
2289 929 2547 983 adversus
2582 924 2869 980 veritatem
2905 918 3237 992 sycophanta
3273 915 3548 970 hominem

1968 1025 2264 1081 secundum
2316 1021 2488 1077 solam
2529 1017 2809 1090 dignitatis
2841 1013 3208 1084 aequalitatem
3256 1009 3365 1063 Deo
3414 1021 3548 1061 con-

1965 1115 2236 1185 junctum,
2271 1113 2338 1166 ad
2370 1111 2547 1165 Patris
2589 1109 2865 1164 dexteram
2900 1103 3183 1159 considere
3229 1097 3545 1162 contendat,

1971 1209 2018 1262 is
2047 1221 2178 1261 sane
2212 1213 2440 1268 asseret,
2481 1218 2588 1257 non
2636 1200 2869 1268 amplius
2909 1196 3074 1251 solius
3114 1200 3318 1248 sanctae
3362 1187 3549 1243 Trini-

1973 1299 2100 1353 tatis
2122 1312 2244 1352 esse
2266 1309 2576 1365 supremum
2600 1293 2769 1354 illum,
2790 1299 2952 1359 atque
2976 1286 3077 1356 ipsi
3097 1283 3194 1339 soli
3219 1282 3551 1338 convenien-

1973 1399 2080 1445 tem
2106 1390 2266 1460 166
2302 1390 2576 1442 thronum.
2600 1385 2705 1439 Sed
2729 1383 2839 1453 jam
2875 1389 3099 1451 quartus
3128 1377 3349 1447 quidam
3371 1373 3551 1437 nobis,

1973 1497 2163 1536 recens
2191 1458 2449 1535 etractus
2483 1475 2844 1530 introducitur
2893 1472 3054 1534 Deus,
3087 1458 3284 1538 praeter
3317 1464 3552 1523 consub-

1977 1571 2283 1627 stantialem
2311 1579 2364 1624 et
2392 1575 2640 1623 sanctam
2667 1563 3014 1617 Trinitatem.

357 1661 492 1714 ME'.
540 1679 558 1711 ι
591 1659 828 1730 Χριστὸς
851 1660 909 1714 δὲ
946 1662 1393 1733 παραγενόμενος
1428 1664 1722 1734 ἀρχιερεὺς
1757 1665 1868 1719 τῶν

2048 1660 2208 1718 XLV.
2259 1678 2278 1712 ι
2313 1659 2559 1715 Christus
2596 1665 2774 1710 autem
2833 1654 3094 1707 assistens
3140 1647 3379 1720 pontifex
3414 1645 3557 1698 futu-

289 1750 595 1818 μελλόντων
627 1750 870 1817 ἀγαθῶν,
901 1751 989 1805 διὰ
1017 1753 1113 1823 τῆς
1148 1754 1395 1822 μείζονος
1412 1754 1506 1806 καί⁸
1525 1753 1871 1827 τελειοτέρας

287 1845 531 1912 σκηνῆς,
578 1844 638 1894 οὑ
679 1845 1086 1912 χειροποιήτου,
1119 1845 1396 1898 τουτέστιν
1432 1846 1493 1900 οὐ
1528 1846 1730 1916 ταύτης
1769 1847 1870 1916 τῆς

287 1935 545 1997 κτίσεως,
592 1934 712 1988 οὐδὲ
757 1935 824 1988 δι’
865 1935 1102 2006 αἵματος
1136 1937 1360 2008 τράγων
1392 1938 1485 1991 καὶ
1517 1938 1755 2008 μόσχων,
1781 1938 1871 1992 διὰ

281 2027 344 2079 ’δὲ
383 2025 478 2079 τοῦ
509 2026 642 2080 ἰδίου
676 2027 908 2096 αἵματος
938 2028 1189 2098 εἰσῆλθεν
1229 2030 1451 2100 ἐφάπαξ
1491 2033 1571 2096 εἰς
1612 2031 1680 2084 τά
1713 2031 1867 2100 ἅγια,

288 2117 512 2170 αἰωνίαν
547 2116 816 2188 λύτρωσιν
860 2120 1178 2190 εὑράμενος.
1225 2141 1243 2173 ι
1286 2121 1419 2174 Τίνα
1451 2122 1507 2174 δὲ
1549 2123 1749 2192 τρόπον
1783 2123 1871 2178 διά

287 2210 387 2276 τῆς
449 2207 694 2278 μείζονος
730 2210 827 2262 καὶ
876 2211 1220 2281 τελειοτέρας
1256 2212 1461 2282 σκηνῆς
1511 2212 1736 2280 γέγονεν
1785 2215 1870 2283 ἐφ’

290 2301 438 2368 ἡμᾶς
482 2301 510 2352 6
557 2300 762 2372 Κύριος
807 2301 965 2370 ἡμῶν
1024 2301 1230 2372 Ἰησοῦς
1278 2303 1512 2373 Χριστὸς
1557 2305 1868 2376 ἀρχιερεὺς,

290 2391 685 2463 προαπέδειξεν
735 2393 866 2464 ἡμῖν
924 2393 1124 2463 ἀρτίως
1171 2395 1199 2446 6
1245 2393 1430 2462 λόγος.
1487 2396 1609 2448 Ὅτι
1665 2396 1722 2449 δὲ
1773 2397 1873 2467 τῆς

293 2485 606 2558 ἱερουργίας
638 2486 666 2538 6
695 2485 900 2555 τρόπος
918 2484 1092 2556 αὐτῷ,
1125 2485 1220 2538 καὶ
1254 2485 1497 2555 ἀμείνων
1527 2487 1874 2559 ἀσυγκρίτως

290 2577 390 2646 τῆς
426 2576 568 2630 κατά
601 2577 692 2628 τὸν
725 2576 912 2646 νόμον,
971 2577 1066 2629 καὶ
1122 2576 1256 2630 πολὺ
1305 2577 1426 2631 λίαν
1477 2579 1875 2650 ὑπερκείμενος

291 2669 401 2722 τῶν
431 2668 508 2732 ὡς
546 2670 604 2722 έν
647 2667 805 2738 τύπῳ
837 2669 934 2721 καὶ
985 2670 1111 2739 σκιᾷ
1159 2669 1277 2741 (καὶ
1319 2670 1428 2741 γάρ
1469 2672 1618 2724 ἐστιν
1649 2672 1811 2736 αὐτὸς
1839 2675 1873 2744 ἡ

294 2756 519 2827 ἀλήθεια
556 2757 649 2811 καὶ
685 2757 745 2810 τὸ
775 2757 1006 2828 ἄμωμον
1043 2758 1283 2828 ἱερεῖον),
1325 2759 1648 2813 ἐνδοιάσειεν
1680 2761 1747 2814 ἂν
1780 2763 1875 2814 οὑ-

291 2846 424 2910 δείς.
477 2848 774 2919 Ἐπιτήρει·
809 2848 899 2911 δὲ,
961 2849 1111 2912 ὅπως
1152 2868 1169 2900 ι
1233 2849 1290 2901 '0
1339 2848 1666 2918 ἀξιάγαστος
1717 2851 1875 2920 ἡμῶν

295 2939 611 3009 ἀρχιερεὺς,
645 2938 703 3002 ὃς
742 2938 994 2993 ἐκάθισεν
1025 2941 1080 2992 ἐν
1115 2939 1264 3010 δεξιᾷ
1292 2939 1386 2993 τοῦ
1429 2940 1622 3012 θρόνου
1647 2940 1748 3010 τῆς
1783 2958 1877 3011 με-

295 3030 618 3103 γαλωσύνης
651 3032 708 3084 ἐν
744 3034 856 3094 τοῖς
895 3032 1165 3103 οὐρανοῖς,
1205 3032 1296 3086 διά
1338 3033 1430 3087 τοῦ
1475 3034 1607 3087 ἰδίου
1649 3034 1878 3105 αἵματος

295 3120 548 3188 εἰσῆλθεν
583 3123 800 3192 ἐφάπαξ
847 3126 927 3186 εἰς
972 3125 1040 3178 τὰ
1070 3122 1222 3192 ἅγια,
1267 3124 1536 3196 λύτρωσιν
1571 3128 1881 3198 εὑράμενος

299 3213 546 3268 αἰωνίαν.
590 3233 608 3265 ι
647 3213 772 3277 Πῶς
799 3210 891 3268 οὖν
923 3217 952 3268 6
982 3218 1039 3268 ὲν
1069 3215 1218 3288 δεξιᾷ
1248 3218 1340 3271 τοῦ
1366 3219 1582 3290 Πατρὸς
1619 3222 1697 3284 ὼς
1726 3219 1878 3286 Θεὸς,

302 3304 430 3358 ίδιον
464 3305 608 3376 ἔχειν
642 3301 780 3376 αἷμα
813 3305 1012 3374 λέγοιτ’
1065 3308 1154 3373 ἂν,
1189 3310 1238 3362 εἰ
1290 3310 1364 3381 μὴ
1409 3313 1879 3384 πεπιστεύκαμεν,

299 3397 382 3450 ὅτι
411 3400 439 3450 6
468 3398 532 3450 ὲκ
561 3397 697 3451 Θεοῦ
729 3399 944 3470 Πατρὸς
972 3399 1114 3458 κατά
1156 3402 1316 3469 φύσιν
1344 3403 1470 3466 Υἱὸς
1501 3406 1881 3476 κεχρημάτικε

299 3490 397 3541 καὶ
429 3489 558 3552 Υἱὸς
581 3489 892 3560 ἀνθρώπου,
926 3493 1022 3545 καὶ
1051 3492 1112 3544 τὸ
1147 3493 1276 3545 ίδιον
1315 3489 1454 3564 αἷμα
1493 3497 1592 3566 τῆς
1625 3498 1883 3552 ἁπάντων

301 3579 450 3648 ζωῆς
483 3580 840 3649 ἀντάλλαγμα
883 3581 1029 3644 δοὺς,
1075 3582 1279 3652 ταύτην
1324 3584 1525 3656 εὕρατο
1569 3587 1648 3657 τῷ
1691 3588 1882 3660 κόσμῳ

301 3673 398 3743 τὴν
428 3671 510 3734 εἰς
557 3671 730 3725 αἰῶνα
759 3671 1057 3744 λύτρωσιν;
1105 3675 1179 3726 Οὐ
1209 3675 1319 3746 γάρ
1359 3693 1460 3729 που
1497 3678 1629 3747 φαίη
1659 3696 1744 3742 τις
1791 3681 1880 3746 ἂν,

299 3764 375 3826 ὡς
409 3759 476 3834 ἦν
507 3763 800 3817 ἀκόλουθόν
841 3783 901 3818 τε
930 3766 1024 3818 καὶ
1060 3766 1292 3837 πρέπον,
1349 3769 1600 3840 καθάπερ
1645 3772 1703 3824 ἐν
1734 3772 1882 3839 τάξει

301 3857 411 3909 τῶν
442 3856 650 3925 ἀλόγων
676 3857 831 3921 ζώων
861 3859 1161 3927 σφάζεσθαι
1195 3861 1514 3925 πλειστάκις
1544 3863 1635 3916 τὸν
1672 3864 1883 3935 Ἑμμαο

301 3948 487 4017 νουὴλ,
539 3949 890 4021 ἀποχρῶντος
939 3953 1019 4013 εἰς
1071 3951 1341 4022 λύτρωσιν
1392 3952 1494 4021 τῆς
1540 3954 1632 4008 ὑπ’
1656 3957 1884 4026 οὐρανὸν

301 4042 397 4095 τοῦ
432 4042 524 4096 καὶ
550 4041 698 4106 ἅπαξ
719 4045 908 4094 παθεῖν
931 4043 1114 4096 αὐτόν.
1141 4043 1204 4096 Εἰ
1229 4043 1305 4107 δὲ,
1340 4045 1484 4098 καθά
1507 4048 1884 4117 πεφρονήκασί

302 4151 471 4195 τινες,
507 4132 794 4204 ἄνθρωπος
836 4129 904 4203 ἦν
951 4133 1158 4198 ἰδικῶς,
1188 4135 1396 4206 ἰσότητι
1428 4138 1526 4207 μὲν
1573 4138 1672 4208 τῆς
1704 4139 1882 4205 ἀξίας,

302 4225 473 4292 ἤγουν
521 4223 830 4290 αὑθεντίας,
889 4226 1240 4296 συνημμένος
1275 4227 1415 4298 Θεῷ,
1461 4228 1794 4302 διῃρημένος
1827 4231 1885 4284 δὲ

1979 1770 2162 1811 rorum
2196 1754 2459 1808 bonorum
2484 1791 2497 1816 ,
2553 1763 2649 1818 per
2679 1745 2910 1816 amplius
2944 1752 2998 1798 et
3058 1741 3350 1812 perfectius
3384 1738 3558 1792 taber-

1981 1846 2228 1902 naculum
2269 1859 2374 1898 non
2407 1839 2772 1896 manufactum
2795 1879 2811 1904 ,
2848 1838 2898 1892 id
2930 1845 3046 1901 est,
3082 1849 3188 1889 non
3218 1832 3376 1902 hujus
3403 1845 3560 1885 crea-

1981 1940 2184 2005 tionis;
2223 1951 2396 2006 neque
2431 1949 2526 2003 per
2577 1929 2898 2000 sanguinem
2955 1926 3229 1981 hircorum
3270 1933 3326 1978 et
3365 1921 3559 1976 vitulo-

1980 2047 2098 2087 rum
2127 2072 2140 2096 ,
2171 2029 2264 2084 sed
2300 2043 2395 2098 per
2425 2024 2701 2096 proprium
2742 2019 3058 2090 sanguinem
3107 2016 3350 2072 introivit
3389 2013 3562 2070 semel

1982 2126 2035 2180 in
2104 2131 2334 2184 sancta,
2368 2129 2568 2174 :ctcrna
2630 2113 3002 2184 redemptione
3053 2109 3333 2164 inventa“.
3370 2126 3388 2160 ο
3443 2105 3560 2173 Qua

1982 2217 2191 2270 ratione
2241 2210 2498 2264 Dominus
2546 2215 2729 2261 noster
2779 2205 2937 2258 Jesus
2966 2201 3214 2256 Christus
3245 2215 3339 2270 per
3388 2197 3560 2267 majus

1979 2317 2035 2361 et
2081 2301 2375 2373 perfectius
2453 2295 2855 2352 tabernaculum
2932 2294 3251 2360 ingressus,
3318 2287 3570 2360 pontifex.

1982 2405 2167 2451 noster
2188 2389 2493 2455 exstiterit,
2523 2387 2684 2440 verba
2716 2383 2873 2438 modo
2898 2381 3119 2436 recitata
3154 2378 3372 2448 planum
3405 2377 3574 2432 nobis

1983 2487 2208 2543 faciunt.
2256 2480 2408 2548 Quod
2467 2487 2648 2533 autem
2702 2471 2990 2530 sacerdotii
3045 2470 3188 2526 illius
3219 2469 3354 2524 ritus
3398 2467 3576 2538 legali.

1984 2576 2288 2636 sacerdotio
2319 2572 2540 2628 omnino
2574 2564 2916 2640 praestiterit,
2949 2563 3348 2634 plurimumque
3379 2575 3441 2616 ea
3463 2575 3560 2613 ex-

1983 2666 2231 2723 celluerit
2279 2677 2400 2732 quae
2446 2667 2652 2714 tantum
2706 2658 2761 2711 in
2794 2653 2984 2709 umbra
3033 2660 3086 2708 et
3145 2652 3312 2722 ligura
3342 2650 3562 2706 contin~

1984 2757 2182 2830 gebant
2225 2754 2380 2826 (ipse
2414 2751 2558 2807 enim
2616 2763 2712 2819 per
2761 2761 2821 2802 se
2856 2759 2987 2801 vera
3039 2743 3128 2799 illa
3182 2753 3234 2798 et
3284 2741 3562 2812 impolluta

1985 2851 2161 2906 hostia
2191 2846 2468 2914 exstitit),
2500 2855 2660 2897 nemo
2688 2880 2704 2906 ,
2749 2841 2980 2910 opinor,
3015 2836 3224 2891 inﬁcias
3255 2835 3430 2889 iverit.
3459 2833 3566 2889 Ob-

1984 2955 2136 2996 serva
2173 2939 2260 2994 hic
2300 2945 2480 2990 autem
2535 2931 2854 3003 praeclarum
2909 2927 3057 2982 illum
3095 2934 3148 2981 et
3185 2923 3558 2980 admirabilem

1988 3053 2007 3087 ι
2054 3030 2371 3088 Pontiﬁcem
2418 3037 2666 3084 nostrum
2695 3064 2709 3090 ,
2745 3022 2834 3091 qui
2865 3020 2918 3076 in
2969 3020 3193 3075 dextera
3241 3015 3421 3072 throni
3451 3029 3567 3068 mav-

1975 3126 2192 3195 jestatis
2223 3123 2314 3177 Dei
2343 3123 2493 3177 sedet
2529 3119 2584 3173 in
2626 3114 2962 3180 ccelestibus,
3005 3126 3104 3182 per
3131 3109 3407 3181 proprium
3436 3121 3567 3161 sam-

1979 3219 2197 3289 guinem
2249 3212 2415 3270 semel
2469 3219 2680 3265 tantum
2732 3208 2784 3261 in
2821 3214 3007 3260 sancta
3055 3202 3310 3258 introisse
3342 3239 3357 3263 ,
3409 3207 3567 3253 acte»

1981 3288 2220 3378 namque
2266 3303 2692 3373 redemptionem
2727 3298 3019 3353 invenisse.
3055 3311 3075 3346 ι
3117 3295 3184 3348 At
3208 3289 3476 3361 quomodo
3499 3288 3564 3352 is,

1982 3398 2070 3467 qui
2109 3406 2169 3451 ut
2225 3395 2366 3449 Deus
2415 3392 2525 3447 Deo
2569 3389 2718 3445 Patri
2747 3387 2804 3442 in
2866 3386 3088 3442 dextera
3147 3382 3389 3446 assidet,
3440 3392 3570 3448 pro-

1982 3491 2158 3562 prium
2187 3485 2507 3556 sanguinem
2557 3482 2755 3538 habere
2791 3487 2938 3534 recte
2984 3477 3088 3534 dici
3142 3483 3355 3544 potest,
3389 3471 3434 3528 si
3480 3485 3571 3525 na-

1981 3581 2211 3636 turalem
2270 3578 2362 3632 Dei
2401 3575 2619 3638 Filium,
2653 3572 2888 3627 hominis
2938 3581 3156 3639 quoque
3201 3565 3369 3620 ﬁlium
3398 3562 3569 3618 exsti-

1984 3673 2115 3728 tisse
2146 3713 2160 3737 ,
2211 3668 2600 3739 propriumque
2642 3662 2959 3730 sanguinem
3001 3658 3234 3729 pretium
3264 3670 3360 3725 pro
3387 3653 3571 3708 omni-

1983 3762 2082 3816 bus
2117 3759 2480 3826 impendisse,
2527 3761 2582 3807 et
2641 3759 2899 3805 aeternam
2956 3749 3058 3802 hac
3119 3745 3326 3800 ratione
3369 3741 3570 3797 mundo

1983 3853 2211 3909 salutem
2251 3849 2546 3918 reperisse,
2598 3852 2748 3899 certo
2781 3855 3101 3911 persuasum
3157 3851 3262 3891 non
3299 3833 3570 3890 habueri-

1984 3943 2141 4007 mus?
2200 3939 2386 4009 Neque
2433 3936 2576 3992 enim
2622 3933 2820 3990 dixerit
2865 3931 3130 4003 quispiam
3209 3929 3457 3983 decuisse
3511 3936 3570 3980 ut

1984 4032 2324 4096 Emmanuel,
2365 4040 2620 4100 tanquam
2687 4040 2853 4098 pecus
2921 4023 3170 4094 aliquod.
3202 4020 3402 4092 saepius
3455 4033 3570 4074 ma-

1985 4137 2225 4182 Ctaretur
2253 4141 2268 4190 ;
2304 4123 2502 4196 quippe
2536 4135 2660 4176 cum
2701 4120 2767 4174 ad
2798 4127 2968 4174 totum
3002 4115 3191 4171 orbem
3229 4109 3567 4166 liberandum

1985 4217 2069 4272 vel
2103 4215 2271 4271 semel
2307 4215 2482 4286 ipsum
2524 4221 2753 4268 mortem
2810 4208 3044 4265 subiisse
3082 4205 3294 4262 abunde
3327 4211 3411 4258 sat
3443 4202 3566 4256 tue-

303 4313 426 4369 καθ’
461 4314 781 4380 ὑπόστασιν,
810 4317 905 4369 καὶ
933 4315 1037 4370 ἀνά
1083 4316 1250 4388 μέρος
1277 4314 1418 4373 εἶναι
1454 4300 1844 4392 πιστευόμενος
1864 4363 1877 4390 ,

1987 4310 2080 4366 rit.
2138 4308 2292 4374 Quod
2349 4306 2437 4374 si,
2488 4313 2548 4361 ut
2603 4302 2845 4361 nonnulli
2918 4300 3193 4366 sentiunt,
3233 4312 3403 4368 purus
3473 4309 3571 4366 per

301 4405 404 4458 οὐκ
434 4399 503 4475 ἦν
544 4404 675 4457 ἴδιον
708 4399 846 4475 αἷμα
892 4403 987 4459 τοῦ
1033 4406 1447 4477 συνεδρεύοντος
1481 4409 1559 4478 τῷ
1607 4409 1785 4484 Πατρὶ
1824 4410 1886 4464 τὸ

303 4499 387 4560 εἰς
413 4495 685 4566 λύτρωσιν
719 4495 813 4549 τοῦ
851 4497 1060 4568 κόσμου
1102 4499 1276 4564 δοθὲν,
1311 4500 1423 4553 ἀλλ’
1455 4501 1644 4572 ἑτέρου
1683 4501 1882 4572 μᾶλλον

308 4587 565 4657 σχετικὴν
592 4585 807 4654 ἔχοντος
832 4587 968 4656 πρὸς
993 4586 1154 4642 αὐτὸν
1183 4587 1282 4659 τὴν
1327 4589 1644 4658 συνάφειαν.
1674 4591 1884 4660 Ὥσπερ

305 4676 415 4746 γὰρ
451 4675 544 4728 δύο
573 4677 715 4738 τινὲς
747 4675 1004 4746 ἄρχοντες
1045 4681 1112 4748 τῇ
1148 4679 1258 4732 τῶν
1299 4680 1629 4752 ἀξιωμάτων
1679 4680 1886 4752 ἰσότητι

307 4765 428 4819 κατ’
452 4765 600 4818 οὐδὲν
625 4764 866 4836 ἀλλήλων
884 4766 1252 4834 διενεγκόντες
1287 4767 1443 4834 ὅλως,
1465 4771 1562 4840 οὐχ
1589 4763 1670 4834 εἷς
1701 4764 1914 4823 νοοῠνέ

305 4873 398 4912 ται
423 4860 442 4900 ί
479 4856 858 4927 μᾶλλον,ἀλλά
873 4855 965 4909 δύο
994 4856 1136 4910 κατά
1156 4856 1216 4909 τὸ
1245 4857 1462 4928 ἀληθές
1495 4859 1638 4912 οὕτω
1667 4860 1728 4913 τὸ
1757 4877 1886 4914 συν-

312 4947 556 5019 ημμένον
595 4949 700 5002 τινὶ
744 4949 884 5003 κατὰ
916 4946 1014 5020 τὴν
1043 4946 1219 5014 ἀξίαν,
1263 4947 1607 5020 διῃρημένων
1635 4950 1742 5003 τῶν
1788 4948 1888 5019 φύ-

313 5053 472 5097 σεων,
512 5039 680 5109 ἧγουν
710 5039 1084 5104 ὑποστάσεων,
1113 5038 1212 5108 οὐχ
1236 5031 1316 5101 εἷς
1344 5034 1454 5090 εἶεν
1482 5037 1568 5105 ἂν,
1601 5037 1736 5091 ἀλλά
1756 5037 1849 5092 δύο
1870 5055 1884 5070 ο

1992 4417 2053 4458 se
2087 4410 2293 4458 tantum
2333 4399 2494 4454 homo
2525 4406 2644 4454 erat
2671 4436 2688 4463 ,
2738 4394 2847 4450 Deo
2899 4394 3117 4466 quidem
3163 4389 3461 4446 secundum
3491 4387 3574 4442 di-

1993 4490 2211 4563 gnitatis
2267 4489 2353 4543 vel
2402 4488 2740 4544 auctoritatis
2793 4483 3154 4557 aequalitatem
3212 4479 3570 4548 conjunctus,

1987 4582 2286 4640 secundum
2337 4579 2670 4653 hypostasitn
2705 4593 2836 4634 vero
2891 4575 2960 4631 ab
2999 4574 3188 4630 eodem
3245 4569 3587 4644 seiunctus,

1990 4687 2044 4732 et
2103 4690 2348 4732 seorsum
2407 4687 2504 4743 per
2566 4686 2627 4728 se
2677 4671 2934 4740 positus;
2984 4663 3226 4735 profecto
3298 4658 3519 4730 sanguis
3553 4696 3570 4722 ,

1989 4769 2082 4840 qui
2138 4768 2194 4822 in
2246 4765 2430 4820 mundi
2460 4743 2909 4830 redemptionem.
2936 4755 3137 4812 eﬁ'usus
3185 4761 3289 4819 est,
3321 4767 3428 4806 non
3455 4759 3574 4804 erat

1990 4838 2133 4936 illitis
2177 4854 2270 4925 qui
2319 4853 2385 4908 ad
2414 4853 2691 4907 dexteram
2728 4849 2822 4903 Dei
2855 4845 3034 4902 Patris
3073 4843 3260 4910 sedet,
3306 4840 3400 4898 sed
3441 4838 3578 4896 alte-

1994 4929 2109 5004 rius
2174 4943 2515 5014 cuiuspiam,
2565 4940 2661 5012 qui
2721 4937 3001 4994 relativam
3059 4933 3237 5006 potius
3294 4946 3416 4987 cum
3456 4929 3581 4998 ipso

1996 5039 2160 5095 habet
2209 5035 2665 5105 conjunctionem.
2731 5027 3192 5098 Quemadmodum
3249 5023 3393 5079 enim
3465 5022 3578 5078 duo

310 5130 406 5184 καὶ
436 5128 496 5182 τὸ
525 5129 644 5195 ἑνὸς
685 5126 825 5201 αἷμα
872 5129 1034 5202 τυχὸν
1072 5128 1236 5186 αὐτοῦ
1264 5129 1330 5202 δὴ
1373 5130 1590 5195 πάντως
1619 5131 1757 5199 ἐστὶ,
1796 5131 1877 5185 καλ

1997 5129 2268 5202 principes
2307 5127 2494 5184 eadem
2547 5123 2873 5181 auctoritate
2918 5117 3138 5178 omnino
3191 5113 3398 5189 praediti
3426 5125 3578 5180 ,nen.

383 5281 405 5314 '
438 5281 606 5341 Hebr.
640 5284 843 5351 vtu,5._
912 5286 934 5320 '
960 5285 1124 5344 Hebr.
1161 5301 1237 5356 ix,
1268 5285 1356 5353 Η,
1389 5285 1476 5342 12.

1393 5441 1566 5500 Variae
1594 5441 1853 5501 lectiones
1882 5439 2083 5500 codicis
2108 5435 2468 5510 Seguieriani.

402 5574 421 5616 ί
453 5573 510 5630 ἓν
543 5577 764 5633 νοεῖται.
