  <div class='ocr_page' id='page_1' title='image "/cluster/home/n/w/nwhite01/storage/ocr_20150623/76/hvd.32044073501439/708.png"; bbox 0 0 3912 6228; ppageno 0'>
   <div class='ocr_carea' id='block_1_1' title="bbox 335 231 462 288">
    <p class='ocr_par' dir='ltr' id='par_1_1' title="bbox 335 231 462 288">
     <span class='ocr_line' id='line_1_1' title="bbox 335 231 462 288; baseline -0.008 0"><span class='ocrx_word' id='word_1_1' title='bbox 335 231 462 288; x_wconf 76' lang='lat' dir='ltr'><strong>MOI</strong></span> 
     </span>
    </p>
   </div>
   <div class='ocr_carea' id='block_1_2' title="bbox 1145 229 2782 294">
    <p class='ocr_par' dir='ltr' id='par_1_2' title="bbox 1145 229 2782 294">
     <span class='ocr_line' id='line_1_2' title="bbox 1145 229 2782 294; baseline 0.003 -9"><span class='ocrx_word' id='word_1_2' title='bbox 1145 229 1238 285; x_wconf 81' lang='lat' dir='ltr'><strong>AD</strong></span> <span class='ocrx_word' id='word_1_3' title='bbox 1272 229 1574 288; x_wconf 77' lang='lat' dir='ltr'><strong>REGINAS</strong></span> <span class='ocrx_word' id='word_1_4' title='bbox 1615 230 1700 286; x_wconf 87' lang='lat' dir='ltr'><strong>DE</strong></span> <span class='ocrx_word' id='word_1_5' title='bbox 1740 231 1969 290; x_wconf 82' lang='lat' dir='ltr'><strong>RECTA</strong></span> <span class='ocrx_word' id='word_1_6' title='bbox 2004 233 2163 291; x_wconf 87' lang='lat' dir='ltr'><strong>FIDE</strong></span> <span class='ocrx_word' id='word_1_7' title='bbox 2202 233 2462 294; x_wconf 79' lang='lat' dir='ltr'><strong>ORATIO</strong></span> <span class='ocrx_word' id='word_1_8' title='bbox 2501 234 2782 290; x_wconf 78' lang='lat' dir='ltr'><strong>ALTERA</strong></span> 
     </span>
    </p>
   </div>
   <div class='ocr_carea' id='block_1_3' title="bbox 3437 231 3580 290">
    <p class='ocr_par' dir='ltr' id='par_1_3' title="bbox 3437 231 3580 290">
     <span class='ocr_line' id='line_1_3' title="bbox 3437 231 3580 290; baseline 0.007 -3"><span class='ocrx_word' id='word_1_9' title='bbox 3437 231 3580 290; x_wconf 63' lang='lat' dir='ltr'><strong>I602</strong></span> 
     </span>
    </p>
   </div>
   <div class='ocr_carea' id='block_1_4' title="bbox 327 343 1863 425">
    <p class='ocr_par' dir='ltr' id='par_1_4' title="bbox 327 344 1863 421">
     <span class='ocr_line' id='line_1_4' title="bbox 327 344 1863 421; baseline 0.001 -19"><span class='ocrx_word' id='word_1_10' title='bbox 327 349 513 415; x_wconf 78' lang='grc' dir='ltr'>αὐτοῖς</span> <span class='ocrx_word' id='word_1_11' title='bbox 539 344 752 413; x_wconf 80' lang='grc' dir='ltr'><strong>δοκοῦν,</strong></span> <span class='ocrx_word' id='word_1_12' title='bbox 787 344 921 418; x_wconf 86' lang='grc' dir='ltr'>φέρε</span> <span class='ocrx_word' id='word_1_13' title='bbox 951 344 1224 418; x_wconf 87' lang='grc' dir='ltr'>λέγωμεν,</span> <span class='ocrx_word' id='word_1_14' title='bbox 1255 347 1379 402; x_wconf 86' lang='grc' dir='ltr'>τίνα</span> <span class='ocrx_word' id='word_1_15' title='bbox 1407 348 1471 420; x_wconf 84' lang='grc' dir='ltr'><strong>δή</strong></span> <span class='ocrx_word' id='word_1_16' title='bbox 1499 349 1700 421; x_wconf 83' lang='grc' dir='ltr'><strong>τρόπον</strong></span> <span class='ocrx_word' id='word_1_17' title='bbox 1720 349 1749 403; x_wconf 92' lang='lat'><strong>6</strong></span> <span class='ocrx_word' id='word_1_18' title='bbox 1773 349 1863 404; x_wconf 83' lang='grc' dir='ltr'><strong>Θεί</strong></span> 
     </span>
    </p>
   </div>
   <div class='ocr_carea' id='block_1_5' title="bbox 1968 343 3578 425">
    <p class='ocr_par' dir='ltr' id='par_1_5' title="bbox 1968 343 3578 425">
     <span class='ocr_line' id='line_1_5' title="bbox 1968 343 3578 425; baseline -0.001 -17"><span class='ocrx_word' id='word_1_19' title='bbox 1968 362 2259 422; x_wconf 57' lang='grc' dir='ltr'>ιοροτιει,</span> <span class='ocrx_word' id='word_1_20' title='bbox 2337 368 2514 425; x_wconf 88' lang='lat' dir='ltr'><strong>neque</strong></span> <span class='ocrx_word' id='word_1_21' title='bbox 2560 354 2629 411; x_wconf 89' lang='lat' dir='ltr'><strong>ab</strong></span> <span class='ocrx_word' id='word_1_22' title='bbox 2667 367 2852 409; x_wconf 88' lang='lat' dir='ltr'><strong>earum</strong></span> <span class='ocrx_word' id='word_1_23' title='bbox 2897 343 3132 410; x_wconf 81' lang='lat' dir='ltr'><strong>decretis</strong></span> <span class='ocrx_word' id='word_1_24' title='bbox 3181 351 3266 408; x_wconf 89' lang='lat' dir='ltr'><strong>vel</strong></span> <span class='ocrx_word' id='word_1_25' title='bbox 3299 352 3578 408; x_wconf 90' lang='lat' dir='ltr'><strong>minimum</strong></span> 
     </span>
    </p>
   </div>
   <div class='ocr_carea' id='block_1_6' title="bbox 326 438 1898 511">
    <p class='ocr_par' dir='ltr' id='par_1_6' title="bbox 326 438 1898 511">
     <span class='ocr_line' id='line_1_6' title="bbox 326 438 1898 511; baseline 0.001 -16"><span class='ocrx_word' id='word_1_26' title='bbox 326 443 422 495; x_wconf 75' lang='grc' dir='ltr'>καὶ</span> <span class='ocrx_word' id='word_1_27' title='bbox 459 439 650 511; x_wconf 69' lang='grc' dir='ltr'>Πατὴρ</span> <span class='ocrx_word' id='word_1_28' title='bbox 675 438 804 509; x_wconf 80' lang='grc' dir='ltr'>δόξῃ</span> <span class='ocrx_word' id='word_1_29' title='bbox 825 438 1046 508; x_wconf 89' lang='grc' dir='ltr'>λέγεται</span> <span class='ocrx_word' id='word_1_30' title='bbox 1082 441 1382 508; x_wconf 79' lang='grc' dir='ltr'>στεφανοῦν</span> <span class='ocrx_word' id='word_1_31' title='bbox 1400 441 1494 494; x_wconf 92' lang='grc' dir='ltr'><strong>τὸν</strong></span> <span class='ocrx_word' id='word_1_32' title='bbox 1516 441 1663 496; x_wconf 89' lang='grc' dir='ltr'>Υἰόν.</span> <span class='ocrx_word' id='word_1_33' title='bbox 1688 441 1898 496; x_wconf 81' lang='grc' dir='ltr'>Οὐκοῦν</span> 
     </span>
    </p>
   </div>
   <div class='ocr_carea' id='block_1_7' title="bbox 326 529 1898 606">
    <p class='ocr_par' dir='ltr' id='par_1_7' title="bbox 326 529 1898 606">
     <span class='ocr_line' id='line_1_7' title="bbox 326 529 1898 606; baseline 0.003 -20"><span class='ocrx_word' id='word_1_34' title='bbox 326 531 494 594; x_wconf 79' lang='grc' dir='ltr'>αὐτός</span> <span class='ocrx_word' id='word_1_35' title='bbox 553 529 656 583; x_wconf 90' lang='grc' dir='ltr'><strong>πού</strong></span> <span class='ocrx_word' id='word_1_36' title='bbox 712 545 878 601; x_wconf 83' lang='grc' dir='ltr'>φησιν</span> <span class='ocrx_word' id='word_1_37' title='bbox 932 533 961 585; x_wconf 90' lang='lat'><strong>6</strong></span> <span class='ocrx_word' id='word_1_38' title='bbox 1019 533 1289 603; x_wconf 84' lang='grc' dir='ltr'>μακάριος</span> <span class='ocrx_word' id='word_1_39' title='bbox 1345 532 1557 597; x_wconf 82' lang='grc' dir='ltr'>Παῦλος</span> <span class='ocrx_word' id='word_1_40' title='bbox 1605 534 1736 606; x_wconf 85' lang='grc' dir='ltr'><strong>περί</strong></span> <span class='ocrx_word' id='word_1_41' title='bbox 1789 533 1898 590; x_wconf 86' lang='grc' dir='ltr'><strong>τῶν</strong></span> 
     </span>
    </p>
   </div>
   <div class='ocr_carea' id='block_1_8' title="bbox 324 619 1896 696">
    <p class='ocr_par' dir='ltr' id='par_1_8' title="bbox 324 619 1896 696">
     <span class='ocr_line' id='line_1_8' title="bbox 324 619 1896 696; baseline 0.003 -19"><span class='ocrx_word' id='word_1_42' title='bbox 324 619 601 693; x_wconf 77' lang='grc' dir='ltr'><strong>ἀρχόντων</strong></span> <span class='ocrx_word' id='word_1_43' title='bbox 624 620 720 675; x_wconf 89' lang='grc' dir='ltr'><strong>τοῦ</strong></span> <span class='ocrx_word' id='word_1_44' title='bbox 755 622 951 687; x_wconf 86' lang='grc' dir='ltr'>αἰῶνος</span> <span class='ocrx_word' id='word_1_45' title='bbox 974 623 1166 677; x_wconf 89' lang='grc' dir='ltr'>τούτου</span> <span class='ocrx_word' id='word_1_46' title='bbox 1185 640 1203 658; x_wconf 78' lang='grc' dir='ltr'><strong><em>ο</em></strong></span> <span class='ocrx_word' id='word_1_47' title='bbox 1237 643 1256 677; x_wconf 79' lang='grc' dir='ltr'><strong>ι</strong></span> <span class='ocrx_word' id='word_1_48' title='bbox 1290 625 1352 678; x_wconf 82' lang='grc' dir='ltr'><strong>Εἰ</strong></span> <span class='ocrx_word' id='word_1_49' title='bbox 1381 625 1489 696; x_wconf 85' lang='grc' dir='ltr'>γὰρ</span> <span class='ocrx_word' id='word_1_50' title='bbox 1508 625 1772 695; x_wconf 76' lang='grc' dir='ltr'>ἔγνωσαν,</span> <span class='ocrx_word' id='word_1_51' title='bbox 1796 627 1896 680; x_wconf 82' lang='grc' dir='ltr'>οὐκ</span> 
     </span>
    </p>
   </div>
   <div class='ocr_carea' id='block_1_9' title="bbox 325 711 1895 788">
    <p class='ocr_par' dir='ltr' id='par_1_9' title="bbox 325 711 1895 788">
     <span class='ocr_line' id='line_1_9' title="bbox 325 711 1895 788; baseline 0.004 -21"><span class='ocrx_word' id='word_1_52' title='bbox 325 711 390 768; x_wconf 83' lang='grc' dir='ltr'>ἂν</span> <span class='ocrx_word' id='word_1_53' title='bbox 438 712 531 766; x_wconf 86' lang='grc' dir='ltr'><strong>τὸν</strong></span> <span class='ocrx_word' id='word_1_54' title='bbox 571 711 778 784; x_wconf 80' lang='grc' dir='ltr'>Κύριον</span> <span class='ocrx_word' id='word_1_55' title='bbox 821 714 921 785; x_wconf 82' lang='grc' dir='ltr'>τῆς</span> <span class='ocrx_word' id='word_1_56' title='bbox 951 714 1110 784; x_wconf 80' lang='grc' dir='ltr'>δόξης</span> <span class='ocrx_word' id='word_1_57' title='bbox 1151 715 1524 788; x_wconf 74' lang='grc' dir='ltr'><strong>ἐσταύρωσαν.</strong></span> <span class='ocrx_word' id='word_1_58' title='bbox 1564 735 1584 770; x_wconf 85' lang='grc'><strong>›</strong></span> <span class='ocrx_word' id='word_1_59' title='bbox 1623 715 1775 772; x_wconf 71' lang='grc' dir='ltr'>Οἶδεν</span> <span class='ocrx_word' id='word_1_60' title='bbox 1802 715 1895 774; x_wconf 82' lang='grc' dir='ltr'><strong>οῦν</strong></span> 
     </span>
    </p>
   </div>
   <div class='ocr_carea' id='block_1_10' title="bbox 321 801 1893 882">
    <p class='ocr_par' dir='ltr' id='par_1_10' title="bbox 321 801 1893 882">
     <span class='ocr_line' id='line_1_10' title="bbox 321 801 1893 882; baseline 0.006 -25"><span class='ocrx_word' id='word_1_61' title='bbox 321 801 432 875; x_wconf 81' lang='grc' dir='ltr'><strong>ἀρα</strong></span> <span class='ocrx_word' id='word_1_62' title='bbox 463 805 556 858; x_wconf 76' lang='grc' dir='ltr'>καὶ</span> <span class='ocrx_word' id='word_1_63' title='bbox 583 804 789 876; x_wconf 81' lang='grc' dir='ltr'>Κύριον</span> <span class='ocrx_word' id='word_1_64' title='bbox 822 805 949 860; x_wconf 75' lang='grc' dir='ltr'>ὄντα</span> <span class='ocrx_word' id='word_1_65' title='bbox 981 807 1083 877; x_wconf 83' lang='grc' dir='ltr'>τῆς</span> <span class='ocrx_word' id='word_1_66' title='bbox 1110 806 1270 879; x_wconf 82' lang='grc' dir='ltr'><strong>δόξης</strong></span> <span class='ocrx_word' id='word_1_67' title='bbox 1313 807 1405 862; x_wconf 88' lang='grc' dir='ltr'><strong>τὸν</strong></span> <span class='ocrx_word' id='word_1_68' title='bbox 1445 810 1893 882; x_wconf 79' lang='grc' dir='ltr'>ἐσταυρωμένον·</span> 
     </span>
    </p>
   </div>
   <div class='ocr_carea' id='block_1_11' title="bbox 321 892 1897 976">
    <p class='ocr_par' dir='ltr' id='par_1_11' title="bbox 321 892 1897 976">
     <span class='ocr_line' id='line_1_11' title="bbox 321 892 1897 976; baseline 0.004 -24"><span class='ocrx_word' id='word_1_69' title='bbox 321 893 436 960; x_wconf 85' lang='grc' dir='ltr'><strong>πῶς</strong></span> <span class='ocrx_word' id='word_1_70' title='bbox 468 892 563 952; x_wconf 81' lang='grc' dir='ltr'>οὖν</span> <span class='ocrx_word' id='word_1_71' title='bbox 595 897 807 968; x_wconf 83' lang='grc' dir='ltr'>δέχεται</span> <span class='ocrx_word' id='word_1_72' title='bbox 837 896 995 963; x_wconf 81' lang='grc' dir='ltr'>δόξαν</span> <span class='ocrx_word' id='word_1_73' title='bbox 1035 899 1190 971; x_wconf 82' lang='grc' dir='ltr'>παρὰ</span> <span class='ocrx_word' id='word_1_74' title='bbox 1214 899 1309 953; x_wconf 91' lang='grc' dir='ltr'><strong>τοῦ</strong></span> <span class='ocrx_word' id='word_1_75' title='bbox 1332 901 1548 973; x_wconf 90' lang='grc' dir='ltr'>Πατρὸς</span> <span class='ocrx_word' id='word_1_76' title='bbox 1567 903 1596 955; x_wconf 97' lang='lat'><strong>6</strong></span> <span class='ocrx_word' id='word_1_77' title='bbox 1618 903 1718 975; x_wconf 86' lang='grc' dir='ltr'><strong>τῆς</strong></span> <span class='ocrx_word' id='word_1_78' title='bbox 1737 903 1897 976; x_wconf 82' lang='grc' dir='ltr'><strong>δόξης</strong></span> 
     </span>
    </p>
   </div>
   <div class='ocr_carea' id='block_1_12' title="bbox 317 989 1894 1064">
    <p class='ocr_par' dir='ltr' id='par_1_12' title="bbox 317 989 1894 1064">
     <span class='ocr_line' id='line_1_12' title="bbox 317 989 1894 1064; baseline 0.002 -19"><span class='ocrx_word' id='word_1_79' title='bbox 317 989 553 1064; x_wconf 82' lang='grc' dir='ltr'>Κύριος;</span> <span class='ocrx_word' id='word_1_80' title='bbox 593 989 667 1045; x_wconf 84' lang='grc' dir='ltr'>Ἣ</span> <span class='ocrx_word' id='word_1_81' title='bbox 697 990 875 1062; x_wconf 84' lang='grc' dir='ltr'>δῆλον,</span> <span class='ocrx_word' id='word_1_82' title='bbox 903 991 986 1045; x_wconf 78' lang='grc' dir='ltr'>ὅτι</span> <span class='ocrx_word' id='word_1_83' title='bbox 1016 991 1307 1062; x_wconf 87' lang='grc' dir='ltr'>πεποίηται</span> <span class='ocrx_word' id='word_1_84' title='bbox 1339 992 1504 1046; x_wconf 83' lang='grc' dir='ltr'>πάλιν</span> <span class='ocrx_word' id='word_1_85' title='bbox 1531 994 1894 1064; x_wconf 73' lang='grc' dir='ltr'>οἰκονομικῶς</span> 
     </span>
    </p>
   </div>
   <div class='ocr_carea' id='block_1_13' title="bbox 313 1081 1888 1156">
    <p class='ocr_par' dir='ltr' id='par_1_13' title="bbox 313 1081 1888 1156">
     <span class='ocr_line' id='line_1_13' title="bbox 313 1081 1888 1156; baseline 0.001 -18"><span class='ocrx_word' id='word_1_86' title='bbox 313 1083 516 1153; x_wconf 85' lang='grc' dir='ltr'>όλόγος</span> <span class='ocrx_word' id='word_1_87' title='bbox 546 1081 724 1155; x_wconf 85' lang='grc' dir='ltr'>αύτῷ;</span> <span class='ocrx_word' id='word_1_88' title='bbox 755 1083 980 1153; x_wconf 84' lang='grc' dir='ltr'><strong>Δέχεται</strong></span> <span class='ocrx_word' id='word_1_89' title='bbox 1018 1083 1119 1153; x_wconf 86' lang='grc' dir='ltr'>μὲν</span> <span class='ocrx_word' id='word_1_90' title='bbox 1141 1083 1249 1154; x_wconf 85' lang='grc' dir='ltr'><strong>γάρ</strong></span> <span class='ocrx_word' id='word_1_91' title='bbox 1280 1082 1657 1156; x_wconf 74' lang='grc' dir='ltr'>ἀνθρωπίνως,</span> <span class='ocrx_word' id='word_1_92' title='bbox 1686 1084 1800 1140; x_wconf 79' lang='grc' dir='ltr'>ἔστι</span> <span class='ocrx_word' id='word_1_93' title='bbox 1829 1085 1888 1140; x_wconf 83' lang='grc' dir='ltr'>δὲ</span> 
     </span>
    </p>
   </div>
   <div class='ocr_carea' id='block_1_14' title="bbox 313 1173 1888 1250">
    <p class='ocr_par' dir='ltr' id='par_1_14' title="bbox 313 1173 1888 1250">
     <span class='ocr_line' id='line_1_14' title="bbox 313 1173 1888 1250; baseline 0.003 -22"><span class='ocrx_word' id='word_1_94' title='bbox 313 1176 409 1228; x_wconf 73' lang='grc' dir='ltr'>καὶ</span> <span class='ocrx_word' id='word_1_95' title='bbox 451 1175 596 1230; x_wconf 78' lang='grc' dir='ltr'>οὕτω</span> <span class='ocrx_word' id='word_1_96' title='bbox 630 1175 730 1247; x_wconf 82' lang='grc' dir='ltr'>τῆς</span> <span class='ocrx_word' id='word_1_97' title='bbox 766 1173 926 1245; x_wconf 85' lang='grc' dir='ltr'><strong>δόξης</strong></span> <span class='ocrx_word' id='word_1_98' title='bbox 960 1173 1167 1246; x_wconf 85' lang='grc' dir='ltr'>Κύριος</span> <span class='ocrx_word' id='word_1_99' title='bbox 1207 1174 1422 1239; x_wconf 86' lang='grc' dir='ltr'>θεῖκῶς.</span> <span class='ocrx_word' id='word_1_100' title='bbox 1453 1177 1564 1231; x_wconf 81' lang='grc' dir='ltr'><strong>Καὶ</strong></span> <span class='ocrx_word' id='word_1_101' title='bbox 1605 1177 1634 1228; x_wconf 90' lang='lat'><strong>6</strong></span> <span class='ocrx_word' id='word_1_102' title='bbox 1660 1178 1758 1250; x_wconf 90' lang='grc' dir='ltr'><strong>μέν</strong></span> <span class='ocrx_word' id='word_1_103' title='bbox 1788 1179 1888 1249; x_wconf 84' lang='grc' dir='ltr'><strong>τῆς</strong></span> 
     </span>
    </p>
   </div>
   <div class='ocr_carea' id='block_1_15' title="bbox 313 1265 1890 1340">
    <p class='ocr_par' dir='ltr' id='par_1_15' title="bbox 313 1265 1890 1340">
     <span class='ocr_line' id='line_1_15' title="bbox 313 1265 1890 1340; baseline 0.002 -20"><span class='ocrx_word' id='word_1_104' title='bbox 313 1265 466 1332; x_wconf 86' lang='grc' dir='ltr'>θείας</span> <span class='ocrx_word' id='word_1_105' title='bbox 498 1266 664 1322; x_wconf 81' lang='grc' dir='ltr'>αὐτοῦ</span> <span class='ocrx_word' id='word_1_106' title='bbox 704 1267 920 1338; x_wconf 89' lang='grc' dir='ltr'>φύσεως</span> <span class='ocrx_word' id='word_1_107' title='bbox 967 1265 1196 1331; x_wconf 83' lang='grc' dir='ltr'>πλοῦτος</span> <span class='ocrx_word' id='word_1_108' title='bbox 1237 1267 1410 1339; x_wconf 81' lang='grc' dir='ltr'>ὁρῷτο</span> <span class='ocrx_word' id='word_1_109' title='bbox 1446 1267 1512 1322; x_wconf 82' lang='grc' dir='ltr'>ἂν</span> <span class='ocrx_word' id='word_1_110' title='bbox 1549 1267 1687 1340; x_wconf 85' lang='grc' dir='ltr'>πρὸς</span> <span class='ocrx_word' id='word_1_111' title='bbox 1733 1269 1890 1340; x_wconf 86' lang='grc' dir='ltr'>ήμῶν</span> 
     </span>
    </p>
   </div>
   <div class='ocr_carea' id='block_1_16' title="bbox 309 1356 1888 1430">
    <p class='ocr_par' dir='ltr' id='par_1_16' title="bbox 309 1356 1888 1430">
     <span class='ocr_line' id='line_1_16' title="bbox 309 1356 1888 1430; baseline 0.001 -20"><span class='ocrx_word' id='word_1_112' title='bbox 309 1357 509 1422; x_wconf 79' lang='grc' dir='ltr'>ἐντοῖς</span> <span class='ocrx_word' id='word_1_113' title='bbox 547 1357 688 1430; x_wconf 85' lang='grc' dir='ltr'><strong>ύπέρ</strong></span> <span class='ocrx_word' id='word_1_114' title='bbox 736 1359 917 1414; x_wconf 84' lang='grc' dir='ltr'>κτίσιν</span> <span class='ocrx_word' id='word_1_115' title='bbox 975 1357 1450 1428; x_wconf 83' lang='grc' dir='ltr'>πλεονεκτήμασι·</span> <span class='ocrx_word' id='word_1_116' title='bbox 1501 1356 1607 1428; x_wconf 82' lang='grc' dir='ltr'>τῆς</span> <span class='ocrx_word' id='word_1_117' title='bbox 1659 1357 1716 1411; x_wconf 85' lang='grc' dir='ltr'>δὲ</span> <span class='ocrx_word' id='word_1_118' title='bbox 1763 1357 1888 1413; x_wconf 79' lang='grc' dir='ltr'>καθ’</span> 
     </span>
    </p>
   </div>
   <div class='ocr_carea' id='block_1_17' title="bbox 310 1449 1883 1522">
    <p class='ocr_par' dir='ltr' id='par_1_17' title="bbox 310 1449 1883 1522">
     <span class='ocr_line' id='line_1_17' title="bbox 310 1449 1883 1522; baseline 0.001 -19"><span class='ocrx_word' id='word_1_119' title='bbox 310 1449 457 1520; x_wconf 72' lang='grc' dir='ltr'>ἡμᾶς</span> <span class='ocrx_word' id='word_1_120' title='bbox 489 1450 763 1521; x_wconf 83' lang='grc' dir='ltr'>πτωχείας</span> <span class='ocrx_word' id='word_1_121' title='bbox 795 1450 856 1504; x_wconf 86' lang='grc' dir='ltr'><strong>τὸ</strong></span> <span class='ocrx_word' id='word_1_122' title='bbox 901 1449 1102 1522; x_wconf 82' lang='grc' dir='ltr'>μέτρον</span> <span class='ocrx_word' id='word_1_123' title='bbox 1134 1453 1193 1506; x_wconf 88' lang='grc' dir='ltr'><strong>ἐν</strong></span> <span class='ocrx_word' id='word_1_124' title='bbox 1232 1449 1312 1522; x_wconf 86' lang='grc' dir='ltr'><strong>τῷ</strong></span> <span class='ocrx_word' id='word_1_125' title='bbox 1362 1450 1619 1521; x_wconf 89' lang='grc' dir='ltr'>λέγεσθαι</span> <span class='ocrx_word' id='word_1_126' title='bbox 1663 1450 1883 1504; x_wconf 75' lang='grc' dir='ltr'>λαϐεῖν·</span> 
     </span>
    </p>
   </div>
   <div class='ocr_carea' id='block_1_18' title="bbox 317 1540 1884 1614">
    <p class='ocr_par' dir='ltr' id='par_1_18' title="bbox 317 1540 1884 1614">
     <span class='ocr_line' id='line_1_18' title="bbox 317 1540 1884 1614; baseline 0.001 -20"><span class='ocrx_word' id='word_1_127' title='bbox 317 1558 337 1594; x_wconf 81' lang='lat' dir='ltr'><strong>t</strong></span> <span class='ocrx_word' id='word_1_128' title='bbox 369 1540 479 1595; x_wconf 74' lang='lat' dir='ltr'><strong>Kal</strong></span> <span class='ocrx_word' id='word_1_129' title='bbox 505 1542 555 1595; x_wconf 90' lang='grc' dir='ltr'><strong>εἰ</strong></span> <span class='ocrx_word' id='word_1_130' title='bbox 580 1541 835 1606; x_wconf 89' lang='grc' dir='ltr'>πλούσιος</span> <span class='ocrx_word' id='word_1_131' title='bbox 873 1542 970 1607; x_wconf 82' lang='grc' dir='ltr'><strong>ὢν,</strong></span> <span class='ocrx_word' id='word_1_132' title='bbox 1000 1543 1068 1596; x_wconf 86' lang='grc' dir='ltr'><strong>δι’</strong></span> <span class='ocrx_word' id='word_1_133' title='bbox 1090 1544 1240 1614; x_wconf 77' lang='grc' dir='ltr'>ἡμᾶς</span> <span class='ocrx_word' id='word_1_134' title='bbox 1279 1541 1642 1614; x_wconf 78' lang='grc' dir='ltr'>ἐπτώχευσεν.</span> <span class='ocrx_word' id='word_1_135' title='bbox 1680 1560 1698 1593; x_wconf 75' lang='grc' dir='ltr'><strong>ι</strong></span> <span class='ocrx_word' id='word_1_136' title='bbox 1744 1541 1884 1596; x_wconf 84' lang='grc' dir='ltr'>Ἀλλ’</span> 
     </span>
    </p>
   </div>
   <div class='ocr_carea' id='block_1_19' title="bbox 305 1625 1880 1704">
    <p class='ocr_par' dir='ltr' id='par_1_19' title="bbox 305 1625 1880 1704">
     <span class='ocr_line' id='line_1_19' title="bbox 305 1625 1880 1704; baseline 0 -20"><span class='ocrx_word' id='word_1_137' title='bbox 305 1625 402 1684; x_wconf 81' lang='grc' dir='ltr'>οὖν</span> <span class='ocrx_word' id='word_1_138' title='bbox 443 1631 678 1700; x_wconf 80' lang='grc' dir='ltr'>ἀγαθαῖς</span> <span class='ocrx_word' id='word_1_139' title='bbox 720 1631 952 1696; x_wconf 87' lang='grc' dir='ltr'>ἐννοίαις</span> <span class='ocrx_word' id='word_1_140' title='bbox 989 1633 1128 1702; x_wconf 88' lang='grc' dir='ltr'>πρὸς</span> <span class='ocrx_word' id='word_1_141' title='bbox 1178 1631 1447 1704; x_wconf 85' lang='grc' dir='ltr'>ὀρθότητα</span> <span class='ocrx_word' id='word_1_142' title='bbox 1501 1631 1880 1702; x_wconf 78' lang='grc' dir='ltr'>διοικούμενοι,</span> 
     </span>
    </p>
   </div>
   <div class='ocr_carea' id='block_1_20' title="bbox 2002 444 3580 514">
    <p class='ocr_par' dir='ltr' id='par_1_20' title="bbox 2002 444 3580 514">
     <span class='ocr_line' id='line_1_20' title="bbox 2002 444 3580 514; baseline 0 -17"><span class='ocrx_word' id='word_1_143' title='bbox 2002 444 2278 500; x_wconf 83' lang='lat' dir='ltr'><strong>discedere</strong></span> <span class='ocrx_word' id='word_1_144' title='bbox 2312 445 2470 500; x_wconf 87' lang='lat' dir='ltr'><strong>nobis</strong></span> <span class='ocrx_word' id='word_1_145' title='bbox 2523 445 2682 512; x_wconf 91' lang='lat' dir='ltr'><strong>licet;</strong></span> <span class='ocrx_word' id='word_1_146' title='bbox 2732 445 2958 514; x_wconf 88' lang='lat' dir='ltr'><strong>agedum</strong></span> <span class='ocrx_word' id='word_1_147' title='bbox 3029 444 3252 514; x_wconf 88' lang='lat' dir='ltr'><strong>paucis.</strong></span> <span class='ocrx_word' id='word_1_148' title='bbox 3311 445 3580 514; x_wconf 89' lang='lat' dir='ltr'><strong>quomodo</strong></span> 
     </span>
    </p>
   </div>
   <div class='ocr_carea' id='block_1_21' title="bbox 2001 530 3576 602">
    <p class='ocr_par' dir='ltr' id='par_1_21' title="bbox 2001 530 3576 602">
     <span class='ocr_line' id='line_1_21' title="bbox 2001 530 3576 602; baseline -0.001 -16"><span class='ocrx_word' id='word_1_149' title='bbox 2001 531 2146 587; x_wconf 90' lang='lat' dir='ltr'><strong>Deus</strong></span> <span class='ocrx_word' id='word_1_150' title='bbox 2187 530 2350 588; x_wconf 91' lang='lat' dir='ltr'><strong>Pater</strong></span> <span class='ocrx_word' id='word_1_151' title='bbox 2388 531 2586 586; x_wconf 85' lang='lat' dir='ltr'><strong>Filium</strong></span> <span class='ocrx_word' id='word_1_152' title='bbox 2629 547 2783 587; x_wconf 90' lang='lat' dir='ltr'><strong>suum</strong></span> <span class='ocrx_word' id='word_1_153' title='bbox 2825 530 2992 602; x_wconf 87' lang='lat' dir='ltr'><strong>gloria</strong></span> <span class='ocrx_word' id='word_1_154' title='bbox 3039 546 3325 586; x_wconf 83' lang='lat' dir='ltr'><strong>coronasse</strong></span> <span class='ocrx_word' id='word_1_155' title='bbox 3347 531 3576 597; x_wconf 92' lang='lat' dir='ltr'><strong>dicatur,</strong></span> 
     </span>
    </p>
   </div>
   <div class='ocr_carea' id='block_1_22' title="bbox 1999 621 3578 692">
    <p class='ocr_par' dir='ltr' id='par_1_22' title="bbox 1999 621 3578 692">
     <span class='ocr_line' id='line_1_22' title="bbox 1999 621 3578 692; baseline 0 -17"><span class='ocrx_word' id='word_1_156' title='bbox 1999 621 2218 692; x_wconf 89' lang='lat' dir='ltr'><strong>planum</strong></span> <span class='ocrx_word' id='word_1_157' title='bbox 2269 623 2552 678; x_wconf 76' lang='lat' dir='ltr'><strong>faciamus.</strong></span> <span class='ocrx_word' id='word_1_158' title='bbox 2611 621 2808 676; x_wconf 80' lang='lat' dir='ltr'><strong>Beatus</strong></span> <span class='ocrx_word' id='word_1_159' title='bbox 2849 621 3046 678; x_wconf 88' lang='lat' dir='ltr'><strong>Paulus</strong></span> <span class='ocrx_word' id='word_1_160' title='bbox 3088 623 3156 677; x_wconf 89' lang='lat' dir='ltr'><strong>de</strong></span> <span class='ocrx_word' id='word_1_161' title='bbox 3203 622 3380 678; x_wconf 64' lang='lat' dir='ltr'><strong>saeculi</strong></span> <span class='ocrx_word' id='word_1_162' title='bbox 3419 622 3578 692; x_wconf 82' lang='lat' dir='ltr'><strong>hujus</strong></span> 
     </span>
    </p>
   </div>
   <div class='ocr_carea' id='block_1_23' title="bbox 1999 713 3574 784">
    <p class='ocr_par' dir='ltr' id='par_1_23' title="bbox 1999 713 3574 784">
     <span class='ocr_line' id='line_1_23' title="bbox 1999 713 3574 784; baseline 0 -18"><span class='ocrx_word' id='word_1_163' title='bbox 1999 713 2337 782; x_wconf 85' lang='lat' dir='ltr'><strong>principibus</strong></span> <span class='ocrx_word' id='word_1_164' title='bbox 2387 714 2620 784; x_wconf 88' lang='lat' dir='ltr'><strong>quodam</strong></span> <span class='ocrx_word' id='word_1_165' title='bbox 2662 713 2714 767; x_wconf 94' lang='lat' dir='ltr'><strong>in</strong></span> <span class='ocrx_word' id='word_1_166' title='bbox 2751 715 2868 768; x_wconf 91' lang='lat' dir='ltr'><strong>loco</strong></span> <span class='ocrx_word' id='word_1_167' title='bbox 2911 715 2985 769; x_wconf 88' lang='lat' dir='ltr'><strong>ita</strong></span> <span class='ocrx_word' id='word_1_168' title='bbox 3017 714 3205 769; x_wconf 91' lang='lat' dir='ltr'><strong>scribit</strong></span> <span class='ocrx_word' id='word_1_169' title='bbox 3237 733 3252 770; x_wconf 90' lang='lat'><strong>:</strong></span> <span class='ocrx_word' id='word_1_170' title='bbox 3285 733 3304 765; x_wconf 79' lang='grc' dir='ltr'><strong>ι</strong></span> <span class='ocrx_word' id='word_1_171' title='bbox 3347 714 3403 768; x_wconf 91' lang='lat' dir='ltr'><strong>Si</strong></span> <span class='ocrx_word' id='word_1_172' title='bbox 3430 714 3574 767; x_wconf 88' lang='lat' dir='ltr'><strong>enim</strong></span> 
     </span>
    </p>
   </div>
   <div class='ocr_carea' id='block_1_24' title="bbox 1997 804 3572 876">
    <p class='ocr_par' dir='ltr' id='par_1_24' title="bbox 1997 804 3572 876">
     <span class='ocr_line' id='line_1_24' title="bbox 1997 804 3572 876; baseline 0 -16"><span class='ocrx_word' id='word_1_173' title='bbox 1997 805 2412 876; x_wconf 71' lang='lat' dir='ltr'><strong>cognovissent,</strong></span> <span class='ocrx_word' id='word_1_174' title='bbox 2472 819 2747 874; x_wconf 81' lang='lat' dir='ltr'><strong>nunquam</strong></span> <span class='ocrx_word' id='word_1_175' title='bbox 2801 804 3087 860; x_wconf 92' lang='lat' dir='ltr'><strong>Dominum</strong></span> <span class='ocrx_word' id='word_1_176' title='bbox 3142 806 3328 875; x_wconf 64' lang='lat' dir='ltr'><strong>gloriae</strong></span> <span class='ocrx_word' id='word_1_177' title='bbox 3392 805 3572 861; x_wconf 91' lang='lat' dir='ltr'><strong>cruci-</strong></span> 
     </span>
    </p>
   </div>
   <div class='ocr_carea' id='block_1_25' title="bbox 1997 895 3572 967">
    <p class='ocr_par' dir='ltr' id='par_1_25' title="bbox 1997 895 3572 967">
     <span class='ocr_line' id='line_1_25' title="bbox 1997 895 3572 967; baseline -0.001 -16"><span class='ocrx_word' id='word_1_178' title='bbox 1997 895 2377 952; x_wconf 50' lang='grc' dir='ltr'><strong>Μίδωνι.»</strong></span> <span class='ocrx_word' id='word_1_179' title='bbox 2436 895 2603 953; x_wconf 77' lang='lat' dir='ltr'><strong>Norat</strong></span> <span class='ocrx_word' id='word_1_180' title='bbox 2652 897 2872 966; x_wconf 86' lang='lat' dir='ltr'><strong>itaque,</strong></span> <span class='ocrx_word' id='word_1_181' title='bbox 2920 912 3044 952; x_wconf 90' lang='lat' dir='ltr'><strong>eum</strong></span> <span class='ocrx_word' id='word_1_182' title='bbox 3099 898 3189 967; x_wconf 88' lang='lat' dir='ltr'><strong>qui</strong></span> <span class='ocrx_word' id='word_1_183' title='bbox 3235 899 3412 953; x_wconf 90' lang='lat' dir='ltr'><strong>crucis</strong></span> <span class='ocrx_word' id='word_1_184' title='bbox 3441 912 3572 967; x_wconf 90' lang='lat' dir='ltr'><strong>sup-</strong></span> 
     </span>
    </p>
   </div>
   <div class='ocr_carea' id='block_1_26' title="bbox 1993 987 3570 1060">
    <p class='ocr_par' dir='ltr' id='par_1_26' title="bbox 1993 987 3570 1060">
     <span class='ocr_line' id='line_1_26' title="bbox 1993 987 3570 1060; baseline -0.002 -18"><span class='ocrx_word' id='word_1_185' title='bbox 1993 987 2210 1060; x_wconf 88' lang='lat' dir='ltr'><strong>plicium</strong></span> <span class='ocrx_word' id='word_1_186' title='bbox 2278 989 2559 1054; x_wconf 89' lang='lat' dir='ltr'><strong>subierat,</strong></span> <span class='ocrx_word' id='word_1_187' title='bbox 2628 988 2812 1058; x_wconf 77' lang='lat' dir='ltr'><strong>gloriae</strong></span> <span class='ocrx_word' id='word_1_188' title='bbox 2894 989 3185 1044; x_wconf 91' lang='lat' dir='ltr'><strong>Dominum</strong></span> <span class='ocrx_word' id='word_1_189' title='bbox 3236 1003 3378 1046; x_wconf 86' lang='lat' dir='ltr'><strong>esse.</strong></span> <span class='ocrx_word' id='word_1_190' title='bbox 3451 987 3570 1042; x_wconf 71' lang='lat' dir='ltr'><strong>1am</strong></span> 
     </span>
    </p>
   </div>
   <div class='ocr_carea' id='block_1_27' title="bbox 1992 1080 3571 1153">
    <p class='ocr_par' dir='ltr' id='par_1_27' title="bbox 1992 1080 3571 1153">
     <span class='ocr_line' id='line_1_27' title="bbox 1992 1080 3571 1153; baseline -0.001 -19"><span class='ocrx_word' id='word_1_191' title='bbox 1992 1080 2262 1150; x_wconf 89' lang='lat' dir='ltr'><strong>quomodo</strong></span> <span class='ocrx_word' id='word_1_192' title='bbox 2296 1082 2557 1138; x_wconf 89' lang='lat' dir='ltr'><strong>Dominus</strong></span> <span class='ocrx_word' id='word_1_193' title='bbox 2580 1081 2766 1153; x_wconf 59' lang='lat' dir='ltr'><strong>glorias</strong></span> <span class='ocrx_word' id='word_1_194' title='bbox 2801 1082 3025 1152; x_wconf 88' lang='lat' dir='ltr'><strong>gloriam</strong></span> <span class='ocrx_word' id='word_1_195' title='bbox 3063 1098 3090 1136; x_wconf 90' lang='lat' dir='ltr'><strong>a</strong></span> <span class='ocrx_word' id='word_1_196' title='bbox 3120 1083 3280 1138; x_wconf 85' lang='lat' dir='ltr'><strong>Patre</strong></span> <span class='ocrx_word' id='word_1_197' title='bbox 3331 1081 3571 1151; x_wconf 82' lang='lat' dir='ltr'><strong>accipit?</strong></span> 
     </span>
    </p>
   </div>
   <div class='ocr_carea' id='block_1_28' title="bbox 1992 1171 3567 1243">
    <p class='ocr_par' dir='ltr' id='par_1_28' title="bbox 1992 1171 3567 1243">
     <span class='ocr_line' id='line_1_28' title="bbox 1992 1171 3567 1243; baseline 0.001 -15"><span class='ocrx_word' id='word_1_198' title='bbox 1992 1171 2161 1241; x_wconf 84' lang='lat' dir='ltr'><strong>Hujus</strong></span> <span class='ocrx_word' id='word_1_199' title='bbox 2210 1174 2530 1243; x_wconf 72' lang='lat' dir='ltr'><strong>quaestionis</strong></span> <span class='ocrx_word' id='word_1_200' title='bbox 2574 1175 2774 1230; x_wconf 91' lang='lat' dir='ltr'><strong>nodum</strong></span> <span class='ocrx_word' id='word_1_201' title='bbox 2823 1174 3247 1239; x_wconf 86' lang='lat' dir='ltr'><strong>dispensationis</strong></span> <span class='ocrx_word' id='word_1_202' title='bbox 3293 1175 3434 1229; x_wconf 88' lang='lat' dir='ltr'><strong>ratio</strong></span> <span class='ocrx_word' id='word_1_203' title='bbox 3454 1176 3567 1229; x_wconf 90' lang='lat' dir='ltr'><strong>dis-</strong></span> 
     </span>
    </p>
   </div>
   <div class='ocr_carea' id='block_1_29' title="bbox 1990 1263 3568 1335">
    <p class='ocr_par' dir='ltr' id='par_1_29' title="bbox 1990 1263 3568 1335">
     <span class='ocr_line' id='line_1_29' title="bbox 1990 1263 3568 1335; baseline -0.001 -15"><span class='ocrx_word' id='word_1_204' title='bbox 1990 1264 2172 1320; x_wconf 84' lang='lat' dir='ltr'><strong>solvit.</strong></span> <span class='ocrx_word' id='word_1_205' title='bbox 2239 1264 2456 1334; x_wconf 84' lang='lat' dir='ltr'><strong>Accipit</strong></span> <span class='ocrx_word' id='word_1_206' title='bbox 2537 1263 2682 1320; x_wconf 90' lang='lat' dir='ltr'><strong>enim</strong></span> <span class='ocrx_word' id='word_1_207' title='bbox 2751 1264 2978 1334; x_wconf 84' lang='lat' dir='ltr'><strong>gloriam</strong></span> <span class='ocrx_word' id='word_1_208' title='bbox 3057 1273 3114 1319; x_wconf 92' lang='lat' dir='ltr'><strong>ut</strong></span> <span class='ocrx_word' id='word_1_209' title='bbox 3146 1264 3350 1332; x_wconf 88' lang='lat' dir='ltr'><strong>homo;</strong></span> <span class='ocrx_word' id='word_1_210' title='bbox 3392 1265 3568 1335; x_wconf 86' lang='lat' dir='ltr'><strong>pergit</strong></span> 
     </span>
    </p>
   </div>
   <div class='ocr_carea' id='block_1_30' title="bbox 1988 1355 3562 1427">
    <p class='ocr_par' dir='ltr' id='par_1_30' title="bbox 1988 1355 3562 1427">
     <span class='ocr_line' id='line_1_30' title="bbox 1988 1355 3562 1427; baseline -0.001 -16"><span class='ocrx_word' id='word_1_211' title='bbox 1988 1365 2170 1412; x_wconf 91' lang='lat' dir='ltr'><strong>autem</strong></span> <span class='ocrx_word' id='word_1_212' title='bbox 2216 1356 2402 1427; x_wconf 86' lang='lat' dir='ltr'><strong>gloriae</strong></span> <span class='ocrx_word' id='word_1_213' title='bbox 2451 1355 2708 1411; x_wconf 90' lang='lat' dir='ltr'><strong>Dominus</strong></span> <span class='ocrx_word' id='word_1_214' title='bbox 2751 1369 2874 1412; x_wconf 90' lang='lat' dir='ltr'><strong>esse</strong></span> <span class='ocrx_word' id='word_1_215' title='bbox 2911 1364 2972 1410; x_wconf 90' lang='lat' dir='ltr'><strong>ut</strong></span> <span class='ocrx_word' id='word_1_216' title='bbox 3010 1355 3174 1410; x_wconf 91' lang='lat' dir='ltr'><strong>Deus.</strong></span> <span class='ocrx_word' id='word_1_217' title='bbox 3228 1355 3293 1409; x_wconf 84' lang='lat' dir='ltr'><strong>Et</strong></span> <span class='ocrx_word' id='word_1_218' title='bbox 3343 1355 3562 1424; x_wconf 89' lang='lat' dir='ltr'><strong>quidem</strong></span> 
     </span>
    </p>
   </div>
   <div class='ocr_carea' id='block_1_31' title="bbox 1985 1443 3561 1515">
    <p class='ocr_par' dir='ltr' id='par_1_31' title="bbox 1985 1443 3561 1515">
     <span class='ocr_line' id='line_1_31' title="bbox 1985 1443 3561 1515; baseline -0.003 -14"><span class='ocrx_word' id='word_1_219' title='bbox 1985 1445 2181 1501; x_wconf 68' lang='lat' dir='ltr'><strong>divinae</strong></span> <span class='ocrx_word' id='word_1_220' title='bbox 2225 1445 2368 1500; x_wconf 90' lang='lat' dir='ltr'><strong>illius</strong></span> <span class='ocrx_word' id='word_1_221' title='bbox 2427 1453 2633 1500; x_wconf 70' lang='lat' dir='ltr'><strong>naturae</strong></span> <span class='ocrx_word' id='word_1_222' title='bbox 2681 1459 2811 1515; x_wconf 81' lang='lat' dir='ltr'><strong>Opes</strong></span> <span class='ocrx_word' id='word_1_223' title='bbox 2863 1459 2931 1500; x_wconf 72' lang='lat' dir='ltr'><strong>ex</strong></span> <span class='ocrx_word' id='word_1_224' title='bbox 2982 1444 3048 1499; x_wconf 90' lang='lat' dir='ltr'><strong>iis</strong></span> <span class='ocrx_word' id='word_1_225' title='bbox 3111 1443 3480 1515; x_wconf 67' lang='lat' dir='ltr'><strong>praerogativis</strong></span> <span class='ocrx_word' id='word_1_226' title='bbox 3531 1459 3561 1496; x_wconf 90' lang='lat' dir='ltr'><strong>a</strong></span> 
     </span>
    </p>
   </div>
   <div class='ocr_carea' id='block_1_32' title="bbox 1984 1533 3561 1608">
    <p class='ocr_par' dir='ltr' id='par_1_32' title="bbox 1984 1533 3561 1608">
     <span class='ocr_line' id='line_1_32' title="bbox 1984 1533 3561 1608; baseline -0.002 -17"><span class='ocrx_word' id='word_1_227' title='bbox 1984 1537 2142 1594; x_wconf 87' lang='lat' dir='ltr'><strong>nobis</strong></span> <span class='ocrx_word' id='word_1_228' title='bbox 2175 1537 2692 1607; x_wconf 84' lang='lat' dir='ltr'><strong>deprehenduntur,</strong></span> <span class='ocrx_word' id='word_1_229' title='bbox 2757 1551 2879 1608; x_wconf 66' lang='lat' dir='ltr'><strong>quae</strong></span> <span class='ocrx_word' id='word_1_230' title='bbox 2929 1544 3194 1592; x_wconf 76' lang='lat' dir='ltr'><strong>creatura:</strong></span> <span class='ocrx_word' id='word_1_231' title='bbox 3248 1533 3561 1590; x_wconf 80' lang='lat' dir='ltr'><strong>facultatem</strong></span> 
     </span>
    </p>
   </div>
   <div class='ocr_carea' id='block_1_33' title="bbox 1983 1627 3563 1699">
    <p class='ocr_par' dir='ltr' id='par_1_33' title="bbox 1983 1627 3563 1699">
     <span class='ocr_line' id='line_1_33' title="bbox 1983 1627 3563 1699; baseline -0.001 -15"><span class='ocrx_word' id='word_1_232' title='bbox 1983 1635 2346 1699; x_wconf 82' lang='lat' dir='ltr'><strong>exsuperant;</strong></span> <span class='ocrx_word' id='word_1_233' title='bbox 2392 1636 2450 1683; x_wconf 88' lang='lat' dir='ltr'><strong>at</strong></span> <span class='ocrx_word' id='word_1_234' title='bbox 2486 1642 2618 1683; x_wconf 86' lang='lat' dir='ltr'><strong>vero</strong></span> <span class='ocrx_word' id='word_1_235' title='bbox 2659 1627 2908 1682; x_wconf 69' lang='lat' dir='ltr'><strong>humana:</strong></span> <span class='ocrx_word' id='word_1_236' title='bbox 2955 1627 3214 1697; x_wconf 83' lang='lat' dir='ltr'><strong>egestatis</strong></span> <span class='ocrx_word' id='word_1_237' title='bbox 3240 1627 3476 1682; x_wconf 91' lang='lat' dir='ltr'><strong>conditio</strong></span> <span class='ocrx_word' id='word_1_238' title='bbox 3495 1642 3563 1683; x_wconf 80' lang='lat' dir='ltr'><strong>ex</strong></span> 
     </span>
    </p>
   </div>
   <div class='ocr_carea' id='block_1_34' title="bbox 304 1710 1863 1794">
    <p class='ocr_par' dir='ltr' id='par_1_34' title="bbox 304 1720 1863 1794">
     <span class='ocr_line' id='line_1_34' title="bbox 304 1720 1863 1794; baseline 0 -20"><span class='ocrx_word' id='word_1_239' title='bbox 304 1720 400 1774; x_wconf 72' lang='grc' dir='ltr'>καὶ</span> <span class='ocrx_word' id='word_1_240' title='bbox 447 1721 519 1775; x_wconf 87' lang='grc' dir='ltr'><strong>τά</strong></span> <span class='ocrx_word' id='word_1_241' title='bbox 547 1721 734 1776; x_wconf 79' lang='grc' dir='ltr'>εἰκότα</span> <span class='ocrx_word' id='word_1_242' title='bbox 769 1724 988 1794; x_wconf 83' lang='grc' dir='ltr'>φρονεῖν</span> <span class='ocrx_word' id='word_1_243' title='bbox 1019 1722 1107 1776; x_wconf 84' lang='grc' dir='ltr'><strong>ἐπ’</strong></span> <span class='ocrx_word' id='word_1_244' title='bbox 1137 1723 1286 1794; x_wconf 86' lang='grc' dir='ltr'>αὐτῷ</span> <span class='ocrx_word' id='word_1_245' title='bbox 1329 1721 1742 1786; x_wconf 82' lang='grc' dir='ltr'>σπουδάζοντες,</span> <span class='ocrx_word' id='word_1_246' title='bbox 1779 1721 1863 1774; x_wconf 65' lang='grc' dir='ltr'><strong>ού)</strong></span> 
     </span>
    </p>
   </div>
   <div class='ocr_carea' id='block_1_35' title="bbox 1968 1710 3561 1794">
    <p class='ocr_par' dir='ltr' id='par_1_35' title="bbox 1979 1719 3561 1791">
     <span class='ocr_line' id='line_1_35' title="bbox 1979 1719 3561 1791; baseline -0.002 -14"><span class='ocrx_word' id='word_1_247' title='bbox 1979 1735 2045 1777; x_wconf 92' lang='lat' dir='ltr'><strong>eo</strong></span> <span class='ocrx_word' id='word_1_248' title='bbox 2079 1721 2236 1778; x_wconf 88' lang='lat' dir='ltr'><strong>nobis</strong></span> <span class='ocrx_word' id='word_1_249' title='bbox 2271 1720 2332 1775; x_wconf 91' lang='lat' dir='ltr'><strong>lit</strong></span> <span class='ocrx_word' id='word_1_250' title='bbox 2363 1720 2576 1791; x_wconf 86' lang='lat' dir='ltr'><strong>palam,</strong></span> <span class='ocrx_word' id='word_1_251' title='bbox 2625 1720 2770 1790; x_wconf 87' lang='lat' dir='ltr'><strong>quod</strong></span> <span class='ocrx_word' id='word_1_252' title='bbox 2834 1720 3080 1789; x_wconf 81' lang='lat' dir='ltr'><strong>quaedam</strong></span> <span class='ocrx_word' id='word_1_253' title='bbox 3130 1719 3406 1789; x_wconf 87' lang='lat' dir='ltr'><strong>accepisse</strong></span> <span class='ocrx_word' id='word_1_254' title='bbox 3434 1734 3561 1790; x_wconf 87' lang='lat' dir='ltr'><strong>per-</strong></span> 
     </span>
    </p>
   </div>
   <div class='ocr_carea' id='block_1_36' title="bbox 301 1811 1880 1888">
    <p class='ocr_par' dir='ltr' id='par_1_36' title="bbox 301 1811 1880 1888">
     <span class='ocr_line' id='line_1_36' title="bbox 301 1811 1880 1888; baseline 0.001 -24"><span class='ocrx_word' id='word_1_255' title='bbox 301 1811 641 1884; x_wconf 83' lang='grc' dir='ltr'>ἀγνοήσομεν</span> <span class='ocrx_word' id='word_1_256' title='bbox 669 1815 832 1885; x_wconf 85' lang='grc' dir='ltr'>ήμετς</span> <span class='ocrx_word' id='word_1_257' title='bbox 868 1814 962 1869; x_wconf 87' lang='grc' dir='ltr'><strong>τὸν</strong></span> <span class='ocrx_word' id='word_1_258' title='bbox 993 1815 1089 1870; x_wconf 66' lang='grc' dir='ltr'>καὶ</span> <span class='ocrx_word' id='word_1_259' title='bbox 1109 1816 1168 1870; x_wconf 87' lang='grc' dir='ltr'><strong>ἐν</strong></span> <span class='ocrx_word' id='word_1_260' title='bbox 1191 1817 1259 1888; x_wconf 79' lang='grc' dir='ltr'><strong>τῇ</strong></span> <span class='ocrx_word' id='word_1_261' title='bbox 1300 1815 1425 1871; x_wconf 77' lang='grc' dir='ltr'>καθ’</span> <span class='ocrx_word' id='word_1_262' title='bbox 1460 1816 1609 1888; x_wconf 77' lang='grc' dir='ltr'>ἡμᾶς</span> <span class='ocrx_word' id='word_1_263' title='bbox 1637 1813 1880 1886; x_wconf 78' lang='grc' dir='ltr'>πτωχείᾳ</span> 
     </span>
    </p>
   </div>
   <div class='ocr_carea' id='block_1_37' title="bbox 301 1902 846 1967">
    <p class='ocr_par' dir='ltr' id='par_1_37' title="bbox 301 1902 846 1967">
     <span class='ocr_line' id='line_1_37' title="bbox 301 1902 846 1967; baseline 0.007 -12"><span class='ocrx_word' id='word_1_264' title='bbox 301 1902 556 1957; x_wconf 84' lang='grc' dir='ltr'>πλούσιον</span> <span class='ocrx_word' id='word_1_265' title='bbox 591 1903 667 1967; x_wconf 82' lang='grc' dir='ltr'>ὡς</span> <span class='ocrx_word' id='word_1_266' title='bbox 692 1905 846 1959; x_wconf 88' lang='grc' dir='ltr'>Θεόν.</span> 
     </span>
    </p>
   </div>
   <div class='ocr_carea' id='block_1_38' title="bbox 1986 1811 3562 1882">
    <p class='ocr_par' dir='ltr' id='par_1_38' title="bbox 1986 1811 3562 1882">
     <span class='ocr_line' id='line_1_38' title="bbox 1986 1811 3562 1882; baseline -0.001 -13"><span class='ocrx_word' id='word_1_267' title='bbox 1986 1813 2279 1870; x_wconf 86' lang='lat' dir='ltr'><strong>hibeatur:</strong></span> <span class='ocrx_word' id='word_1_268' title='bbox 2323 1831 2342 1865; x_wconf 75' lang='grc' dir='ltr'><strong>ι</strong></span> <span class='ocrx_word' id='word_1_269' title='bbox 2379 1811 2514 1868; x_wconf 89' lang='lat' dir='ltr'><strong>Cum</strong></span> <span class='ocrx_word' id='word_1_270' title='bbox 2564 1812 2708 1867; x_wconf 92' lang='lat' dir='ltr'><strong>enim</strong></span> <span class='ocrx_word' id='word_1_271' title='bbox 2747 1811 2898 1867; x_wconf 83' lang='lat' dir='ltr'><strong>dives</strong></span> <span class='ocrx_word' id='word_1_272' title='bbox 2933 1820 3078 1867; x_wconf 88' lang='lat' dir='ltr'><strong>esset</strong></span> <span class='ocrx_word' id='word_1_273' title='bbox 3115 1849 3132 1875; x_wconf 92' lang='lat'><strong>,</strong></span> <span class='ocrx_word' id='word_1_274' title='bbox 3194 1819 3413 1882; x_wconf 76' lang='lat' dir='ltr'><strong>propter</strong></span> <span class='ocrx_word' id='word_1_275' title='bbox 3461 1826 3562 1867; x_wconf 90' lang='lat' dir='ltr'><strong>nos</strong></span> 
     </span>
    </p>
   </div>
   <div class='ocr_carea' id='block_1_39' title="bbox 1982 1902 3562 1975">
    <p class='ocr_par' dir='ltr' id='par_1_39' title="bbox 1982 1902 3562 1975">
     <span class='ocr_line' id='line_1_39' title="bbox 1982 1902 3562 1975; baseline 0.001 -17"><span class='ocrx_word' id='word_1_276' title='bbox 1982 1903 2162 1960; x_wconf 81' lang='lat' dir='ltr'><strong>factus</strong></span> <span class='ocrx_word' id='word_1_277' title='bbox 2209 1912 2293 1959; x_wconf 89' lang='lat' dir='ltr'><strong>est</strong></span> <span class='ocrx_word' id='word_1_278' title='bbox 2337 1917 2540 1972; x_wconf 85' lang='lat' dir='ltr'><strong>egenus</strong></span> <span class='ocrx_word' id='word_1_279' title='bbox 2577 1903 2642 1961; x_wconf 80' lang='lat'><strong>“‘.</strong></span> <span class='ocrx_word' id='word_1_280' title='bbox 2673 1922 2693 1956; x_wconf 74' lang='grc' dir='ltr'><strong>ι</strong></span> <span class='ocrx_word' id='word_1_281' title='bbox 2746 1902 2971 1958; x_wconf 82' lang='lat' dir='ltr'><strong>Nostras</strong></span> <span class='ocrx_word' id='word_1_282' title='bbox 3009 1905 3232 1975; x_wconf 87' lang='lat' dir='ltr'><strong>proinde</strong></span> <span class='ocrx_word' id='word_1_283' title='bbox 3279 1904 3562 1975; x_wconf 79' lang='lat' dir='ltr'><strong>cogitatio-</strong></span> 
     </span>
    </p>
   </div>
   <div class='ocr_carea' id='block_1_40' title="bbox 295 1993 3555 2067">
    <p class='ocr_par' dir='ltr' id='par_1_40' title="bbox 295 1993 3555 2067">
     <span class='ocr_line' id='line_1_40' title="bbox 295 1993 3555 2067; baseline 0 -18"><span class='ocrx_word' id='word_1_284' title='bbox 295 2009 396 2051; x_wconf 85' lang='lat' dir='ltr'><strong>nes</strong></span> <span class='ocrx_word' id='word_1_285' title='bbox 440 1996 504 2050; x_wconf 94' lang='lat' dir='ltr'><strong>ad</strong></span> <span class='ocrx_word' id='word_1_286' title='bbox 559 2005 718 2051; x_wconf 78' lang='lat' dir='ltr'><strong>rectae</strong></span> <span class='ocrx_word' id='word_1_287' title='bbox 757 1995 880 2052; x_wconf 81' lang='lat' dir='ltr'><strong>ﬁdei</strong></span> <span class='ocrx_word' id='word_1_288' title='bbox 911 2011 1156 2052; x_wconf 82' lang='lat' dir='ltr'><strong>normam</strong></span> <span class='ocrx_word' id='word_1_289' title='bbox 1229 1997 1614 2064; x_wconf 84' lang='lat' dir='ltr'><strong>instituentes,</strong></span> <span class='ocrx_word' id='word_1_290' title='bbox 1643 2004 1699 2052; x_wconf 91' lang='lat' dir='ltr'><strong>et</strong></span> <span class='ocrx_word' id='word_1_291' title='bbox 1747 2009 1868 2067; x_wconf 75' lang='lat' dir='ltr'><strong>quze</strong></span> <span class='ocrx_word' id='word_1_292' title='bbox 1939 2010 2040 2066; x_wconf 91' lang='lat' dir='ltr'><strong>par</strong></span> <span class='ocrx_word' id='word_1_293' title='bbox 2095 2003 2182 2051; x_wconf 88' lang='lat' dir='ltr'><strong>est</strong></span> <span class='ocrx_word' id='word_1_294' title='bbox 2232 1993 2298 2049; x_wconf 91' lang='lat' dir='ltr'><strong>de</strong></span> <span class='ocrx_word' id='word_1_295' title='bbox 2352 1994 2470 2064; x_wconf 84' lang='lat' dir='ltr'><strong>ipso</strong></span> <span class='ocrx_word' id='word_1_296' title='bbox 2517 1995 2721 2050; x_wconf 90' lang='lat' dir='ltr'><strong>sentire</strong></span> <span class='ocrx_word' id='word_1_297' title='bbox 2767 2005 3114 2065; x_wconf 83' lang='lat' dir='ltr'><strong>satagentes,</strong></span> <span class='ocrx_word' id='word_1_298' title='bbox 3181 1995 3256 2051; x_wconf 87' lang='lat' dir='ltr'><strong>Ita</strong></span> <span class='ocrx_word' id='word_1_299' title='bbox 3304 1996 3452 2051; x_wconf 88' lang='lat' dir='ltr'><strong>illum</strong></span> <span class='ocrx_word' id='word_1_300' title='bbox 3500 1997 3555 2052; x_wconf 91' lang='lat' dir='ltr'><strong>in</strong></span> 
     </span>
    </p>
   </div>
   <div class='ocr_carea' id='block_1_41' title="bbox 295 2085 3557 2160">
    <p class='ocr_par' dir='ltr' id='par_1_41' title="bbox 295 2085 3557 2160">
     <span class='ocr_line' id='line_1_41' title="bbox 295 2085 3557 2160; baseline 0 -17"><span class='ocrx_word' id='word_1_301' title='bbox 295 2096 536 2144; x_wconf 84' lang='lat' dir='ltr'><strong>nostram</strong></span> <span class='ocrx_word' id='word_1_302' title='bbox 579 2098 954 2160; x_wconf 90' lang='lat' dir='ltr'><strong>paupertatem</strong></span> <span class='ocrx_word' id='word_1_303' title='bbox 985 2105 1044 2146; x_wconf 90' lang='lat' dir='ltr'><strong>se</strong></span> <span class='ocrx_word' id='word_1_304' title='bbox 1093 2091 1377 2148; x_wconf 87' lang='lat' dir='ltr'><strong>demisisse</strong></span> <span class='ocrx_word' id='word_1_305' title='bbox 1431 2101 1769 2156; x_wconf 86' lang='lat' dir='ltr'><strong>statuemus,</strong></span> <span class='ocrx_word' id='word_1_306' title='bbox 1805 2099 1866 2145; x_wconf 91' lang='lat' dir='ltr'><strong>ut</strong></span> <span class='ocrx_word' id='word_1_307' title='bbox 1905 2098 2084 2146; x_wconf 90' lang='lat' dir='ltr'><strong>tamen</strong></span> <span class='ocrx_word' id='word_1_308' title='bbox 2163 2094 2423 2158; x_wconf 82' lang='lat' dir='ltr'><strong>tanquam</strong></span> <span class='ocrx_word' id='word_1_309' title='bbox 2477 2085 2644 2142; x_wconf 90' lang='lat' dir='ltr'><strong>Deum</strong></span> <span class='ocrx_word' id='word_1_310' title='bbox 2687 2101 2964 2157; x_wconf 86' lang='lat' dir='ltr'><strong>nunquam</strong></span> <span class='ocrx_word' id='word_1_311' title='bbox 3032 2087 3254 2145; x_wconf 87' lang='lat' dir='ltr'><strong>divitem</strong></span> <span class='ocrx_word' id='word_1_312' title='bbox 3289 2103 3410 2145; x_wconf 89' lang='lat' dir='ltr'><strong>esse</strong></span> <span class='ocrx_word' id='word_1_313' title='bbox 3459 2092 3557 2146; x_wconf 88' lang='lat' dir='ltr'><strong>de-</strong></span> 
     </span>
    </p>
   </div>
   <div class='ocr_carea' id='block_1_42' title="bbox 289 2179 1340 2252">
    <p class='ocr_par' dir='ltr' id='par_1_42' title="bbox 289 2179 1340 2252">
     <span class='ocr_line' id='line_1_42' title="bbox 289 2179 1340 2252; baseline 0.002 -16"><span class='ocrx_word' id='word_1_314' title='bbox 289 2179 449 2236; x_wconf 78' lang='lat' dir='ltr'><strong>siisse</strong></span> <span class='ocrx_word' id='word_1_315' title='bbox 504 2190 656 2236; x_wconf 91' lang='lat' dir='ltr'><strong>certo</strong></span> <span class='ocrx_word' id='word_1_316' title='bbox 685 2181 847 2236; x_wconf 89' lang='lat' dir='ltr'><strong>nobis</strong></span> <span class='ocrx_word' id='word_1_317' title='bbox 893 2183 1340 2252; x_wconf 88' lang='lat' dir='ltr'><strong>persuadeamus.</strong></span> 
     </span>
    </p>
   </div>
   <div class='ocr_carea' id='block_1_43' title="bbox 359 2273 1865 2347">
    <p class='ocr_par' dir='ltr' id='par_1_43' title="bbox 359 2273 1865 2347">
     <span class='ocr_line' id='line_1_43' title="bbox 359 2273 1865 2347; baseline 0 -19"><span class='ocrx_word' id='word_1_318' title='bbox 359 2274 501 2328; x_wconf 82' lang='lat' dir='ltr'><strong>MH&#39;.</strong></span> <span class='ocrx_word' id='word_1_319' title='bbox 535 2291 556 2327; x_wconf 69' lang='grc' dir='ltr'><strong>τ</strong></span> <span class='ocrx_word' id='word_1_320' title='bbox 599 2273 657 2328; x_wconf 84' lang='lat'><strong>&#39;0</strong></span> <span class='ocrx_word' id='word_1_321' title='bbox 691 2274 883 2346; x_wconf 77' lang='grc' dir='ltr'>Πατὴρ</span> <span class='ocrx_word' id='word_1_322' title='bbox 911 2276 1105 2347; x_wconf 79' lang='grc' dir='ltr'>ἀγαπᾷ</span> <span class='ocrx_word' id='word_1_323' title='bbox 1133 2276 1224 2330; x_wconf 87' lang='grc' dir='ltr'><strong>τὸν</strong></span> <span class='ocrx_word' id='word_1_324' title='bbox 1252 2275 1403 2344; x_wconf 84' lang='grc' dir='ltr'>Υἱὸν,</span> <span class='ocrx_word' id='word_1_325' title='bbox 1438 2276 1534 2331; x_wconf 76' lang='grc' dir='ltr'>καὶ</span> <span class='ocrx_word' id='word_1_326' title='bbox 1563 2278 1741 2331; x_wconf 84' lang='grc' dir='ltr'>πάντα</span> <span class='ocrx_word' id='word_1_327' title='bbox 1775 2275 1865 2328; x_wconf 81' lang='grc' dir='ltr'>δέ·</span> 
     </span>
    </p>
   </div>
   <div class='ocr_carea' id='block_1_44' title="bbox 288 2364 1867 2439">
    <p class='ocr_par' dir='ltr' id='par_1_44' title="bbox 288 2364 1867 2439">
     <span class='ocr_line' id='line_1_44' title="bbox 288 2364 1867 2439; baseline 0.001 -22"><span class='ocrx_word' id='word_1_328' title='bbox 288 2364 464 2418; x_wconf 88' lang='grc' dir='ltr'>δωκεν</span> <span class='ocrx_word' id='word_1_329' title='bbox 496 2365 555 2418; x_wconf 87' lang='grc' dir='ltr'><strong>ἐν</strong></span> <span class='ocrx_word' id='word_1_330' title='bbox 581 2367 648 2437; x_wconf 79' lang='grc' dir='ltr'><strong>τῇ</strong></span> <span class='ocrx_word' id='word_1_331' title='bbox 680 2365 826 2436; x_wconf 75' lang='grc' dir='ltr'>χειρὶ</span> <span class='ocrx_word' id='word_1_332' title='bbox 852 2365 1039 2420; x_wconf 81' lang='grc' dir='ltr'>αὐτοῦ.</span> <span class='ocrx_word' id='word_1_333' title='bbox 1073 2385 1094 2418; x_wconf 77' lang='grc' dir='ltr'><strong>ι</strong></span> <span class='ocrx_word' id='word_1_334' title='bbox 1123 2366 1350 2439; x_wconf 82' lang='grc' dir='ltr'>Δέχεται</span> <span class='ocrx_word' id='word_1_335' title='bbox 1371 2366 1534 2422; x_wconf 85' lang='grc' dir='ltr'>πάλιν</span> <span class='ocrx_word' id='word_1_336' title='bbox 1563 2367 1638 2431; x_wconf 86' lang='grc' dir='ltr'>ὡς</span> <span class='ocrx_word' id='word_1_337' title='bbox 1659 2365 1867 2436; x_wconf 70' lang='grc' dir='ltr'>ἄνθρωα-</span> 
     </span>
    </p>
   </div>
   <div class='ocr_carea' id='block_1_45' title="bbox 288 2454 1864 2528">
    <p class='ocr_par' dir='ltr' id='par_1_45' title="bbox 288 2454 1864 2528">
     <span class='ocr_line' id='line_1_45' title="bbox 288 2454 1864 2528; baseline 0.001 -20"><span class='ocrx_word' id='word_1_338' title='bbox 288 2471 390 2519; x_wconf 89' lang='grc' dir='ltr'><strong>πος</strong></span> <span class='ocrx_word' id='word_1_339' title='bbox 419 2455 448 2508; x_wconf 93' lang='lat'><strong>6</strong></span> <span class='ocrx_word' id='word_1_340' title='bbox 481 2454 639 2520; x_wconf 84' lang='grc' dir='ltr'>Υἰός·</span> <span class='ocrx_word' id='word_1_341' title='bbox 674 2455 817 2528; x_wconf 80' lang='grc' dir='ltr'>πλὴν</span> <span class='ocrx_word' id='word_1_342' title='bbox 875 2457 976 2511; x_wconf 81' lang='grc' dir='ltr'>οὐκ</span> <span class='ocrx_word' id='word_1_343' title='bbox 1017 2457 1123 2524; x_wconf 74' lang='grc' dir='ltr'><strong>ἔξω</strong></span> <span class='ocrx_word' id='word_1_344' title='bbox 1156 2457 1320 2512; x_wconf 78' lang='grc' dir='ltr'>πάλιν</span> <span class='ocrx_word' id='word_1_345' title='bbox 1355 2457 1566 2528; x_wconf 85' lang='grc' dir='ltr'>τίθησιν</span> <span class='ocrx_word' id='word_1_346' title='bbox 1615 2456 1806 2512; x_wconf 82' lang='grc' dir='ltr'>ἑαυτὸν</span> <span class='ocrx_word' id='word_1_347' title='bbox 1835 2457 1864 2510; x_wconf 94' lang='lat'><strong>6</strong></span> 
     </span>
    </p>
   </div>
   <div class='ocr_carea' id='block_1_46' title="bbox 287 2545 1861 2620">
    <p class='ocr_par' dir='ltr' id='par_1_46' title="bbox 287 2545 1861 2620">
     <span class='ocr_line' id='line_1_46' title="bbox 287 2545 1861 2620; baseline 0.002 -21"><span class='ocrx_word' id='word_1_348' title='bbox 287 2545 478 2616; x_wconf 81' lang='grc' dir='ltr'>Πατὴρ</span> <span class='ocrx_word' id='word_1_349' title='bbox 504 2545 598 2600; x_wconf 83' lang='grc' dir='ltr'><strong>τοῦ</strong></span> <span class='ocrx_word' id='word_1_350' title='bbox 629 2547 808 2601; x_wconf 82' lang='grc' dir='ltr'>πάντα</span> <span class='ocrx_word' id='word_1_351' title='bbox 832 2547 977 2618; x_wconf 78' lang='grc' dir='ltr'>ἔχειν</span> <span class='ocrx_word' id='word_1_352' title='bbox 1007 2548 1099 2617; x_wconf 78' lang='grc' dir='ltr'>ὑφ’</span> <span class='ocrx_word' id='word_1_353' title='bbox 1128 2548 1337 2618; x_wconf 83' lang='grc' dir='ltr'>ἐαυτῷ·</span> <span class='ocrx_word' id='word_1_354' title='bbox 1378 2549 1556 2612; x_wconf 74' lang='grc' dir='ltr'>διδοὺς</span> <span class='ocrx_word' id='word_1_355' title='bbox 1585 2550 1690 2620; x_wconf 80' lang='grc' dir='ltr'>γὰρ</span> <span class='ocrx_word' id='word_1_356' title='bbox 1719 2547 1861 2602; x_wconf 83' lang='grc' dir='ltr'><strong>αύτά</strong></span> 
     </span>
    </p>
   </div>
   <div class='ocr_carea' id='block_1_47' title="bbox 284 2636 1862 2712">
    <p class='ocr_par' dir='ltr' id='par_1_47' title="bbox 284 2636 1862 2712">
     <span class='ocr_line' id='line_1_47' title="bbox 284 2636 1862 2712; baseline 0.001 -22"><span class='ocrx_word' id='word_1_357' title='bbox 284 2636 362 2708; x_wconf 89' lang='grc' dir='ltr'><strong>τῷ</strong></span> <span class='ocrx_word' id='word_1_358' title='bbox 395 2637 534 2709; x_wconf 84' lang='grc' dir='ltr'>Υἱῷ,</span> <span class='ocrx_word' id='word_1_359' title='bbox 572 2639 668 2692; x_wconf 82' lang='grc' dir='ltr'>σὺν</span> <span class='ocrx_word' id='word_1_360' title='bbox 713 2638 862 2710; x_wconf 85' lang='grc' dir='ltr'>αὐτῷ</span> <span class='ocrx_word' id='word_1_361' title='bbox 914 2641 1180 2712; x_wconf 83' lang='grc' dir='ltr'>κατάρχει</span> <span class='ocrx_word' id='word_1_362' title='bbox 1230 2639 1338 2693; x_wconf 82' lang='grc' dir='ltr'>τῶν</span> <span class='ocrx_word' id='word_1_363' title='bbox 1385 2640 1551 2704; x_wconf 83' lang='grc' dir='ltr'>ὅλων,</span> <span class='ocrx_word' id='word_1_364' title='bbox 1597 2643 1712 2703; x_wconf 87' lang='grc' dir='ltr'>τοῖς</span> <span class='ocrx_word' id='word_1_365' title='bbox 1761 2639 1862 2709; x_wconf 81' lang='grc' dir='ltr'>τῆς</span> 
     </span>
    </p>
   </div>
   <div class='ocr_carea' id='block_1_48' title="bbox 286 2725 1861 2802">
    <p class='ocr_par' dir='ltr' id='par_1_48' title="bbox 286 2725 1861 2802">
     <span class='ocr_line' id='line_1_48' title="bbox 286 2725 1861 2802; baseline 0.002 -21"><span class='ocrx_word' id='word_1_366' title='bbox 286 2725 538 2799; x_wconf 85' lang='grc' dir='ltr'>θεότητος</span> <span class='ocrx_word' id='word_1_367' title='bbox 581 2730 886 2802; x_wconf 86' lang='grc' dir='ltr'>σκήπτροις</span> <span class='ocrx_word' id='word_1_368' title='bbox 932 2731 1225 2802; x_wconf 77' lang='grc' dir='ltr'>ὑποφέρων</span> <span class='ocrx_word' id='word_1_369' title='bbox 1257 2730 1326 2784; x_wconf 84' lang='grc' dir='ltr'><strong>δι’</strong></span> <span class='ocrx_word' id='word_1_370' title='bbox 1362 2729 1526 2785; x_wconf 83' lang='grc' dir='ltr'>αὐτοῦ</span> <span class='ocrx_word' id='word_1_371' title='bbox 1569 2747 1630 2783; x_wconf 91' lang='grc' dir='ltr'><strong>τε</strong></span> <span class='ocrx_word' id='word_1_372' title='bbox 1679 2731 1772 2783; x_wconf 71' lang='grc' dir='ltr'>καὶ</span> <span class='ocrx_word' id='word_1_373' title='bbox 1803 2731 1861 2784; x_wconf 91' lang='grc' dir='ltr'><strong>ἐν</strong></span> 
     </span>
    </p>
   </div>
   <div class='ocr_carea' id='block_1_49' title="bbox 283 2819 1862 2892">
    <p class='ocr_par' dir='ltr' id='par_1_49' title="bbox 283 2819 1862 2892">
     <span class='ocr_line' id='line_1_49' title="bbox 283 2819 1862 2892; baseline 0.001 -19"><span class='ocrx_word' id='word_1_374' title='bbox 283 2819 432 2890; x_wconf 83' lang='grc' dir='ltr'>αὐτῷ</span> <span class='ocrx_word' id='word_1_375' title='bbox 483 2819 545 2874; x_wconf 88' lang='grc' dir='ltr'><strong>τὸ</strong></span> <span class='ocrx_word' id='word_1_376' title='bbox 590 2821 686 2874; x_wconf 79' lang='grc' dir='ltr'>ἐπὶ</span> <span class='ocrx_word' id='word_1_377' title='bbox 735 2821 834 2892; x_wconf 82' lang='grc' dir='ltr'>τῆς</span> <span class='ocrx_word' id='word_1_378' title='bbox 874 2821 982 2892; x_wconf 82' lang='grc' dir='ltr'>γῆς</span> <span class='ocrx_word' id='word_1_379' title='bbox 1031 2822 1223 2891; x_wconf 88' lang='grc' dir='ltr'>γένος,</span> <span class='ocrx_word' id='word_1_380' title='bbox 1278 2824 1456 2876; x_wconf 88' lang='grc' dir='ltr'>καίτοι</span> <span class='ocrx_word' id='word_1_381' title='bbox 1524 2821 1862 2886; x_wconf 88' lang='grc' dir='ltr'>διανενευκὸς</span> 
     </span>
    </p>
   </div>
   <div class='ocr_carea' id='block_1_50' title="bbox 283 2911 1861 2985">
    <p class='ocr_par' dir='ltr' id='par_1_50' title="bbox 283 2911 1861 2985">
     <span class='ocr_line' id='line_1_50' title="bbox 283 2911 1861 2985; baseline 0.002 -20"><span class='ocrx_word' id='word_1_382' title='bbox 283 2911 553 2982; x_wconf 86' lang='grc' dir='ltr'>ἀχαλίνως</span> <span class='ocrx_word' id='word_1_383' title='bbox 582 2913 663 2977; x_wconf 90' lang='grc' dir='ltr'><strong>εἰς</strong></span> <span class='ocrx_word' id='word_1_384' title='bbox 707 2912 1029 2966; x_wconf 86' lang='grc' dir='ltr'>ἀπόστασιν.</span> <span class='ocrx_word' id='word_1_385' title='bbox 1073 2913 1161 2977; x_wconf 82' lang='grc' dir='ltr'>Ὠς</span> <span class='ocrx_word' id='word_1_386' title='bbox 1191 2913 1300 2985; x_wconf 86' lang='grc' dir='ltr'><strong>γάρ</strong></span> <span class='ocrx_word' id='word_1_387' title='bbox 1337 2914 1500 2978; x_wconf 81' lang='grc' dir='ltr'>αὑτός</span> <span class='ocrx_word' id='word_1_388' title='bbox 1546 2914 1647 2967; x_wconf 87' lang='grc' dir='ltr'><strong>πού</strong></span> <span class='ocrx_word' id='word_1_389' title='bbox 1696 2931 1861 2984; x_wconf 88' lang='grc' dir='ltr'>φησιν</span> 
     </span>
    </p>
   </div>
   <div class='ocr_carea' id='block_1_51' title="bbox 2044 2275 3553 2348">
    <p class='ocr_par' dir='ltr' id='par_1_51' title="bbox 2044 2275 3553 2348">
     <span class='ocr_line' id='line_1_51' title="bbox 2044 2275 3553 2348; baseline 0.002 -18"><span class='ocrx_word' id='word_1_390' title='bbox 2044 2275 2280 2330; x_wconf 80' lang='lat' dir='ltr'><strong>XLVIII.</strong></span> <span class='ocrx_word' id='word_1_391' title='bbox 2307 2293 2326 2327; x_wconf 75' lang='grc' dir='ltr'><strong>ι</strong></span> <span class='ocrx_word' id='word_1_392' title='bbox 2359 2275 2522 2331; x_wconf 79' lang='lat' dir='ltr'><strong>Pater</strong></span> <span class='ocrx_word' id='word_1_393' title='bbox 2551 2277 2721 2348; x_wconf 88' lang='lat' dir='ltr'><strong>diligit</strong></span> <span class='ocrx_word' id='word_1_394' title='bbox 2760 2276 2978 2346; x_wconf 85' lang='lat' dir='ltr'><strong>Filium,</strong></span> <span class='ocrx_word' id='word_1_395' title='bbox 3026 2287 3082 2333; x_wconf 90' lang='lat' dir='ltr'><strong>et</strong></span> <span class='ocrx_word' id='word_1_396' title='bbox 3108 2277 3289 2334; x_wconf 90' lang='lat' dir='ltr'><strong>omnia</strong></span> <span class='ocrx_word' id='word_1_397' title='bbox 3327 2278 3476 2334; x_wconf 90' lang='lat' dir='ltr'><strong>dedit</strong></span> <span class='ocrx_word' id='word_1_398' title='bbox 3499 2277 3553 2333; x_wconf 89' lang='lat' dir='ltr'><strong>in</strong></span> 
     </span>
    </p>
   </div>
   <div class='ocr_carea' id='block_1_52' title="bbox 1973 2366 3552 2437">
    <p class='ocr_par' dir='ltr' id='par_1_52' title="bbox 1973 2366 3552 2437">
     <span class='ocr_line' id='line_1_52' title="bbox 1973 2366 3552 2437; baseline 0.004 -19"><span class='ocrx_word' id='word_1_399' title='bbox 1973 2380 2164 2422; x_wconf 85' lang='lat' dir='ltr'><strong>manus</strong></span> <span class='ocrx_word' id='word_1_400' title='bbox 2217 2366 2450 2436; x_wconf 71' lang='lat' dir='ltr'><strong>ejus“.i</strong></span> <span class='ocrx_word' id='word_1_401' title='bbox 2496 2367 2666 2423; x_wconf 91' lang='lat' dir='ltr'><strong>Filius</strong></span> <span class='ocrx_word' id='word_1_402' title='bbox 2729 2368 2930 2437; x_wconf 83' lang='lat' dir='ltr'><strong>accipit</strong></span> <span class='ocrx_word' id='word_1_403' title='bbox 2973 2377 3034 2422; x_wconf 92' lang='lat' dir='ltr'><strong>ut</strong></span> <span class='ocrx_word' id='word_1_404' title='bbox 3083 2369 3284 2423; x_wconf 91' lang='lat' dir='ltr'><strong>homo:</strong></span> <span class='ocrx_word' id='word_1_405' title='bbox 3334 2369 3552 2424; x_wconf 89' lang='lat' dir='ltr'><strong>interim</strong></span> 
     </span>
    </p>
   </div>
   <div class='ocr_carea' id='block_1_53' title="bbox 1968 2451 3550 2530">
    <p class='ocr_par' dir='ltr' id='par_1_53' title="bbox 1968 2451 3550 2530">
     <span class='ocr_line' id='line_1_53' title="bbox 1968 2451 3550 2530; baseline 0.005 -23"><span class='ocrx_word' id='word_1_406' title='bbox 1968 2451 2129 2509; x_wconf 84' lang='lat' dir='ltr'><strong>Pater</strong></span> <span class='ocrx_word' id='word_1_407' title='bbox 2176 2470 2206 2510; x_wconf 92' lang='lat' dir='ltr'><strong>a</strong></span> <span class='ocrx_word' id='word_1_408' title='bbox 2236 2454 2383 2510; x_wconf 92' lang='lat' dir='ltr'><strong>nullo</strong></span> <span class='ocrx_word' id='word_1_409' title='bbox 2426 2470 2611 2510; x_wconf 89' lang='lat' dir='ltr'><strong>eorum</strong></span> <span class='ocrx_word' id='word_1_410' title='bbox 2699 2473 2759 2512; x_wconf 89' lang='lat' dir='ltr'><strong>se</strong></span> <span class='ocrx_word' id='word_1_411' title='bbox 2793 2459 3066 2524; x_wconf 81' lang='lat' dir='ltr'><strong>excludit,</strong></span> <span class='ocrx_word' id='word_1_412' title='bbox 3097 2461 3226 2530; x_wconf 89' lang='lat' dir='ltr'><strong>quin</strong></span> <span class='ocrx_word' id='word_1_413' title='bbox 3273 2461 3454 2517; x_wconf 86' lang='lat' dir='ltr'><strong>omnia</strong></span> <span class='ocrx_word' id='word_1_414' title='bbox 3497 2462 3550 2515; x_wconf 89' lang='lat' dir='ltr'><strong>in</strong></span> 
     </span>
    </p>
   </div>
   <div class='ocr_carea' id='block_1_54' title="bbox 1966 2545 3550 2616">
    <p class='ocr_par' dir='ltr' id='par_1_54' title="bbox 1966 2545 3550 2616">
     <span class='ocr_line' id='line_1_54' title="bbox 1966 2545 3550 2616; baseline 0.004 -18"><span class='ocrx_word' id='word_1_415' title='bbox 1966 2552 2237 2613; x_wconf 90' lang='lat' dir='ltr'><strong>potestate</strong></span> <span class='ocrx_word' id='word_1_416' title='bbox 2292 2545 2533 2600; x_wconf 87' lang='lat' dir='ltr'><strong>habeat:</strong></span> <span class='ocrx_word' id='word_1_417' title='bbox 2578 2560 2640 2602; x_wconf 88' lang='lat' dir='ltr'><strong>ea</strong></span> <span class='ocrx_word' id='word_1_418' title='bbox 2669 2548 2812 2602; x_wconf 90' lang='lat' dir='ltr'><strong>enim</strong></span> <span class='ocrx_word' id='word_1_419' title='bbox 2857 2549 2992 2604; x_wconf 90' lang='lat' dir='ltr'><strong>dans</strong></span> <span class='ocrx_word' id='word_1_420' title='bbox 3045 2549 3202 2616; x_wconf 87' lang='lat' dir='ltr'><strong>Filio,</strong></span> <span class='ocrx_word' id='word_1_421' title='bbox 3265 2565 3370 2605; x_wconf 90' lang='lat' dir='ltr'><strong>una</strong></span> <span class='ocrx_word' id='word_1_422' title='bbox 3428 2567 3550 2606; x_wconf 91' lang='lat' dir='ltr'><strong>cum</strong></span> 
     </span>
    </p>
   </div>
   <div class='ocr_carea' id='block_1_55' title="bbox 1965 2635 3552 2712">
    <p class='ocr_par' dir='ltr' id='par_1_55' title="bbox 1965 2635 3552 2712">
     <span class='ocr_line' id='line_1_55' title="bbox 1965 2635 3552 2712; baseline 0.004 -23"><span class='ocrx_word' id='word_1_423' title='bbox 1965 2635 2058 2690; x_wconf 92' lang='lat' dir='ltr'><strong>illo</strong></span> <span class='ocrx_word' id='word_1_424' title='bbox 2110 2635 2363 2692; x_wconf 89' lang='lat' dir='ltr'><strong>omnibus</strong></span> <span class='ocrx_word' id='word_1_425' title='bbox 2425 2637 2754 2693; x_wconf 88' lang='lat' dir='ltr'><strong>dominatur.</strong></span> <span class='ocrx_word' id='word_1_426' title='bbox 2822 2638 2929 2695; x_wconf 88' lang='lat' dir='ltr'><strong>Sed</strong></span> <span class='ocrx_word' id='word_1_427' title='bbox 2979 2650 3035 2696; x_wconf 90' lang='lat' dir='ltr'><strong>et</strong></span> <span class='ocrx_word' id='word_1_428' title='bbox 3093 2641 3268 2710; x_wconf 89' lang='lat' dir='ltr'><strong>ipsum</strong></span> <span class='ocrx_word' id='word_1_429' title='bbox 3338 2657 3552 2712; x_wconf 89' lang='lat' dir='ltr'><strong>quoque</strong></span> 
     </span>
    </p>
   </div>
   <div class='ocr_carea' id='block_1_56' title="bbox 1965 2726 3552 2800">
    <p class='ocr_par' dir='ltr' id='par_1_56' title="bbox 1965 2726 3552 2800">
     <span class='ocr_line' id='line_1_56' title="bbox 1965 2726 3552 2800; baseline 0.004 -21"><span class='ocrx_word' id='word_1_430' title='bbox 1965 2726 2279 2781; x_wconf 87' lang='lat' dir='ltr'><strong>mortalium</strong></span> <span class='ocrx_word' id='word_1_431' title='bbox 2318 2741 2487 2795; x_wconf 84' lang='lat' dir='ltr'><strong>genus</strong></span> <span class='ocrx_word' id='word_1_432' title='bbox 2547 2730 2844 2784; x_wconf 89' lang='lat' dir='ltr'><strong>secundum</strong></span> <span class='ocrx_word' id='word_1_433' title='bbox 2896 2744 2956 2785; x_wconf 88' lang='lat' dir='ltr'><strong>se</strong></span> <span class='ocrx_word' id='word_1_434' title='bbox 3003 2730 3168 2800; x_wconf 90' lang='lat' dir='ltr'><strong>aliqui</strong></span> <span class='ocrx_word' id='word_1_435' title='bbox 3203 2731 3449 2796; x_wconf 81' lang='lat' dir='ltr'><strong>infrene,</strong></span> <span class='ocrx_word' id='word_1_436' title='bbox 3497 2742 3552 2788; x_wconf 89' lang='lat' dir='ltr'><strong>et</strong></span> 
     </span>
    </p>
   </div>
   <div class='ocr_carea' id='block_1_57' title="bbox 1965 2818 3550 2894">
    <p class='ocr_par' dir='ltr' id='par_1_57' title="bbox 1965 2818 3550 2894">
     <span class='ocr_line' id='line_1_57' title="bbox 1965 2818 3550 2894; baseline 0.007 -25"><span class='ocrx_word' id='word_1_437' title='bbox 1965 2819 2030 2870; x_wconf 90' lang='lat' dir='ltr'><strong>ad</strong></span> <span class='ocrx_word' id='word_1_438' title='bbox 2092 2818 2438 2873; x_wconf 86' lang='lat' dir='ltr'><strong>rebellionem</strong></span> <span class='ocrx_word' id='word_1_439' title='bbox 2486 2833 2808 2889; x_wconf 88' lang='lat' dir='ltr'><strong>propensum</strong></span> <span class='ocrx_word' id='word_1_440' title='bbox 2859 2821 3164 2878; x_wconf 87' lang='lat' dir='ltr'><strong>divinitatis</strong></span> <span class='ocrx_word' id='word_1_441' title='bbox 3197 2826 3424 2894; x_wconf 88' lang='lat' dir='ltr'><strong>sceptris</strong></span> <span class='ocrx_word' id='word_1_442' title='bbox 3453 2841 3550 2894; x_wconf 84' lang='lat' dir='ltr'><strong>per</strong></span> 
     </span>
    </p>
   </div>
   <div class='ocr_carea' id='block_1_58' title="bbox 1966 2907 3550 2984">
    <p class='ocr_par' dir='ltr' id='par_1_58' title="bbox 1966 2907 3550 2984">
     <span class='ocr_line' id='line_1_58' title="bbox 1966 2907 3550 2984; baseline 0.006 -22"><span class='ocrx_word' id='word_1_443' title='bbox 1966 2907 2119 2962; x_wconf 84' lang='lat' dir='ltr'><strong>illum</strong></span> <span class='ocrx_word' id='word_1_444' title='bbox 2150 2908 2252 2963; x_wconf 86' lang='lat' dir='ltr'><strong>sibi</strong></span> <span class='ocrx_word' id='word_1_445' title='bbox 2304 2909 2571 2964; x_wconf 87' lang='lat' dir='ltr'><strong>submittit</strong></span> <span class='ocrx_word' id='word_1_446' title='bbox 2597 2927 2612 2964; x_wconf 91' lang='lat'><strong>:</strong></span> <span class='ocrx_word' id='word_1_447' title='bbox 2639 2911 3074 2982; x_wconf 84' lang='lat' dir='ltr'><strong>quandoquidem</strong></span> <span class='ocrx_word' id='word_1_448' title='bbox 3105 2951 3122 2979; x_wconf 89' lang='lat'><strong>,</strong></span> <span class='ocrx_word' id='word_1_449' title='bbox 3174 2921 3232 2967; x_wconf 92' lang='lat' dir='ltr'><strong>ut</strong></span> <span class='ocrx_word' id='word_1_450' title='bbox 3261 2915 3550 2984; x_wconf 86' lang='lat' dir='ltr'><strong>sapientis-</strong></span> 
     </span>
    </p>
   </div>
   <div class='ocr_carea' id='block_1_59' title="bbox 281 2997 1863 3079">
    <p class='ocr_par' dir='ltr' id='par_1_59' title="bbox 281 3003 1854 3079">
     <span class='ocr_line' id='line_1_59' title="bbox 281 3003 1854 3079; baseline 0.002 -21"><span class='ocrx_word' id='word_1_451' title='bbox 281 3004 310 3058; x_wconf 91' lang='lat'><strong>6</strong></span> <span class='ocrx_word' id='word_1_452' title='bbox 341 3003 652 3074; x_wconf 87' lang='grc' dir='ltr'>σοφώτατος</span> <span class='ocrx_word' id='word_1_453' title='bbox 682 3005 924 3072; x_wconf 88' lang='grc' dir='ltr'>Παῦλος,</span> <span class='ocrx_word' id='word_1_454' title='bbox 961 3023 980 3056; x_wconf 78' lang='lat' dir='ltr'><strong>t</strong></span> <span class='ocrx_word' id='word_1_455' title='bbox 1009 3006 1141 3071; x_wconf 89' lang='grc' dir='ltr'>Θεὸς</span> <span class='ocrx_word' id='word_1_456' title='bbox 1177 3003 1245 3078; x_wconf 78' lang='grc' dir='ltr'>ἦν</span> <span class='ocrx_word' id='word_1_457' title='bbox 1287 3008 1345 3061; x_wconf 87' lang='grc' dir='ltr'><strong>ἐν</strong></span> <span class='ocrx_word' id='word_1_458' title='bbox 1382 3006 1623 3079; x_wconf 79' lang='grc' dir='ltr'>Χριστῷ,</span> <span class='ocrx_word' id='word_1_459' title='bbox 1652 3010 1854 3079; x_wconf 88' lang='grc' dir='ltr'>κόσμον</span> 
     </span>
    </p>
   </div>
   <div class='ocr_carea' id='block_1_60' title="bbox 1968 2997 3546 3079">
    <p class='ocr_par' dir='ltr' id='par_1_60' title="bbox 1968 2997 3546 3063">
     <span class='ocr_line' id='line_1_60' title="bbox 1968 2997 3546 3063; baseline 0.006 -10"><span class='ocrx_word' id='word_1_460' title='bbox 1968 2997 2128 3053; x_wconf 81' lang='lat' dir='ltr'><strong>simus</strong></span> <span class='ocrx_word' id='word_1_461' title='bbox 2156 2998 2350 3055; x_wconf 83' lang='lat' dir='ltr'><strong>Paulus</strong></span> <span class='ocrx_word' id='word_1_462' title='bbox 2371 3000 2570 3056; x_wconf 85' lang='lat' dir='ltr'><strong>alicubi</strong></span> <span class='ocrx_word' id='word_1_463' title='bbox 2597 3002 2852 3058; x_wconf 89' lang='lat' dir='ltr'><strong>admonet</strong></span> <span class='ocrx_word' id='word_1_464' title='bbox 2878 3022 2893 3058; x_wconf 89' lang='lat'><strong>:</strong></span> <span class='ocrx_word' id='word_1_465' title='bbox 2934 3022 2953 3056; x_wconf 83' lang='grc' dir='ltr'><strong>ι</strong></span> <span class='ocrx_word' id='word_1_466' title='bbox 2985 3005 3126 3058; x_wconf 89' lang='lat' dir='ltr'><strong>Deus</strong></span> <span class='ocrx_word' id='word_1_467' title='bbox 3162 3013 3279 3060; x_wconf 91' lang='lat' dir='ltr'><strong>erat</strong></span> <span class='ocrx_word' id='word_1_468' title='bbox 3309 3007 3361 3061; x_wconf 89' lang='lat' dir='ltr'><strong>in</strong></span> <span class='ocrx_word' id='word_1_469' title='bbox 3386 3007 3546 3063; x_wconf 86' lang='lat' dir='ltr'><strong>Chri-</strong></span> 
     </span>
    </p>
   </div>
   <div class='ocr_carea' id='block_1_61' title="bbox 281 3094 1855 3170">
    <p class='ocr_par' dir='ltr' id='par_1_61' title="bbox 281 3094 1855 3170">
     <span class='ocr_line' id='line_1_61' title="bbox 281 3094 1855 3170; baseline 0.003 -22"><span class='ocrx_word' id='word_1_470' title='bbox 281 3094 670 3150; x_wconf 86' lang='grc' dir='ltr'>καταλλάσσων</span> <span class='ocrx_word' id='word_1_471' title='bbox 698 3097 898 3168; x_wconf 85' lang='grc' dir='ltr'>ἐαυτῷ.</span> <span class='ocrx_word' id='word_1_472' title='bbox 935 3116 954 3149; x_wconf 72' lang='grc' dir='ltr'><strong>ι</strong></span> <span class='ocrx_word' id='word_1_473' title='bbox 986 3098 1098 3151; x_wconf 73' lang='grc' dir='ltr'><strong>Καὶ</strong></span> <span class='ocrx_word' id='word_1_474' title='bbox 1128 3099 1188 3151; x_wconf 86' lang='grc' dir='ltr'><strong>ού</strong></span> <span class='ocrx_word' id='word_1_475' title='bbox 1219 3099 1281 3170; x_wconf 86' lang='grc' dir='ltr'><strong>δή</strong></span> <span class='ocrx_word' id='word_1_476' title='bbox 1321 3098 1424 3152; x_wconf 88' lang='grc' dir='ltr'><strong>πού</strong></span> <span class='ocrx_word' id='word_1_477' title='bbox 1458 3117 1660 3169; x_wconf 86' lang='grc' dir='ltr'>φαμεν,</span> <span class='ocrx_word' id='word_1_478' title='bbox 1695 3098 1770 3164; x_wconf 86' lang='grc' dir='ltr'><strong>ὡς</strong></span> <span class='ocrx_word' id='word_1_479' title='bbox 1797 3102 1855 3153; x_wconf 87' lang='grc' dir='ltr'><strong>ἐν</strong></span> 
     </span>
    </p>
   </div>
   <div class='ocr_carea' id='block_1_62' title="bbox 279 3179 1856 3261">
    <p class='ocr_par' dir='ltr' id='par_1_62' title="bbox 279 3179 1856 3261">
     <span class='ocr_line' id='line_1_62' title="bbox 279 3179 1856 3261; baseline 0.003 -23"><span class='ocrx_word' id='word_1_480' title='bbox 279 3179 550 3256; x_wconf 84' lang='grc' dir='ltr'>ἀνθρώπῳ</span> <span class='ocrx_word' id='word_1_481' title='bbox 571 3187 913 3257; x_wconf 87' lang='grc' dir='ltr'>κατοικήσας</span> <span class='ocrx_word' id='word_1_482' title='bbox 939 3187 1174 3258; x_wconf 87' lang='grc' dir='ltr'>Χριστὸς</span> <span class='ocrx_word' id='word_1_483' title='bbox 1201 3188 1387 3259; x_wconf 74' lang='grc' dir='ltr'>ἕτερος</span> <span class='ocrx_word' id='word_1_484' title='bbox 1411 3207 1486 3243; x_wconf 90' lang='grc' dir='ltr'><strong>πα</strong></span> <span class='ocrx_word' id='word_1_485' title='bbox 1497 3189 1565 3261; x_wconf 88' lang='grc' dir='ltr'><strong><em>ρὰ</em></strong></span> <span class='ocrx_word' id='word_1_486' title='bbox 1593 3207 1657 3259; x_wconf 90' lang='grc' dir='ltr'><strong>γε</strong></span> <span class='ocrx_word' id='word_1_487' title='bbox 1678 3189 1769 3243; x_wconf 89' lang='grc' dir='ltr'><strong>τὸν</strong></span> <span class='ocrx_word' id='word_1_488' title='bbox 1792 3191 1856 3244; x_wconf 90' lang='grc' dir='ltr'><strong>ἐκ</strong></span> 
     </span>
    </p>
   </div>
   <div class='ocr_carea' id='block_1_63' title="bbox 277 3273 1854 3354">
    <p class='ocr_par' dir='ltr' id='par_1_63' title="bbox 277 3273 1854 3354">
     <span class='ocr_line' id='line_1_63' title="bbox 277 3273 1854 3354; baseline 0.005 -25"><span class='ocrx_word' id='word_1_489' title='bbox 277 3273 378 3346; x_wconf 66' lang='grc' dir='ltr'>τῆς</span> <span class='ocrx_word' id='word_1_490' title='bbox 417 3277 580 3345; x_wconf 81' lang='grc' dir='ltr'>ἁγίας</span> <span class='ocrx_word' id='word_1_491' title='bbox 619 3278 899 3350; x_wconf 84' lang='grc' dir='ltr'>Παρθένου</span> <span class='ocrx_word' id='word_1_492' title='bbox 957 3280 1377 3350; x_wconf 85' lang='grc' dir='ltr'>γεγεννημένον,</span> <span class='ocrx_word' id='word_1_493' title='bbox 1430 3283 1635 3353; x_wconf 89' lang='grc' dir='ltr'>κόσμον</span> <span class='ocrx_word' id='word_1_494' title='bbox 1675 3283 1854 3354; x_wconf 87' lang='grc' dir='ltr'>ἐαυτῷ</span> 
     </span>
    </p>
   </div>
   <div class='ocr_carea' id='block_1_64' title="bbox 278 3364 1851 3444">
    <p class='ocr_par' dir='ltr' id='par_1_64' title="bbox 278 3364 1851 3444">
     <span class='ocr_line' id='line_1_64' title="bbox 278 3364 1851 3444; baseline 0.004 -23"><span class='ocrx_word' id='word_1_495' title='bbox 278 3366 613 3437; x_wconf 84' lang='grc' dir='ltr'>κατήλλαττε</span> <span class='ocrx_word' id='word_1_496' title='bbox 651 3367 930 3440; x_wconf 83' lang='grc' dir='ltr'>(φρονοῦσι</span> <span class='ocrx_word' id='word_1_497' title='bbox 958 3369 1068 3440; x_wconf 83' lang='grc' dir='ltr'>γὰρ</span> <span class='ocrx_word' id='word_1_498' title='bbox 1109 3364 1212 3424; x_wconf 81' lang='grc' dir='ltr'><strong>ὧδέ</strong></span> <span class='ocrx_word' id='word_1_499' title='bbox 1240 3389 1382 3436; x_wconf 90' lang='grc' dir='ltr'>τινες</span> <span class='ocrx_word' id='word_1_500' title='bbox 1407 3373 1516 3428; x_wconf 87' lang='grc' dir='ltr'><strong>τῶν</strong></span> <span class='ocrx_word' id='word_1_501' title='bbox 1543 3374 1851 3444; x_wconf 81' lang='grc' dir='ltr'>ἀμαθεστέ·</span> 
     </span>
    </p>
   </div>
   <div class='ocr_carea' id='block_1_65' title="bbox 278 3455 1851 3536">
    <p class='ocr_par' dir='ltr' id='par_1_65' title="bbox 278 3455 1851 3536">
     <span class='ocr_line' id='line_1_65' title="bbox 278 3455 1851 3536; baseline 0.007 -28"><span class='ocrx_word' id='word_1_502' title='bbox 278 3455 410 3527; x_wconf 92' lang='grc' dir='ltr'>ρων)</span> <span class='ocrx_word' id='word_1_503' title='bbox 432 3471 445 3486; x_wconf 86' lang='grc'>⁶</span> <span class='ocrx_word' id='word_1_504' title='bbox 486 3457 663 3510; x_wconf 79' lang='grc' dir='ltr'>ἐκεῖνο</span> <span class='ocrx_word' id='word_1_505' title='bbox 685 3458 743 3511; x_wconf 82' lang='grc' dir='ltr'><strong>δέ</strong></span> <span class='ocrx_word' id='word_1_506' title='bbox 777 3458 1000 3526; x_wconf 82' lang='grc' dir='ltr'>μᾶλλον,</span> <span class='ocrx_word' id='word_1_507' title='bbox 1033 3460 1117 3513; x_wconf 83' lang='grc' dir='ltr'>ὅτι</span> <span class='ocrx_word' id='word_1_508' title='bbox 1164 3461 1534 3532; x_wconf 81' lang='grc' dir='ltr'>κατήλλαττεν</span> <span class='ocrx_word' id='word_1_509' title='bbox 1554 3464 1736 3536; x_wconf 82' lang='grc' dir='ltr'>ἐαυτῷ</span> <span class='ocrx_word' id='word_1_510' title='bbox 1760 3465 1851 3519; x_wconf 85' lang='grc' dir='ltr'><strong>τὸν</strong></span> 
     </span>
    </p>
   </div>
   <div class='ocr_carea' id='block_1_66' title="bbox 276 3546 1850 3628">
    <p class='ocr_par' dir='ltr' id='par_1_66' title="bbox 276 3546 1850 3628">
     <span class='ocr_line' id='line_1_66' title="bbox 276 3546 1850 3628; baseline 0.007 -29"><span class='ocrx_word' id='word_1_511' title='bbox 276 3546 480 3616; x_wconf 86' lang='grc' dir='ltr'>κόσμον</span> <span class='ocrx_word' id='word_1_512' title='bbox 507 3548 535 3599; x_wconf 90' lang='lat'><strong>6</strong></span> <span class='ocrx_word' id='word_1_513' title='bbox 573 3546 722 3610; x_wconf 36' lang='grc' dir='ltr'>Θεὸς.</span> <span class='ocrx_word' id='word_1_514' title='bbox 746 3549 840 3601; x_wconf 73' lang='grc' dir='ltr'>καὶ</span> <span class='ocrx_word' id='word_1_515' title='bbox 872 3548 1062 3619; x_wconf 80' lang='grc' dir='ltr'>Πατήρ</span> <span class='ocrx_word' id='word_1_516' title='bbox 1111 3550 1170 3601; x_wconf 93' lang='grc' dir='ltr'><strong>ἐν</strong></span> <span class='ocrx_word' id='word_1_517' title='bbox 1230 3551 1480 3622; x_wconf 86' lang='grc' dir='ltr'>Χριστῷ·</span> <span class='ocrx_word' id='word_1_518' title='bbox 1521 3555 1712 3622; x_wconf 87' lang='grc' dir='ltr'>γέγονε</span> <span class='ocrx_word' id='word_1_519' title='bbox 1741 3558 1850 3628; x_wconf 76' lang='grc' dir='ltr'>γὰρ</span> 
     </span>
    </p>
   </div>
   <div class='ocr_carea' id='block_1_67' title="bbox 274 3637 1848 3712">
    <p class='ocr_par' dir='ltr' id='par_1_67' title="bbox 274 3637 1848 3712">
     <span class='ocr_line' id='line_1_67' title="bbox 274 3637 1848 3712; baseline 0.008 -23"><span class='ocrx_word' id='word_1_520' title='bbox 274 3637 430 3708; x_wconf 81' lang='grc' dir='ltr'>ήμῶν</span> <span class='ocrx_word' id='word_1_521' title='bbox 468 3637 696 3709; x_wconf 89' lang='grc' dir='ltr'>μεσίτης</span> <span class='ocrx_word' id='word_1_522' title='bbox 743 3639 1174 3712; x_wconf 87' lang='grc' dir='ltr'>ἐνανθρωπήσας</span> <span class='ocrx_word' id='word_1_523' title='bbox 1206 3643 1234 3695; x_wconf 94' lang='lat'><strong>6</strong></span> <span class='ocrx_word' id='word_1_524' title='bbox 1258 3641 1405 3706; x_wconf 82' lang='grc' dir='ltr'>Υἱὸς,</span> <span class='ocrx_word' id='word_1_525' title='bbox 1441 3645 1535 3697; x_wconf 75' lang='grc' dir='ltr'>καὶ</span> <span class='ocrx_word' id='word_1_526' title='bbox 1556 3642 1668 3700; x_wconf 75' lang='grc' dir='ltr'>οἷον</span> <span class='ocrx_word' id='word_1_527' title='bbox 1699 3647 1848 3701; x_wconf 85' lang='grc' dir='ltr'>διαλ-</span> 
     </span>
    </p>
   </div>
   <div class='ocr_carea' id='block_1_68' title="bbox 271 3725 1848 3810">
    <p class='ocr_par' dir='ltr' id='par_1_68' title="bbox 271 3725 1848 3810">
     <span class='ocr_line' id='line_1_68' title="bbox 271 3725 1848 3810; baseline 0.008 -30"><span class='ocrx_word' id='word_1_528' title='bbox 271 3725 474 3799; x_wconf 84' lang='grc' dir='ltr'>λακτὴς</span> <span class='ocrx_word' id='word_1_529' title='bbox 497 3731 576 3793; x_wconf 89' lang='grc' dir='ltr'><strong>εἰς</strong></span> <span class='ocrx_word' id='word_1_530' title='bbox 609 3730 856 3802; x_wconf 88' lang='grc' dir='ltr'>εἰρήνην,</span> <span class='ocrx_word' id='word_1_531' title='bbox 891 3732 990 3803; x_wconf 90' lang='grc' dir='ltr'><strong>ούχ</strong></span> <span class='ocrx_word' id='word_1_532' title='bbox 1017 3732 1190 3806; x_wconf 86' lang='grc' dir='ltr'>ἐτέρῳ</span> <span class='ocrx_word' id='word_1_533' title='bbox 1236 3735 1515 3805; x_wconf 81' lang='grc' dir='ltr'>προξενῶν</span> <span class='ocrx_word' id='word_1_534' title='bbox 1543 3737 1652 3790; x_wconf 87' lang='grc' dir='ltr'><strong>τῶν</strong></span> <span class='ocrx_word' id='word_1_535' title='bbox 1681 3739 1739 3791; x_wconf 82' lang='grc' dir='ltr'><strong>ἐν</strong></span> <span class='ocrx_word' id='word_1_536' title='bbox 1769 3739 1848 3810; x_wconf 82' lang='grc' dir='ltr'><strong>τῷ</strong></span> 
     </span>
    </p>
   </div>
   <div class='ocr_carea' id='block_1_69' title="bbox 272 3819 1848 3902">
    <p class='ocr_par' dir='ltr' id='par_1_69' title="bbox 272 3819 1848 3902">
     <span class='ocr_line' id='line_1_69' title="bbox 272 3819 1848 3902; baseline 0.007 -30"><span class='ocrx_word' id='word_1_537' title='bbox 272 3820 461 3892; x_wconf 90' lang='grc' dir='ltr'>κόσμῳ</span> <span class='ocrx_word' id='word_1_538' title='bbox 483 3819 582 3892; x_wconf 83' lang='grc' dir='ltr'>τὴν</span> <span class='ocrx_word' id='word_1_539' title='bbox 617 3822 922 3894; x_wconf 81' lang='grc' dir='ltr'>ὑποταγὴν,</span> <span class='ocrx_word' id='word_1_540' title='bbox 957 3823 1076 3878; x_wconf 85' lang='grc' dir='ltr'>ἀλλ’</span> <span class='ocrx_word' id='word_1_541' title='bbox 1102 3825 1178 3889; x_wconf 89' lang='grc' dir='ltr'>ὠς</span> <span class='ocrx_word' id='word_1_542' title='bbox 1202 3826 1260 3880; x_wconf 87' lang='grc' dir='ltr'><strong>ἐν</strong></span> <span class='ocrx_word' id='word_1_543' title='bbox 1288 3826 1404 3896; x_wconf 87' lang='grc' dir='ltr'>ἰδίῳ</span> <span class='ocrx_word' id='word_1_544' title='bbox 1438 3828 1740 3900; x_wconf 86' lang='grc' dir='ltr'>προσώπῳ,</span> <span class='ocrx_word' id='word_1_545' title='bbox 1769 3829 1848 3902; x_wconf 83' lang='grc' dir='ltr'><strong>τῷ</strong></span> 
     </span>
    </p>
   </div>
   <div class='ocr_carea' id='block_1_70' title="bbox 271 3911 1848 3994">
    <p class='ocr_par' dir='ltr' id='par_1_70' title="bbox 271 3911 1848 3994">
     <span class='ocr_line' id='line_1_70' title="bbox 271 3911 1848 3994; baseline 0.006 -30"><span class='ocrx_word' id='word_1_546' title='bbox 271 3911 391 3983; x_wconf 88' lang='grc' dir='ltr'><strong>Θεῷ</strong></span> <span class='ocrx_word' id='word_1_547' title='bbox 415 3913 507 3966; x_wconf 75' lang='grc' dir='ltr'>καὶ</span> <span class='ocrx_word' id='word_1_548' title='bbox 532 3914 728 3985; x_wconf 87' lang='grc' dir='ltr'>Πατρί.</span> <span class='ocrx_word' id='word_1_549' title='bbox 763 3915 986 3987; x_wconf 87' lang='grc' dir='ltr'>Χριστῷ</span> <span class='ocrx_word' id='word_1_550' title='bbox 1017 3915 1129 3988; x_wconf 84' lang='grc' dir='ltr'><strong>γὰρ</strong></span> <span class='ocrx_word' id='word_1_551' title='bbox 1155 3918 1614 3990; x_wconf 87' lang='grc' dir='ltr'>κατηλλαγμένοι,</span> <span class='ocrx_word' id='word_1_552' title='bbox 1645 3921 1848 3994; x_wconf 85' lang='grc' dir='ltr'>κατηλ-</span> 
     </span>
    </p>
   </div>
   <div class='ocr_carea' id='block_1_71' title="bbox 269 4001 1898 4084">
    <p class='ocr_par' dir='ltr' id='par_1_71' title="bbox 269 4001 1898 4084">
     <span class='ocr_line' id='line_1_71' title="bbox 269 4001 1898 4084; baseline 0.007 -29"><span class='ocrx_word' id='word_1_553' title='bbox 269 4001 515 4074; x_wconf 86' lang='grc' dir='ltr'>λάγμεθα</span> <span class='ocrx_word' id='word_1_554' title='bbox 543 4004 611 4057; x_wconf 83' lang='grc' dir='ltr'><strong>δι’</strong></span> <span class='ocrx_word' id='word_1_555' title='bbox 647 4005 812 4059; x_wconf 78' lang='grc' dir='ltr'>αὑτοῦ</span> <span class='ocrx_word' id='word_1_556' title='bbox 843 4024 902 4060; x_wconf 87' lang='grc' dir='ltr'><strong>τε</strong></span> <span class='ocrx_word' id='word_1_557' title='bbox 938 4008 1032 4062; x_wconf 77' lang='grc' dir='ltr'>καὶ</span> <span class='ocrx_word' id='word_1_558' title='bbox 1060 4010 1118 4062; x_wconf 89' lang='grc' dir='ltr'><strong>ἐν</strong></span> <span class='ocrx_word' id='word_1_559' title='bbox 1150 4008 1298 4080; x_wconf 85' lang='grc' dir='ltr'>αὐτῷ</span> <span class='ocrx_word' id='word_1_560' title='bbox 1329 4009 1407 4079; x_wconf 89' lang='grc' dir='ltr'><strong>τῷ</strong></span> <span class='ocrx_word' id='word_1_561' title='bbox 1437 4011 1656 4066; x_wconf 88' lang='grc' dir='ltr'>πάντων</span> <span class='ocrx_word' id='word_1_562' title='bbox 1691 4013 1847 4084; x_wconf 81' lang='grc' dir='ltr'>ήμῶν</span> <span class='ocrx_word' id='word_1_563' title='bbox 1885 4030 1898 4040; x_wconf 62' lang='grc' dir='ltr'><strong><em>σ</em></strong></span> 
     </span>
    </p>
   </div>
   <div class='ocr_carea' id='block_1_72' title="bbox 269 4093 1846 4168">
    <p class='ocr_par' dir='ltr' id='par_1_72' title="bbox 269 4093 1846 4168">
     <span class='ocr_line' id='line_1_72' title="bbox 269 4093 1846 4168; baseline 0.009 -24"><span class='ocrx_word' id='word_1_564' title='bbox 269 4093 479 4164; x_wconf 80' lang='grc' dir='ltr'>Σωτῆρι</span> <span class='ocrx_word' id='word_1_565' title='bbox 505 4095 643 4165; x_wconf 89' lang='grc' dir='ltr'>Θεῷ.</span> <span class='ocrx_word' id='word_1_566' title='bbox 680 4096 970 4167; x_wconf 82' lang='grc' dir='ltr'>Τοιγάρτοι</span> <span class='ocrx_word' id='word_1_567' title='bbox 1004 4098 1098 4152; x_wconf 77' lang='grc' dir='ltr'>καὶ</span> <span class='ocrx_word' id='word_1_568' title='bbox 1127 4097 1335 4168; x_wconf 80' lang='grc' dir='ltr'>ἔφασκε</span> <span class='ocrx_word' id='word_1_569' title='bbox 1360 4116 1374 4130; x_wconf 90' lang='grc'><strong>·</strong></span> <span class='ocrx_word' id='word_1_570' title='bbox 1402 4119 1420 4152; x_wconf 79' lang='grc' dir='ltr'><strong>ι</strong></span> <span class='ocrx_word' id='word_1_571' title='bbox 1459 4101 1623 4156; x_wconf 90' lang='grc' dir='ltr'>Δεῦτε</span> <span class='ocrx_word' id='word_1_572' title='bbox 1647 4103 1846 4168; x_wconf 85' lang='grc' dir='ltr'>πάντες</span> 
     </span>
    </p>
   </div>
   <div class='ocr_carea' id='block_1_73' title="bbox 266 4185 1846 4263">
    <p class='ocr_par' dir='ltr' id='par_1_73' title="bbox 266 4185 1846 4263">
     <span class='ocr_line' id='line_1_73' title="bbox 266 4185 1846 4263; baseline 0.008 -27"><span class='ocrx_word' id='word_1_573' title='bbox 266 4185 404 4257; x_wconf 89' lang='grc' dir='ltr'>πρός</span> <span class='ocrx_word' id='word_1_574' title='bbox 444 4201 531 4255; x_wconf 87' lang='grc' dir='ltr'><strong>με,</strong></span> <span class='ocrx_word' id='word_1_575' title='bbox 562 4187 612 4238; x_wconf 86' lang='grc' dir='ltr'><strong>οἰ</strong></span> <span class='ocrx_word' id='word_1_576' title='bbox 653 4188 1043 4251; x_wconf 86' lang='grc' dir='ltr'>κεκοπιακότες</span> <span class='ocrx_word' id='word_1_577' title='bbox 1078 4190 1174 4243; x_wconf 72' lang='grc' dir='ltr'>καὶ</span> <span class='ocrx_word' id='word_1_578' title='bbox 1213 4193 1663 4263; x_wconf 79' lang='grc' dir='ltr'>πεφορτισμένοι,</span> <span class='ocrx_word' id='word_1_579' title='bbox 1687 4193 1846 4262; x_wconf 88' lang='grc' dir='ltr'>κάγὼ</span> 
     </span>
    </p>
   </div>
   <div class='ocr_carea' id='block_1_74' title="bbox 262 4273 1842 4354">
    <p class='ocr_par' dir='ltr' id='par_1_74' title="bbox 262 4273 1842 4354">
     <span class='ocr_line' id='line_1_74' title="bbox 262 4273 1842 4354; baseline 0.008 -27"><span class='ocrx_word' id='word_1_580' title='bbox 262 4273 562 4328; x_wconf 80' lang='grc' dir='ltr'>ἀναπαύσω</span> <span class='ocrx_word' id='word_1_581' title='bbox 589 4275 753 4346; x_wconf 76' lang='grc' dir='ltr'>ὑμᾶς.</span> <span class='ocrx_word' id='word_1_582' title='bbox 797 4296 816 4328; x_wconf 73' lang='grc' dir='ltr'><strong>ι</strong></span> <span class='ocrx_word' id='word_1_583' title='bbox 851 4278 973 4332; x_wconf 75' lang='grc' dir='ltr'><strong>Ὀτι</strong></span> <span class='ocrx_word' id='word_1_584' title='bbox 998 4279 1055 4333; x_wconf 85' lang='grc' dir='ltr'><strong>δέ</strong></span> <span class='ocrx_word' id='word_1_585' title='bbox 1082 4283 1196 4345; x_wconf 82' lang='grc' dir='ltr'>τοῖς</span> <span class='ocrx_word' id='word_1_586' title='bbox 1220 4282 1357 4354; x_wconf 90' lang='grc' dir='ltr'>πρὸς</span> <span class='ocrx_word' id='word_1_587' title='bbox 1385 4284 1549 4338; x_wconf 87' lang='grc' dir='ltr'>αὑτὸν</span> <span class='ocrx_word' id='word_1_588' title='bbox 1581 4283 1753 4339; x_wconf 85' lang='grc' dir='ltr'>ἰοῦσιν</span> <span class='ocrx_word' id='word_1_589' title='bbox 1779 4284 1842 4339; x_wconf 88' lang='grc' dir='ltr'><strong>ού</strong></span> 
     </span>
    </p>
   </div>
   <div class='ocr_carea' id='block_1_75' title="bbox 263 4366 1841 4449">
    <p class='ocr_par' dir='ltr' id='par_1_75' title="bbox 263 4366 1841 4449">
     <span class='ocr_line' id='line_1_75' title="bbox 263 4366 1841 4449; baseline 0.008 -29"><span class='ocrx_word' id='word_1_590' title='bbox 263 4366 402 4437; x_wconf 89' lang='grc' dir='ltr'>πρὸς</span> <span class='ocrx_word' id='word_1_591' title='bbox 436 4367 623 4440; x_wconf 83' lang='grc' dir='ltr'>ἐτερόν</span> <span class='ocrx_word' id='word_1_592' title='bbox 648 4385 770 4423; x_wconf 89' lang='grc' dir='ltr'>τινα</span> <span class='ocrx_word' id='word_1_593' title='bbox 806 4370 1004 4439; x_wconf 81' lang='grc' dir='ltr'>γένοιτ’</span> <span class='ocrx_word' id='word_1_594' title='bbox 1039 4371 1106 4425; x_wconf 75' lang='grc' dir='ltr'>ἂν</span> <span class='ocrx_word' id='word_1_595' title='bbox 1154 4375 1182 4445; x_wconf 86' lang='grc' dir='ltr'><strong>ή</strong></span> <span class='ocrx_word' id='word_1_596' title='bbox 1212 4375 1551 4447; x_wconf 82' lang='grc' dir='ltr'>καταλλαγὴ,</span> <span class='ocrx_word' id='word_1_597' title='bbox 1583 4377 1724 4449; x_wconf 81' lang='grc' dir='ltr'>πλὴν</span> <span class='ocrx_word' id='word_1_598' title='bbox 1759 4379 1841 4432; x_wconf 83' lang='grc' dir='ltr'>ὅτι</span> 
     </span>
    </p>
   </div>
   <div class='ocr_carea' id='block_1_76' title="bbox 262 4457 1842 4544">
    <p class='ocr_par' dir='ltr' id='par_1_76' title="bbox 262 4457 1842 4544">
     <span class='ocr_line' id='line_1_76' title="bbox 262 4457 1842 4544; baseline 0.011 -34"><span class='ocrx_word' id='word_1_599' title='bbox 262 4457 402 4530; x_wconf 81' lang='grc' dir='ltr'>πρὸς</span> <span class='ocrx_word' id='word_1_600' title='bbox 447 4458 580 4512; x_wconf 89' lang='grc' dir='ltr'>Θεὸν</span> <span class='ocrx_word' id='word_1_601' title='bbox 610 4459 702 4514; x_wconf 88' lang='grc' dir='ltr'><strong>τὸν</strong></span> <span class='ocrx_word' id='word_1_602' title='bbox 734 4459 894 4530; x_wconf 88' lang='grc' dir='ltr'>φύσει</span> <span class='ocrx_word' id='word_1_603' title='bbox 936 4462 1031 4516; x_wconf 71' lang='grc' dir='ltr'><strong>καὶ</strong></span> <span class='ocrx_word' id='word_1_604' title='bbox 1063 4463 1301 4535; x_wconf 85' lang='grc' dir='ltr'>ἀληθῶς,</span> <span class='ocrx_word' id='word_1_605' title='bbox 1351 4468 1842 4544; x_wconf 87' lang='grc' dir='ltr'>πεπληροφόρηκεν</span> 
     </span>
    </p>
   </div>
   <div class='ocr_carea' id='block_1_77' title="bbox 262 4546 1834 4634">
    <p class='ocr_par' dir='ltr' id='par_1_77' title="bbox 262 4546 1834 4634">
     <span class='ocr_line' id='line_1_77' title="bbox 262 4546 1834 4634; baseline 0.01 -33"><span class='ocrx_word' id='word_1_606' title='bbox 262 4546 464 4602; x_wconf 87' lang='grc' dir='ltr'>εἰπών·</span> <span class='ocrx_word' id='word_1_607' title='bbox 508 4567 528 4601; x_wconf 82' lang='lat' dir='ltr'><strong>t</strong></span> <span class='ocrx_word' id='word_1_608' title='bbox 574 4550 633 4603; x_wconf 92' lang='lat'><strong>&#39;0</strong></span> <span class='ocrx_word' id='word_1_609' title='bbox 661 4552 932 4605; x_wconf 88' lang='grc' dir='ltr'>πιστεύων</span> <span class='ocrx_word' id='word_1_610' title='bbox 963 4555 1043 4617; x_wconf 85' lang='grc' dir='ltr'><strong>εἰς</strong></span> <span class='ocrx_word' id='word_1_611' title='bbox 1076 4555 1176 4624; x_wconf 81' lang='grc' dir='ltr'>ἐμὲ</span> <span class='ocrx_word' id='word_1_612' title='bbox 1217 4557 1277 4610; x_wconf 88' lang='grc' dir='ltr'><strong>ού</strong></span> <span class='ocrx_word' id='word_1_613' title='bbox 1320 4559 1564 4614; x_wconf 87' lang='grc' dir='ltr'>πιστεύει</span> <span class='ocrx_word' id='word_1_614' title='bbox 1596 4563 1677 4625; x_wconf 88' lang='grc' dir='ltr'><strong>εἰς</strong></span> <span class='ocrx_word' id='word_1_615' title='bbox 1716 4563 1834 4634; x_wconf 85' lang='grc' dir='ltr'>ἐμὲ,</span> 
     </span>
    </p>
   </div>
   <div class='ocr_carea' id='block_1_78' title="bbox 261 4639 1837 4724">
    <p class='ocr_par' dir='ltr' id='par_1_78' title="bbox 261 4639 1837 4724">
     <span class='ocr_line' id='line_1_78' title="bbox 261 4639 1837 4724; baseline 0.01 -30"><span class='ocrx_word' id='word_1_616' title='bbox 261 4639 374 4694; x_wconf 82' lang='grc' dir='ltr'>ἀλλ’</span> <span class='ocrx_word' id='word_1_617' title='bbox 399 4641 480 4704; x_wconf 89' lang='grc' dir='ltr'><strong>εἰς</strong></span> <span class='ocrx_word' id='word_1_618' title='bbox 513 4641 606 4695; x_wconf 90' lang='grc' dir='ltr'><strong>τὸν</strong></span> <span class='ocrx_word' id='word_1_619' title='bbox 636 4643 931 4713; x_wconf 74' lang='grc' dir='ltr'>πέμψαντά</span> <span class='ocrx_word' id='word_1_620' title='bbox 968 4663 1058 4714; x_wconf 91' lang='grc' dir='ltr'>με.</span> <span class='ocrx_word' id='word_1_621' title='bbox 1091 4648 1200 4701; x_wconf 78' lang='grc' dir='ltr'><strong>Καὶ</strong></span> <span class='ocrx_word' id='word_1_622' title='bbox 1225 4650 1254 4702; x_wconf 88' lang='lat'><strong>6</strong></span> <span class='ocrx_word' id='word_1_623' title='bbox 1293 4649 1514 4722; x_wconf 83' lang='grc' dir='ltr'>θεωρῶν</span> <span class='ocrx_word' id='word_1_624' title='bbox 1564 4653 1665 4724; x_wconf 80' lang='grc' dir='ltr'>ἐμὲ</span> <span class='ocrx_word' id='word_1_625' title='bbox 1700 4653 1837 4709; x_wconf 83' lang='grc' dir='ltr'>θεω-</span> 
     </span>
    </p>
   </div>
   <div class='ocr_carea' id='block_1_79' title="bbox 264 4731 1839 4809">
    <p class='ocr_par' dir='ltr' id='par_1_79' title="bbox 264 4731 1839 4809">
     <span class='ocr_line' id='line_1_79' title="bbox 264 4731 1839 4809; baseline 0.01 -26"><span class='ocrx_word' id='word_1_626' title='bbox 264 4733 349 4800; x_wconf 81' lang='grc' dir='ltr'><strong>ρεῖ</strong></span> <span class='ocrx_word' id='word_1_627' title='bbox 368 4731 457 4784; x_wconf 86' lang='grc' dir='ltr'><strong>τὸν</strong></span> <span class='ocrx_word' id='word_1_628' title='bbox 482 4732 774 4802; x_wconf 76' lang='grc' dir='ltr'>πέμψαντά</span> <span class='ocrx_word' id='word_1_629' title='bbox 805 4750 926 4803; x_wconf 79' lang='grc' dir='ltr'>με.»</span> <span class='ocrx_word' id='word_1_630' title='bbox 963 4734 1083 4787; x_wconf 82' lang='grc' dir='ltr'><strong>’0τέ</strong></span> <span class='ocrx_word' id='word_1_631' title='bbox 1111 4736 1168 4788; x_wconf 82' lang='grc' dir='ltr'>δὲ</span> <span class='ocrx_word' id='word_1_632' title='bbox 1197 4738 1379 4795; x_wconf 79' lang='grc' dir='ltr'>πάλιν·</span> <span class='ocrx_word' id='word_1_633' title='bbox 1403 4758 1422 4793; x_wconf 83' lang='lat' dir='ltr'><strong>t</strong></span> <span class='ocrx_word' id='word_1_634' title='bbox 1444 4743 1734 4798; x_wconf 85' lang='grc' dir='ltr'>Πιστεύετε</span> <span class='ocrx_word' id='word_1_635' title='bbox 1758 4746 1839 4809; x_wconf 87' lang='grc' dir='ltr'><strong>εἰς</strong></span> 
     </span>
    </p>
   </div>
   <div class='ocr_carea' id='block_1_80' title="bbox 258 4821 1266 4895">
    <p class='ocr_par' dir='ltr' id='par_1_80' title="bbox 258 4821 1266 4895">
     <span class='ocr_line' id='line_1_80' title="bbox 258 4821 1266 4895; baseline 0.003 -20"><span class='ocrx_word' id='word_1_636' title='bbox 258 4822 352 4875; x_wconf 89' lang='grc' dir='ltr'><strong>τὸν</strong></span> <span class='ocrx_word' id='word_1_637' title='bbox 382 4821 533 4889; x_wconf 86' lang='grc' dir='ltr'>Θεὸν,</span> <span class='ocrx_word' id='word_1_638' title='bbox 565 4823 661 4877; x_wconf 74' lang='grc' dir='ltr'>καὶ</span> <span class='ocrx_word' id='word_1_639' title='bbox 681 4824 760 4887; x_wconf 81' lang='grc' dir='ltr'><strong>είς</strong></span> <span class='ocrx_word' id='word_1_640' title='bbox 789 4823 890 4895; x_wconf 80' lang='grc' dir='ltr'>ἐμὲ</span> <span class='ocrx_word' id='word_1_641' title='bbox 916 4825 1223 4882; x_wconf 87' lang='grc' dir='ltr'>πιστεύετε.</span> <span class='ocrx_word' id='word_1_642' title='bbox 1248 4845 1266 4878; x_wconf 72' lang='grc' dir='ltr'><strong>ι</strong></span> 
     </span>
    </p>
   </div>
   <div class='ocr_carea' id='block_1_81' title="bbox 327 5078 1836 5156">
    <p class='ocr_par' dir='ltr' id='par_1_81' title="bbox 327 5078 1836 5156">
     <span class='ocr_line' id='line_1_81' title="bbox 327 5078 1836 5156; baseline 0.006 -22"><span class='ocrx_word' id='word_1_643' title='bbox 327 5078 461 5134; x_wconf 82' lang='grc' dir='ltr'><strong>ΜΘ⁹.</strong></span> <span class='ocrx_word' id='word_1_644' title='bbox 499 5097 520 5130; x_wconf 77' lang='grc' dir='ltr'><strong>σ</strong></span> <span class='ocrx_word' id='word_1_645' title='bbox 566 5080 769 5152; x_wconf 83' lang='grc' dir='ltr'>Πάτερ,</span> <span class='ocrx_word' id='word_1_646' title='bbox 795 5079 1056 5153; x_wconf 75' lang='grc' dir='ltr'>ἐλήλυθεν</span> <span class='ocrx_word' id='word_1_647' title='bbox 1099 5082 1300 5156; x_wconf 82' lang='grc' dir='ltr'>ήῶρα,</span> <span class='ocrx_word' id='word_1_648' title='bbox 1346 5084 1568 5154; x_wconf 80' lang='grc' dir='ltr'>δόξασόν</span> <span class='ocrx_word' id='word_1_649' title='bbox 1610 5105 1704 5141; x_wconf 88' lang='grc' dir='ltr'><strong>σου</strong></span> <span class='ocrx_word' id='word_1_650' title='bbox 1743 5089 1836 5143; x_wconf 89' lang='grc' dir='ltr'><strong>τὸν</strong></span> 
     </span>
    </p>
   </div>
   <div class='ocr_carea' id='block_1_82' title="bbox 255 5169 1835 5246">
    <p class='ocr_par' dir='ltr' id='par_1_82' title="bbox 255 5169 1835 5246">
     <span class='ocr_line' id='line_1_82' title="bbox 255 5169 1835 5246; baseline 0.006 -22"><span class='ocrx_word' id='word_1_651' title='bbox 255 5169 410 5234; x_wconf 86' lang='grc' dir='ltr'>Υἰὸν,</span> <span class='ocrx_word' id='word_1_652' title='bbox 452 5171 538 5225; x_wconf 81' lang='grc' dir='ltr'><strong>ἵνα</strong></span> <span class='ocrx_word' id='word_1_653' title='bbox 580 5176 678 5224; x_wconf 82' lang='grc' dir='ltr'>καὶ</span> <span class='ocrx_word' id='word_1_654' title='bbox 703 5171 732 5224; x_wconf 91' lang='lat'><strong>6</strong></span> <span class='ocrx_word' id='word_1_655' title='bbox 759 5171 890 5237; x_wconf 82' lang='grc' dir='ltr'>Υἱός</span> <span class='ocrx_word' id='word_1_656' title='bbox 923 5190 1016 5228; x_wconf 89' lang='grc' dir='ltr'><strong>σου</strong></span> <span class='ocrx_word' id='word_1_657' title='bbox 1039 5171 1236 5246; x_wconf 81' lang='grc' dir='ltr'>δοξάσῃ</span> <span class='ocrx_word' id='word_1_658' title='bbox 1279 5191 1361 5230; x_wconf 89' lang='grc' dir='ltr'>σε.</span> <span class='ocrx_word' id='word_1_659' title='bbox 1401 5176 1601 5240; x_wconf 86' lang='grc' dir='ltr'>Καθὼς</span> <span class='ocrx_word' id='word_1_660' title='bbox 1627 5177 1835 5242; x_wconf 77' lang='grc' dir='ltr'>ἔδωκας</span> 
     </span>
    </p>
   </div>
   <div class='ocr_carea' id='block_1_83' title="bbox 251 5259 1832 5338">
    <p class='ocr_par' dir='ltr' id='par_1_83' title="bbox 251 5259 1832 5338">
     <span class='ocr_line' id='line_1_83' title="bbox 251 5259 1832 5338; baseline 0.008 -25"><span class='ocrx_word' id='word_1_661' title='bbox 251 5259 407 5330; x_wconf 81' lang='grc' dir='ltr'>αὐτῷ</span> <span class='ocrx_word' id='word_1_662' title='bbox 453 5260 704 5326; x_wconf 81' lang='grc' dir='ltr'>ἐξουσίαν</span> <span class='ocrx_word' id='word_1_663' title='bbox 743 5263 924 5336; x_wconf 83' lang='grc' dir='ltr'>πάσης</span> <span class='ocrx_word' id='word_1_664' title='bbox 972 5265 1194 5338; x_wconf 83' lang='grc' dir='ltr'>σαρκὸς,</span> <span class='ocrx_word' id='word_1_665' title='bbox 1237 5267 1324 5320; x_wconf 75' lang='grc' dir='ltr'>ἵνα</span> <span class='ocrx_word' id='word_1_666' title='bbox 1373 5270 1484 5323; x_wconf 78' lang='grc' dir='ltr'><strong>πᾶν</strong></span> <span class='ocrx_word' id='word_1_667' title='bbox 1525 5269 1554 5323; x_wconf 84' lang='lat'><strong>6</strong></span> <span class='ocrx_word' id='word_1_668' title='bbox 1591 5269 1832 5334; x_wconf 88' lang='grc' dir='ltr'>δέδωκας</span> 
     </span>
    </p>
   </div>
   <div class='ocr_carea' id='block_1_84' title="bbox 250 5349 1831 5434">
    <p class='ocr_par' dir='ltr' id='par_1_84' title="bbox 250 5349 1831 5434">
     <span class='ocr_line' id='line_1_84' title="bbox 250 5349 1831 5434; baseline 0.009 -31"><span class='ocrx_word' id='word_1_669' title='bbox 250 5349 428 5421; x_wconf 84' lang='grc' dir='ltr'>αύτῷ,</span> <span class='ocrx_word' id='word_1_670' title='bbox 456 5351 603 5424; x_wconf 83' lang='grc' dir='ltr'>δώσῃ</span> <span class='ocrx_word' id='word_1_671' title='bbox 643 5354 827 5420; x_wconf 80' lang='grc' dir='ltr'>αὐτοῖς</span> <span class='ocrx_word' id='word_1_672' title='bbox 857 5354 1002 5428; x_wconf 77' lang='grc' dir='ltr'>ζωήν</span> <span class='ocrx_word' id='word_1_673' title='bbox 1030 5355 1266 5413; x_wconf 87' lang='grc' dir='ltr'>αἰώνιον.</span> <span class='ocrx_word' id='word_1_674' title='bbox 1296 5377 1316 5412; x_wconf 72' lang='grc' dir='ltr'><strong>ι</strong></span> <span class='ocrx_word' id='word_1_675' title='bbox 1345 5361 1698 5434; x_wconf 86' lang='grc' dir='ltr'>Παράκλητος</span> <span class='ocrx_word' id='word_1_676' title='bbox 1728 5362 1831 5432; x_wconf 86' lang='grc' dir='ltr'>μὲν</span> 
     </span>
    </p>
   </div>
   <div class='ocr_carea' id='block_1_85' title="bbox 327 5522 1879 5602">
    <p class='ocr_par' dir='ltr' id='par_1_85' title="bbox 327 5522 1879 5602">
     <span class='ocr_line' id='line_1_85' title="bbox 327 5522 1879 5602; baseline 0.016 -31"><span class='ocrx_word' id='word_1_677' title='bbox 327 5522 585 5602; x_wconf 49' lang='lat' dir='ltr'><strong>“Icci:1</strong></span> <span class='ocrx_word' id='word_1_678' title='bbox 615 5541 676 5602; x_wconf 84' lang='lat' dir='ltr'><strong>t_i,</strong></span> <span class='ocrx_word' id='word_1_679' title='bbox 698 5527 752 5580; x_wconf 69' lang='grc' dir='ltr'><strong>Ξ.</strong></span> <span class='ocrx_word' id='word_1_680' title='bbox 834 5528 876 5560; x_wconf 75' lang='grc' dir='ltr'><strong><em>η</em></strong></span> <span class='ocrx_word' id='word_1_681' title='bbox 908 5525 1111 5602; x_wconf 75' lang='lat' dir='ltr'><strong>Il_(.&#39;or.</strong></span> <span class='ocrx_word' id='word_1_682' title='bbox 1132 5544 1251 5602; x_wconf 69' lang='lat' dir='ltr'><strong>vin.</strong></span> <span class='ocrx_word' id='word_1_683' title='bbox 1279 5531 1332 5587; x_wconf 90' lang='lat'><strong>9.</strong></span> <span class='ocrx_word' id='word_1_684' title='bbox 1413 5531 1458 5564; x_wconf 84' lang='grc'><strong>¹⁶</strong></span> <span class='ocrx_word' id='word_1_685' title='bbox 1487 5531 1643 5590; x_wconf 80' lang='lat' dir='ltr'><strong>Joan.</strong></span> <span class='ocrx_word' id='word_1_686' title='bbox 1672 5551 1756 5602; x_wconf 84' lang='lat' dir='ltr'><strong>ut,</strong></span> <span class='ocrx_word' id='word_1_687' title='bbox 1791 5537 1879 5596; x_wconf 79' lang='lat'><strong>35.</strong></span> 
     </span>
    </p>
   </div>
   <div class='ocr_carea' id='block_1_86' title="bbox 249 5592 1641 5670">
    <p class='ocr_par' dir='ltr' id='par_1_86' title="bbox 249 5592 1641 5670">
     <span class='ocr_line' id='line_1_86' title="bbox 249 5592 1641 5670; baseline 0.009 -20"><span class='ocrx_word' id='word_1_688' title='bbox 249 5592 344 5661; x_wconf 76' lang='grc'><strong>64,</strong></span> <span class='ocrx_word' id='word_1_689' title='bbox 377 5592 468 5650; x_wconf 68' lang='grc'><strong>45.</strong></span> <span class='ocrx_word' id='word_1_690' title='bbox 543 5595 588 5628; x_wconf 79' lang='grc'><strong>¹⁶</strong></span> <span class='ocrx_word' id='word_1_691' title='bbox 615 5594 769 5654; x_wconf 81' lang='lat' dir='ltr'><strong>Joan.</strong></span> <span class='ocrx_word' id='word_1_692' title='bbox 797 5612 909 5664; x_wconf 84' lang='lat' dir='ltr'><strong>xiv,</strong></span> <span class='ocrx_word' id='word_1_693' title='bbox 944 5598 994 5656; x_wconf 88' lang='lat' dir='ltr'><strong>I.</strong></span> <span class='ocrx_word' id='word_1_694' title='bbox 1073 5601 1116 5634; x_wconf 77' lang='grc' dir='ltr'>’ί</span> <span class='ocrx_word' id='word_1_695' title='bbox 1155 5592 1310 5658; x_wconf 67' lang='lat' dir='ltr'><strong>Joan.</strong></span> <span class='ocrx_word' id='word_1_696' title='bbox 1335 5617 1468 5670; x_wconf 78' lang='lat' dir='ltr'><strong>xvii,</strong></span> <span class='ocrx_word' id='word_1_697' title='bbox 1499 5605 1548 5670; x_wconf 86' lang='lat' dir='ltr'><strong>l,</strong></span> <span class='ocrx_word' id='word_1_698' title='bbox 1587 5605 1641 5662; x_wconf 77' lang='lat'><strong>2.</strong></span> 
     </span>
    </p>
   </div>
   <div class='ocr_carea' id='block_1_87' title="bbox 1958 3091 3547 3170">
    <p class='ocr_par' dir='ltr' id='par_1_87' title="bbox 1958 3091 3547 3170">
     <span class='ocr_line' id='line_1_87' title="bbox 1958 3091 3547 3170; baseline 0.006 -25"><span class='ocrx_word' id='word_1_699' title='bbox 1958 3099 2066 3154; x_wconf 86' lang='lat' dir='ltr'><strong>sto,</strong></span> <span class='ocrx_word' id='word_1_700' title='bbox 2094 3091 2351 3146; x_wconf 91' lang='lat' dir='ltr'><strong>mundum</strong></span> <span class='ocrx_word' id='word_1_701' title='bbox 2378 3094 2732 3149; x_wconf 83' lang='lat' dir='ltr'><strong>reconcilians</strong></span> <span class='ocrx_word' id='word_1_702' title='bbox 2754 3095 2855 3149; x_wconf 89' lang='lat' dir='ltr'><strong>sibi</strong></span> <span class='ocrx_word' id='word_1_703' title='bbox 2881 3096 2946 3151; x_wconf 85' lang='lat'><strong>&quot;.</strong></span> <span class='ocrx_word' id='word_1_704' title='bbox 2977 3114 2995 3147; x_wconf 75' lang='grc' dir='ltr'><strong>ι</strong></span> <span class='ocrx_word' id='word_1_705' title='bbox 3019 3095 3115 3150; x_wconf 89' lang='lat' dir='ltr'><strong>I-Iic</strong></span> <span class='ocrx_word' id='word_1_706' title='bbox 3144 3107 3322 3153; x_wconf 87' lang='lat' dir='ltr'><strong>autem</strong></span> <span class='ocrx_word' id='word_1_707' title='bbox 3341 3115 3547 3170; x_wconf 86' lang='lat' dir='ltr'><strong>nequa-</strong></span> 
     </span>
    </p>
   </div>
   <div class='ocr_carea' id='block_1_88' title="bbox 1957 3184 3542 3260">
    <p class='ocr_par' dir='ltr' id='par_1_88' title="bbox 1957 3184 3542 3260">
     <span class='ocr_line' id='line_1_88' title="bbox 1957 3184 3542 3260; baseline 0.009 -27"><span class='ocrx_word' id='word_1_708' title='bbox 1957 3197 2118 3251; x_wconf 89' lang='lat' dir='ltr'><strong>quam</strong></span> <span class='ocrx_word' id='word_1_709' title='bbox 2165 3184 2485 3251; x_wconf 87' lang='lat' dir='ltr'><strong>asserimus,</strong></span> <span class='ocrx_word' id='word_1_710' title='bbox 2525 3186 2576 3242; x_wconf 92' lang='lat' dir='ltr'><strong>id</strong></span> <span class='ocrx_word' id='word_1_711' title='bbox 2607 3189 2752 3257; x_wconf 90' lang='lat' dir='ltr'><strong>quod</strong></span> <span class='ocrx_word' id='word_1_712' title='bbox 2785 3187 3034 3244; x_wconf 88' lang='lat' dir='ltr'><strong>rudiores</strong></span> <span class='ocrx_word' id='word_1_713' title='bbox 3071 3191 3288 3260; x_wconf 89' lang='lat' dir='ltr'><strong>quidam</strong></span> <span class='ocrx_word' id='word_1_714' title='bbox 3316 3193 3542 3255; x_wconf 80' lang='lat' dir='ltr'><strong>faciunt,</strong></span> 
     </span>
    </p>
   </div>
   <div class='ocr_carea' id='block_1_89' title="bbox 1955 3272 3540 3354">
    <p class='ocr_par' dir='ltr' id='par_1_89' title="bbox 1955 3272 3540 3354">
     <span class='ocr_line' id='line_1_89' title="bbox 1955 3272 3540 3354; baseline 0.009 -29"><span class='ocrx_word' id='word_1_715' title='bbox 1955 3272 2118 3327; x_wconf 85' lang='lat' dir='ltr'><strong>alium</strong></span> <span class='ocrx_word' id='word_1_716' title='bbox 2186 3274 2253 3328; x_wconf 91' lang='lat' dir='ltr'><strong>ab</strong></span> <span class='ocrx_word' id='word_1_717' title='bbox 2305 3289 2370 3329; x_wconf 89' lang='lat' dir='ltr'><strong>eo</strong></span> <span class='ocrx_word' id='word_1_718' title='bbox 2420 3291 2578 3346; x_wconf 86' lang='lat' dir='ltr'><strong>quem</strong></span> <span class='ocrx_word' id='word_1_719' title='bbox 2623 3294 2778 3334; x_wconf 90' lang='lat' dir='ltr'><strong>sacra</strong></span> <span class='ocrx_word' id='word_1_720' title='bbox 2819 3278 2996 3348; x_wconf 72' lang='lat' dir='ltr'><strong>Virgo</strong></span> <span class='ocrx_word' id='word_1_721' title='bbox 3044 3283 3204 3354; x_wconf 78' lang='lat'><strong>169</strong></span> <span class='ocrx_word' id='word_1_722' title='bbox 3259 3283 3310 3338; x_wconf 91' lang='lat' dir='ltr'><strong>in</strong></span> <span class='ocrx_word' id='word_1_723' title='bbox 3366 3285 3540 3340; x_wconf 91' lang='lat' dir='ltr'><strong>lucem</strong></span> 
     </span>
    </p>
   </div>
   <div class='ocr_carea' id='block_1_90' title="bbox 1953 3363 3542 3442">
    <p class='ocr_par' dir='ltr' id='par_1_90' title="bbox 1953 3363 3542 3442">
     <span class='ocr_line' id='line_1_90' title="bbox 1953 3363 3542 3442; baseline 0.006 -22"><span class='ocrx_word' id='word_1_724' title='bbox 1953 3363 2117 3420; x_wconf 89' lang='lat' dir='ltr'><strong>edidit</strong></span> <span class='ocrx_word' id='word_1_725' title='bbox 2141 3404 2157 3430; x_wconf 86' lang='lat'><strong>,</strong></span> <span class='ocrx_word' id='word_1_726' title='bbox 2188 3365 2462 3421; x_wconf 85' lang='lat' dir='ltr'><strong>Christum</strong></span> <span class='ocrx_word' id='word_1_727' title='bbox 2511 3369 2565 3423; x_wconf 90' lang='lat' dir='ltr'><strong>in</strong></span> <span class='ocrx_word' id='word_1_728' title='bbox 2600 3369 2818 3426; x_wconf 81' lang='lat' dir='ltr'><strong>homine</strong></span> <span class='ocrx_word' id='word_1_729' title='bbox 2856 3372 3222 3442; x_wconf 81' lang='lat' dir='ltr'><strong>inhabitasse,</strong></span> <span class='ocrx_word' id='word_1_730' title='bbox 3257 3379 3542 3432; x_wconf 86' lang='lat' dir='ltr'><strong>mundum-</strong></span> 
     </span>
    </p>
   </div>
   <div class='ocr_carea' id='block_1_91' title="bbox 1952 3459 3537 3533">
    <p class='ocr_par' dir='ltr' id='par_1_91' title="bbox 1952 3459 3537 3533">
     <span class='ocr_line' id='line_1_91' title="bbox 1952 3459 3537 3533; baseline 0.006 -20"><span class='ocrx_word' id='word_1_731' title='bbox 1952 3472 2059 3527; x_wconf 90' lang='lat' dir='ltr'><strong>que</strong></span> <span class='ocrx_word' id='word_1_732' title='bbox 2115 3459 2218 3514; x_wconf 90' lang='lat' dir='ltr'><strong>sibi</strong></span> <span class='ocrx_word' id='word_1_733' title='bbox 2257 3460 2684 3528; x_wconf 89' lang='lat' dir='ltr'><strong>reconciliasse;</strong></span> <span class='ocrx_word' id='word_1_734' title='bbox 2727 3463 2824 3518; x_wconf 90' lang='lat' dir='ltr'><strong>sed</strong></span> <span class='ocrx_word' id='word_1_735' title='bbox 2868 3464 3156 3533; x_wconf 88' lang='lat' dir='ltr'><strong>ipsummet</strong></span> <span class='ocrx_word' id='word_1_736' title='bbox 3214 3467 3380 3522; x_wconf 87' lang='lat' dir='ltr'><strong>Deum</strong></span> <span class='ocrx_word' id='word_1_737' title='bbox 3435 3469 3537 3523; x_wconf 85' lang='lat' dir='ltr'><strong>Pa-</strong></span> 
     </span>
    </p>
   </div>
   <div class='ocr_carea' id='block_1_92' title="bbox 1950 3549 3538 3615">
    <p class='ocr_par' dir='ltr' id='par_1_92' title="bbox 1950 3549 3538 3615">
     <span class='ocr_line' id='line_1_92' title="bbox 1950 3549 3538 3615; baseline 0.009 -14"><span class='ocrx_word' id='word_1_738' title='bbox 1950 3555 2088 3602; x_wconf 85' lang='lat' dir='ltr'><strong>trem</strong></span> <span class='ocrx_word' id='word_1_739' title='bbox 2119 3549 2172 3602; x_wconf 93' lang='lat' dir='ltr'><strong>in</strong></span> <span class='ocrx_word' id='word_1_740' title='bbox 2235 3549 2450 3606; x_wconf 88' lang='lat' dir='ltr'><strong>Christo</strong></span> <span class='ocrx_word' id='word_1_741' title='bbox 2498 3553 2758 3608; x_wconf 88' lang='lat' dir='ltr'><strong>mundum</strong></span> <span class='ocrx_word' id='word_1_742' title='bbox 2800 3554 2903 3610; x_wconf 88' lang='lat' dir='ltr'><strong>sibi</strong></span> <span class='ocrx_word' id='word_1_743' title='bbox 2936 3557 3398 3615; x_wconf 86' lang='lat' dir='ltr'><strong>reconciliavisse.</strong></span> <span class='ocrx_word' id='word_1_744' title='bbox 3452 3561 3538 3614; x_wconf 90' lang='lat' dir='ltr'><strong>Fi-</strong></span> 
     </span>
    </p>
   </div>
   <div class='ocr_carea' id='block_1_93' title="bbox 1951 3641 3534 3722">
    <p class='ocr_par' dir='ltr' id='par_1_93' title="bbox 1951 3641 3534 3722">
     <span class='ocr_line' id='line_1_93' title="bbox 1951 3641 3534 3722; baseline 0.008 -28"><span class='ocrx_word' id='word_1_745' title='bbox 1951 3641 2054 3696; x_wconf 90' lang='lat' dir='ltr'><strong>lius</strong></span> <span class='ocrx_word' id='word_1_746' title='bbox 2095 3657 2326 3712; x_wconf 89' lang='lat' dir='ltr'><strong>namque</strong></span> <span class='ocrx_word' id='word_1_747' title='bbox 2377 3654 2498 3714; x_wconf 90' lang='lat' dir='ltr'><strong>post</strong></span> <span class='ocrx_word' id='word_1_748' title='bbox 2529 3647 2823 3702; x_wconf 88' lang='lat' dir='ltr'><strong>humanam</strong></span> <span class='ocrx_word' id='word_1_749' title='bbox 2893 3660 3140 3704; x_wconf 89' lang='lat' dir='ltr'><strong>naturam</strong></span> <span class='ocrx_word' id='word_1_750' title='bbox 3202 3661 3534 3722; x_wconf 88' lang='lat' dir='ltr'><strong>assumptam</strong></span> 
     </span>
    </p>
   </div>
   <div class='ocr_carea' id='block_1_94' title="bbox 1949 3727 3532 3805">
    <p class='ocr_par' dir='ltr' id='par_1_94' title="bbox 1949 3727 3532 3805">
     <span class='ocr_line' id='line_1_94' title="bbox 1949 3727 3532 3805; baseline 0.007 -23"><span class='ocrx_word' id='word_1_751' title='bbox 1949 3727 2126 3784; x_wconf 75' lang='lat' dir='ltr'><strong>factus</strong></span> <span class='ocrx_word' id='word_1_752' title='bbox 2185 3741 2270 3786; x_wconf 90' lang='lat' dir='ltr'><strong>est</strong></span> <span class='ocrx_word' id='word_1_753' title='bbox 2334 3733 2640 3799; x_wconf 89' lang='lat' dir='ltr'><strong>mediator,</strong></span> <span class='ocrx_word' id='word_1_754' title='bbox 2713 3743 2770 3789; x_wconf 91' lang='lat' dir='ltr'><strong>et</strong></span> <span class='ocrx_word' id='word_1_755' title='bbox 2827 3737 2892 3790; x_wconf 91' lang='lat' dir='ltr'><strong>ad</strong></span> <span class='ocrx_word' id='word_1_756' title='bbox 2923 3752 3113 3805; x_wconf 90' lang='lat' dir='ltr'><strong>pacem</strong></span> <span class='ocrx_word' id='word_1_757' title='bbox 3185 3739 3532 3793; x_wconf 87' lang='lat' dir='ltr'><strong>obtinendam</strong></span> 
     </span>
    </p>
   </div>
   <div class='ocr_carea' id='block_1_95' title="bbox 1949 3821 3529 3898">
    <p class='ocr_par' dir='ltr' id='par_1_95' title="bbox 1949 3821 3529 3898">
     <span class='ocr_line' id='line_1_95' title="bbox 1949 3821 3529 3898; baseline 0.007 -25"><span class='ocrx_word' id='word_1_758' title='bbox 1949 3821 2354 3890; x_wconf 89' lang='lat' dir='ltr'><strong>quodammodo</strong></span> <span class='ocrx_word' id='word_1_759' title='bbox 2410 3825 2830 3890; x_wconf 87' lang='lat' dir='ltr'><strong>reconciliator,</strong></span> <span class='ocrx_word' id='word_1_760' title='bbox 2865 3842 2972 3882; x_wconf 89' lang='lat' dir='ltr'><strong>non</strong></span> <span class='ocrx_word' id='word_1_761' title='bbox 3025 3827 3184 3882; x_wconf 90' lang='lat' dir='ltr'><strong>alteri</strong></span> <span class='ocrx_word' id='word_1_762' title='bbox 3219 3829 3449 3898; x_wconf 87' lang='lat' dir='ltr'><strong>cuipiam</strong></span> <span class='ocrx_word' id='word_1_763' title='bbox 3477 3831 3529 3884; x_wconf 88' lang='lat' dir='ltr'><strong>in</strong></span> 
     </span>
    </p>
   </div>
   <div class='ocr_carea' id='block_1_96' title="bbox 1947 3911 3528 3991">
    <p class='ocr_par' dir='ltr' id='par_1_96' title="bbox 1947 3911 3528 3991">
     <span class='ocr_line' id='line_1_96' title="bbox 1947 3911 3528 3991; baseline 0.008 -27"><span class='ocrx_word' id='word_1_764' title='bbox 1947 3911 2149 3966; x_wconf 88' lang='lat' dir='ltr'><strong>mundo</strong></span> <span class='ocrx_word' id='word_1_765' title='bbox 2191 3913 2557 3970; x_wconf 81' lang='lat' dir='ltr'><strong>obedientiam</strong></span> <span class='ocrx_word' id='word_1_766' title='bbox 2593 3917 2919 3982; x_wconf 84' lang='lat' dir='ltr'><strong>concilians,</strong></span> <span class='ocrx_word' id='word_1_767' title='bbox 2957 3921 3051 3974; x_wconf 90' lang='lat' dir='ltr'><strong>sed</strong></span> <span class='ocrx_word' id='word_1_768' title='bbox 3084 3931 3143 3974; x_wconf 90' lang='lat' dir='ltr'><strong>ut</strong></span> <span class='ocrx_word' id='word_1_769' title='bbox 3206 3921 3260 3975; x_wconf 91' lang='lat' dir='ltr'><strong>in</strong></span> <span class='ocrx_word' id='word_1_770' title='bbox 3312 3923 3528 3991; x_wconf 86' lang='lat' dir='ltr'><strong>propria</strong></span> 
     </span>
    </p>
   </div>
   <div class='ocr_carea' id='block_1_97' title="bbox 1946 4003 3532 4079">
    <p class='ocr_par' dir='ltr' id='par_1_97' title="bbox 1946 4003 3532 4079">
     <span class='ocr_line' id='line_1_97' title="bbox 1946 4003 3532 4079; baseline 0.009 -24"><span class='ocrx_word' id='word_1_771' title='bbox 1946 4016 2176 4071; x_wconf 86' lang='lat' dir='ltr'><strong>persona</strong></span> <span class='ocrx_word' id='word_1_772' title='bbox 2209 4003 2316 4060; x_wconf 87' lang='lat' dir='ltr'><strong>Dco</strong></span> <span class='ocrx_word' id='word_1_773' title='bbox 2361 4005 2554 4062; x_wconf 88' lang='lat' dir='ltr'><strong>Patri:</strong></span> <span class='ocrx_word' id='word_1_774' title='bbox 2605 4009 3042 4079; x_wconf 83' lang='lat' dir='ltr'><strong>quandoquidem</strong></span> <span class='ocrx_word' id='word_1_775' title='bbox 3096 4011 3313 4068; x_wconf 89' lang='lat' dir='ltr'><strong>Christo</strong></span> <span class='ocrx_word' id='word_1_776' title='bbox 3343 4029 3532 4068; x_wconf 89' lang='lat' dir='ltr'><strong>recon-</strong></span> 
     </span>
    </p>
   </div>
   <div class='ocr_carea' id='block_1_98' title="bbox 1946 4094 3528 4175">
    <p class='ocr_par' dir='ltr' id='par_1_98' title="bbox 1946 4094 3528 4175">
     <span class='ocr_line' id='line_1_98' title="bbox 1946 4094 3528 4175; baseline 0.008 -28"><span class='ocrx_word' id='word_1_777' title='bbox 1946 4094 2117 4148; x_wconf 90' lang='lat' dir='ltr'><strong>ciliati</strong></span> <span class='ocrx_word' id='word_1_778' title='bbox 2140 4133 2155 4159; x_wconf 91' lang='lat'><strong>,</strong></span> <span class='ocrx_word' id='word_1_779' title='bbox 2188 4110 2288 4166; x_wconf 93' lang='lat' dir='ltr'><strong>per</strong></span> <span class='ocrx_word' id='word_1_780' title='bbox 2317 4097 2493 4167; x_wconf 90' lang='lat' dir='ltr'><strong>ipsum</strong></span> <span class='ocrx_word' id='word_1_781' title='bbox 2534 4108 2592 4154; x_wconf 92' lang='lat' dir='ltr'><strong>et</strong></span> <span class='ocrx_word' id='word_1_782' title='bbox 2620 4101 2671 4155; x_wconf 93' lang='lat' dir='ltr'><strong>in</strong></span> <span class='ocrx_word' id='word_1_783' title='bbox 2705 4101 2822 4172; x_wconf 88' lang='lat' dir='ltr'><strong>ipso</strong></span> <span class='ocrx_word' id='word_1_784' title='bbox 2847 4141 2862 4166; x_wconf 91' lang='lat'><strong>,</strong></span> <span class='ocrx_word' id='word_1_785' title='bbox 2915 4103 3024 4158; x_wconf 88' lang='lat' dir='ltr'><strong>Deo</strong></span> <span class='ocrx_word' id='word_1_786' title='bbox 3047 4119 3263 4175; x_wconf 89' lang='lat' dir='ltr'><strong>quoque</strong></span> <span class='ocrx_word' id='word_1_787' title='bbox 3287 4107 3528 4161; x_wconf 87' lang='lat' dir='ltr'><strong>omnium</strong></span> 
     </span>
    </p>
   </div>
   <div class='ocr_carea' id='block_1_99' title="bbox 1947 4183 3531 4255">
    <p class='ocr_par' dir='ltr' id='par_1_99' title="bbox 1947 4183 3531 4255">
     <span class='ocr_line' id='line_1_99' title="bbox 1947 4183 3531 4255; baseline 0.011 -18"><span class='ocrx_word' id='word_1_788' title='bbox 1947 4183 2215 4241; x_wconf 82' lang='lat' dir='ltr'><strong>Salvatori</strong></span> <span class='ocrx_word' id='word_1_789' title='bbox 2275 4191 2712 4246; x_wconf 87' lang='lat' dir='ltr'><strong>reconciliamur.</strong></span> <span class='ocrx_word' id='word_1_790' title='bbox 2763 4191 2901 4248; x_wconf 87' lang='lat' dir='ltr'><strong>Hinc</strong></span> <span class='ocrx_word' id='word_1_791' title='bbox 2936 4195 3110 4252; x_wconf 72' lang='lat' dir='ltr'><strong>illud:</strong></span> <span class='ocrx_word' id='word_1_792' title='bbox 3150 4215 3170 4248; x_wconf 70' lang='grc' dir='ltr'><strong>ι</strong></span> <span class='ocrx_word' id='word_1_793' title='bbox 3202 4196 3394 4253; x_wconf 81' lang='lat' dir='ltr'><strong>Venite</strong></span> <span class='ocrx_word' id='word_1_794' title='bbox 3465 4200 3531 4255; x_wconf 86' lang='lat' dir='ltr'><strong>ad</strong></span> 
     </span>
    </p>
   </div>
   <div class='ocr_carea' id='block_1_100' title="bbox 1945 4280 3530 4361">
    <p class='ocr_par' dir='ltr' id='par_1_100' title="bbox 1945 4280 3530 4361">
     <span class='ocr_line' id='line_1_100' title="bbox 1945 4280 3530 4361; baseline 0.011 -32"><span class='ocrx_word' id='word_1_795' title='bbox 1945 4289 2053 4342; x_wconf 91' lang='lat' dir='ltr'><strong>me,</strong></span> <span class='ocrx_word' id='word_1_796' title='bbox 2089 4291 2277 4333; x_wconf 88' lang='lat' dir='ltr'><strong>omnes</strong></span> <span class='ocrx_word' id='word_1_797' title='bbox 2319 4280 2412 4348; x_wconf 90' lang='lat' dir='ltr'><strong>qui</strong></span> <span class='ocrx_word' id='word_1_798' title='bbox 2440 4281 2702 4338; x_wconf 83' lang='lat' dir='ltr'><strong>laboratis</strong></span> <span class='ocrx_word' id='word_1_799' title='bbox 2749 4295 2803 4340; x_wconf 91' lang='lat' dir='ltr'><strong>et</strong></span> <span class='ocrx_word' id='word_1_800' title='bbox 2841 4288 3052 4341; x_wconf 86' lang='lat' dir='ltr'><strong>onerati</strong></span> <span class='ocrx_word' id='word_1_801' title='bbox 3109 4289 3264 4353; x_wconf 83' lang='lat' dir='ltr'><strong>estis,</strong></span> <span class='ocrx_word' id='word_1_802' title='bbox 3319 4299 3372 4343; x_wconf 91' lang='lat' dir='ltr'><strong>et</strong></span> <span class='ocrx_word' id='word_1_803' title='bbox 3429 4306 3530 4361; x_wconf 82' lang='lat' dir='ltr'><strong>ego</strong></span> 
     </span>
    </p>
   </div>
   <div class='ocr_carea' id='block_1_101' title="bbox 1949 4365 3530 4445">
    <p class='ocr_par' dir='ltr' id='par_1_101' title="bbox 1949 4365 3530 4445">
     <span class='ocr_line' id='line_1_101' title="bbox 1949 4365 3530 4445; baseline 0.009 -25"><span class='ocrx_word' id='word_1_804' title='bbox 1949 4365 2190 4420; x_wconf 78' lang='lat' dir='ltr'><strong>reﬁciam</strong></span> <span class='ocrx_word' id='word_1_805' title='bbox 2231 4382 2330 4424; x_wconf 88' lang='lat' dir='ltr'><strong>vos</strong></span> <span class='ocrx_word' id='word_1_806' title='bbox 2355 4369 2419 4420; x_wconf 82' lang='grc'><strong>⁸⁸.</strong></span> <span class='ocrx_word' id='word_1_807' title='bbox 2450 4387 2470 4422; x_wconf 76' lang='grc' dir='ltr'><strong>ι</strong></span> <span class='ocrx_word' id='word_1_808' title='bbox 2524 4371 2677 4437; x_wconf 86' lang='lat' dir='ltr'><strong>Quod</strong></span> <span class='ocrx_word' id='word_1_809' title='bbox 2712 4373 2747 4427; x_wconf 92' lang='lat' dir='ltr'><strong>ii</strong></span> <span class='ocrx_word' id='word_1_810' title='bbox 2803 4384 2982 4429; x_wconf 87' lang='lat' dir='ltr'><strong>autem</strong></span> <span class='ocrx_word' id='word_1_811' title='bbox 3029 4376 3119 4445; x_wconf 91' lang='lat' dir='ltr'><strong>qui</strong></span> <span class='ocrx_word' id='word_1_812' title='bbox 3167 4377 3233 4432; x_wconf 90' lang='lat' dir='ltr'><strong>ad</strong></span> <span class='ocrx_word' id='word_1_813' title='bbox 3289 4378 3438 4433; x_wconf 90' lang='lat' dir='ltr'><strong>illum</strong></span> <span class='ocrx_word' id='word_1_814' title='bbox 3472 4395 3530 4434; x_wconf 86' lang='lat' dir='ltr'><strong>se</strong></span> 
     </span>
    </p>
   </div>
   <div class='ocr_carea' id='block_1_102' title="bbox 1948 4455 3526 4536">
    <p class='ocr_par' dir='ltr' id='par_1_102' title="bbox 1948 4455 3526 4536">
     <span class='ocr_line' id='line_1_102' title="bbox 1948 4455 3526 4536; baseline 0.009 -27"><span class='ocrx_word' id='word_1_815' title='bbox 1948 4455 2285 4526; x_wconf 88' lang='lat' dir='ltr'><strong>adjungunt,</strong></span> <span class='ocrx_word' id='word_1_816' title='bbox 2369 4475 2475 4515; x_wconf 92' lang='lat' dir='ltr'><strong>non</strong></span> <span class='ocrx_word' id='word_1_817' title='bbox 2531 4461 2689 4518; x_wconf 86' lang='lat' dir='ltr'><strong>alteri</strong></span> <span class='ocrx_word' id='word_1_818' title='bbox 2749 4464 2981 4535; x_wconf 90' lang='lat' dir='ltr'><strong>cuipiam</strong></span> <span class='ocrx_word' id='word_1_819' title='bbox 3062 4469 3526 4536; x_wconf 88' lang='lat' dir='ltr'><strong>reconcilientur,</strong></span> 
     </span>
    </p>
   </div>
   <div class='ocr_carea' id='block_1_103' title="bbox 1948 4553 3528 4626">
    <p class='ocr_par' dir='ltr' id='par_1_103' title="bbox 1948 4553 3528 4626">
     <span class='ocr_line' id='line_1_103' title="bbox 1948 4553 3528 4626; baseline 0.009 -27"><span class='ocrx_word' id='word_1_820' title='bbox 1948 4560 2109 4616; x_wconf 89' lang='lat' dir='ltr'><strong>quam</strong></span> <span class='ocrx_word' id='word_1_821' title='bbox 2142 4561 2272 4604; x_wconf 87' lang='lat' dir='ltr'><strong>vero</strong></span> <span class='ocrx_word' id='word_1_822' title='bbox 2332 4553 2677 4624; x_wconf 88' lang='lat' dir='ltr'><strong>naturalique</strong></span> <span class='ocrx_word' id='word_1_823' title='bbox 2735 4554 2882 4621; x_wconf 88' lang='lat' dir='ltr'><strong>Deo,</strong></span> <span class='ocrx_word' id='word_1_824' title='bbox 2940 4557 3068 4611; x_wconf 91' lang='lat' dir='ltr'><strong>illud</strong></span> <span class='ocrx_word' id='word_1_825' title='bbox 3108 4557 3247 4611; x_wconf 87' lang='lat' dir='ltr'><strong>idem</strong></span> <span class='ocrx_word' id='word_1_826' title='bbox 3304 4559 3416 4626; x_wconf 88' lang='lat' dir='ltr'><strong>ipse</strong></span> <span class='ocrx_word' id='word_1_827' title='bbox 3443 4559 3528 4613; x_wconf 82' lang='lat' dir='ltr'><strong>bis</strong></span> 
     </span>
    </p>
   </div>
   <div class='ocr_carea' id='block_1_104' title="bbox 1946 4638 3528 4714">
    <p class='ocr_par' dir='ltr' id='par_1_104' title="bbox 1946 4638 3528 4714">
     <span class='ocr_line' id='line_1_104' title="bbox 1946 4638 3528 4714; baseline 0.007 -23"><span class='ocrx_word' id='word_1_828' title='bbox 1946 4638 2127 4694; x_wconf 88' lang='lat' dir='ltr'><strong>verbis</strong></span> <span class='ocrx_word' id='word_1_829' title='bbox 2197 4643 2540 4711; x_wconf 89' lang='lat' dir='ltr'><strong>perspicuum</strong></span> <span class='ocrx_word' id='word_1_830' title='bbox 2609 4645 2742 4699; x_wconf 78' lang='lat' dir='ltr'><strong>facit</strong></span> <span class='ocrx_word' id='word_1_831' title='bbox 2773 4664 2787 4676; x_wconf 87' lang='grc'><strong>·</strong></span> <span class='ocrx_word' id='word_1_832' title='bbox 2827 4663 2845 4696; x_wconf 75' lang='grc' dir='ltr'><strong>ι</strong></span> <span class='ocrx_word' id='word_1_833' title='bbox 2883 4645 3023 4711; x_wconf 87' lang='lat' dir='ltr'><strong>Qui,</strong></span> <span class='ocrx_word' id='word_1_834' title='bbox 3094 4646 3303 4714; x_wconf 87' lang='lat' dir='ltr'><strong>inquit,</strong></span> <span class='ocrx_word' id='word_1_835' title='bbox 3353 4648 3528 4702; x_wconf 86' lang='lat' dir='ltr'><strong>credit</strong></span> 
     </span>
    </p>
   </div>
   <div class='ocr_carea' id='block_1_105' title="bbox 1947 4728 3526 4805">
    <p class='ocr_par' dir='ltr' id='par_1_105' title="bbox 1947 4728 3526 4805">
     <span class='ocr_line' id='line_1_105' title="bbox 1947 4728 3526 4805; baseline 0.005 -21"><span class='ocrx_word' id='word_1_836' title='bbox 1947 4728 2002 4784; x_wconf 92' lang='lat' dir='ltr'><strong>in</strong></span> <span class='ocrx_word' id='word_1_837' title='bbox 2065 4744 2184 4794; x_wconf 89' lang='lat' dir='ltr'><strong>me,</strong></span> <span class='ocrx_word' id='word_1_838' title='bbox 2221 4746 2326 4786; x_wconf 92' lang='lat' dir='ltr'><strong>non</strong></span> <span class='ocrx_word' id='word_1_839' title='bbox 2357 4736 2529 4789; x_wconf 89' lang='lat' dir='ltr'><strong>credit</strong></span> <span class='ocrx_word' id='word_1_840' title='bbox 2560 4735 2612 4788; x_wconf 90' lang='lat' dir='ltr'><strong>in</strong></span> <span class='ocrx_word' id='word_1_841' title='bbox 2649 4750 2735 4789; x_wconf 90' lang='lat' dir='ltr'><strong>me</strong></span> <span class='ocrx_word' id='word_1_842' title='bbox 2761 4773 2777 4798; x_wconf 92' lang='lat'><strong>,</strong></span> <span class='ocrx_word' id='word_1_843' title='bbox 2809 4736 2903 4789; x_wconf 88' lang='lat' dir='ltr'><strong>sed</strong></span> <span class='ocrx_word' id='word_1_844' title='bbox 2970 4736 3022 4788; x_wconf 92' lang='lat' dir='ltr'><strong>in</strong></span> <span class='ocrx_word' id='word_1_845' title='bbox 3070 4751 3192 4790; x_wconf 88' lang='lat' dir='ltr'><strong>cum</strong></span> <span class='ocrx_word' id='word_1_846' title='bbox 3233 4737 3324 4805; x_wconf 90' lang='lat' dir='ltr'><strong>qui</strong></span> <span class='ocrx_word' id='word_1_847' title='bbox 3382 4737 3526 4792; x_wconf 88' lang='lat' dir='ltr'><strong>misit</strong></span> 
     </span>
    </p>
   </div>
   <div class='ocr_carea' id='block_1_106' title="bbox 1944 4821 3517 4896">
    <p class='ocr_par' dir='ltr' id='par_1_106' title="bbox 1944 4821 3517 4896">
     <span class='ocr_line' id='line_1_106' title="bbox 1944 4821 3517 4896; baseline 0.004 -23"><span class='ocrx_word' id='word_1_848' title='bbox 1944 4833 2050 4874; x_wconf 91' lang='lat' dir='ltr'><strong>me.</strong></span> <span class='ocrx_word' id='word_1_849' title='bbox 2093 4821 2158 4874; x_wconf 89' lang='lat' dir='ltr'><strong>Et</strong></span> <span class='ocrx_word' id='word_1_850' title='bbox 2197 4823 2288 4890; x_wconf 90' lang='lat' dir='ltr'><strong>qui</strong></span> <span class='ocrx_word' id='word_1_851' title='bbox 2321 4823 2465 4878; x_wconf 81' lang='lat' dir='ltr'><strong>videt</strong></span> <span class='ocrx_word' id='word_1_852' title='bbox 2494 4839 2612 4889; x_wconf 90' lang='lat' dir='ltr'><strong>me,</strong></span> <span class='ocrx_word' id='word_1_853' title='bbox 2648 4826 2792 4879; x_wconf 90' lang='lat' dir='ltr'><strong>videt</strong></span> <span class='ocrx_word' id='word_1_854' title='bbox 2821 4841 2944 4880; x_wconf 92' lang='lat' dir='ltr'><strong>eum</strong></span> <span class='ocrx_word' id='word_1_855' title='bbox 2991 4828 3080 4896; x_wconf 91' lang='lat' dir='ltr'><strong>qui</strong></span> <span class='ocrx_word' id='word_1_856' title='bbox 3136 4828 3283 4883; x_wconf 88' lang='lat' dir='ltr'><strong>misit</strong></span> <span class='ocrx_word' id='word_1_857' title='bbox 3312 4843 3394 4885; x_wconf 86' lang='lat' dir='ltr'><strong>me</strong></span> <span class='ocrx_word' id='word_1_858' title='bbox 3421 4831 3517 4883; x_wconf 75' lang='grc'><strong>⁸⁸.»</strong></span> 
     </span>
    </p>
   </div>
   <div class='ocr_carea' id='block_1_107' title="bbox 1945 4909 3521 4983">
    <p class='ocr_par' dir='ltr' id='par_1_107' title="bbox 1945 4909 3521 4983">
     <span class='ocr_line' id='line_1_107' title="bbox 1945 4909 3521 4983; baseline 0.01 -20"><span class='ocrx_word' id='word_1_859' title='bbox 1945 4909 2010 4963; x_wconf 86' lang='lat' dir='ltr'><strong>Et</strong></span> <span class='ocrx_word' id='word_1_860' title='bbox 2061 4926 2321 4968; x_wconf 86' lang='lat' dir='ltr'><strong>rursum:</strong></span> <span class='ocrx_word' id='word_1_861' title='bbox 2359 4931 2377 4965; x_wconf 81' lang='grc' dir='ltr'><strong>ι</strong></span> <span class='ocrx_word' id='word_1_862' title='bbox 2439 4914 2655 4971; x_wconf 87' lang='lat' dir='ltr'><strong>Credite</strong></span> <span class='ocrx_word' id='word_1_863' title='bbox 2711 4917 2764 4971; x_wconf 91' lang='lat' dir='ltr'><strong>in</strong></span> <span class='ocrx_word' id='word_1_864' title='bbox 2819 4915 3033 4983; x_wconf 88' lang='lat' dir='ltr'><strong>Deum,</strong></span> <span class='ocrx_word' id='word_1_865' title='bbox 3072 4928 3126 4974; x_wconf 91' lang='lat' dir='ltr'><strong>ct</strong></span> <span class='ocrx_word' id='word_1_866' title='bbox 3151 4919 3202 4974; x_wconf 90' lang='lat' dir='ltr'><strong>in</strong></span> <span class='ocrx_word' id='word_1_867' title='bbox 3255 4936 3342 4977; x_wconf 93' lang='lat' dir='ltr'><strong>me</strong></span> <span class='ocrx_word' id='word_1_868' title='bbox 3397 4935 3521 4977; x_wconf 86' lang='lat' dir='ltr'><strong>cre-</strong></span> 
     </span>
    </p>
   </div>
   <div class='ocr_carea' id='block_1_108' title="bbox 1941 5001 2169 5056">
    <p class='ocr_par' dir='ltr' id='par_1_108' title="bbox 1941 5001 2169 5056">
     <span class='ocr_line' id='line_1_108' title="bbox 1941 5001 2169 5056; baseline 0 -1"><span class='ocrx_word' id='word_1_869' title='bbox 1941 5001 2050 5056; x_wconf 90' lang='lat' dir='ltr'><strong>dite</strong></span> <span class='ocrx_word' id='word_1_870' title='bbox 2072 5003 2131 5055; x_wconf 79' lang='lat'><strong>&quot;.</strong></span> <span class='ocrx_word' id='word_1_871' title='bbox 2151 5021 2169 5055; x_wconf 71' lang='grc' dir='ltr'><strong>ι</strong></span> 
     </span>
    </p>
   </div>
   <div class='ocr_carea' id='block_1_109' title="bbox 2011 5088 3516 5168">
    <p class='ocr_par' dir='ltr' id='par_1_109' title="bbox 2011 5088 3516 5168">
     <span class='ocr_line' id='line_1_109' title="bbox 2011 5088 3516 5168; baseline 0.008 -24"><span class='ocrx_word' id='word_1_872' title='bbox 2011 5088 2196 5146; x_wconf 82' lang='lat' dir='ltr'><strong>XLIX.</strong></span> <span class='ocrx_word' id='word_1_873' title='bbox 2230 5110 2249 5145; x_wconf 82' lang='grc' dir='ltr'><strong>ι</strong></span> <span class='ocrx_word' id='word_1_874' title='bbox 2285 5098 2466 5163; x_wconf 76' lang='lat' dir='ltr'><strong>Pater,</strong></span> <span class='ocrx_word' id='word_1_875' title='bbox 2497 5098 2644 5152; x_wconf 80' lang='lat' dir='ltr'><strong>venit</strong></span> <span class='ocrx_word' id='word_1_876' title='bbox 2672 5097 2826 5163; x_wconf 90' lang='lat' dir='ltr'><strong>hora,</strong></span> <span class='ocrx_word' id='word_1_877' title='bbox 2861 5099 3094 5154; x_wconf 86' lang='lat' dir='ltr'><strong>clarilica</strong></span> <span class='ocrx_word' id='word_1_878' title='bbox 3121 5098 3314 5155; x_wconf 87' lang='lat' dir='ltr'><strong>Filium</strong></span> <span class='ocrx_word' id='word_1_879' title='bbox 3348 5109 3516 5168; x_wconf 91' lang='lat' dir='ltr'><strong>tuum,</strong></span> 
     </span>
    </p>
   </div>
   <div class='ocr_carea' id='block_1_110' title="bbox 1936 5183 3515 5254">
    <p class='ocr_par' dir='ltr' id='par_1_110' title="bbox 1936 5183 3515 5254">
     <span class='ocr_line' id='line_1_110' title="bbox 1936 5183 3515 5254; baseline 0.01 -19"><span class='ocrx_word' id='word_1_880' title='bbox 1936 5190 1996 5236; x_wconf 90' lang='lat' dir='ltr'><strong>ut</strong></span> <span class='ocrx_word' id='word_1_881' title='bbox 2039 5192 2095 5238; x_wconf 92' lang='lat' dir='ltr'><strong>et</strong></span> <span class='ocrx_word' id='word_1_882' title='bbox 2147 5183 2316 5242; x_wconf 86' lang='lat' dir='ltr'><strong>Filius</strong></span> <span class='ocrx_word' id='word_1_883' title='bbox 2388 5197 2514 5246; x_wconf 85' lang='lat' dir='ltr'><strong>tuus</strong></span> <span class='ocrx_word' id='word_1_884' title='bbox 2552 5190 2838 5254; x_wconf 69' lang='lat' dir='ltr'><strong>,clariﬂcet</strong></span> <span class='ocrx_word' id='word_1_885' title='bbox 2881 5201 2952 5248; x_wconf 93' lang='lat' dir='ltr'><strong>te.</strong></span> <span class='ocrx_word' id='word_1_886' title='bbox 3010 5193 3162 5248; x_wconf 88' lang='lat' dir='ltr'><strong>Sicut</strong></span> <span class='ocrx_word' id='word_1_887' title='bbox 3218 5193 3412 5248; x_wconf 81' lang='lat' dir='ltr'><strong>dedisti</strong></span> <span class='ocrx_word' id='word_1_888' title='bbox 3465 5195 3515 5251; x_wconf 91' lang='lat' dir='ltr'><strong>ei</strong></span> 
     </span>
    </p>
   </div>
   <div class='ocr_carea' id='block_1_111' title="bbox 1937 5280 3512 5354">
    <p class='ocr_par' dir='ltr' id='par_1_111' title="bbox 1937 5280 3512 5354">
     <span class='ocr_line' id='line_1_111' title="bbox 1937 5280 3512 5354; baseline 0.01 -28"><span class='ocrx_word' id='word_1_889' title='bbox 1937 5280 2258 5340; x_wconf 87' lang='lat' dir='ltr'><strong>potestatem</strong></span> <span class='ocrx_word' id='word_1_890' title='bbox 2295 5280 2473 5336; x_wconf 90' lang='lat' dir='ltr'><strong>omnis</strong></span> <span class='ocrx_word' id='word_1_891' title='bbox 2502 5281 2714 5345; x_wconf 87' lang='lat' dir='ltr'><strong>carnis,</strong></span> <span class='ocrx_word' id='word_1_892' title='bbox 2752 5291 2810 5337; x_wconf 92' lang='lat' dir='ltr'><strong>ut</strong></span> <span class='ocrx_word' id='word_1_893' title='bbox 2839 5298 3000 5338; x_wconf 92' lang='lat' dir='ltr'><strong>omne</strong></span> <span class='ocrx_word' id='word_1_894' title='bbox 3045 5285 3186 5354; x_wconf 92' lang='lat' dir='ltr'><strong>quod</strong></span> <span class='ocrx_word' id='word_1_895' title='bbox 3214 5283 3410 5341; x_wconf 82' lang='lat' dir='ltr'><strong>dedisti</strong></span> <span class='ocrx_word' id='word_1_896' title='bbox 3440 5287 3512 5354; x_wconf 91' lang='lat' dir='ltr'><strong>ei,</strong></span> 
     </span>
    </p>
   </div>
   <div class='ocr_carea' id='block_1_112' title="bbox 1938 5364 3509 5447">
    <p class='ocr_par' dir='ltr' id='par_1_112' title="bbox 1938 5364 3509 5447">
     <span class='ocr_line' id='line_1_112' title="bbox 1938 5364 3509 5447; baseline 0.008 -28"><span class='ocrx_word' id='word_1_897' title='bbox 1938 5364 2028 5420; x_wconf 88' lang='lat' dir='ltr'><strong>det</strong></span> <span class='ocrx_word' id='word_1_898' title='bbox 2051 5365 2131 5422; x_wconf 92' lang='lat' dir='ltr'><strong>eis</strong></span> <span class='ocrx_word' id='word_1_899' title='bbox 2175 5368 2342 5424; x_wconf 90' lang='lat' dir='ltr'><strong>vitam</strong></span> <span class='ocrx_word' id='word_1_900' title='bbox 2385 5374 2730 5428; x_wconf 73' lang='lat' dir='ltr'><strong>aeternam&quot;.</strong></span> <span class='ocrx_word' id='word_1_901' title='bbox 2761 5391 2781 5427; x_wconf 78' lang='grc' dir='ltr'><strong>ι</strong></span> <span class='ocrx_word' id='word_1_902' title='bbox 2822 5372 3130 5432; x_wconf 87' lang='lat' dir='ltr'><strong>Advocatus</strong></span> <span class='ocrx_word' id='word_1_903' title='bbox 3167 5383 3222 5432; x_wconf 87' lang='lat' dir='ltr'><strong>et</strong></span> <span class='ocrx_word' id='word_1_904' title='bbox 3250 5375 3509 5447; x_wconf 83' lang='lat' dir='ltr'><strong>propitia-</strong></span> 
     </span>
    </p>
   </div>
   <div class='ocr_carea' id='block_1_113' title="bbox 1982 5541 3510 5620">
    <p class='ocr_par' dir='ltr' id='par_1_113' title="bbox 1982 5541 3510 5620">
     <span class='ocr_line' id='line_1_113' title="bbox 1982 5541 3510 5620; baseline 0.01 -23"><span class='ocrx_word' id='word_1_905' title='bbox 1982 5541 2023 5574; x_wconf 81' lang='lat'><strong>&quot;</strong></span> <span class='ocrx_word' id='word_1_906' title='bbox 2059 5541 2102 5598; x_wconf 91' lang='lat' dir='ltr'><strong>Il</strong></span> <span class='ocrx_word' id='word_1_907' title='bbox 2125 5541 2249 5600; x_wconf 89' lang='lat' dir='ltr'><strong>Cor.</strong></span> <span class='ocrx_word' id='word_1_908' title='bbox 2284 5560 2334 5614; x_wconf 91' lang='lat' dir='ltr'><strong>v,</strong></span> <span class='ocrx_word' id='word_1_909' title='bbox 2371 5546 2457 5604; x_wconf 87' lang='lat' dir='ltr'><strong>I9.</strong></span> <span class='ocrx_word' id='word_1_910' title='bbox 2565 5547 2608 5580; x_wconf 82' lang='lat'>&quot;</span> <span class='ocrx_word' id='word_1_911' title='bbox 2636 5547 2825 5606; x_wconf 82' lang='lat' dir='ltr'><strong>Mtttb.</strong></span> <span class='ocrx_word' id='word_1_912' title='bbox 2857 5566 2934 5620; x_wconf 82' lang='lat' dir='ltr'><strong>xi,</strong></span> <span class='ocrx_word' id='word_1_913' title='bbox 2963 5550 3056 5608; x_wconf 72' lang='lat'><strong>28.</strong></span> <span class='ocrx_word' id='word_1_914' title='bbox 3137 5553 3178 5586; x_wconf 85' lang='lat'>&quot;</span> <span class='ocrx_word' id='word_1_915' title='bbox 3211 5552 3363 5612; x_wconf 83' lang='lat' dir='ltr'><strong>Joan.</strong></span> <span class='ocrx_word' id='word_1_916' title='bbox 3407 5568 3510 5618; x_wconf 81' lang='lat' dir='ltr'><strong>xu.</strong></span> 
     </span>
    </p>
   </div>
  </div>
