3952 6200
437 248 574 305 1405

1432 250 1492 308 S.
1524 250 1801 311 CYRILLI
1836 248 2308 313 ALEXANDRINI
2337 248 2665 310 ARCHIEI‘.

3547 252 3667 309 14οἱ

431 378 521 422 tor
574 366 874 439 appellatur
924 365 1095 423 Filius
1114 367 1180 421 “.
1216 365 1335 436 Ipse
1379 368 1523 424 enim
1557 370 1867 428 hominibus
1906 386 1989 428 cna

2116 368 2208 423 καὶ
2242 368 2556 441 ἱλαστήριον
2602 373 2631 424 6
2672 371 2800 436 Υἱὸς
2841 369 3170 441 ὠνόμασται.
3216 368 3527 442 Καθίστησι
3571 371 3668 443 γὰρ

431 465 622 513 testem
682 459 896 514 Patrem
976 459 1292 515 benevolum
1343 463 1736 533 propitinmque
1787 466 2004 529 reddit,

432 559 594 617 atque
635 549 757 604 ideo
788 550 1027 604 omnium
1073 551 1333 606 bonorum
1369 555 1523 608 nobis
1556 565 1743 611 auctor
1775 565 1876 611 est.
1914 557 2009 612 Ve-

433 651 736 694 rumtamen
812 641 1161 710 inquisitione
1200 642 1421 712 dignum
1455 655 1574 712 est,
1627 661 1861 715 quanam
1913 663 2003 703 ra-

430 730 576 785 tione
610 730 767 785 l’ater
796 731 1054 800 gloriﬁcet
1086 732 1276 787 Filium
1324 744 1378 789 et
1425 734 1593 792 Filius
1624 737 1859 793 vicissim
1887 738 2004 808 glo-

431 821 605 877 ril'lcet
645 822 881 878 Patrem.
912 824 1003 878 Ait
1030 840 1160 895 ergo
1194 827 1479 883 advenisse
1527 829 1747 897 horam,
1781 832 1882 885 hoc
1921 839 2006 887 est

432 922 674 983 tempus,
734 915 786 968 in
836 932 943 985 quo
970 916 1144 986 ipsum
1179 918 1335 987 plane
1371 934 1470 990 pro
1510 922 1693 993 mundi
1744 923 1853 976 vita
1882 937 2006 977 cru-

427 1001 510 1055 cis
548 1002 868 1071 supplicium
901 1005 1086 1060 subire
1133 1016 1432 1077 oporteret.
1483 1009 1588 1064 Par
1612 1020 1729 1066 erat
1776 1021 1958 1067 autem
1983 1054 2000 1081 ,

427 1102 488 1145 ut
531 1091 690 1147 Pater
731 1092 922 1148 Filium
953 1111 1051 1165 per
1079 1099 1526 1155 resurrectionem
1553 1115 1621 1155 ex
1649 1102 1873 1156 mortuis
1897 1101 2006 1168 glo-

428 1183 702 1252 rificaret,
755 1186 966 1256 sibique
1010 1191 1526 1247 consubstantialem
1581 1200 1638 1248 et
1681 1192 1951 1247 vivilicum
1982 1231 2000 1258 ,

423 1284 478 1328 et
532 1286 706 1332 morte
755 1281 1124 1347 superiorem,
1169 1292 1224 1337 et
1272 1290 1517 1338 naturam
1571 1298 1601 1338 a
1657 1286 2003 1354 corruptione

423 1366 653 1421 alienam
686 1370 935 1424 sortitum
990 1372 1226 1428 evidenti
1293 1374 1601 1431 testimonio
1655 1376 2002 1432 demonstra-

425 1466 528 1509 ret.
564 1456 704 1522 Quin
737 1459 853 1528 ipse
908 1475 1122 1532 quoque
1155 1464 1315 1519 Pater
1363 1465 1465 1520 hoc
1497 1466 1614 1535 ipso
1642 1467 1999 1537 gloriﬁcatur,

421 1548 566 1613 quod
598 1546 794 1602 Filium
847 1550 1040 1607 decore
1065 1592 1082 1618 ,
1138 1554 1342 1623 gloria,
1378 1558 1724 1625 potentiaque
1756 1558 1860 1613 sibi
1906 1572 2002 1627 per

420 1637 605 1692 omnia
637 1640 870 1695 similem
905 1642 1119 1699 habeat.
1154 1647 1333 1713 Atque
1360 1647 1501 1702 istud
1534 1648 1739 1717 liquido
1763 1651 2000 1705 ostendit

2088 459 2225 520 ,τοῖς
2253 457 2349 510 ἐπὶ
2384 459 2484 530 τῆς
2516 458 2621 529 γῆς
2665 459 2870 530 εὐμενῆ
2915 457 3008 513 τὸν
3054 459 3297 531 Πατέρα,
3344 460 3439 513 καὶ
3484 461 3666 524 παντὸς

2113 549 2246 618 ἡμῖν
2270 547 2584 619 εὑρίσκεται
2608 550 2867 621 πρόξενος
2895 549 3122 619 ἀγαθοῦ.
3153 549 3300 621 Πλὴν
3325 551 3502 604 ἐκεῖνο
3522 568 3672 606 κατα-

2113 637 2425 710 θρήσωμεν,
2451 640 2569 703 πῶς
2600 640 2666 694 ἂν
2693 640 2967 706 δοξάσειεν
2999 643 3027 694 6
3064 639 3253 712 Πατὴρ
3281 640 3373 695 τὸν
3412 640 3560 708 raw,
3589 642 3670 697 δο-

2111 726 2440 799 ξασθήσεται
2488 730 2544 782 δὲ
2575 731 2668 784 καὶ
2702 732 2863 795 αὑτὸς
2910 731 3041 803 παρ’
3088 731 3253 785 αὑτοῦ
3294 731 3415 784 τίνα
3456 733 3668 802 τρόπον.

2113 819 2322 873 Οὐκοῦν
2364 820 2464 892 τὴν
2518 820 2691 892 ὦραν,
2746 823 2913 893 ἤγουν
2965 822 3055 877 τὸν
3113 822 3307 894 καιρὸν
3366 823 3670 893 ἐληλυθέναί

2110 912 2267 981 φησι,
2295 910 2417 965 καθ’
2446 912 2505 965 ὃν
2550 913 2658 966 ἔδει
2694 915 2912 977 πάντως
2939 915 3104 967 αὑτὸν
3137 913 3228 967 τὸν
3267 913 3406 985 ὑπὲρ
3445 914 3541 984 τῆς
3576 913 3670 969 τοῦ

2111 1000 2316 1072 κόσμου
2350 1000 2495 1072 ζωῆς
2524 1002 2817 1071 ὑπομεῖναι
2845 1002 3078 1074 σταυρόν
3096 1018 3110 1031 ·
3141 1001 3256 1055 ἀλλ’
3282 997 3350 1074 ἦν
3383 1002 3671 1069 ἀναγκαῖον

2107 1092 2426 1160 δοξάζεσθαι
2466 1093 2556 1148 τὸν
2582 1094 2711 1148 Υίδν
2742 1094 2891 1163 παρὰ
2934 1094 3029 1147 τοῦ
3060 1093 3291 1166 Πατρὸς,
3325 1094 3418 1146 καὶ
3452 1091 3539 1145 διὰ
3579 1094 3672 1163 τῆς

2109 1185 2175 1237 ὲκ
2200 1185 2409 1257 νεκρῶν
2455 1186 2804 1249 ἀναστάσεως
2844 1185 3291 1257 μαρτυρούμενον
3317 1185 3400 1237 ὅτι
3440 1182 3499 1236 τέ
3532 1183 3670 1236 ἐστιν

2107 1275 2393 1347 ὁμοούσιος
2419 1275 2568 1347 αὑτῷ
2590 1279 2682 1331 καὶ
2702 1276 2984 1343 ξωοποιδς,
3011 1278 3103 1331 καὶ
3126 1275 3359 1330 θανάτου
3390 1274 3667 1346 κρείττων,

2108 1367 2203 1420 καὶ
2250 1368 2455 1439 φθορᾶς
2490 1368 2701 1437 ἀμείνω
2751 1367 2847 1439 τὴν
2895 1368 3060 1436 φύσιν
3100 1365 3525 1437 διεκληρώσατο,
3565 1365 3669 1419 Καὶ

2105 1457 2387 1525 δοξάζεται
2404 1459 2469 1513 es
2490 1460 2586 1513 καὶ
2615 1460 2779 1523 αὐτὸς
2805 1461 2834 1515 6
2862 1459 3070 1530 Πατὴρ,
3098 1458 3173 1524 ὡς
3194 1458 3335 1529 ἔχων
3360 1458 3490 1511 Υίδν
3534 1456 3671 1512 κατὰ

2106 1551 2218 1603 πᾶν
2233 1548 2413 1604 ὁτιοῦν
2430 1551 2646 1606 ἐοικότα
2662 1568 2718 1605 τε
2736 1552 2828 1605 καὶ
2847 1550 3065 1605 ίσοκλεᾶ
3082 1551 3178 1604 καὶ
3200 1552 3313 1630 ideo
3324 1549 3453 1621 ργδν
3478 1547 3668 1620 ἑαυτῷ.

2104 1643 2216 1697 Καὶ
2244 1641 2404 1695 τοῦτο
2432 1641 2670 1712 δέδειχεν
2699 1645 2727 1696 6
2757 1641 2882 1706 Υἱὸς
2912 1642 3270 1712 καταργήσας
3297 1640 3389 1693 τὸν
3424 1640 3669 1707 θάνατον,

420 1726 620 1796 Filius,
648 1744 769 1785 eum
821 1733 1010 1789 mortis
1043 1734 1269 1806 imperio
1297 1738 1552 1794 demolito
1576 1778 1595 1804 ,
1643 1755 1800 1793 suum
1826 1740 1989 1810 ipsius

2103 1735 2195 1788 καὶ
2225 1734 2539 1805 ἀναστήσας
2566 1734 2631 1787 ὲκ
2659 1733 2868 1807 νεκρῶν
2909 1733 3000 1786 τὸν
3030 1732 3226 1787 ἑαυτοῦ
3268 1732 3415 1786 ναόν.
3451 1732 3670 1802 Δέχεται

421 1820 676 1889 templum
738 1837 768 1877 a
826 1825 1049 1879 mortuis
1093 1828 1469 1883 exsuscitavit.
1515 1828 1998 1887 Verumentmvero

418 1909 544 1965 licet
593 1922 652 1967 ut
712 1914 870 1969 homo
897 1914 985 1983 jus
1047 1926 1480 1988 potestatemque
1522 1919 1576 1976 in
1623 1935 1813 1976 omnes
1837 1936 1996 1977 acce-

420 2003 565 2071 pisse
618 2005 1005 2072 perhibeatur,
1076 2016 1136 2062 ut
1181 2008 1322 2064 Deus
1364 2019 1552 2090 tamen
1591 2011 1862 2067 universis
1911 2026 2000 2066 re-

422 2109 537 2146 rum
579 2096 788 2151 naturis
838 2097 1083 2153 absolute
1130 2100 1530 2156 dominabatur.
1565 2101 1727 2157 Pater
1778 2117 1993 2158 rursum

419 2184 482 2238 iis
531 2185 621 2253 qui
659 2185 797 2241 Filio
830 2186 941 2241 dati
986 2198 1115 2244 sunt
1141 2191 1306 2245 vitam
1338 2201 1591 2247 a-ternam
1644 2194 1993 2263 impertitur:

414 2282 471 2325 at
518 2272 610 2351 ille
660 2274 873 2329 interim
898 2285 980 2331 est
1031 2277 1390 2348 illaipsamet
1422 2281 1549 2334 vita.
1583 2281 1742 2351 17o
1788 2299 1808 2333 ι
1842 2283 1993 2354 Ego,

412 2362 633 2432 inquit,
678 2379 801 2419 sum
857 2367 1189 2423 resurrectio
1243 2378 1297 2423 et
1344 2370 1580 2423 vita".o
1634 2371 1813 2438 Quare
1867 2368 2009 2427 licet

414 2455 640 2524 gloriam
684 2464 738 2512 et
776 2472 1001 2526 regnum
1030 2499 1048 2526 ,
1078 2470 1132 2515 et
1161 2475 1324 2530 super
1371 2476 1560 2518 omnes
1593 2472 1648 2517 et
1685 2465 1863 2518 omnia
1898 2479 1995 2533 po-

416 2556 665 2604 testatem
697 2552 973 2619 accepisse
1023 2551 1281 2617 dicatus;
1328 2554 1432 2610 hoc
1477 2555 1774 2610 tamen‘ad
1810 2554 1993 2611 incar-

413 2641 646 2697 nationis
691 2643 1057 2699 conditionem
1099 2652 1184 2702 est
1246 2646 1610 2704 referendum.
1644 2648 1864 2704 Certum
1909 2659 1993 2703 est

408 2732 555 2789 enim
612 2732 838 2799 Filium,
870 2744 927 2790 ut
987 2734 1131 2792 Deus
1156 2747 1279 2803 est,
1331 2747 1388 2791 et
1435 2736 1619 2803 gloria:
1673 2737 1988 2808 Dominum,

410 2830 466 2874 et
508 2822 696 2877 eadem
750 2839 872 2879 cum
930 2823 1090 2881 Patre
1142 2826 1426 2896 majestate
1493 2828 1775 2893 praeditum
1826 2842 1986 2895 esse;

410 2926 625 2982 neque,
673 2916 814 2985 quod
853 2916 1069 2985 quidem
1114 2919 1180 2973 ad
1235 2920 1533 2975 divinitatis
1572 2927 1819 2973 naturam
1866 2932 1989 2988 spe-

408 3013 543 3070 ctat,
576 3003 752 3062 Patris
794 3007 964 3077 gloria
998 3020 1054 3065 et
1085 3010 1376 3067 eminentia
1417 3010 1520 3065 ulla
1555 3026 1620 3067 ex
1661 3019 1813 3080 parte
1847 3008 1987 3064 infe-

2099 1826 2155 1879 δὲ
2191 1826 2291 1898 τὴν
2327 1826 2471 1879 κατὰ
2506 1825 2725 1879 πάντων
2755 1823 3003 1889 ἐξουσίαν
3024 1863 3039 1889 ,
3083 1824 3204 1878 καθ’
3238 1824 3387 1895 ἡμᾶς
3411 1823 3475 1892 δὴ
3508 1822 3671 1875 πάλιν

2102 1915 2194 1968 καὶ
2217 1913 2572 1986 ἀνθρωπίνως
2590 1929 2601 1941 ·
2623 1912 2800 1967 καίτοι
2831 1911 3134 1984 βασιλεύων
3164 1913 3273 1964 τῶν
3294 1912 3429 1964 ὅλων
3452 1909 3667 1973 θεῐκῶς.

2098 2007 2209 2061 Καὶ
2241 2006 2415 2076 ἐνίησι
2471 2007 2567 2078 μὲν
2601 2007 2629 2058 6
2674 2005 2865 2076 Πατὴρ
2897 2006 3009 2067 τοῖς
3062 2004 3263 2059 δοθεῖσι
3305 2001 3383 2073 τῷ
3413 2002 3529 2072 Υίῴ
3574 2002 3670 2071 τὴν

2099 2093 2242 2164 ζωὴν
2273 2095 2374 2165 τὴν
2403 2094 2652 2148 αἰώνιον·
2697 2092 2836 2165 αὕτη
2876 2092 2935 2146 δέ
2978 2093 3126 2145 ἐστιν
3166 2091 3328 2155 αὐτός
3353 2107 3367 2121 ’
3401 2091 3507 2162 ἔφη
3533 2092 3669 2161 γάρ’

2103 2203 2122 2236 ι
2180 2184 2320 2253 Ἐγώ
2350 2186 2465 2254 εἰμι
2495 2187 2529 2254 ἡ
2559 2185 2856 2248 ἀνάστασις
2882 2185 2978 2238 καὶ
3009 2186 3043 2256 ή
3078 2184 3211 2254 ζωή.
3241 2201 3260 2233 ι
3311 2182 3528 2236 Οὐκοῦν
3571 2182 3669 2236 κᾶν

2095 2277 2145 2329 εἰ
2174 2276 2385 2345 λέγοιτο
2426 2276 2609 2330 λαϐεῖν
2643 2276 2793 2349 παρὰ
2827 2275 2921 2329 τοῦ
2966 2275 3177 2347 Πατρδς
3224 2273 3381 2342 δόξαν
3431 2273 3528 2327 καὶ
3574 2273 3668 2342 τὴν

2095 2367 2238 2421 κατὰ
2269 2367 2487 2420 πάντων
2527 2365 2777 2434 ἐξουσίαν
2800 2383 2860 2420 τε
2899 2366 2996 2420 καὶ
3041 2364 3340 2437 βασιλείαν,
3382 2365 3668 2418 ἀναθετέον

2098 2458 2197 2528 μὲν
2226 2456 2287 2510 τὸ
2334 2457 2520 2510 λαϐεῖν
2554 2460 2668 2521 τοῖς
2703 2457 2801 2527 τῆς
2847 2454 3137 2521 κενώσεως
3174 2456 3423 2528 μέτροις.
3480 2458 3667 2510 Ίστέον

2093 2548 2171 2613 δὲ,
2204 2548 2286 2602 ὅτι
2312 2549 2409 2601 καὶ
2445 2548 2542 2619 τῆς
2573 2547 2730 2619 δόξης
2759 2549 2877 2602 ἐστὶ
2905 2548 3107 2621 Κύριος
3134 2548 3210 2612 ὡς
3233 2548 3386 2614 Θεὸς,
3421 2549 3517 2603 καὶ
3545 2549 3671 2602 σύν-

2095 2640 2283 2712 θρόνος
2307 2639 2386 2710 τῷ
2416 2639 2592 2711 Πατρὶ
2617 2640 2711 2692 καὶ
2736 2640 2856 2694 κατ’
2879 2640 3072 2694 οὐδένα
3092 2640 3292 2711 τρόπον
3321 2640 3669 2712 μειονεκτού-

2094 2748 2260 2803 μενος
2285 2732 2385 2800 τῆς
2404 2729 2498 2784 τοῦ
2522 2730 2772 2795 τεκόντος
2800 2730 2963 2784 αὑτὸν
2983 2731 3257 2804 ὑπεροχῆς
3285 2748 3342 2784 τε
3373 2732 3463 2785 καὶ
3480 2731 3667 2801 δόξης,

2090 2825 2150 2878 τό
2194 2840 2258 2893 γε
2295 2818 2429 2895 ἧκον
2474 2824 2555 2887 εἰς
2591 2826 2690 2894 τὴν
2723 2823 2823 2895 τῆς
2862 2822 3115 2895 θεότητος
3162 2824 3340 2893 φύσιν.
3390 2823 3668 2891 Ἐσόμεθα

2093 2913 2203 2984 γὰρ
2234 2911 2409 2977 οὑτως
2442 2913 2708 2980 εὐσεϐεῖς,
2753 2914 3184 2985 περιτρέποντες
3237 2915 3337 2967 πᾶν
3365 2913 3542 2983 νόημα
3579 2915 3667 2976 εἰς

2089 3004 2188 3074 τὴν
2221 3004 2470 3074 ὑπακοὴν
2514 3003 2702 3067 αὑτοῦ,
2749 3004 2844 3057 καὶ
2901 3006 3199 3076 λογισμοὺς
3249 3003 3675 3074 καθαιροῦντες,

410 3098 606 3151 riorem
637 3112 782 3155 esse.
836 3099 918 3154 Ad
952 3100 1095 3157 hunc
1164 3102 1347 3171 itaque
1395 3100 1984 3171 modumlemuparati,

2094 3112 2115 3145 ι
2149 3095 2243 3147 καὶ
2269 3094 2377 3147 πᾶν
2424 3090 2625 3165 ὕψωμα
2663 3094 3026 3166 ἐπαιρόμενον
3078 3096 3223 3150 κατὰ
3272 3094 3375 3164 τῆς
3401 3093 3656 3163 γνώσεως

306 3200 307 3203 ‘
408 3198 464 3241 et
509 3187 581 3258 pii
610 3190 858 3257 erimus,
907 3200 963 3246 et
994 3206 1207 3248 omnem
1262 3192 1593 3249 intellectum
1658 3194 1713 3248 in
1780 3192 1983 3247 Christi

2090 3184 2277 3241 αὑτοῦ.
2310 3204 2329 3238 ι

405 3276 724 3347 obsequium
773 3289 1148 3336 convertentes
1175 3319 1193 3346 ,
1240 3291 1297 3337 et
1336 3296 1527 3339 omnes
1578 3281 1980 3352 cogitationes,
2028 3297 2048 3331 ι
2085 3290 2408 3347 omnemque
2446 3275 2783 3331 altitudinem
2830 3285 3019 3333 contra
3088 3277 3185 3335 Dei
3234 3278 3502 3335 screntiam
3532 3293 3665 3335 sese

405 3369 751 3425 extollentem
798 3380 1103 3427 evertentes
1122 3374 1211 3426 ²³⁶.
1238 3389 1258 3424 ι

476 3461 541 3519 L.
571 3482 589 3515 ι
626 3464 855 3518 Dextera
906 3464 1071 3533 igitur
1128 3464 1221 3520 Dei
1278 3466 1577 3534 exaltatus,
1637 3475 1693 3524 et
1746 3470 1982 3540 promis-

405 3552 616 3607 sionem
670 3553 904 3622 Spiritus
951 3556 1126 3610 sancti
1165 3557 1438 3626 accipiens
1475 3573 1504 3612 a
1550 3557 1743 3623 Patre,
1794 3560 1982 3617 ell'udit

406 3643 512 3699 hoc
539 3682 557 3709 ,
593 3648 739 3714 quod
782 3659 877 3700 vos
910 3646 1105 3702 videtis
1136 3656 1192 3701 et
1236 3649 1454 3704 auditis.
1505 3648 1621 3705 Non
1670 3650 1814 3706 enim
1866 3651 1976 3706 Da-

408 3736 498 3791 vid
534 3738 779 3792 ascendit
821 3738 874 3794 in
923 3738 1163 3805 cmlum;
1225 3740 1355 3799 dicit
1391 3748 1570 3796 autem
1621 3741 1735 3810 ipse
1769 3760 1785 3797 :
1836 3743 1980 3798 Dixit

403 3826 662 3884 Dominus
697 3830 923 3884 Domino
973 3845 1093 3885 meo
1132 3848 1145 3886 :
1174 3829 1317 3887 Sede
1353 3847 1382 3886 a
1438 3832 1642 3888 dextris
1679 3834 1851 3899 meis,
1883 3836 1976 3890 do-

404 3934 506 3975 nec
564 3936 762 3991 ponam
818 3922 1067 3978 inimicos
1115 3932 1233 3978 tuos
1282 3924 1573 3981 scabellum
1624 3926 1818 3995 pedum
1863 3936 1983 3983 tuo-

403 4025 523 4065 rum
546 4011 649 4066 ³⁸.»
711 4011 1034 4069 Universum
1096 4016 1361 4070 incarnati
1411 4015 1571 4073 Verbi
1660 4020 1979 4089 mysterium

401 4118 467 4158 ex
527 4102 612 4160 his
675 4107 983 4174 perspicere
1040 4106 1187 4162 licet.
1226 4107 1441 4163 Etenim
1492 4109 1836 4178 omnipotens
1889 4112 1981 4167 illa

396 4196 642 4262 dextera,
673 4199 1025 4267 omniumque
1081 4199 1262 4268 opifex
1294 4214 1509 4267 manus,
1572 4201 1716 4257 Deus
1744 4202 1980 4259 Verbum

2159 3464 2242 3519 N'.
2278 3482 2297 3516 ι
2339 3464 2419 3534 Τῇ
2449 3460 2598 3533 δεξιᾷ
2617 3456 2714 3514 οὖν
2737 3459 2831 3513 τοῦ
2862 3460 2998 3514 Θεοῦ
3022 3456 3278 3531 ὑψωθεὶς,
3302 3464 3403 3533 τήν
3419 3480 3478 3517 τε
3494 3465 3672 3534 ἐπαγ-

2086 3554 2273 3622 γελίαν
2289 3554 2383 3608 τοῦ
2419 3554 2576 3622 ἁγίου
2602 3552 3112 3622 Πνεύματοςλαὸὼν
3140 3554 3290 3625 παρὰ
3313 3555 3407 3608 τοῦ
3430 3556 3663 3626 Πατρὸς,

2085 3645 2270 3716 ἐξέχεε
2309 3646 2490 3709 τοῦτο,
2521 3644 2549 3698 ὃ
2581 3645 2737 3715 ὑμεῖς
2768 3643 2999 3712 βλέπετε
3030 3644 3126 3698 καὶ
3154 3645 3402 3699 ἀκούετε.
3444 3645 3524 3701 Οὐ
3555 3648 3662 3718 γὰρ

2084 3737 2247 3790 Δαυῖδ
2276 3737 2443 3808 ἁνέὅη
2481 3738 2561 3800 είς
2588 3737 2679 3789 τὸν
2708 3736 2936 3807 οὐρανόν
2958 3753 2972 3768 ο
3014 3736 3161 3806 λέγει
3190 3738 3245 3790 δὲ
3265 3738 3461 3802 αὐτός’
3490 3736 3669 3795 Εἶπεν

2082 3828 2112 3880 ό
2143 3827 2345 3899 Κύριος
2374 3828 2451 3898 τῷ
2482 3828 2667 3899 Κυρίῳ
2704 3845 2836 3899 μου*
2867 3827 3052 3881 Κάθου
3078 3830 3141 3881 ἐκ
3169 3827 3362 3894 δεξιῶν
3403 3849 3532 3901 μου,
3563 3833 3669 3896 ἓως

2084 3918 2149 3973 ἂν
2186 3918 2263 3972 θῶ
2282 3920 2409 3983 τοὺς
2439 3918 2667 3989 ἐχθρούς
2694 3936 2787 3972 σου
2825 3920 3115 3974 ὑποπόδιον
3137 3920 3247 3974 τῶν
3281 3921 3462 3975 ποδῶν
3487 3940 3609 3977 σου.
3642 3943 3664 3977 ι

2087 4012 2247 4064 ὐλον
2276 4013 2332 4064 ἐν
2371 4012 2582 4076 τούτοις
2610 4010 3061 4083 καταθρήσαιμεν
3086 4011 3150 4065 ἂν
3175 4011 3275 4083 τῆς
3309 4012 3675 4085 ἐνανθρωπή-

2085 4120 2222 4167 σεως
2250 4102 2344 4156 τοῦ
2378 4104 2716 4173 Μονογενοῦς
2740 4104 2802 4158 τὸ
2849 4106 3170 4177 μυστήριον.
3222 4103 3312 4182 Ἐν
3337 4110 3527 4177 μορφῇ
3560 4107 3673 4177 γὰρ

2083 4194 2344 4267 ὑπάρχων
2390 4196 2486 4249 καὶ
2535 4198 2740 4267 ἰσότητι
2791 4194 2883 4249 τοῦ
2919 4196 3132 4266 Πατρὸς
3159 4198 3187 4249 ό
3232 4196 3291 4261 ea
3324 4185 3490 4249 αὑτοῦ
3533 4198 3673 4263 Θεὰς

399 4286 454 4340 in
497 4285 673 4365 Patris
702 4287 875 4344 forma
910 4301 966 4345 et
1004 4291 1311 4360 aequalitate
1352 4307 1474 4347 cum
1515 4302 1660 4348 esset
1692 4331 1708 4357 ,
1760 4303 1977 4364 propter

2094 4286 2277 4355 Λόγος,
2310 4289 2344 4358 ἡ
2373 4288 2676 4359 πανσθενὴς
2697 4287 2867 4355 δεξιὰ,
2885 4288 2977 4341 καὶ
3004 4288 3128 4359 χεὶρ
3151 4289 3184 4358 ἡ
3206 4289 3597 4361 παντουργικὴ
3614 4289 3671 4355 δ,

399 4375 691 4428 humanam
749 4389 997 4436 naturam
1053 4383 1386 4449 exinanitns,
1431 4394 1487 4438 et
1527 4383 1794 4440 exaltatus
1838 4399 1975 4454 prae-

396 4466 713 4521 dicatur":
767 4482 872 4522 non
917 4458 1058 4537 quod
1100 4471 1151 4524 in
1190 4472 1414 4540 gloriam
1461 4483 1776 4529 extraneam
1804 4513 1821 4541 ,
1870 4475 1975 4531 hoc

394 4564 518 4620 est,
554 4555 609 4610 in
670 4570 790 4611 eam
868 4571 1029 4626 quam
1087 4558 1213 4615 olim
1270 4562 1587 4617 naturaliter
1632 4578 1737 4617 non
1795 4565 1971 4632 possi-

395 4648 570 4712 deret,
599 4658 820 4704 evectus
871 4648 977 4715 sit,
1011 4648 1104 4721 sed
1133 4651 1274 4719 quod
1317 4651 1386 4704 ad
1442 4652 1714 4721 propriam
1752 4663 1975 4709 natura-

397 4740 629 4810 literque
676 4740 783 4796 sibi
818 4741 1038 4797 insitam
1082 4755 1140 4798 et
1171 4744 1537 4816 ingeneratam
1573 4746 1813 4802 redierit.
1857 4746 1969 4802 Ho-

398 4848 487 4889 mo
515 4834 699 4905 itaque
726 4834 921 4902 lactus,
944 4834 1213 4891 exaltatus
1240 4846 1326 4892 est
1350 4836 1644 4892 secundum
1676 4835 1969 4894 humanam

397 4932 642 4980 naturam
673 4964 690 4991 ,
732 4925 939 4982 tametsi
1008 4926 1304 4982 secundum
1341 4934 1586 4982 naturam
1636 4940 1851 4997 semper
1887 4935 1971 4983 est

399 5013 713 5071 altissimus.
766 5016 833 5071 Et
860 5017 1005 5072 hunc
1051 5031 1173 5072 esse
1215 5017 1455 5073 arbitror
1494 5018 1709 5072 modum
1743 5027 1968 5087 naturae,

397 5112 452 5159 et
493 5121 658 5176 quam
701 5120 959 5163 vocamus
997 5107 1440 5164 exinanitionetn.
1479 5107 1619 5164 Deus
1649 5107 1831 5177 itaque
1872 5108 1970 5164 ho-

398 5209 487 5252 nto
510 5196 709 5265 l‘actus,
740 5198 868 5255 licet
906 5199 1007 5259 hoc
1051 5199 1223 5270 ipsum
1248 5198 1422 5275 solum
1449 5198 1593 5269 quod
1621 5199 1969 5266 cernebatur,

2079 4377 2416 4433 κεκενῶσθαι
2450 4379 2549 4449 μὲν
2579 4378 2796 4449 λέγεται
2824 4377 2911 4431 διὰ
2938 4379 2999 4431 τδ
3028 4376 3366 4449 ἀνθρώπινον
3385 4394 3400 4407 ο
3426 4378 3673 4448 ὑψοῦται

2077 4469 2133 4523 δὲ
2160 4469 2347 4535 πάλιν,
2384 4471 2486 4524 οὑκ
2516 4472 2597 4534 εἰς
2621 4469 2824 4525 ὀθνεῖον
2858 4470 3076 4540 ἀξίωμα
3108 4470 3204 4523 καὶ
3230 4470 3291 4522 ού
3328 4469 3499 4525 πάλαι
3526 4487 3676 4543 προ-

2079 4561 2322 4631 πεφυκὸς
2352 4559 2498 4632 αύτῷ
2530 4560 2839 4627 διαϐαίνων,
2878 4561 2997 4616 ἀλλ’
3045 4563 3128 4626 είς
3173 4561 3415 4632 ἔμφυτόν
3455 4579 3523 4614 τε
3573 4562 3676 4615 καὶ

2076 4653 2176 4724 τὴν
2209 4652 2436 4706 ἐνοῦσαν
2467 4653 2556 4706 ἀεὶ
2588 4651 2746 4717 δόξαν
2771 4670 2830 4706 τε
2860 4651 2998 4723 ὁμοῦ
3027 4654 3123 4707 καὶ
3148 4652 3428 4723 ὑπεροχὴν
3460 4653 3681 4707 ὑπονο-

2079 4743 2240 4798 στῶν.
2278 4740 2544 4812 ’Υψοῦται
2566 4743 2677 4818 γὰρ
2709 4742 3089 4815 ἀνθρωπίνως,
3112 4743 3291 4798 καίτοι
3320 4743 3465 4798 κατὰ
3498 4744 3678 4812 φύσιν

2075 4834 2298 4904 ὕψιστος
2328 4833 2404 4887 ὢν
2433 4835 2543 4889 ἀεί.
2585 4835 2782 4905 Γέγονε
2833 4835 2943 4907 γὰρ
2984 4834 3289 4907 ἄνθρωπος,
3330 4834 3427 4886 καὶ
3472 4832 3674 4900 τοῦτο,

2074 4921 2248 4996 οἶμαι,
2295 4925 2413 4978 ἐστὶ
2447 4925 2510 4979 τὸ
2536 4925 2637 4998 τῆς
2678 4924 2890 4994 φύσεως
2924 4925 3145 4996 μέτρον,
3173 4924 3264 4978 καὶ
3300 4924 3334 4993 ἡ
3382 4921 3677 4993 λεγομένη

2076 5016 2328 5080 κένωσις.
2385 5016 2454 5070 Ὀ
2491 5033 2556 5085 γε
2618 5017 2725 5088 μὴν
2765 5014 3197 5088 ὲνανθρωπήσας
3244 5013 3416 5079 Θεὸς,
3472 5013 3675 5067 καίτοι

2075 5108 2353 5181 νομισθεὶς
2391 5108 2545 5164 οὐδὲν
2566 5108 2752 5180 ἕτερον
2784 5104 2946 5175 εἶναι,
2982 5108 3124 5178 πλὴν
3142 5108 3225 5161 ὅτι
3255 5106 3419 5178 μόνον
3439 5104 3678 5176 ἄνθρω-

2077 5217 2198 5267 πος,
2230 5198 2362 5255 αὑτὸ
2379 5196 2443 5269 δὴ
2469 5202 2622 5255 τουτὶ
2646 5201 2707 5255 τὸ
2730 5199 3062 5274 ὁρώμενον,ι
3089 5197 3367 5273 ἐκηρύχθη
3398 5200 3457 5252 ὲν
3486 5197 3663 5251 ἔθνε-

470 5353 515 5383 "
550 5350 567 5405 l
596 5349 752 5410 Joan.
783 5368 844 5419 ιι,
872 5355 925 5421 1,
956 5354 1012 5412 2.
1088 5355 1134 5388 ⁸³
1158 5353 1312 5412 Joan.
1338 5369 1401 5421 ιι,
1422 5352 1513 5412 25.
1589 5352 1655 5385 ³³⁸
1685 5351 1727 5407 ΙΙ
1753 5352 1877 5408 Cor.
1904 5367 1963 5420 ι,

2122 5352 2166 5386 ’⁵
2196 5354 2317 5411 Act.
2347 5370 2414 5423 ιι,
2442 5354 2643 5425 35-35;
2678 5355 2822 5415 Psal.
2845 5369 2960 5425 εις,
2992 5354 3044 5412 l.
3122 5354 3168 5388 ”
3191 5351 3422 5424 Philipp.
3451 5367 3527 5411 ιι.
3550 5351 3612 5410 7.
3634 5326 3681 5336 ’⁵

1488 5507 1662 5564 Vari-.c
1697 5506 1955 5565 lectiones
1989 5506 2192 5565 codicis
2222 5506 2581 5580 Seguieriani.

472 5652 499 5693 ι
530 5640 774 5714 ἀληθινή.
871 5625 874 5627 “
