3952 6200
369 212 515 270 ΗΘΒ

1186 212 1279 269 ΔΙ)
1322 213 1626 281 REGINAS
1662 216 1748 274 DE
1790 217 2024 276 RECTA
2063 217 2222 275 FIDE
2259 214 2523 274 ORATIO
2559 214 2869 273 ALTERA.

3500 217 3645 305 .1106

369 359 478 407 σιν,
505 339 800 413 ἐπιστεύθη
828 342 886 396 ἐν
917 341 1130 412 κόσμῳ,
1154 357 1172 393 ι
1199 339 1494 412 τετίμηται
1517 340 1686 396 δὲκαὶ
1710 341 1787 407 ὡς
1816 341 1943 407 Υίὺς

2053 342 2159 399 hoc
2202 348 2328 408 est,
2386 355 2557 409 purus
2611 337 2778 417 homo
2849 351 2972 394 esse
3045 342 3365 406 putaretur,
3405 338 3646 407 «pracdi-

364 432 586 503 ἀληθῶς
607 432 703 487 τοῦ
729 432 867 488 Θεοῦ
891 433 986 487 καὶ
1019 431 1255 503 Πατρὸς,
1296 432 1390 486 καὶ
1419 432 1517 503 τῆς
1551 433 1816 488 ἀνωτάτω
1851 451 1951 488 πα-

364 524 478 581 σῶν
524 523 776 589 εὐκλείας
822 525 1123 595 ἀνεδήσατο
1151 524 1220 578 τὰ
1267 524 1586 595 αὐχήματα,
1622 525 1757 591 Θεὸς
1806 522 1949 580 εἶναι

361 613 818 686 πεπιστευμένος.
873 614 984 667 Καὶ
1015 614 1116 667 οὑκ
1141 614 1413 685 ἀσύνηθες
1453 616 1601 687 αὑτῴ
1654 618 1715 670 τὸ
1761 617 1951 690 χρῆμά

361 709 513 762 ἐστιν
535 722 550 738 ο
582 707 784 777 ἀληθὲς
811 706 869 761 δὲ
907 705 1110 777 μᾶλλον
1150 702 1292 760 εἷναί
1320 725 1501 778 φαμεν
1550 708 1613 763 τὸ
1657 710 1949 780 ὑφειμένον

358 799 424 852 ἐν
453 796 862 869 άνθρωπότητι,
902 799 994 853 καὶ
1021 798 1081 852 τὸ
1102 799 1368 869 ὑψοῦσθαι
1388 801 1587 868 δοκεῖν,
1617 803 1802 857 καίτοι
1827 806 1950 867 ταῖς

357 891 442 953 είς
479 889 633 959 λῆξιν
675 889 1049 961 διαπρέποντα
1071 890 1274 955 δόξαις.
1321 890 1541 963 Ἐπειδὴ
1565 892 1617 945 δὲ
1644 895 1710 963 τῇ
1734 891 1948 964 ἀνθρώ-

355 996 467 1033 που
504 979 687 1050 φύσει.
710 983 805 1036 καὶ
836 983 1057 1055 μέτροις
1083 985 1196 1047 τοῖς
1221 982 1344 1036 καθ’
1382 984 1557 1053 ἡμᾶς,
1586 983 1769 1037 πάντα
1798 983 1951 1038 ἐστὶν

351 1071 567 1126 ἄνωθεν
587 1069 684 1125 καὶ
720 1073 870 1143 παρὰ
900 1072 1062 1139 Θεοῦ,
1098 1072 1273 1145 ταύτῃ
1296 1089 1379 1125 τοι
1419 1072 1513 1126 καὶ
1545 1072 1691 1144 μάλα
1720 1074 1949 1138 εἰκότως

352 1162 425 1230 τῇ
459 1160 610 1233 δεξιᾷ
638 1160 732 1216 τοῦ
772 1152 1290 1235 Πατρὸςὺψοῦσθαι
1327 1152 1566 1234 λέγεται,
1606 1165 1785 1218 καίτοι
1826 1166 1947 1237 χεὶρ

352 1248 623 1320 ὑπάρχων
656 1251 841 1323 αὐτὸς,
889 1253 985 1306 καὶ
1011 1254 1046 1323 ἡ
1079 1252 1190 1308 τῶν
1218 1252 1356 1307 ὅλων
1399 1253 1734 1325 δημιουργὸς
1772 1254 1945 1320 δεξιά.

357 1337 556 1410 Ἅθρει
592 1340 649 1394 δέ
695 1359 785 1411 μοι
821 1342 987 1396 πάλιν
1014 1343 1106 1398 τὸν
1135 1344 1342 1418 Κύριον
1381 1344 1538 1416 ήμῶν
1588 1342 1801 1415 Ἰησοῦν
1854 1345 1944 1399 τὸν

348 1431 595 1501 Χριστὸν
622 1432 980 1504 ἀνθρωπίνως
1005 1437 1104 1508 μὲν
1130 1436 1192 1491 τὸ
1221 1435 1449 1508 Πνεῦμα
1475 1436 1784 1508 δεχόμενον,
1808 1436 1947 1507 πλη-

349 1522 556 1599 ροῦντα
587 1524 645 1578 δὲ
688 1525 891 1590 θεῖκῶς
928 1529 1031 1598 τὴν
1063 1528 1397 1598 ἐπαγγελίαν
1441 1528 1534 1582 τοῦ
1570 1529 1807 1601 Πατρὺς,
1855 1528 1947 1583 διὰ

345 1613 469 1669 τοῦθ
499 1617 613 1680 τοῖς
646 1616 997 1671 πιστεύουσιν
1029 1619 1234 1672 ἐνιέναι
1260 1619 1322 1672 τὸ
1351 1618 1591 1690 πνεῦμα,
1621 1619 1717 1674 καὶ
1744 1620 1841 1690 οὐχ
1868 1619 1944 1684 ὡς

2050 443 2207 490 catus
2230 440 2316 488 est
2339 440 2517 486 tamen
2552 430 2606 486 in
2632 430 2917 501 gentibus:
2944 429 3185 486 creditus
3215 437 3295 484 est
3326 428 3378 483 in
3411 431 3635 498 mundo,

2051 524 2356 581 honoratus
2391 533 2475 579 est
2498 523 2564 590 “,
2586 541 2605 576 ι
2661 532 2719 577 ιιι
2759 538 2920 578 verus
2956 523 3051 577 Det
3091 520 3271 577 Patris
3307 520 3476 577 Filius
3499 566 3514 587 ,
3548 524 3643 579 de-

2050 617 2214 686 nique
2251 630 2460 670 summa
2504 615 2675 685 gloria
2713 628 3036 684 summaque
3062 613 3325 682 dignitate
3372 615 3640 669 condeco-

2050 718 2202 763 ratus
2241 715 2347 772 est,
2380 716 2563 776 utpote
2612 705 2752 761 Deus
2788 715 2936 760 esset
3006 707 3265 762 creditus.
3334 704 3520 775 Neque
3576 720 3640 761 ea

2050 813 2140 854 res
2180 798 2444 853 inusitata
2494 798 2544 853 ei
2605 806 2712 853 est.
2761 796 2957 853 Veram
3015 812 3251 866 namque
3291 797 3345 851 in
3398 798 3639 851 humana

2051 899 2242 945 natura
2275 890 2673 954 humilitatem,
2718 904 2902 946 veram
2936 905 3157 944 rursum
3212 890 3265 944 in
3310 889 3640 946 exultatione

2050 981 2439 1039 sublimitatem
2469 982 2813 1052 agnoscimus
2836 1020 2852 1047 ,
2895 981 3021 1036 licet
3052 994 3148 1036 sua
3192 981 3308 1050 ipse
3343 981 3516 1050 gloria
3543 996 3639 1036 co-

2050 1082 2317 1128 ruscaret.
2365 1073 2629 1140 Quoniam
2666 1087 2798 1127 vero
2872 1070 3125 1127 humana:
3164 1082 3405 1137 naturae,
3456 1072 3639 1125 huma-

2048 1176 2239 1231 naeque
2270 1161 2598 1217 conditionis
2641 1167 2696 1214 et
2731 1158 2949 1214 modulo
3008 1159 3191 1213 omnia
3245 1158 3460 1213 cmlitns
3509 1164 3564 1212 et
3608 1171 3639 1212 a

2048 1252 2157 1309 Deo
2190 1254 2521 1321 obveuiunt;
2565 1253 2687 1307 ideo
2738 1251 2953 1316 Filius,
3002 1265 3310 1319 quanquam
3358 1250 3404 1305 is
3450 1263 3639 1305 secun-

2047 1346 2172 1400 dum
2202 1362 2262 1401 se
2289 1363 2481 1403 manus
2515 1347 2735 1400 dextera
2765 1354 2821 1399 et
2856 1344 3098 1399 omnium
3131 1342 3315 1413 opifex
3345 1344 3447 1406 sit.
3476 1341 3631 1417 171

2045 1445 2145 1501 per
2170 1430 2349 1487 Patris
2380 1433 2656 1487 dexteram
2696 1432 2817 1502 iure
2856 1431 3050 1486 merito
3094 1431 3365 1485 exaltatns
3403 1429 3636 1486 dicitur.

2048 1522 2285 1579 Observa
2360 1525 2447 1579 hic
2506 1539 2720 1578 rursum
2802 1522 3093 1576 Dominum
3161 1532 3406 1579 nostrum
3452 1520 3639 1577 Iesum

2050 1613 2333 1671 Christum
2386 1617 2687 1670 secundum
2736 1616 3049 1669 humanam
3099 1615 3318 1683 quidem
3385 1624 3637 1669 naturam

347 1705 663 1780 ἀλλότριον,
707 1707 823 1762 ἀλλ’
858 1709 933 1773 ὡς
967 1709 1099 1764 ἴδιον
1133 1709 1322 1765 αὑτοῦ.
1376 1712 1522 1782 Ἔφη
1567 1712 1667 1783 μὲν
1697 1714 1807 1785 γάρ
1836 1730 1939 1766 που

2049 1704 2308 1776 Spiritum
2372 1706 2655 1774 accipere,
2714 1704 3010 1761 secundum
3064 1703 3312 1760 divinam
3349 1720 3478 1761 vero
3530 1705 3639 1761 hoc

341 1796 487 1863 Θεὸς
505 1797 570 1852 δι’
585 1799 706 1862 ἐνὸς
734 1799 843 1854 τῶν
870 1800 1042 1870 ἁγίων
1064 1803 1381 1875 προφητῶν,
1406 1805 1487 1858 ὅτι
1522 1821 1542 1856 t
1588 1805 1799 1875 Ἐκχεῶ
1829 1805 1939 1859 ἀπὸ

346 1887 452 1943 τοῦ
476 1888 797 1962 Πνεὺματός
830 1910 932 1961 μου
968 1893 1061 1947 ἐπὶ
1103 1895 1284 1949 πᾶσαν
1328 1895 1526 1968 σάρκα.
1566 1916 1585 1948 ι
1632 1896 1838 1969 Πληροί
1881 1897 1938 1951 δὲ

327 1981 519 2037 τοῦτο
542 1983 799 2056 Χριστὸς,
843 1985 920 2050 ὡς
952 1985 1077 2041 ἴδιον
1106 1987 1267 2051 ἐνιεὶς
1308 1989 1422 2052 τοῖς
1469 1988 1829 2059 κεκλημένοις
1875 1989 1938 2042 τὸ

349 2072 607 2144 Πνεῦμα.
630 2075 826 2129 Καίτοι
844 2076 904 2130 τὸ
925 2076 1189 2147 μετόχους
1213 2078 1498 2133 ἀποτελεῖν
1518 2078 1778 2133 δύνασθαί
1796 2097 1947 2144 τινας

350 2165 453 2220 τοῦ
480 2165 642 2235 ἁγίου
682 2166 1027 2237 Πνεῦματος,
1054 2169 1256 2237 πρέποι
1282 2168 1348 2222 ἂν
1391 2170 1491 2224 οὑκ
1518 2169 1791 2241 ἀνθρώπῳ
1845 2189 1945 2225 πο·-

353 2259 483 2325 θὲν,
517 2258 636 2330 Θεῷ
662 2259 718 2313 δὲ
754 2259 956 2330 μᾶλλον
984 2261 1063 2331 τῷ
1092 2261 1236 2314 κατὰ
1265 2260 1450 2331 φύσιν.
1491 2262 1831 2334 Ἐνήργηκεν
1851 2260 1945 2316 οῦν

350 2348 427 2403 τὰ
451 2347 546 2404 τοῦ
589 2348 725 2403 Θεοῦ
758 2350 854 2403 καὶ
894 2350 1109 2421 Πατρὸς
1151 2350 1179 2402 ὁ
1227 2351 1377 2418 Υἱὸς,
1411 2352 1472 2405 τὸ
1514 2352 1740 2423 Πνεῦμα
1770 2351 1946 2416 διδοὺς

351 2439 541 2503 αὑτός.
585 2439 926 2511 Ἀνθρωπίνη
981 2442 1162 2497 τοίνυν
1216 2444 1248 2513 η
1298 2442 1483 2514 λῆψις,
1533 2442 1837 2513 θεοπρεπὲς
1885 2441 1945 2497 δὲ

351 2531 453 2585 καὶ
488 2531 630 2602 ὑπὲρ
658 2532 947 2603 ἄνθρωπον
976 2533 1038 2586 τὸ
1083 2533 1143 2601 ἐξ
1173 2534 1303 2588 ίδίου
1339 2534 1710 2606 πληρώματος
1742 2535 1835 2589 καὶ
1865 2535 1946 2599 είς

352 2623 580 2695 ἐτέρους
608 2625 791 2695 ἐκχεῖν
835 2624 935 2697 τὴν
976 2625 1069 2679 τοῦ
1116 2626 1437 2697 Πνεῦματος
1475 2626 1641 2685 δόσιν.
1687 2625 1819 2689 Θεὸς
1851 2619 1945 2679 οῦν

349 2712 466 2783 ἄρα
497 2713 649 2766 ἐστὶν
691 2714 749 2766 ἐν
793 2712 1112 2787 ἀνθρωπεία
1155 2717 1337 2787 μορφῇ
1370 2713 1630 2786 πεφηνὼς
1680 2717 1708 2769 ὁ
1748 2714 1945 2785 Λόγος,

353 2803 613 2876 σύνεδρός
638 2821 696 2858 τε
725 2804 816 2859 διὰ
840 2804 999 2860 τοῦτο
1032 2806 1109 2877 τῷ
1134 2804 1253 2878 Θεῷ
1274 2807 1369 2860 καὶ
1400 2806 1595 2878 Πατρί.

2046 1798 2165 1869 ipso
2216 1796 2396 1853 Patris
2449 1798 2720 1868 promissa
2772 1799 3053 1853 exsolvere
3085 1836 3102 1864 ,
3163 1799 3305 1867 quod
3373 1796 3636 1869 Spiritum

2047 1898 2293 1944 sanctum
2334 1904 2440 1944 non
2500 1898 2755 1959 tanquam
2815 1889 2885 1944 ab
2924 1904 2984 1945 se
3023 1889 3264 1947 alienum
3296 1928 3313 1954 ,
3358 1891 3459 1945 sed
3513 1898 3637 1945 tan-

2047 1995 2208 2052 quam
2256 1982 2359 2036 sibi
2392 1983 2671 2051 proprium
2743 1982 2996 2038 lidelibus
3061 1983 3248 2039 mittit.
3309 1982 3449 2037 Deus
3490 1982 3637 2038 enim

2049 2090 2144 2145 per
2176 2076 2467 2144 quemdam
2501 2092 2569 2130 ex
2626 2076 2829 2132 sanctis
2859 2074 3143 2146 prophetis
3184 2076 3382 2131 alicubi
3412 2076 3484 2131 ita
3533 2076 3635 2131 ait:

2057 2184 2075 2217 t
2120 2166 2406 2220 Effundam
2455 2167 2521 2221 de
2571 2167 2780 2238 Spiritu
2847 2182 2969 2223 meo
3034 2183 3199 2237 super
3245 2182 3465 2223 omnem
3506 2183 3635 2223 car-
3703 2212 3708 2217 «

2050 2272 2172 2312 nem
2197 2259 2262 2313 ".
2296 2276 2314 2308 ι
2364 2256 2516 2312 lianc
2555 2268 2736 2313 autem
2784 2259 3203 2328 promissionem
3230 2258 3487 2315 Christus
3529 2260 3638 2315 Do-

2049 2349 2229 2404 minus
2273 2356 2536 2418 pra-stat,
2583 2364 2704 2403 cum
2739 2347 3001 2419 Spiritum
3034 2358 3094 2405 ut
3144 2351 3419 2419 proprium
3455 2351 3521 2404 ad
3567 2351 3634 2405 ll—

2055 2441 2178 2496 dem
2255 2441 2462 2496 vocatis
2515 2440 2779 2496 immittit.
2825 2442 3005 2511 Atque
3056 2442 3326 2512 Spiritum
3381 2453 3634 2499 sanctum

2047 2533 2459 2604 quibuscuuque
2522 2531 2733 2589 libitum
2761 2532 2927 2588 fuerit
2960 2547 3122 2604 posse
3155 2534 3420 2606 impertiri
3471 2535 3525 2588 id
3579 2534 3635 2591 in

2048 2624 2324 2681 hominem
2357 2639 2697 2696 nequaquam
2733 2626 3029 2690 convenit,
3068 2627 3164 2682 sed
3222 2634 3427 2682 tantum
3459 2626 3512 2681 in
3542 2639 3638 2682 re-

2051 2731 2172 2772 rum
2229 2714 2642 2785 naturalemque
2703 2716 2896 2772 Deum.
2959 2716 3187 2784 Quando
3228 2717 3394 2788 igitur
3465 2714 3637 2771 Filius

2052 2806 2317 2878 Spiritum
2369 2817 2620 2864 sanctum
2652 2807 2983 2874 impertivit,
3037 2806 3181 2878 quod
3236 2807 3329 2863 Dei
3360 2816 3418 2864 et
3458 2806 3637 2862 Patris

350 2905 481 2962 est,
512 2894 695 2953 eﬂicit.
741 2897 1049 2954 Humanum
1099 2901 1324 2970 proinde
1363 2901 1622 2972 quiddam
1661 2908 1788 2968 est,
1863 2899 2130 2971 Spiritum
2186 2900 2498 2971 suscipere;
2532 2900 2773 2957 divinum
2819 2914 2952 2956 vero
3015 2908 3072 2958 et
3125 2914 3290 2969 supra
3333 2898 3633 2963 hominem,

348 3004 420 3046 ex
456 2988 677 3062 propria
730 2990 1068 3061 plenitudine
1112 2992 1375 3065 Spiritum
1422 3005 1672 3052 sanctum
1715 2997 1769 3052 in
1814 2996 1951 3053 alios
1989 2994 2289 3054 enundere.
2337 2995 2577 3054 Verbum
2641 2996 2852 3067 itaque,
2888 2996 3031 3066 quod
3073 2995 3127 3050 in
3185 2995 3421 3051 humana
3459 2993 3635 3049 forma

295 3086 301 3092 ’
346 3085 638 3155 apparuit,
696 3085 839 3145 Deus
871 3097 999 3147 est:
1043 3090 1188 3147 unde
1242 3093 1597 3163 consequitur
1676 3101 1735 3148 ut
1777 3092 2020 3162 ejusdem
2059 3108 2276 3165 quoque
2307 3108 2432 3149 cum
2487 3093 2653 3150 Patre
2695 3093 3001 3164 maiestatis
3043 3093 3141 3149 sit.
3431 3082 3441 3089 ’

310 3234 320 3240 κ
344 3195 496 3267 Περὶ
518 3196 626 3252 τοῦ
649 3197 932 3284 urgeam
961 3201 1678 3284 ανωτῆζαι-Χριᾳτὸνὲκ
1711 3204 1943 3275 νεκρῶν

2049 3204 2129 3261 De
2157 3222 2217 3262 eo
2267 3207 2405 3278 quod
2446 3206 2693 3262 Christus
2721 3223 2822 3284 per
2853 3214 3130 3284 paternam
3164 3212 3409 3261 virtutem
3455 3218 3633 3259 resur-

762 3269 833 3323 ὲν
856 3269 1107 3340 δυνάμει
1138 3269 1245 3327 τοῦ
1274 3269 1526 3344 Πατρός.

422 3380 559 3437 NA'.
614 3382 672 3436 '0
703 3381 993 3448 θεσπέσιος
1028 3386 1233 3455 γράφει
1277 3388 1494 3452 Παῦλος
1527 3392 1657 3463 περὶ
1687 3391 1783 3446 τοῦ
1811 3409 1943 3462 ’προ⁴¹

347 3475 597 3544 πάτορος
641 3473 911 3545 Ἀϐραάμ·
945 3494 965 3527 ι
1001 3476 1117 3529 Οὑκ
1140 3477 1356 3550 ἐγράφη
1386 3480 1443 3533 δέ
1474 3480 1542 3532 δι’
1569 3483 1731 3537 αὑτὸν
1758 3484 1935 3554 μόνον,

347 3565 434 3618 ὅτι
484 3563 738 3633 ἐλογίσθη
779 3564 927 3635 αὐτῷ
970 3567 1004 3636 ἡ
1051 3566 1235 3631 πίστις
1275 3572 1356 3634 είς
1388 3570 1771 3645 δικαιοσύνηνο
1805 3575 1943 3630 ἀλλὰ

350 3655 451 3710 καὶ
486 3654 553 3708 δι’
577 3655 726 3726 ἡμᾶς
746 3697 761 3721 ,
792 3650 873 3721 οἷς
904 3657 1088 3728 μέλλει
1114 3659 1425 3728 λογίζεσθαι
1456 3667 1568 3727 τοῖς
1591 3666 1941 3722 πιστεύουσιν

350 3748 450 3805 ἐπὶ
480 3744 571 3800 τὸν
600 3747 894 3819 ἐγείραντα
935 3748 1144 3821 Ἰησοῦν
1182 3752 1276 3806 τὸν
1302 3741 1529 3825 ’Κύριον
1560 3755 1721 3826 ήμῶν
1761 3759 1825 3810 ἐκ
1855 3775 1941 3812 νε-

354 3838 537 3910 κρῶνο
568 3838 628 3903 ὃς
658 3840 931 3912 παρεδόθη
953 3842 1046 3896 διὰ
1070 3842 1138 3897 τὰ
1188 3845 1610 3917 παραπτώματα
1638 3848 1816 3918 ἡμῶν.
1846 3850 1942 3903 καὶ

350 3929 564 4004 ῂγέρθη
603 3930 693 3985 διὰ
721 3931 820 4003 τὴν
859 3932 1144 3988 δικαίωσιν
1176 3936 1357 4008 ἡμῶν.
1400 3956 1419 3989 ι
1471 3937 1589 3992 Μία
1631 3939 1729 4009 μὲν
1755 3939 1942 4011 θεότη-

349 4039 446 4084 τος
476 4021 660 4091 φύσις,
678 4024 735 4077 ἐν
760 4024 1093 4080 ὑποστάσεσι
1116 4026 1174 4079 δὲ
1200 4030 1586 4099 προσκυνεῖται
1611 4032 1759 4101 τρισὶ
1789 4031 1942 4103 παρά

351 4128 415 4164 τε
448 4109 609 4180 ἡμῶν
642 4112 737 4165 καὶ
775 4112 884 4167 τῶν
936 4113 1049 4167 ἄνω
1084 4116 1430 4185 πνευμάτων.
1474 4119 1621 4181 Μιᾶς
1668 4117 1723 4170 δὲ
1772 4116 1941 4188 οὔσης

352 4201 611 4271 θεότητος
654 4203 893 4273 ἁπάσης,
939 4206 1165 4270 είκότως
1193 4206 1258 4277 δὴ
1285 4207 1447 4279 ἔργον
1478 4209 1545 4262 ἂν
1586 4210 1799 4279 γένοιτο
1830 4212 1941 4265 πᾶν

350 4289 534 4346 ὁτιοῦν
556 4292 661 4345 τῶν
679 4294 762 4347 ὅτι
789 4295 1025 4382 μάλιστα
1054 4297 1374 4367 πρετώντων
1403 4300 1541 4371 αὐτῇ
1563 4316 1624 4354 τε
1653 4301 1748 4355 καὶ
1776 4301 1936 4374 μόνῃ.

350 4382 661 4457 Πράττεται
693 4385 802 4457 γὰρ
827 4387 1007 4442 πάντα
1034 4388 1186 4461 παρὰ
1212 4388 1305 4443 τοῦ
1336 4390 1471 4444 Θεοῦ
1504 4393 1599 4446 καί⁹
1626 4393 1842 4466 Πατρὸς
1869 4393 1937 4448 δι’

351 4475 487 4530 Υἰοῦ
526 4476 582 4528 ἐν
632 4475 912 4547 Πνεῦματι
936 4518 950 4532 .
988 4479 1150 4533 Ὥστε
1183 4478 1288 4534 κᾶν
1316 4482 1365 4534 εί
1420 4482 1632 4551 λέγοιτό
1664 4502 1768 4538 που
1800 4483 1938 4549 Cmo-

351 4570 530 4622 ποιεῖν
560 4569 589 4621 ὁ
614 4568 827 4640 Πατὴρ,
856 4571 1144 4643 ἐνεργήσει
1172 4573 1388 4637 πάντως
1414 4574 1548 4628 αὐτὸ
1576 4575 1663 4630 διὰ
1684 4576 1780 4630 τοῦ
1805 4577 1937 4632 Υίοῦ
1968 4552 2018 4614 D

350 4658 410 4711 ἐν
437 4656 581 4727 ἁγίῳ
611 4656 908 4726 Πνεὺματι.
958 4660 1080 4713 Κᾶν
1120 4662 1315 4734 ἐνεργῇ
1344 4663 1443 4734 τὴν
1473 4664 1618 4735 ζωὴν
1657 4666 1687 4719 ό
1721 4666 1848 4731 Υίὸς
1879 4666 1938 4722 ἐν

351 4765 417 4816 γε
466 4751 580 4812 τοῖς
611 4748 955 4818 δεδεημένοις
997 4750 1100 4818 τῆς
1147 4753 1293 4822 ζωῆς
1319 4794 1334 4818 ,
1384 4756 1499 4808 ἀλλ’
1549 4758 1610 4811 οὑ
1674 4758 1797 4829 δίχα
1842 4759 1937 4814 τοῦ

351 4839 639 4910 όμοουσίου
685 4840 937 4912 Πατρός·
979 4840 1091 4912 ἔχει
1124 4842 1234 4913 γὰρ
1288 4844 1347 4897 ἐν
1396 4847 1575 4917 ἐαυτῷ
1601 4850 1692 4903 τὸν
1736 4851 1936 4921 Γεννή-

353 4948 545 4986 σαντα.
596 4933 705 4986 Καὶ
761 4932 894 5002 γοῦν
940 4932 1043 5005 ἔφη
1089 4933 1309 5003 σαφῶς’
1365 4955 1383 4988 ι
1450 4937 1570 4991 ’Δπ’
1604 4941 1842 5009 ἐμαυτοῦ
1874 4941 1936 4995 οὑ

351 5018 532 5074 λαλῶ·
565 5022 594 5075 ὁ
621 5021 679 5076 δὲ
727 5024 917 5097 Πατὴρ
955 5023 982 5075 ὁ
1010 5025 1069 5079 ἐν
1110 5025 1234 5095 ἐμοὶ
1282 5025 1481 5095 μένων,
1523 5030 1667 5082 ποιεῖ
1699 5029 1764 5084 τὰ
1801 5029 1938 5101 ἔργα

352 5112 538 5176 αὑτός.
571 5131 591 5164 ι
626 5113 745 5168 Κᾶν
772 5117 822 5168 εί
847 5116 909 5170 τὸ
935 5114 1162 5187 Πνεῦμα
1186 5116 1397 5186 λέγοιτο
1423 5118 1583 5174 τοῦτο
1608 5118 1763 5191 δρᾷν,
1788 5122 1941 5191 ἐνερ-

2618 3280 2814 3332 rext‘ue
2853 3279 3068 3332 dicitur.

2120 3388 2203 3444 ιι.
2241 3388 2464 3445 Diviuus
2506 3388 2706 3445 Paulus
2749 3389 2816 3445 de
2858 3390 3169 3459 patriarcha
3222 3388 3504 3475 :Abrabam
3556 3387 3631 3442 ita

2049 3482 2272 3538 scribit:
2313 3501 2332 3535 ι
2373 3482 2489 3536 Non
2533 3492 2617 3537 est
2647 3490 2828 3536 autem
2874 3482 3139 3551 scriptum
3185 3490 3410 3552 propter
3456 3481 3633 3550 ipsum

2048 3582 2283 3641 tantum,
2311 3572 2439 3643 quia
2470 3582 2777 3642 reputatnm
2809 3582 2891 3628 cst
2916 3573 2990 3628 illi
3019 3573 3087 3628 ad
3116 3572 3419 3643 justitiam;
3453 3573 3548 3627 sed
3578 3579 3634 3627 et

2048 3675 2272 3734 prOpter
2299 3681 2419 3730 nos,
2438 3666 2639 3734 quibus
2670 3665 3009 3732 reputabitur
3030 3666 3379 3719 credentibus
3402 3664 3453 3717 in
3482 3678 3631 3729 eum,

2048 3755 2139 3823 qui
2170 3755 2459 3809 suscitavit
2491 3753 2673 3809 Jesum
2708 3754 2998 3809 Dominum
3030 3763 3275 3809 nostrunt
3306 3769 3335 3808 a
3370 3754 3630 3809 mortuis:

2046 3847 2138 3915 qui
2162 3845 2392 3900 traditus
2416 3853 2500 3899 est
2534 3852 2755 3915 propter
2776 3844 2970 3899 delicta
3000 3854 3209 3911 nostra,
3242 3854 3297 3900 et
3327 3845 3632 3900 resurrexit

2048 3946 2268 4006 propter
2311 3936 2759 4006 justiﬁeatiouem
2805 3935 3135 3990 nostram".
3170 3955 3191 3989 ι
3246 3936 3362 3992 Una
3412 3935 3631 4005 quidem

2049 4026 2228 4081 deitas
2258 4028 2313 4081 in
2342 4027 2517 4081 tribus
2541 4026 2793 4096 personis
2816 4026 3077 4082 adoratur
3103 4037 3219 4081 tum
3251 4042 3282 4081 a
3312 4026 3487 4091 nobis,
3516 4036 3630 4080 tum

2047 4119 2211 4172 etiam
2250 4133 2280 4172 a
2322 4118 2577 4189 supernis
2616 4118 2723 4174 illis
2768 4119 3075 4189 spiritibus.
3113 4118 3248 4174 Cum
3294 4128 3474 4172 autem
3524 4131 3632 4172 una

2047 4211 2313 4267 duntaxat
2343 4210 2599 4265 divinitas
2625 4212 2875 4276 exsistat,
2909 4211 3105 4266 merito
3141 4213 3307 4266 totius
3332 4225 3468 4281 opus
3506 4225 3633 4266 ceu-

2047 4313 2218 4372 setur,
2262 4303 2523 4373 quidquid
2559 4311 2737 4373 potest
2762 4304 2831 4359 ab
2868 4303 2957 4357 illa
2996 4319 3103 4358 una
3140 4303 3454 4374 procedere.
3488 4301 3631 4356 Deus

2047 4394 2212 4450 Pater
2247 4410 2486 4465 namque
2513 4396 2697 4451 omnia
2724 4410 2819 4465 per
2837 4395 3033 4450 Filium
3062 4406 3316 4466 operatur
3341 4395 3392 4449 in
3423 4394 3629 4463 Spiritu

2047 4496 2257 4541 sancto.
2295 4486 2473 4553 Quare
2512 4486 2559 4541 si
2595 4485 2759 4542 Pater
2807 4486 3084 4541 viviﬁcare
3125 4488 3343 4548 dicitur,
3393 4486 3628 4554 idipsum

2046 4579 2271 4635 omnino
2298 4594 2395 4649 per
2421 4578 2620 4635 Filium
2648 4580 2702 4634 in
2739 4579 2945 4649 Spiritu
2978 4588 3168 4634 sancto
3191 4588 3449 4647 praestare
3471 4576 3631 4630 intel-

2047 4672 2314 4742 ligitur”.
2346 4673 2579 4727 Rursum
2607 4672 2650 4727 si
2676 4672 2846 4726 Filius
2878 4673 2929 4724 iu
2957 4671 3040 4726 his
3071 4670 3161 4739 qui
3192 4670 3299 4723 vita
3328 4669 3631 4724 destituun-

2049 4773 2159 4827 tur,
2198 4762 2367 4815 vitam
2403 4761 2617 4817 edicere
2658 4760 3018 4831 praedicatur;
3055 4761 3158 4815 hoc
3200 4761 3376 4831 ipsum
3424 4761 3631 4830 absque

2046 4853 2428 4911 coesseutialis
2459 4852 2640 4908 Patris
2682 4853 3067 4923 cooperatione
3097 4852 3310 4909 edicere
3338 4868 3444 4909 non
3470 4861 3629 4923 pute-

2047 4953 2156 5013 tur,
2181 4954 2245 5000 ιιι
2274 4945 2366 5013 qui
2394 4944 2545 4999 illum
2579 4944 2671 5013 qui
2696 4957 2821 5000 eum
2860 4945 3067 5016 genuit,
3095 4946 3148 5000 in
3186 4945 3370 5015 seirso
3403 4958 3629 5000 manen-

2048 5046 2157 5093 tem
2192 5051 2407 5106 semper
2445 5037 2638 5091 habeal
2670 5054 2684 5090 :
2721 5036 2885 5108 cEgo,
2918 5037 3096 5108 inquit
3127 5047 3330 5109 aperte,
3364 5052 3395 5092 a
3422 5036 3628 5107 meipso

2042 5143 2150 5183 non
2197 5127 2427 5199 loquor:
2475 5126 2638 5183 Pater
2682 5128 2775 5197 qui
2828 5129 2883 5184 in
2934 5143 3023 5185 me
3074 5140 3277 5195 manet,
3328 5129 3442 5201 ipse
3497 5128 3629 5184 facit

353 5203 516 5275 γήσει
554 5204 771 5270 πάντως
793 5205 870 5271 ὡς
892 5209 1113 5279 πνεῦμα
1139 5209 1306 5282 ζωῆς·
1332 5210 1480 5283 ζωὴν
1509 5213 1566 5266 δὲ
1592 5207 1745 5268 εἶναι’
1759 5232 1942 5287 φαμεν

2049 5233 2201 5288 opera
2222 5220 2289 5275 ⁸⁸.
2318 5237 2339 5271 ›
2377 5219 2534 5289 ι’12
2563 5218 2802 5275 Tandem
2825 5220 2870 5275 si
2910 5221 3136 5290 spiritus
3168 5223 3270 5277 hoc
3301 5222 3472 5292 ipsum
3495 5235 3626 5293 ope-

356 5295 499 5348 κατὰ
527 5296 690 5365 φύσιν
721 5298 812 5352 τὸν
837 5298 969 5353 Θεὸν
998 5300 1092 5355 καὶ
1126 5302 1346 5374 Πατέρα
1367 5341 1382 5367 ,
1426 5304 1520 5359 καὶ
1552 5306 1642 5358 τὸν
1674 5304 1732 5372 ἐξ
1769 5307 1937 5362 αὐτοῦ

2049 5321 2230 5378 ratur,
2279 5313 2500 5366 omnino
2542 5321 2598 5366 ut
2657 5312 2783 5367 vitae
2842 5313 3069 5384 spiritus
3140 5322 3414 5385 operatur.
3457 5312 3623 5384 Atqui

355 5386 686 5457 γεννηθέντα
720 5389 871 5444 Υίόν.
909 5390 1118 5445 Οὐκοῦν
1142 5391 1359 5462 λέγεται
1398 5394 1500 5465 μὲν
1526 5396 1554 5448 ὁ
1588 5396 1775 5468 Πατὴρ
1803 5398 1936 5452 ἀνα-

2036 5402 2207 5459 Deum
2250 5402 2491 5469 Patrem,
2532 5412 2588 5459 et
2635 5403 2830 5460 Filium
2863 5406 2953 5476 qui
3005 5421 3072 5462 ex
3119 5405 3210 5463 illo
3258 5407 3473 5479 genitus
3511 5414 3616 5471 est,

358 5477 555 5547 στῆσαι
585 5480 821 5550 Χριστὸν
850 5481 916 5536 ἐκ
945 5483 1153 5554 νεκρῶν
1180 5504 1195 5518 ο
1233 5486 1331 5557 οὐχ
1378 5486 1689 5560 εὑρήσομεν
1741 5488 1797 5542 δὲ
1843 5489 1934 5543 τὸν

2049 5495 2331 5552 secundum
2384 5508 2635 5552 naturam
2683 5497 2845 5553 vitam
2892 5513 3013 5555 esse
3060 5499 3316 5557 dicimus.
3361 5500 3622 5570 Quamvis

435 5607 511 5666 ’“i
550 5612 788 5671 Timoth.
822 5631 904 5684 tu,
942 5615 1025 5673 16.

1130 5618 1173 5649 ³⁷
1211 5616 1319 5675 loel
1351 5632 1413 5687 tt,
1449 5620 1539 5679 ‘28.
1618 5622 1661 5654 ’⁸
1697 5621 1854 5679 Rom.
1881 5640 1943 5695 tvl

2049 5660 2074 5696 τ,
2106 5628 2195 5685 ‘23.
2277 5631 2318 5664 ²⁹
2345 5628 2498 5688 Joan.
2531 5646 2580 5687 ν.
2613 5631 2702 5687 21.
2782 5632 2824 5665 ³ο
2848 5629 3005 5690 Joau.
3036 5649 3144 5702 ειν,
3174 5633 3261 5690 to.
