3952 6200
339 261 482 318 1307

1315 266 1373 322 ﬁ.
1417 264 1695 323 CYRILLI
1735 267 2209 328 ALEXANDRINI
2246 269 2570 329 ARCHIEP.

3468 273 3610 332 “08

337 397 469 452 ergo
493 380 654 438 Pater
696 381 977 439 Christum
1005 397 1070 439 ex
1102 386 1332 441 mortuis
1362 389 1730 445 exsuscitasse
1778 391 1928 445 dica-

2046 391 2158 448 Γίδν
2192 393 2458 464 ἀνενεργῆ
2509 391 2639 464 περὶ
2667 392 2768 464 τὴν
2801 391 3099 446 ἀνάστασιν
3128 390 3220 445 τοῦ
3254 390 3389 444 ἰδίου
3426 389 3618 462 σώμα-

341 483 451 537 tur,
483 473 678 528 Filium
713 483 892 529 tamen
927 477 1072 532 circa
1104 479 1308 548 proprii
1343 481 1589 549 corporis
1616 484 1922 538 exsuscita-

342 566 542 619 tionem
569 579 674 619 non
706 566 944 620 otiosum
967 568 1249 624 exstitisse
1282 570 1646 637 inveniemus,
1674 589 1797 627 nam
1823 573 1921 628 Ju-
1967 570 1986 578 “

341 657 489 712 ὀωοε
515 659 618 712 hoc
638 660 798 713 modo
824 659 1089 714 allocutus
1115 661 1342 730 legitur:
1384 679 1402 711 ι
1424 661 1630 717 Solvite
1665 663 1922 732 templum

345 750 468 812 hoc,
493 759 549 803 et
578 751 630 803 in
674 751 846 806 tribus
876 751 1065 807 diebus
1093 751 1341 806 excitabo
1377 753 1508 807 illud
1529 753 1593 809 ".
1629 773 1647 806 ι
1685 755 1764 809 ita
1799 771 1921 810 cum

342 840 530 894 beatus
566 840 767 896 Paulus
800 844 1014 906 doceat,
1051 862 1069 894 ι
1102 842 1255 910 Quod
1292 854 1347 899 et
1385 844 1543 901 nobis
1580 861 1801 916 quoque
1841 862 1928 901 re-

341 931 622 1000 putabitur
685 935 750 987 ad
807 933 1079 1004 justitiam
1129 937 1477 992 credentibus
1521 943 1574 992 in
1633 953 1779 1006 eum,
1833 939 1927 1008 qui

342 1024 627 1078 sum-itavit
652 1024 837 1079 Jesum
867 1025 1144 1080 Christum
1176 1043 1241 1082 ex
1272 1029 1536 1096 mortuis;
1559 1049 1578 1081 ι
1613 1045 1719 1085 non
1751 1029 1925 1086 solum

343 1117 396 1170 in
429 1116 594 1172 Deum
623 1117 839 1172 Patrem
865 1121 1333 1186 credidimus,sed
1359 1123 1522 1177 etiam
1550 1123 1604 1178 in
1637 1123 1926 1180 Dominum

345 1219 588 1263 nostrum
652 1208 838 1265 Jesum
894 1210 1196 1268 Christum.
1238 1213 1378 1281 Quin
1437 1223 1493 1270 et
1535 1215 1666 1270 illud
1714 1231 1930 1288 quoque

343 1299 767 1366 observandum,
815 1312 872 1356 ut
919 1303 1178 1373 arbitror,
1214 1307 1314 1362 hoc
1360 1306 1478 1362 loco
1526 1309 1690 1372 venit,
1735 1323 1932 1379 nempe

350 1389 719 1461 Unigenitum,
759 1393 1028 1450 hominem
1064 1395 1291 1464 factum,
1331 1409 1561 1455 mortem
1595 1401 1814 1470 quidem
1845 1417 1933 1459 se-

344 1483 578 1537 cundum
638 1499 860 1542 carnem
913 1490 1222 1558 pertulisse,
1256 1493 1306 1546 vi
1344 1502 1522 1549 tamen
1577 1496 1784 1560 carnis.
1830 1498 1934 1552 hoc

345 1582 430 1628 est
464 1573 838 1644 humanitatis,
893 1582 1206 1650 neutiquam
1245 1585 1532 1650 revixisse,
1581 1587 1678 1641 sed
1733 1587 1936 1642 virtute

347 1666 581 1732 deitatis,
611 1686 631 1719 ‹
657 1685 776 1738 quas
821 1671 1064 1728 viviﬂcat
1119 1686 1384 1741 mortuos,
1416 1687 1472 1732 et
1509 1688 1670 1732 vocat
1707 1693 1772 1733 ea
1811 1663 1934 1749 quae

347 1771 452 1812 non
500 1768 647 1824 sunt,
692 1768 947 1831 tanquam
981 1777 1042 1817 ea
1075 1751 1206 1833 qua:
1251 1765 1464 1820 sunt".
1503 1785 1522 1818 ι
1577 1769 1697 1837 Ipsa
1744 1769 1930 1838 itaque

344 1848 640 1905 viviﬁcatio
681 1867 786 1906 non
841 1853 908 1907 ad
956 1856 1130 1924 ipsam
1179 1858 1428 1926 corporis
1482 1868 1756 1924 naturam,
1807 1862 1932 1916 licet

348 1939 480 1995 illud
511 1940 691 1999 Verbo
713 1959 779 2000 ex
812 1945 919 2002 Deo
959 1949 1143 2017 genito
1172 1950 1449 2020 proprium
1495 1952 1790 2018 exstiterit,
1835 1953 1930 2008 sed

345 2034 529 2102 potius
553 2036 620 2088 ad
642 2051 953 2105 supremam
985 2039 1131 2094 illam
1160 2043 1436 2108 virtutem,
1457 2045 1560 2098 hoc
1587 2054 1692 2112 est,
1711 2045 1778 2099 ad
1812 2060 1934 2100 eam

349 2130 601 2177 naturam
647 2127 771 2193 jure
829 2129 1023 2183 merito
1077 2129 1361 2186 referenda
1399 2143 1502 2198 est,
1561 2149 1680 2204 qua:
1717 2149 1934 2190 onmem

254 2270 258 2274 ,
348 2216 562 2269 excedit
609 2229 942 2286 creaturam,
985 2222 1127 2276 sicut
1175 2224 1226 2277 in
1275 2240 1503 2291 persona
1556 2224 1652 2281 Dei
1718 2226 1937 2293 Patris,

350 2321 417 2360 ex
455 2321 566 2376 quo
599 2310 779 2376 prodit
818 2311 989 2368 Filius
1015 2328 1111 2381 per
1139 2315 1321 2370 omnia
1355 2317 1428 2371 illi
1475 2319 1699 2388 aequalis
1724 2331 1778 2375 et
1807 2336 1940 2375 eon-

354 2399 764 2466 substantialis,
793 2406 1040 2472 procedit
1080 2417 1262 2462 autem
1302 2424 1398 2478 per
1424 2419 1684 2480 utrosque
1714 2423 1770 2466 et
1805 2413 1942 2467 vivi-

353 2488 488 2545 ﬁcus
518 2505 734 2562 quoque
767 2495 1022 2565 Spiritus.
1051 2497 1214 2551 Addit
1264 2513 1429 2568 porro
1496 2502 1768 2556 Christum
1819 2519 1942 2572 pro-

354 2593 476 2652 pter
512 2583 708 2639 delicta
741 2597 921 2640 nostra
957 2588 1215 2643 traditum
1246 2605 1401 2657 esse;
1441 2604 1662 2662 propter
1695 2605 1939 2649 nostram

355 2682 533 2729 autem
561 2673 1010 2743 iustiﬁcationem
1035 2683 1454 2738 exsuscitatum.
1475 2683 1940 2750 Quemadmodum

355 2765 498 2820 enim
541 2766 740 2822 factum
784 2779 869 2825 est
912 2781 970 2824 ut
1019 2772 1132 2840 ipse
1178 2776 1345 2828 nostri
1382 2791 1543 2830 causa
1595 2777 1646 2830 in
1725 2778 1942 2846 propria

359 2871 528 2911 carne
571 2869 804 2914 mortem
851 2872 1158 2932 pateretur,
1191 2880 1300 2935 quo
1333 2867 1522 2921 mortis
1567 2867 1852 2936 imperium
1891 2868 1942 2922 in
1987 2863 2002 2878 '

357 2959 633 3019 posterum
682 2951 1078 3010 dissolveretur
1114 2971 1129 3009 :
1180 2958 1259 3012 sic
1313 2973 1526 3014 rursum
1568 2964 1742 3015 nostri
1781 2976 1943 3016 causa

360 3041 591 3108 revixit,
647 3044 930 3116 culpisque
991 3049 1454 3116 prreVaricationis
1499 3051 1628 3112 Adae
1687 3053 1942 3120 abolitis,

361 3133 598 3188 reditum
635 3137 790 3193 nobis
836 3141 902 3194 ad
940 3141 1402 3197 immortalitatem
1437 3143 1644 3212 primus
1683 3145 1940 3200 ostendit.

358 3222 738 3283 Justiﬁcamur
800 3231 943 3284 enim
1002 3247 1099 3300 per
1153 3233 1456 3298 Christum,
1511 3236 1750 3305 antiquae
1801 3236 1944 3292 illius

360 3316 765 3377 maledictionis
816 3322 924 3376 vim
991 3323 1371 3379 demolientem
1425 3340 1520 3395 per
1575 3328 1940 3382 obedientiam

361 3410 534 3466 modis
563 3415 819 3468 omnibus
853 3416 1168 3484 perfectam,
1198 3428 1446 3471 naturam
1485 3434 1612 3474 vero
1647 3421 1939 3474 humanam

2024 501 2136 547 τος.
2171 486 2280 538 Καὶ
2306 484 2436 552 γοῦν
2481 482 2586 554 ἔφη
2639 483 2777 555 πρὸς
2839 480 3145 544 Ἰουδαίους
3185 501 3206 534 ι
3260 480 3473 535 Λύσατε
3525 481 3621 535 τὸν

2024 576 2150 629 ναὸν
2187 575 2398 642 τοῦτον,
2433 575 2526 628 καὶ
2555 575 2614 628 ἐν
2647 574 2826 643 τρισὶν
2867 571 3104 645 ἡμέραις
3149 571 3328 643 ἐγερῶ
3360 572 3547 627 αὐτόν.
3593 591 3615 625 ι

2030 665 2222 732 Ἀθρει
2255 665 2346 728 δὲ,
2389 665 2540 728 ὅπως
2585 663 2680 717 τοῦ
2729 663 3003 734 μακαρίου
3059 661 3273 716 Παύλου
3325 661 3620 729 λέγοντος·

2035 777 2052 809 ι
2106 760 2226 811 Ὅτι
2265 757 2648 826 λογισθήσεται
2678 758 2807 827 ἡμῖν
2858 758 2892 823 ἡ
2927 755 3112 818 πίστις
3149 756 3230 820 εἰς
3271 754 3622 826 δικαιοσύνην

2027 851 2139 912 τοῖς
2171 849 2527 902 πιστεύσασιν
2563 849 2658 901 ἐπὶ
2687 848 2777 901 τὸν
2805 847 3097 918 ἐγείραντα
3141 847 3351 916 Ἰησοῦν
3381 848 3619 917 Χριστὸν

2029 943 2095 994 ἐκ
2128 939 2335 1013 νεκρῶν
2360 958 2374 972 ο
2427 959 2446 992 ι
2485 941 2586 994 ούκ
2625 941 2705 1004 εἰς
2754 939 2916 1010 μόνον
2963 940 2996 1010 ή
3039 938 3223 1002 πίστις
3259 937 3351 992 τὸν
3394 940 3622 1009 Πατέρα

2030 1033 2222 1102 γέγονε
2255 1032 2349 1086 καὶ
2378 1031 2531 1096 Θεὸν,
2565 1031 2702 1085 ἀλλὰ
2725 1031 2833 1102 γὰρ
2864 1030 2958 1084 καὶ
2989 1031 3071 1094 εἰς
3100 1029 3193 1084 τὸν
3225 1030 3430 1101 Κύριον
3459 1031 3624 1101 ἡμῶν

2043 1125 2250 1197 Ἰησοῦν
2279 1124 2532 1197 Χριστόν.
2570 1122 2780 1187 Ἄλλως
2811 1140 2872 1175 τε
2904 1121 3037 1192 (δεῖν
3065 1121 3175 1194 γὰρ
3207 1119 3363 1194 οἶμαι
3394 1125 3624 1178 κάκεῖνο

2035 1214 2206 1285 ίδεῖν),
2240 1215 2462 1284 γέγονεν
2491 1215 2588 1271 ἀνθ
2599 1230 2781 1286 ρωπος
2805 1214 2834 1266 ὁ
2860 1211 3175 1284 Μονογενὴς
3196 1252 3211 1277 ,
3237 1212 3332 1266 καὶ
3355 1213 3625 1283 ὑπέμεινε

2037 1307 2135 1380 μὲν
2173 1307 2449 1380 σαρκικῶς
2481 1307 2573 1361 τὸν
2602 1305 2863 1369 θάνατον,
2901 1304 3106 1358 ἀνεϐίω
3136 1321 3199 1373 γε
3231 1304 3340 1376 μὴν
3369 1305 3432 1357 οὐ
3476 1304 3625 1358 κατά

2036 1398 2273 1469 σαρκὸς,
2327 1400 2494 1470 ἧγουν
2530 1397 2955 1470 ἀνθρωπότητος
2985 1396 3240 1465 δύναμιν,
3293 1397 3410 1450 ἀλλ’
3453 1397 3534 1460 ὡς
3568 1398 3629 1449 ἐν

2039 1489 2184 1561 ίσχύῖ
2204 1489 2480 1562 θεότητος,
2513 1511 2532 1542 ‹
2562 1491 2661 1561 τῆς
2690 1488 3064 1560 ζωογονούσης
3092 1489 3220 1551 τοὺς
3244 1491 3495 1559 νεκροὺς,
3528 1488 3629 1541 καὶ

2035 1582 2309 1654 καλούσης
2336 1584 2405 1636 τὰ
2435 1582 2510 1655 μὴ
2541 1583 2670 1636 δντα
2696 1581 2770 1645 ὡς
2801 1581 2951 1635 ὄντα.
2983 1601 3002 1634 ι
3050 1579 3367 1634 ’Δναθετὲον
3397 1575 3490 1634 οὖν
3517 1579 3630 1651 ἄρα

2035 1675 2134 1745 τὴν
2181 1673 2512 1744 ζωοποίησιν
2556 1673 2652 1727 καὶ
2701 1672 2844 1744 μάλα
2887 1672 3146 1735 εἰκότως,
3197 1672 3300 1725 ούκ
3342 1671 3480 1741 αὐτῇ
3519 1689 3628 1725 που

2035 1768 2252 1832 πάντως
2283 1770 2352 1839 τῇ
2381 1767 2476 1821 τοῦ
2509 1766 2764 1838 σώματος
2794 1765 2994 1835 φύσει,
3027 1766 3130 1819 κᾶν
3155 1766 3205 1818 εί
3235 1765 3457 1834 γέγονεν
3488 1765 3629 1819 [διον

2029 1858 2126 1912 τοῦ
2171 1861 2236 1912 ἐκ
2263 1858 2398 1913 Θεοῦ
2445 1862 2646 1930 φύντος
2691 1858 2867 1927 Λόγου
2891 1874 2904 1889 ·
2938 1857 3169 1928 δυνάμει
3209 1857 3268 1912 δέ
3321 1857 3517 1928 μᾶλλον
3552 1860 3628 1928 τῇ

2034 1951 2344 2021 ὑπερτάτῃ,
2381 1949 2477 2004 καὶ
2526 1949 2685 2019 φύσει
2714 1952 2781 2022 τῇ
2824 1949 2964 2022 ὑπὲρ
2993 1948 3193 2012 κτίσιν,
3242 1947 3322 2012 ὡς
3365 1948 3427 2001 ἐν
3459 1964 3635 2018 προσ-

2033 2043 2170 2114 ώπῳ
2218 2043 2314 2097 τοῦ
2345 2042 2482 2096 Θεοῦ
2515 2043 2611 2098 καὶ
2642 2043 2858 2115 [ἰατρὸς
2881 2086 2896 2109 ,
2937 2041 2998 2108 ἐξ
3029 2037 3091 2096 οὗ
3131 2040 3372 2113 πέφηνεν
3404 2041 3436 2091 ὁ
3464 2040 3630 2104 Υἱὸς.

2037 2135 2152 2197 ῐσος
2183 2152 2244 2188 τε
2272 2137 2365 2188 καὶ
2383 2135 2569 2204 ὅμοιος
2600 2134 2622 2173 τ
2650 2135 2793 2188 κατὰ
2822 2136 2999 2189 πάντα
3021 2133 3188 2205 αὐτῷ.
3221 2133 3450 2204 Πρόεισι
3481 2132 3542 2185 δέ
3568 2132 3634 2186 δι’

2038 2225 2242 2294 ἀμφοῖν
2279 2225 2374 2278 καὶ
2406 2224 2468 2278 τὸ
2506 2224 2728 2296 Πνεῦμα
2757 2225 2818 2278 τὸ
2853 2225 3171 2289 ζωοποιοῦν.
3207 2223 3628 2295 Παραδεδόσθαι

2039 2316 2096 2370 δέ
2137 2333 2269 2387 φησι
2298 2315 2389 2369 τὸν
2422 2315 2658 2387 Χριστὸν
2697 2317 2787 2370 διά
2839 2317 2908 2370 τὰ
2963 2315 3396 2386 παραπτώματα
3449 2315 3634 2387 ἡμῶν,

2041 2409 2134 2462 καὶ
2164 2406 2461 2479 ὲγηγὲρόαι
2492 2407 2581 2461 διὰ
2606 2408 2706 2479 τὴν
2743 2408 3028 2462 δικαίωσιν
3059 2408 3241 2479 ἡμῶν.
3266 2408 3488 2478 Ὠσπερ
3527 2405 3637 2477 γὰρ

2041 2499 2233 2567 γέγονε
2260 2499 2401 2569 ὑπὲρ
2430 2499 2589 2568 ἡμῶν
2617 2499 2676 2552 τὸ
2705 2499 2897 2553 παθεῖν
2925 2500 3089 2553 αὐτὸν
3114 2503 3178 2571 τῇ
3210 2498 3318 2571 ἰδίᾳ
3347 2499 3517 2568 σαρκὶ
3543 2499 3636 2551 τὸν

2044 2589 2293 2653 θάνατον,
2330 2590 2419 2643 ἵνα
2447 2589 2632 2642 λοιπὸν
2657 2589 2896 2661 ἀτονήσῃ
2927 2589 3022 2643 τοῦ
3048 2589 3282 2644 θανάτου
3306 2590 3369 2643 τὸ
3405 2590 3630 2660 κράτοςο

2043 2683 2186 2738 οὕτω
2216 2683 2310 2736 καὶ
2341 2682 2543 2736 ἀνεϐίω
2598 2682 2760 2736 πάλιν
2805 2683 2948 2754 ὑπὲρ
2977 2683 3158 2754 ἡμῶν,
3206 2681 3526 2752 ἐγκαινίζων
3566 2683 3629 2733 ἐν

2045 2776 2178 2847 ἡμῖν
2204 2775 2301 2845 τὴν
2327 2775 2408 2838 είς
2434 2773 2745 2844 ἀφθαρσίαν
2773 2775 3032 2830 ἐπάνοδον
3050 2814 3065 2840 ,
3107 2775 3202 2828 καὶ
3233 2775 3328 2844 τῆς
3358 2775 3416 2826 ἐν
3453 2772 3627 2842 Ἀδὰμ

2047 2866 2411 2938 παραϐάσεως
2442 2862 2721 2932 ἀφανίζων
2741 2863 2808 2916 τὰ
2842 2864 3165 2934 ἐγκλήματα
3185 2881 3198 2894 ο
3226 2860 3629 2932 Δεδικαιὼμεθα

2047 2959 2157 3030 γὰρ
2200 2961 2259 3011 ἐν
2285 2955 2536 3029 Χριστῷ,
2569 2955 2671 3025 τῆς
2702 2955 2802 3025 μὲν
2851 2955 3085 3025 ἀρχαίας
3113 2953 3328 3024 ἐκείνης
3355 2954 3491 3021 ἀρᾶς
3533 2950 3633 3021 τὴν

2050 3048 2279 3118 δύναμιν
2301 3046 2616 3116 ἀφανίζοντι
2643 3044 2732 3098 διὰ
2753 3044 2856 3114 τῆς
2883 3047 2962 3108 είς
2985 3043 3133 3098 ᾶπαν
3162 3042 3430 3112 ὑπακοῆς,
3463 3040 3633 3095 ἀπαλ-

2049 3142 2296 3195 λάττον-ει
2337 3140 2394 3194 δὲ
2421 3139 2528 3193 τῶν
2558 3138 2802 3210 ἀρχαίων
2837 3136 3179 3207 αἰτιαμάτων
3223 3135 3321 3207 τὴν
3351 3135 3525 3204 φύσιν·
3559 3133 3623 3186 οὗ

2050 3236 2159 3308 γὰρ
2207 3233 2461 3304 ἐποίησεν
2508 3232 2786 3304 ἁμαρτίαν
2823 3231 3038 3303 (γέγονε
3087 3231 3145 3284 δέ
3189 3229 3382 3302 μᾶλλον
3412 3227 3626 3281 εὐδόκι-

2052 3343 2150 3397 μος
2178 3327 2236 3378 ἐν
2267 3326 2449 3396 αὐτῇ),
2473 3325 2650 3378 καίτοι
2679 3322 3157 3394 κατεγνωσμένην,
3201 3322 3450 3393 καθάπερ
3480 3317 3636 3372 εῖπο-
3673 3358 3676 3359 ν

2052 3436 2171 3490 μεν,
2206 3420 2262 3474 ἐν
2303 3419 2472 3490 Ἀδάμ
2501 3417 2548 3474 i.

361 3500 687 3570 abantiquis
717 3504 1045 3560 criminibus
1078 3507 1423 3564 liberantem.
1469 3511 1758 3566 Peccatum
1793 3526 2028 3581 namque
2058 3513 2260 3566 nullum
2302 3512 2544 3578 admisit,
2612 3514 2706 3566 sed
2745 3511 2891 3566 omni
2955 3510 3114 3565 laude
3173 3508 3372 3579 dignus
3443 3505 3497 3562 in
3523 3505 3642 3575 ipsa

365 3593 488 3660 fuit,
541 3593 754 3650 etiamsi
810 3596 862 3650 in
911 3598 1201 3667 principio,
1260 3601 1362 3655 hoc
1408 3611 1490 3656 est
1549 3604 1602 3656 in
1661 3603 1945 3669 Adoni,ut
2016 3614 2144 3658 ante
2182 3619 2400 3675 quoque
2446 3603 2849 3669 admonuimus,
2889 3600 3334 3658 condemnationi
3372 3599 3642 3655 obnoxius

363 3689 549 3746 fuerit.

438 3781 551 3836 ιιι.
585 3799 604 3832 ι
640 3781 720 3836 Au
752 3783 1034 3854 ignoratis,
1069 3784 1196 3854 quia
1233 3787 1546 3857 quicunque
1578 3789 1832 3858 baptizati
1861 3805 1954 3844 su-

366 3890 491 3932 mus
518 3877 570 3931 in
602 3875 880 3932 Christum
916 3874 1126 3942 Jesom,
1162 3878 1212 3932 in
1243 3881 1658 3949 mortcmipsius
1697 3883 1953 3951 baptizati

369 3968 605 4024 sumus?
635 3968 950 4038 Cousepulti
980 3970 1124 4024 enim
1147 3985 1338 4027 sumus
1371 3973 1446 4027 illi
1493 3989 1590 4042 per
1623 3975 1950 4043 baptismum

370 4062 426 4115 in
464 4070 736 4128 mortem;
772 4062 929 4132 173
961 4072 1018 4117 ut
1050 4065 1322 4132 quomodo
1360 4066 1612 4121 Christus
1652 4069 1954 4123 resurrexit

371 4166 401 4206 a
431 4152 661 4208 mortuis
694 4167 790 4223 per
819 4154 1046 4223 gloriam
1081 4153 1285 4217 Patris,
1319 4155 1391 4208 ita
1411 4166 1465 4209 et
1489 4171 1587 4210 nos
1625 4158 1676 4210 in
1714 4158 1953 4214 novitate

370 4242 495 4295 vita:
517 4243 856 4298 ambulemus
875 4245 971 4298 ³³.»
998 4245 1257 4299 Dominus
1281 4256 1464 4301 noster
1495 4247 1653 4302 Jesus
1679 4248 1950 4314 Christus,

2129 3791 2259 3845 NB'.
2310 3811 2329 3844 ‹
2376 3793 2448 3846 ’Ἡ
2493 3792 2774 3860 ἀγνοεῖτε,
2816 3791 2898 3843 ὅτι
2936 3790 3052 3842 ὅσοι
3104 3785 3522 3855 ἐϐαπτίσθημεν
3569 3785 3646 3847 είς

2057 3883 2292 3955 Χριστὸν
2335 3881 2559 3954 Ἰησοῦν,
2591 3885 2671 3946 εἰς
2711 3882 2802 3935 τὸν
2848 3881 3077 3935 θάνατον
3107 3877 3272 3932 αὑτοῦ
3305 3877 3645 3946 ἐϐαπτίσθη-

2061 3993 2192 4048 μεν;
2223 3976 2614 4046 Συνετάφημεν
2645 3969 2737 4028 οὖν
2767 3973 2916 4044 αὐτῷ
2941 3972 3030 4026 διὰ
3047 3970 3142 4025 τοῦ
3171 3971 3550 4042 βαπτίσματος
3570 3970 3648 4030 είς

2055 4069 2146 4124 τὸν
2187 4069 2438 4123 θάνατον·
2467 4067 2558 4120 ἵνα
2589 4066 2778 4138 ὥσπερ
2805 4065 3015 4135 ἠγέρθη
3059 4062 3294 4136 Χριστὸς
3332 4061 3398 4113 ἐκ
3433 4058 3650 4130 νεκρῶν

2055 4161 2144 4215 διὰ
2169 4162 2268 4232 τῆς
2290 4159 2449 4232 δόξης
2471 4159 2564 4212 τοῦ
2602 4159 2842 4229 Πατρδς,
2874 4157 3016 4210 οὓτω
3062 4157 3157 4208 καὶ
3179 4156 3340 4225 ἡμεῖς
3371 4154 3432 4204 ὲν
3474 4150 3651 4203 καινά⁴

2055 4272 2178 4324 τητι
2225 4254 2370 4324 ζωῆς
2411 4253 2895 4326 περιπατήσωμεν.
2941 4269 2959 4301 ι
3003 4250 3064 4302 '0
3091 4247 3296 4318 Κύριος
3333 4244 3492 4316 ἡμῶν
3546 4243 3652 4311 Ἰη-

374 4331 587 4387 inl'erno
627 4336 944 4402 despoliato,
997 4337 1396 4406 spirituumque
1435 4340 1802 4405 multitudine,
1835 4356 1941 4410 qua

2060 4346 2184 4411 σοῦς
2225 4345 2459 4418 Χριστὸς
2508 4343 2812 4406 σκυλεύσας
2855 4343 2948 4396 τὸν
2988 4341 3144 4412 ᾅδην,
3189 4342 3281 4392 καὶ
3316 4337 3428 4391 τῶν
3470 4338 3651 4389 ἐκεῖσε

373 4423 429 4478 in
460 4422 829 4477 subterraneis
863 4425 1116 4481 claustris
1153 4429 1514 4494 detinebatur,
1553 4431 1676 4485 inde
1705 4431 1941 4498 liberata,

2069 4457 2138 4510 μυ
2146 4407 2252 4508 γῶν
2277 4407 2382 4508 ¹τὴν
2409 4407 2516 4491 των
2545 4434 2979 4506 καθειρχθέντων
2999 4407 3336 4501 μάτων
3367 4427 3650 4489 ἀπολύσας

375 4516 534 4571 tertia
567 4516 653 4570 die
681 4518 1074 4573 ressuscitatus
1102 4521 1322 4584 revixit,
1347 4522 1728 4592 redivivusque
1752 4527 1958 4581 sanctis

375 4607 636 4679 apostolis
698 4602 836 4664 dixit
880 4628 894 4665 :
934 4610 1187 4664 «Euntes
1239 4613 1432 4666 docete
1487 4629 1678 4669 omnes
1741 4629 1955 4684 gentes,

374 4699 724 4768 baptizantes
761 4715 856 4756 eos
897 4701 950 4755 in
997 4701 1219 4756 nomine
1253 4701 1453 4764 Patris.
1484 4714 1537 4759 et
1563 4704 1708 4772 Filii,
1741 4719 1796 4761 et
1831 4708 1956 4776 Spi-

377 4793 519 4846 ritus
549 4793 723 4848 sancti
744 4793 809 4846 “.
841 4791 976 4848 Cum
1010 4793 1172 4864 igitur
1204 4803 1262 4848 ut
1297 4796 1349 4848 iu
1389 4812 1495 4850 uno
1529 4796 1704 4854 Patris
1738 4801 1956 4855 nomine

376 4885 736 4955 baptizamur.
779 4886 852 4941 ita
883 4888 934 4940 in
967 4903 1073 4940 uno
1105 4901 1322 4956 quoque
1363 4887 1485 4942 Filii
1515 4891 1761 4956 nomine,
1811 4892 1958 4961 ejus-

378 4979 612 5046 demque
665 4990 839 5034 morte
897 4987 954 5031 et
1002 4977 1207 5048 Spiritu
1269 4990 1461 5034 saneto
1510 4983 1827 5039 abluamur:
1865 4987 1956 5053 qui

379 5084 546 5124 unum
579 5068 861 5125 Dominum
903 5079 1146 5125 nostrum
1192 5069 1381 5126 Jesum
1410 5071 1689 5128 Christum
1730 5076 1782 5129 in
1825 5077 1959 5132 duos

381 5160 523 5217 [Ilios
543 5162 809 5228 dividunt,
843 5161 1230 5233 hominemque
1255 5163 1552 5218 secundum
1583 5165 1752 5219 solam
1787 5167 1959 5237 digni-

384 5252 512 5307 tatis
551 5253 636 5308 vel
667 5255 1008 5309 auctoritatis
1054 5255 1418 5324 a‘qualitatem
1451 5255 1561 5311 Deo
1603 5255 1955 5325 conjunctum

2065 4528 2294 4597 πληθὺν,
2335 4525 2533 4579 ἀνεϐίω
2565 4525 2885 4595 τριήμερος.
2921 4518 3055 4575 Εἶτα
3098 4524 3210 4583 τοῖς
3241 4519 3422 4588 ἁγίοις
3443 4519 3650 4586 ἔφασκε

2067 4617 2372 4688 μαθηταῖςο
2432 4635 2451 4666 ‹
2499 4612 2866 4684 Πορευθέντες
2908 4610 3288 4683 μαθητεύσατε
3350 4609 3534 4661 πάντα
3586 4604 3652 4656 τὰ

2065 4707 2214 4779 ἔθνη,
2245 4705 2598 4777 βαπτίζοντες
2627 4705 2824 4768 αὐτοὺς
2854 4706 2933 4766 είς
2977 4703 3038 4756 τὸ
3083 4703 3249 4771 ὄνομα
3276 4699 3371 4752 τοῦ
3413 4699 3651 4766 Πατρὸς,

2063 4801 2157 4856 καὶ
2195 4798 2288 4853 τοῦ
2322 4796 2474 4864 Υἱοῦ,
2505 4798 2597 4850 κειιῖ⁵
2634 4796 2723 4850 τοῦ
2771 4796 2926 4868 ἁγίου
2954 4795 3288 4861 Πνεύματος.
3328 4811 3346 4844 ι
3377 4788 3656 4852 Bern-utri-

2072 4888 2211 4960 μεθα
2249 4886 2428 4940 τοίνυν
2447 4886 2634 4957 ὥσπερ
2656 4887 2736 4949 είς
2760 4886 2818 4938 ἓν
2855 4885 3024 4955 ὄνομα
3047 4883 3140 4937 τοῦ
3181 4880 3411 4952 Πατρὸς,
3447 4880 3547 4932 καὶ
3578 4880 3656 4940 εἰς

2029 5019 2032 5024 -
2070 4980 2128 5034 ἓν
2153 4980 2324 5050 ὄνομα
2338 4979 2432 5032 τοῦ
2459 4979 2824 5042 Υίοῦ,καὶεῑς
2838 4978 2929 5030 τὸν
2959 4976 3189 5029 θάνατον
3221 4972 3410 5034 αὑτοῦ,
3442 4971 3542 5025 καὶ
3576 4972 3658 5033 εἰς

2059 5073 2123 5127 τὸ
2152 5072 2376 5144 Πνεῦμα
2405 5073 2466 5126 τὸ
2503 5072 2678 5141 ἅγιον.
2729 5069 3143 5123 Διδασκέτωσαν
3175 5067 3356 5120 τοίνυν
3392 5065 3443 5117 οἱ
3481 5064 3659 5134 διορί-

2062 5165 2247 5230 ζοντες
2279 5165 2361 5226 εἰς
2399 5164 2549 5227 υἱοὺς
2579 5163 2674 5217 δύο
2708 5163 2799 5216 τὸν
2821 5163 2918 5215 ἕνα
2949 5160 3184 5232 Χριστὸν
3222 5157 3317 5213 καὶ
3372 5156 3528 5219 Υίδν,
3567 5155 3666 5208 ἇν-

2063 5255 2283 5328 θρωπόν
2328 5273 2388 5310 τε
2439 5255 2558 5327 Θεῷ
2595 5254 2934 5326 συναφθῆναι
2988 5252 3240 5322 λέγοντες
3279 5249 3426 5305 κατά
3481 5249 3655 5320 μόνην

454 5402 500 5436 ³³
533 5400 693 5459 Joao.
717 5422 776 5473 ιι,
803 5407 892 5464 19.
969 5408 1013 5441 ²¹
1054 5407 1211 5465 Rom.
1241 5425 1314 5477 tv,
1352 5410 1437 5465 l7.
1518 5410 1562 5442 ³³
1589 5409 1744 5467 Rom.
1779 5427 1853 5477 vt,
1887 5411 1941 5465 1-

2080 5410 2127 5443 ³⁸
2156 5410 2348 5468 Matth.
2381 5426 2572 5477 xxvm,
2631 5411 2720 5468 i9.

1487 5547 1662 5603 Variae
1695 5547 1957 5605 lectiones
1986 5548 2193 5606 codicis
2221 5547 2588 5620 Seguieriani.

465 5672 814 5748 ίὸμοούσιος.
895 5679 909 5727 i
947 5679 1004 5732 ἐν
1040 5682 1198 5751 imm.
