3952 6200
315 310 458 372 μου

1127 313 1222 371 ΑΒ
1257 311 1556 371 ΒΕΘΙΝᾹδ
1592 266 1680 373 DE
1719 311 1946 369 RECTA
1990 312 2146 370 FIDE
2181 311 2442 369 ORATIO
2477 313 2778 369 ALTERA.

3439 313 3575 370 “to

317 428 420 502 τὴν
451 425 670 498 ίσότητα
694 426 790 500 τῆς
814 425 990 496 ἀξίας,
1015 429 1183 500 ἤγουν
1211 429 1522 494 αὐθεντίας,
1552 429 1895 502 διῃρημένων

2003 426 2172 483 fuisse
2200 429 2555 496 contendunt,
2584 429 2796 484 naturis
2821 426 3036 483 interim
3063 429 3416 501 personisque
3434 431 3576 486 divi-

319 523 428 576 τῶν
458 519 694 590 φύσεων,
745 522 825 583 είς
855 520 947 574 τὸν
991 521 1137 585 τίνος
1171 521 1414 592 ,θάνατον
1461 521 1892 592 ἐϐαπτίσθημεν.

319 614 385 666 Εί
417 613 516 683 μὲν
545 607 638 666 οῦν
675 611 856 676 ίδικῶς
893 613 974 676 είς
1013 613 1104 666 τὸν
1135 612 1229 666 τοῦ
1269 613 1404 667 Θεοῦ
1433 613 1628 682 Λόγον,
1657 629 1896 684 κατηγο-

324 702 558 773 ρήσομεν
586 701 830 772 ἐναργῶς
853 703 949 772 τῆς
979 702 1258 774 ἀκηράτου
1283 703 1499 772 φύσεως
1534 703 1632 774 τὴν
1665 701 1894 772 φθορὰν,

319 794 414 848 καὶ
455 793 826 865 καθοριοῦμεν
869 795 1095 849 θάνατον
1122 795 1222 866 τῆς
1259 799 1400 851 κατὰ
1446 796 1605 866 φύσιν
1638 796 1800 866 ζωῆς.
1833 796 1896 848 El

317 882 373 935 δὲ
400 882 463 954 δὴ
515 886 693 953 φαῖεν,
744 885 826 937 ὃτι
869 883 963 936 τοῦ
1005 886 1068 938 ὲκ
1115 885 1374 954 γυναικὸς
1412 885 1517 955 ibi;
1554 902 1612 938 τε
1661 885 1754 938 καὶ
1793 885 1897 939 ἀνά

319 972 487 1045 μέρος
533 973 628 1026 καὶ
667 973 791 1027 καθ’
829 974 1023 1028 ἑαυτὸν
1065 975 1394 1046 νοουμένου,
1429 975 1548 1039 πῶς
1574 975 1634 1027 οὐ
1675 974 1896 1027 κάκεῖνό

315 1075 479 1129 φασιν
505 1060 829 1128 ἀναφανδὸν,
867 1061 951 1114 ὅτι
989 1061 1202 1126 πάντως
1238 1063 1399 1128 αὐτὸς
1434 1064 1518 1133 εἴη
1554 1063 1620 1116 ἂν
1648 1066 1675 1116 ὁ
1706 1080 1895 1116 συντε-

314 1149 584 1220 ταγμένος
630 1149 708 1220 τῷ
740 1152 914 1221 Πατρὶ
959 1153 1162 1225 καὶτῷ
1198 1155 1340 1224 ἁγίῳ
1387 1154 1705 1226 Πνεῦματι,
1752 1155 1892 1225 τάχα

314 1257 418 1294 που
457 1241 553 1294 καὶ
603 1240 928 1307 ὲξωσθέντος
978 1243 1078 1314 τῆς
1110 1244 1343 1316 ἀληθοῦς
1396 1246 1644 1316 υίότητος
1676 1243 1769 1297 τοῦ
1830 1245 1895 1298 ὲκ

313 1330 451 1384 Θεοῦ
479 1331 674 1400 φύντος
703 1333 876 1401 Λόγου
899 1375 913 1400 ,
950 1334 1110 1405 είπερ
1136 1335 1252 1388 ἐστὶ
1275 1334 1503 1388 Θανάτου
1533 1335 1797 1398 δεκτικὸς.
1834 1328 1895 1389 οῦ

311 1422 409 1475 καὶ
437 1423 518 1485 είς
562 1422 653 1477 τὸν
685 1423 916 1479 θάνατον
971 1424 1418 1497 βεὸαπτίσμεθας
1481 1427 1622 1480 Ἀλλ’
1655 1429 1757 1498 ὁρᾷ
1791 1444 1894 1480 που

311 1509 536 1574 πάντως
567 1513 596 1565 ό
627 1511 752 1566 νοῦν
783 1512 922 1583 ἔχων
953 1513 1381 1586 διεγηγερμένον
1412 1515 1510 1586 τὴν
1534 1515 1642 1568 τῶν
1675 1515 1896 1569 ὲννοιῶν

309 1601 563 1656 ἀτοπίαν.
621 1601 830 1655 Οὐκοῦν
877 1603 1090 1675 ἀνάγκη
1142 1607 1303 1670 νοεῖν,
1348 1605 1428 1657 ὅτι
1476 1605 1716 1673 γεγονὼς
1770 1604 1896 1658 καθ’

308 1693 464 1763 ἡμᾶς
491 1693 520 1744 ό
548 1691 640 1746 τοῦ
679 1691 813 1744 Θεοῦ
847 1693 1020 1760 Λόγος
1046 1733 1084 1756 ,.
1106 1696 1271 1765 σαρκὶ
1302 1694 1571 1746 πέπονθεν
1603 1695 1765 1747 ἑκών.
1799 1695 1896 1747 Βε-

2011 519 2115 573 sim
2162 519 2601 584 subsistentibus,
2648 519 2683 574 ii
2733 535 2832 574 nos
2873 520 3122 585 doceant,
3165 512 3241 575 ini
3271 522 3574 575 utriusnam

1999 613 2228 660 mortem
2270 606 2527 674 baptizati
2569 608 2762 665 simus.
2793 606 2924 661 Nam
2962 610 3007 664 si
3040 610 3089 664 in
3120 610 3283 664 divini
3315 609 3578 674 Verbi,ut

2007 709 2256 750 seorsum
2282 712 2377 767 per
2405 712 2464 752 se
2503 697 2684 754 animo
2715 700 3039 768 concipitur,
3077 712 3302 756 mortem
3335 703 3577 770 baptiza-

2000 792 2083 842 tos
2115 802 2212 841 nos
2250 788 2470 857 dicunt;
2497 789 2891 860 incorruptibili
2921 803 3131 848 natura:
3173 794 3574 862 corruptionem

1999 877 2160 949 plane
2188 879 2510 947 tribuemus,
2550 892 2604 936 et
2635 882 2708 936 illi
2738 886 2829 948 qui
2860 895 3052 954 suapte
3096 895 3287 940 natura
3323 887 3431 940 vita
3470 893 3573 952 est,

2001 974 2231 1021 mortem
2281 969 2635 1024 ascribemus.
2675 971 2769 1025 Sin
2797 981 2976 1024 autem
3019 987 3116 1026 nos
3148 972 3201 1025 in
3247 971 3386 1026 illius
3420 987 3578 1026 mor-

1999 1062 2109 1111 tem
2142 1057 2351 1112 ablutos
2388 1059 2788 1128 responderint,
2841 1061 2930 1130 qui
2977 1061 3195 1131 proprie
3238 1076 3480 1116 seorsum
3523 1067 3579 1116 et

1998 1165 2095 1220 per
2156 1163 2214 1204 se
2278 1166 2342 1205 ex
2397 1165 2554 1205 sacra
2601 1149 2823 1222 Virgine
2879 1160 3030 1207 citus
3082 1152 3450 1223 intelligitur;
3486 1152 3578 1222 qui

2000 1243 2117 1298 ﬁeri
2140 1252 2316 1313 potest
2343 1255 2424 1310 ut,
2457 1244 2602 1298 illum
2637 1245 2858 1298 omnino
2891 1260 3031 1309 esse,
3058 1246 3148 1314 qui
3179 1245 3421 1315 ejusdem
3455 1259 3579 1300 cum

1998 1329 2160 1386 Patre
2209 1341 2262 1387 et
2305 1332 2510 1402 Spiritu
2554 1342 2743 1388 sancto
2801 1334 3009 1388 ordinis
3051 1345 3103 1390 et
3146 1335 3424 1405 dignitatis
3471 1344 3577 1399 est,

2000 1424 2203 1480 diserte
2234 1424 2773 1494 non'proliteantur;
2807 1426 3041 1481 fortasse
3086 1426 3250 1480 etiam
3283 1425 3465 1496 genito
3507 1440 3578 1480 ex

2003 1514 2110 1569 Deo
2138 1513 2316 1569 Verbo
2353 1530 2482 1569 vera
2518 1515 2780 1570 ﬁliatione
2811 1516 3066 1584 spoliato,
3097 1518 3141 1571 si
3185 1517 3376 1571 mortis
3411 1531 3580 1585 capax

2000 1605 2088 1659 ille
2116 1615 2220 1671 est,
2250 1604 2303 1658 in
2349 1603 2505 1672 cujus
2540 1615 2768 1660 mortem
2806 1605 3065 1673 baptizati
3086 1607 3312 1661 sumus?
3339 1608 3407 1660 At
3434 1607 3582 1676 quis,

1999 1710 2204 1764 qumso,
2230 1697 2315 1749 cui
2351 1697 2513 1749 modo
2545 1711 2698 1750 mens
2722 1697 2921 1764 vigeat,
2956 1699 3299 1753 manifestam
3323 1699 3582 1755 doctrinas

309 1780 665 1850 ϐαπτίσμεθα
712 1782 823 1850 γὰρ
872 1780 1045 1845 οὕτως
1079 1783 1160 1844 είς
1197 1783 1288 1835 τὸν
1320 1783 1485 1836 αὑτοῦ
1522 1781 1769 1850 θάνατον,
1822 1784 1895 1848 ὠς

2003 1787 2163 1855 hujus
2199 1786 2589 1840 absurditalem
2640 1803 2747 1841 non
2783 1788 3226 1844 animadvertat?
3261 1790 3583 1848 Necessario

308 1872 434 1935 ἑνὸς
469 1871 621 1935 ὂντος
652 1871 786 1925 Υίοῦ
808 1913 822 1938 ,
858 1873 1000 1926 κατὰ
1029 1874 1126 1944 μὲν
1159 1874 1257 1944 τὴν
1304 1875 1404 1938 τῆς
1445 1874 1694 1945 θεότητος
1731 1877 1894 1945 φύσιν

312 1962 564 2026 ἀπαθοῦς
584 2004 600 2030 ,
630 1963 876 2034 παθητοῦ
905 1964 960 2017 δὲ
992 1965 1133 2019 κατά
1151 1965 1250 2036 τὴν
1278 1967 1476 2036 σάρκα.
1515 1966 1636 2020 Ὀτι
1663 1967 1717 2019 δὲ
1745 1969 1894 2037 ἡμᾶς

313 2055 396 2118 εἰς
430 2053 727 2124 καινότητα
781 2053 928 2123 ζωῆς
979 2056 1347 2126 μεταπλάττει
1384 2057 1620 2126 Χριστὸς
1667 2058 1754 2110 διὰ
1791 2059 1892 2129 τῆς

313 2143 666 2206 ἀναστάσεως
688 2183 704 2209 ,
735 2143 854 2208 πῶς
886 2143 952 2197 ἂν
979 2145 1272 2199 ὲνδοιάσειέ
1302 2163 1389 2209 τις
1417 2163 1431 2211 ;
1461 2147 1758 2216 παρίστησι
1784 2151 1892 2221 γὰρ

311 2235 465 2304 ἡμᾶς
497 2233 672 2304 ἑαυτῷ
703 2251 763 2287 τε
794 2235 888 2287 καὶ⁵
924 2235 1002 2305 τῷ
1034 2236 1210 2306 Πατρὶ
1239 2236 1371 2288 ὡσεὶ
1405 2237 1470 2288 ὲκ
1511 2238 1718 2304 νεκρῶν
1758 2237 1892 2301 ζῶνο

312 2343 434 2391 τας,
490 2326 630 2380 καθὰ
677 2326 1033 2396 γέγραπται·
1070 2347 1088 2378 ι
1115 2328 1224 2381 Καὶ
1273 2327 1643 2390 ἀποθανόντας
1694 2328 1792 2398 μὲν
1826 2334 1892 2402 τῇ

313 2419 578 2490 ἁμαρτίᾳ,
610 2417 816 2482 ζῶντας
854 2418 910 2472 δὲ
934 2421 999 2490 τῇ
1033 2418 1364 2492 δικαιοσύνῃ.
1411 2437 1430 2470 ι

2003 1880 2185 1948 itaque
2208 1879 2551 1933 statuendum
2603 1888 2688 1933 est
2732 1879 2826 1933 Dei
2856 1881 3083 1935 Verbum
3111 1882 3287 1938 simile
3321 1883 3476 1939 nobis
3504 1883 3584 1939 fa-

2002 1979 2148 2026 ctum
2178 1984 2298 2024 esse
2351 1982 2690 2039 mortemque
2734 1971 2788 2026 in
2830 1987 2996 2026 carne
3025 1973 3167 2028 ultro
3191 1973 3445 2031 subiisse.
3469 1974 3583 2032 Hac

2001 2061 2142 2114 enim
2176 2061 2386 2114 ratione
2421 2060 2473 2113 in
2512 2070 2738 2115 mortem
2768 2061 2912 2116 illius
2943 2062 3200 2132 baptizati
3222 2079 3432 2129 sumus,
3455 2080 3580 2120 cum

2000 2168 2104 2206 non
2148 2153 2247 2205 nisi
2273 2167 2409 2206 unus
2440 2161 2647 2206 tantum
2683 2152 2755 2207 sit
2791 2152 2981 2221 Filius,
3012 2155 3103 2224 qui
3138 2155 3356 2224 quidem
3388 2171 3585 2212 secun-

1999 2242 2123 2296 dum
2153 2243 2453 2297 divinitatis
2483 2253 2732 2304 naturam
2771 2245 2883 2312 pati
2905 2245 3039 2298 nihil
3065 2247 3262 2314 potuit,
3283 2247 3581 2302 secundum

2003 2335 2292 2388 humanam
2345 2343 2528 2387 autem
2593 2335 2788 2401 potuit.
2841 2336 3088 2390 Tandem
3150 2337 3296 2404 quod
3332 2335 3626 2394 Christns'

2004 2438 2101 2493 per
2123 2425 2580 2477 resurrectionem
2617 2424 2668 2476 in
2701 2425 2828 2479 vitae
2865 2426 3162 2478 novitatem
3194 2440 3294 2480 nos
3317 2425 3583 2483 transfor-

313 2519 449 2573 met,
483 2510 534 2564 id
566 2509 619 2564 in
649 2510 1006 2578 quaestionem
1045 2525 1152 2564 non
1188 2512 1353 2565 cadit.
1403 2511 1557 2567 Sistit
1602 2512 1746 2567 enim
1791 2527 1890 2567 nos
1918 2513 2085 2567 veluti
2126 2528 2190 2566 ex
2228 2513 2455 2567 mortuis
2485 2513 2731 2568 viventes
2780 2525 2835 2569 et
2868 2515 2971 2570 sibi
3006 2524 3060 2569 et
3095 2515 3263 2573 Patri.
3306 2515 3581 2587 Scriptum

312 2607 398 2654 est
429 2614 660 2665 namque
707 2613 722 2650 :

383 2693 513 2748 Nl".
555 2711 574 2745 t
624 2693 689 2749 El
724 2693 783 2747 δὲ
821 2693 882 2746 τὸ
924 2693 1149 2764 Πνεῦμα
1177 2693 1268 2747 τοῦ
1315 2695 1629 2766 ἐγείραντος
1684 2694 1892 2765 Ἰησοῦν

785 2598 1023 2653 «Μοιιυὶ
1051 2598 1266 2667 quidem
1308 2609 1550 2668 peccato,
1614 2601 1857 2654 viventes
1902 2609 2080 2655 autem
2102 2599 2416 2666 justitias”.
2457 2619 2476 2652 ι

2073 2694 2206 2748 Llll.
2240 2713 2258 2745 ι
2282 2697 2434 2762 Quod
2461 2695 2504 2749 si
2541 2695 2774 2762 Spiritus
2808 2693 2920 2766 ejus
2954 2696 3046 2766 qui
3081 2696 3360 2751 suscitavit
3392 2696 3578 2753 Jesum

311 2785 552 2860 Χριστὸν
588 2787 728 2839 οἰκεῖ
756 2788 813 2838 ὲν
837 2787 992 2856 ἡμῖν,
1027 2785 1054 2837 ὁ
1093 2785 1314 2856 ἐγείρας
1343 2787 1408 2838 ὲκ
1440 2784 1649 2856 νεκρῶν
1689 2784 1895 2855 Ἰησοῦν

2003 2784 2274 2841 Christum
2310 2801 2337 2838 a
2373 2786 2619 2849 mortuis,
2659 2787 2866 2841 habitat
2904 2787 2956 2840 in
3003 2787 3177 2851 vobis,
3213 2788 3303 2856 qui
3339 2788 3580 2842 suscita-

310 2877 552 2948 Χριστὸν
585 2875 911 2946 ζωοποιήσει
944 2877 1038 2929 καὶ
1067 2877 1136 2929 τὰ
1165 2875 1335 2946 θνητὰ
1362 2875 1589 2945 σώματα
1620 2875 1776 2946 ἡμῶν
1810 2874 1895 2928 διὰ

2003 2878 2078 2931 vit
2109 2878 2290 2932 .lesum
2319 2877 2596 2931 Christum
2627 2893 2656 2930 a
2711 2877 2963 2943 mortuis,
2993 2877 3288 2933 viviﬁcabit
3329 2879 3582 2934 mortalia

309 2969 406 3023 106
449 2967 783 3030 ἐνοικοῦντος
827 2966 992 3019 αὑτοῦ
1022 2966 1340 3037 Πνεῦματος
1381 2968 1438 3018 ὲν
1467 2968 1599 3036 ἡμῖν
1623 2966 1670 3020 ι.
1714 2987 1732 3018 ο
1777 2966 1895 3038 Ζωὴ

2004 2985 2229 3039 corpora
2264 2979 2444 3024 vestra
2487 2985 2582 3039 per
2627 2968 3024 3024 inhabitantem
3062 2969 3326 3037 Spiritum
3355 2971 3473 3038 ejus
3526 2973 3580 3026 in

314 3061 421 3132 μέν
455 3061 572 3113 ἐστι
617 3059 757 3113 κατὰ
798 3057 960 3128 φύσιν
993 3058 1022 3110 ό
1064 3059 1360 3128 μονογενὴς
1395 3056 1491 3110 τοῦ
1519 3056 1655 3110 Θεοῦ
1693 3057 1896 3124 Λόγος

2003 3064 2156 3118 vobis
2174 3063 2239 3117 ³⁸.
2277 3081 2296 3114 ι
2330 3062 2444 3116 Etsi
2489 3061 2829 3131 unigenitum
2872 3062 2962 3116 Dei
2999 3059 3233 3116 Verbum
3282 3064 3579 3118 secundum

311 3152 505 3224 ἐπειδὴ
523 3152 580 3207 δὲ
611 3151 690 3222 τῷ
720 3151 935 3222 θανάτῳ
973 3151 1202 3221 κάτοχον
1231 3150 1546 3221 ἠμπέσχετο
1576 3150 1734 3220 σῶμα
1757 3189 1770 3213 ,
1807 3151 1895 3202 καὶ

2005 3164 2253 3207 naturam
2278 3152 2385 3207 vita
2412 3161 2528 3207 est:
2556 3160 2794 3207 attamen
2824 3155 2966 3222 quod
2997 3167 3197 3222 corpus
3225 3153 3384 3207 morti
3407 3153 3581 3208 obno-

309 3244 502 3315 χάριτι
530 3243 632 3314 μὲν
677 3241 812 3296 Θεοῦ
851 3242 938 3295 διὰ
981 3241 1083 3312 τῆς
1119 3243 1255 3307 ἰδίας
1287 3242 1486 3313 σαρκὸς
1532 3243 1672 3313 ὑπὲρ
1700 3240 1900 3303 παντὸς

309 3334 583 3405 ἐγεύσατο
611 3334 865 3399 θανάτου,
886 3333 1084 3398 θεῖκῶς
1120 3352 1183 3404 γε
1213 3335 1320 3406 μὴν
1352 3333 1576 3396 ἀνεϐίω,
1615 3354 1633 3385 ι
1667 3332 1792 3386 καθ’
1816 3333 1899 3385 ὃτι

307 3429 415 3481 οὐκ
444 3423 512 3498 ἦν
539 3427 763 3479 δυνατὸν
789 3424 1109 3497 κρατεῖσθαι
1135 3425 1295 3478 αὐτὸν
1328 3425 1419 3477 ὑπ’
1444 3423 1609 3477 αὑτοῦ
1641 3420 1683 3476 ι.
1712 3443 1730 3474 ι
1753 3421 1900 3476 Ταύ-

309 3537 380 3594 τῃ
407 3536 514 3585 τοι,
542 3518 754 3587 κατάγε
777 3519 902 3581 τοὺς
933 3517 1136 3589 ἀρτίως
1153 3517 1286 3587 ἡμῖν
1305 3515 1666 3579 ἁποδοθέντας
1677 3515 1896 3584 λόγους,

311 3613 620 3684 ὲγηγέρθαι
661 3611 881 3680 λέγεται
904 3609 1058 3680 παρὰ
1083 3607 1176 3661 τοῦ
1199 3607 1434 3678 Πατρός.
1464 3607 1610 3678 Πλὴν
1635 3609 1810 3661 ἐκεῖνο
1835 3607 1899 3680 δὴ

310 3703 483 3756 πάλιν
540 3701 675 3772 φέρε
697 3699 760 3770 δὴ
782 3737 797 3762 ,
835 3697 970 3768 φέρε
1000 3697 1452 3767 καταθρήσωμεν,
1479 3697 1528 3750 εἰ
1555 3696 1722 3750 δοκεῖ’
1754 3699 1898 3751 Zma-

313 3791 568 3861 ποιήσειν
589 3791 690 3861 ἔφη
717 3790 808 3843 τὸν
830 3789 1049 3860 Πατέρα
1071 3789 1164 3842 καί⁵
1179 3788 1249 3841 τὰ
1271 3789 1304 3858 ἡ
1312 3787 1429 3858 μῶν
1451 3787 1680 3858 σώματα
1698 3787 1785 3841 διὰ
1803 3786 1898 3840 τοῦ

312 3879 638 3951 Πνεῦματος
665 3879 831 3933 αὐτοῦ
853 3879 1195 3941 ἐνοικοῦντος
1219 3879 1278 3932 ὲν
1305 3880 1458 3948 ἡμῖν·
1480 3879 1575 3931 καὶ
1603 3878 1802 3950 ἀληθὲς
1817 3879 1900 3930 ὅτι

314 3973 378 4025 τὸ
396 3972 589 4044 χρῆμά
605 3973 772 4036 ἐστιν,
790 3971 890 4024 οὐκ
914 3971 980 4024 ἂν
1003 3969 1293 4023 ὲνδοιάσειέ
1320 3985 1424 4030 τις’
1459 3969 1574 4023 ἀλλ’
1599 3969 1731 4023 αὐτὸ
1753 3967 1816 4039 δὴ
1838 3968 1900 4021 τὸ

317 4063 546 4134 Πνεῦμα
559 4062 621 4116 τὸ
637 4061 958 4126 ζωοποιοῦν,
981 4061 1074 4114 καὶ⁵
1089 4059 1253 4113 αὑτοῦ
1269 4060 1494 4130 Πνεῦμά
1509 4061 1624 4113 ἐστι
1637 4058 1895 4130 Χριστοῦο

315 4153 628 4225 γέγραπται
659 4153 789 4224 γὰρ,
826 4153 910 4206 ὅτι
939 4169 958 4204 ι
981 4153 1171 4222 Ὑμεῖς
1202 4153 1300 4222 μὲν
1333 4153 1434 4205 οὐκ
1462 4151 1586 4204 ὲστὲ
1615 4153 1673 4204 ὲν
1702 4151 1898 4221 σαρκὶ,

316 4240 436 4293 ἀλλ’
468 4243 526 4294 ὲν
560 4241 854 4311 πνεύματι,
894 4239 1055 4310 εἴπερ
1083 4240 1308 4312 Πνεῦμα
1333 4240 1465 4294 Θεοῦ
1493 4241 1634 4293 οίκεῖ
1665 4241 1723 4293 ὲν
1749 4240 1896 4311 ὑμῖν.

2007 3243 2156 3296 xium
2190 3242 2447 3309 induerit,
2495 3241 2653 3314 174
2694 3242 2866 3311 gratia
2912 3241 3002 3296 Dei
3030 3258 3127 3312 per
3158 3244 3430 3313 propriam
3462 3257 3584 3297 car-

2002 3348 2122 3386 nem
2150 3346 2248 3402 pro
2270 3334 2520 3388 omnibus
2540 3335 2777 3404 gustavit
2808 3342 3038 3388 mortem
3062 3333 3106 3367 ³⁷
3135 3349 3149 3399 ;
3181 3349 3365 3388 verum
3396 3334 3579 3388 divina

2001 3425 2205 3478 virtute
2235 3425 2302 3478 ad
2330 3426 2498 3478 vitam
2530 3425 2712 3491 rediit,
2747 3443 2766 3477 ι
2795 3435 3068 3491 quatenus
3097 3426 3432 3495 impossibile
3460 3435 3584 3482 erat

2002 3529 2031 3567 a
2063 3525 2237 3569 morte
2267 3514 2415 3569 illum
2453 3517 2622 3570 teneri
2641 3514 2707 3568 ³⁸.
2741 3534 2760 3568 ι
2791 3514 2873 3570 0b
2906 3516 3004 3572 has
3048 3517 3233 3586 itaque
3275 3517 3516 3574 rationes
3547 3533 3580 3575 a

2001 3605 2161 3662 Patre
2195 3620 2226 3661 e
2256 3607 2483 3662 mortuis
2521 3609 2887 3663 exsuscitatus
2913 3609 3138 3664 dicitur.
3188 3606 3308 3663 Jam
3333 3624 3463 3665 vero
3487 3625 3581 3667 ac-

2003 3705 2208 3762 curate,
2251 3697 2296 3751 si
2328 3697 2565 3762 videtur,
2615 3699 3011 3766 expendamus,
3052 3699 3328 3766 quomodo
3361 3698 3578 3754 Patrem

2001 3788 2250 3842 mortalia
2277 3803 2494 3858 quoque
2529 3799 2714 3842 nostra
2740 3802 2968 3856 corpora
3006 3803 3104 3858 per
3125 3788 3388 3856 Spiritum
3421 3804 3579 3844 suum

2001 3879 2093 3948 qui
2126 3878 2337 3932 habitat
2381 3878 2434 3931 in
2469 3878 2648 3944 nobis,
2678 3879 3080 3933 viviﬁcaturum
3113 3879 3388 3948 praedicet.
3429 3879 3578 3934 Vivi-

2001 3968 2183 4023 ﬂcabit
2217 3969 2421 4038 itaque,
2454 3983 2630 4037 neque
2665 3969 2730 4024 de
2765 3969 2924 4039 hujus
2953 3971 3029 4025 rei
3055 3969 3285 4025 veritate
3329 3972 3580 4029 dubitare

2001 4061 2180 4116 licet:
2237 4069 2612 4115 verumtamen
2656 4061 2795 4116 idem
2845 4061 2938 4116 ille
2994 4062 3241 4117 vivillcus
3302 4062 3576 4133 Spiritus,

2000 4147 2202 4203 Christi
2238 4162 2458 4218 quoque
2497 4148 2742 4218 Spiritus
2771 4158 2876 4204 est.
2931 4148 3206 4220 Scriptum
3257 4161 3344 4206 est
3391 4153 3577 4208 enim:

2007 4257 2025 4292 t
2062 4241 2169 4295 Vos
2206 4256 2308 4296 non
2342 4243 2477 4297 estis
2507 4242 2558 4296 in
2585 4256 2774 4307 carne,
2807 4247 2902 4299 sed
2955 4244 3009 4298 in
3058 4245 3289 4314 spiritu;
3319 4246 3364 4300 si
3399 4255 3579 4302 tamen

316 4328 383 4382 Εί
416 4331 474 4385 δέ
501 4349 584 4395 τις
606 4331 832 4402 Πνεῦμα
859 4330 1096 4403 Χριστοῦ
1122 4331 1221 4384 οὐκ
1253 4331 1388 4403 ἔχει,
1422 4323 1580 4395 οὗτος
1613 4331 1713 4385 οὐκ
1753 4331 1895 4385 ἐστιν

2003 4329 2240 4403 Spiritus
2264 4333 2354 4386 Dei
2390 4334 2603 4388 habitat
2633 4335 2684 4388 in
2724 4334 2898 4389 vobis.
2935 4335 2992 4390 Si
3029 4337 3154 4404 quis
3193 4346 3373 4391 autem
3406 4336 3582 4406 Spiri-

315 4423 510 4480 αὐτοῦ.
555 4445 574 4478 ι
626 4425 738 4479 Καὶ
781 4425 944 4479 πάλιν
991 4426 1118 4494 περὶ
1173 4425 1282 4478 τῶν
1335 4425 1508 4494 ἁγίων
1561 4425 1895 4478 ἀποστόλων*

2002 4434 2112 4478 tum
2158 4425 2361 4481 Christi
2412 4441 2518 4481 non
2581 4425 2762 4490 habet,
2798 4427 2886 4482 hic
2919 4443 3027 4483 non
3061 4436 3142 4483 est
3197 4428 3400 4498 ejus".
3442 4449 3461 4482 ι
3515 4429 3577 4484 Et

320 4535 342 4567 r
388 4517 663 4581 Ἐλθόντες
690 4517 746 4570 δὲ
779 4518 917 4571 κατὰ
945 4518 1046 4591 τὴν
1078 4516 1313 4582 Μυσίαν,
1355 4516 1644 4588 ἐπείραζον
1677 4519 1757 4579 εἰς
1796 4518 1895 4586 τὴν

2004 4533 2217 4572 rursum
2254 4521 2319 4573 de
2373 4520 2578 4574 sanctis
2624 4520 2885 4589 apostolis
2937 4521 3012 4574 ita
3071 4521 3347 4575 scribitur.
3394 4539 3412 4572 ι
3440 4519 3575 4575 Cum

315 4609 572 4663 Βιθυνίαν
624 4610 994 4681 πορευθῆναι,
1045 4609 1142 4662 καὶ
1195 4609 1294 4662 οὐκ
1347 4611 1530 4664 είασεν
1583 4609 1780 4673 αὐτοὺς
1830 4608 1891 4660 τὸ

2002 4609 2278 4663 venissent
2308 4617 2487 4662 autem
2532 4610 2584 4662 in
2613 4607 2864 4679 Mysiam,
2894 4610 3172 4662 tentabant
3206 4608 3283 4660 ire
3304 4607 3356 4659 in
3389 4603 3578 4675 Bithy-

313 4698 543 4771 Πνεῦμα
595 4700 687 4752 τοῦ
749 4702 943 4770 Ἰησοῦ.
1003 4721 1021 4754 ι
1083 4701 1215 4754 Ὅτε
1265 4702 1445 4754 τοίνυν
1498 4701 1629 4754 ῐδιόν
1678 4701 1794 4752 ἐστι
1831 4699 1893 4752 τὸ

2002 4701 2181 4765 niam;
2217 4708 2270 4753 et
2305 4714 2408 4753 non
2444 4699 2696 4768 permisit
2726 4713 2822 4752 eos
2851 4698 3088 4765 Spiritus
3117 4696 3245 4751 Jesu
3267 4695 3337 4749 ".
3381 4712 3400 4746 ι
3437 4693 3573 4750 Cum

313 4793 542 4864 Πνεῦμα
568 4794 662 4846 καὶ
688 4792 851 4845 αὐτοῦ
873 4793 966 4845 τοῦ
998 4795 1397 4864 ὲγηγερμένου,
1428 4795 1607 4848 καίτοι
1634 4794 1728 4847 τοῦ
1755 4792 1889 4846 Θεοῦ

2002 4789 2237 4859 Spiritus
2258 4805 2386 4859 ergo
2411 4790 2579 4856 ipsius
2607 4801 2825 4855 quoque
2857 4786 3170 4840 exsuscitati
3201 4784 3452 4855 proprius
3480 4783 3570 4845 sit.

311 4885 411 4936 καὶ
454 4883 664 4953 nam;
701 4881 1092 4947 ζωοποιοῦντος
1139 4885 1288 4952 ἡμᾶς
1335 4887 1394 4938 ὲν
1424 4885 1736 4954 Πνεῦματι,
1773 4884 1892 4947 πῶς

2002 4878 2348 4946 quantumvis
2399 4877 2541 4931 Deus
2583 4875 2746 4930 Pater
2788 4877 2840 4929 in
2883 4875 3092 4944 Spiritu
3154 4891 3254 4931 nos
3297 4873 3574 4930 viviﬁcare

312 4974 463 5028 ἐστιν
502 4973 892 5045 ἁμφιΰάλλειν,
926 4975 1007 5027 ὅτι
1050 4974 1366 5046 πέπρακται
1401 4975 1499 5044 μὲν
1544 4977 1673 5046 περὶ
1704 4975 1766 5028 τὸ
1793 4977 1889 5029 ἁν-

2002 4966 2238 5031 dicatur;
2265 4966 2385 5033 quis
2417 4963 2660 5034 ambigat
2711 4967 3169 5020 resurrectionem
3197 4965 3248 5020 in
3277 4966 3571 5020 humanam

1996 5066 2243 5111 naturam
2277 5055 2343 5109 ad
2390 5071 2513 5111 eum
2551 5055 2766 5110 modum
2816 5055 3100 5121 cecidisse,
3142 5062 3200 5109 ut
3233 5069 3352 5110 eam
3392 5063 3570 5108 tamen

1994 5146 2137 5201 Deus
2174 5145 2410 5202 Verbum
2459 5162 2563 5201 una
2611 5161 2734 5202 cum
2773 5147 2950 5211 Patre,
2978 5160 3064 5200 ex
3104 5161 3216 5216 quo
3250 5145 3570 5201 naturaliter

1991 5239 2257 5310 procedit.
2282 5237 2548 5301 olfecerit,
2583 5237 2741 5305 cujus
2765 5237 3014 5293 vivillcus
3040 5237 3130 5293 ille
3169 5237 3406 5308 Spiritus
3443 5251 3572 5307 pro-

1993 5329 2142 5400 prius
2177 5342 2393 5397 quoque
2433 5326 2686 5382 exsistit?

312 5067 591 5135 υρώπινον
626 5071 659 5138 ἡ
690 5068 1004 5130 ἀνάστασις,
1035 5067 1309 5139 ὲνήργηκε
1348 5067 1405 5119 δὲ
1434 5065 1494 5118 τὸ
1528 5066 1715 5136 χρῆμα
1751 5065 1891 5135 μετὰ

310 5158 409 5212 τοῦ
431 5161 561 5214 ἰδίου
589 5161 802 5230 Πατρὸς
823 5160 852 5211 ὁ
878 5159 936 5226 ἐξ
973 5159 1138 5214 αὑτοῦ
1164 5159 1305 5212 κατὰ
1335 5159 1495 5227 φύσιν
1518 5157 1650 5220 Θεὸς
1681 5157 1854 5224 Λόγος
1873 5192 1890 5221 ,

310 5245 374 5304 οὒ
403 5254 499 5306 καὶ
522 5252 652 5309 ῐδιόν
687 5255 802 5306 ἐστι
829 5253 889 5306 τὸ
920 5251 1141 5322 Πνεῦμα
1171 5252 1231 5305 τὸ
1256 5251 1552 5316 ζωοποιοῦν
1577 5266 1592 5316 ;

933 5473 978 5504 ⁸⁸
1001 5472 1155 5526 Rom.
1188 5485 1304 5538 vttt,
1333 5469 1418 5526 ll.
1497 5469 1540 5500 ³⁷
1579 5466 1741 5523 liebr.
1783 5481 1843 5531 It,
1879 5467 1895 5521 l

2042 5464 2088 5497 ³⁸
2114 5464 2234 5518 Act.
2269 5478 2330 5526 ιι,
2359 5461 2450 5518 24.
2559 5462 2604 5494 ³⁹
2627 5462 2786 5520 Rom.
2822 5477 2944 5532 vm,
2969 5461 3024 5518 9.
3138 5461 3180 5494 “
3210 5460 3326 5516 Act.
3358 5475 3475 5528 xvt,
3513 5463 3567 5517 7.

1411 5584 1587 5640 Variae
1610 5582 1871 5640 lectiones
1897 5576 2098 5637 codicis
2129 5576 2489 5647 Seguieriani.

387 5471 435 5507 ⁸⁸
457 5475 612 5532 Rom.
642 5489 720 5541 vt,
750 5474 838 5530 15.
933 5473 978 5504 ⁸⁸
1001 5472 1155 5526 Rom.
1188 5485 1304 5538 vttt,
1333 5469 1418 5526 ιι.
1497 5469 1540 5500 ³⁷
1579 5466 1741 5523 liebr.
1783 5481 1843 5531 It,
1879 5467 1895 5521 l

2042 5464 2088 5497 ³⁸
2114 5464 2234 5518 Act.
2269 5478 2330 5526 ιι,
2359 5461 2450 5518 24.
2559 5462 2604 5494 ³⁹
2627 5462 2786 5520 Rom.
2822 5477 2944 5532 vm,
2969 5461 3024 5518 9.

389 5699 415 5742 λ
451 5703 601 5779 ὑμῖν.
679 5699 696 5740 ι
730 5700 835 5756 ὑπὸ
860 5698 953 5754 τοῦ
978 5697 1231 5755 θανάτου.
