3952 6200
351 280 486 339 ΝΗ

1340 274 1398 332 S.
1440 274 1715 331 CYRILLI
1748 270 2230 335 ALEXANDRINI
2269 267 2591 326 ARCHIEI’.

3490 263 3623 319 Hii

419 408 554 467 LW.
588 426 606 460 ι
636 405 718 461 An
749 404 1181 477 experimentum
1208 406 1448 475 quaeritis
1478 405 1616 477 ejus,
1637 406 1726 477 qui
1761 406 1813 460 in
1842 419 1928 460 me

2100 406 2226 461 NA'.
2270 426 2288 459 ι
2329 407 2392 459 Εἰ
2424 406 2479 459 δὲ
2524 400 2753 475 δοκιμὴν
2794 402 3009 473 ζητεῖτε
3036 399 3129 453 τοῦ
3177 398 3235 452 ὲν
3271 398 3400 469 ἐμοὶ
3442 409 3486 439 II
3530 399 3630 452 λα-

349 503 588 572 loquitur
614 498 903 555 Christus:
933 499 1025 569 qui
1056 499 1108 553 in
1145 498 1299 553 nobis
1337 514 1443 553 non
1473 498 1804 567 inﬁrmatur,
1836 500 1931 553 sed

347 603 539 663 potens
560 600 642 645 est
674 591 727 645 in
766 590 964 645 vobis?
995 589 1129 643 Nam
1160 591 1264 645 etsi
1295 588 1592 645 cruciﬁxus
1626 598 1711 646 est
1742 605 1808 643 ex
1843 590 1930 644 in-

350 685 626 747 ﬁrmitate,
647 683 743 737 sed
763 682 897 737 vivit
920 697 985 736 ex
1012 680 1214 747 virtute
1241 679 1503 737 Dei.Nam
1533 689 1587 735 et
1611 695 1708 735 nos
1729 679 1930 733 inﬁrmi

349 791 536 832 sumus
564 775 617 829 in
661 775 752 828 illo
779 791 794 828 :
826 775 919 829 sed
945 775 1192 828 vivemus
1226 787 1346 828 cum
1385 787 1451 826 eo
1494 786 1559 825 ex
1595 771 1797 825 virtute
1836 768 1931 823 Dei

351 869 403 921 in
427 867 579 920 vobis
602 866 671 919 ⁸⁸.
695 885 713 917 ›
735 862 990 919 Nunnulii
1021 879 1210 919 eorum
1238 864 1330 933 qui
1369 850 1737 928 crediderunt,
1762 859 1933 916 oﬁ‘en-

350 960 556 1015 sionem
586 960 650 1011 de
696 957 924 1011 Domino
955 965 1143 1013 nostro
1171 954 1300 1012 Jesu
1331 955 1552 1011 Christo
1577 970 1641 1008 ex
1672 968 1933 1024 quorum-

351 1049 473 1104 dam
530 1049 875 1103 sermonibus
920 1050 1096 1116 passi,
1145 1048 1199 1103 in
1251 1048 1518 1118 ejusmodi
1574 1045 1933 1116 cogitationes

351 1140 658 1213 praecipites
683 1142 931 1195 abierant
962 1158 975 1193 :
1017 1140 1071 1195 Si
1108 1155 1269 1194 verus
1300 1140 1439 1195 Deus
1474 1149 1611 1201 erat,
1643 1136 1933 1191 naturalis-

352 1246 455 1300 que
477 1234 861 1302 omnipotentis
884 1230 973 1285 Dei
996 1230 1698 1296 Filius,curhomicidarum
1741 1242 1933 1282 manus

353 1338 462 1377 non
494 1322 721 1393 elfugit?
753 1341 874 1378 nam
911 1324 1388 1393 probrosissimam
1419 1324 1469 1378 in
1500 1337 1660 1376 cruce
1703 1330 1931 1374 mortem

351 1415 696 1483 perferendo,
739 1414 965 1481 intelligi
1025 1431 1129 1468 non
1180 1425 1377 1485 potest,
1404 1414 1674 1483 quomodo
1697 1422 1751 1466 et
1795 1411 1933 1464 Deus

351 1506 646 1569 exstiterit,
681 1517 735 1561 et
763 1506 1199 1576 crm-itigentium
1234 1518 1411 1559 tamen
1448 1503 1698 1558 manibus
1753 1517 1935 1557 Ct‘SSC‘

350 1595 443 1660 rit,
472 1597 785 1663 nostrisque
828 1595 1240 1648 inﬁrmitatibus
1287 1595 1584 1647 obstrictus
1638 1593 1821 1645 fuerit.
1854 1590 1930 1643 Ad

349 1691 658 1757 huiusmodi
702 1700 880 1744 autem
938 1690 1303 1757 cogitationes
1351 1689 1543 1743 beatus
1604 1688 1805 1741 Paulus
1860 1688 1930 1740 ita

347 1785 674 1851 respondet:
708 1780 763 1835 Si
802 1780 1085 1834 volueritis
1123 1781 1260 1850 apud
1289 1781 1500 1835 animos
1547 1789 1760 1834 vestros
1791 1779 1933 1832 serio
1964 1776 2006 1830 Β

350 1877 723 1940 considerare,
749 1875 1065 1942 quisnamet
1088 1874 1264 1942 qualis
1284 1873 1354 1927 sit
1376 1874 1467 1943 qui
1487 1874 1541 1927 in
1568 1887 1651 1927 me
1675 1871 1931 1943 loquitur,

349 1982 413 2021 ea
440 1967 627 2022 sedulo
664 1974 1005 2035 reputantes,
1025 1980 1147 2033 quae
1172 1965 1237 2019 ad
1263 1980 1361 2020 nos
1394 1974 1661 2034 spectant,
1686 1964 1934 2018 idoneam

349 2074 473 2113 mox
528 2060 651 2112 nodi
700 2058 859 2126 hujus
897 2044 1218 2110 solutionem
1268 2058 1569 2126 reperietis.
1621 2057 1738 2111 Non
1788 2055 1932 2110 enim

348 2151 600 2206 inﬁrmus
623 2148 725 2204 fuit
755 2152 805 2204 in
826 2150 1002 2214 nobis.
1042 2149 1199 2221 175
1228 2150 1320 2205 sed
1353 2166 1447 2220 per
1479 2148 1739 2218 Spiritum
1774 2160 1932 2202 suum

348 2252 758 2315 praepotentem,
812 2241 1068 2297 virtutem
1121 2234 1606 2310 eﬂi'cacitatemqne
1652 2246 1931 2315 05tendit;

352 2336 509 2390 talem
552 2335 835 2401 nimirum,
860 2345 916 2390 ut
945 2338 1084 2391 citra
1117 2351 1331 2389 onmem
1368 2334 1741 2393 diﬂicultatem
1766 2355 1935 2410 quos-

348 2432 432 2486 vis
493 2431 822 2486 irruentium
885 2428 1246 2483 tentationum
1303 2427 1534 2497 impetus
1591 2432 1931 2500 prepulsare,

349 2524 673 2592 cunctisque
718 2521 1076 2576 afﬂictionum
1126 2519 1418 2575 insultibus
1481 2519 1729 2575 animoso
1781 2522 1931 2577 obsi-

349 2626 494 2672 stere
537 2614 717 2669 liceat.
746 2613 886 2681 Quid
920 2614 1093 2684 ergo?
1133 2613 1275 2669 dicet
1301 2614 1522 2683 aliquis,
1555 2629 1586 2669 o
1617 2613 1807 2681 Paule,
1863 2631 1930 2670 an

348 2724 456 2763 non
513 2707 856 2762 inﬁrmitatis
900 2707 1159 2761 indicium
1207 2706 1309 2760 fuit
1362 2722 1581 2762 crucem
1622 2709 1934 2764 sustinere?

347 2800 499 2855 Itane
528 2814 659 2854 vero
685 2814 748 2854 ea
784 2814 871 2855 res
917 2800 1134 2855 virtutis
1162 2809 1543 2869 argumentum
1573 2802 1828 2856 exstitit?
1861 2818 1928 2856 an

349 2891 581 2947 divinae?
629 2891 849 2946 Minime
898 2893 1164 2962 gentium,
1218 2891 1415 2962 inquit.
1479 2892 1731 2962 Agnosco
1783 2894 1929 2947 enim

348 2982 497 3039 illum
541 2998 710 3038 carne
747 2984 1078 3039 inﬁrmatum
1116 2998 1257 3050 esse,
1305 3000 1494 3041 rursus
1525 2995 1707 3039 autem
1746 2987 1927 3040 divina

347 3075 555 3130 virtute
585 3073 883 3129 revixisse:
921 3088 1045 3128 nam
1089 3075 1230 3155 Deus
1266 3085 1461 3130 natura
1507 3086 1649 3131 erat.
1694 3075 1804 3130 Cur
1836 3077 1931 3147 igi-

2032 498 2253 563 λοῦντος
2294 495 2534 570 Χριστοῦ
2560 536 2574 561 ,
2623 496 2682 560 ὃς
2728 498 2810 558 εἰς
2855 495 3006 565 ἡμᾶς
3050 493 3152 546 οὐκ
3193 489 3454 556 ἀσθενεῖ,
3489 491 3630 545 ἄλλά

2030 592 2243 646 δυνατεῖ
2268 602 2294 629 ιι
2322 592 2379 644 ὲν
2411 592 2560 662 ἡμῖν.
2603 588 2715 642 Καὶ
2747 587 2857 658 γάρ
2919 588 2969 642 εἰ
3007 584 3326 658 ἐσταυρώθη
3365 584 3425 650 ἐξ
3462 584 3632 639 ἀσθε-

2032 683 2215 748 νείας,
2254 682 2389 737 ἀλλά
2421 682 2487 754 ζῇ
2535 682 2600 735 ἐκ
2640 680 2926 751 δυνάμεως
2968 676 3126 732 Θεοῦ.
3162 677 3273 731 Καί¹
3318 678 3429 748 γὰρ
3463 676 3632 747 ἡμεῖς

2031 772 2366 845 ἀσθενοῦμεν
2405 774 2463 825 ὲν
2508 770 2696 844 αὐτῷ,
2747 769 2885 823 ἀλλά
2932 767 3174 839 ζήσομεν
3214 767 3315 820 σὺν
3362 764 3509 836 αὐτῷ
3560 767 3630 819 ἐκ

2031 866 2316 938 δυνάμεως
2359 863 2494 919 Θεοῦ
2547 866 2628 929 είς
2668 864 2832 935 ὑμᾶς.
2867 881 2896 914 a
2948 858 3431 923 Ἐσκανδαλίζοντό
3475 874 3628 921 τινες

2031 960 2141 1013 τῶν
2197 956 2638 1012 πεπιστευκότων
2670 955 2750 1020 εἰς
2805 954 2899 1007 τὸν
2954 952 3161 1025 Κύριον
3217 951 3374 1023 ἡμῶν
3414 949 3630 1021 Ἰησοῦν

2032 1049 2122 1104 τὸν
2147 1049 2400 1120 Χριστὸν,
2434 1049 2573 1119 τάχα
2616 1066 2715 1101 που
2743 1046 2921 1116 λόγοις
2948 1048 3061 1110 τοῖς
3093 1045 3247 1117 παρά
3270 1060 3431 1098 τινων
3465 1046 3632 1097 ἐπν-

2034 1141 2350 1214 ηνεγμένοις
2376 1151 2396 1171 °
2453 1141 2587 1212 πρὸς
2661 1139 2868 1203 ἐννοίας
2907 1137 3202 1201 ἰτοιαύταςει
3228 1153 3240 1164 ·
3266 1137 3329 1189 Εἰ
3375 1135 3509 1199 Θεὸς
3561 1130 3631 1205 ἦν

2032 1233 2281 1304 ἀληθῶς,
2324 1234 2417 1286 καὶ
2446 1232 2576 1295 Υἱὸς
2620 1230 2762 1285 κατὰ
2797 1234 2958 1294 φύσιν
3000 1228 3094 1283 τοῦ
3128 1231 3304 1283 πάντα
3346 1226 3630 1298 ἰσχύοντος

2033 1326 2200 1390 Θεοῦ,
2236 1326 2353 1390 πῶς
2388 1325 2449 1379 ού
2482 1325 2665 1394 διέδρα
2695 1324 2794 1387 τὰς
2827 1323 2935 1376 τῶν
2975 1320 3261 1390 φονώντων
3293 1319 3626 1384 ὲπιόουλάς;

2034 1417 2150 1481 πῶς
2201 1417 2256 1470 δὲ
2285 1419 2379 1471 καὶ
2412 1417 2713 1486 ἀτιμότατα
2734 1427 2757 1465 P
2786 1416 2876 1469 τὸν
2909 1414 3002 1468 ἐπὶ
3033 1413 3190 1478 ξύλου
3227 1413 3458 1466 θάνατον
3488 1413 3626 1465 ἀνα-

2033 1512 2202 1577 τλὰς,
2234 1511 2335 1565 ούκ
2388 1509 2453 1564 ἂν
2494 1510 2669 1561 νοοῖτο
2717 1507 2811 1560 καὶ
2865 1505 3012 1576 μάλα
3067 1506 3292 1568 εἰκότως
3324 1504 3625 1573 ἀσθενῆσαι

2032 1604 2155 1657 καθ’
2194 1603 2341 1672 ἡμᾶς
2362 1643 2377 1665 ,
2400 1599 2495 1654 καὶ
2522 1598 2622 1668 τῆς
2652 1598 2762 1651 τῶν
2796 1595 3174 1667 σταυρούντων
3210 1596 3477 1668 ἡττῆσθαι
3501 1613 3623 1667 χει.

2035 1697 2149 1767 ρός;
2173 1694 2318 1765 Πρὸς
2342 1692 2406 1764 δὴ
2428 1691 2492 1745 τὰ
2519 1690 2699 1744 τοιάδε
2730 1690 2893 1759 φησὶν
2926 1691 2955 1742 ὁ
2989 1688 3276 1751 θεσπέσιος
3302 1688 3531 1752 Παῦλοςο
3560 1688 3624 1741 Εἰ

2036 1786 2143 1858 γὰρ
2169 1786 2233 1858 δὴ
2260 1782 2539 1856 βούλοισθε
2579 1780 2894 1853 δοκιμάζειν
2929 1768 3105 1852 ὀρθῶς
3128 1822 3143 1846 ,
3180 1780 3264 1844 τίς
3289 1779 3357 1834 ἂν
3388 1781 3494 1850 atq,
3521 1780 3621 1834 καὶ

2040 1880 2203 1941 πόσος
2228 1880 2257 1931 ό
2294 1875 2470 1930 λαλῶν
2509 1877 2567 1929 ἐν
2596 1874 2721 1945 ἐμοὶ
2745 1913 2759 1938 ,
2789 1872 2857 1927 τά
2896 1874 3018 1927 καθ’
3059 1873 3202 1943 ὑμᾶς
3236 1872 3435 1936 αὐτοὺς
3468 1874 3618 1927 ἔννε-

2037 1969 2292 2041 νοηκότες
2317 2007 2332 2033 ,
2367 1966 2698 2039 ἀποχρῶσαν
2736 1965 2997 2037 εὑρήσετε
3040 1965 3140 2034 τὴν
3169 1962 3498 2034 κατάληψιν.
3543 1963 3623 2017 Ού

2038 2061 2147 2133 γὰρ
2168 2060 2469 2132 ἠσθένησεν
2514 2060 2572 2112 ὲν
2608 2060 2758 2128 ἡμῖν,
2788 2057 3036 2128 ἀπέφηνε
3062 2056 3118 2110 δὲ
3153 2055 3354 2127 μᾶλλον
3380 2054 3626 2110 δυνατώ-

2035 2170 2196 2207 τατον
2241 2163 2269 2202 τι
2313 2151 2400 2205 διά
2453 2150 2547 2204 τοῦ
2591 2150 2721 2204 ἰδίου
2766 2148 3120 2220 Πνεύματος,
3165 2148 3303 2202 ὥστε
3356 2148 3627 2203 δύνασθαι

2038 2244 2239 2308 παντὸς
2263 2242 2740 2313 κατευμεγεθῆσαι
2771 2240 3079 2313 πειρασμοῦ
3103 2242 3199 2295 καλ⁸
3223 2240 3370 2311 μάλα
3400 2241 3626 2312 ῥᾳδίως,

2037 2338 2130 2391 καὶ
2160 2340 2277 2401 ταῖς
2305 2337 2416 2390 τῶν
2448 2335 2636 2390 παθῶν
2676 2334 2886 2404 ἐφόδοις
2917 2332 3304 2405 ἀντιφέρεσθαι
3336 2334 3624 2399 νεανικῶς.

2036 2430 2101 2484 Τί
2130 2425 2245 2496 οὖν,
2272 2423 2317 2483 ὦ
2350 2428 2528 2483 Παῦλε
2547 2467 2561 2494 ,
2593 2429 2727 2499 φαίη
2757 2446 2843 2491 τις
2867 2427 2957 2495 ἂν,
3010 2429 3109 2482 ούκ
3138 2427 3429 2492 ἀσθενείας
3464 2427 3624 2499 ἔργον

2036 2523 2141 2595 φὴς
2168 2518 2308 2577 εἶναι
2347 2522 2408 2575 τὸ
2438 2523 2729 2592 ὑπομεῖναι
2772 2520 3026 2592 σταυρὸν,
3063 2519 3177 2573 ἀλλ’
3210 2518 3442 2585 ἔνδειξιν
3478 2515 3621 2573 εἶναι

2032 2615 2097 2668 τὸ
2126 2615 2313 2685 χρῆμα
2340 2612 2655 2684 δυνάμεως;
2681 2608 2749 2667 Ἀ
2763 2629 2831 2684 ρα
2868 2611 2969 2682 τῆς
2998 2610 3341 2683 θεοπρεποῦς
3363 2628 3381 2679 ;
3404 2613 3625 2683 Οὑμεν-

2032 2704 2149 2771 οῦν,
2185 2704 2376 2773 φησίν.
2406 2703 2687 2775 Ὀμολογῶ
2714 2704 2822 2773 γάρ
2849 2705 3011 2759 αὐτὸν
3040 2702 3401 2774 ήσθενηκέναι
3432 2706 3614 2777 σαρκὶ,

2033 2795 2199 2866 ζῆσαι
2221 2795 2277 2848 δὲ
2306 2794 2469 2849 πάλιν
2494 2796 2559 2849 ἐκ
2578 2796 2862 2866 δυνάμεως
2886 2794 3044 2848 Θεοῦ·
3067 2794 3201 2859 Θεὸς
3218 2778 3326 2867 γάρ
3342 2790 3409 2865 ἦν
3428 2795 3611 2865 φύσει.

2034 2889 2158 2953 Πῶς
2179 2884 2271 2942 οὖν
2295 2889 2561 2958 ἠσθένησε
2586 2905 2601 2953 ;
2625 2889 2997 2961 Συγχωρήσας
3022 2887 3103 2958 τῷ
3134 2888 3250 2959 ἰδίῳ
3279 2886 3488 2958 σώματι
3519 2888 3621 2942 καὶ

2034 2979 2266 3034 θανάτου
2289 2980 2591 3049 γεύσασθαι
2619 2980 2686 3033 δι’
2736 2982 2886 3052 ἡμᾶς
2905 3022 2922 3047 ,
2958 2998 2977 3033 ι
3030 2979 3120 3034 ἵνα
3143 2980 3356 3034 διάτοῦ
3387 2980 3618 3036 θανάτου

2033 3073 2356 3143 καταργήσῃ
2384 3071 2477 3126 τὸν
2508 3072 2568 3125 τὸ
2592 3073 2791 3144 κράτος
2825 3072 3016 3143 ἔχοντα
3046 3071 3142 3125 τοῦ
3168 3071 3401 3126 θανάτου
3418 3112 3433 3135 ,
3457 3088 3613 3125 τουτ-

354 3175 466 3233 tur,
493 3175 588 3222 aut
616 3165 888 3236 quomodo
917 3150 1224 3222 inﬁrmatus
1267 3167 1393 3222 est?
1434 3168 1713 3238 proprium
1760 3170 1926 3225 etiam

2034 3162 2149 3217 ἐστι
2186 3163 2278 3218 τὸν
2335 3162 2607 3231 διάϐολον,
2640 3164 2733 3216 καὶ
2763 3162 3048 3235 ἀπαλλάξῃ
3079 3162 3303 3228 τούτους
3330 3165 3435 3218 ὅσοι
3458 3162 3609 3234 φόὄῳ

348 3274 546 3329 corpus
569 3268 796 3314 mortem
823 3258 993 3313 nostri
1023 3273 1186 3314 causa
1216 3258 1505 3329 degustare
1536 3259 1747 3326 sinens,
1777 3280 1796 3313 ι
1822 3277 1930 3330 quo

350 3349 609 3404 nimirum
657 3364 754 3418 per
792 3361 1022 3407 mortem
1057 3351 1361 3407 destrueret
1418 3366 1541 3406 eum
1601 3353 1692 3422 qui
1735 3356 1931 3409 mortis

348 3440 584 3498 habebat
619 3444 933 3512 imperium,
973 3443 1079 3499 hoc
1107 3452 1192 3500 est
1226 3443 1540 3512 diabolum;
1584 3453 1639 3499 et
1672 3445 1932 3501 liberaret

348 3546 445 3589 eos
465 3533 557 3601 qui
586 3532 784 3586 timore
807 3533 999 3588 mortis
1022 3549 1119 3602 per
1144 3542 1312 3587 totam
1340 3535 1506 3587 vitam
1522 3533 1745 3589 obnoxii
1771 3546 1930 3591 erant

348 3622 679 3678 servituti“.
718 3641 739 3675 ι
776 3623 908 3679 Cum
938 3623 1106 3693 igitur
1140 3622 1352 3678 modica
1377 3625 1673 3680 secundum
1708 3641 1928 3682 carnem

348 3713 641 3768 inﬁrmitas
673 3714 758 3768 his
799 3713 993 3768 salutis
1015 3728 1184 3769 causa
1222 3715 1497 3770 exstiterit
1522 3714 1612 3785 qui
1644 3714 1746 3771 sub
1790 3718 1931 3775 cado

346 3809 493 3868 sunt,
518 3803 788 3870 quomodo
817 3817 921 3858 non
965 3803 1167 3873 oppido
1199 3802 1424 3858 decebat
1474 3815 1532 3859 ut
1552 3819 1672 3860 eam
1702 3806 1932 3863 inﬁrmi-

347 3901 515 3947 tatem
580 3894 811 3960 subiret,
856 3910 967 3964 qno
1026 3905 1260 3951 mortem
1302 3897 1655 3954 destrueret?
1711 3902 1930 3968 proprio

348 3984 548 4055 templo
582 3986 779 4042 iterum
811 3987 1105 4052 viviﬁcato,
1139 3988 1396 4045 omnibus
1441 3988 1786 4044 admirationi
1824 4000 1927 4058 est,

349 4091 461 4134 non
493 4094 590 4147 per
621 4079 802 4137 carnis
834 4079 1232 4144 inﬁrmitatem,
1280 4081 1375 4135 sed
1419 4095 1516 4151 per
1552 4081 1807 4137 virtutem
1843 4084 1931 4137 di-

345 4170 527 4224 vinam
559 4171 661 4225 hoe
682 4180 980 4239 prazstans:
1008 4190 1027 4222 ι
1053 4170 1149 4227 Est
1175 4172 1318 4227 enim
1349 4172 1437 4227 ille
1460 4173 1635 4230 Patris
1666 4173 1834 4230 virtus
1854 4176 1927 4243 ‘3,

347 4270 401 4316 et
431 4263 762 4316 resurrectio
819 4272 875 4317 et
930 4263 1121 4318 vita“.
1155 4282 1173 4314 ι
1228 4262 1370 4318 Vivit
1427 4264 1611 4334 itaque
1680 4281 1927 4337 semper;

346 4352 725 4418 vitanamque
770 4363 873 4408 est.
905 4354 1093 4425 Neque
1120 4358 1476 4412 dubitandum
1531 4369 1615 4415 est
1667 4361 1799 4431 quin
1830 4344 1927 4419 nos

349 4456 565 4511 quoque
595 4441 722 4496 olim
754 4444 860 4496 vita
902 4459 1026 4499 cum
1061 4446 1151 4500 illo
1179 4446 1397 4503 fruituri
1436 4450 1628 4517 simus,
1663 4429 1754 4522 qui
1786 4470 1929 4511 nunc

2033 3254 2262 3310 θανάτου
2291 3255 2381 3309 διὰ
2410 3257 2612 3320 παντὸς
2636 3255 2731 3310 τοῦ
2770 3256 2871 3327 ζῇν
2905 3257 3079 3327 ἔνοχοι
3117 3252 3260 3328 ἦσαν
3287 3256 3542 3320 δουλείας.
3582 3275 3603 3309 ι

2034 3349 2163 3403 Ὅτε
2188 3348 2369 3402 τοίνυν
2410 3347 2470 3401 τὸ
2496 3347 2794 3420 ἀσθενῆσαι
2822 3348 3020 3420 βραχὺ,
3057 3349 3204 3404 κατά
3222 3342 3295 3417 γέ
3318 3348 3415 3420 τὴν
3438 3349 3621 3420 σάρκα

2032 3440 2214 3510 φημὶ,
2246 3440 2522 3511 σωτηρίας
2565 3436 2633 3512 ἦν
2680 3440 2953 3513 πρόφασις
2996 3443 3109 3504 τοῖς
3141 3442 3245 3494 ἀνά
3292 3442 3472 3494 πᾶσαν
3519 3440 3618 3511 τὴν

2032 3532 2125 3584 ὑπ’
2156 3531 2408 3601 οὐρανὸν,
2457 3531 2577 3595 πῶς
2619 3531 2721 3585 οὐκ
2766 3531 2873 3585 ἔδει
2930 3531 3127 3585 παθεῖν
3175 3531 3274 3602 τὴν
3310 3532 3620 3596 ἀσθένειαν,

2032 3623 2119 3678 ἴνα
2149 3623 2216 3676 δι’
2247 3624 2419 3693 αὐτῆς
2452 3625 2780 3697 καταργήσῃ
2826 3624 2919 3677 τὸν
2966 3622 3233 3689 θάνατον;
3261 3624 3621 3694 Θαυμάζεται

2031 3716 2193 3773 πάλιν
2216 3716 2309 3770 τὸν
2339 3714 2533 3769 ἑαυτοῦ
2561 3715 2906 3787 ξωοποιήσας
2928 3715 3056 3770 ναὸν
3078 3754 3093 3780 ,
3120 3715 3221 3769 ούκ
3242 3716 3305 3782 ἐξ
3334 3716 3621 3779 ἀσθενείας

2029 3805 2189 3859 τοῦτο
2241 3804 2522 3876 κατορθῶν
2573 3806 2841 3877 σαρκικῆς
2866 3847 2882 3872 ,
2927 3805 3041 3859 ἀλλ’
3090 3805 3164 3867 ὡς
3213 3807 3279 3857 ὲκ
3329 3807 3623 3876 δυνάμεως

2030 3898 2189 3956 Θεοῦ·
2225 3896 2417 3951 «Ἔστι
2440 3898 2497 3951 δὲ
2525 3898 2685 3961 αὐτὸς
2713 3900 2747 3969 ή
2771 3897 3005 3969 δύναμις
3028 3897 3125 3952 τοῦ
3158 3898 3393 3968 Πατρὺς,
3419 3900 3457 3970 ἠ
3488 3900 3623 3954 ἀνά-

2033 4009 2221 4056 στασις
2245 3992 2393 4063 καὶὴ
2424 3992 2594 4063 ζωή.»
2629 3995 2708 4064 Ζῇ
2734 3991 3026 4063 τοιγαροῦν
3043 3992 3284 4065 ἀείοζωή
3311 3994 3422 4065 γάρ
3445 3995 3619 4048 ἐστιν.

2033 4086 2157 4139 Ὅτι
2183 4085 2240 4139 δὲ
2268 4086 2364 4139 καὶ
2403 4087 2565 4156 ἡμεῖς
2593 4086 2833 4157 ζήσομεν
2861 4086 2960 4140 σὺν
2996 4086 3145 4157 αὐτῷ
3165 4125 3181 4151 ,
3214 4087 3621 4159 συνησθενηκό-

2029 4193 2121 4240 τες
2145 4175 2296 4246 αὐτῷ
2320 4216 2336 4242 ,
2370 4177 2512 4231 κατά
2541 4193 2605 4244 γε
2636 4176 2699 4230 τὸ
2729 4175 3098 4247 ἀποθνήσκειν
3128 4177 3263 4240 τέως
3282 4217 3299 4241 ,
3336 4178 3386 4231 εἰ
3426 4180 3527 4233 καὶ
3563 4180 3623 4232 ἐν

2030 4270 2245 4323 ἐλπίσιν
2274 4267 2439 4339 ἐσμὲν
2465 4269 2563 4341 τῆς
2587 4268 2669 4333 εἰς
2692 4268 2867 4323 αἰῶνα
2901 4268 3075 4342 ζωῆς,
3110 4268 3232 4334 πῶς
3262 4270 3412 4324 ἔστιν
3441 4272 3621 4341 ἀμφι-

2032 4347 2245 4428 ϐαλεῖνς
2290 4361 2517 4416 Ἀνεδίω
2543 4360 2654 4433 γὰρ
2679 4363 2745 4415 ὲκ
2774 4360 2985 4432 νεκρῶν
3009 4403 3025 4428 ,
3070 4361 3190 4426 ὁδὸς
3230 4363 3311 4426 εις
3345 4362 3498 4435 ζωὴν
3528 4382 3620 4433 γε-

2030 4453 2203 4523 γονὼς
2242 4455 2311 4524 τῇ
2361 4453 2543 4522 φύσει.
2594 4452 2826 4523 Εἴρηται
2871 4453 2981 4525 γάρ
3031 4455 3379 4525 πρωτότοκος
3424 4457 3490 4509 ἐκ
3532 4474 3623 4510 νε·-

348 4533 513 4588 simul
528 4548 650 4590 cum
669 4534 759 4589 illo
778 4535 1092 4592 inﬁrmitate
1107 4538 1378 4608 iactamur
1399 4551 1625 4597 mortem
1649 4544 1925 4613 obeundo,

2034 4544 2201 4617 κρῶν,
2238 4563 2259 4596 ι
2312 4547 2411 4598 καὶ
2446 4563 2465 4596 ι
2494 4543 2714 4616 ἀπαρχὴ
2744 4544 2855 4599 τῶν
2882 4546 3325 4616 κεκοιμημένων.
3362 4565 3386 4596 ›

347 4628 594 4695 quamvis
640 4638 786 4685 certa
837 4640 1054 4686 auertite
1107 4646 1203 4702 spe
1261 4641 1649 4692 sustentemur.
1697 4637 1915 4695 Revixit
1953 4641 2097 4698 enim
2145 4655 2212 4695 ex
2302 4637 2555 4704 mortuis,
2612 4649 2821 4695 natura:
2880 4642 3081 4696 nostra:
3175 4640 3279 4696 iter
3330 4642 3401 4694 ad
3447 4643 3618 4697 vitam

348 4719 638 4773 muniens:
707 4723 1007 4791 appellatus
1077 4735 1164 4779 est
1230 4726 1376 4780 enim
1446 4748 1467 4779 ‹
1519 4730 1918 4801 primogenitus
1955 4751 2024 4793 ex
2088 4732 2320 4787 mortuis
2340 4732 2409 4799 ",
2437 4750 2456 4786 ι
2495 4742 2552 4787 et
2592 4750 2611 4784 ι
2654 4734 2909 4803 primitite
2940 4734 3325 4790 dormientium
3350 4734 3420 4789 “.
3445 4756 3463 4788 ι

419 4808 528 4865 LV.
564 4828 584 4862 ι
616 4811 776 4867 Nunc
806 4813 986 4867 attima
1034 4829 1153 4869 mea
1184 4816 1402 4871 turbata
1430 4826 1535 4872 est.
1572 4818 1635 4873 Et
1685 4821 1814 4890 quid
1845 4824 1927 4877 di-

2098 4823 2228 4876 NE’.
2262 4839 2282 4875 ‹
2309 4821 2424 4875 Νῦν
2458 4822 2492 4892 ἡ
2521 4822 2667 4895 ψυχή
2698 4840 2801 4894 μου
2829 4823 3188 4894 τετάρακται.
3219 4827 3331 4880 Καὶ
3351 4827 3409 4880 τί
3434 4828 3618 4891 sine;

348 4900 515 4957 cam?
546 4901 726 4970 Pater,
768 4904 915 4958 salva
962 4919 1047 4959 me
1079 4921 1145 4960 ex
1182 4908 1288 4963 hac
1331 4910 1485 4965 hora.
1544 4908 1655 4967 Sed
1706 4923 1927 4982 propter

2034 4914 2249 4985 Πάτερ,
2282 4913 2456 4968 σῶσόν
2503 4931 2572 4982 με
2614 4916 2681 4968 ὲκ
2732 4915 2830 4985 τῆς
2872 4913 3024 4986 ὥρας
3059 4918 3283 4987 ταύτης.
3331 4919 3502 4973 una
3533 4919 3625 4973 διὰ

349 4992 452 5048 hoc
488 4994 609 5046 veni
650 4994 703 5048 in
745 4995 933 5050 horam
980 4999 1121 5053 hanc
1142 4998 1210 5053 "7.
1250 5017 1268 5052 ι
1302 5028 1373 5041 -—
1412 5019 1433 5052 ι
1464 4999 1652 5069 Pater,
1685 5005 1924 5060 clariﬁca

2034 5004 2187 5059 τοῦτο
2208 5001 2373 5076 ἦλθον
2392 5009 2472 5070 εἰς
2486 5006 2587 5078 τὴν
2606 5006 2762 5079 ὥραν
2787 5008 3015 5079 ταύτην.
3029 5027 3153 5062 ι-ι
3164 5009 3371 5081 Πάτερ,
3390 5010 3623 5075 δόξασόν

346 5080 542 5137 Filium
578 5095 726 5140 tuum
749 5085 816 5140 ⁸⁸.
850 5106 870 5140 ι
925 5088 989 5144 Et
1015 5089 1125 5144 alio
1156 5091 1274 5146 loco
1323 5108 1570 5149 rursum:
1611 5114 1629 5146 ι
1666 5095 1727 5149 Et
1756 5099 1927 5165 carpit

2034 5117 2127 5154 σου
2153 5100 2244 5154 τὸν
2262 5100 2407 5155 Υἱόν.
2446 5119 2466 5153 ι
2504 5102 2613 5155 Καὶ
2636 5100 2821 5155 πάλιν·
2855 5119 2875 5154 ι
2904 5102 3149 5173 Ἤρξατο
3179 5080 3492 5165 λυπεῖσθαι,
3523 5105 3625 5159 καὶ

348 5174 663 5232 contristari
713 5187 769 5233 et
814 5190 1045 5237 moestus
1095 5197 1237 5251 esse,
1274 5194 1330 5239 et
1378 5186 1551 5240 dixit:
1597 5187 1795 5243 Tristis
1841 5199 1927 5245 est

2034 5191 2340 5263 ἀδημονεῖν,
2378 5192 2474 5246 καὶ
2502 5192 2703 5260 λέγειν’
2732 5193 3045 5263 Περίλυπός
3082 5196 3234 5249 ἐστιν
3265 5197 3298 5266 η
3326 5195 3478 5267 ψυχή
3516 5213 3626 5268 μου

428 5323 541 5415 “ait!
568 5327 696 5415 Cor.
730 5349 851 5415 ξιιμ.
879 5334 935 5399 5,
964 5336 1017 5390 4.
1048 5338 1138 5415 Δί’
1165 5338 1329 5415 Hebr.
1366 5357 1403 5403 ι,
1436 5342 1522 5408 Μ,
1558 5342 1645 5397 15.
1727 5341 1818 5396 ’⁵³1
1851 5343 1926 5399 C0

2034 5385 2047 5408 ,
2074 5345 2166 5399 21.
2244 5345 2291 5378 ⁸⁸
2319 5345 2475 5402 Joan.
2508 5362 2584 5415 ιι,
2609 5347 2701 5401 25.
2780 5349 2824 5381 ⁸⁸
2857 5349 3072 5408 Coloss.
3117 5367 3154 5415 ι,
3196 5351 3277 5405 18.
3357 5352 3406 5384 ⁸⁸
3441 5352 3456 5407 l
3488 5354 3620 5409 Cor.

353 5410 442 5462 XV,
470 5396 561 5452 ΞΟ.
639 5400 684 5433 ⁸⁷
717 5400 874 5459 Joau.
919 5396 1014 5472 in,
1046 5408 1134 5462 27.
1214 5396 1440 5467 “Joan.
1480 5396 1615 5478 x'vtt,
1652 5416 1703 5469 1.

1461 5545 1634 5603 Varia:
1666 5548 1928 5605 lectiones
1959 5548 2168 5607 codicis
2190 5549 2555 5611 Seeuiertani.

424 5681 642 5755 ⁸1³ἡμῖν.
716 5695 743 5723 ιι
767 5681 1037 5737 ἀδυνατεῖ.
1111 5693 1138 5722 ο
1168 5686 1609 5759 ὲπενηνεγμένοι.
1690 5701 1717 5741 ι)
1751 5690 2106 5763 ἀτιμότατον.
2187 5702 2216 5743 (ι
2244 5691 2675 5761 δυνατωτάτους,
2704 5692 2836 5768 [vel]
2881 5695 3264 5769 δυνατωτάτην
