3952 6200
282 317 421 379 1413

1097 319 1189 377 AD
1226 315 1532 375 REGINAS
1567 316 1658 374 DE
1696 314 1928 375 REC‘I‘A
1964 314 2125 376 ΙηοΕ
2156 321 2421 421 QRATIO
2457 324 2760 385 ALTERA.

3402 338 3544 398 44η

279 438 385 504 ἕως
429 439 688 496 θανάτου.
744 458 764 495 ι
798 438 913 496 Καὶ
954 436 1138 497 πάλιν·
1194 460 1215 494 ι
1257 441 1371 496 Καὶ
1400 441 1659 513 φωνήσας
1705 446 1859 515 φωνῇ

1964 443 2143 501 anima
2174 460 2293 503 mea
2320 463 2493 520 usque
2523 451 2590 507 ad
2626 461 2855 509 mortem
2872 451 2942 511 δ’.
2979 473 2999 510 ι
3034 456 3098 512 Et
3126 456 3381 514 rursum:
3420 477 3439 512 ι
3477 462 3546 521 Ει

282 528 491 602 μεγάλῃ
539 533 568 586 ό
625 531 875 604 Ἰησοῦς,
930 526 1087 587 εἷπε⁹
1138 534 1322 605 Πάτερ
1347 575 1362 598 ,
1423 535 1505 598 εἰς
1547 534 1736 606 χεῖράς
1767 550 1861 588 σου

278 623 621 696 παρατίθημι
646 632 670 664 τ
694 624 757 679 τὸ
780 623 1001 697 πνεῦμά
1028 642 1154 698 μου.
1188 644 1208 678 ι
1240 627 1304 679 Oi
1328 626 1433 696 τῆς
1480 626 1861 698 Ἀπολιναρίου

277 713 435 786 Mem;
481 715 786 787 ἡττώμενοι
845 718 940 771 καὶ
990 716 1060 771 τὰ
1119 716 1270 788 αὐτῷ
1321 716 1585 772 δοκοῦντα
1645 720 1863 790 φρονεῖν

280 804 552 877 ᾑρημένοι
572 847 588 873 ,
621 806 968 877 ἐνιστάμενοι
997 823 1059 861 τε
1101 808 1197 863 καὶ
1223 808 1514 878 λέγοντες,
1548 806 1756 879 ἄψυχόν
1799 826 1863 863 τε

280 900 374 953 καὶ
397 900 560 954 ἄνουν
588 899 859 972 ὑπάρχειν
894 900 989 954 τὸν
1012 899 1286 955 ὲνωθέντα
1320 899 1401 972 τῷ
1437 900 1596 971 Δόγῳ
1621 900 1766 967 ναὸν,
1809 900 1863 955 τί

278 987 343 1059 δὴ
371 986 482 1060 ἄρα
524 978 682 1058 φαῖεν
710 989 797 1058 ἂν,
840 990 1200 1063 γεγραφότων
1241 992 1374 1063 ἡμῖν
1411 991 1482 1047 τὰ
1530 990 1711 1045 τοιάδε
1752 989 1862 1046 τῶν

282 1080 459 1150 ἁγίων
485 1081 889 1152 εὐαγγελιστῶν
911 1082 1040 1157 περὶ
1064 1083 1159 1137 τοῦ
1181 1083 1398 1138 πάντων
1422 1083 1581 1154 ἡμῶν
1611 1082 1863 1155 Σωτῆρος

279 1172 555 1243 Χριστοῦ;
582 1173 784 1239 Πτοίας
815 1174 917 1246 μὲν
946 1175 1057 1248 γὰρ
1079 1217 1093 1243 ,
1125 1178 1224 1230 καὶ
1261 1176 1470 1248 λύπης,
1511 1179 1610 1233 καὶ
1644 1179 1754 1233 τῶν
1783 1180 1864 1243 εἰς

278 1262 482 1317 δειλίαν
528 1265 875 1335 αἰτιαμάτων
907 1266 1262 1334 άνεπίδεκτος
1306 1269 1589 1333 παντελῶς
1639 1270 1725 1341 εἴη
1773 1268 1859 1337 ἂν,

278 1354 426 1409 κατά
446 1373 511 1425 γε
538 1355 598 1409 τὸ
626 1357 796 1421 εἰκὸς,
826 1358 859 1429 ἠ
894 1356 1012 1412 θεία
1045 1375 1107 1413 τε
1141 1364 1234 1414 καὶ
1263 1361 1522 1416 ἀνωτάτω
1557 1361 1651 1415 τοῦ
1685 1362 1861 1431 Λόγου

281 1445 461 1517 φύσις.
491 1448 897 1519 Παραιτήσεται
938 1450 1047 1522 γὰρ
1076 1453 1153 1515 εἰς
1182 1451 1328 1506 ἄπαν
1366 1453 1427 1506 τὸ
1469 1452 1527 1506 ἐν
1563 1469 1626 1522 γε
1653 1453 1865 1517 τούτοις

280 1533 420 1593 εἶναί
448 1555 578 1591 ποτε
602 1579 616 1603 ,
643 1538 736 1592 καὶ
767 1539 957 1595 παθῶν
980 1541 1119 1607 ὃλως
1155 1542 1263 1596 τῶν
1313 1544 1435 1597 καθ’
1461 1545 1611 1614 ἡμᾶς
1638 1549 1740 1598 οὐκ
1772 1546 1865 1598 ἀν-

281 1630 480 1698 έξεται.
517 1629 686 1703 Σῶμα
717 1632 774 1685 δὲ
821 1634 988 1687 πάλιν
1020 1632 1224 1704 ἄψυχόν
1260 1651 1322 1688 τε
1368 1635 1462 1688 καὶ
1484 1637 1642 1689 ἄνουν
1668 1636 1767 1689 οὐκ
1798 1635 1863 1690 ἂν

278 1724 577 1791 εἰσδέξαιτο
608 1726 807 1797 λύπην,
840 1727 955 1781 ἀλλ’
988 1725 1095 1782 οῦδ⁶
1121 1728 1186 1782 ἂν
1214 1730 1485 1801 ὲννοήσειὲ
1511 1748 1566 1783 τι
1594 1730 1702 1784 τῶν
1734 1748 1864 1785 σκυ-

279 1817 551 1888 θρωπῶν,
603 1817 637 1890 ἢ
687 1818 780 1872 τὸν
825 1819 891 1872 ὲκ
936 1818 1048 1873 τῶν
1108 1819 1328 1875 ἔσεσθαι
1392 1824 1860 1896 προσδοκωμένων

279 1908 686 1980 προαναθρὴσει
713 1908 897 1974 φόϐον.
932 1909 1103 1963 Πὰθοι
1135 1910 1180 1963 δ’
1210 1910 1276 1965 ἂν
1306 1911 1375 1965 τὰ
1408 1914 1585 1968 τοιάδε
1626 1915 1770 1969 κατά
1796 1934 1859 1986 γε

278 1998 341 2051 τὸ
378 2000 564 2062 πᾶσιν,
596 1999 672 2063 ὥς
698 2016 761 2068 γε
802 1994 957 2071 οἶμαι
982 2041 998 2066 ,
1029 2001 1237 2056 δοκοῦν.
1279 2003 1441 2077 Ψυχὴ
1468 2006 1661 2077 λογικὴ
1689 2025 1860 2064 κατα-

281 2091 623 2162 σκεπτομένη
654 2091 733 2163 τῷ
781 2090 853 2163 νῷ
891 2093 961 2146 τά
981 2109 1039 2145 τε
1074 2093 1175 2165 ἤδη
1205 2095 1448 2166 παρόντα
1467 2134 1484 2160 ,
1514 2097 1608 2150 καὶ
1635 2098 1773 2169 πρός
1797 2116 1860 2168 γε

279 2181 490 2247 τούτοις
514 2181 586 2236 τὰ
624 2184 1037 2257 συμϐησόμενα,
1075 2188 1199 2251 Πῶς
1226 2183 1320 2242 οῦν
1341 2190 1448 2260 ἄρα
1479 2192 1642 2261 φησὶν
1669 2195 1696 2245 ό
1731 2194 1863 2264 Ἐμ-

283 2275 545 2346 μανουήλ’
584 2293 603 2327 ι
635 2275 750 2328 Νῦν
797 2279 830 2347 ὴ
861 2277 1006 2348 ψυχή
1039 2295 1141 2348 μου
1185 2280 1560 2348 τετάρακται;
1603 2300 1621 2332 ›
1650 2282 1766 2348 πῶς
1805 2283 1861 2336 δὲ

281 2366 375 2420 καὶ
397 2365 601 2437 ἧρξατο
625 2365 912 2420 λυπεῖσθαι
962 2369 1059 2421 καὶ
1101 2369 1436 2439 ἁδημονεῖν;
1488 2371 1519 2442 ἢ
1561 2372 1653 2424 καὶ
1706 2376 1859 2426 ποῖον

280 2455 417 2520 ὅλως
454 2459 536 2520 εἰς
579 2460 772 2529 χεῖρας
806 2456 901 2510 τοῦ
927 2457 1062 2512 Θεοῦ
1096 2459 1189 2513 καί
1219 2461 1433 2533 Πατρὸς
1457 2462 1727 2533 παρέθετο
1755 2462 1858 2536 [τὸ]

283 2547 537 2620 πνεῦμα,
576 2551 625 2603 εἰ
654 2550 749 2603 καὶ
788 2549 887 2622 τῆς
921 2549 1178 2623 θεότητος
1202 2551 1263 2605 τὸ
1296 2553 1485 2624 χρῆμά
1529 2556 1676 2608 ἐστιν
1707 2555 1863 2610 ἀλλό-

280 2657 451 2713 τριον,
479 2643 574 2696 καὶ
600 2642 736 2714 μηδέ
759 2643 929 2713 μόνης
951 2642 1161 2714 ἀψύχου
1187 2661 1253 2697 σα
1259 2646 1425 2716 ρκός;
1454 2645 1726 2718 Πρόδηλον
1746 2641 1859 2716 οὖν,

280 2733 363 2786 δτι
389 2732 611 2803 γέγονεν
655 2733 941 2805 ἄνθρωπος
966 2738 994 2789 ό
1028 2736 1341 2806 Μονογενὴς
1364 2776 1380 2802 ,
1427 2738 1528 2791 ούκ
1557 2737 1763 2809 ἄψυχόν
1802 2756 1861 2792 τε

281 2823 376 2878 καὶ
427 2823 591 2879 ἄνουν
646 2824 804 2894 σῶμα
854 2824 1055 2891 λαδὼν,
1106 2825 1500 2898 ὲμψυχωμένον
1555 2829 1612 2883 δὲ
1661 2830 1862 2902 μᾶλλον

279 2914 427 2986 ψυχῇ
470 2915 563 2969 καὶ
588 2914 817 2986 λογικῇ,
877 2914 968 2970 καί
1000 2915 1222 2979 τελείως
1254 2917 1454 2991 ἐχούσῃ
1500 2919 1644 2972 κατά
1675 2936 1739 2988 γε
1770 2919 1864 2976 τὸν

281 3008 418 3078 αὐτῇ
448 3006 724 3078 πρέποντα
763 3008 940 3076 λόγον.
979 3009 1087 3062 Καὶ
1121 3009 1312 3081 ὥσπερ
1345 3010 1643 3065 οἰκειοῦται
1677 3012 1856 3066 πάντα

280 3098 352 3150 τά
375 3096 468 3151 τοῦ
497 3097 630 3151 ἰδίου
659 3098 934 3168 σώματος,
963 3099 1107 3154 οὕτω
1138 3099 1232 3153 καὶ
1260 3098 1330 3153 τὰ
1358 3100 1457 3171 τῆς
1484 3101 1680 3172 ψυχῆς.
1713 3102 1860 3157 Ἔδει
1888 3125 1932 3185 C

281 3188 391 3258 γὰρ
417 3188 583 3243 αὑτὸν
612 3190 700 3244 διὰ
732 3191 932 3255 παντὸς
960 3191 1189 3261 ὁρᾶσθαι
1236 3192 1563 3264 πράγματος
1596 3193 1860 3265 σαρκικοῦ

280 3281 377 3334 καὶ
403 3279 636 3352 ψυχικοῦ
669 3281 735 3334 δι’
766 3283 912 3352 ἡμᾶς
938 3292 959 3319 ⁸
992 3283 1277 3352 γεγονότος
1317 3286 1363 3340 ί.
1429 3285 1628 3356 Ἐσμὲν
1669 3285 1727 3338 δὲ
1767 3286 1862 3341 καὶ

280 3374 445 3445 ἡμεῖς
470 3374 539 3426 ὲκ
570 3373 748 3443 ψυχῆς
773 3373 999 3444 λογικῆς
1036 3391 1095 3429 τε
1124 3377 1218 3429 καὶ
1258 3375 1529 3447 σώματος.
1564 3379 1773 3451 Ὥσπερ
1804 3379 1862 3433 δὲ

279 3466 639 3539 οἰκονομικῶς
684 3467 1076 3537 συγκεχώρηκε
1105 3469 1172 3538 τῇ
1207 3469 1314 3540 ἰδίᾳ
1349 3471 1518 3541 σαρκὶ
1543 3471 1638 3525 καὶ
1664 3472 1861 3525 παθεῖν

280 3557 393 3612 ἔσθ’
423 3559 511 3612 ὅτε
563 3559 629 3612 τὰ
662 3559 769 3612 ἴδια
795 3597 809 3620 ,
839 3559 982 3612 οὕτω
1015 3557 1175 3613 πάλιν
1207 3558 1301 3613 καὶ
1345 3563 1410 3631 τῇ
1444 3560 1588 3632 ψυχῇ
1626 3562 1863 3633 συνεχώ-

285 3665 418 3721 ρησε
449 3649 517 3702 τὰ
544 3650 718 3702 οἰκεῖα
749 3647 960 3701 παθεῖν·
996 3648 1091 3701 καὶ
1119 3649 1180 3702 τὸ
1210 3644 1311 3720 τῆς
1351 3649 1632 3716 κενώσεως
1662 3653 1861 3724 μέτρον

279 3742 551 3812 τετήρηκε
577 3739 849 3812 πανταχοῦ
872 3780 888 3806 ,
927 3740 1105 3793 καίτοι
1130 3739 1261 3806 Θεὸς
1290 3741 1364 3796 ὣν
1386 3741 1576 3811 φύσει,
1602 3745 1695 3797 καὶ
1722 3744 1861 3816 ὑπὲρ

282 3833 466 3886 πᾶσαν
495 3831 592 3905 τὴν
639 3832 838 3887 κτίσιν.
864 3832 1238 3905 ,Παρατίθεται
1271 3833 1327 3887 δὲ
1372 3833 1432 3887 τὸ
1482 3834 1610 3887 ἴδιον
1647 3833 1861 3905 πνεῦμα

282 3922 360 3996 τῷ
392 3922 511 3996 Θεῷ
556 3924 650 3980 καὶ
693 3924 904 3995 Πατρὶ,
935 3926 1185 3979 τουτέστι
1229 3926 1327 3998 τὴν
1382 3924 1675 3979 ἑνωθεῖσαν
1716 3924 1862 3997 αὐτῷ

280 4014 482 4090 ψυχὴν,
519 4018 606 4070 ἴνα
637 4020 783 4089 ἡμᾶς
815 4018 908 4071 καὶ
937 4018 1026 4071 διὰ
1065 4016 1255 4071 τούτου
1299 4015 1461 4070 πάλιν
1501 4017 1858 4088 εῦεργετήσῃ.

281 4107 457 4163 Πάλαι
487 4108 585 4181 μὲν
612 4112 722 4181 γὰρ
747 4109 1218 4180 ἁπαλλαττόμεναι
1238 4108 1345 4161 τῶν
1371 4107 1640 4178 σωμάτων
1664 4109 1722 4160 ὲν
1749 4109 1862 4172 τοῖς

284 4202 390 4255 ὑπὸ
411 4200 576 4272 χθόνα
606 4205 797 4271 μυχοῖς
821 4203 877 4256 αἰ
903 4201 1010 4255 τῶν
1042 4198 1347 4271 ἀνθρώπων
1376 4200 1546 4270 ψυχαὶ
1578 4198 1859 4269 κατεπέμ-

282 4304 477 4354 ποντο,
507 4287 810 4359 πληροῦσαι
848 4288 918 4342 τὰ
945 4285 1039 4341 τοῦ
1084 4287 1317 4341 θανάτου
1346 4290 1590 4358 ταμιεῖα.
1643 4288 1862 4361 Ἐπειδὴ

281 4378 340 4432 δὲ
369 4379 602 4449 Χριστὸς
627 4379 688 4434 τὸ
714 4380 844 4434 ίδιον
874 4378 1101 4453 Πνεῦμα
1131 4380 1404 4452 παρέθετο
1426 4379 1504 4451 τῷ
1525 4380 1734 4452 Πατρί,
1769 4383 1863 4437 καὶ

1965 534 2208 592 clamans
2250 551 2381 595 voce
2426 556 2619 610 magna
2668 542 2847 609 Jesus,
2888 545 2964 600 ait
2994 564 3008 602 :
3035 543 3220 615 Pater,
3260 548 3313 603 in
3354 565 3543 605 manus

1972 631 2094 681 tuas
2116 629 2437 685 commendo
2467 632 2715 700 spiritum
2745 649 2920 689 meum
2939 636 3007 691 ”.
3040 655 3058 689 ι
3092 636 3194 705 Qui
3217 639 3540 708 Apollinarii

1925 717 2275 786 .opinionem
2318 734 2639 792 sequuntur,
2695 726 3049 799 ejusdemque
3096 732 3381 787 sententia:
3409 730 3543 786 sub-

1965 810 2248 878 scribunt;
2276 812 2330 868 hi
2367 816 2620 884 templum
2676 817 2784 873 Deo
2816 820 3045 887 unitum,
3094 821 3335 878 inanime
3360 838 3423 878 ac
3457 838 3546 876 ra—

1969 900 2113 958 tione
2146 905 2468 960 destitutum
2516 906 2689 963 fuisse
2719 912 3088 966 contendunt:
3128 914 3222 968 sed
3275 914 3406 984 quid
3440 913 3542 976 illi,

1964 995 2219 1061 obsecro,
2262 998 2590 1066 respondere
2619 1010 2866 1070 possunt,
2894 1015 3018 1057 cum
3047 1012 3271 1059 sanctos
3310 1020 3538 1076 evange-

1954 1083 2119 1141 ‘listas
2155 1086 2281 1143 talia
2322 1089 2388 1143 de
2429 1091 2671 1145 omnium
2723 1101 2970 1147 nostrum
3018 1094 3302 1150 Salvatore
3348 1094 3543 1151 litteris

1964 1176 2271 1245 prodidisse
2311 1178 2535 1247 legunt?
2556 1178 2689 1235 Nam
2735 1182 2895 1253 176
2925 1182 3097 1254 cujus,
3123 1199 3334 1254 qumso,
3373 1186 3544 1242 tristi-

1960 1266 2074 1333 tiae,
2131 1277 2225 1322 aut
2296 1283 2484 1325 eorum
2539 1272 2785 1326 omnium
2858 1289 2978 1344 qua:
3037 1286 3240 1330 metum
3287 1286 3541 1347 arguunt,

1965 1373 2175 1414 summa
2213 1361 2299 1415 illa
2349 1362 2637 1432 divinaque
2672 1365 2833 1420 Verbi
2879 1376 3072 1420 natura
3106 1368 3322 1423 tandem
3371 1384 3540 1438 capax

1965 1458 2085 1503 esse
2107 1450 2314 1518 queat?
2340 1451 2509 1520 Major
2546 1462 2631 1507 cst
2680 1454 2844 1520 enim,
2875 1469 3035 1524 quam
3072 1471 3190 1525 quae
3235 1458 3542 1515 istiusmodi

1964 1539 2128 1594 rebus
2167 1539 2272 1594 ulla
2318 1551 2470 1609 parte
2516 1545 2676 1609 allici,
2728 1555 2821 1597 aut
2869 1545 2991 1599 ullis
3024 1547 3246 1601 omnino
3294 1548 3545 1604 humanis

1966 1630 2471 1698 perturbationibus
2519 1634 2849 1693 commoveri
2912 1635 3107 1689 valeat.
3161 1637 3227 1692 At
3303 1652 3431 1693 vero
3488 1640 3544 1695 in

1967 1735 2164 1789 corpus
2190 1736 2491 1790 sensusque
2519 1724 2828 1794 mentisque
2861 1741 3075 1795 expers,
3113 1728 3346 1785 tristitia:
3396 1729 3547 1785 dolo-

1962 1812 2107 1867 risve
2141 1826 2338 1890 sensus
2373 1814 2571 1868 cadere
2595 1830 2699 1868 non
2751 1826 2930 1885 potest
2990 1836 3003 1871 :
3042 1819 3135 1873 sed
3170 1835 3344 1890 neque
3377 1822 3546 1876 mole-

1963 1905 2122 1961 Stiam
2154 1885 2341 1970 ullam,
2378 1914 2469 1960 aut
2501 1906 2667 1961 ullum
2697 1908 2916 1962 omnino
2951 1923 3239 1964 maerorem
3267 1925 3331 1966 ex
3367 1911 3546 1967 immi-

1964 1997 2208 2053 nentium
2303 1998 2772 2053 incommodorum
2859 2001 3174 2070 provisione
3273 2004 3545 2074 concipiet

1962 2088 2289 2159 aliquando;
2344 2088 2610 2159 ejusmodi
2654 2100 2859 2156 autem,
2920 2091 3046 2146 dum
3090 2107 3211 2161 (ιυιε
3256 2096 3544 2164 praesentia

1963 2191 2112 2247 sunt,
2143 2189 2197 2236 et
2225 2182 2404 2238 adhuc
2436 2183 2615 2238 futura
2654 2185 2966 2252 trahuntur,
3005 2196 3184 2242 mente
3224 2198 3544 2257 pertractat,

1963 2274 2144 2327 anima
2184 2274 2412 2327 rationis
2458 2283 2512 2329 et.
2541 2274 2914 2343 intelligentia:
2957 2291 3181 2345 compos
3221 2280 3330 2347 pati
3369 2280 3540 2336 solet:

1963 2361 2017 2417 id
2049 2364 2190 2432 quod
2227 2378 2436 2427 omnes,
2469 2373 2528 2417 ut
2561 2374 2712 2432 puto,
2746 2367 3004 2421 fatentur.
3044 2364 3325 2433 Quomodo
3362 2371 3545 2443 itaque

1962 2451 2285 2509 Emmanuel
2320 2453 2429 2509 ait:
2464 2473 2483 2507 ι
2515 2451 2673 2509 Nunc
2718 2456 2896 2509 anima
2932 2472 3047 2512 mea
3089 2461 3300 2514 turbata
3360 2462 3483 2516 est?
3518 2481 3537 2515 ι

1964 2548 2235 2617 quomodo
2266 2548 2405 2603 idem
2443 2549 2644 2603 taedere
2685 2564 2751 2606 ac
2810 2543 3042 2606 incestus
3086 2565 3206 2605 esse
3238 2552 3421 2621 erepit,
3452 2563 3545 2607 aut

1963 2635 2174 2705 qualem
2208 2636 2425 2691 tandem
2448 2636 2708 2707 spiritum
2745 2638 2798 2694 in
2838 2656 3032 2696 manus
3057 2640 3234 2697 Patris
3265 2658 3546 2699 commen-

1963 2725 2131 2792 davit,
2162 2726 2206 2780 si
2244 2728 2343 2782 hoc
2379 2738 2433 2782 et
2463 2743 2493 2782 a
2517 2730 2801 2785 divinitate
2829 2746 3055 2801 prorsus
3081 2732 3316 2788 alienum
3353 2743 3457 2799 est,
3488 2742 3546 2789 et

1964 2832 1994 2872 a
2025 2834 2190 2874 carne
2215 2819 2327 2873 sola
2389 2820 2673 2875 inanima?
2697 2821 3050 2893 Perspicuum
3106 2836 3189 2882 est
3223 2834 3370 2897 ergo,
3406 2824 3544 2882 Uni-

1963 2908 2201 2975 genitum
2226 2923 2457 2979 corpore
2484 2924 2786 2981 assumpto,
2805 2928 2910 2968 non
2941 2915 3158 2984 quidem
3183 2915 3272 2969 illo
3296 2916 3542 2983 inanimi,

1964 3007 2058 3051 aut
2104 3010 2287 3055 mente
2343 3002 2627 3067 destituto,
2676 3005 2771 3058 sed
2817 3006 2997 3060 anima
3044 3008 3255 3065 ratione
3294 3009 3539 3079 praedita,

1964 3090 2264 3162 eademque
2298 3095 2565 3164 perfecta,
2615 3095 2719 3151 hoc
2766 3106 2871 3164 est,
2907 3102 3089 3153 omnia
3138 3116 3257 3171 quae
3303 3103 3367 3155 ad
3402 3101 3543 3159 illius

1965 3183 2230 3237 rationem
2256 3186 2553 3254 pertinent,
2587 3189 2802 3257 sortita,
2838 3190 3112 3247 vivificato
3138 3204 3193 3247 et
3227 3193 3538 3261 informata,

1964 3267 2480 3327 hominemlactum
2525 3290 2665 3331 esse.
2723 3276 2792 3339 Et
2854 3282 3303 3349 quemadmodum
3357 3286 3538 3341 omnia

1962 3377 2080 3432 quae
2125 3363 2205 3419 sui
2236 3368 2478 3435 corporis
2505 3377 2629 3422 sunt
2669 3369 2771 3431 sibi
2826 3371 3071 3436 ascribit,
3110 3360 3181 3429 ita
3227 3385 3283 3430 et
3322 3390 3385 3431 ea
3419 3392 3541 3446 qua:

1962 3456 2029 3510 ad
2056 3456 2290 3511 animam
2319 3466 2588 3526 spectant.
2635 3459 2869 3517 Necesse
2911 3465 3054 3519 enim
3112 3465 3211 3521 fuit
3245 3477 3301 3522 ut
3333 3468 3386 3523 in
3423 3484 3542 3525 om-

1963 3545 2147 3610 nibus,
2181 3547 2296 3601 sive
2333 3562 2395 3601 ea
2434 3548 2499 3601 ad
2528 3548 2787 3616 animam,
2823 3550 2937 3606 sive
2970 3552 3037 3607 ad
3068 3568 3262 3623 corpus
3300 3558 3540 3626 pertine-

1962 3646 2104 3705 rent,
2145 3638 2301 3693 nobis
2330 3639 2746 3696 assimilaretur.
2778 3641 3107 3700 Constamus
3142 3656 3323 3702 autem
3352 3658 3403 3703 ct
3443 3666 3541 3704 nos

1961 3742 2025 3781 ex
2062 3729 2242 3783 anima
2268 3732 2517 3786 rationali
2552 3741 2607 3787 et
2637 3749 2883 3803 corpore.
2923 3736 3287 3804 Quamobrem
3318 3749 3376 3792 ut
3398 3726 3538 3794 non;

1960 3831 2233 3886 nunquam
2263 3822 2493 3891 pr0priae
2527 3823 2677 3876 carni
2711 3840 2774 3877 ea
2807 3827 2921 3893 pati
2989 3826 3383 3892 dispensatorie
3411 3844 3539 3899 per-

1961 3910 2208 3966 mittebat
2274 3927 2394 3981 quae
2443 3914 2622 3969 carnis
2677 3924 2804 3969 sunt
2863 3917 3119 3988 propria,
3178 3918 3259 3972 ita
3301 3920 3537 3975 animam

1960 4015 2058 4057 sua
2083 4017 2297 4072 quoque
2321 4005 2430 4072 pati
2458 4005 2727 4074 permisit.
2757 4006 3001 4079 Denique
3027 4008 3150 4063 licet
3178 4019 3375 4065 natura
3397 4012 3540 4067 Deus

1960 4102 2125 4159 esset,
2147 4096 2406 4166 omnique
2430 4100 2968 4168 creatura'superior,
2997 4115 3117 4170 qua:
3149 4110 3325 4156 tamen
3349 4104 3539 4158 exina-

1961 4185 2187 4240 nitionis
2239 4196 2417 4254 erant,
2475 4203 2538 4243 ea
2594 4203 2811 4259 semper
2878 4203 3136 4247 accurate
3205 4194 3536 4249 observavit.

1961 4275 2132 4333 Porro
2175 4286 2354 4331 autem
2400 4278 2649 4349 spiritum
2686 4297 2866 4348 suum,
2896 4283 2997 4338 hoc
3022 4293 3125 4352 est,
3168 4285 3404 4339 animam
3436 4288 3539 4342 sibi

1962 4370 2194 4438 unitam,
2230 4369 2342 4425 Deo
2370 4383 2424 4425 et
2458 4369 2606 4427 Patri
2647 4374 3013 4440 commendat,
3046 4385 3103 4428 ut
3129 4390 3269 4431 novo
3324 4392 3539 4432 rursum

281 4469 486 4542 ταύτην
530 4473 661 4542 ἡμῖν
708 4472 1011 4526 ὲνεκαίνισε
1055 4472 1155 4542 τὴν
1200 4471 1335 4527 ὁδόν.
1376 4469 1711 4542 Βαδιούμεθα
1754 4470 1861 4543 γὰρ

1968 4460 2229 4517 benclicio
2273 4476 2371 4532 per
2408 4464 2510 4518 hoc
2557 4477 2656 4518 nos
2692 4464 2950 4519 cumulet.
2988 4465 3269 4533 Quondam
3307 4483 3543 4537 namque

281 4562 383 4616 οὐκ
412 4564 489 4627 εἰς
529 4562 658 4635 ᾅδου
691 4564 886 4630 ποθὲν,
919 4561 1162 4634 ἑψόμεθα
1208 4560 1266 4614 δὲ
1316 4559 1536 4631 μᾶλλον⁸
1582 4560 1678 4614 καὶ
1717 4560 1859 4615 κατὰ

282 4655 439 4708 τοῦτο
476 4655 625 4725 αὐτῷ
652 4656 731 4726 τῷ
776 4656 952 4727 πιστῷ
982 4655 1181 4730 κτίστῃ
1200 4654 1297 4719 τὰς
1319 4652 1530 4708 ἑαυτῶν
1564 4653 1861 4725 παρατιθέ-

288 4764 436 4817 μενοι
464 4746 642 4817 ψυχὰς
662 4787 677 4812 ,
705 4748 762 4799 ἐν
787 4746 1001 4799 ἐλπίσιν
1030 4746 1198 4816 ἐσμὲν
1243 4744 1501 4814 ἀγαθαῖς·
1546 4747 1731 4816 ἐγερεῖ
1757 4745 1864 4817 γὰρ

284 4836 530 4902 ἅπαντας
556 4840 584 4892 ό
609 4836 862 4908 Χριστός.

1973 4554 2223 4609 humana:
2250 4555 2443 4607 anima:
2487 4555 2808 4625 corporibus
2835 4566 3013 4611 exuta:
3046 4557 3112 4611 ad
3158 4559 3541 4614 subterraneos

1972 4657 2221 4698 carceres
2273 4642 2715 4710 demittebantur,
2768 4646 2960 4699 mortis
3024 4646 3365 4714 receptacula
3434 4647 3542 4703 illic

1962 4736 2260 4803 impleturae.
2288 4755 2301 4788 :
2334 4745 2391 4789 at
2443 4750 2569 4788 vero
2604 4747 2954 4803 posteaquam
3004 4732 3255 4789 Christus
3292 4737 3540 4806 spiritum

1962 4840 2119 4879 suum
2154 4825 2206 4877 in
2270 4839 2466 4879 manus
2508 4824 2691 4878 Patris
2731 4824 3152 4890 commendavit,
3196 4826 3359 4880 etiam
3405 4828 3544 4883 hanc

1964 4916 2106 4969 viam
2141 4914 2297 4968 nobis
2329 4916 2648 4969 demutavit.
2668 4913 2778 4969 Nec
2807 4915 2951 4970 enim
2989 4933 3132 4972 nunc
3164 4919 3544 4977 descendimus

290 5016 358 5071 ad
395 5013 616 5076 inferos,
652 5013 745 5069 sed
774 5013 966 5069 ducem
1001 5020 1247 5069 nostrum
1276 5024 1416 5080 pone
1463 5011 1868 5079 subsequimur,
1911 5004 2216 5075 animisque
2235 5006 2434 5061 nostris
2454 5005 2529 5059 illi
2548 5006 2709 5060 veluti
2735 5006 2842 5061 lido
2899 5007 3170 5063 conditori
3211 5011 3539 5079 commissis,

290 5107 555 5175 tantisper
576 5105 714 5160 bona
747 5120 843 5174 spe
867 5104 1102 5158 vivimus
1132 5102 1309 5171 quoad
1333 5099 1586 5157 Christus
1615 5100 1898 5155 universos
1940 5096 2159 5153 tandem
2193 5097 2258 5152 ad
2291 5098 2455 5151 vitam
2484 5098 2784 5153 revocabit.

355 5198 499 5265 NQ".
547 5215 566 5248 ι
596 5195 795 5260 Καθὼς
820 5192 1102 5249 ἀπέστειλέ
1139 5209 1206 5263 με
1253 5192 1282 5245 ό
1310 5190 1418 5257 ζῶν
1448 5190 1659 5262 Πατὴρ,
1703 5187 1859 5258 κάγὼ

285 5287 361 5353 ζῶ
390 5287 475 5341 διὰ
509 5288 599 5341 τὸν
633 5286 854 5358 Πατέρα
873 5301 887 5316 ⁸
917 5286 1011 5339 καὶ
1046 5286 1074 5339 ό
1101 5283 1330 5355 τρώγων
1363 5299 1451 5353 με,
1483 5282 1729 5347 κάκεῖνος
1759 5281 1858 5352 ζή-

286 5390 424 5431 σειυ
469 5377 534 5431 δι’
567 5377 688 5446 ἐμέ.
715 5398 735 5431 ι
791 5376 996 5440 Ἡδέως
1044 5376 1111 5431 ἂν
1162 5375 1444 5446 ἐπυθόμην
1485 5374 1592 5429 τῶν
1638 5376 1719 5438 εἰς
1767 5373 1862 5429 δύο

2040 5185 2179 5242 LVI.
2215 5204 2234 5238 ι
2275 5186 2424 5243 Sicut
2452 5188 2600 5244 misit
2629 5203 2716 5243 me
2751 5189 2936 5243 vivens
2966 5186 3147 5255 Pater,
3176 5198 3231 5245 et
3252 5205 3351 5261 ego
3382 5191 3540 5263 177

1967 5280 2092 5335 vivo
2116 5290 2338 5350 pr0pter
2366 5278 2582 5334 Patrem
2619 5297 2634 5332 :
2667 5290 2722 5334 et
2755 5278 2845 5349 qni
2872 5281 3166 5335 manducat
3195 5297 3306 5346 me.
3341 5294 3397 5338 et
3424 5283 3540 5353 ipse

1967 5373 2113 5428 vivet
2153 5382 2373 5444 propter
2410 5385 2497 5425 me
2523 5371 2593 5424 ⁸¹.
2631 5388 2651 5422 ι
2684 5368 2942 5427 Libenter
2992 5371 3081 5429 hic
3112 5387 3206 5430 eos
3236 5374 3540 5447 interroga-

360 5514 406 5546 δ’
423 5512 619 5568 Matth.
651 5529 800 5579 xxvt,
829 5512 923 5569 27.
998 5512 1046 5545 '°
1080 5511 1212 5568 Luc.
1243 5528 1426 5579 xxrttt,
1456 5511 1548 5568 ιθ.
1624 5512 1669 5545 ⁸¹
1696 5510 1855 5567 Joan.
1881 5526 1957 5576 vr,
1981 5511 2033 5567 5.

1394 5628 1568 5683 Variae
1603 5628 1867 5685 lectiones
1902 5627 2107 5684 codicis
2140 5625 2501 5700 Segutertani.

368 5746 799 5819 ι’παρατίθεμαι.
881 5754 903 5784 ³
941 5745 1060 5802 καθ’
1086 5747 1256 5819 ἡμᾶς.

1336 5749 1357 5788 ί
1384 5746 1666 5817 γεγονότα.
1745 5754 1774 5784 υ
1809 5746 2049 5820 ζήσεται.
