3912 6228
374 251 514 310 1M5

1365 237 1423 292 s.
1464 233 1741 292 cmeu
1782 187 2249 287 ALEXANDRlNl
2289 224 2612 284 AltClllEP.

3487 210 3626 265 H16

371 385 511 434 rem,
541 369 634 438 qul
679 377 846 420 unum
888 359 1170 419 Christum
1212 356 1273 413 in
1306 355 1444 411 duos
1498 354 1766 419 dividunt,
1798 360 1949 406 uter-

2066 348 2321 420 Kptctohc
2365 344 2710 417 διοριζόντων
2741 339 2836 393 τὸν
2863 337 2963 392 ἕνα
2983 352 3001 368 ο
3033 333 3133 399 Τίς
3178 332 3246 403 δὴ
3279 329 3392 402 ἄρα
3420 329 3575 384 ἐστὶν
3604 329 3636 382 6

374 477 497 517 nam
523 460 609 514 ille
640 458 709 512 sit
728 456 818 525 qui
847 470 877 508 a
904 455 1014 509 Deo
1030 451 1192 505 Patre
1225 449 1446 512 missus,
1469 453 1692 516 propter
1725 443 1946 498 Patrem

371 546 526 609 vivit,
559 553 613 598 et
639 543 708 598 ob
739 543 790 596 id
819 540 1067 594 viviﬁcus
1091 533 1350 591 exsistit?
1398 531 1534 586 Nam
1571 531 1615 585 si
1649 529 1793 584 illius
1821 527 1952 583 Ver-

376 642 500 693 bum
539 637 736 689 nudum
769 649 862 703 per
889 647 947 686 se
974 630 1210 697 positum
1233 640 1356 682 esse
1393 625 1602 689 dicunt,
1653 620 1950 692 quomodo,

375 743 579 798 quaso,
611 726 737 779 illud
767 740 796 778 a
824 723 997 788 nobis,
1033 731 1091 775 ut
1121 721 1368 774 vivamus
1406 731 1502 786 per
1542 715 1698 782 illud,
1727 711 1952 768 mandu-

377 821 575 876 catur?
608 819 741 874 Nam
766 817 1021 872 divinitas
1049 821 1241 880 suapte
1273 819 1463 864 natura
1485 821 1714 877 corpore
1737 805 1951 874 penitus

377 920 555 965 vacat.
600 911 655 963 Si
701 919 882 961 autem
933 903 1208 958 hominem
1247 909 1454 954 tantum
1481 913 1578 968 per
1608 912 1668 952 se
1702 909 1950 951 seorsum

377 1006 724 1067 conceptum,
778 995 1004 1048 missum
1053 999 1409 1052 asseverant,
1454 984 1724 1055 quomodo
1775 983 1952 1038 vivili-

377 1090 531 1142 candi
567 1089 671 1141 vim
723 1101 788 1140 ex
841 1100 905 1138 eo
947 1084 1130 1149 habet,
1173 1081 1297 1150 quia
1333 1080 1495 1134 vitam
1527 1093 1590 1132 ex
1620 1076 1782 1131 Patre
1812 1075 1953 1130 obti-

380 1180 519 1234 net?
566 1179 763 1231 Annon
826 1189 1018 1230 omnes
1055 1182 1320 1241 quotquot
1373 1172 1425 1225 in
1473 1171 1633 1226 terris
1685 1169 1949 1236 degimns,

377 1267 488 1323 Deo
525 1277 579 1321 et
629 1267 793 1320 Patre
841 1280 940 1318 nos
988 1264 1322 1326 vivilicante,
1360 1261 1526 1314 vitam
1560 1257 1814 1330 agimus?
1840 1257 1952 1310 Ληο-

377 1371 487 1409 ιιοη
539 1373 558 1405 ι
601 1363 655 1406 ιη
692 1354 811 1422 ipso
852 1353 1100 1413 vivimus,
1151 1363 1434 1402 movemur
1473 1359 1525 1401 ct
1568 1362 1756 1400 sumus
1783 1344 1873 1397 "?
1921 1363 1940 1396 ι

377 1445 514 1501 Cum
564 1461 692 1514 ergo
735 1459 925 1499 omnes
965 1458 1061 1511 per
1099 1441 1318 1495 Patrem
1376 1441 1641 1504 vivamus,
1685 1437 1954 1508 quomodo

380 1537 540 1591 unius
585 1545 793 1589 tantum
858 1532 1094 1588 hominis
1141 1546 1337 1598 corpus
1380 1544 1441 1584 ea
1485 1529 1552 1583 de
1586 1543 1748 1582 causa
1783 1527 1955 1581 vivili-

379 1639 500 1678 cum
525 1621 899 1692 praedicatur?
933 1621 1043 1674 Cur
1066 1626 1254 1673 nostra
1299 1633 1515 1687 quoque
1561 1631 1789 1686 corpora
1816 1629 1955 1669 eam-

2050 437 2463 509 ἀπεσταλμένος
2505 433 2658 505 παρὰ
2687 431 2781 486 τοῦ
2822 428 2959 484 Θεοῦ
2996 426 3091 482 καὶ
3120 422 3356 495 Πατρός,
3390 421 3488 509 καί.
3523 421 3636 485 ζῶν

2049 533 2116 585 δι’
2141 507 2323 595 αὐτὸν,
2355 529 2616 600 ὑπάρχων
2661 541 2720 578 τε
2764 521 2857 576 διὰ
2900 519 3064 574 τοῦτο
3109 516 3404 584 ζωποιὸςς
3435 507 3501 568 Et
3537 514 3642 585 μὲν

2050 620 2143 677 οὖν
2182 621 2385 692 γυμνὸς
2414 619 2509 673 καὶ
2552 616 2676 670 καθ’
2705 613 2900 668 ἑαυτὸν
2927 615 2956 666 6
2997 612 3056 678 ἐξ
3094 608 3262 664 αὐτοῦ
3292 607 3487 676 Λόγος,

2053 691 2292 765 ἐσθίεται
2332 707 2470 778 πρὸς
2519 704 2700 776 ἡμῶν,
2749 703 2839 756 ἵνα
2873 700 3127 771 ζήσωμεν
3155 698 3220 750 δι’
3257 695 3456 760 αὑτ6ν;
3488 691 3642 748 ἀσώ-

1997 828 2023 839 -
2055 819 2224 874 ματον
2257 800 2365 870 γὰρ
2391 802 2460 870 τῇ
2490 797 2650 866 φύσει
2683 795 2746 848 τὸ
2771 795 2947 849 Θεῖον.
2979 793 3044 845 El
3079 790 3138 843 δὲ
3174 790 3334 860 μόνον
3375 788 3470 840 καὶ
3508 785 3638 839 καθ’

2051 893 2242 948 ἑαυτὸν
2282 891 2568 962 ἄνθρωπον
2595 883 2736 942 εἷναί
2765 903 2899 956 φασι
2927 886 3019 938 τὸν
3047 880 3486 950 ἀπεσταλμένον.
3515 877 3644 937 πῶς

2050 987 2160 1058 ἄρα
2195 986 2311 1038 ἐστὶ
2350 981 2630 1048 ζωοποιδς,
2661 981 2743 1032 ὅτι
2789 978 2856 1047 ζῇ
2901 976 2990 1030 διὰ
3019 972 3109 1029 τδν
3148 972 3408 1042 Πατέρα;
3441 968 3641 1024 Καίτοι

2052 1077 2171 1141 πῶς
2209 1077 2308 1146 οὐχ
2345 1076 2582 1136 ἆπαντες
2624 1073 2675 1125 oi
2713 1071 2807 1125 ἐπὶ
2854 1069 2955 1138 τῆς
2990 1067 3096 1136 γῆς
3138 1065 3196 1118 ὲν
3229 1061 3397 1129 ζῶσίν
3447 1063 3643 1130 ἐσμεν,

2053 1163 2441 1232 ζωοποιοῦντος
2487 1161 2582 1215 τοῦ
2635 1158 2770 1214 Θεοῦ
2827 1158 2922 1211 val.
2972 1154 3187 1225 Πατρὺς
3232 1153 3419 1222 ἡμᾶς,
3481 1148 3642 1217 εῖπερ

2055 1256 2208 1309 ἐστὶν
2237 1253 2436 1324 ἀληθὲς
2456 1290 2470 1316 ,
2502 1251 2585 1304 ὅτι
2622 1267 2640 1301 ι
2671 1248 2860 1318 Ζῶμεν
2890 1248 2947 1299 ὲν
2976 1241 3147 1313 αὐτῷ,
3186 1241 3282 1295 καὶ
3313 1236 3643 1307 κινούμεθα,

2054 1351 2148 1404 ml.
2186 1348 2384 1419 ὲσμέν;
2418 1363 2435 1396 ι
2487 1344 2615 1396 Ὅτε
2666 1341 2842 1393 τοίνυν
2894 1336 3078 1407 ζῶμεν
3127 1333 3366 1394 ἅπαντες
3413 1328 3504 1382 διὰ
3550 1326 3646 1379 τὸν

2055 1415 2294 1509 Πατέρα,
2328 1435 2442 1498 πῶς
2475 1432 2540 1503 δὴ
2578 1431 2738 1502 μόνον
2771 1428 2831 1481 τὸ
2880 1425 2999 1487 ἐνὸς
3043 1420 3333 1493 ἀνθρώπου
3374 1417 3537 1486 σῶμα
3585 1415 3646 1468 τὸ

2055 1507 2242 1584 ποιοῦν
2278 1530 2392 1581 ἐστι
2425 1525 2605 1589 τοῦτο,
2632 1522 2728 1575 καὶ
2754 1519 2877 1590 οὐχὶ
2920 1515 3123 1587 μᾶλλον
3161 1513 3257 1583 τὴν
3290 1511 3462 1581 αὐτὴν
3491 1507 3649 1577 ἐνέρ-

2056 1639 2210 1692 γειαν
2255 1621 2369 1690 ἔχει
2407 1619 2504 1671 καὶ
2535 1616 2603 1669 τὰ
2633 1615 2859 1684 ἑτέρων,
2895 1610 3052 1679 εἴπερ
3086 1606 3345 1666 ἅπαντες,
3375 1602 3452 1664 ὡς
3482 1600 3643 1669 ἔφην,

383 1718 501 1772 dem
553 1725 879 1782 potestatem
943 1712 1134 1779 adepta
1186 1709 1413 1764 minime
1457 1717 1623 1772 sunt,
1687 1706 1953 1775 siquidem

2066 1690 2226 1782 lout-5v
2258 1728 2316 1764 τε
2366 1711 2460 1762 καὶ
2492 1706 2676 1776 ζῶμεν
2705 1702 2794 1756 διὰ
2835 1701 2927 1754 τὸν
2974 1697 3232 1768 Πατέρα;
3265 1695 3332 1747 Τί
3365 1690 3458 1746 οὖν
3506 1690 3646 1761 πρδς

377 1819 588 1869 οηιιιεε,
638 1815 696 1855 ut
737 1802 875 1866 dixi,
931 1817 1029 1871 per
1080 1799 1296 1853 Patrem
1350 1799 1584 1852 vivimus
1629 1805 1682 1852 et
1728 1795 1954 1851 sumus?

381 1896 587 1964 Ecquid
629 1909 759 1964 ergo
807 1894 876 1948 ad
922 1896 1037 1948 haec
1067 1890 1347 1946 dicemus?
1390 1889 1482 1944 Dei
1538 1888 1800 1954 Verbum,
1831 1901 1953 1941 cum

381 1990 435 2043 in
474 1989 705 2041 humana
763 1987 938 2041 forma
977 1986 1258 2054 apparuit,
1296 1981 1574 2051 apostolus
1600 1979 1722 2046 fuit,
1746 1981 1848 2033 hoc
1875 1985 1958 2032 est

382 2079 601 2132 missus.
633 2095 651 2127 ι
687 2076 909 2130 Missum
943 2085 1027 2130 est
1062 2075 1204 2128 enim
1239 2073 1307 2126 ad
1349 2071 1748 2140 prmdicandum
1775 2069 1952 2138 capti-

379 2169 463 2222 vis
517 2168 919 2229 remissionem,
970 2173 1023 2220 et
1052 2164 1211 2220 cmcis
1251 2163 1424 2216 visum
1453 2162 1518 2213 ⁸³.
1553 2179 1572 2212 ι
1609 2160 1748 2214 Vivit
1774 2169 1956 2212 autem

382 2270 604 2328 propter
633 2259 872 2323 Patrem,
908 2258 1032 2326 quia
1061 2271 1125 2309 ex
1159 2255 1372 2308 vivente
1393 2251 1556 2306 Patre
1585 2250 1826 2320 genitura
1849 2260 1955 2303 est.

383 2349 635 2422 Oportuit
666 2350 811 2404 enim
855 2347 1035 2403 modis
1065 2346 1317 2401 omnibus
1354 2358 1479 2398 eum
1518 2343 1681 2396 vitam
1715 2355 1835 2395 esse
1866 2354 1957 2395 se-

382 2439 617 2496 cundum
645 2448 915 2502 naturam,
954 2437 1044 2506 qui
1076 2451 1140 2489 ex
1170 2435 1382 2487 vivente
1410 2442 1464 2487 et
1497 2432 1604 2486 vita
1642 2432 1749 2486 Deo
1795 2431 1960 2485 Patre

383 2541 562 2584 ortum
606 2527 859 2582 ducebat.
924 2524 1190 2592 Quoniam
1243 2536 1372 2576 vero
1425 2537 1626 2590 corpus
1684 2535 1750 2575 ex
1804 2535 1959 2575 sacra

387 2615 613 2687 Virgine
641 2624 918 2684 sumptum
955 2614 1060 2669 sibi
1092 2614 1304 2678 ascivit,
1341 2612 1469 2666 fecit
1501 2611 1630 2666 illud
1660 2611 1957 2677 vivilicum,
2003 2642 2007 2649 -

385 2719 440 2764 et
477 2710 530 2763 id
559 2708 776 2778 quidem
810 2708 1097 2761 admodum
1135 2720 1372 2776 congrue
1401 2705 1424 2758 ?
1464 2704 1558 2759 Est
1580 2705 1728 2758 enim
1761 2718 1960 2772 corpus

384 2801 512 2854 vita:
549 2801 730 2855 omnia
773 2799 1120 2853 viviticanlis.
1160 2797 1266 2852 Fas
1295 2799 1479 2867 itaque
1511 2811 1616 2851 non
1649 2806 1732 2850 est
1795 2811 1960 2850 unum

388 2890 584 2946 Filium
637 2901 694 2946 et
739 2889 1017 2946 Christum
1062 2899 1118 2944 et
1174 2889 1460 2943 Dominum
1517 2888 1572 2941 in
1625 2887 1761 2941 duos
1821 2886 1962 2942 lilios

387 2985 718 3054 dispertire:
757 2984 1025 3054 siquidem
1081 2983 1224 3037 idem
1281 2982 1397 3050 ipse
1449 2990 1503 3034 et
1549 2981 1654 3034 vita
1683 2989 1786 3043 est,
1819 2994 1961 3048 quo-

2057 1780 2232 1855 ταῦτά
2265 1815 2486 1870 φαμεν;
2528 1793 2846 1856 Ἀπόστολος
2875 1789 3282 1861 κεχρημάτικεν
3306 1787 3335 1839 6
3368 1784 3457 1838 τοῦ
3500 1780 3643 1835 Θεοῦ

2057 1892 2246 1961 Λόγος,
2277 1893 2336 1944 ὲν
2365 1887 2679 1958 ἀνθρωπεία
2718 1885 2899 1956 μορφῇ
2939 1879 3196 1949 πεφηνώς
3222 1896 3236 1909 ο
3273 1897 3294 1930 ι
3335 1875 3650 1948 Ἀπεστὰλῃ

2057 1986 2164 2057 γὰρ
2212 1980 2446 2054 κηρύξαι
2487 1990 2514 2018 τ
2565 1976 2930 2049 αἰχμαλώτοις
2989 1974 3215 2043 ἄφεσιν,
3261 1971 3362 2024 καὶ
3419 1968 3648 2037 τυφλοῖς

2057 2074 2373 2144 ἀνάϐλεψιν.
2400 2091 2419 2126 ι
2456 2074 2530 2143 Ζῇ
2563 2071 2620 2124 δὲ
2643 2069 2732 2123 διὰ
2766 2068 2852 2121 τὸν
2886 2064 3106 2134 Πατέρα
3128 2079 3143 2094 ο
3175 2061 3508 2130 γεγέννηται
3539 2059 3648 2128 γὰρ

2060 2170 2125 2220 ὲκ
2164 2168 2364 2231 ζῶντος
2404 2162 2637 2234 Πατρός.
2670 2159 2818 2213 Ἔδει
2863 2159 3007 2230 γὰρ,
3055 2156 3161 2208 ἔδει
3210 2154 3393 2222 πάντη
3442 2167 3506 2203 τε
3553 2149 3648 2203 καὶ

2062 2260 2280 2321 πάντως
2320 2255 2461 2310 κατὰ
2495 2253 2657 2324 φύσιν
2679 2249 2817 2306 εἶναι
2853 2249 2998 2320 ζωὴν
3023 2248 3113 2300 τὸν
3138 2247 3203 2299 ἐκ
3227 2244 3434 2309 ζῶντός
3463 2258 3525 2296 τε
3557 2241 3649 2294 καὶ

2061 2349 2209 2420 ζωῆς
2236 2348 2330 2402 τοῦ
2353 2346 2486 2400 Θεοῦ
2511 2346 2604 2399 καὶ
2629 2343 2840 2414 Πατρδς
2867 2339 3218 2410 ἐκπεφυκότα
3241 2337 3394 2390 Υίὸν.
3431 2332 3650 2403 Ἐπειδή

2061 2441 2118 2496 δὲ
2147 2441 2278 2494 ίδιον
2319 2421 2613 2510 ἐποιήσατο
2642 2435 2704 2488 τὸ
2746 2434 2905 2503 σῶμα
2945 2431 3005 2484 τὸ
3045 2432 3108 2483 ἐκ
3139 2429 3239 2498 τῆς
3289 2427 3457 2495 ἁγίας
3499 2428 3647 2497 Παρ-

2064 2532 2216 2585 θένου
2246 2529 2473 2602 ληφθὲν,
2506 2525 2769 2592 ζωοποιὸν
2795 2523 3075 2592 ἀπέφηνεν
3103 2519 3234 2573 αὐτὸ
3272 2518 3368 2571 καὶ
3576 2518 3652 2570 εί·

2062 2624 2267 2687 κότωςο
2303 2620 2463 2691 σῶμα
2495 2619 2603 2689 γάρ
2655 2617 2771 2668 ἐστι
2804 2614 2902 2685 τῆς
2947 2613 3015 2666 τὰ
3047 2613 3226 2665 πάντα
3273 2607 3652 2677 ζωογονούσης

2064 2714 2230 2784 ζωῆς.
2263 2710 2473 2765 Οὐκοῦν
2515 2710 2576 2762 οὑ
2609 2707 2907 2776 διαιρετέον
2956 2705 3038 2768 είς
3071 2703 3224 2764 υἱοὺς
3271 2701 3363 2754 δύο
3406 2701 3499 2752 τὸν
3545 2700 3649 2751 ἕνα

2064 2803 2194 2857 Υίδν
2234 2802 2328 2854 καὶ
2360 2798 2595 2869 Χριστὸν
2643 2798 2739 2851 καὶ
2773 2795 2997 2866 Κύριον.
3044 2794 3221 2863 Εἴπερ
3249 2791 3388 2843 ἐστὶν
3419 2791 3449 2842 6
3475 2788 3650 2852 αὐτὸς

2067 2894 2181 2965 ζωὴ
2218 2893 2318 2965 μὲν
2361 2890 2435 2955 ὡς
2475 2892 2540 2943 ὲκ
2573 2888 2718 2959 ζωῆς
2751 2887 2846 2939 καὶ
2878 2885 3078 2950 ζῶντος
3113 2883 3349 2952 Πατρδς,
3381 2880 3653 2944 ζωοποιδς

2067 2984 2123 3038 δὲ
2156 2985 2249 3038 καὶ
2279 2982 2368 3037 διὰ
2392 2980 2486 3035 τοῦ
2521 2980 2650 3032 ίόίου
2687 2977 2959 3049 σώματος,
2986 2975 3062 3039 ὡς
3091 2973 3212 3027 καθ’
3232 2974 3380 3045 ἡμᾶς
3411 2968 3652 3042 γεγονὼς

386 3079 533 3134 niam
586 3092 654 3132 ex
707 3077 819 3131 vita
867 3077 1192 3145 viventeque
1239 3073 1400 3128 Patre
1454 3082 1612 3128 natus
1646 3079 1747 3136 est,
1782 3081 1835 3127 et
1870 3088 1961 3141 per

2072 3076 2167 3131 καὶ
2194 3073 2622 3162 ὲνανθρωπήσας
2654 3069 2806 3134 Θεός.

386 3169 664 3242 proprium
695 3182 896 3238 corpus
929 3181 1150 3222 rursum
1189 3165 1432 3220 viviﬁcus
1463 3172 1568 3230 est,
1608 3173 1792 3232 utpote
1825 3165 1964 3220 Deus

388 3259 550 3316 homo
581 3258 774 3316 similis
795 3258 952 3313 nobis
984 3256 1229 3312 enectus.

459 3350 613 3405 LVII.
644 3369 664 3403 ι
710 3350 866 3407 Sicut
895 3350 1040 3405 enim
1075 3351 1242 3405 Pater
1282 3348 1446 3404 vitam
1483 3348 1648 3403 habet
1674 3348 1730 3402 in
1767 3357 1968 3404 semet-

391 3443 526 3511 ipso,
579 3443 658 3497 sic
682 3442 830 3496 dedit
861 3450 915 3495 et
947 3440 1084 3496 Filio
1113 3441 1282 3494 vitam
1310 3440 1512 3494 habere
1536 3440 1588 3492 in
1620 3438 1916 3508 semetipso
1947 3455 1962 3492 :

389 3543 444 3588 et
476 3541 800 3604 potestatem
829 3533 977 3588 dedit
1022 3533 1073 3586 ei
1112 3542 1167 3586 et
1191 3531 1458 3601 judicium
1491 3530 1692 3594 facere,
1725 3533 1849 3599 quia
1876 3531 1967 3586 Fi-

390 3627 495 3683 lius
549 3627 785 3682 hominis
834 3637 914 3682 est
957 3625 1027 3681 “.
1077 3645 1096 3679 ι
1151 3626 1219 3679 At
1259 3625 1536 3695 quomodo
1585 3624 1830 3694 (quzerat
1881 3623 1968 3678 hic

390 3721 695 3792 quispiam)
755 3738 774 3771 ι
819 3718 980 3773 Pater
1034 3717 1202 3773 vitam
1250 3718 1413 3772 habet
1469 3716 1520 3770 in
1556 3715 1902 3784 semetipso?
1942 3733 1962 3768 ι

390 3811 643 3884 Nunquid
704 3811 924 3866 aliunde
963 3818 1284 3878 acceptam,
1329 3807 1410 3863 vel
1467 3807 1534 3863 ab
1590 3807 1698 3862 alio
1740 3805 1968 3861 datam?

393 3907 769 3977 Nequaquam.
824 3903 972 3959 Istud
1025 3915 1260 3971 namque
1317 3901 1515 3957 docere
1578 3901 1666 3955 vel
1725 3898 1965 3969 opinari,

392 3999 518 4069 quid
547 4007 694 4053 esset
733 3996 877 4050 aliud
921 3995 1023 4050 nisi
1075 4002 1324 4064 apertum
1373 3993 1620 4047 delirium
1647 3992 1670 4045 ί
1699 3990 1812 4045 lmo
1839 4004 1968 4045 vero

390 4093 519 4164 quid
551 4091 658 4146 nisi
699 4089 993 4144 manifesta
1029 4087 1290 4142 adversus
1327 4084 1652 4140 inell'ahilem
1686 4083 1834 4137 illam
1873 4096 1970 4137 na-

394 4195 573 4238 turam
615 4179 996 4248 blasphemia?
1043 4178 1226 4234 Primo
1277 4192 1532 4246 namque,
1574 4175 1619 4230 si
1648 4174 1755 4228 vita
1804 4187 1968 4244 quam

391 4277 580 4340 habet,
628 4273 695 4326 ab
737 4273 855 4341 ipso
911 4270 1126 4324 diversa
1176 4269 1337 4336 foret,
1399 4268 1777 4321 universorum
1827 4263 1969 4316 Deus

393 4384 499 4424 non
541 4373 686 4419 esset
715 4374 906 4417 natura
938 4361 1183 4431 quaedam
1220 4361 1381 4430 178
1403 4359 1658 4428 simplex,
1698 4357 1790 4412 sed
1822 4369 1970 4410 com-

395 4458 588 4527 posita.
618 4457 697 4509 Ad
726 4457 859 4521 bare,
900 4455 946 4507 si
975 4454 1143 4504 vitam
1190 4451 1419 4503 aliunde
1459 4448 1741 4515 accepisse
1772 4453 1970 4499 statue-

394 4563 566 4617 retur,
602 4551 647 4604 is
681 4550 866 4616 utique
909 4547 999 4612 qui
1039 4545 1204 4596 vitam
1249 4557 1353 4595 non
1397 4539 1617 4594 babenti
1643 4537 1968 4606 impertiret,

394 4651 532 4702 citra
589 4657 805 4700 omnem
857 4635 1285 4694 controversiam
1355 4632 1536 4687 multis
1585 4630 1827 4700 partibus
1878 4627 1971 4683 illo

395 4739 590 4808 major,
615 4734 880 4802 bonisque
903 4730 1156 4787 omnibus
1185 4725 1516 4782 cumulatior
1541 4722 1700 4779 foret.
1727 4721 1973 4791 Denique

398 4830 740 4890 existimare,
789 4825 904 4880 haec
953 4824 1025 4877 ita
1071 4821 1313 4883 habere,
1374 4819 1476 4874 hoc
1533 4825 1636 4881 est,
1685 4813 1970 4884 imaginari

397 4922 565 4976 Deum
617 4919 836 4973 Patrem
880 4916 1051 4968 vitam
1084 4911 1324 4974 aliunde,
1353 4919 1408 4964 ct
1431 4909 1586 4978 quasi
1615 4905 1972 4962 adventitiam

397 5005 691 5070 obtinere;
741 5004 843 5056 hoc
890 5000 1024 5054 nihil
1066 4999 1213 5052 aliud
1250 5006 1415 5061 esset,
1445 5006 1502 5049 ut
1527 4996 1662 5060 dixi,
1685 5009 1845 5064 quam
1875 4997 1972 5046 al)-

397 5095 722 5153 surdissime
765 5093 1021 5148 delirare.
1069 5089 1244 5145 llabet
1295 5089 1477 5158 itaque
1522 5086 1681 5140 Pater
1721 5086 1886 5138 vitam
1917 5083 1971 5136 in

400 5189 692 5258 semetipso
737 5201 841 5240 non
886 5183 1178 5240 ascititiam
1215 5179 1295 5235 vel
1325 5179 1703 5241 adventitiam,
1747 5175 1842 5231 sed
1873 5188 1970 5229 na-

2142 3341 2264 3394 NZ'.
2316 3357 2334 3390 ι
2363 3337 2576 3406 Ὠσπερ
2606 3336 2712 3404 γὰρ
2739 3334 2768 3386 6
2807 3329 2999 3401 Πατὴρ
3041 3327 3154 3399 ἔχει
3184 3323 3332 3396 ζωὴν
3361 3324 3418 3376 ὲν
3451 3318 3654 3392 ἑαυτῷ,

2074 3433 2217 3488 οὕτω
2245 3432 2338 3485 καὶ
2377 3429 2456 3501 τῷ
2486 3427 2601 3498 Υίῷ
2633 3425 2833 3479 δέδωκε
2867 3422 3014 3492 ζωὴν
3045 3421 3190 3491 ἔχειν
3218 3421 3276 3473 ὲν
3317 3413 3526 3486 ἑαυτῷ·
3561 3413 3654 3467 καὶ

2075 3523 2323 3593 ἐξουσίαν
2363 3522 2560 3575 ἔδωκεν
2603 3516 2752 3587 αὑτῷ
2795 3517 2892 3570 καὶ
2929 3515 3109 3586 κρίσιν
3155 3515 3352 3575 ποιεῖν,
3397 3510 3480 3562 ὅτι
3526 3507 3654 3568 Tib;

2074 3617 2360 3688 ἀνθρώπου
2411 3613 2546 3670 ἐστί.
2586 3631 2604 3664 ι
2659 3611 2794 3664 Τίνα
2830 3609 2895 3680 δὴ
2945 3609 3150 3681 τρόπον
3196 3605 3406 3678 οἰηθείη
3453 3620 3544 3666 τις
3592 3603 3656 3654 ἂν

2077 3710 2220 3781 ἔχειν
2279 3710 2338 3762 ὲν
2382 3705 2558 3776 ἐαυτῷ
2597 3706 2696 3776 τὴν
2741 3703 2889 3774 ζωὴν
2938 3702 3029 3755 τὸν
3077 3699 3330 3771 Πατέρα;
3382 3693 3495 3769 ἆρα
3548 3695 3657 3767 γὰρ

2075 3797 2272 3865 ἔξωθεν
2323 3797 2416 3851 καὶ
2449 3795 2888 3867 είσκεκριμένην,
2937 3791 3033 3846 καὶ
3078 3791 3210 3862 παρ’
3238 3789 3430 3859 ἐτέρου
3477 3785 3660 3839 δοθεῖ-

2077 3907 2214 3956 σαν;
2254 3888 2445 3944 Καίτοι
2481 3888 2600 3951 πῶς
2628 3887 2687 3941 οὺ
2719 3887 2881 3956 λῆρος
2916 3885 2981 3938 ἂν
3013 3882 3099 3953 εἴη
3127 3881 3286 3935 τοῦτό
3315 3897 3377 3948 γε
3410 3881 3657 3949 φρονεῖν,

2074 3984 2110 4056 ἢ
2139 3983 2347 4052 λέγειν;
2379 3980 2490 4051 ἔχει
2526 3978 2635 4050 γὰρ
2663 3978 2723 4031 οὐ
2761 3975 2988 4048 μετρίαν
3024 3977 3053 4028 ὁ
3091 3973 3248 4042 λόγος
3275 3972 3372 4041 τῆς
3404 3971 3660 4042 dm”?

2074 4091 2170 4127 του
2213 4072 2428 4143 φύσεως
2461 4069 2560 4138 τὴν
2592 4068 2952 4137 κατάρῤησιν.
3004 4062 3225 4136 Πρῶτον
3275 4062 3372 4130 μὲν
3406 4060 3521 4131 γὰρ
3561 4059 3660 4130 οὐχ

2077 4165 2280 4230 ἁπλοῦς
2330 4164 2409 4218 ἔτι
2446 4163 2546 4234 τὴν
2579 4161 2792 4232 φύσινὸ
2833 4159 2942 4212 τῶν
2979 4157 3115 4210 ὅλων
3159 4156 3314 4208 ἕσται
3342 4153 3502 4217 Θεὸς,
3539 4153 3662 4206 σῦν-

2077 4259 2228 4322 θετος
2257 4257 2313 4310 δὲ
2356 4255 2578 4327 μᾶλλον,
2610 4252 2768 4323 εἴπερ
2798 4251 2944 4303 ἐστὶν
2980 4249 3142 4318 ἑτέρα
3182 4247 3311 4318 παρ’
3343 4245 3510 4298 αὑτὸν
3543 4246 3580 4314 ἡ
3607 4247 3664 4298 ὲν

2077 4349 2224 4421 αὐτῷ
2257 4347 2392 4419 ζωή.
2426 4347 2527 4417 Είη
2555 4345 2600 4399 δ’
2625 4346 2691 4400 ἂν
2720 4343 2813 4398 καὶ
2842 4341 3041 4412 μείζων
3074 4340 3259 4405 αὐτοῦ,
3289 4341 3383 4393 καὶ
3416 4342 3472 4392 ὲν
3504 4340 3666 4408 ἀμεί-

2074 4457 2219 4495 νοσιν
2259 4438 2624 4510 ἁσυγκρίτως,
2658 4439 2686 4489 6
2722 4435 2797 4498 ὡς
2834 4434 2935 4487 οὐκ
2978 4432 3152 4502 ἔχοντι
3187 4431 3312 4495 δοὺς
3344 4431 3440 4501 τὴν
3482 4431 3663 4500 ζωὴν,

2078 4533 2236 4603 εἴπερ
2275 4530 2412 4593 ὅλως
2458 4529 2610 4598 ἁλοίη
2645 4525 2844 4579 λαϐὼν.
2884 4523 3022 4577 Ἀλλ’
3049 4523 3221 4586 ἐστιν,
3251 4522 3328 4585 ὼς
3358 4523 3524 4592 ἔφην,
3559 4523 3667 4575 τῶν

2077 4623 2217 4692 ἄγαν
2244 4620 2636 4694 ἁπηχεστάτων
2664 4619 2723 4671 τὸ
2745 4610 2847 4672 ὧδέ
2872 4634 2931 4670 τε
2956 4616 3096 4688 ἔχειν
3119 4614 3329 4669 οἴεσθαι
3357 4615 3545 4680 ταυτὶ,
3573 4615 3672 4670 καὶ

2081 4713 2312 4786 Θύραθεν
2341 4716 2538 4767 ἐννοεῖν
2566 4708 3060 4779 είσκεκομισμένην
3095 4707 3236 4760 ἑλεῖν
3264 4707 3361 4774 τὴν
3393 4706 3550 4776 ζωὴν
3577 4706 3671 4760 τὸν

2074 4807 2208 4860 Θεὸν
2247 4808 2341 4861 καὶ
2380 4805 2617 4876 Πατέρα.
2647 4805 2803 4873 Ἔχει
2839 4801 3017 4854 τοίνυν
3059 4800 3119 4852 ἐν
3154 4797 3329 4867 ἑαυτῷ
3371 4797 3475 4866 τὴν
3523 4796 3671 4868 ζωὴν

2075 4900 2177 4953 οὐκ
2220 4899 2510 4970 ἐπίκτητον
2540 4899 2574 4970 ἢ
2604 4893 3054 4967 είσκεκριμένως,
3088 4890 3329 4961 φυσικῶς
3363 4889 3423 4942 δὲ
3461 4890 3674 4959 μᾶλλον

2075 4990 2488 5062 ἐνυπάρχουσαν
2512 5006 2572 5042 τε
2619 4984 2791 5056 αὐτῷ,
2823 4984 2916 5037 καὶ
2955 4981 3187 5052 οὑσιώδη
3232 4979 3468 5050 καρπόν.
3510 4981 3676 5032 Οὕτω

2075 5082 2304 5136 δέδωκεν
2335 5081 2479 5152 ἔχειν
2523 5080 2619 5134 καὶ
2664 5077 2743 5149 τῷ
2775 5076 2890 5148 Υἱῷ
2929 5075 3026 5146 τὴν
3065 5076 3232 5145 ζωήν.
3264 5069 3399 5126 Εἶτα
3445 5072 3572 5135 πῶς
3609 5072 3676 5126 ἂν

2076 5171 2293 5228 δύναιτο
2325 5171 2506 5227 λαϐὼν
2535 5173 2563 5226 6
2591 5170 2740 5236 Υἱὸς,
2775 5167 3045 5232 οὐσιωδῶς
3074 5167 3217 5239 ἔχειν
3257 5167 3314 5221 ὲν
3339 5163 3528 5236 ἑαυτῷ
3573 5165 3676 5237 τὴν

467 5345 518 5378 ³⁸
538 5343 694 5400 Joan.
732 5359 863 5411 xvu,
890 5340 983 5398 28.
1060 5341 1106 5373 ⁵³
1136 5340 1238 5397 lsa.
1271 5356 1379 5406 ιιι,
1409 5339 1432 5393 l
1462 5357 1476 5405 ;
1511 5337 1640 5392 Luc.
1679 5351 1756 5402 tv,
1789 5333 1876 5400 l8,
1903 5332 1992 5388 l9.
2066 5332 2114 5364 “
2135 5331 2294 5388 Joan.
2325 5347 2378 5392 v,
2405 5330 2499 5387 28.

1501 5492 1678 5549 Variae
1706 5493 1964 5548 lectiones
1989 5490 2191 5548 codicis
2220 5488 2578 5560 Seguieriani.

479 5643 508 5676 ν
530 5632 802 5708 κηρύξων.
