3952 6200
317 302 441 361 m7

1117 301 1210 357 AD
1245 299 1544 358 REGINAS
1582 300 1669 357 DE
1711 300 1939 358 RECTA
1981 301 2143 357 FIDE
2180 299 2439 358 ORATIO
2479 299 2784 357 ALTERA.

3426 294 3567 355 1418

317 424 487 494 ζωήνς
520 421 685 476 Τουτὶ
721 422 853 495 γὰρ,
880 420 1055 493 οἶμαι,
1091 424 1224 494 φαίη
1265 442 1347 488 τις
1392 424 1477 479 ἄν.
1515 425 1666 494 Ἔχει
1707 425 1885 479 τοίνυν

2007 424 2243 480 .uraliter
2286 423 2467 495 potius
2512 422 2671 491 quasi
2743 416 3151 475 substantialem
3223 417 3458 472 fructum
3510 417 3563 470 in

316 516 383 578 ὡς
422 513 480 578 ἐξ
521 513 686 569 αὑτοῦ
731 514 871 568 κατὰ
916 514 1078 584 φύσιν
1135 515 1414 585 ὑπάρχων,
1459 514 1519 567 ὲν
1561 514 1739 585 ἐαυτῷ
1780 515 1879 586 τὴν

317 605 467 677 ζωὴν,
495 606 627 661 καθδ
655 609 854 660 νοεῖται
878 607 1029 669 Θεός.
1054 607 1278 678 Δέχεται
1304 606 1358 659 δὲ
1391 607 1590 677 μᾶλλον
1621 607 1758 677 μετὰ
1788 606 1880 660 τοῦ

317 696 401 751 καὶ
430 697 634 768 κρίνειν
670 698 858 769 αὐτὴν,
891 698 1071 752 καίτοι
1101 698 1295 770 κριτὴς
1333 698 1597 769 ὑπάρχων
1622 698 1698 763 ὡς
1726 698 1877 762 Θεός.

1990 518 2175 586 seipso
2199 516 2576 572 exsistentem.
2616 514 2795 582 Atque
2845 512 2909 566 ad
2959 512 3211 566 eumdem
3257 512 3476 565 modum
3512 520 3567 563 et

1989 611 2129 665 Filio
2171 625 2388 680 quoque
2438 609 2607 663 vitam
2642 607 2694 661 in
2729 608 3023 677 semetipso
3051 607 3253 661 habere
3289 605 3460 659 dedit.
3494 603 3564 658 Et

1990 706 2263 774 quomodo
2294 702 2487 767 Filius,
2512 716 2636 757 cum
2668 700 2833 754 vitam
2867 715 2895 752 a
2928 700 3089 755 Patre
3113 698 3407 767 acceperit,
3431 695 3564 752 sub-

315 788 415 842 Καὶ
443 790 528 853 τίς
564 789 629 844 ἂν
661 790 745 861 εἴη
779 789 875 844 τοῦ
919 790 1107 844 λαϐεῖν
1134 793 1163 844 6
1190 791 1428 862 τρόπος,
1472 790 1671 857 διδάξει
1708 790 1883 859 λέγων

2007 794 2317 850 stantialiter
2364 809 2482 849 eam
2529 794 2581 847 in
2624 808 2684 848 se
2725 786 2897 863 possit
2945 790 3282 847 habere?ld
3315 803 3569 860 namque,

312 879 485 943 αὐτὸς,
514 882 594 934 ὅτι
625 896 644 931 ι
675 881 803 944 Υἱὸς
835 880 1124 952 ἀνθρώπου
1147 880 1314 935 ἐστίν.
1338 900 1355 931 ι
1383 881 1457 933 Οὐ
1489 880 1596 951 γὰρ
1632 880 1763 933 ἴδιον
1785 882 1883 934 ἁν-

2007 893 2053 938 ut
2078 893 2231 954 puto,
2264 883 2464 954 aliquis
2487 883 2668 937 dicere
2701 882 2898 952 possit.
2929 879 3102 935 Habet
3134 893 3264 949 ergo
3291 888 3345 933 et
3375 878 3567 940 Filius,

310 970 525 1041 θρώπου
545 971 607 1023 τὸ
626 969 882 1025 δύνασθαι
904 971 1116 1027 οἴκοθεν
1136 970 1280 1041 ἔχειν
1301 970 1399 1040 τὴν
1421 970 1585 1040 ζωήν.
1616 989 1635 1023 ι
1668 969 1886 1041 Ἐπειδὴ

2007 989 2117 1028 cum
2147 974 2214 1028 ab
2252 973 2370 1042 ipso
2392 971 2557 1026 Patre
2586 971 2881 1025 secundum
2912 979 3167 1023 naturam
3191 968 3283 1032 sit,
3319 967 3485 1020 vitam
3515 967 3569 1020 in

311 1062 366 1115 δὲ
407 1062 532 1115 ἴδιον
572 1061 763 1130 γέγονε
801 1061 896 1115 τοῦ
930 1062 1131 1126 ζῶντος
1184 1061 1361 1130 Λόγου
1411 1062 1472 1114 τὸ
1506 1061 1705 1115 ένωθὲν
1738 1062 1888 1132 αὐτῷ

2007 1065 2196 1134 seipso,
2234 1075 2398 1134 prout
2429 1065 2570 1119 Deus
2595 1072 2718 1118 est:
2754 1070 2812 1117 at
2840 1076 2971 1117 vero
3008 1075 3113 1115 una
3146 1058 3572 1129 eumjudicandi

314 1152 484 1222 σῶμα,
515 1152 685 1223 ταύτῃ
724 1170 805 1205 τοι
837 1152 931 1204 καὶ
972 1153 1116 1224 μάλα
1145 1154 1401 1216 εἰκότως,
1432 1152 1507 1215 ὼς
1553 1151 1691 1222 ἔχων
1723 1150 1888 1205 αὑτοῦ

2007 1164 2261 1224 potestate
2322 1154 2468 1208 illam
2516 1153 2798 1222 accepisse
2858 1142 3261 1217 diciturfesto
3313 1159 3372 1204 ut
3421 1148 3565 1204 Deus

310 1246 406 1315 τὴν
445 1245 707 1310 ζωοποιδν
751 1245 1052 1314 ἐνέργειαν,
1104 1245 1288 1300 λαϐεῖν
1320 1229 1678 1315 λέγεταίτὴν
1718 1243 1888 1313 ζωήν.

2007 1246 2234 1301 omnium
2254 1244 2420 1313 j-udex
2446 1246 2694 1299 exsistat.
2720 1244 2890 1300 Porro
2904 1255 3087 1299 autem
3116 1258 3237 1313 quae
3266 1242 3572 1312 suscipien—

314 1337 615 1392 Οἰκειοῦται
643 1337 699 1390 δὲ
734 1337 979 1401 πάλινιτὸ
1008 1338 1199 1409 χρῆμα
1226 1336 1410 1404 αὐτὸς,
1438 1332 1498 1391 οὗ
1524 1336 1618 1389 καὶ
1644 1335 1771 1388 ἴδιον
1800 1335 1893 1404 γέ-

2007 1336 2048 1389 di
2080 1337 2350 1391 exstiterit
2375 1337 2535 1402 ratio,
2586 1336 2640 1391 id
2698 1338 2810 1406 ipse
2866 1338 3126 1405 insinuat,
3190 1337 3317 1390 dum
3375 1335 3568 1388 addit:

313 1445 433 1498 γονε
463 1428 623 1498 σῶμα
652 1427 712 1481 τὸ
747 1427 987 1498 εἰληφός.
1390 1458 1398 1465 -

2007 1443 2021 1476 ι
2055 1424 2192 1492 Quia
2232 1425 2403 1479 Filius
2460 1426 2693 1480 hominis
2721 1434 2824 1482 est.
2865 1443 2886 1479 ι
2927 1425 3040 1480 Non
3093 1425 3239 1480 enim
3290 1425 3570 1493 proprium

304 1529 390 1573 est
425 1518 630 1573 homini
679 1519 847 1573 vitam
878 1536 910 1572 a
951 1520 1245 1589 semetipso
1284 1518 1489 1574 habere
1520 1532 1681 1585 posse
1718 1534 1731 1571 :
1790 1518 1882 1571 sed
1924 1516 2049 1586 quia
2122 1529 2317 1584 corpus
2368 1516 2548 1571 Verbo
2593 1516 2801 1570 unitum
2858 1515 3090 1570 viventis
3135 1515 3295 1569 Verbi
3372 1512 3575 1568 factum

309 1618 389 1664 est
434 1608 736 1678 proprium,
798 1617 1110 1678 propterea,
1152 1617 1207 1664 et
1241 1608 1293 1662 id
1362 1607 1587 1677 quidem
1620 1605 1910 1660 admodum
1992 1604 2394 1668 convenienter,
2453 1605 2621 1658 vitam
2691 1605 2968 1673 accepisse
3025 1606 3269 1669 dicitur,
3321 1613 3577 1675 tanquam

306 1706 574 1760 vivilicam
628 1703 798 1772 ipsius
842 1703 1118 1758 actionem
1171 1702 1403 1757 habens.
1436 1701 1571 1756 item
1637 1715 1767 1758 vero
1827 1700 2032 1771 ipsein
2100 1714 2160 1756 se
2198 1698 2478 1767 transfert,
2523 1698 2682 1773 cujus
2733 1700 3014 1772 proprium
3067 1700 3266 1756 factum
3310 1711 3393 1757 est
3445 1700 3577 1756 illud

311 1812 525 1869 corpus,
568 1797 712 1867 quod
743 1795 913 1849 vitam
946 1792 1177 1864 accepit.

310 1939 434 1994 Ὅτι
461 1937 579 1992 κᾶν
606 1936 744 2000 Υἱὸς
772 1935 1087 2003 ᾀνθρώπου
1111 1931 1359 2002 λέγηται
1386 1934 1419 1986 ὁ
1450 1932 1725 2000 Χριστὸς,
1754 1930 1892 1987 ἀλλ’

556 2004 737 2060 οὐδὲν
764 2000 947 2075 ἧττὸν
982 2004 1117 2057 ἐστι
1150 2000 1295 2067 Θεὸς
1325 2003 1634 2075 ἀληθινός.

374 2140 511 2193 NH'.
550 2134 722 2198 Αὐτός
748 2134 849 2187 πού
872 2152 1035 2205 φησιν
1055 2137 1083 2189 6
1106 2134 1312 2205 Κύριος
1335 2135 1492 2205 ἡμῶν
1528 2134 1735 2206 Ἰησοῦς
1759 2136 1893 2207 Χρι-

307 2232 452 2294 στός.
488 2248 508 2280 ι
538 2225 687 2298 *Αρά
718 2243 781 2295 γε
809 2225 978 2279 ἐλθὼν
1000 2229 1029 2281 6
1062 2227 1188 2289 Υἱὸς
1219 2226 1314 2279 τοῦ
1349 2225 1637 2298 ἀνθρώπου
1670 2228 1893 2299 εὑρήσει

301 2323 403 2393 τὴν
451 2320 633 2373 πίστιν
668 2320 760 2371 ἐπὶ
810 2317 911 2386 τῆς
948 2318 1086 2387 ﬁs;
1117 2336 1136 2369 ι
1172 2318 1309 2389 Φέρε
1352 2318 1417 2388 δὴ
1459 2317 1618 2372 πάλιν
1664 2318 1755 2371 τὸν
1788 2318 1895 2372 τῶν

304 2412 613 2485 εἰρημένων
637 2409 1014 2482 βασανίζοντες
1027 2405 1181 2470 νοῦν,
1209 2412 1386 2463 έκεῖνο
1413 2409 1893 2482 περιαθρήσωμεν,

301 2505 469 2559 ποίαν
521 2503 745 2574 ζητήσει
796 2502 977 2555 πίστιν
1010 2502 1101 2554 ἐπὶ
1148 2502 1244 2571 τῆς
1284 2502 1384 2572 γῆς
1431 2501 1803 2572 ὑπονοστήσας
1838 2501 1897 2567 ἐξ

301 2593 554 2666 οὐρανῶν
596 2595 624 2645 6
668 2591 872 2663 Κύριος
920 2591 1082 2661 ἡμῶν
1120 2591 1329 2660 Ἰησοῦς
1378 2592 1648 2662 Χριστός;
1686 2593 1748 2645 Εἰ
1800 2594 1896 2663 μὲν

299 2688 413 2759 γὰρ
446 2683 805 2739 πιστεύεσθαι
835 2683 973 2755 πρὸς
1004 2682 1161 2754 ἡμῶν
1185 2682 1377 2750 ἐθέλει,
1402 2684 1483 2736 ὅτι
1506 2682 1639 2746 Θεὸς
1671 2683 1768 2753 μὲν
1798 2684 1898 2737 οὐκ

294 2774 472 2838 ἔστιν,
506 2772 633 2825 οὐδὲ
662 2771 794 2835 Θεὸς
828 2771 1065 2841 άληθῶς,
1095 2770 1379 2842 ἄνθρωπος
1409 2771 1464 2824 δὲ
1495 2772 1713 2842 μᾶλλον,
1744 2774 1898 2829 οὐδὲν

287 2867 437 2939 ἔχων
461 2864 584 2918 τῶν
607 2864 731 2917 καθ’
752 2865 898 2935 ἡμᾶς
925 2862 1182 2916 ἐπέκεινα
1201 2882 1214 2895 ’
1244 2861 1360 2926 πῶς
1383 2860 1448 2916 ἂν
1474 2862 1765 2917 ὲνδοιάσειέ
1792 2882 1895 2932 τις,

230 3000 240 3009 .
284 2960 372 3012 ὃτι
398 2956 501 3028 τὴν
547 2954 756 3008 τοιάνδε
789 2952 1060 3023 διάληψιν,
1093 2954 1261 3024 ἤγουν
1297 2953 1478 3007 πίστιν
1506 2972 1565 3007 τε
1596 2956 1895 3023 καὶδόξαν,

280 3055 345 3107 οὺ
384 3050 541 3123 παρ’
566 3049 697 3119 ἡμῖν
726 3048 945 3118 εὑρήσει
984 3046 1208 3117 μᾶλλον,
1248 3046 1385 3100 ἀλλὰ
1418 3048 1548 3118 παρ’
1583 3047 1808 3118 Ἕλλησί
1837 3065 1898 3101 τε

288 3145 391 3200 καὶ
427 3140 752 3208 Ἰουδαίοιςς
785 3138 1186 3212 Εἰδωλολάτραι
1218 3139 1319 3210 μὲν
1353 3140 1462 3212 γὰρ
1496 3143 1589 3194 καὶ
1614 3143 1666 3195 οἱ
1694 3144 1758 3212 τῇ
1786 3141 1901 3194 κτί-

291 3255 385 3291 σει
420 3233 582 3305 παρά
606 3234 697 3285 τὸν
730 3232 971 3303 Κτίστην
1008 3231 1387 3305 λατρεύοντες,
1416 3232 1645 3304 σταυρὸν
1675 3232 1900 3287 ἀκούον-

291 3345 412 3392 τες,
453 3327 520 3380 ὃν
557 3324 816 3393 ὑπέμεινε
850 3323 915 3376 δι’
944 3325 1117 3393 ἡμᾶς,
1146 3326 1242 3378 καὶ
1272 3325 1495 3396 προσέτι
1524 3326 1615 3378 τὸν
1647 3325 1898 3390 θάνατον,

293 3415 543 3486 γελῶσιν
577 3414 628 3465 οἱ
674 3412 896 3466 δείλαιοι
925 3429 939 3444 ’
991 3412 1094 3466 κᾶν
1142 3414 1196 3466 εἴ
1232 3431 1317 3478 τις
1376 3414 1539 3468 αὐτὸν
1586 3415 1842 3495 ὀνομάζει
1875 3422 1904 3451 κ

288 3510 459 3577 Θεὸν,
509 3504 865 3577 ἀναπηδῶσιν
906 3504 1068 3567 εὐθὺς
1102 3505 1619 3591 ἀνθρωπολατρείαν
1658 3506 1799 3563 εἶναι
1844 3507 1904 3562 τὸ

288 3602 557 3673 χρῆμαγ
587 3594 1045 3663 διοριζόμενοι.οἱ⁹
1073 3610 1138 3669 γε
1180 3594 1286 3666 μὴν
1315 3596 1380 3648 ὲκ
1412 3597 1714 3666 περιτομῆς
1755 3614 1896 3650 κατ-

290 3690 551 3763 εφύοντο
598 3685 693 3737 τοῦ
739 3685 1027 3755 Σωτῆρος,
1076 3685 1328 3755 λέγοντες
1386 3685 1668 3757 ὲναργῶςο
1711 3706 1729 3738 ι
1769 3689 1905 3759 Περὶ

289 3780 479 3838 καλοῦ
532 3777 700 3850 ἔργου
738 3778 799 3830 οὐ
834 3775 1125 3847 λιθάζομέν
1160 3793 1248 3841 σε,
1296 3776 1432 3831 ἀλλὰ
1485 3777 1616 3847 περὶ
1652 3777 1900 3849 βλασφη-

290 3875 478 3947 μίαςο
529 3871 615 3923 ὅτι
646 3870 732 3939 σὺ,
776 3867 1060 3941 ἄνθρωπος
1115 3866 1212 3936 ὣν,
1260 3872 1433 3942 ποιεῖς
1478 3868 1669 3922 ἑαυτὸν
1699 3870 1850 3923 Θεόν.
1879 3888 1898 3921 ι

291 3969 429 4021 ’Ότι
468 3963 659 4018 τοίνυν
688 3963 749 4015 οὐ
783 3962 882 4034 τὴν
924 3962 1079 4034 παρά
1114 3980 1179 4032 γε
1233 3966 1345 4025 τοῖς
1388 3962 1765 4033 πλανωμένοις
1811 3963 1903 4016 πι-

285 4076 422 4114 στιν
462 4056 754 4125 ἐπιζητεῖ,
800 4054 897 4125 τὴν
938 4056 1069 4126 παρ’
1102 4056 1243 4126 ἡμῖν
1278 4055 1334 4108 δὲ
1381 4055 1581 4125 μᾶλλον
1617 4057 1730 4119 τοῖς
1769 4055 1905 4127 ὀρθά

284 4151 537 4224 φρονεῖν
565 4146 802 4211 εἰωθόσι,
832 4147 984 4201 πᾶσά
1009 4164 1126 4210 πως
1146 4147 1360 4218 ἀνάγκη
1388 4146 1800 4209 διανενευκότας
1825 4147 1905 4208 εἰς

270 4243 577 4315 ἀλήθειαν
607 4238 911 4307 ὁμολογεῖν,
942 4239 1024 4291 ὃτι
1060 4238 1191 4302 Θεὸς
1218 4239 1362 4293 κατὰ
1396 4238 1557 4309 φύσιν
1583 4240 1611 4291 6
1650 4239 1745 4292 καὶ
1774 4238 1904 4302 Υἱὸς

272 4332 610 4405 ἀνθρώπου
638 4328 706 4382 δι’
747 4331 895 4400 ἡμᾶς
925 4331 1194 4399 γεγονώς·
1226 4332 1314 4385 ἵνα
1349 4331 1424 4403 μὴ
1455 4334 1567 4394 τοῖς
1609 4331 1720 4386 τῶν
1766 4331 1903 4385 πλα-

269 4425 578 4499 νωμένων
608 4422 948 4493 ἐγκλήμασιν
977 4423 1205 4487 ἑαυτοὺς
1252 4424 1503 4491 ἐνιέντες,
1554 4424 1806 4494 λάθωμεν
1837 4423 1906 4477 τὰ

272 4521 383 4573 ἶσα
430 4501 671 4587 φρονεῖν
702 4514 1005 4585 ᾑρημένοι,
1058 4517 1156 4569 καὶ
1193 4515 1364 4586 μικρὰ
1411 4514 1727 4581 δοξάζοντες
1775 4514 1906 4587 περὶ

267 4604 581 4680 Χριστοῦ,
613 4601 865 4674 καθάπερ
887 4604 1080 4675 ἀμέλει
1112 4605 1376 4661 κάκεῖνοι.

344 4874 503 4930 Na'.
551 4867 694 4938 Φησί
728 4885 830 4921 που
858 4868 1095 4939 Χριστός
1115 4883 1129 4896 ·
1166 4886 1184 4918 ι
1215 4868 1347 4920 Οὐδὲ
1376 4869 1486 4939 γάρ
1509 4872 1537 4923 6
1566 4870 1757 4942 Πατὴρ
1783 4864 1906 4943 Sept-

257 4988 357 5025 νει
413 4962 659 5025 οὐδένα,
692 4960 830 5015 ἀλλὰ
867 4962 1046 5013 πᾶσαν
1081 4958 1178 5028 τὴν
1217 4959 1395 5030 κρίσιν
1426 4960 1594 5013 ἔδωκε
1636 4961 1715 5031 τῷ
1755 4962 1902 5032 Υἱῴ·

256 5062 364 5115 ἵνα
405 5055 644 5115 πάντες
673 5050 876 5122 τιμῶσι
906 5050 1000 5103 τὸν
1034 5050 1183 5114 Υἱὸν,
1214 5048 1393 5111 καθὼς
1426 5049 1629 5119 τιμῶσι
1657 5049 1748 5103 τὸν
1791 5050 1906 5103 Πα-

253 5154 448 5226 τέρα.
480 5165 503 5198 ι
549 5143 667 5198 Καὶ
696 5142 879 5208 πάλιν,
916 5143 1053 5214 ὅπερ
1085 5142 1342 5213 ἐλέγομεν
1376 5141 1576 5213 ἀρτίως
1601 5156 1614 5170 ·
1648 5159 1666 5192 ι
1698 5140 1907 5213 Ὥσπερ

250 5241 391 5314 γὰρ
429 5239 466 5291 ὁ
505 5232 715 5304 Πατὴρ
748 5231 861 5304 ἔχει
905 5231 1048 5305 ζωὴν
1078 5235 1137 5287 ὲν
1165 5233 1365 5302 ἑαυτῷ,
1395 5230 1569 5295 οὕτως
1614 5231 1782 5284 ἔδωκε
1816 5230 1911 5301 καὶ

338 5395 400 5433 ³⁸
435 5394 605 5454 Luc.
645 5404 799 5457 xvm,
823 5390 877 5446 8.
955 5388 1004 5421 ⁸⁸
1030 5389 1187 5445 Joan.
1219 5405 1274 5456 ιι,
1305 5388 1386 5444 55.
1472 5389 1516 5420 ³⁷
1557 5387 1713 5443 Joan.
1744 5401 1797 5452 ν,
1827 5384 1920 5454 22,

1925 1919 1967 1975 Β
2070 1934 2227 2001 Quod
2269 1932 2517 1989 Christus
2556 1951 2709 1989 verus
2754 1935 2821 1988 sit
2865 1932 3021 1998 Deus,
3065 1933 3275 1986 etiamsi
3329 1931 3505 1987 Filius

2513 2006 2738 2060 hominis
2766 2006 3080 2075 appelletur.

2071 2139 2250 2195 LVlll.
2310 2139 2578 2194 Dominus
2631 2148 2823 2193 noster
2870 2137 3030 2194 Jesus
3074 2137 3329 2194 Christus
3377 2138 3583 2193 alieuhi

2003 2231 2078 2285 ita
2125 2232 2236 2285 ait:
2290 2249 2315 2282 ν(
2376 2230 2771 2284 Verumtamen
2828 2229 2999 2283 Filius
3046 2230 3286 2284 hominis
3336 2231 3580 2293 veniens,

2003 2329 2160 2388 putas
2184 2320 2423 2372 inveniet
2457 2320 2618 2373 tidem
2645 2320 2698 2372 in
2735 2328 2883 2372 terra
2911 2320 3005 2373 ⁸δῖ
3041 2339 3059 2370 ι
3098 2320 3341 2388 Agedum
3384 2321 3581 2374 horum

2003 2413 2292 2467 verborum
2330 2425 2552 2465 sensum
2602 2411 2668 2464 ad
2704 2409 2939 2465 libellam
2972 2412 3361 2480 expendentes,
3398 2413 3588 2467 videa-

2005 2517 2147 2567 mus,
2175 2500 2587 2570 ecqualcntnam
2636 2499 2797 2555 ﬁdem
2873 2499 3134 2556 Dominus
3184 2513 3374 2556 noster
3421 2501 3582 2557 Jesus

2004 2593 2260 2649 Christus
2305 2591 2435 2647 olim
2480 2606 2511 2646 e
2540 2591 2681 2647 cmlo
2726 2606 3049 2647 reversurus
3101 2593 3301 2663 exiget.
3354 2592 3490 2648 Nam
3534 2596 3585 2649 si

2004 2686 2168 2742 homo
2205 2693 2413 2773 tinuum
2448 2684 2592 2739 nulla
2622 2699 2681 2740 re
2711 2685 2927 2740 caeteris
2968 2695 3229 2755 praestans
3261 2702 3288 2740 a
3323 2686 3431 2742 Deo
3475 2703 3579 2742 no-

2005 2778 2091 2834 bis
2139 2777 2256 2831 vult
2295 2776 2466 2842 credi,
2512 2791 2618 2832 non
2670 2778 2838 2832 etiam
2893 2777 3068 2844 Deus,
3136 2788 3228 2833 aut
3280 2793 3441 2834 verus
3492 2779 3585 2833 Dei

2004 2869 2202 2936 Filius,
2266 2869 2537 2924 nemiuem
2585 2869 2838 2925 dubitare
2868 2868 3128 2934 arbitror,
3178 2881 3360 2925 tamen
3402 2872 3585 2935 iidem,

2007 2959 2452 3025 aestimationem,
2493 2959 2579 3012 vel
2627 2959 2937 3028 opinionem
2984 2959 3124 3029 apud
3150 2974 3391 3029 paganos
3415 2970 3467 3014 et
3492 2959 3588 3013 Ju-

2008 3052 2157 3106 dseos
2186 3050 2366 3121 potius
2398 3058 2830 3118 eomperturum,
2864 3032 3026 3119 quam
3060 3051 3203 3120 apud
3242 3065 3340 3105 nos
3367 3066 3380 3103 :
3409 3066 3587 3130 quan-

2007 3141 2299 3211 doquidem
2355 3139 2674 3208 idololatrae,
2731 3140 3027 3211 casterique
3070 3141 3161 3210 qui
3214 3154 3303 3196 res
3333 3142 3586 3197 conditas

2009 3233 2182 3303 ipsius
2220 3231 2380 3304 179
2411 3232 2725 3288 Conditoris
2777 3233 2899 3288 loco
2943 3243 3317 3299 venerantur,
3369 3247 3586 3288 crucem

1931 3322 1975 3380 C
2008 3333 2064 3379 et
2102 3334 2331 3378 mortem
2357 3337 2520 3392 quam
2560 3322 2733 3377 nostri
2774 3337 2939 3377 causa
2979 3322 3227 3391 pertulit,
3273 3322 3586 3387 audientes,

2009 3412 2061 3465 iu
2099 3412 2349 3465 insanum
2396 3424 2521 3464 mox
2573 3410 2899 3465 cachinnum
2933 3410 3221 3466 solvuntur
3247 3411 3473 3477 miseri;
3510 3421 3585 3475 et,

2007 3497 2052 3551 si
2083 3497 2352 3566 quispiam
2394 3498 2563 3552 Deum
2588 3497 2738 3552 illum
2774 3499 3160 3565 nominaverit,
3198 3500 3589 3570 indiguabundi

2006 3590 2333 3651 confestim,
2369 3589 2648 3655 resiliunt,
2700 3600 2756 3644 et
2804 3594 2911 3646 hoc
2942 3592 3436 3663 authropolatriam
3468 3606 3590 3649 esse

2008 3680 2293 3736 deﬁniunt.
2338 3680 2509 3738 Judaei
2539 3698 2758 3752 quoque
2798 3684 2854 3737 in
2911 3685 3194 3739 Christum
3240 3688 3587 3755 insurgentes

2006 3774 2183 3841 palam
2214 3774 2491 3843 objectare
2541 3792 2646 3831 non
2686 3776 3013 3830 dubitabunt
3044 3795 3059 3831 :
3087 3798 3105 3827 ι
3149 3777 3224 3833 De
3250 3778 3392 3833 bono
3420 3792 3586 3847 opere

2008 3881 2115 3920 non
2166 3866 2471 3935 lapidamus
2525 3874 2605 3932 te,
2652 3866 2748 3920 sed
2806 3866 2872 3921 de
2910 3866 3287 3937 blasphemia,
3322 3871 3450 3938 quia
3504 3878 3584 3935 tu,

2006 3955 2169 4011 homo
2221 3971 2343 4011 cum
2395 3958 2492 4023 sis,
2548 3955 2681 4012 lacis
2745 3957 2979 4027 teipsum
3033 3961 3204 4013 Deum
3252 3959 3321 4013 ".
3370 3979 3390 4012 ι
3448 3959 3586 4015 Cum

2006 4048 2267 4117 ejusmodi
2326 4065 2456 4120 ergo
2502 4048 2666 4105 (idem
2719 4061 3012 4108 exacturus
3057 4068 3163 4108 non
3220 4054 3315 4119 sit,
3364 4054 3581 4123 qualem

2004 4150 2256 4195 errantes
2309 4140 2532 4206 habent,
2585 4142 2679 4196 sed
2733 4143 2953 4212 qualem
3012 4160 3112 4199 nos
3168 4154 3436 4209 tenemus,
3490 4147 3588 4214 qui

2008 4239 2160 4286 recte
2212 4246 2407 4300 sapere
2465 4234 2897 4290 consuevimus:
2957 4237 3244 4293 veritatem
3297 4249 3587 4308 sequentes

2010 4322 2322 4377 necessario
2403 4322 2562 4379 fateri
2621 4336 2835 4394 oportet
2887 4342 3008 4383 eum
3060 4329 3153 4397 qui
3209 4332 3377 4384 nostri
3414 4344 3582 4385 causa

2006 4412 2179 4469 Filius
2227 4415 2464 4470 hominis
2516 4415 2691 4472 factus
2752 4410 2857 4484 est,
2904 4418 3073 4475 Deum
3122 4434 3245 4475 esse
3288 4422 3583 4474 secundum

2009 4515 2262 4560 naturam
2303 4522 2316 4558 :
2357 4522 2425 4562 ne
2458 4507 2714 4564 videlicet
2750 4510 2805 4566 in
2838 4512 3153 4566 errantium
3188 4512 3418 4567 crimina
3445 4511 3589 4567 ultro

2010 4613 2110 4654 nos
2150 4598 2496 4667 olijicientes,
2539 4615 2639 4670 per
2676 4601 2952 4657 inscitiam
2998 4603 3104 4657 illis
3130 4602 3327 4655 similia
3369 4616 3585 4668 sapere,

1936 4675 1982 4732 Ῑ)
2012 4703 2175 4767 atque
2217 4692 2354 4747 adeo
2405 4693 2534 4747 vilia
2583 4695 2830 4761 quaedam
2880 4695 2948 4749 de
2985 4694 3204 4749 Christo
3253 4694 3477 4763 perinde
3525 4710 3591 4750 ac

2015 4782 2091 4837 illi
2118 4783 2407 4851 innaginari
2436 4784 2930 4851 deprehendamur.

2082 4870 2219 4927 LIX.
2260 4889 2279 4922 ι
2314 4871 2500 4941 Neque
2529 4872 2673 4926 enim
2710 4872 2893 4941 Pater,
2930 4874 3017 4937 ait,
3048 4890 3262 4931 rursum
3310 4878 3588 4945 Christus,

2008 4962 2216 5034 judicat
2254 4978 2613 5034 quemquam,
2644 4967 2740 5020 sed
2765 4982 2927 5022 omne
2957 4967 3217 5037 judicium
3242 4971 3389 5025 dedit
3416 4970 3590 5039 Filio;

2015 5063 2074 5108 ut
2119 5068 2309 5108 omnes
2356 5052 2723 5108 honorificent
2770 5055 2989 5123 Filium,
3033 5058 3175 5112 sicut
3225 5060 3593 5115 Itonorilicant

2013 5141 2233 5197 Patrem
2261 5142 2328 5196 ".
2373 5161 2393 5195 ο
2430 5141 2498 5195 Et
2549 5141 2772 5208 iterum,
2820 5144 2964 5213 quod
3014 5148 3175 5201 modo
3223 5147 3585 5201 dicebamus:

2021 5249 2041 5283 ι
2084 5229 2241 5285 Sicut
2283 5230 2431 5287 enim
2468 5229 2630 5287 Pater
2663 5234 2832 5289 vitam
2865 5234 3028 5291 habet
3061 5236 3116 5292 in
3158 5237 3474 5308 semetipso,
3506 5238 3590 5293 sic

1946 5384 2039 5440 2'5.

1421 5542 1595 5599 Variae
1628 5540 1887 5598 lectiones
1911 5538 2112 5596 codicis
2145 5536 2501 5608 Seguieriani.

330 5729 368 5762 at
399 5704 723 5794 ὄνομρζοι.
802 5711 828 5750 ῐ
854 5703 1105 5773 πρᾶγμα.

614 5800 889 5863 ΡΑτιιοι..
934 5798 1050 5860 Gn.
1081 5793 1344 5858 LXXVI.

3149 5791 3227 5856 45
