3952 6200
344 188 482 246 H39

1521 196 1950 258 FRAGMENTA
1988 202 2404 265 DOGMATICA.

3445 217 3587 277 “'50

340 292 587 374 ςιιιιιειιιο
620 306 908 362 ordinatim
935 308 1126 365 reeitat
1145 309 1333 367 dicens
1361 312 1478 368 fore
1520 322 1581 370 ut
1617 318 1740 372 οωιί
1797 334 1920 374 οοη-
1944 324 1992 381 Α
2018 323 2202 377 obrem
2220 323 2243 377 2
2260 323 2418 378 Certe
2434 337 2560 379 caro
2582 325 2646 380 ad
2666 324 2717 380 id
2739 332 2928 396 sponte
2945 338 3041 381 sua
3062 339 3167 382 non
3189 325 3381 390 fertur,
3404 342 3581 398 neque

341 405 675 463 senescant;
719 413 970 466 supremo
1021 411 1199 455 autem
1262 401 1371 458 Deo
1419 404 1908 466 immutabilitatem

340 496 646 551 conservat,
674 490 846 556 ipsum
875 492 1121 545 eumdem
1158 491 1272 549 fore
1322 508 1541 565 semper
1592 506 1756 569 atque
1801 502 1907 556 im-

337 578 648 631 mutabilem
679 587 903 632 testaus.
928 580 1096 635 Sicuti
1121 594 1298 637 autem
1320 599 1425 639 non
1473 590 1556 642 eSt
1577 589 1904 645 credendum

335 666 494 719 ullam
524 682 646 723 esse
679 678 787 723 tam
823 673 1184 727 necessariam
1239 690 1374 741 rem,
1408 691 1527 746 qua:
1557 677 1716 735 Verbi
1743 691 1897 737 natu-

336 771 447 808 ram
484 758 535 810 iu
570 759 619 810 id
665 770 997 827 convertere,
1028 765 1169 832 quod
1217 779 1404 835 reapse
1432 783 1538 824 non
1568 778 1675 836 est,
1706 781 1900 841 queat:

334 844 408 908 ita
469 848 612 902 nulla
670 850 905 905 vicissim
957 865 1202 911 creatura
1259 860 1323 910 ad
1388 859 1605 915 deitatis
1651 872 1900 918 naturam

332 940 567 1007 migrare
608 943 836 1010 poterit;
862 960 928 1000 ne
956 947 1117 999 multa
1167 950 1418 1020 deinceps
1447 953 1495 1006 ei
1522 954 1902 1024 contingerent

332 1028 779 1096 inconvenientia,
824 1040 943 1103 quae
1000 1052 1129 1091 sane
1174 1039 1513 1098 inveniabilis
1567 1043 1897 1114 blasphemia

330 1120 488 1176 foret.
525 1123 680 1178 Certe
700 1126 746 1179 si
775 1126 950 1197 aliqua
966 1141 1216 1184 creatura
1239 1134 1303 1185 ad
1334 1133 1549 1189 deitatis
1578 1144 1777 1191 statum
1802 1153 1896 1192 na-

332 1212 577 1268 turaliter
602 1218 870 1282 transiret,
903 1235 1059 1275 nemo
1079 1221 1190 1290 jam
1231 1240 1259 1277 a
1310 1234 1456 1279 recta
1503 1225 1722 1297 deviare
1769 1242 1895 1283 sen-

328 1307 492 1361 tentia
520 1306 813 1373 videretur,
845 1313 889 1365 si
919 1310 1058 1366 forte
1089 1313 1293 1369 diceret
1323 1331 1439 1370 eam
1475 1330 1540 1369 ex
1571 1317 1741 1371 nihilo
1775 1333 1896 1374 esse

327 1396 543 1464 factam,
571 1402 666 1455 sed
698 1401 818 1456 ideo
848 1404 1087 1459 materia:
1106 1407 1422 1474 particulam
1443 1409 1544 1463 sibi
1568 1411 1891 1479 sumpsisse,

328 1493 385 1537 ut
415 1487 703 1545 exsisteret
740 1507 755 1544 :
790 1500 900 1545 tum
939 1508 1134 1563 corpus
1160 1494 1449 1566 aliquando
1486 1498 1806 1553 éxstiturum
1835 1501 1890 1554 in

328 1577 629 1631 substantia
685 1594 793 1634 non
847 1584 1112 1651 corporali
1158 1603 1172 1638 :
1219 1599 1440 1654 remque
1489 1587 1752 1642 visibilem
1820 1604 1885 1643 ac

326 1669 488 1719 tactui
531 1668 846 1736 subiectam,
871 1647 986 1726 ﬁeri
1031 1685 1214 1743 postea
1265 1676 1586 1732 invisibilem
1639 1686 1694 1734 et
1730 1679 1884 1739 nullo
1912 1647 1956 1702 Β

325 1765 468 1812 tactu
514 1761 885 1816 sentiendam:
914 1764 1144 1832 denique
1190 1780 1389 1834 corpus
1426 1768 1565 1823 illud
1621 1770 1785 1823 vitam
1838 1772 1889 1825 vi

323 1848 554 1916 propria:
592 1859 797 1904 natum:
823 1851 1041 1918 habere,
1075 1855 1151 1908 uti
1203 1855 1433 1911 Verbum
1483 1859 1647 1913 vitam
1675 1876 1704 1913 a
1731 1862 1892 1916 Patre

323 1938 551 2004 accepit.
584 1939 746 1993 Aiunt
771 1940 990 2007 insuper
1021 1944 1194 2013 ipsum
1230 1945 1281 1999 in
1312 1961 1376 2001 ea
1430 1950 1728 2004 mutatione
1757 1965 1892 2005 con-

325 2028 835 2085 substantialitatem
863 2048 983 2087 cum
1009 2046 1201 2104 natura
1226 2049 1407 2093 nostra
1430 2040 1599 2096 fuisse
1617 2045 1890 2114 adeptum,

328 2134 398 2174 ne
422 2121 544 2189 quis
588 2122 728 2176 forte
755 2124 955 2178 diserte
999 2126 1202 2179 diceret
1251 2129 1415 2181 vitam
1440 2130 1488 2182 ei
1518 2146 1622 2185 non
1674 2133 1888 2187 inesse:

321 2225 500 2279 neque
537 2226 655 2265 esse
697 2212 1057 2277 inconiusum,
1086 2214 1346 2282 quidquid
1389 2220 1660 2286 corrumpi
1693 2230 1889 2289 potest.

320 2298 456 2352 Tum
485 2300 827 2368 opinionibus
857 2302 975 2357 suis
1014 2304 1436 2373 dispensationis
1464 2321 1680 2362 carnem
1716 2324 1890 2379 oppu-

319 2390 645 2459 gnantJam
678 2408 777 2464 ego
818 2394 943 2463 quid
1000 2395 1212 2448 dicam?
1246 2395 1506 2453 Dominus
1553 2399 1691 2455 Deus
1736 2402 1892 2457 nobis

321 2482 594 2548 apparuit,
629 2491 687 2535 ut
738 2483 1142 2551 corruptionem
1191 2482 1451 2540 adversus
1485 2501 1586 2542 nos
1626 2488 1891 2544 rebellan-

320 2580 424 2625 tem
441 2570 760 2636 destrueret,
779 2590 884 2628 non
906 2589 1032 2628 νοτο
1047 2583 1103 2627 ιιι
1123 2576 1433 2629 ostenderet
1462 2585 1710 2632 naturam
1729 2594 1885 2635 suam

319 2665 517 2719 factam
563 2681 684 2720 esse
741 2668 1056 2736 participem
1106 2668 1525 2738 corruptionis:
1581 2673 1674 2726 sed
1734 2687 1888 2727 suam

319 2754 518 2809 iactam
544 2770 667 2810 esse
699 2758 1086 2814 demonstravit
1114 2774 1331 2814 carnem
1366 2759 1534 2823 illam,
1570 2777 1688 2830 qua:
1726 2764 1885 2817 morti

318 2855 434 2903 erat
466 2848 787 2916 mancipata.
820 2848 925 2903 Sed
946 2848 1236 2917 numjuste
1270 2851 1560 2920 aliquando
1600 2856 1890 2910 contendet

2015 413 2065 467 id
2107 428 2259 469 more
2290 429 2390 470 suo
2427 417 2630 485 appetit
2672 418 3005 474 naturalibus
3051 418 3287 473 motibus
3326 417 3568 473 incitata.

2009 502 2149 574 Ergo
2184 504 2319 561 falso
2351 506 2620 562 diceretur
2647 520 2775 564 caro
2813 509 2887 565 ad.
2916 525 3034 564 eum
3083 508 3242 562 linem
3280 507 3433 578 jussu
3482 508 3578 565 Dei
3672 570 3685 579 κ

2011 593 2170 652 Verbi
2206 598 2535 665 pervenisse.
2570 599 2652 652 An
2694 612 2823 653 vero
2864 597 3282 667 dispensationis
3310 598 3573 651 rationem

2006 687 2419 743 abominabilem
2444 688 2791 759 excogitavit,
2822 698 2881 742 ut
2906 704 3123 757 carnem
3152 690 3214 741 ad
3259 687 3600 755 dignitatem-

2004 778 2251 831 evexisse
2282 777 2398 845 ipso
2424 777 2601 831 Verbo
2655 776 2910 846 majorem
2960 776 3378 840 demonstraret,
3410 786 3575 841 atque

2002 872 2151 919 utea
2184 868 2484 936 pompatica
2536 867 2847 921 videretur?
2872 870 3049 935 Atque
3091 867 3390 920 audiendus
3430 864 3576 917 Psal-

2002 957 2161 1011 mista
2189 966 2269 1011 est
2306 976 2320 1014 :
2365 976 2384 1010 ‹
2418 958 2696 1014 Sacrificia
2743 968 2798 1012 et
2846 958 3149 1013 oblationes
3204 944 3307 1010 non
3363 958 3574 1026 expeti-

1999 1047 2143 1115 visti,
2175 1047 2487 1104 holocausta
2528 1065 2625 1120 pro
2674 1059 2895 1120 peccato
2916 1046 3170 1112 noluisti;
3204 1062 3401 1115 corpus
3439 1048 3570 1100 mihi

1998 1140 2198 1207 parasti
2223 1156 2238 1204 ;
2273 1139 2394 1194 ideo
2424 1140 2534 1194 dixi
2564 1158 2576 1194 :
2607 1138 2742 1193 Ecce
2772 1140 2949 1194 venio.
2976 1139 3133 1192 Initio
3165 1137 3281 1191 libri
3311 1137 3570 1205 scriptum

1997 1239 2079 1284 est
2107 1229 2174 1284 de
2207 1245 2291 1284 me
2316 1230 2575 1284 utfaciam
2599 1230 2924 1284 voluntatem
2948 1239 3119 1293 tuam,
3142 1230 3279 1283 Deus
3301 1228 3342 1280 ⁸.
3386 1245 3404 1279 ι
3434 1227 3571 1295 Ergo

2001 1318 2253 1375 Mosaicae
2312 1321 2443 1389 legis
2495 1320 2757 1374 sacrilicia
2792 1319 2971 1373 Patris
3004 1319 3276 1373 voluntate
3326 1333 3428 1372 non
3458 1319 3574 1371 exi-

1994 1421 2212 1481 guntur,
2269 1413 2438 1482 magis
2497 1426 2625 1466 vero
2684 1411 2987 1464 incarnalio
3038 1409 3197 1464 Verbi
3251 1407 3566 1476 requiritur,

1994 1519 2185 1574 nempe
2218 1503 2333 1574 ejus
2363 1503 2699 1561 bumanatio.
2733 1512 2790 1555 ut
2820 1518 2914 1556 eos
2970 1502 3060 1570 qui
3119 1501 3219 1555 sub
3279 1498 3415 1553 male
3446 1506 3572 1551 sunt

1992 1594 2236 1663 perficiat
2263 1594 2313 1646 iu
2346 1594 2517 1663 gratia
2540 1607 2636 1661 per
2662 1591 2821 1646 iidem
2853 1608 2867 1644 :
2904 1606 3064 1659 quam
3100 1606 3212 1643 rem
3257 1589 3570 1642 misericor-

1992 1684 2094 1737 dia:
2127 1683 2381 1753 pacisque
2418 1698 2580 1738 causa
2636 1682 2782 1747 fecit,
2832 1690 2989 1750 prout
3029 1680 3137 1734 Deo
3187 1679 3404 1748 dignum
3458 1684 3564 1731 est-

1993 1769 2235 1838 Quonam
2262 1782 2416 1839 pacto
2440 1772 2617 1827 dicere
2632 1771 2750 1840 quis
2767 1770 2908 1822 ausit
2924 1766 3115 1821 factam
3138 1767 3205 1821 ab
3229 1767 3345 1835 ipso
3359 1765 3567 1818 abomi-

1992 1862 2227 1916 nabilem
2278 1862 2729 1932 dispensationem
2764 1861 2930 1924 illam,
2963 1875 3081 1929 qua:
3112 1859 3246 1912 adeo
3279 1865 3361 1911 est
3400 1870 3564 1909 vene-

1994 1952 2177 2006 rabilis
2234 1966 2296 2006 ac
2344 1952 2610 2006 salubris?
2638 1953 2687 2005 id
2721 1952 2863 2020 quod
2913 1963 3100 2017 reapse
3162 1949 3473 2011 accidisset,
3516 1945 3563 2001 si

1992 2049 2196 2094 mutata
2246 2041 2541 2095 divinitatis
2595 2049 2784 2094 natura
2843 2042 2896 2092 in
2954 2051 3206 2091 carneam
3251 2035 3561 2089 transisset.

1992 2127 2190 2182 Paulus
2230 2129 2444 2195 quidem
2491 2127 2923 2197 sapientissimus
2969 2124 3202 2203 scribit:
3237 2139 3255 2171 ι
3299 2121 3562 2176 Sanctum

1992 2214 2109 2281 ejus
2129 2229 2340 2283 corpus,
2376 2217 2426 2267 in
2453 2230 2559 2283 quo
2588 2229 2778 2284 passus
2815 2224 2919 2276 est,
2951 2227 3071 2273 eum
3101 2213 3153 2265 in
3208 2210 3561 2264 tentationem

1993 2305 2203 2368 incidit,
2234 2315 2292 2357 ut
2340 2305 2419 2358 eis
2447 2306 2538 2373 qui
2578 2306 2816 2357 tentandi
2866 2303 3042 2356 forent
3070 2317 3225 2370 opem
3260 2300 3425 2355 ferret
3456 2299 3499 2352 ⁸.
3535 2318 3555 2350 ι

1994 2394 2049 2450 Si
2079 2394 2242 2448 verba
2286 2393 2373 2446 illa
2400 2394 2457 2446 in
2491 2407 2592 2461 quo
2622 2407 2807 2459 passus
2847 2399 2923 2443 est
2956 2389 3215 2452 delemus,
3240 2401 3453 2441 summa
3480 2386 3560 2439 rei

1992 2486 2219 2553 deletur,
2256 2483 2489 2556 itemque
2528 2484 2850 2554 suppeditati
2903 2481 3059 2535 nobis
3102 2479 3290 2533 auxilii
3336 2492 3555 2546 scopus.

1992 2577 2143 2647 Quod
2173 2577 2239 2641 si,
2281 2586 2339 2631 ut
2365 2576 2549 2632 volunt
2585 2575 2675 2643 qui
2722 2588 2783 2628 ea
2829 2574 2990 2627 verba
3039 2570 3400 2641 supprimunt,
3431 2582 3560 2622 caro

1990 2672 2044 2726 in
2076 2670 2293 2726 deitatis
2322 2667 2672 2723 Slll)8laﬂ!“iam
2694 2665 2953 2721 transisse
2978 2664 3196 2727 dicitur,
3233 2672 3292 2715 ut
3322 2661 3377 2715 id
3412 2659 3555 2728 quod

1990 2775 2096 2815 non
2133 2767 2249 2814 erat
2282 2759 2452 2822 ﬁeret,
2486 2756 2593 2825 jam
2626 2755 2745 2824 ipsa
2773 2768 2901 2809 caro
2950 2751 3089 2807 haud
3119 2750 3345 2804 ulterius
3387 2745 3555 2801 menti

1990 2862 2187 2908 nostra!
2216 2850 2661 2904 occurrit:secus
2691 2846 2835 2901 enim
2871 2860 2990 2914 quae
3043 2841 3359 2898 mutationis
3415 2840 3555 2892 ratio

317 2935 531 3003 aliquis,
563 2937 727 2992 Deum
752 2937 984 2993 Verbum
1022 2939 1076 2994 in
1123 2949 1371 2995 naturam
1412 2957 1727 3011 corpoream
1770 2958 1888 2998 esse
1916 2966 1958 3023 ρ
1992 2944 2201 3007 fuisset,
2245 2944 2291 2998 si
2350 2941 2489 3011 quod
2519 2950 2656 3007 erat,
2694 2940 2745 2993 in
2790 2946 2930 2993 statu
2988 2952 3090 2993 suo
3131 2932 3556 3006 permansisset?

321 3035 615 3093 mutatum,
653 3037 747 3083 aut
778 3045 934 3085 versa
965 3031 1079 3086 vice
1127 3046 1347 3087 carnem
1399 3033 1465 3087 ad
1503 3034 1597 3087 Dei
1635 3044 1879 3089 naturam

320 3116 602 3195 migrasse,
630 3132 688 3174 ut
713 3120 815 3189 ipsi
855 3121 1008 3177 ﬁeret
1064 3124 1584 3179 consubstantialis?
1616 3124 1752 3178 Nom
1785 3140 1884 3180 nos

316 3220 379 3262 ea
430 3210 652 3265 credere
705 3220 936 3281 oportet,
988 3228 1105 3283 quae
1163 3215 1384 3270 omnino
1446 3214 1712 3271 credenda
1771 3231 1879 3271 non

316 3300 476 3354 sunt?

611 3390 664 3446 '5.
694 3392 841 3447 Idem
866 3391 1094 3464 Cyrillus
1116 3395 1170 3448 in
1196 3396 1374 3451 eodem
1410 3396 1563 3450 libro.

389 3476 624 3535 Verbum
651 3480 717 3536 de
749 3482 885 3536 cmlo
934 3482 1243 3549 lapsum,et
1291 3484 1444 3554 cujus
1493 3485 1707 3554 propria
1754 3499 1882 3541 caro

319 3568 460 3623 facta
494 3579 594 3635 est,
624 3588 807 3626 revera
848 3574 913 3627 de
944 3574 1083 3629 coelo
1127 3575 1414 3631 advenisse
1440 3576 1657 3643 dicitur,
1684 3578 1880 3632 vitam-

313 3674 419 3731 que
449 3663 647 3717 muudo
698 3663 1014 3718 contulisse.
1042 3664 1229 3719 Divina
1285 3679 1416 3720 caro
1462 3673 1548 3719 est
1590 3666 1794 3745 itaque,
1821 3676 1882 3721 ut

306 3750 416 3819 jam
446 3751 552 3806 dixi
584 3770 598 3807 :
633 3768 789 3809 nemo
818 3763 997 3809 tamen
1049 3765 1196 3810 recta
1236 3757 1445 3811 ratione
1500 3755 1881 3825 intellectuque

309 3846 590 3913 praeditus,
622 3846 824 3901 idcirco
856 3846 1084 3902 Verbum
1116 3849 1169 3902 in
1211 3862 1430 3903 carnem
1459 3856 1729 3902 mutatum
1758 3862 1879 3903 esse

309 3934 410 3989 sibi
434 3938 801 4004 persuadebit.
824 3937 1056 3993 Necesse
1094 3948 1176 3994 est
1223 3940 1364 3994 enim
1406 3946 1464 3992 ut
1490 3938 1876 3994 sublimissima

308 4025 547 4077 omnium
578 4035 769 4080 natura
799 4042 992 4094 purum
1022 4035 1222 4082 statum
1253 4027 1502 4091 retineat,
1535 4026 1587 4081 id
1629 4036 1715 4081 est
1746 4028 1878 4081 sim-

264 4180 275 4183 _
307 4113 497 4181 plicem
519 4115 636 4169 sine
653 4116 875 4171 alterius
898 4117 1297 4180 commistione,
1332 4131 1399 4172 ne
1442 4115 1585 4170 forte
1629 4115 1878 4170 videatur

305 4203 624 4270 composita,
660 4213 753 4259 aut
780 4205 1114 4261 incremento
1143 4206 1410 4276 indigens,
1442 4204 1873 4276 autcujusquam

307 4292 383 4346 rei
418 4295 685 4365 particeps
736 4311 857 4367 quas
892 4304 1139 4352 naturam
1178 4312 1330 4352 suam
1388 4297 1608 4352 minime
1659 4298 1869 4364 deceat,
1900 4295 1951 4356 D

303 4384 428 4438 dum
453 4385 506 4439 in
532 4395 735 4441 natura:
785 4388 1068 4455 unitatem,
1097 4388 1210 4444 sive
1249 4388 1867 4445 consubstantialitatem

301 4478 573 4537 concurrit
591 4477 688 4549 (l).
713 4478 865 4535 Nunc
890 4482 1031 4536 acuti
1056 4466 1365 4538 intellectus
1381 4483 1540 4538 oculo
1556 4483 1864 4553 opinionem

300 4566 763 4624 Confusaneorum
796 4581 1122 4637 scrutemur,
1151 4574 1439 4628 dicentium
1473 4588 1690 4629 carnem
1724 4574 1867 4629 inef-

299 4656 445 4711 fabili
489 4659 698 4712 ratione
725 4658 802 4711 sic
827 4672 948 4714 esse
986 4670 1263 4727 mutatam,
1298 4672 1367 4757 υς
1389 4663 1494 4718 Deo
1524 4661 1703 4719 Verbo
1737 4679 1869 4719 cou-

299 4746 675 4802 substantialis
701 4747 956 4801 evaserit.
991 4746 1101 4801 Cur
1151 4749 1228 4813 id,
1254 4746 1494 4818 inquam,
1536 4761 1628 4806 aut
1666 4768 1862 4821 quam-

384 4919 408 4952 ³
434 4920 578 4978 Psal.
610 4935 801 4985 xxxix,
828 4919 944 4975 7-9.
1019 4921 1225 4978 ‘llebr.
1253 4936 1314 4985 il,
1346 4922 1431 4980 18.

370 5073 449 5146 (l)
477 5073 665 5129 Exstat
694 5076 880 5148 Grece
916 5076 1001 5131 hic
1032 5075 1184 5148 locus
1205 5076 1341 5143 apud
1367 5076 1711 5148 Anastasiom
1736 5094 1857 5148 pre-

299 5143 574 5215 sbyterum
603 5160 631 5197 a
658 5146 814 5199 nobis
843 5148 1044 5200 editum
1079 5143 1273 5213 Script.
1310 5155 1405 5200 vet.
1442 5157 1481 5200 t.
1511 5145 1619 5211 Vll,
1652 5143 1856 5215 ppflO,

299 5213 388 5285 15,
410 5213 498 5285 27,
531 5228 658 5285 cum
682 5216 770 5267 vix
797 5215 1002 5284 aliquot
1028 5215 1378 5285 varietatibus
1402 5216 1480 5280 sic
1509 5235 1522 5270 :
1551 5213 1856 5285 Κυρίλλου

294 5281 364 5355 ea}
396 5282 502 5355 (of)
525 5284 674 5355 xqtd
716 5281 1182 5355 Συνούσιαστῷν
1213 5286 1418 5355 λόγου.
1467 5285 1576 5339 Ναὶ
1612 5281 1718 5355 μῖὴν
1764 5286 1858 5340 καὶ

296 5352 364 5432 ἐξ
383 5351 613 5441 οὑὶρανοῦ
638 5353 1072 5441 ιξωξτοιβεξξηκίναι
1101 5351 1337 5441 ite-refoti,
1368 5355 1462 5407 καὶ
1486 5351 1629 5433 ςωὴν
1660 5351 1857 5441 δεδρναι

295 5422 374 5489 τῷ
397 5422 605 5546 κόσμὲ),
634 5423 720 5475 διὰ
744 5422 834 5475 τὸν
853 5422 1063 5476 ἄνωθεν
1079 5426 1173 5476 καὶ
1194 5424 1251 5490 ἐξ
1283 5424 1343 5476 οὐ
1353 5423 1522 5504 ρανοῇ
1547 5422 1859 5479 κὰταῦάντα

296 5488 474 5565 λόγον.
504 5507 533 5544 ο
599 5491 825 5565 καὶ-ἰδία
854 5492 1132 5565 γέγονενὴ
1164 5494 1331 5565 σάρξή
1364 5495 1556 5565 οὔκουν
1590 5493 1712 5565 θεία
1740 5496 1859 5565 μὲν,

297 5559 372 5623 ὡς
410 5558 565 5631 ἔφην,
604 5562 781 5615 ἐστίν⁸
814 5558 875 5616 οὔ
912 5558 1018 5632 μὴν
1059 5558 1136 5616 ἔτί
1167 5558 1258 5617 καὶ
1290 5563 1368 5629 εἰς
1420 5563 1580 5634 φύσιν
1614 5558 1866 5636 θεότὴτοξ

1981 3037 2112 3102 Qum
2162 3042 2347 3086 nostro
2400 3030 2613 3099 corpori
2661 3029 2865 3083 utilitas
2922 3028 3206 3083 accederet
3250 3041 3279 3080 a
3326 3024 3554 3095 mystico

1982 3135 2279 3193 sanctoque
2316 3122 2606 3189 sacriﬁcio,
2638 3125 2790 3190 cujus
2825 3122 3064 3189 suscepti
3100 3118 3298 3173 factum
3323 3125 3409 3171 est
3429 3129 3554 3184 par-

1980 3216 2186 3286 ticeps?
2212 3214 2440 3280 Quinam
2493 3211 2611 3281 ejus
2659 3213 2735 3267 rei
2780 3213 2985 3266 fructus
3029 3209 3168 3263 alius
3207 3208 3416 3270 luisset,
3449 3206 3552 3259 nisi

1981 3305 2122 3375 quod
2164 3303 2398 3359 Verbum
2425 3311 2668 3357 naturam
2700 3316 2854 3357 suam
2889 3309 3099 3354 mutare
3121 3296 3416 3353 voluisset?
3441 3294 3551 3349 Cur

1980 3396 2135 3451 nobis
2166 3394 2283 3463 ipse
2322 3394 2545 3449 dixisset
2585 3410 2598 3445 :
2637 3410 2656 3443 ‹
2692 3392 2802 3461 Ego
2841 3404 2962 3444 sum
2998 3387 3154 3458 panis
3186 3387 3309 3440 vita.-
3348 3384 3441 3454 qui
3484 3383 3551 3441 de

1978 3487 2118 3543 caelo
2148 3484 2448 3550 descendit,
2476 3484 2784 3553 mundoque
2817 3482 2986 3536 vitam
3028 3488 3286 3534 aeternam
3337 3475 3451 3530 dat.
3485 3475 3553 3530 Et

1978 3578 2154 3648 panis,
2180 3591 2340 3648 quem
2361 3589 2462 3646 ego
2495 3574 2693 3641 tribuo,
2730 3587 2850 3629 mea
2872 3586 2998 3627 caro
3028 3581 3132 3634 est,
3150 3570 3218 3624 ob
3261 3569 3442 3623 mundi
3468 3568 3549 3621 vi-

1981 3678 2112 3727 tam.
2144 3670 2247 3735 Qui
2276 3670 2567 3723 manducat
2620 3681 2792 3720 meam
2846 3678 3066 3719 carnem
3097 3672 3153 3716 et
3182 3661 3316 3715 bibit
3365 3673 3543 3713 meum

1978 3758 2388 3827 sanguinem,in
2441 3771 2528 3810 me
2554 3763 2755 3820 manet,
2788 3762 2845 3809 et
2882 3768 2982 3821 ego
3032 3753 3085 3808 iu
3115 3767 3180 3807 eo
3199 3750 3241 3803 ³.
3274 3769 3293 3802 ι
3327 3749 3469 3819 Ergo
3497 3749 3543 3803 si

1978 3862 2106 3903 caro
2136 3847 2188 3901 in
2216 3847 2268 3901 id
2299 3848 2444 3917 quod
2465 3860 2572 3900 non
2599 3853 2717 3900 erat
2770 3852 2974 3899 mutata
3002 3852 3107 3908 est,
3143 3849 3306 3911 atque
3354 3841 3420 3894 ad
3454 3854 3548 3894 su-

1976 3938 2277 3993 blimiorem
2309 3947 2501 3991 natura
2531 3935 2749 4007 propria
2777 3934 3000 4005 gradum
3032 3933 3268 3995 transiit,
3298 3930 3351 3984 id
3374 3938 3462 3985 est
3495 3929 3543 3985 si

1977 4044 2098 4084 eam
2126 4027 2286 4084 Verbi
2308 4029 2556 4084 voluntas
2590 4026 2940 4081 excelsiorem
2974 4025 3120 4089 fecit,
3154 4024 3306 4079 nobis
3330 4036 3546 4093 quoque

1974 4120 2084 4175 vim
2106 4118 2263 4188 hujus
2285 4119 2550 4189 mysterii,
2584 4132 2778 4187 resque
2809 4118 2874 4172 ad
2902 4117 2955 4173 id
2981 4116 3310 4187 pertinentes
3334 4114 3544 4168 ratione

1975 4209 2080 4267 alia
2108 4210 2290 4266 licebit
2323 4225 2599 4281 peragere.

2256 4342 2311 4400 4.
2344 4340 2497 4396 Idem
2531 4339 2760 4411 Cyrillus
2798 4341 2856 4394 in
2884 4338 3067 4394 eodem
3106 4336 3258 4391 libro.

2046 4480 2187 4551 Ergo
2209 4477 2601 4535 incarnationis
2630 4477 2821 4547 dogma
2858 4473 3139 4557 perspicua
3171 4483 3405 4540 veraque
3433 4468 3540 4524 {ide

1973 4573 2233 4627 creditur.
2258 4571 2411 4638 Quod
2435 4570 2502 4635 si,
2542 4578 2600 4624 ut
2652 4566 2946 4624 adversarii
2997 4565 3200 4627 dicunt,
3232 4559 3437 4627 abjecta
3459 4568 3541 4614 est

1972 4677 2121 4727 caro,
2151 4672 2206 4717 et
2234 4663 2287 4716 in
2313 4674 2563 4716 naturam
2601 4660 2760 4716 Verbi
2795 4666 3024 4722 mutata,
3060 4654 3203 4724 quod
3262 4652 3309 4706 ei
3343 4666 3402 4707 se
3443 4665 3539 4706 co-

1972 4752 2199 4819 pulavit,
2233 4766 2369 4806 vana
2389 4765 2603 4822 quoque
2633 4749 3029 4819 evaderetjuua
3062 4761 3183 4801 cum
3217 4745 3397 4800 carnis
3423 4758 3540 4799 mu-

1511 4922 1710 4981 ‘Joan.
1743 4941 1818 4993 vr,
1850 4926 2041 4984 51-55.

2038 5082 2293 5160 ’ξαϐᾳλεῖν
2325 5084 2764 5160 ᾧπρπτεύσοι-τις
2787 5088 2873 5160 ἂν,
2902 5088 3033 5160 εἶ’-γε
3060 5088 3185 5143 νοῦν
3218 5090 3331 5160 ἔχει
3358 5089 3451 5143 τὸν
3463 5085 3531 5160 γεῦ

1999 5151 2235 5229 ςὸηκρτα
2249 5157 2355 5229 ’καὶ
2391 5154 2726 5229 δογματικῆς
2748 5151 3033 5229 εὐτέχνίὰς
3062 5151 3430 5229 ὲπιστήῖιοναξ
3453 5159 3534 5212 δεῖ

1959 5220 2162 5297 γᾲρέῇ
2190 5223 2406 5297 graivng
2427 5220 2804 5297 sesumam
2844 5220 3103 5281 ἀνωτάτω
3141 5220 3320 5297 φύςίἐι,
3356 5228 3528 5292 σώζε-

1963 5291 2087 5369 σραι
2112 5291 2369 5369 gratiame
2398 5293 2703 5369 “sedariton
2732 5298 2850 5369 xa‘td
2869 5291 3180 5368 ἀσυμμιγὲξ
3218 5291 3408 5369 ἑτέρῳ,
3437 5297 3531 5369 attat

1961 5360 2022 5437 ιεὸ
2065 5360 2140 5432 μὴ
2185 5360 2777 5437 ωνῖερεῖσθᾳιᾲδοκεῖν,
2824 5367 2881 5419 ἐν
2910 5360 2990 5437 γε’
3022 5360 3138 5431 ῖεοΐς
3160 5360 3286 5421 iae‘
3309 5360 3530 5437 ’ὲὲιυτὴν

1963 5430 2137 5508 ἦχουν
2154 5432 2481 5508 προσθήκης
2500 5433 2780 5508 δεδεῆσθαι
2812 5430 2956 5508 τινος
2972 5439 3063 5490 καὶ
3084 5436 3403 5508 ἀσυμφυοῦς
3431 5430 3533 5490 αὗ-

1965 5501 2063 5582 τῆς
2094 5501 2516 5582 πράῖματοςςεὶς
2540 5501 2820 5582 κοινωνίαν
2842 5507 3012 5563 ἐλθεῖν
3031 5507 3133 5579 τὴν
3160 5501 3218 5561 ἐν
3244 5501 3530 5578 hostium

1969 5570 2182 5638 φύσεως
2211 5570 2377 5641 ἧγουν
2399 5575 2792 5646 ὀμοουσιότητι.
