3952 6200
344 195 479 255 1451

1338 189 1397 249 S.
1438 190 1711 249 CYRILLI
1745 184 2223 244 ALEXANDle
2262 183 2587 241 ARCHIEP.

3474 184 3498 239 1
3509 186 3620 242 ΗΞ

345 315 551 371 tatione
595 312 855 369 salutaris
913 311 1036 369 ﬁdei
1093 320 1299 369 nostra:
1336 311 1645 368 conl’essio:
1672 311 1782 366 imo
1835 322 1927 364 res
1953 311 2001 369 Α
2026 320 2136 376 quo
2171 306 2237 360 de
2266 302 2414 362 ωηο
2437 301 2713 357 rediturus
2752 299 2911 364 est’,
2946 298 3073 354 hinc
3127 306 3343 354 constat
3391 312 3619 356 carnem

343 413 457 462 tota
506 403 965 473 pessumdaretur,
1026 416 1149 458 cum
1200 402 1435 458 indidem
1474 412 1730 456 manante
1760 400 1924 470 justi-

345 497 629 565 ﬁcatione;
661 504 1167 567 consequenterque
1207 509 1306 551 nos
1351 495 1530 551 adhuc
1578 497 1631 548 in
1685 493 1925 565 peccatis

345 589 550 646 nostris
575 604 876 656 manemus,
905 604 1081 659 neque
1110 596 1353 645 veterum
1389 588 1670 658 culparum
1710 593 1926 642 nostra-

346 699 462 737 rum
490 684 679 738 sordes
713 684 972 738 discussae
1000 691 1146 738 sunt.

656 797 710 851 5.
748 797 899 851 Idem
933 795 1239 867 Cyrillusin
1262 795 1442 850 eodem
1467 793 1618 847 libro.

422 910 479 965 Si
513 926 639 966 caro
665 911 826 966 Verbi
846 927 875 964 a
896 918 1094 965 nostra:
1122 910 1304 964 carnis
1333 909 1644 965 conditione
1668 906 1931 962 recessis-

351 1012 455 1069 set,
487 1003 735 1074 superior
786 1002 944 1057 nobis
976 1001 1190 1066 eﬂ‘ecta,
1220 1001 1347 1070 quia
1392 1001 1446 1055 in
1490 1000 1747 1055 deitatem
1798 1013 1931 1053 con-

2027 402 2094 456 ab
2123 414 2190 456 eo
2218 399 2272 453 in
2302 396 2446 451 aliud
2475 391 2704 464 quodvis
2729 405 2834 445 non
2869 388 3039 444 fuisse
3071 397 3362 451 mutatam,
3387 388 3486 443 sed
3503 389 3623 458 εις»-

2031 489 2396 557 ιίοεθιιιηθριιιι
2421 501 2545 541 cum
2568 497 2809 547 manere,
2844 479 3335 550 incorruptibilem,
3358 483 3481 535 sine
3510 498 3628 535 ma-

2029 584 2172 649 cula,
2191 579 2461 650 atqueilla
2490 577 2610 631 luce
2637 573 2934 643 fulgentem
2968 570 3034 624 ad
3062 587 3226 640 quant
3257 586 3419 625 nemo
3446 582 3628 641 potest

2032 677 2315 732 accedere.
2340 673 2512 728 Porro
2547 667 2691 724 haud
2736 680 2862 721 cum
2903 663 2997 719 illo
3042 663 3217 730 tenui,
3243 672 3302 717 ut
3348 664 3629 734 primitus,

2033 765 2323 838 splendore
2355 760 2670 818 descendet.

2318 874 2371 927 7.
2404 872 2553 927 Idem
2593 870 2822 942 Cyrillus
2862 870 2920 924 in
2960 868 3142 924 eodem
3189 869 3342 924 libro.

2040 978 2043 979 ν
2109 992 2167 1048 Si
2200 1002 2327 1045 caro
2351 987 2470 1057 ejus
2498 987 2565 1042 ad
2601 994 2849 1040 naturam
2877 981 3097 1038 deitatis
3119 981 3288 1052 ipsius
3318 982 3637 1047 transisset,

352 1108 529 1158 versa,
556 1073 754 1147 salutis
781 1101 984 1147 nostrae
1019 1092 1165 1147 basis
1211 1100 1514 1159 corrueret,
1558 1104 1764 1159 nosque
1801 1088 1936 1142 adeo
2032 1083 2144 1154 jam
2175 1083 2345 1138 Filius
2367 1078 2603 1136 hominis
2631 1091 2751 1132 esse
2779 1075 3091 1139 desineret;
3138 1073 3426 1153 palamque
3449 1075 3633 1129 omni-

352 1185 453 1239 sub
478 1187 667 1240 mortis
687 1184 998 1255 peccatique
1019 1184 1285 1240 saevitiam
1325 1184 1725 1239 recideremus.
1755 1181 1934 1246 Sicut,

353 1273 547 1329 domus
580 1275 788 1329 murive
814 1275 1058 1331 subrutis
1082 1276 1282 1330 inlimis
1305 1273 1694 1339 fundamentis,
1723 1274 1940 1328 univer-

355 1355 473 1424 sum
509 1368 797 1426 aedilicium
834 1370 1189 1434 dilaberetur,
1214 1379 1269 1423 et
1317 1369 1576 1439 quidquid
1620 1367 1724 1423 illis
1754 1367 1943 1421 faleris

356 1469 789 1529 superstructum
841 1458 1050 1524 fuerat;
1093 1461 1165 1513 ita
1210 1460 1254 1513 si
1295 1458 1565 1526 Unigeniti
1614 1474 1735 1513 cum
1781 1470 1944 1511 carne

294 1614 302 1620 ,
356 1551 690 1620 dispensatio
722 1565 848 1604 vera
892 1566 997 1604 non
1032 1559 1199 1616 esset,
1235 1564 1322 1604 res
1347 1559 1546 1604 nostra:
1588 1548 1748 1603 simul
1781 1555 1944 1616 atque

361 1636 411 1689 in
449 1647 768 1705 perpetuum
808 1645 1181 1691 everterentur
1234 1646 1288 1690 et
1334 1638 1564 1691 inﬁrmae
1610 1638 1823 1691 fierent.
1854 1634 1945 1690 Sic
1978 1655 2020 1714 Β

360 1727 449 1781 aio
482 1730 708 1799 parite”
747 1730 889 1796 quod
918 1728 964 1783 si
1017 1725 1177 1783 Verbi
1212 1743 1342 1782 caro
1370 1729 1423 1782 in
1452 1727 1670 1782 deitatis
1695 1733 1945 1779 naturam

363 1830 569 1874 mutata
601 1819 1142 1887 fuisset,necessario
1182 1830 1346 1890 atque
1397 1820 1450 1874 in
1499 1817 1948 1875 :rternumaFdii

365 1911 602 1967 hominis
641 1911 1003 1981 appellatione
1048 1912 1347 1966 excideret.
1395 1912 1512 1979 Cur,
1549 1925 1679 1981 ergo
1731 1910 1950 1979 sapien-

362 2000 609 2055 tissimus
634 2001 831 2056 Paulus
858 2002 1090 2057 dixisset
1124 2020 1139 2055 :
1170 2021 1189 2053 ι
1243 2002 1397 2057 Unus
1424 2010 1505 2056 est
1537 2001 1700 2066 Deus,
1725 2011 1779 2055 et
1811 2015 1951 2056 unus

367 2091 632 2145 mediator
681 2092 822 2146 inter
877 2091 1047 2147 Deum
1105 2102 1160 2147 et
1204 2092 1468 2156 homines,
1497 2094 1657 2148 homo
1702 2092 1953 2148 Christus

365 2181 548 2247 Iesus,
593 2183 686 2253 qui
725 2183 875 2239 dedit
935 2185 1174 2255 seipsum
1232 2185 1678 2254 redemptionem
1704 2200 1802 2255 pro
1848 2200 1950 2240 uo-

366 2273 452 2329 bis
483 2275 583 2328 οἳ»
625 2274 719 2329 Est
746 2275 860 2347 ipse
889 2278 1156 2333 mediator
1201 2288 1260 2331 ut
1300 2278 1464 2341 Deus,
1496 2277 1749 2346 idemque
1790 2278 1953 2332 homo

368 2365 550 2432 simul,
593 2366 760 2421 Deum
815 2366 1032 2423 Patrem
1069 2368 1227 2425 nobis
1255 2367 1518 2438 placaris;
1556 2368 1669 2439 ipse
1706 2382 1845 2422 unus
1872 2378 1955 2422 est

369 2458 598 2514 inuuica
626 2459 978 2526 adunatione,
1017 2461 1073 2516 in
1107 2476 1212 2531 qua
1236 2476 1368 2517 sane
1403 2461 1594 2533 grandi
1640 2476 1762 2516 cum
1797 2459 1953 2515 diﬂ‘e-

371 2552 547 2606 rentia
616 2552 1028 2623 distinguuntur
1094 2563 1304 2609 natura:
1356 2553 1709 2625 (l):ea:dem
1771 2561 1953 2607 tamen

370 2655 705 2700 concurrunt
760 2646 924 2702 simul
977 2647 1033 2702 in
1077 2647 1380 2715 Christum,
1412 2658 1479 2705 et_
1514 2648 1569 2702 in
1613 2645 1954 2702 inconfusam

372 2738 756 2794 adunationem
790 2747 956 2808 atque
1014 2738 1391 2806 insolubilem;
1427 2738 1622 2794 similis
1678 2737 1824 2793 Patri
1872 2747 1955 2792 est

374 2833 596 2897 deitate,
613 2832 806 2888 similis
829 2834 985 2889 nobis
1003 2834 1369 2900 humanitate;
1402 2845 1564 2904 atque
1581 2833 1655 2887 ita
1674 2832 1957 2902 cognosci-

373 2934 463 2979 tur
500 2925 664 2980 homo
691 2924 941 2982 Christus
985 2923 1144 2982 Iesus
1184 2927 1452 2983 mediator
1496 2935 1704 2983 noster.
1730 2925 1883 2992 Quod
1907 2924 1955 2980 si

374 3014 761 3070 abominabilis
804 3015 859 3070 in
912 3025 1080 3081 eo,ut
1126 3016 1215 3071 isti
1260 3017 1623 3083 volunt,caro
1674 3022 1841 3081 esset,
1878 3015 1953 3068 rei
1983 3008 2029 3069 C

376 3119 586 3158 summa
618 3106 683 3160 de
709 3104 883 3161 medio
907 3106 1207 3173 tolleretur,
1246 3122 1350 3162 nec
1385 3105 1499 3175 jam
1536 3106 1654 3175 ipse
1687 3105 1830 3160 inter
1861 3119 1960 3158 nos

363 3192 706 3267 Patremque
722 3213 876 3253 suum
912 3198 1178 3254 mediator
1212 3208 1377 3254 esset.
1415 3197 1568 3253 Tunc
1606 3207 1784 3254 autem
1816 3212 1957 3268 quo-

376 3289 543 3357 modo
573 3290 639 3344 ad
672 3290 822 3345 illum
848 3292 1275 3347 accederemus?
1298 3303 1395 3347 aut
1425 3303 1573 3347 certe
1601 3293 1723 3359 quis
1749 3305 1849 3345 nos
1885 3290 1959 3344 illi

380 3379 728 3445 admoveret?
755 3382 880 3450 quis
916 3385 1131 3437 demum
1149 3382 1775 3453 superessetmediator?
1798 3380 1964 3436 Divus

380 3467 581 3523 Paulus
611 3470 752 3524 dixit
804 3472 1080 3526 hominem
1107 3490 1229 3529 esse
1270 3474 1806 3530 mediatoreut.'l‘unt
1847 3474 1964 3542 ipse

381 3558 632 3615 Christus
657 3560 905 3630 inquitu
934 3562 1107 3619 Nemo
1136 3569 1285 3620 venit
1332 3566 1400 3620 ad
1455 3565 1693 3630 Patrem,
1723 3565 1823 3620 nisi
1869 3579 1966 3633 per

383 3652 534 3708 me'.
565 3672 584 3705 ι
628 3653 1011 3710 Portentosum
1061 3665 1145 3712 est
1201 3670 1334 3727 ergo
1394 3666 1449 3713 et
1491 3655 1702 3712 insania
1745 3657 1965 3727 plenum

386 3755 754 3802 commentum
775 3746 992 3804 illorum
1016 3749 1107 3819 qui
1135 3759 1360 3804 naturas
1391 3748 1752 3806 confundunt.

670 3859 725 3915 6.
768 3859 919 3917 Idem
966 3861 1201 3933 Cyrillus
1233 3865 1288 3918 in
1321 3868 1500 3919 eodem
1526 3863 1681 3918 libro.

465 3990 486 4023 ι
518 3972 651 4028 Cum
679 3972 847 4030 Filius
870 3974 1106 4030 hominis
1133 3976 1362 4043 venerit,
1393 3992 1521 4031 num
1553 3975 1607 4031 in
1638 3985 1782 4032 terra
1808 3976 1968 4032 [idem

387 4066 710 4127 inveniet“?
743 4088 761 4121 ι
811 4066 968 4123 Nunc
996 4068 1287 4138 quaerimus
1315 4070 1383 4125 ab
1407 4069 1763 4132 adversariis.
1789 4084 1974 4138 quam-

390 4176 513 4215 nam
548 4161 695 4216 volet
748 4160 985 4217 hominis
1028 4160 1201 4217 Filius
1247 4163 1407 4217 tidem
1450 4162 1717 4227 invenire,
1751 4178 1873 4217 cum
1906 4162 1975 4219 de

388 4246 529 4301 ccelo
582 4247 875 4305 descendet
913 4250 1053 4319 apud
1102 4264 1198 4305 eos
1248 4250 1337 4320 qui
1373 4251 1426 4304 in
1466 4261 1610 4306 terra
1644 4253 1974 4307 versantur?

394 4336 488 4392 Vel
519 4336 776 4405 quidnam
805 4340 872 4392 de
908 4355 974 4394 eo
1028 4342 1238 4409 cpinari
1282 4342 1612 4410 possumus?
1657 4341 1799 4397 Num
1835 4343 1977 4398 forte
2008 4364 2051 4419 ι)

393 4428 708 4500 a'bjecturus
746 4439 830 4483 est
850 4427 974 4484 Filii
999 4431 1237 4486 hominis
1277 4433 1672 4499 conditionem,
1698 4449 1768 4488 an
1794 4434 1973 4503 potius

394 4524 446 4578 in
477 4521 830 4578 similitudine
859 4530 1047 4578 nostra
1071 4536 1378 4589 mansurus,
1408 4533 1469 4579 ut
1495 4525 1658 4579 homo
1700 4540 1822 4580 esse
1857 4541 1976 4581 cre-

394 4616 593 4672 datur?
624 4616 778 4684 Quod
838 4616 883 4673 si
916 4616 1075 4688 longe
1111 4614 1434 4685 abesset,ut
1481 4616 1658 4687 ipsum
1712 4632 1866 4687 aeque
1912 4633 1977 4691 ac

393 4726 494 4768 nos
544 4711 819 4768 hominem
863 4718 1116 4782 reputare
1154 4724 1463 4781 possemus,
1500 4720 1975 4782 consequenterne

394 4804 579 4861 dicere
626 4804 819 4860 liceret
848 4814 1137 4861 venturum
1194 4803 1429 4862 fortasse
1476 4818 1578 4861 ceu
1612 4806 1885 4861 hominem
1918 4814 1977 4859 ut

395 4898 556 4952 tidem
582 4896 635 4951 in
661 4905 808 4952 terra
837 4897 1094 4964 inveniat,
1123 4905 1178 4954 et
1203 4913 1309 4953 non
1339 4897 1523 4968 potius
1557 4906 1842 4953 venturum
1876 4911 1979 4952 ceu

397 4990 566 5043 Deum
604 4987 840 5044 Verbum
890 4988 1122 5059 simplex
1155 4998 1213 5044 et
1258 4991 1465 5060 absque
1504 5003 1692 5056 carne,
1734 4998 1794 5045 ut
1838 4990 1981 5044 hanc

397 5082 558 5136 tidem
589 5081 730 5151 apud
767 5089 1053 5136 terrestres
1107 5081 1382 5135 inveniat?
1413 5080 1521 5137 Sed
1569 5081 1694 5151 quia
1753 5080 1983 5150 ipsemet

400 5173 691 5230 manifeste
704 5188 761 5230 se
782 5170 978 5228 Filium
1007 5172 1244 5229 hominis
1261 5173 1521 5229 vocitavit
1535 5181 1783 5243 tempore
1814 5170 1980 5227 etiam

498 5329 726 5403 SITim.
757 5352 821 5403 tr,
849 5336 903 5392 5.
978 5336 999 5367 "
1020 5335 1178 5390 Joau.
1213 5348 1324 5400 xxv,
1364 5332 1419 5387 6.
1490 5333 1518 5403 θ’
1541 5332 1671 5391 Luc.
1696 5348 1830 5398 χιιι,
1863 5331 1914 5387 8.
1993 5302 2232 5386 'Matth.
2265 5341 2415 5393 xxvi,
2446 5324 2499 5382 6.
2583 5324 2626 5357 ιο
2651 5323 2810 5379 Rom.
2847 5311 2967 5386 v'ttt,
2996 5319 3088 5377 29-

408 5403 455 5437 ³³
474 5399 704 5475 Philipp.
739 5399 822 5476 tu,
859 5408 950 5462 ει.
1029 5404 1113 5458 ’⁸1
1140 5399 1407 5468 σιοίιιι.⁷ιγ,
1446 5402 1534 5459 12.

2042 1177 2142 1231 bus
2173 1174 2326 1229 ﬁeret
2360 1171 2603 1243 'gloriam
2644 1166 2954 1237 adoptionis
3002 1164 3179 1219 amitti
3228 1180 3258 1218 a
3292 1165 3473 1228 nobis,
3510 1174 3634 1218 lan-

2044 1284 2204 1338 quam
2236 1266 2285 1321 si
2315 1261 2735 1335 primogenitum
2760 1259 2903 1315 inter
2921 1255 3122 1312 multos
3152 1256 3351 1313 fratres
3366 1258 3410 1289 ⁸⁸
3428 1256 3637 1313 diutius

2046 1375 2154 1414 non
2188 1358 2533 1413 haberemus.

2347 1469 2401 1524 8.
2434 1469 2586 1524 Idem
2618 1467 2848 1539 Cyrillus
2873 1468 2926 1521 in
2951 1469 3133 1522 eodem
3167 1465 3326 1519 libro.

2122 1589 2235 1643 Non
2269 1592 2496 1654 apparet
2534 1581 2772 1638 Verbum
2820 1594 3040 1636 carnem
3091 1588 3352 1644 mutasse,
3381 1592 3501 1647 quae
3546 1578 3637 1632 in-

2050 1678 2482 1736 convertibiliter
2535 1684 2594 1728 et
2640 1676 2846 1743 absque
2874 1672 3200 1728 confusione
3233 1670 3309 1724 illi
3336 1671 3631 1740 conjuncta

2048 1782 2134 1830 est
2159 1775 2211 1828 in
2230 1771 2450 1827 deitatis
2482 1766 2861 1824 naturaulllud
2894 1765 3073 1835 potius
3104 1764 3469 1823 observamus,
3505 1775 3631 1814 me-

2050 1869 2158 1922 rito
2206 1865 2351 1919 illam
2409 1861 2580 1933 gloria
2617 1874 2715 1915 sua
2767 1857 3168 1928 magniﬁcasse,
3220 1853 3629 1920 honoribusque

2051 1958 2161 2012 Deo
2193 1954 2388 2010 debitis
2418 1950 2758 2007 cumulasse:
2781 1956 2942 2018 atque
2982 1948 3056 2001 ita
3113 1955 3360 2014 tempore
3392 1958 3494 1999 suo
3515 1956 3643 1996 car-

2051 2050 2136 2105 nis
2180 2061 2397 2117 quoque
2454 2042 2851 2113 dispensatoria
2907 2038 3207 2094 substantia
3234 2035 3325 2108 [de
3360 2033 3504 2090 coelo
3546 2036 3639 2088 de-

2052 2137 2299 2210 scendet]
2319 2150 2513 2206 :qnam
2559 2134 2805 2189 videntes
2832 2132 3192 2186 admiratione
3217 2129 3459 2199 perculsi
3490 2138 3637 2183 sunt.

2056 2232 2210 2287 Hanc
2239 2243 2431 2298 reapse
2464 2226 2653 2282 oculus
2679 2225 2836 2288 vidit,
2866 2224 2943 2278 uti
2976 2223 3235 2292 scriptum
3268 2231 3375 2277 est.
3417 2221 3643 2276 Sancto-

2054 2338 2172 2378 rum
2206 2322 2351 2376 enim
2387 2318 2700 2389 angelorum
2748 2329 2888 2371 unus
2939 2314 3262 2368 mirantibus
3308 2313 3432 2366 ait:
3476 2330 3496 2363 ι
3525 2309 3645 2365 Viri

2056 2412 2430 2482 Galilaei,quid
2455 2410 2654 2465 coelum
2674 2406 2984 2476 suspicitis?
3015 2404 3113 2459 llic
3127 2403 3287 2459 Iesus
3308 2403 3402 2473 qui
3428 2417 3644 2456 assum-

2054 2519 2179 2578 ptus
2208 2513 2293 2560 est
2326 2520 2357 2559 a
2386 2503 2559 2568 vobis,
2598 2501 2678 2558 sic
2705 2500 2885 2555 veniet
2923 2496 3386 2567 quemadmodum
3434 2493 3641 2548 vidistis

2054 2615 2178 2657 eum
2205 2606 2422 2653 euntem
2445 2597 2500 2651 in
2528 2593 2696 2650 caelos
2718 2593 2784 2647 “.
2822 2610 2841 2644 ι
2873 2590 3009 2645 Nunt
3056 2586 3253 2643 dicturi
3283 2587 3420 2641 estis
3468 2587 3641 2639 visum

2055 2707 2178 2749 esse
2205 2690 2273 2745 ab
2308 2690 2377 2745 iis
2409 2688 2699 2744 salientem
2741 2685 2808 2739 ad
2842 2683 3058 2738 Patrem
3116 2681 3323 2751 absque
3355 2676 3555 2733 carne?
3585 2677 3639 2730 id

2056 2792 2142 2841 est
2175 2781 2350 2839 forma
2379 2788 2565 2836 nostra
2597 2777 2941 2847 indignanter
2965 2771 3329 2841 ab]ecla,jam
3352 2786 3455 2825 non
3475 2769 3645 2824 fuisse

2058 2878 2113 2933 in
2137 2888 2367 2945 corpore
2402 2869 2625 2936 visibili,
2655 2869 2888 2937 ideoque
2931 2878 2989 2920 se
3016 2876 3392 2920 commutasse
3420 2863 3472 2916 in
3505 2859 3648 2915 invi-

2059 2967 2268 3024 sibilem
2291 2959 2865 3031 incorruptibilemqne
2895 2964 3154 3010 naturam
3177 2954 3202 3009 ?
3224 2954 3376 3020 Quis,
3397 2953 3647 3020 inquam,

2066 3061 2181 3114 haec
2229 3057 2409 3111 dicere
2462 3049 2649 3105 ausit?
2675 3049 2769 3102 Sin
2795 3055 2987 3103 contra
3025 3046 3098 3099 ita
3141 3054 3396 3099 venturus
3428 3050 3529 3106 est,
3561 3040 3640 3093 uti

2067 3147 2348 3211 ascendit,
2381 3141 2567 3213 quidni
2615 3154 2741 3195 vere
2779 3138 3015 3202 dicetur,
3045 3150 3168 3190 cum
3200 3135 3372 3190 eodem
3409 3144 3642 3199 corpore

2068 3240 2328 3302 Verbum,
2361 3252 2468 3290 non
2521 3242 2700 3287 autem
2752 3232 2805 3285 in
2842 3239 3036 3284 natura
3076 3225 3306 3294 simplici
3334 3234 3387 3279 et
3431 3225 3648 3292 absque

2067 3346 2251 3400 carne,
2284 3343 2405 3385 esse
2437 3322 2766 3381 venturum?

2374 3443 2427 3499 9.
2469 3439 2620 3495 Idem
2642 3436 2873 3508 Cyrillus
2900 3435 2952 3488 in
2984 3435 3161 3488 eodem
3191 3433 3345 3487 libra.

2141 3562 2219 3617 De
2238 3560 2457 3616 Christo
2482 3554 2702 3625 scripsit
2718 3550 3152 3622 sapientissimus
3175 3559 3394 3616 quoque
3419 3539 3614 3596 Paulus
3634 3556 3652 3592 :

2078 3672 2095 3705 ι
2131 3653 2231 3721 Qui
2265 3647 2576 3707 immutabit
2626 3659 2824 3714 corpus
2874 3639 3201 3697 humilitatis
3252 3647 3473 3698 nostrae,
3505 3646 3568 3688 ut
3588 3635 3659 3685 sit

2073 3744 2251 3801 simile
2282 3740 2496 3812 corpori
2536 3738 2722 3809 gloriae
2744 3737 2809 3789 ¹¹.
2843 3753 2861 3786 ι
2896 3732 3037 3801 Quid
3081 3733 3147 3785 ad
3183 3730 3302 3785 hate
3354 3728 3539 3782 dicent
3560 3725 3659 3786 illi,

2073 3837 2168 3907 qui
2189 3849 2407 3891 carnem
2443 3838 2703 3886 mutatam
2732 3827 2886 3907 aiunt
2927 3824 2983 3877 in
3015 3821 3176 3878 Verbi
3208 3816 3499 3874 naturam?
3523 3814 3659 3869 Num

2075 3906 2385 3987 sanctorum
2423 3936 2651 3992 corpora
2721 3906 2841 3972 ideo
2870 3922 3152 3969 mutantur
3178 3909 3470 3965 iudeitatis
3501 3914 3665 3961 natu-

2079 4035 2218 4087 ram,
2265 4017 2390 4088 quia
2447 4018 2565 4084 ipsa
2622 4022 2843 4082 quoque
2903 4003 3209 4061 conformia
3257 4001 3397 4057 ﬁunt
3443 3998 3665 4068 corpori

2076 4113 2262 4184 gloriae
2302 4107 2452 4176 ejus?
2484 4105 2669 4160 Nonne
2710 4115 2874 4156 merae
2916 4112 3087 4173 εει-ιω
3130 4102 3259 4151 sunt
3307 4094 3426 4148 haec
3467 4106 3669 4147 eorum

2077 4182 2268 4271 verba,
2325 4215 2446 4272 quae
2492 4197 2709 4254 inscitia
2755 4191 3004 4249 scatent?
3034 4188 3091 4245 Si
3139 4202 3266 4242 caro
3312 4185 3381 4239 ad
3442 4182 3669 4237 deitatis

2081 4307 2352 4359 naturam,
2390 4301 2447 4347 ut
2473 4291 2649 4353 aiunt,
2682 4285 2917 4351 transiit,
2944 4296 3182 4352 quonam
3214 4280 3430 4333 demum
3459 4277 3514 4329 in
3542 4288 3667 4328 cor-

2082 4405 2214 4462 pore
2242 4387 2382 4442 Deus
2410 4382 2647 4439 Verbum
2667 4376 2950 4434 versatur?
2973 4373 3069 4428 Est
3096 4371 3243 4428 enim
3268 4369 3444 4424 deitas
3469 4367 3662 4420 ineor-

2083 4497 2271 4554 porea,
2328 4477 2724 4544 verissimeque
2759 4470 2990 4526 dicimus
3055 4463 3260 4522 nemini
3312 4462 3474 4518 Deum
3542 4470 3675 4513 esse

2084 4573 2433 4643 conspicuum
2463 4567 2528 4622 “.

2377 4683 2463 4740 {0.
2496 4681 2644 4738 Idem
2667 4680 2897 4753 (Συνίημι
2922 4681 2975 4734 in
3004 4679 3183 4733 eodem
3211 4676 3366 4730 libro.

2159 4801 2267 4857 Sed
2319 4799 2558 4855 fortasse
2598 4795 2782 4853 dicent
2839 4806 3062 4849 carnem
3088 4789 3235 4846 haud
3271 4784 3500 4843 omnino
3540 4784 3679 4839 sub.

2088 4894 2347 4951 stantiam
2388 4905 2541 4947 suam
2563 4889 2848 4954 amisisse;
2882 4886 2979 4942 sed
3008 4899 3133 4940 cum
3161 4881 3269 4937 Deo
3298 4879 3478 4936 Verbo
3503 4884 3684 4931 semet

2088 4982 2501 5040 commiscuisse
2530 4978 2762 5035 naturali
2787 4977 3020 5047 quadam
3040 4973 3394 5029 adunatione.
3413 4968 3529 5038 Ego
3547 4980 3684 5020 vero

2089 5078 2362 5147 quomodo
2391 5073 2475 5129 his
2508 5084 2828 5135 occurram,
2860 5066 3158 5140 praesertim
3191 5064 3321 5134 quia
3368 5063 3685 5116 humanum

2092 5166 2439 5223 ratiocinium
2471 5164 2524 5219 in
2545 5163 2629 5219 his
2659 5168 2859 5233 torpet,
2898 5173 3075 5229 neque
3103 5156 3347 5228 propria,
3390 5163 3451 5208 ut
3476 5152 3555 5207 ita
3589 5151 3690 5203 di-

3219 5317 3259 5348 “
3283 5317 3406 5371 Act.
3440 5330 3474 5378 ι,
3518 5312 3608 5368 ll.

481 5559 563 5631 (ί)
594 5556 760 5614 Vides
777 5560 876 5634 hic
908 5561 1438 5634 etiamquantopere
1467 5561 1700 5634 Cyrillus
1754 5561 2043 5618 abhorreat
2080 5572 2111 5615 a
2150 5553 2340 5617 Severi
2377 5551 2774 5625 lionophysitae
2824 5547 3120 5614 sententia,
3169 5544 3264 5615 qui
3319 5554 3502 5598 tamen
3534 5537 3699 5595 illius

412 5629 548 5689 falso
581 5630 963 5688 auctoritatem
996 5633 1097 5689 sibi
1124 5629 1521 5701 praetendebat.
