3952 6200
252 286 377 345 1453

1419 278 1846 338 FRAGMENTA
1886 279 2302 339 DOGMATICA.

3360 293 3380 346 1
3396 290 3501 349 434

252 417 383 466 cam,
431 400 484 455 in
516 399 798 469 provincia
821 400 1116 456 versatur?
1142 396 1278 454 Nam
1306 397 1391 454 vel
1418 413 1548 455 caro
1585 399 1820 454 inmuta-
1850 407 1895 457 Α
1922 412 2076 454 suam
2133 415 2548 473 personamque,
2589 394 2797 470 amisit,
2829 418 2930 460 nec
2982 404 3221 474 priorem
3257 421 3377 460 cum
3409 406 3501 460 itto

254 494 363 550 bilis
410 501 514 559 est,
571 493 801 563 ideoque
862 496 917 548 in
966 491 1127 547 Verbi
1182 501 1433 548 naturam
1478 507 1585 569 non
1638 503 1816 546 muta-

254 586 526 641 tnr...vel
558 584 611 639 in
645 586 697 640 id
736 600 953 655 semper
996 594 1237 640 mutatur
1280 586 1427 655 quod
1487 597 1644 640 antea
1698 585 1816 654 ipsa

253 683 517 743 nouerat;
554 685 716 745 quam
766 677 1122 731 mutationem
1182 676 1309 731 dum
1358 677 1582 745 patitur,
1643 675 1712 730 ab
1752 691 1816 731 ea

253 767 535 823 stabilitate
583 768 814 823 discedit
863 783 981 836 qua:
1032 768 1200 823 Deum
1228 769 1403 834 decet,
1432 778 1592 837 atque
1621 768 1688 823 ab
1728 768 1817 822 illa

254 874 348 930 qua
381 859 707 915 naturaliter
748 860 1037 915 fruebatur
1085 860 1400 916 securitate.
1438 860 1593 915 Tunc
1633 870 1816 914 autem

253 964 473 1021 quonam
508 949 632 1018 jure
684 952 846 1005 homo
886 960 1066 1019 posset
1106 950 1401 1022 appellari?
1448 948 1669 1005 Interim
1725 964 1817 1005 sa-

252 1038 455 1109 pienter
488 1052 747 1107 recteque
780 1042 1206 1096 existimandum
1242 1041 1426 1108 credo,
1461 1040 1661 1115 nullam
1702 1055 1818 1094 rem

253 1140 503 1195 creatam,
530 1133 597 1187 ad
625 1133 841 1188 deitatis
874 1148 1031 1204 posse
1061 1126 1312 1190 naturam
1341 1149 1579 1207 unquam
1625 1116 1818 1190 assur-

253 1239 389 1294 gere,
418 1223 492 1290 id,
542 1224 784 1294 inquam,
813 1214 956 1280 inter
1013 1227 1367 1298 impossibilia
1426 1229 1818 1282 numerandum

253 1323 343 1370 est.
382 1313 535 1380 Quod
565 1317 610 1371 si
643 1315 697 1370 hi
734 1316 876 1372 forte
927 1318 1121 1374 idonea
1155 1328 1472 1388 argumenta
1519 1318 1822 1389 repererint

255 1406 315 1461 ad
345 1408 915 1476 persuadendum'fore
944 1418 1019 1475 ut,
1049 1412 1101 1465 in
1124 1411 1475 1482 permistione
1503 1422 1822 1466 naturarum

255 1507 407 1569 atque
438 1500 758 1568 insertione,
789 1504 1151 1572 proprietates
1176 1504 1337 1557 unius
1373 1504 1446 1557 ita
1489 1517 1825 1559 conserven-

256 1598 337 1646 tur
368 1601 427 1647 ut
465 1608 571 1648 non
599 1581 1075 1650 communicentnr
1127 1596 1306 1661 alteri,
1338 1605 1665 1664 maneatque
1695 1612 1823 1666 per-

255 1680 390 1737 fecta
438 1683 776 1754 singularum
851 1685 1118 1750 definitio,
1176 1687 1263 1741 his
1313 1700 1445 1739 sane
1489 1685 1824 1755 argumentis

256 1780 661 1843 utanturuunc
692 1777 836 1831 enim
894 1791 994 1831 nos
1048 1778 1436 1841 concedemus,
1468 1776 1823 1847 permistione

255 1866 580 1936 huiusmodi,
628 1871 769 1923 haud
832 1884 1047 1923 omnem
1116 1869 1362 1925 veritatis
1428 1871 1535 1925 vim
1605 1871 1819 1939 perimi.

257 1954 372 2026 [(1)
403 1954 787 2011 Verumtamen
815 1959 858 2011 si
893 1958 1033 2014 forte
1068 1960 1253 2015 dicant
1308 1976 1527 2016 carnem
1579 1971 1633 2017 et
1684 1961 1824 2017 Ver-

255 2047 375 2101 btun
411 2062 474 2102 eo
503 2049 661 2103 modo
688 2050 829 2104 inter
856 2067 916 2105 se
962 2052 1122 2107 mista
1169 2068 1274 2122 quo
1314 2053 1501 2124 liquidi
1564 2054 1823 2111 humores

252 2137 447 2203 solent,
493 2140 762 2208 quomodo
810 2143 1063 2210 ignorant
1114 2143 1342 2213 liquida,
1412 2160 1532 2214 quae
1576 2145 1820 2201 “invicem

253 2236 641 2298 temperantur,
687 2230 874 2284 vinum
927 2241 1056 2300 puta
1101 2246 1166 2286 ac
1216 2232 1474 2299 mel,jam
1526 2249 1637 2288 non
1689 2250 1824 2301 pura

252 2335 470 2376 manere
526 2329 584 2375 ut
641 2333 818 2387 erant,
865 2323 959 2376 sed
1008 2323 1199 2377 alienae
1237 2324 1557 2378 substantia:
1609 2339 1825 2379 assum-

253 2412 451 2481 ptione,
470 2412 521 2465 in
546 2410 692 2467 aliud
720 2414 974 2482 quiddam
1003 2415 1389 2469 transmutari?
1419 2413 1477 2469 Si
1500 2429 1633 2485 ergo
1672 2416 1825 2469 aiunt

251 2512 563 2559 concretam
634 2503 805 2559 fuisse
859 2519 983 2559 cum
1019 2504 1200 2560 Verbo
1237 2520 1484 2571 carnem,
1514 2506 1826 2561 necessario

250 2611 472 2667 prorsus
520 2596 807 2652 dicendum
860 2607 945 2655 est
982 2608 1270 2669 utramque
1323 2600 1589 2655 dictarum
1643 2615 1822 2655 rerum

252 2700 284 2739 a
316 2700 417 2741 suo
448 2686 632 2755 priore
663 2695 809 2743 statu
864 2690 1205 2755 discessisse,
1240 2691 1590 2761 mediumque
1617 2692 1823 2762 aliquid

251 2791 319 2833 ex
349 2788 578 2848 utraque
611 2780 943 2845 confectum,
967 2780 1179 2835 diversa
1219 2796 1444 2851 prorsus
1465 2793 1657 2837 natura
1682 2800 1821 2855 prze~

252 2868 446 2936 ditum,
498 2885 661 2939 quam
705 2880 865 2926 antea
922 2887 1008 2928 res
1040 2883 1270 2943 utraque
1321 2875 1601 2945 partiatim
1648 2877 1824 2950 erat.]

249 2957 405 3015 Nunc
446 2974 546 3028 ego
588 2961 932 3017 adversarios
980 2963 1250 3019 sciscitari
1300 2965 1509 3031 vellem,
1543 2982 1703 3036 quem
1756 2968 1826 3022 ad
1906 2976 1907 2979 ‘

251 3058 451 3105 statum
481 3053 742 3109 transisse
775 3064 964 3122 putent
993 3056 1156 3111 Verbi
1191 3066 1443 3112 naturam
1495 3060 1624 3113 dum
1677 3060 1827 3114 carni
1857 3074 1900 3131 ο

251 3143 415 3198 mista
444 3145 564 3200 est?
598 3148 1034 3217 quandoquidem
1072 3148 1125 3202 in
1156 3150 1335 3218 priore
1365 3160 1515 3204 certe
1546 3160 1689 3206 statu
1719 3167 1826 3206 non

252 3237 563 3305 mansisset,
615 3254 755 3293 anne
777 3239 1086 3294 commistio
1107 3238 1344 3295 Verbum
1384 3257 1414 3295 a
1445 3242 1663 3312 prapria
1691 3258 1828 3297 con-

250 3326 458 3383 ditione
489 3327 779 3397 depulerit,
802 3343 865 3382 ac
894 3343 991 3383 sua
1024 3329 1226 3384 virtute
1257 3331 1514 3385 minuerit
1568 3332 1633 3385 ad
1690 3332 1828 3387 infe-

253 3419 400 3473 riora
435 3418 779 3474 detractum?
816 3417 911 3473 Sin
945 3418 1271 3475 alterutrum
1331 3421 1487 3476 aiunt
1534 3423 1831 3493 perfectius

254 3510 591 3579 apparuisse,
626 3509 768 3565 hanc
805 3509 1023 3579 quidem
1083 3510 1474 3579 perfectionem
1526 3514 1679 3569 carni
1738 3529 1833 3582 po-

255 3603 367 3658 tius
394 3602 791 3656 attribnendam
826 3610 1142 3668 censerent;
1174 3610 1451 3658 constaret
1479 3605 1622 3659 enim
1659 3606 1831 3675 ipsam

254 3695 323 3749 ad
372 3693 768 3748 sublimiorem.
804 3701 1006 3748 statum
1042 3704 1309 3748 evectam.
1342 3694 1439 3749 Sin
1494 3709 1625 3751 vero
1675 3712 1832 3754 secus

176 3850 179 3851 ν
252 3772 361 3850 est,
396 3783 745 3853 Verbumque
774 3783 952 3853 potius
979 3785 1047 3838 ad
1082 3799 1197 3839 rem
1233 3785 1499 3839 minorem
1536 3795 1709 3842 semet
1745 3789 1832 3841 in-

256 3875 507 3939 clinavit,
537 3890 667 3929 num
727 3888 857 3929 caro
910 3872 1089 3928 Verbo
1136 3874 1343 3939 nocuit,
1391 3874 1551 3928 sicuti
1619 3883 1833 3929 nosmet

257 3976 451 4039 gravat
475 3974 665 4022 nostra
720 3965 958 4019 natura?
988 3962 1096 4018 Nos
1152 3964 1367 4019 interim
1427 3974 1575 4020 recte
1606 3965 1835 4021 dicimus

263 4058 501 4114 Verbum
557 4065 733 4113 semet
785 4056 852 4110 ad
915 4055 1347 4110 exinanitionem
1397 4056 1705 4123 demisisse,
1742 4071 1835 4110 no-

254 4157 543 4217 stramque
582 4147 812 4201 formam
843 4144 1227 4215 assumpsisse,
1254 4145 1395 4200 haud
1429 4160 1559 4200 sane
1585 4157 1643 4199 ut
1676 4146 1837 4214 quid-

255 4254 422 4311 quam
450 4239 503 4293 in
535 4254 633 4293 sua
680 4252 739 4291 se
769 4252 992 4307 passum
1024 4246 1219 4292 natura
1279 4237 1706 4304 demonstraret,
1740 4237 1834 4292 sed

248 4342 319 4386 ut
349 4344 449 4385 nos
500 4330 566 4384 de
623 4344 785 4383 carne
834 4330 1089 4400 erigeret,
1123 4329 1215 4399 qni
1272 4345 1434 4384 carne
1472 4339 1527 4384 et
1573 4329 1837 4401 sanguine

256 4420 526 4490 compacti
564 4435 775 4485 sumus,
804 4428 965 4489 atque
989 4420 1060 4473 ab
1091 4416 1326 4473 humana
1380 4420 1691 4474 conditione
1725 4420 1837 4475 ele-

254 4523 437 4578 vatos,
464 4510 553 4565 Dei
575 4512 714 4566 ﬁlios
739 4511 994 4566 eflicerct.
1023 4510 1119 4566 Sin
1154 4520 1365 4575 contra,
1391 4520 1450 4565 ut
1493 4510 1580 4566 isti
1617 4519 1834 4566 vetera-

260 4612 409 4659 tores
442 4604 613 4669 aiunt,
647 4604 989 4658 commiscuit
1047 4618 1107 4659 se
1167 4603 1321 4659 carni
1378 4602 1637 4667 Verbum,
1675 4612 1839 4673 atque

256 4695 317 4751 id
349 4695 492 4766 quod
528 4710 633 4749 non
674 4694 854 4749 fuerat
884 4694 1135 4750 eli‘ectnm
1183 4704 1293 4759 est,
1330 4696 1602 4764 quomodo
1659 4694 1835 4764 ipsum

255 4803 363 4844 sua
391 4788 654 4856 dignitate
692 4786 959 4838 minutum
989 4787 1112 4854 jure
1136 4796 1415 4854 negarent,
1439 4803 1543 4841 non
1573 4786 1835 4857 intelligo.

252 4879 346 4935 An
403 4891 531 4933 vero
579 4877 707 4932 dum
744 4874 840 4930 Dei
892 4876 1109 4931 affectat
1141 4876 1577 4944 similitudinem,
1606 4877 1836 4931 formam

333 5029 383 5065 ιδ
401 5027 449 5085 ll
472 5030 596 5087 Cor.
628 5045 683 5097 ν,
715 5029 805 5087 16.
883 5027 1107 5083 “Rom.
1141 5042 1258 5095 vm,
1291 5026 1342 5081 8.
1422 5025 1644 5083 "Joan.
1678 5042 1743 5092 lt,
1772 5029 1858 5084 l9.

335 5193 414 5264 (I)
436 5191 762 5263 Sequentem
788 5185 977 5264 Cyrilli
1006 5191 1438 5264 partemnquatn
1471 5180 1624 5262 uncis
1663 5180 1836 5235 inclu-

256 5249 465 5330 dimus,
505 5249 639 5317 mire
660 5249 1215 5330 conservavit'Graecc
1240 5249 1834 5330 Justinianusimpera-

258 5322 782 5401 torin'dogmatica
819 5328 886 5401 ad
931 5327 1225 5401 monachos
1272 5322 1673 5401 Dforiophysitas
1719 5322 1834 5401 epi-

258 5400 430 5469 stola,
466 5389 627 5470 qufm
666 5415 763 5454 nos
792 5389 1485 5470 primi‘edidimusSc‘rr‘pt.
1507 5389 1616 5470 Vvet:
1641 5399 1693 5470 ¹ι.
1719 5389 1837 5470 VII.

256 5470 345 5526 lbi
368 5460 507 5548 erigi
526 5488 579 5541 ι).
601 5470 718 5548 295
763 5460 838 5523 ita
880 5466 1076 5548 legitur
1099 5468 1127 5548 ξ’
1161 5464 1221 5517 '0
1258 5461 1541 5548 sufﬂati
1574 5460 1842 5548 Ιὲύριλλρς

257 5540 414 5595 κατὰ
431 5531 548 5594 ’ἑῶὖ
601 5531 1012 5593 Συνουσιαστὶῗιν
1055 5533 1199 5603 λέγει
1248 5532 1394 5586 τάδε’
1425 5551 1443 5603 ᾳ
1481 5532 1543 5585 Et
1578 5531 1635 5603 δὲ
1664 5531 1739 5593 ὼς
1780 5533 1839 5584 ὲν

255 5609 421 5683 euge;
440 5609 635 5683 Διὶδγρῶν
648 5606 1066 5683 μὰναμεμίχθαιη
1082 5605 1244 5683 φασξιν
1276 5602 1536 5683 ἀζιλῄλοις
1556 5602 1744 5683 ⁸σάρκα
1775 5617 1835 5683 τε

260 5624 421 5675 ταςει
453 5624 635 5683 ῡγρων
668 5624 1036 5734 αναμενὲιχυαι
1082 5624 1244 5673 φασιν
1285 5624 1536 5671 (uanam;
1566 5624 1744 5670 σαρκα
1775 5624 1835 5652 τε

260 5680 366 5735 καὶ
393 5680 571 5752 λόγον,
596 5678 711 5746 πῶς
742 5679 812 5750 ὴγ
876 5691 1014 5750 ησαν
1041 5672 1219 5752 ὅτι-τᾶ
1266 5672 1512 5744 ἀλλήλοις
1546 5670 1835 5742 ἀνακιρνά-

1918 490 2286 559 aequalitatcm
2350 482 2594 559 retinuit,
2639 496 2732 552 sed
2773 495 3067 552 humiliore
3104 496 3222 552 loco
3274 497 3500 566 depres-

1918 592 2063 647 sum,
2096 590 2299 635 naturae
2328 581 2623 653 gloriteque
2665 599 2778 639 suae
2807 584 3233 641 deminutionem
3279 600 3501 656 passum

1917 682 2000 729 est
2018 672 2042 725 ?

2205 766 2293 820 11.
2331 765 2480 821 Idem
2502 765 2731 837 Cyrillus
2765 769 2820 822 in
2845 758 3213 823 eodem'libro.

1990 877 2434 935 Molestissimum
2459 890 2543 935 est
2587 881 2816 935 tolerare
2847 882 3112 951 aliquide
3151 880 3338 936 multis
3384 895 3503 948 qua:

1921 967 2010 1023 iSll
2041 968 2228 1023 dicunt
2266 968 2518 1038 pessimis
2554 988 2568 1024 :
2612 969 2970 1038 quamobrem
3016 969 3229 1025 videtur
3276 968 3407 1022 mihi
3437 969 3503 1021 ab

1921 1061 2007 1117 his
2035 1062 2288 1117 absurdis
2316 1061 2662 1132 opinionibus
2689 1061 3075 1117 recedendum.
3104 1060 3317 1131 Ergone
3349 1075 3503 1114 com-

1922 1142 2231 1209 mistionem
2281 1153 2556 1224 fugimus?
2580 1154 2779 1223 Utique
2824 1154 3080 1209 damnum
3113 1154 3317 1222 pariter
3349 1152 3417 1205 ah
3439 1167 3501 1207 ea

1921 1254 2136 1300 scatens
2185 1245 2436 1300 vitamus.
2475 1244 2635 1299 Aliud
2678 1258 2895 1314 quoque
2952 1252 3329 1313 argumentum
3381 1257 3505 1310 pro-

1923 1334 2121 1403 ferent,
2148 1336 2328 1391 divum
2362 1336 2571 1391 scilicet
2613 1335 2835 1390 Paulum
2863 1336 2935 1389 ita
2958 1337 3285 1389 scribentem
3310 1351 3322 1387 :
3345 1352 3363 1384 ι
3390 1331 3501 1387 Etsi

1923 1427 2200 1485 Christum
2238 1430 2290 1484 in
2332 1444 2497 1485 carne
2529 1430 2795 1494 novimus,
2820 1444 2963 1483 nunc
2996 1443 3099 1483 non
3135 1428 3265 1481 item
3296 1426 3360 1478 ιδ.
3386 1445 3405 1478 ι
3446 1426 3501 1480 Si

1924 1535 2053 1591 ergo
2085 1520 2312 1576 dicimus
2340 1521 2616 1577 Christum
2661 1522 2716 1575 in
2769 1537 2932 1577 carne
2970 1520 3081 1589 jam
3118 1536 3221 1574 non
3259 1518 3502 1588 agnosci,

1925 1612 2234 1665 necessario
2263 1625 2481 1665 carnem
2511 1611 2564 1663 in
2598 1610 2762 1665 Verbi
2797 1621 3047 1664 naturam
3085 1618 3345 1663 mutatam
3366 1606 3507 1660 afﬁr-

1925 1714 2159 1764 mamus,
2201 1709 2261 1754 ut
2305 1710 2562 1769 tanquam
2615 1700 2709 1755 Dei
2775 1716 2902 1755 caro
2961 1709 3305 1770 agnoscatur.
3340 1699 3502 1767 Atqui

1925 1791 2119 1861 aliquis
2150 1790 2331 1845 forsan
2350 1791 2415 1845 ad
2439 1791 2554 1845 haec
2576 1791 2724 1847 illico
2748 1794 3097 1860 responderet
3123 1806 3138 1846 :
3165 1789 3505 1859 nnh‘i‘Paulus

1925 1884 2144 1938 cum'de
2174 1884 2329 1938 nobis
2365 1884 2544 1940 aiebat
2582 1901 2596 1938 :
2634 1902 2652 1935 ι
2688 1883 2789 1951 Qui
2831 1885 2882 1937 in
2913 1897 3085 1939 carne
3118 1892 3263 1950 sunt,
3291 1873 3507 1952 placere

1924 1975 2034 2032 Deo
2060 1985 2369 2047 nequeunt;
2408 1990 2504 2032 vos
2540 1987 2720 2031 tamen
2751 1978 2894 2032 haud
2924 1978 2974 2031 iu
3003 1990 3168 2031 carne
3185 1975 3505 2040 versamini,

1923 2068 2017 2125 sed
2046 2069 2098 2123 in
2127 2068 2318 2139 spiritu
2340 2069 2405 2134 ",
2428 2087 2446 2120 ›
2475 2084 2564 2133 an,
2595 2069 2836 2138 inquam,
2864 2084 3027 2124 carne
3049 2082 3149 2124 nos
3170 2078 3222 2123 et
3246 2067 3512 2136 sanguine

1923 2173 2113 2215 carere
2163 2160 2532 2228 cognoverat?
2583 2160 2725 2229 Ergo
2760 2160 2865 2214 hoc
2901 2160 2969 2214 de
3008 2158 3349 2227 incorporeis
3397 2156 3510 2226 Spi-

1928 2250 2123 2305 ritibus
2165 2250 2323 2303 dixit.
2354 2249 2529 2305 Porro
2584 2251 2773 2319 quidni
2811 2249 3066 2305 stolidum
3099 2245 3511 2302 detestandum-

1924 2355 2032 2409 que
2058 2342 2152 2403 sit,
2178 2341 2226 2394 si
2255 2341 2377 2407 quis
2401 2353 2643 2405 carnem,
2675 2340 2726 2393 id
2757 2347 2840 2394 est
2875 2339 3057 2393 carnis
3100 2336 3378 2406 passiones
3397 2321 3514 2391 'Do-

1925 2432 2075 2486 mino
2125 2431 2419 2486 attribuat?
2469 2432 2730 2486 Servatur
2776 2431 2921 2485 enim
2967 2429 3211 2484 omnium
3261 2427 3512 2481 Christus

1926 2522 2309 2578 immaculatus
2365 2530 2469 2588 est,
2524 2531 2686 2589 atque
2743 2520 2892 2576 omni
2943 2518 3200 2590 peccandi
3255 2518 3513 2573 facultate

1926 2630 2141 2672 carens.
2166 2615 2298 2669 Cum
2323 2624 2504 2669 autem
2533 2614 2577 2668 si
2600 2613 2799 2668 dicitur
2824 2612 2879 2666 in
2915 2626 3079 2667 carne
3108 2626 3215 2666 non
3234 2609 3510 2680 cognosci,

1929 2704 2338 2775 intelligendum
2385 2712 2468 2761 est
2497 2720 2620 2760 cum
2647 2704 2701 2758 in
2755 2702 3170 2759 infirn'iitatibus
3196 2700 3377 2756 carnis
3400 2699 3511 2770 jam

1928 2814 2034 2855 non
2058 2798 2334 2869 cognosci.

2198 2888 2285 2943 12.
2325 2885 2477 2942 Idem
2511 2885 2742 2957 Cyrillus
2771 2888 2824 2941 iu
2852 2886 3031 2941 eodem
3065 2885 3221 2941 libro.

2002 3002 2277 3072 Jejunavit
2331 3002 2517 3073 igitur,
2549 3002 2765 3067 esuriit,
2823 3002 2986 3071 longo
3044 2992 3241 3056 itinere
3280 3000 3517 3055 lassatus

1933 3105 2037 3160 est,
2070 3096 2306 3162 itemque
2361 3091 2511 3147 cruci
2570 3090 2711 3147 fixus
2766 3091 3134 3160 obiit:atque
3181 3091 3299 3145 haec
3333 3090 3516 3143 omnia

1931 3199 2219 3256 perpessus
2241 3193 2346 3250 est,
2370 3182 2514 3238 haud
2540 3192 2718 3237 tamen
2746 3182 2799 3235 in
2830 3182 3049 3236 deitatis
3084 3192 3273 3235 natura
3300 3180 3518 3251 (neque

1932 3279 2077 3334 enim
2106 3277 2393 3348 imaginari
2435 3277 2563 3331 licet
2587 3275 2901 3346 passibilem
2933 3289 3055 3329 esse
3085 3274 3319 3328 divinam
3351 3281 3513 3326 natu-

1935 3367 2112 3439 ram),
2146 3369 2241 3423 sed
2278 3367 2335 3422 in
2381 3381 2547 3422 carne
2571 3382 2668 3421 sua
2700 3366 2901 3437 potius.
2933 3365 3052 3420 Jam
3089 3379 3211 3418 cum
3243 3364 3358 3433 ipse
3406 3362 3517 3416 vita

1934 3458 2006 3515 sit
2040 3465 2381 3526 mortemque
2411 3456 2730 3533 calcaverit,
2758 3457 3050 3510 humanam
3079 3454 3237 3508 nobis
3270 3460 3517 3506 naturam

1934 3550 2001 3605 ad
2028 3547 2594 3618 incorruptibilitatem
2621 3546 2901 3615 vitamque
2929 3541 3369 3612 renovavit.lpse
3386 3556 3517 3595 vero

1935 3657 2079 3698 nunc
2130 3640 2277 3695 omni
2308 3640 2545 3694 humana
2596 3638 2914 3692 infirmitate
2945 3649 3132 3692 carere
3162 3633 3517 3703 conspicitur,

1935 3734 2098 3789 sicuti
2124 3741 2272 3788 recte
2303 3733 2507 3787 dictum
2532 3731 2665 3789 fuit:
2691 3745 2890 3798 nempe
2933 3730 2986 3782 in
3013 3741 3175 3782 carne
3199 3741 3303 3779 non
3326 3740 3520 3793 cogno-

1937 3824 2127 3888 scitur,
2157 3823 2207 3876 id
2227 3830 2308 3876 est
2330 3822 2384 3876 in
2405 3820 2587 3877 carnis
2609 3820 2947 3883 inﬁrmitate,
2969 3828 3025 3871 ut
3045 3816 3119 3871 ait
3140 3814 3520 3885 mysteriorum

1936 3915 2056 3986 ejus
2086 3913 2357 3967 minister.

2214 4004 2302 4060 15.
2338 4003 2489 4058 Idem
2516 4001 2747 4073 (ἔνι-ἕηκε
2776 4002 2831 4056 in
2855 4003 3036 4061 eodem
3081 4000 3238 4054 libro.

2009 4119 2145 4175 Cum
2180 4126 2365 4171 autem
2425 4124 2679 4181 mortem,
2702 4114 2876 4169 nostri
2912 4127 3101 4177 causa,
3133 4111 3185 4166 in
3235 4122 3398 4163 carne
3428 4124 3524 4178 gu-

1940 4219 2158 4279 stasset,
2187 4208 2391 4280 pariter
2431 4221 2555 4263 cum
2590 4220 2819 4276 corpore
2852 4204 3120 4260 ascendit.
3161 4202 3405 4270 Cumque
3426 4198 3524 4253 Ju-

1942 4306 2181 4360 dteorum
2234 4302 2405 4358 turbae
2455 4298 2839 4368 praedixisset:
2872 4315 2892 4349 ‹
2939 4294 3216 4350 Destruite
3266 4290 3523 4360 templunt

1869 4396 2060 4460 Dhoc,
2109 4404 2162 4450 et
2215 4394 2387 4447 tribus
2440 4390 2632 4445 diebus
2683 4404 2873 4445 rursus
2923 4389 3128 4455 erigam
3164 4385 3239 4451 ¹⁶;
3279 4403 3297 4435 ι
3336 4396 3522 4437 revera

1948 4495 2312 4543 restauratum
2362 4494 2449 4537 est
2493 4484 2635 4552 quod
2682 4481 2859 4537 fuerat
2909 4481 3269 4534 destructum.
3298 4475 3523 4529 Destru-

1938 4589 2080 4633 ctam
2097 4592 2225 4633 vero
2242 4590 2462 4631 carnem
2488 4572 2743 4637 dicimus,
2770 4588 2875 4628 non
2896 4570 3057 4626 Verbi
3083 4579 3355 4631 naturam,
3380 4565 3525 4634 quod

1941 4670 2056 4725 fieri
2082 4668 2289 4739 nequit.

2225 4759 2312 4813 14.
2350 4758 2502 4811 Idem
2530 4755 2758 4825 (ἕξιν-ἕηκε
2783 4755 2836 4806 in
2871 4752 3050 4806 eodem
3076 4750 3231 4804 libro.

2011 4872 2131 4926 Jam
2156 4886 2279 4926 cum
2312 4867 2571 4939 apostolis
2600 4868 2715 4938 ipse
2744 4864 3225 4922 noster’Salvator
3270 4862 3526 4919 Christus

1991 5196 2085 5233 ενα
2114 5178 2229 5251 τῶνξ
2266 5173 2636 5251 ὑγρῶνζοῐνᾳς
2676 5179 2810 5251 φέρε
2852 5180 3031 5251 εἰπεῖν
3056 5178 3151 5251 καὶ.
3188 5178 3331 5251 μέλι,
3364 5176 3392 5231 ὃ
3423 5179 3522 5251 μὲν

1991 5196 2085 5233 ενα
2114 5196 2223 5231 των
2266 5196 2477 5248 υγρων,
2494 5196 2636 5244 οινος
2676 5196 2810 5251 φερε
2852 5196 3031 5235 ειπειν
3056 5196 3151 5233 και
3188 5196 3331 5250 item,
3364 5196 3392 5231 ο
3423 5196 3521 5248 μεν

1941 5196 2103 5321 ἔσαν,
2135 5249 2242 5322 sic).
2268 5248 2525 5322 καθαρῶς
2547 5249 2764 5322 οὐκέτι.
2781 5250 3081 5322 προσλήψει
3102 5249 3164 5322 ⁸δὲ.
3197 5249 3396 5319 μᾶλλον
3422 5248 3521 5322 τῆς

1941 5318 2270 5394 ἐξέροςιδοῢς
2300 5318 2602 5394 ποιόξηςος,
2634 5322 2715 5384 εἰς
2742 5318 2927 5394 Erepde
2952 5318 3372 5394 rtusﬂio'tamt;
3396 5319 3521 5394 ορκτ

1947 5388 2043 5443 οῦκ)
2072 5391 2120 5461 ei
2170 5388 2578 5461 συγκεκρᾶσθαί
2598 5406 2731 5461 φασι
2750 5388 2999 5461 τῷλόγῳ
3014 5388 3112 5461 ’ἑὴν
3139 5390 3336 5460 σάρκα,
3369 5389 3521 5443 πᾶσά

1948 5475 2065 5539 περς
2097 5443 2309 5541 ἁνάῖὶςη
2339 5443 2514 5548 λέγεεν
2543 5443 3358 5548 ὲκξιτξροκξτῶὲξῶνοξξαξιὶἐνῴν
3387 5461 3513 5548 (ξιπο-

1947 5528 2141 5596 στῆναι
2174 5523 2273 5598 μὲν
2297 5523 2571 5581 ιεοῡέἴναι
2611 5528 2640 5582 ὂ
2666 5523 2757 5601 ἦε),
2786 5529 2845 5584 ἓν
2887 5531 2943 5585 δέ
2972 5548 3024 5585 τι
3051 5523 3111 5584 ib
3143 5523 3344 5614 ἀμφελίν
3383 5531 3520 5585 ἁπο-

1941 5598 2160 5676 ςεεὶξέσαι
2196 5597 2380 5676 μέᾳογ,
2431 5600 2869 5676 ὲςεεροφυέςβου
2914 5601 3214 5673 πάντως,ἢ
3267 5602 3404 5672 ὅπερ
3454 5595 3518 5669 ἦν

1942 5667 2207 5740 ἑκάτερον
2254 5668 2358 5725 ἀνὰ
2404 5667 2606 5741 μέρός.
2620 5689 2639 5724 ι
