3952 6200
394 220 539 275 “35

394 443 697 500 manusque
756 431 1071 496 habentem,
1121 447 1288 501 seque
1347 445 1453 484 non
1533 444 1655 484 esse
1715 427 1969 498 spiritum

395 522 680 578 manifeste
704 523 1155 579 demonstraverit
1181 540 1196 590 ;
1220 510 1444 592 curjar'n
1479 521 1765 589 quisquam
1792 517 1974 587 suspi-

397 623 555 665 cetur
589 625 807 667 carnem
857 629 979 669 esse
1025 623 1285 668 mutatam
1322 613 1375 666 in
1415 612 1636 666 deitatis
1693 615 1972 673 naturam,

400 717 579 770 neque
610 703 815 773 aliquid
844 719 1079 773 passam,
1117 719 1293 772 neque
1336 704 1664 758 destructam
1719 709 1973 766 mortem,

402 809 527 847 cum
569 794 621 847 in
677 796 843 849 vitam
885 805 1007 864 post
1076 797 1296 849 tertium
1343 795 1483 849 diem
1531 793 1713 859 rediit,
1756 791 1978 861 suisque

400 886 679 957 discipulis
710 888 1062 956 conspicuum
1091 901 1150 942 se
1176 885 1342 942 fecit?

680 1021 766 1075 15.
811 1021 958 1076 Idem
988 1021 1219 1094 Cyrillus
1243 1022 1299 1076 in
1323 1023 1501 1077 eodem
1534 1020 1690 1076 libro.

478 1152 609 1220 Quis
632 1163 940 1210 sanctorum
976 1155 1194 1211 Patrum
1218 1157 1333 1211 lucc
1355 1166 1463 1210 tam
1488 1156 1617 1209 dura
1637 1155 1902 1224 praedixit,
1927 1164 1984 1211 et

402 1242 887 1311 impossibilia,nec
908 1246 1073 1300 hilum
1098 1248 1340 1302 veritatis
1364 1245 1652 1300 habentia?
1688 1244 1819 1311 Quis
1860 1260 1987 1314 apo-

404 1331 660 1385 stolorutn
674 1343 768 1387 aut
782 1336 1227 1403 evangelistarum
1248 1337 1406 1392 verba
1425 1335 1726 1405 hujusmodi
1743 1335 1988 1403 protulit?

405 1421 653 1477 Profecto
694 1440 873 1479 nemo.
911 1425 1323 1480 Confundanlur
1359 1427 1540 1495 itaque
1581 1424 1672 1494 qui
1714 1440 1782 1479 ex
1826 1425 1988 1480 corde

407 1525 523 1573 suo,
556 1525 660 1565 non
677 1527 744 1566 ex
763 1514 970 1567 Domini
996 1530 1091 1568 ore
1114 1515 1425 1583 loquuntur,
1456 1515 1528 1569 uti
1547 1515 1805 1583 scriptum
1824 1515 1986 1569 est”.

479 1599 586 1655 Nos
615 1613 791 1657 autem
812 1604 1146 1659 orthodoxiae
1182 1605 1388 1675 legibus
1409 1605 1638 1675 subjecti
1662 1643 1677 1668 ,
1712 1619 1847 1673 quas,
1876 1614 1986 1659 tam

1395 223 1454 280 S.
1496 221 1766 279 CYRILLI
1805 217 2271 276 ALEXANDRINI
2304 219 2627 277 ARCHIEP.

392 340 726 409 persuaserit
757 353 817 395 se
849 339 918 393 de
957 349 1143 396 morte
1169 325 1516 406 suscitatum,
1546 353 1765 394 carnem
1796 338 1960 405 pedes
1989 340 2037 397 A

3523 207 3677 267 1456

2322 337 2410 395 l8.
2461 337 2612 392 Idem
2656 335 2887 407 Cyrillus
2931 335 2989 389 in
3022 322 3199 387 eodem
3237 329 3413 420 libro:

2151 448 2259 504 Sed
2300 425 2590 505 Diodorum
2636 462 2849 519 quoque
2882 446 3184 501 audiamus.
3222 442 3321 497 Sin
3353 455 3490 496 vero
3521 450 3585 497 tu
3622 440 3683 496 id

2080 540 2219 596 dicis
2248 542 2316 597 de
2339 540 2640 605 Nazarene,
2666 555 2858 608 nempe
2880 538 2921 593 si
2943 537 3214 592 hominem
3236 533 3478 603 appellas
3499 533 3685 599 hunc,

2079 635 2170 700 qui
2194 643 2501 703 assumptus
2524 630 2648 698 fuit,
2673 631 2900 686 ostende
2928 628 3106 693 nobis,
3133 627 3263 679 nihil
3289 624 3685 687 dissimulans,

2081 733 2359 779 externam
2384 739 2691 795 personam;
2717 733 2970 791 tuamque
2992 721 3192 789 diserte
3220 720 3548 772 sententiam
3576 732 3687 770 ex—

2080 829 2243 885 pOne,
2281 830 2454 883 neque
2490 830 2714 870 carnem
2748 814 3038 868 inanimem
3076 814 3244 866 dicas.
3270 838 3342 850 —
3375 809 3539 874 Atqui
3566 822 3685 860 au-

2086 906 2297 962 dientes
2318 916 2371 961 tu
2396 906 2583 962 fallere
2604 917 2781 976 putas,
2813 905 2937 974 quia
2957 912 3269 958 constanter
3300 916 3397 955 nos
3426 899 3688 952 affirma—

2085 998 2262 1052 vimus
2307 1011 2525 1052 carnem
2560 1011 2659 1065 pro
2685 1010 2781 1049 sua
2820 995 3029 1049 ratione
3066 1008 3129 1048 ac
3166 1002 3356 1045 natura
3383 989 3618 1065 differre
3645 1004 3679 1040 a

2084 1086 2284 1155 Verbo,
2323 1088 2464 1158 quod
2515 1087 2583 1141 de
2619 1085 2728 1140 Deo
2753 1085 2911 1141 Patre
2939 1093 3121 1140 natum
3161 1091 3266 1138 est.
3312 1081 3441 1136 Haec
3488 1090 3683 1133 tamen

2083 1179 2301 1250 propria
2318 1180 2431 1249 ejus
2448 1194 2578 1235 caro
2606 1177 2707 1233 fuit
2732 1187 2951 1250 propter
2988 1175 3402 1248 inseparabilem
3439 1172 3686 1242 conjun-

2085 1270 2340 1325 ctionem.

2368 1383 2457 1440 19.
2505 1381 2652 1438 Idem
2681 1381 2910 1452 Cyrillus
2935 1381 2991 1434 in
3015 1381 3194 1435 eodem
3226 1379 3383 1433 libro.

2160 1494 2274 1550 lmo
2299 1496 2479 1565 potius
2502 1506 2645 1549 unus
2678 1494 2927 1562 idemque
2960 1474 3135 1546 Filius
3155 1496 3256 1553 est,
3291 1498 3349 1541 ut
3379 1486 3683 1563 perspicue

2091 1587 2457 1657 cognoscitur,
2479 1586 2546 1641 de
2562 1583 2859 1639 substantia
2883 1581 2979 1637 Dei
3005 1580 3186 1634 Patris
3208 1578 3501 1632 secundum
3528 1575 3681 1628 divi-

411 1690 693 1760 diligcnter
726 1693 958 1747 stabilita
989 1694 1107 1758 fuit,
1133 1664 1404 1749 sectandae
1421 1664 1745 1749 san'ctorum-
1767 1693 1987 1748 Patrum
2018 1710 2064 1769 Β
2093 1677 2342 1741 ﬁnalem,
2366 1686 2419 1731 θι
2438 1692 2507 1769 ἐκ
2530 1673 2999 1769 ηοὺίεμείξςυηάυηι
3025 1669 3423 1769 humillime}?
3454 1664 3680 1769 “mee

413 1792 574 1836 recta:
597 1783 851 1837 doctrina:
864 1798 1080 1853 operam
1103 1786 1311 1848 demus;
1330 1800 1501 1853 neque
1524 1786 1678 1839 vanis
1697 1783 1994 1839 vociferan-

413 1874 546 1926 tium
564 1872 966 1938 nonnullornm,
990 1875 1080 1942 qui
1104 1874 1235 1928 nihil
1260 1876 1582 1943 intelligunt,
1603 1874 1761 1929 dictis
1784 1873 1997 1928 auscul-

416 1974 611 2027 temus,
630 1962 698 2015 ita
717 1973 771 2016 ut
790 1979 907 2032 qua:
921 1964 1138 2019 minime
1154 1966 1341 2021 decent
1361 1968 1644 2035 opinemur
1660 1985 1673 2020 :
1691 1967 1784 2022 sed
1800 1967 1997 2037 ubique

416 2053 630 2106 veritati
664 2052 1022 2119 adhrerentes,
1063 2065 1406 2125 mentemque
1442 2072 1716 2111 sacrarum
1749 2058 1997 2127 Scriptu-

419 2158 600 2196 rarum
625 2145 861 2199 oraculis
884 2145 1249 2214 iutendentes,
1282 2148 1526 2203 dicamus
1554 2148 1763 2203 Domini
1780 2163 1998 2203 carnem

420 2234 755 2304 intelligente
780 2236 959 2290 anima
986 2251 1107 2291 esse
1126 2238 1492 2304 informatam,
1515 2254 1742 2309 eamque
1764 2239 1998 2294 divinam

421 2327 724 2391 credamus,
754 2326 1172 2397 immaculatam,
1202 2330 1520 2401 gloriosam,
1542 2332 1768 2402 ideoque
1794 2341 1846 2385 et
1865 2332 2002 2388 alios

423 2415 786 2471 vivificantem
832 2431 895 2470 ac
941 2419 1391 2483 sanctificantem,
1435 2429 1616 2490 utpote
1669 2437 1788 2491 qua;
1839 2422 2002 2477 Verbi

421 2507 641 2577 propria
670 2506 791 2572 fuit,
821 2523 849 2562 a
874 2496 987 2577 Deo
1010 2507 1171 2566 Patre
1197 2521 1249 2566 et
1278 2527 1381 2565 non
1409 2512 1623 2566 aliunde
1644 2513 1830 2583 geniti;
1857 2528 2005 2567 eam-

423 2615 531 2668 que
577 2615 851 2671 nunquam
881 2615 1099 2656 carnem
1138 2603 1191 2657 in
1227 2612 1472 2657 naturam
1501 2604 1714 2659 deitatis
1743 2612 2002 2659 mutatam

424 2689 771 2745 aliirmemus.

428 2798 515 2853 16.
544 2799 770 2854 Sanetus
792 2799 1028 2856 Curillus
1056 2802 1107 2853 in
1124 2801 1255 2855 libro
1269 2802 1518 2855 adversus
1539 2799 1829 2854 Diodorum
1854 2799 2008 2854 Tarsi

503 2840 515 2853 .
544 2817 770 2854 animus
792 2817 830 2856 t.
876 2817 1028 2855 riuus
1056 2817 1255 2855 mtwro
1269 2817 1518 2855 adversus
1539 2817 1829 2854 manorum
1856 2817 1880 2853 1
1898 2817 2005 2854 arsi

497 2870 794 2938 episcopum
818 2817 917 2938 (ἴ),
967 2870 1059 2939 qui
1088 2872 1309 2934 incipit:
1346 2889 1364 2920 ι
1392 2871 1525 2923 Ante
1575 2872 1751 2923 omrtia
1797 2866 2005 2934 deritos,

496 2954 653 3017 quam
683 2940 811 2992 nihil
838 2941 1101 3010 coarguit,
1130 2956 1324 3008 nosque
1353 2940 1456 3009 ipsi
1479 2948 1614 2993 recte
1640 2940 1704 2993 de
1736 2939 1831 2994 illa
1862 2940 2007 3009 loqui

498 3024 754 3063 novimus.
794 3027 814 3060 ι

501 3140 698 3209 Quidni
743 3142 1029 3212 oportebat
1061 3141 1129 3195 ab
1154 3155 1220 3197 eo
1254 3141 1433 3211 potius
1463 3141 1843 3208 demonstrari,
1879 3140 2009 3210 quid

431 3233 574 3288 inter
600 3234 781 3287 carnis
814 3241 867 3287 et
896 3232 1117 3288 deitatis
1137 3233 1394 3287 attributa
1417 3233 1673 3305 intersit?
1702 3234 1803 3287 Aio
1827 3231 2008 3300 igitur,

433 3319 488 3376 ln
514 3322 738 3392 singulis
759 3337 927 3392 nuper
950 3322 1241 3376 nominatis
1265 3322 1444 3387 rebus,
1471 3322 1583 3377 sive
1607 3322 1881 3391 corporeis
1898 3321 2011 3374 sive

435 3427 611 3475 secus,
639 3422 855 3466 carnem
902 3427 1022 3467 esse
1063 3428 1182 3481 quae
1215 3413 1282 3467 de
1306 3414 1540 3468 humana
1589 3413 1756 3466 forma
1797 3421 2010 3480 sumpta

436 3502 569 3569 fuit;
590 3501 818 3555 Verbum
845 3511 1029 3555 autem
1054 3501 1195 3570 quod
1222 3517 1251 3556 e
1274 3503 1447 3557 Patris
1467 3502 1762 3557 substantia
1793 3502 2008 3570 prodiit.

438 3591 601 3647 llaud
628 3591 832 3646 idcirco
870 3584 1048 3645 tamen
1097 3591 1412 3657 dividendus
1448 3594 1502 3646 in
1536 3593 1671 3648 duos
1700 3602 1785 3647 est
1820 3590 2012 3646 unicus

439 3682 530 3739 ille
557 3691 740 3739 noster
763 3681 1023 3737 Dominus
1056 3679 1215 3737 Iesus
1237 3681 1505 3738 Christus.
1576 3709 1580 3712 ‹

715 3818 802 3872 17.
861 3816 1005 3870 Idem
1034 3815 1262 3887 Cyrillus
1291 3819 1346 3872 in
1374 3818 1553 3872 eodem
1580 3817 1735 3872 libro.

515 3952 755 4008 Dicimus
795 3954 1010 4009 Domini
1050 3968 1268 4008 carnem
1318 3953 1496 4006 anima
1535 3951 1861 4021 intelligente
1896 3964 2017 4005 esse

446 4043 763 4102 animalem.
801 4046 956 4116 Saepe
982 4060 1080 4100 nos
1111 4045 1214 4101 hoc
1243 4044 1508 4109 diximus,
1546 4052 1602 4098 et
1637 4058 1782 4099 nunc
1807 4056 2018 4113 quoque

445 4147 561 4190 rem
593 4136 666 4190 ita
694 4151 755 4193 se
782 4137 985 4194 habere
1013 4136 1190 4209 denuo
1212 4135 1558 4191 adirmamus.

524 4285 566 4316 ”
590 4284 792 4341 Jerem.
824 4303 1018 4355 nam,
1054 4287 1141 4342 16.

2093 1769 2257 1822 etiam
2301 1767 2586 1837 propheta,
2629 1765 2706 1819 uti
2750 1764 2978 1833 Moyses,
3020 1759 3307 1829 appellatus
3335 1757 3456 1817 fuit,
3496 1755 3675 1807 item-

2095 1873 2202 1928 que
2217 1857 2282 1912 de
2303 1861 2471 1926 stirpe
2497 1855 2730 1910 Davidis.
2756 1853 2939 1922 Neque
2962 1850 3079 1925 ejus
3102 1862 3362 1919 agnomen
3383 1859 3673 1899 removea-

2096 1963 2249 2013 mus;
2287 1962 2409 2001 nam
2442 1945 2855 2016 dispensationis
2881 1944 2998 2013 ejus
3021 1944 3273 1997 virtutem
3296 1937 3685 2001 rationemque

2097 2042 2230 2098 satis
2270 2041 2538 2095 novimus.
2586 2038 2771 2108 Neque
2805 2037 3022 2108 pr0prie
3067 2035 3320 2104 templum
3358 2030 3487 2095 luit,
3530 2027 3676 2095 quod

2099 2132 2294 2186 attinet
2323 2131 2390 2185 ad
2417 2130 2535 2200 ejus
2555 2139 2828 2193 naturam;
2859 2127 3061 2182 etenim
3086 2124 3250 2178 Deum
3285 2136 3408 2176 esse
3429 2126 3673 2188 apparet.

2099 2223 2252 2291 Quod
2284 2224 2327 2278 si
2355 2223 2550 2277 animai
2573 2237 2601 2275 a
2629 2235 2856 2291 corpore
2870 2234 2968 2274 suo
2986 2216 3381 2288 separationem
3407 2210 3678 2282 permisit,

2101 2322 2349 2383 separata
2377 2312 2726 2368 nihilominus
2745 2312 2813 2366 ad
2837 2326 2961 2366 eum
2986 2308 3316 2378 pertinebat,
3346 2303 3493 2357 haud
3520 2313 3681 2355 secus

2101 2421 2262 2476 quam
2292 2404 2517 2475 singulis
2541 2405 2694 2459 nobis
2715 2403 2992 2474 proprium
3024 2413 3243 2468 corpus.

2105 2536 2193 2590 20.
2234 2534 2383 2589 Idem
2408 2535 2642 2605 Cyrillus
2673 2536 2727 2587 in
2763 2534 2938 2605 eodem
2975 2532 3125 2605 libro.
3167 2529 3379 2605 (Exstat
3410 2527 3503 2605 ‘Itic
3534 2525 3683 2605 locus

2176 2610 2331 2659 etiam
2360 2599 2498 2672 apud
2529 2604 2771 2672 Severum
2804 2599 3185 2672 Antiochenam
3203 2604 3259 2654 in
3286 2613 3437 2667 opere
3463 2599 3678 2659 inedita,

2177 2677 2314 2745 quod
2349 2670 2655 2727 inscribitur
2692 2670 3068 2738 Pbilalethes.)
3454 2700 3469 2703 -

2182 2809 2463 2880 Proprium
2485 2816 2566 2863 est
2589 2808 2770 2877 itaque
2791 2807 2985 2862 divina:
3011 2814 3236 2869 naturae,
3264 2812 3320 2858 ut
3349 2811 3469 2857 ante
3491 2803 3681 2856 omnia

2111 2895 2302 2951 smcula
2329 2894 2420 2949 sit.
2455 2892 2731 2947 Peculiare
2762 2892 2966 2960 pariter
2991 2889 3155 2945 Verbi
3185 2886 3420 2956 ejusdem
3454 2887 3588 2951 fuit,
3620 2894 3683 2940 ut

2112 2986 2401 3056 postremis
2439 2984 2769 3053 temporibus
2811 2996 2978 3036 carne
3018 2980 3299 3051 prmditum
3344 2989 3685 3032 nasceretur.

2111 3079 2279 3133 Porro
2303 3075 2555 3130 nativitas
2576 3074 2692 3143 ejus
2714 3076 2779 3128 de
2798 3072 3044 3143 Virgine,
3071 3086 3232 3126 causa
3252 3068 3416 3123 Verbo
3435 3084 3541 3121 non
3567 3066 3683 3122 fuit

2110 3166 2426 3229 exsistendi,
2446 3165 2539 3218 sed
2551 3163 2666 3233 ejus
2689 3162 2742 3216 in
2761 3176 2925 3217 carne
2947 3157 3401 3214 manifestationis.
3415 3155 3682 3210 Perfecto

2113 3273 2218 3312 non
2253 3266 2338 3311 est
2369 3254 2602 3310 Verbum
2634 3253 2864 3309 mortale
2890 3254 2957 3307 de
2988 3250 3221 3314 mortali,
3249 3250 3335 3305 sed
3363 3248 3425 3303 de
3451 3248 3688 3302 vivente

2111 3348 2274 3403 Patre
2298 3348 2515 3402 vivens:
2539 3345 2922 3415 propriumque
2938 3344 3107 3413 ipsius
3126 3342 3314 3404 evasit,
3338 3342 3425 3410 qui
3445 3341 3554 3393 vita
3576 3348 3690 3404 est,

2116 3432 2340 3487 mortale
2359 3447 2554 3502 corpus
2575 3433 2641 3485 de
2663 3432 2872 3486 mortali
2891 3444 3097 3496 natum,
3117 3440 3171 3484 et
3186 3431 3342 3483 morti
3366 3429 3684 3483 obnoxium:

2118 3528 2178 3573 ut
2210 3519 2265 3573 in
2296 3519 2384 3574 illo
2412 3533 2534 3573 cum
2568 3529 2742 3574 morte
2758 3519 3085 3589 conﬂigens,
3120 3528 3174 3573 et
3194 3533 3226 3572 e
3245 3519 3470 3574 mortuis
3497 3533 3689 3573 resur-

2118 3624 2280 3679 gens,
2333 3609 2388 3664 in
2432 3611 3000 3680 incorruptibilitatem
3049 3611 3102 3665 id
3142 3612 3315 3681 ipsum
3359 3611 3696 3679 vindicaret,

2119 3699 2390 3770 mortique
2425 3702 2673 3774 superius
2703 3702 3130 3769 demonstraret,
3164 3703 3379 3758 etiamsi
3412 3704 3467 3757 id
3497 3712 3692 3757 natura

2122 3808 2218 3848 sua
2262 3794 2315 3848 in
2358 3795 2545 3849 mortis
2583 3796 2850 3864 mancipio
2886 3804 3024 3850 erat.
3067 3796 3350 3852 Debilitata
3389 3804 3475 3850 est
3516 3804 3696 3849 autem

2120 3897 2269 3939 mors
2296 3896 2364 3938 ex
2393 3899 2501 3953 quo
2531 3899 2655 3938 cum
2693 3885 2819 3939 vita!
2849 3900 3075 3955 corpore
3105 3886 3351 3955 praelium
3392 3886 3699 3941 conseruit.

2396 4020 2488 4073 21.
2535 4017 2684 4074 Idem
2709 4018 2936 4090 Cyrillus
2961 4037 3015 4075 τη
3038 4027 3215 4077 eodem
3237 4022 3392 4079 libro.

2194 4131 2349 4187 Nunc
2367 4129 2623 4197 breviter,
2653 4132 2697 4188 si
2723 4132 2920 4203 placet,
2946 4134 3404 4204 transgredientes
3426 4134 3499 4188 ad
3518 4132 3701 4190 consi-

527 4467 916 4543 (l_)_Liberattis
935 4466 1277 4543 diaconusin
1307 4466 1600 4543 Breuiario,
1629 4480 1750 4543 cap.
1782 4464 1871 4543 ρο,
1896 4465 2013 4520 sic:
2047 4467 2093 4523 Ι)
2121 4480 2205 4543 In,
2233 4464 2646 4543 _6._recit_atum,
2671 4480 2699 4518 a
2728 4466 2930 4543 nostris
2960 4465 3045 4520 his
3079 4465 3316 4543 differre.
3345 4465 3549 4543 Contra
3580 4468 3716 4543 Dio-

456 4534 692 4610 Cyrillus
751 4548 857 4591 tres
903 4538 1110 4659 scripsit
1150 4535 1309 4588 libros
1362 4538 1612 4588 adversus
1658 4534 1940 4587 Diodorum
1970 4543 2019 4588 et

457 4611 807 4659 Theodorum.
832 4607 986 4659 auasi
1070 4604 1321 4659 estoriani
1343 4604 1597 4659 doamatis
1623 4612 1885 4656 auctores.
1906 4604 2019 4656 Alia

457 4604 807 4671 Theodorum,
832 4607 986 4675 quasi
1008 4604 1321 4675 Nestoriam'
1343 4604 1597 4675 dogmatis
1623 4612 1885 4675 auctores.
1906 4604 2022 4675 Alia

460 4690 707 4735 veterum
743 4670 811 4732 de
845 4670 946 4731 hac
1003 4689 1063 4729 re
1114 4670 1427 4728 teStimonia
1477 4671 1690 4742 collegit
1742 4670 2025 4726 Fabricius

458 4749 514 4804 iu
549 4748 616 4802 Β.
648 4746 741 4801 Gr.
768 4747 855 4801 ed.
887 4760 1009 4799 nov.
1032 4754 1071 4797 t.
1098 4743 1190 4807 IX,
1215 4758 1267 4811 p.
1296 4743 1422 4805 495,
1443 4756 1561 4810 quae
1583 4742 1859 4795 cumulare
1890 4757 2027 4809 opus

459 4833 568 4871 non
594 4825 700 4880 est,
722 4816 1023 4884 praesertim
1050 4814 1174 4882 quia
1201 4829 1305 4868 non
1321 4816 1500 4884 ipauca
1524 4813 1734 4884 illorum
1763 4811 2024 4884 librorum

461 4880 762 4957 fragmenta
791 4887 857 4957 in
902 4880 1087 4957 quinta
1119 4882 1356 4952 generali
1375 4882 1580 4957 synodo
1597 4880 1784 4957 collat.
1814 4894 1851 4957 _v
1884 4882 2025 4935 reci-

466 4948 679 5020 tan'tur;
711 4948 1046 5024 quibus'alia
1066 4948 1207 5024 nova
1244 4948 1641 5024 nuuc'anobis
1667 4948 1933 5024 accedunt
1958 4965 2026 5003 ex

467 5026 707 5095 Syriacis
719 5020 1057 5095 bibliotheca
1064 5022 1344 5095 Vaticana;
1359 5020 1829 5095 codici_bus__eruta.
1849 5020 2030 5095 Quare

470 5088 671 5149 frustra
716 5103 801 5148 est
843 5091 1128 5148 Facundos
1164 5089 1567 5145 Hermianensis
1618 5088 1714 5145 lib.
1748 5102 1866 5152 vm,
1888 5088 1943 5151 6,
1976 5096 2032 5143 et

468 5165 622 5226 alibi,
653 5164 780 5217 dum
804 5162 870 5217 de
886 5160 1070 5231 Cyrilli
1103 5160 1253 5214 libris
1277 5166 1465 5231 contra
1491 5157 1836 5231 Theodorum
1869 5158 2027 5212 dubi-

476 5242 591 5288 tare
616 5233 749 5295 vult,
776 5231 900 5300 quia
931 5227 1139 5298 'nempe
1179 5243 1366 5298 parum
1402 5227 1467 5300 ei
1505 5227 1696 5300 placet,
1722 5227 1877 5300 talem
1911 5236 2029 5300 tan-_

478 5311 700 5370 tumque
751 5296 924 5355 virum
986 5296 1340 5370 adversatum
1395 5296 1918 5370 luisse_Tbeodoro,
1948 5297 2035 5352 cui

477 5364 743 5437 ipse'toto
790 5386 887 5426 suo
940 5383 1101 5439 opere
1143 5367 1530 5439 patrocinatur.
1558 5364 1797 5420 Facundi
1845 5367 2035 5439 falsam

478 5435 789 5507 opinionem
819 5440 953 5496 alios
975 5435 1265 5507 ‘quosdam
1324 5435 1699 5505 participasse,
1730 5450 1795 5489 ex
1842 5437 2033 5507 eodem

480 5506 735 5564 Liberata
779 5522 899 5577 cap.
950 5506 1043 5563 cit.
1080 5507 1507 5577 cognoscimus.
1534 5507 1795 5577 Denique
1837 5506 2038 5561 adnoto

479 5574 859 5652 fragmentum
886 5578 1015 5635 item
1065 5576 1343 5647 Cyrilliani
1396 5576 1628 5645 operisa
1661 5574 1912 5633 Facundo
1936 5576 2031 5634 lib.

2128 4536 2247 4589 dori
2295 4534 2675 4601 Theodorique
2740 4534 2971 4590 infames
3011 4537 3333 4605 _sententias
3381 4539 3716 4605 gravissime

2126 4605 2402 4676 invehitur
2429 4605 2665 4676 (lyrinus
2691 4607 2853 4672 epist.
2895 4607 2961 4676 ad
2999 4603 3263 4660 Joannem
3287 4603 3549 4660 Antioch.
3582 4606 3604 4676 (
3626 4622 3713 4676 ep.

2072 4709 2096 4731 ο
2127 4672 2196 4726 59
2218 4674 2256 4739 ).
2285 4673 2403 4738 Quo
2439 4672 2555 4729 loco
2589 4674 2756 4727 etiam
2791 4675 3019 4743 ptcnitet
3061 4691 3186 4729 eum
3219 4679 3361 4743 quod
3407 4676 3540 4731 illos
3580 4672 3713 4731 sui.

2130 4744 2443 4813 imprudens
2479 4744 2778 4806 laudasset,
2803 4743 2963 4813 cujus
3013 4746 3090 4800 rei
3146 4749 3298 4799 testis
3328 4755 3410 4799 est
3447 4745 3719 4802 Leontius

2132 4812 2208 4865 De
2241 4814 2417 4873 sectis,
2455 4823 2562 4866 act.
2599 4827 2672 4876 tv,
2697 4814 2752 4876 '5,
2777 4812 2883 4866 ubi
2926 4824 3106 4868 tamen
3152 4816 3442 4867 adnotatur
3472 4816 3719 4876 Chryso-

2131 4891 2368 4935 stomum
2398 4872 2690 4951 quoque‘et
2718 4872 2979 4936 Basilium
3008 4885 3199 4939 iisdem
3244 4883 3567 4939 hominibus
3594 4872 3722 4938 lau-

2133 4951 2254 5005 dem
2286 4951 2622 5014 attribuisse,
2660 4962 2945 5021 propterea
2990 4955 3131 5021 quod
3177 4952 3409 5007 Arianos
3462 4953 3726 5009 Macedo-

2134 5021 2283 5074 nium
2327 5029 2379 5075 et
2427 5020 2790 5090 Apollinarem
2837 5020 3245 5077 refutavissent.
3289 5022 3345 5075 lu
3389 5024 3728 5077 collectione

2135 5091 2391 5161 canonica
2420 5089 2689 5161 Ebediesu
2716 5090 3022 5147 Nestoriani
3055 5092 3137 5161 (ρ.
3159 5092 3292 5159 150)
3318 5106 3348 5143 a
3375 5095 3541 5146 nobis
3569 5096 3723 5148 edita

2137 5156 2330 5228 Script.
2361 5172 2455 5214 rvet.
2496 5170 2535 5214 t.
2560 5159 2626 5224 Χ,
2666 5159 2948 5224 Diodorus,
2976 5156 3290 5216 Théodorus
3318 5170 3493 5231 atque
3520 5162 3732 5217 Nesto-

2140 5231 2513 5284 riusdicuntur
2537 5241 2699 5286 secta:
2719 5231 2995 5297 splendida
3021 5241 3074 5284 et
3099 5232 3447 5285 sanctissima
3476 5232 3733 5286 lumina-

2141 5299 2241 5371 ria.
2266 5298 2570 5371 Fuitigitur
2592 5316 2887 5370 congruum
2922 5311 2981 5353 ut
3018 5300 3274 5371 Cyrillus,
3304 5298 3551 5356 Nestorii
3596 5315 3737 5355 ssre-

2140 5369 2449 5442 nuissim_us
2496 5369 2862 5433 adversarius,
2906 5369 3099 5426 contra
3144 5371 3443 5442 Diodorum
3502 5386 3741 5442 quoque

2141 5446 2303 5510 atque
2356 5437 2697 5496 Theodorum
2750 5455 2919 5510 artua.
2959 5442 3261 5510 expediret,
3285 5439 3498 5495 Confer
3523 5437 3742 5498 'etiitn

2137 5506 2391 5566 Pbbtium
2422 5510 2560 5581 apud
2603 5524 2701 5567 nos
2733 5506 2919 5578 Spicit.
2953 5506 3109 5568 Rom.
3153 5519 3194 5565 t.
3226 5509 3292 5580 Χ,
3323 5527 3376 5584 p.
3400 5511 3543 5568 L56.
