3952 6200
259 288 281 344 i
298 290 405 348 457
835 320 846 347 1

1452 290 1878 349 FRAGMENTA
1918 292 2336 353 DOGMATICA.

3381 296 3406 350 1
3417 294 3521 350 438

260 407 552 466 deraudam
598 406 906 464 Servatoris
943 409 1113 465 nostri
1155 395 1356 466 Christi
1388 425 1673 481 personam
1695 455 1712 482 ,
1747 415 1829 470 di-
1858 420 1907 478 Δ
1935 418 2229 487 potentiam
2250 459 2264 480 ,
2298 426 2355 473 et
2387 415 2594 488 reliqua
2629 416 2832 485 omnia.
2860 411 3000 471 Caro
3030 414 3215 486 utique
3245 418 3521 471 crescebat
3602 416 3609 425 ’

258 513 472 556 versam
502 511 625 552 esse
651 499 1014 568 comperimus
1041 508 1313 567 naturam,
1344 502 1430 558 cui
1457 504 1705 574 imposita
1724 516 1831 564 est.

261 591 484 647 Interim
508 590 624 661 ipse
659 604 886 660 persona
925 590 1262 662 hypostatica
1284 602 1368 649 est
1389 604 1550 666 atque
1566 595 1832 664 absoluta,

259 681 570 737 humanitas
589 690 643 736 et
663 681 916 737 divinitas
941 699 956 749 ;
981 683 1285 754 diciturque
1302 700 1545 744 sumnms
1569 688 1833 757 pontifex,

259 771 432 828 factor
456 782 510 827 et
531 771 727 827 factus.
860 781 891 791 ί

525 878 617 934 22.
665 878 816 935 Idem
851 880 1174 968 Cyrillusjn
1203 887 1382 942 eodem
1403 886 1559 944 libro.

331 991 440 1048 Sed
468 991 707 1049 fortasse
740 1002 793 1048 tu
822 994 998 1051 dicis:
1043 997 1185 1069 Ergo
1217 1014 1325 1054 non
1358 999 1622 1055 habitavit
1653 1000 1710 1056 in
1743 1001 1835 1058 illo

256 1076 536 1154 p1cniludo
561 1084 812 1140 universa
845 1086 1147 1146 divinitatis
1177 1104 1434 1161 corporea
1461 1091 1692 1146 ratione.
1724 1090 1833 1147 Ve-

255 1190 378 1230 rum
414 1175 539 1243 hoc,
586 1176 829 1244 inquam,
878 1187 997 1245 est;
1032 1195 1299 1251 nemoque
1335 1195 1505 1237 sacrae
1542 1179 1837 1249 Scripturae

256 1266 608 1321 contradicit.
659 1263 768 1324 Nos
819 1277 996 1325 tamen
1039 1271 1269 1328 dicimus
1320 1271 1453 1328 Filii
1496 1274 1834 1330 divinitatem

255 1355 404 1411 baud
448 1357 624 1413 alieno
646 1359 720 1413 ~in
759 1375 1018 1431 corpore,
1064 1364 1157 1419 sed
1201 1364 1255 1419 in
1297 1378 1396 1419 suo
1417 1366 1598 1435 potius
1639 1365 1836 1435 templo

254 1444 556 1510 habitasse,
595 1447 740 1502 velut
761 1449 814 1503 iu
849 1450 1071 1506 homine
1095 1453 1298 1518 anima,
1327 1468 1447 1523 quae
1476 1453 1827 1509 licetacarne

254 1534 794 1602 dill'erens,°attamen
831 1557 939 1595 uua
970 1558 1091 1597 cum
1134 1558 1297 1599 carne
1320 1554 1569 1599 naturam
1598 1544 1837 1599 hominis

253 1624 492 1692 perlicit,
510 1635 569 1681 ut
588 1626 659 1682 sit
683 1628 877 1684 Petrus
901 1631 980 1685 vel
1007 1632 1227 1688 Paulus.
1255 1631 1368 1688 Hoc
1398 1635 1506 1689 imo
1532 1634 1837 1690 evidentius

255 1715 310 1769 in
354 1715 575 1772 Christo
617 1726 718 1773 est.
784 1720 967 1791 Neque
1013 1733 1191 1776 tamen
1237 1724 1437 1779 idcirco
1474 1724 1702 1778 dicimus
1745 1724 1861 1779 Dei‘

254 1805 496 1862 Verbum
521 1810 715 1865 animae
730 1811 907 1867 ollicio
926 1814 978 1867 in
1003 1829 1228 1884 corpore
1251 1812 1518 1880 functum,
1543 1830 1659 1883 quae
1674 1816 1844 1884 pessi-

258 1911 349 1950 ma
377 1900 761 1979 nonnullorum
791 1902 974 1969 opinio
992 1912 1096 1968 est,
1120 1904 1213 1957 sed
1236 1913 1480 1959 sanctum
1506 1904 1626 1974 ejus
1647 1920 1843 1975 corpus

260 1985 601 2055 intelligente
621 1990 799 2044 anima
822 1992 1050 2049 dicimus
1075 2008 1194 2050 esse
1221 1996 1542 2052 animatum.

547 2098 640 2155 23.
685 2100 837 2156 Idem
857 2102 1088 2173 Cyrillus
1123 2106 1176 2160 in
1207 2108 1383 2161 eodem
1406 2107 1559 2163 libro.

336 2206 436 2263 Dei
457 2207 693 2265 Verbum
717 2226 846 2268 vere
870 2214 922 2267 in
946 2216 1201 2270 omnibus
1221 2217 1521 2283 perfectum
1543 2226 1647 2281 est,
1671 2234 1845 2289 neque

264 2296 608 2355 incremento
624 2301 844 2369 indiget.
869 2302 1062 2358 Natum
1081 2314 1259 2359 autem
1282 2306 1579 2375 perfectum
1603 2308 1668 2362 de
1689 2308 1848 2363 Patre

266 2394 377 2454 est,
409 2390 670 2459 sapientia
700 2394 766 2448 de
790 2394 1087 2463 sapientia,
1118 2397 1358 2465 potentia
1391 2397 1457 2451 de
1487 2398 1747 2465 potentia.
1784 2396 1850 2453 Et

264 2478 400 2547 quia
422 2490 614 2535 natura
644 2482 983 2540 immutabile
1011 2495 1117 2552 est,
1142 2486 1278 2540 nihil
1305 2486 1353 2540 ei
1375 2486 1630 2556 templum
1661 2487 1713 2541 in
1742 2502 1851 2557 quo

267 2568 424 2626 stetit
471 2572 678 2642 nocuit,
736 2574 832 2631 sed
885 2575 1187 2644 perfectam
1230 2577 1456 2633 retinuit
1504 2579 1849 2647 sapientiam,

1940 508 2145 564 viribus
2182 507 2437 579 paulatim
2470 516 2647 574 aucta,
2687 515 2847 578 prout
2877 507 3130 562 humanae
3163 515 3368 559 naturae
3392 504 3519 579 jura

1941 597 2143 653 ferunt.
2180 597 2420 654 Verbum
2461 606 2641 651 autem
2691 595 2846 651 carni
2880 595 3087 650 unitum
3132 593 3390 663 paulatim
3421 607 3516 647 sa-

1941 688 2197 759 pientiam
2247 702 2401 743 suam
2445 685 2849 751 manifestahat,
2893 699 3012 753 qua:
3054 684 3296 751 corporis
3340 682 3519 735 incre-

1942 788 2182 833 mentum
2206 778 2589 843 comitabatur,
2613 784 2667 831 et
2689 775 2934 847 corporis
2957 790 3014 830 se
3034 784 3256 830 staturae
3271 773 3518 827 adamus-

1940 868 2042 924 sim
2080 870 2542 923 accommodabat.

2204 981 2294 1035 24.
2340 980 2492 1035 Idem
2524 977 2757 1050 Cyrillus
2792 978 2847 1032 in
2877 977 3055 1034 eodem
3088 978 3245 1032 libro.

2011 1090 2153 1160 Ergo
2166 1089 2231 1143 ad
2248 1088 2659 1145 similitudinem
2685 1096 2923 1146 nostram
2943 1087 3210 1158 particeps
3227 1086 3325 1141 fuit
3340 1087 3521 1142 carnis
3606 1094 3625 1103 ‘

1941 1191 1997 1238 et
2020 1182 2318 1254 sanguinis.
2340 1182 2582 1253 Cumque
2604 1190 2830 1238 mortem
2855 1182 3002 1237 carni
3026 1195 3136 1235 suae
3151 1179 3517 1250 applicuisset,

1942 1274 2226 1345 ipsamque
2266 1283 2495 1329 mortem
2554 1274 2946 1338 destruxisset,
2990 1286 3216 1342 corpora
3272 1271 3518 1326 mortalia

1943 1373 2129 1419 nostra
2157 1364 2223 1419 ad
2257 1364 2818 1433 incorruptibilitatem
2840 1363 3075 1429 direxit,
3111 1371 3170 1418 ut
3201 1376 3518 1418 carneorum

1944 1457 2309 1511 membrorum
2335 1455 2589 1511 rebellem
2616 1454 2782 1526 legem
2807 1456 2876 1511 ab
2896 1469 2959 1510 ea
2985 1453 3269 1525 tyrannide
3294 1468 3397 1522 qua
3423 1466 3521 1506 nos

1945 1545 2220 1615 premebat
2243 1544 2517 1612 dejiceret.
2552 1543 2723 1600 Secus
2750 1545 2895 1599 enim
2927 1544 3034 1597 vita
3061 1543 3219 1596 morti
3248 1556 3350 1595 non
3379 1547 3524 1594 esset

1944 1624 2242 1699 dominata,
2271 1636 2379 1690 nisi
2397 1635 2636 1689 Verbum
2664 1633 2905 1688 mortalis
2926 1633 3168 1701 corporis
3188 1630 3376 1684 fuisset
3400 1644 3525 1698 par—

1947 1725 2114 1793 ticeps
2141 1742 2155 1778 :
2194 1739 2368 1794 neque
2398 1725 2524 1779 item
2551 1725 2903 1793 cupiditatum
2922 1720 3245 1776 naturalium
3275 1718 3524 1795 stimulus

1949 1826 2163 1871 retusus
2196 1813 2407 1879 luisset,
2440 1815 2539 1879 nisi
2567 1812 2731 1869 Verbi
2757 1829 2953 1883 corpus
2982 1827 3047 1867 ex
3073 1813 3305 1867 humana
3337 1812 3522 1865 n‘ostra

1950 1917 2142 1962 natura
2173 1915 2445 1974 sumptum
2477 1904 2690 1959 fuisset.

2219 2015 2311 2070 25.
2362 2015 2512 2070 Idem
2540 2013 2773 2085 Cyrillus
2804 2014 2857 2068 in
2889 2013 3067 2067 eodem
3099 2012 3258 2065 libra.

2026 2128 2322 2184 lnanimem
2347 2128 2499 2182 haud
2520 2128 2750 2183 dicimus
2781 2140 3000 2181 carnem
3029 2123 3174 2179 illam
3204 2121 3381 2178 Verbo
3406 2116 3527 2171 uni-

1950 2232 2078 2284 tam,
2116 2236 2235 2287 qua:
2263 2221 2329 2274 de
2361 2222 2569 2275 semine
2602 2219 2820 2273 Davidis
2859 2226 2963 2272 est.
2997 2213 3209 2270 Nemini
3247 2213 3373 2266 item
3409 2210 3527 2280 opi-

1952 2311 2069 2364 nari
2103 2309 2228 2363 licet
2262 2311 2495 2365 Verbum
2538 2310 2736 2377 templo
2770 2324 2870 2365 suo
2902 2316 3091 2362 sancto
3131 2306 3306 2359 instar
3332 2302 3528 2355 animae

1953 2399 2367 2469 intellectus-que
2390 2399 2579 2453 fuisse.
2610 2397 2798 2468 Neque
2828 2408 3099 2467 postremo
3142 2396 3312 2459 illum,
3340 2393 3429 2461 qui
3461 2391 3528 2447 de

1955 2490 2162 2590 serui/ue
2191 2498 2297 2556 est,
2330 2505 2427 2560 per
2454 2505 2514 2547 se
2534 2484 2707 2546 solum
2738 2490 3010 2562 appellare
3036 2488 3238 2564 Filium
3269 2485 3523 2542 solemus.

1874 2702 1965 2762 ιν.

883 2852 951 2891 EX
978 2851 1150 2893 LIBRIS
1175 2853 1378 2895 CONTRA
1417 2855 1733 2896 τηεουοιιωι
1769 2856 1847 2896 I0]

1963 2859 2174 2900 δηίων
2202 2861 2269 2900 ΕΤ
2301 2860 2565 2901 υιουοιιυυ
2598 2858 2913 2906 τληεεκδειί.

3048 2950 3063 2957 -ι

252 2967 307 3025 1.
345 2969 580 3026 Sanctia
617 2976 881 3029 memoria:
916 2975 1250 3050 '(i)_Cyrilli
1290 2995 1353 3033 ex
1383 2981 1552 3048 primo
1583 2981 1718 3036 libro
1752 2998 1841 3037 eo-
1875 2991 1918 3050 ο
1965 2986 2185 3038 verbum
2237 2993 2463 3037 vocatur
2510 2984 2693 3047 homo,
2747 2996 2851 3035 non
2883 2987 2967 3033 est
3003 2976 3177 3031 lactus
3220 2974 3380 3027 homo
3413 2981 3529 3023 ma-

502 3056 620 3095 rum
650 3058 778 3113 quos
796 3056 979 3100 contra
1004 3046 1327 3103 Theodorum
1353 3046 1585 3119 scripsit.

895 3173 1236 3216 TllEODORUS.

336 3270 403 3328 Si
432 3270 552 3342 quis
589 3271 710 3326 velit
732 3272 941 3326 abusive
964 3281 1014 3327 et
1054 3271 1253 3327 Filium
1281 3272 1381 3328 Dei
1414 3273 1582 3330 Deum
1621 3273 1851 3330 Verbum

262 3362 445 3431 ﬁlium
479 3358 649 3413 Dauid
687 3362 982 3426 nominare,
1019 3372 1233 3431 propter
1268 3362 1365 3417 Dei
1411 3362 1566 3419 Verbi
1602 3364 1853 3434 templum

260 3457 409 3524 quod
440 3466 509 3505 ea:
542 3449 714 3505 David
738 3460 851 3514 est,
892 3454 1158 3517 nominet,
1181 3462 1230 3507 et
1261 3453 1413 3527 illum
1449 3457 1539 3523 qui
1561 3463 1643 3509 est
1673 3471 1738 3510 ea:
1765 3472 1851 3510 se-

263 3545 412 3598 mine
440 3539 635 3606 David,
664 3537 862 3593 Filium
888 3540 1004 3605 Dei,
1042 3544 1215 3610 gratia
1247 3559 1349 3597 non
1390 3553 1583 3598 natura
1610 3546 1852 3615 appellet,

263 3629 549 3687 naturales
579 3638 757 3697 patres
793 3646 895 3683 non
933 3631 1207 3701 ignorans,
1258 3648 1419 3702 neque
1456 3635 1693 3689 ordinem
1723 3635 1852 3689 sub-

265 3733 480 3781 vertens
504 3733 523 3772 :
555 3736 717 3790 neque
745 3737 862 3775 eum
900 3722 991 3791 qui
1022 3722 1366 3792 incorporalis
1405 3735 1503 3788 est,
1539 3727 1703 3778 etiam
1737 3741 1856 3778 cor-

262 3833 370 3886 pus
408 3812 628 3877 dicens;
673 3822 722 3866 et
757 3822 879 3866 ante
901 3811 1098 3867 saecula
1125 3829 1190 3867 ea:
1225 3813 1351 3879 Deo,
1384 3824 1431 3868 et
1472 3830 1535 3868 ea:
1562 3814 1759 3878 David,
1805 3822 1857 3867 et

264 3920 513 3977 passum,
554 3912 604 3957 et
654 3904 1017 3973 impossibile;
1066 3921 1295 3973 corpus,'
1323 3921 1427 3959 non
1473 3916 1546 3960 est
1611 3905 1857 3973 incorpo-

267 3999 433 4062 rale;
470 3996 609 4066 quod
656 4006 730 4050 est
774 3998 1044 4061 deorsum,
1088 4012 1192 4050 non
1246 4006 1321 4050 est
1374 3996 1688 4060 desursum;
1718 3994 1856 4066 quod

264 4101 352 4148 est
405 4099 530 4144 ante
575 4089 793 4154 sa'cula,
849 4105 953 4143 non
1002 4097 1077 4143 est
1120 4104 1185 4142 ea:
1232 4089 1432 4142 semine
1475 4088 1688 4152 David;
1717 4085 1858 4158 quod

265 4194 501 4255 passum
555 4189 653 4246 est,
692 4195 796 4233 non
838 4189 916 4234 est
960 4180 1300 4248 impassibile.
1344 4178 1455 4233 Nec
1485 4180 1623 4233 enim
1648 4179 1754 4233 ista
1786 4177 1854 4231 ad

238 4272 525 4330 -eumdem
551 4270 867 4324 intellectum
900 4271 1274 4342 obvertuntur:
1306 4285 1424 4338 qua:
1445 4278 1566 4322 sunt
1590 4271 1850 4339 corporis,

267 4378 384 4419 non
438 4369 559 4412 sunt
592 4357 691 4413 Dei
738 4356 941 4414 Verbi:
982 4369 1030 4414 et
1092 4373 1208 4431 qua:
1241 4367 1364 4413 sunt
1398 4358 1495 4412 Dei
1536 4357 1692 4413 Verbi
1730 4376 1793 4429 pr

258 4453 421 4528 ’pria,
474 4467 580 4506 non
624 4451 814 4505 habent
848 4467 1057 4519 corpus.
1102 4448 1346 4504 Naturas
1386 4448 1752 4518 conﬁteamur,
1810 4458 1860 4504 et

264 4545 706 4618 dispensationes
746 4559 851 4598 non
884 4543 1224 4614 abnegemus.

936 4670 1216 4713 ϐῐηιιιυε.

344 4771 462 4840 Qui
503 4768 633 4824 dicit
662 4775 915 4837 oportere
944 4784 1054 4823 non
1094 4767 1353 4837 abnegari
1397 4768 1853 4840 diSpeusationcs,

264 4858 652 4923 humanitatis
685 4857 1002 4927 mysterium
1033 4858 1253 4911 omnino
1273 4858 1536 4912 eradicat.
1572 4858 1861 4913 Praesumit

264 4955 436 5014 enim
469 4949 671 5014 dicere,
707 4947 849 5018 quod
880 4962 1057 5017 neque
1086 4946 1261 5002 factus
1294 4957 1380 5002 est
1408 4949 1572 5004 homo
1608 4950 1863 5019 unigeni-

266 5061 369 5106 tus
405 5042 507 5099 Dei
541 5039 774 5097 Verbum
795 5081 811 5106 ,
865 5054 1040 5109 neque
1067 5053 1133 5093 ex
1166 5038 1373 5093 semine
1406 5040 1655 5108 apparuit
1684 5039 1860 5093 sancti

266 5134 464 5196 David
502 5152 516 5187 :
557 5132 656 5188 sed
696 5132 928 5187 filiorum
958 5130 1255 5187 introducit
1280 5141 1468 5200 aperte
1520 5129 1861 5193 dualitatem,

265 5223 614 5295 anequalem
663 5230 912 5277 naturam
964 5231 1021 5278 et
1069 5220 1259 5276 falsam
1292 5221 1530 5276 nomine.
1575 5219 1689 5275 Hoc
1718 5218 1862 5274 enim

191 5383 207 5397 ‘
266 5318 433 5391 quod
493 5315 715 5370 abusive
764 5314 984 5380 dicitur,
1036 5314 1348 5370 omnimodo
1385 5313 1624 5368 ostendit
1675 5311 1864 5379 utique

264 5412 434 5485 quod
486 5423 615 5463 vero
657 5423 762 5462 non
810 5417 894 5463 est
946 5407 1050 5461 hoc
1104 5406 1247 5478 quod
1288 5406 1532 5461 dicitur:
1586 5413 1865 5459 mutuatur

267 5503 437 5562 enim
490 5499 713 5554 alterius
761 5499 1191 5570 appellationem.
1235 5497 1377 5570 Ergo
1416 5498 1463 5554 si
1501 5498 1723 5555 abusive
1768 5494 1865 5552 Dei

355 5673 448 5748 (Ι)
486 5672 678 5739 Mausi,
704 5675 928 5742 ConciL,
974 5683 1012 5729 t.
1044 5672 1136 5741 IX,
1174 5688 1227 5742 ι).
1254 5671 1385 5727 250.

1955 3073 2168 3129 nil'este.
2206 3074 2262 3128 Si
2294 3074 2519 3129 abusive
2544 3073 2715 3127 Filius
2741 3070 2965 3129 et.Deus
2991 3068 3080 3122 ille
3104 3066 3195 3136 qui
3221 3080 3285 3119 ex
3314 3060 3525 3117 semine

1953 3174 2036 3220 est
2059 3163 2250 3228 David,
2282 3178 2455 3232 neque
2492 3163 2633 3216 Deus
2668 3174 2842 3229 neque
2871 3157 3040 3211 Filius
3063 3164 3251 3208 natura
3284 3157 3339 3205 et
3371 3148 3518 3203 veri-

1955 3269 2068 3315 tate
2098 3268 2201 3314 est.
2236 3258 2389 3312 Falsa
2415 3257 2580 3325 igitur
2619 3258 2670 3310 in
2699 3266 2928 3322 utroque
2959 3252 3075 3305 haec
3115 3244 3440 3317 appellatio,
3474 3247 3529 3294 et

1952 3351 2067 3418 ipsa
2100 3362 2184 3404 res
2207 3336 2327 3403 esse
2355 3349 2551 3401 merito
2580 3345 2906 3415 intelligitur
2938 3363 2949 3398 :
2984 3348 3210 3409 uterque
3238 3335 3387 3390 enim
3425 3332 3531 3387 hoc

1956 3441 2285 3506 nominatur,
2316 3439 2459 3509 quod
2485 3452 2589 3492 non
2626 3444 2729 3492 est.

2456 3550 2513 3605 2.
2551 3547 2633 3603 Ea:
2661 3548 2839 3604 eodem
2873 3544 3028 3599 libro.

2576 3676 2913 3719 THEODOBUS.

2026 3781 2094 3834 Et
2121 3780 2358 3834 convenit
2399 3793 2489 3832 eos
2540 3776 2629 3846 qui
2680 3774 2806 3827 bene
2833 3771 3071 3841 sapiunt,
3109 3760 3532 3837 quandoquidem

1956 3872 2222 3926 naturales
2261 3879 2438 3939 patres
2489 3866 2791 3937 quaerimus,
2840 3877 3001 3931 neque
3053 3860 3221 3913 Deum
3287 3852 3534 3918 Verbum,

1957 3964 2126 4019 David
2172 3962 2249 4016 uel
2300 3960 2529 4015 Abrahae
2569 3959 2743 4028 ﬁlium
2771 3956 3064 4017 nominare,
3103 3951 3193 4006 sed
3222 3948 3481 4017 factorem
3509 3957 3531 3998 :

1958 4070 2120 4124 neque
2166 4069 2353 4123 corpus
2412 4060 2535 4106 ante
2576 4050 2773 4104 sarcula
2833 4062 2897 4101 ea:
2946 4043 3146 4106 Patre,
3206 4041 3295 4095 sed
3360 4053 3535 4093 semen

1957 4145 2184 4199 Abt-alue
2229 4153 2277 4199 et
2328 4143 2501 4197 David
2530 4157 2595 4196 ea:
2629 4140 2805 4194 Maria
2838 4146 3045 4193 natum.
3085 4133 3154 4187 Et
3183 4149 3302 4187 cum
3334 4132 3399 4185 de
3432 4146 3533 4184 na-

1961 4236 2220 4291 turalibus
2278 4233 2643 4291 nativitatibus
2686 4232 2752 4287 sit
2788 4231 2947 4296 ratio,
2980 4242 3142 4297 neque
3172 4223 3361 4278 Maria:
3389 4221 3534 4291 ﬁlius

1795 4317 1856 4414 ἐξ
1891 4341 1938 4398 D
1965 4328 2106 4383 Deus
2134 4343 2244 4382 esse
2280 4325 2506 4381 Verbum
2531 4325 2886 4379 existimetur.
2932 4320 3179 4374 Mortalis
3223 4317 3362 4371 enim
3393 4329 3536 4414 mor:

1970 4415 2129 4470 talem
2176 4423 2388 4485 generat
2433 4414 2719 4468 secundum
2744 4420 3025 4472 naturam,
3072 4418 3119 4461 et
3160 4421 3370 4473 corpus,
3396 4401 3537 4473 quod

1969 4510 2070 4564 sibi
2096 4507 2269 4563 simile
2304 4514 2401 4561 est.
2442 4505 2590 4560 Duas
2629 4503 2932 4558 nativitates
2962 4499 3109 4556 Deus
3165 4496 3391 4551 Verbum
3431 4508 3536 4546 non

1968 4602 2242 4665 sustinuit,
2268 4615 2429 4653 unam
2457 4598 2667 4667 quidem
2703 4604 2826 4651 ante
2852 4593 3073 4657 uacula,
3105 4590 3327 4643 alteram
3358 4595 3537 4639 autem

1969 4693 2022 4746 in
2052 4692 2251 4746 ultimis
2292 4688 2607 4759 temporibus
2632 4702 2652 4741 :
2681 4687 2771 4741 sed
2806 4701 2870 4739 ea:
2900 4682 3065 4735 Patre
3093 4677 3305 4748 quidem
3342 4686 3537 4729 natura

1964 4785 2167 4854 genitus
2198 4790 2293 4846 est,
2334 4779 2580 4846 templum
2614 4791 2736 4830 vero
2756 4774 2894 4844 quod
2918 4788 2983 4825 ea:
3017 4770 3194 4824 Maria
3228 4777 3414 4821 natum
3433 4775 3531 4830 est,

1964 4889 2029 4928 ex
2052 4874 2165 4942 ipso
2193 4880 2339 4923 utero
2370 4869 2472 4923 sibi
2496 4865 2795 4936 fabricauit.

2606 4990 2882 5031 CYNLLUS.

2038 5092 2094 5147 5.
2142 5089 2343 5146 Deinde
2399 5091 2566 5146 breve
2621 5088 2945 5160 procedens,
2984 5095 3040 5142 et
3067 5086 3393 5157 quibusdam
3440 5099 3538 5154 per

1971 5183 2210 5239 medium
2249 5180 2587 5250 interpositis
2623 5180 2817 5233 iterum
2850 5177 3020 5232 dixit:

2593 5303 2930 5346 THBODORUS.

2042 5406 2173 5462 Cum
2210 5422 2333 5462 vero
2355 5406 2420 5461 de
2448 5403 2674 5460 salutari
2700 5403 3085 5473 dispensatione
3116 5403 3253 5454 ratio
3279 5409 3531 5463 movetur,

1971 5505 2017 5552 et
2047 5495 2184 5550 Deus
2218 5505 2431 5551 vocetur
2456 5494 2630 5560 homo,
2677 5509 2777 5548 non
2815 5491 2953 5563 quod
2983 5491 3079 5545 hoc
3105 5488 3277 5558 [actus
3307 5495 3406 5555 est,
3448 5487 3537 5543 sed
