3952 6200
409 245 544 301 1439
590 246 605 259 ’

1385 238 1443 293 S.
1484 234 1758 294 CYRILLI
1798 188 2265 291 ALEXANDRINI
2305 231 2632 290 ARCIIIEP.

3513 233 3540 291 ί
3554 234 3678 296 ιιι).

297 364 313 380 ‘
404 362 543 432 quod
589 359 681 413 hoc
721 336 1002 425 assumpsit
1034 372 1052 410 :
1090 369 1137 410 et
1187 356 1342 408 homo
1377 354 1539 418 Deus,
1584 369 1687 406 non
1720 360 1973 419 tanquam
2004 364 2049 420 Α
2079 353 2199 405 dem
2244 364 2422 419 neque
2458 347 2656 403 Filium
2684 361 2895 411 verum,
2925 361 3097 417 neque
3127 347 3295 403 Deum
3327 363 3450 404 esse
3479 351 3618 407 dicis
3642 370 3661 408 :

408 448 968 519 incircumscriptibilis
993 448 1189 515 factus,
1222 460 1313 499 nec
1334 445 1522 513 ubique
1544 444 1838 505 exsistens;
1865 456 1975 493 cor-

406 558 504 605 pus
548 541 684 593 enim
735 549 847 593 erat
885 549 932 592 et
964 546 1079 606 post
1117 537 1551 590 resurrectionem
1591 533 1877 602 palpabile,
1930 540 1981 585 et

407 628 513 681 taie
547 636 807 695 receptum
849 636 922 682 est
964 627 1019 680 in
1066 624 1274 691 calum,
1313 632 1361 677 et
1407 622 1483 678 sic
1518 622 1679 676 veniet
1724 622 1858 675 sicut
1889 636 1973 674 re-

407 724 615 784 ceptum
638 725 738 770 est.

1052 839 1326 881 CVRILLUS.

481 935 622 990 Ecce
668 934 823 1005 plane
856 942 908 989 et
949 935 1228 989 evidenter
1256 940 1449 988 contra
1476 931 1715 987 divinam
1758 930 1978 1001 quidem

413 1027 583 1082 fertur
621 1027 997 1096 Scripturam;
1052 1026 1309 1094 reprobat
1361 1038 1490 1079 vero
1531 1023 1730 1079 Christi
1787 1028 1985 1093 myste-

416 1120 576 1187 rium,
617 1122 672 1174 et
712 1119 866 1188 quasi
902 1119 1139 1185 increpat
1185 1115 1349 1169 Deum
1379 1114 1642 1179 Verbum,
1680 1114 1825 1183 qttod
1857 1127 1983 1182 pro-

414 1216 534 1278 pter
564 1223 662 1263 nos
690 1207 1116 1262 exinanitionem
1143 1207 1253 1275 pati
1285 1205 1452 1260 voluit
1487 1222 1504 1272 ;
1553 1213 1609 1258 et
1635 1203 1778 1271 quod
1808 1203 1985 1257 factus

414 1309 499 1351 est
532 1298 713 1361 homo,
749 1297 1078 1353 contristare
1117 1296 1348 1349 videtur.
1385 1294 1652 1348 interimit
1683 1293 1827 1347 enim
1869 1307 1985 1346 om—

412 1390 547 1443 nino
590 1389 1071 1453 humanationem,
1116 1397 1171 1441 et
1213 1387 1477 1441 adversus
1525 1383 1848 1439 iueﬂ'abilem
1899 1399 1989 1439 sa-

414 1482 674 1549 pientiam
713 1480 925 1536 extollit
967 1495 1051 1543 se,
1107 1492 1247 1548 pene
1288 1478 1475 1532 dicens
1493 1476 1717 1531 Judaice
1745 1475 1986 1529 omnium

414 1580 663 1625 nostrum
705 1569 971 1623 Salvatori
1021 1569 1240 1623 Christo
1273 1586 1287 1622 :
1337 1586 1356 1619 ι
1404 1567 1479 1622 De
1509 1567 1650 1621 bono
1688 1580 1851 1635 opere
1883 1580 1987 1619 non

416 1670 469 1715 te
501 1660 825 1728 lapidamus}
854 1660 947 1715 sed
978 1660 1041 1714 de
1080 1658 1435 1728 blaSphemia,
1463 1657 1605 1728 quod
1633 1668 1709 1723 tu,
1749 1673 1874 1712 cum
1911 1657 1991 1711 sis

416 1747 607 1815 homo,
634 1748 766 1803 facis
801 1757 854 1804 te
888 1750 1053 1803 Deum
1090 1749 1178 1801 "".
1217 1767 1236 1800 s
1276 1747 1477 1801 Audiat
1515 1746 1678 1816 igitur
1709 1747 1985 1800 dicentem
2019 1746 2071 1799 Β·

420 1847 604 1908 aperte
635 1853 650 1892 :
677 1855 697 1891 ι
739 1839 793 1893 Si
840 1840 1003 1909 igitur
1046 1853 1151 1892 non
1191 1837 1329 1893 facio
1358 1853 1520 1906 opera
1554 1837 1734 1892 Patris
1765 1838 1889 1901 mei,
1918 1851 1987 1891 ne

418 1931 549 1984 mihi
581 1931 817 1996 credite;
882 1930 925 1986 si
962 1945 1086 1985 vero
1115 1930 1279 1994 facio,
1330 1928 1458 1984 licet
1498 1930 1626 1984 mihi
1656 1928 1974 1983 noncreda-

420 2020 509 2085 tis,
556 2022 808 2089 Operihus
855 2022 991 2074 meis
1033 2022 1236 2075 credite
1273 2020 1338 2074 ".
1386 2037 1406 2071 ι
1459 2019 1593 2074 Cum
1634 2020 1777 2073 enim
1822 2018 1990 2073 sciret

416 2112 563 2182 quod
602 2112 784 2171 divina
827 2106 1027 2165 virtute
1062 2118 1116 2164 et
1158 2119 1425 2177 potestate
1458 2110 1733 2174 utebatur,
1765 2119 1822 2163 et
1863 2123 1987 2163 cum

416 2203 757 2271 apparuisset
792 2203 953 2255 homo
981 2202 1071 2255 Dei
1095 2199 1354 2263 Verbum,
1399 2197 1631 2268 abnegat
1658 2201 1832 2268 ipsum
1864 2212 1988 2254 esse

417 2292 610 2358 Deum,
641 2303 695 2346 et
730 2292 782 2346 in
815 2291 1032 2346 homine
1065 2290 1236 2359 magis
1258 2288 1530 2344 habitasse
1562 2290 1694 2344 dicit
1721 2303 1870 2353 eum,
1919 2286 1987 2344 ut‘

419 2380 515 2437 Dei
547 2382 783 2437 Verbum
816 2381 974 2436 nobis
998 2380 1267 2435 hominem
1312 2381 1623 2435 ostenderet
1652 2380 1984 2449 adorandum

418 2482 475 2530 et
510 2488 642 2542 pura
668 2474 885 2528 deitatis
910 2472 1281 2528 nominatione
1309 2472 1656 2528 honoratum.
1690 2472 1987 2527 Convictus

420 2562 588 2634 igitur
644 2572 729 2620 est
780 2563 1060 2635 ignorasse
1121 2563 1344 2619 omnino
1410 2564 1666 2619 virtutem
1738 2562 1985 2633 mysterii

422 2652 650 2711 Christi.

921 2768 979 2824 4.
1009 2768 1095 2822 Es;
1131 2767 1310 2848 eodem
1338 2766 1499 2822 libro.

1045 2895 1378 2937 τηεοοοιιυε.

432 3034 435 3041 .
498 2992 602 3047 Sed
646 2994 692 3048 si
739 3010 884 3056 caro.
927 2993 1074 3058 dicit,
1128 3002 1241 3048 erat
1290 3010 1407 3063 qua:
1436 2994 1705 3063 'cruri/ixa
1735 3003 1994 3064 est,quo-

423 3084 581 3139 modo
625 3086 705 3139 sol
751 3086 931 3139 radios
979 3086 1184 3148 avertit,
1235 3095 1283 3139 et
1337 3085 1563 3140 tenebrtr
1616 3094 2065 3154 occupaveruntc

426 3185 588 3228 totam
634 3178 921 3240 terram,‘et
947 3187 1097 3229 terrm
1116 3187 1308 3240 motus,
1348 3185 1398 3230 et
1427 3185 1588 3245 petra:
1628 3178 1997 3244 dirumpeban-

428 3276 537 3332 tur,
565 3276 612 3321 et
651 3269 845 3321 mortui
885 3268 1220 3337 resurgebant
1255 3268 1343 3323 ιη
1372 3245 1511 3333 Quid
1544 3268 1706 3337 igitur
1729 3270 1912 3321 dicunt
1946 3277 1997 3323 et

427 3359 493 3412 de
532 3361 755 3413 tenebris
777 3362 829 3413 in
877 3360 1118 3429 Egypto
1159 3360 1317 3425 factis
1370 3362 1464 3416 sub
1509 3370 1738 3430 tempore
1788 3361 1996 3418 Musis:

427 3464 533 3502 non
581 3450 633 3502 in
678 3451 847 3503 tribus
884 3452 1027 3504 horis
1050 3491 1063 3515 ,
1094 3455 1183 3504 sed
1217 3454 1269 3504 in
1299 3452 1466 3504 tribus
1506 3451 1688 3505 diebus
1720 3453 1813 3505 ὀἳ
1850 3452 1996 3517 Quid

427 3552 546 3590 vero
575 3536 639 3589 de
672 3537 795 3590 aliis
824 3553 917 3603 per
949 3537 1133 3591 Mosen
1162 3538 1323 3605 factis
1355 3540 1626 3592 miraculis
1651 3580 1665 3603 ,
1708 3549 1756 3592 et
1786 3556 1878 3607 per
1906 3538 2000 3593 Je-

428 3643 545 3680 sum
572 3626 739 3694 Nave,
787 3628 875 3699 qui
913 3629 1075 3681 solem
1116 3639 1257 3683 stare
1285 3628 1412 3698 fecit
1434 3629 1502 3692 ",
1527 3631 1618 3699 qui
1649 3630 1729 3683 sol
1756 3630 1849 3682 sub
1884 3647 2002 3699 rege

430 3712 662 3769 Ezecltia
690 3723 739 3769 et
766 3725 957 3784 prwter
987 3725 1237 3785 naturam
1268 3726 1586 3771 retroversus
1610 3726 1683 3770 est
1714 3719 1758 3749 “
1786 3718 1810 3771 ?
1836 3715 1902 3769 Et
1936 3719 2001 3772 de

431 3806 619 3861 Eliswi
648 3808 921 3879 reliquiis,
962 3824 1081 3877 qua:
1133 3819 1404 3862 mortuum
1455 3811 1895 3863 resuscitaverunt
1921 3811 2005 3864 "‘l

433 3900 494 3954 Si
528 3900 666 3953 enim
713 3900 877 3967 Deum
914 3898 1133 3954 Verbum
1172 3916 1381 3968 passum
1419 3916 1529 3954 esse
1558 3902 1856 3966 ostendunt,
1884 3918 2002 3972 qua:

432 3989 491 4043 in
541 3999 770 4058 tempore
808 3990 978 4044 crucis
1019 3992 1163 4059 facta
1199 3999 1354 4055 sunt,
1398 4001 1445 4044 et
1495 4002 1704 4060 prapter
1744 3992 2003 4047 Immineat

435 4096 542 4133 non
592 4082 875 4135 concedant
923 4097 985 4136 ea
1030 4082 1176 4152 facta
1224 4096 1381 4136 esse:
1412 4092 1460 4136 et
1492 4098 1610 4151 que
1634 4084 1729 4136 sub
1777 4091 2004 4153 tempore

437 4170 605 4225 Hosis
645 4183 1059 4245 propter.genus
1105 4174 1352 4240 Abrahae,
1400 4182 1448 4229 et
1492 4190 1610 4244 qua:
1646 4175 1741 4227 sub
1775 4185 2007 4244 tempore

436 4260 565 4315 Jesu
605 4260 754 4316 Nave
792 4275 839 4317 et
888 4264 1133 4319 Ezechite
1159 4265 1295 4334 regis
1323 4280 1425 4318 non
1459 4272 1635 4318 erunt.
1676 4262 1734 4319 Si
1763 4280 1881 4320 vero
1906 4266 2005 4318 illa

433 4359 649 4421 propter
681 4352 991 4408 Judworum
1048 4355 1299 4425 populum
1342 4358 1613 4409 miracula
1656 4356 1804 4425 facta
1855 4367 2002 4421 sunt,

435 4441 604 4496 multo
645 4443 811 4513 magis
849 4459 966 4514 qua:
1009 4446 1066 4499 in
1107 4461 1261 4499 cruce
1296 4454 1510 4516 propter
1547 4444 1647 4499 Dei
1688 4444 1839 4501 Verbi
1876 4455 2006 4501 tem-

434 4532 602 4603 plum.

1081 4664 1360 4706 CYRILLUS.

512 4796 533 4830 α
562 4777 933 4849 Stupefactum
971 4789 1055 4837 est
1091 4782 1289 4838 caelum
1333 4796 1497 4853 super
1542 4780 1664 4849 hoc,
1696 4791 1751 4839 et
1775 4792 2002 4840 contre—

437 4869 576 4926 muit
620 4870 849 4938 amplius
892 4872 1257 4939 vehementer,
1310 4873 1440 4928 dicit
1482 4872 1740 4929 Dominus
1774 4875 1841 4930 “.
1880 4893 1900 4927 s
1959 4872 2005 4930 Ο

438 4959 838 5015 intolerabilem
875 4961 1306 5031 malignitatem!
1348 4964 1391 5020 0
1417 4964 1651 5034 linguam
1693 4964 2005 5034 loquentem

440 5047 783 5118 iniquitatem
813 5051 1073 5107 adversus
1099 5051 1288 5118 Deum,
1325 5062 1379 5108 et
1411 5063 1640 5108 mentem
1672 5055 1726 5109 in
1760 5055 2004 5110 altitudi-

442 5155 565 5196 nem
606 5156 776 5197 cornu
823 5144 1208 5200 extollentem!
1260 5143 1457 5201 Parum
1485 5160 1608 5200 esse
1664 5146 1757 5201 tibi
1796 5146 2009 5201 videtur

443 5230 660 5287 aﬂixum
692 5248 814 5291 esse
842 5234 985 5307 ligno
1020 5236 1304 5292 Dominum
1335 5236 1556 5307 gloriae?
1590 5237 1756 5303 Quem
1788 5246 1841 5291 tu
1878 5237 2003 5306 qui-

2081 453 2179 493 nos
2206 448 2382 493 autem
2418 438 2712 502 credimus,
2754 440 2897 506 quod
2925 448 3006 493 est
3034 454 3162 494 vere
3200 440 3371 495 Filius
3402 450 3457 494 et
3491 441 3662 510 Deus,

2082 538 2295 585 creator
2321 539 2377 584 et
2409 529 2589 599 opifex
2615 532 2879 585 omnium.
2938 529 3125 599 Neque
3175 533 3317 585 enim
3351 542 3469 587 erat
3496 535 3667 589 homo

2083 622 2420 690 simpliciter,
2469 621 2563 676 sed
2598 622 2654 676 in
2686 621 2867 692 specie
2900 621 3162 687 humana,
3198 624 3290 691 qui
3337 635 3419 678 est
3445 641 3511 678 ex
3557 628 3669 680 Deo

2085 711 2244 765 Patre
2273 711 2413 765 Deus
2438 710 2714 766 Verbum:
2758 727 2862 765 non
2903 711 3312 765 translationem
3358 714 3443 765 vel
3485 725 3669 768 muta-

2087 802 2310 869 tionem,
2336 818 2455 870 qua:
2485 804 2648 858 estin
2681 817 2844 857 carne
2878 818 3092 872 passus,
3126 803 3311 857 unitus
3335 819 3463 859 vero
3485 808 3669 876 magis

2086 889 2136 944 ei
2169 894 2463 945 secundum
2514 892 2674 946 iidem
2710 907 2989 946 sacrarum
3033 890 3385 946 Litterarum.
3432 892 3537 948 iste
3565 898 3661 965 qui

2087 983 2141 1038 in
2172 997 2337 1037 carne
2372 998 2582 1051 passus,
2615 993 2668 1037 et
2697 998 2995 1052 suspensus
3023 984 3075 1038 in
3104 983 3249 1054 ligno
3266 994 3371 1051 est,
3394 986 3665 1040 miracula

2088 1074 2218 1130 fecit
2240 1075 2293 1129 in
2325 1074 2582 1146 Egypto,
2621 1075 2674 1129 in
2721 1076 2972 1131 omnibus
3002 1090 3099 1144 per
3137 1076 3439 1146 sapientem
3474 1076 3669 1133 Mosen

2088 1183 2241 1224 suam
2268 1168 2494 1239 gloriam
2530 1167 2908 1224 manifestans.

2590 1278 2645 1334 5.
2680 1276 2766 1331 Ea:
2793 1279 2975 1332 eodem
2999 1278 3157 1333 libro.

2716 1405 3054 1447 THEODOBUS.

2162 1499 2349 1556 Gratia
2396 1499 2603 1565 Filius,
2646 1502 2737 1568 qui
2775 1517 2839 1555 ex
2892 1502 3070 1556 Maria
3114 1512 3188 1555 est
3246 1503 3417 1570 homo,
3465 1515 3668 1559 natura

2050 1646 2067 1661 ,
2090 1609 2210 1647 vero
2234 1592 2372 1645 Deus
2408 1590 2652 1646 Verbum.
2683 1592 2835 1657 Quod
2875 1608 2995 1647 uero
3025 1601 3100 1646 est
3133 1592 3438 1665 gratiamon
3461 1605 3665 1648 natura

2091 1693 2165 1738 est
2197 1698 2215 1736 :
2250 1692 2299 1737 et
2329 1685 2467 1753 quod
2497 1693 2573 1738 est
2608 1695 2827 1750 natura,
2881 1701 2985 1737 non
3012 1687 3213 1753 gratia,
3253 1702 3351 1738 non
3383 1688 3488 1740 duo
3525 1688 3662 1755 ﬁlii.

2090 1773 2321 1843 Sufﬁciat
2343 1775 2549 1842 corpori
2595 1776 2734 1845 quod
2768 1790 2833 1828 ea:
2872 1776 3020 1827 nobis
3064 1784 3164 1837 est,
3208 1777 3477 1830 secundum
3522 1794 3661 1845 gra-

2092 1863 2221 1915 tiam
2263 1861 2476 1929 ﬁliatio,
2534 1862 2743 1931 gloria,
2802 1862 3219 1929 immortalitas,
3265 1878 3367 1931 quo
3411 1864 3668 1932 templum

2091 1945 2381 2008 Dei'Verbi
2412 1954 2610 2023 factum
2642 1963 2759 2008 est:
2795 1970 2899 2007 non
2939 1970 3101 2021 supra
3134 1965 3374 2007 naturam
3401 1955 3657 2019 elevetur,

2092 2053 2141 2097 et
2168 2041 2307 2097 Deus
2346 2041 2567 2096 Verbum
2594 2058 2687 2111 pro
2711 2043 2884 2096 debita
2914 2059 2946 2095 a
2986 2044 3133 2095 nobis
3161 2046 3462 2112 gratiarum
3497 2046 3666 2096 actio-

2095 2149 2158 2188 ne
2187 2149 2289 2187 uon
2327 2134 2630 2203 injurietur.
2677 2132 2744 2187 Et
2786 2150 2907 2203 quae
2946 2146 3022 2187 est
3062 2135 3261 2201 iniuria
3289 2135 3315 2187 7
3339 2133 3668 2202 Componere

2094 2221 2268 2291 ipsum
2311 2239 2427 2275 cum
2474 2239 2711 2291 corpore,
2766 2233 2814 2277 et
2876 2234 3062 2292 putare
3115 2238 3230 2274 eum
3275 2225 3345 2274 ad
3380 2224 3669 2291 perfectam

2094 2313 2410 2383 ﬁliationem
2442 2314 2677 2383 corporis
2706 2314 2959 2383 indigere.
2991 2312 3175 2381 Neque
3206 2313 3317 2381 ipse
3344 2313 3483 2366 Deus
3536 2311 3662 2367 Ver-

2096 2403 2218 2477 bum
2252 2403 2358 2456 vult
2387 2402 2612 2471 seipsum
2656 2401 2860 2456 Filium
2891 2403 3057 2456 David
3088 2419 3219 2467 esse,
3241 2403 3334 2456 sed
3357 2403 3622 2457 Dominus
3648 2418 3673 2458 :

2095 2510 2284 2561 corpus
2327 2510 2445 2548 vero
2495 2496 2670 2548 uocari
2716 2494 2889 2562 ﬁlium
2929 2494 3136 2558 Dauid,
3192 2510 3297 2549 non
3354 2494 3523 2551 solum
3561 2512 3666 2550 neu

2096 2587 2281 2641 invidit
2300 2625 2315 2651 ,
2347 2586 2438 2641 sed
2460 2588 2618 2641 etiam
2648 2597 2860 2656 propter
2885 2586 2985 2640 hoc
3017 2588 3275 2657 pervenit.

2744 2732 3027 2774 CYRILLUS.

2169 2851 2313 2923 Ergo
2358 2852 2616 2923 quoniam
2664 2854 2805 2922 quod
2858 2860 2945 2907 est
2996 2853 3329 2923 gratia,nou
3355 2841 3573 2922 naturt't,
3605 2864 3666 2911 et

2038 2944 2041 2947 ‘
2101 2945 2241 3013 quod
2276 2953 2362 2998 est
2400 2954 2617 3009 natura,
2645 2960 2751 2999 nou
2779 2944 2952 3014 gratia
2973 2986 2990 3010 ,
3023 2959 3130 2998 non
3161 2954 3288 2999 sunt
3309 2944 3399 2999 lilii
3435 2947 3544 3000 duo
3570 2960 3664 3002 se-

2103 3036 2336 3090 cundum
2367 3045 2512 3090 tuam
2551 3037 2835 3092 rationem.
2870 3035 2972 3101 Qui
3011 3036 3185 3105 gratia
3225 3036 3431 3105 quidem
3458 3043 3515 3089 et
3542 3050 3656 3090 non

2100 3138 2293 3183 natura
2352 3128 2522 3184 Filius
2553 3139 2655 3194 est,
2693 3145 2797 3183 non
2834 3137 2915 3182 est
2949 3142 3076 3181 vere
3100 3128 3259 3193 ﬁlius,
3289 3136 3526 3191 superest
3550 3142 3661 3181 su-

2100 3225 2205 3271 tem
2253 3226 2314 3271 ut
2353 3227 2524 3272 staret
2567 3232 2709 3272 vera:
2751 3215 3030 3270 filiationis
3062 3215 3229 3285 gloria
3260 3215 3309 3267 in
3341 3229 3405 3268 eo
3429 3215 3527 3283 qui
3567 3226 3667 3270 est

2100 3316 2371 3362 naturaet
2403 3322 2509 3361 non
2549 3308 2741 3376 gratia,
2777 3305 2830 3359 id
2861 3313 2967 3371 est,
3011 3307 3063 3359 in
3096 3307 3204 3359 Deo
3230 3304 3422 3368 Verbo,
3452 3303 3550 3373 qui
3579 3314 3675 3357 est

2099 3413 2165 3454 ex
2193 3397 2303 3452 Deo
2346 3398 2531 3452 Patre.
2583 3397 2849 3466 Expulsus
2889 3405 2973 3451 est
2995 3395 3185 3466 igitur,
3217 3395 3361 3449 sicut
3390 3394 3517 3456 dixi,
3547 3407 3676 3448 esse

2100 3504 2153 3548 et
2175 3494 2278 3547 dici
2302 3493 2468 3549 Filius
2497 3493 2590 3547 Dei
2616 3493 2862 3547 Christus
2881 3488 3059 3554 Jesus,
3093 3504 3190 3559 per
3212 3502 3375 3557 quem
3410 3495 3460 3540 et
3493 3483 3664 3539 salvi-

2102 3583 2247 3638 ticati
2278 3599 2486 3649 sumus,
2540 3592 2767 3638 mortem
2809 3582 2927 3650 ejus
2966 3581 3373 3640 annuntiat-tes,
3409 3585 3463 3631 et
3493 3574 3672 3631 contio

2104 3684 2280 3731 tentes
2332 3676 2804 3731 resurrectionem.
2852 3673 3087 3728 Verbum
3147 3672 3292 3726 enim
3349 3669 3474 3724 fidei
3519 3668 3665 3737 quod

2103 3767 2477 3836 praedicamus,
2528 3767 2594 3819 ad
2638 3766 2795 3820 istam
2826 3778 2925 3819 nos
2967 3762 3363 3817 confessionem
3398 3759 3673 3830 producit.

2104 3857 2243 3927 Ergo
2289 3857 2342 3911 in
2379 3856 2651 3910 hominem
2697 3856 2829 3911 fides
2873 3862 2979 3921 est,
3011 3863 3064 3909 et
3099 3868 3203 3907 non
3247 3853 3299 3905 in
3338 3865 3465 3904 eum
3499 3850 3594 3920 qui
3624 3858 3680 3904 et

2104 3957 2295 4002 natura
2324 3957 2377 4003 et
2406 3962 2533 4003 vere
2567 3947 2663 4003 Dei
2707 3946 2876 4001 Filius
2927 3954 3030 4001 est.
3078 3945 3136 3998 Si
3170 3942 3312 3999 enim
3339 3956 3536 3998 verum
3570 3950 3683 4007 est,

2105 4039 2195 4109 qui
2231 4039 2362 4093 dicit
2408 4041 2584 4108 gratia
2638 4038 2957 4093 filiatiunem
3010 4038 3258 4092 sortitum
3309 4050 3433 4091 esse
3475 4037 3682 4105 ipsum,

2107 4128 2436 4182 multitudini
2475 4128 2706 4183 ﬁliorum
2740 4126 3241 4192 connumerahitur,
3285 4125 3338 4178 id
3383 4132 3471 4179 est
3501 4124 3683 4187 nobis,

2105 4214 2303 4282 quibus
2329 4228 2558 4282 superna
2591 4217 2761 4283 gratia
2793 4214 3105 4269 liliationem
3128 4216 3320 4278 donat,
3360 4231 3383 4265 ι
3414 4215 3483 4267 ad
3514 4228 3682 4283 quam

2106 4305 2283 4359 vocati
2325 4320 2509 4360 sumus
2538 4320 2634 4375 per
2678 4304 2857 4369 Jesum
2905 4306 3203 4371 Christum,
3239 4304 3330 4374 qui
3363 4319 3427 4359 ex
3467 4304 3686 4359 semine

2034 4425 2080 4481 ι)
2109 4394 2277 4451 David
2319 4404 2405 4451 est
2443 4396 2737 4451 secundum
2783 4410 3006 4452 carnem
3036 4396 3103 4449 ".
3141 4414 3162 4448 ι
3194 4395 3258 4450 Ει
3281 4404 3489 4450 certum
3515 4405 3569 4448 te
3599 4394 3689 4448 fa-

2106 4488 2216 4545 ciat
2255 4489 2439 4544 dicens
2494 4488 2712 4543 divinus
2738 4489 3065 4559 evangelista
3094 4503 3108 4542 :
3142 4505 3163 4538 ‹
3202 4486 3304 4554 Qui
3349 4500 3481 4540 vero
3511 4499 3687 4540 acce-

2106 4588 2302 4649 perunt
2322 4595 2444 4634 eum
2475 4579 2575 4651 (1),
2606 4580 2753 4635 dedit
2778 4581 2859 4635 eis
2881 4587 3202 4650 potestatem
3236 4577 3377 4632 ﬁlios
3402 4576 3506 4631 Dei
3536 4574 3689 4642 ﬁeri,

2107 4669 2454 4726 credentibus
2494 4672 2546 4725 iu
2578 4672 2800 4726 nomine
2831 4670 2968 4739 ejus.
3007 4688 3027 4721 ι
3055 4669 3258 4724 Deinde
3283 4667 3558 4736 quomodo
3588 4668 3692 4735 qui

2108 4761 2175 4816 ab
2204 4760 2373 4815 altero
2410 4761 2590 4816 datam
2627 4762 2944 4831 dignitatem
2998 4761 3274 4816 ﬁliationis
3307 4761 3544 4814 sortitus
3573 4770 3691 4824 est,

2108 4859 2163 4906 et
2187 4851 2341 4905 nobis
2382 4850 2515 4919 ipsis
2556 4852 2759 4907 donare
2802 4866 2907 4906 non
2950 4866 3104 4905 suam
3133 4850 3325 4921 magis,
3356 4852 3453 4904 scd
3488 4849 3697 4918 acqui-

2108 4940 2264 4995 sitam
2294 4941 2343 4996 ei
2376 4942 2716 4997 extrinsecus
2738 4943 3011 5011 gratiam?

2182 5051 2250 5105 Et
2275 5060 2391 5122 post
2419 5069 2590 5123 pauca
2616 5069 2635 5108 :
2667 5054 2823 5110 Dedit
2861 5055 3099 5125 seipsum
3134 5055 3188 5109 in
3218 5052 3701 5109 examinationem

2110 5146 2301 5214 Filius,
2346 5157 2401 5202 et
2441 5160 2561 5202 cum
2589 5147 2641 5202 in
2669 5149 2923 5204 omnibus
2968 5158 3113 5204 esset
3159 5145 3462 5217 perfectus,
3513 5144 3707 5199 voluit

2110 5237 2219 5308 pati
2252 5236 2638 5304 humilitatem,
2682 5247 2737 5294 et
2774 5239 3070 5295 secundum
3113 5252 3331 5293 carnem
3358 5251 3426 5291 ex
3453 5235 3713 5291 muliere
3766 5280 3787 5294 .

518 5384 987 5465 ’ν’-ξοθηᾌξε-ἶζὸ.
1061 5390 1107 5424 ⁸⁸
1132 5390 1265 5465 ibid1
1285 5391 1384 5465 _'57,
1410 5391 1503 5465 {98.
1581 5391 1622 5423 ’³
1648 5390 1993 5465 Μειιιιιηιινιὶ

2099 5391 2240 5448 1-55.
2308 5392 2365 5465 ξ’
2385 5392 2556 5451 Exod.
2589 5407 2645 5458 ι,
2681 5392 2771 5449 22.
2850 5393 2895 5426 ’³
2922 5390 3086 5450 Josue
3109 5408 3164 5462 x,
3198 5390 3288 5446 i2.
3362 5390 3409 5424 ”
3434 5388 3512 5446 1V
3542 5390 3709 5465 Reg.

448 5472 544 5521 xx,
581 5455 672 5511 10.
746 5458 882 5513 "lV
910 5459 1043 5532 Reg.
1082 5475 1202 5525 xm,
1237 5461 1327 5515 2|.

528 5613 608 5686 (1)
640 5613 723 5669 AL.
758 5630 895 5684 eam,
922 5615 1043 5671 scil.
1068 5617 1319 5686 gratiam.
1355 5616 1524 5673 "ABD.

1405 5460 1450 5493 ”
1475 5461 1675 5518 Jerem.
1711 5478 1769 5529 ιι,
1800 5462 1885 5516 1‘2.
1964 5463 2009 5496 "
2039 5461 2195 5519 Rom.
2240 5476 2277 5531 ι,
2307 5461 2360 5517 5.
