3952 6200
282 300 413 357 ΗΜ

1468 288 1902 347 FRAGMENTA
1939 285 2367 346 DOGMATICA.

3394 291 3421 345 l
3431 289 3536 345 ιη

283 418 553 473 sustinere
588 416 951 485 nativitatem,
978 424 1033 472 et
1074 413 1373 486 appellatus
1397 421 1484 469 est
1509 412 1651 466 ﬁlius
1670 396 1856 466 'Abra-
1883 413 1931 471 Α
1958 422 2079 463 rum
2139 406 2507 477 apostolorum
2556 414 2613 462 et
2664 407 3118 479 evangelistarum
3192 408 3535 480 impudenter

286 510 364 563 ha:
392 517 446 563 et
481 508 674 563 David.
715 508 831 565 Non
864 509 1095 564 miratus
1119 523 1178 563 es
1204 516 1313 562 tam
1346 507 1543 561 bonum
1570 505 1853 574 dispensa-

288 599 446 654 tionis
496 599 812 664 artiﬁcium,
862 602 1038 671 magis
1086 613 1217 654 vero
1255 595 1609 666 reprehendis
1650 603 1855 665 myste-

289 691 424 743 rium
463 708 476 744 :
520 690 774 757 iniuriam
816 706 937 745 esse
972 692 1159 746 dicens
1191 689 1619 743 incarnationem
1650 672 1852 756 unige-

287 780 408 845 niti,
451 782 705 852 inerepas
760 784 1044 838 consilium
1093 782 1189 837 Dei
1231 790 1286 835 et
1321 780 1502 835 Patris
1545 799 1558 835 :
1594 779 1855 835 inclantas

252 916 257 919 .
284 887 412 927 vero
441 873 603 927 etiam
640 874 814 941 ipsum
847 872 1066 938 Filium,
1099 872 1190 942 qui
1228 873 1337 941 pati
1368 871 1535 925 voluit
1560 878 1778 939 propter
1802 877 1855 922 te

284 964 732 1019 exinanitionem.
779 962 914 1018 Cum
964 945 1128 1032 igitur
1174 962 1415 1017 audieris
1469 961 1737 1015 dicentem
1786 961 1855 1015 ad

284 1053 559 1109 caelestem
592 1054 808 1109 Patrem
852 1064 906 1109 et
954 1055 1153 1109 Deum:
1184 1071 1202 1105 α
1245 1051 1585 1108 Sacriﬁcium
1619 1060 1674 1107 et
1706 1050 1856 1106 obla—

287 1145 484 1198 tionem
534 1144 789 1212 noluisti,
868 1144 1182 1199 holocausta
1241 1152 1297 1198 et
1339 1158 1436 1212 pro
1487 1142 1683 1197 delicto
1742 1155 1850 1196 non

232 1270 237 1275 ε
282 1238 594 1306 postulasti,
623 1251 820 1306 corpus
844 1229 1020 1290 autem
1048 1236 1322 1304 perfecisti
1353 1234 1482 1289 mihi
1518 1253 1533 1288 :
1562 1242 1675 1288 tum
1704 1234 1811 1289 dixi
1838 1246 1853 1286 :

239 1357 242 1361 η
282 1324 418 1380 Ecce
453 1325 611 1379 venio
646 1344 658 1378 :
688 1324 745 1377 in
797 1326 974 1394 capite
1030 1324 1150 1378 libri
1200 1326 1464 1393 scriptum
1515 1324 1693 1377 estde
1745 1337 1853 1390 me,

284 1426 340 1467 ιιι
367 1412 562 1467 faciam
607 1412 936 1467 voluntatem
967 1422 1135 1479 tuam,
1190 1414 1350 1477 Deus,
1398 1411 1541 1467 volui
1574 1412 1659 1478 '°;
1691 1430 1709 1463 ι
1749 1427 1855 1467 non

286 1515 432 1560 recta
475 1504 716 1572 cogitare
758 1505 986 1559 forsitan
1030 1504 1224 1559 Filium
1261 1504 1327 1559 de
1360 1519 1454 1558 sua
1485 1503 1654 1573 gloria
1688 1504 1853 1558 dices.
1892 1559 1899 1565 _

283 1597 457 1668 Elegit
484 1599 626 1652 enim
652 1597 898 1666 corporis
932 1596 1342 1666 perfectionem,
1389 1606 1443 1650 et
1475 1609 1579 1653 non
1613 1594 1702 1647 alii
1739 1610 1856 1649 ma-

283 1692 362 1760 gis
393 1689 614 1754 factam,
643 1689 736 1743 sed
763 1688 866 1744 sibi
903 1688 1199 1743 secundum
1239 1688 1403 1740 verba
1441 1684 1854 1754 ipsins,Corpus

266 1779 733 1849 atttemper/‘ecisti,
761 1778 893 1833 dicit
930 1795 944 1831 :
978 1776 1105 1831 licet
1133 1775 1373 1829 audieris
1410 1774 1639 1828 Paulum
1664 1777 1852 1829 dicen-

280 1882 388 1926 tem
445 1871 511 1925 de
546 1872 655 1925 Deo
702 1869 882 1925 Verbo
930 1885 1001 1922 τι
1044 1867 1185 1938 Ergo
1234 1867 1360 1934 quia
1423 1865 1518 1920 ﬁlii
1566 1866 1858 1936 participes

285 1970 407 2016 sunt
438 1960 722 2031 sanguinis
750 1967 805 2015 et
836 1959 1043 2021 carnis,
1070 1968 1123 2012 et
1165 1958 1280 2027 ipse
1304 1957 1554 2012 similiter
1584 1960 1858 2026 particeps

278 2052 460 2106 tactus
491 2060 575 2106 est
618 2052 933 2106 eorumdem
968 2052 1055 2117 ";
1097 2070 1115 2102 ‹
1154 2061 1208 2105 et
1253 2052 1333 2106 sic
1378 2052 1593 2119 sapiens
1619 2051 1857 2106 Joannes

281 2145 472 2199 scribit
506 2160 519 2197 :
560 2161 579 2195 r
621 2144 685 2197 Et
715 2144 950 2198 Verbum
993 2158 1120 2199 caro
1144 2143 1344 2197 factum
1375 2152 1479 2206 est,
1508 2152 1563 2197 et
1589 2143 1858 2197 habitavit

282 2239 333 2291 in
363 2236 519 2291 nobis
549 2236 594 2268 ³⁸
619 2253 634 2301 ;
664 2254 684 2288 ι
720 2251 879 2304 surge
905 2247 1090 2289 contra
1129 2249 1223 2288 cos
1255 2234 1540 2287 clamans:
1589 2234 1714 2287 Non
1760 2250 1854 2301 pro

279 2328 453 2381 debila
496 2328 795 2395 gratiarum
839 2327 1049 2380 actione
1086 2340 1119 2377 a
1162 2323 1311 2376 nobis
1358 2322 1664 2391 injurietur,
1715 2322 1856 2376 Deus

293 2418 515 2474 Verbum
540 2435 642 2473 non
667 2419 843 2488 [actus
876 2426 951 2471 est
983 2432 1128 2480 caro,
1156 2415 1292 2469 Deus
1338 2412 1563 2468 Verbum
1596 2430 1697 2467 non
1728 2429 1857 2482 par-

278 2510 439 2578 ticeps
485 2510 583 2578 fuit
631 2524 745 2562 vere
786 2506 1057 2577 sanguinis
1096 2516 1143 2559 et
1182 2505 1358 2558 carnis
1382 2520 1401 2557 :
1431 2503 1676 2557 similiter
1709 2502 1856 2556 nobis

279 2617 382 2655 non
412 2609 567 2654 natus
595 2611 671 2655 est
692 2601 979 2653 secundum
1017 2613 1223 2651 carnem
1258 2612 1322 2649 ex
1346 2595 1584 2658 muliere,
1627 2610 1730 2647 non
1763 2610 1857 2661 ap-

274 2692 502 2761 pellatus
523 2701 599 2745 est
626 2691 770 2759 ﬁlius
810 2689 1003 2743 David.
1033 2687 1147 2741 Hoc
1180 2688 1339 2752 enim,
1370 2686 1509 2756 quod
1539 2694 1587 2740 et
1613 2685 1856 2738 nomina-

276 2783 325 2835 ri
361 2798 480 2836 eum
545 2782 806 2851 injurium
851 2792 946 2843 est,
991 2790 1037 2833 et
1074 2796 1175 2833 non
1204 2777 1492 2831 secundum
1539 2776 1855 2830 voluntatem

275 2873 464 2941 ipsius,
502 2873 761 2941 quomodo
796 2872 910 2940 pati
942 2871 1235 2925 uoluisset?
1265 2870 1368 2924 Sed
1403 2884 1523 2936 nos,
1554 2884 1587 2922 ο
1617 2870 1851 2937 sapiens,

190 2974 191 2977 ‘
273 2965 585 3035 gloriﬁcare
617 2964 1002 3019 consuevimus
1035 2964 1202 3017 Deum
1225 2972 1280 3017 et
1304 2962 1543 3025 Patrem,
1574 2961 1697 3029 quia
1728 2975 1853 3014 cor-

277 3070 378 3123 pus
409 3054 701 3124 perfecerit
735 3053 913 3111 Filio:
949 3064 1003 3108 et
1036 3057 1208 3123 ipsum
1234 3068 1363 3109 vero
1392 3052 1622 3106 dicimus
1655 3051 1848 3144 Filium
1878 3085 1921 3144 ο

270 3145 477 3198 factum
522 3160 778 3209 carnem,
824 3146 876 3199 id
913 3154 998 3199 est
1044 3144 1337 3210 hominem,
1374 3157 1591 3212 passum
1631 3143 1850 3211 quidem

274 3247 397 3288 esse
424 3245 650 3303 propter
686 3250 784 3289 nos
813 3235 1265 3299 exinanitionem,
1303 3243 1358 3288 et
1387 3242 1589 3288 nostrae
1619 3248 1853 3302 pauper-

277 3324 404 3381 tatis
432 3326 647 3380 subisse
683 3325 1069 3389 humilitatem,
1103 3326 1476 3394 permansisse
1508 3338 1638 3379 vero
1682 3333 1737 3377 et
1772 3323 1852 3379 sic

276 3414 471 3479 Deum,
518 3425 573 3470 et
612 3415 808 3469 Filium
844 3430 1031 3468 verum
1074 3416 1165 3470 Dei
1207 3424 1262 3468 et
1314 3413 1517 3470 Patris.
1570 3402 1852 3482 Qnoniodo

276 3507 443 3577 igitur
474 3522 580 3563 non
629 3507 797 3562 voluit
835 3507 1006 3561 Filius
1040 3508 1310 3561 nominari
1334 3506 1539 3573 -David,
1573 3508 1618 3563 si
1655 3509 1849 3564 huma-

276 3610 437 3654 natus
465 3609 568 3665 est,
601 3607 656 3653 et
685 3599 787 3653 hoc
812 3613 919 3651 non
952 3598 1201 3652 invitus?

274 3710 329 3768 6.
356 3711 442 3765 Ea:
476 3711 650 3778 primo
678 3690 1072 3781 libro‘rsanctw'
1113 3714 1380 3765 memoria?
1427 3710 1638 3781 Cyrilli,
1686 3714 1751 3770 tle
1788 3731 1848 3771 eo

342 3782 480 3852 quod
516 3797 651 3834 unus
686 3792 759 3834 est
786 3778 1046 3848 Christus,
1089 3792 1270 3835 contra
1308 3778 1654 3838 Theodorum.

342 3895 482 3952 Sunt
519 3896 698 3961 enim,
740 3904 865 3951 sunt
899 3897 988 3965 qui
1026 3896 1444 3967 Redemptorem
1478 3910 1533 3956 et
1562 3902 1846 3956 Dominum

271 4004 431 4043 suum
469 4002 690 4061 negant,
740 3999 794 4045 et
826 3988 1020 4043 Filium
1060 3990 1281 4060 quidem
1314 4008 1502 4046 verum
1529 3994 1621 4049 Dei
1667 3992 1847 4051 Patris

273 4096 379 4135 non
403 4082 587 4136 dicunt
620 4097 741 4136 eum
771 4096 913 4146 esse,
949 4082 1039 4150 qui
1077 4082 1128 4134 in
1166 4082 1373 4137 ultimis
1430 4084 1612 4138 saeculi
1641 4094 1849 4155 tempo-

273 4173 425 4227 ribus
476 4190 538 4227 ex
589 4174 817 4227 muliere
877 4174 1172 4227 secundum
1224 4187 1447 4228 carnem
1505 4177 1844 4232 nativitatem

270 4272 496 4331 propter
544 4278 642 4315 nos
696 4262 992 4329 sustinuit,
1066 4263 1383 4330 apparuisse
1431 4273 1611 4318 autem
1672 4268 1846 4337 magis

272 4353 391 4406 orbi
449 4362 714 4405 terrarum
772 4353 939 4407 Deum
987 4361 1257 4407 recentem
1291 4364 1345 4407 et
1371 4366 1668 4424 posterum,
1705 4358 1846 4414 ﬁlia-

272 4441 437 4497 tionis
494 4441 720 4511 gloriam
782 4445 1124 4499 extrinsecus
1175 4445 1501 4511 acquisitam
1559 4447 1845 4505 habentem
1880 4418 2142 4486 Dremm’

272 4533 415 4587 sicut
454 4539 509 4586 et
551 4547 669 4599 nos,
714 4543 769 4587 et
812 4535 963 4599 quasi
1003 4536 1325 4604 quibusdam
1369 4537 1690 4593 adulterinis
1712 4540 1844 4611 ‘glo-

273 4623 501 4677 riantem
548 4625 870 4689 honoribus,
927 4635 984 4679 ut
1019 4625 1133 4695 jam
1169 4627 1595 4697 anthropolatria
1623 4638 1678 4684 et
1710 4632 1843 4686 nihil

269 4715 414 4767 aliud
456 4725 622 4776 esset,
666 4724 721 4768 et
769 4716 1029 4769 adoretur
1072 4717 1236 4771 homo
1275 4717 1472 4787 aliquis
1497 4735 1621 4774 cum
1648 4732 1837 4777 sancta

269 4803 535 4859 Trinitate
554 4814 663 4859 tam
696 4820 725 4857 a
758 4806 935 4866 nobis,
964 4822 1126 4874 quam
1152 4822 1180 4859 a
1205 4806 1413 4863 sanctis
1447 4812 1690 4881 angelis:
1727 4813 1847 4869 haec

269 4896 491 4965 quidam
534 4896 692 4948 valde
721 4896 961 4962 superbi,
995 4904 1051 4948 et
1080 4910 1274 4964 magna
1326 4900 1600 4966 sapientes
1624 4904 1675 4956 in
1700 4905 1842 4958 divi-

269 5000 461 5039 narum
512 4983 918 5053 Scripturarnm
964 4985 1223 5051 scientia,
1271 4988 1387 5040 suis
1434 4991 1652 5059 scriptis
1690 4993 1840 5049 inse-

270 5082 535 5127 ruerunt:
568 5083 623 5128 et
653 5073 795 5128 sicut
826 5074 959 5128 dicit
998 5074 1240 5128 omnium
1271 5073 1528 5132 Dominus
1557 5093 1838 5146 pernnum

269 5176 584 5221 sanctorum
626 5166 1032 5235 prophetarum,
1074 5182 1093 5215 ι
1138 5165 1384 5231 laqueum
1412 5168 1602 5220 statuit
1631 5168 1699 5222 ad
1723 5185 1845 5226 cor-

269 5256 869 5323 rnmpendoshomines
899 5254 999 5307 ³³.»
1042 5252 1178 5319 Quid
1197 5256 1341 5308 enim
1376 5255 1518 5310 aliud
1552 5257 1646 5321 sit,
1679 5273 1840 5330 quam

269 5345 499 5408 laqueus
543 5356 600 5401 et
639 5345 976 5411 scandalum,
1022 5347 1205 5415 lingua
1248 5346 1473 5415 loquens
1506 5350 1754 5419 distorta,
1788 5362 1845 5408 et

271 5450 448 5490 sacris
493 5436 719 5492 Litteris
774 5437 1150 5504 abhorrentia,
1202 5447 1258 5493 et
1306 5439 1584 5495 traditioni
1620 5453 1840 5498 sancto-

344 5612 391 5646 “
414 5610 554 5668 Psal.
585 5628 774 5677 χχιιι.
803 5614 923 5669 7-9.
950 5614 1111 5671 Hebr.
1145 5631 1219 5679 ts,
1262 5616 1379 5672 6-9.

272 5681 321 5716 ’°
347 5680 490 5737 Psal.
530 5698 646 5751 vnt,
673 5684 729 5740 6.
805 5685 844 5717 ³¹
868 5685 999 5741 ibid.
1037 5686 1161 5754 6-8;
1190 5686 1356 5747 Hebr.
1385 5704 1446 5759 tt,
1482 5689 1597 5746 6-8.

1455 5620 1500 5651 ⁸⁷
1524 5618 1689 5676 Hebr.
1710 5637 1767 5683 ll,
1796 5623 1884 5679 M.

1960 498 2322 554 resistentia?
2366 497 2746 555 Recusandum
2793 499 2959 568 igitur
2988 514 3083 557 eos
3108 501 3201 571 qui
3235 509 3342 556 tam
3375 500 3534 558 malis

1958 588 2134 657 culpis
2185 589 2402 644 obnoxii
2452 598 2598 655 sunt,
2644 589 2758 645 sive
2784 592 2836 645 in
2875 591 3013 646 vivis
3054 600 3200 659 sunt,
3246 591 3359 646 sive
3401 607 3529 647 non.

1956 680 2043 735 Ab
2075 680 2165 734 illo
2188 682 2334 735 enim
2367 681 2510 750 quod
2544 691 2721 747 nocet,
2753 683 3008 738 recedere
3027 676 3392 739 necessarium
3414 689 3531 747 est;

1956 782 2013 827 et
2055 788 2160 829 non
2190 772 2261 826 ad
2306 788 2596 843 personam
2641 774 2934 843 respicere,
2993 776 3088 830 sed
3140 776 3195 830 id
3243 775 3386 846 quod
3424 776 3535 831 Deo

1956 865 2160 936 placet,
2191 875 2407 937 oportet
2435 867 2806 923 considerare.

2336 980 2388 1034 7.
2415 979 2502 1035 Ea:
2529 980 2759 1036 secundo
2786 979 2920 1035 libro
2944 979 3151 1050 Cyrilli.

2580 1094 2932 1151 rasouonus.‘

2034 1248 2055 1281 ι
2094 1228 2231 1296 Quid
2262 1237 2347 1285 est
2371 1232 2536 1285 homo
2559 1230 2705 1300 quod
2748 1242 2955 1284 memor
2983 1243 3042 1285 es
3072 1228 3189 1298 ejus
3217 1230 3241 1285 ?
3270 1238 3361 1285 aut
3391 1232 3531 1290 ﬁlius

1959 1322 2214 1385 hominis,
2252 1323 2396 1393 quod
2432 1324 2621 1378 visitas
2650 1338 2772 1379 eum
2799 1323 2886 1377 “i
2925 1341 2943 1374 ι
2981 1321 3389 1379 Consideremus
3423 1327 3529 1395 igi-

1958 1425 2066 1479 tur,
2118 1414 2235 1481 quis
2286 1415 2441 1468 homo
2485 1416 2586 1481 sit,
2634 1416 2699 1469 de
2748 1430 2853 1485 quo
2891 1416 3134 1484 stupescit
3186 1425 3232 1469 et
3282 1416 3531 1483 miratur,

1957 1507 2097 1576 quod
2150 1505 2461 1576 Unigenitus
2502 1508 2750 1577 dignatus
2799 1517 2870 1561 est
2909 1507 3025 1576 ejus
3065 1507 3370 1561 memoriam
3412 1508 3536 1562 visi-

1962 1599 2319 1669 tationemque
2376 1598 2571 1667 facere.
2623 1598 2730 1653 Sed
2767 1598 2907 1665 quod
2955 1598 3160 1668 quidem
3199 1614 3303 1652 non
3334 1600 3535 1652 dictum

1959 1698 2033 1742 est
2086 1690 2149 1742 de
2192 1690 2368 1752 omni,
2430 1692 2485 1741 in
2537 1690 2895 1756 superioribus
2947 1688 3364 1743 demonstratum
3418 1700 3534 1745 est:

1956 1780 2098 1849 quod
2131 1789 2308 1834 autem
2343 1797 2445 1834 non
2475 1782 2538 1835 de
2573 1797 2676 1834 uno
2716 1781 2964 1851 quolibet,
2999 1788 3049 1834 et
3080 1781 3176 1834 Itoc
3206 1792 3402 1836 certum
3429 1774 3557 1837 est.—

1961 1868 2027 1923 Ut
2073 1880 2246 1924 autem
2297 1872 2473 1925 omnia
2530 1872 3036 1940 praetermittamus,
3091 1872 3230 1941 quod
3292 1872 3534 1927 omnibus

1957 1958 2261 2013 credibilius
2289 1970 2386 2027 est,
2420 1961 2765 2028 apostolicum
2803 1962 3157 2016 testimonium
3186 1965 3531 2032 excipiamus.

1958 2048 2151 2102 Scribit
2208 2051 2370 2119 igitur
2425 2050 2709 2119 Apostolus
2758 2052 2827 2104 ad
2873 2048 3143 2116 Hebraeos,
3195 2070 3420 2107 narrans
3471 2056 3534 2108 de

1959 2138 2190 2203 Christo,
2223 2157 2611 2212 personamque
2641 2158 2791 2195 suam
2818 2158 2927 2195 non
2973 2144 3344 2213 acceptabilem
3392 2145 3534 2210 apud

1955 2247 2042 2284 eos
2077 2231 2415 2298 conﬁrmans,
2442 2233 2517 2285 ita
2546 2234 2710 2296 dicit;
2739 2233 3055 2301 testiﬁcatus
3084 2244 3157 2301 est
3185 2251 3303 2288 vero
3327 2235 3528 2288 alicubi

1956 2324 2172 2391 quidem
2207 2320 2425 2374 dicens:
2461 2341 2480 2371 ς
2517 2323 2655 2388 Quid
2704 2332 2786 2377 est
2838 2323 2998 2377 homo
3027 2326 3166 2391 quod
3213 2340 3421 2380 memor
3473 2342 3535 2383 cs

1956 2409 2091 2477 ejus.
2156 2419 2250 2463 aut
2288 2411 2429 2465 ﬁlius
2461 2413 2717 2477 hominis,
2763 2415 2905 2483 quod
2950 2415 3141 2469 visitas
3170 2415 3337 2469 eum?
3369 2416 3536 2472 Mino-

1957 2504 2085 2556 rasti
2115 2513 2236 2554 eum
2270 2502 2427 2570 paulo
2457 2504 2638 2557 minus
2669 2504 2737 2557 ab
2772 2505 3011 2574 angelis,
3048 2506 3213 2575 gloria
3242 2517 3294 2561 et
3327 2509 3533 2565 honore

1955 2594 2228 2647 coronasti
2261 2609 2410 2658 eum,
2438 2603 2491 2648 et
2514 2596 2846 2650 constituisti
2874 2611 2996 2650 eum
3033 2613 3194 2667 supra
3234 2614 3398 2669 opera
3424 2615 3535 2655 ina-

1955 2700 2122 2739 nunm
2187 2696 2451 2740 tuarum:
2516 2688 2698 2741 omnia
2772 2686 3051 2754 subjecisti
3122 2691 3222 2745 sub
3302 2692 3531 2760 pedibus

1956 2777 2071 2844 ejus
2103 2777 2143 2808 "
2172 2793 2187 2841 ;
2220 2796 2236 2829 ι
2266 2787 2313 2831 et
2343 2794 2459 2831 cum
2491 2778 2846 2832 testimonium
2880 2780 3127 2844 dixisset,
3180 2781 3531 2857 interpretans

1954 2866 2125 2935 ipsum
2172 2868 2350 2922 intulit
2389 2885 2408 2924 :
2447 2887 2466 2921 ι
2501 2869 2853 2938 Suhjiciendo
2903 2881 3083 2925 autem
3137 2873 3342 2938 omnia,
3395 2874 3532 2928 nihil

1954 2955 2292 3013 dintisitnon
2328 2959 2650 3026 subjectum.
2700 2960 2857 3015 Modo
2902 2971 3082 3015 autem
3112 2964 3347 3017 nondum
3388 2965 3533 3020 vide-

1956 3059 2078 3101 mus
2100 3051 2282 3100 omnia
2317 3048 2363 3102 ei
2405 3047 2648 3117 subjecta
2686 3048 2753 3102 ³³.
2799 3066 2819 3099 ι
2871 3046 2940 3102 Et
2968 3051 3081 3119 quis
3108 3051 3263 3105 homo
3297 3052 3411 3115 est,
3435 3054 3530 3107 do-

1957 3152 2076 3192 cens
2106 3154 2223 3202 nos,
2258 3141 2506 3208 quoniam
2538 3140 2758 3193 dubium
2791 3149 2907 3194 erat
2948 3158 2980 3194 a
3026 3159 3146 3196 voce
3184 3145 3362 3212 posita
3387 3146 3531 3213 apud

1955 3227 2162 3280 beatum
2213 3228 2407 3294 David,
2457 3231 2635 3284 intulit
2679 3247 2751 3285 :c
2798 3232 2966 3287 Paulo
3011 3243 3190 3289 autem
3241 3238 3422 3291 minus
3462 3240 3532 3292 ab

1954 3317 2164 3386 angelis
2201 3318 2531 3373 minoratum
2570 3321 2817 3376 videmus
2859 3320 3068 3387 Jesum,
3123 3335 3347 3395 propter
3404 3343 3531 3395 pas-

1953 3407 2161 3464 sionem
2215 3412 2407 3466 mortis
2459 3412 2629 3481 gloria
2684 3424 2740 3468 et
2791 3415 3004 3472 honore
3045 3428 3363 3472 coronatum
3401 3420 3467 3474 ³³.
3504 3439 3524 3473 ι

1953 3498 2015 3555 Si
2059 3503 2224 3571 igitur
2254 3519 2321 3557 ea:
2358 3504 2661 3576 Evangeliis
2707 3510 2919 3579 quidem
2973 3511 3269 3573 erudimur,
3315 3513 3385 3564 ad
3417 3511 3530 3567 Do-

1951 3592 2153 3647 minum
2186 3595 2383 3649 dixisse
2417 3595 2625 3650 beatum
2663 3597 2836 3653 David
2874 3601 3050 3654 omnia
3089 3616 3208 3670 qute
3236 3611 3357 3655 sunt
3387 3604 3532 3672 psal-

1951 3683 2049 3749 mi,
2094 3693 2142 3737 et
2178 3694 2391 3751 cwtera,
2442 3697 2492 3740 et
2538 3688 2684 3757 quod
2725 3704 2938 3745 memor
2978 3706 3059 3755 es,
3113 3702 3162 3745 et
3218 3693 3430 3758 visitas,
3480 3703 3529 3747 et

1953 3776 2262 3841 minorasti,
2315 3787 2363 3830 et
2419 3779 2719 3846 subjecisti,
2784 3797 2849 3833 ea:
2897 3780 3150 3849 Apostolo
3192 3799 3309 3836 vero
3339 3782 3526 3839 Iesum

1952 3884 2062 3922 esse
2085 3868 2359 3935 discimus,
2391 3870 2455 3922 de
2487 3887 2589 3938 quo
2618 3869 2832 3937 loquens
2860 3872 3031 3927 David
3059 3874 3208 3937 dicit,
3237 3877 3379 3945 quod
3413 3880 3528 3945 ejus

1950 3973 2153 4010 memor
2201 3966 2293 4022 est,
2337 3970 2384 4012 et
2425 3961 2566 4027 quod
2597 3976 2717 4014 eum
2746 3963 2993 4028 uisitauit,
3041 3966 3132 4017 sed
3176 3943 3337 4019 etiam
3382 3943 3524 4037 quod

1954 4046 2133 4098 omnia
2165 4046 2382 4116 subjecit
2422 4050 2487 4115 ei,
2529 4065 2649 4101 cum
2689 4051 2851 4119 paulo
2893 4052 3066 4105 minus
3097 4053 3162 4106 ab
3194 4056 3395 4124 angelis
3427 4060 3528 4112 mi-

1953 4147 2189 4190 norassct
2249 4155 2388 4205 eum,
2439 4151 2636 4193 cessate
2679 4139 2754 4194 vel
2817 4141 2906 4196 vix
2950 4143 3237 4213 aliquando
3278 4164 3310 4200 a
3357 4160 3528 4203 uestra
3610 4197 3620 4208 ,

1949 4225 2298 4293 impudentia,
2339 4240 2707 4297 cognoscentes
2742 4232 2883 4300 quod
2905 4212 3124 4302 oportet.
3168 4233 3363 4289 Videtis
3385 4222 3541 4303 enim,

1950 4316 2219 4370 hominum
2256 4320 2672 4387 sceleratissimi,
2703 4334 2902 4391 quanta
2932 4334 3245 4380 naturarum
3270 4338 3344 4382 est
3376 4331 3526 4399 αὖθις·

2173 4410 2314 4477 quod
2341 4409 2425 4463 hic
2451 4412 2657 4476 quidem
2688 4414 3016 4482 stupefactus
3052 4427 3150 4479 est,
3182 4418 3306 4486 quia
3334 4429 3382 4473 et
3416 4437 3526 4474 me-

1955 4514 2070 4552 mor
2101 4515 2213 4553 csse
2248 4501 2471 4556 hominis
2507 4504 2779 4572 dignatur,
2818 4514 2868 4558 et
2892 4507 3105 4562 visitare
3143 4525 3282 4575 eum,
3307 4523 3525 4566 caetero-

1952 4605 2171 4660 rumque
2202 4594 2505 4662 participem
2548 4596 2743 4665 facere,
2789 4615 3010 4669 quorum
3055 4615 3172 4652 eum
3217 4602 3525 4669 participem

1948 4681 2071 4751 fecit
2099 4700 2118 4737 :
2159 4684 2248 4739 ille
2274 4702 2391 4741 vero
2421 4705 2448 4741 e
2475 4692 2745 4744 contrario
2787 4692 3034 4757 miratur,
3069 4693 3209 4757 quod
3252 4701 3524 4747 tantorum

1953 4775 2211 4841 particeps
2249 4791 2360 4829 esse
2395 4794 2555 4844 supra
2600 4795 2752 4832 suam
2790 4793 3035 4833 naturam
3076 4783 3269 4835 meruit
3307 4798 3329 4836 :
3357 4792 3407 4837 et
3439 4784 3524 4839 hic

1953 4864 2161 4929 quidem
2222 4875 2470 4935 tanquam
2529 4867 2837 4937 bene/icium
2879 4872 3011 4926 dans
3061 4874 3412 4942 miriﬁcatur,
3471 4885 3523 4932 et

1952 4969 2142 5022 magna
2181 4967 2462 5023 prwstans,
2509 4968 2557 5012 et
2601 4977 2762 5029 supra
2787 4976 3037 5017 naturam
3075 4966 3190 5034 ejus
3215 4968 3304 5030 qui
3334 4985 3522 5022 conse-

1947 5044 2131 5113 quitur
2183 5046 2490 5115 bene/icium
2537 5065 2556 5101 :
2608 5052 2698 5107 ille
2738 5070 2858 5108 vero
2907 5065 3156 5124 tanquam
3212 5058 3518 5127 beneﬁcium

1950 5148 2284 5204 consequens,
2336 5147 2383 5192 et
2430 5140 2663 5210 majora,
2712 5159 2869 5212 quam
2897 5153 2994 5211 est,
3031 5146 3095 5199 ab
3124 5161 3184 5200 eo
3204 5147 3516 5215 suscipiens.

2597 5267 2874 5309 CYRIILUS.

2024 5356 2200 5414 Sobrii
2250 5369 2426 5417 estote
2466 5361 2511 5394 ³⁸
2558 5365 2697 5419 ebrii
2737 5381 2803 5423 ex
2836 5366 2965 5422 vino
2994 5380 3204 5435 eorum,
3252 5368 3518 5427 declamet

1950 5442 2148 5518 aliquis
2176 5449 2255 5505 sic
2285 5452 2596 5508 errantibus
2623 5476 2634 5509 :
2660 5473 2677 5506 ι
2702 5456 2943 5526 lmpone,
2976 5458 3156 5524 homo,
3194 5468 3297 5514 tua:
3322 5458 3517 5529 lingua:

1960 5622 2178 5709 περιῇς
2202 5642 2252 5709 ,1,
2279 5628 2370 5709 μ.
2411 5700 2449 5709 __
2481 5631 2693 5709 _"_Psa|.
2725 5648 2832 5709 ιονι,
2857 5633 2921 5705 7;
2958 5652 3143 5704 chtx,
3171 5634 3242 5709 6;;
3273 5635 3498 5701 cqu.

1676 5690 1721 5726 ³³
1743 5692 1874 5751 ibid.
1907 5691 1959 5748 8.
2038 5695 2085 5726 ³³
2107 5690 2245 5753 ibid.
2277 5699 2328 5754 9.
2378 5700 2497 5778 fit
2525 5702 2673 5775 pen.
2703 5718 2754 5769 ν,
2787 5690 2840 5761 3’.
