3952 6200
431 294 571 351 1445

1468 289 1529 344 S.‘
1567 285 1845 345 CYltlLLl
1881 282 2349 342 ALEXANDRiNl
2387 283 2707 340 ABCHIEP.

3563 282 3687 340 ttts

429 412 628 467 ostium
680 417 735 464 et
788 422 961 464 seram
1000 407 1046 440 "
1079 425 1093 461 :
1130 418 1285 463 cessa
1331 420 1503 461 cornu
1563 406 1621 462 in
1672 405 2014 461 altitudinem
2046 408 2090 462 A
2117 404 2250 457 duos
2284 402 2425 470 ﬁlios
2459 402 2714 457 dicemus.
2745 399 2853 458 Sed
2875 416 2991 455 ecce
3022 408 3070 454 et
3106 398 3283 456 Filius
3327 400 3504 456 dictus
3533 413 3603 457 est
3632 408 3685 459 in

429 499 717 566 extollens,
733 505 787 553 et
804 498 1030 567 loquens
1050 498 1393 568 iniquitatem
1411 497 1701 551 adversum
1722 496 1887 550 Deum
1906 495 1972 549 “.
1986 512 2005 544 ι

432 590 728 659 Quousque
762 589 993 645 insultas
1021 588 1246 658 patienti
1278 587 1538 642 Christo?
1568 585 1625 641 In
1660 596 1840 640 mente
1871 586 2013 641 habe

429 682 573 751 quod
608 673 870 751 scriptum
908 689 995 736 est
1025 696 1055 734 a
1081 679 1263 735 divino
1295 679 1462 735 Paulo
1495 697 1510 733 :
1554 697 1572 731 s
1614 678 1706 733 Sic
1724 691 1864 733 -vero
1889 690 2015 748 pec-

433 784 624 827 cantes
652 774 704 827 in
745 773 966 836 fratres,
1015 781 1071 827 et
1119 772 1487 840 percutientes
1515 785 1705 825 eorum
1739 766 2013 824 infirmam

432 865 846 931 conscientiam,
904 864 957 917 in
1012 863 1287 918 Christum
1338 863 1578 933 peccatis
1625 862 1694 916 ³⁷.
1755 881 1775 914 s
1834 861 1898 915 Et
1954 867 2015 916 ut

432 955 636 1024 aliquid
688 957 855 1011 etiam
910 971 979 1010 ex
1038 956 1374 1025 propheticis
1432 954 1627 1024 loquar
1685 952 2009 1009 codicibus:

439 1066 458 1100 s
491 1047 798 1104 Justiticata
841 1058 971 1102 sunt
1001 1046 1240 1101 Sodoma
1267 1063 1332 1102 ex
1366 1056 1438 1113 te,
1472 1047 1744 1115 superasti
1774 1057 2012 1114 pagano-

434 1155 552 1194 rum
585 1140 967 1203 verbositates,
1018 1155 1155 1209 quas
1199 1138 1443 1195 fecerunt
1480 1147 1670 1193 contra
1703 1135 2008 1199 Christum,

432 1230 716 1288 stultitiam
788 1230 1164 1285 existimantes
1219 1245 1434 1284 crucem
1485 1228 1554 1293 ⁸³,
1612 1247 1630 1279 ι
1695 1226 1831 1281 nihil
1888 1240 2013 1280 esse

432 1324 717 1379 ostendisti
781 1321 1025 1378 Iudaica:
1088 1322 1357 1391 superbiae
1422 1321 1674 1376 crimina.
1738 1317 2013 1373 Minorare

432 1415 738 1483 praesumis,
781 1422 835 1469 et
871 1415 1011 1483 quod
1038 1414 1105 1468 ad
1155 1424 1206 1468 te
1258 1414 1511 1483 pertinet,
1552 1409 1795 1466 detrahis
1828 1408 1898 1462 ad
1934 1408 2015 1462 iu-

431 1503 654 1557 famiam
698 1518 820 1557 eum
862 1503 955 1572 qui
1007 1516 1272 1572 supernas
1320 1503 1477 1556 sedes
1509 1499 1792 1562 concedet,
1821 1509 1876 1552 et
1909 1512 2014 1551 una

433 1609 558 1649 cunt
585 1595 693 1649 Deo
720 1604 774 1647 et
805 1593 967 1647 Patre
987 1594 1234 1647 eamdem
1262 1594 1445 1647 sedem
1485 1593 1666 1646 habet.
1704 1591 1837 1646 Eum
1868 1591 2013 1645 enim

434 1687 525 1755 qui
551 1702 617 1741 ex
638 1686 869 1741 mortuis
900 1684 1226 1751 resurrexit,
1259 1685 1312 1737 in
1343 1685 1564 1739 sedibus
1589 1683 1803 1738 deitatis
1824 1684 2015 1737 sedere

435 1778 567 1832 dicit
632 1776 1071 1845 sapientissimus
1126 1774 1349 1830 Paulus.
1402 1774 1552 1829 Dixit
1620 1775 1803 1839 enim,
1869 1773 2013 1842 quod

439 1889 459 1921 ι
502 1868 660 1923 talem
700 1868 960 1921 habemus
991 1866 1289 1935 principem
1325 1865 1692 1929 sacerdotum,
1736 1864 1828 1934 qui
1864 1864 2018 1917 sedet

434 1961 488 2014 in
532 1961 752 2013 dextera
797 1957 943 2012 sedis
997 1956 1303 2025 maiestatis
1345 1956 1399 2011 in
1445 1956 1682 2012 excelsis
1710 1955 1776 2023 '9,
1807 1954 1901 2024 qui
1930 1962 2016 2009 est

433 2066 599 2121 super
646 2064 862 2103 omnem
897 2048 1289 2118 Principatum,
1344 2060 1400 2104 et
1425 2048 1783 2114 Potestatem,
1816 2056 1871 2102 et
1906 2048 2016 2104 Do-

435 2143 808 2207 minatiouem,
844 2151 900 2195 et
932 2156 1127 2196 nomen
1156 2142 1298 2213 quod
1332 2142 1665 2206 nominatur,
1692 2155 1799 2196 non
1834 2140 2011 2195 solum

442 2236 495 2290 in
526 2234 629 2289 hoc
664 2232 885 2299 saeculo,
927 2233 1020 2287 sed
1069 2241 1124 2285 et
1162 2232 1215 2285 in
1254 2231 1435 2285 futuro
1466 2230 1535 2285 ⁵ο.
1567 2230 1829 2285 Flectitur
1871 2230 2015 2285 enim

438 2327 487 2380 ei
520 2339 679 2379 omne
722 2338 885 2394 genu,
935 2331 991 2377 et
1041 2321 1222 2376 omnis
1278 2321 1459 2392 lingua
1517 2321 1826 2388 confitetur,
1876 2320 2019 2389 quod

438 2415 698 2469 Dominus
731 2412 758 2467 J
770 2427 896 2467 esus
934 2412 1184 2467 Christus
1214 2411 1266 2464 in
1292 2410 1464 2481 gloria
1496 2419 1583 2466 est
1620 2412 1712 2465 Dei
1742 2410 1920 2465 Patris
1948 2409 2014 2464 ‘l.

436 2508 504 2561 Et
530 2506 653 2575 quis
694 2513 777 2559 est
822 2503 914 2572 qui
950 2504 1003 2557 in
1041 2502 1128 2557 his
1167 2512 1253 2557 est
1287 2511 1545 2571 tanquam
1590 2501 1773 2557 Deus?
1815 2502 2014 2556 lterum

435 2597 575 2651 idem
616 2595 730 2664 ipse
776 2592 1106 2662 explanavit,
1138 2592 1227 2661 qui
1256 2591 1375 2660 ejus
1406 2591 1791 2663 mysteriorum
1821 2606 2009 2646 sacer-

435 2688 533 2741 dos
573 2693 676 2738 est.
723 2683 871 2737 Dixit
895 2683 1060 2745 enim,
1091 2684 1230 2751 quod
1266 2699 1285 2733 l
1319 2682 1625 2737 exinanivit
1650 2682 1910 2751 seipsum,
1953 2682 2006 2736 in

434 2772 788 2830 similitudine
832 2772 1071 2827 hominis
1118 2770 1295 2827 factus
1343 2782 1447 2837 est,
1497 2780 1552 2827 et
1603 2772 1656 2826 in
1704 2770 1891 2827 habitu
1934 2772 2018 2826 in-

434 2874 631 2921 ventus
657 2875 915 2934 tanquam
972 2863 1172 2919 homo:
1213 2873 1267 2919 et
1301 2864 1610 2919 humiliavit
1666 2865 1904 2934 seipsum
1938 2863 2016 2918 fa-

434 2966 556 3011 ctus
587 2955 845 3010 obediens
897 2969 1067 3024 usque
1118 2956 1185 3009 ad
1237 2967 1507 3023 mortem,
1562 2961 1790 3010 mortem
1836 2966 2013 3011 autem

434 3048 616 3102 crucis
640 3045 708 3099 δ’.
745 3044 1007 3101 Flectitur
1055 3046 1218 3115 igitur
1254 3061 1417 3102 omne
1445 3062 1586 3119 genu
1621 3046 1924 3104 caelestium
1955 3055 2012 3101 et

437 3139 780 3194 terrestrium
825 3146 879 3193 et
911 3139 1213 3193 inferorum
1244 3140 1293 3194 ei
1329 3139 1421 3209 qui
1455 3154 1674 3196 crucem
1707 3138 1968 3194 sustinuit
1995 3155 2007 3191 :

434 3245 596 3300 quem
637 3230 786 3300 puris
829 3238 884 3284 et
920 3229 1051 3284 solis
1083 3229 1436 3284 humanitatis
1464 3229 1735 3285 mensuris
1762 3228 2012 3299 injiciens

435 3321 807 3386 adversarius,
867 3321 1185 3376 memoriam
1226 3329 1283 3376 et
1329 3320 1697 3377 visitationem
1744 3320 2011 3375 meruisse

439 3413 569 3466 dicit
598 3426 629 3465 a
662 3412 770 3467 Deo
799 3411 997 3475 Verbo,
1026 3426 1148 3466 cum
1178 3419 1328 3467 certe
1355 3421 1569 3482 oportet
1598 3414 1741 3468 scire
1769 3419 1824 3466 et
1851 3426 2010 3481 sape-

440 3516 521 3565 re,
557 3502 698 3570 quod
729 3515 835 3555 non
860 3502 996 3556 alter
1016 3500 1162 3557 Deus
1196 3503 1434 3558 Verbum
1460 3512 1580 3558 erat
1610 3512 1807 3573 praeter
1830 3503 2007 3571 ipsum

436 3591 610 3648 Filius
647 3592 940 3660 separatim
990 3601 1047 3645 et
1096 3606 1193 3660 per
1242 3602 1474 3660 partem,
1527 3594 1618 3662 qui
1675 3610 1744 3648 ex
1801 3593 2012 3648 semine

441 3681 632 3746 David,
665 3682 806 3736 sicut
851 3680 1003 3747 dicit,
1054 3682 1258 3735 homo:
1297 3681 1392 3736 sed
1448 3693 1567 3737 erat
1622 3680 1741 3752 ipse
1782 3696 1850 3737 ex
1900 3681 2011 3737 Deo

435 3770 597 3826 Patre
630 3771 774 3828 Deus
817 3771 1078 3836 Verbum,
1126 3770 1301 3826 factus
1337 3773 1637 3827 secundum
1678 3787 1801 3838 nos,
1846 3772 2012 3828 homo

432 3861 707 3928 videlicet,
739 3871 792 3917 et
828 3878 934 3918 non
970 3864 1136 3917 alium
1165 3858 1465 3933 quemdam
1495 3865 1675 3935 magis
1723 3878 1885 3934 quam
1922 3877 2009 3919 se-

437 3954 613 4025 ipsum
632 3938 950 4009 ivisitatione
973 3961 1028 4009 et
1052 3953 1314 4009 memoria
1335 3954 1582 4024 dignane.

913 4090 968 4146 8.
1002 4088 1068 4143 Et
1091 4106 1156 4144 ex
1183 4090 1363 4146 eodem
1395 4090 1549 4145 libro.

1053 4219 1390 4260 THEODOBUB.

504 4336 793 4392 Cessabunt
807 4338 929 4407 jam
949 4338 1015 4392 ab
1037 4338 1339 4407 impudente
1370 4354 1546 4409 pugna
1567 4340 1592 4394 2
1613 4336 1857 4393 desistent
1889 4353 2007 4393 vero

433 4445 568 4484 uana
591 4429 947 4492 contentione,
976 4429 1339 4484 erubescentes
1360 4431 1629 4484 dictorum
1656 4429 2008 4484 evidentiam?

430 4521 634 4577 Multos
669 4520 832 4585 enim,
856 4520 1003 4585 dicit,
1030 4519 1173 4585 ﬁlios
1204 4522 1259 4574 in
1292 4520 1515 4590 gloriam
1544 4521 1837 4576 ducentem.
1872 4520 2007 4576 Ecce

431 4613 600 4693 igitur
639 4613 695 4665 in
739 4612 947 4665 ratione
994 4609 1269 4678 ﬁliationis
1315 4627 1696 4666 connumerans
1726 4612 2012 4681 Apostolus

431 4713 646 4773 apparet
681 4712 1004 4772 assumptum
1039 4702 1303 4756 hominem
1337 4703 1562 4768 creteris,
1588 4718 1690 4757 non
1719 4704 2007 4758 secundum

431 4793 569 4866 quod
605 4792 851 4846 similiter
894 4790 1003 4844 illis
1033 4790 1316 4859 ﬁliationis
1362 4790 1626 4858 particeps
1662 4800 1760 4857 est,
1808 4792 1900 4844 sed
1921 4806 2007 4844 se-

430 4883 659 4939 cundum
698 4881 840 4952 quod
868 4880 1115 4936 similiter
1137 4883 1367 4950 gratiam
1391 4880 1678 4949 assumpsit
1704 4880 2003 4950 ﬁliationis,

428 4975 625 5029 deitate
660 4973 775 5027 sola
809 4971 1105 5025 naturalem
1134 4971 1444 5040 ﬁliationem
1463 4971 1777 5041 possidente.
1794 4970 2005 5026 Certum

430 5066 572 5120 enim
606 5073 685 5119 est
715 5063 872 5131 illud,
908 5064 1048 5133 quod
1071 5062 1349 5132 ﬁliationis
1368 5063 1538 5132 gloria
1567 5073 1761 5133 prwter
1789 5072 2006 5118 caeteros

427 5156 663 5211 homines
707 5156 837 5209 inest
873 5154 921 5208 ei
955 5155 1231 5224 prwcipue,
1262 5169 1354 5222 per
1395 5155 1649 5207 unitatem
1686 5168 1804 5223 qua:
1830 5163 1905 5206 est
1934 5153 2002 5205 ad

428 5246 599 5298 illum.
633 5244 781 5299 Unde
821 5253 869 5298 et
909 5245 965 5298 in
1009 5244 1126 5314 ipsa
1156 5260 1280 5298 voce
1317 5242 1649 5312 signiﬁcante
1682 5240 1728 5294 F
1732 5242 1905 5306 ilium,
1936 5242 2005 5295 si-

430 5334 629 5389 militer
655 5338 817 5391 etiam
858 5334 949 5392 ille
984 5335 1462 5404 comprehenditur.
1516 5334 1621 5391 Sed
1647 5334 2002 5389 sermocinan-

433 5432 518 5477 tur
565 5425 633 5477 ad
666 5439 799 5480 nos:
842 5424 901 5479 Si
924 5430 1029 5481 duo
1054 5425 1287 5495 perfecta
1314 5425 1494 5479 dicitis
1538 5426 1681 5479 omni
1724 5423 1902 5487 modo,
1951 5432 2000 5477 et

2113 495 2293 549 divina
2333 494 2617 561 Scriptura
2663 507 2756 562 per
2806 493 3063 561 seipsum,
3113 494 3396 549 divinitate
3451 506 3678 564 excepta,

2115 586 2324 641 steteris
2367 586 2666 640 hominibus
2703 594 3131 651 connumeratus,
3188 594 3234 639 et
3287 601 3392 639 non
3420 586 3541 655 jam
3566 589 3687 641 duos

2112 673 2335 727 dicimus
2376 672 2538 742 filios.
2592 671 2742 727 Unde
2780 689 2900 728 vero
2953 671 3125 728 Filius
3166 674 3223 727 in
3262 675 3587 742 confessione
3619 692 3685 730 est

2105 765 2275 834 juste,
2316 766 2565 831 quoniam
2621 775 2934 818 naturarum
2961 766 3152 819 divisio
3204 768 3507 821 necessaria
3549 768 3691 821 debet
3772 788 3789 806 ο

2112 870 2437 923 permanere,
2492 864 2539 909 et
2590 870 2829 924 persona
2886 856 3057 911 unitio
3096 856 3486 927 indissipabilis
3515 869 3694 914 custo-

2112 944 2240 1000 diri.

2758 1070 3038 1116 ῦῖιιιιιυε.

2186 1188 2348 1259 Papae
2381 1189 2688 1245 insaniam!
2728 1188 3003 1261 Ignoravit
3047 1189 3394 1245 omnifariam
3436 1192 3682 1248 altitudi-

2115 1298 2237 1338 nem
2268 1282 2511 1353 mysterii
2548 1281 2776 1347 Christi,
2814 1282 2906 1350 qui
2957 1282 3029 1335 ita
3069 1281 3282 1351 frigidis
3307 1291 3363 1337 et
3392 1285 3688 1353 puerilibus

2114 1372 2295 1427 verbis
2325 1371 2562 1426 conﬁsus
2597 1380 2700 1426 est.
2749 1370 2905 1436 Quod
2956 1381 3136 1426 autem
3181 1382 3235 1428 et
3275 1374 3474 1442 prolati
3505 1376 3685 1445 scripti

2117 1464 2368 1517 virtutem
2406 1461 2627 1518 minime
2683 1462 2959 1532 intelligit,
2999 1474 3205 1519 rectam
3262 1478 3392 1520 vero
3434 1466 3685 1521 semitam

2117 1555 2373 1618 declinat,
2414 1563 2470 1608 et
2511 1551 2840 1609 transfertur
2882 1554 3078 1609 iterum
3128 1555 3181 1610 in
3227 1556 3550 1613 sceleratam
3587 1559 3687 1613 sibi

2118 1647 2455 1717 propositam
2509 1648 2891 1713 intentionem,
2950 1648 3138 1703 statim
3194 1647 3482 1706 docemus.
3536 1649 3688 1716 Quod

2045 1747 2088 1802 Β
2116 1739 2261 1793 enim
2288 1749 2416 1794 aute
2449 1740 2637 1794 omnia
2677 1739 2914 1794 studium
2950 1739 2998 1795 ei
3038 1748 3145 1806 est,
3176 1756 3367 1812 purum
3395 1743 3555 1799 nobis
3590 1745 3693 1799 ho-

2118 1829 2323 1883 minem
2352 1828 2490 1884 velle
2513 1832 2897 1886 demonstrare
2936 1846 3311 1888 consessorem
3333 1834 3498 1901 Patri,
3530 1845 3588 1890 et
3613 1838 3687 1891 ab

2120 1921 2376 1976 universa
2405 1932 2661 1977 creatura
2699 1933 2955 1992 tauquam
2992 1924 3161 1979 Deum
3187 1926 3539 1993 adorandum,
3565 1926 3687 1996 ipse

2117 2011 2275 2067 testis
2316 2011 2671 2082 ingredietur.
2694 2012 2794 2067 His
2835 2013 2980 2069 enim
3010 2014 3101 2084 qui
3138 2017 3434 2069 secundum
3458 2018 3688 2086 gratiam

2117 2100 2216 2156 ﬁlii
2262 2111 2431 2169 sunt,
2480 2111 2536 2157 et
2587 2103 2837 2158 humana:
2903 2104 3236 2159 multitudini
3291 2120 3691 2183 connumerans

2117 2206 2262 2257 eum,
2300 2191 2464 2248 Verbi
2489 2194 2745 2249 deitatem
2770 2194 2943 2250 solam
2978 2211 3121 2251 vera:
3151 2197 3436 2252 ftliationis
3466 2198 3685 2268 gloriam

2119 2285 2321 2340 habere
2362 2287 2685 2354 contendit,‘
2706 2302 2843 2357 pene
2884 2290 3050 2344 etiam
3097 2290 3390 2360 increpans
3428 2306 3554 2347 eum
3603 2293 3690 2361 qui

2119 2388 2342 2449 propter
2362 2394 2460 2434 nos
2489 2379 2919 2435 exinanitionem
2952 2382 3063 2449 pati
3097 2380 3271 2436 voluit
3305 2401 3320 2437 :
3356 2383 3445 2437 vel
3470 2382 3690 2437 forsitan

2117 2470 2281 2526 etiam
2333 2471 2602 2541 objiciens
2653 2471 2996 2527 inhonestam
3037 2489 3192 2529 suam
3243 2474 3575 2528 dementiam
3608 2475 3689 2527 di-

2118 2560 2331 2632 scipulo
2370 2562 2574 2618 dicenti
2607 2581 2621 2617 :
2659 2580 2687 2614 τ
2714 2562 2780 2617 Et
2805 2562 3040 2620 Verbum
3071 2580 3201 2620 caro
3232 2565 3437 2621 factum
3470 2576 3554 2622 est
3574 2565 3638 2619 ⁸³.
3662 2584 3681 2616 s

2119 2651 2412 2729 sciendum
2445 2653 2609 2721 igitur
2644 2654 2811 2722 quod,
2842 2653 2967 2709 licet
2989 2671 3177 2725 ,unum
3209 2656 3411 2711 alicubi
3436 2658 3597 2721 dicat,
3636 2665 3692 2710 et

2119 2757 2223 2797 non
2262 2744 2434 2815 magis
2464 2744 2604 2799 duos
2640 2744 2800 2810 ﬁlios,
2836 2745 3061 2814 eiiciens
3089 2747 3313 2803 omnino
3356 2763 3477 2803 esse
3516 2748 3681 2802 Deum

2117 2844 2173 2889 et
2202 2833 2396 2888 Filium
2424 2850 2569 2902 eum,
2614 2837 2704 2906 qui
2740 2837 3025 2908 sicutqipse
3050 2839 3201 2904 dicit,
3247 2839 3316 2894 de
3359 2839 3560 2894 semine
3596 2847 3685 2894 est

2118 2925 2329 2991 David;
2388 2925 2456 2981 ad
2508 2927 2682 2981 solum
2744 2927 2914 2983 refert
2967 2929 3137 2985 Deum
3185 2928 3426 2984 Verbum
3478 2931 3571 2999 qui
3621 2944 3691 2985 ex

2119 3016 2234 3072 Deo
2263 3015 2426 3072 Patre
2468 3028 2578 3083 est,
2626 3033 2768 3074 vera:
2814 3020 3093 3076 filiationis
3138 3021 3390 3092 gloriam.
3422 3023 3536 3078 Hoc
3566 3037 3691 3078 vero

2041 3100 2084 3158 C
2117 3109 2253 3164 nihil
2304 3109 2450 3164 aliud
2497 3119 2604 3175 est,
2660 3111 2804 3167 sicut
2858 3113 2993 3178 dist,
3048 3128 3207 3185 quam
3257 3130 3361 3169 non
3413 3117 3691 3184 suscipere

2119 3200 2341 3255 modum
2397 3200 2753 3258 humanitatis
2800 3222 2813 3259 :
2874 3205 3100 3260 omnino
3154 3215 3322 3261 autem
3368 3206 3693 3262 interimere

2118 3291 2600 3361 dispensationem,
2642 3308 2738 3363 per
2769 3309 2930 3364 quam
2960 3303 3016 3352 et
3060 3295 3199 3352 salvi
3224 3295 3343 3351 iacti
3366 3311 3578 3360 sumus,
3623 3307 3687 3352 et

2118 3395 2348 3439 mortem
2393 3393 2449 3439 et
2497 3395 2780 3454 peccatum
2840 3387 3234 3456 transivimus,
3290 3396 3352 3445 et
3400 3387 3695 3445 diaboiica

2117 3473 2361 3530 avaritiae
2393 3474 2582 3548 iugum
2609 3476 2979 3548 deposuimus.

2623 3611 2676 3667 9.
2710 3611 2795 3667 Ex
2827 3614 3009 3669 eodem
3042 3612 3197 3669 libro.

2737 3762 3070 3805 THEODOBUS.

2190 3882 2359 3937 Nemo
2388 3883 2617 3951 artiﬁcio
2649 3885 3117 3953 interrogationum
3150 3887 3467 3954 decipiatur.
3510 3888 3702 3960 Flagi-

2115 3976 2309 4030 tiosum
2348 3976 2490 4029 enim
2525 3983 2634 4041 est,
2684 3975 2940 4043 deponere
2984 3978 3194 4048 quidem
3237 3987 3439 4032 tantam
3488 3982 3704 4034 testium

2115 4068 2335 4134 nubem,
2376 4068 2662 4122 secundum
2695 4068 2835 4138 quod
2880 4069 3161 4137 Apostolus
3206 4071 3343 4124 dixit
3385 4071 3471 4137 “,
3512 4074 3707 4125 astatis

2114 4165 2288 4209 autem
2356 4157 2859 4227 interrogationibus
2935 4159 3209 4228 deceptos,
3272 4159 3705 4214 adversariorum

2113 4248 2251 4315 parti
2280 4247 2550 4318 conjungi.
2586 4247 2719 4314 ρυω
2747 4266 2864 4305 vero
2890 4260 3032 4317 sunt,
3058 4268 3176 4322 qua:
3213 4268 3331 4306 cum
3379 4263 3500 4308 arte
3541 4255 3707 4307 inter-

2114 4338 2338 4407 rogant?
2376 4337 2623 4393 Horninis
2665 4339 2896 4409 genitria:
2936 4340 3135 4408 Maria,
3179 4360 3247 4396 an
3295 4342 3394 4397 Dei
3420 4343 3707 4413 genitrix.’

2040 4463 2085 4518 Β
2113 4425 2205 4518 Et,
2235 4429 2325 4498 qui
2357 4430 2640 4499 cruciﬁxus
2667 4441 2778 4497 est,
2805 4441 2984 4486 utrum
3030 4433 3175 4489 Deus
3194 4474 3209 4499 ,
3257 4450 3324 4488 an
3356 4436 3519 4488 homo
3538 4436 3564 4489 7
3593 4434 3706 4489 Sed

2112 4517 2334 4572 istorum
2373 4519 2581 4589 quidem
2615 4530 2758 4575 certa
2803 4531 2880 4576 est
2927 4522 3185 4577 absolutio
3222 4533 3273 4579 et
3317 4541 3382 4578 ea:
3427 4525 3515 4576 Isis
3578 4540 3711 4592 qua

2108 4610 2452 4678 praediximus
2510 4611 2568 4665 in
2620 4615 2914 4681 responsis,
2967 4630 3084 4683 qua:
3129 4617 3200 4669 ad
3252 4617 3714 4687 interrogationes

2109 4700 2325 4770 fuerunt
2354 4715 2374 4754 :
2401 4710 2576 4756 tmnen
2604 4718 2721 4757 vero
2746 4704 2978 4771 dicatur,
3011 4715 3059 4759 et
3082 4705 3198 4775 jam
3225 4723 3380 4771 nunc,
3404 4724 3530 4776 qum
3554 4723 3713 4760 cm-

2107 4792 2351 4860 pendiose
2401 4795 2712 4862 respondere
2753 4805 2990 4863 oportet,
3050 4805 3107 4851 ut
3153 4798 3328 4869 nulla
3355 4800 3431 4852 eis
3488 4798 3709 4852 occasio

2108 4883 2321 4937 astutia
2349 4883 2695 4954 relinquatur.
2720 4886 2853 4941 Cum
2883 4887 3047 4958 igitur
3078 4888 3711 4960 interrogant,Hominis

2106 4974 2356 5043 genitriat,
2385 4992 2454 5030 an
2476 4976 2575 5030 Dei
2597 4978 2826 5047 genitria:
2850 4987 2926 5033 est
2955 4977 3133 5034 Maria
3159 4981 3420 5035 ?dicatur
3449 4998 3485 5033 a
3518 4982 3711 5043 nobis,

2108 5062 2390 5134 Utraque:
2437 5082 2599 5120 unum
2650 5068 2859 5137 quidem
2917 5078 3110 5122 natura
3152 5070 3244 5135 rei,
3289 5069 3524 5124 alterum
3573 5085 3715 5124 vero

2105 5158 2380 5213 relatione.
2436 5156 2683 5213 Hominis
2725 5161 2865 5214 enim
2911 5162 3148 5233 genitria:
3191 5171 3268 5217 est
3314 5164 3669 5216 naturaliter
3694 5202 3713 5217 .

2105 5245 2535 5314 quoniam-homo
2560 5259 2674 5302 erat
2707 5249 2765 5304 in
2795 5260 2943 5305 utero
2969 5249 3187 5316 Mariae,
3214 5251 3303 5323 qui
3327 5262 3379 5307 et
3407 5253 3540 5307 inde
3566 5269 3713 5320 pro-

2103 5333 2308 5387 cessit:
2335 5332 2437 5389 Dei
2480 5345 2653 5391 autem
2700 5339 2959 5408 genitrix,
2998 5341 3249 5410 quoniam
3280 5340 3428 5396 Deus
3478 5351 3607 5395 erat
3658 5344 3719 5394 in

2103 5425 2313 5480 homine
2366 5436 2524 5495 nato,
2576 5445 2679 5484 non
2722 5433 2779 5484 in
2824 5442 2884 5487 eo
2936 5434 3360 5504 circumscriptus
3397 5438 3721 5490 secundum

501 5599 969 5681 ’iPsalzlc-schﬁ.
1040 5601 1081 5635 “
1104 5617 1297 5681 canunt,
1313 5601 1366 5668 5,
1502 5672 1514 5681 _
1534 5600 1617 5681 τ’]
1645 5601 1773 5681 Cor.
1803 5598 2043 5681 vnr,_tl,
2080 5600 2167 5654 12.
2191 5671 2204 5681 _
2232 5602 2289 5681 _“
2312 5602 2510 5681 Caecil.
2539 5619 2651 5670 xvr,
2686 5605 2776 5681 53.
2857 5607 2901 5644 "
2924 5607 3091 5669 Hebr.
3123 5624 3241 5677 vni,
3272 5611 3323 5666 Ι.
3403 5611 3455 5645 ⁸⁸
3481 5610 3719 5681 Epiros.

460 5670 624 5740 i,2l.
700 5670 743 5702 ι·
773 5669 1003 5739 Philipp.
1032 5686 1093 5736 ιι,
1128 5671 1329 5739 10,Η.
1408 5671 1452 5703 δ’
1480 5670 1612 5727 ibid.
1645 5672 1695 5739 7,
1726 5671 1778 5727 8.
1856 5671 2010 5727 "Joa

2117 5686 2151 5737 ι,
2185 5671 2270 5726 14.
2348 5672 2582 5747 δξιίειπ,
2614 5669 2711 5745 xtl,
2749 5678 2800 5733 1.
