3952 6200
295 280 429 337 1145

294 492 528 548 inritatis.
562 486 746 554 Itaque
776 491 993 550 utraque
1019 479 1229 549 quidem
1261 479 1365 531 dici
1384 478 1592 545 justum
1624 486 1721 542 est,
1758 493 1861 531 non

294 592 464 637 autem
495 579 778 631 secundum
817 571 1040 626 similem
1076 572 1351 631 rationem.
1395 568 1506 622 Nec
1552 570 1688 623 enim
1722 571 1859 623 sicut

294 675 441 725 Itonia
475 668 527 721 in
550 676 709 720 -utero
740 674 794 718 ut
824 673 953 718 esset
980 662 1202 730 suscepit
1251 660 1484 723 initium,
1512 660 1588 712 sic
1627 668 1678 713 et
1723 659 1861 713 Deus

302 761 545 816 Verbum.
589 756 723 808 Erat
756 757 894 808 enim
921 762 1043 808 ante
1073 768 1275 806 onmem
1305 759 1623 804 creaturam.
1672 749 1862 820 Itaque

293 860 339 907 et
360 862 582 919 utraque
604 847 707 900 dici
722 846 929 914 justum
963 854 1059 907 est,
1089 851 1136 896 et
1166 849 1439 910 utrumque
1468 857 1648 894 eorum
1677 857 1862 893 secun-

294 947 415 998 dum
438 942 702 1011 propriam
732 938 1013 991 rationem:
1043 933 1191 988 Idem
1228 944 1402 987 autem
1448 933 1860 1001 respondendum

294 1036 427 1091 estsi
480 1036 826 1100 interrogant,
868 1027 1008 1081 Deus
1062 1027 1343 1093 cruciﬁxus
1398 1033 1494 1090 est,
1545 1042 1614 1079 an
1665 1025 1861 1078 homo?

293 1126 432 1199 quod
462 1132 679 1191 utraque
705 1120 939 1189 quidem,
972 1134 1073 1175 non
1107 1127 1277 1170 autem
1305 1117 1590 1169 secundum
1644 1116 1861 1171 similem

293 1219 568 1274 rationem.
605 1212 744 1266 Nam
779 1213 862 1264 Izic
900 1212 1105 1281 quidem
1146 1208 1428 1276 cruciﬁxus
1470 1215 1569 1270 est,
1607 1214 1781 1273 utpote
1813 1214 1859 1259 et

290 1310 586 1380 passionem
615 1306 919 1372 suscipiens,
951 1313 999 1357 et
1033 1303 1171 1371 ligno
1208 1301 1414 1370 alﬁxus,
1453 1307 1503 1352 et
1549 1299 1613 1351 ab
1656 1297 1860 1351 Judteis

289 1403 531 1455 detentus
556 1414 575 1451 :
611 1398 699 1450 ille
722 1405 921 1460 autem,
962 1394 1100 1465 quod
1138 1402 1246 1448 erat
1278 1407 1396 1445 cum
1436 1390 1545 1460 ipso
1574 1390 1860 1444 secundum

288 1487 597 1562 pradictam
624 1500 861 1539 causam.

934 1610 1213 1657 CYRILLUS.

1484 264 1910 322 FRAGMENTA
1949 222 2369 320 poeninen.

297 413 557 463 naturam,
588 395 678 450 sed
704 391 840 463 quod
878 392 931 444 in
962 405 1021 443 eo
1050 396 1125 443 est
1160 387 1444 443 secundum
1479 387 1729 456 affectum
1776 402 1866 440 uo-
1895 390 1943 446 Α

3398 253 3536 312 1148

2608 390 2887 433 οιιιιιιῐιε.

2034 514 2299 569 Insaniam
2335 511 2494 579 igitur
2521 522 2643 564 esse
2681 508 2850 571 dicis,
2878 504 3017 562 velle
3050 518 3241 576 sapere
3269 513 3449 571 recte,
3480 514 3537 562 et

1964 608 2015 661 in
2050 614 2228 661 mente
2263 604 2460 658 habere
2488 588 2671 655 veram
2705 609 2761 654 et
2793 607 2991 654 rectam
3025 606 3079 653 et
3114 583 3532 654 inadnlteratam

1964 694 2166 750 tidem?
2200 710 2322 749 cum
2373 702 2521 748 certe
2569 692 2756 761 plenos
2806 704 3087 746 sermones
3128 689 3353 743 insaniae
3392 690 3538 744 dicat

1962 785 2158 852 aliquis
2191 798 2331 848 esse,
2381 792 2436 837 et
2473 781 2633 836 Valde
2674 781 2887 844 merito,
2917 795 3010 834 eos
3053 779 3142 848 qui
3192 778 3531 848 unigenitum

1964 874 2060 928 Dei
2090 874 2324 929 Verbum
2369 874 2636 944 abnegant
2687 871 3052 926 introductum
3104 885 3223 925 esse
3269 885 3297 924 a
3343 870 3453 925 Deo
3484 881 3540 926 et

1961 966 2124 1021 Patre
2148 967 2199 1020 in
2233 965 2416 1020 orbem
2455 977 2719 1020 terrarum
2749 977 2870 1017 cum
2898 961 3073 1017 factus
3100 974 3183 1017 est
3215 961 3417 1017 homo?
3436 962 3540 1029 Qui

1962 1059 2105 1114 enim
2184 1057 2476 1112 secundum
2557 1066 2803 1110 naturam
2878 1062 2933 1108 et
2997 1052 3356 1108 differentiam
3421 1052 3540 1107 aliis

1961 1150 2212 1205 omnibus
2263 1148 2508 1216 superior
2555 1155 2669 1213 εει,
2721 1146 2973 1216 quoniam
3025 1153 3109 1200 est
3165 1153 3379 1199 creator
3447 1159 3541 1198 eo-

1961 1258 2116 1308 rum,
2161 1250 2216 1297 et
2264 1249 2469 1295 tantum
2515 1240 2596 1295 eis
2639 1237 3066 1293 substantialiter
3112 1236 3361 1306 superior
3421 1246 3537 1303 εει,

1964 1333 2334 1402 superpositus
2405 1341 2535 1395 est,
2603 1314 2866 1399 quantum
2932 1336 3016 1382 est
3089 1330 3265 1382 minor
3329 1326 3539 1382 factura

1964 1425 2194 1488 factore,
2241 1423 2518 1492 ingressus
2557 1429 2641 1475 εει
2685 1420 2736 1474 in
2778 1418 2966 1473 orbem
3016 1428 3284 1471 terrarum
3327 1417 3542 1486 quando

1966 1515 2265 1584 appellatus
2306 1521 2388 1569 est
2418 1528 2544 1583 pars
2570 1511 2709 1580 ejus,
2737 1511 3032 1565 secundum
3071 1510 3213 1579 quod
3247 1512 3408 1566 homo
3440 1524 3540 1579 ap-

1966 1606 2163 1674 paruit.

356 1711 585 1779 insuper
623 1718 802 1765 autem
831 1709 917 1764 his
950 1709 1115 1763 infert
1151 1706 1336 1762 statim
1364 1705 1687 1773 procedens,
1722 1700 1864 1771 quod

2041 1717 2109 1772 Et
2145 1725 2259 1785 post
2313 1732 2504 1786 pauca.
2565 1714 2732 1770 Miror
2794 1729 2919 1770 vero
2977 1713 3347 1769 adversarium
3404 1713 3541 1770 scri-

287 1805 584 1861 crucilixus
616 1804 775 1856 homo
811 1809 929 1855 erat
980 1799 1185 1853 habens
1224 1797 1392 1851 Deum
1442 1790 1859 1849 iuliabitantem.

358 1895 563 1950 Iterum
600 1892 812 1961 Cyrilli.
841 1890 980 1957 Quid
1008 1890 1166 1954 dicis,
1210 1903 1244 1943 o
1273 1889 1448 1952 fortis,
1504 1886 1597 1941 Dei
1632 1885 1865 1956 genitrix

292 1994 409 2040 erat
439 1995 630 2038 saneta
659 1983 844 2051 Virgo,
879 1982 1019 2051 quod
1059 1990 1189 2035 nato
1217 1994 1281 2033 ex
1324 1979 1440 2049 ipsa
1480 1980 1622 2033 Deus
1666 1979 1864 2042 inerat,

293 2076 545 2131 habitans
598 2076 904 2129 secundum
987 2073 1159 2128 solum
1226 2062 1480 2126 affectum
1530 2067 1868 2124 voluntatis?

296 2165 460 2222 istam
491 2180 613 2221 esse
655 2164 891 2219 allirmas
937 2163 1239 2217 unitatem?
1266 2164 1406 2231 Ergo
1446 2177 1567 2216 cum
1615 2161 1778 2215 etiam
1814 2159 1866 2213 in

295 2259 455 2313 nobis
483 2256 611 2326 ipsis
637 2257 970 2310 mansionem
1028 2253 1189 2307 faciat
1237 2253 1377 2306 Deus
1420 2251 1687 2304 exsistens
1735 2248 1867 2302 Ver-

293 2348 424 2404 bum
458 2332 741 2420 (inhabitat
768 2346 913 2401 enim
939 2343 1222 2397 animabus
1271 2348 1582 2395 sanctorum
1613 2354 1710 2407 per
1743 2353 1870 2391 san-

294 2453 445 2502 ctum
493 2437 797 2509 Spiritum),
848 2435 1228 2491 conﬁtearisne
1297 2430 1589 2486 secundum
1637 2430 1868 2482 similem

296 2536 520 2591 modum
540 2532 700 2586 etiam
730 2545 827 2585 nos
848 2529 996 2598 ipsos
1032 2526 1096 2579 ad
1134 2526 1308 2594 ipsum
1342 2523 1542 2577 habere
1571 2520 1871 2575 unitatem?

297 2625 402 2684 Ubi
432 2627 596 2693 igitur
626 2622 942 2677 miraculum
988 2617 1231 2688 mysterii
1263 2616 1465 2670 Christi
1513 2614 1740 2679 aspiciat
1772 2612 1870 2667 ali-

297 2717 467 2788 quis?
499 2714 630 2768 Nam
680 2710 1113 2781 quandoquidem
1144 2706 1395 2762 creditur
1434 2705 1727 2759 secundum
1773 2717 1872 2758 nos

298 2811 468 2865 homo
497 2807 613 2863 ﬁeri
644 2805 784 2859 Deus
814 2802 1072 2867 Verbum,
1106 2796 1358 2853 mirabile
1391 2805 1475 2850 εει
1516 2811 1645 2850 vere
1673 2803 1873 2864 myste-

295 2902 466 2964 rium,
501 2907 556 2952 et
581 2896 809 2950 miretur
830 2895 1025 2962 utique
1048 2889 1244 2959 aliquis
1281 2890 1382 2942 hoc
1412 2888 1607 2940 merito
1631 2894 1685 2939 et
1710 2885 1874 2939 vehe-

292 2998 534 3046 menter.
568 2987 624 3042 Si
669 2994 848 3041 autem
891 2985 941 3038 in
970 2983 1190 3037 homine
1240 2979 1487 3034 habitare
1528 2978 1742 3032 dicatur
1787 2990 1873 3032 se-

288 3082 537 3137 cundum
565 3079 813 3133 allectum
846 3074 1159 3140 voluntatis,
1207 3072 1369 3127 aliam
1401 3070 1565 3125 habet
1607 3070 1872 3123 rationem

289 3185 385 3226 res
440 3166 879 3237 dispensationis.
940 3162 1237 3219 Mernimus
1284 3162 1460 3226 enim,
1515 3159 1657 3214 sicut
1707 3158 1872 3221 dixit,

284 3260 567 3331 ejusmodi
616 3259 871 3329 gratiam,
930 3256 1020 3325 qui
1072 3255 1196 3318 lide,
1254 3268 1374 3324 quae
1432 3252 1486 3306 in
1546 3252 1719 3318 ipsum
1770 3258 1873 3315 est,

286 3350 695 3422 splenduimus.
728 3348 845 3402 Non
885 3347 1029 3401 enim
1060 3345 1256 3414 aliquis
1300 3344 1485 3414 utique
1527 3340 1695 3408 dicat,
1735 3341 1876 3411 quod

286 3458 411 3499 non
454 3439 759 3494 voluntarie
788 3439 931 3491 inest
959 3435 1114 3490 nobis
1144 3450 1159 3488 :
1203 3434 1373 3503 magis
1404 3448 1533 3488 vero
1573 3431 1878 3488 voluntarie

287 3535 422 3591 sive
451 3531 745 3586 secundum
777 3529 1110 3583 voluntatem
1148 3526 1369 3580 insitam
1410 3524 1460 3578 ei
1502 3523 1571 3577 ad
1618 3539 1717 3579 nos
1748 3522 1878 3579 affe-

289 3634 453 3682 ctum
484 3621 711 3675 fecerat.
747 3619 855 3674 Sed
893 3633 991 3673 nec
1025 3632 1057 3670 a
1087 3632 1252 3672 carne
1279 3623 1480 3670 sancta:
1508 3615 1746 3684 Virginis
1783 3616 1878 3671 iui-

292 3716 444 3770 tium
476 3713 724 3767 essentia).
754 3710 1010 3764 habuisse
1040 3707 1270 3763 dicimus
1299 3706 1466 3761 Deum
1495 3704 1755 3772 Verbum,
1786 3706 1878 3775 qui

291 3803 786 3865 consubstantialis
816 3813 899 3857 est
929 3801 1077 3855 Patri
1112 3816 1125 3854 :
1158 3809 1277 3855 erat
1320 3799 1463 3853 enim
1514 3812 1727 3867 semper
1774 3811 1876 3852 una

292 3915 430 3957 cum
462 3914 526 3953 eo
559 3897 865 3953 subsistens
893 3914 907 3951 :
943 3894 1113 3973 magis
1142 3901 1320 3947 autem
1352 3888 1554 3946 scimus
1584 3889 1878 3944 secundum

293 4005 411 4048 nos
455 3989 656 4043 factum
704 4002 826 4043 esse
867 3986 1162 4041 hominem.
1208 3983 1390 4051 Itaque
1438 3988 1548 4034 tam
1589 3979 1733 4046 juste
1783 3976 1880 4033 Dei

292 4080 543 4152 genitrix
574 4079 786 4133 dicatur
818 4093 848 4131 a
884 4076 1039 4131 nobis
1068 4083 1256 4130 sancta
1296 4070 1483 4141 Virgo,
1510 4084 1670 4135 quam
1702 4068 1878 4122 homi-

294 4174 394 4228 nis
426 4170 681 4237 genitrix,
710 4184 833 4224 cum
862 4176 1012 4223 certe
1041 4166 1335 4222 secundum
1363 4175 1585 4219 carnem
1611 4158 1879 4215 Christum

293 4259 631 4331 peperisset.

1970 1809 2162 1878 psisse,
2193 1809 2335 1878 quod
2364 1822 2640 1876 nunquam
2666 1805 3096 1874 coniunctionem
3122 1808 3186 1861 ad
3213 1807 3379 1861 Deum
3402 1805 3542 1860 Ver-

1970 1900 2092 1954 bum
2124 1900 2406 1953 meruisset
2427 1908 2480 1952 et
2507 1897 2684 1961 Iesus,
2704 1898 2805 1951 nisi
2827 1898 2974 1967 prius
2997 1897 3368 1953 immaculatus
3400 1907 3545 1952 esset
3586 1934 3597 1943 .

1968 1988 2199 2044 effectus.
2220 2003 2318 2057 per
2374 1991 2705 2041 unctionem.
2739 1985 2870 2041 Nam
2914 1989 3129 2056 quidem
3161 1989 3395 2054 primum
3427 1987 3541 2041 dis-

1963 2081 2140 2152 jungit
2159 2079 2805 2145 manifesteetdiscernit,
2821 2087 3002 2147 aperte
3024 2079 3157 2133 duos
3171 2078 3355 2133 dicens
3378 2077 3539 2132 tilias.

1972 2174 2174 2228 Deinde
2202 2173 2363 2236 dicat,
2397 2173 2614 2240 quando
2640 2172 2780 2225 sicut
2809 2172 2885 2224 ait
2915 2170 3291 2227 immaculatus
3320 2167 3544 2224 eﬂectus

1970 2272 2074 2326 est,
2126 2271 2178 2314 et
2222 2263 2288 2315 ad
2340 2262 2503 2315 Deum
2543 2260 2779 2314 Verbum
2829 2260 3261 2329 conjunctionem
3314 2260 3541 2325 meruit,

1971 2362 2151 2404 utrum
2185 2366 2249 2404 ex
2283 2350 2398 2419 ipso
2427 2359 2604 2411 utero,
2630 2358 2721 2401 aut
2748 2362 2869 2401 cum
2904 2349 3177 2402 tricesimo
3208 2363 3349 2402 anno
3379 2360 3544 2406 esset.

1973 2440 2226 2496 Pervenit
2254 2440 2469 2509 quidem
2506 2440 2571 2492 ad
2603 2438 2917 2505 Jordanem,
2948 2439 3195 2507 qumsivit
3227 2453 3354 2493 vero
3382 2441 3546 2493 etiam
3611 2488 3618 2511 ,

1972 2531 2194 2585 Joannis
2225 2530 2553 2599 baptismum
2585 2529 2651 2581 “.
2686 2527 2741 2582 Si
2774 2528 2991 2603 quidem
3021 2544 3087 2583 ex
3130 2540 3284 2584 utero
3330 2541 3549 2586 sanctus

1972 2631 2138 2687 esset,
2191 2621 2461 2690 quomodo
2507 2620 2636 2673 dicit
2676 2629 2923 2673 sanctum
2956 2618 3090 2674 ellici
3138 2636 3291 2683 eum,
3342 2630 3396 2675 et
3440 2637 3546 2677 non

1974 2715 2146 2785 magis
2182 2714 2339 2769 esse?
2379 2713 2530 2781 Quod
2571 2712 2714 2767 enim
2758 2712 2958 2766 dicitur
3006 2712 3149 2778 ﬁeri,
3193 2713 3414 2768 omnino
3455 2727 3549 2767 ne-

1974 2821 2127 2861 cesse
2169 2814 2254 2861 est
2299 2806 2598 2875 intelligere
2641 2807 2783 2870 quod
2832 2819 2937 2858 non
2988 2813 3106 2858 erat
3152 2805 3294 2874 quod
3347 2804 3547 2858 factum

1976 2909 2078 2952 est.
2115 2896 2209 2951 Sin
2240 2905 2418 2950 autem
2450 2903 2569 2949 erat
2610 2902 2828 2947 sanctus
2860 2907 3091 2962 semper,
3137 2903 3191 2946 et
3223 2894 3325 2947 hoc
3354 2906 3458 2946 non
3496 2891 3550 2946 in

1979 3001 2219 3059 tempore
2248 2988 2424 3042 factus
2454 2993 2559 3054 est,
2606 2986 2875 3055 quomodo
2914 2985 3043 3039 dicit
3087 2983 3345 3053 Spiritum
3390 2997 3553 3053 super

1977 3097 2099 3136 eum
2132 3079 2430 3143 devolasse,
2461 3087 2513 3133 et
2555 3076 2940 3144 conjunctione
2988 3076 3207 3145 dignum
3244 3076 3416 3143 ipsum
3460 3076 3555 3129 de-

1979 3180 2338 3235 monstrasse,
2383 3178 2438 3225 et
2482 3168 2754 3224 addidisse
2795 3167 2843 3221 ei
2892 3168 3033 3236 quod
3076 3166 3301 3221 deerat?
3344 3166 3409 3219 Et
3452 3167 3554 3221 hoc

1978 3264 2122 3318 enim
2158 3263 2210 3317 in
2265 3262 2385 3317 aliis
2423 3262 2539 3317 suis
2587 3259 2766 3330 posuit
2808 3259 2981 3313 libris.
3031 3256 3169 3324 Quid
3213 3260 3357 3312 enim
3397 3267 3551 3321 erat,

1979 3356 2126 3425 quod
2153 3355 2372 3410 omnino
2401 3354 2465 3408 ad
2510 3351 2992 3408 sanetilicationem
3023 3351 3209 3405 deerat
3249 3350 3297 3404 ei
3340 3363 3403 3402 ex
3437 3349 3555 3416 ipso

1979 3457 2157 3507 utero,
2186 3445 2358 3515 magis
2386 3457 2516 3498 vero
2542 3452 2597 3498 et
2626 3451 2750 3497 ante
2780 3442 3076 3497 secundum
3107 3454 3323 3495 carnem
3357 3440 3554 3493 nativi-

1981 3545 2145 3592 tatem
2177 3545 2364 3591 sancto
2404 3544 2458 3590 et
2490 3533 2866 3597 immaculato,
2900 3541 2953 3585 et
2996 3530 3353 3587 sanctiﬁcanti
3402 3546 3555 3585 crea-

1980 3628 2206 3685 turam?
2235 3626 2370 3682 Cum
2403 3626 2571 3697 igitur
2600 3624 2764 3693 dicat,
2801 3627 2946 3694 quod
2976 3639 3082 3677 non
3114 3623 3298 3688 utique
3327 3623 3555 3677 meruis-

1980 3730 2062 3774 set
2111 3720 2270 3774 Jesus
2317 3719 2757 3788 conjunctionem
2809 3718 2875 3771 ad
2922 3716 3088 3769 Deum
3136 3714 3400 3778 Verbum,
3450 3713 3556 3767 nisi

1978 3810 2130 3879 prius
2174 3808 2552 3861 immaculatus
2600 3806 2826 3862 effectus
2869 3815 3041 3870 esset,
3088 3804 3344 3873 plurimas
3392 3803 3553 3859 simul

1981 3899 2356 3954 accusationes
2398 3899 2657 3952 adversus
2698 3911 2797 3951 sua
2842 3895 3028 3951 scribit
3062 3894 3386 3963 vaniloquia.
3419 3893 3555 3948 Nam

1982 3991 2214 4059 primum
2245 3990 2458 4057 quidem
2493 3988 2806 4043 indecenter
2836 3986 2990 4053 dicit,
3025 3986 3290 4040 meruisse
3321 4005 3334 4039 :
3363 3985 3556 4040 deinde

1982 4077 2241 4149 disjungit
2278 4077 2330 4131 in
2362 4077 2604 4132 alterum
2635 4076 2926 4145 separatim
2959 4073 3176 4141 Filium,
3220 4075 3312 4145 qui
3357 4090 3424 4129 ex
3468 4064 3558 4131 εδ-

1981 4170 2129 4223 mine
2157 4176 2239 4222 est
2270 4167 2455 4234 David,
2493 4182 2652 4236 quem
2685 4166 2858 4236 ipsum
2908 4166 3079 4220 solum
3130 4167 3419 4234 separatim
3462 4163 3555 4221 Je-

1983 4270 2105 4314 sum
2139 4258 2419 4314 nominare
2448 4256 2787 4327 impudenter
2816 4256 3117 4312 contendit.
3160 4256 3241 4311 Ad
3272 4257 3407 4322 haec,
3450 4256 3555 4311 im-

374 4348 451 4403 Et
477 4360 591 4419 post
624 4350 755 4405 alia.
798 4350 933 4406 Cum
969 4348 1116 4405 enim
1163 4348 1229 4402 ad
1283 4346 1719 4417 explanationem
1776 4346 1958 4419 bocn
1989 4350 2318 4407 maculatum
2369 4346 2507 4404 eﬂlci
2556 4363 2678 4403 eum
2737 4349 2937 4413 dicere,
2992 4357 3247 4417 tanquam
3296 4346 3400 4401 hoc
3454 4347 3554 4401 ali-

291 4444 649 4517 propositum
675 4451 778 4507 est,
808 4444 951 4512 quod
981 4451 1066 4497 est
1095 4457 1111 4496 :
1149 4460 1169 4495 ι
1199 4441 1332 4497 Cum
1362 4439 1654 4495 introducit
1676 4439 1880 4509 primo-

290 4535 552 4608 genitum
594 4536 644 4588 in
675 4536 859 4590 orbem
889 4545 1173 4598 terrarum,
1206 4534 1337 4588 dicit
1368 4551 1382 4588 :
1414 4533 1479 4587 Et
1502 4533 1729 4588 adorent
1757 4546 1880 4587 eum

291 4626 550 4683 universi
573 4624 746 4696 angeli
779 4624 872 4681 Dei
906 4625 971 4693 ⁸³,
1011 4645 1032 4680 ι
1067 4625 1254 4682 scribit
1286 4628 1476 4681 iterum
1506 4625 1586 4682 sic
1618 4641 1634 4680 :
1676 4646 1689 4658 κ

869 4757 959 4813 10.
1000 4772 1332 4813 'rueononus.

374 4869 519 4941 Quis
547 4881 621 4925 est
650 4871 812 4941 igitur
843 4868 933 4938 qui
974 4869 1027 4922 in
1058 4870 1229 4923 orbem
1279 4880 1540 4924 terrarum
1585 4872 1884 4926 introduci-

284 4976 421 5030 tur,
450 4972 495 5017 et
524 4962 930 5016 dominationem
964 4960 1078 5030 ejus
1110 4959 1290 5027 incipit
1342 4957 1505 5030 [forte
1545 4959 1780 5032 accipit],
1817 4956 1885 5016 de

283 5072 413 5130 qua
446 5054 494 5108 ei
542 5061 592 5107 et
624 5051 836 5105 adorari
875 5051 940 5104 ab
985 5051 1182 5120 angelis
1226 5051 1562 5119 acquiritur?
1601 5048 1713 5104 Nec
1746 5052 1885 5104 enim

286 5144 581 5204 insaniens
628 5144 825 5215 aliquis
869 5143 1008 5197 dicat
1050 5141 1217 5196 Deum
1282 5140 1506 5195 Verbum
1549 5158 1658 5196 esse
1713 5143 1886 5196 intro-
1980 5144 1988 5152 ‘

287 5242 555 5303 ductum,
608 5237 699 5307 qui
756 5235 933 5290 omnia
986 5250 1090 5288 non
1138 5234 1400 5287 exstantia
1436 5230 1580 5301 fecit,
1627 5233 1885 5303 ineffabili

284 5326 432 5399 ejus
468 5324 660 5379 virtute
691 5324 892 5379 donans
920 5325 993 5377 eis
1019 5331 1078 5376 ut
1109 5331 1297 5378 essent.

383 5478 441 5512 ⁸³
462 5475 627 5534 Hebr.
655 5492 695 5542 1,
736 5476 792 5542 6,
866 5475 1117 5532 “Matth.
1157 5492 1217 5541 ιι,
1245 5476 1390 5532 1-17.

1983 4445 2201 4513 quando
2253 4456 2359 4496 non
2416 4440 2725 4503 habentem,
2785 4440 3070 4510 plurimam
3131 4439 3232 4495 hoc
3287 4440 3447 4494 habet
3500 4449 3558 4493 et

1984 4534 2393 4604 blasphemiam.
2429 4532 2624 4590 Unitus
2670 4533 2813 4589 enim
2859 4533 3000 4588 Deus
3044 4532 3278 4586 Verbum
3330 4545 3393 4585 ex
3441 4531 3557 4598 ipso

1988 4635 2141 4682 utero
2168 4627 2320 4682 carni
2350 4640 2482 4691 suae,
2515 4642 2653 4681 unus
2693 4635 2831 4689 erat,
2875 4633 2930 4680 et
2970 4623 3048 4677 sic
3085 4631 3140 4676 et
3180 4620 3558 4677 immaculatus

1986 4712 2189 4781 Filius,
2223 4715 2459 4769 Sanctus
2486 4716 2828 4783 (sanctorum,
2878 4721 2931 4764 et
2980 4710 3045 4764 de
3087 4723 3185 4763 sua
3226 4708 3560 4778 plenitudine
3626 4762 3646 4773 ,

1993 4802 2250 4870 Spiritum
2309 4803 2442 4856 dans
2491 4816 2597 4855 non
2646 4801 2816 4854 solum
2866 4797 3208 4863 hominibus,
3256 4798 3349 4853 sed
3393 4799 3558 4854 etiam

1991 4907 2226 4958 sursum,
2255 4902 2310 4949 et
2341 4892 2395 4946 in
2418 4891 2561 4947 caelo
2604 4881 3019 4945 rationabilibus
3056 4888 3364 4946 virtutibus.

2495 5045 2586 5099 11.
2618 5045 2689 5100 Ει
2716 5052 2831 5115 post
2858 5061 3047 5115 pauca.

2610 5188 2940 5229 τιιεουοιιυε.

2063 5323 2142 5397 (ι)
2178 5341 2200 5376 ι
2234 5321 2525 5378 Multifarie
2548 5322 2840 5394 multisque
2878 5322 3053 5381 modis
3079 5321 3209 5381 olim
3244 5322 3386 5382 Deus
3412 5323 3563 5383 locu-

383 5636 472 5707 (1)
501 5634 646 5692 Citat
675 5635 819 5691 hunc
848 5633 1021 5691 locum
1048 5633 1304 5690 Leontius
1333 5632 1371 5690 l.
1406 5648 1491 5700 ιιι,
1526 5634 1665 5705 apud
1693 5633 1874 5695 Canis.
1916 5643 1955 5689 t.
1990 5631 2057 5690 IV
2080 5632 2257 5703 Antiq.
2288 5632 2406 5691 lect.
2439 5646 2496 5704 ι).
2537 5631 2626 5691 95.
2656 5630 2835 5689 Hann.
