3952 6200
450 328 588 387 146⁵1

1393 321 1451 377 S.
1493 319 1767 378 CYRlIJJ
1804 313 2280 374 ALEXANDRINI
2324 309 2644 368 ARCHIEP.

3583 303 3717 361 1448

451 455 539 498 tus
567 440 814 513 patribus
843 439 896 494 in
927 438 1225 509 prophetis,
1258 437 1312 492 in
1368 438 1679 494 novissimis
1716 435 1906 492 diebus
1946 435 2033 490 his
2063 444 2109 498 Α
2139 429 2408 487 Theodori
2443 410 2619 499 sequi,
2652 439 2758 481 non
2788 421 3179 479 absolutionem
3224 420 3276 477 ei
3312 420 3719 478 accusationum

452 535 664 589 loculus
690 538 779 588 est
805 530 961 587 nobis
991 532 1042 584 in
1087 529 1224 585 Filio
1254 518 1321 595 ⁸⁷,
1355 549 1374 582 s
1410 529 1516 584 Per
1555 528 1755 582 Filium
1789 529 1928 582 enim
1954 527 2035 580 lo-

451 631 602 678 cutus
630 629 706 677 est
742 620 889 676 nobis
915 634 935 674 :
973 631 1171 675 certum
1195 631 1273 675 est
1306 635 1446 684 vero,
1476 619 1618 689 quod
1658 618 1722 672 de
1764 626 2032 685 assumpta

349 714 363 727 '
451 714 681 768 homine.
725 732 744 765 ι
790 712 890 767 Cui
950 713 1094 767 enim
1146 712 1282 767 dixit
1325 711 1618 781 aliquando
1666 709 2029 780 angelorum:

452 802 624 858 Filius
654 816 807 857 meus
836 799 894 856 es
926 810 1002 868 tu,
1027 818 1124 872 ego
1158 802 1319 856 hodie
1349 802 1506 872 genui
1543 811 1592 855 te
1620 799 1706 853 δθῖ
1742 819 1762 852 s
1811 797 2052 862 Nullum,

453 896 603 958 dicit,
663 895 968 963 participem
1020 894 1143 962 fecit
1199 893 1477 963 dignitatis
1533 891 1680 946 Filii.
1735 889 1849 944 Hoc
1892 890 2030 943 enim

452 986 594 1053 quod
621 985 779 1052 dixit,
811 986 970 1055 genui
1000 994 1087 1049 te,
1119 985 1272 1054 quasi
1304 1001 1397 1053 per
1441 984 1539 1038 hoc
1580 982 2031 1053 participationem

453 1075 731 1145 [iliatianis
761 1075 944 1129 dedit:
974 1077 1185 1129 omnino
1230 1091 1346 1129 vero
1390 1084 1566 1144 aperte
1597 1073 1798 1127 nullam
1837 1072 2033 1126 habens

456 1167 526 1220 ad
559 1166 725 1220 Deum
774 1165 997 1221 Verbum
1033 1167 1482 1233 communionem,
1516 1175 1730 1237 apparet
1774 1166 1870 1219 hoc
1896 1165 2035 1235 quod

457 1258 654 1312 dictum
686 1268 783 1311 est.

1106 1366 1382 1407 CYRILLUS.

527 1441 690 1498 Certe
723 1451 778 1498 et
822 1444 875 1497 in
918 1441 1358 1509 allocutionibus,
1390 1458 1526 1512 quas
1574 1444 1701 1500 iecit
1747 1444 1811 1498 ad
1855 1444 2034 1512 bapti-

457 1535 680 1602 zandos,
716 1536 914 1590 iterum
960 1534 1100 1589 dixit
1148 1536 1285 1590 idem
1335 1534 1702 1592 Theodorus:
1750 1535 1868 1590 Hoc
1917 1552 2036 1590 vero

460 1642 563 1679 non
593 1641 658 1679 ea;
684 1625 829 1678 nobis
851 1627 978 1695 ipsis
1012 1628 1302 1680 invenimus
1334 1629 1709 1693 testimonium,
1744 1629 1834 1682 sed
1857 1644 1922 1681 ex
1955 1628 2038 1680 di-

459 1714 577 1767 cina
626 1714 798 1767 edocti
842 1729 1023 1767 sumus
1075 1712 1385 1782 Scriptura,
1446 1718 1694 1785 quoniam
1756 1727 1803 1769 et
1857 1716 2034 1771 beatus

2137 523 2300 590 facit;
2356 523 2528 592 magis
2580 535 2711 575 vero
2767 517 3111 587 grandiorem
3169 516 3432 572 adversus
3491 528 3614 570 eum
3667 516 3720 572 in

2138 613 2542 667 damnationem
2589 609 2732 682 [Ῑον.
2780 603 3331 678 condemnationem]
3383 608 3722 675 operabitur.

2136 702 2272 757 Dum
2303 703 2447 757 enim
2484 701 2673 756 liceret
2703 699 2753 755 ei
2790 708 3102 755 sanctorum
3147 697 3371 752 Patrum
3421 698 3586 752 rectis
3612 713 3728 753 ver-

2135 792 2220 848 bis
2266 803 2320 847 et
2360 791 2723 846 immaculatis
2767 792 2833 846 de
2877 790 3091 844 deitate
3129 787 3475 851 sermonibus
3523 788 3724 857 potiri,

2136 886 2495 955 praeposuisse
2530 882 2867 954 dignoscitur
2902 882 3118 937 veritati
3161 881 3523 935 mendacium.
3568 882 3722 935 Prm-

2136 978 2373 1035 termisit
2398 978 2543 1034 enim
2575 992 2695 1047 qua:
2727 976 2943 1031 illorum
2974 984 3141 1042 sunt;
3192 974 3367 1045 magis
3397 990 3528 1029 vero
3557 974 3723 1046 elegit

2138 1071 2383 1142 turpibus
2414 1072 2724 1137 adhaerere,
2770 1078 2825 1124 et
2867 1076 2976 1123 tam
3010 1068 3256 1123 distortis
3289 1068 3567 1123 laetiﬁcare
3597 1083 3719 1125 ser-

2138 1163 2412 1218 monibus.
2438 1162 2594 1218 ilunc
2624 1174 2752 1218 vero
2779 1163 2870 1232 qni
2898 1161 3058 1216 talem
3094 1161 3259 1215 habet
3303 1160 3637 1214 voluntatem
3669 1171 3725 1214 et

2136 1252 2489 1319 dementiam,
2524 1254 2577 1307 in
2612 1254 2714 1307 hoc
2747 1252 3035 1307 desiluisse
3085 1252 3326 1321 inculpet
3368 1252 3598 1321 aliquis,
3635 1269 3726 1306 ar-

2137 1345 2313 1401 bitror
2337 1354 2392 1399 et
2417 1343 2570 1398 valde
2612 1344 2827 1399 merito.
2872 1344 3171 1413 Oportebat
3210 1344 3355 1398 enim
3404 1345 3723 1399 memoriam

2138 1439 2341 1494 habere
2381 1436 2709 1493 sanctissimi
2750 1434 2936 1503 Pauli,
2981 1436 3140 1506 plane
3182 1436 3475 1491 scribentis
3519 1440 3719 1492 nobis:

2144 1548 2164 1581 s
2204 1529 2393 1583 Estote
2443 1529 2739 1598 prudentes
2789 1525 3137 1581 nummularii
3179 1543 3194 1581 :
3243 1529 3425 1582 omnia
3464 1527 3721 1596 probate,

2138 1620 2280 1687 quod
2314 1620 2514 1673 bonum
2548 1625 2629 1672 est
2669 1612 2845 1671 tenete
2874 1634 2888 1671 :
2923 1614 2992 1670 ab
3027 1614 3175 1670 omni
3199 1616 3381 1684 specie
3427 1615 3565 1668 mala
3599 1616 3727 1669 abs-

2142 1711 2313 1767 tinete
2361 1725 2460 1765 vos
2491 1711 2560 1764 ⁸³.
2603 1728 2622 1761 ι
2661 1709 2814 1776 Quod
2844 1717 2899 1765 et
2935 1723 3099 1776 agere
3139 1708 3321 1776 soliti,
3355 1723 3452 1764 nos
3490 1718 3545 1763 et
3585 1710 3725 1764 soli-

459 1805 664 1861 Paulus
694 1807 969 1861 itavdicit:
1023 1824 1041 1857 ‹
1086 1807 1160 1861 Ex
1195 1776 1404 1875 quibus
1445 1776 1696 1863 Christus
1738 1809 2035 1863 secundum
2068 1776 2113 1837 Β
2143 1802 2332 1858 dorum
2377 1803 2697 1871 probatores
2730 1802 2934 1855 imitari
2980 1800 3332 1864 festinantes,
3370 1801 3455 1855 illa
3491 1803 3719 1869 quidem

459 1913 705 1965 carnem,
736 1898 827 1968 qui
861 1907 944 1953 est
989 1913 1154 1968 super
1196 1900 1378 1952 omnia
1431 1898 1571 1954 Deus
1602 1899 1669 1964 ⁸⁸,
1708 1918 1726 1952 ι
1765 1918 1867 1955 non
1901 1900 2041 1970 quod

458 2007 523 2044 ea:
556 1990 763 2044 Juda’is
790 1999 837 2043 et
869 1990 1154 2043 secundant
1186 2006 1396 2044 carnem
1425 2002 1521 2057 est,
1553 1993 1642 2060 qui
1685 2007 1839 2059 super
1863 1993 2041 2045 omnia

460 2084 599 2137 Deus
627 2095 741 2148 est;
771 2085 860 2138 sed
895 2084 993 2135 hoc
1031 2085 1245 2153 quidem
1287 2083 1356 2135 ad
1395 2083 1805 2162 signiﬁcandam
1848 2085 2038 2137 Imma-

460 2192 580 2227 nam
609 2186 853 2228 naturam
896 2173 1057 2239 dixit,
1094 2190 1251 2243 quam
1281 2175 1345 2226 ab
1380 2172 1676 2227 Israelitico
1712 2190 1897 2243 genere
1929 2190 2039 2228 esse

458 2263 675 2330 sciebat,
707 2264 842 2317 illud
877 2273 1050 2316 autem
1084 2263 1154 2316 ad
1201 2264 1575 2318 ostendendam
1616 2266 1846 2319 divinam
1882 2274 2041 2319 natu-

458 2372 604 2419 ram,
655 2372 810 2426 quam
844 2370 1005 2423 supra
1073 2356 1250 2408 omnia
1296 2364 1345 2408 et
1392 2356 1634 2409 omnibus
1682 2357 2037 2411 dominantem

457 2444 655 2501 sciebat
685 2464 704 2501 :
740 2464 759 2498 ς
786 2446 830 2502 0
852 2446 1021 2513 surdi,
1055 2447 1256 2514 audite,
1287 2457 1364 2514 et,
1395 2449 1546 2511 circi,
1579 2448 1759 2504 videte
1783 2450 1853 2516 ⁵ο,
1894 2468 1913 2501 ι
1949 2464 2042 2506 ac-

461 2537 717 2592 clamavit
747 2538 942 2608 aliquis
975 2547 1286 2593 sanctorum
1317 2544 1399 2595 eis
1438 2540 1528 2610 qui
1558 2540 1777 2596 luerunt
1816 2550 1883 2597 ex
1914 2556 2042 2602 san-

459 2630 623 2700 guine
652 2629 834 2686 lsrael.
872 2630 983 2700 Ego
1013 2640 1195 2686 autem
1243 2631 1503 2699 arbitror,
1537 2643 1591 2688 ct
1636 2633 1788 2687 valde
1827 2633 2038 2699 merito,

458 2723 564 2776 hoc
592 2733 772 2792 aptum
802 2737 924 2779 esse
958 2737 1061 2778 non
1096 2723 1440 2789 habentibus,
1466 2723 1551 2779 vel
1584 2740 1688 2779 non
1730 2724 2041 2781 volentibus

461 2823 611 2869 recte
642 2813 943 2884 intelligere
974 2814 1178 2871 Christi
1208 2816 1550 2886 mysterium.
1576 2813 1713 2870 Nam
1744 2816 2043 2871 obcaecavit

461 2909 677 2979 quidem
716 2908 856 2963 Deus
887 2908 1070 2963 szeculi
1107 2909 1266 2964 istius
1316 2908 1703 2979 intelligentiae
1742 2909 2040 2965 inﬁdelium

462 3010 518 3056 et
548 2999 883 3071 intelligibile
918 3000 971 3055 in
1019 3010 1199 3055 mente
1249 3008 1303 3056 et
1344 2999 1396 3054 in
1443 3000 1608 3056 corde
1638 3014 1745 3054 non
1777 3000 2043 3055 habentes

2133 1910 2262 1966 quae
2290 1902 2420 1950 sunt
2454 1894 2632 1964 turpia
2669 1903 2724 1949 et
2759 1893 2989 1962 reprobo
3038 1893 3291 1963 dogmata
3331 1894 3716 1963 reprobamus,

2142 1986 2469 2058 suscipimus
2507 2001 2640 2041 vero
2680 1994 2737 2040 et
2777 1985 2932 2040 valde
2978 1984 3211 2040 libenter
3242 1985 3424 2040 omnia
3466 2001 3588 2055 qua:
3632 2002 3724 2041 re-

2143 2079 2432 2149 splendent
2455 2078 2602 2132 clara
2635 2076 2881 2132 veritatis
2914 2075 3337 2146 pulchritudine.
3366 2077 3562 2132 lterum
3592 2094 3727 2133 vero

2145 2170 2303 2225 nobis
2342 2170 2480 2224 ratio
2513 2178 2863 2225 convertetur
2897 2169 2963 2224 ad
2995 2171 3275 2224 decentem
3310 2171 3359 2224 ei
3395 2179 3451 2224 et
3481 2173 3725 2239 proposi-

2145 2271 2252 2317 tatn
2284 2263 2449 2317 viam.
2482 2261 2684 2333 Scripti
2719 2271 2847 2325 sunt
2878 2262 3042 2333 igitur
3071 2277 3102 2315 a
3131 2264 3272 2317 bono
3310 2262 3601 2318 Theodoro
3630 2264 3723 2318 ad-

2141 2367 2335 2408 versus
2368 2353 2619 2408 haeresim
2664 2352 2992 2416 Arianorum
3038 2362 3095 2407 et
3136 2354 3600 2410 Eunemianorum
3646 2357 3727 2409 vi-

2144 2447 2281 2516 ginti
2324 2460 2461 2517 pene
2514 2459 2739 2501 numero
2781 2445 2864 2499 vel
2917 2444 3206 2514 ampliores
3260 2445 3420 2511 libri,
3469 2463 3575 2502 nec
3622 2464 3723 2504 non

2137 2539 2310 2592 etiam
2340 2538 2455 2602 alii,
2488 2526 2913 2607 interpretantes
2937 2537 3282 2607 evangelicos
3310 2548 3368 2593 et
3397 2540 3723 2608 apostolicos

2143 2629 2351 2686 libros:
2388 2643 2525 2699 quos
2562 2628 2781 2699 quidem
2826 2629 3043 2685 labores
3092 2630 3262 2685 nollet
3301 2632 3502 2701 aliquis
3546 2634 3724 2688 inere-

2143 2734 2292 2790 pare,
2325 2720 2501 2790 magis
2547 2728 2726 2773 autem
2767 2719 2991 2774 decreto
3026 2718 3266 2775 studium
3311 2722 3633 2787 honoraret,
3676 2724 3723 2779 si

2143 2812 2347 2867 inesset
2391 2813 2472 2866 eis
2517 2810 2825 2880 dogmatum
2876 2810 3167 2866 rectitudo.
3215 2810 3273 2865 Si
3323 2828 3458 2868 vero
3502 2815 3719 2882 quidam

2145 2913 2296 2960 extra
2335 2904 2665 2960 destinatum
2696 2902 2958 2967 ambulet,
2993 2911 3051 2958 et
3090 2913 3295 2958 rectam
3329 2906 3478 2959 viam
3513 2907 3723 2961 verita-
3768 2900 3771 2901 ⁷

2147 2997 2217 3051 tis
2248 2996 2581 3068 relinquens,
2618 3013 2714 3068 per
2746 2997 2996 3052 semitam
3036 3006 3125 3050 eat
3162 2996 3482 3063 distortam,
3514 3000 3722 3070 simpli-

461 3094 656 3149 ntcrito
695 3101 1019 3147 erraverunt
1050 3094 1118 3147 “.
1156 3091 1213 3147 Si
1247 3106 1375 3147 vero
1413 3091 1633 3162 quidam
1671 3093 1799 3147 sun‘t
1844 3090 2045 3146 illumi-
2071 3122 2113 3180 ο
2145 3090 2463 3159 ciorumque
2490 3090 2655 3146 corda
2683 3090 2964 3156 vulneret,
3005 3089 3432 3144 adulteratorum
3479 3092 3561 3146 eis
3596 3093 3725 3160 inji-

460 3185 599 3249 nati,
630 3184 802 3255 magis
824 3199 953 3239 vero
982 3185 1148 3239 etiam
1181 3184 1495 3263 doctoribus
1525 3183 1925 3249 connumerati,
1948 3184 2042 3253 qui

460 3274 731 3331 similibus
761 3277 967 3331 morbis
998 3276 1181 3331 nescio
1211 3277 1483 3346 quomodo
1506 3276 1711 3332 detenti
1742 3286 1889 3345 sunt,
1915 3277 2044 3346 quid

460 3366 606 3420 aliud
655 3367 735 3422 eis
786 3367 985 3437 aliquis
1026 3368 1305 3437 acclamet,
1338 3383 1499 3438 quam
1546 3368 1650 3423 hoc
1688 3370 1831 3438 quod
1873 3383 1903 3421 a
1935 3368 2044 3423 Deo

461 3459 667 3514 dictum
723 3469 809 3514 est
864 3475 961 3528 per
1009 3476 1176 3516 unum
1231 3469 1543 3516 sanctorum
1600 3461 2039 3530 pr0phetarum:

465 3568 485 3602 ι
524 3549 679 3615 Quod
711 3549 938 3618 laqueus
981 3549 1109 3604 lacti
1153 3551 1285 3605 estis
1321 3551 1553 3620 speculae
1602 3552 1654 3606 in
1702 3552 2041 3620 visitatione,

461 3650 516 3696 et
543 3640 686 3694 sicut
733 3640 867 3694 retia
912 3648 1139 3695 extensa
1171 3641 1223 3694 in
1252 3643 1568 3707 statumine,
1600 3657 1761 3711 quam
1810 3643 1900 3713 qui
1950 3658 2043 3699 ve-

460 3742 685 3798 nantur,
710 3732 1055 3786 conliserunt
1079 3732 1168 3785 ⁸³7
1203 3751 1223 3784 s
1260 3730 1362 3799 Qui
1394 3733 1536 3787 enim
1585 3734 2042 3805 quamplurimum

461 3822 750 3877 utilitatem
797 3820 1056 3892 subjectis
1090 3823 1262 3889 magis
1307 3823 1489 3878 facere
1531 3824 1750 3890 debent,
1797 3825 1885 3880 isti
1933 3812 2045 3882 fue—

462 3920 589 3967 runt
616 3922 670 3966 et
698 3911 943 3980 laqueus,
974 3922 1029 3967 et
1061 3923 1193 3978 rete,
1227 3921 1280 3967 et
1312 3914 1557 3969 scandali
1592 3916 1833 3983 occasio,
1866 3927 1921 3973 et
1951 3933 2044 3986 pe-

461 4013 679 4060 taurum
711 4004 930 4059 inferni.
964 4004 1034 4059 Et
1064 4005 1165 4059 ista
1213 4005 1333 4061 dico
1378 4006 1839 4081 miratusyalde,
1877 4017 1932 4063 et
1952 4009 2043 4063 ’νί-

460 4090 591 4147 dere
620 4107 725 4146 non
757 4101 949 4162 potens
977 4093 1044 4145 ad
1082 4093 1210 4163 quid
1245 4095 1467 4164 respicit
1513 4096 1743 4151 intentio
1789 4098 2045 4152 adversa-

460 4181 550 4237 rii.
582 4179 716 4235 Nam
751 4181 1034 4238 confessus
1063 4194 1147 4237 est
1171 4185 1390 4253 quidem
1429 4187 1730 4253 evidenter,
1759 4189 1901 4257 quod
1948 4203 2045 4259 per

464 4271 659 4326 Filium
691 4272 902 4327 locutus
931 4283 1019 4329 est
1054 4275 1209 4329 nobis
1238 4276 1380 4331 Deus
1408 4287 1464 4332 et
1509 4277 1673 4333 Pater
1703 4296 1717 4333 :
1757 4294 1878 4335 esse
1914 4295 2043 4335 vero

462 4361 626 4415 istum
659 4362 792 4416 dicit
834 4376 1173 4436 assumptum
1224 4367 1521 4437 hominem,
1557 4371 1761 4425 nullam
1814 4373 2044 4429 habente

2141 3181 2297 3236 ciens
2342 3180 2712 3236 intellectuum
2757 3182 3003 3248 semina,
3043 3189 3177 3235 tunc
3215 3183 3546 3250 requiescere
3602 3198 3714 3238 non

2145 3272 2264 3329 sine
2290 3272 2487 3328 damno
2517 3275 2624 3328 erit
2653 3273 2735 3328 eis
2767 3273 2861 3343 qui
2897 3274 3110 3344 populis
3141 3273 3414 3345 pmident
3435 3313 3451 3337 ,
3493 3289 3718 3329 merce-

2145 3365 2266 3419 dem
2300 3379 2430 3420 vero
2462 3364 2743 3419 habebunt
2791 3373 2847 3420 et
2889 3365 3101 3421 lucrum
3125 3405 3141 3432 ,
3182 3368 3228 3421 si
3266 3367 3531 3421 resistant.
3566 3367 3720 3436 Ergo

2144 3456 2401 3525 quoniam
2435 3456 2488 3510 in
2516 3456 2603 3512 his
2648 3455 2803 3517 libris
2839 3457 2956 3513 sive
3003 3459 3292 3514 memorati
3335 3460 3435 3515 viri
3479 3461 3725 3515 conseri-

2146 3549 2254 3619 ptis
2276 3563 2397 3618 quas
2420 3549 2580 3604 modo
2609 3549 3033 3618 nominavimus,
3068 3552 3290 3606 inventa
3321 3561 3443 3606 sunt
3473 3552 3720 3621 quamam

2145 3639 2349 3694 ultimae
2382 3639 2679 3709 impietatis
2705 3641 2887 3709 plena,
2913 3643 3185 3711 quomodo
3228 3652 3352 3698 erat
3388 3658 3725 3712 consequens

2145 3729 2285 3785 velle
2315 3730 2537 3784 tacere?
2569 3730 2770 3785 Dividit
2800 3732 2943 3787 enim
2992 3733 3325 3787 individuum
3372 3734 3647 3789 Christum
3675 3745 3731 3790 et

2146 3837 2245 3891 pro
2271 3834 2380 3875 uno
2410 3820 2551 3875 Filio
2595 3822 2909 3878 dualitatem
2945 3823 3075 3878 colit
3117 3840 3147 3878 a
3191 3825 3430 3880 veritate
3472 3828 3725 3881 exciden-

2147 3921 2287 3980 tem,
2343 3921 2398 3968 et
2450 3915 2607 3983 quasi
2663 3914 2816 3969 falsis
2863 3917 3175 3973 nominibus
3228 3918 3552 3974 coloratam.
3600 3918 3732 3973 Nam

2145 4004 2314 4061 Deum
2349 4006 2611 4073 Verbum,
2643 4008 2734 4076 qui
2767 4023 2833 4062 ex
2870 4008 2982 4087 Deo
3007 4010 3169 4064 Patre
3190 4021 3298 4076 est,
3329 4013 3612 4068 hominem
3642 4029 3736 4067 vo-

2145 4097 2256 4151 cari
2294 4097 2448 4161 dicit,
2482 4108 2591 4152 non
2622 4106 2798 4153 tamen
2828 4100 3012 4154 ethoc
3044 4100 3245 4156 factum
3278 4116 3401 4158 esse
3432 4106 3735 4158 secundum

2148 4190 2467 4256 veritatem;
2515 4191 2792 4246 hominem
2833 4206 2962 4247 vero
2990 4207 3113 4248 eum
3159 4195 3251 4264 qui
3294 4210 3362 4248 ex
3408 4186 3585 4250 Maria
3618 4210 3735 4263 est,

2145 4283 2285 4337 sicut
2324 4282 2476 4349 dicit,
2510 4298 2669 4355 quem
2714 4294 2769 4341 et
2803 4300 3023 4341 carnem
3067 4296 3247 4342 astute
3282 4289 3441 4343 nobis
3484 4292 3741 4345 nominat

2147 4373 2199 4427 in
2231 4372 2413 4427 multis
2443 4372 2575 4428 locis
2610 4374 2778 4429 Deum
2828 4375 3045 4444 quidem
3087 4376 3221 4431 dicit
3265 4386 3318 4432 et
3362 4376 3564 4432 Filium
3604 4380 3741 4442 Dei,

463 4452 575 4508 Deo
607 4451 782 4507 Verbo
812 4455 880 4508 ad
913 4455 1016 4510 hoc
1041 4457 1246 4511 dictum
1278 4461 1738 4518 communionem.
1763 4463 2044 4529 Quomodo
2079 4464 2125 4520 D
2155 4478 2259 4520 non
2285 4473 2471 4520 autem
2500 4466 2603 4522 hoc
2625 4481 2747 4523 esse
2780 4467 3417 4525 secundum'veritatem.

463 4542 630 4612 igitur
665 4556 770 4597 non
803 4544 1060 4597 omnibus
1093 4545 1381 4601 ntanil'esta
1412 4558 1497 4602 est
1534 4552 1795 4606 adversus
1824 4553 2040 4608 beatum

461 4633 690 4690 Paulum
723 4633 1016 4703 calumnia,
1058 4635 1234 4705 magis
1256 4651 1386 4692 vero
1416 4638 1588 4709 ipsius
1611 4641 1859 4697 veritatis
1881 4658 2042 4699 accu-

465 4725 643 4782 satio?
693 4740 796 4781 nee
849 4727 993 4781 enim
1043 4727 1123 4782 sic
1171 4728 1440 4785 intellexit
1488 4731 1750 4802 Spiritum
1793 4745 2041 4790 sanctum

469 4816 675 4871 habens
715 4817 1028 4888 Apostolus.
1056 4819 1255 4875 lterum
1300 4836 1430 4876 vero
1475 4823 1685 4878 derivat
1731 4825 2042 4898 dogmatum

467 4908 848 4963 rectitudinem
884 4909 953 4964 ad
982 4926 1136 4965 suam
1165 4913 1493 4981 plaeentiam
1529 4917 1895 4975 adversarius.

466 5018 552 5076 12.
572 5015 657 5073 Ex
683 5020 911 5097 secundo
938 5020 1299 5097 libroACyrilli
1327 5027 1551 5094 episcopi
1588 5028 1945 5097 Alexandriae,
1976 5033 2041 5087 de

542 5105 605 5143 eo
627 5092 766 5160 quod
795 5107 930 5177 unus
960 5100 1036 5145 est
1068 5090 1334 5160 Christus,
1356 5090 1546 5151 contra
1588 5090 1939 5154 Theodorum;

536 5202 689 5271 Quod
730 5214 912 5260 tamen
955 5204 1129 5260 voluit
1183 5206 1382 5276 impius
1447 5208 1732 5266 Nestorius
1786 5213 2040 5283 dogmata

533 5356 765 5429 ξνῌειηι,
804 5379 843 5428 ι,
875 5364 928 5423 ι,
956 5362 1027 5417 '2;
1122 5362 1168 5394 “
1190 5360 1322 5415 ibid.
1354 5361 1408 5415 5.
1512 5362 1557 5394 "
1584 5360 1749 5419 Rom.
1808 5380 1885 5429 ιιι,
1948 5367 2003 5423 5.

326 5406 333 5411 '
466 5425 515 5460 ss
540 5426 562 5483 ι
591 5406 784 5486 ᾗῖξέέ,
806 5406 1114 5500 Ral-:22.
1188 5406 1446 5486 abludit.
1479 5406 1763 5499 ιχιῦξνῖὸί

538 5570 617 5645 (l)
654 5571 853 5645 lterum
885 5587 949 5626 ex
979 5572 1303 5645 Bibliotheca
1331 5573 1483 5636 Maii,
1521 5582 1560 5627 t.
1590 5572 1664 5639 ll,
1696 5590 1749 5645 p.
1780 5574 1904 5630 453.

542 5642 621 5711 (2⁷)
660 5642 800 5709 Ergo
825 5658 890 5695 ex
922 5645 1089 5696 tribus
1116 5644 1223 5697 illis
1248 5643 1419 5703 libris.
1453 5656 1589 5712 quos
1613 5642 1827 5699 veteres
1855 5647 2042 5700 dicunt

472 5713 733 5784 aCyrillo
762 5717 988 5781 scriptos
1021 5722 1206 5768 contra
1259 5712 1547 5769 Diodorum
1583 5728 1645 5769 ac
1671 5714 2036 5783 Theodorum,

2103 5370 2150 5402 '°
2176 5369 2278 5427 lsa.
2342 5389 2475 5443 mi,
2526 5353 2614 5430 l8.

2146 4592 2511 4674 i3.__Sanctus
2556 4600 2786 4672 Cyrillus
2825 4603 2901 4674 ll)
2940 4605 2996 4658 in
3036 4608 3267 4660 secundo
3305 4607 3438 4662 libro
3476 4607 3749 4662 adterssss

2221 4671 2567 4747 Theodorum,
2591 4671 2901 4747 qui‘incipit
2930 4689 2948 4728 :
2983 4678 3008 4727 ι’
3043 4674 3094 4728 Ii
3123 4679 3214 4746 qui
3243 4694 3454 4731 sacrum
3481 4694 3621 4747 puro
3652 4684 3749 4732 iss-

2217 4741 2451 4795 tellectus
2481 4741 2633 4796 oculo
2665 4740 2862 4796 librum
2890 4748 3113 4799 scrutati
3135 4740 3267 4801 sunt
3299 4748 3397 4819 (2).
3434 4767 3454 4799 ι

2221 4855 2509 4925 Discipulis
2532 4856 2713 4911 aiebat
2740 4874 2753 4911 :
2794 4875 2813 4909 ‹
2853 4856 3135 4914 Neminem
3160 4861 3213 4915 in
3242 4871 3379 4923 terra
3405 4864 3747 4930 magistrum

2147 4946 2459 5016 appelletis;
2488 4965 2629 5004 unus
2654 4958 2737 5005 est
2761 4952 2902 5006 enim
2931 4951 3122 5007 doctor
3149 4963 3323 5007 vester
3343 4953 3690 5012 Christus”.
3720 4976 3744 5011 s

2148 5036 2287 5091 Dum
2323 5037 2395 5092 ita
2428 5040 2700 5108 apostolos
2735 5042 3077 5108 hortabatur,
3111 5044 3250 5097 haud
3284 5053 3439 5098 certe
3471 5046 3753 5102 deitatem

2151 5143 2181 5183 a
2205 5129 2400 5185 visibili
2425 5146 2652 5201 corpore
2674 5134 2994 5202 scparabat;
3022 5149 3193 5203 neque
3222 5135 3335 5205 ipse
3357 5134 3626 5192 Christus
3651 5152 3755 5192 se-

2152 5228 2262 5309 met
2291 5222 2358 5273 ab
2388 5221 2569 5275 anima
2599 5232 2652 5277 et
2683 5237 2846 5278 carne
2877 5224 3108 5279 divisum
3137 5227 3443 5295 reputabat.
3478 5226 3579 5281 Sic
3611 5243 3757 5301 ergo

2733 5378 2776 5410 ⁸⁸
2799 5376 2841 5431 ll
2864 5379 2995 5436 Cor.
3026 5395 3104 5447 ιν,
3135 5379 3189 5437 ι.
3301 5381 3510 5440 "Osee
3574 5401 3629 5453 v,
3694 5388 3755 5443 1.

2101 5558 2118 5581 ’
2144 5580 2354 5665 primus
2376 5598 2585 5665 ,ξίφους-ε
2625 5594 2812 5641 contra
2862 5586 3152 5665 Diodorum
3199 5599 3348 5665 erat,
3379 5590 3496 5665 duo
3536 5593 3760 5665 reliqui

2146 5661 2334 5707 contra
2376 5651 2745 5725 Theodorum,
2788 5666 2845 5712 ut
2881 5673 2950 5715 ex
2991 5659 3235 5730 ipsorum
3274 5651 3447 5718 initiis
3487 5651 3757 5723 constat.

3160 5776 3197 5800 /
