3952 6200
354 323 388 380 Ἰ
402 321 502 381 M9

1561 296 1980 362 FRAGMENTA
2017 297 2428 358 DOGMATICA.

3472 282 3611 356 {450

362 449 487 492 cum
516 433 657 488 Deus
683 438 827 486 esset
854 436 907 484 et
936 428 1116 491 homo,
1150 438 1346 495 nempe
1375 421 1572 478 visibili
1604 423 1776 479 forma
1808 437 1926 479 ser-
1954 427 2003 484 Α
2029 429 2116 476 cta
2153 429 2259 475 est.
2297 419 2391 475 Sic
2426 417 2680 472 Dominus
2715 417 2842 472 dum
2887 418 2940 471 in
2969 415 3206 488 Virginis
3242 427 3395 472 utero
3425 428 3612 482 esset,

363 539 484 590 vus,
520 519 866 578 intellectuali
900 517 1090 573 notitia
1130 515 1412 578 Dominus,
1447 513 1666 568 deitatis
1698 513 1932 569 excelsi-

365 624 529 671 tatem
560 614 660 670 sub
689 610 876 667 humili
906 606 1263 664 humanitatis
1291 619 1454 660 sensu
1486 603 1696 659 celabat
1725 623 1740 659 :
1773 604 1934 659 vicis-

364 708 576 776 simque
619 700 849 757 visibilis
898 698 1144 768 curporis
1192 694 1590 764 humilitatem,
1623 693 1936 750 divinitatis

365 799 602 856 efﬁcacia
627 793 942 852 extollebat.
1417 799 1420 806 '

659 907 879 965 luimus
915 905 1278 962 CESARIENSIS
1315 918 1643 961 ADNOTATIO.

438 1039 616 1112 Locus
657 1037 1055 1112 suprascriptus
1101 1051 1130 1088 a
1181 1034 1396 1112 Cyrillq
1434 1041 1636 1112 contra.
1669 1029 1936 1112 Theodori

371 1110 674 1167 doctrinam
711 1099 1033 1175 productus,
1069 1099 1346 1160 auctorem
1384 1103 1545 1158 habet
1576 1099 1934 1168 Theophilum

370 1179 790 1236 Alexandrinum
820 1176 1152 1243 episcopum.

443 1247 772 1319 Cyrillusin
817 1239 922 1319 alia
967 1239 1234 1299 sententia
1279 1240 1518 1319 ejusdem
1747 1246 1937 1318 contra

373 1306 639 1373 Theodori
669 1313 964 1369 doctrinam
989 1330 1004 1378 ;
1037 1327 1156 1381 quae
1185 1306 1446 1380 particula
1477 1317 1653 1362 exstat
1683 1310 1735 1362 in
1767 1306 1937 1376 prima

367 1389 602 1455 epistola
645 1388 893 1457 Gregorii
927 1386 1257 1442 Nazianzeni
1310 1387 1377 1441 ad
1423 1383 1768 1457 Cledonium.
1798 1383 1942 1457 Inci-

367 1452 447 1526 pit
482 1452 834 1526 fragmean
867 1472 886 1509 :
919 1460 998 1513 Ne
1035 1459 1279 1513 homines
1331 1457 1419 1510 isti
1475 1455 1613 1508 alios
1648 1452 1944 1526 decipiant.

375 1523 628 1581 Desinit:
664 1527 835 1583 Totus
884 1529 1048 1583 homo
1101 1529 1153 1580 in
1208 1536 1491 1596 peccatum
1537 1525 1727 1592 lapsus
1781 1523 1946 1578 refin-

369 1605 546 1666 gatur.

650 1695 737 1751 ιι.
780 1695 925 1749 Idem
956 1693 1188 1762 Cyrillus
1219 1693 1274 1745 in
1305 1694 1484 1745 eadem
1514 1692 1702 1780 libro.’

2040 518 2201 578 atque
2231 509 2298 562 ad
2328 507 2473 562 illius
2503 505 2857 561 substantiam
2893 505 3070 560 adhuc
3100 505 3373 569 attineret,
3399 506 3608 560 honore

2039 598 2161 654 Filii
2183 598 2424 652 carebat.
2444 595 2578 651 Cum
2602 603 2782 652 autem
2804 595 3176 651 conformatus
3196 603 3300 660 est,
3325 595 3611 663 templum-

2040 701 2147 756 que
2180 686 2274 740 Dei
2298 685 2458 740 Verbi
2489 682 2714 740 efl’ectus
2748 691 2965 752 recepto
3000 681 3318 752 Unigenito,
3351 681 3610 735 honorem

2041 777 2273 832 nominis
2301 776 2524 845 adeptus
2553 785 2672 840 est,
2701 790 2769 832 ex
2799 790 2907 845 quo
2937 773 3013 829 illi
3044 773 3215 844 gloria
3249 772 3480 828 accessit
3510 770 3611 842 (l).

2169 889 2254 944 18.
2295 887 2444 942 Idem
2475 886 2706 958 Cyriffus
2738 897 2930 942 contra
2960 886 3182 941 Diodori
3207 886 3484 955 scriptum.

2111 1017 2562 1076 Praeclarissime!
2598 1020 2720 1082 Aio,
2745 1021 2907 1076 verba
2931 1033 3052 1088 quae
3085 1032 3245 1073 nemo
3277 1016 3484 1084 docuit,
3511 1017 3610 1070 sed

2043 1111 2082 1164 a'
2103 1121 2153 1165 te
2180 1109 2391 1181 publice
2418 1110 2859 1179 pronuntiantur,
2887 1108 3222 1176 gravissimis
3248 1107 3500 1162 sordibus
3527 1106 3610 1158 in-

2043 1199 2276 1269 quinari.
2307 1199 2502 1253 Sancta
2536 1198 2622 1252 illa
2653 1213 2807 1262 caro,
2838 1212 2958 1266 quae
2987 1196 3168 1251 Mariae
3197 1197 3320 1259 fuit,
3348 1195 3459 1263 jam
3484 1195 3614 1250 “inde

2044 1303 2072 1342 a
2101 1288 2274 1356 primo
2300 1300 2590 1355 conceptus
2617 1298 2915 1355 momento,
2943 1288 3055 1342 sive
3085 1287 3138 1341 in
3167 1295 3319 1340 utero
3345 1287 3614 1340 exsisten-

2044 1381 2155 1444 tiaz,
2192 1386 2374 1432 sancta
2419 1379 2539 1445 fuit,
2582 1389 2768 1448 utpote
2809 1378 3013 1433 Christi
3061 1392 3254 1446 corpus
3292 1393 3306 1430 :
3345 1390 3614 1444 nemoque

2045 1469 2123 1524 vel
2155 1477 2369 1524 tenuem
2399 1470 2645 1524 concedit
2674 1469 2934 1538 temporis
2955 1467 3130 1522 fuisse
3159 1466 3479 1532 articulum,
3504 1480 3615 1534 quo

2047 1559 2132 1613 illa
2160 1559 2463 1615 communis
2490 1560 2810 1628 ueterisque
2842 1558 3096 1613 carnibus
3123 1555 3317 1612 similis
3341 1554 3530 1621 fuerit,
3563 1564 3620 1606 ut

2045 1663 2076 1701 a
2105 1657 2157 1702 te
2183 1650 2384 1704 dictum
2412 1659 2526 1715 est,
2558 1660 2612 1705 et
2641 1665 2746 1705 non
2776 1649 2954 1732 potius
2977 1647 3138 1703 Verbi
3170 1661 3317 1702 caro.

451 1821 470 1855 ς
517 1804 648 1858 Cum
681 1803 1000 1872 Unigenitus
1031 1815 1089 1856 se
1119 1799 1518 1864 incarnaverit,
1551 1799 1643 1868 qui
1673 1799 1780 1853 vita
1810 1813 1938 1853 sua-

2050 1783 2123 1838 E"
2153 1781 2348 1872 ἓῗὶἵίέεέ
2361 1784 2490 1872 ﬁ}???
2498 1797 3001 1872 ¹9Ε¹ξὲ⁸1ᾼ⁹9¹⁴⁰ἓ¹ἕ
3017 1795 3315 1872 ΡΞΨΞΞΒΞ
3342 1796 3608 1872 ⁵ὲ³9,⁰υ⁰³

374 1904 464 1962 pte
496 1904 685 1946 natura
717 1900 820 1954 est,
854 1905 1102 1959 regressa
1132 1899 1216 1944 est
1245 1890 1312 1944 ad
1340 1889 1508 1943 vitam
1540 1899 1735 1943 natura
1763 1889 1940 1943 homi-

373 1984 480 2037 nis.
509 1981 626 2052 lpse
649 1997 780 2037 vero
796 1985 966 2049 caput
992 1980 1237 2036 omnium
1265 1987 1372 2045 est,
1401 1979 1634 2049 ideoque
1660 1978 1942 2034 vivificaris

375 2074 505 2129 illud
549 2074 729 2128 Patris
763 2071 997 2128 Verbum
1023 2086 1241 2127 carnem
1283 2071 1385 2126 sibi
1429 2069 1705 2141 pr0priam
1752 2067 1944 2124 ascivit

373 2179 496 2235 quae
534 2166 589 2219 in
629 2164 820 2219 mortis
863 2161 1129 2232 mancipio
1167 2170 1309 2226 erat,
1346 2170 1405 2216 ut
1447 2161 1576 2216 dum
1609 2175 1734 2215 eam
1781 2160 1942 2214 morti

375 2256 801 2325 corruptelaeque
831 2253 1166 2322 superiorem
1193 2252 1451 2318 efﬁceret,
1487 2252 1630 2306 idem
1663 2250 1817 2305 nobis
1845 2252 1942 2304 do-

375 2361 504 2400 num
548 2345 934 2414 impertiretur.
970 2343 1148 2412 Atque
1188 2350 1246 2396 ut
1290 2343 1343 2396 in
1389 2341 1580 2397 mortis
1618 2349 1942 2410 potestatem

376 2437 568 2492 Adami
600 2450 764 2492 causa
800 2434 1106 2501 incidimus,
1140 2434 1211 2488 ita
1248 2448 1345 2503 per
1371 2432 1648 2488 Christum
1683 2447 1713 2486 a
1750 2432 1944 2488 mortis

377 2527 583 2584 saevitia
609 2525 840 2593 liberati,
861 2524 1042 2582 denuo
1066 2525 1338 2580 tendimus
1363 2524 1430 2578 ad
1459 2523 1941 2579 immortalitatem.

379 2661 466 2716 15.
509 2659 658 2743 Idem
687 2659 911 2742 Cyrillus
936 2658 1170 2743 inntertio
1197 2650 1948 2743 coittraﬂtlnteodor’ttnthdfert-

417 2733 628 2784 suestia:
651 2722 948 2798 episcopum
987 2729 1150 2791 libro,
1174 2729 1264 2797 qui
1290 2728 1473 2797 incipit
1495 2740 1515 2780 :
1555 2745 1576 2779 ι
1605 2725 1804 2780 Nostra
1836 2722 1948 2791 for-

445 2803 586 2855 sitan
619 2800 773 2854 verba
806 2801 941 2852 dura
973 2808 1116 2853 sunt.
1152 2815 1173 2850 ι

445 2933 584 2988 Audi
615 2947 714 2989 nos
744 2933 924 3003 itaque
952 2940 1114 3002 atque
1141 2931 1401 3002 intellige,
1429 2946 1462 2987 o
1487 2931 1672 2997 homo,
1702 2930 1946 3002 mysterii

372 3024 822 3095 profunditatem,
847 3021 988 3093 quod
1014 3038 1136 3077 cum
1163 3039 1446 3078 sacrorum
1473 3023 1731 3078 librorum
1759 3026 1947 3078 ortho-

2153 1868 2487 1908 INSCBIBITUR
2515 1852 2861 1918 Philam/tes,
2893 1867 2942 1906 IN
2974 1867 3163 1906 CODICE
3189 1852 3327 1906 Vn.
3359 1851 3487 1906 Svtt.

2247 1964 2335 2022 l9.
2375 1964 2523 2021 Idem
2551 1963 2782 2035 Cyrillus
2813 1965 3062 2020 adversus
3093 1964 3406 2019 Diodorum.

2118 2097 2288 2154 Sicuti
2321 2100 2484 2155 etiam
2521 2100 2658 2156 idem
2691 2099 2960 2166 Verbum,
2997 2101 3063 2155 de
3091 2098 3274 2156 Patris
3309 2101 3608 2156 substantia

2044 2191 2308 2261 genitum,
2346 2191 2634 2246 Ahrahami
2684 2206 2868 2248 semen
2915 2191 2968 2246 in
3013 2206 3180 2246 carne
3223 2191 3614 2262 apprehendit,

2047 2281 2206 2350 idque
2248 2295 2345 2349 per
2380 2281 2800 2350 dispensationis
2843 2281 3188 2351 mysterium,
3226 2281 3344 2334 sine
3385 2280 3617 2350 propria:

2049 2370 2362 2427 substantiae
2406 2371 2751 2426 detrimento.
2800 2370 3009 2425 Etenim
3055 2384 3184 2426 cum
3225 2381 3378 2426 esset
3424 2379 3612 2426 natura

2052 2462 2222 2526 Deus,
2258 2474 2415 2516 verus
2449 2476 2666 2532 quoque
2703 2462 2939 2518 hominis
2971 2462 3145 2518 Filius
3181 2463 3362 2520 factus
3392 2473 3476 2520 est
3510 2481 3524 2518 :
3561 2475 3618 2518 et

2048 2552 2140 2622 qui
2168 2549 2338 2606 Filius
2366 2550 2514 2606 Patri
2548 2553 2656 2607 Deo
2677 2560 2790 2620 est,
2812 2567 2926 2607 non
2960 2563 3045 2608 est
3066 2553 3148 2608 illi
3180 2561 3491 2622 extraneus,
3518 2569 3617 2610 ne-

2047 2656 2152 2711 que
2178 2625 2372 2696 falsum
2398 2642 2521 2697 Filii
2547 2657 2744 2698 nomen
2774 2642 2957 2714 gerit:
2986 2644 3186 2700 etenim
3211 2659 3404 2714 reapse
3429 2660 3495 2701 ex
3522 2643 3618 2699 illo

2047 2740 2206 2788 natus
2230 2741 2313 2788 est
2334 2733 2590 2789 ineffabili
2614 2749 2923 2806 arcanoque
2949 2735 3128 2802 modo,
3153 2750 3459 2806 quanquam
3480 2752 3617 2792 non-

2048 2823 2152 2880 nisi
2174 2824 2229 2879 in
2249 2839 2414 2880 carne
2431 2835 2557 2896 post
2579 2826 2963 2882 adunationem
2987 2836 3367 2897 cognoscatur.
3385 2827 3466 2882 Tu
3483 2843 3617 2898 ergo

2048 2916 2174 2971 dum
2201 2916 2318 2985 ejus
2348 2917 2719 2974 tantummodo
2751 2919 3259 2974 transmutationem
3288 2919 3532 2976 admittis
3563 2921 3614 2974 in

2047 3022 2264 3063 carnem
2300 3009 2594 3064 inanimem
2632 3009 3022 3080 intellectuque
3054 3020 3362 3077 carentem,
3399 3012 3615 3066 unicum

375 3117 536 3172 doxia
561 3131 832 3186 scopoque
856 3116 1148 3171 consentit.
1177 3114 1360 3171 Deitas
1385 3131 1416 3168 a
1445 3131 1628 3182 carne,
1657 3115 1710 3170 id
1735 3125 1821 3170 est
1847 3116 1938 3170 hu-

2050 3099 2198 3154 itlum
2238 3098 2292 3154 in
2338 3100 2473 3156 duos
2517 3099 2714 3155 dividis
2761 3099 2924 3167 filios,
2966 3101 3249 3158 veritatem
3295 3102 3436 3157 hanc
3474 3103 3617 3172 quod

370 3224 535 3264 mana
568 3217 789 3274 natura,
818 3206 994 3263 differt
1029 3207 1328 3270 secundum
1364 3207 1641 3275 utriusque
1674 3205 1946 3276 propriam

371 3299 662 3355 rationem.
699 3298 868 3353 Secus
906 3297 1178 3367 quomodo
1218 3295 1377 3351 nobis
1416 3296 1608 3350 similis
1645 3295 1944 3362 evasisset,

375 3387 810 3457 quandoquidem
836 3387 929 3441 Dei
949 3383 1186 3441 Verbum
1214 3387 1266 3440 in
1291 3400 1388 3440 suo
1414 3401 1635 3456 prorsus
1658 3395 1799 3441 statu
1824 3401 1947 3456 per-

377 3478 610 3533 mansit?
638 3477 832 3533 Verum
874 3477 921 3531 si
961 3478 1111 3532 carni
1147 3478 1262 3547 ejus
1293 3478 1707 3546 inseparabilem
1741 3481 1947 3534 aduna-

375 3569 574 3623 tionem
606 3569 889 3634 attribuas,
917 3581 1093 3634 neque
1119 3565 1238 3621 eam
1269 3583 1363 3622 sua
1390 3578 1540 3623 veste
1568 3571 1792 3639 spolies,
1822 3570 1940 3625 uni-

378 3673 498 3713 cum
541 3667 670 3712 tunc
710 3659 905 3712 Filium
947 3659 1201 3712 adorabis
1241 3659 1387 3713 Patri
1431 3661 1944 3717 consubstantialem

377 3747 680 3814 divinitate,
706 3748 861 3803 nobis
890 3749 1014 3803 item
1045 3750 1558 3805 consubstantialem
1586 3751 1941 3807 humanitate.

377 3840 546 3897 Porro
569 3843 658 3910 qui
689 3841 764 3894 ita
792 3840 1000 3910 opinari
1027 3841 1348 3908 decernunt,
1375 3841 1454 3896 eis
1482 3842 1734 3899 Christus
1761 3843 1942 3899 lumen

377 3933 684 4004 suppeditat
712 3931 782 3987 ad
810 3931 1012 3988 suimet
1037 3933 1351 4004 mysterium
1379 3934 1834 4003 cognoscendum.

650 4064 738 4120 16.
777 4064 925 4120 Idem
958 4064 1187 4136 Cyrillus
1220 4067 1274 4120 in
1306 4069 1484 4120 eodem
1512 4065 1667 4121 libro.

446 4175 691 4233 Hominis
730 4193 851 4248 quat
892 4179 946 4232 in
988 4178 1206 4234 Christo
1250 4186 1334 4234 est
1377 4187 1603 4245 natura,
1649 4179 1944 4234 honoratur

375 4285 508 4328 sane
549 4285 614 4325 ac
649 4272 1049 4338 sanctificatur;
1085 4281 1458 4326 verumtamen
1502 4279 1766 4341 quatenus
1804 4271 1946 4328 Deus

373 4374 476 4432 est,
513 4365 780 4436 baptismo
815 4377 922 4418 non
963 4363 1256 4432 indigebat,
1291 4377 1466 4432 neque
1501 4362 1734 4432 Spiritus
1767 4365 1942 4420 sancti

374 4454 536 4522 dono,
563 4454 992 4527 quandoquidem
1022 4454 1198 4537 ipsum
1224 4453 1486 4525 Spiritum
1518 4454 1658 4509 idem
1686 4457 1869 4512 donat.

373 4588 450 4643 Ex
487 4605 704 4645 INEDI'I‘O
735 4587 1032 4644 Pltilalethe
1067 4589 1265 4644 Snvsm
1295 4590 1632 4644 Ammonem
1668 4604 1720 4642 IN
1755 4603 1941 4644 CODICE

858 4660 1090 4715 SYRIACO
1124 4659 1422 4713 VATICANO.

376 4764 465 4816 l7.
502 4764 765 4817 Diodorus
790 4764 940 4818 Tarsi
963 4767 1236 4902 {piscatres
1264 4768 1408 4904 inipii
1431 4767 1666 4822 Nestorii
1693 4769 1941 4838 magister

990 4846 1062 4884 lla
1095 4846 1298 4899 scripsit
1334 4871 1349 4885 .

990 4846 1062 4884 tta
1095 4846 1349 4899 scripsit].

443 4961 578 5018 Cum
606 4963 778 5018 adhuc
804 4963 989 5017 Maria:
1012 4970 1156 5016 esset
1182 4977 1310 5016 caro
1335 4963 1446 5028 illa,
1475 4966 1697 5020 necdum
1725 4983 1940 5022 assum-

375 5063 498 5122 pta,
532 5039 743 5108 terrena
773 5063 918 5121 erat,
957 5065 1130 5122 neque
1160 5052 1428 5108 ullatenus
1457 5069 1485 5107 a
1519 5059 1728 5110 caeteris
1760 5059 1941 5111 carni-

373 5145 475 5201 bus
503 5144 782 5199 dili'erebat
807 5163 824 5198 :
851 5145 943 5216 sed
973 5144 1026 5198 in
1055 5143 1334 5198 nativitate
1360 5146 1576 5199 demum
1610 5145 1814 5201 honore
1842 5162 1939 5200 au-

447 5325 527 5395 (l)
569 5322 728 5395 Vides
759 5332 941 5394 putam
973 5324 1216 5395 haeresim
1247 5321 1651 5389 Nestorianam,
1681 5340 1843 5395 quam
1878 5328 1930 5380 in

374 5393 636 5463 sequente
664 5393 966 5463 fragmento
995 5394 1232 5448 retundit
1261 5394 1512 5463 Cyrillus.

446 5462 802 5535 (2)r_lntellige
841 5462 1138 5535 apologiam
1179 5462 1366 5535 contra
1409 5463 1698 5535 orientales
1733 5465 1933 5535 episco-

375 5531 638 5655 Bos.sed
680 5531 969 5587 tamende
1002 5531 1259 5613 capitulis
1300 5547 1513 5615 quoque
1557 5531 1822 5616 Theodori
1867 5551 1932 5590 ac

425 5603 594 5655 todort
635 5617 664 5655 a
705 5617 763 5655 se
801 5601 1045 5655 refutatis
1084 5605 1316 5655 loquitur
1346 5601 1581 5655 Cvrtllus
1626 5619 1677 5655 In
1703 5607 1928 5655 enistola

425 5602 594 5656 iodori
635 5617 664 5655 a
705 5617 767 5672 se
782 5601 1045 5672 refutatis
1084 5603 1316 5672 loquitur
1346 5601 1581 5671 Cyrillus
1626 5605 1677 5658 in
1703 5605 1928 5672 epistola

375 5673 444 5726 ad
470 5673 722 5728 Acacium
751 5669 1484 5741 Melitenensemepiscopum
1514 5678 1634 5744 (ep.
1667 5669 1757 5745 40)
1787 5693 1801 5731 :
1835 5673 1928 5730 Iu-

691 5763 973 5829 Pnnoc.
1010 5764 1124 5827 GR.
1153 5763 1428 5828 LXXVI.

2048 3205 2186 3245 unus
2217 3191 2290 3245 sit
2317 3189 2485 3246 Filius
2516 3190 2678 3261 impie
2709 3205 2991 3262 respuens.

2104 3321 2183 3377 EX
2215 3338 2390 3379 EADEI
2424 3321 2623 3380 SEVERI
2652 3325 2987 3381 ANTIOCHENI
3018 3340 3277 3383 λροιοςιι
3309 3343 3358 3382 ΙΝ
3386 3341 3562 3382 εουει

2725 3411 2937 3451 CODICE.

2233 3506 2322 3564 20.
2367 3507 2518 3562 Idem
2551 3507 2784 3578 Cyrillus
2814 3510 3068 3565 advenas
3100 3510 3418 3567 Diodorum.

2116 3617 2270 3688 Szpe
2293 3619 2404 3688 jam
2432 3619 2686 3688 diximus,
2712 3635 2819 3690 quo
2850 3629 3092 3692 tempore
3118 3622 3475 3692 capitulorum
3501 3638 3619 3679 om-

2047 3710 2194 3790 nium
2221 3711 2520 3779 apologiam
2547 3712 2946 3781 quodammodo
2978 3713 3206 3769 fecimus
3233 3714 3333 3784 (2),
3362 3731 3466 3770 non
3494 3732 3620 3785 pro-

2045 3809 2231 3869 pterea
2268 3801 2413 3868 quod
2454 3809 2662 3855 natura:
2704 3801 2769 3854 ad
2812 3803 3196 3858 adunationem
3237 3815 3615 3870 accesserunt,

2045 3888 2250 3944 idcirco
2289 3889 2602 3945 dualitatem
2639 3891 2726 3960 (in
2760 3891 3010 3965 Christo)
3045 3907 3165 3948 esse
3201 3893 3614 3950 admittendam.

2045 3978 2256 4034 Etenim
2298 3979 2646 4045 sicuthomo,
2674 3982 2918 4052 quamvis
2953 3997 3020 4037 ex
3058 3981 3239 4036 anima
3273 3982 3522 4037 rationali
3565 3995 3618 4038 et

2046 4083 2273 4139 corpore
2309 4071 2662 4139 compositus,
2697 4085 2838 4126 unus
2873 4081 2957 4126 est
2989 4086 3164 4140 neque
3195 4073 3250 4126 in
3284 4072 3393 4129 duo
3425 4075 3617 4131 dividi-

2048 4172 2154 4226 tur,
2192 4162 2351 4230 idque
2391 4169 2559 4215 totum
2600 4161 2800 4216 dicitur
2833 4162 3032 4216 animal
3072 4162 3332 4220 rationale
3365 4180 3430 4222 ac
3469 4182 3617 4222 rnor-

2045 4252 2168 4318 tale,
2195 4266 2500 4322 quanquam
2530 4267 2720 4322 reapse
2747 4267 2852 4307 una
2884 4254 2935 4308 in
2965 4264 3117 4325 parte
3145 4257 3395 4324 mortale,
3423 4259 3480 4314 in
3512 4259 3616 4314 alia

2046 4343 2335 4409 rationale;
2373 4343 2453 4396 sic
2484 4343 2650 4397 etiam
2688 4343 3032 4413 Emmanuel,
3067 4361 3192 4401 cum
3225 4348 3296 4403 sit
3333 4365 3502 4414 unus,
3537 4352 3618 4404 di-

1973 4435 2020 4490 D
2049 4433 2272 4488 vinitate
2296 4441 2350 4486 et
2375 4433 2705 4490 humanitate
2726 4445 3002 4503 constans,
3025 4452 3254 4506 quarum
3277 4455 3374 4510 per
3392 4457 3451 4497 se
3475 4451 3618 4496 tllra-

2050 4538 2154 4594 que
2188 4525 2423 4592 perfecta
2457 4532 2567 4589 est,
2603 4526 2743 4582 idem
2779 4527 2922 4583 Deus
2952 4538 3034 4584 est
3063 4535 3117 4583 et
3151 4531 3340 4596 homo,
3378 4532 3618 4587 mortalis

2048 4627 2103 4670 et
2128 4616 2479 4685 immortalis,
2509 4610 2818 4690 tempdralis
2842 4632 2897 4675 et
2921 4620 3071 4690 prior
3093 4619 3346 4675 omnibus
3373 4621 3614 4690 saeculis,

2047 4705 2326 4774 palpabilis
2347 4717 2400 4762 et
2423 4708 2802 4778 impalpabilis,
2825 4708 3054 4762 visibilis
3077 4719 3132 4762 et
3152 4708 3459 4765 invisibilis.
3482 4710 3616 4768 Nam

2047 4795 2092 4848 si
2141 4795 2227 4848 ille
2272 4805 2461 4849 natura
2507 4813 2604 4851 sua
2653 4797 2990 4860 immortalis,
3036 4797 3170 4852 nihil
3219 4803 3539 4871 sumpsisset
3585 4821 3615 4858 a

2048 4882 2259 4935 mortali
2297 4891 2512 4948 natura,
2551 4885 2604 4939 id
2635 4894 2719 4939 est
2747 4885 3044 4940 Abrahami
3079 4887 3307 4953 semine,
3341 4889 3487 4945 haud
3519 4907 3618 4946 nos

2046 4971 2292 5040 equidem
2324 4974 2564 5029 renovati
2594 4988 2836 5030 essemus
2866 4985 3030 5046 atque
3060 4977 3126 5032 ad
3158 4979 3614 5038 immortalitatem

2047 5063 2242 5131 erecti;
2284 5079 2530 5135 vanaque
2575 5077 2760 5124 nostra
2803 5069 2935 5124 fides
2980 5071 3150 5137 foret,
3189 5080 3244 5125 et
3288 5071 3341 5126 in
3383 5075 3616 5142 peccatis

2049 5154 2250 5209 nostris
2283 5154 2456 5209 adhuc
2480 5154 2808 5223 iaceremus.

2038 5331 2225 5407 θρασείᾳ
2265 5330 2537 5407 Theodori
2561 5351 2624 5388 ac
2662 5334 2883 5407 Diodori
2919 5335 3086 5400 libris,
3123 5353 3250 5407 quos
3292 5339 3614 5406 scripserunt

2041 5416 2143 5454 non
2180 5404 2244 5478 de
2279 5405 2639 5478 incarnatione
2673 5404 2965 5478 U_nigeniti,
2998 5408 3090 5478 sed
3128 5404 3293 5478 magis
3328 5404 3510 5462 contra
3544 5410 3618 5461 it:-

2039 5473 2397 5549 carnalionem
2415 5476 2615 5549 ,__posu_i
2645 5473 2831 5549 aliqtia
2859 5490 2924 5529 ea:
2953 5473 3234 5549 capitulis,
3263 5488 3310 5531 et
3339 5495 3444 5549 quo
3471 5482 3614 5547 potui

2039 5541 2192 5618 modo
2220 5544 2517 5604 contradixi
2549 5546 2647 5618 eis,
2675 5541 2951 5618 declarans
2982 5541 3371 5603 abominatione
3400 5541 3614 5618 prorsus

2039 5610 2245 5677 plenam
2275 5627 2385 5682 esse
2415 5615 2726 5669 sententiam
2759 5614 3013 5683 ipsorum.

3224 5769 3298 5832 46
