3952 6200
344 229 474 288 H5!

1321 232 1378 287 ὃ.
1412 229 1692 288 CYRILLI
1733 230 2154 290 FRAGMENTA
2193 230 2608 289 DOGMATICA.

3396 285 3399 288 .
3447 233 3585 289 “52

334 345 410 401 Er
437 358 835 410 ουεετιοιιηυθ
865 344 1062 400 Sumat
1089 343 1416 416 Art-[monstri
1443 361 1550 401 cuu
1576 359 1900 414 ιωιωτιςιε,

2027 343 2375 416 mperfectus,
2404 351 2626 415 peccato
2651 354 2842 397 carere
2872 342 3096 410 nequit:
3123 343 3325 398 etenim
3355 343 3447 413 qui
3476 359 3584 400 una

787 429 840 470 IN
874 427 994 470 suo
1027 428 1146 470 con.
1179 413 1307 470 Sim.
1339 413 1478 470 Vn.

530 526 622 581 2i.
666 526 814 581 Idem
845 526 1072 596 Cyrillus
1099 527 1350 582 adversus
1383 526 1694 581 Diodorum.

409 639 668 695 Sanctum
701 638 843 694 enim
871 645 957 695 est
987 651 1050 694 ac
1076 637 1198 694 sine
1228 647 1451 708 peccato
1479 653 1675 707 corpus
1703 637 1905 694 Christi

339 730 435 787 Dei
472 730 886 800 Servatorisque
917 730 1086 786 nostri
1126 745 1140 785 :
1177 738 1230 784 et
1263 729 1402 799 quod
1437 730 1651 799 quidem
1688 730 1752 784 ad
1787 729 1905 784 cui-

338 836 461 892 pam
503 822 714 887 attiuet,
745 821 856 893 jam
897 821 1022 877 inde
1065 836 1092 876 a
1136 822 1311 891 primo
1355 822 1741 877 incarnationis
1790 835 1906 875 mo-

340 896 525 968 mento
547 912 961 982 incorruptibile
991 913 1119 980 fuit,
1151 923 1312 980 atque
1339 913 1393 966 in
1425 927 1488 967 ea
1519 912 1774 981 qualitate
1802 925 1907 964 non

339 1011 422 1056 est
459 1002 509 1056 ei
546 1001 652 1055 ulla
686 1000 962 1057 nobiscum
997 1001 1302 1056 communio
1335 1000 1417 1055 vel
1454 1000 1749 1054 similitudo
1786 1022 1797 1056 :
1829 1009 1910 1054 et-

338 1089 484 1144 enim
527 1089 629 1143 alia
671 1090 859 1160 quavis
902 1105 962 1144 re
1004 1090 1157 1144 nobis
1195 1099 1278 1144 est
1315 1090 1508 1144 similis
1551 1099 1906 1158 praeterquam

339 1179 516 1248 culpa.
547 1179 849 1250 Ceteroqui
877 1179 1121 1234 eamdem
1150 1193 1366 1233 carnem
1396 1177 1752 1247 eamdemque
1780 1194 1911 1233 san-

341 1271 559 1341 guinem
591 1271 667 1325 uti
691 1285 789 1326 nos
812 1270 1176 1339 participavit,
1196 1277 1256 1324 ut
1281 1269 1356 1323 ait
1381 1268 1668 1338 Apostolus
1689 1269 1755 1322 ⁸⁸.
1777 1267 1821 1324 Ο
1840 1271 1911 1324 mi

342 1363 636 1418 reverende
659 1362 749 1432 qui
777 1363 938 1418 stulta
967 1377 1031 1417 ac
1057 1361 1366 1430 turpissima
1392 1361 1552 1415 verba
1581 1359 1792 1428 ell‘utis;
1821 1376 1911 1416 sa-

342 1467 494 1507 crum
530 1453 744 1522 quidem
780 1468 975 1525 corpus
1006 1454 1137 1510 illud
1169 1454 1235 1508 de
1268 1451 1435 1507 Maria
1469 1461 1747 1522 sumptum
1771 1493 1786 1518 ,
1824 1453 1913 1506 iu.-

345 1541 586 1597 lirmitati
613 1551 728 1599 erat
755 1543 1067 1609 obnoxium,
1093 1543 1184 1598 sed
1213 1552 1390 1597 tamen
1410 1541 1521 1610 jam
1551 1542 1674 1597 inde
1702 1544 1769 1598 ab
1796 1543 1912 1612 ejus

343 1633 706 1690 concretiouis
729 1634 900 1700 initio,
922 1647 977 1690 et
1002 1635 1054 1689 in
1081 1643 1236 1687 utero
1261 1632 1641 1698 subsistentia,
1664 1644 1908 1687 sanctum

346 1721 534 1792 utique
567 1735 782 1792 semper
812 1721 942 1787 fuit,
978 1721 1104 1791 quia
1139 1719 1343 1775 Christi
1379 1734 1575 1790 corpus
1609 1729 1754 1784 erat,
1793 1720 1910 1773 nui-

343 1813 565 1879 lumque
611 1812 868 1882 temporis
915 1811 1254 1867 intervallum
1311 1809 1429 1877 fuit,
1472 1824 1578 1880 quo
1624 1810 1755 1865 illud
1807 1827 1913 1866 non

346 1903 666 1972 possederit.
697 1903 864 1959 Porro
895 1903 1140 1973 simplex,
1183 1910 1240 1957 ut
1275 1901 1374 1968 ais,
1411 1909 1510 1966 est,
1548 1902 1757 1957 caneris
1790 1917 1915 1956 car-

347 1994 507 2050 nibus
536 2004 929 2064 comparatum.

347 2108 439 2163 29..
466 2108 596 2163 lusu
617 2108 886 2164 CYIHLLUS
903 2125 1038 2164 aruo
1066 2105 1264 2165 Seram
1288 2123 1688 2168 sponoos'rtcuu
1710 2123 1920 2164 comas

419 2178 688 2234 Juumuu
723 2178 1280 2244 Haucsnsssssussu,
1309 2198 1361 2236 Ix
1387 2194 1578 2237 CODICE
1594 2177 1720 2234 Svu.
1747 2177 1881 2234 Vn.

419 2290 770 2360 Participavit
805 2290 968 2360 igitur
999 2305 1152 2360 aeque
1192 2306 1255 2346 ac
1299 2306 1398 2347 nos
1441 2305 1661 2346 carnem
1705 2299 1759 2346 et
1797 2306 1922 2345 san-

351 2385 586 2456 guinem,
635 2393 694 2438 ut
739 2384 792 2438 in
835 2398 1000 2438 carne
1041 2399 1136 2438 sua
1185 2384 1511 2439 daemonium
1561 2392 1917 2454 oppugnaret,
1968 2438 1973 2444 _

353 2490 527 2546 eoque
553 2473 849 2544 proﬂigato,
875 2474 1123 2528 mortalia
1147 2485 1327 2530 nostra
1354 2489 1582 2544 corpora
1605 2475 1671 2527 ad
1697 2475 1917 2528 immor-

356 2567 614 2621 talitatem
639 2566 975 2630 transferret,
993 2566 1233 2635 iugoque
1257 2565 1389 2636 legis
1410 2566 1778 2632 subtraheret,
1803 2579 1923 2634 qua;

353 2659 615 2714 adversus
652 2658 892 2712 membra
931 2657 1110 2713 carnis
1153 2658 1530 2728 praevaluerat.
1572 2657 1726 2712 Haud
1767 2660 1924 2713 aliter

355 2749 520 2804 vitam
554 2757 891 2817 mortemque
926 2749 1068 2804 inter
1097 2763 1157 2804 se
1190 2748 1376 2818 praelio
1407 2747 1744 2803 committere
1773 2757 1924 2817 pote—

359 2848 466 2905 rat,
501 2839 604 2895 nisi
638 2839 853 2894 mortali
887 2855 1113 2909 corpore
1147 2855 1276 2895 usus
1308 2839 1522 2902 fuisset,
1554 2853 1730 2908 neque
1765 2838 1918 2905 cupi-

355 2933 588 2988 ditatum
622 2943 928 2988 nostrarum
961 2933 1238 2988 stimulum
1270 2931 1592 3000 obtudisset,
1625 2931 1728 2988 nisi
1761 2932 1826 2985 de
1859 2930 1923 2984 li-

359 3033 576 3094 gmento
601 3033 790 3081 nostro
817 3040 1012 3094 corpus
1043 3025 1382 3095 sumpsisset.

356 3152 438 3208 Ex
472 3168 647 3218 ustus
684 3153 879 3210 Ssvsnt
918 3169 1186 3278 seruisses
1220 3153 1488 3278 JVULIANUI
1514 3151 1701 3208 llauc.
1742 3168 1794 3207 ιω
1831 3168 1927 3208 co-

922 3239 1040 3278 DiCE
1111 3239 1197 3278 ru.
1273 3240 1366 3278 Ατ.

922 3239 1040 3279 ωοε
1070 3239 1197 3278 δῑιι.
1235 3239 1261 3278 γ
1273 3240 1366 3280 ΛΤ.

561 3335 656 3393 25.
695 3335 847 3392 Idem
874 3335 1105 3407 Cyrillus
1136 3337 1384 3392 adversus
1418 3337 1728 3391 Diodorum.

430 3447 556 3502 Hrec
585 3457 667 3503 est
687 3490 702 3512 ,
732 3463 767 3503 ο
796 3457 980 3502 noster
1011 3447 1242 3514 sodalis,
1277 3458 1485 3503 natura:
1518 3450 1765 3502 humanm
1795 3449 1927 3502 deli-

360 3540 524 3606 nitio,
559 3552 680 3609 qua
720 3538 919 3593 dicitur
951 3539 1254 3594 substantia
1293 3538 1574 3597 animalis.
1612 3537 1893 3593 rationalis

364 3640 526 3702 atque
558 3629 826 3686 mortalis.

548 3745 639 3800 24.
682 3743 831 3800 Idem
863 3743 1093 3815 σειν-ἕηκε
1120 3742 1367 3798 adversus
1392 3718 1738 3797 Theodorum.

349 3846 351 3848 ’
430 3861 524 3919 ille
564 3872 743 3916 autem
786 3877 880 3916 ore
925 3875 1022 3916 suo
1062 3859 1310 3923 dilatato,
1351 3869 1407 3914 et
1447 3859 1640 3913 laxatis
1687 3856 1932 3925 blasphe-

361 3938 486 4012 miae
512 3955 762 4018 habenis,
790 3953 925 4007 dixit
955 3951 1154 4014 Christi
1187 3949 1557 4022 imperfectam
1585 3951 1928 4005 sanctitatem

363 4051 563 4115 fuisse,
597 4059 772 4114 neque
807 4045 924 4114 eius
961 4044 1172 4098 culmen
1210 4043 1455 4110 attigisse
1487 4050 1777 4110 antequam
1811 4040 1932 4110 Spi-

365 4142 504 4196 ritus
538 4145 760 4193 sanctus
794 4135 893 4190 sub
932 4127 1196 4191 colttmhte
1236 4135 1415 4205 specie
1454 4134 1507 4188 in
1545 4149 1666 4188 eum
1706 4133 1933 4188 descen-

365 4230 555 4287 disset.
587 4227 783 4295 Quidni
820 4236 998 4284 autem
1029 4225 1301 4298 perfectus
1333 4224 1486 4280 erat?
1512 4223 1673 4280 Certe
1730 4225 1821 4294 qui
1851 4233 1936 4280 est

2005 437 2059 492 in
2094 445 2247 506 parte
2279 443 2498 491 sanctus
2533 434 2795 498 creditur,
2829 433 2881 486 in
2918 434 3023 487 alia
3057 433 3302 490 infirmus
3334 446 3586 505 putatur.
3634 461 3642 470 -

2004 528 2226 598 Alioqui.
2248 529 2464 597 quinam
2497 527 2599 581 iste
2627 525 2872 581 defectus
2900 534 3040 590 erat,
3073 539 3231 594 quem
3261 527 3310 580 ei
3340 525 3586 596 Spiritus

2006 629 2228 675 sanctus
2268 617 2570 687 supplevit,
2604 626 2663 670 ut
2706 616 2873 670 altera
2917 631 3132 685 quoque
3174 631 3302 685 pars
3342 618 3586 686 perfecta

2006 711 2286 774 evaderet,
2321 718 2482 776 atque
2516 707 2713 761 diaboli
2750 706 3007 774 impetum
3045 706 3356 775 frangeret,
3391 716 3454 761 ut
3487 709 3582 761 ad-

2007 797 2282 852 versarius
2321 794 2547 850 asserit?
2583 794 2752 848 Porro
2789 808 2894 847 non
2930 804 3152 848 sanctus
3189 796 3582 861 tantummodo,

2008 897 2060 944 et
2101 887 2316 958 quidem
2361 884 2758 955 perfectissime
2799 893 2946 950 erat,
2988 900 3176 939 verum
3221 887 3385 940 etiam
3433 885 3585 954 plena

2010 981 2244 1051 potentia
2286 979 2332 1032 is
2369 975 2625 1046 praeditus
2659 983 2807 1039 erat,
2841 975 2932 1044 qui
2975 975 3190 1028 dolores
3225 985 3388 1044 atque
3427 991 3591 1030 omne

2011 1085 2181 1136 genus
2211 1066 2538 1123 infirmitatis
2570 1068 2817 1120 sanabat.
2844 1095 2913 1104 —
2935 1063 3067 1119 Cum
3101 1066 3241 1120 Deus
3271 1073 3467 1134 suapte
3497 1080 3589 1118 na~

2015 1171 2132 1215 tura
2174 1169 2342 1226 esset,
2385 1171 2652 1226 verosque
2696 1157 2788 1212 Dei
2833 1157 3010 1211 Patris
3055 1155 3247 1220 Filius,
3291 1156 3598 1222 humanam

2015 1251 2239 1306 fortnam
2263 1250 2363 1304 sibi
2389 1249 2581 1312 induit,
2605 1263 2756 1302 suam
2784 1247 2988 1302 faciens
3009 1261 3230 1301 carnem
3256 1247 3403 1301 illam
3429 1263 3588 1316 quam

2015 1342 2080 1396 de
2112 1349 2296 1396 sancta
2326 1338 2544 1409 Virgine
2582 1339 2839 1408 sumpsit,
2879 1353 2998 1407 quae
3038 1337 3278 1407 proiecto
3318 1353 3454 1393 caro
3496 1337 3582 1393 Dei

2014 1439 2117 1495 est,
2145 1442 2199 1486 et
2229 1440 2496 1502 potestate
2525 1431 2707 1484 divina
2740 1430 2967 1499 pollens.
2996 1430 3200 1484 Idcirco
3229 1429 3483 1485 Christus
3507 1431 3583 1484 vi-

2017 1524 2238 1577 ril‘tcans
2269 1537 2482 1592 quoque
2511 1521 2640 1587 fuit,
2670 1528 2725 1576 et
2756 1520 3132 1576 inﬁrmitalum
3163 1531 3384 1576 sanator
3438 1536 3583 1576 mor-

2019 1613 2194 1684 tisque
2225 1613 2553 1666 destructor.

2207 1703 2298 1758 25.
2341 1702 2490 1757 Idem
2524 1702 2756 1773 Cyrillus
2791 1705 3042 1758 adversus
3079 1702 3380 1757 Diodorum.

2088 1811 2266 1866 Audes
2291 1812 2454 1867 etiam
2486 1812 2750 1867 herilihus
2778 1813 2967 1868 formis
2998 1813 3146 1868 illum
3177 1814 3392 1868 induere
3412 1855 3429 1878 ,
3457 1814 3575 1882 qui,

2019 1913 2075 1956 ut
2105 1904 2208 1968 ais,
2236 1904 2395 1958 homo
2422 1911 2506 1958 est
2534 1902 2600 1958 de
2629 1903 2818 1968 Maria,
2847 1913 2901 1958 et
2927 1905 3020 1972 qui
3051 1896 3207 1959 initio
3233 1920 3261 1958 a
3297 1905 3454 1958 nobis
3482 1903 3585 1956 uul-

2019 1992 2228 2046 latenus
2256 1992 2501 2046 diversus
2528 2001 2646 2045 erat
2671 2000 2763 2044 aut
2791 1994 3058 2061 superior,
3084 1993 3176 2048 sed
3207 2003 3394 2062 postea
3422 1991 3586 2044 multo

2017 2085 2304 2140 conamine
2341 2083 2463 2138 Filii
2505 2099 2699 2138 nomen
2739 2083 3076 2153 gloriamque
3111 2085 3350 2138 divinam
3389 2097 3590 2152 prome-

2021 2176 2154 2229 ritus
2193 2182 2295 2239 est,
2336 2185 2520 2244 postea
2563 2190 2722 2244 quam
2771 2176 2982 2231 scilicet
3024 2176 3091 2230 de
3126 2185 3316 2231 ventre
3365 2175 3588 2229 exierat.

1954 2272 1956 2274 '
2020 2266 2185 2336 igitur
2217 2267 2352 2332 duo,
2395 2276 2446 2322 te
2483 2276 2772 2330 censente,
2809 2278 2933 2321 sunt
2972 2268 3096 2333 ﬁlii;
3140 2281 3422 2336 novusque
3463 2267 3591 2320 Deus

2021 2367 2104 2413 est
2138 2356 2406 2422 Christus,
2443 2358 2537 2428 qui
2577 2373 2607 2412 a
2647 2359 2758 2414 Deo
2795 2359 3193 2429 supernaturaii
3235 2361 3445 2414 honore
3481 2358 3590 2413 alie

2022 2459 2142 2505 ctus
2177 2458 2280 2516 est,
2313 2448 2482 2518 magis
2523 2449 2800 2518 aliquanto
2835 2465 2998 2519 quant
3042 2449 3260 2520 reliquae
3293 2460 3585 2515 creaturae;

2024 2549 2082 2594 ut
2114 2555 2234 2594 cum
2273 2540 2506 2606 simplici
2542 2541 2758 2595 homine
2790 2542 3046 2597 adoretur
3079 2542 3124 2596 is
3155 2543 3249 2610 qui
3285 2541 3440 2610 lapsu
3475 2553 3589 2594 tem-

2025 2631 2194 2701 poris,
2233 2645 2331 2684 nec
2370 2631 2471 2685 nisi
2509 2631 2609 2686 sub
2645 2631 2806 2686 linem
2843 2633 3068 2701 gloriam
3105 2632 3368 2702 possedit,
3407 2631 3582 2685 factus-

2024 2737 2130 2794 que
2164 2732 2246 2778 est
2278 2722 2560 2776 Trinitatis
2594 2722 3045 2790 complementum
3066 2763 3081 2789 ,
3119 2732 3314 2777 natura
3354 2722 3575 2792 aequalis.

2223 2835 2312 2891 26.
2356 2835 2508 2890 Idem
2539 2836 2770 2906 Cyrillus
2801 2837 3051 2890 adversus
3083 2835 3396 2891 Diodorum.

2095 2951 2337 3020 Namque
2373 2961 2430 3005 ut
2467 2967 2656 3020 passus
2691 2953 2904 3008 dolores
2943 2937 3005 3006 in.
3034 2967 3218 3017 carne,
3252 2951 3582 3006 nihilominus

1953 3022 1994 3081 c
2030 3045 2083 3099 in
2115 3060 2225 3098 suae
2259 3044 2473 3098 deitatis
2503 3053 2694 3098 natura
2725 3044 3073 3114 impassibilis
3105 3045 3299 3097 mansit
3329 3061 3345 3096 :
3373 3044 3452 3097 sic
3477 3043 3571 3104 aio,

2029 3143 2085 3188 et
2113 3134 2236 3187 dum
2269 3141 2560 3198 cresceret,
2589 3132 2887 3202 perfectum
2918 3133 3145 3187 omnino
3171 3131 3339 3185 fuisse.
3366 3132 3429 3184 Et
3456 3145 3568 3184 cum

2031 3224 2293 3293 sapientia
2340 3224 2522 3294 augeri
2571 3227 2919 3289 credebatur,
2966 3234 3096 3278 tunc
3138 3224 3249 3292 ipse
3289 3222 3572 3276 redundans

2031 3314 2311 3384 sapientiae
2340 3313 2460 3368 fons
2487 3322 2627 3380 erat,
2662 3329 2690 3367 a
2721 3327 2828 3383 quo
2853 3313 3036 3368 caeteri
3065 3326 3254 3369 omnes
3281 3310 3580 3380 sapientiam

2036 3407 2306 3462 hauriunt.

2797 3498 2886 3553 27.

2036 3613 2103 3670 Β.
2136 3613 2318 3684 Cyrilli
2353 3614 2688 3684 Alexandria
2727 3629 2791 3668 ex
2869 3614 2977 3668 Τοῦ
3031 3612 3350 3684 μακαρίουΔ
3388 3587 3600 3684 Iit-pl;-

2132 3679 2284 3744 oﬁere
2347 3694 2528 3738 contra
2593 3683 2791 3738 Diodo-
2930 3679 3047 3737 λού
3076 3679 3522 3746 Ἀλέξανδρε-[ας
3541 3679 3602 3732 ἐκ

2134 3769 2270 3806 rum.
2929 3753 3036 3808 τοῦ
3066 3752 3217 3806 κατὰ
3247 3750 3557 3818 Διοδώρου.

2110 3865 2237 3932 Sed,
2255 3882 2287 3919 ο
2313 3868 2547 3937 sapiens,
2571 3867 2785 3937 inquam
2817 3920 2823 3927 ,

2036 3972 2170 4026 ego,
2234 3960 2411 4011 anima
2470 3961 2681 4028 quidem
2735 3967 2789 4013 et

2038 4062 2232 4117 corpus
2261 4049 2327 4102 ad
2361 4049 2591 4104 hominis
2626 4050 2791 4120 origi-

2041 4152 2162 4191 nem
2199 4138 2486 4208 pertinent,
2516 4156 2690 4210 tteque
2720 4141 2792 4196 al-

2043 4237 2302 4284 terutrum
2341 4234 2610 4302 praecedit.

2944 3867 3107 3935 Ἀλλ’,
3149 3863 3194 3921 ὧ
3230 3865 3391 3935 σοφὲ,
3452 3863 3607 3933 φαίην

2862 3959 2948 4024 ἂν,
2977 3958 3124 4030 ψυχὴ
3179 3957 3275 4027 μὲν
3309 3955 3406 4009 καὶ
3461 3955 3611 4021 σῶμα

2861 4050 2996 4121 πρὸς
3039 4046 3325 4119 ἀνθρώπου
3378 4044 3592 4112 γένεσιν

2862 4143 2954 4195 καὶ
2974 4141 3071 4196 οὐκ
3094 4141 3158 4194 ἂν
3180 4137 3509 4210 προανεσκει
3532 4134 3616 4187 θα-

2861 4233 3018 4304 τέρου
3046 4231 3292 4303 Θάτερον.

1940 4359 2028 4418 ιν.

1376 4511 1445 4549 ex
1481 4509 1646 4548 orsus
1677 4509 1937 4551 mveusus
1972 4511 2451 4556 PNKUIATOIACHOS
2483 4500 2583 4571 (l).

436 4630 621 4690 Sancti
650 4630 837 4703 Cyrilli
866 4645 932 4687 ea:
959 4626 1312 4685 antirrheticis
1341 4625 1664 4682 sermonibus
1693 4636 1876 4681 contra

2049 4635 2160 4691 Τοῦ
2191 4635 2364 4707 ἁγίου
2407 4635 2720 4714 Κυρζλλοῃ
2745 4633 2817 4688 ἐκ
2860 4631 3179 4714 {divisam
3203 4624 3620 4714 Ηγευματομάο

893 4721 1422 4778 I’neumatomachos.

441 4834 678 4906 Digitum
723 4834 820 4890 Dei
865 4832 1003 4890 solet
1043 4829 1324 4901 Scriptura
1365 4828 1635 4902 appellare
1677 4828 1938 4899 Spiritum

377 4937 655 4990 sanctum,
690 4925 848 4982 sicuti
883 4923 1132 4981 Christus
1165 4923 1301 4978 dixit
1337 4939 1353 4977 :
1393 4940 1413 4974 ‹
1457 4922 1518 4977 Si
1551 4934 1650 4992 ego
1685 4921 1738 4976 in
1775 4921 1942 4990 digito

375 5017 468 5074 Dei
493 5018 654 5089 ejicio
674 5015 936 5072 daemonia
949 5015 995 5049 "
1013 5033 1062 5081 ς)
1094 5014 1146 5070 id
1173 5015 1313 5086 quod
1339 5013 1475 5069 alius
1495 5010 1941 5083 evangelistaﬂn

375 5107 579 5178 Spiritu
611 5106 705 5164 Dei
729 5127 748 5162 ι
779 5107 928 5164 dicit.
958 5106 1050 5162 Sic
1080 5106 1204 5162 item
1236 5107 1513 5162 dexteram
1551 5103 1941 5172 brachiumque

447 5262 497 5297 ⁸⁵
515 5261 680 5322 Hebr.
709 5281 772 5334 tt,
803 5265 890 5320 ιι.
968 5265 1014 5299 ⁸⁸
1037 5263 1167 5320 Luc.
1201 5278 1274 5328 st,
1303 5261 1396 5317 20.
1471 5261 1516 5293 "
1541 5259 1732 5315 Matth.
1765 5272 1861 5324 xu,
1882 5255 1976 5313 28.

447 5419 524 5490 (i)
563 5418 643 5473 Ex
662 5419 871 5490 synodo
914 5418 1509 5490 Byzantinaﬂadversus
1531 5415 1938 5470 Pneutnatoma-

378 5487 517 5558 chos
542 5503 630 5558 ap.
660 5487 783 5552 Mai,
808 5487 1001 5558 βρίσει.
1033 5487 1186 5544 Rom.
1213 5488 1283 5554 χ,
1313 5487 1404 5542 to.

472 5557 529 5628 2)
571 5553 753 5612 Sancti
794 5553 978 5628 Cvrilli
1021 5553 1300 5628 sermones
1338 5555 1724 5628 antirrheticos
1757 5553 1944 5628 laudat

385 5624 721 5699 Ephrmmius
759 5624 1064 5701 patriarcha
1104 5627 1470 5684 Autiocbenus
1511 5629 1651 5697 apud
1695 5624 1941 5680 Photium

2366 4699 2948 4774 χων’ἀντιρῤητικ‹ῐ›ν
2973 4702 3173 4771 ,λόγων
3199 4699 3297 4770 (2).

2125 4821 2397 4878 Δάκτυλον
2442 4819 2576 4874 Θεοῦ
2620 4819 2806 4873 καλεῖν
2833 4811 2938 4870 οἶδε
2990 4815 3178 4886 Γραφὴ
3206 4813 3265 4866 τὸ
3309 4811 3542 4881 Πνεῦμα
3565 4809 3622 4861 τὸ

2045 4915 2223 4983 ἆγιον,
2254 4911 2436 4977 καθὼς
2487 4911 2634 4967 καὶὸ
2666 4907 2902 4980 Χριστὸς
2942 4906 3197 4978 εἴρηκενο
3221 4922 3241 4954 ι
3279 4903 3342 4954 El
3372 4901 3434 4954 δὲ
3460 4902 3520 4953 ὲν
3548 4896 3623 4968 τῷ

2043 5005 2291 5077 δακτύλῳ
2321 5004 2454 5059 Θεοῦ
2483 5001 2730 5058 ἐκϐάλλω
2752 5002 2822 5055 τὰ
2845 4999 3150 5071 δαιμόνιαοι
3172 4999 3310 5066 ὅπερ
3342 4995 3506 5056 ἄλλος
3532 4993 3622 5044 εὖ·

2046 5098 2395 5172 αγγελιστὴς,
2426 5116 2444 5150 t
2483 5101 2542 5153 ὲν
2563 5096 2841 5168 Πνεύματι
2869 5093 3061 5160 Θεοῦ,ι
3095 5090 3265 5146 εἴπεν.
3303 5089 3541 5160 ὐμοξως
3568 5081 3622 5138 δὲ

2045 5411 2165 5467 cod.
2197 5423 2414 5475 ccsxu,
2448 5409 2551 5464 col.
2580 5406 2685 5462 793
2719 5405 2810 5460 lin.
2841 5422 2855 5459 :
2887 5401 3154 5476 Κύριλλος
3187 5402 3244 5453 ὲν
3279 5398 3401 5476 ῖᾳῖς
3442 5395 3624 5476 ἕντιὲ

2047 5464 2236 5603 fﬁciam
2267 5464 2420 5548 (pnth
2450 5477 2746 5547 Cmteroqui
2780 5464 3138 5558 conferendus
3168 5477 3250 5530 est
3285 5469 3423 5554 idem
3455 5464 3627 5532 Cyril-

2069 5565 2129 5603 us
2164 5550 2300 5603 Oun.
2335 5559 2374 5602 t;
2415 5547 2457 5600 V
2493 5549 2660 5603 lnunc
2698 5544 2832 5603 Vllll
2861 5562 2911 5599 tu
2937 5541 3222 5601 Thesauro,
3260 5553 3312 5603 p.
3338 5535 3455 5590 οὔθ.
3484 5534 3622 5587 Item

2069 5534 2129 5603 us
2164 5534 2300 5622 Opp:
2330 5534 2374 5622 ἶ)
2415 5534 2472 5600 ν
2493 5534 2832 5622 [ηυῐιοὟΙΙῌ]
2861 5541 3239 5622 iulhesauro,
3260 5535 3455 5622 p.339.
3484 5534 3622 5587 ltetn

2049 5621 2190 5690 apud
2213 5607 2316 5678 nos
2346 5621 2401 5677 iu
2431 5607 2832 5677 commentario
2857 5613 2923 5670 ad
2953 5611 3156 5669 Lucam
3189 5613 3275 5674 si,
3303 5607 3392 5662 20.
