4054 6332
501 389 564 446 ιι
1490 380 1548 437 S.
1584 375 1862 435 CYRII'LLI
1881 373 2360 436 'A’LE‘XANDRIM
2394 375 2714 434 ARCHIEP.
3432 380 3440 390 '
3669 377 3738 431 42

504 503 679 562 sauris
699 501 955 566 condunt,
979 499 1164 568 sicque
1190 495 1422 568 gaudent
1446 496 1496 550 in
1527 496 1593 548 iis
1615 511 1735 563 qua:
1759 511 1824 550 ex
1847 493 2064 548 solertia

2189 511 2362 556 ενται,
2416 492 2509 546 καὶ
2555 492 2673 544 λίαν
2720 491 3008 560 ἀσμένως·
3055 491 3288 557 καὶτοῖς
3341 492 3599 546 ἐσωτάτω
3641 491 3742 565 τῆς

505 592 839 664 collegerint,
869 602 928 646 ut
953 589 1043 644 alii
1082 591 1298 656 quidam
1327 585 1616 640 saacuhu-es
1649 599 1771 636 cum
1803 582 1885 636 vel
1921 583 2064 636 Iudi-

504 703 597 743 cas
625 700 866 756 gemmas
909 682 994 737 vel
1016 696 1205 736 aurum
1241 679 1397 733 avide
1417 675 1776 736 cumularunt,
1806 676 1914 730 imo
1938 689 2066 731 vero

506 780 673 835 multo
701 776 869 847 magis
909 793 922 828 :
957 770 1337 828 «Praestantior
1369 768 1511 822 enim
1541 768 1902 836 estsapientia
1938 765 2068 834 lapi-

506 872 663 926 dibus
697 867 974 939 pretiosis,
1010 875 1064 921 et
1107 877 1268 918 omne
1291 861 1547 916 eximium
1581 874 1689 914 non
1724 867 1807 913 est
1854 857 1943 912 illa
1987 857 2068 911 di-

505 976 722 1030 gnum,»
747 959 887 1014 sicut
908 957 1167 1027 scriptum
1204 961 1288 1008 est
1306 952 1345 1006 ί.
1385 952 1646 1022 Oportere
1675 960 1854 1004 autem
1875 964 2068 1005 censeo

507 1052 779 1119 sapientes
829 1049 977 1103 viros
1017 1057 1072 1101 et
1117 1045 1366 1108 solertes,
1402 1057 1467 1097 ac
1515 1042 1816 1096 divinorum
1856 1041 2069 1109 dogma-

509 1155 622 1197 tum
662 1141 887 1212 peritos,
918 1139 1035 1206 ejus
1061 1145 1360 1206 opportune
1389 1133 1700 1187 meminisse
1727 1133 1780 1202 2
1803 1132 1945 1200 quod
1989 1140 2071 1187 est

507 1251 536 1288 a
565 1233 795 1304 quodam
823 1245 854 1286 e
884 1229 1087 1286 sanctis
1117 1225 1399 1296 discipulis
1433 1225 1695 1293 scriptum
1730 1240 1743 1277 :
1775 1243 1794 1275 ι
1824 1222 2065 1290 Fratres,

509 1324 730 1394 probate
772 1321 1000 1392 spiritus
1041 1319 1085 1372 si
1114 1333 1180 1372 ex
1210 1317 1320 1371 Deo
1355 1317 1545 1372 sunt’.
1577 1333 1596 1364 ι
1634 1313 1828 1369 Beatus
1857 1328 2070 1383 quoque

507 1417 708 1472 l'aulus
733 1417 964 1470 donatas
991 1427 1110 1467 esse
1143 1411 1347 1466 sanctis
1372 1407 1679 1464 hominibus
1705 1408 1836 1462 dicit
1865 1406 2070 1463 discre-

509 1510 682 1563 tiones
707 1506 989 1577 Spirituum
1010 1504 1100 1559 ³⁸⁸.
1115 1501 1250 1559 Nam
1281 1501 1372 1571 qui
1401 1502 1605 1566 dicunt,
1625 1496 2070 1562 DominusJesus,

508 1601 562 1656 id
603 1614 708 1655 non
763 1595 918 1650 aliter
951 1607 1112 1663 quam
1159 1607 1254 1660 per
1301 1590 1559 1660 Spiritum
1609 1598 1854 1643 sanctum
1887 1588 2073 1657 utique

510 1695 691 1749 dicent
720 1704 734 1745 :
766 1699 822 1743 at
847 1701 977 1742 vero
1001 1685 1090 1755 qui
1114 1699 1177 1738 ex
1212 1681 1482 1752 imperitia
1503 1679 1870 1749 blasphemam
1897 1678 1952 1731 in
1980 1692 2073 1732 eos

513 1786 750 1854 linguam
792 1780 998 1844 laxant,
1035 1783 1090 1830 et
1118 1774 1226 1828 illis
1251 1773 1379 1843 quia
1412 1780 1559 1826 recte
1593 1785 1786 1840 sapere
1814 1771 2072 1823 decreve-

2169 584 2373 640 ἑαυτῶν
2406 584 2584 654 ψυχῆς
2623 583 3032 638 ὲναποκλείουσι
3068 582 3393 654 θησαυροίς’
3419 585 3742 652 έπιγάννυν-

2167 691 2257 728 ται
2280 673 2337 725 δὲ
2373 671 2516 725 οὕτω
2543 674 2656 735 τοῖς
2692 670 2751 738 ἐξ
2774 671 3040 743 εὐμαθίας
3062 673 3518 744 συνειλεγμένοις,
3543 675 3743 729 ιῖισανιιι⁵

2169 783 2262 819 κα.
2299 780 2445 828 τινες
2479 762 2656 835 ἕτεροι
2689 764 2799 817 τῶν
2831 763 2975 817 κατὰ
3009 765 3101 818 τὸν
3145 764 3279 835 βίον,
3318 765 3352 836 ἢ
3382 764 3562 831 λίθους
3591 765 3744 832 τινὰς

2182 856 2406 920 Ἰνδικὰς
2438 856 2472 928 ἢ
2518 856 2715 929 χρυσὸν
2756 854 3050 926 ἀπλήστως
3082 856 3573 927 συναγηγερκότες,
3610 857 3744 928 μάλα

2168 947 2260 1003 λον
2290 948 2370 1013 δὲ,
2395 950 2490 1002 καὶ
2518 948 2599 1002 ἔτι
2631 947 3224 1020 μειζόνως-«Κρεῖσσον
3255 947 3364 1020 γὰρ
3397 948 3558 1018 σοφία
3582 949 3745 1003 λίθων

2169 1039 2476 1093 πολυτελῶν
2495 1055 2510 1072 ⁸
2535 1040 2644 1093 πᾶν
2678 1039 2737 1092 δὲ
2779 1038 2978 1109 τίμιον,
3019 1040 3119 1092 οὐκ
3149 1039 3297 1104 ἄξιον
3320 1040 3515 1110 αὐτῆς,
3545 1059 3565 1093 ι
3601 1042 3745 1096 καθά

2171 1132 2500 1202 γέγραπται.
2530 1131 2744 1202 Χρῆναι
2763 1131 2820 1184 δέ
2847 1148 2990 1202 φημι
3014 1132 3161 1196 τοὺς,
3185 1133 3344 1203 οἵπερ
3363 1132 3429 1186 ἂν
3459 1135 3612 1202 σοφοὶ
3632 1132 3742 1205 [ίσ.

2172 1217 2275 1276 ὦσι
2302 1222 2500 1293 σοφοὶ],
2535 1223 2630 1276 καὶ
2657 1223 2928 1294 ἀγχίνοοι,
2959 1223 3057 1276 καί¹
3109 1222 3219 1276 τῶν
3257 1223 3418 1278 θείων
3460 1225 3785 1294 δογμάτων.

2173 1315 2577 1386 ἐπιστήμονες,
2623 1314 3029 1386 διαμεμνῆσθαι
3071 1315 3360 1387 χρησίμως
3407 1316 3747 1385 γεγραφότος

2169 1405 2318 1468 τινὸς
2353 1405 2463 1460 τῶν
2493 1406 2668 1475 ἁγίων
2723 1405 2982 1478 μαθητῶν
3002 1421 3018 1437 ο
3066 1425 3086 1459 ι
3119 1406 3394 1476 Ἀδελφοί,
3425 1406 3744 1478 δοκιμάζετε

2171 1497 2241 1552 τά
2268 1498 2584 1570 πνεύματα,
2615 1501 2661 1552 εί
2695 1499 2760 1552 ἐκ
2791 1498 2885 1552 τοῦ
2917 1498 3052 1552 Θεοῦ
3085 1500 3214 1554 είσι.
3252 1519 3270 1552 ι
3313 1499 3660 1572 Δεδωρῆσθαι
3686 1501 3743 1552 δὲ

2171 1597 2285 1656 τοῖς
2323 1592 2501 1661 ἁγίοις
2539 1594 2673 1662 φησὶ
2703 1595 2798 1646 καὶ
2825 1593 2853 1644 ό
2881 1591 3168 1657 θεσπέσιος
3198 1593 3409 1658 Παῦλος
3445 1593 3746 1665 διακρίσεις

2173 1686 2519 1756 πνευμάτων.
2545 1687 2606 1738 Οί
2634 1685 2732 1755 μὲν
2756 1685 2864 1757 γάρ
2889 1685 3158 1752 λέγοντες,
3181 1687 3264 1738 ὅτι
3285 1685 3490 1757 Κύριος
3521 1687 3744 1757 Ἰησοῦς,

2173 1779 2330 1846 φαῖεν
2361 1776 2427 1830 ἂν
2457 1777 2557 1846 οὐχ
2609 1775 2810 1848 ἑτέρως
2841 1777 2994 1840 αὑτὺ,
3031 1776 3170 1847 πλὴν
3205 1777 3286 1830 ὃτι
3323 1777 3410 1830 διὰ
3454 1776 3548 1830 τοῦ
3589 1779 3745 1848 ἁγίου

516 1853 668 1942 runt,
719 1874 1104 1948 prOpemodum
1154 1870 1343 1924 dicunt
1417 1869 1705 1922 anathema
1758 1864 1966 1930 Jesum,
2018 1862 2070 1916 id

2186 1867 2528 1938 Πνεύματοςο
2566 1867 2620 1921 οῖ
2643 1884 2707 1936 γε
2750 1869 2856 1938 μὴν
2885 1867 2944 1932 ἐξ
2975 1867 3215 1940 ἀμαθίας
3260 1869 3617 1940 παλίμφημον
3659 1871 3746 1922 ἐπ’

511 1973 698 2040 utique
739 1983 802 2022 ex
833 1963 1134 2019 Beelzebub
1165 1961 1420 2016 instinctu
1450 1959 1672 2014 faciunt.
1704 1957 1932 2027 Oportet
1970 1957 2074 2026 igi-

512 2071 603 2116 tur
643 2069 701 2113 ut
750 2055 1034 2112 exercitati
1087 2053 1154 2107 ad
1198 2051 1378 2107 omnia
1427 2049 1698 2104 subtiliter
1739 2057 1794 2101 et
1825 2055 2077 2102 accurate

513 2149 813 2222 probanda,
859 2155 915 2200 et
951 2141 1193 2215 pervigili
1246 2149 1460 2196 utentes
1503 2138 1682 2221 animo
1719 2136 2075 2207 quorumdam

513 2242 716 2311 scripta
747 2239 1008 2308 legamus,
1055 2244 1109 2289 et
1145 2233 1275 2302 quid
1310 2231 1377 2286 de
1405 2239 1590 2286 nostro
1619 2231 1859 2284 omnium
1894 2227 2078 2283 Salva-

517 2345 636 2390 tore
696 2332 914 2386 Christo
966 2328 1295 2397 loquantur,
1342 2323 1632 2394 diligenter
1688 2321 2076 2390 exquiramus,

514 2423 828 2494 optimeque
864 2419 1139 2473 imitemur
1174 2415 1586 2485 probatissimos
1631 2429 1694 2468 ac
1720 2412 2080 2483 peritissimos

518 2513 926 2578 nummularios,
961 2511 1054 2581 qui
1103 2509 1302 2578 probos
1346 2521 1594 2562 nummos
1637 2505 1950 2568 admittunt,
1980 2502 2080 2556 fal-

517 2622 608 2664 sos
656 2617 834 2662 autem
887 2614 941 2659 et
991 2601 1321 2656 adulteratos
1382 2599 1625 2652 studiose
1667 2596 1939 2664 rejiciunt.
2000 2596 2081 2649 Ad

518 2713 679 2769 quam
734 2710 850 2750 rem
901 2707 998 2747 nos
1041 2693 1229 2748 beatus
1262 2691 1462 2746 Paulus
1508 2690 1798 2752 hortatur,
1849 2687 2079 2742 dicens:

523 2807 544 2839 ι
573 2787 755 2842 Estote
801 2783 952 2850 probi
1001 2781 1344 2836 nutnmularii
1381 2798 1396 2834 :
1427 2779 1607 2834 omnia
1650 2778 1890 2848 probate,
1944 2776 2085 2844 quod

519 2882 720 2936 bonum
742 2887 826 2933 est
849 2885 1056 2931 tenete:
1089 2875 1155 2928 ab
1191 2873 1336 2927 muni
1369 2871 1552 2942 specie
1580 2870 1719 2925 mala
1742 2869 2028 2923 abstinete.
2060 2885 2079 2918 ι

521 2972 616 3028 Est
641 2970 805 3026 etiam
842 2968 1039 3037 alioqui
1094 2975 1250 3035 turpe
1283 2967 1336 3018 in
1385 2963 1575 3032 primis
1611 2970 1668 3016 et
1691 2958 2009 3022 absurdum,
2040 2957 2085 3011 si

521 3077 645 3118 cum
691 3063 745 3115 in
790 3060 952 3113 rebus
996 3057 1063 3110 ad
1112 3056 1252 3110 hanc
1286 3054 1451 3107 vitam
1499 3052 1895 3121 pertinentibus
1941 3048 2088 3102 nullo

2173 1961 2359 2024 αὐτοῖς
2408 1959 2658 2029 γλῶσσαν
2710 1960 2950 2024 ἀνέντες,
3003 1959 3096 2014 καὶ
3137 1959 3205 2013 δι’
3247 1952 3321 2012 ὧν
3365 1959 3499 2028 ὀρθά
3533 1963 3748 2031 φρονεῖν

2175 2050 2448 2122 ἐγνώκασι
2472 2086 2490 2114 ,
2551 2049 2833 2120 μονονουχὶ
2875 2049 3127 2118 λέγοντες
3163 2049 3427 2119 ,ἀνάθεμα
3505 2048 3743 2120 Ἰησοῦν,

2175 2140 2520 2214 τοῦτοδρῷεν
2542 2143 2631 2207 ἂν,
2647 2141 2723 2203 ὡς
2743 2141 2849 2194 άπό
2869 2159 2932 2210 γε
2950 2140 3044 2194 τοῦ
3064 2140 3412 2204 Βεελζεὸούλ.
3441 2141 3534 2194 Δεῖ
3564 2139 3630 2210 δὴ
3654 2135 3748 2192 οὖν

2178 2233 2285 2304 ἄρα
2305 2232 2517 2296 λεπτῶς
2535 2248 2594 2284 τε
2616 2231 2712 2286 καὶ
2727 2231 3180 2302 διεσμιλευμένως
3199 2231 3509 2301 δοκιμάζειν
3534 2231 3748 2286 ἅπαντα

2187 2324 2662 2397 μεμελετηκότας,
2713 2321 2808 2378 καὶ
2855 2322 2932 2394 νῷ
2985 2323 3394 2395 διεγηγερμένῳ
3435 2324 3748 2394 χρωμένους

2182 2415 2600 2486 περιτυγχάνειν
2640 2415 2790 2484 ἡμᾶς
2826 2415 2941 2476 τοῖς
2972 2429 3134 2466 τινων
3181 2414 3608 2484 συγγράμμασι,
3655 2416 3749 2466 καὶ

2185 2503 2491 2573 βασανίζειν
2515 2503 2800 2573 εὐτέχνως,
2827 2502 3033 2573 οὕσπερ
3055 2503 3121 2556 ἂν
3146 2506 3380 2557 ποιοῖντο
3407 2504 3597 2572 λόγους
3622 2505 3753 2574 περὶ

2181 2593 2277 2649 τοῦ
2294 2596 2510 2650 πάντων
2533 2597 2566 2666 ἡ
2575 2595 2688 2665 μῶν
2709 2595 2959 2666 Σωτῆρος
2976 2594 3214 2666 Χριστοῦ
3235 2612 3248 2625 ·
3274 2596 3673 2666 ἀπομιμεῖσθαί
3693 2613 3753 2648 τε

2174 2687 2279 2740 ,καὶ
2315 2686 2460 2756 μάλα
2489 2685 2684 2757 ὀρθῶς,
2715 2687 2842 2749 τοὺς
2873 2687 2953 2740 ὃτι
2989 2685 3052 2757 δὴ
3091 2685 3323 2757 μάλιστα
3347 2685 3625 2756 δοκίμους,
3660 2687 3754 2739 καὶ

2185 2781 2608 2851 ἐμπειροτάτους
2631 2781 2738 2834 τῶν
2759 2782 3211 2852 άργυροπρατῶν,
3233 2782 3281 2834 οἳ
3317 2782 3628 2852 προσίενται
3657 2783 3756 2852 μὲν

2185 2871 2294 2924 τῶν
2323 2872 2673 2941 νομισμάτων
2702 2874 2764 2924 τὸ
2797 2872 3140 2943 εὐδοκιμοῦν,
3169 2873 3474 2943 ἀπόϐλητον
3501 2873 3556 2925 δὲ
3587 2877 3758 2926 ποιεῖ-

2188 2962 2310 3015 σθαι
2351 2963 2710 3026 σπουδάζουσι
2734 2963 2793 3016 τὸ
2823 2966 3177 3034 παράσημον,
3209 2965 3301 3017 καὶ
3333 2965 3756 3034 μεμωμημένον.

2189 3052 2294 3105 Καὶ
2327 3053 2460 3122 πρός
2493 3069 2555 3119 γε
2605 3052 2762 3104 τοῦτο
2805 3055 2952 3123 ἡμᾶς
2987 3056 3014 3106 ὁ
3046 3055 3309 3125 μακάριος
3339 3055 3548 3120 Παῦλος
3586 3074 3762 3126 παρα-

523 3151 684 3210 modo
708 3149 849 3220 quod
877 3148 929 3202 in
959 3161 1072 3214 rem
1099 3145 1167 3198 sit
1198 3140 1466 3211 negligere
1491 3141 1792 3200 videamur,
1823 3137 1930 3189 imo
1960 3147 2085 3187 vero

2189 3142 2368 3212 θήγει,
2409 3142 2613 3210 λέγων’
2663 3161 2681 3192 t
2725 3142 2942 3194 Γίνεσθε
2977 3145 3232 3213 τρόφιμοι
3279 3146 3354 3215 (1)
3403 3148 3720 3215 τραπεζῖται
3745 3165 3760 3179 ο

523 3243 740 3314 plurimi
789 3238 964 3293 facere
1009 3235 1322 3290 Studeamus
1364 3246 1428 3286 ea
1466 3244 1696 3299 quorum
1757 3241 1858 3295 ope
1901 3225 2084 3293 splen-

2190 3233 2365 3286 πάντα
2395 3232 2738 3303 δοκιμάζετε,
2769 3233 2830 3286 τὸ
2859 3235 3021 3288 καλὸν
3078 3237 3366 3306 κατέχετε·
3415 3238 3522 3290 ἀπὸ
3563 3240 3767 3303 παντὸς

526 3336 649 3391 dide
674 3333 854 3387 vivere
879 3331 1058 3392 liceat,
1090 3342 1176 3382 res
1199 3324 1439 3380 vicissim
1472 3325 1606 3375 adeo
1637 3333 1820 3374 sacras
1848 3327 2090 3373 contem-

527 3439 741 3488 namus,
781 3431 836 3476 et
861 3421 1087 3474 salutem
1127 3417 1320 3472 animm
1357 3429 1454 3484 pro
1482 3411 1648 3466 nihilo
1684 3411 1963 3472 ducamus,
1999 3406 2093 3460 sed

530 3516 677 3570 illam
703 3515 754 3568 in
788 3512 973 3568 foveas
1001 3521 1056 3562 et
1079 3521 1292 3561 ctnnum
1323 3504 1663 3573 dejiciamus,
1697 3503 1823 3554 dum
1849 3512 2094 3567 quocun-

531 3621 637 3677 que
685 3605 910 3659 libitum.
947 3600 1106 3654 luerit
1143 3598 1209 3652 iis
1241 3597 1332 3667 qui
1374 3594 1520 3663 loqui
1551 3592 1788 3663 gestiunt
1831 3604 2093 3659 quae-nou

530 3695 802 3759 convenit,
850 3691 1162 3762 projicimus
1207 3687 1444 3740 animum
1493 3698 1522 3736 a
1559 3696 1685 3736 vero
1715 3677 2095 3749 conspicienda

531 3789 800 3854 clausum,
836 3801 898 3840 ac
931 3785 1199 3838 nolentem
1249 3780 1545 3849 inquirere,
1579 3775 1708 3845 quid
1739 3789 1770 3828 e
1820 3775 1981 3826 rebus
2025 3771 2098 3824 le-

533 3882 635 3937 ctis
657 3890 863 3936 rectum
890 3879 962 3930 sit
990 3883 1043 3929 et
1070 3873 1221 3939 utile,
1253 3872 1382 3941 quid
1419 3870 1545 3924 item
1578 3879 1915 3938 perversum,
1946 3872 2000 3918 et
2030 3862 2097 3916 ab

534 3981 789 4048 ac‘curata
837 3969 1020 4038 regula
1056 3967 1367 4034 dOgmatum
1421 3961 1678 4022 alienum,
1731 3967 1787 4013 et
1828 3957 2098 4024 iacturam

535 4064 774 4118 inferens
807 4075 927 4130 qua:
971 4057 1036 4111 ad
1069 4057 1242 4126 ipsam
1275 4055 1543 4123 pertineat
1570 4052 1829 4113 animam,
1864 4062 1960 4117 pro
1995 4061 2099 4115 qua

535 4154 758 4225 aqualis
799 4151 1148 4205 commutatio
1182 4147 1324 4202 nulla
1370 4156 1453 4199 est
1504 4145 1642 4214 apud
1692 4157 1787 4197 eos
1828 4152 1978 4195 certe
2011 4139 2100 4208 qui

489 4252 503 4265 ‘
537 4246 822 4315 sapiunt“.
856 4241 1232 4297 Examinanda
1263 4247 1391 4295 sunt
1422 4237 1604 4308 igitur,
1635 4237 1703 4290 'et
1728 4234 1944 4303 quidem
1973 4231 2102 4286 sub-

540 4337 806 4399 tilissime,
830 4350 949 4403 quae
969 4333 1034 4388 de
1066 4331 1262 4387 divinis
1293 4328 1636 4399 dogmatibus
1658 4326 1970 4382 scribuntur
1999 4340 2013 4376 :
2041 4336 2104 4377 ac

541 4427 589 4481 si
621 4425 741 4496 quis
776 4433 922 4479 recto
957 4425 1150 4477 itinere
1197 4420 1263 4475 ad
1299 4434 1521 4487 scopum
1567 4431 1844 4472 sacrarum
1879 4414 2103 4468 Littera-

541 4535 660 4575 rum
707 4515 894 4582 tendit,
927 4525 980 4571 et
1026 4525 1229 4570 certam
1281 4512 1334 4567 in
1384 4512 1468 4566 his
1517 4523 1812 4577 veramque
1853 4507 2103 4561 semitam

542 4610 842 4683 percurrit,
883 4609 929 4663 is
963 4618 1277 4662 nostrarum
1324 4617 1542 4673 quoque
1585 4600 1974 4656 sententiarum
2025 4612 2107 4651 re-

542 4707 688 4756 ctum
739 4699 855 4767 ejus
902 4699 1006 4752 iter
1048 4694 1467 4766 approbantium
1516 4694 1702 4761 plausu
1753 4691 2102 4760 excipiatur:

541 4791 682 4862 quod
714 4791 758 4844 si
811 4789 1060 4857 frigidam
1110 4798 1167 4842 et
1214 4786 1446 4851 futilent,
1477 4795 1534 4839 et
1571 4785 1944 4848 adulteratam,
1997 4783 2104 4837 imo

543 4900 675 4939 vero
704 4884 866 4938 etiam
896 4882 1256 4950 perniciosam
1291 4879 1593 4951 legentibus
1617 4877 1920 4932 orationem
1950 4876 2103 4940 texit,

542 4975 727 5031 audiat
753 4973 821 5028 ab
857 4974 1104 5028 omnibus
1133 4985 1149 5025 :
1185 4990 1204 5022 ι
1237 4970 1342 5025 Sed
1385 4969 1538 5025 nobis
1571 4968 1886 5037 loquamini,
1922 4977 1976 5022 et
2004 4983 2106 5020 au-

2194 3324 2368 3388 εῖδους
2408 3323 2646 3394 πονηροῦ
2673 3325 2964 3395 ἀπέχεσθε.
3005 3346 3022 3378 ι
3060 3329 3214 3380 Ἔστι
3252 3329 3308 3380 δὲ
3343 3330 3407 3399 δὴ
3440 3331 3533 3383 καὶ
3565 3331 3766 3401 ἑτέρως

2195 3415 2527 3487 πάναισχρόν
2558 3433 2617 3468 τε
2641 3417 2734 3469 καὶ
2768 3417 3020 3481 ἀκαλλὲς,
3047 3419 3141 3472 ἐπὶ
3181 3421 3280 3490 μὲν
3310 3423 3422 3484 τοῖς
3453 3421 3591 3474 κατὰ
3618 3422 3766 3475 τόνδε

2194 3507 2285 3561 τδν
2315 3507 2428 3577 βίον
2472 3510 2762 3579 πράγμασι
2811 3510 2931 3564 κατ’
2969 3509 3158 3563 οὐδένα,
3199 3511 3397 3581 τρόπον
3429 3513 3574 3582 ἡμᾶς
3623 3514 3773 3581 ὴφει-

2194 3597 2427 3671 δηκότας
2459 3600 2688 3670 ὁρᾶσθαι
2737 3600 2833 3653 τοῦ
2870 3601 3154 3663 τελοῦντος
3192 3601 3272 3663 είς
3318 3601 3533 3671 ὄνησιν,
3575 3606 3769 3674 πειρᾶ-

2198 3689 2320 3744 σθαι
2347 3691 2404 3744 δὲ
2437 3691 2634 3760 μᾶλλον
2671 3693 2800 3763 περὶ
2831 3692 3024 3746 πολλοῦ
3074 3695 3342 3746 ποιεῖσθαι
3394 3694 3566 3762 φιλεῖν
3607 3693 3676 3748 τὰ
3702 3694 3770 3746 δι’

2197 3774 2272 3834 ὧν
2304 3780 2370 3834 ἂν
2416 3781 2627 3849 γένοιτο
2675 3781 2865 3851 βιῶναι
2909 3783 3213 3854 λαμπρῶς·
3267 3785 3528 3854 άλογῆσαι
3562 3785 3617 3836 δὲ
3662 3786 3772 3838 τῶν

2197 3873 2341 3927 οῦτω
2371 3875 2603 3936 σεπτῶν,
2632 3877 2726 3926 καὶ
2753 3875 3020 3929 ποιεῖσθαι
3049 3876 3178 3947 παρ’
3196 3876 3346 3929 οὐδὲν
3367 3876 3465 3946 τὴν
3484 3877 3584 3947 τῆς
3597 3878 3772 3947 ψυχῆς

2201 3967 2475 4038 σωτηρίαν
2497 3981 2509 3996 ·
2543 3966 2756 4037 βόθροις
2777 3983 2836 4018 τε
2873 3967 3044 4037 αὐτὴν
3070 3967 3402 4034 ἐγκαθιέναι,
3430 3968 3525 4021 καὶ
3543 3968 3773 4038 τέλμασι

2202 4057 2336 4128 πρὸς
2370 4056 2430 4110 τὸ
2472 4057 2663 4111 δοκοῦν
2697 4057 2882 4120 ἁπλῶς
2934 4059 3048 4120 τοῖς
3097 4057 3340 4111 ἐθέλουσι
3389 4058 3591 4120 λαλεῖν,
3631 4058 3668 4112 ἃ
3697 4059 3773 4130 μὴ

2202 4149 2500 4222 προσῆκεν,
2532 4149 2644 4202 ἐσθ’
2683 4149 2773 4202 ὅτε
2813 4149 3334 4221 παραρῤιπτοῦντας
3376 4150 3468 4202 τὸν
3503 4149 3645 4214 νοῦν,
3673 4153 3776 4203 οὐκ

2203 4240 2512 4311 άναμύοντα
2544 4241 2680 4312 πρὸς
2711 4241 2772 4294 τὸ
2800 4240 3000 4311 ἀληθὲς
3021 4283 3034 4308 ,
3068 4239 3188 4294 οὕτε
3233 4241 3340 4312 μὴν
3382 4240 3636 4296 ἐθέλοντα
3675 4258 3776 4295 πο-

2151 4399 2156 4404 .
2204 4331 2628 4402 λυπραγμονεῖν,
2655 4332 2708 4385 τί
2737 4332 2835 4403 μέν
2861 4335 2977 4386 ἐστι
3006 4333 3113 4386 τῶν
3143 4333 3567 4403 ἀνεγνωσμένων
3592 4335 3772 4406 ὀρθὸν,

2206 4420 2298 4473 καὶ
2327 4421 2672 4490 ὀνησιφόρον,
2699 4421 2753 4473 τί
2787 4420 2846 4472 δὲ
2890 4421 2954 4491 δὴ
2979 4421 3040 4474 τὸ
3071 4421 3414 4491 διάστροφον,
3443 4423 3539 4474 καὶ
3573 4421 3776 4492 δογμα-

2208 4515 2368 4582 τικῆς
2415 4513 2700 4584 ἀκριϐείας
2753 4513 3112 4584 ἐπιϐεϐηκὸς,
3144 4514 3237 4568 καὶ
3285 4515 3487 4586 ζημίαν
3521 4514 3780 4586 ἐμποιοῦν

2209 4605 2400 4676 τὴνείς
2419 4606 2589 4675 αὐτὴν
2617 4606 2830 4676 ὁρῶσαν
2855 4605 3053 4676 ψυχὴν,
3079 4601 3146 4678 ἧς
3168 4606 3416 4671 ἀντάξιον
3433 4607 3608 4672 οὐδὲν,
3631 4607 3782 4680 παρά

2211 4711 2275 4763 γε
2295 4698 2408 4759 τοῖς
2441 4697 2648 4768 ἀρτίοις
2676 4697 2775 4768 τὴν
2811 4697 3002 4768 φρένα.
3029 4697 3392 4769 Δοκιμαστέον
3416 4693 3508 4752 οῦν
3533 4698 3661 4770 ἄρα,
3688 4701 3781 4753 καὶ

2212 4787 2331 4841 λίαν
2372 4788 2586 4858 ἰσχνῶς,
2619 4787 2715 4853 τὰς
2751 4790 2880 4860 περὶ
2909 4789 3016 4842 τῶν
3048 4789 3206 4843 θείων
3231 4791 3518 4860 δογμάτων
3549 4808 3784 4863 συγγρα-

2213 4879 2321 4946 φάς
2339 4895 2353 4910 ο
2380 4879 2481 4933 κᾶν
2508 4880 2606 4949 μέν
2634 4897 2717 4942 τις
2751 4879 2819 4932 ῐοι
2849 4881 2966 4932 κατ’
2991 4880 3120 4933 εὐθὺ
3144 4880 3236 4934 τοῦ
3261 4883 3465 4935 σκοποῦ
3487 4882 3593 4935 τῶν
3623 4883 3782 4953 ἱερῶν

2213 4971 2578 5042 Γραμμάτων,
2611 4973 2705 5025 καὶ
2727 4973 2826 5041 τὴν
2854 4971 2912 5024 ἐν
2939 4989 3002 5041 γε
3024 4975 3263 5026 τουτοισὶ
3293 4975 3460 5045 σαφῆ,
3493 4975 3587 5028 καὶ
3611 4975 3784 5029 ἁπλα-

617 5153 635 5186 ³
662 5151 821 5209 Prov.
854 5166 939 5218 ιιι,
972 5147 1140 5206 lii-l5
1173 5164 1189 5215 ;
1227 5161 1342 5211 νιιι,
1365 5145 1450 5200 19.
1527 5143 1587 5196 ἰ
1627 5143 1779 5199 Joan.
1810 5160 1883 5210 iv,
1916 5145 1971 5201 l.
2047 5145 2085 5175 ³·

2191 5145 2314 5200 Cor.
2352 5161 2453 5210 xu,
2494 5147 2576 5201 l0.
2650 5147 2670 5178 ⁸
2705 5147 2894 5204 Matth.
2925 5163 3033 5214 xvi,
3062 5148 3150 5205 26.

1812 5299 1972 5355 ΑΝΤ.
2012 5299 2286 5358 AGELLII
2327 5301 2372 5357 Ν
2379 5301 2558 5358 ΟΤΑΞ.

618 5467 698 5540 (l)
733 5467 881 5523 Hanc
912 5473 1232 5522 sententiam
1260 5461 1708 5540 Cyrillustrihuit
1743 5463 1900 5540 beato
1934 5463 2099 5518 Paulo

546 5546 603 5592 et
627 5533 832 5592 ci'tatur
868 5549 1248 5604 nonnunquam
1282 5533 1315 5586 ιι
1349 5533 1885 5604 ι’θιοτίὶιιιε-(ἶιιεοίε
1912 5546 2097 5588 aucto-

548 5610 720 5672 ribus,
756 5609 847 5663 sed
883 5608 1008 5660 nulli
1043 5602 1192 5658 certo
1233 5606 1440 5658 auctori
1491 5602 1803 5672 ascribitur.
1853 5603 1948 5658 Ubi
2002 5621 2099 5657 an.

549 5689 656 5733 tem
705 5671 777 5734 sit
825 5680 876 5732 in
920 5675 1156 5747 Apos_loli
1205 5672 1477 5747 Epistolis,
1512 5688 1618 5747 non
1645 5671 1959 5747 _inveni_tur,
1997 5675 2096 5743 nisi

548 5749 688 5803 forte
722 5757 910 5802 auctor
942 5739 992 5799 in
1045 5739 1283 5812 Epistola
1327 5744 1498 5810 prima
1532 5742 1597 5794 ad
1644 5739 2100 5798 Thessalonicen-

550 5834 637 5876 ses
667 5819 810 5874 illam
851 5817 1057 5883 habuit,
1094 5818 1143 5870 in
1173 5827 1274 5883 qua
1303 5823 1428 5870 sum
1458 5813 1620 5867 etiam
1651 5827 1769 5881 qua:
1795 5825 2096 5884 sequuntur

2189 5465 2382 5541 verba,
2433 5462 2923 5541 On_mia_probate,
2973 5463 3372 5541 etc.C_aate_rum
3424 5469 3782 5541 Epiphanius.

2197 5537 2464 5614 adversus
2490 5536 2860 5614 Appellian_os_,
2906 5537 3078 5614 refert
3120 5537 3363 5614 Apellem
3409 5536 3788 5614 in'Evangelio

2198 5605 2250 5676 id
2284 5605 2548 5672 scriptum
2593 5621 2714 5676 esse
2747 5606 2976 5671 dixisse,
3012 5607 3065 5659 in
3114 5620 3214 5676 suo
3261 5613 3491 5666 fortasse
3515 5651 3531 5676 ,
3568 5605 3675 5665 non
3731 5613 3787 5662 in

2199 5674 2300 5744 hoc
2322 5686 2471 5731 certe
2497 5690 2605 5744 quo
2638 5675 2881 5733 Ecclesia
2917 5677 3113 5730 utitur.
3151 5675 3280 5732 Erat
3307 5691 3488 5735 autem
3518 5674 3573 5735 in
3602 5695 3790 5736 exem-

2197 5743 2438 5812 plaribus
2470 5743 2995 5821 ίῖιειιςιελτρόφιμοι,
3032 5762 3156 5821 cum
3200 5749 3282 5821 sit
3312 5750 3595 5821 legendum
3626 5750 3790 5816 εδόκι-

2202 5830 2312 5884 μοι,
2347 5825 2405 5871 ut
2440 5818 2574 5872 citat
2603 5816 2941 5889 Epiphanius
2975 5816 3166 5871 eodem
3198 5817 3359 5876 libro.
