4054 6332
314 407 381 461 15
1403 400 1768 460 ADVERSUS
1805 401 1884 457 NE

1988 403 2206 462 ORIUM
2244 404 2371 464 LIB.
2411 409 2452 464 Ι.
3489 419 3555 473 ﬂ

312 527 577 597 νεστάτην
626 525 830 596 eam.
874 524 1080 594 τρίϐον,
1132 524 1576 593 κατακροτείσοω
1628 521 1884 595 καὶπρὸς

1996 526 2239 581 nuntiate
2289 528 2443 581 nobis
2510 527 2668 582 aliam
2723 529 3160 586 seductionem‘.
3197 549 3215 581 ι
3269 531 3409 603 Ergo
3462 546 3553 590 aut

313 618 473 689 ἡμῶν
509 620 631 679 ταῖς
662 620 743 679 εἰς
774 616 1042 686 ὀρθότητα
1085 616 1287 685 ψήφοις
1308 632 1322 645 ⁸
1369 617 1417 667 ει
1449 616 1506 668 δὲ
1527 614 1753 685 ψυχρὸν,
1792 615 1887 667 καὶ

315 713 579 785 ἐξίτηλον,
610 712 706 765 καὶ
745 710 1178 781 μεμωμημένον,
1225 708 1423 778 μᾶλλον
1456 708 1511 761 δὲ
1539 708 1633 761 καὶ
1658 706 1884 778 ὀλέθρου

317 804 577 875 πρόξενον
632 806 745 865 τοῖς
795 800 1200 871 ἐντευξομένοις
1244 800 1520 867 ὲξυφαίνοι
1560 800 1654 851 τὸν
1705 798 1883 866 λόγον,

312 898 560 951 ἀκουέτω
613 895 767 965 παρά
813 893 1031 946 πάντων
1054 910 1067 922 ο
1105 911 1123 944 ι
1160 892 1321 945 Ἀλλά
1348 893 1479 961 ἡμῖν
1526 890 1756 954 λαλεῖτε,
1790 890 1886 943 καὶ

312 986 670 1056 ἁναγγέλλετε
722 986 853 1055 ἡμῖν
912 984 1104 1055 ἑτέραν
1167 983 1453 1054 πλάνησιν.
1496 1002 1514 1033 ι
1580 982 1791 1036 Οὐκοῦν
1847 983 1881 1053 ἢ

313 1077 645 1129 ποιείτωσαν
673 1074 734 1126 τὸ
769 1074 986 1144 δένδρον
1016 1072 1203 1135 καλὸν,
1238 1074 1334 1125 καὶ
1356 1072 1447 1125 τδν
1478 1072 1686 1143 καρπὸν
1716 1070 1883 1126 αὑτοῦ

313 1168 499 1230 καλὸν,
521 1168 555 1237 ἢ
585 1167 911 1220 ποιείτωσαν
932 1164 994 1218 τὸ
1021 1165 1240 1237 δένδρον
1271 1164 1501 1235 σαπρὸν,
1524 1164 1618 1216 καὶ
1637 1164 1730 1217 τὸν
1749 1181 1885 1234 καρ-

311 1259 415 1312 πδν
455 1258 620 1312 αὐτοῦ
665 1257 892 1327 σαπρόν.
932 1275 949 1306 ι
993 1256 1053 1308 '0
1088 1256 1185 1326 μὲν
1208 1254 1317 1324 γὰρ
1350 1255 1553 1324 ἀγαθὸς
1599 1254 1885 1326 ἄνθρωπος

312 1354 378 1405 ὲκ
423 1350 518 1405 τοῦ
568 1348 774 1418 ἀγαθοῦ
808 1347 1088 1419 θησαυροῦ
1132 1347 1233 1416 τῆς
1282 1348 1511 1418 καρδίας
1555 1347 1721 1401 αὑτοῦ
1748 1365 1884 1417 προ-

308 1444 471 1513 φέρει
500 1443 568 1495 τά
592 1441 772 1508 ἀγαθά
790 1454 804 1467 °
832 1440 861 1491 ό
888 1439 945 1492 δὲ
978 1439 1212 1510 πονηρὸς
1247 1439 1533 1507 ἄνθρωπος
1562 1440 1627 1491 ὲκ
1661 1437 1757 1492 τοῦ
1787 1456 1884 1493 πο-

312 1533 479 1605 νηροῦ
514 1531 789 1603 θησαυροῦ
818 1534 916 1599 τῆς
948 1530 1173 1600 καρδίας
1200 1529 1365 1582 αὐτοῦ
1399 1529 1662 1602 προφέρει
1690 1529 1761 1583 τὰ
1783 1547 1883 1583 πο-

308 1625 482 1694 νηρά,
519 1643 537 1674 ι
574 1623 717 1675 κατά
758 1639 821 1689 γε
867 1622 965 1691 τὴν
1004 1620 1209 1690 ἀψευδῆ
1243 1619 1337 1674 τοῦ
1382 1622 1635 1692 Σωτῆρος
1674 1621 1877 1691 φωνήν·

312 1733 336 1764 1
368 1713 643 1765 Ἐσκότισε
680 1713 779 1782 μὲν
801 1712 910 1783 γὰρ
956 1714 985 1764 ὁ
1029 1710 1159 1773 Θεὸς
1208 1712 1304 1764 τοῦ
1352 1711 1548 1773 αἰῶνος
1579 1710 1769 1764 τούτου
1814 1709 1885 1763 τά

308 1805 559 1875 νοήματα
592 1802 701 1856 τῶν
733 1802 981 1856 ἀπίστων
1014 1802 1327 1873 αἱρετικῶν,
1353 1802 1433 1863 είς
1457 1800 1514 1853 τὸ
1543 1800 1617 1870 μὴ
1644 1800 1882 1869 αὐγάσαι

1990 616 2041 685 3
2072 616 2271 673 faciant
2299 617 2547 674 arborem
2572 622 2789 685 bonam,
2824 632 2878 675 et
2906 621 3136 676 fructum
3173 621 3288 690 ejus
3314 626 3513 680 bonum
3537 645 3551 693 ;

1990 714 2083 760 aut
2115 703 2317 760 faciant
2350 707 2599 762 arborem
2651 708 2871 777 malam,
2921 721 2976 765 et
3004 711 3234 766 fructum
3273 714 3398 781 ejus
3443 732 3557 769 ma-

1987 794 2159 849 lum".
2200 815 2219 847 ι
2256 796 2435 852 Bonus
2471 800 2617 853 enim
2660 800 2821 857 homo
2863 802 2930 858 de
2974 804 3231 861 thesauro
3262 808 3441 861 cordis
3469 809 3553 863 sui

1987 886 2196 954 profert
2249 886 2387 940 bona
2425 888 2639 943 :malus
2691 901 2869 945 autem
2916 892 3075 946 homo
3124 908 3191 949 ex
3244 896 3385 950 malo
3439 898 3555 952 the-

1986 992 2150 1031 sauro
2180 978 2359 1032 cordis
2390 980 2473 1033 sui
2514 980 2717 1049 profert
2753 983 2925 1049 mala;
2958 1002 2977 1035 ι
3010 994 3068 1038 ιιι
3102 988 3384 1043 verissime
3434 988 3554 1044 Sal-

1985 1075 2141 1119 vator
2180 1077 2364 1122 noster
2393 1069 2588 1123 dicit“.
2631 1090 2649 1121 ι
2680 1073 3001 1127 Obscuravit
3030 1078 3171 1129 enim
3211 1077 3350 1132 Deus
3394 1081 3553 1150 hujus

1986 1155 2169 1210 saeculi
2234 1169 2443 1215 mentes
2497 1162 2794 1216 infidelium
2856 1166 3270 1234 haereticorum,
3328 1180 3387 1223 ut
3448 1186 3551 1226 non

1985 1246 2189 1316 fulgeat
2248 1250 2574 1307 illuminatio
2631 1253 2906 1326 Evangelii
2964 1258 3147 1327 gloriae
3202 1259 3489 1317 Christi’:
3527 1282 3546 1315 ι

1985 1337 2280 1407 multisque
2306 1343 2478 1396 modis
2506 1344 2556 1396 in
2589 1359 2830 1400 errorem
2866 1348 3088 1403 abducti
3118 1361 3264 1405 sum.
3298 1349 3552 1407 Nonnulli

1985 1430 2129 1483 enim
2164 1430 2400 1485 Verbum
2443 1449 2507 1487 ex
2558 1434 2667 1489 Deo
2699 1436 2859 1491 Patre
2892 1441 3132 1510 genitum
3162 1444 3416 1499 Genitore
3447 1448 3551 1500 mi-

1987 1535 2170 1574 norem
2204 1538 2323 1577 esse
2359 1523 2565 1587 dicunt,
2601 1527 2809 1589 miseri,
2841 1540 2895 1581 et
2933 1540 3241 1587 extraneam
3270 1535 3550 1590 servilem-

1985 1628 2090 1681 que
2120 1630 2429 1669 mensuram
2472 1618 2546 1670 illi
2593 1618 2830 1674 tribuere
2865 1638 2970 1676 non
3014 1622 3259 1677 horrent.
3292 1628 3393 1679 Alii
3424 1642 3553 1681 vero

1987 1706 2211 1772 impium
2242 1718 2295 1761 et
2324 1707 2653 1763 eil‘renatum
2684 1726 2746 1765 os
2778 1724 3048 1766 exacuunt
3082 1717 3339 1771 adversus
3376 1718 3550 1787 Spiri-

1989 1807 2098 1850 tum
2135 1806 2404 1862 sauctum,
2439 1810 2497 1852 ut
2519 1798 2637 1866 jure
2672 1803 3044 1871 propheticum
3081 1804 3207 1857 illud
3244 1808 3293 1859 in
3322 1822 3414 1862 eos
3445 1810 3551 1864 dici

309 1898 402 1949 τὸν
440 1894 722 1965 φωτισμὸν
764 1893 856 1947 τοῦ
896 1894 1229 1963 Εὑαγγελίου
1264 1892 1362 1962 τῆς
1400 1891 1560 1962 δόξης
1604 1890 1699 1944 τοῦ
1746 1892 1881 1963 Χρι-

1988 1888 2201 1955 possit:
2240 1908 2257 1939 ι
2295 1886 2399 1942 Vos
2446 1899 2625 1943 autem
2678 1892 2940 1957 accedite,
2974 1893 3065 1945 lilii
3118 1894 3322 1961 iniqui,
3366 1910 3552 1951 semen

311 1987 440 2041 στοῦ
459 2005 473 2020 ·
500 2006 520 2038 ι
561 1986 936 2057 πεπλάνηνται
960 1986 1019 2039 δὲ
1039 1985 1413 2056 πολυτρόπως.
1441 1985 1506 2038 Ol
1536 1984 1634 2055 μὲν
1663 1985 1771 2054 γὰρ
1790 1985 1882 2037 τὸν

309 2081 378 2134 ὲκ
403 2078 538 2132 Θεοῦ
568 2077 779 2150 Πατρδς
805 2076 978 2145 φύντα
1005 2076 1195 2143 Λόγον,
1214 2078 1270 2128 ὲν
1304 2077 1479 2146 μείοσι
1503 2076 1595 2128 τοῦ
1627 2092 1883 2145 γεγεννη-

308 2171 466 2234 κότος
499 2165 639 2223 εἷναί
673 2170 732 2222 τέ
762 2186 925 2238 φασιν
962 2169 1011 2222 οἱ
1040 2169 1283 2231 δείλαιοι,
1332 2168 1425 2220 καὶ
1456 2167 1515 2219 τὸ
1556 2166 1790 2235 ἑκφυλόν
1820 2185 1878 2220 τε

306 2260 407 2313 καὶ
430 2260 794 2331 δουλοπρεπὲς
818 2257 967 2329 αὐτῷ
1001 2258 1403 2329 προσνέμοντες
1438 2258 1659 2329 μέτρον,
1688 2260 1750 2311 ού
1781 2276 1881 2312 κα-

308 2350 735 2421 ταπεφρίκασιν.
772 2351 834 2402 Οί
866 2349 923 2402 δὲ
953 2349 1030 2420 τῷ
1080 2349 1220 2419 ἁγίῳ
1250 2348 1528 2418 Πνεύματι
1566 2349 1627 2402 τὸ
1668 2349 1883 2402 ἀνόσιόν

308 2457 367 2491 τε
398 2439 494 2492 καὶ
515 2439 753 2509 ἀκρατὲς
782 2439 1139 2509 ὲπιθήγοντες
1162 2438 1355 2510 στόμα,
1374 2439 1598 2503 δικαίως
1624 2440 1881 2493 ἀκούουσι

307 2529 402 2582 τοῦ
442 2530 728 2600 προφήτου
773 2528 1059 2599 λέγοντος·
1105 2549 1122 2580 ι
1160 2528 1353 2599 Ὑμεῖς
1394 2530 1451 2583 δὲ
1497 2530 1879 2601 προσαγάγετε

306 2613 433 2684 ὦδε,
461 2620 568 2673 υἱοὶ
588 2619 801 2690 ἄνομοι,
824 2619 1047 2691 σπέρμα
1079 2620 1286 2690 μοιχῶν
1311 2620 1404 2673 καὶ
1432 2621 1637 2691 πόρνης
1659 2637 1671 2650 ·
1698 2622 1756 2675 ὲν
1777 2621 1883 2674 τίνι

307 2711 730 2783 ἐνετρυφήσατε,
764 2713 860 2763 καὶ
880 2711 973 2763 ἐπὶ
1000 2712 1106 2763 τίνι
1126 2710 1376 2781 ὴνοίξατε
1403 2711 1463 2764 τὸ
1492 2710 1669 2781 στόμα
1691 2712 1844 2781 ὑμῶν
1864 2751 1881 2775 ,

305 2802 637 2858 καὶ-ὲπὶτίνι
668 2800 970 2874 ὲχαλάσατε
988 2801 1086 2874 τὴν
1111 2801 1363 2872 γλῶσσαν
1384 2802 1569 2873 ὑμῶνς
1593 2802 1705 2874 Οὐχ
1726 2802 1886 2873 ὑμεῖς

310 2899 433 2950 ἐστε
462 2898 631 2950 τέκνα
664 2896 959 2959 ἀπωλείας,
996 2896 1218 2967 σπέρμα
1250 2896 1484 2967 ἀνομον;
1520 2896 1658 2948 Ἀλλ’
1686 2897 1883 2949 ἐκεῖνοι

308 2990 413 3060 μὲν
435 2989 792 3060 πορεύσονται
827 2988 904 3058 τῷ
934 2988 1145 3042 ἑαυτῶν
1174 2988 1334 3059 φωτὶ,
1370 2989 1466 3042 καὶ
1504 2988 1708 3058 φλόγας
1735 2990 1884 3061 εὑρί-

310 3097 531 3134 σκουσιν
561 3079 669 3153 [ῖσ.
692 3078 1031 3152 εὑρήσουσι],
1052 3079 1117 3144 ἀς
1140 3080 1444 3146 ἐξέκαυσαν
1474 3081 1646 3133 αὐτοί,
1671 3100 1689 3132 ι
1707 3082 1885 3153 Ἠμᾶς

306 3172 367 3224 δὲ
423 3171 747 3237 ἀκόλουθον,
798 3166 879 3234 οἷς
918 3170 1209 3242 ὀρθότητος
1254 3170 1445 3241 μέγει,
1487 3172 1648 3240 σοφόν
1692 3190 1749 3225 τε
1792 3173 1885 3226 καί¹

307 3264 514 3335 ἀκριὸἧ
542 3264 633 3317 τὸν
659 3266 742 3333 ἐφ’
788 3264 1005 3334 ἑκάστῳ
1054 3264 1162 3316 τῶν
1191 3264 1350 3318 θείων
1390 3264 1676 3335 δογμάτων
1710 3266 1880 3318 ποιεῖ-

312 3354 438 3409 σθαι
488 3354 679 3423 λόγον’
730 3357 826 3408 κα)⁵
870 3355 972 3426 τῆς
1021 3355 1245 3409 ἐκείνων
1292 3357 1695 3427 ἀθυροστομίας
1742 3374 1885 3428 παρα

309 3446 580 3500 αιτείσθαι
628 3446 694 3501 τά
725 3447 1079 3518 ἐγκλήματα·
1114 3449 1202 3501 ἵνα
1246 3449 1320 3519 μή
1367 3466 1420 3501 τι
1456 3450 1759 3513 πταίοντες.
1788 3451 1883 3504 καὶ

310 3537 719 3608 ἁμαρτάνοντες
750 3539 831 3601 είς
858 3537 986 3600 τοὺς
1011 3538 1295 3608 ἀδελφοὺς.
1336 3538 1661 3609 πλήττοντές
1690 3558 1747 3593 τε
1785 3541 1884 3593 αὐ-

311 3630 422 3681 τῶν
444 3629 542 3700 τὴν
581 3628 885 3699 συνείδησιν
928 3628 1283 3696 ἀσθενοῦσαν,
1318 3630 1396 3691 είς
1435 3630 1672 3700 Χριστὸν
1703 3631 1883 3701 ἀμαρ-

311 3722 585 3791 τάνωμεν.
620 3718 1010 3791 ’Δκουσώμεθα
1042 3719 1153 3792 [ῖσ.
1178 3720 1544 3792 ἀκουσόμεθα]
1566 3722 1675 3791 γὰρ
1704 3720 1883 3791 λέγον-

312 3830 402 3877 τος
432 3812 593 3877 εὐθύς
613 3830 627 3844 ·
662 3832 680 3865 ι
708 3813 832 3865 Ὀτι
861 3815 910 3866 εί
931 3815 961 3866 ό
985 3812 1175 3884 ἐχθρὸς
1202 3812 1445 3866 ὠνείδισέ
1476 3830 1565 3883 με,
1602 3814 1886 3886 ὑπήνεγκα

312 3904 414 3957 ἀν·
451 3904 544 3957 καὶ
579 3904 629 3956 εί
658 3905 687 3957 ὁ
718 3902 893 3972 μισῶν
919 3920 987 3973 με
1026 3903 1116 3957 ἐπ’
1145 3903 1246 3972 ἐμὲ
1274 3903 1883 3975 ἐμεγαλορρημόνησεν,

312 3995 554 4067 ὲκρύὸην
599 3996 667 4050 ἂν
719 3998 816 4051 ἀπ’
846 3996 1031 4051 αὑτοῦ.
1064 3995 1136 4048 Σὺ
1188 3995 1277 4058 δὲ,
1332 3994 1585 4066 ἄνθρωπε
1641 3994 1884 4066 ἰσόψυχε,

312 4086 538 4158 ἡγεμών
564 4105 689 4159 μου,
724 4088 819 4142 καὶ
842 4088 1051 4158 γνωστέ
1078 4102 1213 4159 μουο
1241 4086 1301 4150 ὃς
1332 4088 1424 4141 ἐπὶ
1468 4088 1529 4140 τὸ
1560 4088 1692 4141 αὐτὸ
1727 4087 1886 4155 ὲγλύ-

314 4180 489 4242 κανάς
531 4198 622 4249 μοι
656 4180 955 4251 ἐδέσματα*
990 4182 1049 4233 ὲν
1085 4179 1164 4250 τῷ
1193 4181 1328 4249 οἴκῳ
1357 4178 1451 4232 τοῦ
1483 4178 1617 4232 Θεοῦ
1652 4178 1886 4249 ἐπορεύ-

314 4270 491 4342 θημεν
538 4272 597 4323 ὲν
641 4270 883 4341 ὁμονοίᾳ.
918 4289 936 4320 ι
970 4269 1111 4323 Ἀλλ’
1141 4270 1209 4324 τοι
1242 4271 1342 4340 μὲν
1374 4270 1450 4333 ὡς
1488 4269 1699 4341 ἐχθρῶν
1727 4271 1888 4324 ταυτὶ

314 4359 580 4429 κεφαλὰς,
619 4360 668 4413 οἳ
693 4360 791 4431 τῆς
819 4357 912 4412 τοῦ
946 4358 1200 4428 Σωτῆρος
1230 4359 1264 4428 ἡ
1274 4357 1389 4428 μῶν
1418 4356 1885 4425 καταστρατεύονοη

313 4470 405 4506 ται
428 4452 610 4523 δόξης,
638 4453 732 4505 καὶ
757 4450 970 4523 τρυφὴν
998 4449 1259 4522 ἡγοῦνται
1288 4450 1385 4513 τάς
1422 4451 1501 4511 εἰς
1539 4449 1699 4502 αὐτὸν
1720 4447 1884 4518 βλασ-

1984 1978 2355 2034 adulterorum
2386 1990 2437 2033 et
2471 1982 2774 2035 meretricis
2804 2000 2816 2046 ;
2845 1983 2895 2036 in
2935 1999 3094 2050 quem
3116 1986 3367 2039 Oblectati
3398 1989 3552 2053 estis,

1984 2074 2040 2120 et
2068 2067 2118 2118 in
2149 2082 2307 2137 quem
2333 2070 2624 2137 aperuistis
2655 2087 2716 2123 os
2753 2082 3010 2136 vestrum,
3041 2085 3095 2126 et
3125 2075 3175 2127 in
3209 2092 3367 2143 quem
3406 2078 3554 2132 laxa-

1983 2159 2083 2213 stis
2126 2157 2362 2228 linguam
2402 2163 2676 2216 vestram?
2709 2161 2897 2217 Nonne
2927 2180 3019 2218 vos
3061 2168 3191 2220 estis
3246 2169 3335 2223 fihi
3371 2172 3553 2238 perdi-

1988 2251 2168 2316 tionis,
2215 2244 2397 2307 semen
2431 2255 2670 2323 iniquum
2693 2256 2778 2309 ‘°?
2822 2257 2926 2311 Sed
2960 2258 3031 2311 illi
3060 2261 3275 2327 quidem
3310 2261 3553 2317 ambula-

1982 2342 2121 2398 bunt
2155 2344 2204 2398 iu
2237 2345 2439 2399 lumine
2467 2362 2585 2411 suo,
2618 2357 2666 2400 et
2700 2346 2944 2404 ﬂammas
2981 2351 3254 2405 invenient
3284 2369 3419 2421 quas
3450 2355 3553 2423 ipsi

1985 2439 2350 2511 accenderunt
2377 2439 2440 2492 “.
2475 2458 2493 2488 ›
2536 2438 2699 2493 Nobis
2739 2449 2940 2507 autem,
2973 2445 3170 2511 quibus
3214 2455 3415 2499 rectum
3450 2448 3555 2502 iter

1983 2536 2067 2580 est
2088 2540 2255 2589 curae,
2289 2529 2543 2582 convenit
2572 2530 2848 2599 sapienter
2872 2539 2926 2585 et
2953 2544 3207 2588 accurate
3230 2538 3295 2588 de
3326 2536 3554 2605 singulis

1988 2615 2187 2669 divinis
2216 2616 2557 2684 dogmatibus
2590 2618 2759 2688 loqui,
2792 2636 3092 2691 cavereque
3140 2640 3205 2677 ne
3240 2624 3453 2680 illorum
3499 2628 3552 2680 in

1984 2706 2250 2776 loquendo
2280 2711 2601 2766 temeritatis
2643 2714 2847 2769 crimen
2884 2715 3246 2784 incurramus,
3283 2735 3352 2773 ne
3383 2721 3555 2775 oll'en-

1985 2797 2173 2852 dentes
2209 2808 2264 2852 et
2302 2810 2588 2867 peccantes
2636 2801 2689 2855 in
2734 2805 2952 2871 fratres,
2991 2814 3046 2860 et
3078 2810 3443 2875 percutientcs
3476 2810 3554 2863 in-

1986 2888 2194 2944 ﬁrmam
2238 2892 2474 2959 ipsorum
2516 2897 2926 2963 conscientiam,
2965 2899 3016 2952 in
3044 2899 3319 2955 Christum
3363 2918 3554 2972 pecce-

1986 2993 2104 3033 mus
2130 2978 2195 3033 ¹³.
2232 2980 2380 3036 Illico
2405 2983 2549 3037 enim
2575 2984 2857 3041 audiemus
2889 3003 3010 3041 eum
3046 2990 3310 3043 dicentem
3333 3008 3347 3044 :
3367 3012 3385 3043 ι
3412 2992 3554 3057 Quo-

1987 3071 2133 3126 niam
2179 3074 2221 3127 si
2267 3074 2521 3130 inimicus
2574 3092 2728 3131 meus
2762 3079 3131 3135 malcdixisset
3187 3082 3339 3147 mihi,
3393 3086 3556 3138 susti-

1988 3166 2225 3221 nuissem
2257 3166 2482 3236 utique;
2526 3178 2580 3223 et
2611 3170 2658 3223 si
2704 3170 2748 3224 is
2782 3172 2874 3240 qui
2920 3175 3107 3227 oderat
3138 3191 3241 3239 me,
3275 3192 3436 3245 super
3469 3194 3554 3232 me

1987 3270 2179 3324 magna
2231 3256 2444 3311 locutus
2494 3258 2710 3325 fuisset,
2755 3260 3158 3318 abscondissem
3205 3282 3294 3319 me
3325 3268 3553 3323 forsitan

1984 3346 2052 3400 ab
2085 3361 2151 3401 eo
2186 3364 2201 3401 :
2237 3358 2290 3401 tu
2316 3363 2467 3415 vero,
2501 3352 2664 3405 homo
2694 3352 2983 3419 unanimis,
3006 3355 3108 3407 dux
3139 3371 3288 3411 meus
3315 3366 3369 3412 et
3391 3368 3554 3412 notus

1985 3452 2156 3503 meus,
2195 3440 2287 3507 qui
2326 3441 2487 3495 simul
2532 3458 2741 3496 mecum
2774 3444 2956 3498 dulces
2987 3447 3238 3513 capiebas
3280 3450 3452 3515 cibos,
3503 3452 3555 3504 in

1985 3529 2146 3584 domo
2173 3530 2267 3585 Dei
2291 3532 2684 3589 ambulavimus
2707 3550 2826 3589 cum
2855 3552 3118 3592 consensu
3152 3539 3214 3592 ¹³.
3257 3558 3274 3589 ι
3312 3538 3415 3595 Sed
3441 3543 3556 3596 haec

1985 3622 2040 3675 in
2082 3624 2257 3693 capita
2292 3624 2633 3679 inimicorum
2676 3636 2907 3691 vertant,
2939 3628 3030 3697 qui
3057 3629 3254 3684 bellum
3295 3636 3556 3687 adversus

1987 3713 2287 3771 Salvatoris
2317 3716 2484 3770 nostri
2516 3717 2743 3786 gloriam
2777 3731 3150 3786 susceperunt,
3194 3729 3248 3775 et
3280 3721 3555 3789 conjectas

1988 3804 2038 3857 in
2085 3819 2207 3859 eum
2269 3804 2631 3875 blasphemiae
2688 3821 2787 3875 pro
2849 3809 3058 3866 deliciis
3115 3812 3338 3867 habent.
3386 3812 3553 3869 Nobis

1982 3905 2187 3961 autem,
2222 3907 2283 3951 ut
2308 3897 2433 3958 dixi.
2476 3912 2897 3955 consentaneum
2927 3910 3011 3955 est
3053 3916 3116 3956 ac
3162 3908 3551 3969 necessarium,

1986 3988 2076 4057 qui
2106 4004 2171 4043 ea
2208 4003 2397 4057 sapere
2425 3991 2703 4046 studemus
2731 4006 2851 4063 quae
2882 3992 2957 4047 illi
3000 3994 3232 4060 placent,
3267 3995 3552 4064 providere

1988 4094 2055 4133 ne
2094 4094 2274 4134 sermo
2331 4090 2513 4135 noster
2562 4096 2590 4133 a
2627 4083 2854 4138 veritate
2903 4084 2975 4137 sit
3020 4095 3277 4150 remotus,
3308 4100 3399 4141 aut
3446 4088 3552 4141 alio

1988 4170 2241 4239 quopiam
2276 4171 2479 4232 tendat,
2522 4187 2584 4224 ac
2616 4182 2825 4241 spectet
2856 4173 2924 4227 ad
2970 4176 3186 4227 inanem
3231 4177 3550 4244 vanitatem,

1990 4261 2058 4328 is,
2112 4263 2352 4331 inquam,
2407 4263 2497 4333 qui
2549 4264 2615 4316 ad
2665 4265 2906 4319 subditos
2956 4265 3206 4329 habetur,
3265 4271 3358 4321 sed
3407 4271 3566 4339 quod’

1988 4362 2138 4407 recte
2184 4352 2422 4421 prolatus
2479 4355 2571 4417 sit,
2605 4354 2774 4424 ipsius
2805 4356 3049 4411 veritatis
3100 4356 3357 4428 sull‘i'agio
3400 4378 3557 4435 com-_

1991 4444 2295 4499 mendetur.
2348 4441 2474 4497 Ila-c
2528 4450 2707 4498 autem
2757 4460 2821 4500 eo
2870 4447 3015 4510 dico,
3066 4452 3192 4515 quia
3241 4450 3295 4505 in
3356 4452 3551 4506 librum

316 4545 544 4615 φημίας·
561 4544 707 4614 ἡμᾶς
722 4543 801 4607 δὲ,
821 4542 897 4606 ὡς
915 4543 1070 4613 ἔφην,
1089 4539 1377 4594 ἀκόλουθόν
1392 4557 1452 4592 τε
1475 4539 1569 4593 καὶ
1587 4540 1882 4607 ἀναγκαῖον

1989 4536 2275 4604 quemdam
2325 4552 2352 4588 a
2395 4537 2629 4605 quodam
2676 4538 3034 4605 compositum
3098 4540 3283 4607 incidi,
3340 4543 3391 4595 in
3447 4559 3555 4611 quo

314 4636 441 4698 τοὺς
462 4635 529 4689 τά
549 4636 695 4706 αὐτῷ
710 4633 973 4689 δοκοῦντα
998 4635 1213 4704 φρονεῖν
1236 4631 1659 4695 σπουδάζοντας,
1692 4632 1766 4700 μὴ
1788 4632 1885 4701 τῆς

319 4726 575 4797 ἀληθείας
595 4724 1080 4796 ὲκκεκομισμένον,
1098 4725 1263 4795 ἤγουν
1280 4722 1511 4793 ἑτέρωσέ
1540 4739 1629 4774 ποι
1652 4722 1887 4793 διᾴττον-

316 4836 408 4883 τα,
435 4819 529 4872 καὶ
555 4817 845 4873 νενευκότα
863 4818 997 4888 πρὸς
1028 4815 1087 4869 τὺ
1106 4813 1474 4883 ἐξίτηλον,τὸν
1497 4813 1631 4883 πρός
1654 4829 1717 4880 γε
1746 4813 1888 4883 φημὶ

316 4912 441 4976 τοὺς
459 4910 562 4964 ὑπὸ
585 4911 759 4981 χεῖρα,
777 4909 871 4962 καὶ
885 4911 1005 4970 ταῖς
1026 4909 1104 4971 εἰς
1128 4905 1396 4978 ὀρθότητα
1417 4905 1621 4975 ψήφοις
1641 4903 1700 4968 ἐξ
1718 4905 1889 4975 αὐτῆς

315 5005 414 5073 τῆς
449 5001 706 5073 ἀληθείας
757 4997 1205 5068 στεφανούμενον.
1233 4998 1342 5049 Καὶ
1378 4994 1551 5048 ταῦτά
1579 5011 1742 5065 φημι,
1781 4996 1889 5047 τινὶ

314 5093 424 5148 τῶν
460 5092 679 5164 βιϐλίων
710 5088 1019 5162 περιτυχὼν
1065 5087 1171 5141 ὑπό
1204 5104 1297 5140 του
1342 5086 1759 5156 συντεθειμένῳ,
1789 5086 1885 5139 καὶ

317 5185 523 5256 πολλὴν
558 5185 657 5255 μὲν
691 5182 867 5254 ἔχοντι
900 5180 1010 5235 τῶν
1037 5179 1263 5249 ὁμιλιῶν
1304 5177 1405 5248 τὴν
1434 5177 1700 5247 ἄθροισιν,
1740 5194 1883 5231 στοι-

318 5275 480 5348 χηδὸν
503 5274 581 5336 δὲ,
621 5275 716 5327 κα)¹
752 5272 826 5335 ὡς
877 5270 935 5323 ὲν
966 5269 1119 5332 τάξει
1148 5268 1436 5338 κειμένων,
1466 5266 1796 5337 ημοιρηκόσι
1827 5265 1884 5319 δὲ

320 5367 438 5420 κατ’
474 5364 664 5418 οὐδένα
691 5364 889 5433 τρόπον
915 5361 1011 5414 τοῦ
1040 5358 1363 5429 κατέχεσθαι
1397 5356 1523 5411 δεῖν.
1562 5359 1670 5410 Καὶ
1699 5358 1747 5409 εἰ
1786 5358 1888 5426 μὲν

320 5455 533 5527 εἴρηταί
573 5472 627 5508 τι
657 5454 807 5524 παρά
836 5452 930 5505 τοῦ
967 5450 1430 5521 συγγεγραφότος,
1459 5449 1487 5501 ὃ
1516 5452 1634 5512 ταῖς
1673 5451 1752 5511 είς
1790 5449 1887 5518 λή-

321 5544 421 5617 θην
462 5546 791 5617 ἀποδημίαις
839 5542 1150 5614 ὴφανίζετο,
1186 5542 1287 5596 κάν
1330 5541 1513 5613 ᾠήθην
1557 5539 1687 5603 δεῖν,
1731 5539 1889 5611 σιγὴν

1990 4626 2139 4680 multi
2204 4634 2359 4680 erant
2415 4626 2658 4697 congesti
2717 4643 2994 4684 sermones
3045 4646 3141 4699 per
3190 4634 3453 4688 elementa
3497 4646 3556 4692 et

1986 4719 2133 4772 velut
2174 4719 2362 4773 ordine
2418 4720 2683 4788 dispositi,
2737 4720 2992 4791 nullaque
3047 4726 3182 4777 ratio
3239 4726 3287 4778 ei
3343 4727 3550 4794 deerat,

1986 4812 2275 4881 quominus
2305 4812 2527 4867 retineri
2562 4823 2763 4881 posset.
2791 4811 2847 4887 4
2880 4815 2958 4868 Ac
2986 4814 3031 4869 si
3060 4830 3087 4868 a
3117 4815 3386 4885 scriptore
3408 4819 3556 4885 ejus-

1986 4902 2132 4956 modi
2166 4902 2366 4972 aliquid
2398 4904 2601 4959 dictum
2636 4914 2799 4970 esset,
2832 4907 2974 4975 quod
3006 4906 3261 4962 oblivioni
3297 4910 3551 4965 traditum

1992 5004 2360 5058 evanesceret,
2401 4995 2586 5051 forsan
2633 4998 2819 5067 utique
2865 5000 3177 5053 statuissem
3223 5010 3278 5055 et
3308 5003 3441 5056 mihi
3482 5004 3558 5058 sic

1991 5083 2206 5138 lendum
2240 5099 2381 5151 esse,
2428 5097 2482 5140 et
2525 5089 2735 5142 caeteris
2772 5089 3159 5143 consulendum
3204 5101 3263 5145 ut
3300 5093 3440 5147 idem
3478 5092 3557 5148 fa-

1988 5185 2210 5240 cerent,
2270 5191 2338 5231 ne
2387 5176 2569 5234 multis
2626 5178 2746 5234 aliis
2790 5180 3127 5249 posterisque
3181 5184 3378 5237 nostris
3431 5195 3556 5238 nota

1992 5278 2172 5322 essent
2207 5277 2313 5322 tam
2340 5268 2571 5324 absurde
2608 5280 2824 5338 tamque
2854 5272 3227 5338 imprudenter
3258 5274 3424 5328 dicta.
3450 5276 3556 5329 Sed

1991 5360 2119 5427 quia
2154 5359 2606 5429 blasphemiarum
2638 5362 2791 5417 turba
2820 5363 2872 5415 in
2903 5376 2967 5416 eo
2994 5362 3132 5418 libro
3168 5376 3421 5434 congesta
3452 5377 3557 5431 est,

1990 5461 2047 5507 et
2082 5452 2305 5505 multum
2348 5452 2606 5506 adversus
2643 5452 2893 5520 dogmata
2926 5453 3172 5507 veritatis
3202 5455 3557 5508 declamatum

1993 5548 2049 5595 et
2099 5540 2492 5610 oblateratum,
2535 5542 2807 5611 quomodo
2859 5557 2967 5597 non
3029 5546 3399 5600 necessarium
3459 5547 3560 5598 fuit

395 5750 417 5782 ⁸
441 5750 694 5818 Ιεπλκκ,
711 5745 828 5818 _10.
898 5746 917 5777 ⁷
945 5743 1261 5818 Matt_h._§tt,
1282 5744 1372 5800 3'5.
1449 5749 1470 5780 ³
1500 5745 1628 5803 ibid.
1661 5744 1752 5800 55.
1831 5747 1853 5778 ’
1880 5749 1884 5801 1

1986 5745 2077 5802 lor.
2112 5761 2186 5815 iv,
2218 5748 2271 5802 4.
2352 5749 2392 5781 ιο
2426 5747 2527 5805 lsa.
2558 5762 2688 5813 Lvu,
2720 5748 2774 5804 4.
2854 5748 2895 5781 ιι
2925 5745 3029 5804 lsa.
3062 5762 3113 5813 ι,
3142 5748 3228 5803 lt.
3306 5744 3394 5818 “.l
3424 5744 3552 5804 Cor.

320 5837 437 5887 vui,
476 5818 563 5876 12.
641 5817 683 5848 ⁸⁸
711 5814 854 5872 Psal.
881 5831 989 5884 LIV,
1024 5814 1212 5870 15-15.
