4054 6332
506 408 574 466 15
1534 402 1593 458 S;
1638 397 1915 459 CYRILLI
1951 395 2421 453 ALEXANDRINI
2459 393 2778 451 ARCIIIEP.
3683 400 3752 455 ιθ

502 522 885 595 propemodum
912 529 971 577 ut
1003 518 1431 590 accingeremur,
1478 523 1533 571 et
1574 530 1672 585 pro
1705 511 1880 569 salute
1909 512 2058 567 lecto

2183 527 2241 564 τε
2268 510 2415 580 ἔχειν
2433 510 2613 574 αὐτὸς,
2632 510 2725 562 καὶ
2749 509 2955 577 ἑτέροις
2986 510 3383 580 συμϐουλεῦσαι
3407 511 3565 564 τοῦτο
3590 513 3748 583 ὂρᾷν·

501 630 620 670 rum
651 621 1002 681 certaremus,
1038 629 1103 669 ne
1134 614 1299 667 ullum
1326 626 1394 666 ex
1438 624 1503 665 ea
1538 624 1598 666 re
1629 610 1889 666 damnum
1915 618 2070 677 pate—

501 713 707 771 rentur,
743 718 809 760 ac
852 706 1123 759 discerem
1155 702 1335 772 potius
1371 700 1640 770 iacturam
1687 714 1754 754 ex
1786 713 2070 769 perperam

500 796 658 850 dictis
687 796 1092 866 provenientem
1127 804 1351 849 strenue
1395 794 1695 864 repellere?
1720 791 1855 849 Nam
1884 793 2074 851 beatus

498 884 736 941 Joannes
794 886 938 942 filius
999 886 1220 941 tonitrui
1276 901 1305 940 a
1356 888 1640 942 Salvatore
1675 888 1917 943 omnium
1976 901 2074 942 no—

499 988 669 1033 strum
706 979 923 1035 Christo
972 989 1054 1033 est
1084 978 1385 1048 appellatus
1410 979 1477 1043 “,
1520 993 1583 1033 ac
1617 983 1832 1045 merito,
1881 988 1938 1034 ut
1979 977 2070 1047 qui

498 1086 751 1142 magnum
797 1071 1048 1141 quiddam
1094 1078 1148 1124 et
1200 1070 1474 1124 insolitum
1521 1069 1735 1135 effatus,
1786 1084 2074 1145 propemo-

496 1164 624 1219 dum
675 1162 860 1216 orbem
911 1160 1093 1216 sonitu
1143 1160 1507 1224 concusserit,
1558 1170 1613 1215 et
1656 1172 1829 1217 terras
1868 1162 2069 1216 tonitru

495 1251 772 1306 terruerit.
796 1248 847 1305 Is
870 1251 1016 1304 enim
1045 1249 1171 1303 illud
1200 1248 1505 1303 venerabile
1528 1249 1686 1319 plane
1712 1264 2072 1318 magnumque

494 1341 883 1397 incarnationis
912 1340 1184 1410 Unigeniti
1226 1344 1541 1411 mysterium
1570 1342 1770 1411 optime
1798 1342 2067 1396 declarat:

492 1429 622 1485 dicit
648 1432 792 1485 enim
826 1447 839 1483 :
874 1449 894 1481 ι
928 1429 984 1484 lu
1012 1430 1280 1500 principio
1303 1441 1423 1484 erat
1453 1429 1713 1497 Verbum,
1742 1440 1797 1487 et
1826 1429 2066 1486 Verbum

489 1533 610 1577 erat
639 1523 779 1592 apud
811 1522 1004 1590 Deum,
1044 1532 1099 1578 et
1131 1524 1270 1578 Deus
1304 1533 1423 1578 erat
1450 1524 1685 1580 Verbum
1715 1540 1730 1579 :
1761 1525 1939 1580 omnia
1975 1540 2070 1594 per

489 1614 663 1683 ipsum
693 1613 831 1669 facta
863 1625 1009 1680 sunt,
1042 1623 1097 1670 et
1133 1615 1249 1669 sine
1282 1615 1399 1685 ipso
1434 1613 1637 1671 factum
1671 1625 1756 1672 est
1784 1616 1921 1671 nihil
1944 1618 2010 1671 ¹⁸.
2041 1635 2061 1669 ι

489 1705 591 1762 Ubi
619 1721 749 1761 vero
783 1714 1039 1763 accurate
1072 1715 1125 1763 et
1169 1708 1409 1778 expolite
1452 1712 1708 1782 mysteria
1738 1711 1980 1776 tradidit,
2014 1722 2070 1766 et

493 1799 835 1870 Unigenitum
887 1809 942 1855 et
988 1801 1153 1855 Deum
1203 1817 1343 1867 esse,
1405 1813 1460 1856 et
1493 1818 1559 1857 ex
1611 1804 1721 1857 Deo
1771 1804 2063 1857 secundum

493 1904 743 1948 naturam
798 1892 1149 1948 iuell‘abiliter
1207 1903 1394 1947 natum
1436 1892 1832 1964 pronuntiavit,
1882 1906 2060 1945 rerum

490 1984 732 2040 omnium
776 1995 1078 2039 creatorem
1105 1993 1268 2053 atque
1293 1984 1578 2052 factorem,
1605 1992 1717 2038 tum
1741 1984 1992 2053 denique,
2010 1991 2066 2038 et

485 2075 705 2144 quidem
741 2074 793 2129 in
843 2084 1107 2143 tempore,
1157 2077 1617 2146 sapientissimum
1654 2074 1798 2130 illam
1844 2084 2064 2144 propter

486 2182 585 2224 nos
622 2182 687 2224 ac
725 2182 822 2238 pro
861 2169 1019 2223 nobis
1066 2177 1271 2237 gestam
1306 2168 1764 2239 dispensationem
1804 2181 2062 2221 enarrare

487 2259 722 2324 orditur,
758 2269 814 2313 et
859 2260 978 2314 ait:
1017 2278 1035 2311 ι
1072 2258 1139 2314 Ει
1170 2258 1411 2315 Verbum
1456 2274 1589 2315 caro
1614 2258 1815 2314 factum
1857 2268 1960 2324 est,
2008 2266 2062 2311 et

486 2352 750 2407 habitavit
779 2351 831 2406 in
862 2353 1016 2407 nobis
1044 2364 1127 2407 :et
1149 2353 1379 2408 vidimus
1404 2352 1632 2424 gloriam
1663 2352 1802 2421 ejus,
1832 2349 2056 2421 gloriam

485 2444 637 2512 quasi
668 2442 942 2515 Uuigeniti
990 2460 1017 2497 a
1057 2444 1240 2512 Patre,
1269 2446 1484 2513 plenum
1525 2446 1714 2517 gratia:
1759 2454 1813 2499 et
1862 2445 2060 2498 verita-

486 2532 552 2587 tis
577 2534 639 2586 ³⁵.
673 2552 692 2585 ι
739 2535 817 2590 Ac
869 2532 1105 2589 Verbum
1161 2550 1377 2589 carnem
1417 2535 1580 2603 dixit,
1620 2545 1680 2590 ut
1725 2550 1865 2590 verae
1918 2535 2061 2589 illius

486 2625 725 2692 unionis,
755 2641 874 2696 quae
902 2628 1158 2682 nimirum
1191 2626 1487 2681 secundum
1520 2628 1837 2695 hypostasin
1877 2626 2057 2681 consi-

484 2718 725 2782 deratur,
764 2720 869 2772 vim
922 2722 1267 2775 declararet:
1302 2720 1353 2773 in
1400 2734 1466 2774 eo
1510 2730 1688 2773 autem
1731 2720 1873 2789 quod
1908 2718 2055 2772 illum

483 2807 540 2862 in
572 2809 728 2863 nobis
768 2807 1043 2864 habitasse
1081 2811 1234 2875 dicit,
1275 2825 1382 2864 non
1414 2810 1545 2863 sinit
1574 2810 1896 2880 intelligere,
1928 2806 2060 2865 Ver-

483 2899 610 2953 bum
658 2898 787 2952 illud
832 2899 1126 2954 secundum
1181 2909 1427 2954 naturam
1475 2915 1541 2954 ex
1573 2899 1682 2955 Deo
1724 2900 1952 2965 editum,
2003 2900 2057 2954 in

484 2998 755 3046 terrenam
805 3006 1025 3047 carnem
1071 2993 1237 3048 fuisse
1276 3004 1563 3049 mutatum.
1603 2994 1853 3049 Putasset
1884 2994 2055 3060 enim,

479 3092 540 3139 ut
583 3084 797 3154 opinor,
849 3084 1118 3155 quispiam
1168 3086 1259 3156 qui
1304 3102 1409 3142 uon
1467 3087 1757 3143 admodum
1808 3087 2053 3152 calleret,

480 3175 735 3245 quidnam
768 3176 839 3230 sit
884 3176 976 3232 illa
1018 3179 1196 3232 divina
1230 3188 1286 3233 et
1312 3178 1453 3232 ultra
1496 3194 1609 3234 rem
1647 3193 1861 3233 omnem
1905 3193 2054 3233 crea-
2080 3206 2125 3264 α

482 3277 592 3325 tam
620 3269 722 3323 sita
750 3278 964 3335 natura,
999 3286 1117 3325 eam
1147 3271 1379 3327 fortasse
1405 3271 1719 3325 mutationis
1749 3272 1911 3325 etiam
1932 3285 2054 3325 esse

478 3373 769 3428 capacem,
820 3360 1272 3431 propriorquUe
1329 3362 1597 3417 bonorum
1648 3376 1769 3430 qua:
1812 3361 1913 3417 sibi
1962 3376 2055 3430 per

478 3451 770 3505 essentiam
804 3462 930 3505 sunt
978 3452 1161 3518 insita,
1205 3452 1585 3522 negligentem,
1624 3451 1679 3507 in
1715 3451 1861 3506 aliud
1891 3452 2053 3522 quid-

476 3540 623 3614 piam
657 3542 929 3597 diversum
960 3544 1026 3596 ab
1063 3559 1127 3598 eo
1164 3543 1306 3612 quod
1349 3553 1432 3600 est
1462 3544 1861 3613 quodammodo
1895 3544 2055 3614 dege-

478 3647 707 3698 nerare;
754 3642 808 3687 et
855 3632 1265 3688 alterationibus
1302 3649 1367 3688 ac
1408 3634 1799 3688 mutationibus
1838 3648 1905 3687 ex
1948 3634 2052 3688 itu-

478 3723 694 3795 proviso
711 3725 976 3781 subditam
999 3725 1063 3778 ad
1082 3737 1456 3781 creaturarum
1475 3739 1756 3782 mensuras
1786 3725 1975 3796 redigi.
1996 3724 2050 3783 Id

478 3830 608 3873 vero
639 3816 791 3872 nefas
829 3832 953 3872 esse
997 3833 1222 3886 prorsus
1268 3817 1399 3886 (fixa
1430 3831 1664 3887 namque
1709 3824 1792 3873 est
1822 3816 1917 3873 Dei
1955 3833 2053 3871 na-

477 3916 623 3972 tura,
649 3916 705 3961 et
737 3907 791 3960 in
819 3907 1016 3977 quibus
1044 3920 1147 3971 est,
1181 3917 1465 3976 permanet
1499 3909 1861 3979 inconcussa)
1894 3918 2053 3962 testa-

476 4010 562 4054 tus
594 4008 678 4053 est
719 4012 842 4053 cum
894 3998 1031 4053 dixit
1063 4017 1078 4052 :
1111 4017 1129 4051 ι
1158 3998 1437 4054 Habitavit
1471 4000 1522 4053 in
1558 4001 1752 4069 nobis;
1784 4019 1803 4052 ›
1834 3999 1884 4070 5
1923 4001 2051 4055 Ver-

474 4090 602 4146 bum
637 4090 892 4146 nimirum
927 4092 1091 4146 etiam
1122 4106 1253 4147 caro
1282 4092 1505 4148 factum.
1535 4092 1743 4161 Quibus
1782 4094 1835 4148 in
1871 4093 2050 4149 verbis

472 4191 528 4263 et
562 4181 981 4253 dispensationis
1016 4186 1338 4254 sapientiam
1368 4185 1663 4255 prudenter
1699 4189 1969 4259 exposuit,
1996 4201 2050 4246 et

471 4273 886 4345 vigilantissime
916 4276 1080 4343 cavit,
1111 4291 1181 4333 ne
1216 4280 1339 4349 quis
1384 4280 1557 4349 ipsius
1584 4279 1747 4338 Verbi
1798 4295 2047 4341 naturam

470 4365 855 4433 calumnietur,
886 4377 1143 4439 tanquam
1171 4386 1237 4426 ex
1277 4373 1578 4429 mutatione
1615 4384 1675 4429 et
1695 4378 2049 4434 conversione

2179 602 2258 664 ὡς
2307 603 2375 654 ᾰν
2418 600 2497 671 μὴ
2532 599 2746 661 πολλοῖς
2795 600 3023 669 ἑτέροις,
3053 601 3148 653 καὶ
3194 603 3307 662 τοίς
3345 599 3463 670 μεθ’
3489 602 3635 669 ἡμᾶς
3668 602 3752 663 εἴη

2177 690 2456 763 γνώριμα,
2490 689 2562 743 τά
2608 688 2782 751 οὕτως
2831 690 3099 754 ἐκτόπως,
3147 691 3243 743 καὶ
3286 690 3575 760 ἀτημελῶς
3605 692 3752 762 εἰρη-

2181 782 2340 853 μένα.
2377 780 2597 853 Ἐπειδὴ
2620 781 2676 833 δὲ
2709 780 3032 850 δυσφημιῶν
3061 782 3216 851 ὄχλος
3247 780 3644 853 ὲνσεσώρευται
3675 784 3753 853 τῷ

2179 872 2390 943 βιϐλίῳ,
2438 873 2533 925 καὶ
2567 872 2733 943 πολλή
2776 890 2865 935 τις
2899 873 3120 941 γέγονεν
3148 875 3182 944 ὴ
3230 876 3604 946 κατάρῤησις,
3645 876 3753 929 τῶν

2174 965 2277 1035 τῆς
2319 966 2577 1036 ἀληθείας
2630 964 3051 1020 καθυλακτοῦσα
3104 967 3433 1037 δογμάτων,
3478 969 3596 1031 πῶς
3651 969 3750 1021 οὐκ

2174 1056 2473 1124 ἀναγκαῖον
2501 1057 2648 1125 ἡμᾶς
2700 1058 2985 1127 μονονουχὶ
3013 1060 3108 1110 καὶ
3140 1060 3635 1119 άνταποδύσασθαι.
3660 1063 3753 1114 καὶ

2176 1146 2555 1218 ὑπεραθλῆσαι
2578 1149 2684 1201 τῶν
2711 1149 3132 1220 ἐντευξομένων,
3160 1150 3235 1213 ὡς
3260 1150 3327 1204 ἂν
3354 1153 3425 1223 μή
3452 1170 3503 1205 τι
3530 1152 3751 1206 πάθοιεν

2176 1238 2429 1292 ἐντεῦθεν
2449 1240 2511 1293 τὸ
2537 1240 2759 1310 βλάϐος,
2792 1241 2984 1296 εἰδεῖεν
3027 1242 3085 1296 δὲ
3119 1244 3315 1313 μᾶλλον
3349 1244 3750 1315 ἀποκρούεσθαι

2173 1330 2458 1398 γεννικῶς,
2493 1333 2593 1401 τὴν
2619 1332 2727 1384 ἀπό
2756 1348 2819 1400 γε
2849 1331 2956 1386 τῶν
2982 1333 3083 1386 οὐκ
3108 1333 3284 1403 όρθῶν
3310 1334 3617 1403 εἰρημένων
3652 1334 3749 1403 ζη-

2177 1424 2336 1493 μίαν;
2371 1424 2433 1477 Ὁ
2452 1425 2553 1495 μὲν
2578 1425 2689 1495 γὰρ
2717 1423 3003 1488 Θεσπέσιος
3027 1426 3279 1497 Ἰωάννης
3302 1426 3414 1489 υἱὸς
3434 1427 3747 1496 ὠνόμασται

2175 1518 2407 1591 βροντῆς
2436 1521 2588 1591 παρὰ
2628 1520 2724 1573 τοῦ
2767 1521 2990 1574 πάντων
3017 1523 3050 1593 ἠ
3061 1522 3177 1591 μῶν
3206 1522 3459 1592 Σωτῆρος
3488 1522 3747 1593 Χριστοῦ.

2173 1614 2267 1667 καὶ
2293 1613 2437 1683 μάλα
2473 1614 2715 1677 εἰκότως,
2738 1614 2826 1668 διά
2846 1632 2906 1667 τε
2931 1614 2993 1668 τὸ
3016 1614 3299 1684 μονονουχὶ
3328 1615 3746 1685 κατακτυπῆσαι

2170 1706 2270 1774 τῆς
2304 1705 2397 1758 ὑπ’
2434 1707 2692 1776 οὐρανὸν,
2746 1708 2837 1761 καὶ
2889 1706 3333 1778 καταϐροντῆσαι
3376 1708 3478 1777 τῆς
3509 1703 3632 1776 γῆς,
3673 1708 3749 1771 ὡς

2174 1795 2317 1865 μέγα
2358 1813 2411 1848 τι
2459 1798 2554 1849 καὶ
2584 1797 2823 1862 ἐξαίσιον
2888 1799 3145 1869 εἰρηκὼς.
3198 1800 3489 1869 Διατρανοί
3530 1799 3639 1870 γὰρ
3686 1793 3745 1852 εὖ

2172 1886 2320 1957 μάλα
2352 1887 2451 1958 τῆς
2491 1888 2961 1961 ἐνανθρωπήσεως
2983 1891 3077 1944 τοῦ
3100 1891 3441 1960 Μονογενοῦς
3466 1891 3529 1943 τὸ
3553 1891 3750 1945 σεπτὸν

2167 1977 2404 2049 ἀληθῶς,
2442 1981 2535 2032 καὶ
2572 1981 2715 2050 μέγα
2761 1983 3094 2052 μυστήριον·
3136 1981 3243 2051 ἔφη
3278 1983 3377 2051 μὲν
3416 1982 3557 2053 γάρ·
3600 2002 3621 2034 ι
3659 1983 3747 2035 Ἐν

2165 2071 2307 2142 ἀρχῇ
2333 2065 2402 2141 ἦν
2424 2072 2459 2123 ὁ
2484 2072 2677 2139 Λόγος,
2717 2073 2813 2125 καὶ
2843 2074 2873 2125 ὁ
2893 2075 3065 2139 Λόγος
3090 2070 3160 2146 ἦν
3186 2074 3323 2145 πρὸς
3347 2075 3440 2127 τὸν
3470 2073 3622 2139 Θεὸν,
3655 2075 3747 2127 καὶ

2163 2161 2296 2226 Θεὸς
2325 2160 2394 2234 ῆν
2416 2164 2445 2215 ὁ
2464 2165 2639 2233 Λόγος
2659 2182 2672 2196 ο
2706 2166 2887 2219 πάντα
2915 2167 2983 2219 δι’
3004 2167 3169 2220 αὐτοῦ
3197 2169 3433 2237 ἐγένετο,
3458 2170 3548 2222 καὶ
3577 2168 3746 2239 χωρὶς

2163 2252 2333 2307 αὐτοῦ
2365 2254 2587 2322 ἐγένετο
2609 2256 2730 2309 οὐδὲ
2766 2258 2843 2310 ἓν,
2870 2278 2888 2309 ι
2920 2258 3140 2330 Ἐπειδὴ
3174 2260 3231 2313 δὲ
3267 2260 3497 2330 ἀκριϐῆ,
3539 2263 3633 2313 καὶ
3657 2277 3745 2311 τε-

2159 2347 2528 2417 τορνευμένην
2567 2347 2865 2420 ἐποιήσατο
2895 2350 2992 2420 τὴν
3034 2351 3444 2421 μυσταγωγίαν,
3476 2353 3575 2404 καὶ
3614 2350 3745 2403 Θεὸν

2163 2438 2498 2508 ὑπάρχοντα,
2527 2440 2624 2492 καὶ
2656 2441 2721 2493 ὲκ
2754 2441 2889 2494 Θεοῦ
2919 2442 3062 2496 κατὰ
3097 2445 3260 2512 φύσιν
3291 2445 3616 2514 ἀπορῤήτως
3648 2462 3742 2511 γε-

2162 2545 2323 2602 γεννη
2333 2530 2495 2601 μένον
2507 2532 2753 2600 ἀπέφηνε
2767 2532 2858 2586 τὸν
2889 2535 3190 2605 Μονογενῆ,
3219 2534 3463 2604 κτίστην,
3480 2535 3571 2587 καὶ
3592 2553 3743 2604 ποιη-

2158 2622 2258 2691 τὴν
2287 2621 2395 2674 τῶν
2416 2622 2576 2687 ὅλων,
2601 2622 2723 2676 τότε
2749 2623 2836 2695 δὴ,
2865 2624 2983 2677 τότε
3007 2626 3105 2678 καὶ
3127 2625 3248 2678 λίαν
3273 2627 3365 2678 ὲπὶ
3396 2625 3610 2698 καιροῦ,
3643 2628 3741 2695 τῆς

2163 2714 2445 2783 πανσόφου
2473 2715 2660 2769 λοιπὸν
2688 2716 2755 2769 δι’
2781 2718 2927 2789 ἡμᾶς
2944 2734 3002 2769 τε
3029 2718 3125 2771 καὶ
3147 2718 3285 2791 ὑπὲρ
3305 2718 3460 2790 ἡμῶν
3489 2737 3740 2790 πεπραγ-

2162 2804 2333 2876 μένης
2367 2807 2679 2878 οξκονομίας
2715 2808 3089 2879 ἀρχεται·καί
3126 2826 3279 2878 φησι·
3319 2828 3340 2861 ι
3362 2811 3471 2863 Καὶ
3505 2813 3535 2864 ὁ
3570 2811 3742 2879 Λόγος

2161 2894 2299 2965 σὰρξ
2324 2895 2560 2963 ἐγένετο,
2582 2897 2675 2949 καὶ
2697 2900 3007 2969 ἐσκήνωσεν
3028 2900 3089 2951 ἐν
3108 2901 3258 2970 ἡμῖν’
3280 2901 3374 2952 καὶ
3396 2900 3740 2971 ἐθεασάμεθα

2156 2984 2258 3055 τὴν
2283 2984 2441 3050 δόξαν
2467 2986 2655 3053 αὐτοῦ,
2682 2987 2841 3054 δόξαν
2864 2988 2939 3052 ὠς
2961 2988 3301 3059 Μονογενοῦς
3330 2992 3483 3062 παρά
3504 2993 3737 3063 Πατρός,

2158 3075 2373 3148 πλήρης
2409 3077 2630 3148 χάριτος
2661 3080 2757 3132 καὶ
2790 3079 3068 3151 ἀληθείας.
3097 3100 3114 3132 ι
3139 3082 3325 3154 Σάρκα
3356 3085 3455 3154 μὲν
3497 3085 3609 3156 γὰρ
3633 3086 3737 3155 ἔφη

2155 3165 2249 3220 τὸν
2285 3168 2482 3236 Λόγον,
2508 3169 2609 3239 τῆς
2645 3170 2882 3242 ἀληθοῦς
2932 3173 3199 3239 ένώσεως,
3237 3175 3398 3247 δῆλον
3429 3176 3485 3228 δὲ
3518 3177 3599 3229 ὅτι
3639 3178 3739 3245 τῆς

2158 3256 2281 3310 καθ’
2315 3257 2614 3312 ὑπόστασιν
2643 3262 2964 3334 νοουμένης,
2996 3266 3312 3333 ἐμφανίζων
3341 3267 3440 3338 τὴν
3468 3267 3735 3338 δύναμιν·

2154 3345 2243 3403 διὰ
2270 3347 2325 3400 δὲ
2366 3348 2461 3401 τοῦ
2493 3350 2588 3403 καὶ
2631 3353 2696 3405 ὲν
2725 3354 2859 3423 ἡμῖν
2890 3355 3053 3408 αὐτὸν
3100 3357 3378 3427 σκηνῶσαι
3410 3358 3607 3425 λέγειν,
3637 3360 3739 3412 οὐκ

2157 3438 2341 3509 ἐφίησι
2366 3444 2505 3494 νοεῖν
2531 3442 2612 3506 εἰς
2637 3444 2818 3514 σάρκα
2832 3445 2931 3514 τὴν
2961 3447 3075 3500 ἀπὸ
3098 3451 3203 3519 γῆς
3229 3448 3320 3501 τὸν
3346 3450 3412 3501 ὲκ
3429 3449 3565 3502 Θεοῦ
3595 3452 3737 3504 κατὰ

2156 3531 2318 3598 φύσιν
2352 3535 2740 3606 μεταχωρῆσαι
2770 3536 2964 3604 Λόγον.
3000 3539 3169 3610 me»,
3206 3540 3305 3610 μὲν
3334 3541 3421 3605 ἂν,
3452 3537 3626 3612 οἶμαι,
3652 3544 3737 3605 τὶς

2153 3622 2262 3679 τῶν
2290 3625 2350 3676 οὑ
2403 3625 2529 3678 λίαν
2550 3627 2940 3697 ὴκριϐωκότων
2968 3630 2997 3682 ὅ
3030 3632 3084 3683 τί
3118 3632 3251 3684 ποτέ
3276 3634 3425 3686 ἐστιν
3462 3636 3495 3703 ἡ
3528 3634 3645 3687 θεία
3676 3651 3735 3686 τε

2155 3717 2248 3769 καὶ
2271 3718 2532 3789 γεννητοῦ
2570 3721 2771 3783 παντὸς
2802 3722 3061 3775 ἐπέκεινα
3099 3724 3282 3793 φύσις,
3319 3726 3461 3797 τάχα
3494 3744 3597 3779 που
3644 3729 3737 3779 καὶ

2153 3809 2364 3880 τροπῆς
2410 3806 2549 3863 εἶναι
2581 3811 2836 3884 δεκτικὴν
2886 3814 3079 3886 αὐτὴν,
3127 3819 3221 3869 καὶ
3271 3818 3735 3891 καταρᾳθυμῆσαι

2159 3905 2259 3974 μὲν
2295 3903 2553 3960 δύνασθαι
2597 3905 2710 3957 τῶν
2744 3907 2911 3969 ἰδίων,
2950 3910 3042 3964 καὶ
3088 3910 3363 3974 οὐσιωδῶς
3400 3914 3537 3985 αὐτῇ
3568 3931 3736 3984 προσο

2153 3995 2477 4064 πεφυκότων
2501 3995 2748 4064 ἀγαθῶν,
2779 3999 3085 4069 μεταφῦναι
3114 4000 3173 4053 δὲ
3204 4000 3394 4073 ὥσπερ
3429 4005 3509 4066 ei;
3550 4003 3737 4073 ἕτερόν

2152 4105 2225 4152 τι,
2248 4088 2376 4160 παρ’
2398 4089 2534 4161 ὅπερ
2551 4090 2689 4156 ἐστὶ,
2707 4090 2799 4143 καὶ
2823 4095 2936 4156 τοῖς
2964 4092 3064 4163 τῆς
3085 4093 3317 4156 κτίσεως
3344 4095 3734 4164 mammam

2154 4180 2397 4253 μέτροις,
2420 4181 2761 4249 ἀλλοιώσεσι,
2790 4183 2883 4236 καὶ
2906 4184 3238 4255 μεταϐολαῖς
3270 4185 3548 4257 ἀδοκήτως
3568 4186 3730 4240 ὑπεθ-

2152 4276 2489 4346 ηνεγμένην.
2533 4275 2678 4328 Ἀλλ’
2700 4276 2786 4329 ὅτι
2806 4274 2865 4329 τὸ
2889 4275 3081 4347 χρῆμά
3113 4278 3259 4330 ἐστιν
3285 4278 3567 4348 ἀμήχανον
3596 4295 3732 4332 παν-

2147 4367 2350 4433 τελῶς,
2383 4369 2697 4440 ἐρήρεισται
2727 4368 2837 4442 γὰρ
2869 4371 2903 4442 ἡ
2930 4369 3026 4423 τοῦ
3060 4370 3201 4423 Θεοῦ
3221 4373 3403 4440 φύσις,
3436 4373 3530 4425 καὶ
3560 4373 3733 4441 ἀκρά-

473 4468 604 4509 caro
636 4457 706 4511 sit
736 4454 959 4511 factum.
1002 4459 1316 4516 Asserimus
1349 4462 1513 4532 igitur
1551 4465 1716 4519 etiam
1750 4468 1875 4537 ipsi,
1907 4468 2049 4523 viro-

2160 4461 2337 4516 Ξαντον
2368 4463 2478 4532 ἔχει
2510 4463 2608 4535 τὴν
2631 4463 2718 4533 ἐφ’
2743 4459 2824 4528 οἷς
2855 4463 2971 4517 ἐστι
2990 4462 3268 4535 διαμονὴν,
3302 4464 3729 4536 μεμαρτύρηκεν

473 4562 593 4600 rum
628 4548 891 4603 divinitus
924 4549 1260 4619 loquentium
1291 4552 1600 4624 indagando
1645 4571 1888 4628 scopum,
1932 4570 1988 4615 et
2014 4575 2043 4613 a

2160 4552 2323 4606 εἰπὼν
2336 4554 2449 4617 τὸ,‹
2472 4554 2812 4625 Ἐσκήνωσεν
2840 4556 2897 4608 ὲν
2924 4557 3075 4626 ἡμῖν·
3100 4556 3307 4609 »καίτοι
3327 4556 3464 4627 σὰρξ
3492 4556 3729 4627 γεγονὼς

471 4640 602 4694 fidei
626 4641 808 4711 regula
837 4642 980 4697 nulla
1005 4660 1073 4699 ex
1103 4654 1255 4714 parte
1306 4649 1630 4717 recedendo,
1659 4648 1808 4704 illum
1838 4666 1903 4706 ex
1936 4651 2045 4707 Deo

2160 4646 2181 4699 ὁ
2206 4645 2407 4715 Λόγοςο
2447 4648 2544 4700 καὶ
2573 4646 2634 4699 τὸ
2676 4648 2776 4717 τῆς
2803 4648 3117 4717 οἰκονομίας
3150 4647 3312 4718 σοφὸν
3345 4649 3610 4718 ἐντέχνως
3638 4649 3727 4715 ἐξ-

468 4735 766 4788 secundum
812 4744 1083 4802 naturam,
1136 4738 1287 4794 illum
1348 4737 1720 4810 Unigenitum,
1759 4743 1907 4798 illum
1954 4746 2047 4817 qui

2160 4738 2449 4810 ηγούμενος
2471 4755 2487 4770 ·
2520 4740 2614 4793 καὶ
2651 4741 2711 4792 τό
2739 4757 2802 4808 γε
2834 4739 2909 4811 μὴ
2937 4740 3047 4794 δεῖν
3087 4740 3183 4812 τὴν
3232 4739 3327 4793 τοῦ
3356 4741 3531 4808 Λόγου
3567 4741 3728 4808 φύσιν

468 4833 556 4877 est
595 4826 649 4878 in
684 4826 806 4879 sinu
832 4825 1008 4882 Patris
1033 4828 1096 4894 ‘7,
1143 4844 1240 4899 per
1277 4846 1438 4901 quem
1470 4837 1656 4889 omnia
1729 4849 1786 4892 et
1842 4838 1896 4892 in
1939 4856 2048 4909 quo

2160 4832 2609 4902 συκοφαντεῖσθαι
2637 4834 2773 4903 πρός
2817 4850 2982 4898 τινος,
3032 4832 3107 4893 ὡς
3138 4833 3318 4903 σάρκα
3355 4833 3728 4904 γεγενημένην

469 4917 651 4969 omnia
681 4916 746 4984 ⁸⁸,
782 4920 1032 4987 quamvis
1082 4932 1210 4978 ante
1247 4923 1428 4978 omnia
1464 4926 1660 4980 saecula
1704 4936 1758 4982 et
1802 4935 2045 4999 tempora

2160 4926 2207 4993 ἐξ
2230 4925 2589 4989 ἀλλοιώσεως,
2616 4927 2711 4979 καὶ
2735 4926 3096 4998 παρατροπῆς
3129 4922 3193 4979 εὖ
3214 4926 3358 4996 μάλα
3387 4925 3723 4997 τετηρηκώς.

467 5005 740 5076 prepriam
763 5006 988 5064 haberet
1007 5012 1405 5079 exsistentiam,
1432 5023 1487 5069 et
1509 5029 1724 5083 seraper
1746 5018 2043 5073 simulcum

466 5096 722 5153 Genitore
752 5100 1093 5169 subsisteret,
1128 5103 1181 5157 in
1208 5104 1469 5161 extremis
1492 5107 1673 5161 saeculi
1712 5110 2044 5177 temporibus

466 5192 535 5246 ad
571 5192 934 5247 voluntariam
964 5195 1391 5251 exinanitionem
1436 5198 1803 5265 descendisse,
1840 5212 1894 5255 et
1932 5200 2044 5256 for-

467 5299 609 5336 tnam
644 5285 784 5339 servi
835 5286 1227 5355 suscepisse”,
1271 5287 1375 5343 hoc
1407 5298 1515 5355 est,
1554 5302 1742 5345 nostra
1786 5293 2039 5359 subiisse,

463 5387 519 5430 et
551 5376 821 5432 hominem
869 5379 1266 5448 dispensatorie
1304 5381 1507 5437 factum
1556 5397 1677 5438 esse
1704 5423 1720 5450 ,
1772 5385 2041 5441 assimila-

465 5476 686 5537 tumque
720 5468 978 5525 fratribus
1014 5487 1110 5540 per
1149 5474 1354 5538 omnia,
1404 5489 1469 5529 eo
1504 5475 1646 5544 quod
1694 5477 2040 5547 participavit

463 5558 712 5614 similiter
742 5562 889 5616 carni
940 5572 995 5618 et
1035 5565 1345 5634 sanguini'0
1384 5577 1479 5623 :et
1526 5569 1603 5623 ita
1656 5570 1938 5624 nobiscum
1981 5582 2037 5626 et

480 5758 489 5767 '
535 5760 580 5829 ξδ
612 5759 775 5813 Marc.
808 5761 994 5823 m,i7.
1074 5763 1117 5796 “-'
1149 5760 1302 5818 Joan.
1332 5781 1371 5829 I,
1406 5766 1510 5820 1-3.
1594 5767 1637 5800 ¹⁸
1665 5765 1801 5823 Ibid.
1840 5768 1925 5824 14.

460 5829 508 5862 ⁸⁵
538 5828 695 5886 Hebr.
734 5848 793 5901 tt,
832 5832 1019 5888 li-l'i.

2038 5769 2273 5843 ~’_Joau.
2305 5770 2345 5837 I,
2382 5770 2469 5826 i8.
2548 5771 2592 5801 ¹⁸
2624 5767 2778 5825 Joau.
2830 5784 2907 5831 xl,
2940 5769 3029 5824 56.

2144 5015 2328 5089 Φαμὲν
2360 5012 2454 5070 οὖν
2502 5017 2610 5088 ἄρα
2639 5016 2731 5069 καὶ
2764 5019 2925 5087 ἡμεῖς
2954 5017 3130 5078 αὐτοὶ,
3161 5017 3253 5070 τὸν
3296 5018 3406 5069 τῶν
3448 5014 3727 5087 θεηγόρων

2148 5108 2566 5180 ίχνηλατοῦντες
2619 5109 2841 5171 σκοπὸν,
2903 5110 2998 5161 καὶ
3036 5108 3127 5162 τὸν
3169 5109 3266 5178 τῆς
3311 5109 3551 5171 πίστεως
3601 5109 3727 5178 ὅρον

2144 5184 2264 5257 κατ’
2293 5200 2482 5255 οὐδένα
2532 5201 2731 5272 τρόπον
2780 5198 3147 5264 ἐκϐαίνοντες,
3180 5200 3272 5252 τὸν
3309 5204 3374 5252 ἐκ
3407 5199 3544 5252 Θεοῦ
3586 5200 3728 5252 κατά

2144 5294 2330 5364 φύσιν,
2370 5294 2462 5346 τὸν
2497 5294 2800 5362 Μονογενῆ,
2831 5293 2923 5345 τὸν
2963 5294 3020 5346 ἐν
3060 5293 3279 5355 κόλποις
3316 5292 3446 5344 ὄντα
3488 5289 3582 5343 τοῦ
3615 5293 3727 5343 Πα-

2139 5388 2291 5460 τρὸς,
2318 5387 2409 5440 τὸν
2450 5387 2515 5439 δι’
2562 5380 2623 5438 οὗ
2658 5387 2855 5449 πάντα,
2898 5385 2990 5437 καὶ
3027 5387 3084 5436 ὲν
3119 5378 3163 5452 ᾧ
3193 5384 3261 5437 τά
3303 5384 3502 5447 πάντα,
3545 5382 3723 5435 καίτνιι.

2139 5482 2241 5549 τὴν
2268 5479 2375 5548 πρὸ
2407 5476 2609 5540 παντὸς
2649 5476 2868 5538 αἰῶνος,
2915 5476 3008 5527 καὶ
3030 5476 3237 5546 χρόνων
3270 5474 3443 5543 ἰδικὴν
3488 5472 3721 5542 ὕπαρξιν

2138 5571 2351 5643 ἔχοντα,
2374 5571 2468 5624 καὶ
2495 5570 2582 5624 ἀεὶ
2614 5568 3059 5641 συνυφεστηκότα
3091 5568 3169 5637 τῷ
3187 5566 3556 5637 γεγεννηκότι,
3588 5563 3721 5618 καθ-

3134 5770 3174 5802 ¹⁹
3212 5767 3441 5839 Philipp.
3476 5786 3513 5823 tt
3535 5809 3548 5831 ,
3579 5770 3630 5835 6,
3658 5765 3711 5825 7.
