4054 6332
338 366 402 418 17
1425 360 1797 419 ADVERSUS
1836 359 1908 415 Μ

2011 357 2253 414 ouum
2276 357 2404 415 LIB.
2445 359 2487 414 l.
3516 364 3582 422 18

344 473 549 528 ικέσθαι
600 472 697 541 μὲν
727 473 806 535 εἰς
852 472 1101 525 ἑκούσιον
1153 472 1381 527 κένωσιν
1428 478 1489 527 ἐν
1530 478 1779 546 ἐσχάτοις
1818 476 1908 531 τοῦ

2018 484 2215 531 nostra:
2246 476 2476 531 similem
2506 474 2737 532 subiisse
2768 478 3194 545 generationem,
3233 487 3285 534 et
3317 493 3429 535 suae
3460 496 3581 539 car-

338 564 528 627 αἰῶνος
552 566 782 633 καιροῖς,
806 565 898 616 καὶ
931 564 1142 635 μορφὴν
1163 565 1349 618 δούλου
1380 565 1583 633 λαϐεῖν,
1614 568 1910 633 τουτέστιν,

338 657 396 707 ἐν
428 657 539 717 τοῖς
577 652 696 705 καθ’
728 654 872 723 ἡμᾶς
904 653 1177 721 γενέσθαι,
1232 655 1325 708 καὶ
1374 655 1662 727 ἄνθρωπον
1711 660 1912 712 οἰκονο-

341 747 536 817 μικῶς,
570 745 903 816 ὁμοιωθῆναί
938 763 997 797 τε
1024 750 1137 808 τοῖς
1164 747 1411 817 ἀδελφοῖς
1437 748 1578 801 κατά
1604 751 1802 814 πάντα,
1826 750 1914 806 διὰ

336 837 430 892 τοῦ
466 836 788 906 μεταλαχεῖν
835 837 1034 907 ὁμοίως
1086 838 1314 907 αἵματος
1352 839 1449 891 καὶ
1490 839 1727 910 σαρκόςο
1770 842 1915 896 οὕτω

339 948 395 983 τε
426 930 541 1000 μεθ’
558 929 738 998 ἡμῶν,
754 929 853 981 καὶ
875 929 970 999 τὴν
995 928 1114 981 καθ’
1134 932 1282 999 ἡμᾶς
1306 930 1597 1001 ὑπομεῖναι
1619 933 1877 1003 γέννησιν
1894 948 1909 963 ⁶

338 1023 430 1075 καὶ
464 1021 562 1090 τῆς
608 1021 746 1084 ἰδίας
775 1021 974 1091 σαρκὸς
1004 1021 1105 1091 τὴν
1150 1022 1228 1085 είς
1261 1022 1322 1075 τὸ
1367 1018 1505 1078 εἶναι
1552 1024 1784 1094 πάροδον
1828 1025 1912 1087 είς

337 1113 535 1167 ἑαυτὸν
563 1112 873 1179 ἀναλαὸεῖν,
911 1113 1006 1166 καὶ
1041 1114 1103 1166 οὑ
1125 1113 1385 1185 δευτέρας
1411 1115 1587 1186 ἀρχῆς
1613 1118 1713 1187 τῆς
1741 1117 1822 1181 είς
1850 1118 1913 1170 τὸ

337 1196 498 1267 εῖναιε
527 1203 849 1273 δεδεημένον
873 1219 887 1234 °
928 1199 997 1274 ἦν
1048 1205 1157 1275 γὰρ
1210 1206 1266 1258 ὲν
1300 1206 1463 1276 ἀρχῇ,
1497 1208 1591 1260 καὶ
1619 1208 1750 1271 Θεὸς
1787 1204 1855 1279 ἦν
1883 1209 1912 1260 ὁ

334 1294 537 1361 Λόγος·
584 1293 822 1347 ἀλλ’ἵνα
866 1293 927 1347 τὸ
973 1293 1328 1365 ἀνθρώπινον
1354 1296 1911 1369 ἁνακεφαλαιώσηται

335 1384 766 1457 γένος,ηάπαρχὴ
813 1386 1032 1440 πάντων
1079 1388 1309 1458 δευτέρα
1352 1389 1491 1459 μετά
1539 1390 1640 1461 τὴν
1685 1390 1910 1463 πρώτην

336 1476 573 1545 ἐκείνην,
610 1477 925 1546 τικτόμενος
958 1477 1101 1531 κατά
1129 1478 1309 1549 σάρκα
1353 1482 1419 1534 ὲκ
1458 1479 1735 1548 γυναικὸς,
1770 1481 1910 1535 κατὰ

334 1567 431 1630 τὰς
452 1566 693 1635 Γραφάς.
720 1567 877 1621 Οῦτω
898 1566 1013 1638 γὰρ
1027 1567 1339 1641 ἐπτώχευσε
1368 1571 1621 1637 πλούσιος
1645 1572 1742 1637 ὢν,
1765 1575 1910 1644 ἡμᾶς

335 1660 415 1717 εἰς
441 1658 530 1711 τὸν
573 1658 703 1713 ἴδιον
734 1660 1082 1729 ἀνακομίζων
1109 1661 1362 1731 πλοῦτον,
1392 1665 1486 1717 καὶ
1515 1663 1604 1717 διὰ
1633 1666 1734 1735 τῆς
1778 1665 1911 1718 ὲνωο

335 1748 523 1819 θείσης
549 1749 697 1820 αὐτῷ
727 1750 930 1820 σαρκὸς
976 1752 1184 1817 πάντας
1222 1753 1360 1825 ἔχων
1402 1757 1462 1808 ὲν
1509 1756 1707 1828 ἑαυτῷ.
1750 1756 1910 1813 Οὕτω

2017 568 2100 623 uis
2171 568 2382 623 initium
2436 576 2497 620 ut
2561 581 2621 621 ea
2683 583 2804 623 esse
2871 568 3171 639 inciperet,
3230 572 3287 627 in
3346 573 3583 642 seipsuin

2014 661 2317 723 suscepisse
2360 678 2374 713 :
2418 675 2521 714 non
2574 660 2717 728 quod
2768 659 2941 715 altero
2992 662 3147 717 initio
3204 663 3470 733 indigeret
3524 674 3587 722 ut

2014 760 2198 805 esset:
2232 767 2356 805 nam
2405 760 2522 806 erat
2560 751 2611 805 in
2656 753 2945 820 principio,
2999 762 3054 807 et
3110 754 3249 808 Deus
3292 766 3413 811 erat
3449 754 3585 811 Ver-

2014 842 2180 896 bum:
2215 840 2307 895 sed
2350 851 2409 895 ut
2455 841 2753 895 secundum
2800 856 3018 896 carnem
3066 856 3131 898 ex
3164 844 3392 899 muliere
3436 845 3584 914 geni-

2017 941 2153 994 tus,.
2183 929 2477 987 secundum
2524 931 2920 999 Scripturas“,
2978 944 3099 1002 post
3141 934 3287 988 illam
3345 935 3581 1005 priorem

2014 1024 2184 1078 altera
2230 1023 2468 1077 Omnium
2518 1024 2796 1078 hominum
2847 1024 3002 1093 origo
3039 1024 3236 1091 factus,
3283 1026 3579 1084 humanum

2014 1129 2184 1185 genus
2226 1115 2632 1184 recapitularet.
2688 1116 2779 1171 Sic
2828 1132 3020 1186 nempe
3074 1130 3276 1188 pauper
3314 1120 3415 1175 fuit
3459 1136 3581 1176 eum

2015 1205 2164 1260 dives
2210 1214 2375 1269 esset,
2427 1214 2485 1258 ut
2525 1222 2621 1260 nos
2651 1205 2717 1259 ad
2775 1220 2901 1261 suas
2950 1221 3079 1275 opes
3132 1218 3410 1263 revocaret
3429 1210 3497 1276 ",
3527 1216 3584 1267 et

2012 1313 2110 1368 per
2142 1298 2346 1352 auitam
2392 1298 2494 1352 sibi
2539 1312 2757 1352 camem
2796 1314 2987 1352 omnes
3028 1300 3081 1354 in
3118 1302 3299 1370 seipso
3338 1303 3581 1358 contine-

2016 1399 2116 1445 ret.
2150 1389 2243 1444 Sic
2276 1404 2508 1458 namque
2548 1388 2707 1459 plane
2733 1390 3032 1460 consepulti
3075 1406 3195 1446 cum
3232 1392 3454 1448 Christo
3482 1408 3583 1464 per

2012 1490 2259 1536 sanctum
2310 1482 2665 1548 baptismum,
2712 1491 2766 1535 et
2816 1481 3227 1537 conresuscitati
3280 1499 3486 1549 sumus,
3529 1494 3586 1541 et

2014 1566 2361 1621 consedimus
2406 1567 2457 1620 in
2499 1568 2832 1632 caelestibus,
2872 1576 2928 1620 ut
2972 1569 3195 1637 scripsit
3244 1571 3333 1625 ille
3382 1582 3585 1643 mystea

2016 1659 2218 1713 riorum
2272 1660 2651 1730 dispensator,
2705 1660 2790 1715 ille
2838 1676 3016 1730 praeco
3065 1673 3119 1717 et
3158 1662 3475 1731 Apostolus,
3527 1674 3586 1721 et

2014 1753 2447 1820 evangelicarum
2481 1752 2659 1823 legum
2691 1756 2947 1811 sacerdos
2977 1756 3412 1826 sapientissimus
3441 1753 3583 1812 Pau-

335 1838 462 1909 γὰρ,
489 1839 632 1893 οὕτω
669 1818 1095 1912 συπεθαιιμεθα
1152 1818 1373 1917 μὲνῃτῷ
1418 1818 1773 1918 Χριστῷλδιὰ
1812 1848 1905 1903 τοῦ

2015 1818 2193 1900 lus”.
2257 1818 2573 1901 Necessaria
2624 1854 2709 1900 est
2763 1846 2927 1917 igitur
2997 1818 3062 1901 ad
3120 1848 3362 1918 mysterii
3419 1847 3581 1902 ﬁdem

332 1929 487 1996 ἁγίου
516 1929 913 2002 βαπτίσματος,
951 1935 1404 2007 συνεγηγέρμεθα
1429 1935 1507 2001 δὲ,
1527 1937 1622 1991 καὶ
1648 1938 1908 1993 συνεκαθ-

332 2020 528 2091 ίσαμεν
546 2023 603 2074 ἐν
638 2025 749 2085 τοῖς
774 2022 1139 2095 ἐπουρανίοις.
1157 2025 1404 2097 Γέγραφε
1425 2027 1535 2096 γὰρ
1563 2025 1737 2091 οὕτως
1755 2030 1783 2082 ὁ
1798 2028 1907 2081 τῶν

329 2113 493 2166 αὑτοῦ
533 2115 848 2186 μυστηρίων
876 2116 1100 2187 ταμίας,
1130 2119 1160 2170 ό
1192 2117 1386 2189 κήρυξ,
1416 2120 1512 2173 καὶ
1557 2119 1919 2185 Ἀσιὸστολος,.

328 2205 421 2258 καὶ
447 2206 558 2258 τῶν
594 2207 965 2276 εῦαγγελικῶν
992 2208 1381 2282 θεσπισμάτων
1418 2213 1718 2284 ίερουρΥδς.
1749 2215 1777 2267 ὁ
1821 2232 1907 2267 σο-

327 2295 577 2363 φώτατος
609 2297 840 2361 Παῦλος.
885 2300 1205 2369 ’Δναγκαῖον
1231 2303 1540 2373 τοιγαροῦν,
1574 2305 1655 2368 είς
1687 2303 1785 2374 τὴν
1815 2304 1913 2358 τοῦ

330 2386 630 2456 μυστηρίου
657 2388 841 2440 πίστιν
874 2405 931 2440 τε
950 2389 1086 2460 ὁμοῦ
1118 2390 1220 2443 καὶσ
1246 2392 1564 2463 παράδειξιν
1592 2394 1817 2465 ἀκριϐῆ,
1846 2394 1908 2448 τὸ

326 2476 424 2546 τῆς
452 2476 687 2547 ἀληθοῦς
717 2478 963 2544 ὶνῶσεως
1006 2481 1217 2553 χρῆμα,
1269 2486 1367 2554 τῆς
1414 2485 1549 2539 καθ”
1585 2487 1903 2553 ὑπόστασιν,

326 2567 489 2635 λέγω,
522 2568 610 2622 ἴνα
640 2570 735 2624 κα)⁵
762 2571 791 2623 ὁ
824 2573 923 2642 τῆς
955 2572 1097 2625 κατά
1138 2575 1316 2645 σάρκα
1360 2577 1662 2648 γεννήσεως
1704 2578 1905 2647 τρόπος

326 2656 417 2710 τοῦ
444 2658 786 2727 Μονογενοῦς
808 2661 869 2713 τὸ
890 2663 1293 2734 ἀνεπίπληκτον
1323 2665 1441 2739 ἔχῃ,
1467 2669 1529 2721 οὐ
1564 2668 1701 2738 πρὸς
1733 2668 1906 2740 ῦπαρ,

327 2746 429 2813 ξιν,
460 2749 537 2812 ὡς
565 2750 722 2820 ἔφην,
769 2752 1104 2825 κεκλημένου
1138 2756 1428 2826 δευτέραν
1465 2759 1630 2823 αὐτὸς
1652 2761 1760 2830 γάρ
1788 2763 1908 2815 ἐστι

325 2839 431 2893 τῶν
456 2840 670 2895 αἰώνων
698 2844 743 2895 ὁη
770 2846 999 2915 ποιητής
1017 2861 1031 2875 ⁸
1075 2845 1269 2900 ἑαυτὸν
1309 2846 1367 2901 δὲ
1414 2849 1625 2918 μᾶλλον·
1648 2850 1905 2914 καθέντος

325 2929 685 3001 οἰκονομικῶς
710 2933 789 2996 είς
817 2933 1217 3006 ἀνθρωπότητα
1245 2936 1315 2989 δι’
1336 2938 1507 3007 ἡμᾶς,
1530 2939 1625 2991 καὶ
1656 2938 1783 3002 τοὺς
1806 2939 1904 3010 τῆς

326 3021 745 3093 ἀνθρωπότητος
772 3024 874 3076 οὐκ
903 3025 1269 3095 ἀτιμάσαντος
1301 3027 1519 3099 νόμους,
1562 3028 1815 3100 ἑλομένου
1848 3031 1915 3083 δὲ

2009 1936 2168 1991 simul
2221 1945 2278 1991 et
2331 1935 2399 1990 ad
2460 1947 2668 1992 certam
2715 1938 3267 2001 demonstrationem,
3320 1940 3436 2006 ipsa
3490 1952 3580 1993 res

2009 2042 2169 2093 verae,
2210 2027 2505 2083 secundum
2552 2029 2887 2101 hypostasim
2942 2031 3188 2101 inquam,
3238 2031 3473 2097 uniouis,
3524 2034 3584 2086 ut

2010 2116 2095 2170 illa
2140 2131 2356 2185 quoque
2390 2118 2684 2171 secundum
2729 2133 2950 2172 carnem
2990 2117 3260 2189 Unigeuiti
3301 2119 3583 2188 generatio

2010 2208 2429 2275 reprehensione
2457 2218 2637 2271 vacet,
2675 2225 2797 2263 cum
2838 2225 2942 2264 non
2976 2210 3043 2265 ad
3080 2212 3333 2274 alterum,
3364 2217 3421 2266 ut
3443 2211 3580 2276 dixi,

2008 2298 2219 2352 initium
2251 2297 2548 2352 exsistendi
2578 2299 2649 2351 sit
2684 2307 2943 2353 vocatus:
2982 2313 3107 2353 nam
3154 2299 3269 2367 ipse
3298 2306 3379 2354 est
3403 2313 3579 2355 saecu-

2008 2386 2412 2458 lowmopifex
2442 2392 2468 2442 :'
2495 2390 2589 2442 sed
2620 2388 2801 2458 potius
2833 2389 3074 2458 seipsum
3117 2399 3340 2459 propter
3378 2404 3476 2445 nos
3513 2389 3581 2444 ad

2008 2482 2400 2536 humanitatem
2450 2481 2751 2547 demiserit,
2787 2497 2961 2551 neque
2992 2481 3297 2551 neglexerit
3330 2482 3582 2537 humana

2006 2583 2213 2626 natura;
2266 2573 2435 2641 leges,
2475 2573 2569 2626 sed
2626 2584 2741 2625 una
2778 2582 2901 2626 eum
2954 2587 3117 2627 carne
3168 2571 3579 2641 generatiOuem

2006 2678 2223 2733 quoque
2247 2665 2427 2719 Carnis
2456 2664 2663 2718 habere
2691 2664 2940 2719 voluerit.
2973 2664 3084 2720 Hac
3108 2664 3317 2719 ratione
3346 2662 3581 2719 dicimus

2007 2757 2207 2811 factum
2234 2772 2356 2810 esse
2380 2757 2676 2809 secundum
2712 2770 2936 2810 carnem
2963 2770 3086 2810 eum
3121 2756 3211 2826 qui
3244 2770 3459 2825 semper
3496 2762 3584 2811 est

2007 2863 2128 2902 cum
2173 2846 2333 2902 Patre
2355 2847 2420 2901 ’Ξ
2459 2846 2550 2901 Sic
2601 2860 2832 2916 namque
2866 2847 3140 2901 damnavit
3190 2854 3471 2916 peccatum
3524 2843 3579 2898 in

2004 2937 2261 3001 carne”,
2305 2946 2361 2992 et
2402 2936 2672 2991 destruxit
2727 2937 2779 2990 in
2837 2935 2992 2992 nobis
3045 2936 3237 2990 mortis
3289 2934 3576 3005 imperium

2006 3029 2176 3082 nostri
2232 3026 2428 3083 similis
2477 3026 2742 3092 factus",
2795 3025 2886 3082 ille
2927 3028 3017 3097 qui
3069 3026 3345 3081 nesciebat
3389 3039 3582 3095 pecea—

330 3114 533 3185 μᾶλλον
564 3115 704 3184 μετά
723 3116 831 3187 τῆς.
856 3116 1059 3188 σαρκὸς
1091 3118 1184 3171 καὶ
1215 3119 1315 3189 τὴν
1346 3119 1447 3189 τῆς
1477 3121 1679 3191 σαρκὸς
1712 3122 1904 3192 γέννη-

2011 3127 2119 3171 tum
2146 3118 2213 3182 ",
2260 3117 2314 3170 in
2342 3132 2466 3186 quo
2486 3117 2740 3184 vivimus,
2790 3124 2844 3172 et
2876 3132 3175 3182 movemur,
3203 3122 3260 3171 et
3296 3130 3483 3171 sumus
3504 3115 3573 3169 “.

329 3224 432 3269 σιν,
459 3207 533 3273 ὡς
559 3208 717 3273 ἰδίαν,
735 3208 899 3279 ἔχειν.
918 3209 1186 3282 Ταύτῃτοί
1211 3228 1391 3282 φαμεν
1410 3211 1741 3283 γεγενῆσθαι
1764 3214 1906 3268 κατά

2011 3210 2065 3279 6
2090 3210 2194 3265 Sed
2234 3209 2416 3264 nescio
2460 3209 2731 3278 quomodo
2767 3208 3007 3263 nonnulli
3044 3207 3352 3277 dogmatum
3399 3206 3582 3262 Eccle-

329 3299 530 3370 σάρκα,
553 3301 646 3352 τὸν
682 3300 770 3353 ἀεὶ
814 3302 1229 3372 συνυπάρχοντα
1261 3303 1338 3373 τῷ
1370 3305 1577 3377 Ιῐατρί..
1597 3306 1905 3376 Κατέκρινε

327 3390 435 3460 γάρ
457 3390 598 3444 οὕτω
623 3392 722 3461 τὴν
751 3392 1026 3464 ἁμαρτίαν
1050 3396 1107 3447 ὲν
1127 3398 1194 3464 τῇ
1221 3396 1407 3466 σαρκὶ,
1432 3396 1525 3448 καὶ
1553 3397 1907 3467 κατήργηκεν

327 3485 387 3536 ὲν
413 3486 547 3554 ἡμῖν
578 3484 670 3537 τοῦ
704 3485 940 3539 θανάτου,
966 3486 1028 3539 τὸ
1058 3488 1278 3557 κράτος,
1321 3487 1441 3541 καθ’
1469 3490 1616 3559 ἡμᾶς
1646 3491 1905 3558 γεγονὼς,

327 3578 356 3628 ὁ
392 3576 467 3645 μὴ
492 3574 649 3639 εἰδὼς
677 3579 1025 3648 ἀμαρτίαν,ὀ
1056 3580 1113 3631 ἑν
1136 3571 1180 3646 ᾧ
1212 3580 1414 3650 ζῶμεν,
1450 3582 1545 3633 καὶ
1588 3581 1918 3652 κινούμεθα,

330 3669 422 3720 καὶ
448 3669 633 3738 ἐσμέν.
662 3669 937 3722 Ἀλλ”οῦκν
956 3665 1216 3735 οἷδ’ὃπως
1237 3672 1483 3725 ἀδικοῦσί
1504 3690 1647 3737 τινες
1672 3675 1780 3727 τῶν
1806 3673 1905 3743 τῆς

342 3759 670 3831 Ἐκκλησίας
698 3761 988 3831 δογμάτων
1016 3762 1076 3814 τὸ
1115 3761 1409 3834 ἱερώτατον
1441 3763 1654 3830 κάλλος,
1690 3765 1784 3819 καὶ
1807 3764 1908 3835 τὴν

327 3852 491 3919 ἁγίαν
548 3870 605 3904 τε
664 3854 759 3907 καὶ
813 3853 1088 3921 πάναγνον
1132 3854 1405 3925 ρυτιδοῦσι
1466 3856 1765 3925 Παρθένον,
1825 3858 1907 3921 είς

326 3944 536 4014 ἀκαλλῆ
568 3944 875 4016 σαθρότητα
899 3946 1010 3999 τῶν
1049 3947 1195 3999 ίδίων
1216 3948 1351 4019 αὐτῇ
1377 3946 1490 4019 [ἷσ.
1514 3948 1721 4022 αὐτὴν]Δ
1740 3967 1907 4003 κατα-

328 4037 647 4107 κομίζοντες
672 4038 914 4103 ὲννοιῶν,
937 4039 1031 4091 καὶ
1054 4038 1226 4105 ξένων
1249 4041 1384 4109 ἡμῖν
1424 4040 1556 4111 εὑρη
1567 4039 1753 4110 μάτων
1785 4043 1908 4095 ὲπι-

326 4126 653 4197 τειχίζοντες
680 4129 1177 4201 ὅχλον.Γράφονται
1203 4132 1301 4201 μὲν
1330 4133 1459 4202 γὰρ,
1481 4133 1557 4196 ὡς
1583 4131 1743 4203 νόθην
1764 4133 1904 4195 τινὰ,

329 4220 431 4272 καὶ
442 4220 544 4271 οὐκ
569 4220 775 4288 εὐφυᾶ,
793 4220 992 4289 μᾶλλον
1019 4221 1077 4274 δὲ
1103 4221 1179 4284 ὠς
1208 4221 1353 4290 πέρα
1373 4222 1573 4285 παντὸς
1600 4221 1785 4275 ἰοῦσαν
1812 4222 1923 4276 τοῦ-ν

329 4313 660 4385 καθήκοντος
674 4314 958 4384 λόγου,τὴν
977 4316 1261 4381 Θεοτόκος
1275 4315 1481 4385 φωνὴν,
1500 4315 1566 4386 ἢν
1587 4316 1679 4369 ἐπὶ
1694 4316 1760 4387 τῇ
1777 4316 1908 4386 ἁγίᾳ

330 4406 593 4478 Παρθένῳ
620 4406 1039 4461 συντεθείκασιν-
1063 4409 1113 4460 οἱ
1149 4407 1255 4480 πρὸ
1279 4407 1435 4478 ἡμῶν
1465 4409 1610 4476 ἅγιοι
1632 4407 1902 4479 Πατέρες”

2010 3301 2105 3355 sia:
2132 3299 2566 3354 sacratissimum
2606 3298 2857 3354 decorem
2896 3297 3122 3363 violant,
3167 3307 3221 3353 et
3258 3306 3499 3353 sanctam
3525 3304 3583 3353 et

2010 3402 2215 3448 castam
2277 3390 2548 3460 Virginem
2604 3392 2753 3462 rugis
2801 3392 3108 3456 maculant,
3149 3392 3273 3446 dum
3328 3391 3472 3445 illam
3523 3389 3579 3445 iu

2012 3494 2224 3553 turpem
2274 3497 2495 3537 suorum
2542 3497 2798 3537 sensuum
2836 3482 3154 3537 inanitatem
3202 3481 3495 3546 deduCunt,
3528 3494 3583 3535 et

2011 3591 2272 3631 novorum
2322 3585 2754 3630 commentorum
2810 3576 3026 3630 turbam
3078 3575 3234 3630 nobis
3274 3574 3429 3645 quasi
3463 3590 3582 3630 mu-

2010 3686 2128 3725 rum
2171 3671 2455 3739 objiciunt.
2507 3669 2639 3724 Nam
2687 3682 2876 3726 vocem
2919 3671 3077 3735 hanc,
3124 3670 3376 3740 Deipara,
3417 3684 3579 3739 quam

2009 3761 2181 3817 sancti
2216 3762 2384 3818 nostri
2416 3761 2603 3817 Patres
2644 3762 2709 3815 ad
2760 3770 3007 3816 sanctam
3033 3759 3309 3832 Virginem
3343 3761 3582 3817 cohone-

2011 3856 2262 3911 standam
2324 3865 2766 3926 composuerunt,
2816 3864 3071 3925 tanquam
3119 3855 3335 3910 uotham
3375 3868 3428 3909 et
3475 3853 3581 3909 mi-

2009 3947 2156 4002 nime
2183 3947 2496 4018 ingenuam,
2530 3946 2644 4001 rimo
2685 3960 2811 4001 vero
2842 3948 3002 4018 longe
3046 3962 3073 3999 a
3123 3945 3460 4002 convenienti
3497 3961 3583 4001 ra-

2009 4041 2155 4094 tione
2176 4051 2439 4095 remotam
2469 4050 2765 4105 accusant;
2789 4050 3065 4109 unumque
3095 4040 3377 4096 Dominum
3393 4039 3581 4096 Iesum

2008 4129 2288 4186 Christum
2342 4132 2570 4186 seorsim
2616 4130 2995 4201 distinguunt,
3048 4129 3103 4185 in
3157 4131 3399 4200 duosque
3445 4131 3583 4187 divi-

2009 4221 2145 4276 dunt
2198 4222 2337 4277 ﬁlios
2382 4223 2685 4277 :attieruut
2730 4223 2893 4278 etiam
2938 4236 2969 4276 a
3020 4221 3131 4278 Deo
3174 4222 3353 4277 Verbo
3399 4222 3585 4278 carnis

2010 4313 2316 4384 passiones,
2347 4314 2595 4382 quamvis
2619 4313 2726 4384 pati
2759 4313 2905 4368 illum
2938 4313 2990 4368 in
3021 4314 3236 4384 propria
3266 4323 3458 4370 natura
3478 4328 3584 4384 qua

2013 4404 2152 4460 Deus
2202 4404 2550 4475 intelligitur,
2597 4418 2666 4458 ne
2726 4418 2824 4458 nos
2880 4404 3098 4475 quidem
3153 4405 3430 4470 dicamus,
3489 4404 3585 4460 sed

329 4499 563 4553 διιστᾶσι
595 4498 653 4552 δὲ
676 4498 969 4571 ἀνὰμέρος
990 4498 1281 4571 τέμνοντες
1310 4501 1391 4564 είς
1420 4501 1570 4564 υἱοὺς
1590 4500 1685 4555 δύο
1704 4500 1794 4555 τὸν
1815 4501 1908 4554 ἕνα

2016 4496 2193 4567 potius
2217 4496 2283 4549 ad
2321 4496 2494 4565 ipsum
2536 4509 2640 4549 una
2692 4510 2813 4549 cum
2856 4508 3020 4550 carne
3052 4494 3331 4565 passiones
3371 4510 3585 4565 quoque

332 4592 541 4663 Κύριον
575 4591 784 4661 Ἰησοῦν
799 4592 1420 4663 Χριστ6ν’·ἀποφέρουσι
1446 4592 1503 4645 δὲ
1539 4592 1632 4646 καὶ
1659 4592 1753 4647 τοῦ
1774 4592 1909 4647 Θεοῦ

334 4686 506 4753 Λόγου
524 4684 595 4738 τά
608 4686 705 4755 τῆς
722 4685 922 4755 σαρκὸς
937 4685 1287 4755 πάθη,καίτοι
1304 4685 1495 4738 παθεῖν
1510 4685 1669 4739 αὐτὸν
1680 4685 1911 4748 είςίδίαν

330 4775 402 4847 φῦ
412 4793 511 4838 σιν,
529 4776 663 4829 καθὸ
685 4778 882 4829 νοεῖται
906 4776 1058 4840 Θεὸς,
1079 4776 1197 4829 οὐδὲ
1221 4778 1379 4847 ἡμῶν
1396 4778 1711 4848 εἰρηκότων·
1728 4779 1904 4832 ἀνατι-

330 4867 532 4920 θέντων
554 4866 611 4918 δὲ
646 4866 845 4935 μᾶλλον
884 4866 1033 4935 αὐτῷ
1064 4865 1206 4934 μετά
1236 4865 1337 4935 τῆς
1382 4865 1586 4936 σαρκὸς
1627 4866 1721 4919 καὶ
1742 4865 1811 4919 τὰ
1836 4868 1909 4938 τῇ

330 4960 496 5031 σαρκὶ
525 4957 910 5027 συμβεϐηκότα
936 4955 1105 5026 πάθη,
1143 4956 1229 5008 ἵνα
1254 4957 1350 5009 καὶ
1382 4955 1542 5020 αὐτὸς
1574 4957 1907 5028 ὁμολογῆται

328 5051 556 5119 Σωτήρ·
595 5047 673 5117 τῷ
694 5048 803 5118 γὰρ
836 5046 1062 5115 μώλωπι
1097 5046 1262 5101 αὐτοῦ
1293 5048 1452 5119 ἡμεῖς
1486 5047 1737 5118 ἰάθημεν,
1768 5049 1909 5100 κατά

328 5141 389 5194 τὸ
417 5140 804 5210 γεγραμμένον
828 5156 842 5169 ·
885 5140 979 5191 καὶ
1031 5139 1435 5210 μεμαλάκισται
1493 5140 1590 5210 μὲν
1624 5139 1786 5203 αὐτὸς
1818 5139 1906 5193 διὰ

329 5236 428 5291 τὰς
458 5231 730 5301 ἁμαρτίας
758 5232 935 5302 ἡμῶν,
966 5232 1145 5284 καίτοι
1175 5230 1269 5283 τοῦ
1304 5230 1498 5284 παθεῖν
1539 5231 1632 5285 τὸν
1671 5229 1907 5300 μαλακι-

335 5324 470 5392 σμὺν
501 5322 850 5385 ἁνεπίδεκτος
883 5320 987 5375 ὼν·
1030 5319 1353 5391 σεσώσμεθα
1377 5320 1436 5374 δὲ
1465 5321 1631 5392 ἡμεῖς
1652 5320 1743 5373 τὸν
1766 5320 1907 5392 ὑπὲρ

333 5412 491 5481 ἡμῶν
520 5412 883 5475 ἀναλαϐόντος
934 5412 1162 5467 θάνατον
1190 5410 1280 5464 διά
1329 5410 1424 5463 τοῦ
1470 5409 1600 5464 ίδίου
1632 5411 1906 5482 σώματος.

335 5505 682 5576 Πειράσομαι
715 5505 772 5558 δὲ
823 5504 970 5575 ειπερ
1003 5504 1140 5573 έφην
1176 5502 1440 5570 ἐπιδεῖξαι
1499 5504 1706 5574 σαφῶς.
1749 5504 1909 5558 Ἀναο

408 5711 449 5740 ’ί
473 5710 648 5764 Galat.
674 5723 745 5765 Iv.
779 5707 833 5760 4.
910 5704 1012 5759 “ll
1038 5705 1159 5757 Cor.
1183 5702 1367 5763 vm,9.
1444 5704 1490 5733 ³³
1518 5700 1673 5759 Rom.
1699 5716 1773 5766 vr,
1806 5701 1837 5757 4
1877 5722 1889 5769 ;

2011 5707 2115 5758 lies.
2150 5721 2209 5768 ιι,
2235 5707 2285 5759 ti.
2365 5706 2411 5738 ³⁸
2440 5704 2593 5758 Rom.
2627 5719 2666 5767 ι,
2695 5705 2750 5759 5.

1151 5774 1193 5803 ’⁸
1226 5775 1345 5827 Act.
1380 5787 1508 5840 xvii,
1549 5771 1637 5827 28.
1718 5774 1761 5805 "
1788 5774 1891 5830 lsa.
1932 5790 2051 5841 Lm,
2080 5774 2113 5830 5
2149 5792 2162 5842 ;
2202 5774 2392 5831 Matth.
2421 5791 2543 5841 vm,
2573 5774 2655 5830 l7.

338 5795 397 5845 Il,
436 5780 518 5835 Η.
598 5781 639 5812 ’⁷
668 5778 711 5833 ll
744 5780 869 5834 ουτ.
903 5792 955 5843 v,
992 5777 1079 5829 2i.

2016 4589 2198 4643 carnis
2249 4587 2584 4653 referamus,
2643 4595 2705 4640 ut
2747 4587 2923 4657 ipsum
2980 4594 3195 4656 quoqtte
3248 4586 3581 4642 Salvatorem

2015 4680 2569 4734 conﬁteamurznam
2624 4677 2740 4749 ejus
2790 4676 2962 4733 livore
3008 4678 3184 4733 sanati
3237 4693 3465 4744 smnus,
3526 4687 3584 4732 ut

2015 4771 2278 4839 scriptum
2314 4777 2400 4826 est
2422 4770 2493 4833 ’⁸,
2520 4778 2575 4823 et
2604 4769 2909 4825 inﬁrmatus
2945 4779 3030 4824 est
3059 4770 3178 4838 ipse
3206 4778 3426 4839 propter
3456 4783 3586 4839 pee-

2014 4871 2144 4918 eala
2164 4870 2374 4928 nostra,
2402 4861 2650 4928 quamvis
2677 4859 2899 4915 minime
2929 4875 3099 4930 capax
3131 4871 3273 4915 esset
3300 4859 3585 4914 inﬁrmita-

2019 4953 2091 5007 tis
2118 4968 2131 5004 :
2163 4964 2368 5020 nosque
2404 4949 2596 5005 salvati
2637 4965 2825 5005 sumus
2859 4950 2983 5004 dum
3034 4949 3120 5003 ille
3149 4963 3245 5017 per
3274 4963 3429 5002 suum
3459 4965 3584 5003 cor-

2014 5059 2115 5112 pus
2148 5053 2374 5097 mortem
2408 5050 2650 5096 nostram
2690 5042 2951 5109 suscepit.
2980 5039 3234 5095 Couabor
3269 5041 3436 5107 igitur
3465 5056 3586 5110 qua:

2014 5136 2122 5189 dixi
2154 5135 2311 5206 plane
2356 5144 2684 5190 monstrare.
2737 5134 2854 5189 Jam
2900 5135 3044 5189 enim
3091 5133 3208 5205 ejus
3252 5135 3342 5203 qui
3386 5135 3582 5190 librum

2013 5228 2367 5297 conscripsit,
2418 5242 2581 5283 voces
2622 5227 2908 5282 recitabo:
2940 5237 2995 5282 et
3045 5229 3225 5296 priore
3279 5226 3399 5281 loco
3449 5241 3587 5296 quas

2014 5318 2223 5387 eﬂ‘udit,
2259 5319 2389 5374 dum
2419 5333 2633 5388 vocem,
2657 5317 2908 5386 Deipara,
2952 5318 3243 5374 immodice
3283 5319 3579 5390 reprehen-

2015 5411 2190 5467 deret.
2230 5410 2335 5466 Sed
2366 5411 2490 5481 quia
2526 5424 2690 5479 saape,
2729 5426 2851 5466 cum
2886 5410 3076 5465 eadem
3119 5408 3354 5465 inculcat
3397 5409 3582 5472 verba,

2020 5518 2119 5559 nos
2153 5518 2368 5574 quoque
2411 5505 2502 5586 qui
2556 5504 2631 5560 illi
2667 5503 3043 5569 adversamur,
3072 5503 3290 5558 easdem
3340 5508 3586 5571 repetere

2827 5705 2871 5737 ³⁸
2893 5704 3050 5761 Rom.
3076 5721 3190 5773 vm,
3214 5707 3266 5761 5.
3346 5708 3389 5739 ³⁸
3419 5706 3581 5763 ilcbr.
