4054 6332
467 366 532 422 ‘19
1445 369 1503 426 S.
1544 367 1816 426 CYRILLI
1853 365 2320 425 ALEXANDRINI
2357 369 2672 428 AllClllEP.
2887 366 2892 373 ’
3637 359 3714 417 ιιο

467 487 763 543 sententias
781 502 1000 544 necesse
1031 495 1132 550 est,
1168 488 1310 555 date,
1344 487 1590 552 obsecro,
1618 488 1774 544 nobis
1795 489 2030 552 veniam,

2142 489 2423 561 γνώσομαι
2449 493 2560 562 γὰρ
2583 492 2682 562 ἤδη
2710 489 2806 554 τάς
2829 490 2921 544 τοῦ
2947 488 3007 542 τὸ
3045 487 3243 559 βιϐλίον
3275 482 3712 554 συγγεγραφότος

465 578 555 646 (ιυί
588 594 692 634 non
734 591 922 649 sponte
947 582 1012 634 ad
1048 580 1209 634 verba
1252 578 1438 632 eadem
1475 579 1718 633 iteranda
1759 579 2026 644 venimus,

455 670 560 730 sed
603 686 920 740 quacunque
969 673 1111 725 illius
1145 673 1430 726 verborum
1469 685 1666 740 scopns
1697 672 1892 740 pergit,
1929 671 2027 726 ibi-

464 760 586 814 dem
617 761 691 814 illi
736 763 1124 816 occurrendum
1156 776 1276 816 esse
1314 762 1678 816 decrevimus.
1728 762 1819 818 Sic
1865 763 2028 833 igitur

465 849 744 905 dixitcum
781 868 963 906 vocem
1002 852 1144 905 illam
1195 851 1524 921 improbaret
1575 854 1627 907 in
1676 863 1858 908 sancta
1907 853 2029 908 Vir-

465 943 607 1012 gine,
633 943 880 1014 Deipara,
908 946 1121 1015 inquam
1157 963 1170 998 :

2147 582 2330 651 φωνάς
2352 599 2366 610 ·
2399 583 2491 637 καὶ
2525 583 2631 653 πρό
2659 599 2722 651 γε
2744 581 2852 635 τῶν
2881 581 3054 635 ἄλλων
3077 579 3313 640 ὲκείνας,
3347 575 3403 628 αἳ
3429 573 3718 642 γεγόνασιν

2138 673 2307 744 αὐτῷ,
2340 673 2439 742 τῆς
2468 675 2751 739 Θεοτόκος
2783 674 2963 744 φωνῆς
2991 673 3050 726 ού
3085 671 3317 743 μετρίως
3341 664 3708 736 κατειρηκότι.

2151 765 2366 835 Ἐπειδὴ
2398 765 2454 817 δὲ
2485 765 2797 828 πλειστάκις
2823 763 2909 816 διά
2939 763 3048 817 τῶν
3079 760 3490 831 αὖτῶνέρχεται
3514 757 3711 824 λόγων,

2133 856 2626 926 ἀντανισταμένους
2640 856 2695 907 δὲ
2711 855 2806 908 καὶ
2824 855 2971 925 ἡμᾶς
2981 853 3070 908 διὰ
3089 853 3194 907 τῶν
3211 850 3389 906 αὐτῶν
3408 849 3542 902 ἰέναι
3563 845 3714 899 πλει-

2143 949 2331 1011 στάκις
2363 946 2602 1008 ἐννοιῶν,
2627 946 3077 1014 ἁναγκαῖον,δότε
3105 945 3192 1014 δὴ,
3211 943 3328 996 δότε
3355 936 3711 1018 συγγνώμηνν

462 1033 528 1093 οὗ
558 1038 873 1089 ταυτοεπεῖν
898 1037 1212 1107 ᾑρημένοις,
1236 1037 1350 1089 ἀλλ’
1377 1031 1520 1109 ᾗπερ
1548 1038 1614 1091 ἂν
1644 1041 1713 1092 ίοι
1743 1039 1850 1092 τῶν
1880 1038 2090 1092 ἐκείνου
2117 1037 2292 1107 λόγων
2322 1041 2351 1091 ὁ
2381 1038 2601 1101 σκοπὸς,
2632 1037 2806 1109 ταύτῃ
2827 1037 2919 1090 καὶ
2953 1037 3082 1108 ἡμῖν
3111 1032 3496 1106 ἀντιφέρεσθαι
3515 1033 3624 1084 δεῖν
3647 1025 3709 1085 εὖ

469 1126 616 1195 μάλα
653 1128 1019 1197 διεγνωκόσιν.
1048 1129 1190 1199 Ἔφη
1229 1130 1408 1182 τοίνυν
1442 1130 1558 1196 ὡδὶ,
1587 1129 1683 1200 τὴν
1729 1129 1819 1183 ἐπί
1859 1147 1923 1198 γε
1955 1133 2024 1202 τῇ
2064 1131 2196 1202 ἁγία
2228 1129 2492 1203 Παρθένῳ
2554 1128 3028 1202 κατακιϐδηλεύων
3096 1128 3301 1198 φωνὴν,
3343 1126 3486 1195 φημὶ
3528 1123 3584 1176 δὲ
3609 1121 3709 1192 τὴν

468 1219 772 1284 Θεοτόκος.

535 1309 778 1364 Νεετοιι.
804 1310 1000 1382 [δέρω.
1028 1310 1224 1381 inquit,
1248 1313 1370 1371 illos
1385 1314 1563 1384 rogavi
1585 1315 1698 1384 (eos
1720 1315 1924 1370 scilicet
1945 1315 2032 1382 qui

465 1396 564 1466 ipsi
589 1401 1075 1470 contradicebant),
1100 1401 1236 1454 Num
1265 1402 1526 1456 Deitatem
1551 1403 1731 1458 dicitis
1754 1420 1821 1457 ex
1845 1414 2033 1457 saneta

466 1488 689 1560 Virgine
722 1492 945 1545 natam?
973 1492 1049 1545 Ad
1081 1493 1195 1548 brec
1223 1495 1385 1549 verba
1429 1495 1573 1549 illico
1605 1495 1891 1549 resiliunt:
1927 1493 2032 1547 Ee-

465 1583 606 1652 quis,
657 1582 928 1650 inquinnt,
977 1584 1128 1638 tanto
1162 1584 1512 1654 blasphemia:
1557 1586 1746 1640 morbo
1794 1585 2026 1650 laborat,

471 1683 527 1726 ut
557 1689 678 1742 qua:
715 1676 972 1744 templum
1019 1678 1225 1746 genuit,
1262 1677 1496 1746 Spiritus
1537 1679 1710 1733 sancti
1759 1694 1942 1744 opera,
1979 1679 2031 1732 in

2206 1312 2554 1386 [Ἦρώτησα.
2586 1309 2740 1378 φησὶ,
2780 1307 3036 1369 πολλάκις
3077 1305 3275 1367 αὖτοὺς
3318 1303 3496 1373 (δῆλον
3535 1303 3591 1357 δὲ
3628 1304 3712 1360 ὅτι

2134 1406 2258 1466 τοὺς
2289 1401 2666 1468 ἀντιλέγοντας
2685 1397 2891 1467 «acarn-
2909 1396 3027 1467 Τὴν
3055 1395 3288 1463 θεότητα
3306 1393 3492 1460 λέγετε
3519 1410 3711 1462 γεγεν-

2139 1495 2336 1563 νῆσθαι
2370 1494 2434 1545 ὲκ
2461 1495 2560 1562 τῆς
2595 1489 2756 1558 ἁγίας
2789 1487 3107 1559 Παρθένου;
3146 1483 3521 1554 Ἀποπηδῶσιν
3550 1485 3711 1548 εὐθὺς

2141 1586 2276 1656 πρὸς
2302 1583 2363 1637 τὸ
2393 1583 2542 1654 ῥῆμα
2564 1598 2578 1612 ’
2608 1581 2716 1633 Καὶ¹
2743 1579 2850 1642 τίς,
2874 1577 3030 1647 φασὶ,
3062 1575 3330 1644 τοσαύτην
3363 1573 3711 1645 βλασφημίαν

2140 1677 2304 1737 νοσεῖ,
2336 1673 2474 1726 ὥστε
2508 1670 2722 1740 ἐκείνην
2761 1669 2858 1738 τὴν
2884 1667 3222 1737 γεννήσασαν
3253 1665 3343 1716 τὸν
3373 1663 3498 1716 ναὸν
3531 1662 3718 1730 λέγεινι

516 1725 523 1726 ,
1021 1725 1225 1746 ηψπ,
1263 1725 1494 1746 τμη.--
1763 1725 1942 1744 Vw",

465 1777 527 1816 ea
561 1762 726 1817 Deum
763 1765 933 1833 ipsum
965 1775 1204 1819 creatum
1235 1767 1419 1821 dicat!
1451 1767 1650 1822 Deinde
1679 1784 1801 1822 cum
1827 1769 1891 1822 ad
1921 1770 2033 1823 haec

2142 1763 2291 1834 παρὰ
2315 1762 2409 1816 τοῦ
2459 1759 2776 1830 Πνεύματος
2804 1757 2895 1810 τὸν
2936 1756 3068 1808 Θεὸν
3110 1756 3168 1807 ὲν
3214 1754 3399 1824 ἐκείνη
3431 1753 3708 1819 ὲκτίσθαις

469 1854 696 1923 subjieio
737 1874 750 1908 :
789 1857 924 1923 Quid
967 1858 1128 1926 igitur
1157 1859 1392 1914 absurde
1419 1859 1615 1912 dicitur
1645 1875 1673 1912 a
1705 1860 1878 1922 nobis,
1910 1875 2030 1914 cum

467 1959 653 1999 vocem
684 1947 823 2000 banc
857 1947 1051 2003 efferre
1084 1948 1297 2017 quidem
1327 1950 1634 2013 suademus,
1667 1951 1758 2003 sed
1788 1951 1852 2003 ad
1883 1965 2030 2003 com-

466 2050 632 2088 mune
676 2036 886 2092 duabus
937 2039 1148 2092 naturis
1195 2039 1550 2108 signiﬁcatum
1597 2039 1860 2108 pergere?
1897 2037 2032 2092 Tum

466 2139 597 2179 vero
624 2135 812 2193 putant
861 2127 1238 2196 blasphemnm
1274 2141 1394 2180 esse
1440 2127 1584 2194 quod
1627 2128 1858 2181 dicimus
1887 2145 1899 2180 :
1928 2127 2034 2180 Aut

466 2225 650 2285 aperte
688 2219 948 2273 confitere
976 2219 1316 2272 divinitatem
1355 2231 1420 2271 ex
1467 2219 1621 2272 beata
1670 2217 1838 2273 Maria
1883 2219 2034 2289 geni-

470 2315 600 2370 tam,
631 2318 723 2360 aut
758 2308 802 2362 si
849 2319 906 2362 ut
940 2308 1306 2378 blaspliemam
1339 2309 1480 2380 fugis
1511 2310 1653 2364 hanc
1684 2323 1895 2372 vocem,
1937 2324 2034 2364 cur

465 2398 558 2466 qui
591 2399 776 2453 eadem
802 2409 965 2471 atque
988 2413 1088 2470 ego
1111 2401 1268 2466 dicis,
1299 2409 1352 2456 te
1377 2401 1519 2456 haud
1549 2402 1728 2456 dicere
1748 2401 1970 2456 simulas
1987 2399 2032 2472 ί]

537 2573 588 2642 7
616 2572 753 2644 Ergo
777 2591 838 2630 ex
873 2576 957 2630 bis
977 2591 1097 2644 quae
1127 2576 1464 2645 dicis,atque
1494 2575 1656 2630 etiam
1687 2575 1875 2630 nescio
1898 2590 2035 2644 quo-

465 2665 626 2718 modo
659 2667 997 2720 sentiendum
1026 2676 1207 2737 putas,
1237 2667 1304 2722 de
1337 2668 1403 2722 iis
1426 2668 1519 2737 qui
1548 2673 1736 2723 contra
1761 2668 2030 2732 sentiunt,

467 2765 654 2824 aperte
679 2758 1044 2812 testimonium
1083 2759 1259 2814 fertur
1287 2760 1449 2814 etiam
1487 2769 1591 2815 tua:
1617 2760 1766 2814 vocis
1812 2760 2033 2813 confes-

467 2847 636 2912 sione,
664 2858 862 2926 rectam
886 2850 1004 2904 illos
1029 2866 1092 2906 ac
1117 2867 1300 2906 veram
1332 2851 1657 2908 sententiam
1693 2853 1760 2906 de
1786 2861 2029 2906 nostrum

466 2939 703 2992 omnium
736 2927 1247 2998 SalvatoreChristo
1272 2954 1476 3008 tenere,
1505 2954 1561 2997 et
1583 2943 1744 2997 fidem
1775 2943 1825 2997 in
1852 2943 2032 2996 animo

2136 1851 2268 1908 Εἶτα
2294 1856 2422 1907 ὅταν
2444 1850 2710 1919 ἐπαγάγω
2736 1848 2872 1919 πρὸς
2893 1846 3088 1913 ταῦτα,
3115 1845 3181 1898 Τί
3210 1840 3300 1898 οὖν
3328 1845 3527 1898 ἄτοπον
3553 1846 3713 1914 ἡμεῖς

2134 1945 2364 2016 λέγομεν
2391 1941 2853 2014 συμβουλεύοντες
2879 1938 3057 2007 λέγειν
3088 1937 3188 2008 τὴν
3220 1937 3424 2008 φωνὴν,
3454 1937 3547 1990 καὶ
3568 1935 3716 2006 ἔρχε-

2137 2038 2260 2090 σθαι
2298 2037 2392 2089 ἐπὶ
2427 2035 2488 2089 τὸ
2531 2034 2706 2088 κοινὸν
2757 2031 3154 2103 σημαινόμενον
3183 2030 3289 2083 τῶν
3338 2029 3432 2082 δύο
3461 2029 3718 2097 φύσεωνῖ

2134 2130 2268 2184 Τότε
2302 2127 2582 2199 νομίζεται
2619 2127 2803 2189 αὐτοῖς
2842 2120 2981 2178 εῖναι
3031 2123 3346 2193 βλάσφημον
3389 2121 3448 2174 τὸ
3488 2121 3714 2192 λεγόμε‹

2133 2235 2252 2275 νον⁶
2295 2221 2366 2274 Ἦ
2397 2218 2731 2290 ὁμολόγησον
2763 2215 2951 2286 σαφῶς
2981 2213 3210 2282 θεότητα
3257 2211 3612 2282 γεγεννῆσθαι
3647 2212 3718 2266 ἐκ

2134 2313 2236 2384 τῆς
2273 2311 2554 2383 μακαρίας
2609 2309 2852 2380 Μαρίας,
2907 2307 2940 2378 ἦ
2999 2307 3215 2375 φεύγων
3265 2304 3340 2367 ὡς
3391 2303 3713 2374 βλάσφημον

2133 2406 2234 2475 τὴν
2285 2401 2490 2474 φωνὴν,
2539 2399 2594 2454 τί
2634 2399 2704 2454 τὰ
2741 2399 2883 2454 αὐτά
2918 2415 3008 2469 μοι
3058 2396 3268 2465 λέγων,
3323 2394 3591 2467 ὑποκρίνῃ
3636 2393 3720 2466 μὴ

2133 2493 2315 2562 λέγειν
2329 2490 2368 2564 ς]

2205 2583 2414 2639 Οὐκοῦν
2456 2579 2536 2646 οἷς
2580 2579 2716 2650 ἔφης
2762 2577 2942 2641 αὐτὸς,
2972 2575 3066 2629 καὶ
3105 2574 3210 2645 μὴν
3240 2572 3335 2627 καὶ
3364 2573 3577 2644 φρονεῖν
3615 2570 3724 2624 οὐκ*

2134 2674 2227 2732 οἷδ’
2260 2677 2410 2738 ὅπως
2451 2673 2644 2738 ἀξιοῖς,
2671 2671 2724 2725 οἱ
2753 2670 2822 2723 τά
2851 2667 3064 2722 ἐναντία
3111 2664 3446 2731 δοξάζοντες,
3493 2678 3712 2736 μεμαρ-

2133 2765 2395 2837 τύρηνται
2443 2761 2629 2832 σαφῶς
2661 2761 2755 2814 καὶ¹
2794 2759 2880 2813 διά
2913 2759 3011 2829 τῆς
3049 2757 3148 2827 σῆς
3173 2754 3380 2824 φωνῆς,
3412 2753 3580 2824 ὀρθὴν
3620 2752 3720 2804 καὶ

2135 2856 2548 2924 ἀπλανεστάτην
2579 2853 2678 2924 τὴν
2716 2850 2808 2905 ἐπί
2835 2868 2900 2919 γε
2941 2849 3022 2920 τῷ
3069 2849 3288 2902 πάντων
3314 2845 3470 2914 ἡμῶν
3503 2844 3714 2914 Σωτῆρι

2136 2947 2375 3019 Χριστῷ,
2406 2943 2714 3015 ποιούμενοι
2767 2941 2959 3009 δόξαν,
2996 2941 3091 2994 καὶ
3141 2941 3322 2990 πίστιν
3367 2935 3578 3005 ἔχοντες
3635 2937 3725 2997 είς

467 3028 686 3093 habere,
719 3046 879 3099 quam
917 3033 951 3086 ii
985 3034 1076 3104 qui
1113 3035 1180 3088 ab
1216 3035 1373 3090 initio
1396 3035 1494 3104 ipsi
1531 3036 1810 3100 viderunt,
1841 3043 1894 3088 et
1925 3033 2032 3088 mi-

2142 3039 2280 3103 νοῦν,
2299 3039 2365 3108 ἣν
2383 3039 2500 3099 ταῖς
2525 3033 2874 3104 Ἐκκλησίαις
2898 3029 3342 3102 παραδεδώκασιν
3363 3031 3409 3080 οἱ
3429 3028 3522 3080 ἀπ’
3543 3027 3717 3096 ἀρχῆς

468 3118 622 3174 nistri
648 3119 865 3176 fuerunt
896 3125 1185 3188 sermonis,
1209 3127 1627 3195 divinorumque
1648 3125 2030 3196 mysteriorum

468 3225 776 3269 nostrorum
807 3219 1115 3272 sacerdotes
1157 3218 1670 3286 dispensatoresqne
1712 3215 1894 3269 fideles
1927 3215 2032 3268 Ec-

468 3305 646 3360 clesiis
675 3307 1014 3361 tradiderunt
1050 3309 1115 3362 ³⁰.
1149 3308 1279 3362 Jure
1319 3308 1462 3363 enim
1505 3317 1756 3375 tanquam
1808 3305 2034 3359 inscitiae

468 3411 798 3466 summaeque
847 3379 1140 3467 impietatis
1187 3400 1407 3452 evidens
1451 3410 1824 3468 argumentum
1879 3413 2032 3451 aver-

468 3498 660 3542 santur
689 3491 770 3541 vel
807 3489 919 3542 sola
965 3489 1368 3544 existimatione
1406 3491 1696 3558 concipere
1721 3529 1736 3554 ,
1795 3488 1922 3542 illud
1966 3503 2030 3542 ex

481 3579 588 3633 Deo
610 3579 774 3632 Patre
801 3579 1035 3634 Verbum
1065 3581 1129 3632 ad
1164 3580 1458 3635 secandum
1484 3580 1694 3634 initium
1719 3589 1776 3634 ut
1805 3595 1924 3634 esse
1952 3581 2034 3632 in-

471 3672 680 3740 ciperet
713 3681 960 3726 vocatum
984 3687 1126 3736 esse,
1161 3673 1244 3725 vel
1275 3681 1473 3725 sancta:
1523 3670 1762 3738 Virginis
1811 3685 2030 3725 carnem

472 3779 583 3819 sua:
609 3764 940 3818 exsistentia:
964 3764 1106 3818 velut
1149 3764 1379 3818 radicem
1408 3765 1696 3832 quamdam
1716 3762 1992 3830 accepisse
2016 3776 2032 3814 :

471 3856 567 3908 sed
600 3863 778 3908 tamen
815 3857 984 3922 ipsam
1024 3855 1114 3909 Dei
1165 3855 1478 3925 genitricem
1531 3862 1768 3918 vocant,
1824 3862 1882 3907 ut
1916 3867 2035 3922 qua

474 3944 620 3999 illum
643 3945 1071 4007 Emmanuelem,
1107 3948 1195 4016 qui
1233 3963 1298 4001 ex
1330 3956 1520 4000 natura
1558 3946 1697 4001 Deus
1728 3954 1832 4008 est,
1865 3959 2029 4015 pepe-

475 4035 606 4089 rerit
639 4050 652 4087 :
689 4051 809 4088 nam
873 4036 1002 4090 illud
1055 4034 1289 4092 Verbum
1351 4039 1548 4092 factum
1596 4045 1678 4092 est
1728 4038 2036 4101 nobiscum,

473 4129 617 4197 quod
645 4145 711 4184 ex
746 4141 936 4184 natura
973 4131 1111 4186 Deus
1139 4142 1194 4187 et
1226 4148 1386 4202 supra
1413 4147 1510 4187 nos
1536 4142 1675 4187 erat.
1703 4131 1841 4187 Num
1872 4132 2040 4203 igitur

478 4219 545 4275 iis
597 4236 715 4288 quae
746 4227 984 4278 sentiunt
1040 4226 1312 4278 contraria
1355 4226 1654 4279 asserunt?
1685 4225 1839 4279 Dicet
1870 4226 2036 4290 enim,

476 4321 535 4366 ut
572 4324 722 4382 puto,
758 4316 1023 4385 quispiam
1075 4332 1137 4371 ex
1186 4317 1252 4371 iis
1299 4317 1390 4385 qui
1438 4327 1614 4372 tecum
1651 4317 1896 4370 sentiunt
1932 4333 1946 4369 :
1981 4316 2038 4371 Si

477 4402 638 4460 Verbi
671 4416 915 4461 naturam
951 4410 1155 4478 prolem
1185 4426 1307 4465 esse
1329 4410 1511 4465 carnis
1539 4425 1704 4480 negas
1727 4449 1742 4472 ,
1779 4421 1830 4462 et
1861 4421 1912 4463 te
1945 4412 2047 4464 hoc

2139 3127 2406 3181 αὐτόπται
2433 3125 2528 3178 καὶ⁹
2557 3122 2827 3193 ὑπηρέται
2854 3119 3134 3190 γενόμενοι
3158 3117 3254 3171 τοῦ
3284 3117 3465 3186 λόγου,
3489 3115 3583 3168 καὶ
3607 3117 3724 3168 τῶν-

2139 3220 2298 3272 θείων
2319 3216 2477 3288 ἡμῶν
2502 3213 2814 3286 μυστηρίων
2835 3213 3125 3282 ἱερουργοὶ,
3150 3211 3244 3264 καὶ
3264 3209 3455 3280 ταμίαι
3475 3209 3712 3276 γνήσιον

2140 3310 2488 3364 ἀποσείονται
2540 3306 2639 3377 μὲν
2677 3305 2785 3374 γὰρ
2831 3304 2924 3356 καὶ
2971 3303 3116 3372 μάλα
3144 3299 3339 3371 ὀρθῶς,
3373 3300 3447 3362 ώς
3478 3298 3722 3370 ἀμαθίας

2140 3417 2199 3453 τε
2223 3397 2357 3468 ὁμοῦ
2387 3397 2478 3450 καὶ
2509 3395 2609 3465 τῆς
2650 3396 2728 3456 είς
2764 3393 2932 3464 ἄκρον
2977 3391 3215 3464 ἡκούσης
3241 3390 3556 3454 δυσσεϐείας
3583 3389 3717 3443 ἀπόο

2140 3489 2302 3556 δειξιν
2337 3489 2560 3559 ἐναργῆ,
2592 3487 2652 3539 τὺ
2703 3486 2806 3540 κᾶν
2856 3484 2986 3552 γοῦν
3033 3483 3282 3554 οἰηθῆναι
3329 3483 3508 3554 μόνον,
3533 3483 3621 3534 τὸν
3655 3481 3722 3532 ἐκ

2143 3580 2278 3636 Θεοῦ
2320 3580 2533 3650 Πατρὸς
2567 3579 2738 3646 Λόγον
2772 3578 2851 3640 είς
2881 3575 3052 3647 ἀρχὴν
3098 3574 3191 3628 τοῦ
3239 3571 3377 3627 εἶναι
3421 3571 3719 3640 κεκλῆσθαι

2143 3672 2424 3742 δευτέραν,
2462 3671 2630 3739 ἤγουν
2677 3671 2776 3738 τῆς
2825 3667 2960 3728 ἰδίας
3002 3663 3290 3734 ὑπάρξεως
3338 3662 3492 3731 ῥίζαν
3533 3659 3720 3728 ὥσπερ

2143 3765 2284 3828 τινὰ,
2317 3764 2413 3833 τῆς
2449 3761 2610 3830 ἁγίας
2644 3758 2920 3830 Παρθένου
2969 3756 3063 3826 τὴν
3107 3755 3287 3824 σάρκα
3332 3752 3546 3806 λαϐεῖν·
3581 3750 3719 3819 πλὴν

2144 3854 2469 3925 ὀνομάζουσι
2487 3850 2748 3904 Θεοτόκον
2773 3847 2964 3916 αὐτὴν,
2983 3845 3058 3908 ὡς
3079 3843 3450 3896 ἀποτεκοῦσαν
3477 3837 3720 3910 δηλονότι

2145 3948 2274 4001 Θεὸν
2305 3945 2435 3998 ὄντα
2478 3940 2621 3996 κατά
2652 3939 2812 4008 φύσιν
2844 3936 2935 3990 τὸν
2967 3933 3315 4006 Ἐμμανουήλ
3337 3950 3352 3965 ο
3383 3932 3571 4000 γέγονε
3614 3929 3722 3999 γὰρ

2149 4040 2269 4110 μεθ’
2295 4035 2452 4109 ἡμῶν
2479 4035 2613 4096 Θεὸς
2658 4031 2734 4084 ὣν
2780 4028 2960 4100 φύσει,
2995 4027 3090 4080 καὶ
3127 4025 3268 4095 ὑπὲρ
3300 4024 3445 4094 ἡμᾶς
3471 4023 3500 4074 ό
3526 4019 3718 4087 Λόγος.

2145 4128 2271 4202 'Ap‘
2292 4124 2383 4183 οὖν
2409 4121 2489 4190 οἶς
2514 4124 2753 4188 δοξάζειν
2772 4120 3041 4188 ἐγνώκασι
3069 4115 3325 4170 τάναντία
3349 4112 3545 4184 φασίν;
3577 4110 3722 4179 Ἑρεί

2147 4224 2275 4293 γὰρ,
2307 4215 2484 4290 οἶμαι,
2514 4219 2596 4280 τις
2624 4214 2731 4269 τῶν
2765 4213 2834 4266 τὰ
2864 4212 3005 4266 αὐτά
3037 4227 3118 4263 σοι
3146 4208 3361 4281 φρονεῖν
3390 4203 3679 4276 ᾑρημένων
3702 4216 3717 4231 °

2148 4317 2211 4369 Εί
2258 4314 2331 4386 μὴ
2349 4313 2447 4384 τὴν
2475 4311 2567 4364 τοῦ
2581 4311 2750 4376 Λόγου
2777 4305 2937 4376 φύσιν
2959 4303 3204 4372 γέννημα
3219 4299 3417 4370 σαρκὸς
3433 4293 3572 4350 εἶναι
3596 4294 3720 4365 φὴς,

2146 4408 2241 4462 καὶ
2277 4405 2386 4458 τῶν
2424 4405 2503 4467 είς
2534 4401 2691 4454 τοῦτο
2731 4397 2925 4452 σαυτὸν
2955 4394 3320 4456 ἀπαλλάττεις
3361 4388 3722 4460 αίτιαμάτων,

475 4499 704 4555 crimine
740 4501 940 4556 liberas
964 4542 978 4564 ,
1008 4504 1278 4572 quomodo
1303 4504 1467 4574 igitur
1492 4513 1734 4557 sanctam
1761 4503 2036 4572 Virginem

2148 4498 2262 4562 πῶς
2309 4497 2372 4566 δὴ
2421 4496 2528 4567 ἀρα
2565 4493 2696 4546 Θεὸν
2727 4492 3034 4560 ἀποκυῆσαι
3076 4484 3374 4539 διαϐεϐαιοί
3422 4482 3518 4552 τὴν
3561 4480 3726 4549 ἁγίαν

477 4596 752 4662 peperisse
787 4594 953 4648 Deum
982 4596 1182 4649 asset-is
1206 4596 1229 4648 ’ί
1265 4597 1370 4650 Sed
1398 4597 1443 4649 is
1471 4610 1499 4648 a
1528 4597 1681 4648 nobis
1703 4610 1732 4649 e
1763 4594 2040 4649 contrario

478 4688 660 4742 audiet
703 4706 718 4742 :
763 4689 992 4743 Carnem
1030 4687 1228 4743 factum
1277 4704 1395 4744 esse
1440 4686 1670 4742 illud'ex
1725 4687 1836 4740 Deo
1881 4685 2042 4740 Patre

484 4778 716 4833 Verbum
747 4781 825 4834 ait
854 4781 1134 4848 Scriptura
1159 4781 1417 4834 divinitus
1466 4781 1753 4847 inspirata,
1805 4779 1908 4832 boc
1938 4786 2042 4840 est,

480 4869 631 4922 carni
661 4871 777 4925 sine
806 4869 1126 4926 confusione
1163 4883 1215 4925 et
1238 4872 1530 4928 secundum
1561 4866 1894 4941 liypostaSiiii
1927 4871 2047 4923 uni-

483 4969 592 5014 tum
628 4980 642 5016 :
685 4978 858 5033 neque
880 4966 1022 5019 enim
1054 4965 1283 5018 alienum
1322 4964 1389 5017 ab
1436 4979 1502 5019 eo
1547 4975 1665 5018 erat
1715 4964 1923 5017 unitum
1972 4963 2044 5016 illi

481 5068 696 5124 corpus,
731 5065 784 5110 et
820 5068 1001 5110 natum
1043 5073 1106 5113 ex
1145 5057 1368 5111 muliere
1397 5095 1412 5121 ,
1455 5057 1548 5110 sed
1571 5067 1630 5111 ut
1665 5071 1820 5109 suum
1852 5055 2048 5124 cuique

483 5156 724 5200 nosmnn
757 5151 1033 5216 proprium
1065 5159 1148 5202 est
1185 5164 1398 5216 corpus,
1454 5148 1646 5202 eodem
1695 5149 1852 5202 modo
1882 5147 2050 5201 etiam

481 5238 758 5309 Unigeuiti
787 5225 984 5310 corpus
1024 5243 1300 5309 proprium
1350 5241 1424 5294 illi
1464 5250 1603 5301 erat,
1639 5249 1695 5294 et
1745 5254 1849 5292 non
1909 5238 2050 5290 alte.-

483 5328 601 5384 rius
634 5347 646 5382 :
681 5329 760 5384 sic
797 5345 1025 5401 namque
1057 5333 1230 5386 factus
1267 5341 1348 5386 est
1392 5333 1554 5386 etiam
1594 5331 1888 5386 secundum
1922 5346 2051 5385 car-

483 5438 629 5480 nem.
669 5424 934 5479 Przeterea
964 5426 1051 5480 dic
1077 5427 1208 5480 mibi
1237 5427 1506 5494 quomodo
1539 5423 1739 5479 factum
1787 5434 1871 5479 est
1895 5440 2042 5486 caro,

483 5513 530 5570 si
563 5518 841 5585 generatio
867 5532 930 5572 ex
959 5519 1182 5573 inuliere
1219 5535 1322 5572 non
1361 5519 1430 5572 sit
1482 5518 1734 5590 adjuncta
1763 5535 1776 5582 ;
1809 5533 1930 5570 cum
1959 5517 2057 5572 bu-

485 5622 661 5664 manae
696 5619 902 5666 naturae
938 5611 1082 5683 leges
1122 5610 1171 5667 id
1213 5612 1495 5682 requirant
1529 5656 1542 5671 .
1590 5623 1644 5667 et
1683 5611 1916 5668 carnalis
1963 5625 2056 5666 ex-

558 5787 601 5817 "
633 5785 762 5841 Luc.
803 5805 841 5851 ι,
877 5789 935 5842 2.

2145 4590 2453 4662 Παρθένον;
2486 4583 2905 4639 Ἀντακούσεται
2932 4580 2988 4634 δὲ
3021 4578 3158 4650 πρὸς
3185 4577 3341 4648 ἡμῶν
3367 4592 3380 4605 ο
3417 4574 3604 4644 Σάρκα
3627 4586 3724 4639 γε-

2144 4683 2332 4738 νέσθαι
2361 4683 2525 4750 φησιν
2553 4680 2585 4749 ἡ
2612 4676 2966 4734 θεόπνευστος
2996 4668 3187 4741 Γραφὴ
3213 4668 3304 4720 τὸν
3339 4668 3402 4718 ἐκ
3436 4662 3570 4717 Θεοῦ
3613 4663 3725 4714 Πα-

2152 4777 2276 4847 τρος
2305 4774 2496 4840 Λόγον,
2527 4769 2820 4832 τουτέστιν,
2849 4762 3170 4833 ἁσυγχύτως
3211 4776 3269 4812 τε
3315 4758 3410 4812 καὶ
3439 4754 3559 4809 καθ’
3593 4752 3728 4807 ὑπό·

2154 4883 2341 4920 στασιν
2375 4863 2634 4931 ὲνωθῆναι
2669 4857 2831 4930 σαρκί
2854 4873 2867 4888 ’
2919 4855 2978 4908 οὐ
3013 4852 3121 4922 γὰρ
3156 4847 3224 4921 ἦν
3253 4848 3531 4918 ἀλλότριον
3561 4841 3727 4898 αὐτοῦ

2150 4959 2214 5012 τὸ
2239 4957 2436 5010 ἐνωθὲν
2460 4954 2608 5024 αὐτῷ
2635 4953 2814 5022 σῶμα,
2833 4949 2927 5002 καὶ
2948 4942 3343 5015 γεγεννημένον
3366 4943 3427 4993 ἐκ
3447 4936 3725 5008 γυναικὸς.

2152 5050 2268 5104 ἀλλ’
2299 5049 2488 5116 ὥσπερ
2535 5045 2662 5098 [διον
2709 5041 2818 5095 τῶν
2862 5038 2981 5092 καθ’
3010 5038 3159 5106 ἡμᾶς
3196 5035 3409 5104 ἑκάστῳ
3446 5031 3509 5083 τὸ
3539 5027 3723 5091 αὑτοῦ,

2152 5142 2292 5196 κατᾶ
2319 5142 2410 5194 τὸν
2444 5137 2607 5192 αὐτὸν
2637 5135 2851 5189 τουτονὶ
2873 5132 3091 5203 τρόπον,
3135 5130 3225 5182 καὶ
3261 5127 3354 5180 τοῦ
3392 5119 3724 5190 Μονογενοῦς

2152 5235 2281 5289 ἴδιον
2315 5230 2403 5306 ἦν,
2434 5232 2527 5285 καὶ
2549 5231 2646 5298 οὐχ
2674 5227 2861 5296 ἑτέρου
2895 5223 2958 5276 τὸ
2990 5222 3174 5292 σῶμα·
3203 5219 3344 5273 οῦτω
3373 5217 3481 5286 γὰρ
3514 5214 3606 5268 καὶ
3636 5229 3724 5278 γει

2151 5303 2405 5396 γέννηται
2445 5322 2585 5375 κατὰ
2612 5319 2807 5388 σάρκα.
2835 5310 2970 5368 Εἶτα
2992 5312 3107 5374 πῶς
3136 5309 3222 5373 ἂν,
3251 5309 3371 5362 εἰπέ
3405 5324 3513 5377 μοι,
3537 5303 3727 5372 γέγονε

2155 5417 2310 5488 σὰρξ,
2335 5417 2393 5468 οὐ
2429 5407 2876 5483 παρειλημμένης
2902 5402 3205 5473 γεννήσεως
3233 5399 3332 5468 τῆς
3360 5401 3423 5450 ὲκ
3449 5393 3726 5464 γυναικὸς,

2153 5485 2262 5562 τῶν
2294 5510 2392 5578 τῆς
2429 5502 2845 5575 ἀνθρωπύτητος
2886 5497 3065 5567 νόμων
3102 5494 3182 5556 εἰς
3213 5490 3371 5544 τοῦτο
3399 5485 3729 5548 καλούντων,

2155 5603 2251 5658 καὶ
2298 5599 2396 5672 τῆς
2431 5598 2694 5668 σαρκικῆς
2735 5589 3020 5662 ὑπάρξεως
3058 5586 3155 5658 τὴν
3185 5582 3358 5656 ἀρχὴν
3396 5581 3492 5652 οὐχ
3536 5579 3731 5651 ἑτέραν
