4054 6332
339 340 400 396 21
1431 335 1802 393 MNE‘RSUS
1837 331 1940 387 NEE

2043 333 2244 390 ιιιιωι
2287 331 2426 389 LIB.
2453 331 2524 385 ir.

3509 325 3590 384 ετ

341 457 482 528 ἔχειν
510 455 808 526 δυναμένης
837 455 932 527 τὴν
955 455 1211 520 όδόν;.ού
1242 457 1349 526 γάρ
1372 474 1472 509 που
1495 459 1614 518 ταῖς
1647 454 1915 524 Ἑλλήνων

2048 452 2265 507 isteutia
2297 452 2364 504 ab
2395 448 2551 504 initio
2582 460 2686 500 non
2731 445 2890 498 aliam
2938 443 3076 497 viam
3122 443 3326 498 habere
3361 444 3530 512 possit
3556 443 3582 497 ἲ

337 545 648 617 τέρθρείαις
699 548 1157 617 προσεσῃκότες,
1204 549 1267 601 ἐκ
1315 548 1474 619 δρυὸς
1517 550 1567 618 ἢ“
1600 549 1805 619 πέτρας
1851 549 1920 602 τὰ

341 636 640 708 ἀνθρώπων
671 637 947 690 τίκτεσθαι
981 637 1210 708 σώματα
1245 638 1339 691 καὶ
1376 641 1536 709 ἡμεῖς
1580 640 1733 692 αὐτοὶ
1779 638 1918 709 {,an-

341 729 639 800 ῳδήσομεν·
657 729 852 800 νόμους
874 729 930 784 δέ
954 731 1081 794 τοὺς
1103 731 1224 785 καθ’
1247 732 1393 802 ἡμᾶς
1415 730 1634 800 ἡφύσις
1659 731 1917 804 ὡρίσατο,

346 820 544 890 μᾶλλον
585 820 660 874 δέ.
684 821 783 891 τῆς
823 821 1038 892 φύσεως
1073 823 1483 895 όΔημιουργός.
1526 823 1780 874 Τίκτεται
1812 821 1921 891 γὰρ

342 913 531 984 ὥσπερ
551 913 642 982 ἀφ’
667 912 897 966 ἐκάστου
923 915 1034 966 τῶν
1051 915 1219 968 ὄντων
1245 916 1304 968 τὸ
1344 915 1622 983 συγγενὲς,
1655 913 1796 968 οὕτω
1830 914 1922 966 καὶ

344 1003 403 1068 ἐξ
445 1001 600 1074 ἡμῶν
633 1003 811 1057 αὐτῶν
833 1021 846 1036 ·
884 1005 979 1058 καὶ
1008 1006 1108 1059 οὐκ
1139 1006 1205 1060 ἂν
1255 1005 1455 1076 ἑτέρως
1487 1005 1598 1076 ἔχοι
1630 1005 1689 1060 τὸ
1733 1005 1924 1076 χρῆμά

347 1093 542 1156 ποθενς
585 1093 872 1162 ἀνέφικτον
923 1095 1023 1164 μὲν
1065 1095 1175 1166 γάρ
1218 1095 1494 1160 παντελῶς
1537 1095 1688 1149 οὐδὲν
1731 1090 1806 1148 ὧν
1857 1095 1924 1149 ἂν

345 1185 516 1239 ἕλοιτο
551 1185 846 1257 κατορθοῦν
871 1190 938 1257 τῇ
972 1186 1092 1257 θείᾳ.
1118 1204 1179 1240 τε
1211 1188 1305 1241 καὶ
1339 1187 1634 1259 ἀπορῤήτῳ
1674 1187 1921 1257 δυνάμει,

347 1275 564 1346 ἔρχεται
585 1276 643 1329 δὲ
675 1277 761 1330 διὰ
785 1277 893 1332 τῶν
914 1277 1138 1331 εἰκότων
1160 1281 1226 1350 τῇ
1255 1278 1364 1332 τῶν
1393 1279 1561 1332 όντων
1593 1279 1775 1348 φύσει,
1798 1281 1924 1342 τοὺς

350 1368 476 1437 παρ’
506 1367 676 1436 αὐτῆς
703 1368 1048 1439 τεθειμένους
1075 1370 1177 1423 οὐκ
1202 1370 1545 1440 ἀτιμάζοντα
1575 1372 1770 1441 νόμους
1790 1387 1804 1400 ·
1832 1372 1926 1424 καὶ

346 1453 415 1527 ἦν
439 1458 538 1510 οὐκ
563 1457 848 1526 ἀνέφικτον
873 1458 951 1528 τῷ
977 1459 1155 1512 πάντα
1183 1459 1417 1529 ἰσχύοντι
1446 1461 1624 1530 Λόγῳ,
1646 1461 1926 1532 κεκρικότι

352 1549 450 1617 μὲν
484 1548 549 1602 δι’
580 1549 728 1619 ἡμᾶς
774 1549 1025 1617 γενέσθαι
1059 1549 1178 1604 καθ’
1208 1552 1376 1621 ἡμᾶς,
1411 1544 1835 1621 παραιτουμένῳ
1863 1567 1928 1618 γε

353 1642 458 1710 μὴν
506 1641 901 1711 γέννησιν.τὴν
952 1643 1016 1694 ἐκ
1062 1640 1565 1710 γυναικδς,.ἐξωθεν
1611 1641 1790 1712 ἐαυτῷ
1836 1642 1930 1695 καὶ

354 1732 460 1803 ἰδίᾳ
485 1732 712 1800 δυνάμει
744 1731 1186 1803 πλαστουργῆσαι
1220 1732 1279 1785 τὸ
1310 1732 1490 1804 σῶμα,
1515 1731 1767 1800 καθάπερ
1787 1732 1926 1801 ἁμέ-

350 1820 433 1874 λει
465 1821 718 1890 γενέσθαι
751 1822 931 1892 φαμὲν
957 1824 1050 1876 καὶ¹
1082 1823 1174 1876 ἐπὶ
1211 1821 1306 1876 τοῦ
1333 1824 1678 1895 προπάτορος
1712 1819 1922 1892 Ἀδάμπ

355 1913 586 1966 ιμἝλαὸε
615 1913 743 1984 γὰρ,
779 1914 964 1984 φησὶν,
991 1917 1020 1968 ὁ
1049 1914 1180 1978 Θεὸς
1215 1913 1342 1985 χοῦν
1383 1914 1492 1967 ἀπὸ
1523 1914 1620 1982 τῆς
1666 1915 1791 1985 γῆς,
1833 1914 1930 1966 καὶ

351 2005 552 2060 ἔπλασε
598 2006 690 2060 τὸν
737 2007 1044 2077 ἄνθρωπον.
1071 2025 1089 2059 ι
1122 2008 1346 2080 Ἐπειδὴ
1385 2007 1442 2060 δέ
1487 2009 1759 2078 πρόφασις
1789 2007 1928 2078 αὕτη

351 2101 463 2162 τοῖς
489 2099 738 2164 ἀπίστοις
762 2095 850 2171 ἦν,
884 2103 1241 2170 συκοφαντεῖν
1268 2099 1512 2154 ἐθέλουσι
1535 2101 1634 2169 τῆς
1662 2099 1932 2171 ἐνανθρωη

353 2194 571 2264 πήσεως
616 2192 676 2246 τὸ
727 2193 1047 2264 μυστήριον,
1081 2191 1176 2246 καὶ
1209 2191 1331 2264 πρόρ
1347 2209 1410 2260 γε
1439 2190 1546 2244 τῶν
1588 2190 1787 2251 ἄλλων,
1819 2193 1932 2255 τοῖς

352 2284 586 2350 ἀνοσίοις
633 2285 971 2355 Μανιχαίοις,
999 2282 1251 2347 οὒς-ἄνω
1295 2300 1354 2336 τε
1398 2283 1492 2337 καὶ
1527 2283 1677 2337 κάτω
1704 2280 1933 2336 δεδιέναι

353 2378 481 2448 φὴς,
518 2378 596 2449 μὴ
640 2379 748 2449 ἄρα
793 2395 894 2431 που
942 2379 1055 2440 τοῖς
1089 2376 1350 2430 Θεοτόκον
1395 2374 1611 2444 λέγουσι
1640 2375 1740 2448 τὴν
1771 2376 1934 2444 ἁγίαν

355 2468 634 2539 Παρθένον
675 2469 1099 2540 ἐπιπηδήσειαν,
1148 2469 1224 2532 ὡς
1268 2469 1328 2520 ἐν
1371 2468 1563 2536 μόναις
1608 2468 1935 2537 φαντασίαις

354 2556 820 2628 διαϐεϐαιούμενοι
851 2557 1105 2627 γενέσθαι
1135 2555 1232 2610 τοῦ
1279 2557 1454 2625 Λόγου
1494 2556 1592 2628 τὴν
1634 2556 1932 2628 σάρκωσιν,

357 2647 676 2721 κεχώρηκεν
710 2649 1028 2717 ἀναγκαίως
1071 2649 1161 2702 διὰ
1198 2647 1307 2702 τῶν
1336 2648 1686 2720 ἀνθρωπίνης
1718 2648 1935 2718 φύσεως

357 2739 536 2808 νόμων
554 2755 576 2784 ,ο
614 2738 709 2793 καὶ
748 2740 979 2810 ἐπείπερ
1003 2734 1072 2810 ἦν
1101 2739 1129 2791 ὁ
1156 2737 1358 2802 σκοπὸς
1387 2739 1559 2809 αὐτῷ,
1585 2738 1939 2809 πληροφορῆ-

361 2848 449 2922 cut
485 2830 829 2922 σύμπαντας,
867 2831 949 2884 ὅτι
994 2830 1222 2898 γέγονεν
1249 2829 1535 2899 ἄνθρωπος
1567 2830 1805 2900 ἀληθῶς,
1837 2831 1938 2882 ἐπ-

360 2920 582 2976 ελάὸετο
600 2921 913 2994 σπέρματος
947 2922 1226 2993 Ἀϐραάμ·
1264 2923 1360 2976 καὶ
1393 2921 1784 2993 μεσιτευούσης
1805 2920 1941 2990 πρὸς

360 3013 520 3069 τοῦτο
566 3014 698 3069 αὐτὸ
745 3015 844 3083 τῆς
891 3015 1170 3087 μακαρίας
1213 3013 1514 3085 Παρθένου,
1541 3013 1942 3084 παραπλησίως

2021 544 2134 598 Non
2184 545 2328 597 enim
2383 540 2660 610 gentilium
2710 537 2919 591 scilicet
2978 536 3134 605 nugis
3191 534 3580 597 adhaerentes,

2020 649 2083 690 ex
2113 650 2313 704 quercu
2368 640 2462 686 aut
2499 646 2590 684 ex.
2623 639 2773 697 petra
2830 628 3108 681 hominum
3162 640 3388 693 corpora
3440 625 3584 695 gigni

2019 741 2117 781 nos
2152 740 2364 794 quoque
2395 722 2752 776 fabulabimur
2805 720 2946 773 :seil
2998 719 3142 787 leges
3199 725 3416 770 nostras
3470 716 3588 784 ipsa

2025 827 2240 879 natura,
2294 816 2404 870 imo
2436 829 2565 869 vero
2623 815 2735 882 ipse
2780 811 2971 880 Opil‘ex
3019 819 3225 864 naturm
3283 808 3586 862 constituit.

2030 908 2104 964 Ut
2131 909 2273 963 enim
2305 923 2396 962 ex.
2421 919 2740 974 unaquaque
2779 920 2836 957 re
2876 903 3017 972 quod
3069 911 3358 972 cognatum
3393 908 3475 954 est
3509 898 3591 964 gi.

2023 999 2222 1069 gnitur,
2253 998 2325 1051 ita
2351 996 2513 1050 etiam
2550 1012 2613 1050 ex
2643 997 2796 1050 nobis
2821 995 2950 1062 ipsis
2994 1012 3006 1046 :
3038 1009 3214 1062 neque
3245 991 3402 1045 aliter
3451 991 3501 1044 id
3534 1005 3592 1044 se

2025 1091 2225 1146 habere
2243 1097 2423 1160 potest
2450 1089 2558 1142 ullo
2597 1089 2774 1142 modo.
2811 1087 3068 1152 Quamvis
3098 1085 3241 1138 enim
3291 1084 3487 1138 divina:
3512 1083 3588 1136 illi

2023 1193 2079 1238 et
2111 1182 2363 1237 ineffabili
2391 1181 2659 1249 potentiaa-
2697 1180 2917 1233 omnino
2962 1177 3098 1232 nihil
3146 1175 3481 1245 impossibile
3517 1175 3590 1229 sit

2025 1292 2090 1332 ex
2119 1276 2202 1329 his
2223 1290 2344 1345 qua:
2389 1273 2516 1328 velit
2554 1271 2787 1335 edicere,
2835 1281 3012 1326 tamen
3052 1285 3118 1325 ne
3146 1271 3294 1338 leges
3327 1285 3353 1322 a
3407 1284 3466 1322 se
3495 1283 3592 1336 po-

2027 1368 2161 1422 sitas
2185 1377 2527 1430 contemnat,
2553 1382 2648 1435 per
2677 1380 2738 1420 ea
2764 1365 2937 1435 pergit
2969 1377 3089 1433 quae
3123 1379 3243 1418 cum
3276 1376 3462 1416 rerum
3492 1375 3588 1414 na-

2003 1469 2147 1514 tura
2180 1458 2508 1514 conveniunt
2544 1476 2558 1511 :
2596 1466 2818 1526 eratque
2854 1471 2958 1508 non
3017 1452 3351 1522 impossibile
3411 1451 3594 1504 omni-

2029 1552 2232 1622 potenti
2265 1552 2338 1606 illi
2368 1550 2567 1614 Verbo,
2587 1551 2642 1620 8
2665 1549 2752 1603 ubi
2781 1548 3064 1604 statuisset
3099 1553 3320 1618 propter
3352 1558 3449 1596 nos
3474 1541 3591 1594 ﬁeri

2031 1645 2326 1700 secundum
2375 1659 2491 1706 nos,
2529 1643 2573 1695 si
2617 1639 3020 1712 generationem
3069 1650 3136 1690 ex
3179 1635 3402 1688 muliere
3448 1631 3596 1686 refu-

2032 1746 2200 1806 geret,
2239 1737 2339 1790 sibi
2379 1735 2719 1788 extrinsecus
2768 1747 2830 1784 ac
2879 1728 3095 1800 propria
3155 1727 3354 1779 virtute
3404 1736 3600 1791 corpus

2027 1824 2570 1894 Iormare,ut:prucul
2615 1822 2776 1877 dubio
2807 1822 2882 1898 in
2917 1821 3086 1874 Adam
3135 1817 3309 1886 primo
3381 1821 3600 1882 parente

2030 1919 2228 1973 factum
2261 1917 2492 1972 dicimus
2529 1936 2541 1970 :
2572 1933 2608 1970 ,ι
2649 1913 2874 1982 Accepit
2915 1913 3057 1966 enim
3103 1910 3241 1962 Deus
3292 1906 3601 1975 pulverem.

2032 2009 2228 2079 inquit,
2284 2010 2349 2063 de
2395 2014 2654 2071 terra,.et
2686 2004 2934 2060 formavit
2981 2002 3250 2056 hominem
3298 1998 3340 2028 ³⁸
3385 2014 3398 2049 :
3444 2016 3462 2048 ι
3511 1997 3604 2051 sed

2032 2103 2157 2173 quia
2199 2103 2253 2156 id
2296 2101 2518 2173 perlidis
2567 2099 2877 2153 hominibus
2921 2093 3240 2150 calmnniari
3297 2090 3604 2143 volentibus

2034 2195 2425 2252 incarnationis
2475 2190 2972 2263 mysterium,-pro
3019 2185 3311 2240 occasione
3365 2180 3603 2234 futurum

2033 2296 2173 2352 erat,
2214 2298 2268 2342 et
2292 2294 2419 2340 ante
2449 2293 2677 2338 caeteros
2708 2281 2884 2350 impiis
2921 2276 3231 2331 Manichaeis
3257 2313 3272 2337 ,
3302 2287 3436 2341 quos
3472 2271 3602 2324 sub-

2036 2380 2159 2436 inde
2191 2387 2243 2434 te
2274 2389 2513 2431 metuere
2547 2374 2702 2439 dicis,
2747 2386 2812 2426 ne
2856 2370 2907 2424 in
2940 2382 3034 2422 eos
3069 2366 3281 2420 scilicet
3329 2363 3419 2432 qui
3473 2375 3602 2414 san-

2036 2481 2176 2528 ctam
2220 2469 2494 2538 Virginem
2551 2463 2641 2518 Dei
2696 2460 3009 2532 genitricem
3057 2457 3263 2519 dicunt,
3313 2451 3602 2514 insiliant,

2037 2562 2191 2632 quasi
2225 2568 2472 2616 asserunt
2501 2556 2662 2611 Verbi
2703 2552 3128 2611 incarnationem
3181 2549 3231 2602 in
3277 2546 3389 2600 sola
3423 2543 3600 2614 specie

2040 2655 2256 2718 iactam,
2297 2653 2416 2707 ideo
2449 2648 2816 2705 necessarium
2857 2644 2959 2699 fuit
2997 2651 3057 2696 ut
3096 2655 3188 2710 per
3227 2640 3476 2693 humanae
3517 2648 3605 2687 na-

2042 2755 2174 2800 tura:
2196 2744 2341 2814 leges
2366 2749 2650 2810 pergeret:
2682 2748 2734 2793 et
2759 2737 2884 2808 quia
2911 2735 2961 2788 id
2983 2734 3054 2788 illi
3090 2729 3422 2802 propositum
3458 2734 3600 2787 erat,

2042 2847 2100 2896 ut
2131 2853 2192 2893 se
2225 2851 2349 2890 vere
2385 2834 2655 2889 hominem
2689 2829 2888 2883 factum
2906 2826 3158 2886 omnibus
3183 2823 3605 2879 demonstraret,

2042 2925 2398 2996 apprehendit
2427 2938 2607 2978 semen
2667 2919 2942 2975 Abraham
2966 2916 3040 2980 ,³¹,
3091 2923 3143 2966 et
3181 2911 3244 2963 ad
3281 2924 3398 2962 eam
3433 2908 3608 2975 ipsam

2044 3035 2156 3074 rem
2208 3018 2363 3072 beata
2405 3013 2623 3082 Virgine
2665 3011 2839 3065 media
2893 3004 3321 3063 interveniente,
3362 2996 3613 3050 similiter

364 3107 494 3174 ἡμῖν
546 3105 804 3176 μετέσχεν
847 3107 1076 3176 αἵματος
1119 3105 1216 3158 καὶ
1258 3101 1594 3177 σαρκόςΪΗν
1629 3104 1739 3176 γάρ
1769 3104 1940 3166 οὕτως

2044 3127 2107 3166 ac
2138 3125 2236 3164 nos
2267 3107 2610 3178 participavit
2633 3117 2800 3158 carne
2829 3111 2884 3154 et
2919 3097 3220 3166 sanguine;
3255 3104 3430 3158 neque
3465 3088 3608 3140 enim

365 3196 459 3249 καὶ
497 3197 594 3266 οὺχ
634 3196 834 3267 ἑτέρως
865 3197 983 3266 μεθ’
1008 3195 1167 3267 ἡμῶν
1199 3195 1450 3264 γενέσθαι
1480 3195 1632 3248 Θεόν.
1674 3194 1942 3264 Χρειωδε-

367 3287 538 3357 στάτη
579 3289 637 3341 δὲ
682 3288 1008 3358 καὶ-ἑτέρως
1038 3291 1152 3352 τοῖς
1183 3288 1275 3341 ἐπί
1301 3288 1396 3355 τῆς
1440 3288 1541 3356 γῆς
1567 3288 1600 3357 ἡ
1637 3285 1733 3339 τοῦ
1765 3286 1941 3353 Λόγου

370 3383 664 3453 τῖάρκωσις,
702 3382 864 3450 ἤγουν
894 3379 1307 3452 ἐνανθρὼπησις
1337 3375 1424 3450 ἦν.
1459 3380 1521 3432 Εἰ
1570 3379 1644 3450 μὴ
1687 3378 1795 3449 γὰρ
1849 3394 1944 3445 γε-

367 3475 624 3544 γέννηται
672 3473 792 3526 καθ’
820 3473 967 3543 ἡμᾶς
998 3472 1140 3542 κατά
1189 3472 1388 3542 σάρκα,
1423 3471 1488 3522 εί-
1515 3470 1590 3540 μὴ
1631 3469 1742 3523 τῶν
1768 3469 1946 3522 αὐτῶν

371 3562 502 3630 ἡμῖν
549 3561 782 3630 μετέσχε
830 3560 1384 3631 παραιτλησίως,.οὐκ
1429 3558 1495 3612 ἂν
1527 3559 1624 3631 τὴν
1657 3558 1944 3628 ἀνθρώπου

371 3650 533 3721 φύσιν
562 3651 669 3705 τῶν
698 3653 756 3704 ἐν
790 3651 960 3721 Ἀδὰμ
991 3651 1298 3722 ἀπήλλαξεν
1324 3651 1712 3722 ἐγκλημάτων,
1740 3651 1850 3703 οὐδ’
1881 3650 1947 3702 ἂν

370 3742 478 3795 τῶν
502 3744 788 3812 ἡμετέρων
821 3743 1086 3813 σωμάτων
1118 3743 1427 3812 ἀπεσόϐησε
1455 3748 1554 3812 τὴν
1583 3742 1809 3814 φθορὰν,
1829 3742 1950 3795 οὐδ’

372 3833 438 3886 ἂν
470 3833 730 3905 κατέληξε
762 3834 863 3903 τῆς
895 3836 1032 3904 ἀρᾶς
1074 3836 1106 3903 ἡ
1149 3835 1396 3904 δύναμις,
1424 3837 1490 3904 ἣν
1521 3835 1614 3886 ἐπὶ
1654 3838 1719 3905 τῇ
1759 3835 1948 3904 πρώτῃ

374 3927 590 3994 γυναικὶ
631 3926 884 3993 γενέσθαι
923 3926 1134 3996 φαμέν·
1171 3927 1386 3996 εἴρηται
1420 3927 1528 3997 γὰρ
1573 3927 1707 3995 πρὸς
1738 3927 1906 3994 αὐτήν
1931 3942 1944 3955 ·

379 4038 398 4068 ι
422 4018 510 4070 Ἑν
534 4018 732 4080 λύπαις
759 4017 888 4087 τέξῃ
917 4017 1105 4071 τέκνα.
1140 4038 1158 4068 ι
1195 4018 1356 4072 Ἀλλὰ
1381 4019 1639 4088 νενόσηκε
1676 4019 1775 4087 μὲν
1801 4019 1834 4087 ἡ
1861 4019 1952 4071 άν-

376 4108 596 4180 θρώπου
625 4109 784 4178 φύσις
829 4110 889 4162 τὸ
926 4111 1150 4172 ἀπειθὲς
1183 4113 1241 4163 ἐν
1276 4110 1474 4180 Ἀδάμ·
1516 4110 1704 4179 γέγονε
1735 4109 1830 4164 νῦν
1861 4111 1953 4163 εύ-

373 4201 596 4270 δόκιμος
641 4202 698 4253 ἐν
731 4201 952 4272 Χριστῷ
981 4201 1069 4254 διὰ
1101 4201 1199 4268 τῆς
1244 4203 1324 4264 εἰς
1355 4201 1503 4255 ἅπαν
1536 4201 1780 4271 ὑπακοῆς
1800 4218 1813 4231 ο
1861 4202 1952 4270 γέ-

375 4309 620 4365 γραπται
649 4293 776 4363 γὰρ,
807 4295 892 4347 ὅτι
915 4294 1160 4364 (Ὥσπερ
1185 4294 1272 4347 διὰ
1290 4296 1389 4363 τῆς
1411 4295 1694 4364 παρακοῆς
1713 4293 1807 4347 τοῦ
1835 4293 1953 4357 ἐνὸς

375 4383 684 4454 ἀνθρώπου,
719 4383 1036 4455 ἁμαρτωλοὶ
1063 4383 1480 4452 κατεστάθησαν.
1503 4387 1551 4436 οἱ
1583 4383 1788 4448 πολλοὶ,
1809 4384 1955 4438 οὕτω

2045 3203 2202 3258 aliter
2237 3197 2722 3256 licebatnobiscum
2751 3193 2862 3246 ﬁeri
2901 3191 3085 3244 Deum.
3108 3183 3405 3239 Utilissima
3431 3189 3612 3232 autem

2045 3305 2099 3349 et
2135 3294 2240 3347 alia
2268 3304 2484 3361 quoque
2515 3287 2724 3342 ratione
2755 3283 2840 3338 his
2873 3281 2966 3351 qui
2999 3285 3287 3333 versantur
3319 3272 3370 3326 in
3407 3269 3568 3324 terris
3595 3304 3613 3330 ,

2048 3384 2208 3440 Verbi
2229 3381 2531 3437 incarnatio
2552 3378 2666 3432 sive
2683 3373 3000 3430 humanatio
3025 3371 3147 3424 fuit.
3165 3365 3278 3421 Nisi
3295 3365 3437 3419 enim
3468 3361 3618 3416 simi-

2051 3476 2176 3530 liter
2201 3485 2363 3541 atque
2387 3486 2483 3526 nos
2504 3469 2795 3524 secundum
2821 3478 3036 3519 carnem
3075 3460 3264 3513 fuisset
3299 3465 3482 3518 natus,
3509 3451 3614 3506 nisi

2054 3565 2302 3622 similiter
2352 3561 2727 3633 participasset
2766 3557 2954 3609 iisdem
2987 3594 3003 3616 ,
3053 3563 3326 3618 nunquam
3382 3543 3617 3598 hominis

2051 3667 2298 3712 naturam
2337 3651 2651 3708 criminibus
2674 3650 2724 3702 in
2757 3646 2924 3701 Adam
2955 3641 3249 3698 contractis
3274 3635 3615 3700 absolvisset,

2052 3761 2225 3816 neque
2253 3760 2281 3798 a
2315 3743 2514 3798 nostris
2538 3738 2854 3808 corporibus
2887 3733 3285 3802 corruptionem
3316 3726 3616 3795 repulisset,

2052 3855 2226 3908 neque
2259 3834 2653 3890 maledictionis
2683 3831 2825 3884 illius
2865 3834 3109 3899 potestas
3138 3821 3425 3880 desiisset,
3456 3831 3616 3885 quam

2052 3927 2240 3998 prima:
2287 3923 2499 3977 feminae
2538 3921 2739 3973 illatam
2774 3917 3003 3969 dicimus
3030 3953 3044 3977 ,
3082 3913 3166 3966 cui
3240 3909 3440 3962 dictum
3488 3916 3614 3959 est:

2059 4039 2095 4069 ι.
2121 4018 2174 4071 lu
2207 4015 2426 4070 tristitia
2469 4013 2645 4080 paries
2678 4011 2814 4062 ﬁlios
2839 4009 2904 4062 ³³.
2957 4025 2974 4057 ι
3008 4003 3111 4058 Sed
3161 4000 3396 4056 hominis
3427 4005 3627 4050 natura

2057 4106 2110 4159 in
2160 4105 2330 4159 Adam
2392 4100 2768 4156 iuobedienlite
2817 4097 3005 4150 morbo
3042 4090 3342 4152 laboravit,
3381 4101 3522 4140 nunc
3567 4085 3620 4138 in

2055 4199 2272 4254 Christo
2299 4205 2449 4266 grata
2484 4195 2623 4246 facta
2653 4202 2736 4246 est
2789 4205 2886 4257 per
2931 4187 3077 4240 illam
3121 4183 3289 4250 ipsius
3339 4181 3406 4232 ad
3444 4176 3620 4233 omnia

2055 4265 2436 4347 obedientiam.
2482 4286 2753 4352 Scriptum
2777 4289 2858 4334 est
2883 4277 3064 4332 enim:
3106 4293 3122 4324 ι
3175 4272 3327 4326 Sicut
3367 4281 3462 4337 per
3506 4265 3622 4319 ino-

2058 4383 2380 4439 bedientiam
2435 4377 2594 4433 unius
2647 4371 2882 4428 hominis
2952 4377 3266 4438 peccatores
3344 4357 3625 4415 constituti

375 4448 592 4548 διὰ-τῆς
623 4448 868 4546 ὑπακοῆς
901 4477 1019 4539 ἐνὸς
1049 4448 1366 4548 ἀνθρώπου,
1391 4478 1588 4531 δίκαιοι
1614 4477 1940 4548 κατασταθή·

2058 4484 2182 4532 sunt
2210 4473 2362 4530 multi
2388 4511 2403 4536 ,
2435 4471 2510 4525 ita
2553 4483 2646 4538 per
2663 4461 3024 4519 obedientiam
3055 4452 3464 4511 uniushominis
3497 4448 3625 4520 justi

381 4586 563 4624 σονται
592 4571 641 4622 οἱ
670 4569 906 4622 πολλοί.)
925 4569 1200 4622 Πὲπονθεν
1222 4570 1280 4622 ἐν
1304 4569 1475 4640 Ἀδάμ
1502 4569 1584 4632 τὸ,
1617 4587 1636 4620 ι
1664 4569 1737 4622 Γῆ
1770 4563 1839 4634 εἴ,
1859 4570 1954 4623 καὶ

380 4663 460 4727 τις
487 4661 590 4732 γῆν
627 4660 935 4733 ἀπελεύσῃ·
971 4679 992 4712 ι
1027 4659 1409 4729 πεπλούτηκεν
1430 4662 1487 4714 ἐν
1511 4661 1728 4732 Χριστῷ
1761 4661 1821 4714 τὸ
1859 4678 1954 4714 κα-

381 4770 468 4809 τα.
512 4793 526 4806 .
571 4795 584 4807 .
625 4752 881 4806 δύνασθαι
911 4751 1024 4824 [Ian
1046 4751 1453 4824 καταπατῆσαι]
1475 4753 1582 4806 τῶν
1609 4751 1701 4805 τοῦ
1725 4751 1954 4805 θανάτου

384 4844 614 4915 βρόχων,
644 4845 739 4897 καὶ
787 4844 949 4897 οἱονεὶ
995 4842 1380 4914 κατορχεϊσθαι
1409 4844 1633 4914 φθορᾶς,
1661 4845 1838 4896 ἐκεῖνο
1870 4842 1958 4895 λέ-

383 4951 552 5001 γουσα
579 4934 638 4988 τὸ
666 4935 1028 5005 προφητικόν·
1062 4952 1081 4986 ι
1115 4935 1224 4987 Ποῦ
1256 4935 1290 5004 ἡ
1313 4934 1436 5005 νίκη
1467 4951 1582 4998 σου,
1603 4933 1833 4998 θάνατε;
1858 4930 1959 4986 ποῦ

382 5026 444 5078 τὸ
473 5027 695 5096 κέντρον
732 5043 848 5089 σου,
884 5026 1018 5098 ᾂδη;
1055 5045 1072 5076 ι
1106 5025 1335 5094 Γέγονεν
1362 5025 1655 5096 ἐπάρατος,
1688 5025 1762 5088 ὠς
1803 5025 1960 5094 ἔφην,

383 5117 498 5170 ἀλλ’
519 5118 762 5188 ἧργησεν
792 5120 850 5171 ἐν
877 5116 1098 5188 Χριστῷ
1131 5118 1224 5172 καὶ
1252 5118 1430 5172 τοῦτο.
1458 5120 1569 5172 Καὶ
1597 5117 1727 5185 γοῦν
1750 5116 1964 5188 εἴρηταί

388 5225 491 5261 που
543 5209 680 5278 πρὸς
725 5209 827 5279 τὴν
875 5209 1036 5278 ἁγίαν
1081 5210 1377 5280 Παρθένον,
1413 5209 1863 5281 προφητευούσης
1903 5211 1962 5260 ὲν

389 5299 666 5370 Πνεύματι
685 5301 784 5370 τῆς
812 5301 1090 5356 Ἐλισάὸετ
1111 5318 1124 5332 ·
1150 5323 1167 5354 ι
1195 5303 1544 5374 Εὐλογημένη
1571 5304 1632 5356 σὺ
1650 5303 1706 5356 ἐν
1730 5301 1965 5368 γυναιᾷ,

392 5394 485 5446 καὶ
508 5393 868 5464 εὐλογημένος
898 5394 926 5445 ό
956 5394 1166 5465 καρπὸς
1190 5395 1287 5464 τῆς
1307 5396 1515 5457 κοιλίας
1542 5412 1654 5449 σου.
1689 5414 1706 5445 ι
1733 5394 1966 5447 Βεόασί-

390 5483 583 5540 λευκεν
603 5485 761 5556 ἡμῶν
788 5487 820 5556 ὴ
843 5485 1108 5557 ἁμαρτία,
1128 5487 1223 5540 καὶ
1249 5489 1277 5540 ὁ
1301 5487 1396 5557 τῆς
1433 5488 1707 5559 ἁμαρτίας
1742 5485 1968 5556 εὑρετὴς

2061 4567 2455 4623 constituentur
2494 4559 2642 4614 multi
2660 4556 2725 4610 “.
2764 4575 2782 4606 ι
2818 4552 3096 4622 Subjacuit
3126 4550 3177 4602 in
3204 4547 3372 4600 Adam
3402 4543 3477 4597 illi
3513 4557 3628 4595 ma-

2065 4660 2304 4715 ledicto:
2347 4675 2364 4708 ι
2401 4653 2570 4708 Terra
2611 4665 2670 4706 es
2696 4691 2710 4714 ,
2749 4657 2803 4702 et
2837 4647 2891 4699 in
2953 4654 3151 4698 terram
3207 4637 3309 4692 ibis
3349 4635 3392 4666 ³⁸
3427 4649 3442 4698 ;
3480 4651 3498 4684 ι
3538 4646 3630 4685 ac-

2063 4749 2284 4820 quisivit
2319 4746 2370 4800 in
2398 4744 2618 4799 Christo
2649 4750 2708 4793 ιιι
2734 4736 2942 4793 calcare
2966 4732 3134 4804 possit
3164 4729 3353 4783 mortis
3380 4723 3626 4793 laqueos,

2063 4851 2117 4897 et
2151 4835 2547 4912 quodammodo
2573 4836 2831 4886 adversus
2859 4839 3086 4882 mortem
3121 4819 3442 4891 tripudiare,
3499 4815 3627 4869 illud

2063 4933 2435 5006 propheticum
2469 4927 2652 4981 dicens
2686 4942 2698 4978 :
2729 4942 2748 4974 ι
2782 4919 2882 4976 Ubi
2906 4929 3010 4981 est,
3039 4930 3202 4975 mors,
3236 4910 3458 4964 victoria
3502 4906 3631 4960 tua?

2068 4999 2605 5083 ubi'stimulustuus,
2638 5012 2931 5070 inferne“?
2957 5028 2976 5061 ι
3013 5007 3172 5061 Facta
3199 5013 3281 5058 est
3322 4999 3626 5062 maledicta,

2067 5125 2126 5172 ut
2163 5114 2310 5168 dixi:
2352 5112 2446 5167 sed
2486 5109 2538 5164 id
2567 5119 2782 5179 quoque
2810 5109 3125 5156 evacuatum
3167 5105 3251 5150 est
3295 5093 3347 5148 in
3390 5091 3628 5148 Christo.

2066 5209 2249 5276 Itaque
2288 5205 2488 5258 dictum
2524 5210 2607 5253 est
2641 5199 2708 5252 ad
2738 5204 2982 5250 sanctam
3018 5187 3314 5256 Virginem,
3375 5181 3488 5250 ipsa
3524 5179 3634 5233 Eli-

2068 5272 2258 5356 zaheth
2291 5297 2344 5350 in
2381 5293 2584 5366 Spiritu
2637 5289 3018 5359 prophetanle,
3057 5299 3076 5333 ι
3138 5277 3428 5332 Benedicta
3477 5283 3529 5327 ιιι
3578 5272 3629 5325 in

2070 5365 2428 5452 mulieribus,
2476 5395 2530 5439 et
2561 5381 2874 5438 benedictus
2903 5376 3109 5429 Fructus
3144 5370 3352 5426 ventris
3403 5365 3478 5420 tui
3508 5365 3573 5416 ".
3607 5381 3626 5414 ι

2075 5481 2338 5554 Regnavit
2389 5477 2442 5532 in
2499 5476 2653 5530 nobis
2695 5479 2976 5544 peccatum
3011 5505 3027 5530 ,
3079 5472 3131 5519 et
3175 5463 3423 5517 inventor
3455 5455 3540 5510 ille
3577 5465 3633 5509 et

471 5685 510 5715 ³¹
538 5685 671 5739 Gen.
703 5699 765 5742 ιι.
794 5685 846 5737 7.
922 5681 966 5714 ³²
997 5681 1158 5737 Ηοιιι.
1190 5700 1250 5752 ιι,
1293 5685 1374 5743 15.
1455 5687 1496 5718 ³³
1519 5687 1655 5744 Gen.
1692 5700 1774 5750 ιιι,
1811 5681 1893 5738 16.

2043 5682 2176 5738 tom.
2217 5677 2377 5746 v,‘l9.
2455 5676 2497 5708 ³⁸
2519 5673 2652 5730 Gen.
2687 5685 2768 5736 ιιι,
2803 5664 2886 5722 i9.
2964 5663 3009 5695 ⁸⁸
3043 5661 3208 5718 lCor.
3236 5674 3326 5723 xv,
3353 5656 3447 5721 55;
3473 5654 3632 5723 Osee,

400 5769 517 5820 xm,
564 5756 645 5810 ιι,
725 5754 766 5785 ³⁷
796 5753 927 5811 Luc.
956 5769 994 5820 ι,
1027 5753 1114 5807 ιε.
