4054 6332
466 342 536 403 23
1432 344 1490 400 S.
1528 341 1803 401 CYRILLI
1844 338 2320 402 ALEXANDBINI
2358 342 2676 404 ARCHIEP.
3638 349 3707 403 ει

420 482 437 490 ε
468 475 622 537 pater
652 467 858 537 peccati
885 465 1145 521 adversus
1185 482 1376 523 omnes
1418 468 1508 535 qui
1541 481 1639 536 per
1685 467 1871 522 orbem
1918 479 2010 521 ter-

2134 467 2229 521 καὶ
2254 468 2436 541 πατὴρ
2454 510 2468 532 ,
2496 468 2604 522 τῶν
2631 470 2734 523 ἀνὰ
2767 471 2947 524 πᾶσαν
2975 469 3073 540 τὴν
3105 467 3196 520 ὑπ’
3224 467 3450 537 οὐρανὸν
3483 483 3711 519 κατεσο-

472 573 653 613 rarum
683 566 860 622 erant,
919 572 980 612 se
1035 558 1579 633 superbe_jactabat,
1629 558 1687 629 3
1730 559 2010 613 divinaruu

2138 559 2419 630 σαρεύετο,
2447 561 2557 613 τῶν
2587 561 2745 614 θείων
2772 562 2955 631 νόμων
2977 559 3075 630 τὴν
3106 557 3414 630 παράὸασιν
3435 556 3704 625 ἐγκαλῶνο

472 647 648 716 legum
675 646 782 702 illis
829 647 1172 702 violationem
1221 646 1483 715 objicicns
1534 665 1548 700 :
1598 648 1695 703 sed
1750 648 2010 703 hominun

2136 650 2249 703 ἀλλ’
2275 652 2337 703 ὲν
2364 650 2585 722 Χριστῷ
2614 652 2715 723 τὴν
2742 652 3030 722 ἀνθρώπου
3060 650 3240 719 φύσιν,
3277 649 3353 712 ὡς
3394 651 3455 702 ὲν
3485 649 3705 719 ἀπαρχῇ

465 748 712 793 naturam
768 739 821 793 in
874 739 1111 801 Christo,
1145 747 1398 808 tanquam
1448 739 1501 793 in
1549 741 1773 794 secundi
1820 741 2010 808 generi:

2133 740 2229 794 τοῦ
2251 742 2438 809 γένους
2462 742 2711 813 δευτέρᾳ,
2737 743 3053 815 παρρησίαν
3075 742 3305 813 ἔχουσαν
3327 740 3540 811 ὁρῶμεν
3574 740 3710 810 πρὸς

468 830 740 900 primitiis,
774 830 1023 885 ﬁduciam
1048 833 1111 884 ad
1133 828 1298 883 Deum
1329 830 1528 884 habere
1557 830 1798 887 videmus
1849 847 1864 883 :
1898 832 2006 886 dixi

2132 832 2294 884 Θεόνο
2312 832 2414 902 ἔφη
2437 832 2543 903 γὰρ
2564 832 2837 903 ἐναργῶςσ
2871 851 2891 883 ι
2912 833 3174 902 Ἔρχεται
3198 834 3226 885 6
3255 833 3439 902 ἄρχων
3482 829 3578 883 τοῦ
3619 831 3708 883 κό-

465 921 608 975 enim
636 932 860 989 aperte:
891 940 910 973 ι
942 922 1100 976 Venit
1145 922 1395 999 princeps
1424 922 1607 977 mundi
1657 922 1839 993 hujus,
1887 933 1943 977 et
1979 924 2010 977 ἰι

2136 944 2273 997 σμου
2304 928 2517 993 τούτου,
2554 928 2645 979 καὶ
2681 929 2739 980 ὲν
2767 926 2893 997 ἐμοὶ
2922 926 3144 996 εὑρήσει
3171 925 3340 979 οὐδέν.
3368 942 3389 975 ι

468 1027 552 1067 me
584 1013 713 1067 nihil
741 1012 976 1068 inveniet
1001 1014 1064 1066 ³⁸.
1102 1032 1121 1064 ι

538 1104 677 1170 Sed,
708 1105 752 1157 0
793 1106 1047 1174 praeclare
1100 1108 1201 1172 vir,
1244 1122 1348 1161 non
1415 1106 1514 1160 abs
1563 1119 1620 1158 re
1669 1105 1926 1171 dixerim,
1979 1107 2024 1162 si

468 1211 574 1252 non
624 1207 684 1251 ut
736 1211 835 1252 nos
892 1199 1066 1253 factus
1117 1209 1200 1253 est
1262 1200 1351 1254 ille
1396 1196 1722 1268 Unigeuitus
1780 1240 1795 1265 ,
1854 1215 2010 1268 neque

2131 1194 2275 1262 ἡμᾶς
2297 1195 2327 1246 6
2356 1192 2683 1263 Μονογενὴς,
2723 1192 2913 1261 γέγονε
2938 1191 2995 1246 δὲ
3029 1190 3313 1260 καθ’ἡμᾶς
3349 1191 3448 1258 οὑχ
3481 1190 3705 1259 ἑτέρως,

465 1299 525 1343 ut
583 1303 680 1343 nos
738 1288 851 1343 ﬁeri
906 1289 1011 1343 alio
1062 1293 1223 1344 modo
1271 1306 1432 1358 quam
1485 1305 1581 1355 per
1623 1291 2010 1358 generatiouen

2130 1284 2268 1356 πλὴν
2290 1285 2371 1339 ὅτι
2398 1284 2484 1337 διὰ
2500 1285 2803 1356 γεννήσεως
2830 1281 3100 1354 σαρκικῆς
3113 1282 3211 1352 τῆς
3228 1280 3582 1347 ἔκγυναικιὺς,
3606 1281 3712 1336 οὔκ

463 1376 732 1431 carnalem
784 1393 851 1432 ex
911 1379 1105 1432 femina
1168 1379 1387 1447 potuit,
1443 1394 1717 1446 nunquam
1794 1395 1892 1434 nos
1956 1381 2010 1433 il-

2129 1376 2195 1429 ἂν
2206 1378 2365 1446 ἡμεῖς
2377 1375 2445 1429 τά
2460 1375 2627 1431 αὑτοῦ
2640 1374 2993 1444 πεπλούτηκα
3000 1390 3114 1444 μεν.
3133 1373 3224 1436 Ὦς
3234 1372 3340 1443 γάρ
3356 1373 3384 1424 6
3400 1370 3706 1439 σοφώτατος

462 1469 565 1522 lius
598 1471 757 1522 rebus
788 1469 981 1523 divites
1034 1469 1150 1523 fieri
1192 1471 1485 1537 potuimus.
1535 1467 1605 1523 Ut
1644 1470 1791 1524 enim
1836 1471 2010 1525 scribi:

2127 1467 2327 1537 γράφει
2360 1465 2590 1531 Παῦλος,
2615 1465 2865 1536 δεύτερος
2892 1468 3025 1536 ἡμῖν
3052 1463 3226 1535 Ἀδάμ
3247 1464 3346 1517 ούκ
3370 1462 3478 1518 ἀπό
3524 1480 3587 1532 γε
3606 1464 3706 1533 τῆς

464 1556 653 1609 beatus
684 1554 901 1623 Paulus,
933 1558 1019 1611 ille
1043 1557 1355 1613 Emmanuel
1380 1573 1483 1613 non
1516 1575 1546 1613 e
1596 1568 1736 1612 terra
1772 1561 1838 1613 ad
1877 1561 2010 1629 prio-

2126 1559 2228 1630 γῆς
2274 1558 2416 1613 κατὰ
2455 1557 2547 1612 τὸν
2593 1558 2828 1629 πρῶτον,
2884 1556 3003 1611 ἀλλ’
3027 1556 3090 1623 ἐξ
3125 1554 3356 1625 ούρανοῦ
3388 1556 3647 1625 πέφηνεν,
3676 1556 3713 1607 6

463 1645 536 1699 ris
570 1646 710 1701 illius
754 1648 1081 1717 exemplum,
1128 1651 1221 1704 sed
1283 1664 1315 1703 e
1362 1649 1500 1705 caelo
1555 1650 1823 1705 secundus
1870 1652 2010 1706 nobis

2138 1648 2500 1720 Ἐμμανουήλ.
2518 1649 2576 1701 '0
2609 1649 2717 1719 γὰρ
2746 1647 2951 1703 ἄνωθέν
2970 1664 3026 1701 τε
3054 1648 3147 1701 καὶ
3180 1650 3244 1701 ὲκ
3280 1645 3488 1715 Πατρός
3511 1646 3705 1712 Λόγος,

464 1739 630 1791 Adam
679 1739 927 1808 apparuit
952 1739 1019 1792 ³⁸.
1055 1739 1185 1793 Nam
1222 1741 1349 1794 illud
1389 1756 1623 1808 superne
1676 1752 1731 1795 et
1762 1757 1825 1794 ex
1864 1741 2010 1796 Patre

2124 1741 2223 1794 ούκ
2255 1745 2334 1805 εἰς
2362 1741 2461 1813 τὴν
2500 1740 2650 1795 τοῦδὲ
2683 1757 2845 1804 τινος,
2875 1738 2999 1795 οὔτε
3030 1741 3136 1810 μὴν
3168 1741 3248 1801 είς
3290 1738 3576 1810 ἀλλοτρίαν
3605 1754 3708 1791 καν-

467 1827 696 1881 Vcrbmn
733 1845 836 1882 non
868 1830 917 1882 in
951 1828 1247 1900 cujuSpiam
1276 1847 1517 1897 carnem,
1572 1848 1745 1899 neque
1790 1833 1842 1887 in
1893 1834 2010 1888 alie-

2128 1800 2498 1906 ταπεφοίτηκε
2544 1835 2743 1905 σάρκα,
2790 1800 3042 1905 καθάπερ
3065 1800 3165 1904 ἤδη
3196 1800 3472 1904 προεῖπον,
3500 1833 3605 1885 οὐδ’
3635 1827 3710 1885 αὖ

460 1932 582 1970 nam
625 1919 794 1981 venit,
838 1930 894 1972 ut
923 1918 1034 1988 jam
1066 1923 1313 1990 superius
1352 1922 1499 1986 dixi,
1535 1936 1707 1991 neque
1759 1923 1810 1976 in
1858 1939 2010 1977 unum

2128 1926 2214 1993 ἐφ’
2236 1925 2331 1978 ἕνα
2358 1925 2479 1977 τινά
2512 1924 2622 1977 τῶν
2652 1924 2773 1977 καθ’
2801 1926 2947 1995 ἡμᾶς
2975 1924 3375 1995 καταόέόηκεν,
3403 1928 3477 1987 ὡς
3504 1926 3713 1993 Evocat-

457 2007 688 2077 aliquem
725 2012 891 2063 nostri
921 2011 1148 2065 similem
1168 2012 1447 2066 descendit
1474 2023 1528 2066 ut
1557 2013 1606 2066 in
1639 2028 1705 2067 eo
1735 2014 2010 2082 habitaret,

2130 2033 2239 2073 σων
2283 2014 2449 2086 αύτῷ,
2481 2015 2732 2087 καθάπερ
2770 2016 2960 2088 ἀμέλει
3013 2019 3105 2070 καὶ
3146 2019 3201 2069 ὲν
3245 2018 3552 2097 προφήταις
3596 2012 3708 2087 ἦν*

458 2110 515 2153 ιιι
556 2102 739 2170 procul
774 2104 934 2157 dubio
987 2103 1087 2158 fuit
1120 2105 1171 2157 in
1221 2106 1540 2175 prophetis:
1581 2106 1675 2159 sed
1723 2121 1843 2161 cum
1877 2122 2010 2162 sum-

2127 2106 2243 2162 ἁλλ’
2279 2107 2407 2160 ἴδιον
2456 2108 2821 2178 ποιησάμενος
2875 2107 3031 2178 σῶμα
3082 2107 3143 2160 τὸ
3186 2110 3248 2161 ἐκ
3290 2107 3569 2177 γυναικὸς,
3606 2108 3702 2160 καὶ

2203 1099 2438 1165 Ἀλλ’,Ὦ
2454 1100 2884 1171 βέλτιστε,φαίην
2899 1101 2965 1159 ἂν
2975 1101 3219 1162 εἰκότως,
3231 1098 3282 1151 εί
3298 1096 3372 1168 μὴ
3384 1098 3573 1167 γόγονε
3587 1096 3709 1151 καθ’

456 2202 602 2262 ptum
626 2208 689 2248 ex
722 2195 941 2250 muliere
965 2211 1160 2265 corpus
1204 2212 1359 2251 suum
1404 2197 1639 2262 fecisset,
1676 2209 1731 2253 et
1758 2214 1822 2254 ex
1853 2215 1913 2253 ea
1939 2214 2023 2255 se-

456 2285 687 2338 cundum
711 2300 923 2340 carnem
951 2297 1097 2342 esset
1114 2288 1346 2357 genitus,
1367 2288 1602 2343 hominis
1619 2289 2020 2357 generationem

455 2390 551 2443 per
573 2390 631 2430 se
659 2376 1051 2446 recapitulavit,
1080 2378 1360 2433 nobiscum
1384 2379 1559 2434 factus
1584 2384 1882 2435 secundum
1907 2397 2022 2436 car—

454 2483 596 2532 nem,
620 2468 709 2536 qui
728 2470 1042 2524 anteomnia
1064 2470 1256 2525 saacula
1280 2473 1559 2527 exStiterat
1582 2487 1649 2527 ex
1675 2472 1854 2528 Patre.
1874 2473 2022 2529 Hauc

457 2557 611 2610 nobis
643 2558 763 2611 ﬁdei
798 2557 1191 2613 confessionem
1221 2574 1390 2613 sacra:
1419 2557 1633 2613 Littera:
1664 2560 2018 2614 tradiderunt.

451 2648 521 2701 At
552 2660 606 2700 tu
644 2657 878 2702 metuere
905 2657 955 2702 te
986 2648 1227 2714 simulas,
1257 2664 1320 2703 ue
1337 2648 1676 2720 quisenohis
1695 2650 2019 2720 suspicetur,

454 2738 576 2791 illud
594 2754 659 2792 ex
680 2738 785 2793 Deo
800 2740 1037 2808 genitum
1054 2739 1283 2795 Verbum
1302 2756 1329 2793 a
1349 2755 1510 2795 carne
1532 2752 1740 2795 terrena
1754 2742 2020 2797 exsisten,

451 2831 539 2883 tiae
573 2830 781 2885 initium
808 2830 1103 2897 habuisse;
1136 2847 1200 2887 ac
1223 2831 1462 2886 funditus
1489 2832 1630 2887 tollis
1658 2833 2017 2902 dispensatur

452 2920 534 2975 nis
552 2921 603 2973 in
629 2936 790 2977 carne
813 2923 1151 2991 mysterium,
1178 2939 1299 2978 cum
1329 2934 1572 2979 sanctam
1599 2923 1873 2996 Virginem
1897 2940 2018 2989 esse

451 3028 481 3064 a
511 3012 663 3068 nobis
689 3013 781 3066 Dei
826 3014 1136 3081 genitricem
1184 3015 1553 3085 appellandam
1584 3030 1748 3086 negas
1780 3032 1792 3067 :
1830 3027 1885 3073 et
1926 3033 2019 3071 eos

447 3105 535 3174 qui
567 3104 715 3157 illam
752 3103 843 3158 Dei
877 3106 1192 3172 genitricem
1223 3115 1433 3172 vocant,
1466 3115 1718 3176 tanquam
1748 3108 1813 3162 ad
1849 3108 2019 3162 inevi-

448 3193 663 3249 tabilem
693 3210 754 3249 ac
774 3196 1129 3249 necessariam
1152 3196 1547 3251 confessionem
1572 3197 1811 3264 deducis,
1836 3199 2017 3269 utillis

451 3285 742 3354 putandum
801 3285 871 3339 sit
909 3284 1141 3339 Verbum
1174 3287 1352 3340 carnis
1376 3301 1496 3341 esse
1522 3286 1776 3345 fructum.
1809 3288 1915 3343 Sed
1964 3289 2015 3343 id

447 3390 605 3430 secus
635 3385 737 3439 est,
772 3375 1036 3446 longeque
1065 3376 1223 3431 aliter
1257 3378 1439 3432 habet.
1495 3378 1630 3434 Nam
1681 3380 1768 3433 ille
1811 3395 1878 3433 ex
1907 3380 2015 3435 Deo

448 3466 607 3521 Patre
633 3466 822 3531 Filius,
855 3468 945 3538 qui
983 3482 1142 3537 supra
1172 3482 1332 3522 omne
1379 3479 1587 3538 tempus
1634 3470 1843 3524 initium
1867 3471 2014 3525 exsi,

446 3558 619 3612 stendi
651 3559 831 3624 habet,
860 3573 980 3612 cum
1008 3559 1070 3612 sit
1097 3559 1414 3614 saeculorum
1441 3560 1719 3624 Conditor,
1751 3561 1802 3615 in
1830 3571 2012 3616 extre-

446 3649 549 3705 mis
599 3650 778 3705 saeculi
809 3652 1141 3719 temporibus
1164 3652 1286 3721 quia
1320 3650 1494 3706 factus
1529 3662 1611 3707 est
1638 3668 1788 3717 caro,
1820 3668 2013 3708 secun-

446 3743 573 3798 dum
600 3758 817 3798 carnem
851 3744 1024 3798 factus
1054 3760 1176 3799 esse
1202 3744 1417 3799 dicitur.
1466 3743 1600 3799 Nam
1649 3746 1693 3800 si
1734 3747 2010 3815 proprium

445 3834 562 3903 ejus
583 3849 777 3905 corpus
793 3834 1130 3906 intelligitur,
1159 3834 1424 3904 quomodo
1446 3852 1548 3890 non
1569 3852 1788 3905 prorsus
1810 3839 2009 3907 proprii

444 3926 687 3997 corporis
722 3926 1058 3981 nativitatem
1094 3926 1195 3981 sibi
1226 3936 1483 3995 tanquam
1510 3942 1662 3981 suam
1707 3929 2001 3986 vindicabit

444 4028 500 4071 et
533 4016 910 4072 asseret?Sed
940 4018 1078 4072 hanc
1125 4018 1402 4072 hominum
1453 4020 1524 4073 ita
1557 4021 1891 4074 credentium
1931 4038 2011 4077 re-

444 4116 588 4162 ctam
618 4123 937 4177 sacramque
965 4107 1123 4163 [idem
1151 4108 1313 4162 etiam
1338 4108 1454 4177 ipse
1484 4111 1795 4178 probasses,
1822 4112 1866 4167 si
1914 4112 2009 4169 tibi

444 4197 547 4266 ipsi
580 4196 911 4265 persuadere
946 4197 1231 4262 voluisses,
1257 4208 1316 4252 ut
1346 4201 1617 4269 cogitares
1651 4211 1815 4271 atque
1842 4204 2010 4258 conli-

444 4288 641 4344 tereris
674 4303 799 4343 vere
825 4289 991 4343 Deum
1020 4304 1141 4345 esse
1162 4290 1459 4355 Christum,
1490 4308 1762 4361 unumque
1803 4310 1867 4349 ac
1914 4310 2007 4350 so-

445 4381 555 4435 lum
588 4395 709 4436 esse
750 4381 842 4435 Dei
880 4390 931 4436 et
958 4382 1155 4448 Patris,
1188 4398 1292 4438 nou
1341 4383 1570 4439 divisum
1629 4385 1679 4438 in
1728 4387 2001 4442 hominem

2128 2197 2408 2268 γεννηθεὶς
2435 2198 2493 2262 ἐξ
2524 2199 2693 2269 αὐτῆς
2727 2198 2867 2252 κατὰ
2896 2199 3091 2268 σάρκα,
3133 2198 3234 2268 τὴν
3264 2197 3551 2267 ἀνθρώπου
3577 2199 3703 2267 γέν-

2128 2307 2284 2361 νησιν
2330 2288 2785 2357 ἀνεκεφαλαιοῦτο
2834 2289 2902 2342 δι’
2930 2288 3145 2350 ἑαυτοῦ,
3196 2288 3316 2357 μεθ’
3341 2288 3503 2359 ἡμῶν
3561 2286 3710 2341 κατὰ

2130 2380 2307 2449 σάρκα
2336 2380 2646 2450 γενόμενος,
2679 2382 2706 2432 ὁ
2747 2378 2853 2449 πρὸ
2894 2378 3094 2441 παντὸς
3135 2376 3329 2440 αἰῶνος
3360 2379 3425 2439 ἐκ
3467 2376 3706 2449 Πατρός.

2127 2471 2344 2541 Ταύτην
2392 2473 2526 2542 ἡμῖν
2570 2470 2671 2538 τῆς
2722 2470 2959 2531 πίστεως
3000 2467 3097 2539 τὴν
3138 2467 3428 2538 ὁμολογίαν
3463 2467 3520 2520 ai
3562 2466 3707 2525 θεῖαι

2127 2561 2431 2634 παρέδοσαν
2462 2562 2692 2632 Γραφαί.
2726 2562 2797 2613 Σὺ
2821 2560 2877 2613 δὲ
2902 2560 3130 2612 δεδιέναι
3163 2560 3260 2629 μὲν
3284 2560 3577 2630 προσποιῇ,
3621 2557 3703 2630 μὴ

2125 2654 2232 2724 ἄρα
2259 2670 2344 2716 τις
2382 2653 2490 2709 τῶν
2532 2652 2651 2706 καθ’
2679 2654 2823 2724 ἡμᾶς
2861 2651 3242 2715 ὑποπτεύσειε,
3282 2650 3386 2721 τῆς
3414 2648 3702 2721 ὑπάρξεως

2124 2744 2224 2816 τὴν
2248 2743 2419 2815 ἀρχὴν
2457 2744 2564 2801 ἀπὸ
2596 2744 2789 2815 γηΐνης
2820 2744 3019 2814 σαρκὸς
3042 2742 3333 2813 ἐσχηκέναι
3355 2741 3445 2794 τὸν
3470 2742 3534 2794 ὲκ
3561 2740 3707 2794 Θεοῦ

2127 2836 2302 2905 φύντα
2323 2836 2524 2904 Λόγον·
2573 2835 2816 2906 ἀναιρεῖς
2840 2834 2896 2887 δὲ
2928 2834 3158 2889 είςάπαν
3185 2832 3285 2901 τῆς
3319 2831 3458 2903 μετὰ
3496 2831 3700 2913 σαρκός

2126 2928 2437 2997 οἰκονομίας
2468 2926 2528 2979 τὸ
2559 2929 2874 2997 μυστήριον,
2903 2926 2977 2996 μὴ
3004 2928 3200 2996 χρῆναι
3234 2925 3407 2993 λέγων
3433 2922 3699 2996 ὀνομάζε-

2128 3016 2256 3071 σθαι
2285 3015 2419 3087 πρὸς
2441 3016 2597 3086 ⁴ἡμῶν
2614 3015 2874 3067 Θεοτόκον
2897 3016 2996 3084 τὴν
3021 3014 3179 3081 ἁγίαν
3211 3012 3483 3084 Παρθένον
3502 3028 3517 3043 ο
3550 3028 3706 3083 περι·⁵

2124 3109 2343 3181 τρέπεις
2386 3108 2444 3162 δὲ
2475 3106 2664 3177 ὥσπερ
2712 3108 2790 3169 είς
2838 3105 3080 3175 ἄφυκτόν
3134 3123 3215 3167 τε,
3256 3105 3348 3159 καὶ
3389 3105 3695 3172 ἀναγκαίαν

2123 3199 2411 3269 ὁμολογίαν
2450 3198 2577 3260 τοὺς
2606 3197 2864 3251 Θεοτόκον
2908 3196 3165 3265 λέγοντας
3215 3195 3414 3266 αὐτὴν,
3446 3194 3541 3249 τοῦ
3582 3194 3701 3248 δεῖν

2121 3291 2327 3345 οἴεσθαι
2367 3290 2569 3363 σαρκὸς
2598 3289 2843 3358 γενέσθαι
2866 3289 3076 3360 καρπὸν
3108 3289 3200 3349 τὸν
3231 3289 3296 3342 εκ
3331 3287 3467 3341 Θεοῦ
3496 3287 3689 3356 Λόγον.

2135 3382 2273 3434 Ἀλλ’
2298 3382 2396 3451 οὐχ
2440 3374 2541 3434 ὧδε
2585 3380 2726 3434 τοῦτ’
2762 3381 2903 3450 ἔχει’
2933 3378 3127 3433 πολλοῦ
3159 3396 3222 3448 γε
3260 3379 3354 3437 καὶ
3384 3378 3556 3433 δεῑ.⁶υ
3584 3379 3701 3449 γὰρ

2121 3475 2185 3527 ἐκ
2214 3471 2349 3525 Θεοῦ
2380 3471 2591 3542 Πατρὸς
2614 3472 2713 3542 τὴν
2755 3469 2988 3541 ὕπαρξιν
3028 3468 3167 3540 ἔχων
3210 3469 3308 3540 τὴν
3354 3468 3553 3533 παντὸς
3592 3471 3693 3522 ἑπ-

2122 3564 2306 3618 έκεινα
2334 3564 2548 3634 χρόνου,
2576 3564 2671 3617 καὶ
2701 3562 2809 3634 γάρ
2838 3564 2953 3615 ἐστι
2975 3560 3081 3615 τῶν
3108 3559 3317 3615 αἰώνων
3334 3560 3690 3631 Δημιουργδς,

2122 3657 2178 3708 ἐν
2210 3657 2455 3725 ἐσχάτοις
2487 3654 2579 3707 τοῦ
2602 3654 2796 3717 αἰῶνος
2823 3656 3033 3725 καιροῖς
3053 3653 3173 3707 ἐπεί
3204 3670 3286 3706 τοι
3310 3652 3501 3721 γέγονε
3530 3650 3688 3723 σὰρξ,

2120 3746 2476 3817 γεγεννῆσθαι
2500 3747 2715 3814 λέγεται
2738 3745 2879 3798 κατὰ
2914 3744 3112 3817 σάρκα.
3140 3745 3202 3801 Εί
3234 3743 3343 3815 γάρ
3372 3743 3501 3798 ἴδιον
3521 3742 3688 3799 αύτοῦ

2118 3839 2180 3891 τὸ
2220 3837 2378 3907 σῶμα
2410 3838 2630 3900 νοεῖται,
2654 3836 2771 3900 πῶς
2801 3835 2863 3889 ού
2890 3837 3071 3906 πάντη
3095 3852 3155 3889 τε
3200 3835 3297 3889 καὶ
3348 3835 3569 3898 πάντως
3591 3834 3691 3905 τὴν

2117 3928 2211 3983 τοῦ
2254 3928 2383 3982 ίδίου
2418 3928 2669 3998 σώματος
2700 3926 2954 3999 γέννησιν
2988 3925 3365 3991 οίκειώσεταις
3417 3924 3556 3978 Ἀλλ’
3589 3926 3687 3978 επ-

2116 4020 2314 4091 ῄνεσας
2337 4018 2403 4073 ἂν
2427 4020 2518 4072 καὶ
2540 4018 2702 4082 αὐτὸς
2725 4018 2824 4089 τὴν
2852 4016 2961 4073 τῶν
2981 4016 3124 4071 οὕτω
3149 4016 3479 4081 δοξαζόντων
3525 4015 3690 4087 ὀρθὴν

2117 4112 2210 4165 καὶ
2236 4109 2498 4182 ἀϐέϐηλον
2525 4110 2726 4175 πίστιν,
2777 4111 2827 4163 εί
2869 4109 2925 4163 δὲ
2957 4116 3159 4164 παυτδν
3208 4107 3332 4180 [τον.
3360 4108 3424 4178 δὴ
3452 4105 3686 4179 σαυτὸν]

2117 4202 2429 4256 ἀναπείθειν
2468 4201 2658 4273 ἠθελες
2686 4200 3100 4270 διαλογίζεσθαι,
3127 4201 3222 4259 καὶ
3262 4198 3566 4270 ὁμολογεῖν,
3600 4199 3685 4253 ὅτι

2115 4297 2246 4360 Θεὸς
2277 4295 2489 4367 άληθῶς
2521 4297 2665 4353 ἐστιν
2701 4298 2731 4350 6
2766 4294 3019 4365 Χριστὸς,
3049 4288 3127 4356 εἷς
3166 4309 3226 4346 τε
3284 4292 3381 4345 καὶ
3414 4291 3573 4360 μόνος
3609 4288 3688 4344 ὣν

2113 4388 2206 4443 τοῦ
2237 4387 2371 4443 Θεοῦ
2416 4388 2511 4444 καὶ
2554 4387 2787 4459 Πατρός,
2819 4388 2878 4440 ού
2908 4385 3234 4460 διῃρημένος
3275 4385 3355 4448 είς
3400 4382 3686 4450 ἄνθρωπον

444 4473 693 4537 seorsim,
719 4482 773 4527 ct
805 4474 861 4527 in
895 4473 1061 4528 Deum
1098 4474 1370 4539 similiter,
1398 4476 1493 4531 sed
1514 4478 1762 4532 eumdem
1791 4495 1910 4535 esse
1947 4491 2003 4536 et

2118 4480 2318 4544 ίδικῶς,
2349 4481 2441 4533 καὶ
2483 4480 2683 4549 ὁμοίως
2720 4480 2797 4542 είς
2827 4477 2978 4541 Θεὸν,
3009 4477 3124 4531 ἀλλ’
3153 4477 3181 4528 6
3212 4475 3373 4537 αὐτὸς
3401 4474 3683 4544 ὑπάρχων,

441 4579 509 4619 ex
549 4564 658 4619 Deo
688 4562 849 4620 Patre
903 4566 1175 4631 Verbum,
1226 4576 1281 4621 et
1324 4582 1389 4621 ex
1452 4568 1678 4624 muliere
1726 4570 1998 4627 hominem

443 4657 613 4711 nostri
645 4657 899 4720 similem,
933 4672 1147 4727 unaque
1184 4656 1351 4713 Deum
1411 4674 1755 4728 permanere.
1812 4661 1919 4717 Sed
1955 4675 2004 4719 te

440 4748 761 4805 calumniari
810 4749 954 4804 illam
1005 4750 1165 4805 Verbi
1198 4752 1619 4820 generationem
1669 4754 1774 4823 ιο
1801 4770 2001 4809 secun-

442 4842 568 4896 dum
589 4857 828 4905 carnem,
858 4859 977 4897 cum
1011 4843 1205 4914 ubique
1234 4847 1366 4899 duos
1394 4861 1609 4900 asseras
1637 4846 1797 4913 ﬁlios,
1832 4856 1888 4901 et
1917 4848 2001 4900 di-

440 4937 595 4991 vidas
621 4952 783 4989 unum
811 4935 1089 4989 Dominum
1137 4935 1321 4991 Jesum
1369 4935 1680 5004 Christum,
1706 4953 1810 4991 non
1845 4939 2002 5004 meis,

439 5029 532 5084 sed
569 5028 671 5083 tuis
696 5029 871 5083 verbis
901 5029 1235 5096 perspicuum
1266 5029 1377 5083 ﬁet.

511 5117 751 5175 Nssron.
789 5119 949 5191 [Vide
979 5118 1107 5189 quid
1146 5131 1528 5188 consequatur,
1579 5121 1849 5173 haeretico.
1884 5118 2001 5173 Non

442 5210 657 5265 invideo
691 5212 830 5264 hanc
877 5222 1062 5263 vocem
1087 5209 1288 5264 Christi
1339 5210 1587 5277 genitrici
1621 5208 1824 5279 Virgini
1852 5251 1867 5275 ,
1910 5210 2004 5264 sed

441 5297 566 5353 novi
583 5298 944 5353 venerandam
976 5312 1093 5353 esse
1122 5313 1240 5366 qua:
1263 5295 1431 5352 Deum
1454 5299 1668 5367 excepit
1689 5340 1702 5362 ,
1726 5315 1821 5368 per
1839 5315 2000 5367 quam

446 5390 760 5461 pertransiit
809 5390 897 5444 ille
940 5390 1313 5444 universorum
1358 5389 1636 5455 Dominus,
1691 5406 1785 5459 per
1838 5406 2001 5459 quam

442 5479 641 5535 ciIulsit
671 5480 750 5537 sol
772 5480 1014 5550 iustitiae.
1038 5478 1271 5533 Rursum
1298 5492 1609 5549 suspectum
1646 5483 1817 5537 habeo
1850 5485 1998 5537 hunc

441 5573 708 5642 plausum.
756 5573 1033 5639 Quomodo
1082 5572 1310 5627 verbum
1359 5573 1488 5627 illud
1544 5576 1869 5643 pertransiit,
1917 5577 1998 5631 in-

509 5750 553 5783 "
576 5749 732 5807 Joan.
758 5766 869 5819 xw,
899 5749 987 5808 50.
1070 5751 1112 5783 ³⁸
1149 5747 1165 5803 l
1199 5752 1324 5806 Cor.
1354 5764 1442 5817 xv,
1490 5749 1573 5805 i7.

2116 4574 2208 4627 καὶ
2233 4575 2297 4627 ὲκ
2322 4571 2455 4625 Θεοῦ
2486 4570 2696 4642 Πατρός
2732 4570 2923 4637 Λόγος,
2946 4570 3051 4627 ,καὶ
3093 4569 3157 4621 ἐκ
3189 4566 3444 4636 γυναικὸς
3474 4565 3685 4636 ἄνθρω·

2112 4682 2213 4729 πος
2252 4663 2374 4717 καθ’
2401 4664 2567 4733 ἡμᾶς,
2602 4661 2739 4731 μετὰ
2769 4659 2864 4714 τοῦ
2904 4662 3083 4730 μεῖναι
3126 4658 3409 4721 Θεός.”οτι
3436 4656 3495 4709 δὲ
3526 4671 3685 4708 cum.

2112 4758 2329 4827 φαντεῖς
2345 4755 2437 4809 τοῦ
2456 4756 2628 4823 Λόγον
2645 4754 2744 4826 τὴν
2769 4753 2908 4808 κατὰ
2941 4753 3116 4820 σάρκα
3135 4751 3406 4821 γέννησιν,
3423 4748 3517 4803 δύο
3540 4765 3681 4818 πρεο

2112 4847 2319 4901 σϐεύων
2340 4847 2487 4909 υἱοὺς
2514 4847 2779 4915 πανταχῇ,
2800 4844 2893 4901 καὶ
2918 4842 3216 4913 διατέμνων
3241 4842 3335 4894 τὸν
3358 4840 3453 4894 ἕνα
3478 4840 3683 4910 Κύριον

2123 4938 2328 5009 Ἰησοῦν
2351 4936 2603 5007 Χριστὸν,
2632 4936 2692 4989 ού
2716 4935 2803 4991 διὰ
2838 4934 2945 4987 τῶν
2972 4933 3142 5003 ἐμῶν,
3169 4931 3301 4987 ἀλλὰ
3322 4932 3410 4987 διὰ
3435 4931 3543 4985 τῶν
3573 4931 3682 4987 σῶν

2110 5027 2453 5098 δειχθήσεται
2491 5026 2681 5095 λόγων.

2182 5118 2377 5191 [Βλέπε
2410 5118 2470 5171 τὸ
2500 5118 2815 5186 συμϐαῖνον,
2834 5115 3107 5187 αίρετικὲ’
3137 5116 3197 5168 οὐ
3230 5113 3408 5182 φθονῶ
3436 5116 3535 5184 τῆς
3568 5130 3679 5180 φω-

2104 5210 2201 5281 νῆς
2252 5212 2318 5279 τῇ
2352 5210 2700 5280 Χριστοτόκῳ
2740 5206 3022 5278 Παρθένῳ,
3069 5205 3183 5259 ἀλλ’
3212 5202 3329 5265 οἴδα
3377 5204 3680 5273 σεδασμίαν

2101 5304 2202 5373 τὴν
2247 5302 2544 5374 δεξαμένην
2590 5301 2743 5365 Θεὸν,
2778 5300 2845 5353 δι’
2868 5296 2936 5371 ἧς
2984 5298 3262 5369 παρῆλθεν
3309 5301 3338 5353 ὀ
3390 5298 3499 5351 τῶν
3544 5296 3680 5349 ὅλων

2102 5395 2399 5465 Δεσπότης,
2433 5395 2501 5448 δι’
2526 5388 2594 5466 ἦς
2620 5392 2930 5463 ἀνέλαμψεν
2956 5394 2985 5445 ό
3012 5392 3113 5463 τῆς
3138 5391 3481 5461 δικαιοσύνης
3506 5390 3675 5459 ἣλιος.

2100 5486 2269 5541 Πάλιν
2312 5485 2605 5543 ὑποπτεύω
2653 5485 2744 5538 τὸν
2794 5484 2986 5555 κρότον
3021 5501 3033 5513 ·
3086 5482 3203 5547 πῶς
3252 5482 3311 5536 τὸ
3369 5479 3679 5549 παρῆλθεν

2098 5577 2385 5649 ἐνοήσατε;
2415 5577 2514 5632 οὐκ
2554 5576 2768 5647 εἴρηταὶ
2802 5594 2893 5647 μοι
2936 5576 3016 5645 τὸ,
3054 5574 3385 5645 παρῆλθεν,
3414 5573 3538 5628 ἀντὶ
3558 5570 3672 5636 τοῦ,
