4054 6332
361 347 430 398 25
1454 348 1823 405 ADVERSUS
1863 347 2267 405 NESTOlilUM
2310 350 2439 407 LIB.
2483 349 2525 408 Ι.
3539 361 3611 416 26

360 464 684 534 ὲγεννήθψ
715 466 774 517 ού
810 465 918 535 γὰρ
950 464 1093 519 οὕτω
1120 467 1327 535 ταχέως
1354 469 1782 539 ἐπιλανθάνομαι
1828 469 1936 520 τῶν

2044 468 2370 525 tellexistis?
2415 469 2528 525 Non
2556 470 2688 532 dixi,
2722 471 3052 537 pertransiit,
3090 487 3187 538 pro
3212 485 3277 524 co
3310 472 3453 539 quod
3484 484 3567 526 est
3592 514 3609 538 ,

366 562 541 615 ἰδίων·
584 560 647 614 τὸ
697 560 984 630 παρελθεῖν
1029 561 1121 613 τὸν
1174 562 1306 615 Θεὸν
1352 563 1417 615 ἐκ
1446 564 1543 633 τῆς
1572 564 1932 633 Χριποτὸκου

2043 560 2243 627 genitus
2286 568 2364 614 ut
2391 575 2409 611 .'
2443 574 2546 614 non
2585 561 2731 615 enim
2798 561 2870 614 ita
2931 561 3090 615 facile
3140 577 3273 616 mea:
3318 564 3619 616 sententiae.

363 650 641 720 Παρθένου
679 650 829 719 παρὰ
870 653 966 721 τῆς
1001 650 1150 715 θείας
1179 652 1463 722 ἐδιδάχθην
1502 654 1743 723 Γραφῆς,
1778 654 1837 709 τὸ
1880 654 1935 706 δὲ

2043 648 2346 707 obliviscor.
2386 648 2755 705 Pertransisse
2802 650 2968 704 υοειιιιι
3007 668 3070 705 ex
3104 651 3316 707 Christi
3350 654 3612 722 genitrice

362 742 688 810 γεννηθῆναι
716 740 849 793 Θεὸν
880 740 939 804 ἐξ
971 741 1160 803 αὐτῆς,
1191 741 1429 803 οὐδαμοῦ
1462 742 1790 813 ὲδιόἀχθην.]
1827 744 1937 797 Καὶ

2043 734 2257 799 Virgine
2285 750 2313 787 a
2342 737 2512 791 sacris
2547 736 2771 793 Litteris
2809 738 2974 792 (lltlit‘i
3011 778 3027 802 ,
3067 741 3161 795 sed
3194 740 3360 795 Deum
3396 756 3468 795 et
3497 742 3608 809 ipsa

366 831 487 900 μεθ’
515 832 711 901 ’ἐτερα’
744 828 1016 901 ίυύδαμοῦ
1044 831 1224 883 τοίνυν
1253 834 1285 901 ἡ
1321 831 1441 887 θεία
1483 833 1675 903 Γραφὴ
1709 833 1841 885 Θεὸν
1871 833 1937 888 ἐκ

2043 827 2280 894 genitum
2314 843 2580 894 nusquam
2629 828 2840 901 didici]
2878 828 2943 883 Et
2968 840 3088 899 post
3116 831 3219 885 alia
3252 847 3265 883 :
3311 830 3610 903 [Nusquam

366 922 455 990 τῆς
488 922 855 990 Χριστοτὸκου
912 922 1061 989 λέγει
1105 923 1486 995 γεγεννῆσθαι,
1532 925 1667 977 ἀλλά
1706 925 1935 994 Ἰησοῦν,

2043 934 2168 989 ergo
2207 920 2402 977 divina:
2434 919 2665 977 Litterze.
2697 922 2866 975 Deum
2894 937 2961 974 ex
2990 922 3190 977 Christi
3220 923 3484 989 geuitrice
3511 939 3611 990 ge-

362 1012 618 1082 Χριστὸν,
648 1013 796 1075 Υἰὸν,
832 1012 1086 1086 Κύριον.]
1139 1015 1483 1086 Προσεπάγει
1509 1017 1565 1077 δὲ
1594 1016 1823 1082 τούτοις,
1855 1018 1937 1074 ὅτι

2043 1012 2209 1065 nitmu
2239 1012 2445 1077 dicunt,
2479 1012 2573 1068 sed
2614 1011 2822 1077 Jcsum,
2847 1014 3149 1078 Christum,
3180 1015 3394 1079 Filium,
3428 1015 3613 1069 Domi-

366 1105 439 1173 μὴ
469 1105 601 1168 Θεὸς
633 1106 871 1177 ἀληθῶς,
905 1108 1163 1183 θεοφόρος
1188 1110 1245 1162 δὲ
1280 1108 1483 1177 μᾶλλον
1508 1109 1792 1179 ἄνθρωπος
1820 1104 1888 1181 ἦν
1911 1111 1940 1165 6

2043 1099 2218 1171 num.]
2254 1102 2333 1158 Ad
2366 1102 2481 1157 hmc
2511 1100 2731 1164 subiicit
2758 1102 3032 1157 Christum
3066 1119 3171 1157 non
3206 1103 3371 1159 Deum
3401 1119 3615 1166 verum,

364 1193 616 1263 Χριστὸς,
651 1194 726 1259 ὼς
758 1196 889 1263 γοῦν
914 1198 1108 1264 οἴεται,
1146 1198 1505 1261 καταδεικνὺς
1526 1197 1623 1268 τὴν
1653 1196 1747 1255 τοῦ
1771 1196 1940 1266 ἀγγέ-

2043 1191 2133 1246 sed
2162 1190 2433 1249 Deiferum
2461 1191 2639 1261 potius
2669 1193 2938 1247 hominem
2960 1193 3149 1260 fuisse,
3186 1203 3237 1247 ut
3292 1194 3407 1263 ipse
3432 1203 3609 1262 putat,

363 1286 454 1338 λου
494 1288 678 1363 φωνὴν
705 1289 785 1362 τῷ
802 1290 1060 1363 μακαρίῳ
1088 1291 1339 1361 λέγοντος
1354 1291 1572 1362 Ἰωσήφ·
1596 1308 1616 1342 ι
1641 1290 1761 1358 Ἐγε
1772 1289 1939 1360 ρθεὶςο

364 1377 647 1447 παράλασε
669 1379 732 1431 τὸ
760 1379 970 1439 παιδίον
992 1397 1036 1435 ἰ
1069 1382 1271 1435 είδέναι
1306 1381 1363 1434 δέ
1402 1399 1535 1451 φησι
1563 1381 1657 1437 καὶ
1683 1380 1808 1447 τοὺς
1846 1380 1942 1449 ἀγ-

363 1471 573 1537 γέλους,
604 1470 781 1525 καίτοι
809 1473 1154 1546 σοφωτέρους
1197 1466 1359 1541 ὄντας
1405 1472 1582 1545 ἡμῶν,
1616 1474 1698 1528 ὃτι
1730 1473 1942 1531 παιδίον

362 1581 451 1634 ην.

962 1676 1221 1735 ΚΕΦΑΛ.
1262 1681 1337 1738 B'.

434 1788 720 1885 Λὶρετικον
755 1791 854 1885 μέν
887 1786 981 1847 οὖν
1019 1792 1080 1845 ἐν
1117 1792 1331 1857 τούτοις
1358 1794 1625 1851 ἀποκαλεῖ
1653 1795 1745 1853 τὸν
1771 1795 1942 1869 ὀρθήν
1970 1827 2015 1885 Β

365 1881 556 1952 ἔχοντα
598 1881 693 1941 καὶ
736 1881 1194 1955 τεθαυμασμὲνην
1235 1884 1328 1939 ἐπὶ
1359 1885 1580 1957 Χριστῷ
1605 1886 1706 1958 τὴν
1734 1888 1938 1957 πίστιν,

366 1972 459 2030 καὶ
484 1972 716 2043 ἐπείπερ
747 1973 863 2029 tari.
892 1974 1024 2039 Θεὸς
1053 1974 1291 2046 ἀληθῶς,
1320 1975 1581 2030 Θεοτόκον
1609 1977 1943 2049 ὀνομάζοντα

364 2066 462 2137 τὴν
507 2066 775 2125 τεκοῦσαν
826 2067 1009 2123 αὐτόν.
1049 2067 1265 2127 Γένοιτο
1308 2068 1355 2122 θ’
1388 2068 1455 2124 ἀν
1503 2070 1678 2124 οὐδενὶ
1720 2072 1830 2125 τῶν
1880 2069 1941 2129 εῦ

367 2158 1054 2231 φρονούντων-ἀμφίλογον,
1082 2161 1164 2215 ὅτι
1194 2164 1305 2226 τοῖς
1333 2162 1471 2233 ὀρθὰ
1493 2164 1711 2234 φρονεῖν
1733 2165 1944 2237 ᾑρημέ-

363 2269 471 2315 νοις
504 2252 597 2307 τὸν
635 2253 746 2311 τῶν
787 2251 1055 2323 αἱρέσεων
1092 2253 1284 2324 μῶμον
1325 2254 1599 2319 ἀνάπτων,
1626 2255 1788 2319 αὐτὸς
1832 2255 1944 2310 τῶν

368 2344 512 2402 ἰδίων
536 2343 783 2415 καθαριεῖ
811 2343 985 2413 λόγων
1010 2345 1072 2398 τὸ
1102 2345 1336 2409 ἀκαλλὲς
1356 2363 1370 2377 ο
1410 2345 1571 2416 μόνον
1607 2347 1664 2401 δὲ
1695 2348 1818 2419 οὐχὶ
1847 2349 1942 2402 καὶ

360 2434 765 2505 διωμολόγηκεν
798 2436 1067 2507 ἐναργῶς,
1094 2437 1169 2500 ὡς
1195 2436 1300 2502 ἔξω
1323 2454 1427 2491 που
1454 2439 1556 2509 τῆς
1584 2441 1664 2503 είς
1690 2440 1819 2494 εὐθὺ
1845 2440 1942 2512 φέ-

366 2543 517 2598 ρεται
550 2526 762 2596 τρίϐου,
793 2526 889 2581 καὶ
917 2527 1125 2599 τροπὰς
1156 2528 1232 2599 (ί)
1269 2532 1502 2583 ποιεῖται
1528 2531 1625 2595 τὰς
1649 2531 1942 2605 διεστραμ-

366 2616 553 2684 μένας.
587 2614 723 2673 Εἶτα
768 2617 887 2681 sub;
926 2620 989 2672 ού
1019 2619 1252 2688 φθονεῖς,
1282 2620 1405 2675 ειπέ
1435 2639 1548 2693 μοι,
1580 2622 1682 2691 τῆς
1723 2625 1940 2680 τοιᾶσδε

364 2709 546 2779 φωνῆς
568 2712 637 2780 τῇ
659 2710 792 2782 ἁγίᾳ
812 2710 1077 2783 Παρθένῳ
1092 2751 1108 2776 ,
1130 2712 1314 2768 καίτοι
1340 2716 1439 2785 τῆς
1462 2714 1613 2778 θείας
1635 2717 1941 2787 γεννήσεως

364 2800 604 2872 ἀναιρῶν
639 2801 697 2855 es
728 2800 982 2873 ἀξίωμα,
1018 2805 1113 2858 καὶ
1145 2804 1413 2860 Θεοτὸκον
1454 2806 1555 2861 οὐκ
1592 2803 1733 2863 εἶναι
1760 2807 1940 2877 λέγων

366 2893 570 2963 αύτὴν;
603 2894 1101 2967 Κατακιόδηλεύων
1131 2896 1188 2952 δὲ
1220 2896 1321 2969 τὴν
1354 2895 1519 2964 λέξιν,
1551 2896 1644 2952 καὶ
1695 2898 1941 2971 βλασφη-

369 2989 495 3057 μίας
530 2989 825 3059 ὲπίμεστον
858 2984 997 3043 εἶναι
1030 2988 1530 3060 διαϐεϐαιούμενος,
1582 2989 1703 3046 τίνα
1740 2993 1940 3066 τρόπον

365 3080 523 3149 ἐφίης
559 3084 669 3143 τοῖς
699 3081 978 3134 ἐθέλουσιν
1008 3082 1306 3154 ἀπονέμειν
1336 3085 1509 3154 αὐτὴν
1539 3086 1603 3155 τῇ
1633 3083 1766 3155 ἀγίᾳ
1791 3085 1940 3155 Παρ-

2040 1283 2320 1353 prolerens
2348 1283 2493 1339 illam
2514 1285 2689 1354 angeli
2715 1299 2898 1339 vocem
2921 1286 3085 1339 beato
3105 1284 3302 1353 Joseph
3332 1286 3567 1341 dicentis
3589 1301 3619 1339 ις

2045 1390 2068 1425 ι
2105 1374 2298 1445 Surge,
2333 1384 2388 1429 et
2420 1376 2606 1445 accipe
2634 1389 2860 1447 puerum
2883 1375 2931 1408 δ’
2964 1392 3013 1429 ι»
3051 1387 3216 1445 atque
3236 1377 3379 1446 ipsos
3401 1391 3618 1446 quoque

2040 1465 2280 1537 angelos,
2312 1468 2403 1541 qui
2443 1469 2602 1524 nobis
2654 1470 2840 1537 procul
2886 1469 3049 1525 dubio
3082 1479 3209 1526 sunt
3232 1471 3617 1543 sapientiores,

2041 1557 2265 1613 scivisse
2298 1558 2372 1613 ait
2400 1573 2627 1629 puerum
2659 1557 2843 1617 fuisse.

2720 1671 2872 1728 CAP.
2905 1670 2970 1730 ll.

2115 1782 2437 1839 llzereticum
2471 1785 2524 1839 in
2558 1784 2645 1840 bis
2692 1795 2851 1840 vocat
2873 1801 2994 1842 eum
3025 1786 3118 1859 qui
3156 1797 3359 1842 rectam
3387 1802 3452 1843 ac
3484 1806 3615 1861 pro-

2045 1875 2167 1933 bam
2190 1876 2258 1931 de
2287 1876 2506 1933 Christo
2536 1877 2696 1932 lldem
2725 1878 2909 1943 habet,
2944 1887 2997 1933 et
3019 1879 3147 1949 quia
3177 1893 3309 1934 vere
3335 1880 3477 1935 Deus
3507 1892 3615 1946 est,

2044 1984 2165 2039 qua
2195 1970 2342 2025 illum
2370 1972 2578 2041 peperit
2605 1970 2696 2025 Dei
2742 1956 3058 2043 genitricem
3101 1971 3354 2042 appellat.
3396 1971 3611 2027 Nemini

2043 2069 2225 2117 autem
2276 2060 2508 2130 capienti
2573 2059 2803 2114 dubium
2866 2069 2973 2124 est,
3019 2061 3112 2130 qui
3166 2074 3314 2116 recte
3372 2062 3616 2118 sentien-

2044 2151 2190 2207 tibus
2224 2152 2448 2208 bteresis
2474 2151 2739 2208 maculam
2767 2156 3028 2223 aspergit,
3063 2170 3191 2210 eum
3223 2170 3321 2211 sua
3358 2155 3523 2211 verba
3556 2164 3616 2210 ut

2045 2258 2326 2313 perperam
2363 2244 2505 2299 dicta
2558 2244 2821 2299 damnare
2846 2285 2861 2310 ,
2895 2253 3224 2316 tantumque
3273 2261 3378 2301 non
3426 2260 3617 2317 aperte

2043 2336 2200 2391 fateri
2222 2351 2283 2391 se
2308 2344 2460 2390 extra
2488 2344 2691 2391 rectam
2720 2336 2972 2391 semitam
3002 2336 3157 2403 ferri,
3218 2349 3272 2392 et
3319 2354 3608 2405 perversas

2041 2440 2236 2495 parare
2262 2424 2366 2481 sibi
2401 2424 2532 2481 vias.
2574 2423 2696 2480 Jam
2724 2441 2876 2492 vero,
2900 2426 2985 2481 dic
3018 2427 3172 2493 mihi,
3195 2427 3447 2493 obsecro,
3475 2443 3614 2499 quo-

2043 2525 2203 2573 modo
2256 2519 2396 2574 hanc
2450 2534 2639 2575 vocem
2683 2530 2887 2576 sanctae
2938 2519 3148 2590 Virgini
3187 2537 3292 2575 non
3350 2521 3617 2588 invideas.

2041 2626 2161 2666 cum
2197 2611 2266 2666 ab
2290 2627 2354 2666 ea
2386 2612 2583 2667 divina:
2634 2611 3005 2681 generationis
3051 2612 3371 2682 dignitatem
3419 2613 3577 2667 tollas
3600 2653 3617 2674 ,

2040 2712 2095 2756 et
2125 2702 2293 2771 ipsam
2321 2717 2443 2758 esse
2466 2704 2555 2757 Dei
2588 2704 2905 2775 genitricem
2933 2705 3140 2773 neges?
3168 2705 3299 2759 Cum
3326 2718 3460 2758 vero
3489 2720 3610 2758 eam

2041 2806 2223 2847 vocem
2255 2793 2548 2861 improbes,
2573 2804 2629 2847 et
2663 2793 2877 2861 plenam
2911 2808 3033 2849 esse
3077 2794 3431 2863 blasphemiae
3459 2808 3615 2847 asse-

2040 2897 2152 2946 ras,
2185 2884 2455 2952 quomodo
2488 2884 2797 2939 volentibus
2835 2899 2956 2938 eam
3000 2894 3205 2940 sanctae
3255 2885 3463 2957 Virgini
3516 2885 3616 2939 tri-

2043 2975 2207 3029 buere
2245 2973 2515 3042 permittis
2541 2975 2565 3028 ἲ
2591 2974 2753 3044 Atqui
2788 2992 2817 3029 a
2846 2987 2897 3030 te
2931 2975 3079 3029 illam
3111 2976 3481 3031 venerandam
3514 2992 3611 3033 vo-

2043 3066 2154 3121 cari
2188 3066 2395 3120 audio:
2441 3066 2636 3122 deinde
2665 3082 2856 3122 vocem
2910 3068 3045 3122 adeo
3091 3067 3460 3137 blasphemam
3485 3108 3502 3133 ,
3562 3077 3618 3123 ut

367 3168 503 3239 θένῳ
522 3187 535 3234 ;
557 3169 747 3223 Καίτοι
769 3170 1072 3241 σεδασμίαν
1095 3171 1279 3225 ἀκούω
1303 3172 1554 3241 λέγοντος
1581 3173 1755 3244 αὑτήν
1775 3190 1790 3205 ·
1822 3168 1940 3227 εἶτα

2049 3159 2143 3213 tibi
2174 3157 2294 3227 ipsi,
2336 3168 2388 3213 et
2418 3158 2635 3228 quidem
2670 3159 2792 3223 soli,
2830 3159 3063 3224 videtur,
3116 3160 3285 3229 ipsius
3312 3160 3619 3214 veneratio-

366 3262 464 3332 τὴν
512 3262 831 3333 βλάσφημον
876 3264 1021 3318 οὕτω
1064 3263 1268 3335 φωνὴν,
1300 3266 1443 3318 κατά
1472 3282 1535 3332 γε
1567 3264 1628 3318 τδ
1654 3263 1804 3334 αὐτῷ
1836 3282 1938 3329 σοι,

368 3355 461 3407 καὶ
502 3355 647 3426 μόνῳ
683 3355 893 3420 δοκοῦν,
932 3356 1164 3423 πρέπειν
1209 3356 1370 3428 οἰήσῃ
1415 3359 1486 3425 τῇ
1532 3355 1943 3427 σεδασμιὼτήτι

369 3446 605 3517 κοσμοῦν
651 3445 779 3517 [τσ.
810 3450 877 3518 τῇ
923 3446 1366 3519 σεϐασμιωτάτῃ,
1401 3447 1497 3500 καὶ
1540 3447 1802 3519 κοσμοῦν]
1847 3448 1942 3501 καὶ

370 3537 663 3605 στεφανοῦν
693 3536 1034 3608 ὐποπλάττῃ,
1057 3536 1227 3607 γέρας
1244 3537 1432 3606 ὥσπερ
1455 3536 1731 3607 ἐξαίρετον
1751 3538 1942 3591 ἀνατι-

368 3631 478 3693 θεὶς
497 3631 655 3701 αὐτῇ,
686 3630 787 3697 τὴν
813 3629 953 3687 κατὰ
974 3629 1068 3683 τοῦ
1094 3630 1231 3687 Θεοῦ
1256 3629 1429 3696 Λόγου
1456 3629 1847 3697 συκοφαντίαν;
1876 3628 1939 3682 Εἰ

366 3722 475 3792 γάρ
512 3723 657 3779 ἐστιν
695 3722 830 3783 ὅλως
865 3721 974 3774 τῶν
997 3721 1401 3791 ἀπηχθημένων
1430 3721 1506 3791 τῷ
1526 3724 1588 3775 ὲκ
1608 3721 1742 3776 Θεοῦ
1783 3722 1941 3791 φύντι

368 3815 547 3885 Λόγῳ,
576 3814 638 3868 τὸ
669 3815 923 3883 γέννησιν
956 3813 1246 3883 ὑπομεῖναι
1282 3815 1550 3885 σαρκικήν
1572 3831 1585 3845 ν
1613 3812 1730 3868 εἶτα
1752 3815 1943 3868 Θεοτό-

368 3924 463 3959 κον
507 3905 868 3974 ὀνομάζεσθαι
908 3906 1211 3974 συγχωρεῖς
1256 3903 1354 3975 τὴν
1392 3904 1451 3957 οὐ
1485 3905 1748 3958 τεκοῦσαν
1783 3906 1938 3967 Θεὸν,

367 3993 454 4067 ἆρ’
475 3996 575 4050 οῦκ
606 3997 800 4066 ἀληθὲς
833 3997 1011 4053 εἰπεῖν
1039 3996 1114 4059 ὡς
1152 3996 1651 4066 καταπειρρόνηκας
1691 3996 1941 4065 ἐναργῶς

366 4088 475 4140 τῶν
515 4087 857 4141 Δεσποτεκῶν
896 4086 1253 4156 θελημάτων;
1292 4088 1406 4141 Ούκ
1439 4087 1506 4141 ἂν
1542 4087 1727 4157 ἀλοίης
1780 4105 1937 4160 περι-

367 4180 603 4253 υϐρίζων
634 4180 833 4251 μᾶλλον
858 4181 956 4251 τὴν
988 4179 1311 4251 σεθασμίαν,
1332 4180 1521 4249 ἤγουν,
1544 4178 1621 4242 ὼς
1647 4178 1809 4242 αὐτὸς
1836 4180 1939 4232 οίει

365 4292 425 4331 τε
446 4274 538 4327 καὶ¹
563 4274 759 4343 λέγεις,
785 4276 949 4344 τιμᾷν
981 4273 1275 4345 ᾑρημένος,
1298 4272 1398 4342 τὴν
1428 4270 1505 4342 τῷ
1525 4271 1644 4341 Θεῷ
1676 4289 1939 4325 κατεστυ-

366 4367 614 4436 γημένην
647 4365 829 4435 φωνὴν
863 4365 1155 4434 ἀπονέμων
1186 4365 1361 4434 αὐτῇς
1395 4363 1469 4415 Οὐ
1507 4361 1615 4432 γάρ
1646 4361 1739 4427 οὓς
1772 4363 1939 4433 τιμᾷν

368 4458 704 4526 ἐγνώκαμεν,
751 4458 960 4519 τούτοις
987 4455 1224 4526 ὀνόματα
1254 4454 1610 4525 χαριούμεθα,
1652 4454 1721 4508 τὰ
1768 4454 1833 4507 δι’
1863 4448 1938 4507 ὧν

367 4555 401 4620 ἠ
440 4554 539 4621 τῆς
567 4550 829 4603 ἀνωτάτω
872 4549 1086 4618 φύσεως
1128 4548 1364 4602 ἀδικοῖτο
1392 4546 1549 4610 δόξα’
1588 4547 1806 4617 πρῶτον
1839 4547 1937 4617 μὲν

369 4644 505 4710 σφᾶς
534 4643 728 4704 αὐτοὺς
758 4640 1012 4709 τοιαύτης
1046 4639 1356 4709 δυσφημίας
1398 4637 1736 4708 ἐγκλήμασιν
1775 4638 1942 4691 ἐνιέν-

366 4751 456 4798 τες
490 4735 825 4804 ἀγνοήσομεν
845 4750 859 4765 ’
895 4730 1014 4785 εἶτα
1047 4730 1183 4800 πρὸς
1211 4729 1441 4794 τούτοις,
1468 4730 1527 4782 ού
1565 4729 1801 4800 μετρίως
1830 4729 1937 4782 ἁδι-

368 4826 628 4896 κήσομεν,
654 4824 729 4886 ὡς
757 4826 812 4877 ὲν
839 4822 1107 4893 ὑπολήψει
1132 4823 1319 4892 τιμῆς,
1349 4822 1477 4883 τοὺς
1508 4820 1936 4891 ἐπαινουμένους

367 4915 477 4975 τοῖς
517 4914 616 4967 οὐκ
649 4911 930 4966 ὲπαινοῦσι
975 4909 1493 4980 κατασεμνύνοντες,
1545 4910 1640 4963 καὶ⁴
1685 4911 1939 4981 θεομισὲς

367 5003 547 5065 αὐτοῖς
580 5002 955 5070 ἐξυφαίνοντες
986 5002 1047 5053 τὸ
1094 5000 1389 5070 ἐγκώμιον.
1437 4998 1749 5068 Θαυμάσειε
1796 4999 1841 5051 δ’
1868 4999 1934 5051 ἄν

365 5111 448 5158 τις
487 5094 623 5164 πρὸς
656 5094 830 5163 τούτῳ
862 5094 1108 5146 κάκεῖνο·
1134 5091 1248 5146 ἀνω
1277 5109 1338 5144 τε
1376 5091 1486 5162 γὰρ
1519 5092 1612 5145 καὶ
1636 5090 1787 5144 κάτω
1814 5093 1933 5154 ταῖς

437 5238 480 5270 ⁸ο
512 5232 700 5295 Matth.
739 5248 800 5301 ιι,
833 5232 918 5295 15.

2051 3253 2101 3306 ni
2132 3251 2425 3306 convenire
2454 3251 2642 3319 putas?
2680 3250 2982 3306 Houestare
3022 3252 3170 3306 illam
3217 3262 3271 3305 et
3314 3266 3515 3305 ornare
3566 3259 3619 3306 te

2049 3344 2296 3408 simulas,
2327 3344 2452 3395 dum
2505 3341 2693 3397 falsam
2730 3343 2990 3398 adversus
3023 3344 3190 3398 Deum
3239 3342 3476 3398 Verbum
3530 3357 3619 3396 ca-

2048 3434 2306 3491 lumniam
2342 3434 2486 3488 velut
2521 3435 2848 3504 praecipuum
2882 3435 2957 3489 illi
2990 3452 3184 3491 munus
3219 3437 3371 3491 dicas
3404 3437 3428 3490 ?
3481 3436 3614 3490 Nam

2049 3527 2092 3582 si
2152 3543 2378 3597 prorsus
2422 3528 2812 3581 exsecrandum
2863 3539 2949 3583 cst
3008 3529 3182 3583 Verbo
3219 3545 3286 3584 ex
3344 3532 3452 3583 Deo
3494 3541 3619 3583 uato

2048 3620 2321 3674 carnalem
2348 3621 2530 3675 subire
2564 3621 2969 3688 generationem
2998 3639 3013 3683 ;
3051 3622 3245 3675 deimle
3280 3622 3450 3684 illam,
3494 3638 3614 3690 qua:

2051 3711 2216 3765 Deum
2240 3727 2341 3764 non
2365 3711 2567 3781 genuit,
2591 3711 2677 3764 Dei
2695 3712 3011 3780 genitricem
3035 3711 3288 3779 appellari
3318 3713 3570 3766 concedis
3600 3727 3615 3765 :

2053 3803 2151 3873 ιι
2185 3819 2249 3855 au
2285 3819 2387 3857 nou
2413 3817 2539 3857 vere
2569 3803 2673 3857 dici
2706 3804 2905 3869 poterit
2954 3814 3005 3857 te
3057 3802 3386 3857 Dominicam
3429 3805 3619 3857 volun-

2050 3902 2213 3947 tatem
2281 3885 2713 3961 cdutcmpsisse?
2762 3893 2949 3947 Noane
2996 3894 3412 3961 deprehenderis
3472 3894 3615 3951 illam

2047 3986 2409 4041 venerandam
2447 3987 2639 4053 injuria
2672 3987 2844 4056 magis
2872 3985 3102 4050 allicere,
3140 4003 3324 4054 quam,
3345 3997 3401 4040 ut
3432 3996 3484 4039 tu
3518 3978 3634 4056 [ιιι-ἔ

2049 4087 2129 4133 tas
2159 4094 2224 4132 ac
2248 4080 2401 4143 dicis,
2435 4082 2721 4133 honestare
2753 4079 2910 4137 velle,
2947 4094 3069 4132 cum
3117 4095 3336 4133 exosam
3385 4081 3494 4133 Deo
3524 4094 3618 4133 νο·-

2046 4184 2162 4224 cem
2203 4169 2275 4223 illi
2313 4168 2558 4222 tribuis?
2609 4168 2788 4236 Neque
2825 4169 2965 4221 cuitu
3001 4184 3139 4236 quos
3189 4168 3453 4222 honorare
3505 4179 3612 4222 sta-

2046 4259 2267 4324 tuimus,
2312 4259 2379 4313 iis
2423 4260 2637 4312 nomina
2679 4260 2968 4328 largiemur
3042 4276 3138 4328 per
3181 4276 3301 4329 quae
3351 4276 3618 4329 suprema:

2045 4353 2189 4408 illius
2222 4363 2427 4405 natura:
2455 4351 2619 4415 gloria
2669 4351 2913 4407 violetur.
2960 4350 3094 4405 Nam
3137 4353 3370 4421 primum
3418 4352 3469 4405 in
3520 4367 3619 4405 nos

2045 4445 2190 4515 ipsos
2241 4441 2506 4512 ejusmodi
2565 4443 2913 4511 hlaSphemim
2959 4443 3183 4496 crimina
3245 4445 3617 4511 imprudenter

2045 4537 2434 4607 conjiciemus:
2474 4536 2540 4589 ad
2581 4536 2696 4589 hac
2736 4537 2882 4590 velut
2918 4537 3134 4591 hauoris
3172 4539 3353 4605 specie
3390 4553 3492 4591 non
3536 4537 3617 4594 le-

2047 4644 2164 4684 vem
2200 4629 2264 4682 iis
2296 4627 2546 4695 injuriam
2582 4626 2892 4689 inl'eremus,
2924 4643 3057 4696 quos
3096 4626 3313 4681 laudare
3346 4627 3610 4696 volumus,

2038 4721 2083 4775 si
2122 4720 2238 4773 illos
2269 4717 2516 4773 laudibus
2555 4716 2756 4770 ιιιιΙΙιιιιι
2788 4717 3047 4772 honorem
3091 4718 3439 4773 afferentilms
3480 4735 3611 4774 oue-

2040 4814 2361 4877 raverimus,
2393 4821 2444 4866 et
2472 4812 2582 4865 Deo
2610 4810 2838 4865 invisam
2869 4811 3234 4866 laudationem
3274 4813 3616 4867 (-outexueri-

2039 4924 2177 4961 mus.
2221 4905 2483 4958 Praeterea
2522 4902 2646 4956 illud
2671 4918 2887 4973 quoque
2922 4905 3116 4958 mirum
3154 4905 3260 4967 sit,
3307 4902 3447 4972 quod
3491 4920 3615 4959 cum

2036 5013 2250 5052 sursum
2289 4996 2536 5049 deorsum
2565 4997 2849 5063 impiorum
2896 4996 3273 5050 haereticorum
3322 4997 3463 5048 dicta
3494 5012 3617 5049 car-

2039 5105 2154 5159 pas,
2187 5103 2361 5158 uequc
2391 5088 2495 5142 ulla
2536 5089 2745 5142 ratione
2793 5090 2897 5141 vim
2954 5089 3152 5143 habere
3188 5089 3510 5161 permittas,
3551 5103 3641 5166 eo.

1631 5342 1791 5400 ANT.
1830 5340 2100 5398 AGELLII
2137 5339 2366 5395 ΝυΤίΕ.

437 5504 514 5576 (ι)
565 5504 703 5559 Puto
757 5505 861 5569 legi
909 5515 1183 5576 upnrtere_
1213 5503 1479 5576 τροχιὰς·
1534 5515 1658 5553 nam
1710 5500 1928 5576 respicit

367 5572 557 5631 anetur
583 5578 647 5627 ad
681 5576 805 5628 illud
835 5577 1137 5629 Salomonis
1158 5572 1466 5627 Proverbiis
1495 5585 1612 5639 cap.
1654 5587 1703 5623 ιν
1744 5590 1757 5623 :
1803 5572 1929 5637 ’ορ-

368 5646 465 5716 θὰς
492 5647 715 5716 τροχιὰς
746 5646 885 5699 ποίει
912 5648 1022 5708 σοῖς
1062 5644 1187 5697 ποσί
1204 5660 1223 5716 ’γ
1250 5654 1305 5697 et
1354 5643 1518 5716 paulo
1551 5650 1671 5709 post
1701 5655 1715 5691 :
1762 5640 1928 5716 Αὑτος

364 5712 624 5787 δὲ’ὀρθάςή
644 5718 860 5787 ποιήσει
884 5716 983 5779 τὰς
1042 5715 1263 5785 τροχιάς
1310 5714 1632 5787 σουᾏριιει-
1662 5713 1929 5787 senthtia

366 5777 555 5842 beatus
595 5777 786 5841 Paulus
825 5777 989 5842 etiam
1026 5777 1281 5843 ususncst
1330 5783 1382 5838 in
1434 5781 1668 5852 Epistula
1718 5783 1782 5835 ad
1829 5777 1929 5836 ilc-

2033 5501 2204 5553 brmos
2233 5516 2351 5567 cap.
2392 5513 2507 5553 xu:
2559 5498 2671 5550 Καὶ
2717 5496 2939 5566 τροχιὰς
2966 5496 3153 5569 Δὁρθᾶις
3196 5500 3459 5569 ποιήσατε
3500 5498 3614 5569 τοῖς

2032 5573 2189 5624 ποσὶν
2222 5566 2394 5642 ὑμῶν.
2434 5569 2500 5621 Et
2522 5585 2728 5642 gressus
2757 5580 2919 5642 rectos
2948 5566 3108 5642 facile
3149 5566 3368 5638 pedibus
3405 5568 3608 5642 vestris,

2032 5652 2087 5694 et
2115 5643 2203 5695 hic
2225 5637 2339 5705 ipse
2373 5650 2564 5692 auctor
2593 5640 2645 5689 in
2684 5640 2920 5691 secunda
2949 5640 3012 5689 ad
3039 5637 3363 5691 Successum
3400 5639 3610 5705 episco-

2036 5728 2160 5773 pum
2195 5711 2419 5777 rpistola
2450 5711 2501 5763 iu
2544 5708 2810 5777 principio
2840 5708 3012 5775 dixit,
3045 5710 3340 5780 καμπύλας
3390 5706 3611 5780 τροχιὰς

2037 5781 2316 5852 ἐρχόμενοι
2327 5821 2340 5836 .
