4054 6332
354 293 423 347 27
1376 288 1434 342 S.
1477 286 1750 342 CYRILLI
1790 286 2255 347 ALEXANDRINI
2298 291 2621 349 MlCHlEP.
3540 290 3610 346 98

357 407 498 478 quod
552 410 834 462 veritatem
893 408 1195 463 divinorum
1265 410 1574 479 dogmatnm
1630 412 1919 476 auferant,

2059 412 2133 465 ῶν
2163 415 2391 467 ἀνοσίων
2413 413 2709 487 αἱρετικῶν
2736 416 3084 485 ἐπιπλήττων
3114 417 3340 484 φωναῖς,
3372 412 3464 466 καὶ
3491 415 3612 466 κατ’

358 514 589 568 euntque
616 515 822 565 vocem,
862 500 1109 567 θείμαν-α,
1137 500 1317 554 multis
1344 502 1652 556 nOminibus
1681 518 1924 565 accuses,

358 603 413 646 et
444 592 587 644 inter
613 600 805 644 caetera
841 600 1096 659 tanquam
1130 607 1317 658 parum
1345 607 1549 656 veram,
1582 603 1743 661 atque
1764 595 1927 648 etiam

361 681 726 749 blasphemam
758 683 1087 745 crimineris,
1125 692 1301 737 tamen
1341 682 1486 737 illam
1517 686 1817 738 concedere
1854 693 1927 751 te,

360 781 417 827 et
446 771 649 840 Virgini
684 789 785 826 non
813 773 1051 827 invidere
1087 774 1254 840 dicas,
1301 775 1343 827 si
1393 774 1477 829 eui
1524 774 1734 829 libitum
1767 775 1933 830 fuerit

363 878 481 915 eam
512 861 602 915 Dei
643 863 957 932 genitricem
1008 879 1222 917 vocare.
1286 863 1424 919 Num
1482 880 1611 935 ergo
1667 868 1931 923 concedes

364 955 526 1008 etiam
560 954 766 1008 insanis
807 955 921 1010 Arii
968 957 1363 1021 sectatoribus,
1414 965 1472 1010 ut
1508 958 1770 1012 minorem
1811 974 1931 1015 esse

368 1044 527 1101 Patre
558 1045 750 1099 Filium
782 1046 982 1113 dicant,
1014 1058 1106 1103 aut
1132 1049 1253 1103 aliis
1283 1061 1530 1103 naturam
1560 1053 1730 1105 sancti
1758 1051 1932 1121 Spiri-

370 1145 502 1192 tnsa
530 1137 706 1192 divina
734 1139 1050 1195 excellentia
1087 1141 1505 1210 dejicientibus?
1539 1141 1644 1197 Sed
1680 1144 1730 1198 id
1760 1152 1935 1199 Iacere

369 1228 606 1289 cavebis.
654 1244 719 1283 ac
766 1231 809 1289 si
862 1232 987 1299 quis
1034 1242 1224 1302 roget:
1262 1231 1375 1297 Qua
1426 1233 1491 1288 de
1542 1234 1750 1289 causa?
1788 1235 1936 1291 dices

369 1324 784 1390 prorsus:Quia
820 1340 1001 1380 vocem
1048 1328 1264 1397 impiam
1312 1344 1415 1382 non
1458 1329 1723 1385 sustineo.
1770 1329 1937 1400 lgitur

372 1414 416 1468 si
450 1430 555 1467 non
585 1425 663 1469 est
697 1416 784 1468 Dei
818 1417 1071 1486 genitrix,
1103 1428 1159 1473 et
1190 1420 1260 1471 ita
1289 1418 1391 1473 dici
1421 1420 1695 1484 concedis,
1720 1420 1857 1475 scito
1886 1432 1937 1479 te

375 1504 656 1574 reliquisse
684 1507 990 1574 veritatem,
1019 1519 1074 1564 et
1112 1525 1305 1579 parum
1347 1509 1459 1577 jam
1497 1527 1687 1567 curare
1735 1528 1802 1567 an
1850 1529 1937 1567 sa-

370 1594 521 1663 piens
542 1611 658 1652 csse
679 1599 931 1654 videaris.
957 1599 1094 1666 Quid
1119 1602 1304 1656 enim?
1326 1602 1621 1668 Elisabeth,
1654 1614 1748 1659 aut
1777 1604 1935 1659 aliam

370 1696 566 1741 certee
596 1674 798 1744 sanctis
830 1692 1168 1756 mulieribus,
1201 1707 1306 1747 non
1338 1695 1484 1749 omni
1519 1696 1818 1750 reverentia
1851 1696 1936 1751 di-

2036 500 2226 554 οὺδένα
2270 502 2470 571 τρόπον
2500 504 2671 571 ἐφιεὶς
2702 503 2916 572 εἰσχύειν
2966 503 3153 567 αὐτάς,
3200 503 3281 557 ὅτι
3313 501 3421 555 τῶν
3454 502 3613 555 θείων

2036 591 2323 663 δογμάτων
2354 593 2749 664 παραιροῦνται
2774 594 2852 663 (l)
2883 594 2942 646 τὸ
2967 593 3181 663 ἀληθὲς,
3206 588 3321 646 εἶτα
3349 593 3446 662 τὴν
3477 595 3615 646 Θεο-

2038 686 2213 749 τόκος
2244 685 2424 756 φωνὴν
2453 686 2551 738 οὐκ
2585 687 2642 737 ἐν
2662 685 2872 754 ὀλίγαις
2901 686 3069 748 τιθεὶς
3102 685 3324 749 αἰτίαις,
3354 685 3450 738 καὶ
3479 684 3612 755 ὁμοῦ

2037 777 2157 838 ταῖς
2185 774 2370 838 ἄλλαις
2405 777 2771 846 γραφόμενος,
2816 774 2891 839 ὡς
2917 777 3018 829 οὐκ
3042 775 3256 845 άληθῶς
3282 776 3385 833 καὶ
3410 774 3615 846 δύσφη-

2041 880 2161 933 μον,
2206 865 2505 934 συγχωρεῖν
2547 864 2683 933 ἔφης
2727 864 2819 916 καὶ
2854 865 2915 916 οὐ
2955 863 3167 931 φθονεῖν
3213 864 3280 933 τῇ
3324 860 3610 932 Παρθένῳ,

2040 955 2140 1008 κᾶν
2168 956 2216 1007 εί
2254 956 2426 1008 ἐλοιτό
2460 973 2544 1016 τις
2574 957 2749 1008 εἰπεῖν
2785 954 3045 1008 Θεοτόκον
3072 955 3263 1025 αὐτήν.
3305 953 3496 1024 Ἐφίης
3519 951 3614 1007 οὖν

2040 1048 2147 1118 ἄρα
2178 1047 2271 1100 καὶ
2301 1049 2414 1109 τοῖς
2434 1046 2533 1116 τὴν
2570 1047 2778 1119 Ἀρείου
2818 1046 3031 1099 νοσοῦσι
3065 1047 3283 1116 μανίαν,
3310 1047 3367 1099 ἐν
3406 1046 3613 1117 μείοσιν

2041 1134 2178 1192 εἶναι
2205 1138 2385 1207 λέγειν
2415 1138 2509 1191 τοῦ
2550 1138 2761 1209 [ἰατρὸς
2804 1137 2896 1190 τὸν
2928 1138 3088 1204 Υἱὸν,
3126 1136 3158 1208 ἢ
3199 1136 3330 1205 γοῦν
3374 1140 3487 1200 τοῖς
3519 1136 3613 1191 άλ-

2040 1232 2186 1294 λοις,
2232 1231 2281 1284 οἳ
2328 1229 2426 1299 τὴν
2468 1229 2564 1283 τοῦ
2610 1228 2766 1298 ἁγίου
2824 1228 3142 1300 Πνεύματος
3182 1228 3611 1300 κατακομίξουσι

2043 1324 2203 1391 φύσιν
2233 1322 2330 1391 τῆς
2371 1321 2704 1393 θεοπρεποῦς
2738 1321 3046 1392 ὑπεροχῆςς
3084 1320 3221 1373 Ἀλλ’
3246 1320 3346 1374 οὐκ
3376 1320 3442 1374 ἂν
3476 1319 3615 1373 ἐλοιο

2043 1416 2197 1469 τοῦτο
2225 1416 2376 1487 δρᾷν,
2408 1416 2509 1469 κᾶν
2541 1416 2594 1469 εῖ
2617 1433 2699 1479 τις
2741 1416 2914 1468 ἐθέλοι
2940 1415 3038 1486 τὴν
3072 1415 3251 1468 αἰτίαν
3289 1412 3611 1484 ἀναμαθεῖν,

2044 1508 2189 1579 ἐρεῖς
2215 1508 2397 1579 δήπου
2418 1509 2653 1572 πάντως·
2673 1509 2795 1561 Ὅτι
2814 1510 2995 1578 φωνῆς
3016 1508 3117 1561 οὐκ
3134 1507 3397 1578 ἀνέχομαι
3427 1505 3616 1560 δυσσε-

2045 1598 2191 1663 ϐοῦς.
2216 1600 2423 1654 Οὐκοῦν
2466 1602 2514 1653 εἰ
2551 1600 2624 1672 μή
2656 1601 2772 1652 ἐστι
2801 1599 3081 1664 Θεοτόκος,
3111 1595 3229 1652 εἶτα
3267 1597 3425 1651 τοῦτο
3461 1596 3616 1666 λέγε-

2048 1690 2171 1745 σθαι
2220 1694 2555 1762 συγχωρεῖς,
2606 1691 2713 1744 ἴσθι
2752 1687 3017 1753 λελοιπὼς
3060 1690 3160 1760 τὴν
3198 1687 3477 1761 ἀλήθειαν,
3526 1689 3619 1741 καὶ

372 1793 531 1847 guam
558 1780 751 1848 putas?
775 1780 913 1835 Num
946 1783 1110 1851 igitur
1138 1784 1181 1837 si
1220 1784 1308 1838 cui
1347 1784 1507 1839 libeat
1548 1786 1692 1855 ipsas
1722 1802 1939 1857 quoque

2056 1782 2250 1854 τμικρὰ
2298 1779 2601 1852 φροντίζων
2647 1780 2728 1833 ἔτι
2780 1779 2872 1832 τοῦ
2922 1779 3101 1832 δοκεῖν
3149 1773 3291 1833 εἶναι
3327 1778 3509 1847 σοφός.
3544 1778 3621 1831 Ἥ

376 1868 467 1923 Dei
494 1870 782 1937 genitrices
818 1887 1029 1935 vocare,
1070 1872 1211 1927 lianc
1246 1873 1351 1928 illis
1380 1875 1791 1946 appellationem
1833 1895 1938 1934 non

378 1961 682 2017 invidebis?
711 1964 964 2032 Equidem
1003 1976 1134 2036 puto
1178 1976 1228 2021 te
1272 1970 1525 2023 omnibus
1562 1970 1736 2025 modis
1786 1986 1942 2040 repu-

375 2064 688 2120 gnaturnm,
715 2072 777 2111 ac
801 2056 1066 2111 dicturum
1093 2074 1199 2113 non
1225 2059 1297 2113 ita
1323 2075 1381 2114 se
1407 2060 1520 2116 haec
1548 2061 1771 2117 habere.
1804 2062 1939 2118 Nam

376 2155 702 2216 pepererunt
774 2147 875 2202 ἱΙΙειξ
950 2159 1169 2205 sanctos
1226 2151 1475 2207 homines
1535 2153 1790 2222 quidem,
1846 2155 1941 2209 sed

377 2251 535 2290 nemo
565 2251 753 2290 eorum
782 2238 1072 2292 secundum
1126 2250 1373 2294 naturam
1430 2242 1568 2297 Deus
1605 2251 1740 2297 erat.
1805 2245 1944 2315 Ergo

380 2325 537 2395 Imjus
586 2328 733 2381 vocis
802 2344 953 2382 usum
1021 2340 1113 2384 aut
1170 2332 1239 2385 ab
1317 2335 1569 2391 omnibus
1635 2336 1947 2391 mulieribus

380 2433 589 2482 amove,
622 2431 712 2471 aut
753 2420 796 2473 si
849 2421 945 2474 soli
992 2432 1185 2489 printer
1229 2434 1456 2479 exteras
1496 2426 1697 2480 habere
1746 2440 1947 2483 sanctae

381 2507 586 2577 Virgini
620 2511 911 2578 permittis,
942 2527 1099 2580 quam
1128 2511 1325 2569 afferes
1364 2514 1414 2567 in
1449 2516 1822 2583 respondendo
1860 2533 1948 2572 ra-

383 2600 624 2655 tionem?
648 2599 782 2655 Nam
828 2603 871 2656 si
906 2618 1030 2657 vere
1060 2604 1124 2657 de
1152 2619 1219 2659 ea
1246 2606 1444 2660 dicitur
1481 2607 1585 2661 hoc
1615 2610 1862 2671 verbum.
1894 2619 1949 2663 et.

381 2706 509 2748 vere
540 2693 705 2748 Deum
733 2696 934 2766 genuit,
963 2695 1135 2765 ipsum
1168 2698 1417 2752 nimirum
1450 2698 1543 2753 Dei
1572 2700 1803 2755 Verbum
1834 2717 1949 2756 car-

383 2800 505 2838 nem
560 2786 757 2840 factum
804 2787 1061 2842 confitere
1119 2790 1417 2853 nobiscum,
1491 2801 1545 2846 et
1580 2802 1631 2846 te
1677 2794 1847 2863 ipsum
1883 2794 1959 2847 alr

385 2877 677 2948 impietatis
707 2879 932 2933 crimine
966 2880 1235 2936 liberabis.
1264 2880 1357 2935 Sin
1391 2896 1567 2936 autem
1605 2884 1691 2937 illa
1729 2885 1951 2940 minime

385 2967 551 3022 Deum
578 2972 781 3038 genuit,
814 2986 918 3024 non
955 2971 1098 3025 aliud
1127 2982 1207 3025 cst
1232 2972 1540 3042 permittere
1581 2974 1851 3029 nonnullis
1894 2986 1952 3029 ut

385 3076 504 3115 eam
542 3061 631 3115 Dei
667 3063 987 3132 genitricem
1014 3074 1226 3128 vocent,
1261 3082 1420 3135 quam
1463 3080 1583 3120 cum
1628 3067 1732 3121 illis
1778 3067 1955 3122 socie-

2041 1872 2150 1943 γὰρ
2174 1872 2293 1941 οὐχὶ
2321 1873 2416 1925 καὶ
2437 1869 2535 1942 τὴν
2566 1869 2866 1934 Ἐλισάϐετ,
2892 1870 3060 1939 ἦγουν
3086 1868 3283 1939 ἑτέραν
3310 1868 3419 1921 τῶν
3450 1866 3622 1936 ἁγίων

2041 1963 2313 2033 γυναικῶν
2346 1960 2527 2023 αἰδοῦς
2576 1961 2795 2031 ἀπάσης
2837 1959 2993 2026 ἀξίαν
3027 1953 3167 2013 εἶναι
3206 1959 3349 2031 φής;
3376 1954 3503 2031 ’Ἆρ’
3528 1954 3624 2013 οὗν

2042 2057 2103 2109 οὐ
2138 2055 2425 2126 φθονήσεις
2444 2094 2459 2119 ,
2496 2056 2544 2107 εί
2590 2053 2651 2125 δή
2682 2070 2765 2117 τις
2807 2052 2981 2106 ἕλοιτο
3009 2051 3293 2115 θεοτόκους
3324 2051 3421 2105 καὶ
3450 2050 3637 2114 αὐτὰς·

2044 2153 2252 2215 είπεῖν;
2294 2148 2464 2215 Ἀλλ’,
2494 2143 2669 2217 οἶμαι,
2710 2144 2887 2213 πάντη
2920 2161 2981 2197 τε
3012 2144 3109 2198 καὶ
3144 2143 3364 2208 πάντως
3394 2143 3627 2197 ἀνταναι

2048 2245 2241 2317 στήσῃ,
2281 2242 2484 2310 λέγων’
2519 2240 2631 2310 Οὐχ
2661 2238 2804 2292 οὕτω
2850 2235 3003 2291 ταῦτ’
3035 2235 3149 2307 ἔχει
3171 2251 3186 2267 ·
3226 2235 3623 2305 τετόκασιγάρ

2046 2335 2365 2407 ἀνθρώπους
2389 2330 2777 2403 ήγιασμένους,
2798 2329 2893 2383 καὶ
2915 2323 2982 2398 ἦν
3003 2329 3060 2381 ἐν
3080 2324 3309 2388 ἐκείνοις
3330 2325 3463 2389 Θεὸς
3483 2324 3628 2379 κατά

2049 2428 2209 2498 φύσιν
2246 2425 2440 2489 οὐδείς.
2487 2421 2695 2478 Οὐκοῦν
2728 2421 2763 2492 ἢ
2807 2418 3063 2489 γυναικὸς
3114 2417 3331 2489 ἀπάσης
3368 2415 3626 2470 ἁποσόϐει

2047 2521 2110 2575 τὸ
2153 2520 2361 2592 χρῆμα,
2388 2518 2555 2588 ἤγουν
2584 2514 2728 2585 ἔχειν
2768 2513 2943 2583 ἐφιεὶς
2982 2511 3116 2583 μόνῃ
3153 2510 3308 2582 παρά
3340 2509 3519 2572 πάσας
3556 2512 3623 2578 τῇ

2050 2615 2183 2685 ἁγίᾳ
2217 2611 2500 2684 Παρθένῳ,
2535 2608 2709 2671 ποίοις
2738 2603 2848 2677 ἆρα
2880 2605 3126 2676 κεχρήσῃ
3156 2604 3336 2672 λόγοις
3371 2604 3452 2666 είς
3489 2603 3619 2655 ἀπο·

2049 2706 2267 2776 λογίαν;
2311 2705 2375 2758 El
2411 2703 2509 2773 μὲν
2542 2700 2651 2771 γὰρ
2698 2699 2896 2768 ἀληθὲς
2928 2699 3015 2751 ἐπ’
3058 2697 3195 2767 αὐτῇ
3229 2696 3290 2749 τὸ
3326 2695 3499 2767 ῥῆμα,
3532 2695 3627 2748 καὶ

2051 2796 2184 2851 Θεὸν
2231 2794 2448 2848 τέτοκεν
2500 2789 2735 2861 ἀληθῶς,
2781 2788 2857 2851 ὼς
2908 2787 3087 2857 σάρκα
3136 2782 3397 2853 γεγονότα
3427 2781 3628 2835 τὸνιέκ

2052 2887 2186 2941 Θεοῦ
2208 2885 2399 2954 Λόγον,
2424 2880 2676 2954 ὁμολόγει
2700 2880 2798 2933 σὺν
2822 2879 2974 2950 ἡμῖν,
3001 2876 3096 2930 καὶ
3123 2873 3451 2940 ἀπαλλάξεις
3478 2888 3629 2927 σεαυ-

2052 2979 2143 3033 τὸν
2183 2977 2291 3032 τῶν
2318 2978 2398 3039 είς
2434 2973 2754 3027 δυσσέϐειαν
2797 2970 3191 3041 ἐγκλημάτων
3225 2965 3358 3019 εί·δέ
3399 2963 3534 3018 Θεὸν
3563 2962 3625 3016 οὗ

2054 3072 2263 3134 τέτοκε,
2291 3068 2353 3121 τὸ
2394 3068 2603 3137 ἐφεῖναι
2630 3065 2809 3133 λέγειν
2845 3066 2953 3116 τισὶ
2986 3060 3249 3115 Θεοτόκον
3281 3056 3471 3128 αὐτὴν,
3514 3074 3629 3109 κοι-

390 3160 552 3205 tatem
605 3127 894 3222 impietatis
934 3155 1090 3209 inire.
1125 3156 1230 3209 Sed
1276 3168 1361 3210 est
1415 3156 1501 3210 illa
1554 3146 1647 3210 Dei
1686 3159 1951 3227 genitrix,

2058 3127 2259 3217 vwvai'v'
2277 3127 2515 3229 ἐστι.τῆς
2541 3127 2858 3220 δυσσεδείας
2885 3155 3088 3218 αὐτοῖς.
3127 3152 3263 3205 Ἀλλ’
3300 3127 3415 3203 ἔστι
3442 3149 3632 3203 Θεοτόι

388 3243 514 3312 quia
538 3242 709 3299 factus
732 3253 813 3299 est
855 3247 1016 3300 homo
1041 3248 1210 3300 nostri
1247 3248 1437 3301 similis
1478 3248 1565 3303 ille
1597 3249 1916 3319 Unigenitus
1938 3289 1955 3316 ,

397 3336 501 3406 12
527 3337 674 3391 carni
702 3339 992 3391 secundum
1028 3341 1306 3395 veritatem
1339 3341 1540 3404 uuitus,
1568 3353 1620 3395 et
1643 3358 1957 3411 corpoream

392 3429 788 3499 generationem
847 3431 1031 3495 subiit,
1059 3442 1113 3486 et
1164 3441 1360 3487 nostra:
1404 3444 1611 3488 natura
1637 3433 1780 3504 leges
1818 3436 1957 3491 baud

396 3519 651 3590 neglexit,
680 3530 737 3575 ut
766 3523 923 3591 paulo
955 3533 1079 3577 ante
1114 3523 1246 3578 dixi.

464 3612 569 3667 Sed
596 3613 719 3683 quia
747 3615 885 3669 scire
910 3630 968 3670 se
1013 3618 1088 3670 ait
1115 3619 1476 3674 venerandam
1519 3635 1639 3675 esse
1678 3637 1795 3676 eam
1823 3662 1843 3685 ,
1880 3621 1964 3676 ni-

396 3703 590 3759 mirum
620 3717 862 3761 sanctam
897 3706 1186 3779 Virginem,
1211 3712 1461 3781 agedum,
1493 3714 1841 3782 inspiciamus
1870 3713 1963 3767 de-

396 3795 525 3852 bitae
554 3797 628 3850 illi
662 3799 973 3853 reverentia:
1007 3817 1201 3856 causas
1231 3819 1245 3856 :
1284 3802 1453 3874 [Scio,
1483 3804 1674 3874 inquit,
1702 3822 1967 3862 veneran-

397 3882 520 3937 dam
552 3886 876 3953 esse-illam,
920 3904 1016 3958 per
1063 3906 1221 3960 quam
1273 3893 1360 3948 ille
1415 3898 1654 3950 omnium
1708 3896 1966 3954 Dominus

398 3978 728 4045 pertransiit,
752 3995 844 4049 per
878 3996 1037 4049 quam
1065 3983 1264 4038 ell‘ulsit
1296 3986 1382 4040 ille
1408 3986 1487 4041 sol
1507 3987 1779 4061 iustitia]
1817 3990 1962 4056 Quo-

400 4071 561 4123 modo
590 4070 751 4137 igitur
780 4074 861 4126 ais
894 4075 1059 4129 Deum
1096 4078 1162 4129 ab
1192 4091 1252 4129 ea
1300 4078 1654 4144 susceptum?
1696 4083 1967 4145 quomodo

400 4159 565 4213 etiam
608 4177 703 4231 per
739 4163 880 4216 illaut
921 4168 1234 4233 pertransiit
1272 4168 1360 4222 ille
1393 4170 1633 4223 onmium
1677 4171 1969 4228 Dominus?

403 4261 496 4306 aut
521 4256 791 4323 quomodo
813 4256 1011 4313 eﬂ‘ulsit
1042 4258 1126 4314 ille
1152 4260 1228 4315 sol
1254 4261 1515 4330 justitize?
1541 4261 1672 4316 Nam
1717 4262 1760 4317 si
1802 4263 1966 4318 Deum

408 4342 550 4399 haud
579 4347 804 4415 peperit,
835 4350 1128 4403 secundum
1163 4366 1380 4407 carnem
1411 4353 1648 4421 inquam,
1697 4355 1969 4424 quomodo

2061 3270 2173 3318 κος,
2204 3253 2285 3305 ὅτι
2324 3250 2544 3319 γέγονεν
2584 3246 2868 3318 ἄνθρωπος
2902 3245 3027 3299 καθ’
3054 3245 3202 3314 ἡμᾶς
3231 3243 3259 3296 ὁ
3286 3239 3631 3310 Μονογενὴςτ,

2063 3344 2229 3417 σαρκὶ
2257 3342 2397 3396 κατὰ
2424 3338 2683 3411 ἀλήθειαν
2714 3337 3012 3409 ἡνωμένος,
3036 3336 3129 3389 καὶ
3165 3331 3479 3405 σωματικὴν
3504 3331 3634 3383 ὑπο-

2066 3433 2253 3505 μείνας
2283 3432 2556 3501 γέννησιν,
2588 3430 2683 3484 καὶ
2710 3429 2836 3492 τοὺς
2866 3427 2965 3496 τῆς
2995 3425 3270 3497 ἡμετέρας
3298 3422 3511 3493 φύσεως
3534 3420 3637 3474 οὐκ

2062 3522 2335 3594 ἀτιμάσας
2367 3522 2586 3593 νόμους,
2614 3520 2869 3589 καθάπερ
2900 3518 3000 3588 ἤδη
3036 3517 3318 3587 προεῖπον.

2145 3614 2363 3685 Ἐπειδὴ
2390 3613 2447 3667 δέ
2486 3630 2652 3683 φησιν
2691 3611 2886 3664 εἰδέναι
2923 3606 3225 3677 σεϐασμίαν
3257 3605 3445 3674 αὐτὴν,
3479 3603 3661 3673 δῆλον·

2063 3708 2120 3763 δέ
2142 3710 2222 3762 ὅτι
2249 3707 2348 3774 τὴν
2378 3705 2536 3774 ἁγίαν
2568 3703 2865 3773 Παρθένον,
2895 3700 3028 3771 φέρε
3055 3698 3140 3768 δη,
3178 3697 3332 3770 φέρε,
3364 3695 3635 3765 καταθρή-

2068 3817 2249 3871 σωμεν
2288 3799 2383 3853 καὶ
2428 3799 2524 3869 τῆς
2557 3798 2645 3851 ἐπ’
2685 3796 2822 3865 αὐτῇ
2870 3790 3163 3862 γενομένης
3214 3787 3392 3851 αἰδοῦς
3435 3786 3633 3849 αἰτίας.

2071 3888 2223 3965 [Οἶδα
2249 3892 2377 3960 γὰρ,
2406 3890 2561 3960 φησὶ,
2597 3885 2902 3957 σεϐασμίαν
2940 3882 3130 3952 αὐτὴν,
3156 3881 3224 3934 δι’
3256 3876 3324 3950 ἦς
3361 3876 3639 3949 παρῆλθεν

2066 3987 2097 4037 ὁ
2121 3985 2229 4038 τῶν
2252 3983 2390 4037 ὅλων
2418 3980 2715 4051 Δεσπότης,
2738 3980 2807 4032 δι’
2831 3972 2898 4049 ἧς
2928 3973 3241 4043 ἀνέλαμψεν
3261 3975 3288 4026 ό
3311 3972 3409 4041 τῆς
3438 3970 3640 4023 δικαιο-

2070 4077 2236 4148 σύνης
2267 4073 2499 4147 ’Ήλιος.]
2532 4075 2655 4136 Πῶς
2700 4072 2765 4144 δὴ
2807 4072 2915 4141 ἄρα
2957 4070 3061 4140 φὴς
3113 4064 3471 4135 ὑποδέχεσθαι
3510 4063 3641 4115 Θεὸν

2070 4167 2240 4237 αὐτήν
2259 4185 2279 4234 ;
2299 4166 2367 4219 Ἦ
2397 4166 2518 4219 τίνα
2545 4162 2787 4234 παρῆλθε
2814 4160 3013 4231 τρόπον
3039 4160 3105 4211 δι’
3129 4158 3299 4226 αὐτῆς
3323 4159 3350 4209 ὁ
3375 4155 3484 4208 τῶν
3508 4153 3643 4207 ὅλων

2072 4257 2377 4326 Δεσπότης;
2405 4254 2437 4326 ἦ
2470 4254 2563 4308 καὶ
2589 4254 2738 4315 ὅπως
2770 4249 3079 4320 ἀνέλαμψεν
3111 4249 3139 4300 ὁ
3169 4250 3268 4318 τῆς
3299 4242 3643 4312 δικαιοσύνης

2074 4348 2296 4412 Ἢλιος;
2330 4348 2392 4399 Εἰ
2426 4345 2525 4414 μὲν
2553 4344 2662 4415 γὰρ
2684 4344 2744 4396 οὐ
2774 4342 2961 4395 τέτοκε
2989 4340 3143 4406 Θεὸν,
3168 4339 3229 4392 τὸ
3261 4335 3401 4391 κατά
3444 4335 3641 4405 σάρκα,

409 4435 572 4505 igitur
593 4440 803 4506 excepit
845 4440 1056 4495 Deum?
1097 4445 1364 4513 quomodo
1391 4461 1485 4514 per
1514 4446 1658 4499 illaut
1696 4455 1951 4515 pertrans

2075 4443 2239 4511 φημι,
2282 4438 2398 4501 πῶς
2442 4436 2659 4502 ἐδέξατο
2692 4435 2860 4504 Θεόν;
2896 4432 3015 4495 πῶς
3056 4430 3317 4522 παρῆλθε
3341 4428 3406 4481 δι’
3431 4426 3611 4522 αὐτῆς
3629 4442 3648 4488 ;

407 4528 501 4582 iit?
528 4529 632 4586 Sed
668 4530 900 4586 fortasse
939 4534 1086 4588 dices
1139 4534 1265 4589 illud
1313 4546 1462 4590 tuum
1521 4547 1577 4591 et
1627 4539 1843 4607 sapiens
1884 4556 1970 4593 re-

406 4633 682 4688 sponsum,
717 4630 774 4676 ut
807 4621 921 4691 ipse
976 4635 1157 4692 putas,
1206 4642 1269 4680 ac
1333 4625 1512 4682 dicere
1557 4644 1659 4683 non
1719 4631 1967 4684 vereris:

408 4708 573 4781 [Deus
592 4713 738 4766 enim
774 4724 890 4769 erat
923 4715 1182 4778 Verbum,
1227 4727 1426 4771 etcum
1474 4719 1688 4784 homine
1740 4722 1969 4788 conjun-

408 4811 659 4871 etum,et
696 4806 747 4859 in
798 4822 862 4860 eo
922 4807 1217 4879 lmbitans.]
1267 4806 1371 4863 Sed
1429 4808 1551 4863 fidei
1594 4811 1813 4866 traditio
1869 4814 1972 4867 luis

409 4894 511 4950 hac
546 4896 612 4951 de
640 4914 700 4953 re
730 4898 906 4953 verbis
935 4910 1220 4968 repugnat.
1255 4900 1365 4955 Non
1391 4900 1535 4954 enim
1570 4900 1843 4956 Deil'erunt
1878 4904 1974 4957 lto-

406 4987 631 5051 minent,
663 4992 756 5042 sed
789 4990 1135 5044 humanatum
1171 4991 1333 5045 Deum
1376 4991 1602 5045 adorare
1648 4993 1971 5048 didicimus:

414 5087 469 5131 ιιι
499 5092 627 5131 vero
653 5078 811 5132 aliter
835 5080 990 5134 dicis.
1024 5080 1225 5135 Deinde
1247 5081 1516 5149 ηιιυιιιοιιο
1550 5092 1600 5135 te
1633 5084 1821 5151 nugari
1868 5102 1971 5138 non

411 5170 671 5235 advertis,
704 5181 757 5224 et
783 5172 1085 5227 divinorum
1115 5176 1423 5243 dogmatum
1456 5173 1738 5227 veritatem
1764 5176 1972 5230 adulle-

416 5262 581 5315 rare?
631 5261 762 5316 Nam
814 5261 1047 5318 Verbum
1089 5282 1216 5319 caro
1264 5264 1461 5320 factum
1512 5276 1598 5319 est
1622 5264 1685 5319 υ.
1725 5264 1844 5319 Jam
1883 5281 1980 5321 cur

487 5380 528 5412 "
567 5379 722 5433 Joan.
757 5396 796 5444 ι,
840 5381 917 5435 li.

2090 4531 2226 4584 ’Δλλ’
2255 4530 2383 4594 ἴσως
2414 4531 2557 4601 ἐρεῖς
2589 4527 2648 4580 τὸ
2677 4527 2767 4580 σὸν
2791 4526 2854 4596 δὴ
2881 4524 3038 4579 τοῦτο
3067 4523 3160 4577 καὶ
3205 4521 3386 4590 σοφὸν,
3415 4518 3491 4582 ὡς
3517 4518 3647 4587 γοῦν

2078 4624 2177 4675 οἴει
2208 4638 2270 4675 τε
2296 4622 2391 4675 καὶ
2420 4620 2598 4688 λέγειν
2628 4617 2968 4687 ἀποτολμᾷκο
3000 4615 3155 4687 [Θεὸς
3176 4613 3283 4685 γὰρ
3312 4607 3377 4683 ἦν
3403 4613 3431 4665 ὁ
3456 4611 3651 4677 Λόγος,

2077 4716 2348 4787 ἀνθρώπῳ
2385 4733 2444 4768 τε
2480 4713 2841 4784 συνημμένος,
2884 4710 2979 4764 καὶ
3009 4708 3231 4762 ἐνοικῶν
3279 4701 3473 4775 αὐτῷ.]
3508 4701 3648 4754 Ἀλλ’

2078 4813 2180 4881 ἦγε
2209 4810 2307 4879 τῆς
2348 4809 2581 4869 πίστεως
2614 4804 2909 4875 παράδοσις
2935 4803 3047 4863 τοῖς
3093 4800 3173 4860 είς
3201 4796 3359 4850 τοῦτο
3388 4797 3500 4856 σοῖς
3526 4794 3651 4846 ἀντ--

2076 4902 2365 4957 αποδύεται
2392 4899 2569 4967 λόγοις
2590 4913 2604 4927 ο
2635 4897 2694 4950 οὐ
2734 4895 2843 4965 γάρ
2871 4892 3129 4962 θεοφόρον
3183 4889 3492 4959 ἄνθρωπον,
3536 4883 3650 4937 ἀλλ’

2076 4992 2570 5063 ἐνανθρωπήσαντα
2600 4988 2732 5041 Θεὸν
2780 4986 3107 5058 προσκυνεῖν
3154 4976 3544 5048 δεδιδάγμεθω
3586 4975 3654 5027 ait

2076 5083 2132 5136 δέ
2163 5083 2259 5152 οὐχ
2303 5080 2446 5134 οὕτω
2478 5081 2603 5149 φής.
2631 5077 2765 5131 Εἶτα
2792 5076 2910 5139 πῶς
2951 5075 3052 5128 οὐκ
3077 5072 3306 5143 αἰσθάνῃ
3334 5067 3535 5139 ληρῶν,
3560 5065 3654 5117 καὶ

2079 5176 2177 5243 τὴν
2209 5176 2263 5226 ἐν
2293 5175 2405 5236 τοῖς
2433 5171 2596 5234 θείοις
2625 5171 2863 5239 δόγμασι
2895 5165 3336 5239 παραχαράττων
3363 5160 3650 5230 ἀλήθειανς

2086 5267 2282 5334 Γέγονε
2321 5264 2428 5336 γὰρ
2467 5263 2598 5333 σάρξ
2625 5263 2651 5314 ὁ
2679 5262 2866 5329 Λόγος.
2905 5258 3043 5312 Ἀνθ’
3070 5258 3193 5311 ὅτου
3223 5255 3280 5308 δὲ
3311 5252 3376 5323 δὴ
3402 5250 3496 5305 καὶ
3523 5246 3655 5301 Θεὸν

1686 5489 1843 5544 ΑΝΤ.
1890 5490 2162 5547 AGELLII
2204 5492 2433 5550 ΝΟΤιΕ.

487 5635 566 5703 (1)
599 5633 697 5688 Alii
726 5635 873 5709 ililiri
915 5633 1205 5709 habebant,
1250 5629 1658 5701 παραιτοῦνται.
1708 5629 1814 5686 Sed
1856 5627 1947 5685 illu

2058 5631 2202 5686 crius
2270 5646 2388 5687 esse
2418 5629 2761 5686 manifestum
2820 5634 2895 5681 est
2935 5624 3076 5695 quod
3119 5622 3570 5709 estimpressum.
3601 5619 3657 5667 et

416 5720 483 5762 ex
511 5706 925 5762 correctionihus
955 5704 1103 5760 llbris
1131 5710 1431 5771 acceptum.
