  <div class='ocr_page' id='page_1' title='image "/cluster/home/n/w/nwhite01/storage/ocr_20150623/76/nnc1.0046980067/020.png"; bbox 0 0 4054 6332; ppageno 0'>
   <div class='ocr_carea' id='block_1_1' title="bbox 378 339 3644 408">
    <p class='ocr_par' dir='ltr' id='par_1_1' title="bbox 378 339 3644 408">
     <span class='ocr_line' id='line_1_1' title="bbox 378 339 3644 408; baseline -0.003 -6"><span class='ocrx_word' id='word_1_1' title='bbox 378 352 453 408; x_wconf 69' lang='lat'><strong>29</strong></span> <span class='ocrx_word' id='word_1_2' title='bbox 1485 341 1852 399; x_wconf 73' lang='lat' dir='ltr'><strong>ADVERSUS</strong></span> <span class='ocrx_word' id='word_1_3' title='bbox 1893 339 2294 395; x_wconf 70' lang='lat' dir='ltr'><strong>NliSTOlllL&#39;M</strong></span> <span class='ocrx_word' id='word_1_4' title='bbox 2340 341 2465 398; x_wconf 71' lang='lat' dir='ltr'><strong>Llll.</strong></span> <span class='ocrx_word' id='word_1_5' title='bbox 2508 342 2545 397; x_wconf 89' lang='lat' dir='ltr'><strong>l.</strong></span> <span class='ocrx_word' id='word_1_6' title='bbox 3572 347 3644 403; x_wconf 78' lang='lat' dir='ltr'><strong>3o</strong></span> 
     </span>
    </p>
   </div>
   <div class='ocr_carea' id='block_1_2' title="bbox 378 458 1949 537">
    <p class='ocr_par' dir='ltr' id='par_1_2' title="bbox 378 460 1949 537">
     <span class='ocr_line' id='line_1_2' title="bbox 378 460 1949 537; baseline -0.006 -18"><span class='ocrx_word' id='word_1_7' title='bbox 378 464 734 537; x_wconf 77' lang='grc' dir='ltr'>ὑποδέχεσθαι</span> <span class='ocrx_word' id='word_1_8' title='bbox 762 464 865 536; x_wconf 62' lang='grc' dir='ltr'>φὴς</span> <span class='ocrx_word' id='word_1_9' title='bbox 892 462 1079 535; x_wconf 77' lang='grc' dir='ltr'>αὑτὴν,</span> <span class='ocrx_word' id='word_1_10' title='bbox 1105 463 1154 516; x_wconf 81' lang='grc' dir='ltr'>εἰ</span> <span class='ocrx_word' id='word_1_11' title='bbox 1187 463 1261 533; x_wconf 84' lang='grc' dir='ltr'>μὴ</span> <span class='ocrx_word' id='word_1_12' title='bbox 1295 463 1686 525; x_wconf 73' lang='grc' dir='ltr'><strong>πεπίστευκας,</strong></span> <span class='ocrx_word' id='word_1_13' title='bbox 1715 462 1796 513; x_wconf 79' lang='grc' dir='ltr'><strong>ὅτι</strong></span> <span class='ocrx_word' id='word_1_14' title='bbox 1820 460 1949 513; x_wconf 82' lang='grc' dir='ltr'>Θεὸν</span> 
     </span>
    </p>
   </div>
   <div class='ocr_carea' id='block_1_3' title="bbox 2051 458 3643 537">
    <p class='ocr_par' dir='ltr' id='par_1_3' title="bbox 2062 458 3643 531">
     <span class='ocr_line' id='line_1_3' title="bbox 2062 458 3643 531; baseline 0.006 -21"><span class='ocrx_word' id='word_1_15' title='bbox 2062 458 2227 512; x_wconf 86' lang='lat' dir='ltr'><strong>Deum</strong></span> <span class='ocrx_word' id='word_1_16' title='bbox 2259 461 2325 513; x_wconf 85' lang='lat' dir='ltr'><strong>ab</strong></span> <span class='ocrx_word' id='word_1_17' title='bbox 2356 459 2468 529; x_wconf 82' lang='lat' dir='ltr'><strong>ipsa</strong></span> <span class='ocrx_word' id='word_1_18' title='bbox 2515 470 2827 531; x_wconf 87' lang='lat' dir='ltr'><strong>susceptum</strong></span> <span class='ocrx_word' id='word_1_19' title='bbox 2866 479 3023 530; x_wconf 80' lang='lat' dir='ltr'><strong>mets,</strong></span> <span class='ocrx_word' id='word_1_20' title='bbox 3063 481 3106 518; x_wconf 86' lang='lat' dir='ltr'><strong>SI</strong></span> <span class='ocrx_word' id='word_1_21' title='bbox 3153 478 3297 519; x_wconf 79' lang='lat' dir='ltr'><strong>mam</strong></span> <span class='ocrx_word' id='word_1_22' title='bbox 3333 462 3499 518; x_wconf 90' lang='lat' dir='ltr'><strong>Deum</strong></span> <span class='ocrx_word' id='word_1_23' title='bbox 3552 479 3643 520; x_wconf 83' lang='lat' dir='ltr'><strong>se-</strong></span> 
     </span>
    </p>
   </div>
   <div class='ocr_carea' id='block_1_4' title="bbox 378 553 1957 625">
    <p class='ocr_par' dir='ltr' id='par_1_4' title="bbox 378 553 1957 625">
     <span class='ocr_line' id='line_1_4' title="bbox 378 553 1957 625; baseline -0.004 -15"><span class='ocrx_word' id='word_1_24' title='bbox 378 556 506 612; x_wconf 79' lang='grc' dir='ltr'>δντα</span> <span class='ocrx_word' id='word_1_25' title='bbox 539 557 681 611; x_wconf 74' lang='grc' dir='ltr'>κατὰ</span> <span class='ocrx_word' id='word_1_26' title='bbox 708 556 890 623; x_wconf 86' lang='grc' dir='ltr'>φύσιν,</span> <span class='ocrx_word' id='word_1_27' title='bbox 915 556 1170 609; x_wconf 73' lang='grc' dir='ltr'>ὲκτέτοκε</span> <span class='ocrx_word' id='word_1_28' title='bbox 1194 554 1283 608; x_wconf 71' lang='grc' dir='ltr'>τὸν</span> <span class='ocrx_word' id='word_1_29' title='bbox 1318 553 1705 625; x_wconf 69' lang='grc' dir='ltr'>Ἐμμανουήλ;</span> <span class='ocrx_word' id='word_1_30' title='bbox 1737 553 1862 615; x_wconf 80' lang='grc' dir='ltr'><strong>Πῶς</strong></span> <span class='ocrx_word' id='word_1_31' title='bbox 1893 553 1957 604; x_wconf 81' lang='grc' dir='ltr'>δι’</span> 
     </span>
    </p>
   </div>
   <div class='ocr_carea' id='block_1_5' title="bbox 379 642 1957 716">
    <p class='ocr_par' dir='ltr' id='par_1_5' title="bbox 379 642 1957 716">
     <span class='ocr_line' id='line_1_5' title="bbox 379 642 1957 716; baseline -0.003 -17"><span class='ocrx_word' id='word_1_32' title='bbox 379 645 547 716; x_wconf 85' lang='grc' dir='ltr'>αὑτῆς</span> <span class='ocrx_word' id='word_1_33' title='bbox 587 644 868 714; x_wconf 79' lang='grc' dir='ltr'>παρῆλθεν</span> <span class='ocrx_word' id='word_1_34' title='bbox 910 646 941 697; x_wconf 82' lang='grc' dir='ltr'>ὁ</span> <span class='ocrx_word' id='word_1_35' title='bbox 968 644 1078 697; x_wconf 84' lang='grc' dir='ltr'><strong>τῶν</strong></span> <span class='ocrx_word' id='word_1_36' title='bbox 1124 644 1262 697; x_wconf 84' lang='grc' dir='ltr'>ὅλων</span> <span class='ocrx_word' id='word_1_37' title='bbox 1310 644 1619 711; x_wconf 75' lang='grc' dir='ltr'><strong>Δεσπότης,</strong></span> <span class='ocrx_word' id='word_1_38' title='bbox 1666 644 1763 696; x_wconf 75' lang='grc' dir='ltr'>καὶ</span> <span class='ocrx_word' id='word_1_39' title='bbox 1801 644 1834 695; x_wconf 81' lang='grc' dir='ltr'><strong>ό</strong></span> <span class='ocrx_word' id='word_1_40' title='bbox 1861 642 1957 711; x_wconf 79' lang='grc' dir='ltr'>τῆς</span> 
     </span>
    </p>
   </div>
   <div class='ocr_carea' id='block_1_6' title="bbox 377 730 1956 804">
    <p class='ocr_par' dir='ltr' id='par_1_6' title="bbox 377 730 1956 804">
     <span class='ocr_line' id='line_1_6' title="bbox 377 730 1956 804; baseline -0.003 -17"><span class='ocrx_word' id='word_1_41' title='bbox 377 733 725 804; x_wconf 78' lang='grc' dir='ltr'><strong>δικαιοσύνης</strong></span> <span class='ocrx_word' id='word_1_42' title='bbox 756 731 1072 803; x_wconf 82' lang='grc' dir='ltr'>ἀνέλαμψεν</span> <span class='ocrx_word' id='word_1_43' title='bbox 1113 732 1298 802; x_wconf 74' lang='grc' dir='ltr'>ἧλιοςς</span> <span class='ocrx_word' id='word_1_44' title='bbox 1345 734 1441 784; x_wconf 79' lang='grc' dir='ltr'><strong>καὶ</strong></span> <span class='ocrx_word' id='word_1_45' title='bbox 1471 732 1592 783; x_wconf 87' lang='grc' dir='ltr'>τίνα</span> <span class='ocrx_word' id='word_1_46' title='bbox 1635 734 1751 794; x_wconf 78' lang='grc' dir='ltr'>τοῖς</span> <span class='ocrx_word' id='word_1_47' title='bbox 1778 730 1956 783; x_wconf 44' lang='grc' dir='ltr'>τοιού.-</span> 
     </span>
    </p>
   </div>
   <div class='ocr_carea' id='block_1_7' title="bbox 380 819 1958 895">
    <p class='ocr_par' dir='ltr' id='par_1_7' title="bbox 380 819 1958 895">
     <span class='ocr_line' id='line_1_7' title="bbox 380 819 1958 895; baseline -0.003 -17"><span class='ocrx_word' id='word_1_48' title='bbox 380 842 490 888; x_wconf 85' lang='grc' dir='ltr'>τοις</span> <span class='ocrx_word' id='word_1_49' title='bbox 518 825 745 895; x_wconf 84' lang='grc' dir='ltr'>ὀνόμασι</span> <span class='ocrx_word' id='word_1_50' title='bbox 776 823 1205 878; x_wconf 86' lang='grc' dir='ltr'>κατακαλλύνειν</span> <span class='ocrx_word' id='word_1_51' title='bbox 1252 823 1457 889; x_wconf 70' lang='grc' dir='ltr'>ἀξιοῖςς</span> <span class='ocrx_word' id='word_1_52' title='bbox 1504 819 1614 893; x_wconf 85' lang='grc' dir='ltr'>ἆρα</span> <span class='ocrx_word' id='word_1_53' title='bbox 1645 823 1822 876; x_wconf 85' lang='grc' dir='ltr'>κοινὸν</span> <span class='ocrx_word' id='word_1_54' title='bbox 1858 821 1958 892; x_wconf 81' lang='grc' dir='ltr'><strong>μὲν</strong></span> 
     </span>
    </p>
   </div>
   <div class='ocr_carea' id='block_1_8' title="bbox 379 914 1955 986">
    <p class='ocr_par' dir='ltr' id='par_1_8' title="bbox 379 914 1955 986">
     <span class='ocr_line' id='line_1_8' title="bbox 379 914 1955 986; baseline -0.002 -17"><span class='ocrx_word' id='word_1_55' title='bbox 379 914 685 985; x_wconf 82' lang='grc' dir='ltr'>ἄνθρωπον,</span> <span class='ocrx_word' id='word_1_56' title='bbox 712 915 787 979; x_wconf 85' lang='grc' dir='ltr'>ὡς</span> <span class='ocrx_word' id='word_1_57' title='bbox 814 916 910 969; x_wconf 74' lang='grc' dir='ltr'><strong>ἕνα</strong></span> <span class='ocrx_word' id='word_1_58' title='bbox 941 915 1050 969; x_wconf 85' lang='grc' dir='ltr'>τῶν</span> <span class='ocrx_word' id='word_1_59' title='bbox 1089 915 1212 968; x_wconf 85' lang='grc' dir='ltr'>καθ’</span> <span class='ocrx_word' id='word_1_60' title='bbox 1235 916 1404 985; x_wconf 79' lang='grc' dir='ltr'>ἡμᾶς,</span> <span class='ocrx_word' id='word_1_61' title='bbox 1438 914 1578 986; x_wconf 74' lang='grc' dir='ltr'>πλὴν</span> <span class='ocrx_word' id='word_1_62' title='bbox 1603 914 1955 985; x_wconf 79' lang='grc' dir='ltr'>ἡγιασμένον,</span> 
     </span>
    </p>
   </div>
   <div class='ocr_carea' id='block_1_9' title="bbox 382 1002 1961 1079">
    <p class='ocr_par' dir='ltr' id='par_1_9' title="bbox 382 1002 1961 1079">
     <span class='ocr_line' id='line_1_9' title="bbox 382 1002 1961 1079; baseline -0.001 -19"><span class='ocrx_word' id='word_1_63' title='bbox 382 1007 457 1071; x_wconf 82' lang='grc' dir='ltr'>ὡς</span> <span class='ocrx_word' id='word_1_64' title='bbox 498 1008 709 1062; x_wconf 76' lang='grc' dir='ltr'>ἔνοικον</span> <span class='ocrx_word' id='word_1_65' title='bbox 734 1008 931 1079; x_wconf 83' lang='grc' dir='ltr'>ἔχοντα</span> <span class='ocrx_word' id='word_1_66' title='bbox 965 1009 1055 1062; x_wconf 77' lang='grc' dir='ltr'><strong>τὸν</strong></span> <span class='ocrx_word' id='word_1_67' title='bbox 1083 1009 1179 1062; x_wconf 83' lang='grc' dir='ltr'><strong>τοῦ</strong></span> <span class='ocrx_word' id='word_1_68' title='bbox 1206 1008 1345 1061; x_wconf 85' lang='grc' dir='ltr'>Θεοῦ</span> <span class='ocrx_word' id='word_1_69' title='bbox 1386 1007 1590 1075; x_wconf 73' lang='grc' dir='ltr'>Λόγονς</span> <span class='ocrx_word' id='word_1_70' title='bbox 1622 1002 1753 1060; x_wconf 82' lang='grc' dir='ltr'>Εἶτα</span> <span class='ocrx_word' id='word_1_71' title='bbox 1782 1006 1898 1070; x_wconf 80' lang='grc' dir='ltr'><strong>πῶς</strong></span> <span class='ocrx_word' id='word_1_72' title='bbox 1928 1006 1961 1059; x_wconf 80' lang='grc' dir='ltr'>ὁ</span> 
     </span>
    </p>
   </div>
   <div class='ocr_carea' id='block_1_10' title="bbox 382 1098 1956 1170">
    <p class='ocr_par' dir='ltr' id='par_1_10' title="bbox 382 1098 1956 1170">
     <span class='ocr_line' id='line_1_10' title="bbox 382 1098 1956 1170; baseline -0.001 -18"><span class='ocrx_word' id='word_1_73' title='bbox 382 1099 618 1164; x_wconf 85' lang='grc' dir='ltr'>τοιοῦτος</span> <span class='ocrx_word' id='word_1_74' title='bbox 646 1100 754 1153; x_wconf 85' lang='grc' dir='ltr'><strong>τῶν</strong></span> <span class='ocrx_word' id='word_1_75' title='bbox 796 1101 931 1154; x_wconf 81' lang='grc' dir='ltr'>ὅλων</span> <span class='ocrx_word' id='word_1_76' title='bbox 960 1099 1113 1154; x_wconf 74' lang='grc' dir='ltr'>ἔσται</span> <span class='ocrx_word' id='word_1_77' title='bbox 1141 1099 1438 1170; x_wconf 76' lang='grc' dir='ltr'><strong>Δεσπότης,</strong></span> <span class='ocrx_word' id='word_1_78' title='bbox 1462 1100 1557 1151; x_wconf 85' lang='grc' dir='ltr'><strong>καὶ</strong></span> <span class='ocrx_word' id='word_1_79' title='bbox 1581 1100 1615 1151; x_wconf 78' lang='grc' dir='ltr'><strong>ἀ</strong></span> <span class='ocrx_word' id='word_1_80' title='bbox 1631 1099 1730 1168; x_wconf 81' lang='grc' dir='ltr'>τῆς</span> <span class='ocrx_word' id='word_1_81' title='bbox 1753 1098 1956 1151; x_wconf 85' lang='grc' dir='ltr'>δικαιο-</span> 
     </span>
    </p>
   </div>
   <div class='ocr_carea' id='block_1_11' title="bbox 385 1190 1955 1264">
    <p class='ocr_par' dir='ltr' id='par_1_11' title="bbox 385 1190 1955 1264">
     <span class='ocr_line' id='line_1_11' title="bbox 385 1190 1955 1264; baseline 0.001 -21"><span class='ocrx_word' id='word_1_82' title='bbox 385 1190 548 1261; x_wconf 84' lang='grc' dir='ltr'>σύνης</span> <span class='ocrx_word' id='word_1_83' title='bbox 584 1190 771 1260; x_wconf 72' lang='grc' dir='ltr'>ἦλιοςς</span> <span class='ocrx_word' id='word_1_84' title='bbox 813 1191 886 1244; x_wconf 76' lang='grc' dir='ltr'>Τὸ</span> <span class='ocrx_word' id='word_1_85' title='bbox 916 1192 1026 1264; x_wconf 80' lang='grc' dir='ltr'><strong>γάρ</strong></span> <span class='ocrx_word' id='word_1_86' title='bbox 1053 1191 1336 1256; x_wconf 80' lang='grc' dir='ltr'><strong>δεσπόζειν</strong></span> <span class='ocrx_word' id='word_1_87' title='bbox 1368 1207 1430 1243; x_wconf 89' lang='grc' dir='ltr'><strong>τε</strong></span> <span class='ocrx_word' id='word_1_88' title='bbox 1466 1191 1560 1243; x_wconf 79' lang='grc' dir='ltr'><strong>καὶ</strong></span> <span class='ocrx_word' id='word_1_89' title='bbox 1592 1193 1815 1261; x_wconf 82' lang='grc' dir='ltr'>κρατεῖν</span> <span class='ocrx_word' id='word_1_90' title='bbox 1844 1190 1955 1245; x_wconf 81' lang='grc' dir='ltr'><strong>τῶν</strong></span> 
     </span>
    </p>
   </div>
   <div class='ocr_carea' id='block_1_12' title="bbox 382 1281 1953 1353">
    <p class='ocr_par' dir='ltr' id='par_1_12' title="bbox 382 1281 1953 1353">
     <span class='ocr_line' id='line_1_12' title="bbox 382 1281 1953 1353; baseline 0 -17"><span class='ocrx_word' id='word_1_91' title='bbox 382 1282 517 1336; x_wconf 82' lang='grc' dir='ltr'>ὅλων</span> <span class='ocrx_word' id='word_1_92' title='bbox 544 1283 828 1348; x_wconf 80' lang='grc' dir='ltr'>δύνασθαι,</span> <span class='ocrx_word' id='word_1_93' title='bbox 851 1283 945 1336; x_wconf 78' lang='grc' dir='ltr'>καὶ</span> <span class='ocrx_word' id='word_1_94' title='bbox 974 1282 1231 1352; x_wconf 68' lang='grc' dir='ltr'>φωτίζειν</span> <span class='ocrx_word' id='word_1_95' title='bbox 1255 1282 1325 1334; x_wconf 75' lang='grc' dir='ltr'>τὰ</span> <span class='ocrx_word' id='word_1_96' title='bbox 1358 1281 1546 1353; x_wconf 75' lang='grc' dir='ltr'>νοητά,</span> <span class='ocrx_word' id='word_1_97' title='bbox 1575 1282 1776 1353; x_wconf 82' lang='grc' dir='ltr'>πρέποι</span> <span class='ocrx_word' id='word_1_98' title='bbox 1799 1282 1864 1335; x_wconf 84' lang='grc' dir='ltr'><strong>ἂν</strong></span> <span class='ocrx_word' id='word_1_99' title='bbox 1892 1283 1953 1336; x_wconf 92' lang='grc' dir='ltr'><strong>οὑ</strong></span> 
     </span>
    </p>
   </div>
   <div class='ocr_carea' id='block_1_13' title="bbox 386 1372 1955 1445">
    <p class='ocr_par' dir='ltr' id='par_1_13' title="bbox 386 1372 1955 1445">
     <span class='ocr_line' id='line_1_13' title="bbox 386 1372 1955 1445; baseline 0.001 -20"><span class='ocrx_word' id='word_1_100' title='bbox 386 1372 605 1442; x_wconf 78' lang='grc' dir='ltr'>μέτροις</span> <span class='ocrx_word' id='word_1_101' title='bbox 629 1374 741 1437; x_wconf 86' lang='grc' dir='ltr'>τοῖς</span> <span class='ocrx_word' id='word_1_102' title='bbox 763 1373 881 1425; x_wconf 84' lang='grc' dir='ltr'>καθ’</span> <span class='ocrx_word' id='word_1_103' title='bbox 905 1374 1077 1444; x_wconf 78' lang='grc' dir='ltr'>ἡμᾶς,</span> <span class='ocrx_word' id='word_1_104' title='bbox 1099 1373 1445 1427; x_wconf 84' lang='grc' dir='ltr'>ἀνακείσεται</span> <span class='ocrx_word' id='word_1_105' title='bbox 1462 1373 1518 1426; x_wconf 85' lang='grc' dir='ltr'>δὲ</span> <span class='ocrx_word' id='word_1_106' title='bbox 1544 1372 1681 1444; x_wconf 75' lang='grc' dir='ltr'>μόνῃ</span> <span class='ocrx_word' id='word_1_107' title='bbox 1704 1375 1773 1445; x_wconf 81' lang='grc' dir='ltr'>τῇ</span> <span class='ocrx_word' id='word_1_108' title='bbox 1796 1374 1955 1444; x_wconf 80' lang='grc' dir='ltr'>ὑπερ·</span> 
     </span>
    </p>
   </div>
   <div class='ocr_carea' id='block_1_14' title="bbox 378 1463 1174 1533">
    <p class='ocr_par' dir='ltr' id='par_1_14' title="bbox 378 1463 1174 1533">
     <span class='ocr_line' id='line_1_14' title="bbox 378 1463 1174 1533; baseline 0.005 -20"><span class='ocrx_word' id='word_1_109' title='bbox 378 1463 542 1525; x_wconf 83' lang='grc' dir='ltr'>τάτω,</span> <span class='ocrx_word' id='word_1_110' title='bbox 575 1464 670 1515; x_wconf 76' lang='grc' dir='ltr'>καὶ</span> <span class='ocrx_word' id='word_1_111' title='bbox 701 1463 968 1517; x_wconf 81' lang='grc' dir='ltr'>ἀνωτάτω</span> <span class='ocrx_word' id='word_1_112' title='bbox 993 1463 1174 1533; x_wconf 82' lang='grc' dir='ltr'>φύσει.</span> 
     </span>
    </p>
   </div>
   <div class='ocr_carea' id='block_1_15' title="bbox 461 1548 1953 1625">
    <p class='ocr_par' dir='ltr' id='par_1_15' title="bbox 461 1548 1953 1625">
     <span class='ocr_line' id='line_1_15' title="bbox 461 1548 1953 1625; baseline -0.001 -18"><span class='ocrx_word' id='word_1_113' title='bbox 461 1554 675 1625; x_wconf 83' lang='grc' dir='ltr'>Ἐπειδὴ</span> <span class='ocrx_word' id='word_1_114' title='bbox 712 1555 770 1607; x_wconf 79' lang='grc' dir='ltr'><strong>δὲ</strong></span> <span class='ocrx_word' id='word_1_115' title='bbox 799 1554 879 1617; x_wconf 83' lang='grc' dir='ltr'><strong>τὸ,</strong></span> <span class='ocrx_word' id='word_1_116' title='bbox 916 1573 934 1605; x_wconf 83' lang='grc' dir='ltr'><strong>ι</strong></span> <span class='ocrx_word' id='word_1_117' title='bbox 963 1554 1211 1625; x_wconf 84' lang='grc' dir='ltr'>Διῆλθεν,</span> <span class='ocrx_word' id='word_1_118' title='bbox 1235 1574 1251 1604; x_wconf 79' lang='grc' dir='ltr'><strong>ι</strong></span> <span class='ocrx_word' id='word_1_119' title='bbox 1290 1554 1427 1617; x_wconf 82' lang='grc' dir='ltr'>ὅλως</span> <span class='ocrx_word' id='word_1_120' title='bbox 1456 1555 1555 1607; x_wconf 83' lang='grc' dir='ltr'><strong>οὑκ</strong></span> <span class='ocrx_word' id='word_1_121' title='bbox 1585 1548 1684 1608; x_wconf 73' lang='grc' dir='ltr'>οἷδ’</span> <span class='ocrx_word' id='word_1_122' title='bbox 1705 1555 1827 1608; x_wconf 80' lang='grc' dir='ltr'>ὅθεν</span> <span class='ocrx_word' id='word_1_123' title='bbox 1857 1553 1953 1606; x_wconf 85' lang='grc' dir='ltr'>λα-</span> 
     </span>
    </p>
   </div>
   <div class='ocr_carea' id='block_1_16' title="bbox 378 1642 1957 1715">
    <p class='ocr_par' dir='ltr' id='par_1_16' title="bbox 378 1642 1957 1715">
     <span class='ocr_line' id='line_1_16' title="bbox 378 1642 1957 1715; baseline -0.002 -17"><span class='ocrx_word' id='word_1_124' title='bbox 378 1644 506 1706; x_wconf 72' lang='grc' dir='ltr'>ϐὼν,</span> <span class='ocrx_word' id='word_1_125' title='bbox 536 1645 787 1707; x_wconf 78' lang='grc' dir='ltr'>τέθεικας</span> <span class='ocrx_word' id='word_1_126' title='bbox 830 1645 922 1697; x_wconf 70' lang='grc' dir='ltr'>ἐπὶ</span> <span class='ocrx_word' id='word_1_127' title='bbox 955 1644 1114 1703; x_wconf 85' lang='grc' dir='ltr'>Θεοῦ,</span> <span class='ocrx_word' id='word_1_128' title='bbox 1163 1644 1417 1712; x_wconf 77' lang='grc' dir='ltr'>διασάιρει</span> <span class='ocrx_word' id='word_1_129' title='bbox 1460 1643 1556 1715; x_wconf 79' lang='grc' dir='ltr'>τὴν</span> <span class='ocrx_word' id='word_1_130' title='bbox 1596 1643 1773 1708; x_wconf 76' lang='grc' dir='ltr'>λέξινο</span> <span class='ocrx_word' id='word_1_131' title='bbox 1806 1643 1860 1695; x_wconf 84' lang='grc' dir='ltr'><strong>τί</strong></span> <span class='ocrx_word' id='word_1_132' title='bbox 1890 1642 1957 1696; x_wconf 79' lang='grc' dir='ltr'>τὸ</span> 
     </span>
    </p>
   </div>
   <div class='ocr_carea' id='block_1_17' title="bbox 376 1732 1950 1805">
    <p class='ocr_par' dir='ltr' id='par_1_17' title="bbox 376 1732 1950 1805">
     <span class='ocr_line' id='line_1_17' title="bbox 376 1732 1950 1805; baseline -0.003 -17"><span class='ocrx_word' id='word_1_133' title='bbox 376 1735 560 1805; x_wconf 84' lang='grc' dir='ltr'>χρῆμα</span> <span class='ocrx_word' id='word_1_134' title='bbox 590 1734 691 1801; x_wconf 75' lang='grc' dir='ltr'>τῆς</span> <span class='ocrx_word' id='word_1_135' title='bbox 721 1733 907 1787; x_wconf 80' lang='grc' dir='ltr'>ἐνθάδε</span> <span class='ocrx_word' id='word_1_136' title='bbox 938 1732 1237 1804; x_wconf 79' lang='grc' dir='ltr'>λεγομένης</span> <span class='ocrx_word' id='word_1_137' title='bbox 1276 1734 1471 1797; x_wconf 78' lang='grc' dir='ltr'>διόδου,</span> <span class='ocrx_word' id='word_1_138' title='bbox 1508 1734 1606 1803; x_wconf 84' lang='grc' dir='ltr'><strong>τῆς</strong></span> <span class='ocrx_word' id='word_1_139' title='bbox 1638 1737 1735 1804; x_wconf 82' lang='grc' dir='ltr'>σῆς</span> <span class='ocrx_word' id='word_1_140' title='bbox 1769 1735 1853 1802; x_wconf 81' lang='grc' dir='ltr'><strong>εἴη</strong></span> <span class='ocrx_word' id='word_1_141' title='bbox 1885 1733 1950 1787; x_wconf 79' lang='grc' dir='ltr'>ἂν</span> 
     </span>
    </p>
   </div>
   <div class='ocr_carea' id='block_1_18' title="bbox 375 1798 2027 1896">
    <p class='ocr_par' dir='ltr' id='par_1_18' title="bbox 375 1798 2027 1896">
     <span class='ocr_line' id='line_1_18' title="bbox 375 1798 2027 1896; baseline -0.001 -18"><span class='ocrx_word' id='word_1_142' title='bbox 375 1798 567 1895; x_wconf 42' lang='lat' dir='ltr'><strong>iga-pavo;</strong></span> <span class='ocrx_word' id='word_1_143' title='bbox 606 1798 931 1896; x_wconf 70' lang='grc' dir='ltr'>ἠγνοηκόσιν</span> <span class='ocrx_word' id='word_1_144' title='bbox 971 1798 1163 1879; x_wconf 78' lang='grc' dir='ltr'>είπείν.</span> <span class='ocrx_word' id='word_1_145' title='bbox 1194 1798 1256 1879; x_wconf 59' lang='grc' dir='ltr'>ίῖί</span> <span class='ocrx_word' id='word_1_146' title='bbox 1292 1828 1389 1895; x_wconf 75' lang='grc' dir='ltr'><strong>μὲν</strong></span> <span class='ocrx_word' id='word_1_147' title='bbox 1420 1825 1527 1895; x_wconf 84' lang='grc' dir='ltr'><strong>γάρ</strong></span> <span class='ocrx_word' id='word_1_148' title='bbox 1563 1798 1711 1879; x_wconf 75' lang='grc' dir='ltr'>οὕτω</span> <span class='ocrx_word' id='word_1_149' title='bbox 1737 1798 1953 1895; x_wconf 77' lang='grc' dir='ltr'>διῆλθεν</span> <span class='ocrx_word' id='word_1_150' title='bbox 1985 1798 2027 1856; x_wconf 75' lang='grc' dir='ltr'><strong>Β</strong></span> 
     </span>
    </p>
   </div>
   <div class='ocr_carea' id='block_1_19' title="bbox 374 1917 1957 1989">
    <p class='ocr_par' dir='ltr' id='par_1_19' title="bbox 374 1917 1957 1989">
     <span class='ocr_line' id='line_1_19' title="bbox 374 1917 1957 1989; baseline -0.003 -17"><span class='ocrx_word' id='word_1_151' title='bbox 374 1917 593 1988; x_wconf 79' lang='grc' dir='ltr'>αὑτὴνό</span> <span class='ocrx_word' id='word_1_152' title='bbox 622 1919 715 1971; x_wconf 87' lang='grc' dir='ltr'><strong>τοῦ</strong></span> <span class='ocrx_word' id='word_1_153' title='bbox 749 1919 884 1971; x_wconf 81' lang='grc' dir='ltr'>Θεοῦ</span> <span class='ocrx_word' id='word_1_154' title='bbox 928 1918 1119 1987; x_wconf 82' lang='grc' dir='ltr'>Λόγος,</span> <span class='ocrx_word' id='word_1_155' title='bbox 1158 1918 1235 1981; x_wconf 82' lang='grc' dir='ltr'>ὡς</span> <span class='ocrx_word' id='word_1_156' title='bbox 1278 1920 1345 1971; x_wconf 84' lang='grc' dir='ltr'><strong>ἐκ.</strong></span> <span class='ocrx_word' id='word_1_157' title='bbox 1380 1918 1547 1971; x_wconf 83' lang='grc' dir='ltr'>τόπου</span> <span class='ocrx_word' id='word_1_158' title='bbox 1587 1918 1723 1989; x_wconf 80' lang='grc' dir='ltr'>πρὸς</span> <span class='ocrx_word' id='word_1_159' title='bbox 1767 1917 1957 1987; x_wconf 71' lang='grc' dir='ltr'>ἕτερον</span> 
     </span>
    </p>
   </div>
   <div class='ocr_carea' id='block_1_20' title="bbox 381 2009 1953 2082">
    <p class='ocr_par' dir='ltr' id='par_1_20' title="bbox 381 2009 1953 2082">
     <span class='ocr_line' id='line_1_20' title="bbox 381 2009 1953 2082; baseline 0.001 -21"><span class='ocrx_word' id='word_1_160' title='bbox 381 2011 764 2080; x_wconf 84' lang='grc' dir='ltr'>μεταχωρῆσαι</span> <span class='ocrx_word' id='word_1_161' title='bbox 794 2012 973 2074; x_wconf 82' lang='grc' dir='ltr'>τόπον,</span> <span class='ocrx_word' id='word_1_162' title='bbox 998 2011 1224 2064; x_wconf 77' lang='grc' dir='ltr'>αὐτόθεν</span> <span class='ocrx_word' id='word_1_163' title='bbox 1246 2009 1557 2080; x_wconf 77' lang='grc' dir='ltr'>καταϐαλῇς</span> <span class='ocrx_word' id='word_1_164' title='bbox 1573 2028 1586 2039; x_wconf 91' lang='grc'><strong>·</strong></span> <span class='ocrx_word' id='word_1_165' title='bbox 1610 2009 1819 2081; x_wconf 77' lang='grc' dir='ltr'>ἀκούσῃ</span> <span class='ocrx_word' id='word_1_166' title='bbox 1844 2009 1953 2082; x_wconf 85' lang='grc' dir='ltr'><strong>γάρ</strong></span> 
     </span>
    </p>
   </div>
   <div class='ocr_carea' id='block_1_21' title="bbox 378 2102 1952 2173">
    <p class='ocr_par' dir='ltr' id='par_1_21' title="bbox 378 2102 1952 2173">
     <span class='ocr_line' id='line_1_21' title="bbox 378 2102 1952 2173; baseline 0 -18"><span class='ocrx_word' id='word_1_167' title='bbox 378 2103 624 2171; x_wconf 84' lang='grc' dir='ltr'>λέγοντος</span> <span class='ocrx_word' id='word_1_168' title='bbox 651 2103 815 2157; x_wconf 77' lang='grc' dir='ltr'>αὑτοῦ</span> <span class='ocrx_word' id='word_1_169' title='bbox 843 2104 928 2157; x_wconf 79' lang='grc' dir='ltr'>διὰ</span> <span class='ocrx_word' id='word_1_170' title='bbox 959 2104 1140 2173; x_wconf 78' lang='grc' dir='ltr'>φωνῆς</span> <span class='ocrx_word' id='word_1_171' title='bbox 1175 2103 1281 2155; x_wconf 82' lang='grc' dir='ltr'><strong>τῶν</strong></span> <span class='ocrx_word' id='word_1_172' title='bbox 1310 2104 1482 2171; x_wconf 80' lang='grc' dir='ltr'>ἁγίων</span> <span class='ocrx_word' id='word_1_173' title='bbox 1500 2120 1513 2134; x_wconf 83' lang='grc'><em>’</em></span> <span class='ocrx_word' id='word_1_174' title='bbox 1551 2123 1568 2153; x_wconf 79' lang='grc' dir='ltr'><strong>ι</strong></span> <span class='ocrx_word' id='word_1_175' title='bbox 1598 2103 1690 2173; x_wconf 78' lang='grc' dir='ltr'><strong>Μὴ</strong></span> <span class='ocrx_word' id='word_1_176' title='bbox 1716 2103 1836 2173; x_wconf 84' lang='grc' dir='ltr'>οὑχὶ</span> <span class='ocrx_word' id='word_1_177' title='bbox 1860 2102 1952 2156; x_wconf 83' lang='grc' dir='ltr'><strong>τὸν</strong></span> 
     </span>
    </p>
   </div>
   <div class='ocr_carea' id='block_1_22' title="bbox 373 2193 1947 2266">
    <p class='ocr_par' dir='ltr' id='par_1_22' title="bbox 373 2193 1947 2266">
     <span class='ocr_line' id='line_1_22' title="bbox 373 2193 1947 2266; baseline 0.001 -20"><span class='ocrx_word' id='word_1_178' title='bbox 373 2194 602 2264; x_wconf 71' lang='grc' dir='ltr'>οὐρανὸν</span> <span class='ocrx_word' id='word_1_179' title='bbox 637 2195 731 2247; x_wconf 77' lang='grc' dir='ltr'><strong>καὶ</strong></span> <span class='ocrx_word' id='word_1_180' title='bbox 786 2193 884 2265; x_wconf 78' lang='grc' dir='ltr'>τὴν</span> <span class='ocrx_word' id='word_1_181' title='bbox 922 2196 1025 2265; x_wconf 80' lang='grc' dir='ltr'><strong>γῆν</strong></span> <span class='ocrx_word' id='word_1_182' title='bbox 1067 2195 1178 2263; x_wconf 74' lang='grc' dir='ltr'>ἐγὼ</span> <span class='ocrx_word' id='word_1_183' title='bbox 1220 2194 1433 2266; x_wconf 85' lang='grc' dir='ltr'>πληρῶ,</span> <span class='ocrx_word' id='word_1_184' title='bbox 1479 2195 1626 2263; x_wconf 81' lang='grc' dir='ltr'>λέγει</span> <span class='ocrx_word' id='word_1_185' title='bbox 1658 2194 1893 2265; x_wconf 75' lang='grc' dir='ltr'>Κύρως;</span> <span class='ocrx_word' id='word_1_186' title='bbox 1928 2215 1947 2247; x_wconf 73' lang='grc' dir='ltr'><strong>ι</strong></span> 
     </span>
    </p>
   </div>
   <div class='ocr_carea' id='block_1_23' title="bbox 373 2280 1952 2354">
    <p class='ocr_par' dir='ltr' id='par_1_23' title="bbox 373 2280 1952 2354">
     <span class='ocr_line' id='line_1_23' title="bbox 373 2280 1952 2354; baseline 0.002 -20"><span class='ocrx_word' id='word_1_187' title='bbox 373 2281 450 2334; x_wconf 85' lang='grc' dir='ltr'>Οὑ</span> <span class='ocrx_word' id='word_1_188' title='bbox 487 2282 594 2352; x_wconf 81' lang='grc' dir='ltr'><strong>γάρ</strong></span> <span class='ocrx_word' id='word_1_189' title='bbox 632 2283 689 2335; x_wconf 79' lang='grc' dir='ltr'>ὲν</span> <span class='ocrx_word' id='word_1_190' title='bbox 720 2282 869 2352; x_wconf 83' lang='grc' dir='ltr'>τόπῳ</span> <span class='ocrx_word' id='word_1_191' title='bbox 899 2282 959 2335; x_wconf 87' lang='grc' dir='ltr'><strong>τὸ</strong></span> <span class='ocrx_word' id='word_1_192' title='bbox 979 2283 1155 2347; x_wconf 82' lang='grc' dir='ltr'>Θείον,</span> <span class='ocrx_word' id='word_1_193' title='bbox 1186 2284 1279 2337; x_wconf 74' lang='grc' dir='ltr'><strong>καὶ</strong></span> <span class='ocrx_word' id='word_1_194' title='bbox 1313 2285 1673 2354; x_wconf 76' lang='grc' dir='ltr'>μεταστάσεις</span> <span class='ocrx_word' id='word_1_195' title='bbox 1709 2285 1811 2337; x_wconf 80' lang='grc' dir='ltr'><strong>οὑκ</strong></span> <span class='ocrx_word' id='word_1_196' title='bbox 1843 2280 1952 2337; x_wconf 80' lang='grc' dir='ltr'>οἶδε</span> 
     </span>
    </p>
   </div>
   <div class='ocr_carea' id='block_1_24' title="bbox 372 2376 1951 2448">
    <p class='ocr_par' dir='ltr' id='par_1_24' title="bbox 372 2376 1951 2448">
     <span class='ocr_line' id='line_1_24' title="bbox 372 2376 1951 2448; baseline -0.001 -19"><span class='ocrx_word' id='word_1_197' title='bbox 372 2378 713 2445; x_wconf 82' lang='grc' dir='ltr'>σωματικάς·</span> <span class='ocrx_word' id='word_1_198' title='bbox 742 2376 939 2448; x_wconf 79' lang='grc' dir='ltr'>πληροῖ</span> <span class='ocrx_word' id='word_1_199' title='bbox 964 2377 1071 2447; x_wconf 85' lang='grc' dir='ltr'><strong>γάρ</strong></span> <span class='ocrx_word' id='word_1_200' title='bbox 1093 2379 1161 2431; x_wconf 74' lang='grc' dir='ltr'>τὰ</span> <span class='ocrx_word' id='word_1_201' title='bbox 1193 2378 1366 2431; x_wconf 87' lang='grc' dir='ltr'>πάντα</span> <span class='ocrx_word' id='word_1_202' title='bbox 1384 2395 1397 2407; x_wconf 74' lang='grc' dir='ltr'><strong><em>ο</em></strong></span> <span class='ocrx_word' id='word_1_203' title='bbox 1426 2380 1473 2431; x_wconf 87' lang='grc' dir='ltr'><strong>εί</strong></span> <span class='ocrx_word' id='word_1_204' title='bbox 1496 2377 1573 2436; x_wconf 80' lang='grc' dir='ltr'><strong>δὲ,</strong></span> <span class='ocrx_word' id='word_1_205' title='bbox 1603 2379 1833 2447; x_wconf 79' lang='grc' dir='ltr'>ἐπείπερ</span> <span class='ocrx_word' id='word_1_206' title='bbox 1860 2378 1951 2431; x_wconf 84' lang='grc' dir='ltr'><strong>τὸν</strong></span> 
     </span>
    </p>
   </div>
   <div class='ocr_carea' id='block_1_25' title="bbox 371 2468 1950 2541">
    <p class='ocr_par' dir='ltr' id='par_1_25' title="bbox 371 2468 1950 2541">
     <span class='ocr_line' id='line_1_25' title="bbox 371 2468 1950 2541; baseline 0.001 -21"><span class='ocrx_word' id='word_1_207' title='bbox 371 2468 450 2537; x_wconf 77' lang='grc' dir='ltr'>τῷ</span> <span class='ocrx_word' id='word_1_208' title='bbox 481 2468 626 2536; x_wconf 85' lang='grc' dir='ltr'>τόκῳ</span> <span class='ocrx_word' id='word_1_209' title='bbox 658 2468 937 2537; x_wconf 83' lang='grc' dir='ltr'>πρέποντα</span> <span class='ocrx_word' id='word_1_210' title='bbox 985 2470 1309 2540; x_wconf 82' lang='grc' dir='ltr'>περιμείνας</span> <span class='ocrx_word' id='word_1_211' title='bbox 1358 2470 1568 2540; x_wconf 74' lang='grc' dir='ltr'>καιρὸν,</span> <span class='ocrx_word' id='word_1_212' title='bbox 1603 2471 1859 2541; x_wconf 80' lang='grc' dir='ltr'>σχετικὴν</span> <span class='ocrx_word' id='word_1_213' title='bbox 1891 2472 1950 2522; x_wconf 83' lang='grc' dir='ltr'>ὲν</span> 
     </span>
    </p>
   </div>
   <div class='ocr_carea' id='block_1_26' title="bbox 369 2559 1949 2632">
    <p class='ocr_par' dir='ltr' id='par_1_26' title="bbox 369 2559 1949 2632">
     <span class='ocr_line' id='line_1_26' title="bbox 369 2559 1949 2632; baseline 0.001 -19"><span class='ocrx_word' id='word_1_214' title='bbox 369 2559 644 2629; x_wconf 82' lang='grc' dir='ltr'>ἀνθρώπῳ</span> <span class='ocrx_word' id='word_1_215' title='bbox 670 2564 766 2629; x_wconf 75' lang='grc' dir='ltr'><strong>τὴν</strong></span> <span class='ocrx_word' id='word_1_216' title='bbox 803 2561 1072 2631; x_wconf 78' lang='grc' dir='ltr'>ἐνοίκησιν</span> <span class='ocrx_word' id='word_1_217' title='bbox 1110 2562 1422 2631; x_wconf 74' lang='grc' dir='ltr'>ἐποιήσατο,</span> <span class='ocrx_word' id='word_1_218' title='bbox 1449 2561 1693 2614; x_wconf 84' lang='grc' dir='ltr'>διελάσαι</span> <span class='ocrx_word' id='word_1_219' title='bbox 1726 2562 1832 2632; x_wconf 75' lang='grc' dir='ltr'>φὴς</span> <span class='ocrx_word' id='word_1_220' title='bbox 1857 2563 1949 2615; x_wconf 87' lang='grc' dir='ltr'><strong>τὸν</strong></span> 
     </span>
    </p>
   </div>
   <div class='ocr_carea' id='block_1_27' title="bbox 368 2652 1946 2726">
    <p class='ocr_par' dir='ltr' id='par_1_27' title="bbox 368 2652 1946 2726">
     <span class='ocr_line' id='line_1_27' title="bbox 368 2652 1946 2726; baseline 0.003 -21"><span class='ocrx_word' id='word_1_221' title='bbox 368 2652 502 2705; x_wconf 76' lang='grc' dir='ltr'>Θεὸν</span> <span class='ocrx_word' id='word_1_222' title='bbox 527 2653 628 2721; x_wconf 83' lang='grc' dir='ltr'>τῆς</span> <span class='ocrx_word' id='word_1_223' title='bbox 659 2653 819 2719; x_wconf 81' lang='grc' dir='ltr'>ἁγίας</span> <span class='ocrx_word' id='word_1_224' title='bbox 857 2653 1156 2724; x_wconf 83' lang='grc' dir='ltr'>Παρθένου,</span> <span class='ocrx_word' id='word_1_225' title='bbox 1194 2654 1380 2724; x_wconf 81' lang='grc' dir='ltr'>ἤγουν,</span> <span class='ocrx_word' id='word_1_226' title='bbox 1414 2654 1702 2722; x_wconf 77' lang='grc' dir='ltr'>παρελθεῖν</span> <span class='ocrx_word' id='word_1_227' title='bbox 1740 2656 1909 2726; x_wconf 82' lang='grc' dir='ltr'>αὑτήν</span> <span class='ocrx_word' id='word_1_228' title='bbox 1932 2673 1946 2687; x_wconf 81' lang='lat'><strong><em>°</em></strong></span> 
     </span>
    </p>
   </div>
   <div class='ocr_carea' id='block_1_28' title="bbox 369 2745 1946 2817">
    <p class='ocr_par' dir='ltr' id='par_1_28' title="bbox 369 2745 1946 2817">
     <span class='ocr_line' id='line_1_28' title="bbox 369 2745 1946 2817; baseline 0.001 -21"><span class='ocrx_word' id='word_1_229' title='bbox 369 2745 710 2815; x_wconf 80' lang='grc' dir='ltr'>κεχρήσομαι</span> <span class='ocrx_word' id='word_1_230' title='bbox 746 2745 855 2817; x_wconf 85' lang='grc' dir='ltr'><strong>γάρ</strong></span> <span class='ocrx_word' id='word_1_231' title='bbox 903 2746 1149 2816; x_wconf 86' lang='grc' dir='ltr'>πανταχῆ</span> <span class='ocrx_word' id='word_1_232' title='bbox 1198 2748 1314 2808; x_wconf 87' lang='grc' dir='ltr'>ταῖς</span> <span class='ocrx_word' id='word_1_233' title='bbox 1352 2747 1521 2816; x_wconf 78' lang='grc' dir='ltr'>ἱεραῖς</span> <span class='ocrx_word' id='word_1_234' title='bbox 1569 2763 1662 2798; x_wconf 89' lang='grc' dir='ltr'><strong>σου</strong></span> <span class='ocrx_word' id='word_1_235' title='bbox 1703 2749 1946 2815; x_wconf 78' lang='grc' dir='ltr'>φωναίςο</span> 
     </span>
    </p>
   </div>
   <div class='ocr_carea' id='block_1_29' title="bbox 368 2837 1948 2910">
    <p class='ocr_par' dir='ltr' id='par_1_29' title="bbox 368 2837 1948 2910">
     <span class='ocr_line' id='line_1_29' title="bbox 368 2837 1948 2910; baseline 0.003 -21"><span class='ocrx_word' id='word_1_236' title='bbox 368 2837 521 2890; x_wconf 80' lang='grc' dir='ltr'>οὐδὲν</span> <span class='ocrx_word' id='word_1_237' title='bbox 557 2839 666 2906; x_wconf 79' lang='grc' dir='ltr'>ἄρα</span> <span class='ocrx_word' id='word_1_238' title='bbox 709 2837 771 2890; x_wconf 78' lang='grc' dir='ltr'>τὸ</span> <span class='ocrx_word' id='word_1_239' title='bbox 820 2838 1072 2909; x_wconf 75' lang='grc' dir='ltr'>περιττὸν</span> <span class='ocrx_word' id='word_1_240' title='bbox 1108 2840 1165 2892; x_wconf 80' lang='grc' dir='ltr'>ὲν</span> <span class='ocrx_word' id='word_1_241' title='bbox 1208 2840 1276 2908; x_wconf 79' lang='grc' dir='ltr'>τῇ</span> <span class='ocrx_word' id='word_1_242' title='bbox 1317 2838 1449 2909; x_wconf 73' lang='grc' dir='ltr'>ἁγία</span> <span class='ocrx_word' id='word_1_243' title='bbox 1487 2837 1750 2909; x_wconf 83' lang='grc' dir='ltr'>Παρθένῳ</span> <span class='ocrx_word' id='word_1_244' title='bbox 1796 2839 1948 2910; x_wconf 75' lang='grc' dir='ltr'>παρὰ</span> 
     </span>
    </p>
   </div>
   <div class='ocr_carea' id='block_1_30' title="bbox 367 2928 1948 3002">
    <p class='ocr_par' dir='ltr' id='par_1_30' title="bbox 367 2928 1948 3002">
     <span class='ocr_line' id='line_1_30' title="bbox 367 2928 1948 3002; baseline 0.003 -21"><span class='ocrx_word' id='word_1_245' title='bbox 367 2928 466 2993; x_wconf 74' lang='grc' dir='ltr'>τὰς</span> <span class='ocrx_word' id='word_1_246' title='bbox 507 2930 675 2994; x_wconf 81' lang='grc' dir='ltr'>ἄλλας</span> <span class='ocrx_word' id='word_1_247' title='bbox 706 2930 942 3002; x_wconf 79' lang='grc' dir='ltr'>ὁρῶμεν.</span> <span class='ocrx_word' id='word_1_248' title='bbox 980 2931 1265 2984; x_wconf 85' lang='grc' dir='ltr'>Ἐκτέτοκε</span> <span class='ocrx_word' id='word_1_249' title='bbox 1304 2930 1413 3000; x_wconf 80' lang='grc' dir='ltr'>γὰρ</span> <span class='ocrx_word' id='word_1_250' title='bbox 1456 2932 1488 2999; x_wconf 84' lang='grc' dir='ltr'><strong>ὴ</strong></span> <span class='ocrx_word' id='word_1_251' title='bbox 1530 2930 1809 2984; x_wconf 75' lang='grc' dir='ltr'>Ἑλισάϐετ</span> <span class='ocrx_word' id='word_1_252' title='bbox 1858 2933 1948 2985; x_wconf 88' lang='grc' dir='ltr'><strong>τὸν</strong></span> 
     </span>
    </p>
   </div>
   <div class='ocr_carea' id='block_1_31' title="bbox 370 3019 1942 3092">
    <p class='ocr_par' dir='ltr' id='par_1_31' title="bbox 370 3019 1942 3092">
     <span class='ocr_line' id='line_1_31' title="bbox 370 3019 1942 3092; baseline 0.001 -19"><span class='ocrx_word' id='word_1_253' title='bbox 370 3020 639 3090; x_wconf 87' lang='grc' dir='ltr'>μακάριον</span> <span class='ocrx_word' id='word_1_254' title='bbox 672 3021 978 3091; x_wconf 79' lang='grc' dir='ltr'>Βαπτιστὴν</span> <span class='ocrx_word' id='word_1_255' title='bbox 1003 3020 1336 3091; x_wconf 79' lang='grc' dir='ltr'>ἡγιασμένον</span> <span class='ocrx_word' id='word_1_256' title='bbox 1367 3020 1452 3073; x_wconf 78' lang='grc' dir='ltr'>διὰ</span> <span class='ocrx_word' id='word_1_257' title='bbox 1480 3019 1574 3073; x_wconf 89' lang='grc' dir='ltr'><strong>τοῦ</strong></span> <span class='ocrx_word' id='word_1_258' title='bbox 1606 3021 1942 3092; x_wconf 84' lang='grc' dir='ltr'>Πνεύματος,</span> 
     </span>
    </p>
   </div>
   <div class='ocr_carea' id='block_1_32' title="bbox 365 3106 2015 3197">
    <p class='ocr_par' dir='ltr' id='par_1_32' title="bbox 365 3106 2015 3197">
     <span class='ocr_line' id='line_1_32' title="bbox 365 3106 2015 3197; baseline 0.001 -32"><span class='ocrx_word' id='word_1_259' title='bbox 365 3113 435 3166; x_wconf 84' lang='grc' dir='ltr'>δι’</span> <span class='ocrx_word' id='word_1_260' title='bbox 460 3106 519 3165; x_wconf 71' lang='grc' dir='ltr'><strong>οὑ</strong></span> <span class='ocrx_word' id='word_1_261' title='bbox 555 3114 869 3185; x_wconf 86' lang='grc' dir='ltr'>Πνεύματος</span> <span class='ocrx_word' id='word_1_262' title='bbox 914 3114 1007 3167; x_wconf 77' lang='grc' dir='ltr'>καὶ</span> <span class='ocrx_word' id='word_1_263' title='bbox 1048 3112 1211 3176; x_wconf 79' lang='grc' dir='ltr'>αὐτὸς</span> <span class='ocrx_word' id='word_1_264' title='bbox 1245 3115 1272 3165; x_wconf 92' lang='grc' dir='ltr'><strong>ό</strong></span> <span class='ocrx_word' id='word_1_265' title='bbox 1305 3113 1429 3176; x_wconf 78' lang='grc' dir='ltr'>Υἱὸς</span> <span class='ocrx_word' id='word_1_266' title='bbox 1474 3113 1533 3164; x_wconf 78' lang='grc' dir='ltr'>ἐν</span> <span class='ocrx_word' id='word_1_267' title='bbox 1566 3114 1698 3182; x_wconf 76' lang='grc' dir='ltr'>ἡμῖν</span> <span class='ocrx_word' id='word_1_268' title='bbox 1728 3113 1945 3176; x_wconf 76' lang='grc' dir='ltr'>αὑλίζε-</span> <span class='ocrx_word' id='word_1_269' title='bbox 1972 3140 2015 3197; x_wconf 74' lang='lat' dir='ltr'><strong><em>C</em></strong></span> 
     </span>
    </p>
   </div>
   <div class='ocr_carea' id='block_1_33' title="bbox 366 3206 1947 3278">
    <p class='ocr_par' dir='ltr' id='par_1_33' title="bbox 366 3206 1947 3278">
     <span class='ocr_line' id='line_1_33' title="bbox 366 3206 1947 3278; baseline 0.001 -20"><span class='ocrx_word' id='word_1_270' title='bbox 366 3223 479 3259; x_wconf 80' lang='grc' dir='ltr'>ται.</span> <span class='ocrx_word' id='word_1_271' title='bbox 509 3207 617 3259; x_wconf 73' lang='grc' dir='ltr'>Καὶ</span> <span class='ocrx_word' id='word_1_272' title='bbox 653 3208 995 3278; x_wconf 87' lang='grc' dir='ltr'>μαρτυρήσει</span> <span class='ocrx_word' id='word_1_273' title='bbox 1028 3206 1201 3275; x_wconf 89' lang='grc' dir='ltr'>λέγων</span> <span class='ocrx_word' id='word_1_274' title='bbox 1228 3208 1256 3260; x_wconf 86' lang='grc' dir='ltr'>ὁ</span> <span class='ocrx_word' id='word_1_275' title='bbox 1284 3206 1442 3274; x_wconf 72' lang='grc' dir='ltr'>σοφὸς</span> <span class='ocrx_word' id='word_1_276' title='bbox 1476 3206 1727 3277; x_wconf 76' lang='grc' dir='ltr'>Ἰωάννης</span> <span class='ocrx_word' id='word_1_277' title='bbox 1748 3225 1761 3238; x_wconf 89' lang='grc'><strong>·</strong></span> <span class='ocrx_word' id='word_1_278' title='bbox 1798 3226 1817 3257; x_wconf 77' lang='grc' dir='ltr'><strong>ι</strong></span> <span class='ocrx_word' id='word_1_279' title='bbox 1859 3208 1947 3259; x_wconf 87' lang='grc' dir='ltr'>Ἐν</span> 
     </span>
    </p>
   </div>
   <div class='ocr_carea' id='block_1_34' title="bbox 366 3299 1946 3371">
    <p class='ocr_par' dir='ltr' id='par_1_34' title="bbox 366 3299 1946 3371">
     <span class='ocr_line' id='line_1_34' title="bbox 366 3299 1946 3371; baseline 0.001 -20"><span class='ocrx_word' id='word_1_280' title='bbox 366 3299 542 3371; x_wconf 80' lang='grc' dir='ltr'>τούτῳ</span> <span class='ocrx_word' id='word_1_281' title='bbox 589 3299 951 3369; x_wconf 85' lang='grc' dir='ltr'>γινώσκομεν,</span> <span class='ocrx_word' id='word_1_282' title='bbox 993 3301 1075 3352; x_wconf 77' lang='grc' dir='ltr'><strong>ὅτι</strong></span> <span class='ocrx_word' id='word_1_283' title='bbox 1126 3302 1183 3352; x_wconf 82' lang='grc' dir='ltr'>ὲν</span> <span class='ocrx_word' id='word_1_284' title='bbox 1230 3301 1361 3369; x_wconf 74' lang='grc' dir='ltr'>ἡμῖν</span> <span class='ocrx_word' id='word_1_285' title='bbox 1401 3302 1570 3360; x_wconf 77' lang='grc' dir='ltr'>ἐστιν,</span> <span class='ocrx_word' id='word_1_286' title='bbox 1599 3300 1695 3353; x_wconf 60' lang='grc' dir='ltr'>ἔτι</span> <span class='ocrx_word' id='word_1_287' title='bbox 1746 3301 1810 3352; x_wconf 83' lang='grc' dir='ltr'><strong>ἐκ</strong></span> <span class='ocrx_word' id='word_1_288' title='bbox 1852 3300 1946 3353; x_wconf 82' lang='grc' dir='ltr'><strong>τοῦ</strong></span> 
     </span>
    </p>
   </div>
   <div class='ocr_carea' id='block_1_35' title="bbox 368 3382 1947 3458">
    <p class='ocr_par' dir='ltr' id='par_1_35' title="bbox 368 3382 1947 3458">
     <span class='ocr_line' id='line_1_35' title="bbox 368 3382 1947 3458; baseline -0.003 -16"><span class='ocrx_word' id='word_1_289' title='bbox 368 3390 684 3458; x_wconf 83' lang='grc' dir='ltr'>Πνεύματος</span> <span class='ocrx_word' id='word_1_290' title='bbox 733 3389 898 3442; x_wconf 82' lang='grc' dir='ltr'>αὑτοῦ</span> <span class='ocrx_word' id='word_1_291' title='bbox 950 3388 1149 3440; x_wconf 77' lang='grc' dir='ltr'>ἔδωκεν</span> <span class='ocrx_word' id='word_1_292' title='bbox 1191 3389 1344 3457; x_wconf 84' lang='grc' dir='ltr'>ἡμῖν.</span> <span class='ocrx_word' id='word_1_293' title='bbox 1374 3406 1391 3437; x_wconf 87' lang='grc'><strong>›</strong></span> <span class='ocrx_word' id='word_1_294' title='bbox 1427 3386 1652 3457; x_wconf 83' lang='grc' dir='ltr'>Διῆλθεν</span> <span class='ocrx_word' id='word_1_295' title='bbox 1700 3382 1793 3440; x_wconf 75' lang='grc' dir='ltr'>οὖν</span> <span class='ocrx_word' id='word_1_296' title='bbox 1840 3386 1947 3456; x_wconf 84' lang='grc' dir='ltr'>ἄρα</span> 
     </span>
    </p>
   </div>
   <div class='ocr_carea' id='block_1_36' title="bbox 369 3476 1947 3550">
    <p class='ocr_par' dir='ltr' id='par_1_36' title="bbox 369 3476 1947 3550">
     <span class='ocr_line' id='line_1_36' title="bbox 369 3476 1947 3550; baseline -0.002 -17"><span class='ocrx_word' id='word_1_297' title='bbox 369 3481 462 3533; x_wconf 78' lang='grc' dir='ltr'>καὶ</span> <span class='ocrx_word' id='word_1_298' title='bbox 489 3480 658 3548; x_wconf 82' lang='grc' dir='ltr'>αὑτὴν</span> <span class='ocrx_word' id='word_1_299' title='bbox 690 3480 789 3550; x_wconf 85' lang='grc' dir='ltr'><strong>τὴν</strong></span> <span class='ocrx_word' id='word_1_300' title='bbox 831 3478 1111 3532; x_wconf 80' lang='grc' dir='ltr'>Ἐλισάϐετ</span> <span class='ocrx_word' id='word_1_301' title='bbox 1152 3479 1180 3531; x_wconf 87' lang='grc' dir='ltr'><strong>ὁ</strong></span> <span class='ocrx_word' id='word_1_302' title='bbox 1219 3479 1282 3530; x_wconf 82' lang='grc' dir='ltr'>ἐκ</span> <span class='ocrx_word' id='word_1_303' title='bbox 1325 3476 1457 3530; x_wconf 78' lang='grc' dir='ltr'>Θεοῦ</span> <span class='ocrx_word' id='word_1_304' title='bbox 1493 3478 1686 3545; x_wconf 83' lang='grc' dir='ltr'>Λόγος,</span> <span class='ocrx_word' id='word_1_305' title='bbox 1716 3480 1809 3530; x_wconf 80' lang='grc' dir='ltr'><strong>καὶ</strong></span> <span class='ocrx_word' id='word_1_306' title='bbox 1841 3477 1947 3548; x_wconf 85' lang='grc' dir='ltr'><strong>πρὸ</strong></span> 
     </span>
    </p>
   </div>
   <div class='ocr_carea' id='block_1_37' title="bbox 366 3568 1946 3642">
    <p class='ocr_par' dir='ltr' id='par_1_37' title="bbox 366 3568 1946 3642">
     <span class='ocr_line' id='line_1_37' title="bbox 366 3568 1946 3642; baseline 0.001 -21"><span class='ocrx_word' id='word_1_307' title='bbox 366 3571 465 3641; x_wconf 82' lang='grc' dir='ltr'><strong>τῆς</strong></span> <span class='ocrx_word' id='word_1_308' title='bbox 500 3572 804 3642; x_wconf 81' lang='grc' dir='ltr'>γεννήσεως</span> <span class='ocrx_word' id='word_1_309' title='bbox 850 3569 1141 3641; x_wconf 82' lang='grc' dir='ltr'>ὲνῳκηκὼς</span> <span class='ocrx_word' id='word_1_310' title='bbox 1175 3568 1252 3638; x_wconf 83' lang='grc' dir='ltr'>τῷ</span> <span class='ocrx_word' id='word_1_311' title='bbox 1300 3569 1489 3641; x_wconf 72' lang='grc' dir='ltr'>βρέφει</span> <span class='ocrx_word' id='word_1_312' title='bbox 1521 3570 1607 3622; x_wconf 78' lang='grc' dir='ltr'><strong>διὰ</strong></span> <span class='ocrx_word' id='word_1_313' title='bbox 1648 3569 1737 3622; x_wconf 78' lang='grc' dir='ltr'><strong>τοῦ</strong></span> <span class='ocrx_word' id='word_1_314' title='bbox 1778 3570 1946 3623; x_wconf 86' lang='grc' dir='ltr'>Πνεύ-</span> 
     </span>
    </p>
   </div>
   <div class='ocr_carea' id='block_1_38' title="bbox 369 3680 559 3738">
    <p class='ocr_par' dir='ltr' id='par_1_38' title="bbox 369 3680 559 3738">
     <span class='ocr_line' id='line_1_38' title="bbox 369 3680 559 3738; baseline 0.011 -23"><span class='ocrx_word' id='word_1_315' title='bbox 369 3680 559 3738; x_wconf 82' lang='grc' dir='ltr'>ματος.</span> 
     </span>
    </p>
   </div>
   <div class='ocr_carea' id='block_1_39' title="bbox 449 3749 1944 3821">
    <p class='ocr_par' dir='ltr' id='par_1_39' title="bbox 449 3749 1944 3821">
     <span class='ocr_line' id='line_1_39' title="bbox 449 3749 1944 3821; baseline -0.001 -15"><span class='ocrx_word' id='word_1_316' title='bbox 449 3753 587 3806; x_wconf 77' lang='grc' dir='ltr'>Ἀλλ’</span> <span class='ocrx_word' id='word_1_317' title='bbox 615 3752 939 3815; x_wconf 75' lang='grc' dir='ltr'>ὑποπτεύεις</span> <span class='ocrx_word' id='word_1_318' title='bbox 978 3752 1069 3804; x_wconf 84' lang='grc' dir='ltr'><strong>τὸν</strong></span> <span class='ocrx_word' id='word_1_319' title='bbox 1110 3750 1320 3820; x_wconf 86' lang='grc' dir='ltr'>κρότον,</span> <span class='ocrx_word' id='word_1_320' title='bbox 1355 3751 1431 3813; x_wconf 89' lang='grc' dir='ltr'>ὼς</span> <span class='ocrx_word' id='word_1_321' title='bbox 1468 3749 1604 3821; x_wconf 84' lang='grc' dir='ltr'>ὀρθά</span> <span class='ocrx_word' id='word_1_322' title='bbox 1648 3768 1731 3804; x_wconf 81' lang='grc' dir='ltr'><strong>σοι</strong></span> <span class='ocrx_word' id='word_1_323' title='bbox 1763 3750 1944 3805; x_wconf 81' lang='grc' dir='ltr'>λαλεῖν</span> 
     </span>
    </p>
   </div>
   <div class='ocr_carea' id='block_1_40' title="bbox 365 3841 1944 3916">
    <p class='ocr_par' dir='ltr' id='par_1_40' title="bbox 365 3841 1944 3916">
     <span class='ocr_line' id='line_1_40' title="bbox 365 3841 1944 3916; baseline -0.004 -16"><span class='ocrx_word' id='word_1_324' title='bbox 365 3844 627 3916; x_wconf 63' lang='grc' dir='ltr'>ᾑρημένῳ</span> <span class='ocrx_word' id='word_1_325' title='bbox 671 3843 857 3897; x_wconf 83' lang='grc' dir='ltr'>λοιπὸν</span> <span class='ocrx_word' id='word_1_326' title='bbox 902 3841 1163 3910; x_wconf 77' lang='grc' dir='ltr'>γεγονότα</span> <span class='ocrx_word' id='word_1_327' title='bbox 1212 3841 1359 3913; x_wconf 76' lang='grc' dir='ltr'>παρὰ</span> <span class='ocrx_word' id='word_1_328' title='bbox 1401 3841 1567 3893; x_wconf 81' lang='grc' dir='ltr'>λαῶν.</span> <span class='ocrx_word' id='word_1_329' title='bbox 1599 3841 1787 3893; x_wconf 80' lang='grc' dir='ltr'>’Ἥλιον</span> <span class='ocrx_word' id='word_1_330' title='bbox 1833 3842 1944 3913; x_wconf 85' lang='grc' dir='ltr'>γὰρ</span> 
     </span>
    </p>
   </div>
   <div class='ocr_carea' id='block_1_41' title="bbox 363 3932 1943 4007">
    <p class='ocr_par' dir='ltr' id='par_1_41' title="bbox 363 3932 1943 4007">
     <span class='ocr_line' id='line_1_41' title="bbox 363 3932 1943 4007; baseline -0.003 -17"><span class='ocrx_word' id='word_1_331' title='bbox 363 3937 711 4007; x_wconf 70' lang='grc' dir='ltr'>δικαιοσύνης</span> <span class='ocrx_word' id='word_1_332' title='bbox 738 3934 1058 4005; x_wconf 86' lang='grc' dir='ltr'>ὠνόμασας,</span> <span class='ocrx_word' id='word_1_333' title='bbox 1111 3935 1204 3985; x_wconf 78' lang='grc' dir='ltr'>καὶ</span> <span class='ocrx_word' id='word_1_334' title='bbox 1229 3932 1317 3986; x_wconf 76' lang='grc' dir='ltr'><strong>τὸν</strong></span> <span class='ocrx_word' id='word_1_335' title='bbox 1347 3932 1484 3986; x_wconf 81' lang='grc' dir='ltr'>ὅλων</span> <span class='ocrx_word' id='word_1_336' title='bbox 1512 3932 1808 4005; x_wconf 86' lang='grc' dir='ltr'>Δεσπότην,</span> <span class='ocrx_word' id='word_1_337' title='bbox 1851 3932 1943 3987; x_wconf 77' lang='grc' dir='ltr'><strong>τὸν</strong></span> 
     </span>
    </p>
   </div>
   <div class='ocr_carea' id='block_1_42' title="bbox 365 4020 1942 4100">
    <p class='ocr_par' dir='ltr' id='par_1_42' title="bbox 365 4020 1942 4100">
     <span class='ocr_line' id='line_1_42' title="bbox 365 4020 1942 4100; baseline -0.004 -18"><span class='ocrx_word' id='word_1_338' title='bbox 365 4030 431 4083; x_wconf 79' lang='grc' dir='ltr'>ἐκ</span> <span class='ocrx_word' id='word_1_339' title='bbox 470 4032 569 4100; x_wconf 85' lang='grc' dir='ltr'>τῆς</span> <span class='ocrx_word' id='word_1_340' title='bbox 618 4028 779 4097; x_wconf 83' lang='grc' dir='ltr'>ἁγίας</span> <span class='ocrx_word' id='word_1_341' title='bbox 827 4027 1101 4100; x_wconf 82' lang='grc' dir='ltr'>Παρθένου</span> <span class='ocrx_word' id='word_1_342' title='bbox 1148 4026 1566 4095; x_wconf 83' lang='grc' dir='ltr'>γεγεννημένον.</span> <span class='ocrx_word' id='word_1_343' title='bbox 1612 4020 1743 4077; x_wconf 78' lang='grc' dir='ltr'>Εἴτα</span> <span class='ocrx_word' id='word_1_344' title='bbox 1783 4024 1942 4078; x_wconf 88' lang='grc' dir='ltr'>πάλιν</span> 
     </span>
    </p>
   </div>
   <div class='ocr_carea' id='block_1_43' title="bbox 363 4118 1942 4193">
    <p class='ocr_par' dir='ltr' id='par_1_43' title="bbox 363 4118 1942 4193">
     <span class='ocr_line' id='line_1_43' title="bbox 363 4118 1942 4193; baseline -0.003 -18"><span class='ocrx_word' id='word_1_345' title='bbox 363 4122 837 4193; x_wconf 77' lang='grc' dir='ltr'>ἀκριϐολογεῖσθαι</span> <span class='ocrx_word' id='word_1_346' title='bbox 867 4122 1159 4190; x_wconf 77' lang='grc' dir='ltr'>προσποιῇ,</span> <span class='ocrx_word' id='word_1_347' title='bbox 1187 4119 1280 4172; x_wconf 71' lang='lat' dir='ltr'><strong>ml.</strong></span> <span class='ocrx_word' id='word_1_348' title='bbox 1307 4118 1398 4172; x_wconf 81' lang='grc' dir='ltr'><strong>τὸν</strong></span> <span class='ocrx_word' id='word_1_349' title='bbox 1425 4118 1618 4189; x_wconf 84' lang='grc' dir='ltr'>κρότον</span> <span class='ocrx_word' id='word_1_350' title='bbox 1646 4119 1817 4189; x_wconf 77' lang='grc' dir='ltr'>αἰτιᾷ,</span> <span class='ocrx_word' id='word_1_351' title='bbox 1849 4119 1942 4172; x_wconf 76' lang='grc' dir='ltr'><strong>καὶ</strong></span> 
     </span>
    </p>
   </div>
   <div class='ocr_carea' id='block_1_44' title="bbox 363 4207 1938 4283">
    <p class='ocr_par' dir='ltr' id='par_1_44' title="bbox 363 4207 1938 4283">
     <span class='ocr_line' id='line_1_44' title="bbox 363 4207 1938 4283; baseline -0.001 -20"><span class='ocrx_word' id='word_1_352' title='bbox 363 4213 649 4283; x_wconf 83' lang='grc' dir='ltr'>χαίροντας</span> <span class='ocrx_word' id='word_1_353' title='bbox 680 4210 774 4264; x_wconf 69' lang='grc' dir='ltr'><strong>ἐπὶ</strong></span> <span class='ocrx_word' id='word_1_354' title='bbox 804 4209 888 4263; x_wconf 75' lang='grc' dir='ltr'><strong>σοι</strong></span> <span class='ocrx_word' id='word_1_355' title='bbox 920 4211 1152 4280; x_wconf 78' lang='grc' dir='ltr'>γράφεις</span> <span class='ocrx_word' id='word_1_356' title='bbox 1187 4209 1368 4274; x_wconf 83' lang='grc' dir='ltr'>πάλιν,</span> <span class='ocrx_word' id='word_1_357' title='bbox 1392 4207 1468 4273; x_wconf 87' lang='grc' dir='ltr'>ὼς</span> <span class='ocrx_word' id='word_1_358' title='bbox 1501 4209 1561 4262; x_wconf 85' lang='grc' dir='ltr'><strong>οὑ</strong></span> <span class='ocrx_word' id='word_1_359' title='bbox 1593 4209 1938 4279; x_wconf 85' lang='grc' dir='ltr'>νενοηκότας.</span> 
     </span>
    </p>
   </div>
   <div class='ocr_carea' id='block_1_45' title="bbox 365 4300 1941 4372">
    <p class='ocr_par' dir='ltr' id='par_1_45' title="bbox 365 4300 1941 4372">
     <span class='ocr_line' id='line_1_45' title="bbox 365 4300 1941 4372; baseline -0.003 -15"><span class='ocrx_word' id='word_1_360' title='bbox 365 4304 430 4357; x_wconf 82' lang='grc' dir='ltr'><strong><em>Ὦ</em></strong></span> <span class='ocrx_word' id='word_1_361' title='bbox 469 4304 670 4372; x_wconf 84' lang='grc' dir='ltr'>πολλῆς</span> <span class='ocrx_word' id='word_1_362' title='bbox 706 4301 907 4372; x_wconf 87' lang='grc' dir='ltr'>ἰσχύος,</span> <span class='ocrx_word' id='word_1_363' title='bbox 935 4302 971 4372; x_wconf 81' lang='grc' dir='ltr'><strong>ἢ</strong></span> <span class='ocrx_word' id='word_1_364' title='bbox 1004 4304 1117 4365; x_wconf 78' lang='grc' dir='ltr'>τοῖς</span> <span class='ocrx_word' id='word_1_365' title='bbox 1158 4304 1270 4365; x_wconf 87' lang='grc' dir='ltr'>σοῖς</span> <span class='ocrx_word' id='word_1_366' title='bbox 1304 4300 1479 4354; x_wconf 82' lang='grc' dir='ltr'>ἔνεστι</span> <span class='ocrx_word' id='word_1_367' title='bbox 1508 4300 1717 4368; x_wconf 77' lang='grc' dir='ltr'>λόγοιςί</span> <span class='ocrx_word' id='word_1_368' title='bbox 1748 4301 1809 4354; x_wconf 94' lang='grc' dir='ltr'><strong>οὑ</strong></span> <span class='ocrx_word' id='word_1_369' title='bbox 1850 4301 1941 4370; x_wconf 82' lang='grc' dir='ltr'>γέ-</span> 
     </span>
    </p>
   </div>
   <div class='ocr_carea' id='block_1_46' title="bbox 363 4391 1940 4465">
    <p class='ocr_par' dir='ltr' id='par_1_46' title="bbox 363 4391 1940 4465">
     <span class='ocr_line' id='line_1_46' title="bbox 363 4391 1940 4465; baseline -0.002 -16"><span class='ocrx_word' id='word_1_370' title='bbox 363 4412 526 4463; x_wconf 80' lang='grc' dir='ltr'>γονας</span> <span class='ocrx_word' id='word_1_371' title='bbox 568 4393 873 4465; x_wconf 81' lang='grc' dir='ltr'>μελληστὴς</span> <span class='ocrx_word' id='word_1_372' title='bbox 914 4394 993 4455; x_wconf 81' lang='grc' dir='ltr'>εἷς</span> <span class='ocrx_word' id='word_1_373' title='bbox 1025 4409 1088 4460; x_wconf 89' lang='grc' dir='ltr'><strong>γε</strong></span> <span class='ocrx_word' id='word_1_374' title='bbox 1129 4391 1190 4444; x_wconf 75' lang='grc' dir='ltr'>τὸ</span> <span class='ocrx_word' id='word_1_375' title='bbox 1228 4391 1428 4463; x_wconf 79' lang='grc' dir='ltr'>χρῆναι</span> <span class='ocrx_word' id='word_1_376' title='bbox 1470 4394 1803 4446; x_wconf 80' lang='grc' dir='ltr'>καταλυπείν</span> <span class='ocrx_word' id='word_1_377' title='bbox 1843 4394 1940 4446; x_wconf 87' lang='grc' dir='ltr'>αὑ-</span> 
     </span>
    </p>
   </div>
   <div class='ocr_carea' id='block_1_47' title="bbox 2063 547 3640 623">
    <p class='ocr_par' dir='ltr' id='par_1_47' title="bbox 2063 547 3640 623">
     <span class='ocr_line' id='line_1_47' title="bbox 2063 547 3640 623; baseline 0.004 -22"><span class='ocrx_word' id='word_1_378' title='bbox 2063 547 2296 601; x_wconf 81' lang='lat' dir='ltr'><strong>cundum</strong></span> <span class='ocrx_word' id='word_1_379' title='bbox 2333 559 2584 603; x_wconf 82' lang='lat' dir='ltr'><strong>naturam</strong></span> <span class='ocrx_word' id='word_1_380' title='bbox 2638 552 2813 619; x_wconf 89' lang='lat' dir='ltr'><strong>ipsum</strong></span> <span class='ocrx_word' id='word_1_381' title='bbox 2863 551 3175 609; x_wconf 83' lang='lat' dir='ltr'><strong>Emmanuel</strong></span> <span class='ocrx_word' id='word_1_382' title='bbox 3221 555 3495 623; x_wconf 82' lang='lat' dir='ltr'><strong>peperisse</strong></span> <span class='ocrx_word' id='word_1_383' title='bbox 3532 568 3640 608; x_wconf 90' lang='lat' dir='ltr'><strong>non</strong></span> 
     </span>
    </p>
   </div>
   <div class='ocr_carea' id='block_1_48' title="bbox 2063 640 3639 712">
    <p class='ocr_par' dir='ltr' id='par_1_48' title="bbox 2063 640 3639 712">
     <span class='ocr_line' id='line_1_48' title="bbox 2063 640 3639 712; baseline 0.004 -20"><span class='ocrx_word' id='word_1_384' title='bbox 2063 640 2238 692; x_wconf 83' lang='lat' dir='ltr'><strong>credis</strong></span> <span class='ocrx_word' id='word_1_385' title='bbox 2259 640 2285 692; x_wconf 66' lang='lat'><strong>‘3</strong></span> <span class='ocrx_word' id='word_1_386' title='bbox 2309 643 2579 710; x_wconf 87' lang='lat' dir='ltr'><strong>quomodo</strong></span> <span class='ocrx_word' id='word_1_387' title='bbox 2625 658 2719 708; x_wconf 88' lang='lat' dir='ltr'><strong>per</strong></span> <span class='ocrx_word' id='word_1_388' title='bbox 2753 644 2896 697; x_wconf 84' lang='lat' dir='ltr'><strong>illam</strong></span> <span class='ocrx_word' id='word_1_389' title='bbox 2927 646 3243 712; x_wconf 89' lang='lat' dir='ltr'><strong>pertransiit</strong></span> <span class='ocrx_word' id='word_1_390' title='bbox 3273 646 3361 699; x_wconf 90' lang='lat' dir='ltr'><strong>ille</strong></span> <span class='ocrx_word' id='word_1_391' title='bbox 3398 648 3639 699; x_wconf 90' lang='lat' dir='ltr'><strong>omnium</strong></span> 
     </span>
    </p>
   </div>
   <div class='ocr_carea' id='block_1_49' title="bbox 2062 729 3641 802">
    <p class='ocr_par' dir='ltr' id='par_1_49' title="bbox 2062 729 3641 802">
     <span class='ocr_line' id='line_1_49' title="bbox 2062 729 3641 802; baseline 0.003 -18"><span class='ocrx_word' id='word_1_392' title='bbox 2062 729 2343 798; x_wconf 83' lang='lat' dir='ltr'><strong>Dominus,</strong></span> <span class='ocrx_word' id='word_1_393' title='bbox 2370 741 2424 785; x_wconf 87' lang='lat' dir='ltr'><strong>et</strong></span> <span class='ocrx_word' id='word_1_394' title='bbox 2453 733 2532 786; x_wconf 91' lang='lat' dir='ltr'><strong>sol</strong></span> <span class='ocrx_word' id='word_1_395' title='bbox 2563 734 2761 787; x_wconf 66' lang='lat' dir='ltr'><strong>elfulsit</strong></span> <span class='ocrx_word' id='word_1_396' title='bbox 2779 736 3036 801; x_wconf 82' lang='lat' dir='ltr'><strong>jnstitiac?</strong></span> <span class='ocrx_word' id='word_1_397' title='bbox 3062 736 3230 802; x_wconf 85' lang='lat' dir='ltr'><strong>Quem</strong></span> <span class='ocrx_word' id='word_1_398' title='bbox 3258 752 3387 791; x_wconf 90' lang='lat' dir='ltr'><strong>vero</strong></span> <span class='ocrx_word' id='word_1_399' title='bbox 3413 737 3498 791; x_wconf 85' lang='lat' dir='ltr'><strong>his</strong></span> <span class='ocrx_word' id='word_1_400' title='bbox 3521 752 3641 789; x_wconf 86' lang='lat' dir='ltr'><strong>ver—</strong></span> 
     </span>
    </p>
   </div>
   <div class='ocr_carea' id='block_1_50' title="bbox 2063 819 3638 895">
    <p class='ocr_par' dir='ltr' id='par_1_50' title="bbox 2063 819 3638 895">
     <span class='ocr_line' id='line_1_50' title="bbox 2063 819 3638 895; baseline 0.002 -22"><span class='ocrx_word' id='word_1_401' title='bbox 2063 819 2149 873; x_wconf 88' lang='lat' dir='ltr'><strong>bis</strong></span> <span class='ocrx_word' id='word_1_402' title='bbox 2180 829 2231 872; x_wconf 90' lang='lat' dir='ltr'><strong>te</strong></span> <span class='ocrx_word' id='word_1_403' title='bbox 2257 820 2515 876; x_wconf 77' lang='lat' dir='ltr'><strong>decorare</strong></span> <span class='ocrx_word' id='word_1_404' title='bbox 2548 825 2754 895; x_wconf 76' lang='lat' dir='ltr'><strong>putas?</strong></span> <span class='ocrx_word' id='word_1_405' title='bbox 2787 842 2912 879; x_wconf 92' lang='lat' dir='ltr'><strong>num</strong></span> <span class='ocrx_word' id='word_1_406' title='bbox 2947 842 3285 880; x_wconf 84' lang='lat' dir='ltr'><strong>communem</strong></span> <span class='ocrx_word' id='word_1_407' title='bbox 3338 827 3638 889; x_wconf 81' lang='lat' dir='ltr'><strong>hominem,</strong></span> 
     </span>
    </p>
   </div>
   <div class='ocr_carea' id='block_1_51' title="bbox 2062 911 3640 980">
    <p class='ocr_par' dir='ltr' id='par_1_51' title="bbox 2062 911 3640 980">
     <span class='ocr_line' id='line_1_51' title="bbox 2062 911 3640 980; baseline 0.005 -20"><span class='ocrx_word' id='word_1_408' title='bbox 2062 919 2120 961; x_wconf 93' lang='grc' dir='ltr'><strong>ιιι</strong></span> <span class='ocrx_word' id='word_1_409' title='bbox 2155 925 2321 963; x_wconf 88' lang='lat' dir='ltr'><strong>unum</strong></span> <span class='ocrx_word' id='word_1_410' title='bbox 2352 911 2417 965; x_wconf 86' lang='lat' dir='ltr'><strong>de</strong></span> <span class='ocrx_word' id='word_1_411' title='bbox 2441 914 2609 968; x_wconf 91' lang='lat' dir='ltr'><strong>nostri</strong></span> <span class='ocrx_word' id='word_1_412' title='bbox 2644 914 2930 980; x_wconf 90' lang='lat' dir='ltr'><strong>similibus,</strong></span> <span class='ocrx_word' id='word_1_413' title='bbox 2966 917 3060 970; x_wconf 74' lang='lat' dir='ltr'><strong>Sed</strong></span> <span class='ocrx_word' id='word_1_414' title='bbox 3104 926 3281 970; x_wconf 85' lang='lat' dir='ltr'><strong>tamen</strong></span> <span class='ocrx_word' id='word_1_415' title='bbox 3326 918 3640 971; x_wconf 74' lang='lat' dir='ltr'><strong>sanctifica-</strong></span> 
     </span>
    </p>
   </div>
   <div class='ocr_carea' id='block_1_52' title="bbox 2063 1001 3639 1077">
    <p class='ocr_par' dir='ltr' id='par_1_52' title="bbox 2063 1001 3639 1077">
     <span class='ocr_line' id='line_1_52' title="bbox 2063 1001 3639 1077; baseline 0.005 -24"><span class='ocrx_word' id='word_1_416' title='bbox 2063 1010 2197 1063; x_wconf 92' lang='lat' dir='ltr'><strong>tum,</strong></span> <span class='ocrx_word' id='word_1_417' title='bbox 2232 1012 2289 1054; x_wconf 91' lang='lat' dir='ltr'><strong>ut</strong></span> <span class='ocrx_word' id='word_1_418' title='bbox 2324 1001 2375 1056; x_wconf 91' lang='lat' dir='ltr'><strong>in</strong></span> <span class='ocrx_word' id='word_1_419' title='bbox 2406 1018 2513 1070; x_wconf 89' lang='lat' dir='ltr'><strong>quo</strong></span> <span class='ocrx_word' id='word_1_420' title='bbox 2540 1003 2633 1058; x_wconf 85' lang='lat' dir='ltr'><strong>Dei</strong></span> <span class='ocrx_word' id='word_1_421' title='bbox 2661 1003 2893 1059; x_wconf 79' lang='lat' dir='ltr'><strong>Verbum</strong></span> <span class='ocrx_word' id='word_1_422' title='bbox 2943 1006 3316 1061; x_wconf 86' lang='lat' dir='ltr'><strong>inhabitaret?</strong></span> <span class='ocrx_word' id='word_1_423' title='bbox 3352 1008 3457 1063; x_wconf 86' lang='lat' dir='ltr'><strong>Sed</strong></span> <span class='ocrx_word' id='word_1_424' title='bbox 3502 1023 3639 1077; x_wconf 74' lang='lat' dir='ltr'><strong>quo—</strong></span> 
     </span>
    </p>
   </div>
   <div class='ocr_carea' id='block_1_53' title="bbox 2061 1093 3633 1163">
    <p class='ocr_par' dir='ltr' id='par_1_53' title="bbox 2061 1093 3633 1163">
     <span class='ocr_line' id='line_1_53' title="bbox 2061 1093 3633 1163; baseline 0.006 -20"><span class='ocrx_word' id='word_1_425' title='bbox 2061 1093 2221 1146; x_wconf 86' lang='lat' dir='ltr'><strong>modo</strong></span> <span class='ocrx_word' id='word_1_426' title='bbox 2249 1094 2511 1163; x_wconf 81' lang='lat' dir='ltr'><strong>ejusmodi</strong></span> <span class='ocrx_word' id='word_1_427' title='bbox 2544 1097 2709 1151; x_wconf 89' lang='lat' dir='ltr'><strong>homo</strong></span> <span class='ocrx_word' id='word_1_428' title='bbox 2732 1113 2912 1152; x_wconf 88' lang='lat' dir='ltr'><strong>rerum</strong></span> <span class='ocrx_word' id='word_1_429' title='bbox 2951 1100 3191 1153; x_wconf 72' lang='lat' dir='ltr'><strong>onlninm</strong></span> <span class='ocrx_word' id='word_1_430' title='bbox 3222 1099 3477 1155; x_wconf 84' lang='lat' dir='ltr'><strong>Dominus</strong></span> <span class='ocrx_word' id='word_1_431' title='bbox 3508 1102 3633 1161; x_wconf 90' lang='lat' dir='ltr'><strong>erit,</strong></span> 
     </span>
    </p>
   </div>
   <div class='ocr_carea' id='block_1_54' title="bbox 2057 1181 3635 1258">
    <p class='ocr_par' dir='ltr' id='par_1_54' title="bbox 2057 1181 3635 1258">
     <span class='ocr_line' id='line_1_54' title="bbox 2057 1181 3635 1258; baseline 0.007 -23"><span class='ocrx_word' id='word_1_432' title='bbox 2057 1193 2111 1235; x_wconf 89' lang='lat' dir='ltr'><strong>et</strong></span> <span class='ocrx_word' id='word_1_433' title='bbox 2138 1184 2216 1237; x_wconf 87' lang='lat' dir='ltr'><strong>sol</strong></span> <span class='ocrx_word' id='word_1_434' title='bbox 2240 1181 2496 1251; x_wconf 70' lang='lat' dir='ltr'><strong>justitiaa?</strong></span> <span class='ocrx_word' id='word_1_435' title='bbox 2523 1184 2656 1239; x_wconf 85' lang='lat' dir='ltr'><strong>Nam</strong></span> <span class='ocrx_word' id='word_1_436' title='bbox 2693 1187 2960 1240; x_wconf 88' lang='lat' dir='ltr'><strong>dominari</strong></span> <span class='ocrx_word' id='word_1_437' title='bbox 2992 1200 3046 1242; x_wconf 83' lang='lat' dir='ltr'><strong>et</strong></span> <span class='ocrx_word' id='word_1_438' title='bbox 3084 1190 3349 1258; x_wconf 89' lang='lat' dir='ltr'><strong>imperare</strong></span> <span class='ocrx_word' id='word_1_439' title='bbox 3382 1192 3635 1246; x_wconf 84' lang='lat' dir='ltr'><strong>omnibus</strong></span> 
     </span>
    </p>
   </div>
   <div class='ocr_carea' id='block_1_55' title="bbox 2058 1274 3633 1345">
    <p class='ocr_par' dir='ltr' id='par_1_55' title="bbox 2058 1274 3633 1345">
     <span class='ocr_line' id='line_1_55' title="bbox 2058 1274 3633 1345; baseline 0.006 -21"><span class='ocrx_word' id='word_1_440' title='bbox 2058 1284 2237 1338; x_wconf 87' lang='lat' dir='ltr'><strong>posse,</strong></span> <span class='ocrx_word' id='word_1_441' title='bbox 2267 1282 2320 1327; x_wconf 93' lang='lat' dir='ltr'><strong>et</strong></span> <span class='ocrx_word' id='word_1_442' title='bbox 2358 1288 2444 1327; x_wconf 90' lang='lat' dir='ltr'><strong>res</strong></span> <span class='ocrx_word' id='word_1_443' title='bbox 2481 1290 2598 1343; x_wconf 74' lang='lat' dir='ltr'><strong>qua:</strong></span> <span class='ocrx_word' id='word_1_444' title='bbox 2634 1274 3004 1345; x_wconf 80' lang='lat' dir='ltr'><strong>intelliguntur</strong></span> <span class='ocrx_word' id='word_1_445' title='bbox 3052 1278 3343 1339; x_wconf 75' lang='lat' dir='ltr'><strong>illustrare.</strong></span> <span class='ocrx_word' id='word_1_446' title='bbox 3399 1295 3502 1332; x_wconf 88' lang='lat' dir='ltr'><strong>non</strong></span> <span class='ocrx_word' id='word_1_447' title='bbox 3539 1296 3633 1333; x_wconf 82' lang='lat' dir='ltr'><strong>no-</strong></span> 
     </span>
    </p>
   </div>
   <div class='ocr_carea' id='block_1_56' title="bbox 2057 1368 3635 1431">
    <p class='ocr_par' dir='ltr' id='par_1_56' title="bbox 2057 1368 3635 1431">
     <span class='ocr_line' id='line_1_56' title="bbox 2057 1368 3635 1431; baseline 0.006 -15"><span class='ocrx_word' id='word_1_448' title='bbox 2057 1373 2183 1417; x_wconf 84' lang='lat' dir='ltr'><strong>strae</strong></span> <span class='ocrx_word' id='word_1_449' title='bbox 2211 1379 2477 1419; x_wconf 69' lang='lat' dir='ltr'><strong>mensum</strong></span> <span class='ocrx_word' id='word_1_450' title='bbox 2505 1376 2613 1431; x_wconf 89' lang='lat' dir='ltr'><strong>est,</strong></span> <span class='ocrx_word' id='word_1_451' title='bbox 2637 1369 2730 1421; x_wconf 88' lang='lat' dir='ltr'><strong>sed</strong></span> <span class='ocrx_word' id='word_1_452' title='bbox 2789 1368 2863 1422; x_wconf 91' lang='lat' dir='ltr'><strong>illi</strong></span> <span class='ocrx_word' id='word_1_453' title='bbox 2917 1370 3015 1423; x_wconf 90' lang='lat' dir='ltr'><strong>soli</strong></span> <span class='ocrx_word' id='word_1_454' title='bbox 3072 1371 3535 1425; x_wconf 82' lang='lat' dir='ltr'><strong>excellentissima:</strong></span> <span class='ocrx_word' id='word_1_455' title='bbox 3580 1381 3635 1426; x_wconf 90' lang='lat' dir='ltr'><strong>et</strong></span> 
     </span>
    </p>
   </div>
   <div class='ocr_carea' id='block_1_57' title="bbox 2055 1461 2952 1527">
    <p class='ocr_par' dir='ltr' id='par_1_57' title="bbox 2055 1461 2952 1527">
     <span class='ocr_line' id='line_1_57' title="bbox 2055 1461 2952 1527; baseline 0.006 -16"><span class='ocrx_word' id='word_1_456' title='bbox 2055 1472 2325 1527; x_wconf 70' lang='lat' dir='ltr'><strong>suprema:</strong></span> <span class='ocrx_word' id='word_1_457' title='bbox 2354 1471 2560 1514; x_wconf 71' lang='lat' dir='ltr'><strong>natura:</strong></span> <span class='ocrx_word' id='word_1_458' title='bbox 2585 1461 2952 1516; x_wconf 87' lang='lat' dir='ltr'><strong>tribuendum.</strong></span> 
     </span>
    </p>
   </div>
   <div class='ocr_carea' id='block_1_58' title="bbox 2124 1548 3634 1622">
    <p class='ocr_par' dir='ltr' id='par_1_58' title="bbox 2124 1548 3634 1622">
     <span class='ocr_line' id='line_1_58' title="bbox 2124 1548 3634 1622; baseline 0.005 -21"><span class='ocrx_word' id='word_1_459' title='bbox 2124 1548 2242 1603; x_wconf 67' lang='lat' dir='ltr'><strong>3am</strong></span> <span class='ocrx_word' id='word_1_460' title='bbox 2298 1550 2423 1620; x_wconf 94' lang='lat' dir='ltr'><strong>qnia</strong></span> <span class='ocrx_word' id='word_1_461' title='bbox 2477 1552 2703 1606; x_wconf 87' lang='lat' dir='ltr'><strong>verbum</strong></span> <span class='ocrx_word' id='word_1_462' title='bbox 2740 1572 2758 1603; x_wconf 77' lang='grc' dir='ltr'><strong>ι</strong></span> <span class='ocrx_word' id='word_1_463' title='bbox 2788 1555 3103 1622; x_wconf 85' lang='lat' dir='ltr'><strong>pertransiit</strong></span> <span class='ocrx_word' id='word_1_464' title='bbox 3146 1573 3163 1605; x_wconf 80' lang='grc'>›</span> <span class='ocrx_word' id='word_1_465' title='bbox 3207 1556 3481 1609; x_wconf 84' lang='lat' dir='ltr'><strong>undenatn</strong></span> <span class='ocrx_word' id='word_1_466' title='bbox 3542 1571 3634 1609; x_wconf 89' lang='lat' dir='ltr'><strong>ac-</strong></span> 
     </span>
    </p>
   </div>
   <div class='ocr_carea' id='block_1_59' title="bbox 2055 1638 3632 1716">
    <p class='ocr_par' dir='ltr' id='par_1_59' title="bbox 2055 1638 3632 1716">
     <span class='ocr_line' id='line_1_59' title="bbox 2055 1638 3632 1716; baseline 0.006 -25"><span class='ocrx_word' id='word_1_467' title='bbox 2055 1638 2286 1707; x_wconf 85' lang='lat' dir='ltr'><strong>ceperis,</strong></span> <span class='ocrx_word' id='word_1_468' title='bbox 2312 1649 2367 1694; x_wconf 92' lang='lat' dir='ltr'><strong>et</strong></span> <span class='ocrx_word' id='word_1_469' title='bbox 2388 1641 2455 1695; x_wconf 92' lang='lat' dir='ltr'><strong>de</strong></span> <span class='ocrx_word' id='word_1_470' title='bbox 2476 1641 2586 1695; x_wconf 89' lang='lat' dir='ltr'><strong>Deo</strong></span> <span class='ocrx_word' id='word_1_471' title='bbox 2609 1642 2916 1709; x_wconf 76' lang='lat' dir='ltr'><strong>protuleris,</strong></span> <span class='ocrx_word' id='word_1_472' title='bbox 2933 1660 3155 1715; x_wconf 79' lang='lat' dir='ltr'><strong>prorsus</strong></span> <span class='ocrx_word' id='word_1_473' title='bbox 3178 1646 3383 1716; x_wconf 78' lang='lat' dir='ltr'><strong>ignoro.</strong></span> <span class='ocrx_word' id='word_1_474' title='bbox 3400 1647 3632 1715; x_wconf 77' lang='lat' dir='ltr'><strong>explica,</strong></span> 
     </span>
    </p>
   </div>
   <div class='ocr_carea' id='block_1_60' title="bbox 2054 1731 3630 1805">
    <p class='ocr_par' dir='ltr' id='par_1_60' title="bbox 2054 1731 3630 1805">
     <span class='ocr_line' id='line_1_60' title="bbox 2054 1731 3630 1805; baseline 0.006 -24"><span class='ocrx_word' id='word_1_475' title='bbox 2054 1731 2425 1797; x_wconf 69' lang='lat' dir='ltr'><strong>qnazso,ltauc</strong></span> <span class='ocrx_word' id='word_1_476' title='bbox 2477 1732 2801 1800; x_wconf 91' lang='lat' dir='ltr'><strong>dictionem,</strong></span> <span class='ocrx_word' id='word_1_477' title='bbox 2850 1736 3046 1805; x_wconf 85' lang='lat' dir='ltr'><strong>quidve</strong></span> <span class='ocrx_word' id='word_1_478' title='bbox 3092 1737 3160 1791; x_wconf 91' lang='lat' dir='ltr'><strong>sit</strong></span> <span class='ocrx_word' id='word_1_479' title='bbox 3212 1737 3297 1791; x_wconf 88' lang='lat' dir='ltr'><strong>hic</strong></span> <span class='ocrx_word' id='word_1_480' title='bbox 3349 1740 3630 1803; x_wconf 83' lang='lat' dir='ltr'><strong>transitus,</strong></span> 
     </span>
    </p>
   </div>
   <div class='ocr_carea' id='block_1_61' title="bbox 2056 1821 3634 1899">
    <p class='ocr_par' dir='ltr' id='par_1_61' title="bbox 2056 1821 3634 1899">
     <span class='ocr_line' id='line_1_61' title="bbox 2056 1821 3634 1899; baseline 0.007 -26"><span class='ocrx_word' id='word_1_481' title='bbox 2056 1836 2214 1891; x_wconf 87' lang='lat' dir='ltr'><strong>quem</strong></span> <span class='ocrx_word' id='word_1_482' title='bbox 2252 1823 2354 1877; x_wconf 88' lang='lat' dir='ltr'><strong>hoc</strong></span> <span class='ocrx_word' id='word_1_483' title='bbox 2383 1821 2504 1878; x_wconf 90' lang='lat' dir='ltr'><strong>loco</strong></span> <span class='ocrx_word' id='word_1_484' title='bbox 2547 1826 2752 1892; x_wconf 81' lang='lat' dir='ltr'><strong>dixisti,</strong></span> <span class='ocrx_word' id='word_1_485' title='bbox 2782 1827 2885 1881; x_wconf 89' lang='lat' dir='ltr'><strong>erit</strong></span> <span class='ocrx_word' id='word_1_486' title='bbox 2937 1828 3127 1897; x_wconf 84' lang='lat' dir='ltr'><strong>utique</strong></span> <span class='ocrx_word' id='word_1_487' title='bbox 3179 1837 3285 1883; x_wconf 77' lang='lat' dir='ltr'><strong>line</strong></span> <span class='ocrx_word' id='word_1_488' title='bbox 3338 1830 3634 1899; x_wconf 71' lang='lat' dir='ltr'><strong>prudentia:</strong></span> 
     </span>
    </p>
   </div>
   <div class='ocr_carea' id='block_1_62' title="bbox 2056 1915 3634 1990">
    <p class='ocr_par' dir='ltr' id='par_1_62' title="bbox 2056 1915 3634 1990">
     <span class='ocr_line' id='line_1_62' title="bbox 2056 1915 3634 1990; baseline 0.006 -23"><span class='ocrx_word' id='word_1_489' title='bbox 2056 1915 2262 1981; x_wconf 80' lang='lat' dir='ltr'><strong>ignaris</strong></span> <span class='ocrx_word' id='word_1_490' title='bbox 2295 1930 2588 1986; x_wconf 82' lang='lat' dir='ltr'><strong>exponere.</strong></span> <span class='ocrx_word' id='word_1_491' title='bbox 2619 1916 2750 1972; x_wconf 77' lang='lat' dir='ltr'><strong>Nam</strong></span> <span class='ocrx_word' id='word_1_492' title='bbox 2798 1919 2842 1974; x_wconf 84' lang='lat' dir='ltr'><strong>si</strong></span> <span class='ocrx_word' id='word_1_493' title='bbox 2881 1920 2955 1973; x_wconf 87' lang='lat' dir='ltr'><strong>ita</strong></span> <span class='ocrx_word' id='word_1_494' title='bbox 2996 1936 3093 1990; x_wconf 83' lang='lat' dir='ltr'><strong>per</strong></span> <span class='ocrx_word' id='word_1_495' title='bbox 3125 1920 3271 1975; x_wconf 86' lang='lat' dir='ltr'><strong>illam</strong></span> <span class='ocrx_word' id='word_1_496' title='bbox 3318 1921 3528 1975; x_wconf 89' lang='lat' dir='ltr'><strong>transiit</strong></span> <span class='ocrx_word' id='word_1_497' title='bbox 3570 1922 3634 1976; x_wconf 85' lang='lat' dir='ltr'><strong>il-</strong></span> 
     </span>
    </p>
   </div>
   <div class='ocr_carea' id='block_1_63' title="bbox 2056 2004 3633 2083">
    <p class='ocr_par' dir='ltr' id='par_1_63' title="bbox 2056 2004 3633 2083">
     <span class='ocr_line' id='line_1_63' title="bbox 2056 2004 3633 2083; baseline 0.006 -25"><span class='ocrx_word' id='word_1_498' title='bbox 2056 2004 2144 2060; x_wconf 91' lang='lat' dir='ltr'><strong>lud</strong></span> <span class='ocrx_word' id='word_1_499' title='bbox 2178 2005 2271 2061; x_wconf 89' lang='lat' dir='ltr'><strong>Dei</strong></span> <span class='ocrx_word' id='word_1_500' title='bbox 2324 2004 2589 2083; x_wconf 74' lang='lat' dir='ltr'><strong>Verbum,</strong></span> <span class='ocrx_word' id='word_1_501' title='bbox 2643 2018 2704 2063; x_wconf 91' lang='lat' dir='ltr'><strong>ut</strong></span> <span class='ocrx_word' id='word_1_502' title='bbox 2748 2024 2816 2065; x_wconf 88' lang='lat' dir='ltr'><strong>ex</strong></span> <span class='ocrx_word' id='word_1_503' title='bbox 2851 2009 2973 2065; x_wconf 91' lang='lat' dir='ltr'><strong>loco</strong></span> <span class='ocrx_word' id='word_1_504' title='bbox 3013 2027 3120 2066; x_wconf 91' lang='lat' dir='ltr'><strong>uno</strong></span> <span class='ocrx_word' id='word_1_505' title='bbox 3167 2012 3231 2065; x_wconf 87' lang='lat' dir='ltr'><strong>ad</strong></span> <span class='ocrx_word' id='word_1_506' title='bbox 3295 2011 3521 2067; x_wconf 90' lang='lat' dir='ltr'><strong>alterum</strong></span> <span class='ocrx_word' id='word_1_507' title='bbox 3574 2028 3633 2067; x_wconf 86' lang='lat' dir='ltr'><strong>se</strong></span> 
     </span>
    </p>
   </div>
   <div class='ocr_carea' id='block_1_64' title="bbox 2058 2104 3633 2175">
    <p class='ocr_par' dir='ltr' id='par_1_64' title="bbox 2058 2104 3633 2175">
     <span class='ocr_line' id='line_1_64' title="bbox 2058 2104 3633 2175; baseline 0.001 -17"><span class='ocrx_word' id='word_1_508' title='bbox 2058 2104 2401 2172; x_wconf 81' lang='lat' dir='ltr'><strong>transferret,</strong></span> <span class='ocrx_word' id='word_1_509' title='bbox 2441 2105 2680 2162; x_wconf 87' lang='lat' dir='ltr'><strong>indidem</strong></span> <span class='ocrx_word' id='word_1_510' title='bbox 2709 2107 2979 2175; x_wconf 89' lang='lat' dir='ltr'><strong>dejicieris</strong></span> <span class='ocrx_word' id='word_1_511' title='bbox 3010 2124 3024 2161; x_wconf 92' lang='lat'>:</span> <span class='ocrx_word' id='word_1_512' title='bbox 3056 2123 3178 2162; x_wconf 85' lang='lat' dir='ltr'><strong>nam</strong></span> <span class='ocrx_word' id='word_1_513' title='bbox 3211 2107 3348 2163; x_wconf 86' lang='lat' dir='ltr'><strong>dicet</strong></span> <span class='ocrx_word' id='word_1_514' title='bbox 3398 2109 3492 2163; x_wconf 89' lang='lat' dir='ltr'><strong>tibi</strong></span> <span class='ocrx_word' id='word_1_515' title='bbox 3536 2123 3633 2175; x_wconf 88' lang='lat' dir='ltr'><strong>per</strong></span> 
     </span>
    </p>
   </div>
   <div class='ocr_carea' id='block_1_65' title="bbox 2053 2197 3633 2265">
    <p class='ocr_par' dir='ltr' id='par_1_65' title="bbox 2053 2197 3633 2265">
     <span class='ocr_line' id='line_1_65' title="bbox 2053 2197 3633 2265; baseline 0 -16"><span class='ocrx_word' id='word_1_516' title='bbox 2053 2211 2239 2251; x_wconf 89' lang='lat' dir='ltr'><strong>vocem</strong></span> <span class='ocrx_word' id='word_1_517' title='bbox 2265 2208 2615 2251; x_wconf 88' lang='lat' dir='ltr'><strong>sanctorum:</strong></span> <span class='ocrx_word' id='word_1_518' title='bbox 2654 2215 2674 2248; x_wconf 78' lang='grc' dir='ltr'><strong>ι</strong></span> <span class='ocrx_word' id='word_1_519' title='bbox 2723 2197 2912 2252; x_wconf 86' lang='lat' dir='ltr'><strong>Nonne</strong></span> <span class='ocrx_word' id='word_1_520' title='bbox 2957 2197 3150 2253; x_wconf 77' lang='lat' dir='ltr'><strong>ccelum</strong></span> <span class='ocrx_word' id='word_1_521' title='bbox 3192 2206 3246 2251; x_wconf 90' lang='lat' dir='ltr'><strong>et</strong></span> <span class='ocrx_word' id='word_1_522' title='bbox 3288 2206 3487 2251; x_wconf 87' lang='lat' dir='ltr'><strong>terram</strong></span> <span class='ocrx_word' id='word_1_523' title='bbox 3532 2212 3633 2265; x_wconf 82' lang='lat' dir='ltr'><strong>ego</strong></span> 
     </span>
    </p>
   </div>
   <div class='ocr_carea' id='block_1_66' title="bbox 2056 2286 3632 2358">
    <p class='ocr_par' dir='ltr' id='par_1_66' title="bbox 2056 2286 3632 2358">
     <span class='ocr_line' id='line_1_66' title="bbox 2056 2286 3632 2358; baseline 0 -19"><span class='ocrx_word' id='word_1_524' title='bbox 2056 2286 2272 2355; x_wconf 88' lang='lat' dir='ltr'><strong>impleo,</strong></span> <span class='ocrx_word' id='word_1_525' title='bbox 2305 2288 2437 2343; x_wconf 89' lang='lat' dir='ltr'><strong>dicit</strong></span> <span class='ocrx_word' id='word_1_526' title='bbox 2464 2287 2792 2343; x_wconf 80' lang='lat' dir='ltr'><strong>Dominus“</strong></span> <span class='ocrx_word' id='word_1_527' title='bbox 2819 2290 2843 2342; x_wconf 87' lang='lat'><strong>?</strong></span> <span class='ocrx_word' id='word_1_528' title='bbox 2870 2308 2889 2341; x_wconf 72' lang='grc' dir='ltr'><strong>ι</strong></span> <span class='ocrx_word' id='word_1_529' title='bbox 2926 2288 3110 2358; x_wconf 81' lang='lat' dir='ltr'><strong>Neque</strong></span> <span class='ocrx_word' id='word_1_530' title='bbox 3135 2289 3280 2344; x_wconf 91' lang='lat' dir='ltr'><strong>enim</strong></span> <span class='ocrx_word' id='word_1_531' title='bbox 3314 2298 3397 2343; x_wconf 92' lang='lat' dir='ltr'><strong>est</strong></span> <span class='ocrx_word' id='word_1_532' title='bbox 3423 2288 3476 2341; x_wconf 89' lang='lat' dir='ltr'><strong>in</strong></span> <span class='ocrx_word' id='word_1_533' title='bbox 3514 2288 3632 2342; x_wconf 86' lang='lat' dir='ltr'><strong>loco</strong></span> 
     </span>
    </p>
   </div>
   <div class='ocr_carea' id='block_1_67' title="bbox 2053 2378 3629 2450">
    <p class='ocr_par' dir='ltr' id='par_1_67' title="bbox 2053 2378 3629 2450">
     <span class='ocr_line' id='line_1_67' title="bbox 2053 2378 3629 2450; baseline -0.001 -18"><span class='ocrx_word' id='word_1_534' title='bbox 2053 2378 2354 2447; x_wconf 85' lang='lat' dir='ltr'><strong>Divinitas;</strong></span> <span class='ocrx_word' id='word_1_535' title='bbox 2400 2389 2457 2435; x_wconf 90' lang='lat' dir='ltr'><strong>et</strong></span> <span class='ocrx_word' id='word_1_536' title='bbox 2492 2395 2689 2450; x_wconf 81' lang='lat' dir='ltr'><strong>expers</strong></span> <span class='ocrx_word' id='word_1_537' title='bbox 2735 2390 2818 2435; x_wconf 91' lang='lat' dir='ltr'><strong>est</strong></span> <span class='ocrx_word' id='word_1_538' title='bbox 2862 2380 3111 2449; x_wconf 87' lang='lat' dir='ltr'><strong>corporei</strong></span> <span class='ocrx_word' id='word_1_539' title='bbox 3152 2382 3440 2447; x_wconf 88' lang='lat' dir='ltr'><strong>transitus;</strong></span> <span class='ocrx_word' id='word_1_540' title='bbox 3508 2398 3629 2434; x_wconf 89' lang='lat' dir='ltr'><strong>nam</strong></span> 
     </span>
    </p>
   </div>
   <div class='ocr_carea' id='block_1_68' title="bbox 2054 2471 3631 2544">
    <p class='ocr_par' dir='ltr' id='par_1_68' title="bbox 2054 2471 3631 2544">
     <span class='ocr_line' id='line_1_68' title="bbox 2054 2471 3631 2544; baseline -0.003 -17"><span class='ocrx_word' id='word_1_541' title='bbox 2054 2471 2240 2542; x_wconf 90' lang='lat' dir='ltr'><strong>implet</strong></span> <span class='ocrx_word' id='word_1_542' title='bbox 2289 2472 2534 2528; x_wconf 89' lang='lat' dir='ltr'><strong>omnia:</strong></span> <span class='ocrx_word' id='word_1_543' title='bbox 2611 2474 2697 2529; x_wconf 82' lang='lat' dir='ltr'><strong>sin</strong></span> <span class='ocrx_word' id='word_1_544' title='bbox 2772 2485 2953 2530; x_wconf 88' lang='lat' dir='ltr'><strong>autem</strong></span> <span class='ocrx_word' id='word_1_545' title='bbox 3026 2476 3154 2544; x_wconf 85' lang='lat' dir='ltr'><strong>quia</strong></span> <span class='ocrx_word' id='word_1_546' title='bbox 3212 2473 3452 2527; x_wconf 88' lang='lat' dir='ltr'><strong>debitum</strong></span> <span class='ocrx_word' id='word_1_547' title='bbox 3514 2489 3631 2540; x_wconf 81' lang='lat' dir='ltr'><strong>par-</strong></span> 
     </span>
    </p>
   </div>
   <div class='ocr_carea' id='block_1_69' title="bbox 2056 2563 3632 2636">
    <p class='ocr_par' dir='ltr' id='par_1_69' title="bbox 2056 2563 3632 2636">
     <span class='ocr_line' id='line_1_69' title="bbox 2056 2563 3632 2636; baseline -0.001 -22"><span class='ocrx_word' id='word_1_548' title='bbox 2056 2563 2127 2617; x_wconf 88' lang='lat' dir='ltr'><strong>tui</strong></span> <span class='ocrx_word' id='word_1_549' title='bbox 2187 2571 2397 2634; x_wconf 91' lang='lat' dir='ltr'><strong>tempus</strong></span> <span class='ocrx_word' id='word_1_550' title='bbox 2464 2563 2811 2634; x_wconf 80' lang='lat' dir='ltr'><strong>perferendo,</strong></span> <span class='ocrx_word' id='word_1_551' title='bbox 2878 2564 2979 2636; x_wconf 79' lang='lat'><strong>13</strong></span> <span class='ocrx_word' id='word_1_552' title='bbox 3060 2564 3341 2619; x_wconf 89' lang='lat' dir='ltr'><strong>relativam</strong></span> <span class='ocrx_word' id='word_1_553' title='bbox 3413 2564 3464 2616; x_wconf 92' lang='lat' dir='ltr'><strong>in</strong></span> <span class='ocrx_word' id='word_1_554' title='bbox 3536 2564 3632 2617; x_wconf 84' lang='lat' dir='ltr'><strong>lm-</strong></span> 
     </span>
    </p>
   </div>
   <div class='ocr_carea' id='block_1_70' title="bbox 2052 2657 3632 2725">
    <p class='ocr_par' dir='ltr' id='par_1_70' title="bbox 2052 2657 3632 2725">
     <span class='ocr_line' id='line_1_70' title="bbox 2052 2657 3632 2725; baseline -0.001 -17"><span class='ocrx_word' id='word_1_555' title='bbox 2052 2658 2197 2711; x_wconf 90' lang='lat' dir='ltr'><strong>mine</strong></span> <span class='ocrx_word' id='word_1_556' title='bbox 2244 2657 2633 2713; x_wconf 86' lang='lat' dir='ltr'><strong>habitationem</strong></span> <span class='ocrx_word' id='word_1_557' title='bbox 2706 2659 2967 2725; x_wconf 92' lang='lat' dir='ltr'><strong>incoluit,</strong></span> <span class='ocrx_word' id='word_1_558' title='bbox 3017 2658 3137 2713; x_wconf 91' lang='lat' dir='ltr'><strong>ideo</strong></span> <span class='ocrx_word' id='word_1_559' title='bbox 3200 2658 3366 2711; x_wconf 91' lang='lat' dir='ltr'><strong>Deum</strong></span> <span class='ocrx_word' id='word_1_560' title='bbox 3429 2657 3632 2710; x_wconf 71' lang='lat' dir='ltr'><strong>asset-is</strong></span> 
     </span>
    </p>
   </div>
   <div class='ocr_carea' id='block_1_71' title="bbox 2052 2747 3628 2817">
    <p class='ocr_par' dir='ltr' id='par_1_71' title="bbox 2052 2747 3628 2817">
     <span class='ocr_line' id='line_1_71' title="bbox 2052 2747 3628 2817; baseline 0.001 -21"><span class='ocrx_word' id='word_1_561' title='bbox 2052 2761 2362 2814; x_wconf 72' lang='lat' dir='ltr'><strong>permeasse</strong></span> <span class='ocrx_word' id='word_1_562' title='bbox 2431 2762 2531 2816; x_wconf 91' lang='lat' dir='ltr'><strong>per</strong></span> <span class='ocrx_word' id='word_1_563' title='bbox 2594 2756 2839 2802; x_wconf 88' lang='lat' dir='ltr'><strong>sanctam</strong></span> <span class='ocrx_word' id='word_1_564' title='bbox 2903 2747 3180 2816; x_wconf 77' lang='lat' dir='ltr'><strong>Virginem</strong></span> <span class='ocrx_word' id='word_1_565' title='bbox 3242 2748 3409 2817; x_wconf 89' lang='lat' dir='ltr'><strong>(utar</strong></span> <span class='ocrx_word' id='word_1_566' title='bbox 3484 2748 3628 2798; x_wconf 89' lang='lat' dir='ltr'><strong>enim</strong></span> 
     </span>
    </p>
   </div>
   <div class='ocr_carea' id='block_1_72' title="bbox 2054 2833 3628 2907">
    <p class='ocr_par' dir='ltr' id='par_1_72' title="bbox 2054 2833 3628 2907">
     <span class='ocr_line' id='line_1_72' title="bbox 2054 2833 3628 2907; baseline 0.001 -23"><span class='ocrx_word' id='word_1_567' title='bbox 2054 2833 2253 2903; x_wconf 89' lang='lat' dir='ltr'><strong>ubique</strong></span> <span class='ocrx_word' id='word_1_568' title='bbox 2309 2836 2419 2889; x_wconf 90' lang='lat' dir='ltr'><strong>tuis</strong></span> <span class='ocrx_word' id='word_1_569' title='bbox 2471 2838 2642 2892; x_wconf 86' lang='lat' dir='ltr'><strong>sacris</strong></span> <span class='ocrx_word' id='word_1_570' title='bbox 2688 2836 2972 2907; x_wconf 88' lang='lat' dir='ltr'><strong>vocibus),</strong></span> <span class='ocrx_word' id='word_1_571' title='bbox 3020 2836 3155 2891; x_wconf 85' lang='lat' dir='ltr'><strong>nihil</strong></span> <span class='ocrx_word' id='word_1_572' title='bbox 3200 2852 3332 2905; x_wconf 81' lang='lat' dir='ltr'><strong>ergo</strong></span> <span class='ocrx_word' id='word_1_573' title='bbox 3372 2836 3628 2891; x_wconf 85' lang='lat' dir='ltr'><strong>eximium</strong></span> 
     </span>
    </p>
   </div>
   <div class='ocr_carea' id='block_1_73' title="bbox 2052 2925 3627 2997">
    <p class='ocr_par' dir='ltr' id='par_1_73' title="bbox 2052 2925 3627 2997">
     <span class='ocr_line' id='line_1_73' title="bbox 2052 2925 3627 2997; baseline 0.001 -19"><span class='ocrx_word' id='word_1_574' title='bbox 2052 2925 2103 2978; x_wconf 89' lang='lat' dir='ltr'><strong>in</strong></span> <span class='ocrx_word' id='word_1_575' title='bbox 2135 2937 2324 2982; x_wconf 88' lang='lat' dir='ltr'><strong>sancta</strong></span> <span class='ocrx_word' id='word_1_576' title='bbox 2354 2927 2576 2997; x_wconf 74' lang='lat' dir='ltr'><strong>Virgine</strong></span> <span class='ocrx_word' id='word_1_577' title='bbox 2618 2939 2816 2997; x_wconf 64' lang='lat' dir='ltr'><strong>praeter</strong></span> <span class='ocrx_word' id='word_1_578' title='bbox 2865 2940 3095 2984; x_wconf 67' lang='lat' dir='ltr'><strong>caeteras</strong></span> <span class='ocrx_word' id='word_1_579' title='bbox 3134 2930 3400 2983; x_wconf 87' lang='lat' dir='ltr'><strong>videmus.</strong></span> <span class='ocrx_word' id='word_1_580' title='bbox 3460 2927 3627 2995; x_wconf 75' lang='lat' dir='ltr'><strong>Pepe-</strong></span> 
     </span>
    </p>
   </div>
   <div class='ocr_carea' id='block_1_74' title="bbox 2051 3017 3628 3090">
    <p class='ocr_par' dir='ltr' id='par_1_74' title="bbox 2051 3017 3628 3090">
     <span class='ocr_line' id='line_1_74' title="bbox 2051 3017 3628 3090; baseline 0 -19"><span class='ocrx_word' id='word_1_581' title='bbox 2051 3017 2120 3071; x_wconf 91' lang='lat' dir='ltr'><strong>rit</strong></span> <span class='ocrx_word' id='word_1_582' title='bbox 2152 3019 2295 3072; x_wconf 89' lang='lat' dir='ltr'><strong>euim</strong></span> <span class='ocrx_word' id='word_1_583' title='bbox 2316 3019 2593 3074; x_wconf 78' lang='lat' dir='ltr'><strong>Elisabetlt</strong></span> <span class='ocrx_word' id='word_1_584' title='bbox 2626 3020 2842 3076; x_wconf 88' lang='lat' dir='ltr'><strong>beatum</strong></span> <span class='ocrx_word' id='word_1_585' title='bbox 2872 3019 3167 3090; x_wconf 88' lang='lat' dir='ltr'><strong>Baptistam</strong></span> <span class='ocrx_word' id='word_1_586' title='bbox 3200 3020 3433 3089; x_wconf 87' lang='lat' dir='ltr'><strong>Spiritus</strong></span> <span class='ocrx_word' id='word_1_587' title='bbox 3463 3033 3628 3087; x_wconf 85' lang='lat' dir='ltr'><strong>opera</strong></span> 
     </span>
    </p>
   </div>
   <div class='ocr_carea' id='block_1_75' title="bbox 2050 3107 3628 3181">
    <p class='ocr_par' dir='ltr' id='par_1_75' title="bbox 2050 3107 3628 3181">
     <span class='ocr_line' id='line_1_75' title="bbox 2050 3107 3628 3181; baseline 0 -20"><span class='ocrx_word' id='word_1_588' title='bbox 2050 3107 2468 3175; x_wconf 82' lang='lat' dir='ltr'><strong>sanctiﬁcatum,</strong></span> <span class='ocrx_word' id='word_1_589' title='bbox 2515 3124 2613 3180; x_wconf 90' lang='lat' dir='ltr'><strong>per</strong></span> <span class='ocrx_word' id='word_1_590' title='bbox 2660 3125 2818 3180; x_wconf 92' lang='lat' dir='ltr'><strong>quem</strong></span> <span class='ocrx_word' id='word_1_591' title='bbox 2855 3110 3116 3181; x_wconf 87' lang='lat' dir='ltr'><strong>Spiritum</strong></span> <span class='ocrx_word' id='word_1_592' title='bbox 3166 3111 3329 3166; x_wconf 90' lang='lat' dir='ltr'><strong>etiam</strong></span> <span class='ocrx_word' id='word_1_593' title='bbox 3365 3109 3481 3178; x_wconf 92' lang='lat' dir='ltr'><strong>ipse</strong></span> <span class='ocrx_word' id='word_1_594' title='bbox 3543 3107 3628 3161; x_wconf 83' lang='lat' dir='ltr'><strong>Fi-</strong></span> 
     </span>
    </p>
   </div>
   <div class='ocr_carea' id='block_1_76' title="bbox 2051 3200 3625 3273">
    <p class='ocr_par' dir='ltr' id='par_1_76' title="bbox 2051 3200 3625 3273">
     <span class='ocr_line' id='line_1_76' title="bbox 2051 3200 3625 3273; baseline 0.001 -18"><span class='ocrx_word' id='word_1_595' title='bbox 2051 3200 2156 3255; x_wconf 91' lang='lat' dir='ltr'><strong>lius</strong></span> <span class='ocrx_word' id='word_1_596' title='bbox 2183 3201 2235 3254; x_wconf 91' lang='lat' dir='ltr'><strong>in</strong></span> <span class='ocrx_word' id='word_1_597' title='bbox 2272 3203 2428 3257; x_wconf 88' lang='lat' dir='ltr'><strong>nobis</strong></span> <span class='ocrx_word' id='word_1_598' title='bbox 2469 3203 2697 3269; x_wconf 87' lang='lat' dir='ltr'><strong>habitat,</strong></span> <span class='ocrx_word' id='word_1_599' title='bbox 2730 3204 2893 3273; x_wconf 87' lang='lat' dir='ltr'><strong>idque</strong></span> <span class='ocrx_word' id='word_1_600' title='bbox 2950 3204 3140 3259; x_wconf 87' lang='lat' dir='ltr'><strong>beatus</strong></span> <span class='ocrx_word' id='word_1_601' title='bbox 3188 3202 3423 3257; x_wconf 82' lang='lat' dir='ltr'><strong>Joannes</strong></span> <span class='ocrx_word' id='word_1_602' title='bbox 3459 3212 3625 3256; x_wconf 86' lang='lat' dir='ltr'><strong>testa-</strong></span> 
     </span>
    </p>
   </div>
   <div class='ocr_carea' id='block_1_77' title="bbox 2048 3295 3628 3368">
    <p class='ocr_par' dir='ltr' id='par_1_77' title="bbox 2048 3295 3628 3368">
     <span class='ocr_line' id='line_1_77' title="bbox 2048 3295 3628 3368; baseline 0.004 -20"><span class='ocrx_word' id='word_1_603' title='bbox 2048 3302 2158 3361; x_wconf 93' lang='lat' dir='ltr'><strong>tur,</strong></span> <span class='ocrx_word' id='word_1_604' title='bbox 2184 3295 2418 3350; x_wconf 88' lang='lat' dir='ltr'><strong>dicens:</strong></span> <span class='ocrx_word' id='word_1_605' title='bbox 2463 3315 2481 3346; x_wconf 80' lang='grc' dir='ltr'><strong>ι</strong></span> <span class='ocrx_word' id='word_1_606' title='bbox 2516 3295 2571 3351; x_wconf 92' lang='lat' dir='ltr'><strong>In</strong></span> <span class='ocrx_word' id='word_1_607' title='bbox 2621 3297 2721 3353; x_wconf 90' lang='lat' dir='ltr'><strong>hoc</strong></span> <span class='ocrx_word' id='word_1_608' title='bbox 2760 3298 3140 3367; x_wconf 77' lang='lat' dir='ltr'><strong>cognoscimus</strong></span> <span class='ocrx_word' id='word_1_609' title='bbox 3182 3298 3325 3368; x_wconf 90' lang='lat' dir='ltr'><strong>quod</strong></span> <span class='ocrx_word' id='word_1_610' title='bbox 3375 3299 3426 3351; x_wconf 93' lang='lat' dir='ltr'><strong>in</strong></span> <span class='ocrx_word' id='word_1_611' title='bbox 3477 3299 3628 3354; x_wconf 82' lang='lat' dir='ltr'><strong>nobis</strong></span> 
     </span>
    </p>
   </div>
   <div class='ocr_carea' id='block_1_78' title="bbox 2049 3387 3623 3456">
    <p class='ocr_par' dir='ltr' id='par_1_78' title="bbox 2049 3387 3623 3456">
     <span class='ocr_line' id='line_1_78' title="bbox 2049 3387 3623 3456; baseline 0.003 -17"><span class='ocrx_word' id='word_1_612' title='bbox 2049 3398 2152 3452; x_wconf 90' lang='lat' dir='ltr'><strong>est,</strong></span> <span class='ocrx_word' id='word_1_613' title='bbox 2186 3387 2313 3455; x_wconf 90' lang='lat' dir='ltr'><strong>quia</strong></span> <span class='ocrx_word' id='word_1_614' title='bbox 2347 3387 2413 3440; x_wconf 89' lang='lat' dir='ltr'><strong>de</strong></span> <span class='ocrx_word' id='word_1_615' title='bbox 2438 3387 2642 3456; x_wconf 89' lang='lat' dir='ltr'><strong>Spiritu</strong></span> <span class='ocrx_word' id='word_1_616' title='bbox 2679 3404 2779 3442; x_wconf 90' lang='lat' dir='ltr'><strong>suo</strong></span> <span class='ocrx_word' id='word_1_617' title='bbox 2819 3390 2966 3444; x_wconf 86' lang='lat' dir='ltr'><strong>dedit</strong></span> <span class='ocrx_word' id='word_1_618' title='bbox 2995 3390 3150 3444; x_wconf 91' lang='lat' dir='ltr'><strong>nobis</strong></span> <span class='ocrx_word' id='word_1_619' title='bbox 3174 3389 3241 3445; x_wconf 73' lang='lat'><strong>“.</strong></span> <span class='ocrx_word' id='word_1_620' title='bbox 3276 3408 3293 3440; x_wconf 75' lang='grc' dir='ltr'><strong>ι</strong></span> <span class='ocrx_word' id='word_1_621' title='bbox 3330 3389 3623 3444; x_wconf 83' lang='lat' dir='ltr'><strong>Pertrans-</strong></span> 
     </span>
    </p>
   </div>
   <div class='ocr_carea' id='block_1_79' title="bbox 2050 3477 3626 3552">
    <p class='ocr_par' dir='ltr' id='par_1_79' title="bbox 2050 3477 3626 3552">
     <span class='ocr_line' id='line_1_79' title="bbox 2050 3477 3626 3552; baseline 0.004 -23"><span class='ocrx_word' id='word_1_622' title='bbox 2050 3477 2110 3529; x_wconf 90' lang='lat' dir='ltr'><strong>iit</strong></span> <span class='ocrx_word' id='word_1_623' title='bbox 2140 3478 2299 3548; x_wconf 76' lang='lat' dir='ltr'><strong>igitur</strong></span> <span class='ocrx_word' id='word_1_624' title='bbox 2357 3479 2521 3533; x_wconf 91' lang='lat' dir='ltr'><strong>etiam</strong></span> <span class='ocrx_word' id='word_1_625' title='bbox 2557 3495 2656 3550; x_wconf 92' lang='lat' dir='ltr'><strong>per</strong></span> <span class='ocrx_word' id='word_1_626' title='bbox 2685 3479 2962 3537; x_wconf 87' lang='lat' dir='ltr'><strong>Elisabeth</strong></span> <span class='ocrx_word' id='word_1_627' title='bbox 3008 3482 3181 3552; x_wconf 88' lang='lat' dir='ltr'><strong>ipsum</strong></span> <span class='ocrx_word' id='word_1_628' title='bbox 3226 3482 3316 3538; x_wconf 88' lang='lat' dir='ltr'><strong>Dei</strong></span> <span class='ocrx_word' id='word_1_629' title='bbox 3365 3481 3626 3547; x_wconf 81' lang='lat' dir='ltr'><strong>Verbum,</strong></span> 
     </span>
    </p>
   </div>
   <div class='ocr_carea' id='block_1_80' title="bbox 2048 3571 3629 3645">
    <p class='ocr_par' dir='ltr' id='par_1_80' title="bbox 2048 3571 3629 3645">
     <span class='ocr_line' id='line_1_80' title="bbox 2048 3571 3629 3645; baseline 0.006 -23"><span class='ocrx_word' id='word_1_630' title='bbox 2048 3584 2171 3623; x_wconf 88' lang='lat' dir='ltr'><strong>cum</strong></span> <span class='ocrx_word' id='word_1_631' title='bbox 2212 3571 2376 3623; x_wconf 89' lang='lat' dir='ltr'><strong>etiam</strong></span> <span class='ocrx_word' id='word_1_632' title='bbox 2423 3582 2550 3625; x_wconf 91' lang='lat' dir='ltr'><strong>ante</strong></span> <span class='ocrx_word' id='word_1_633' title='bbox 2597 3572 2742 3628; x_wconf 91' lang='lat' dir='ltr'><strong>illius</strong></span> <span class='ocrx_word' id='word_1_634' title='bbox 2776 3574 3116 3629; x_wconf 88' lang='lat' dir='ltr'><strong>nativitatem</strong></span> <span class='ocrx_word' id='word_1_635' title='bbox 3171 3574 3223 3628; x_wconf 90' lang='lat' dir='ltr'><strong>in</strong></span> <span class='ocrx_word' id='word_1_636' title='bbox 3282 3574 3490 3629; x_wconf 81' lang='lat' dir='ltr'><strong>infante</strong></span> <span class='ocrx_word' id='word_1_637' title='bbox 3534 3590 3629 3645; x_wconf 89' lang='lat' dir='ltr'><strong>per</strong></span> 
     </span>
    </p>
   </div>
   <div class='ocr_carea' id='block_1_81' title="bbox 2049 3661 2686 3731">
    <p class='ocr_par' dir='ltr' id='par_1_81' title="bbox 2049 3661 2686 3731">
     <span class='ocr_line' id='line_1_81' title="bbox 2049 3661 2686 3731; baseline 0.006 -16"><span class='ocrx_word' id='word_1_638' title='bbox 2049 3661 2314 3731; x_wconf 85' lang='lat' dir='ltr'><strong>Spiritum</strong></span> <span class='ocrx_word' id='word_1_639' title='bbox 2345 3662 2686 3720; x_wconf 87' lang='lat' dir='ltr'><strong>inhabitarit.</strong></span> 
     </span>
    </p>
   </div>
   <div class='ocr_carea' id='block_1_82' title="bbox 2118 3752 3625 3827">
    <p class='ocr_par' dir='ltr' id='par_1_82' title="bbox 2118 3752 3625 3827">
     <span class='ocr_line' id='line_1_82' title="bbox 2118 3752 3625 3827; baseline 0.003 -20"><span class='ocrx_word' id='word_1_640' title='bbox 2118 3752 2225 3807; x_wconf 83' lang='lat' dir='ltr'><strong>Sed</strong></span> <span class='ocrx_word' id='word_1_641' title='bbox 2249 3763 2561 3820; x_wconf 87' lang='lat' dir='ltr'><strong>suspectum</strong></span> <span class='ocrx_word' id='word_1_642' title='bbox 2596 3754 2764 3810; x_wconf 88' lang='lat' dir='ltr'><strong>habes</strong></span> <span class='ocrx_word' id='word_1_643' title='bbox 2802 3753 3049 3826; x_wconf 91' lang='lat' dir='ltr'><strong>plausum</strong></span> <span class='ocrx_word' id='word_1_644' title='bbox 3102 3755 3222 3818; x_wconf 89' lang='lat' dir='ltr'><strong>tibi,</strong></span> <span class='ocrx_word' id='word_1_645' title='bbox 3276 3765 3335 3810; x_wconf 93' lang='lat' dir='ltr'><strong>nt</strong></span> <span class='ocrx_word' id='word_1_646' title='bbox 3371 3757 3461 3826; x_wconf 83' lang='lat' dir='ltr'><strong>qui</strong></span> <span class='ocrx_word' id='word_1_647' title='bbox 3512 3756 3625 3827; x_wconf 88' lang='lat' dir='ltr'><strong>jam</strong></span> 
     </span>
    </p>
   </div>
   <div class='ocr_carea' id='block_1_83' title="bbox 2047 3844 3624 3921">
    <p class='ocr_par' dir='ltr' id='par_1_83' title="bbox 2047 3844 3624 3921">
     <span class='ocr_line' id='line_1_83' title="bbox 2047 3844 3624 3921; baseline 0.004 -25"><span class='ocrx_word' id='word_1_648' title='bbox 2047 3852 2195 3899; x_wconf 87' lang='lat' dir='ltr'><strong>recte</strong></span> <span class='ocrx_word' id='word_1_649' title='bbox 2223 3844 2368 3916; x_wconf 84' lang='lat' dir='ltr'><strong>loqui</strong></span> <span class='ocrx_word' id='word_1_650' title='bbox 2406 3860 2671 3913; x_wconf 72' lang='lat' dir='ltr'><strong>cmperas,</strong></span> <span class='ocrx_word' id='word_1_651' title='bbox 2720 3861 2750 3901; x_wconf 92' lang='lat' dir='ltr'><strong>a</strong></span> <span class='ocrx_word' id='word_1_652' title='bbox 2777 3847 2977 3917; x_wconf 90' lang='lat' dir='ltr'><strong>populo</strong></span> <span class='ocrx_word' id='word_1_653' title='bbox 3013 3846 3238 3902; x_wconf 80' lang='lat' dir='ltr'><strong>factum.</strong></span> <span class='ocrx_word' id='word_1_654' title='bbox 3279 3847 3413 3903; x_wconf 83' lang='lat' dir='ltr'><strong>Nam</strong></span> <span class='ocrx_word' id='word_1_655' title='bbox 3456 3849 3624 3921; x_wconf 88' lang='lat' dir='ltr'><strong>solem</strong></span> 
     </span>
    </p>
   </div>
   <div class='ocr_carea' id='block_1_84' title="bbox 2040 3943 3627 4017">
    <p class='ocr_par' dir='ltr' id='par_1_84' title="bbox 2040 3943 3627 4017">
     <span class='ocr_line' id='line_1_84' title="bbox 2040 3943 3627 4017; baseline 0.004 -23"><span class='ocrx_word' id='word_1_656' title='bbox 2040 3943 2282 4013; x_wconf 74' lang='lat' dir='ltr'><strong>justitim,</strong></span> <span class='ocrx_word' id='word_1_657' title='bbox 2324 3953 2378 3998; x_wconf 92' lang='lat' dir='ltr'><strong>et</strong></span> <span class='ocrx_word' id='word_1_658' title='bbox 2407 3946 2651 3998; x_wconf 90' lang='lat' dir='ltr'><strong>omnium</strong></span> <span class='ocrx_word' id='word_1_659' title='bbox 2686 3943 2975 4000; x_wconf 88' lang='lat' dir='ltr'><strong>Dominum</strong></span> <span class='ocrx_word' id='word_1_660' title='bbox 3018 3946 3321 4017; x_wconf 86' lang='lat' dir='ltr'><strong>appellaras</strong></span> <span class='ocrx_word' id='word_1_661' title='bbox 3368 3946 3514 3999; x_wconf 88' lang='lat' dir='ltr'><strong>illum</strong></span> <span class='ocrx_word' id='word_1_662' title='bbox 3558 3960 3627 4001; x_wconf 78' lang='lat' dir='ltr'><strong>ex</strong></span> 
     </span>
    </p>
   </div>
   <div class='ocr_carea' id='block_1_85' title="bbox 2045 4033 3627 4107">
    <p class='ocr_par' dir='ltr' id='par_1_85' title="bbox 2045 4033 3627 4107">
     <span class='ocr_line' id='line_1_85' title="bbox 2045 4033 3627 4107; baseline 0.001 -18"><span class='ocrx_word' id='word_1_663' title='bbox 2045 4044 2231 4091; x_wconf 86' lang='lat' dir='ltr'><strong>sancta</strong></span> <span class='ocrx_word' id='word_1_664' title='bbox 2268 4033 2493 4107; x_wconf 78' lang='lat' dir='ltr'><strong>Virgine</strong></span> <span class='ocrx_word' id='word_1_665' title='bbox 2529 4045 2739 4092; x_wconf 89' lang='lat' dir='ltr'><strong>natum.</strong></span> <span class='ocrx_word' id='word_1_666' title='bbox 2782 4037 2913 4093; x_wconf 87' lang='lat' dir='ltr'><strong>Inde</strong></span> <span class='ocrx_word' id='word_1_667' title='bbox 2953 4053 3145 4094; x_wconf 90' lang='lat' dir='ltr'><strong>rursus</strong></span> <span class='ocrx_word' id='word_1_668' title='bbox 3175 4038 3423 4093; x_wconf 83' lang='lat' dir='ltr'><strong>subtilius</strong></span> <span class='ocrx_word' id='word_1_669' title='bbox 3467 4052 3627 4107; x_wconf 79' lang='lat' dir='ltr'><strong>agere</strong></span> 
     </span>
    </p>
   </div>
   <div class='ocr_carea' id='block_1_86' title="bbox 2044 4127 3625 4200">
    <p class='ocr_par' dir='ltr' id='par_1_86' title="bbox 2044 4127 3625 4200">
     <span class='ocr_line' id='line_1_86' title="bbox 2044 4127 3625 4200; baseline 0.001 -18"><span class='ocrx_word' id='word_1_670' title='bbox 2044 4127 2297 4193; x_wconf 83' lang='lat' dir='ltr'><strong>simulas,</strong></span> <span class='ocrx_word' id='word_1_671' title='bbox 2345 4137 2402 4181; x_wconf 88' lang='lat' dir='ltr'><strong>et</strong></span> <span class='ocrx_word' id='word_1_672' title='bbox 2455 4129 2700 4196; x_wconf 86' lang='lat' dir='ltr'><strong>plausum</strong></span> <span class='ocrx_word' id='word_1_673' title='bbox 2749 4130 3123 4200; x_wconf 87' lang='lat' dir='ltr'><strong>reprehendis.</strong></span> <span class='ocrx_word' id='word_1_674' title='bbox 3175 4141 3230 4186; x_wconf 86' lang='lat' dir='ltr'><strong>et</strong></span> <span class='ocrx_word' id='word_1_675' title='bbox 3266 4130 3514 4185; x_wconf 89' lang='lat' dir='ltr'><strong>homines</strong></span> <span class='ocrx_word' id='word_1_676' title='bbox 3551 4128 3625 4183; x_wconf 88' lang='lat' dir='ltr'><strong>tui</strong></span> 
     </span>
    </p>
   </div>
   <div class='ocr_carea' id='block_1_87' title="bbox 2044 4218 3625 4291">
    <p class='ocr_par' dir='ltr' id='par_1_87' title="bbox 2044 4218 3625 4291">
     <span class='ocr_line' id='line_1_87' title="bbox 2044 4218 3625 4291; baseline 0.003 -19"><span class='ocrx_word' id='word_1_677' title='bbox 2044 4233 2213 4273; x_wconf 85' lang='lat' dir='ltr'><strong>causa</strong></span> <span class='ocrx_word' id='word_1_678' title='bbox 2248 4218 2399 4273; x_wconf 69' lang='lat' dir='ltr'><strong>laatos</strong></span> <span class='ocrx_word' id='word_1_679' title='bbox 2432 4221 2609 4273; x_wconf 91' lang='lat' dir='ltr'><strong>dcnno</strong></span> <span class='ocrx_word' id='word_1_680' title='bbox 2638 4229 2703 4274; x_wconf 78' lang='lat' dir='ltr'><strong>ut</strong></span> <span class='ocrx_word' id='word_1_681' title='bbox 2729 4236 2919 4289; x_wconf 88' lang='lat' dir='ltr'><strong>parum</strong></span> <span class='ocrx_word' id='word_1_682' title='bbox 2964 4222 3328 4291; x_wconf 82' lang='lat' dir='ltr'><strong>intelligentes</strong></span> <span class='ocrx_word' id='word_1_683' title='bbox 3377 4237 3625 4277; x_wconf 79' lang='lat' dir='ltr'><strong>accusas.</strong></span> 
     </span>
    </p>
   </div>
   <div class='ocr_carea' id='block_1_88' title="bbox 2045 4310 3627 4383">
    <p class='ocr_par' dir='ltr' id='par_1_88' title="bbox 2045 4310 3627 4383">
     <span class='ocr_line' id='line_1_88' title="bbox 2045 4310 3627 4383; baseline -0.002 -16"><span class='ocrx_word' id='word_1_684' title='bbox 2045 4310 2090 4367; x_wconf 92' lang='grc' dir='ltr'><strong>Ο</strong></span> <span class='ocrx_word' id='word_1_685' title='bbox 2123 4326 2375 4378; x_wconf 74' lang='lat' dir='ltr'><strong>magnam</strong></span> <span class='ocrx_word' id='word_1_686' title='bbox 2403 4312 2477 4364; x_wconf 91' lang='lat' dir='ltr'><strong>tui</strong></span> <span class='ocrx_word' id='word_1_687' title='bbox 2509 4314 2779 4367; x_wconf 89' lang='lat' dir='ltr'><strong>sermonis</strong></span> <span class='ocrx_word' id='word_1_688' title='bbox 2810 4314 3143 4383; x_wconf 86' lang='lat' dir='ltr'><strong>potentiam!</strong></span> <span class='ocrx_word' id='word_1_689' title='bbox 3189 4312 3305 4367; x_wconf 81' lang='lat' dir='ltr'><strong>Non</strong></span> <span class='ocrx_word' id='word_1_690' title='bbox 3343 4313 3451 4367; x_wconf 89' lang='lat' dir='ltr'><strong>illis</strong></span> <span class='ocrx_word' id='word_1_691' title='bbox 3478 4324 3627 4366; x_wconf 89' lang='lat' dir='ltr'><strong>certe</strong></span> 
     </span>
    </p>
   </div>
   <div class='ocr_carea' id='block_1_89' title="bbox 2046 4403 3628 4472">
    <p class='ocr_par' dir='ltr' id='par_1_89' title="bbox 2046 4403 3628 4472">
     <span class='ocr_line' id='line_1_89' title="bbox 2046 4403 3628 4472; baseline 0.001 -14"><span class='ocrx_word' id='word_1_692' title='bbox 2046 4417 2334 4459; x_wconf 68' lang='lat' dir='ltr'><strong>maerorem</strong></span> <span class='ocrx_word' id='word_1_693' title='bbox 2392 4403 2617 4471; x_wconf 87' lang='lat' dir='ltr'><strong>injicere</strong></span> <span class='ocrx_word' id='word_1_694' title='bbox 2664 4404 2947 4472; x_wconf 90' lang='lat' dir='ltr'><strong>distulisti,</strong></span> <span class='ocrx_word' id='word_1_695' title='bbox 2987 4406 3040 4460; x_wconf 92' lang='lat' dir='ltr'><strong>in</strong></span> <span class='ocrx_word' id='word_1_696' title='bbox 3084 4406 3285 4461; x_wconf 89' lang='lat' dir='ltr'><strong>luctum</strong></span> <span class='ocrx_word' id='word_1_697' title='bbox 3322 4405 3468 4460; x_wconf 90' lang='lat' dir='ltr'><strong>illico</strong></span> <span class='ocrx_word' id='word_1_698' title='bbox 3508 4420 3628 4459; x_wconf 83' lang='lat' dir='ltr'><strong>ver-</strong></span> 
     </span>
    </p>
   </div>
   <div class='ocr_carea' id='block_1_90' title="bbox 362 4477 1949 4566">
    <p class='ocr_par' dir='ltr' id='par_1_90' title="bbox 362 4482 1939 4557">
     <span class='ocr_line' id='line_1_90' title="bbox 362 4482 1939 4557; baseline -0.001 -18"><span class='ocrx_word' id='word_1_699' title='bbox 362 4487 509 4549; x_wconf 69' lang='grc' dir='ltr'>τοὺς,</span> <span class='ocrx_word' id='word_1_700' title='bbox 534 4485 798 4557; x_wconf 75' lang='grc' dir='ltr'>ἔστρεψας</span> <span class='ocrx_word' id='word_1_701' title='bbox 830 4484 990 4547; x_wconf 81' lang='grc' dir='ltr'>εὐθὺς</span> <span class='ocrx_word' id='word_1_702' title='bbox 1017 4486 1095 4547; x_wconf 87' lang='grc' dir='ltr'><strong>είς</strong></span> <span class='ocrx_word' id='word_1_703' title='bbox 1137 4483 1331 4545; x_wconf 89' lang='grc' dir='ltr'>πένθος</span> <span class='ocrx_word' id='word_1_704' title='bbox 1365 4482 1462 4552; x_wconf 78' lang='grc' dir='ltr'>τὴν</span> <span class='ocrx_word' id='word_1_705' title='bbox 1495 4483 1691 4554; x_wconf 81' lang='grc' dir='ltr'>χαράν,</span> <span class='ocrx_word' id='word_1_706' title='bbox 1720 4483 1939 4557; x_wconf 74' lang='grc' dir='ltr'>διέρρη-</span> 
     </span>
    </p>
   </div>
   <div class='ocr_carea' id='block_1_91' title="bbox 2051 4477 3625 4566">
    <p class='ocr_par' dir='ltr' id='par_1_91' title="bbox 2051 4495 3625 4566">
     <span class='ocr_line' id='line_1_91' title="bbox 2051 4495 3625 4566; baseline 0.001 -17"><span class='ocrx_word' id='word_1_707' title='bbox 2051 4495 2159 4550; x_wconf 88' lang='lat' dir='ltr'><strong>tisti</strong></span> <span class='ocrx_word' id='word_1_708' title='bbox 2189 4495 2467 4566; x_wconf 76' lang='lat' dir='ltr'><strong>gaudium,</strong></span> <span class='ocrx_word' id='word_1_709' title='bbox 2509 4496 2823 4552; x_wconf 87' lang='lat' dir='ltr'><strong>conscidisti</strong></span> <span class='ocrx_word' id='word_1_710' title='bbox 2861 4498 3102 4553; x_wconf 64' lang='lat' dir='ltr'><strong>laetitiam</strong></span> <span class='ocrx_word' id='word_1_711' title='bbox 3123 4539 3140 4564; x_wconf 91' lang='lat'><strong>,</strong></span> <span class='ocrx_word' id='word_1_712' title='bbox 3170 4509 3226 4553; x_wconf 92' lang='lat' dir='ltr'><strong>et</strong></span> <span class='ocrx_word' id='word_1_713' title='bbox 3257 4500 3538 4555; x_wconf 85' lang='lat' dir='ltr'><strong>accinxisti</strong></span> <span class='ocrx_word' id='word_1_714' title='bbox 3573 4508 3625 4552; x_wconf 90' lang='lat' dir='ltr'><strong>te</strong></span> 
     </span>
    </p>
   </div>
   <div class='ocr_carea' id='block_1_92' title="bbox 362 4573 1939 4646">
    <p class='ocr_par' dir='ltr' id='par_1_92' title="bbox 362 4573 1939 4646">
     <span class='ocr_line' id='line_1_92' title="bbox 362 4573 1939 4646; baseline 0.001 -18"><span class='ocrx_word' id='word_1_715' title='bbox 362 4575 460 4640; x_wconf 82' lang='grc' dir='ltr'>ξας</span> <span class='ocrx_word' id='word_1_716' title='bbox 502 4576 603 4646; x_wconf 74' lang='grc' dir='ltr'>τὴν</span> <span class='ocrx_word' id='word_1_717' title='bbox 631 4573 986 4646; x_wconf 82' lang='grc' dir='ltr'>εὐφροσύνην,</span> <span class='ocrx_word' id='word_1_718' title='bbox 1032 4574 1128 4628; x_wconf 77' lang='grc' dir='ltr'><strong>καὶ</strong></span> <span class='ocrx_word' id='word_1_719' title='bbox 1158 4573 1418 4639; x_wconf 76' lang='grc' dir='ltr'>διέζωσας</span> <span class='ocrx_word' id='word_1_720' title='bbox 1460 4576 1681 4641; x_wconf 85' lang='grc' dir='ltr'>σάκκον,</span> <span class='ocrx_word' id='word_1_721' title='bbox 1727 4578 1939 4645; x_wconf 82' lang='grc' dir='ltr'>ἐπαγα-</span> 
     </span>
    </p>
   </div>
   <div class='ocr_carea' id='block_1_93' title="bbox 362 4661 1939 4737">
    <p class='ocr_par' dir='ltr' id='par_1_93' title="bbox 362 4661 1939 4737">
     <span class='ocr_line' id='line_1_93' title="bbox 362 4661 1939 4737; baseline -0.001 -18"><span class='ocrx_word' id='word_1_722' title='bbox 362 4666 475 4736; x_wconf 75' lang='grc' dir='ltr'>γὼν</span> <span class='ocrx_word' id='word_1_723' title='bbox 515 4666 677 4729; x_wconf 78' lang='grc' dir='ltr'>εὐθὺς</span> <span class='ocrx_word' id='word_1_724' title='bbox 701 4661 853 4721; x_wconf 80' lang='grc' dir='ltr'>εἶτα·</span> <span class='ocrx_word' id='word_1_725' title='bbox 882 4665 1077 4737; x_wconf 87' lang='grc' dir='ltr'>[Πάλιν</span> <span class='ocrx_word' id='word_1_726' title='bbox 1112 4664 1405 4718; x_wconf 79' lang='grc' dir='ltr'>ὑποπτεύω</span> <span class='ocrx_word' id='word_1_727' title='bbox 1441 4665 1533 4718; x_wconf 82' lang='grc' dir='ltr'><strong>τὸν</strong></span> <span class='ocrx_word' id='word_1_728' title='bbox 1570 4666 1783 4737; x_wconf 87' lang='grc' dir='ltr'>κρότον,</span> <span class='ocrx_word' id='word_1_729' title='bbox 1820 4666 1939 4730; x_wconf 86' lang='grc' dir='ltr'><strong>πῶς</strong></span> 
     </span>
    </p>
   </div>
   <div class='ocr_carea' id='block_1_94' title="bbox 358 4753 1937 4827">
    <p class='ocr_par' dir='ltr' id='par_1_94' title="bbox 358 4753 1937 4827">
     <span class='ocr_line' id='line_1_94' title="bbox 358 4753 1937 4827; baseline 0.001 -19"><span class='ocrx_word' id='word_1_730' title='bbox 358 4755 438 4819; x_wconf 79' lang='grc' dir='ltr'><strong>τὸ,</strong></span> <span class='ocrx_word' id='word_1_731' title='bbox 471 4755 774 4825; x_wconf 85' lang='grc' dir='ltr'>Παρῆλθεν,</span> <span class='ocrx_word' id='word_1_732' title='bbox 816 4755 1109 4825; x_wconf 73' lang='grc' dir='ltr'>ὲνοήσατες</span> <span class='ocrx_word' id='word_1_733' title='bbox 1141 4756 1257 4808; x_wconf 85' lang='grc' dir='ltr'>Οὑκ</span> <span class='ocrx_word' id='word_1_734' title='bbox 1292 4753 1506 4825; x_wconf 80' lang='grc' dir='ltr'>εἴρηταί</span> <span class='ocrx_word' id='word_1_735' title='bbox 1540 4773 1630 4824; x_wconf 89' lang='grc' dir='ltr'><strong>μοι</strong></span> <span class='ocrx_word' id='word_1_736' title='bbox 1663 4756 1739 4821; x_wconf 78' lang='grc' dir='ltr'><strong>τὸ,</strong></span> <span class='ocrx_word' id='word_1_737' title='bbox 1786 4758 1937 4827; x_wconf 86' lang='grc' dir='ltr'>Παρ-</span> 
     </span>
    </p>
   </div>
   <div class='ocr_carea' id='block_1_95' title="bbox 358 4846 1941 4919">
    <p class='ocr_par' dir='ltr' id='par_1_95' title="bbox 358 4846 1941 4919">
     <span class='ocr_line' id='line_1_95' title="bbox 358 4846 1941 4919; baseline 0.003 -20"><span class='ocrx_word' id='word_1_738' title='bbox 358 4848 539 4919; x_wconf 78' lang='grc' dir='ltr'>ἧλθεν,</span> <span class='ocrx_word' id='word_1_739' title='bbox 560 4848 681 4901; x_wconf 72' lang='grc' dir='ltr'>ἀντὶ</span> <span class='ocrx_word' id='word_1_740' title='bbox 706 4847 821 4910; x_wconf 87' lang='grc' dir='ltr'>τοῦ,</span> <span class='ocrx_word' id='word_1_741' title='bbox 847 4846 1139 4917; x_wconf 81' lang='grc' dir='ltr'>Ἐγεννήθη</span> <span class='ocrx_word' id='word_1_742' title='bbox 1163 4866 1174 4878; x_wconf 90' lang='grc'>·</span> <span class='ocrx_word' id='word_1_743' title='bbox 1202 4848 1261 4899; x_wconf 86' lang='grc' dir='ltr'><strong>οὑ</strong></span> <span class='ocrx_word' id='word_1_744' title='bbox 1288 4846 1395 4917; x_wconf 88' lang='grc' dir='ltr'><strong>γάρ</strong></span> <span class='ocrx_word' id='word_1_745' title='bbox 1421 4846 1563 4900; x_wconf 90' lang='grc' dir='ltr'>οῦτω</span> <span class='ocrx_word' id='word_1_746' title='bbox 1592 4848 1801 4919; x_wconf 85' lang='grc' dir='ltr'>ταχέως</span> <span class='ocrx_word' id='word_1_747' title='bbox 1826 4851 1941 4903; x_wconf 82' lang='grc' dir='ltr'>ἐπι-</span> 
     </span>
    </p>
   </div>
   <div class='ocr_carea' id='block_1_96' title="bbox 357 4939 1937 5011">
    <p class='ocr_par' dir='ltr' id='par_1_96' title="bbox 357 4939 1937 5011">
     <span class='ocr_line' id='line_1_96' title="bbox 357 4939 1937 5011; baseline 0.001 -19"><span class='ocrx_word' id='word_1_748' title='bbox 357 4940 695 5011; x_wconf 83' lang='grc' dir='ltr'>λανθάνομαι</span> <span class='ocrx_word' id='word_1_749' title='bbox 720 4942 828 4993; x_wconf 81' lang='grc' dir='ltr'>τῶν</span> <span class='ocrx_word' id='word_1_750' title='bbox 860 4941 1025 4993; x_wconf 87' lang='grc' dir='ltr'>ἰδίων.</span> <span class='ocrx_word' id='word_1_751' title='bbox 1049 4939 1123 4992; x_wconf 84' lang='grc' dir='ltr'>Τὸ</span> <span class='ocrx_word' id='word_1_752' title='bbox 1152 4939 1440 5010; x_wconf 84' lang='grc' dir='ltr'>παρελθεῖν</span> <span class='ocrx_word' id='word_1_753' title='bbox 1468 4940 1558 4993; x_wconf 76' lang='grc' dir='ltr'><strong>τὸν</strong></span> <span class='ocrx_word' id='word_1_754' title='bbox 1587 4942 1719 4993; x_wconf 75' lang='grc' dir='ltr'>Θεὸν</span> <span class='ocrx_word' id='word_1_755' title='bbox 1746 4942 1810 4994; x_wconf 83' lang='grc' dir='ltr'><strong>ὲκ</strong></span> <span class='ocrx_word' id='word_1_756' title='bbox 1838 4942 1937 5011; x_wconf 74' lang='grc' dir='ltr'>τῆς</span> 
     </span>
    </p>
   </div>
   <div class='ocr_carea' id='block_1_97' title="bbox 358 5032 1936 5105">
    <p class='ocr_par' dir='ltr' id='par_1_97' title="bbox 358 5032 1936 5105">
     <span class='ocr_line' id='line_1_97' title="bbox 358 5032 1936 5105; baseline -0.002 -17"><span class='ocrx_word' id='word_1_757' title='bbox 358 5034 723 5105; x_wconf 78' lang='grc' dir='ltr'>Χριστστόκου</span> <span class='ocrx_word' id='word_1_758' title='bbox 782 5034 1081 5104; x_wconf 81' lang='grc' dir='ltr'>Παρθένου,</span> <span class='ocrx_word' id='word_1_759' title='bbox 1116 5034 1267 5105; x_wconf 73' lang='grc' dir='ltr'>παρὰ</span> <span class='ocrx_word' id='word_1_760' title='bbox 1316 5034 1414 5102; x_wconf 85' lang='grc' dir='ltr'>τῆς</span> <span class='ocrx_word' id='word_1_761' title='bbox 1454 5033 1603 5093; x_wconf 84' lang='grc' dir='ltr'>θείας</span> <span class='ocrx_word' id='word_1_762' title='bbox 1652 5032 1936 5103; x_wconf 74' lang='grc' dir='ltr'>ἐδιδάχθην</span> 
     </span>
    </p>
   </div>
   <div class='ocr_carea' id='block_1_98' title="bbox 359 5122 1935 5195">
    <p class='ocr_par' dir='ltr' id='par_1_98' title="bbox 359 5122 1935 5195">
     <span class='ocr_line' id='line_1_98' title="bbox 359 5122 1935 5195; baseline 0 -19"><span class='ocrx_word' id='word_1_763' title='bbox 359 5123 587 5193; x_wconf 83' lang='grc' dir='ltr'>Γραφῆς</span> <span class='ocrx_word' id='word_1_764' title='bbox 607 5141 619 5153; x_wconf 75' lang='grc' dir='ltr'><strong><em>ο</em></strong></span> <span class='ocrx_word' id='word_1_765' title='bbox 664 5123 724 5175; x_wconf 76' lang='grc' dir='ltr'>τὸ</span> <span class='ocrx_word' id='word_1_766' title='bbox 746 5123 803 5175; x_wconf 84' lang='grc' dir='ltr'>δὲ</span> <span class='ocrx_word' id='word_1_767' title='bbox 849 5123 1179 5193; x_wconf 81' lang='grc' dir='ltr'>γεννηθῆναι</span> <span class='ocrx_word' id='word_1_768' title='bbox 1209 5123 1343 5176; x_wconf 78' lang='grc' dir='ltr'>Θεὸν</span> <span class='ocrx_word' id='word_1_769' title='bbox 1377 5122 1436 5187; x_wconf 76' lang='grc' dir='ltr'>ἐξ</span> <span class='ocrx_word' id='word_1_770' title='bbox 1476 5123 1665 5194; x_wconf 79' lang='grc' dir='ltr'>αὑτῆς,</span> <span class='ocrx_word' id='word_1_771' title='bbox 1697 5123 1935 5195; x_wconf 79' lang='grc' dir='ltr'>οὐδαμοῦ</span> 
     </span>
    </p>
   </div>
   <div class='ocr_carea' id='block_1_99' title="bbox 355 5210 1937 5287">
    <p class='ocr_par' dir='ltr' id='par_1_99' title="bbox 355 5210 1937 5287">
     <span class='ocr_line' id='line_1_99' title="bbox 355 5210 1937 5287; baseline 0.003 -23"><span class='ocrx_word' id='word_1_772' title='bbox 355 5211 691 5284; x_wconf 77' lang='grc' dir='ltr'>ἑδιδάχθην.]</span> <span class='ocrx_word' id='word_1_773' title='bbox 718 5212 927 5266; x_wconf 79' lang='grc' dir='ltr'>Οὐκοῦν</span> <span class='ocrx_word' id='word_1_774' title='bbox 952 5213 1021 5265; x_wconf 71' lang='grc' dir='ltr'><strong>σὰ</strong></span> <span class='ocrx_word' id='word_1_775' title='bbox 1058 5214 1155 5283; x_wconf 85' lang='grc' dir='ltr'>μὲν</span> <span class='ocrx_word' id='word_1_776' title='bbox 1178 5210 1317 5266; x_wconf 81' lang='grc' dir='ltr'>εἶναι</span> <span class='ocrx_word' id='word_1_777' title='bbox 1345 5215 1527 5266; x_wconf 82' lang='grc' dir='ltr'>ἐκεῖνα</span> <span class='ocrx_word' id='word_1_778' title='bbox 1553 5215 1622 5267; x_wconf 72' lang='grc' dir='ltr'><strong>τά</strong></span> <span class='ocrx_word' id='word_1_779' title='bbox 1653 5214 1937 5287; x_wconf 83' lang='grc' dir='ltr'>διεστραμ-</span> 
     </span>
    </p>
   </div>
   <div class='ocr_carea' id='block_1_100' title="bbox 362 5302 1933 5375">
    <p class='ocr_par' dir='ltr' id='par_1_100' title="bbox 362 5302 1933 5375">
     <span class='ocr_line' id='line_1_100' title="bbox 362 5302 1933 5375; baseline 0.002 -19"><span class='ocrx_word' id='word_1_780' title='bbox 362 5303 500 5372; x_wconf 86' lang='grc' dir='ltr'>μένα</span> <span class='ocrx_word' id='word_1_781' title='bbox 534 5318 546 5330; x_wconf 94' lang='grc'><strong>·</strong></span> <span class='ocrx_word' id='word_1_782' title='bbox 609 5302 689 5373; x_wconf 83' lang='grc' dir='ltr'>τῷ</span> <span class='ocrx_word' id='word_1_783' title='bbox 750 5320 811 5370; x_wconf 86' lang='grc' dir='ltr'><strong>γε</strong></span> <span class='ocrx_word' id='word_1_784' title='bbox 880 5302 987 5373; x_wconf 82' lang='grc' dir='ltr'><strong>μὴν</strong></span> <span class='ocrx_word' id='word_1_785' title='bbox 1029 5304 1084 5355; x_wconf 86' lang='grc' dir='ltr'>ὲν</span> <span class='ocrx_word' id='word_1_786' title='bbox 1156 5302 1413 5372; x_wconf 75' lang='grc' dir='ltr'>ὑποψίαις</span> <span class='ocrx_word' id='word_1_787' title='bbox 1475 5302 1764 5375; x_wconf 84' lang='grc' dir='ltr'>ὀρθότητος</span> <span class='ocrx_word' id='word_1_788' title='bbox 1844 5306 1933 5360; x_wconf 86' lang='grc' dir='ltr'><strong>τὸν</strong></span> 
     </span>
    </p>
   </div>
   <div class='ocr_carea' id='block_1_101' title="bbox 357 5392 1649 5466">
    <p class='ocr_par' dir='ltr' id='par_1_101' title="bbox 357 5392 1649 5466">
     <span class='ocr_line' id='line_1_101' title="bbox 357 5392 1649 5466; baseline 0.003 -20"><span class='ocrx_word' id='word_1_789' title='bbox 357 5395 449 5446; x_wconf 74' lang='grc' dir='ltr'><strong>σὺν</strong></span> <span class='ocrx_word' id='word_1_790' title='bbox 483 5392 811 5463; x_wconf 81' lang='grc' dir='ltr'>γεγενῆσθαι</span> <span class='ocrx_word' id='word_1_791' title='bbox 842 5393 986 5456; x_wconf 88' lang='grc' dir='ltr'>νοῦν,</span> <span class='ocrx_word' id='word_1_792' title='bbox 1014 5396 1042 5447; x_wconf 90' lang='grc' dir='ltr'>ὁ</span> <span class='ocrx_word' id='word_1_793' title='bbox 1081 5392 1140 5458; x_wconf 77' lang='grc' dir='ltr'>ἐξ</span> <span class='ocrx_word' id='word_1_794' title='bbox 1182 5393 1404 5464; x_wconf 84' lang='grc' dir='ltr'>ἀγάπης</span> <span class='ocrx_word' id='word_1_795' title='bbox 1440 5397 1649 5466; x_wconf 84' lang='grc' dir='ltr'>κρότος.</span> 
     </span>
    </p>
   </div>
   <div class='ocr_carea' id='block_1_102' title="bbox 438 5482 1929 5559">
    <p class='ocr_par' dir='ltr' id='par_1_102' title="bbox 438 5482 1929 5559">
     <span class='ocr_line' id='line_1_102' title="bbox 438 5482 1929 5559; baseline 0.004 -21"><span class='ocrx_word' id='word_1_796' title='bbox 438 5486 800 5556; x_wconf 77' lang='grc' dir='ltr'>Ἐνστὴσομαι</span> <span class='ocrx_word' id='word_1_797' title='bbox 819 5485 876 5538; x_wconf 80' lang='grc' dir='ltr'>δὲ</span> <span class='ocrx_word' id='word_1_798' title='bbox 900 5486 991 5538; x_wconf 71' lang='grc' dir='ltr'><strong>καὶ</strong></span> <span class='ocrx_word' id='word_1_799' title='bbox 1018 5484 1112 5537; x_wconf 83' lang='grc' dir='ltr'><strong>νῦν</strong></span> <span class='ocrx_word' id='word_1_800' title='bbox 1138 5486 1290 5538; x_wconf 77' lang='grc' dir='ltr'>οὐδὲν</span> <span class='ocrx_word' id='word_1_801' title='bbox 1313 5482 1494 5558; x_wconf 74' lang='grc' dir='ltr'>ἧττον,</span> <span class='ocrx_word' id='word_1_802' title='bbox 1517 5491 1693 5542; x_wconf 75' lang='grc' dir='ltr'>ἐκεῖνο</span> <span class='ocrx_word' id='word_1_803' title='bbox 1729 5491 1898 5559; x_wconf 83' lang='grc' dir='ltr'>λέγων</span> <span class='ocrx_word' id='word_1_804' title='bbox 1915 5510 1929 5524; x_wconf 81' lang='grc' dir='ltr'><strong><em>ο</em></strong></span> 
     </span>
    </p>
   </div>
   <div class='ocr_carea' id='block_1_103' title="bbox 357 5577 1931 5655">
    <p class='ocr_par' dir='ltr' id='par_1_103' title="bbox 357 5577 1931 5655">
     <span class='ocr_line' id='line_1_103' title="bbox 357 5577 1931 5655; baseline 0.004 -24"><span class='ocrx_word' id='word_1_805' title='bbox 357 5577 422 5631; x_wconf 78' lang='grc' dir='ltr'><strong>Τί</strong></span> <span class='ocrx_word' id='word_1_806' title='bbox 445 5577 525 5643; x_wconf 85' lang='grc' dir='ltr'>τὸ,</span> <span class='ocrx_word' id='word_1_807' title='bbox 547 5577 851 5647; x_wconf 77' lang='grc' dir='ltr'>Παρῆλθεν,</span> <span class='ocrx_word' id='word_1_808' title='bbox 870 5579 1036 5641; x_wconf 72' lang='grc' dir='ltr'>ἐστὶν,</span> <span class='ocrx_word' id='word_1_809' title='bbox 1059 5580 1103 5632; x_wconf 84' lang='grc' dir='ltr'>εἰ</span> <span class='ocrx_word' id='word_1_810' title='bbox 1127 5579 1200 5649; x_wconf 77' lang='grc' dir='ltr'>μὴ</span> <span class='ocrx_word' id='word_1_811' title='bbox 1220 5579 1478 5652; x_wconf 74' lang='grc' dir='ltr'>δηλοῐτὴν</span> <span class='ocrx_word' id='word_1_812' title='bbox 1496 5582 1767 5654; x_wconf 73' lang='grc' dir='ltr'>γέννησιν;</span> <span class='ocrx_word' id='word_1_813' title='bbox 1790 5581 1931 5655; x_wconf 66' lang='grc' dir='ltr'>Ἄρα</span> 
     </span>
    </p>
   </div>
   <div class='ocr_carea' id='block_1_104' title="bbox 430 5755 473 5786">
    <p class='ocr_par' dir='ltr' id='par_1_104' title="bbox 430 5755 473 5786">
     <span class='ocr_line' id='line_1_104' title="bbox 430 5755 473 5786; baseline 0.07 -3"><span class='ocrx_word' id='word_1_814' title='bbox 430 5755 473 5786; x_wconf 65' lang='grc' dir='ltr'>υ</span> 
     </span>
    </p>
   </div>
   <div class='ocr_carea' id='block_1_105' title="bbox 506 5755 1609 5830">
    <p class='ocr_par' dir='ltr' id='par_1_105' title="bbox 506 5755 1609 5830">
     <span class='ocr_line' id='line_1_105' title="bbox 506 5755 1609 5830; baseline 0.008 -18"><span class='ocrx_word' id='word_1_815' title='bbox 506 5755 705 5814; x_wconf 54' lang='lat' dir='ltr'><strong>Ferent.</strong></span> <span class='ocrx_word' id='word_1_816' title='bbox 742 5777 900 5830; x_wconf 63' lang='grc' dir='ltr'>χχιιι,</span> <span class='ocrx_word' id='word_1_817' title='bbox 935 5764 1022 5819; x_wconf 66' lang='lat'><strong>‘25.</strong></span> <span class='ocrx_word' id='word_1_818' title='bbox 1103 5766 1146 5797; x_wconf 67' lang='grc'><strong>⁸³</strong></span> <span class='ocrx_word' id='word_1_819' title='bbox 1178 5765 1191 5820; x_wconf 91' lang='lat' dir='ltr'><strong>l</strong></span> <span class='ocrx_word' id='word_1_820' title='bbox 1225 5766 1377 5823; x_wconf 85' lang='lat' dir='ltr'><strong>Joan.</strong></span> <span class='ocrx_word' id='word_1_821' title='bbox 1416 5784 1487 5830; x_wconf 79' lang='lat' dir='ltr'><strong>tv,</strong></span> <span class='ocrx_word' id='word_1_822' title='bbox 1526 5768 1609 5822; x_wconf 74' lang='lat'><strong>13.</strong></span> 
     </span>
    </p>
   </div>
   <div class='ocr_carea' id='block_1_106' title="bbox 2040 4586 3621 4661">
    <p class='ocr_par' dir='ltr' id='par_1_106' title="bbox 2040 4586 3621 4661">
     <span class='ocr_line' id='line_1_106' title="bbox 2040 4586 3621 4661; baseline 0 -18"><span class='ocrx_word' id='word_1_823' title='bbox 2040 4602 2199 4643; x_wconf 79' lang='lat' dir='ltr'><strong>sacco</strong></span> <span class='ocrx_word' id='word_1_824' title='bbox 2233 4586 2301 4652; x_wconf 74' lang='lat'><strong>“,</strong></span> <span class='ocrx_word' id='word_1_825' title='bbox 2344 4601 2466 4641; x_wconf 88' lang='lat' dir='ltr'><strong>cum</strong></span> <span class='ocrx_word' id='word_1_826' title='bbox 2509 4601 2635 4641; x_wconf 85' lang='lat' dir='ltr'><strong>mox</strong></span> <span class='ocrx_word' id='word_1_827' title='bbox 2676 4588 2931 4644; x_wconf 87' lang='lat' dir='ltr'><strong>addidisti</strong></span> <span class='ocrx_word' id='word_1_828' title='bbox 2969 4608 2983 4643; x_wconf 87' lang='lat'><strong>:</strong></span> <span class='ocrx_word' id='word_1_829' title='bbox 3020 4589 3276 4661; x_wconf 80' lang='lat' dir='ltr'><strong>[Rursum</strong></span> <span class='ocrx_word' id='word_1_830' title='bbox 3314 4598 3621 4657; x_wconf 82' lang='lat' dir='ltr'><strong>suspectum</strong></span> 
     </span>
    </p>
   </div>
   <div class='ocr_carea' id='block_1_107' title="bbox 2040 4678 3624 4750">
    <p class='ocr_par' dir='ltr' id='par_1_107' title="bbox 2040 4678 3624 4750">
     <span class='ocr_line' id='line_1_107' title="bbox 2040 4678 3624 4750; baseline -0.001 -16"><span class='ocrx_word' id='word_1_831' title='bbox 2040 4678 2217 4734; x_wconf 81' lang='lat' dir='ltr'><strong>habeo</strong></span> <span class='ocrx_word' id='word_1_832' title='bbox 2244 4678 2512 4747; x_wconf 89' lang='lat' dir='ltr'><strong>plausum.</strong></span> <span class='ocrx_word' id='word_1_833' title='bbox 2547 4678 2830 4744; x_wconf 84' lang='lat' dir='ltr'><strong>Quomodo</strong></span> <span class='ocrx_word' id='word_1_834' title='bbox 2879 4681 3105 4736; x_wconf 82' lang='lat' dir='ltr'><strong>verbum</strong></span> <span class='ocrx_word' id='word_1_835' title='bbox 3152 4682 3303 4744; x_wconf 90' lang='lat' dir='ltr'><strong>illud,</strong></span> <span class='ocrx_word' id='word_1_836' title='bbox 3347 4690 3624 4750; x_wconf 84' lang='lat' dir='ltr'><strong>pertrans-</strong></span> 
     </span>
    </p>
   </div>
   <div class='ocr_carea' id='block_1_108' title="bbox 2041 4768 3623 4841">
    <p class='ocr_par' dir='ltr' id='par_1_108' title="bbox 2041 4768 3623 4841">
     <span class='ocr_line' id='line_1_108' title="bbox 2041 4768 3623 4841; baseline 0.001 -17"><span class='ocrx_word' id='word_1_837' title='bbox 2041 4770 2137 4834; x_wconf 89' lang='lat' dir='ltr'><strong>iit,</strong></span> <span class='ocrx_word' id='word_1_838' title='bbox 2194 4768 2584 4825; x_wconf 81' lang='lat' dir='ltr'><strong>intellexistis?</strong></span> <span class='ocrx_word' id='word_1_839' title='bbox 2634 4768 2751 4824; x_wconf 84' lang='lat' dir='ltr'><strong>Non</strong></span> <span class='ocrx_word' id='word_1_840' title='bbox 2804 4771 2941 4837; x_wconf 83' lang='lat' dir='ltr'><strong>dixi,</strong></span> <span class='ocrx_word' id='word_1_841' title='bbox 3006 4773 3348 4841; x_wconf 89' lang='lat' dir='ltr'><strong>pertransiit,</strong></span> <span class='ocrx_word' id='word_1_842' title='bbox 3416 4788 3513 4841; x_wconf 91' lang='lat' dir='ltr'><strong>pro</strong></span> <span class='ocrx_word' id='word_1_843' title='bbox 3555 4788 3623 4825; x_wconf 74' lang='lat' dir='ltr'><strong>eo</strong></span> 
     </span>
    </p>
   </div>
   <div class='ocr_carea' id='block_1_109' title="bbox 2041 4862 3620 4932">
    <p class='ocr_par' dir='ltr' id='par_1_109' title="bbox 2041 4862 3620 4932">
     <span class='ocr_line' id='line_1_109' title="bbox 2041 4862 3620 4932; baseline 0.003 -19"><span class='ocrx_word' id='word_1_844' title='bbox 2041 4862 2185 4932; x_wconf 74' lang='lat' dir='ltr'><strong>quod</strong></span> <span class='ocrx_word' id='word_1_845' title='bbox 2224 4869 2328 4928; x_wconf 87' lang='lat' dir='ltr'><strong>est,</strong></span> <span class='ocrx_word' id='word_1_846' title='bbox 2375 4862 2591 4932; x_wconf 75' lang='lat' dir='ltr'><strong>genitus</strong></span> <span class='ocrx_word' id='word_1_847' title='bbox 2623 4870 2751 4916; x_wconf 88' lang='lat' dir='ltr'><strong>est:</strong></span> <span class='ocrx_word' id='word_1_848' title='bbox 2795 4878 2901 4916; x_wconf 92' lang='lat' dir='ltr'><strong>non</strong></span> <span class='ocrx_word' id='word_1_849' title='bbox 2956 4863 3102 4917; x_wconf 90' lang='lat' dir='ltr'><strong>enim</strong></span> <span class='ocrx_word' id='word_1_850' title='bbox 3156 4864 3228 4917; x_wconf 86' lang='lat' dir='ltr'><strong>ita</strong></span> <span class='ocrx_word' id='word_1_851' title='bbox 3276 4863 3433 4916; x_wconf 76' lang='lat' dir='ltr'><strong>facile</strong></span> <span class='ocrx_word' id='word_1_852' title='bbox 3488 4880 3620 4918; x_wconf 67' lang='lat' dir='ltr'><strong>mea:</strong></span> 
     </span>
    </p>
   </div>
   <div class='ocr_carea' id='block_1_110' title="bbox 2042 4951 3620 5009">
    <p class='ocr_par' dir='ltr' id='par_1_110' title="bbox 2042 4951 3620 5009">
     <span class='ocr_line' id='line_1_110' title="bbox 2042 4951 3620 5009; baseline 0.001 -2"><span class='ocrx_word' id='word_1_853' title='bbox 2042 4952 2326 5007; x_wconf 69' lang='lat' dir='ltr'><strong>sententia:</strong></span> <span class='ocrx_word' id='word_1_854' title='bbox 2352 4951 2669 5008; x_wconf 87' lang='lat' dir='ltr'><strong>obliviscor.</strong></span> <span class='ocrx_word' id='word_1_855' title='bbox 2711 4951 3075 5009; x_wconf 80' lang='lat' dir='ltr'><strong>Pertrausisse</strong></span> <span class='ocrx_word' id='word_1_856' title='bbox 3116 4955 3280 5008; x_wconf 88' lang='lat' dir='ltr'><strong>Deum</strong></span> <span class='ocrx_word' id='word_1_857' title='bbox 3316 4969 3379 5008; x_wconf 79' lang='lat' dir='ltr'><strong>ex</strong></span> <span class='ocrx_word' id='word_1_858' title='bbox 3419 4955 3620 5009; x_wconf 80' lang='lat' dir='ltr'><strong>Chriin</strong></span> 
     </span>
    </p>
   </div>
   <div class='ocr_carea' id='block_1_111' title="bbox 2044 5039 3619 5113">
    <p class='ocr_par' dir='ltr' id='par_1_111' title="bbox 2044 5039 3619 5113">
     <span class='ocr_line' id='line_1_111' title="bbox 2044 5039 3619 5113; baseline 0.001 -17"><span class='ocrx_word' id='word_1_859' title='bbox 2044 5042 2308 5112; x_wconf 77' lang='lat' dir='ltr'><strong>genitrice</strong></span> <span class='ocrx_word' id='word_1_860' title='bbox 2351 5039 2519 5096; x_wconf 83' lang='lat' dir='ltr'><strong>Maria</strong></span> <span class='ocrx_word' id='word_1_861' title='bbox 2563 5042 2727 5097; x_wconf 89' lang='lat' dir='ltr'><strong>didici</strong></span> <span class='ocrx_word' id='word_1_862' title='bbox 2780 5058 2844 5097; x_wconf 90' lang='lat' dir='ltr'><strong>ex</strong></span> <span class='ocrx_word' id='word_1_863' title='bbox 2900 5043 3072 5099; x_wconf 88' lang='lat' dir='ltr'><strong>sacris</strong></span> <span class='ocrx_word' id='word_1_864' title='bbox 3107 5043 3363 5101; x_wconf 85' lang='lat' dir='ltr'><strong>Litteris:</strong></span> <span class='ocrx_word' id='word_1_865' title='bbox 3409 5061 3475 5098; x_wconf 84' lang='lat' dir='ltr'><strong>ex</strong></span> <span class='ocrx_word' id='word_1_866' title='bbox 3507 5045 3619 5113; x_wconf 79' lang='lat' dir='ltr'><strong>ipsa</strong></span> 
     </span>
    </p>
   </div>
   <div class='ocr_carea' id='block_1_112' title="bbox 2042 5133 3619 5207">
    <p class='ocr_par' dir='ltr' id='par_1_112' title="bbox 2042 5133 3619 5207">
     <span class='ocr_line' id='line_1_112' title="bbox 2042 5133 3619 5207; baseline 0.001 -20"><span class='ocrx_word' id='word_1_867' title='bbox 2042 5133 2281 5201; x_wconf 76' lang='lat' dir='ltr'><strong>genitum</strong></span> <span class='ocrx_word' id='word_1_868' title='bbox 2318 5147 2581 5203; x_wconf 86' lang='lat' dir='ltr'><strong>nusquam</strong></span> <span class='ocrx_word' id='word_1_869' title='bbox 2621 5134 2844 5207; x_wconf 89' lang='lat' dir='ltr'><strong>didici.]</strong></span> <span class='ocrx_word' id='word_1_870' title='bbox 2889 5136 3030 5205; x_wconf 80' lang='lat' dir='ltr'><strong>Ergo</strong></span> <span class='ocrx_word' id='word_1_871' title='bbox 3074 5148 3162 5190; x_wconf 90' lang='lat' dir='ltr'><strong>tua</strong></span> <span class='ocrx_word' id='word_1_872' title='bbox 3200 5152 3321 5191; x_wconf 85' lang='lat' dir='ltr'><strong>esse</strong></span> <span class='ocrx_word' id='word_1_873' title='bbox 3361 5137 3447 5189; x_wconf 86' lang='lat' dir='ltr'><strong>illa</strong></span> <span class='ocrx_word' id='word_1_874' title='bbox 3494 5152 3619 5206; x_wconf 81' lang='lat' dir='ltr'><strong>per-</strong></span> 
     </span>
    </p>
   </div>
   <div class='ocr_carea' id='block_1_113' title="bbox 2044 5222 3622 5295">
    <p class='ocr_par' dir='ltr' id='par_1_113' title="bbox 2044 5222 3622 5295">
     <span class='ocr_line' id='line_1_113' title="bbox 2044 5222 3622 5295; baseline 0.003 -21"><span class='ocrx_word' id='word_1_875' title='bbox 2044 5236 2198 5276; x_wconf 83' lang='lat' dir='ltr'><strong>verse</strong></span> <span class='ocrx_word' id='word_1_876' title='bbox 2222 5222 2367 5276; x_wconf 88' lang='lat' dir='ltr'><strong>dicta</strong></span> <span class='ocrx_word' id='word_1_877' title='bbox 2402 5232 2611 5278; x_wconf 90' lang='lat' dir='ltr'><strong>certum</strong></span> <span class='ocrx_word' id='word_1_878' title='bbox 2644 5232 2731 5280; x_wconf 88' lang='lat' dir='ltr'><strong>est</strong></span> <span class='ocrx_word' id='word_1_879' title='bbox 2768 5239 2782 5276; x_wconf 90' lang='lat'><strong>:</strong></span> <span class='ocrx_word' id='word_1_880' title='bbox 2817 5240 2883 5280; x_wconf 88' lang='lat' dir='ltr'><strong>ex</strong></span> <span class='ocrx_word' id='word_1_881' title='bbox 2909 5241 2975 5281; x_wconf 89' lang='lat' dir='ltr'><strong>eo</strong></span> <span class='ocrx_word' id='word_1_882' title='bbox 3008 5234 3187 5282; x_wconf 89' lang='lat' dir='ltr'><strong>autem</strong></span> <span class='ocrx_word' id='word_1_883' title='bbox 3222 5226 3364 5295; x_wconf 91' lang='lat' dir='ltr'><strong>quod</strong></span> <span class='ocrx_word' id='word_1_884' title='bbox 3400 5237 3451 5280; x_wconf 92' lang='lat' dir='ltr'><strong>te</strong></span> <span class='ocrx_word' id='word_1_885' title='bbox 3476 5238 3622 5279; x_wconf 87' lang='lat' dir='ltr'><strong>recte</strong></span> 
     </span>
    </p>
   </div>
   <div class='ocr_carea' id='block_1_114' title="bbox 2043 5313 3625 5385">
    <p class='ocr_par' dir='ltr' id='par_1_114' title="bbox 2043 5313 3625 5385">
     <span class='ocr_line' id='line_1_114' title="bbox 2043 5313 3625 5385; baseline 0.004 -18"><span class='ocrx_word' id='word_1_886' title='bbox 2043 5315 2246 5367; x_wconf 88' lang='lat' dir='ltr'><strong>sentire</strong></span> <span class='ocrx_word' id='word_1_887' title='bbox 2274 5313 2507 5383; x_wconf 65' lang='lat' dir='ltr'><strong>coepisse</strong></span> <span class='ocrx_word' id='word_1_888' title='bbox 2539 5316 3000 5385; x_wconf 84' lang='lat' dir='ltr'><strong>suSpicabantur,</strong></span> <span class='ocrx_word' id='word_1_889' title='bbox 3030 5317 3119 5374; x_wconf 92' lang='lat' dir='ltr'><strong>ille</strong></span> <span class='ocrx_word' id='word_1_890' title='bbox 3145 5318 3358 5373; x_wconf 81' lang='lat' dir='ltr'><strong>exstitit</strong></span> <span class='ocrx_word' id='word_1_891' title='bbox 3390 5332 3454 5372; x_wconf 81' lang='lat' dir='ltr'><strong>ex</strong></span> <span class='ocrx_word' id='word_1_892' title='bbox 3486 5317 3625 5373; x_wconf 47' lang='lat' dir='ltr'><strong>Chal&quot;</strong></span> 
     </span>
    </p>
   </div>
   <div class='ocr_carea' id='block_1_115' title="bbox 2043 5406 2486 5475">
    <p class='ocr_par' dir='ltr' id='par_1_115' title="bbox 2043 5406 2486 5475">
     <span class='ocr_line' id='line_1_115' title="bbox 2043 5406 2486 5475; baseline -0.002 -15"><span class='ocrx_word' id='word_1_893' title='bbox 2043 5406 2211 5460; x_wconf 89' lang='lat' dir='ltr'><strong>ritate</strong></span> <span class='ocrx_word' id='word_1_894' title='bbox 2243 5407 2486 5475; x_wconf 81' lang='lat' dir='ltr'><strong>plausus.</strong></span> 
     </span>
    </p>
   </div>
   <div class='ocr_carea' id='block_1_116' title="bbox 2114 5498 3621 5572">
    <p class='ocr_par' dir='ltr' id='par_1_116' title="bbox 2114 5498 3621 5572">
     <span class='ocr_line' id='line_1_116' title="bbox 2114 5498 3621 5572; baseline 0.005 -19"><span class='ocrx_word' id='word_1_895' title='bbox 2114 5498 2220 5553; x_wconf 83' lang='lat' dir='ltr'><strong>Sed</strong></span> <span class='ocrx_word' id='word_1_896' title='bbox 2274 5499 2490 5553; x_wconf 89' lang='lat' dir='ltr'><strong>instabo</strong></span> <span class='ocrx_word' id='word_1_897' title='bbox 2546 5515 2691 5555; x_wconf 82' lang='lat' dir='ltr'><strong>nunc</strong></span> <span class='ocrx_word' id='word_1_898' title='bbox 2735 5517 2953 5572; x_wconf 89' lang='lat' dir='ltr'><strong>quoque</strong></span> <span class='ocrx_word' id='word_1_899' title='bbox 3006 5504 3380 5570; x_wconf 87' lang='lat' dir='ltr'><strong>nihilominus,</strong></span> <span class='ocrx_word' id='word_1_900' title='bbox 3417 5520 3480 5559; x_wconf 89' lang='lat' dir='ltr'><strong>ac</strong></span> <span class='ocrx_word' id='word_1_901' title='bbox 3534 5518 3621 5561; x_wconf 85' lang='lat' dir='ltr'><strong>ro-</strong></span> 
     </span>
    </p>
   </div>
   <div class='ocr_carea' id='block_1_117' title="bbox 2041 5587 3615 5667">
    <p class='ocr_par' dir='ltr' id='par_1_117' title="bbox 2041 5587 3615 5667">
     <span class='ocr_line' id='line_1_117' title="bbox 2041 5587 3615 5667; baseline 0.007 -27"><span class='ocrx_word' id='word_1_902' title='bbox 2041 5587 2218 5656; x_wconf 70' lang='lat' dir='ltr'><strong>gabo:</strong></span> <span class='ocrx_word' id='word_1_903' title='bbox 2278 5588 2541 5653; x_wconf 81' lang='lat' dir='ltr'><strong>Quidnam</strong></span> <span class='ocrx_word' id='word_1_904' title='bbox 2578 5600 2679 5655; x_wconf 87' lang='lat' dir='ltr'><strong>est,</strong></span> <span class='ocrx_word' id='word_1_905' title='bbox 2740 5595 3068 5659; x_wconf 73' lang='lat' dir='ltr'><strong>pertransiit.</strong></span> <span class='ocrx_word' id='word_1_906' title='bbox 3114 5596 3160 5651; x_wconf 86' lang='lat' dir='ltr'><strong>si</strong></span> <span class='ocrx_word' id='word_1_907' title='bbox 3210 5598 3615 5667; x_wconf 71' lang='lat' dir='ltr'><strong>generationem</strong></span> 
     </span>
    </p>
   </div>
   <div class='ocr_carea' id='block_1_118' title="bbox 1690 5764 2342 5836">
    <p class='ocr_par' dir='ltr' id='par_1_118' title="bbox 1690 5764 2342 5836">
     <span class='ocr_line' id='line_1_118' title="bbox 1690 5764 2342 5836; baseline 0.006 -15"><span class='ocrx_word' id='word_1_908' title='bbox 1690 5766 1731 5799; x_wconf 64' lang='grc'><strong>⁵⁵</strong></span> <span class='ocrx_word' id='word_1_909' title='bbox 1771 5764 1910 5823; x_wconf 82' lang='lat' dir='ltr'><strong>Psal.</strong></span> <span class='ocrx_word' id='word_1_910' title='bbox 1949 5784 2095 5836; x_wconf 66' lang='grc' dir='ltr'>χιιι,</span> <span class='ocrx_word' id='word_1_911' title='bbox 2131 5768 2215 5826; x_wconf 75' lang='lat' dir='ltr'><strong>l2.</strong></span> <span class='ocrx_word' id='word_1_912' title='bbox 2259 5771 2342 5825; x_wconf 81' lang='lat' dir='ltr'><strong>l5.</strong></span> 
     </span>
    </p>
   </div>
  </div>
