  <div class='ocr_page' id='page_1' title='image "/cluster/home/n/w/nwhite01/storage/ocr_20150623/76/nnc1.0046980067/021.png"; bbox 0 0 4054 6332; ppageno 0'>
   <div class='ocr_carea' id='block_1_1' title="bbox 409 332 3687 429">
    <p class='ocr_par' dir='ltr' id='par_1_1' title="bbox 409 332 3687 429">
     <span class='ocr_line' id='line_1_1' title="bbox 409 332 3687 429; baseline 0 -5"><span class='ocrx_word' id='word_1_1' title='bbox 409 332 503 412; x_wconf 59' lang='grc' dir='ltr'><strong>δι’</strong></span> <span class='ocrx_word' id='word_1_2' title='bbox 1393 375 1448 429; x_wconf 91' lang='lat' dir='ltr'><strong>s.</strong></span> <span class='ocrx_word' id='word_1_3' title='bbox 1494 370 1764 428; x_wconf 78' lang='lat' dir='ltr'><strong>(:YltlLLl</strong></span> <span class='ocrx_word' id='word_1_4' title='bbox 1807 367 2271 424; x_wconf 65' lang='lat' dir='ltr'><strong>ALEXANDRINl</strong></span> <span class='ocrx_word' id='word_1_5' title='bbox 2315 364 2634 423; x_wconf 77' lang='lat' dir='ltr'><strong>ARCHIEP.</strong></span> <span class='ocrx_word' id='word_1_6' title='bbox 3593 370 3687 424; x_wconf 66' lang='grc' dir='ltr'><strong>δι’</strong></span> 
     </span>
    </p>
   </div>
   <div class='ocr_carea' id='block_1_2' title="bbox 414 478 1969 561">
    <p class='ocr_par' dir='ltr' id='par_1_2' title="bbox 414 485 1965 561">
     <span class='ocr_line' id='line_1_2' title="bbox 414 485 1965 561; baseline 0.007 -29"><span class='ocrx_word' id='word_1_7' title='bbox 414 499 517 532; x_wconf 86' lang='lat' dir='ltr'><strong>tmtt</strong></span> <span class='ocrx_word' id='word_1_8' title='bbox 556 485 859 552; x_wconf 76' lang='lat' dir='ltr'><strong>Signiﬁcat?</strong></span> <span class='ocrx_word' id='word_1_9' title='bbox 891 486 1027 541; x_wconf 88' lang='lat' dir='ltr'><strong>Num</strong></span> <span class='ocrx_word' id='word_1_10' title='bbox 1074 491 1316 544; x_wconf 88' lang='lat' dir='ltr'><strong>dicturus</strong></span> <span class='ocrx_word' id='word_1_11' title='bbox 1356 509 1415 546; x_wconf 84' lang='lat' dir='ltr'><strong>es</strong></span> <span class='ocrx_word' id='word_1_12' title='bbox 1458 493 1629 561; x_wconf 58' lang='lat' dir='ltr'><strong>ipsum</strong></span> <span class='ocrx_word' id='word_1_13' title='bbox 1675 508 1766 558; x_wconf 83' lang='lat' dir='ltr'><strong>per</strong></span> <span class='ocrx_word' id='word_1_14' title='bbox 1803 507 1858 542; x_wconf 77' lang='lat' dir='ltr'><strong>se</strong></span> <span class='ocrx_word' id='word_1_15' title='bbox 1892 491 1965 543; x_wconf 79' lang='lat' dir='ltr'><strong>De</strong></span> 
     </span>
    </p>
   </div>
   <div class='ocr_carea' id='block_1_3' title="bbox 2074 478 3662 561">
    <p class='ocr_par' dir='ltr' id='par_1_3' title="bbox 2087 478 3662 556">
     <span class='ocr_line' id='line_1_3' title="bbox 2087 478 3662 556; baseline 0.001 -19"><span class='ocrx_word' id='word_1_16' title='bbox 2087 485 2194 554; x_wconf 70' lang='grc' dir='ltr'>γὰρ</span> <span class='ocrx_word' id='word_1_17' title='bbox 2226 488 2391 554; x_wconf 81' lang='grc' dir='ltr'>ἐρεῖς,</span> <span class='ocrx_word' id='word_1_18' title='bbox 2431 486 2507 548; x_wconf 78' lang='grc' dir='ltr'><strong>ὡς</strong></span> <span class='ocrx_word' id='word_1_19' title='bbox 2539 486 2701 550; x_wconf 73' lang='grc' dir='ltr'>αὐτὸς</span> <span class='ocrx_word' id='word_1_20' title='bbox 2734 486 2855 540; x_wconf 85' lang='grc' dir='ltr'>καθ’</span> <span class='ocrx_word' id='word_1_21' title='bbox 2882 478 3098 547; x_wconf 80' lang='grc' dir='ltr'>ἑαυτὸν,</span> <span class='ocrx_word' id='word_1_22' title='bbox 3130 487 3224 539; x_wconf 68' lang='grc' dir='ltr'>καὶ</span> <span class='ocrx_word' id='word_1_23' title='bbox 3254 481 3380 556; x_wconf 82' lang='grc' dir='ltr'>δίχα</span> <span class='ocrx_word' id='word_1_24' title='bbox 3409 485 3606 556; x_wconf 74' lang='grc' dir='ltr'>σαρκὸς</span> <span class='ocrx_word' id='word_1_25' title='bbox 3634 490 3662 539; x_wconf 99' lang='lat'><strong>6</strong></span> 
     </span>
    </p>
   </div>
   <div class='ocr_carea' id='block_1_4' title="bbox 412 572 1984 652">
    <p class='ocr_par' dir='ltr' id='par_1_4' title="bbox 412 572 1984 652">
     <span class='ocr_line' id='line_1_4' title="bbox 412 572 1984 652; baseline 0.006 -27"><span class='ocrx_word' id='word_1_26' title='bbox 412 572 646 626; x_wconf 58' lang='lat' dir='ltr'><strong>Verbum</strong></span> <span class='ocrx_word' id='word_1_27' title='bbox 683 577 797 629; x_wconf 90' lang='lat' dir='ltr'><strong>sine</strong></span> <span class='ocrx_word' id='word_1_28' title='bbox 828 593 991 631; x_wconf 83' lang='lat' dir='ltr'><strong>carne</strong></span> <span class='ocrx_word' id='word_1_29' title='bbox 1026 582 1389 648; x_wconf 83' lang='lat' dir='ltr'><strong>pertransisse</strong></span> <span class='ocrx_word' id='word_1_30' title='bbox 1423 599 1520 652; x_wconf 79' lang='lat' dir='ltr'><strong>per</strong></span> <span class='ocrx_word' id='word_1_31' title='bbox 1554 582 1863 652; x_wconf 82' lang='lat' dir='ltr'><strong>Virginem?</strong></span> <span class='ocrx_word' id='word_1_32' title='bbox 1888 582 1984 634; x_wconf 83' lang='lat' dir='ltr'><strong>At-</strong></span> 
     </span>
    </p>
   </div>
   <div class='ocr_carea' id='block_1_5' title="bbox 412 664 1980 738">
    <p class='ocr_par' dir='ltr' id='par_1_5' title="bbox 412 664 1980 738">
     <span class='ocr_line' id='line_1_5' title="bbox 412 664 1980 738; baseline 0.008 -25"><span class='ocrx_word' id='word_1_33' title='bbox 412 664 502 728; x_wconf 84' lang='lat' dir='ltr'><strong>qui</strong></span> <span class='ocrx_word' id='word_1_34' title='bbox 534 666 803 728; x_wconf 83' lang='lat' dir='ltr'><strong>quomodo</strong></span> <span class='ocrx_word' id='word_1_35' title='bbox 829 668 941 720; x_wconf 64' lang='lat' dir='ltr'><strong>haec</strong></span> <span class='ocrx_word' id='word_1_36' title='bbox 970 672 1127 723; x_wconf 83' lang='lat' dir='ltr'><strong>verba</strong></span> <span class='ocrx_word' id='word_1_37' title='bbox 1157 686 1260 724; x_wconf 90' lang='lat' dir='ltr'><strong>non</strong></span> <span class='ocrx_word' id='word_1_38' title='bbox 1298 688 1524 725; x_wconf 67' lang='lat' dir='ltr'><strong>summm</strong></span> <span class='ocrx_word' id='word_1_39' title='bbox 1556 673 1798 726; x_wconf 65' lang='lat' dir='ltr'><strong>stultitia:</strong></span> <span class='ocrx_word' id='word_1_40' title='bbox 1830 672 1980 738; x_wconf 79' lang='lat' dir='ltr'><strong>plena</strong></span> 
     </span>
    </p>
   </div>
   <div class='ocr_carea' id='block_1_6' title="bbox 411 755 1982 832">
    <p class='ocr_par' dir='ltr' id='par_1_6' title="bbox 411 755 1982 832">
     <span class='ocr_line' id='line_1_6' title="bbox 411 755 1982 832; baseline 0.005 -25"><span class='ocrx_word' id='word_1_41' title='bbox 411 755 559 808; x_wconf 81' lang='lat' dir='ltr'><strong>sint?</strong></span> <span class='ocrx_word' id='word_1_42' title='bbox 582 756 675 811; x_wconf 85' lang='lat' dir='ltr'><strong>Vel</strong></span> <span class='ocrx_word' id='word_1_43' title='bbox 710 760 851 812; x_wconf 87' lang='lat' dir='ltr'><strong>enim</strong></span> <span class='ocrx_word' id='word_1_44' title='bbox 886 763 938 815; x_wconf 89' lang='lat' dir='ltr'><strong>in</strong></span> <span class='ocrx_word' id='word_1_45' title='bbox 967 764 1322 832; x_wconf 86' lang='lat' dir='ltr'><strong>quantitatem</strong></span> <span class='ocrx_word' id='word_1_46' title='bbox 1349 780 1469 820; x_wconf 87' lang='lat' dir='ltr'><strong>esse</strong></span> <span class='ocrx_word' id='word_1_47' title='bbox 1498 777 1808 819; x_wconf 88' lang='lat' dir='ltr'><strong>concretam</strong></span> <span class='ocrx_word' id='word_1_48' title='bbox 1847 765 1982 816; x_wconf 84' lang='lat' dir='ltr'><strong>divi-</strong></span> 
     </span>
    </p>
   </div>
   <div class='ocr_carea' id='block_1_7' title="bbox 413 848 1982 922">
    <p class='ocr_par' dir='ltr' id='par_1_7' title="bbox 413 848 1982 922">
     <span class='ocr_line' id='line_1_7' title="bbox 413 848 1982 922; baseline 0.007 -24"><span class='ocrx_word' id='word_1_49' title='bbox 413 848 634 901; x_wconf 85' lang='lat' dir='ltr'><strong>nitatem</strong></span> <span class='ocrx_word' id='word_1_50' title='bbox 700 850 997 922; x_wconf 80' lang='lat' dir='ltr'><strong>intelligere</strong></span> <span class='ocrx_word' id='word_1_51' title='bbox 1044 871 1263 910; x_wconf 83' lang='lat' dir='ltr'><strong>necesse</strong></span> <span class='ocrx_word' id='word_1_52' title='bbox 1313 868 1435 922; x_wconf 87' lang='lat' dir='ltr'><strong>est,</strong></span> <span class='ocrx_word' id='word_1_53' title='bbox 1490 869 1544 909; x_wconf 89' lang='lat' dir='ltr'><strong>et</strong></span> <span class='ocrx_word' id='word_1_54' title='bbox 1580 864 1776 909; x_wconf 89' lang='lat' dir='ltr'><strong>motam</strong></span> <span class='ocrx_word' id='word_1_55' title='bbox 1829 865 1885 908; x_wconf 90' lang='lat' dir='ltr'><strong>ut</strong></span> <span class='ocrx_word' id='word_1_56' title='bbox 1917 856 1982 909; x_wconf 90' lang='lat' dir='ltr'><strong>de</strong></span> 
     </span>
    </p>
   </div>
   <div class='ocr_carea' id='block_1_8' title="bbox 410 935 1983 1016">
    <p class='ocr_par' dir='ltr' id='par_1_8' title="bbox 410 935 1983 1016">
     <span class='ocr_line' id='line_1_8' title="bbox 410 935 1983 1016; baseline 0.006 -28"><span class='ocrx_word' id='word_1_57' title='bbox 410 935 529 988; x_wconf 79' lang='lat' dir='ltr'><strong>loco</strong></span> <span class='ocrx_word' id='word_1_58' title='bbox 565 938 616 990; x_wconf 92' lang='lat' dir='ltr'><strong>in</strong></span> <span class='ocrx_word' id='word_1_59' title='bbox 646 938 820 993; x_wconf 90' lang='lat' dir='ltr'><strong>locum</strong></span> <span class='ocrx_word' id='word_1_60' title='bbox 857 943 1280 1009; x_wconf 80' lang='lat' dir='ltr'><strong>transferretur;</strong></span> <span class='ocrx_word' id='word_1_61' title='bbox 1315 946 1396 999; x_wconf 91' lang='lat' dir='ltr'><strong>vel</strong></span> <span class='ocrx_word' id='word_1_62' title='bbox 1439 947 1566 1016; x_wconf 83' lang='lat' dir='ltr'><strong>quia</strong></span> <span class='ocrx_word' id='word_1_63' title='bbox 1609 956 1693 1000; x_wconf 79' lang='lat' dir='ltr'><strong>est</strong></span> <span class='ocrx_word' id='word_1_64' title='bbox 1735 947 1983 1015; x_wconf 86' lang='lat' dir='ltr'><strong>incerpo-</strong></span> 
     </span>
    </p>
   </div>
   <div class='ocr_carea' id='block_1_9' title="bbox 410 1030 1983 1106">
    <p class='ocr_par' dir='ltr' id='par_1_9' title="bbox 410 1030 1983 1106">
     <span class='ocr_line' id='line_1_9' title="bbox 410 1030 1983 1106; baseline 0.008 -26"><span class='ocrx_word' id='word_1_65' title='bbox 410 1043 521 1089; x_wconf 88' lang='lat' dir='ltr'><strong>rea,</strong></span> <span class='ocrx_word' id='word_1_66' title='bbox 557 1039 611 1082; x_wconf 92' lang='lat' dir='ltr'><strong>et</strong></span> <span class='ocrx_word' id='word_1_67' title='bbox 643 1030 751 1085; x_wconf 88' lang='lat' dir='ltr'><strong>late</strong></span> <span class='ocrx_word' id='word_1_68' title='bbox 778 1044 831 1086; x_wconf 89' lang='lat' dir='ltr'><strong>et</strong></span> <span class='ocrx_word' id='word_1_69' title='bbox 862 1034 1061 1103; x_wconf 86' lang='lat' dir='ltr'><strong>ubique</strong></span> <span class='ocrx_word' id='word_1_70' title='bbox 1087 1037 1200 1088; x_wconf 82' lang='lat' dir='ltr'><strong>fusa</strong></span> <span class='ocrx_word' id='word_1_71' title='bbox 1222 1076 1236 1098; x_wconf 95' lang='lat'><strong>,</strong></span> <span class='ocrx_word' id='word_1_72' title='bbox 1277 1052 1449 1106; x_wconf 82' lang='lat' dir='ltr'><strong>neque</strong></span> <span class='ocrx_word' id='word_1_73' title='bbox 1482 1038 1598 1091; x_wconf 78' lang='lat' dir='ltr'><strong>loco</strong></span> <span class='ocrx_word' id='word_1_74' title='bbox 1626 1038 1983 1105; x_wconf 79' lang='lat' dir='ltr'><strong>terminisque</strong></span> 
     </span>
    </p>
   </div>
   <div class='ocr_carea' id='block_1_10' title="bbox 409 1121 1981 1199">
    <p class='ocr_par' dir='ltr' id='par_1_10' title="bbox 409 1121 1981 1199">
     <span class='ocr_line' id='line_1_10' title="bbox 409 1121 1981 1199; baseline 0.009 -28"><span class='ocrx_word' id='word_1_75' title='bbox 409 1121 909 1187; x_wconf 82' lang='lat' dir='ltr'><strong>circumscribitur,</strong></span> <span class='ocrx_word' id='word_1_76' title='bbox 962 1143 1194 1195; x_wconf 89' lang='lat' dir='ltr'><strong>quonam</strong></span> <span class='ocrx_word' id='word_1_77' title='bbox 1239 1131 1397 1183; x_wconf 89' lang='lat' dir='ltr'><strong>modo</strong></span> <span class='ocrx_word' id='word_1_78' title='bbox 1444 1145 1540 1199; x_wconf 89' lang='lat' dir='ltr'><strong>per</strong></span> <span class='ocrx_word' id='word_1_79' title='bbox 1576 1146 1738 1184; x_wconf 91' lang='lat' dir='ltr'><strong>unum</strong></span> <span class='ocrx_word' id='word_1_80' title='bbox 1785 1145 1981 1199; x_wconf 86' lang='lat' dir='ltr'><strong>corpus</strong></span> 
     </span>
    </p>
   </div>
   <div class='ocr_carea' id='block_1_11' title="bbox 409 1215 1981 1292">
    <p class='ocr_par' dir='ltr' id='par_1_11' title="bbox 409 1215 1981 1292">
     <span class='ocr_line' id='line_1_11' title="bbox 409 1215 1981 1292; baseline 0.007 -28"><span class='ocrx_word' id='word_1_81' title='bbox 409 1215 641 1268; x_wconf 86' lang='lat' dir='ltr'><strong>transire</strong></span> <span class='ocrx_word' id='word_1_82' title='bbox 668 1218 909 1281; x_wconf 82' lang='lat' dir='ltr'><strong>poterit?</strong></span> <span class='ocrx_word' id='word_1_83' title='bbox 950 1218 1052 1273; x_wconf 82' lang='lat' dir='ltr'><strong>Sed</strong></span> <span class='ocrx_word' id='word_1_84' title='bbox 1086 1231 1377 1290; x_wconf 90' lang='lat' dir='ltr'><strong>utcumque</strong></span> <span class='ocrx_word' id='word_1_85' title='bbox 1400 1223 1472 1277; x_wconf 84' lang='lat' dir='ltr'><strong>sit</strong></span> <span class='ocrx_word' id='word_1_86' title='bbox 1503 1224 1642 1292; x_wconf 88' lang='lat' dir='ltr'><strong>quod</strong></span> <span class='ocrx_word' id='word_1_87' title='bbox 1682 1239 1710 1277; x_wconf 88' lang='lat' dir='ltr'><strong>a</strong></span> <span class='ocrx_word' id='word_1_88' title='bbox 1748 1231 1800 1276; x_wconf 89' lang='lat' dir='ltr'><strong>te</strong></span> <span class='ocrx_word' id='word_1_89' title='bbox 1847 1223 1981 1278; x_wconf 83' lang='lat' dir='ltr'><strong>dici-</strong></span> 
     </span>
    </p>
   </div>
   <div class='ocr_carea' id='block_1_12' title="bbox 410 1309 1976 1380">
    <p class='ocr_par' dir='ltr' id='par_1_12' title="bbox 410 1309 1976 1380">
     <span class='ocr_line' id='line_1_12' title="bbox 410 1309 1976 1380; baseline 0.008 -25"><span class='ocrx_word' id='word_1_90' title='bbox 410 1314 514 1366; x_wconf 85' lang='lat' dir='ltr'><strong>tur,</strong></span> <span class='ocrx_word' id='word_1_91' title='bbox 546 1321 645 1359; x_wconf 90' lang='lat' dir='ltr'><strong>cur</strong></span> <span class='ocrx_word' id='word_1_92' title='bbox 689 1323 792 1360; x_wconf 90' lang='lat' dir='ltr'><strong>non</strong></span> <span class='ocrx_word' id='word_1_93' title='bbox 833 1309 1087 1378; x_wconf 70' lang='lat' dir='ltr'><strong>eXplicari</strong></span> <span class='ocrx_word' id='word_1_94' title='bbox 1132 1313 1392 1380; x_wconf 84' lang='lat' dir='ltr'><strong>oportuit,</strong></span> <span class='ocrx_word' id='word_1_95' title='bbox 1435 1324 1489 1368; x_wconf 90' lang='lat' dir='ltr'><strong>et</strong></span> <span class='ocrx_word' id='word_1_96' title='bbox 1530 1314 1730 1369; x_wconf 87' lang='lat' dir='ltr'><strong>clarius</strong></span> <span class='ocrx_word' id='word_1_97' title='bbox 1761 1315 1887 1377; x_wconf 88' lang='lat' dir='ltr'><strong>dici,</strong></span> <span class='ocrx_word' id='word_1_98' title='bbox 1934 1314 1976 1368; x_wconf 88' lang='lat' dir='ltr'><strong>si</strong></span> 
     </span>
    </p>
   </div>
   <div class='ocr_carea' id='block_1_13' title="bbox 408 1396 1981 1473">
    <p class='ocr_par' dir='ltr' id='par_1_13' title="bbox 408 1396 1981 1473">
     <span class='ocr_line' id='line_1_13' title="bbox 408 1396 1981 1473; baseline 0.01 -29"><span class='ocrx_word' id='word_1_99' title='bbox 408 1402 512 1447; x_wconf 68' lang='lat' dir='ltr'><strong>tua:</strong></span> <span class='ocrx_word' id='word_1_100' title='bbox 541 1396 607 1449; x_wconf 88' lang='lat' dir='ltr'><strong>de</strong></span> <span class='ocrx_word' id='word_1_101' title='bbox 641 1398 742 1451; x_wconf 86' lang='lat' dir='ltr'><strong>hac</strong></span> <span class='ocrx_word' id='word_1_102' title='bbox 786 1414 842 1452; x_wconf 88' lang='lat' dir='ltr'><strong>re</strong></span> <span class='ocrx_word' id='word_1_103' title='bbox 876 1402 1161 1455; x_wconf 65' lang='lat' dir='ltr'><strong>sententia:</strong></span> <span class='ocrx_word' id='word_1_104' title='bbox 1202 1403 1405 1469; x_wconf 84' lang='lat' dir='ltr'><strong>ﬁdens,</strong></span> <span class='ocrx_word' id='word_1_105' title='bbox 1446 1404 1512 1458; x_wconf 89' lang='lat' dir='ltr'><strong>de</strong></span> <span class='ocrx_word' id='word_1_106' title='bbox 1555 1404 1671 1473; x_wconf 88' lang='lat' dir='ltr'><strong>ejus</strong></span> <span class='ocrx_word' id='word_1_107' title='bbox 1714 1405 1981 1473; x_wconf 92' lang='lat' dir='ltr'><strong>probitate</strong></span> 
     </span>
    </p>
   </div>
   <div class='ocr_carea' id='block_1_14' title="bbox 404 1485 1979 1557">
    <p class='ocr_par' dir='ltr' id='par_1_14' title="bbox 404 1485 1979 1557">
     <span class='ocr_line' id='line_1_14' title="bbox 404 1485 1979 1557; baseline 0.009 -18"><span class='ocrx_word' id='word_1_108' title='bbox 404 1485 601 1541; x_wconf 88' lang='lat' dir='ltr'><strong>docere</strong></span> <span class='ocrx_word' id='word_1_109' title='bbox 631 1488 968 1557; x_wconf 75' lang='lat' dir='ltr'><strong>potesHam</strong></span> <span class='ocrx_word' id='word_1_110' title='bbox 1015 1507 1146 1547; x_wconf 89' lang='lat' dir='ltr'><strong>vero</strong></span> <span class='ocrx_word' id='word_1_111' title='bbox 1201 1494 1416 1548; x_wconf 82' lang='lat' dir='ltr'><strong>ubinam</strong></span> <span class='ocrx_word' id='word_1_112' title='bbox 1475 1497 1669 1551; x_wconf 77' lang='lat' dir='ltr'><strong>audisti</strong></span> <span class='ocrx_word' id='word_1_113' title='bbox 1721 1496 1979 1553; x_wconf 82' lang='lat' dir='ltr'><strong>divinitus</strong></span> 
     </span>
    </p>
   </div>
   <div class='ocr_carea' id='block_1_15' title="bbox 408 1576 1975 1659">
    <p class='ocr_par' dir='ltr' id='par_1_15' title="bbox 408 1576 1975 1659">
     <span class='ocr_line' id='line_1_15' title="bbox 408 1576 1975 1659; baseline 0.01 -31"><span class='ocrx_word' id='word_1_114' title='bbox 408 1576 697 1646; x_wconf 78' lang='lat' dir='ltr'><strong>iuspiralas</strong></span> <span class='ocrx_word' id='word_1_115' title='bbox 726 1581 961 1638; x_wconf 87' lang='lat' dir='ltr'><strong>Litteras</strong></span> <span class='ocrx_word' id='word_1_116' title='bbox 987 1585 1189 1653; x_wconf 78' lang='lat' dir='ltr'><strong>dicere,</strong></span> <span class='ocrx_word' id='word_1_117' title='bbox 1220 1586 1311 1641; x_wconf 85' lang='lat' dir='ltr'><strong>Dei</strong></span> <span class='ocrx_word' id='word_1_118' title='bbox 1338 1586 1572 1641; x_wconf 77' lang='lat' dir='ltr'><strong>Verbum</strong></span> <span class='ocrx_word' id='word_1_119' title='bbox 1609 1604 1704 1659; x_wconf 83' lang='lat' dir='ltr'><strong>per</strong></span> <span class='ocrx_word' id='word_1_120' title='bbox 1733 1601 1975 1644; x_wconf 83' lang='lat' dir='ltr'><strong>sanctam</strong></span> 
     </span>
    </p>
   </div>
   <div class='ocr_carea' id='block_1_16' title="bbox 408 1668 1978 1744">
    <p class='ocr_par' dir='ltr' id='par_1_16' title="bbox 408 1668 1978 1744">
     <span class='ocr_line' id='line_1_16' title="bbox 408 1668 1978 1744; baseline 0.01 -23"><span class='ocrx_word' id='word_1_121' title='bbox 408 1668 512 1741; x_wconf 66' lang='grc'><strong>14</strong></span> <span class='ocrx_word' id='word_1_122' title='bbox 550 1671 819 1743; x_wconf 76' lang='lat' dir='ltr'><strong>Virginem</strong></span> <span class='ocrx_word' id='word_1_123' title='bbox 853 1678 1251 1744; x_wconf 79' lang='lat' dir='ltr'><strong>pertransisse?</strong></span> <span class='ocrx_word' id='word_1_124' title='bbox 1296 1677 1429 1732; x_wconf 86' lang='lat' dir='ltr'><strong>Nam</strong></span> <span class='ocrx_word' id='word_1_125' title='bbox 1466 1680 1683 1735; x_wconf 81' lang='lat' dir='ltr'><strong>brevem</strong></span> <span class='ocrx_word' id='word_1_126' title='bbox 1719 1697 1841 1737; x_wconf 84' lang='lat' dir='ltr'><strong>esse</strong></span> <span class='ocrx_word' id='word_1_127' title='bbox 1883 1684 1978 1736; x_wconf 86' lang='lat' dir='ltr'><strong>ho-</strong></span> 
     </span>
    </p>
   </div>
   <div class='ocr_carea' id='block_1_17' title="bbox 403 1764 1976 1839">
    <p class='ocr_par' dir='ltr' id='par_1_17' title="bbox 403 1764 1976 1839">
     <span class='ocr_line' id='line_1_17' title="bbox 403 1764 1976 1839; baseline 0.01 -25"><span class='ocrx_word' id='word_1_128' title='bbox 403 1764 608 1817; x_wconf 84' lang='lat' dir='ltr'><strong>minum</strong></span> <span class='ocrx_word' id='word_1_129' title='bbox 653 1766 745 1834; x_wconf 93' lang='lat' dir='ltr'><strong>qui</strong></span> <span class='ocrx_word' id='word_1_130' title='bbox 797 1768 998 1839; x_wconf 76' lang='lat' dir='ltr'><strong>degunt</strong></span> <span class='ocrx_word' id='word_1_131' title='bbox 1043 1770 1092 1822; x_wconf 91' lang='lat' dir='ltr'><strong>in</strong></span> <span class='ocrx_word' id='word_1_132' title='bbox 1147 1770 1310 1825; x_wconf 88' lang='lat' dir='ltr'><strong>terris</strong></span> <span class='ocrx_word' id='word_1_133' title='bbox 1343 1773 1528 1835; x_wconf 81' lang='lat' dir='ltr'><strong>vitam,</strong></span> <span class='ocrx_word' id='word_1_134' title='bbox 1566 1773 1750 1827; x_wconf 85' lang='lat' dir='ltr'><strong>docuit</strong></span> <span class='ocrx_word' id='word_1_135' title='bbox 1788 1776 1976 1829; x_wconf 88' lang='lat' dir='ltr'><strong>beatus</strong></span> 
     </span>
    </p>
   </div>
   <div class='ocr_carea' id='block_1_18' title="bbox 2085 578 3659 651">
    <p class='ocr_par' dir='ltr' id='par_1_18' title="bbox 2085 578 3659 651">
     <span class='ocr_line' id='line_1_18' title="bbox 2085 578 3659 651; baseline 0.001 -20"><span class='ocrx_word' id='word_1_136' title='bbox 2085 580 2147 631; x_wconf 83' lang='grc' dir='ltr'>ἐκ</span> <span class='ocrx_word' id='word_1_137' title='bbox 2167 579 2300 631; x_wconf 87' lang='grc' dir='ltr'>Θεοῦ</span> <span class='ocrx_word' id='word_1_138' title='bbox 2322 578 2491 647; x_wconf 82' lang='grc' dir='ltr'>Λόγος</span> <span class='ocrx_word' id='word_1_139' title='bbox 2512 578 2733 650; x_wconf 76' lang='grc' dir='ltr'><strong>διήλασε</strong></span> <span class='ocrx_word' id='word_1_140' title='bbox 2763 581 2861 650; x_wconf 82' lang='grc' dir='ltr'>τῆς</span> <span class='ocrx_word' id='word_1_141' title='bbox 2890 580 3204 651; x_wconf 76' lang='grc' dir='ltr'>Παρθένου;</span> <span class='ocrx_word' id='word_1_142' title='bbox 3229 578 3424 631; x_wconf 79' lang='grc' dir='ltr'>Καίτοι</span> <span class='ocrx_word' id='word_1_143' title='bbox 3455 578 3573 641; x_wconf 88' lang='grc' dir='ltr'><strong>πῶς</strong></span> <span class='ocrx_word' id='word_1_144' title='bbox 3598 580 3659 632; x_wconf 80' lang='grc' dir='ltr'>οὐ</span> 
     </span>
    </p>
   </div>
   <div class='ocr_carea' id='block_1_19' title="bbox 2083 669 3663 742">
    <p class='ocr_par' dir='ltr' id='par_1_19' title="bbox 2083 669 3663 742">
     <span class='ocr_line' id='line_1_19' title="bbox 2083 669 3663 742; baseline -0.001 -19"><span class='ocrx_word' id='word_1_145' title='bbox 2083 673 2181 734; x_wconf 81' lang='grc' dir='ltr'>τῆς</span> <span class='ocrx_word' id='word_1_146' title='bbox 2218 671 2446 725; x_wconf 85' lang='grc' dir='ltr'>ἁπασῶν</span> <span class='ocrx_word' id='word_1_147' title='bbox 2474 671 2803 742; x_wconf 83' lang='grc' dir='ltr'>ἀὸελτηρίας</span> <span class='ocrx_word' id='word_1_148' title='bbox 2833 672 3085 742; x_wconf 76' lang='grc' dir='ltr'><strong>ἔμπλεως</strong></span> <span class='ocrx_word' id='word_1_149' title='bbox 3115 673 3198 742; x_wconf 76' lang='grc' dir='ltr'>εἴη</span> <span class='ocrx_word' id='word_1_150' title='bbox 3230 671 3296 725; x_wconf 76' lang='grc' dir='ltr'><strong>ἂν</strong></span> <span class='ocrx_word' id='word_1_151' title='bbox 3326 672 3356 723; x_wconf 80' lang='grc' dir='ltr'><strong>ό</strong></span> <span class='ocrx_word' id='word_1_152' title='bbox 3384 671 3542 738; x_wconf 83' lang='grc' dir='ltr'>λόγος</span> <span class='ocrx_word' id='word_1_153' title='bbox 3565 669 3663 723; x_wconf 87' lang='grc' dir='ltr'><strong>αὑ-</strong></span> 
     </span>
    </p>
   </div>
   <div class='ocr_carea' id='block_1_20' title="bbox 2083 759 3661 834">
    <p class='ocr_par' dir='ltr' id='par_1_20' title="bbox 2083 759 3661 834">
     <span class='ocr_line' id='line_1_20' title="bbox 2083 759 3661 834; baseline -0.003 -18"><span class='ocrx_word' id='word_1_154' title='bbox 2083 763 2195 833; x_wconf 78' lang='grc' dir='ltr'>τῷς</span> <span class='ocrx_word' id='word_1_155' title='bbox 2227 767 2296 817; x_wconf 84' lang='grc' dir='ltr'><strong>Ἦ</strong></span> <span class='ocrx_word' id='word_1_156' title='bbox 2326 764 2433 834; x_wconf 85' lang='grc' dir='ltr'>γὰρ</span> <span class='ocrx_word' id='word_1_157' title='bbox 2464 764 2814 818; x_wconf 86' lang='grc' dir='ltr'>πεποσῶσθαι</span> <span class='ocrx_word' id='word_1_158' title='bbox 2845 762 2905 817; x_wconf 79' lang='grc' dir='ltr'><strong>τὸ</strong></span> <span class='ocrx_word' id='word_1_159' title='bbox 2943 763 3095 817; x_wconf 87' lang='grc' dir='ltr'>Θείον</span> <span class='ocrx_word' id='word_1_160' title='bbox 3125 763 3339 833; x_wconf 81' lang='grc' dir='ltr'>ἀνάγκη</span> <span class='ocrx_word' id='word_1_161' title='bbox 3368 762 3528 824; x_wconf 84' lang='grc' dir='ltr'>νοεῖν,</span> <span class='ocrx_word' id='word_1_162' title='bbox 3567 759 3661 814; x_wconf 72' lang='grc' dir='ltr'>καὶ</span> 
     </span>
    </p>
   </div>
   <div class='ocr_carea' id='block_1_21' title="bbox 2086 854 3659 927">
    <p class='ocr_par' dir='ltr' id='par_1_21' title="bbox 2086 854 3659 927">
     <span class='ocr_line' id='line_1_21' title="bbox 2086 854 3659 927; baseline -0.003 -18"><span class='ocrx_word' id='word_1_163' title='bbox 2086 856 2354 909; x_wconf 84' lang='grc' dir='ltr'>ποιεῖσθαι</span> <span class='ocrx_word' id='word_1_164' title='bbox 2401 856 2615 925; x_wconf 83' lang='grc' dir='ltr'>κίνησιν</span> <span class='ocrx_word' id='word_1_165' title='bbox 2644 856 2741 927; x_wconf 81' lang='grc' dir='ltr'>τὴν</span> <span class='ocrx_word' id='word_1_166' title='bbox 2784 857 2848 909; x_wconf 82' lang='grc' dir='ltr'>ὲκ</span> <span class='ocrx_word' id='word_1_167' title='bbox 2885 854 3055 908; x_wconf 83' lang='grc' dir='ltr'>τόπου</span> <span class='ocrx_word' id='word_1_168' title='bbox 3099 854 3236 925; x_wconf 77' lang='grc' dir='ltr'>πρὸς</span> <span class='ocrx_word' id='word_1_169' title='bbox 3277 855 3443 907; x_wconf 83' lang='grc' dir='ltr'>τόπον</span> <span class='ocrx_word' id='word_1_170' title='bbox 3470 854 3659 922; x_wconf 72' lang='grc' dir='ltr'>ἕτερον</span> 
     </span>
    </p>
   </div>
   <div class='ocr_carea' id='block_1_22' title="bbox 2086 938 3656 1014">
    <p class='ocr_par' dir='ltr' id='par_1_22' title="bbox 2086 938 3656 1014">
     <span class='ocr_line' id='line_1_22' title="bbox 2086 938 3656 1014; baseline -0.005 -16"><span class='ocrx_word' id='word_1_171' title='bbox 2086 945 2510 1014; x_wconf 74' lang='grc' dir='ltr'>μεταστατικήψ</span> <span class='ocrx_word' id='word_1_172' title='bbox 2538 943 2593 1013; x_wconf 76' lang='grc' dir='ltr'>ἢ,</span> <span class='ocrx_word' id='word_1_173' title='bbox 2618 946 2737 996; x_wconf 85' lang='grc' dir='ltr'>εἶπε</span> <span class='ocrx_word' id='word_1_174' title='bbox 2745 963 2776 1014; x_wconf 93' lang='grc' dir='ltr'><strong>ρ</strong></span> <span class='ocrx_word' id='word_1_175' title='bbox 2801 943 2917 995; x_wconf 79' lang='grc' dir='ltr'>ἐστὶ</span> <span class='ocrx_word' id='word_1_176' title='bbox 2937 942 2998 994; x_wconf 82' lang='grc' dir='ltr'><strong>τὸ</strong></span> <span class='ocrx_word' id='word_1_177' title='bbox 3019 941 3173 994; x_wconf 89' lang='grc' dir='ltr'>Θεῖον</span> <span class='ocrx_word' id='word_1_178' title='bbox 3194 939 3501 1009; x_wconf 85' lang='grc' dir='ltr'>ἀσώματον,</span> <span class='ocrx_word' id='word_1_179' title='bbox 3525 938 3656 1009; x_wconf 77' lang='grc' dir='ltr'>εὐρὺ</span> 
     </span>
    </p>
   </div>
   <div class='ocr_carea' id='block_1_23' title="bbox 2081 1031 3652 1106">
    <p class='ocr_par' dir='ltr' id='par_1_23' title="bbox 2081 1031 3652 1106">
     <span class='ocr_line' id='line_1_23' title="bbox 2081 1031 3652 1106; baseline 0.001 -16"><span class='ocrx_word' id='word_1_180' title='bbox 2081 1037 2157 1100; x_wconf 84' lang='grc' dir='ltr'><strong>δὲ,</strong></span> <span class='ocrx_word' id='word_1_181' title='bbox 2181 1037 2277 1091; x_wconf 76' lang='grc' dir='ltr'><strong>καὶ</strong></span> <span class='ocrx_word' id='word_1_182' title='bbox 2316 1035 2617 1106; x_wconf 78' lang='grc' dir='ltr'><strong>πανταχοῦ,</strong></span> <span class='ocrx_word' id='word_1_183' title='bbox 2646 1036 2742 1089; x_wconf 62' lang='grc' dir='ltr'><strong>καὶ⁹</strong></span> <span class='ocrx_word' id='word_1_184' title='bbox 2766 1035 2866 1087; x_wconf 75' lang='grc' dir='ltr'><strong>οὐκ</strong></span> <span class='ocrx_word' id='word_1_185' title='bbox 2897 1036 2955 1086; x_wconf 74' lang='grc' dir='ltr'>ὲν</span> <span class='ocrx_word' id='word_1_186' title='bbox 2984 1033 3155 1103; x_wconf 79' lang='grc' dir='ltr'>τόπῳ,</span> <span class='ocrx_word' id='word_1_187' title='bbox 3185 1032 3281 1086; x_wconf 77' lang='grc' dir='ltr'>καὶ</span> <span class='ocrx_word' id='word_1_188' title='bbox 3315 1031 3652 1101; x_wconf 69' lang='grc' dir='ltr'>περιγραφῇ,</span> 
     </span>
    </p>
   </div>
   <div class='ocr_carea' id='block_1_24' title="bbox 2083 1121 3683 1198">
    <p class='ocr_par' dir='ltr' id='par_1_24' title="bbox 2083 1121 3683 1198">
     <span class='ocr_line' id='line_1_24' title="bbox 2083 1121 3683 1198; baseline -0.005 -17"><span class='ocrx_word' id='word_1_189' title='bbox 2083 1127 2201 1191; x_wconf 87' lang='grc' dir='ltr'><strong>πῶς</strong></span> <span class='ocrx_word' id='word_1_190' title='bbox 2244 1127 2309 1181; x_wconf 87' lang='grc' dir='ltr'>ἂν</span> <span class='ocrx_word' id='word_1_191' title='bbox 2337 1127 2404 1180; x_wconf 84' lang='grc' dir='ltr'><strong>δι’</strong></span> <span class='ocrx_word' id='word_1_192' title='bbox 2443 1126 2564 1190; x_wconf 80' lang='grc' dir='ltr'>ἑνὸς</span> <span class='ocrx_word' id='word_1_193' title='bbox 2610 1125 2868 1198; x_wconf 81' lang='grc' dir='ltr'><strong>παρέλθοι</strong></span> <span class='ocrx_word' id='word_1_194' title='bbox 2900 1124 3181 1194; x_wconf 76' lang='grc' dir='ltr'>σώματοςς</span> <span class='ocrx_word' id='word_1_195' title='bbox 3219 1122 3357 1175; x_wconf 82' lang='grc' dir='ltr'>Ἀλλ’</span> <span class='ocrx_word' id='word_1_196' title='bbox 3384 1122 3413 1175; x_wconf 80' lang='grc' dir='ltr'><strong>ὅ</strong></span> <span class='ocrx_word' id='word_1_197' title='bbox 3440 1138 3493 1175; x_wconf 90' lang='grc' dir='ltr'><strong>τι</strong></span> <span class='ocrx_word' id='word_1_198' title='bbox 3525 1121 3683 1173; x_wconf 76' lang='grc' dir='ltr'>ποτέ</span> 
     </span>
    </p>
   </div>
   <div class='ocr_carea' id='block_1_25' title="bbox 2082 1213 3679 1290">
    <p class='ocr_par' dir='ltr' id='par_1_25' title="bbox 2082 1213 3679 1290">
     <span class='ocr_line' id='line_1_25' title="bbox 2082 1213 3679 1290; baseline -0.003 -19"><span class='ocrx_word' id='word_1_199' title='bbox 2082 1219 2228 1273; x_wconf 78' lang='grc' dir='ltr'>ἐστιν</span> <span class='ocrx_word' id='word_1_200' title='bbox 2259 1218 2287 1272; x_wconf 80' lang='grc' dir='ltr'><strong>ὃ</strong></span> <span class='ocrx_word' id='word_1_201' title='bbox 2315 1218 2441 1290; x_wconf 80' lang='grc' dir='ltr'>φὴς,</span> <span class='ocrx_word' id='word_1_202' title='bbox 2486 1218 2603 1282; x_wconf 87' lang='grc' dir='ltr'><strong>πῶς</strong></span> <span class='ocrx_word' id='word_1_203' title='bbox 2635 1216 2734 1272; x_wconf 75' lang='grc' dir='ltr'><strong>οὐκ</strong></span> <span class='ocrx_word' id='word_1_204' title='bbox 2766 1217 2872 1271; x_wconf 74' lang='grc' dir='ltr'>ἔδει</span> <span class='ocrx_word' id='word_1_205' title='bbox 2912 1215 3253 1286; x_wconf 88' lang='grc' dir='ltr'>διατρανοῦν,</span> <span class='ocrx_word' id='word_1_206' title='bbox 3294 1216 3389 1268; x_wconf 74' lang='grc' dir='ltr'><strong>καὶ</strong></span> <span class='ocrx_word' id='word_1_207' title='bbox 3429 1213 3679 1285; x_wconf 68' lang='grc' dir='ltr'>ἐναργέα·</span> 
     </span>
    </p>
   </div>
   <div class='ocr_carea' id='block_1_26' title="bbox 2082 1303 3683 1382">
    <p class='ocr_par' dir='ltr' id='par_1_26' title="bbox 2082 1303 3683 1382">
     <span class='ocr_line' id='line_1_26' title="bbox 2082 1303 3683 1382; baseline -0.005 -18"><span class='ocrx_word' id='word_1_208' title='bbox 2082 1327 2273 1382; x_wconf 87' lang='grc' dir='ltr'>στερον</span> <span class='ocrx_word' id='word_1_209' title='bbox 2296 1312 2491 1371; x_wconf 73' lang='grc' dir='ltr'>εἰπεῖν,</span> <span class='ocrx_word' id='word_1_210' title='bbox 2519 1311 2568 1362; x_wconf 73' lang='lat' dir='ltr'><strong>si</strong></span> <span class='ocrx_word' id='word_1_211' title='bbox 2596 1310 2715 1372; x_wconf 83' lang='grc' dir='ltr'>ταῖς</span> <span class='ocrx_word' id='word_1_212' title='bbox 2748 1305 2946 1361; x_wconf 80' lang='grc' dir='ltr'>σαυτοῦ</span> <span class='ocrx_word' id='word_1_213' title='bbox 2981 1307 3109 1377; x_wconf 79' lang='grc' dir='ltr'>περὶ</span> <span class='ocrx_word' id='word_1_214' title='bbox 3135 1303 3328 1359; x_wconf 88' lang='grc' dir='ltr'>τούτου</span> <span class='ocrx_word' id='word_1_215' title='bbox 3360 1304 3540 1368; x_wconf 81' lang='grc' dir='ltr'><strong>δόξαις</strong></span> <span class='ocrx_word' id='word_1_216' title='bbox 3566 1321 3683 1357; x_wconf 84' lang='grc' dir='ltr'>τε·-</span> 
     </span>
    </p>
   </div>
   <div class='ocr_carea' id='block_1_27' title="bbox 2082 1395 3652 1474">
    <p class='ocr_par' dir='ltr' id='par_1_27' title="bbox 2082 1395 3652 1474">
     <span class='ocr_line' id='line_1_27' title="bbox 2082 1395 3652 1474; baseline -0.004 -17"><span class='ocrx_word' id='word_1_217' title='bbox 2082 1400 2402 1473; x_wconf 83' lang='grc' dir='ltr'>θαρσηκὼς,</span> <span class='ocrx_word' id='word_1_218' title='bbox 2452 1402 2749 1474; x_wconf 81' lang='grc' dir='ltr'>μαρτυρεῖν</span> <span class='ocrx_word' id='word_1_219' title='bbox 2792 1399 2937 1470; x_wconf 73' lang='grc' dir='ltr'>ἔχεις</span> <span class='ocrx_word' id='word_1_220' title='bbox 2984 1401 3174 1462; x_wconf 77' lang='grc' dir='ltr'>αὐταῖς</span> <span class='ocrx_word' id='word_1_221' title='bbox 3217 1397 3279 1451; x_wconf 85' lang='grc' dir='ltr'>τδ</span> <span class='ocrx_word' id='word_1_222' title='bbox 3314 1395 3652 1469; x_wconf 83' lang='grc' dir='ltr'>ἀμώμητον;</span> 
     </span>
    </p>
   </div>
   <div class='ocr_carea' id='block_1_28' title="bbox 2080 1487 3685 1562">
    <p class='ocr_par' dir='ltr' id='par_1_28' title="bbox 2080 1487 3685 1562">
     <span class='ocr_line' id='line_1_28' title="bbox 2080 1487 3685 1562; baseline -0.003 -16"><span class='ocrx_word' id='word_1_223' title='bbox 2080 1492 2190 1547; x_wconf 89' lang='grc' dir='ltr'>Ποῦ</span> <span class='ocrx_word' id='word_1_224' title='bbox 2218 1493 2275 1545; x_wconf 83' lang='grc' dir='ltr'>δὲ</span> <span class='ocrx_word' id='word_1_225' title='bbox 2306 1492 2369 1562; x_wconf 80' lang='grc' dir='ltr'><strong>δὴ</strong></span> <span class='ocrx_word' id='word_1_226' title='bbox 2408 1493 2500 1545; x_wconf 76' lang='grc' dir='ltr'><strong>καὶ</strong></span> <span class='ocrx_word' id='word_1_227' title='bbox 2546 1492 2787 1561; x_wconf 81' lang='grc' dir='ltr'>ἀκήκοας</span> <span class='ocrx_word' id='word_1_228' title='bbox 2823 1492 2923 1559; x_wconf 82' lang='grc' dir='ltr'><strong>τῆς</strong></span> <span class='ocrx_word' id='word_1_229' title='bbox 2975 1487 3337 1543; x_wconf 85' lang='grc' dir='ltr'>θεοπνεύστου</span> <span class='ocrx_word' id='word_1_230' title='bbox 3388 1487 3685 1557; x_wconf 78' lang='grc' dir='ltr'>λεγούσης</span> 
     </span>
    </p>
   </div>
   <div class='ocr_carea' id='block_1_29' title="bbox 2079 1577 3655 1651">
    <p class='ocr_par' dir='ltr' id='par_1_29' title="bbox 2079 1577 3655 1651">
     <span class='ocr_line' id='line_1_29' title="bbox 2079 1577 3655 1651; baseline -0.001 -19"><span class='ocrx_word' id='word_1_231' title='bbox 2079 1580 2321 1651; x_wconf 79' lang='grc' dir='ltr'>Γραφῆς,</span> <span class='ocrx_word' id='word_1_232' title='bbox 2343 1581 2423 1633; x_wconf 83' lang='grc' dir='ltr'>ὅτι</span> <span class='ocrx_word' id='word_1_233' title='bbox 2452 1579 2726 1651; x_wconf 82' lang='grc' dir='ltr'>παρῆλθεν</span> <span class='ocrx_word' id='word_1_234' title='bbox 2746 1581 2775 1633; x_wconf 83' lang='grc' dir='ltr'>ὁ</span> <span class='ocrx_word' id='word_1_235' title='bbox 2799 1579 2891 1633; x_wconf 86' lang='grc' dir='ltr'><strong>τοῦ</strong></span> <span class='ocrx_word' id='word_1_236' title='bbox 2914 1578 3048 1632; x_wconf 83' lang='grc' dir='ltr'>Θεοῦ</span> <span class='ocrx_word' id='word_1_237' title='bbox 3068 1578 3240 1647; x_wconf 79' lang='grc' dir='ltr'>Λόγος</span> <span class='ocrx_word' id='word_1_238' title='bbox 3262 1578 3348 1631; x_wconf 85' lang='grc' dir='ltr'>διά</span> <span class='ocrx_word' id='word_1_239' title='bbox 3371 1578 3471 1648; x_wconf 84' lang='grc' dir='ltr'>τῆς</span> <span class='ocrx_word' id='word_1_240' title='bbox 3492 1577 3655 1646; x_wconf 80' lang='grc' dir='ltr'><strong>ἁγίας</strong></span> 
     </span>
    </p>
   </div>
   <div class='ocr_carea' id='block_1_30' title="bbox 2081 1668 3679 1741">
    <p class='ocr_par' dir='ltr' id='par_1_30' title="bbox 2081 1668 3679 1741">
     <span class='ocr_line' id='line_1_30' title="bbox 2081 1668 3679 1741; baseline -0.001 -18"><span class='ocrx_word' id='word_1_241' title='bbox 2081 1669 2357 1741; x_wconf 79' lang='grc' dir='ltr'>Παρθένου</span> <span class='ocrx_word' id='word_1_242' title='bbox 2379 1687 2395 1736; x_wconf 86' lang='grc'><strong>;</strong></span> <span class='ocrx_word' id='word_1_243' title='bbox 2417 1671 2538 1724; x_wconf 86' lang='grc' dir='ltr'>’Ότι</span> <span class='ocrx_word' id='word_1_244' title='bbox 2573 1671 2671 1741; x_wconf 82' lang='grc' dir='ltr'><strong>μὲν</strong></span> <span class='ocrx_word' id='word_1_245' title='bbox 2705 1670 2815 1741; x_wconf 79' lang='grc' dir='ltr'>γὰρ</span> <span class='ocrx_word' id='word_1_246' title='bbox 2842 1670 3067 1740; x_wconf 81' lang='grc' dir='ltr'>βραχὺς,</span> <span class='ocrx_word' id='word_1_247' title='bbox 3096 1671 3191 1723; x_wconf 74' lang='grc' dir='ltr'><strong>καὶ</strong></span> <span class='ocrx_word' id='word_1_248' title='bbox 3221 1668 3679 1738; x_wconf 70' lang='grc' dir='ltr'>συνεσταλμένος</span> 
     </span>
    </p>
   </div>
   <div class='ocr_carea' id='block_1_31' title="bbox 2079 1760 3667 1834">
    <p class='ocr_par' dir='ltr' id='par_1_31' title="bbox 2079 1760 3667 1834">
     <span class='ocr_line' id='line_1_31' title="bbox 2079 1760 3667 1834; baseline 0 -20"><span class='ocrx_word' id='word_1_249' title='bbox 2079 1761 2197 1817; x_wconf 85' lang='grc' dir='ltr'>τῶν-</span> <span class='ocrx_word' id='word_1_250' title='bbox 2225 1763 2317 1815; x_wconf 72' lang='grc' dir='ltr'><strong>ὲπὶ</strong></span> <span class='ocrx_word' id='word_1_251' title='bbox 2359 1760 2462 1833; x_wconf 71' lang='grc' dir='ltr'>γῆς</span> <span class='ocrx_word' id='word_1_252' title='bbox 2504 1764 2537 1816; x_wconf 84' lang='lat'><strong>6</strong></span> <span class='ocrx_word' id='word_1_253' title='bbox 2563 1762 2696 1832; x_wconf 76' lang='grc' dir='ltr'>βίος,</span> <span class='ocrx_word' id='word_1_254' title='bbox 2726 1762 2960 1829; x_wconf 76' lang='grc' dir='ltr'>ἐδίδαξεν</span> <span class='ocrx_word' id='word_1_255' title='bbox 2984 1766 3015 1817; x_wconf 88' lang='grc' dir='ltr'>ὁ</span> <span class='ocrx_word' id='word_1_256' title='bbox 3052 1764 3320 1834; x_wconf 88' lang='grc' dir='ltr'>μακάριος</span> <span class='ocrx_word' id='word_1_257' title='bbox 3355 1762 3539 1822; x_wconf 67' lang='grc' dir='ltr'>Δασιδ,</span> <span class='ocrx_word' id='word_1_258' title='bbox 3569 1761 3667 1814; x_wconf 73' lang='grc' dir='ltr'>λέ-</span> 
     </span>
    </p>
   </div>
   <div class='ocr_carea' id='block_1_32' title="bbox 403 1850 1969 1948">
    <p class='ocr_par' dir='ltr' id='par_1_32' title="bbox 403 1850 1969 1948">
     <span class='ocr_line' id='line_1_32' title="bbox 403 1850 1969 1948; baseline 0.009 -43"><span class='ocrx_word' id='word_1_259' title='bbox 403 1850 599 1919; x_wconf 77' lang='lat' dir='ltr'><strong>David,</strong></span> <span class='ocrx_word' id='word_1_260' title='bbox 651 1857 884 1914; x_wconf 87' lang='lat' dir='ltr'><strong>dicens:</strong></span> <span class='ocrx_word' id='word_1_261' title='bbox 947 1879 966 1912; x_wconf 90' lang='grc'><em>‹</em></span> <span class='ocrx_word' id='word_1_262' title='bbox 996 1860 1195 1923; x_wconf 86' lang='lat' dir='ltr'><strong>Homo,</strong></span> <span class='ocrx_word' id='word_1_263' title='bbox 1252 1862 1393 1916; x_wconf 86' lang='lat' dir='ltr'><strong>sicut</strong></span> <span class='ocrx_word' id='word_1_264' title='bbox 1441 1863 1620 1918; x_wconf 79' lang='lat' dir='ltr'><strong>fenum</strong></span> <span class='ocrx_word' id='word_1_265' title='bbox 1667 1864 1790 1919; x_wconf 84' lang='lat' dir='ltr'><strong>dies</strong></span> <span class='ocrx_word' id='word_1_266' title='bbox 1822 1866 1969 1948; x_wconf 58' lang='lat' dir='ltr'><strong>eius;</strong></span> 
     </span>
    </p>
   </div>
   <div class='ocr_carea' id='block_1_33' title="bbox 2074 1850 3683 1948">
    <p class='ocr_par' dir='ltr' id='par_1_33' title="bbox 2076 1853 3683 1927">
     <span class='ocr_line' id='line_1_33' title="bbox 2076 1853 3683 1927; baseline 0 -21"><span class='ocrx_word' id='word_1_267' title='bbox 2076 1868 2221 1923; x_wconf 86' lang='grc' dir='ltr'>γων·</span> <span class='ocrx_word' id='word_1_268' title='bbox 2259 1873 2277 1904; x_wconf 79' lang='grc' dir='ltr'><strong>ι</strong></span> <span class='ocrx_word' id='word_1_269' title='bbox 2309 1854 2649 1925; x_wconf 79' lang='grc' dir='ltr'>Ἀνθρωπος,</span> <span class='ocrx_word' id='word_1_270' title='bbox 2684 1854 2817 1907; x_wconf 76' lang='grc' dir='ltr'>ὡσεὶ</span> <span class='ocrx_word' id='word_1_271' title='bbox 2856 1855 3047 1927; x_wconf 82' lang='grc' dir='ltr'>χόρτος</span> <span class='ocrx_word' id='word_1_272' title='bbox 3097 1855 3152 1909; x_wconf 81' lang='grc' dir='ltr'>αἱ</span> <span class='ocrx_word' id='word_1_273' title='bbox 3186 1854 3393 1925; x_wconf 78' lang='grc' dir='ltr'>ἡμέραι</span> <span class='ocrx_word' id='word_1_274' title='bbox 3443 1853 3612 1907; x_wconf 83' lang='grc' dir='ltr'>αὐτοῦ</span> <span class='ocrx_word' id='word_1_275' title='bbox 3634 1866 3683 1884; x_wconf 86' lang='grc'><strong>···</strong></span> 
     </span>
    </p>
   </div>
   <div class='ocr_carea' id='block_1_34' title="bbox 406 1946 1973 2025">
    <p class='ocr_par' dir='ltr' id='par_1_34' title="bbox 406 1946 1973 2025">
     <span class='ocr_line' id='line_1_34' title="bbox 406 1946 1973 2025; baseline 0.009 -29"><span class='ocrx_word' id='word_1_276' title='bbox 406 1952 663 2014; x_wconf 86' lang='lat' dir='ltr'><strong>tanquam</strong></span> <span class='ocrx_word' id='word_1_277' title='bbox 706 1946 804 2002; x_wconf 89' lang='lat' dir='ltr'><strong>llos</strong></span> <span class='ocrx_word' id='word_1_278' title='bbox 849 1952 986 2019; x_wconf 75' lang='lat' dir='ltr'><strong>agri,</strong></span> <span class='ocrx_word' id='word_1_279' title='bbox 1017 1952 1095 2008; x_wconf 87' lang='lat' dir='ltr'><strong>sic</strong></span> <span class='ocrx_word' id='word_1_280' title='bbox 1125 1951 1411 2017; x_wconf 79' lang='lat' dir='ltr'><strong>eﬂlorebit,</strong></span> <span class='ocrx_word' id='word_1_281' title='bbox 1448 1954 1705 2024; x_wconf 91' lang='lat' dir='ltr'><strong>quoniam</strong></span> <span class='ocrx_word' id='word_1_282' title='bbox 1750 1946 1973 2025; x_wconf 80' lang='lat' dir='ltr'><strong>spiritus</strong></span> 
     </span>
    </p>
   </div>
   <div class='ocr_carea' id='block_1_35' title="bbox 406 2040 1974 2105">
    <p class='ocr_par' dir='ltr' id='par_1_35' title="bbox 406 2040 1974 2105">
     <span class='ocr_line' id='line_1_35' title="bbox 406 2040 1974 2105; baseline 0.011 -19"><span class='ocrx_word' id='word_1_283' title='bbox 406 2040 759 2099; x_wconf 81' lang='lat' dir='ltr'><strong>pcrtransivit</strong></span> <span class='ocrx_word' id='word_1_284' title='bbox 785 2041 836 2095; x_wconf 90' lang='lat' dir='ltr'><strong>in</strong></span> <span class='ocrx_word' id='word_1_285' title='bbox 868 2041 977 2105; x_wconf 92' lang='lat' dir='ltr'><strong>illo,</strong></span> <span class='ocrx_word' id='word_1_286' title='bbox 1008 2052 1064 2097; x_wconf 91' lang='lat' dir='ltr'><strong>et</strong></span> <span class='ocrx_word' id='word_1_287' title='bbox 1087 2061 1188 2099; x_wconf 89' lang='lat' dir='ltr'><strong>non</strong></span> <span class='ocrx_word' id='word_1_288' title='bbox 1212 2046 1471 2101; x_wconf 83' lang='lat' dir='ltr'><strong>subsistet</strong></span> <span class='ocrx_word' id='word_1_289' title='bbox 1503 2046 1570 2101; x_wconf 75' lang='lat'><strong>“.</strong></span> <span class='ocrx_word' id='word_1_290' title='bbox 1601 2066 1629 2098; x_wconf 61' lang='grc' dir='ltr'><strong>ι</strong></span> <span class='ocrx_word' id='word_1_291' title='bbox 1655 2047 1726 2101; x_wconf 82' lang='lat' dir='ltr'><strong>At</strong></span> <span class='ocrx_word' id='word_1_292' title='bbox 1754 2063 1883 2104; x_wconf 86' lang='lat' dir='ltr'><strong>vero</strong></span> <span class='ocrx_word' id='word_1_293' title='bbox 1907 2050 1974 2104; x_wconf 85' lang='lat' dir='ltr'><strong>de</strong></span> 
     </span>
    </p>
   </div>
   <div class='ocr_carea' id='block_1_36' title="bbox 401 2128 1976 2209">
    <p class='ocr_par' dir='ltr' id='par_1_36' title="bbox 401 2128 1976 2209">
     <span class='ocr_line' id='line_1_36' title="bbox 401 2128 1976 2209; baseline 0.011 -31"><span class='ocrx_word' id='word_1_294' title='bbox 401 2137 588 2182; x_wconf 87' lang='lat' dir='ltr'><strong>sancta</strong></span> <span class='ocrx_word' id='word_1_295' title='bbox 620 2128 837 2199; x_wconf 74' lang='lat' dir='ltr'><strong>Virgine</strong></span> <span class='ocrx_word' id='word_1_296' title='bbox 865 2133 992 2203; x_wconf 89' lang='lat' dir='ltr'><strong>quid</strong></span> <span class='ocrx_word' id='word_1_297' title='bbox 1033 2134 1294 2205; x_wconf 73' lang='lat' dir='ltr'><strong>ejusmodi</strong></span> <span class='ocrx_word' id='word_1_298' title='bbox 1335 2138 1598 2207; x_wconf 89' lang='lat' dir='ltr'><strong>scriptum</strong></span> <span class='ocrx_word' id='word_1_299' title='bbox 1646 2138 1813 2195; x_wconf 89' lang='lat' dir='ltr'><strong>habes</strong></span> <span class='ocrx_word' id='word_1_300' title='bbox 1849 2156 1976 2209; x_wconf 87' lang='lat' dir='ltr'><strong>pro-</strong></span> 
     </span>
    </p>
   </div>
   <div class='ocr_carea' id='block_1_37' title="bbox 401 2220 1972 2297">
    <p class='ocr_par' dir='ltr' id='par_1_37' title="bbox 401 2220 1972 2297">
     <span class='ocr_line' id='line_1_37' title="bbox 401 2220 1972 2297; baseline 0.009 -26"><span class='ocrx_word' id='word_1_301' title='bbox 401 2220 762 2291; x_wconf 78' lang='lat' dir='ltr'><strong>ferre?Atqui</strong></span> <span class='ocrx_word' id='word_1_302' title='bbox 789 2224 953 2280; x_wconf 83' lang='lat' dir='ltr'><strong>Deum</strong></span> <span class='ocrx_word' id='word_1_303' title='bbox 985 2241 1047 2280; x_wconf 78' lang='lat' dir='ltr'><strong>ex</strong></span> <span class='ocrx_word' id='word_1_304' title='bbox 1088 2228 1202 2297; x_wconf 83' lang='lat' dir='ltr'><strong>ipsa</strong></span> <span class='ocrx_word' id='word_1_305' title='bbox 1223 2228 1485 2296; x_wconf 78' lang='lat' dir='ltr'><strong>genitum,</strong></span> <span class='ocrx_word' id='word_1_306' title='bbox 1521 2231 1819 2287; x_wconf 88' lang='lat' dir='ltr'><strong>secundum</strong></span> <span class='ocrx_word' id='word_1_307' title='bbox 1849 2247 1972 2288; x_wconf 82' lang='lat' dir='ltr'><strong>car-</strong></span> 
     </span>
    </p>
   </div>
   <div class='ocr_carea' id='block_1_38' title="bbox 401 2298 1969 2393">
    <p class='ocr_par' dir='ltr' id='par_1_38' title="bbox 401 2298 1969 2393">
     <span class='ocr_line' id='line_1_38' title="bbox 401 2298 1969 2393; baseline 0.011 -30"><span class='ocrx_word' id='word_1_308' title='bbox 401 2325 521 2365; x_wconf 90' lang='lat' dir='ltr'><strong>nem</strong></span> <span class='ocrx_word' id='word_1_309' title='bbox 552 2313 788 2382; x_wconf 86' lang='lat' dir='ltr'><strong>inquam,</strong></span> <span class='ocrx_word' id='word_1_310' title='bbox 812 2298 1037 2371; x_wconf 72' lang='lat' dir='ltr'><strong>tandem</strong></span> <span class='ocrx_word' id='word_1_311' title='bbox 1077 2334 1245 2373; x_wconf 76' lang='lat' dir='ltr'><strong>sacra:</strong></span> <span class='ocrx_word' id='word_1_312' title='bbox 1276 2319 1494 2376; x_wconf 69' lang='lat' dir='ltr'><strong>Littera:</strong></span> <span class='ocrx_word' id='word_1_313' title='bbox 1526 2325 1803 2393; x_wconf 81' lang='lat' dir='ltr'><strong>perspicue</strong></span> <span class='ocrx_word' id='word_1_314' title='bbox 1828 2324 1969 2380; x_wconf 83' lang='lat' dir='ltr'><strong>indi-</strong></span> 
     </span>
    </p>
   </div>
   <div class='ocr_carea' id='block_1_39' title="bbox 398 2406 1973 2487">
    <p class='ocr_par' dir='ltr' id='par_1_39' title="bbox 398 2406 1973 2487">
     <span class='ocr_line' id='line_1_39' title="bbox 398 2406 1973 2487; baseline 0.013 -33"><span class='ocrx_word' id='word_1_315' title='bbox 398 2416 614 2461; x_wconf 83' lang='lat' dir='ltr'><strong>carunt.</strong></span> <span class='ocrx_word' id='word_1_316' title='bbox 651 2406 828 2463; x_wconf 78' lang='lat' dir='ltr'><strong>Redeo</strong></span> <span class='ocrx_word' id='word_1_317' title='bbox 861 2410 1025 2480; x_wconf 77' lang='lat' dir='ltr'><strong>igitur</strong></span> <span class='ocrx_word' id='word_1_318' title='bbox 1054 2414 1321 2471; x_wconf 18' lang='lat' dir='ltr'><strong>denserad</strong></span> <span class='ocrx_word' id='word_1_319' title='bbox 1348 2420 1475 2484; x_wconf 71' lang='lat' dir='ltr'><strong>:tua,</strong></span> <span class='ocrx_word' id='word_1_320' title='bbox 1518 2417 1600 2471; x_wconf 87' lang='lat' dir='ltr'><strong>vir</strong></span> <span class='ocrx_word' id='word_1_321' title='bbox 1633 2420 1973 2487; x_wconf 69' lang='lat' dir='ltr'><strong>praestantis-</strong></span> 
     </span>
    </p>
   </div>
   <div class='ocr_carea' id='block_1_40' title="bbox 400 2495 1970 2581">
    <p class='ocr_par' dir='ltr' id='par_1_40' title="bbox 400 2495 1970 2581">
     <span class='ocr_line' id='line_1_40' title="bbox 400 2495 1970 2581; baseline 0.013 -33"><span class='ocrx_word' id='word_1_322' title='bbox 400 2495 568 2561; x_wconf 88' lang='lat' dir='ltr'><strong>sime,</strong></span> <span class='ocrx_word' id='word_1_323' title='bbox 614 2502 794 2553; x_wconf 90' lang='lat' dir='ltr'><strong>verba.</strong></span> <span class='ocrx_word' id='word_1_324' title='bbox 840 2502 897 2557; x_wconf 87' lang='lat' dir='ltr'><strong>Id</strong></span> <span class='ocrx_word' id='word_1_325' title='bbox 929 2505 1075 2558; x_wconf 87' lang='lat' dir='ltr'><strong>enim</strong></span> <span class='ocrx_word' id='word_1_326' title='bbox 1105 2506 1229 2575; x_wconf 78' lang='lat' dir='ltr'><strong>ipse</strong></span> <span class='ocrx_word' id='word_1_327' title='bbox 1254 2524 1467 2580; x_wconf 89' lang='lat' dir='ltr'><strong>quoque</strong></span> <span class='ocrx_word' id='word_1_328' title='bbox 1504 2508 1804 2581; x_wconf 66' lang='lat' dir='ltr'><strong>smpissime</strong></span> <span class='ocrx_word' id='word_1_329' title='bbox 1836 2526 1970 2567; x_wconf 87' lang='lat' dir='ltr'><strong>cou-</strong></span> 
     </span>
    </p>
   </div>
   <div class='ocr_carea' id='block_1_41' title="bbox 398 2586 1967 2674">
    <p class='ocr_par' dir='ltr' id='par_1_41' title="bbox 398 2586 1967 2674">
     <span class='ocr_line' id='line_1_41' title="bbox 398 2586 1967 2674; baseline 0.011 -33"><span class='ocrx_word' id='word_1_330' title='bbox 398 2586 573 2643; x_wconf 82' lang='lat' dir='ltr'><strong>fessus</strong></span> <span class='ocrx_word' id='word_1_331' title='bbox 601 2606 679 2659; x_wconf 85' lang='lat' dir='ltr'><strong>es,</strong></span> <span class='ocrx_word' id='word_1_332' title='bbox 717 2591 944 2649; x_wconf 90' lang='lat' dir='ltr'><strong>Verbum</strong></span> <span class='ocrx_word' id='word_1_333' title='bbox 978 2613 1105 2653; x_wconf 86' lang='lat' dir='ltr'><strong>esse</strong></span> <span class='ocrx_word' id='word_1_334' title='bbox 1132 2616 1351 2655; x_wconf 87' lang='lat' dir='ltr'><strong>carnem</strong></span> <span class='ocrx_word' id='word_1_335' title='bbox 1381 2600 1600 2670; x_wconf 79' lang='lat' dir='ltr'><strong>factum,</strong></span> <span class='ocrx_word' id='word_1_336' title='bbox 1636 2619 1810 2674; x_wconf 88' lang='lat' dir='ltr'><strong>neque</strong></span> <span class='ocrx_word' id='word_1_337' title='bbox 1848 2618 1967 2659; x_wconf 85' lang='lat' dir='ltr'><strong>eam</strong></span> 
     </span>
    </p>
   </div>
   <div class='ocr_carea' id='block_1_42' title="bbox 398 2682 1967 2765">
    <p class='ocr_par' dir='ltr' id='par_1_42' title="bbox 398 2682 1967 2765">
     <span class='ocr_line' id='line_1_42' title="bbox 398 2682 1967 2765; baseline 0.01 -33"><span class='ocrx_word' id='word_1_338' title='bbox 398 2694 586 2735; x_wconf 84' lang='lat' dir='ltr'><strong>vocem</strong></span> <span class='ocrx_word' id='word_1_339' title='bbox 619 2682 960 2752; x_wconf 84' lang='lat' dir='ltr'><strong>rejiciendam</strong></span> <span class='ocrx_word' id='word_1_340' title='bbox 995 2691 1192 2757; x_wconf 65' lang='lat' dir='ltr'><strong>putasti</strong></span> <span class='ocrx_word' id='word_1_341' title='bbox 1213 2700 1313 2754; x_wconf 86' lang='lat' dir='ltr'><strong>;.et</strong></span> <span class='ocrx_word' id='word_1_342' title='bbox 1347 2692 1473 2746; x_wconf 88' lang='lat' dir='ltr'><strong>illud</strong></span> <span class='ocrx_word' id='word_1_343' title='bbox 1510 2701 1789 2762; x_wconf 63' lang='lat' dir='ltr'><strong>praeterea,</strong></span> <span class='ocrx_word' id='word_1_344' title='bbox 1824 2696 1967 2765; x_wconf 85' lang='lat' dir='ltr'><strong>quod</strong></span> 
     </span>
    </p>
   </div>
   <div class='ocr_carea' id='block_1_43' title="bbox 400 2771 1968 2853">
    <p class='ocr_par' dir='ltr' id='par_1_43' title="bbox 400 2771 1968 2853">
     <span class='ocr_line' id='line_1_43' title="bbox 400 2771 1968 2853; baseline 0.008 -24"><span class='ocrx_word' id='word_1_345' title='bbox 400 2771 670 2844; x_wconf 74' lang='lat' dir='ltr'><strong>Unigeniti</strong></span> <span class='ocrx_word' id='word_1_346' title='bbox 723 2778 1057 2834; x_wconf 85' lang='lat' dir='ltr'><strong>divinitatem</strong></span> <span class='ocrx_word' id='word_1_347' title='bbox 1114 2795 1299 2852; x_wconf 86' lang='lat' dir='ltr'><strong>aperte</strong></span> <span class='ocrx_word' id='word_1_348' title='bbox 1362 2799 1427 2839; x_wconf 88' lang='lat' dir='ltr'><strong>ac</strong></span> <span class='ocrx_word' id='word_1_349' title='bbox 1468 2784 1644 2853; x_wconf 82' lang='lat' dir='ltr'><strong>palam</strong></span> <span class='ocrx_word' id='word_1_350' title='bbox 1695 2786 1968 2841; x_wconf 86' lang='lat' dir='ltr'><strong>hominem</strong></span> 
     </span>
    </p>
   </div>
   <div class='ocr_carea' id='block_1_44' title="bbox 396 2863 1659 2946">
    <p class='ocr_par' dir='ltr' id='par_1_44' title="bbox 396 2863 1659 2946">
     <span class='ocr_line' id='line_1_44' title="bbox 396 2863 1659 2946; baseline 0.012 -29"><span class='ocrx_word' id='word_1_351' title='bbox 396 2863 595 2920; x_wconf 71' lang='lat' dir='ltr'><strong>factam</strong></span> <span class='ocrx_word' id='word_1_352' title='bbox 625 2868 834 2936; x_wconf 81' lang='lat' dir='ltr'><strong>dixisti,</strong></span> <span class='ocrx_word' id='word_1_353' title='bbox 855 2886 976 2925; x_wconf 91' lang='lat' dir='ltr'><strong>cum</strong></span> <span class='ocrx_word' id='word_1_354' title='bbox 1006 2872 1107 2927; x_wconf 91' lang='lat' dir='ltr'><strong>hoc</strong></span> <span class='ocrx_word' id='word_1_355' title='bbox 1139 2874 1296 2929; x_wconf 90' lang='lat' dir='ltr'><strong>modo</strong></span> <span class='ocrx_word' id='word_1_356' title='bbox 1321 2875 1610 2946; x_wconf 84' lang='lat' dir='ltr'><strong>scripseris</strong></span> <span class='ocrx_word' id='word_1_357' title='bbox 1642 2895 1659 2932; x_wconf 86' lang='lat'><strong>:</strong></span> 
     </span>
    </p>
   </div>
   <div class='ocr_carea' id='block_1_45' title="bbox 464 3041 1967 3117">
    <p class='ocr_par' dir='ltr' id='par_1_45' title="bbox 464 3041 1967 3117">
     <span class='ocr_line' id='line_1_45' title="bbox 464 3041 1967 3117; baseline 0.006 -20"><span class='ocrx_word' id='word_1_358' title='bbox 464 3041 703 3099; x_wconf 80' lang='grc' dir='ltr'>Νεετοιι.</span> <span class='ocrx_word' id='word_1_359' title='bbox 738 3042 843 3117; x_wconf 76' lang='lat' dir='ltr'><strong>[lla</strong></span> <span class='ocrx_word' id='word_1_360' title='bbox 877 3055 931 3100; x_wconf 84' lang='lat' dir='ltr'><strong>et</strong></span> <span class='ocrx_word' id='word_1_361' title='bbox 963 3044 1089 3100; x_wconf 83' lang='lat' dir='ltr'><strong>alibi</strong></span> <span class='ocrx_word' id='word_1_362' title='bbox 1127 3047 1297 3104; x_wconf 80' lang='lat' dir='ltr'><strong>dicit:</strong></span> <span class='ocrx_word' id='word_1_363' title='bbox 1337 3069 1355 3101; x_wconf 74' lang='grc' dir='ltr'><strong>ι</strong></span> <span class='ocrx_word' id='word_1_364' title='bbox 1406 3048 1643 3105; x_wconf 84' lang='lat' dir='ltr'><strong>Locutus</strong></span> <span class='ocrx_word' id='word_1_365' title='bbox 1687 3061 1771 3106; x_wconf 89' lang='lat' dir='ltr'><strong>est</strong></span> <span class='ocrx_word' id='word_1_366' title='bbox 1812 3052 1967 3107; x_wconf 85' lang='lat' dir='ltr'><strong>nobis</strong></span> 
     </span>
    </p>
   </div>
   <div class='ocr_carea' id='block_1_46' title="bbox 394 3135 1968 3212">
    <p class='ocr_par' dir='ltr' id='par_1_46' title="bbox 394 3135 1968 3212">
     <span class='ocr_line' id='line_1_46' title="bbox 394 3135 1968 3212; baseline 0.004 -22"><span class='ocrx_word' id='word_1_367' title='bbox 394 3136 447 3190; x_wconf 83' lang='lat' dir='ltr'><strong>in</strong></span> <span class='ocrx_word' id='word_1_368' title='bbox 474 3135 630 3199; x_wconf 77' lang='lat' dir='ltr'><strong>Filio,</strong></span> <span class='ocrx_word' id='word_1_369' title='bbox 659 3154 818 3205; x_wconf 87' lang='lat' dir='ltr'><strong>quem</strong></span> <span class='ocrx_word' id='word_1_370' title='bbox 844 3139 1122 3192; x_wconf 77' lang='lat' dir='ltr'><strong>constituit</strong></span> <span class='ocrx_word' id='word_1_371' title='bbox 1150 3139 1414 3195; x_wconf 53' lang='lat' dir='ltr'><strong>baéredem</strong></span> <span class='ocrx_word' id='word_1_372' title='bbox 1449 3142 1847 3208; x_wconf 88' lang='lat' dir='ltr'><strong>universorum,</strong></span> <span class='ocrx_word' id='word_1_373' title='bbox 1870 3159 1968 3212; x_wconf 80' lang='lat' dir='ltr'><strong>per</strong></span> 
     </span>
    </p>
   </div>
   <div class='ocr_carea' id='block_1_47' title="bbox 2079 1944 3669 2018">
    <p class='ocr_par' dir='ltr' id='par_1_47' title="bbox 2079 1944 3669 2018">
     <span class='ocr_line' id='line_1_47' title="bbox 2079 1944 3669 2018; baseline -0.001 -20"><span class='ocrx_word' id='word_1_374' title='bbox 2079 1945 2213 1999; x_wconf 63' lang='grc' dir='ltr'>ὤσει</span> <span class='ocrx_word' id='word_1_375' title='bbox 2240 1944 2399 2010; x_wconf 70' lang='grc' dir='ltr'>ἄνθος</span> <span class='ocrx_word' id='word_1_376' title='bbox 2430 1945 2524 2000; x_wconf 86' lang='grc' dir='ltr'><strong>τοῦ</strong></span> <span class='ocrx_word' id='word_1_377' title='bbox 2550 1944 2747 2018; x_wconf 85' lang='grc' dir='ltr'>ἀγροῦ,</span> <span class='ocrx_word' id='word_1_378' title='bbox 2772 1946 2947 2010; x_wconf 79' lang='grc' dir='ltr'>οὕτως</span> <span class='ocrx_word' id='word_1_379' title='bbox 2977 1945 3293 2016; x_wconf 75' lang='grc' dir='ltr'>ὲξανθήσεισ</span> <span class='ocrx_word' id='word_1_380' title='bbox 3325 1947 3408 1999; x_wconf 85' lang='grc' dir='ltr'>ὅτι</span> <span class='ocrx_word' id='word_1_381' title='bbox 3437 1944 3669 2015; x_wconf 80' lang='grc' dir='ltr'>πνεῦμα</span> 
     </span>
    </p>
   </div>
   <div class='ocr_carea' id='block_1_48' title="bbox 2077 2033 3653 2109">
    <p class='ocr_par' dir='ltr' id='par_1_48' title="bbox 2077 2033 3653 2109">
     <span class='ocr_line' id='line_1_48' title="bbox 2077 2033 3653 2109; baseline -0.001 -21"><span class='ocrx_word' id='word_1_382' title='bbox 2077 2033 2289 2108; x_wconf 82' lang='grc' dir='ltr'>διῆλθεν</span> <span class='ocrx_word' id='word_1_383' title='bbox 2311 2037 2368 2090; x_wconf 85' lang='grc' dir='ltr'>ὲν</span> <span class='ocrx_word' id='word_1_384' title='bbox 2394 2036 2563 2107; x_wconf 80' lang='grc' dir='ltr'>αὐτῷ,</span> <span class='ocrx_word' id='word_1_385' title='bbox 2587 2037 2681 2089; x_wconf 73' lang='grc' dir='ltr'>καὶ</span> <span class='ocrx_word' id='word_1_386' title='bbox 2704 2037 2802 2107; x_wconf 82' lang='grc' dir='ltr'>οὐχ</span> <span class='ocrx_word' id='word_1_387' title='bbox 2824 2034 3075 2109; x_wconf 80' lang='grc' dir='ltr'>ὑπάρξει.</span> <span class='ocrx_word' id='word_1_388' title='bbox 3102 2054 3121 2089; x_wconf 74' lang='grc' dir='ltr'><strong>ι</strong></span> <span class='ocrx_word' id='word_1_389' title='bbox 3144 2037 3279 2107; x_wconf 72' lang='grc' dir='ltr'>Περὶ</span> <span class='ocrx_word' id='word_1_390' title='bbox 3297 2035 3352 2088; x_wconf 82' lang='grc' dir='ltr'><strong>δὲ</strong></span> <span class='ocrx_word' id='word_1_391' title='bbox 3374 2038 3473 2107; x_wconf 82' lang='grc' dir='ltr'><strong>τῆς</strong></span> <span class='ocrx_word' id='word_1_392' title='bbox 3493 2035 3653 2101; x_wconf 80' lang='grc' dir='ltr'>ἁγίας</span> 
     </span>
    </p>
   </div>
   <div class='ocr_carea' id='block_1_49' title="bbox 2079 2126 3651 2199">
    <p class='ocr_par' dir='ltr' id='par_1_49' title="bbox 2079 2126 3651 2199">
     <span class='ocr_line' id='line_1_49' title="bbox 2079 2126 3651 2199; baseline -0.001 -18"><span class='ocrx_word' id='word_1_393' title='bbox 2079 2126 2356 2198; x_wconf 77' lang='grc' dir='ltr'>Παρθένου</span> <span class='ocrx_word' id='word_1_394' title='bbox 2404 2127 2457 2181; x_wconf 85' lang='grc' dir='ltr'><strong>τί</strong></span> <span class='ocrx_word' id='word_1_395' title='bbox 2505 2127 2748 2182; x_wconf 84' lang='grc' dir='ltr'>τοιοῦτον</span> <span class='ocrx_word' id='word_1_396' title='bbox 2810 2127 2955 2197; x_wconf 79' lang='grc' dir='ltr'>ἔχεις</span> <span class='ocrx_word' id='word_1_397' title='bbox 3006 2126 3396 2199; x_wconf 82' lang='grc' dir='ltr'>γεγραμμένον</span> <span class='ocrx_word' id='word_1_398' title='bbox 3436 2128 3651 2190; x_wconf 76' lang='grc' dir='ltr'>είπεῐνς</span> 
     </span>
    </p>
   </div>
   <div class='ocr_carea' id='block_1_50' title="bbox 2080 2217 3679 2290">
    <p class='ocr_par' dir='ltr' id='par_1_50' title="bbox 2080 2217 3679 2290">
     <span class='ocr_line' id='line_1_50' title="bbox 2080 2217 3679 2290; baseline -0.001 -19"><span class='ocrx_word' id='word_1_399' title='bbox 2080 2218 2203 2271; x_wconf 86' lang='grc' dir='ltr'>Ὅτι</span> <span class='ocrx_word' id='word_1_400' title='bbox 2232 2217 2291 2272; x_wconf 82' lang='grc' dir='ltr'><strong>δὲ</strong></span> <span class='ocrx_word' id='word_1_401' title='bbox 2328 2218 2647 2289; x_wconf 74' lang='grc' dir='ltr'>γεγέννηται</span> <span class='ocrx_word' id='word_1_402' title='bbox 2686 2218 2819 2282; x_wconf 79' lang='grc' dir='ltr'>Θεὸς</span> <span class='ocrx_word' id='word_1_403' title='bbox 2863 2220 2923 2285; x_wconf 77' lang='grc' dir='ltr'>ἐξ</span> <span class='ocrx_word' id='word_1_404' title='bbox 2956 2219 3154 2290; x_wconf 73' lang='grc' dir='ltr'>αὐτῆς,</span> <span class='ocrx_word' id='word_1_405' title='bbox 3183 2219 3247 2271; x_wconf 83' lang='grc' dir='ltr'><strong>τὸ</strong></span> <span class='ocrx_word' id='word_1_406' title='bbox 3280 2218 3420 2272; x_wconf 83' lang='grc' dir='ltr'><strong>κατά</strong></span> <span class='ocrx_word' id='word_1_407' title='bbox 3451 2217 3679 2287; x_wconf 79' lang='grc' dir='ltr'>σάρκα,</span> 
     </span>
    </p>
   </div>
   <div class='ocr_carea' id='block_1_51' title="bbox 2078 2309 3677 2383">
    <p class='ocr_par' dir='ltr' id='par_1_51' title="bbox 2078 2309 3677 2383">
     <span class='ocr_line' id='line_1_51' title="bbox 2078 2309 3677 2383; baseline -0.001 -19"><span class='ocrx_word' id='word_1_408' title='bbox 2078 2311 2243 2383; x_wconf 77' lang='grc' dir='ltr'>φημὶ,</span> <span class='ocrx_word' id='word_1_409' title='bbox 2266 2309 2671 2382; x_wconf 83' lang='grc' dir='ltr'>διαμεμήνυκεν</span> <span class='ocrx_word' id='word_1_410' title='bbox 2697 2312 2955 2383; x_wconf 70' lang='grc' dir='ltr'>ἐναργῶς</span> <span class='ocrx_word' id='word_1_411' title='bbox 2974 2313 3023 2382; x_wconf 57' lang='grc' dir='ltr'><strong>ἠχ</strong></span> <span class='ocrx_word' id='word_1_412' title='bbox 3040 2310 3415 2376; x_wconf 76' lang='grc' dir='ltr'>θεόπνευστος</span> <span class='ocrx_word' id='word_1_413' title='bbox 3436 2310 3649 2381; x_wconf 66' lang='grc' dir='ltr'>Γραφήε</span> <span class='ocrx_word' id='word_1_414' title='bbox 3674 2322 3677 2325; x_wconf 75' lang='lat'><em>‘</em></span> 
     </span>
    </p>
   </div>
   <div class='ocr_carea' id='block_1_52' title="bbox 2076 2396 3679 2474">
    <p class='ocr_par' dir='ltr' id='par_1_52' title="bbox 2076 2396 3679 2474">
     <span class='ocr_line' id='line_1_52' title="bbox 2076 2396 3679 2474; baseline -0.002 -16"><span class='ocrx_word' id='word_1_415' title='bbox 2076 2400 2209 2474; x_wconf 81' lang='grc' dir='ltr'>Εῐμι</span> <span class='ocrx_word' id='word_1_416' title='bbox 2248 2403 2308 2457; x_wconf 88' lang='grc' dir='ltr'><strong>δὲ</strong></span> <span class='ocrx_word' id='word_1_417' title='bbox 2337 2404 2402 2474; x_wconf 86' lang='grc' dir='ltr'><strong>δὴ</strong></span> <span class='ocrx_word' id='word_1_418' title='bbox 2434 2404 2598 2457; x_wconf 81' lang='grc' dir='ltr'>πάλιν</span> <span class='ocrx_word' id='word_1_419' title='bbox 2646 2403 2739 2457; x_wconf 83' lang='grc' dir='ltr'><strong>ὲπί</strong></span> <span class='ocrx_word' id='word_1_420' title='bbox 2785 2420 2849 2473; x_wconf 89' lang='grc' dir='ltr'><strong>γε</strong></span> <span class='ocrx_word' id='word_1_421' title='bbox 2887 2405 3013 2469; x_wconf 75' lang='grc' dir='ltr'>τοὺς</span> <span class='ocrx_word' id='word_1_422' title='bbox 3048 2405 3207 2468; x_wconf 80' lang='grc' dir='ltr'>σοὺς,</span> <span class='ocrx_word' id='word_1_423' title='bbox 3248 2396 3295 2457; x_wconf 82' lang='grc' dir='ltr'><strong>ὦ</strong></span> <span class='ocrx_word' id='word_1_424' title='bbox 3327 2403 3679 2474; x_wconf 64' lang='grc' dir='ltr'>πανάριστε.ς</span> 
     </span>
    </p>
   </div>
   <div class='ocr_carea' id='block_1_53' title="bbox 2075 2493 3679 2565">
    <p class='ocr_par' dir='ltr' id='par_1_53' title="bbox 2075 2493 3679 2565">
     <span class='ocr_line' id='line_1_53' title="bbox 2075 2493 3679 2565; baseline -0.001 -18"><span class='ocrx_word' id='word_1_425' title='bbox 2075 2493 2303 2563; x_wconf 81' lang='grc' dir='ltr'>λόγους..</span> <span class='ocrx_word' id='word_1_426' title='bbox 2336 2494 2759 2565; x_wconf 86' lang='grc' dir='ltr'>Διωμολόγηκας</span> <span class='ocrx_word' id='word_1_427' title='bbox 2807 2494 2937 2565; x_wconf 69' lang='grc' dir='ltr'>γὰρ»</span> <span class='ocrx_word' id='word_1_428' title='bbox 2958 2494 3052 2548; x_wconf 76' lang='grc' dir='ltr'>καὶ</span> <span class='ocrx_word' id='word_1_429' title='bbox 3100 2494 3297 2561; x_wconf 80' lang='grc' dir='ltr'>αὐτὸς,</span> <span class='ocrx_word' id='word_1_430' title='bbox 3340 2494 3449 2547; x_wconf 76' lang='grc' dir='ltr'>καὶ·</span> <span class='ocrx_word' id='word_1_431' title='bbox 3491 2493 3679 2549; x_wconf 78' lang='grc' dir='ltr'>τοῦτο’</span> 
     </span>
    </p>
   </div>
   <div class='ocr_carea' id='block_1_54' title="bbox 2076 2585 3681 2657">
    <p class='ocr_par' dir='ltr' id='par_1_54' title="bbox 2076 2585 3681 2657">
     <span class='ocr_line' id='line_1_54' title="bbox 2076 2585 3681 2657; baseline 0 -18"><span class='ocrx_word' id='word_1_432' title='bbox 2076 2585 2411 2651; x_wconf 86' lang='grc' dir='ltr'>πλειστάκις,</span> <span class='ocrx_word' id='word_1_433' title='bbox 2441 2588 2523 2641; x_wconf 79' lang='grc' dir='ltr'><strong>ὅτι</strong></span> <span class='ocrx_word' id='word_1_434' title='bbox 2558 2587 2749 2657; x_wconf 86' lang='grc' dir='ltr'>γέγονε</span> <span class='ocrx_word' id='word_1_435' title='bbox 2785 2586 2923 2657; x_wconf 77' lang='grc' dir='ltr'>σὰρξ</span> <span class='ocrx_word' id='word_1_436' title='bbox 2959 2586 2987 2639; x_wconf 82' lang='grc' dir='ltr'>ὁ</span> <span class='ocrx_word' id='word_1_437' title='bbox 3018 2586 3353 2655; x_wconf 50' lang='grc' dir='ltr'>Λόγοςοηκαὶ</span> <span class='ocrx_word' id='word_1_438' title='bbox 3383 2585 3651 2639; x_wconf 60' lang='grc' dir='ltr'>οὑκηάπό-</span> <span class='ocrx_word' id='word_1_439' title='bbox 3677 2612 3681 2617; x_wconf 75' lang='lat'><strong><em>~</em></strong></span> 
     </span>
    </p>
   </div>
   <div class='ocr_carea' id='block_1_55' title="bbox 2075 2676 3651 2749">
    <p class='ocr_par' dir='ltr' id='par_1_55' title="bbox 2075 2676 3651 2749">
     <span class='ocr_line' id='line_1_55' title="bbox 2075 2676 3651 2749; baseline 0 -18"><span class='ocrx_word' id='word_1_440' title='bbox 2075 2676 2280 2749; x_wconf 71' lang='grc' dir='ltr'>ὄλητονς</span> <span class='ocrx_word' id='word_1_441' title='bbox 2297 2679 2535 2747; x_wconf 73' lang='grc' dir='ltr'>ἐποιήσω</span> <span class='ocrx_word' id='word_1_442' title='bbox 2561 2679 2661 2749; x_wconf 83' lang='grc' dir='ltr'>τὴν</span> <span class='ocrx_word' id='word_1_443' title='bbox 2696 2679 2915 2749; x_wconf 58' lang='grc' dir='ltr'>φωνήνι·</span> <span class='ocrx_word' id='word_1_444' title='bbox 2949 2678 3043 2731; x_wconf 74' lang='grc' dir='ltr'>καὶ</span> <span class='ocrx_word' id='word_1_445' title='bbox 3082 2678 3217 2748; x_wconf 88' lang='grc' dir='ltr'>πρός</span> <span class='ocrx_word' id='word_1_446' title='bbox 3245 2691 3307 2746; x_wconf 89' lang='grc' dir='ltr'><strong>γε</strong></span> <span class='ocrx_word' id='word_1_447' title='bbox 3344 2677 3519 2748; x_wconf 84' lang='grc' dir='ltr'>τούτῳ</span> <span class='ocrx_word' id='word_1_448' title='bbox 3551 2676 3651 2731; x_wconf 83' lang='grc' dir='ltr'>κά-</span> 
     </span>
    </p>
   </div>
   <div class='ocr_carea' id='block_1_56' title="bbox 2075 2766 3649 2840">
    <p class='ocr_par' dir='ltr' id='par_1_56' title="bbox 2075 2766 3649 2840">
     <span class='ocr_line' id='line_1_56' title="bbox 2075 2766 3649 2840; baseline -0.001 -19"><span class='ocrx_word' id='word_1_449' title='bbox 2075 2768 2248 2822; x_wconf 81' lang='grc' dir='ltr'>κεῖνο·</span> <span class='ocrx_word' id='word_1_450' title='bbox 2280 2769 2378 2840; x_wconf 75' lang='grc' dir='ltr'><strong>τὴν</strong></span> <span class='ocrx_word' id='word_1_451' title='bbox 2415 2768 2523 2840; x_wconf 76' lang='grc' dir='ltr'><strong>γάρ</strong></span> <span class='ocrx_word' id='word_1_452' title='bbox 2547 2786 2630 2822; x_wconf 91' lang='grc' dir='ltr'><strong>τοι</strong></span> <span class='ocrx_word' id='word_1_453' title='bbox 2662 2768 2755 2822; x_wconf 88' lang='grc' dir='ltr'><strong>τοῦ</strong></span> <span class='ocrx_word' id='word_1_454' title='bbox 2788 2767 3129 2837; x_wconf 82' lang='grc' dir='ltr'>Μονογενοῦς</span> <span class='ocrx_word' id='word_1_455' title='bbox 3180 2766 3433 2837; x_wconf 82' lang='grc' dir='ltr'>θεότητα,</span> <span class='ocrx_word' id='word_1_456' title='bbox 3463 2766 3649 2836; x_wconf 81' lang='grc' dir='ltr'>σαφῶς</span> 
     </span>
    </p>
   </div>
   <div class='ocr_carea' id='block_1_57' title="bbox 2074 2858 3680 2932">
    <p class='ocr_par' dir='ltr' id='par_1_57' title="bbox 2074 2858 3680 2932">
     <span class='ocr_line' id='line_1_57' title="bbox 2074 2858 3680 2932; baseline -0.001 -18"><span class='ocrx_word' id='word_1_457' title='bbox 2074 2861 2167 2914; x_wconf 76' lang='grc' dir='ltr'>καὶ</span> <span class='ocrx_word' id='word_1_458' title='bbox 2187 2861 2487 2931; x_wconf 76' lang='grc' dir='ltr'>ἀναφανδὸν</span> <span class='ocrx_word' id='word_1_459' title='bbox 2511 2860 2930 2931; x_wconf 76' lang='grc' dir='ltr'>ὲνανθρωπῆσαι</span> <span class='ocrx_word' id='word_1_460' title='bbox 2961 2858 3406 2932; x_wconf 70' lang='grc' dir='ltr'>φής.,Γέγραφας</span> <span class='ocrx_word' id='word_1_461' title='bbox 3441 2858 3498 2911; x_wconf 81' lang='grc' dir='ltr'><strong>δὲ</strong></span> <span class='ocrx_word' id='word_1_462' title='bbox 3528 2874 3651 2912; x_wconf 71' lang='grc' dir='ltr'>τουν</span> <span class='ocrx_word' id='word_1_463' title='bbox 3676 2882 3680 2889; x_wconf 63' lang='grc' dir='ltr'><strong>υ</strong></span> 
     </span>
    </p>
   </div>
   <div class='ocr_carea' id='block_1_58' title="bbox 2072 2952 2569 3023">
    <p class='ocr_par' dir='ltr' id='par_1_58' title="bbox 2072 2952 2569 3023">
     <span class='ocr_line' id='line_1_58' title="bbox 2072 2952 2569 3023; baseline 0 -18"><span class='ocrx_word' id='word_1_464' title='bbox 2072 2952 2185 3006; x_wconf 64' lang='grc' dir='ltr'>τον).</span> <span class='ocrx_word' id='word_1_465' title='bbox 2217 2953 2307 3006; x_wconf 76' lang='grc' dir='ltr'><strong>τὸν</strong></span> <span class='ocrx_word' id='word_1_466' title='bbox 2336 2953 2569 3023; x_wconf 82' lang='grc' dir='ltr'>τρόπον..</span> 
     </span>
    </p>
   </div>
   <div class='ocr_carea' id='block_1_59' title="bbox 2145 3039 3671 3116">
    <p class='ocr_par' dir='ltr' id='par_1_59' title="bbox 2145 3039 3671 3116">
     <span class='ocr_line' id='line_1_59' title="bbox 2145 3039 3671 3116; baseline -0.003 -19"><span class='ocrx_word' id='word_1_467' title='bbox 2145 3042 2327 3114; x_wconf 74' lang='grc' dir='ltr'><strong>[Οὕτω</strong></span> <span class='ocrx_word' id='word_1_468' title='bbox 2355 3044 2450 3098; x_wconf 80' lang='grc' dir='ltr'><strong>καὶ</strong></span> <span class='ocrx_word' id='word_1_469' title='bbox 2475 3045 2533 3096; x_wconf 80' lang='grc' dir='ltr'>ὲν</span> <span class='ocrx_word' id='word_1_470' title='bbox 2564 3043 2773 3116; x_wconf 81' lang='grc' dir='ltr'>ἑτέροις</span> <span class='ocrx_word' id='word_1_471' title='bbox 2810 3043 3009 3114; x_wconf 58' lang='grc' dir='ltr'>φησίνρ</span> <span class='ocrx_word' id='word_1_472' title='bbox 3033 3062 3067 3095; x_wconf 60' lang='grc' dir='ltr'><strong>ιη</strong></span> <span class='ocrx_word' id='word_1_473' title='bbox 3092 3039 3386 3113; x_wconf 76' lang='grc' dir='ltr'>’Βλάλησεν</span> <span class='ocrx_word' id='word_1_474' title='bbox 3414 3042 3549 3112; x_wconf 79' lang='grc' dir='ltr'>ἡμῖν</span> <span class='ocrx_word' id='word_1_475' title='bbox 3590 3043 3671 3093; x_wconf 64' lang='grc' dir='ltr'>ὲνε</span> 
     </span>
    </p>
   </div>
   <div class='ocr_carea' id='block_1_60' title="bbox 2072 3129 3645 3207">
    <p class='ocr_par' dir='ltr' id='par_1_60' title="bbox 2072 3129 3645 3207">
     <span class='ocr_line' id='line_1_60' title="bbox 2072 3129 3645 3207; baseline -0.001 -19"><span class='ocrx_word' id='word_1_476' title='bbox 2072 3134 2207 3205; x_wconf 76' lang='grc' dir='ltr'>Υίῷ,</span> <span class='ocrx_word' id='word_1_477' title='bbox 2239 3135 2299 3189; x_wconf 77' lang='grc' dir='ltr'>ὃν</span> <span class='ocrx_word' id='word_1_478' title='bbox 2340 3135 2492 3189; x_wconf 75' lang='grc' dir='ltr'>ἔθετο</span> <span class='ocrx_word' id='word_1_479' title='bbox 2537 3136 2873 3207; x_wconf 70' lang='grc' dir='ltr'>κληρονόμον</span> <span class='ocrx_word' id='word_1_480' title='bbox 2920 3136 3159 3199; x_wconf 82' lang='grc' dir='ltr'>πάντων,</span> <span class='ocrx_word' id='word_1_481' title='bbox 3190 3134 3258 3188; x_wconf 68' lang='grc' dir='ltr'>διῗ</span> <span class='ocrx_word' id='word_1_482' title='bbox 3293 3129 3355 3189; x_wconf 78' lang='grc' dir='ltr'>οὗ</span> <span class='ocrx_word' id='word_1_483' title='bbox 3392 3135 3489 3187; x_wconf 80' lang='grc' dir='ltr'><strong>καί</strong></span> <span class='ocrx_word' id='word_1_484' title='bbox 3520 3134 3645 3196; x_wconf 81' lang='grc' dir='ltr'>τοὺς</span> 
     </span>
    </p>
   </div>
   <div class='ocr_carea' id='block_1_61' title="bbox 393 3224 1969 3305">
    <p class='ocr_par' dir='ltr' id='par_1_61' title="bbox 393 3228 1962 3305">
     <span class='ocr_line' id='line_1_61' title="bbox 393 3228 1962 3305; baseline 0.006 -25"><span class='ocrx_word' id='word_1_485' title='bbox 393 3244 550 3292; x_wconf 83' lang='lat' dir='ltr'><strong>quem</strong></span> <span class='ocrx_word' id='word_1_486' title='bbox 582 3228 707 3282; x_wconf 82' lang='lat' dir='ltr'><strong>fecit</strong></span> <span class='ocrx_word' id='word_1_487' title='bbox 737 3239 787 3281; x_wconf 92' lang='lat' dir='ltr'><strong>et</strong></span> <span class='ocrx_word' id='word_1_488' title='bbox 830 3230 1069 3284; x_wconf 70' lang='lat' dir='ltr'><strong>saecula:</strong></span> <span class='ocrx_word' id='word_1_489' title='bbox 1112 3231 1202 3299; x_wconf 91' lang='lat' dir='ltr'><strong>qui</strong></span> <span class='ocrx_word' id='word_1_490' title='bbox 1252 3249 1374 3285; x_wconf 90' lang='lat' dir='ltr'><strong>cum</strong></span> <span class='ocrx_word' id='word_1_491' title='bbox 1427 3233 1497 3287; x_wconf 90' lang='lat' dir='ltr'><strong>sit</strong></span> <span class='ocrx_word' id='word_1_492' title='bbox 1547 3235 1799 3301; x_wconf 86' lang='lat' dir='ltr'><strong>splendor</strong></span> <span class='ocrx_word' id='word_1_493' title='bbox 1847 3236 1962 3305; x_wconf 75' lang='lat' dir='ltr'><strong>glo-</strong></span> 
     </span>
    </p>
   </div>
   <div class='ocr_carea' id='block_1_62' title="bbox 2074 3224 3675 3305">
    <p class='ocr_par' dir='ltr' id='par_1_62' title="bbox 2074 3224 3675 3299">
     <span class='ocr_line' id='line_1_62' title="bbox 2074 3224 3675 3299; baseline 0.004 -17"><span class='ocrx_word' id='word_1_494' title='bbox 2074 3229 2268 3291; x_wconf 69' lang='grc' dir='ltr'>αἰῶνας</span> <span class='ocrx_word' id='word_1_495' title='bbox 2287 3228 2544 3298; x_wconf 75' lang='grc' dir='ltr'>ἐποίησεν</span> <span class='ocrx_word' id='word_1_496' title='bbox 2560 3245 2573 3259; x_wconf 77' lang='grc' dir='ltr'><strong>ο</strong></span> <span class='ocrx_word' id='word_1_497' title='bbox 2600 3228 2659 3291; x_wconf 81' lang='grc' dir='ltr'>ὃς</span> <span class='ocrx_word' id='word_1_498' title='bbox 2685 3227 2761 3281; x_wconf 82' lang='grc' dir='ltr'>ὢν</span> <span class='ocrx_word' id='word_1_499' title='bbox 2782 3227 3125 3299; x_wconf 76' lang='grc' dir='ltr'>ἀπαύγασμα</span> <span class='ocrx_word' id='word_1_500' title='bbox 3143 3228 3246 3297; x_wconf 80' lang='grc' dir='ltr'>τῆς</span> <span class='ocrx_word' id='word_1_501' title='bbox 3266 3227 3425 3297; x_wconf 76' lang='grc' dir='ltr'>δόξης</span> <span class='ocrx_word' id='word_1_502' title='bbox 3441 3242 3456 3256; x_wconf 80' lang='grc'><strong><em>⁸</em></strong></span> <span class='ocrx_word' id='word_1_503' title='bbox 3480 3246 3499 3276; x_wconf 74' lang='grc' dir='ltr'>ι</span> <span class='ocrx_word' id='word_1_504' title='bbox 3532 3224 3647 3288; x_wconf 74' lang='grc' dir='ltr'>θεὶς</span> <span class='ocrx_word' id='word_1_505' title='bbox 3674 3246 3675 3251; x_wconf 84' lang='lat'>‘</span> 
     </span>
    </p>
   </div>
   <div class='ocr_carea' id='block_1_63' title="bbox 394 3317 1964 3390">
    <p class='ocr_par' dir='ltr' id='par_1_63' title="bbox 394 3317 1964 3390">
     <span class='ocr_line' id='line_1_63' title="bbox 394 3317 1964 3390; baseline 0.006 -19"><span class='ocrx_word' id='word_1_506' title='bbox 394 3320 487 3372; x_wconf 77' lang='lat' dir='ltr'><strong>ria:</strong></span> <span class='ocrx_word' id='word_1_507' title='bbox 515 3318 579 3373; x_wconf 75' lang='lat'><strong>“.</strong></span> <span class='ocrx_word' id='word_1_508' title='bbox 619 3337 638 3370; x_wconf 71' lang='grc' dir='ltr'><strong>ο</strong></span> <span class='ocrx_word' id='word_1_509' title='bbox 675 3317 811 3374; x_wconf 85' lang='lat' dir='ltr'><strong>Cum</strong></span> <span class='ocrx_word' id='word_1_510' title='bbox 860 3320 1151 3389; x_wconf 88' lang='lat' dir='ltr'><strong>posuisset,</strong></span> <span class='ocrx_word' id='word_1_511' title='bbox 1204 3319 1414 3390; x_wconf 75' lang='lat' dir='ltr'><strong>Filius,</strong></span> <span class='ocrx_word' id='word_1_512' title='bbox 1466 3334 1582 3378; x_wconf 92' lang='lat' dir='ltr'><strong>tuto</strong></span> <span class='ocrx_word' id='word_1_513' title='bbox 1618 3326 1760 3379; x_wconf 90' lang='lat' dir='ltr'><strong>hunc</strong></span> <span class='ocrx_word' id='word_1_514' title='bbox 1803 3334 1964 3380; x_wconf 83' lang='lat' dir='ltr'><strong>vocat</strong></span> 
     </span>
    </p>
   </div>
   <div class='ocr_carea' id='block_1_64' title="bbox 391 3410 1959 3482">
    <p class='ocr_par' dir='ltr' id='par_1_64' title="bbox 391 3410 1959 3482">
     <span class='ocr_line' id='line_1_64' title="bbox 391 3410 1959 3482; baseline 0.006 -19"><span class='ocrx_word' id='word_1_515' title='bbox 391 3410 553 3465; x_wconf 89' lang='lat' dir='ltr'><strong>etiam</strong></span> <span class='ocrx_word' id='word_1_516' title='bbox 584 3411 923 3480; x_wconf 78' lang='lat' dir='ltr'><strong>Splendorem</strong></span> <span class='ocrx_word' id='word_1_517' title='bbox 955 3413 1137 3482; x_wconf 74' lang='lat' dir='ltr'><strong>gloria:</strong></span> <span class='ocrx_word' id='word_1_518' title='bbox 1165 3423 1219 3468; x_wconf 87' lang='lat' dir='ltr'><strong>et</strong></span> <span class='ocrx_word' id='word_1_519' title='bbox 1259 3415 1609 3470; x_wconf 86' lang='lat' dir='ltr'><strong>constitutum</strong></span> <span class='ocrx_word' id='word_1_520' title='bbox 1650 3416 1916 3472; x_wconf 65' lang='lat' dir='ltr'><strong>haeredem</strong></span> <span class='ocrx_word' id='word_1_521' title='bbox 1944 3432 1959 3472; x_wconf 91' lang='lat'><strong>:</strong></span> 
     </span>
    </p>
   </div>
   <div class='ocr_carea' id='block_1_65' title="bbox 393 3503 1963 3573">
    <p class='ocr_par' dir='ltr' id='par_1_65' title="bbox 393 3503 1963 3573">
     <span class='ocr_line' id='line_1_65' title="bbox 393 3503 1963 3573; baseline 0.002 -17"><span class='ocrx_word' id='word_1_522' title='bbox 393 3503 660 3557; x_wconf 78' lang='lat' dir='ltr'><strong>lneredem</strong></span> <span class='ocrx_word' id='word_1_523' title='bbox 711 3504 925 3572; x_wconf 77' lang='lat' dir='ltr'><strong>quidem</strong></span> <span class='ocrx_word' id='word_1_524' title='bbox 977 3504 1271 3558; x_wconf 83' lang='lat' dir='ltr'><strong>secundum</strong></span> <span class='ocrx_word' id='word_1_525' title='bbox 1308 3520 1525 3560; x_wconf 82' lang='lat' dir='ltr'><strong>carnem</strong></span> <span class='ocrx_word' id='word_1_526' title='bbox 1574 3508 1963 3573; x_wconf 81' lang='lat' dir='ltr'><strong>constitutum,</strong></span> 
     </span>
    </p>
   </div>
   <div class='ocr_carea' id='block_1_66' title="bbox 390 3591 1964 3664">
    <p class='ocr_par' dir='ltr' id='par_1_66' title="bbox 390 3591 1964 3664">
     <span class='ocr_line' id='line_1_66' title="bbox 390 3591 1964 3664; baseline 0.005 -20"><span class='ocrx_word' id='word_1_527' title='bbox 390 3591 729 3658; x_wconf 73' lang='lat' dir='ltr'><strong>splendorem</strong></span> <span class='ocrx_word' id='word_1_528' title='bbox 763 3608 889 3647; x_wconf 83' lang='lat' dir='ltr'><strong>vero</strong></span> <span class='ocrx_word' id='word_1_529' title='bbox 913 3604 1149 3662; x_wconf 65' lang='lat' dir='ltr'><strong>paternas</strong></span> <span class='ocrx_word' id='word_1_530' title='bbox 1178 3595 1365 3664; x_wconf 71' lang='lat' dir='ltr'><strong>gloria:</strong></span> <span class='ocrx_word' id='word_1_531' title='bbox 1391 3598 1684 3651; x_wconf 74' lang='lat' dir='ltr'><strong>secundum</strong></span> <span class='ocrx_word' id='word_1_532' title='bbox 1712 3599 1964 3653; x_wconf 85' lang='lat' dir='ltr'><strong>divinita-</strong></span> 
     </span>
    </p>
   </div>
   <div class='ocr_carea' id='block_1_67' title="bbox 394 3684 1963 3748">
    <p class='ocr_par' dir='ltr' id='par_1_67' title="bbox 394 3684 1963 3748">
     <span class='ocr_line' id='line_1_67' title="bbox 394 3684 1963 3748; baseline 0.008 -13"><span class='ocrx_word' id='word_1_533' title='bbox 394 3696 499 3737; x_wconf 82' lang='lat' dir='ltr'><strong>tem</strong></span> <span class='ocrx_word' id='word_1_534' title='bbox 534 3699 549 3737; x_wconf 87' lang='lat'><strong>:</strong></span> <span class='ocrx_word' id='word_1_535' title='bbox 582 3699 686 3738; x_wconf 91' lang='lat' dir='ltr'><strong>non</strong></span> <span class='ocrx_word' id='word_1_536' title='bbox 726 3684 870 3738; x_wconf 87' lang='lat' dir='ltr'><strong>enim</strong></span> <span class='ocrx_word' id='word_1_537' title='bbox 912 3685 1223 3741; x_wconf 74' lang='lat' dir='ltr'><strong>incarnatus</strong></span> <span class='ocrx_word' id='word_1_538' title='bbox 1252 3690 1503 3743; x_wconf 72' lang='lat' dir='ltr'><strong>discessit</strong></span> <span class='ocrx_word' id='word_1_539' title='bbox 1538 3705 1566 3743; x_wconf 86' lang='lat' dir='ltr'><strong>a</strong></span> <span class='ocrx_word' id='word_1_540' title='bbox 1612 3691 1963 3748; x_wconf 85' lang='lat' dir='ltr'><strong>similitudine</strong></span> 
     </span>
    </p>
   </div>
   <div class='ocr_carea' id='block_1_68' title="bbox 392 3769 1960 3849">
    <p class='ocr_par' dir='ltr' id='par_1_68' title="bbox 392 3769 1960 3849">
     <span class='ocr_line' id='line_1_68' title="bbox 392 3769 1960 3849; baseline 0.008 -26"><span class='ocrx_word' id='word_1_541' title='bbox 392 3769 592 3825; x_wconf 78' lang='lat' dir='ltr'><strong>Patris.</strong></span> <span class='ocrx_word' id='word_1_542' title='bbox 639 3771 903 3826; x_wconf 69' lang='lat' dir='ltr'><strong>Prmterea</strong></span> <span class='ocrx_word' id='word_1_543' title='bbox 938 3772 1017 3827; x_wconf 89' lang='lat' dir='ltr'><strong>sic</strong></span> <span class='ocrx_word' id='word_1_544' title='bbox 1046 3790 1233 3830; x_wconf 89' lang='lat' dir='ltr'><strong>rursus</strong></span> <span class='ocrx_word' id='word_1_545' title='bbox 1259 3776 1387 3831; x_wconf 88' lang='lat' dir='ltr'><strong>dicit</strong></span> <span class='ocrx_word' id='word_1_546' title='bbox 1416 3794 1429 3829; x_wconf 94' lang='lat'><strong>:</strong></span> <span class='ocrx_word' id='word_1_547' title='bbox 1469 3787 1486 3829; x_wconf 71' lang='grc' dir='ltr'><strong>ι</strong></span> <span class='ocrx_word' id='word_1_548' title='bbox 1517 3778 1783 3849; x_wconf 84' lang='lat' dir='ltr'><strong>Tempora</strong></span> <span class='ocrx_word' id='word_1_549' title='bbox 1815 3784 1960 3836; x_wconf 90' lang='lat' dir='ltr'><strong>enim</strong></span> 
     </span>
    </p>
   </div>
   <div class='ocr_carea' id='block_1_69' title="bbox 390 3864 1963 3935">
    <p class='ocr_par' dir='ltr' id='par_1_69' title="bbox 390 3864 1963 3935">
     <span class='ocr_line' id='line_1_69' title="bbox 390 3864 1963 3935; baseline 0.006 -18"><span class='ocrx_word' id='word_1_550' title='bbox 390 3864 710 3935; x_wconf 76' lang='lat' dir='ltr'><strong>ignorantia:</strong></span> <span class='ocrx_word' id='word_1_551' title='bbox 740 3865 1045 3935; x_wconf 86' lang='lat' dir='ltr'><strong>despiciens</strong></span> <span class='ocrx_word' id='word_1_552' title='bbox 1077 3866 1237 3932; x_wconf 82' lang='lat' dir='ltr'><strong>Deus,</strong></span> <span class='ocrx_word' id='word_1_553' title='bbox 1268 3885 1412 3924; x_wconf 86' lang='lat' dir='ltr'><strong>nunc</strong></span> <span class='ocrx_word' id='word_1_554' title='bbox 1444 3871 1697 3927; x_wconf 90' lang='lat' dir='ltr'><strong>omnibus</strong></span> <span class='ocrx_word' id='word_1_555' title='bbox 1731 3872 1963 3927; x_wconf 82' lang='lat' dir='ltr'><strong>homini-</strong></span> 
     </span>
    </p>
   </div>
   <div class='ocr_carea' id='block_1_70' title="bbox 390 3941 1961 4035">
    <p class='ocr_par' dir='ltr' id='par_1_70' title="bbox 390 3941 1961 4035">
     <span class='ocr_line' id='line_1_70' title="bbox 390 3941 1961 4035; baseline 0.005 -24"><span class='ocrx_word' id='word_1_556' title='bbox 390 3958 491 4011; x_wconf 84' lang='lat' dir='ltr'><strong>bus</strong></span> <span class='ocrx_word' id='word_1_557' title='bbox 530 3960 812 4014; x_wconf 78' lang='lat' dir='ltr'><strong>annmitiat</strong></span> <span class='ocrx_word' id='word_1_558' title='bbox 842 3970 898 4015; x_wconf 89' lang='lat' dir='ltr'><strong>ut</strong></span> <span class='ocrx_word' id='word_1_559' title='bbox 944 3941 1315 4029; x_wconf 65' lang='lat' dir='ltr'><strong>paenitentiam</strong></span> <span class='ocrx_word' id='word_1_560' title='bbox 1360 3973 1544 4030; x_wconf 71' lang='lat' dir='ltr'><strong>agant,</strong></span> <span class='ocrx_word' id='word_1_561' title='bbox 1571 3979 1636 4017; x_wconf 91' lang='lat' dir='ltr'><strong>eo</strong></span> <span class='ocrx_word' id='word_1_562' title='bbox 1678 3967 1819 4035; x_wconf 88' lang='lat' dir='ltr'><strong>quod</strong></span> <span class='ocrx_word' id='word_1_563' title='bbox 1848 3978 1961 4021; x_wconf 85' lang='lat' dir='ltr'><strong>sta-</strong></span> 
     </span>
    </p>
   </div>
   <div class='ocr_carea' id='block_1_71' title="bbox 395 4047 1969 4126">
    <p class='ocr_par' dir='ltr' id='par_1_71' title="bbox 395 4047 1969 4126">
     <span class='ocr_line' id='line_1_71' title="bbox 395 4047 1969 4126; baseline 0.006 -24"><span class='ocrx_word' id='word_1_564' title='bbox 395 4047 494 4101; x_wconf 80' lang='lat' dir='ltr'><strong>luit</strong></span> <span class='ocrx_word' id='word_1_565' title='bbox 525 4049 665 4103; x_wconf 88' lang='lat' dir='ltr'><strong>diem</strong></span> <span class='ocrx_word' id='word_1_566' title='bbox 703 4053 754 4103; x_wconf 86' lang='lat' dir='ltr'><strong>In</strong></span> <span class='ocrx_word' id='word_1_567' title='bbox 789 4069 895 4121; x_wconf 86' lang='lat' dir='ltr'><strong>quo</strong></span> <span class='ocrx_word' id='word_1_568' title='bbox 919 4053 1260 4120; x_wconf 79' lang='lat' dir='ltr'><strong>jmliraturus</strong></span> <span class='ocrx_word' id='word_1_569' title='bbox 1281 4063 1361 4108; x_wconf 90' lang='lat' dir='ltr'><strong>est</strong></span> <span class='ocrx_word' id='word_1_570' title='bbox 1385 4056 1568 4109; x_wconf 89' lang='lat' dir='ltr'><strong>orbem</strong></span> <span class='ocrx_word' id='word_1_571' title='bbox 1598 4055 1647 4109; x_wconf 85' lang='lat' dir='ltr'><strong>in</strong></span> <span class='ocrx_word' id='word_1_572' title='bbox 1683 4057 1969 4126; x_wconf 71' lang='lat' dir='ltr'><strong>aequitate,</strong></span> 
     </span>
    </p>
   </div>
   <div class='ocr_carea' id='block_1_72' title="bbox 391 4138 1963 4213">
    <p class='ocr_par' dir='ltr' id='par_1_72' title="bbox 391 4138 1963 4213">
     <span class='ocr_line' id='line_1_72' title="bbox 391 4138 1963 4213; baseline 0.006 -21"><span class='ocrx_word' id='word_1_573' title='bbox 391 4138 446 4192; x_wconf 93' lang='lat' dir='ltr'><strong>in</strong></span> <span class='ocrx_word' id='word_1_574' title='bbox 479 4141 595 4194; x_wconf 89' lang='lat' dir='ltr'><strong>viro</strong></span> <span class='ocrx_word' id='word_1_575' title='bbox 622 4140 671 4193; x_wconf 93' lang='lat' dir='ltr'><strong>in</strong></span> <span class='ocrx_word' id='word_1_576' title='bbox 707 4156 811 4208; x_wconf 89' lang='lat' dir='ltr'><strong>quo</strong></span> <span class='ocrx_word' id='word_1_577' title='bbox 832 4145 1041 4208; x_wconf 81' lang='lat' dir='ltr'><strong>statuit,</strong></span> <span class='ocrx_word' id='word_1_578' title='bbox 1076 4143 1234 4196; x_wconf 83' lang='lat' dir='ltr'><strong>iidem</strong></span> <span class='ocrx_word' id='word_1_579' title='bbox 1265 4144 1509 4213; x_wconf 63' lang='lat' dir='ltr'><strong>praebens</strong></span> <span class='ocrx_word' id='word_1_580' title='bbox 1535 4146 1807 4211; x_wconf 90' lang='lat' dir='ltr'><strong>oumibus,</strong></span> <span class='ocrx_word' id='word_1_581' title='bbox 1838 4162 1963 4203; x_wconf 83' lang='lat' dir='ltr'><strong>sus--</strong></span> 
     </span>
    </p>
   </div>
   <div class='ocr_carea' id='block_1_73' title="bbox 392 4232 1958 4304">
    <p class='ocr_par' dir='ltr' id='par_1_73' title="bbox 392 4232 1958 4304">
     <span class='ocr_line' id='line_1_73' title="bbox 392 4232 1958 4304; baseline 0.008 -21"><span class='ocrx_word' id='word_1_582' title='bbox 392 4232 566 4285; x_wconf 85' lang='lat' dir='ltr'><strong>citaus</strong></span> <span class='ocrx_word' id='word_1_583' title='bbox 618 4247 738 4285; x_wconf 88' lang='lat' dir='ltr'><strong>eum</strong></span> <span class='ocrx_word' id='word_1_584' title='bbox 796 4249 824 4286; x_wconf 90' lang='lat' dir='ltr'><strong>a</strong></span> <span class='ocrx_word' id='word_1_585' title='bbox 891 4236 1117 4288; x_wconf 88' lang='lat' dir='ltr'><strong>mortuis</strong></span> <span class='ocrx_word' id='word_1_586' title='bbox 1152 4235 1217 4290; x_wconf 79' lang='lat'><strong>&quot;.</strong></span> <span class='ocrx_word' id='word_1_587' title='bbox 1259 4253 1281 4286; x_wconf 70' lang='grc' dir='ltr'><strong>ι</strong></span> <span class='ocrx_word' id='word_1_588' title='bbox 1329 4236 1463 4291; x_wconf 88' lang='lat' dir='ltr'><strong>Cum</strong></span> <span class='ocrx_word' id='word_1_589' title='bbox 1507 4237 1655 4304; x_wconf 88' lang='lat' dir='ltr'><strong>prius</strong></span> <span class='ocrx_word' id='word_1_590' title='bbox 1693 4238 1958 4295; x_wconf 80' lang='lat' dir='ltr'><strong>dixisset:</strong></span> 
     </span>
    </p>
   </div>
   <div class='ocr_carea' id='block_1_74' title="bbox 399 4321 1961 4397">
    <p class='ocr_par' dir='ltr' id='par_1_74' title="bbox 399 4321 1961 4397">
     <span class='ocr_line' id='line_1_74' title="bbox 399 4321 1961 4397; baseline 0.008 -25"><span class='ocrx_word' id='word_1_591' title='bbox 399 4338 418 4372; x_wconf 74' lang='grc' dir='ltr'>α</span> <span class='ocrx_word' id='word_1_592' title='bbox 459 4321 512 4375; x_wconf 93' lang='lat' dir='ltr'><strong>In</strong></span> <span class='ocrx_word' id='word_1_593' title='bbox 545 4323 680 4388; x_wconf 86' lang='lat' dir='ltr'><strong>viro,</strong></span> <span class='ocrx_word' id='word_1_594' title='bbox 720 4343 738 4375; x_wconf 76' lang='grc' dir='ltr'><strong>ι</strong></span> <span class='ocrx_word' id='word_1_595' title='bbox 783 4335 890 4377; x_wconf 90' lang='lat' dir='ltr'><strong>tum</strong></span> <span class='ocrx_word' id='word_1_596' title='bbox 936 4325 1063 4379; x_wconf 91' lang='lat' dir='ltr'><strong>illud</strong></span> <span class='ocrx_word' id='word_1_597' title='bbox 1107 4325 1427 4397; x_wconf 68' lang='lat' dir='ltr'><strong>subiungit:</strong></span> <span class='ocrx_word' id='word_1_598' title='bbox 1470 4346 1488 4378; x_wconf 77' lang='grc' dir='ltr'><strong>ι</strong></span> <span class='ocrx_word' id='word_1_599' title='bbox 1530 4330 1810 4384; x_wconf 87' lang='lat' dir='ltr'><strong>Suscitans</strong></span> <span class='ocrx_word' id='word_1_600' title='bbox 1838 4345 1961 4385; x_wconf 91' lang='lat' dir='ltr'><strong>eum</strong></span> 
     </span>
    </p>
   </div>
   <div class='ocr_carea' id='block_1_75' title="bbox 392 4413 1960 4483">
    <p class='ocr_par' dir='ltr' id='par_1_75' title="bbox 392 4413 1960 4483">
     <span class='ocr_line' id='line_1_75' title="bbox 392 4413 1960 4483; baseline 0.009 -18"><span class='ocrx_word' id='word_1_601' title='bbox 392 4429 421 4465; x_wconf 69' lang='grc' dir='ltr'>ει</span> <span class='ocrx_word' id='word_1_602' title='bbox 460 4413 719 4475; x_wconf 76' lang='lat' dir='ltr'><strong>mortuis;</strong></span> <span class='ocrx_word' id='word_1_603' title='bbox 756 4434 773 4464; x_wconf 75' lang='grc' dir='ltr'><strong>ι</strong></span> <span class='ocrx_word' id='word_1_604' title='bbox 808 4432 873 4467; x_wconf 84' lang='lat' dir='ltr'><strong>ne</strong></span> <span class='ocrx_word' id='word_1_605' title='bbox 900 4418 1021 4483; x_wconf 84' lang='lat' dir='ltr'><strong>quis</strong></span> <span class='ocrx_word' id='word_1_606' title='bbox 1061 4418 1399 4472; x_wconf 79' lang='lat' dir='ltr'><strong>divinitatem</strong></span> <span class='ocrx_word' id='word_1_607' title='bbox 1442 4420 1713 4476; x_wconf 86' lang='lat' dir='ltr'><strong>hominem</strong></span> <span class='ocrx_word' id='word_1_608' title='bbox 1759 4422 1960 4479; x_wconf 80' lang='lat' dir='ltr'><strong>factam</strong></span> 
     </span>
    </p>
   </div>
   <div class='ocr_carea' id='block_1_76' title="bbox 391 4509 1251 4583">
    <p class='ocr_par' dir='ltr' id='par_1_76' title="bbox 391 4509 1251 4583">
     <span class='ocr_line' id='line_1_76' title="bbox 391 4509 1251 4583; baseline 0.002 -25"><span class='ocrx_word' id='word_1_609' title='bbox 391 4519 510 4559; x_wconf 62' lang='lat' dir='ltr'><strong>esse</strong></span> <span class='ocrx_word' id='word_1_610' title='bbox 542 4518 806 4559; x_wconf 86' lang='lat' dir='ltr'><strong>mortuam</strong></span> <span class='ocrx_word' id='word_1_611' title='bbox 836 4512 1157 4578; x_wconf 80' lang='lat' dir='ltr'><strong>suspicetur.</strong></span> <span class='ocrx_word' id='word_1_612' title='bbox 1202 4509 1251 4583; x_wconf 79' lang='grc' dir='ltr'>ι]</span> 
     </span>
    </p>
   </div>
   <div class='ocr_carea' id='block_1_77' title="bbox 1036 4642 1323 4699">
    <p class='ocr_par' dir='ltr' id='par_1_77' title="bbox 1036 4642 1323 4699">
     <span class='ocr_line' id='line_1_77' title="bbox 1036 4642 1323 4699; baseline 0.003 -2"><span class='ocrx_word' id='word_1_613' title='bbox 1036 4642 1188 4699; x_wconf 84' lang='lat' dir='ltr'><strong>CAP.</strong></span> <span class='ocrx_word' id='word_1_614' title='bbox 1230 4642 1323 4698; x_wconf 85' lang='lat' dir='ltr'><strong>ill.</strong></span> 
     </span>
    </p>
   </div>
   <div class='ocr_carea' id='block_1_78' title="bbox 464 4765 1961 4846">
    <p class='ocr_par' dir='ltr' id='par_1_78' title="bbox 464 4765 1961 4846">
     <span class='ocr_line' id='line_1_78' title="bbox 464 4765 1961 4846; baseline 0.01 -27"><span class='ocrx_word' id='word_1_615' title='bbox 464 4765 597 4834; x_wconf 85' lang='lat' dir='ltr'><strong>Quis</strong></span> <span class='ocrx_word' id='word_1_616' title='bbox 637 4785 769 4839; x_wconf 77' lang='lat' dir='ltr'><strong>ergo</strong></span> <span class='ocrx_word' id='word_1_617' title='bbox 817 4770 903 4826; x_wconf 91' lang='lat' dir='ltr'><strong>ille</strong></span> <span class='ocrx_word' id='word_1_618' title='bbox 937 4783 1020 4826; x_wconf 87' lang='lat' dir='ltr'><strong>est</strong></span> <span class='ocrx_word' id='word_1_619' title='bbox 1055 4774 1403 4830; x_wconf 89' lang='lat' dir='ltr'><strong>incarnatus?</strong></span> <span class='ocrx_word' id='word_1_620' title='bbox 1439 4786 1532 4832; x_wconf 87' lang='lat' dir='ltr'><strong>aut</strong></span> <span class='ocrx_word' id='word_1_621' title='bbox 1560 4793 1669 4846; x_wconf 87' lang='lat' dir='ltr'><strong>quo</strong></span> <span class='ocrx_word' id='word_1_622' title='bbox 1710 4780 1961 4833; x_wconf 86' lang='lat' dir='ltr'><strong>incarna-</strong></span> 
     </span>
    </p>
   </div>
   <div class='ocr_carea' id='block_1_79' title="bbox 393 4861 1964 4934">
    <p class='ocr_par' dir='ltr' id='par_1_79' title="bbox 393 4861 1964 4934">
     <span class='ocr_line' id='line_1_79' title="bbox 393 4861 1964 4934; baseline 0.008 -25"><span class='ocrx_word' id='word_1_623' title='bbox 393 4869 479 4914; x_wconf 90' lang='lat' dir='ltr'><strong>tus</strong></span> <span class='ocrx_word' id='word_1_624' title='bbox 511 4861 706 4914; x_wconf 83' lang='lat' dir='ltr'><strong>modo?</strong></span> <span class='ocrx_word' id='word_1_625' title='bbox 745 4878 864 4931; x_wconf 74' lang='lat' dir='ltr'><strong>qua:</strong></span> <span class='ocrx_word' id='word_1_626' title='bbox 914 4867 1076 4918; x_wconf 87' lang='lat' dir='ltr'><strong>etiam</strong></span> <span class='ocrx_word' id='word_1_627' title='bbox 1123 4866 1377 4921; x_wconf 84' lang='lat' dir='ltr'><strong>divinitas</strong></span> <span class='ocrx_word' id='word_1_628' title='bbox 1424 4868 1584 4921; x_wconf 86' lang='lat' dir='ltr'><strong>homo</strong></span> <span class='ocrx_word' id='word_1_629' title='bbox 1616 4868 1805 4926; x_wconf 78' lang='lat' dir='ltr'><strong>facta?</strong></span> <span class='ocrx_word' id='word_1_630' title='bbox 1850 4871 1964 4934; x_wconf 70' lang='lat' dir='ltr'><strong>die,</strong></span> 
     </span>
    </p>
   </div>
   <div class='ocr_carea' id='block_1_80' title="bbox 391 4953 1961 5024">
    <p class='ocr_par' dir='ltr' id='par_1_80' title="bbox 391 4953 1961 5024">
     <span class='ocr_line' id='line_1_80' title="bbox 391 4953 1961 5024; baseline 0.008 -22"><span class='ocrx_word' id='word_1_631' title='bbox 391 4964 593 5018; x_wconf 70' lang='lat' dir='ltr'><strong>quaeso,</strong></span> <span class='ocrx_word' id='word_1_632' title='bbox 638 4953 720 5006; x_wconf 83' lang='lat' dir='ltr'><strong>vir</strong></span> <span class='ocrx_word' id='word_1_633' title='bbox 756 4956 957 5024; x_wconf 88' lang='lat' dir='ltr'><strong>optime</strong></span> <span class='ocrx_word' id='word_1_634' title='bbox 989 4974 1001 5009; x_wconf 95' lang='lat'><strong>:</strong></span> <span class='ocrx_word' id='word_1_635' title='bbox 1043 4956 1098 5011; x_wconf 89' lang='lat' dir='ltr'><strong>id</strong></span> <span class='ocrx_word' id='word_1_636' title='bbox 1127 4959 1269 5011; x_wconf 85' lang='lat' dir='ltr'><strong>enim</strong></span> <span class='ocrx_word' id='word_1_637' title='bbox 1301 4974 1523 5014; x_wconf 82' lang='lat' dir='ltr'><strong>avemus</strong></span> <span class='ocrx_word' id='word_1_638' title='bbox 1559 4961 1786 5016; x_wconf 73' lang='lat' dir='ltr'><strong>diserre.</strong></span> <span class='ocrx_word' id='word_1_639' title='bbox 1824 4961 1961 5015; x_wconf 81' lang='lat' dir='ltr'><strong>Num</strong></span> 
     </span>
    </p>
   </div>
   <div class='ocr_carea' id='block_1_81' title="bbox 391 5042 1963 5121">
    <p class='ocr_par' dir='ltr' id='par_1_81' title="bbox 391 5042 1963 5121">
     <span class='ocr_line' id='line_1_81' title="bbox 391 5042 1963 5121; baseline 0.01 -28"><span class='ocrx_word' id='word_1_640' title='bbox 391 5042 735 5097; x_wconf 83' lang='lat' dir='ltr'><strong>incarnatum</strong></span> <span class='ocrx_word' id='word_1_641' title='bbox 775 5061 895 5101; x_wconf 83' lang='lat' dir='ltr'><strong>esse</strong></span> <span class='ocrx_word' id='word_1_642' title='bbox 936 5050 1296 5104; x_wconf 87' lang='lat' dir='ltr'><strong>concedemus</strong></span> <span class='ocrx_word' id='word_1_643' title='bbox 1341 5052 1513 5121; x_wconf 91' lang='lat' dir='ltr'><strong>ipsmn</strong></span> <span class='ocrx_word' id='word_1_644' title='bbox 1556 5054 1621 5107; x_wconf 91' lang='lat' dir='ltr'><strong>de</strong></span> <span class='ocrx_word' id='word_1_645' title='bbox 1662 5056 1769 5108; x_wconf 84' lang='lat' dir='ltr'><strong>Deo</strong></span> <span class='ocrx_word' id='word_1_646' title='bbox 1802 5054 1963 5109; x_wconf 87' lang='lat' dir='ltr'><strong>Deum</strong></span> 
     </span>
    </p>
   </div>
   <div class='ocr_carea' id='block_1_82' title="bbox 394 5130 1965 5215">
    <p class='ocr_par' dir='ltr' id='par_1_82' title="bbox 394 5130 1965 5215">
     <span class='ocr_line' id='line_1_82' title="bbox 394 5130 1965 5215; baseline 0.011 -31"><span class='ocrx_word' id='word_1_647' title='bbox 394 5130 654 5199; x_wconf 77' lang='lat' dir='ltr'><strong>Verbum,</strong></span> <span class='ocrx_word' id='word_1_648' title='bbox 688 5148 742 5189; x_wconf 88' lang='lat' dir='ltr'><strong>et</strong></span> <span class='ocrx_word' id='word_1_649' title='bbox 783 5138 1132 5195; x_wconf 88' lang='lat' dir='ltr'><strong>humanatum</strong></span> <span class='ocrx_word' id='word_1_650' title='bbox 1168 5158 1472 5199; x_wconf 87' lang='lat' dir='ltr'><strong>asseremus</strong></span> <span class='ocrx_word' id='word_1_651' title='bbox 1502 5155 1757 5215; x_wconf 87' lang='lat' dir='ltr'><strong>tanquam</strong></span> <span class='ocrx_word' id='word_1_652' title='bbox 1792 5149 1965 5202; x_wconf 84' lang='lat' dir='ltr'><strong>nostri</strong></span> 
     </span>
    </p>
   </div>
   <div class='ocr_carea' id='block_1_83' title="bbox 392 5226 1962 5293">
    <p class='ocr_par' dir='ltr' id='par_1_83' title="bbox 392 5226 1962 5293">
     <span class='ocr_line' id='line_1_83' title="bbox 392 5226 1962 5293; baseline 0.01 -16"><span class='ocrx_word' id='word_1_653' title='bbox 392 5226 623 5280; x_wconf 80' lang='lat' dir='ltr'><strong>similem</strong></span> <span class='ocrx_word' id='word_1_654' title='bbox 656 5227 877 5292; x_wconf 79' lang='lat' dir='ltr'><strong>factum,</strong></span> <span class='ocrx_word' id='word_1_655' title='bbox 901 5241 951 5285; x_wconf 88' lang='lat' dir='ltr'><strong>et</strong></span> <span class='ocrx_word' id='word_1_656' title='bbox 983 5249 1146 5287; x_wconf 90' lang='lat' dir='ltr'><strong>carne</strong></span> <span class='ocrx_word' id='word_1_657' title='bbox 1177 5245 1358 5289; x_wconf 85' lang='lat' dir='ltr'><strong>natum</strong></span> <span class='ocrx_word' id='word_1_658' title='bbox 1384 5235 1407 5289; x_wconf 74' lang='grc' dir='ltr'><em>Ἰ</em></span> <span class='ocrx_word' id='word_1_659' title='bbox 1431 5253 1496 5290; x_wconf 84' lang='lat' dir='ltr'><strong>an</strong></span> <span class='ocrx_word' id='word_1_660' title='bbox 1538 5238 1587 5289; x_wconf 92' lang='lat' dir='ltr'><strong>id</strong></span> <span class='ocrx_word' id='word_1_661' title='bbox 1628 5238 1773 5292; x_wconf 86' lang='lat' dir='ltr'><strong>nullo</strong></span> <span class='ocrx_word' id='word_1_662' title='bbox 1806 5240 1962 5293; x_wconf 87' lang='lat' dir='ltr'><strong>modo</strong></span> 
     </span>
    </p>
   </div>
   <div class='ocr_carea' id='block_1_84' title="bbox 392 5320 1964 5387">
    <p class='ocr_par' dir='ltr' id='par_1_84' title="bbox 392 5320 1964 5387">
     <span class='ocr_line' id='line_1_84' title="bbox 392 5320 1964 5387; baseline 0.01 -16"><span class='ocrx_word' id='word_1_663' title='bbox 392 5320 772 5384; x_wconf 87' lang='lat' dir='ltr'><strong>concedemus,</strong></span> <span class='ocrx_word' id='word_1_664' title='bbox 811 5325 906 5377; x_wconf 88' lang='lat' dir='ltr'><strong>sed</strong></span> <span class='ocrx_word' id='word_1_665' title='bbox 951 5325 1219 5380; x_wconf 87' lang='lat' dir='ltr'><strong>hominem</strong></span> <span class='ocrx_word' id='word_1_666' title='bbox 1269 5329 1699 5384; x_wconf 80' lang='lat' dir='ltr'><strong>existimabimus</strong></span> <span class='ocrx_word' id='word_1_667' title='bbox 1746 5332 1812 5385; x_wconf 84' lang='lat' dir='ltr'><strong>ad</strong></span> <span class='ocrx_word' id='word_1_668' title='bbox 1861 5333 1964 5387; x_wconf 88' lang='lat' dir='ltr'><strong>hoc</strong></span> 
     </span>
    </p>
   </div>
   <div class='ocr_carea' id='block_1_85' title="bbox 394 5412 1959 5488">
    <p class='ocr_par' dir='ltr' id='par_1_85' title="bbox 394 5412 1959 5488">
     <span class='ocr_line' id='line_1_85' title="bbox 394 5412 1959 5488; baseline 0.011 -31"><span class='ocrx_word' id='word_1_669' title='bbox 394 5412 608 5462; x_wconf 82' lang='lat' dir='ltr'><strong>venisse</strong></span> <span class='ocrx_word' id='word_1_670' title='bbox 636 5425 756 5463; x_wconf 90' lang='lat' dir='ltr'><strong>cum</strong></span> <span class='ocrx_word' id='word_1_671' title='bbox 802 5413 907 5466; x_wconf 82' lang='lat' dir='ltr'><strong>Deo</strong></span> <span class='ocrx_word' id='word_1_672' title='bbox 936 5414 1304 5483; x_wconf 75' lang='lat' dir='ltr'><strong>coniunctum,</strong></span> <span class='ocrx_word' id='word_1_673' title='bbox 1332 5430 1389 5473; x_wconf 92' lang='lat' dir='ltr'><strong>ut</strong></span> <span class='ocrx_word' id='word_1_674' title='bbox 1420 5419 1532 5488; x_wconf 89' lang='lat' dir='ltr'><strong>ipse</strong></span> <span class='ocrx_word' id='word_1_675' title='bbox 1564 5423 1805 5476; x_wconf 84' lang='lat' dir='ltr'><strong>asseris?</strong></span> <span class='ocrx_word' id='word_1_676' title='bbox 1833 5423 1959 5486; x_wconf 87' lang='lat' dir='ltr'><strong>Sed,</strong></span> 
     </span>
    </p>
   </div>
   <div class='ocr_carea' id='block_1_86' title="bbox 394 5501 1965 5583">
    <p class='ocr_par' dir='ltr' id='par_1_86' title="bbox 394 5501 1965 5583">
     <span class='ocr_line' id='line_1_86' title="bbox 394 5501 1965 5583; baseline 0.01 -30"><span class='ocrx_word' id='word_1_677' title='bbox 394 5501 495 5553; x_wconf 78' lang='lat' dir='ltr'><strong>nisi</strong></span> <span class='ocrx_word' id='word_1_678' title='bbox 548 5502 723 5566; x_wconf 80' lang='lat' dir='ltr'><strong>fallor,</strong></span> <span class='ocrx_word' id='word_1_679' title='bbox 775 5506 919 5560; x_wconf 82' lang='lat' dir='ltr'><strong>dices</strong></span> <span class='ocrx_word' id='word_1_680' title='bbox 957 5508 1147 5562; x_wconf 83' lang='lat' dir='ltr'><strong>melius</strong></span> <span class='ocrx_word' id='word_1_681' title='bbox 1187 5521 1241 5563; x_wconf 91' lang='lat' dir='ltr'><strong>et</strong></span> <span class='ocrx_word' id='word_1_682' title='bbox 1287 5512 1587 5581; x_wconf 84' lang='lat' dir='ltr'><strong>sapientius</strong></span> <span class='ocrx_word' id='word_1_683' title='bbox 1619 5530 1740 5568; x_wconf 79' lang='lat' dir='ltr'><strong>esse</strong></span> <span class='ocrx_word' id='word_1_684' title='bbox 1789 5515 1965 5583; x_wconf 87' lang='lat' dir='ltr'><strong>ipsum</strong></span> 
     </span>
    </p>
   </div>
   <div class='ocr_carea' id='block_1_87' title="bbox 392 5594 1970 5668">
    <p class='ocr_par' dir='ltr' id='par_1_87' title="bbox 392 5594 1970 5668">
     <span class='ocr_line' id='line_1_87' title="bbox 392 5594 1970 5668; baseline 0.01 -22"><span class='ocrx_word' id='word_1_685' title='bbox 392 5609 459 5647; x_wconf 76' lang='lat' dir='ltr'><strong>ex</strong></span> <span class='ocrx_word' id='word_1_686' title='bbox 498 5596 604 5650; x_wconf 85' lang='lat' dir='ltr'><strong>Deo</strong></span> <span class='ocrx_word' id='word_1_687' title='bbox 632 5594 860 5652; x_wconf 87' lang='lat' dir='ltr'><strong>Verbum</strong></span> <span class='ocrx_word' id='word_1_688' title='bbox 884 5610 1073 5668; x_wconf 87' lang='lat' dir='ltr'><strong>putare</strong></span> <span class='ocrx_word' id='word_1_689' title='bbox 1100 5602 1369 5657; x_wconf 90' lang='lat' dir='ltr'><strong>hominem</strong></span> <span class='ocrx_word' id='word_1_690' title='bbox 1404 5602 1602 5659; x_wconf 82' lang='lat' dir='ltr'><strong>factum</strong></span> <span class='ocrx_word' id='word_1_691' title='bbox 1629 5615 1684 5660; x_wconf 88' lang='lat' dir='ltr'><strong>et</strong></span> <span class='ocrx_word' id='word_1_692' title='bbox 1712 5607 1970 5661; x_wconf 80' lang='lat' dir='ltr'><strong>incarna-</strong></span> 
     </span>
    </p>
   </div>
   <div class='ocr_carea' id='block_1_88' title="bbox 471 5773 1467 5849">
    <p class='ocr_par' dir='ltr' id='par_1_88' title="bbox 471 5773 1467 5849">
     <span class='ocr_line' id='line_1_88' title="bbox 471 5773 1467 5849; baseline 0.007 -20"><span class='ocrx_word' id='word_1_693' title='bbox 471 5774 516 5804; x_wconf 80' lang='lat'><strong>“’</strong></span> <span class='ocrx_word' id='word_1_694' title='bbox 555 5773 693 5831; x_wconf 78' lang='lat' dir='ltr'><strong>Psal.</strong></span> <span class='ocrx_word' id='word_1_695' title='bbox 721 5792 814 5842; x_wconf 86' lang='lat' dir='ltr'><strong>cn,</strong></span> <span class='ocrx_word' id='word_1_696' title='bbox 859 5776 942 5831; x_wconf 22' lang='lat' dir='ltr'><strong>lli.</strong></span> <span class='ocrx_word' id='word_1_697' title='bbox 1022 5777 1067 5809; x_wconf 74' lang='lat'>“</span> <span class='ocrx_word' id='word_1_698' title='bbox 1099 5778 1254 5835; x_wconf 84' lang='lat' dir='ltr'><strong>llcbr.</strong></span> <span class='ocrx_word' id='word_1_699' title='bbox 1280 5782 1390 5849; x_wconf 72' lang='lat'><strong>1,2,</strong></span> <span class='ocrx_word' id='word_1_700' title='bbox 1416 5783 1467 5837; x_wconf 81' lang='grc'><strong>5.</strong></span> 
     </span>
    </p>
   </div>
   <div class='ocr_carea' id='block_1_89' title="bbox 2064 3318 3673 3391">
    <p class='ocr_par' dir='ltr' id='par_1_89' title="bbox 2064 3318 3673 3391">
     <span class='ocr_line' id='line_1_89' title="bbox 2064 3318 3673 3391; baseline -0.001 -19"><span class='ocrx_word' id='word_1_701' title='bbox 2064 3320 2147 3383; x_wconf 82' lang='grc' dir='ltr'><strong>τὸ,</strong></span> <span class='ocrx_word' id='word_1_702' title='bbox 2200 3318 2372 3383; x_wconf 81' lang='grc' dir='ltr'>Υίός,.</span> <span class='ocrx_word' id='word_1_703' title='bbox 2408 3319 2565 3374; x_wconf 84' lang='grc' dir='ltr'>καλεῖ</span> <span class='ocrx_word' id='word_1_704' title='bbox 2595 3321 2799 3375; x_wconf 70' lang='grc' dir='ltr'>τοῦτονσ</span> <span class='ocrx_word' id='word_1_705' title='bbox 2836 3321 3095 3391; x_wconf 78' lang='grc' dir='ltr'>ἀσφαλῶς</span> <span class='ocrx_word' id='word_1_706' title='bbox 3152 3321 3245 3374; x_wconf 82' lang='grc' dir='ltr'><strong>καὶ</strong></span> <span class='ocrx_word' id='word_1_707' title='bbox 3302 3318 3673 3388; x_wconf 74' lang='grc' dir='ltr'>ἀπαύγασμα</span> 
     </span>
    </p>
   </div>
   <div class='ocr_carea' id='block_1_90' title="bbox 2063 3411 3646 3484">
    <p class='ocr_par' dir='ltr' id='par_1_90' title="bbox 2063 3411 3646 3484">
     <span class='ocr_line' id='line_1_90' title="bbox 2063 3411 3646 3484; baseline -0.004 -16"><span class='ocrx_word' id='word_1_708' title='bbox 2063 3413 2163 3484; x_wconf 83' lang='grc' dir='ltr'>τῆς</span> <span class='ocrx_word' id='word_1_709' title='bbox 2218 3412 2409 3482; x_wconf 76' lang='grc' dir='ltr'>δόξης,</span> <span class='ocrx_word' id='word_1_710' title='bbox 2458 3413 2551 3468; x_wconf 81' lang='grc' dir='ltr'><strong>καὶ</strong></span> <span class='ocrx_word' id='word_1_711' title='bbox 2614 3412 2768 3467; x_wconf 84' lang='grc' dir='ltr'>θετὸν</span> <span class='ocrx_word' id='word_1_712' title='bbox 2818 3414 3155 3484; x_wconf 82' lang='grc' dir='ltr'>κληρονόμον</span> <span class='ocrx_word' id='word_1_713' title='bbox 3202 3413 3319 3483; x_wconf 81' lang='grc' dir='ltr'>μὲν,</span> <span class='ocrx_word' id='word_1_714' title='bbox 3363 3411 3504 3466; x_wconf 84' lang='grc' dir='ltr'>κατὰ</span> <span class='ocrx_word' id='word_1_715' title='bbox 3546 3412 3646 3482; x_wconf 80' lang='grc' dir='ltr'>τὴν</span> 
     </span>
    </p>
   </div>
   <div class='ocr_carea' id='block_1_91' title="bbox 2068 3502 3644 3577">
    <p class='ocr_par' dir='ltr' id='par_1_91' title="bbox 2068 3502 3644 3577">
     <span class='ocr_line' id='line_1_91' title="bbox 2068 3502 3644 3577; baseline -0.001 -21"><span class='ocrx_word' id='word_1_716' title='bbox 2068 3504 2246 3577; x_wconf 81' lang='grc' dir='ltr'>σάρκα</span> <span class='ocrx_word' id='word_1_717' title='bbox 2280 3503 2455 3567; x_wconf 74' lang='grc' dir='ltr'>θετὸν,</span> <span class='ocrx_word' id='word_1_718' title='bbox 2488 3504 2834 3575; x_wconf 78' lang='grc' dir='ltr'>ἀπαύγασμα</span> <span class='ocrx_word' id='word_1_719' title='bbox 2858 3504 2915 3557; x_wconf 84' lang='grc' dir='ltr'><strong>δὲ</strong></span> <span class='ocrx_word' id='word_1_720' title='bbox 2942 3504 3046 3575; x_wconf 84' lang='grc' dir='ltr'>τῆς</span> <span class='ocrx_word' id='word_1_721' title='bbox 3080 3503 3176 3557; x_wconf 85' lang='grc' dir='ltr'><strong>τοῦ</strong></span> <span class='ocrx_word' id='word_1_722' title='bbox 3209 3502 3424 3573; x_wconf 83' lang='grc' dir='ltr'>Πατρὸς</span> <span class='ocrx_word' id='word_1_723' title='bbox 3462 3502 3644 3571; x_wconf 81' lang='grc' dir='ltr'>δόξης,</span> 
     </span>
    </p>
   </div>
   <div class='ocr_carea' id='block_1_92' title="bbox 2064 3594 3676 3669">
    <p class='ocr_par' dir='ltr' id='par_1_92' title="bbox 2064 3594 3676 3669">
     <span class='ocr_line' id='line_1_92' title="bbox 2064 3594 3676 3669; baseline -0.001 -20"><span class='ocrx_word' id='word_1_724' title='bbox 2064 3596 2206 3650; x_wconf 87' lang='grc' dir='ltr'><strong>κατά</strong></span> <span class='ocrx_word' id='word_1_725' title='bbox 2229 3596 2326 3669; x_wconf 79' lang='grc' dir='ltr'>τὴν</span> <span class='ocrx_word' id='word_1_726' title='bbox 2356 3597 2584 3666; x_wconf 84' lang='grc' dir='ltr'>θεότητα</span> <span class='ocrx_word' id='word_1_727' title='bbox 2603 3613 2616 3627; x_wconf 77' lang='grc' dir='ltr'><strong>ο</strong></span> <span class='ocrx_word' id='word_1_728' title='bbox 2646 3597 2708 3650; x_wconf 82' lang='grc' dir='ltr'><strong>οὐ</strong></span> <span class='ocrx_word' id='word_1_729' title='bbox 2737 3596 2847 3669; x_wconf 86' lang='grc' dir='ltr'><strong>γάρ</strong></span> <span class='ocrx_word' id='word_1_730' title='bbox 2875 3596 3085 3666; x_wconf 80' lang='grc' dir='ltr'>ἀπέστη</span> <span class='ocrx_word' id='word_1_731' title='bbox 3118 3596 3218 3666; x_wconf 79' lang='grc' dir='ltr'>τῆς</span> <span class='ocrx_word' id='word_1_732' title='bbox 3248 3594 3385 3666; x_wconf 84' lang='grc' dir='ltr'>πρὸς</span> <span class='ocrx_word' id='word_1_733' title='bbox 3413 3594 3504 3646; x_wconf 78' lang='grc' dir='ltr'><strong>τὸν</strong></span> <span class='ocrx_word' id='word_1_734' title='bbox 3538 3594 3648 3647; x_wconf 85' lang='grc' dir='ltr'><strong>Πα-</strong></span> <span class='ocrx_word' id='word_1_735' title='bbox 3672 3614 3676 3619; x_wconf 91' lang='grc'><strong>·</strong></span> 
     </span>
    </p>
   </div>
   <div class='ocr_carea' id='block_1_93' title="bbox 2062 3682 3647 3761">
    <p class='ocr_par' dir='ltr' id='par_1_93' title="bbox 2062 3682 3647 3761">
     <span class='ocr_line' id='line_1_93' title="bbox 2062 3682 3647 3761; baseline -0.007 -19"><span class='ocrx_word' id='word_1_736' title='bbox 2062 3690 2198 3760; x_wconf 79' lang='grc' dir='ltr'>τέρα</span> <span class='ocrx_word' id='word_1_737' title='bbox 2237 3689 2542 3761; x_wconf 79' lang='grc' dir='ltr'>σαρκωθεὶς</span> <span class='ocrx_word' id='word_1_738' title='bbox 2575 3688 2930 3759; x_wconf 86' lang='grc' dir='ltr'>ὁμοιότητος..</span> <span class='ocrx_word' id='word_1_739' title='bbox 2951 3687 3061 3740; x_wconf 73' lang='grc' dir='ltr'>Καὶ</span> <span class='ocrx_word' id='word_1_740' title='bbox 3094 3687 3229 3755; x_wconf 85' lang='grc' dir='ltr'>πρός</span> <span class='ocrx_word' id='word_1_741' title='bbox 3265 3701 3329 3754; x_wconf 88' lang='grc' dir='ltr'><strong>γε</strong></span> <span class='ocrx_word' id='word_1_742' title='bbox 3367 3683 3441 3754; x_wconf 77' lang='grc' dir='ltr'><strong>δὴ¹</strong></span> <span class='ocrx_word' id='word_1_743' title='bbox 3471 3682 3647 3751; x_wconf 84' lang='grc' dir='ltr'>τούτῳ</span> 
     </span>
    </p>
   </div>
   <div class='ocr_carea' id='block_1_94' title="bbox 2064 3773 3646 3850">
    <p class='ocr_par' dir='ltr' id='par_1_94' title="bbox 2064 3773 3646 3850">
     <span class='ocr_line' id='line_1_94' title="bbox 2064 3773 3646 3850; baseline -0.006 -17"><span class='ocrx_word' id='word_1_744' title='bbox 2064 3782 2225 3835; x_wconf 72' lang='grc' dir='ltr'>πάλιν</span> <span class='ocrx_word' id='word_1_745' title='bbox 2251 3780 2394 3834; x_wconf 71' lang='grc' dir='ltr'>οὕτω</span> <span class='ocrx_word' id='word_1_746' title='bbox 2436 3779 2600 3850; x_wconf 76' lang='grc' dir='ltr'>φησί·</span> <span class='ocrx_word' id='word_1_747' title='bbox 2640 3799 2658 3831; x_wconf 78' lang='grc' dir='ltr'><strong>ι</strong></span> <span class='ocrx_word' id='word_1_748' title='bbox 2686 3780 2826 3843; x_wconf 81' lang='grc' dir='ltr'>Τοὺς</span> <span class='ocrx_word' id='word_1_749' title='bbox 2873 3778 2985 3849; x_wconf 83' lang='grc' dir='ltr'><strong>γὰρ</strong></span> <span class='ocrx_word' id='word_1_750' title='bbox 3017 3777 3243 3849; x_wconf 88' lang='grc' dir='ltr'>χρόνους</span> <span class='ocrx_word' id='word_1_751' title='bbox 3278 3777 3379 3847; x_wconf 81' lang='grc' dir='ltr'>τῆς</span> <span class='ocrx_word' id='word_1_752' title='bbox 3423 3773 3646 3842; x_wconf 79' lang='grc' dir='ltr'>ἀγνοίας</span> 
     </span>
    </p>
   </div>
   <div class='ocr_carea' id='block_1_95' title="bbox 2065 3867 3646 3944">
    <p class='ocr_par' dir='ltr' id='par_1_95' title="bbox 2065 3867 3646 3944">
     <span class='ocr_line' id='line_1_95' title="bbox 2065 3867 3646 3944; baseline -0.006 -18"><span class='ocrx_word' id='word_1_753' title='bbox 2065 3872 2334 3944; x_wconf 81' lang='grc' dir='ltr'>ὑπεριδὼν</span> <span class='ocrx_word' id='word_1_754' title='bbox 2379 3875 2407 3926; x_wconf 88' lang='grc' dir='ltr'>ὁ</span> <span class='ocrx_word' id='word_1_755' title='bbox 2438 3872 2607 3936; x_wconf 85' lang='grc' dir='ltr'>Θεδς,</span> <span class='ocrx_word' id='word_1_756' title='bbox 2654 3870 2833 3925; x_wconf 57' lang='grc' dir='ltr'>τανῦν.</span> <span class='ocrx_word' id='word_1_757' title='bbox 2862 3872 3028 3924; x_wconf 79' lang='grc' dir='ltr'>πᾶσιν</span> <span class='ocrx_word' id='word_1_758' title='bbox 3078 3867 3388 3940; x_wconf 81' lang='grc' dir='ltr'>ἀνθρώποις</span> <span class='ocrx_word' id='word_1_759' title='bbox 3430 3880 3646 3935; x_wconf 85' lang='grc' dir='ltr'>παραγ-</span> 
     </span>
    </p>
   </div>
   <div class='ocr_carea' id='block_1_96' title="bbox 2063 3951 3645 4037">
    <p class='ocr_par' dir='ltr' id='par_1_96' title="bbox 2063 3951 3645 4037">
     <span class='ocr_line' id='line_1_96' title="bbox 2063 3951 3645 4037; baseline -0.006 -19"><span class='ocrx_word' id='word_1_760' title='bbox 2063 3965 2245 4034; x_wconf 83' lang='grc' dir='ltr'>γέλλει</span> <span class='ocrx_word' id='word_1_761' title='bbox 2317 3967 2634 4037; x_wconf 86' lang='grc' dir='ltr'>μετανοεῖν·</span> <span class='ocrx_word' id='word_1_762' title='bbox 2691 3963 2883 4017; x_wconf 84' lang='grc' dir='ltr'>καθότι</span> <span class='ocrx_word' id='word_1_763' title='bbox 2940 3962 3177 4032; x_wconf 60' lang='grc' dir='ltr'>έστησενη</span> <span class='ocrx_word' id='word_1_764' title='bbox 3216 3958 3452 4031; x_wconf 80' lang='grc' dir='ltr'>ἡμέραν,</span> <span class='ocrx_word' id='word_1_765' title='bbox 3501 3959 3562 4009; x_wconf 81' lang='grc' dir='ltr'><strong>έν</strong></span> 
     </span>
    </p>
   </div>
   <div class='ocr_carea' id='block_1_97' title="bbox 2068 4042 3645 4128">
    <p class='ocr_par' dir='ltr' id='par_1_97' title="bbox 2068 4042 3645 4128">
     <span class='ocr_line' id='line_1_97' title="bbox 2068 4042 3645 4128; baseline -0.006 -18"><span class='ocrx_word' id='word_1_766' title='bbox 2068 4058 2249 4128; x_wconf 87' lang='grc' dir='ltr'>μέλλει</span> <span class='ocrx_word' id='word_1_767' title='bbox 2299 4058 2507 4126; x_wconf 83' lang='grc' dir='ltr'>κρίνειν</span> <span class='ocrx_word' id='word_1_768' title='bbox 2552 4056 2654 4127; x_wconf 80' lang='grc' dir='ltr'><strong>τὴν</strong></span> <span class='ocrx_word' id='word_1_769' title='bbox 2706 4054 3035 4124; x_wconf 79' lang='grc' dir='ltr'>οἰκουμένην</span> <span class='ocrx_word' id='word_1_770' title='bbox 3076 4050 3135 4106; x_wconf 81' lang='grc' dir='ltr'>ὲν</span> <span class='ocrx_word' id='word_1_771' title='bbox 3182 4049 3365 4121; x_wconf 73' lang='grc' dir='ltr'>ἀνδρὶ,</span> <span class='ocrx_word' id='word_1_772' title='bbox 3393 4042 3438 4118; x_wconf 84' lang='grc' dir='ltr'><strong>ᾧ</strong></span> <span class='ocrx_word' id='word_1_773' title='bbox 3478 4049 3645 4119; x_wconf 82' lang='grc' dir='ltr'>ὥρισε</span> 
     </span>
    </p>
   </div>
   <div class='ocr_carea' id='block_1_98' title="bbox 2067 4138 3647 4223">
    <p class='ocr_par' dir='ltr' id='par_1_98' title="bbox 2067 4138 3647 4223">
     <span class='ocr_line' id='line_1_98' title="bbox 2067 4138 3647 4223; baseline -0.008 -20"><span class='ocrx_word' id='word_1_774' title='bbox 2067 4149 2371 4223; x_wconf 83' lang='grc' dir='ltr'>[ὡρίσατο],</span> <span class='ocrx_word' id='word_1_775' title='bbox 2398 4150 2581 4203; x_wconf 82' lang='grc' dir='ltr'>πίστιν</span> <span class='ocrx_word' id='word_1_776' title='bbox 2607 4146 2906 4221; x_wconf 82' lang='grc' dir='ltr'>παρασχὼν</span> <span class='ocrx_word' id='word_1_777' title='bbox 2934 4149 3120 4204; x_wconf 62' lang='grc' dir='ltr'>πᾶσιν,</span> <span class='ocrx_word' id='word_1_778' title='bbox 3148 4142 3457 4213; x_wconf 83' lang='grc' dir='ltr'>ἀναστήσας</span> <span class='ocrx_word' id='word_1_779' title='bbox 3483 4138 3647 4195; x_wconf 83' lang='grc' dir='ltr'>αὑτὸν</span> 
     </span>
    </p>
   </div>
   <div class='ocr_carea' id='block_1_99' title="bbox 2066 4234 3670 4315">
    <p class='ocr_par' dir='ltr' id='par_1_99' title="bbox 2066 4234 3670 4315">
     <span class='ocr_line' id='line_1_99' title="bbox 2066 4234 3670 4315; baseline -0.008 -19"><span class='ocrx_word' id='word_1_780' title='bbox 2066 4246 2126 4296; x_wconf 78' lang='grc' dir='ltr'><strong>ἐκ</strong></span> <span class='ocrx_word' id='word_1_781' title='bbox 2160 4242 2388 4315; x_wconf 84' lang='grc' dir='ltr'>νεκρῶν.</span> <span class='ocrx_word' id='word_1_782' title='bbox 2418 4260 2436 4295; x_wconf 72' lang='grc' dir='ltr'><strong>ι</strong></span> <span class='ocrx_word' id='word_1_783' title='bbox 2475 4241 2748 4311; x_wconf 87' lang='grc' dir='ltr'>Πρότερον</span> <span class='ocrx_word' id='word_1_784' title='bbox 2793 4238 2986 4302; x_wconf 80' lang='grc' dir='ltr'>εἰπὼν,</span> <span class='ocrx_word' id='word_1_785' title='bbox 3022 4257 3040 4289; x_wconf 73' lang='grc' dir='ltr'><strong>ι</strong></span> <span class='ocrx_word' id='word_1_786' title='bbox 3086 4236 3177 4290; x_wconf 80' lang='grc' dir='ltr'>Ἐν</span> <span class='ocrx_word' id='word_1_787' title='bbox 3208 4234 3385 4306; x_wconf 82' lang='grc' dir='ltr'>ἀνδρὶ,</span> <span class='ocrx_word' id='word_1_788' title='bbox 3412 4252 3430 4285; x_wconf 76' lang='grc' dir='ltr'><strong>ι</strong></span> <span class='ocrx_word' id='word_1_789' title='bbox 3468 4245 3670 4304; x_wconf 75' lang='grc' dir='ltr'>προσ-’</span> 
     </span>
    </p>
   </div>
   <div class='ocr_carea' id='block_1_100' title="bbox 2064 4324 3646 4406">
    <p class='ocr_par' dir='ltr' id='par_1_100' title="bbox 2064 4324 3646 4406">
     <span class='ocr_line' id='line_1_100' title="bbox 2064 4324 3646 4406; baseline -0.008 -19"><span class='ocrx_word' id='word_1_790' title='bbox 2064 4335 2243 4406; x_wconf 81' lang='grc' dir='ltr'>τίθησι</span> <span class='ocrx_word' id='word_1_791' title='bbox 2277 4334 2395 4387; x_wconf 86' lang='grc' dir='ltr'>τότε</span> <span class='ocrx_word' id='word_1_792' title='bbox 2422 4333 2504 4396; x_wconf 79' lang='grc' dir='ltr'>τὸ,</span> <span class='ocrx_word' id='word_1_793' title='bbox 2533 4353 2550 4385; x_wconf 77' lang='grc' dir='ltr'><strong>ι</strong></span> <span class='ocrx_word' id='word_1_794' title='bbox 2594 4332 2929 4402; x_wconf 80' lang='grc' dir='ltr'>Ἀναστήσας</span> <span class='ocrx_word' id='word_1_795' title='bbox 2959 4329 3119 4383; x_wconf 81' lang='grc' dir='ltr'>αὑτὸν</span> <span class='ocrx_word' id='word_1_796' title='bbox 3150 4330 3212 4381; x_wconf 77' lang='grc' dir='ltr'>ἐκ</span> <span class='ocrx_word' id='word_1_797' title='bbox 3235 4325 3477 4396; x_wconf 78' lang='grc' dir='ltr'>νεκρῶνο</span> <span class='ocrx_word' id='word_1_798' title='bbox 3503 4342 3522 4377; x_wconf 77' lang='grc' dir='ltr'><strong>ι</strong></span> <span class='ocrx_word' id='word_1_799' title='bbox 3557 4324 3646 4376; x_wconf 80' lang='grc' dir='ltr'>ἵνα</span> 
     </span>
    </p>
   </div>
   <div class='ocr_carea' id='block_1_101' title="bbox 2068 4415 3667 4497">
    <p class='ocr_par' dir='ltr' id='par_1_101' title="bbox 2068 4415 3667 4497">
     <span class='ocr_line' id='line_1_101' title="bbox 2068 4415 3667 4497; baseline -0.008 -19"><span class='ocrx_word' id='word_1_800' title='bbox 2068 4426 2254 4497; x_wconf 73' lang='grc' dir='ltr'>μηδεὶς</span> <span class='ocrx_word' id='word_1_801' title='bbox 2298 4426 2398 4496; x_wconf 82' lang='grc' dir='ltr'><strong>τὴν</strong></span> <span class='ocrx_word' id='word_1_802' title='bbox 2451 4424 2954 4497; x_wconf 84' lang='grc' dir='ltr'>ὲνανθρωπὴσασαν</span> <span class='ocrx_word' id='word_1_803' title='bbox 2990 4417 3275 4489; x_wconf 84' lang='grc' dir='ltr'>ὑποπτεύῃ</span> <span class='ocrx_word' id='word_1_804' title='bbox 3323 4415 3667 4487; x_wconf 74' lang='grc' dir='ltr'>τεθνηκέναι·</span> 
     </span>
    </p>
   </div>
   <div class='ocr_carea' id='block_1_102' title="bbox 2067 4517 2343 4590">
    <p class='ocr_par' dir='ltr' id='par_1_102' title="bbox 2067 4517 2343 4590">
     <span class='ocr_line' id='line_1_102' title="bbox 2067 4517 2343 4590; baseline 0.004 -19"><span class='ocrx_word' id='word_1_805' title='bbox 2067 4517 2343 4590; x_wconf 73' lang='grc' dir='ltr'>θεότητα.]</span> 
     </span>
    </p>
   </div>
   <div class='ocr_carea' id='block_1_103' title="bbox 2653 4649 3024 4705">
    <p class='ocr_par' dir='ltr' id='par_1_103' title="bbox 2653 4649 3024 4705">
     <span class='ocr_line' id='line_1_103' title="bbox 2653 4649 3024 4705; baseline -0.003 0"><span class='ocrx_word' id='word_1_806' title='bbox 2653 4651 2908 4705; x_wconf 81' lang='grc' dir='ltr'><strong>ΚΕΦΑΛ.</strong></span> <span class='ocrx_word' id='word_1_807' title='bbox 2946 4649 3024 4704; x_wconf 85' lang='grc' dir='ltr'><strong>Γ¹.</strong></span> 
     </span>
    </p>
   </div>
   <div class='ocr_carea' id='block_1_104' title="bbox 2136 4775 3647 4857">
    <p class='ocr_par' dir='ltr' id='par_1_104' title="bbox 2136 4775 3647 4857">
     <span class='ocr_line' id='line_1_104' title="bbox 2136 4775 3647 4857; baseline -0.009 -16"><span class='ocrx_word' id='word_1_808' title='bbox 2136 4789 2231 4853; x_wconf 84' lang='grc' dir='ltr'><strong>Τίς</strong></span> <span class='ocrx_word' id='word_1_809' title='bbox 2263 4783 2361 4841; x_wconf 85' lang='grc' dir='ltr'><strong>οῦν</strong></span> <span class='ocrx_word' id='word_1_810' title='bbox 2383 4786 2491 4857; x_wconf 79' lang='grc' dir='ltr'>ἄρα</span> <span class='ocrx_word' id='word_1_811' title='bbox 2518 4784 2668 4838; x_wconf 78' lang='grc' dir='ltr'>ὲστῖν</span> <span class='ocrx_word' id='word_1_812' title='bbox 2695 4785 2724 4838; x_wconf 84' lang='lat'><strong>6</strong></span> <span class='ocrx_word' id='word_1_813' title='bbox 2754 4780 3206 4853; x_wconf 85' lang='grc' dir='ltr'>σεσαρκωμένος;</span> <span class='ocrx_word' id='word_1_814' title='bbox 3244 4779 3276 4849; x_wconf 85' lang='grc' dir='ltr'>ἢ</span> <span class='ocrx_word' id='word_1_815' title='bbox 3305 4776 3427 4831; x_wconf 85' lang='grc' dir='ltr'>τίνα</span> <span class='ocrx_word' id='word_1_816' title='bbox 3458 4775 3647 4845; x_wconf 82' lang='grc' dir='ltr'>σεσάρ-</span> 
     </span>
    </p>
   </div>
   <div class='ocr_carea' id='block_1_105' title="bbox 2066 4868 3645 4951">
    <p class='ocr_par' dir='ltr' id='par_1_105' title="bbox 2066 4868 3645 4951">
     <span class='ocr_line' id='line_1_105' title="bbox 2066 4868 3645 4951; baseline -0.01 -16"><span class='ocrx_word' id='word_1_817' title='bbox 2066 4898 2238 4935; x_wconf 88' lang='grc' dir='ltr'>κωται</span> <span class='ocrx_word' id='word_1_818' title='bbox 2271 4880 2505 4951; x_wconf 86' lang='grc' dir='ltr'>τρόπον;</span> <span class='ocrx_word' id='word_1_819' title='bbox 2539 4876 2666 4930; x_wconf 85' lang='grc' dir='ltr'>ποία</span> <span class='ocrx_word' id='word_1_820' title='bbox 2692 4875 2749 4929; x_wconf 88' lang='grc' dir='ltr'><strong>δὲ</strong></span> <span class='ocrx_word' id='word_1_821' title='bbox 2772 4874 2964 4943; x_wconf 86' lang='grc' dir='ltr'>θεότης</span> <span class='ocrx_word' id='word_1_822' title='bbox 2992 4872 3482 4942; x_wconf 80' lang='grc' dir='ltr'>ὲνανθρωπήσασα,</span> <span class='ocrx_word' id='word_1_823' title='bbox 3508 4868 3645 4937; x_wconf 81' lang='grc' dir='ltr'><strong>φρά-</strong></span> 
     </span>
    </p>
   </div>
   <div class='ocr_carea' id='block_1_106' title="bbox 2069 4955 3645 5038">
    <p class='ocr_par' dir='ltr' id='par_1_106' title="bbox 2069 4955 3645 5038">
     <span class='ocr_line' id='line_1_106' title="bbox 2069 4955 3645 5038; baseline -0.012 -12"><span class='ocrx_word' id='word_1_824' title='bbox 2069 4990 2191 5035; x_wconf 91' lang='grc' dir='ltr'>σαις</span> <span class='ocrx_word' id='word_1_825' title='bbox 2223 4970 2310 5036; x_wconf 85' lang='grc' dir='ltr'><strong>ἂν,</strong></span> <span class='ocrx_word' id='word_1_826' title='bbox 2343 4964 2388 5023; x_wconf 86' lang='grc' dir='ltr'><strong>ῶ</strong></span> <span class='ocrx_word' id='word_1_827' title='bbox 2423 4967 2689 5038; x_wconf 83' lang='grc' dir='ltr'>βέλτιστε,</span> <span class='ocrx_word' id='word_1_828' title='bbox 2720 4968 2834 5029; x_wconf 82' lang='grc' dir='ltr'>τοῖς</span> <span class='ocrx_word' id='word_1_829' title='bbox 2866 4963 3111 5017; x_wconf 77' lang='grc' dir='ltr'>ἐθέλουσι</span> <span class='ocrx_word' id='word_1_830' title='bbox 3145 4960 3356 5030; x_wconf 73' lang='grc' dir='ltr'>μαθεῖν.</span> <span class='ocrx_word' id='word_1_831' title='bbox 3383 4955 3530 5027; x_wconf 63' lang='grc' dir='ltr'><strong>τΑιρα</strong></span> <span class='ocrx_word' id='word_1_832' title='bbox 3559 4973 3645 5008; x_wconf 88' lang='grc' dir='ltr'>σε-</span> 
     </span>
    </p>
   </div>
   <div class='ocr_carea' id='block_1_107' title="bbox 2066 5046 3645 5129">
    <p class='ocr_par' dir='ltr' id='par_1_107' title="bbox 2066 5046 3645 5129">
     <span class='ocr_line' id='line_1_107' title="bbox 2066 5046 3645 5129; baseline -0.009 -18"><span class='ocrx_word' id='word_1_833' title='bbox 2066 5056 2386 5129; x_wconf 82' lang='grc' dir='ltr'>σαρκῶσθαι</span> <span class='ocrx_word' id='word_1_834' title='bbox 2422 5055 2668 5125; x_wconf 83' lang='grc' dir='ltr'>δώσομεν</span> <span class='ocrx_word' id='word_1_835' title='bbox 2710 5054 2803 5106; x_wconf 83' lang='grc' dir='ltr'><strong>τὸν</strong></span> <span class='ocrx_word' id='word_1_836' title='bbox 2849 5054 2914 5105; x_wconf 83' lang='grc' dir='ltr'>ὲκ</span> <span class='ocrx_word' id='word_1_837' title='bbox 2951 5050 3088 5104; x_wconf 83' lang='grc' dir='ltr'>Θεοῦ</span> <span class='ocrx_word' id='word_1_838' title='bbox 3136 5049 3268 5102; x_wconf 84' lang='grc' dir='ltr'>Θεὸν</span> <span class='ocrx_word' id='word_1_839' title='bbox 3307 5049 3511 5115; x_wconf 76' lang='grc' dir='ltr'>Λόγονο</span> <span class='ocrx_word' id='word_1_840' title='bbox 3552 5046 3645 5097; x_wconf 68' lang='grc' dir='ltr'><strong>καὶ</strong></span> 
     </span>
    </p>
   </div>
   <div class='ocr_carea' id='block_1_108' title="bbox 2062 5138 3642 5219">
    <p class='ocr_par' dir='ltr' id='par_1_108' title="bbox 2062 5138 3642 5219">
     <span class='ocr_line' id='line_1_108' title="bbox 2062 5138 3642 5219; baseline -0.008 -17"><span class='ocrx_word' id='word_1_841' title='bbox 2062 5147 2486 5219; x_wconf 79' lang='grc' dir='ltr'>ἐνανθρωπῆσαί</span> <span class='ocrx_word' id='word_1_842' title='bbox 2515 5163 2696 5217; x_wconf 86' lang='grc' dir='ltr'>φαμεν</span> <span class='ocrx_word' id='word_1_843' title='bbox 2721 5144 2904 5208; x_wconf 79' lang='grc' dir='ltr'>αὑτὸν,</span> <span class='ocrx_word' id='word_1_844' title='bbox 2931 5142 3007 5206; x_wconf 84' lang='grc' dir='ltr'>ὡς</span> <span class='ocrx_word' id='word_1_845' title='bbox 3036 5141 3160 5195; x_wconf 86' lang='grc' dir='ltr'>καθ’</span> <span class='ocrx_word' id='word_1_846' title='bbox 3183 5142 3331 5211; x_wconf 80' lang='grc' dir='ltr'>ἡμᾶς</span> <span class='ocrx_word' id='word_1_847' title='bbox 3359 5138 3642 5207; x_wconf 83' lang='grc' dir='ltr'>γεγονότα,</span> 
     </span>
    </p>
   </div>
   <div class='ocr_carea' id='block_1_109' title="bbox 2062 5229 3644 5312">
    <p class='ocr_par' dir='ltr' id='par_1_109' title="bbox 2062 5229 3644 5312">
     <span class='ocr_line' id='line_1_109' title="bbox 2062 5229 3644 5312; baseline -0.009 -17"><span class='ocrx_word' id='word_1_848' title='bbox 2062 5242 2157 5295; x_wconf 71' lang='grc' dir='ltr'>καὶ</span> <span class='ocrx_word' id='word_1_849' title='bbox 2186 5240 2585 5312; x_wconf 86' lang='grc' dir='ltr'>γεγεννημένον</span> <span class='ocrx_word' id='word_1_850' title='bbox 2615 5239 2813 5310; x_wconf 67' lang='lat' dir='ltr'><strong>capaci;</strong></span> <span class='ocrx_word' id='word_1_851' title='bbox 2846 5237 2880 5306; x_wconf 79' lang='grc' dir='ltr'>ἢ</span> <span class='ocrx_word' id='word_1_852' title='bbox 2916 5235 3076 5290; x_wconf 88' lang='grc' dir='ltr'>τοῦτο</span> <span class='ocrx_word' id='word_1_853' title='bbox 3119 5235 3219 5303; x_wconf 86' lang='grc' dir='ltr'>μὲν</span> <span class='ocrx_word' id='word_1_854' title='bbox 3252 5229 3524 5300; x_wconf 75' lang='grc' dir='ltr'>οὐδαμῶς,</span> <span class='ocrx_word' id='word_1_855' title='bbox 3553 5230 3644 5283; x_wconf 82' lang='grc' dir='ltr'><strong>ἇν-</strong></span> 
     </span>
    </p>
   </div>
   <div class='ocr_carea' id='block_1_110' title="bbox 2061 5322 3643 5405">
    <p class='ocr_par' dir='ltr' id='par_1_110' title="bbox 2061 5322 3643 5405">
     <span class='ocr_line' id='line_1_110' title="bbox 2061 5322 3643 5405; baseline -0.01 -18"><span class='ocrx_word' id='word_1_856' title='bbox 2061 5334 2279 5405; x_wconf 85' lang='grc' dir='ltr'>θρωπον</span> <span class='ocrx_word' id='word_1_857' title='bbox 2313 5332 2373 5385; x_wconf 78' lang='grc' dir='ltr'><strong>δὲ</strong></span> <span class='ocrx_word' id='word_1_858' title='bbox 2413 5331 2707 5403; x_wconf 85' lang='grc' dir='ltr'>νομιοῦμεν</span> <span class='ocrx_word' id='word_1_859' title='bbox 2744 5329 2883 5401; x_wconf 81' lang='grc' dir='ltr'>πρὸς</span> <span class='ocrx_word' id='word_1_860' title='bbox 2929 5327 3090 5382; x_wconf 89' lang='grc' dir='ltr'>τοῦτο</span> <span class='ocrx_word' id='word_1_861' title='bbox 3121 5325 3315 5388; x_wconf 77' lang='grc' dir='ltr'>ἐλθεῖν,</span> <span class='ocrx_word' id='word_1_862' title='bbox 3358 5322 3476 5393; x_wconf 86' lang='grc' dir='ltr'><strong>Θεῷ</strong></span> <span class='ocrx_word' id='word_1_863' title='bbox 3517 5337 3643 5372; x_wconf 88' lang='grc' dir='ltr'>συν-</span> 
     </span>
    </p>
   </div>
   <div class='ocr_carea' id='block_1_111' title="bbox 2061 5417 3657 5495">
    <p class='ocr_par' dir='ltr' id='par_1_111' title="bbox 2061 5417 3657 5495">
     <span class='ocr_line' id='line_1_111' title="bbox 2061 5417 3657 5495; baseline -0.008 -16"><span class='ocrx_word' id='word_1_864' title='bbox 2061 5426 2329 5495; x_wconf 84' lang='grc' dir='ltr'>ημμένον,</span> <span class='ocrx_word' id='word_1_865' title='bbox 2359 5424 2501 5478; x_wconf 86' lang='grc' dir='ltr'><strong>κατά</strong></span> <span class='ocrx_word' id='word_1_866' title='bbox 2521 5424 2579 5477; x_wconf 83' lang='grc' dir='ltr'><strong>σέ</strong></span> <span class='ocrx_word' id='word_1_867' title='bbox 2601 5440 2615 5489; x_wconf 88' lang='grc'>;</span> <span class='ocrx_word' id='word_1_868' title='bbox 2652 5422 2790 5475; x_wconf 83' lang='grc' dir='ltr'>Ἀλλ’</span> <span class='ocrx_word' id='word_1_869' title='bbox 2819 5418 2995 5493; x_wconf 85' lang='grc' dir='ltr'>οἶμαι,</span> <span class='ocrx_word' id='word_1_870' title='bbox 3029 5419 3195 5489; x_wconf 86' lang='grc' dir='ltr'>φαίης</span> <span class='ocrx_word' id='word_1_871' title='bbox 3216 5418 3303 5479; x_wconf 80' lang='grc' dir='ltr'><strong>ἂν,</strong></span> <span class='ocrx_word' id='word_1_872' title='bbox 3329 5417 3403 5481; x_wconf 88' lang='grc' dir='ltr'>ὡς</span> <span class='ocrx_word' id='word_1_873' title='bbox 3426 5417 3657 5485; x_wconf 81' lang='grc' dir='ltr'>ἄμεινον</span> 
     </span>
    </p>
   </div>
   <div class='ocr_carea' id='block_1_112' title="bbox 2062 5506 3644 5585">
    <p class='ocr_par' dir='ltr' id='par_1_112' title="bbox 2062 5506 3644 5585">
     <span class='ocr_line' id='line_1_112' title="bbox 2062 5506 3644 5585; baseline -0.008 -17"><span class='ocrx_word' id='word_1_874' title='bbox 2062 5516 2126 5585; x_wconf 80' lang='grc' dir='ltr'><strong>δή</strong></span> <span class='ocrx_word' id='word_1_875' title='bbox 2162 5533 2264 5568; x_wconf 89' lang='grc' dir='ltr'><strong>που</strong></span> <span class='ocrx_word' id='word_1_876' title='bbox 2299 5516 2394 5568; x_wconf 76' lang='grc' dir='ltr'>καὶ</span> <span class='ocrx_word' id='word_1_877' title='bbox 2429 5515 2613 5583; x_wconf 81' lang='grc' dir='ltr'>σοφὸν,</span> <span class='ocrx_word' id='word_1_878' title='bbox 2633 5514 2696 5567; x_wconf 84' lang='grc' dir='ltr'><strong>τὸ</strong></span> <span class='ocrx_word' id='word_1_879' title='bbox 2734 5511 3152 5582; x_wconf 81' lang='grc' dir='ltr'>ὲνανθρωπῆσαι</span> <span class='ocrx_word' id='word_1_880' title='bbox 3186 5512 3400 5579; x_wconf 86' lang='grc' dir='ltr'>φρονεῖν</span> <span class='ocrx_word' id='word_1_881' title='bbox 3446 5507 3537 5560; x_wconf 85' lang='grc' dir='ltr'>τὸν</span> <span class='ocrx_word' id='word_1_882' title='bbox 3579 5506 3644 5557; x_wconf 77' lang='grc' dir='ltr'>ἐκ</span> 
     </span>
    </p>
   </div>
   <div class='ocr_carea' id='block_1_113' title="bbox 2066 5596 3645 5677">
    <p class='ocr_par' dir='ltr' id='par_1_113' title="bbox 2066 5596 3645 5677">
     <span class='ocr_line' id='line_1_113' title="bbox 2066 5596 3645 5677; baseline -0.005 -19"><span class='ocrx_word' id='word_1_883' title='bbox 2066 5606 2203 5658; x_wconf 83' lang='grc' dir='ltr'>Θεοῦ</span> <span class='ocrx_word' id='word_1_884' title='bbox 2242 5608 2433 5677; x_wconf 84' lang='grc' dir='ltr'>Λόγον,</span> <span class='ocrx_word' id='word_1_885' title='bbox 2464 5606 2553 5661; x_wconf 78' lang='grc' dir='ltr'><strong>καὶ</strong></span> <span class='ocrx_word' id='word_1_886' title='bbox 2587 5604 2767 5677; x_wconf 82' lang='grc' dir='ltr'>σάρκα</span> <span class='ocrx_word' id='word_1_887' title='bbox 2795 5603 3069 5675; x_wconf 80' lang='grc' dir='ltr'>γενέσθαι,</span> <span class='ocrx_word' id='word_1_888' title='bbox 3102 5600 3244 5657; x_wconf 85' lang='grc' dir='ltr'><strong>κατά</strong></span> <span class='ocrx_word' id='word_1_889' title='bbox 3273 5601 3371 5664; x_wconf 83' lang='grc' dir='ltr'><strong>τάς</strong></span> <span class='ocrx_word' id='word_1_890' title='bbox 3398 5596 3645 5672; x_wconf 68' lang='grc' dir='ltr'>Γραφάς.</span> 
     </span>
    </p>
   </div>
   <div class='ocr_carea' id='block_1_114' title="bbox 1544 5784 2135 5850">
    <p class='ocr_par' dir='ltr' id='par_1_114' title="bbox 1544 5784 2135 5850">
     <span class='ocr_line' id='line_1_114' title="bbox 1544 5784 2135 5850; baseline -0.008 -8"><span class='ocrx_word' id='word_1_891' title='bbox 1544 5788 1582 5817; x_wconf 77' lang='grc'><strong>³⁷</strong></span> <span class='ocrx_word' id='word_1_892' title='bbox 1618 5788 1737 5843; x_wconf 73' lang='lat' dir='ltr'><strong>Act.</strong></span> <span class='ocrx_word' id='word_1_893' title='bbox 1774 5802 1903 5849; x_wconf 69' lang='lat' dir='ltr'><strong>xvn,</strong></span> <span class='ocrx_word' id='word_1_894' title='bbox 1935 5784 2135 5850; x_wconf 73' lang='grc'><strong>50,51.</strong></span> 
     </span>
    </p>
   </div>
  </div>
