4054 6332
332 354 415 428 ,55
1467 343 1838 401 ADVERSUS
1873 340 2275 399 NESTORIUM
2311 341 2440 397 LIB.
2482 341 2523 396 ι.
3543 345 3611 399 31

351 465 423 517 υύ
450 464 557 536 γάρ
583 481 685 517 που
707 463 786 526 τὺ,
809 465 865 517 ἐν
883 455 1026 532 ᾧτίς
1055 462 1224 526 ἐστιν,
1247 461 1422 532 ὁρῷτο
1445 461 1529 526 ἂν,
1552 457 1726 532 οἶμαι,
1757 477 1926 530 προσ-

2045 470 2170 523 tum,
2203 469 2261 512 ut
2292 458 2586 528 Scripturte
2629 456 2864 512 tradunt.
2908 456 3093 530 Neque
3125 459 3272 516 enim
3311 461 3366 516 id
3409 465 3463 518 in
3502 480 3610 534 quo

351 553 526 607 λαϐὼν
547 571 558 584 ·
587 554 636 608 εί
667 554 723 608 δὲ
753 554 818 625 δή
853 554 1064 622 γένοιτό
1100 571 1216 615 πως
1251 555 1308 605 ἐν
1349 549 1430 615 οἷς
1469 553 1568 606 οὐκ
1611 555 1670 604 ἐν
1707 554 1924 623 ἀρχαῖς,

336 647 860 718 ’κεκαινουργεῖσθαί
888 665 940 699 τι
973 646 1100 717 περὶ⁸
1123 646 1284 698 αὐτὸν
1311 643 1598 710 ἐκδείξειεν
1624 643 1689 696 ἂν
1713 645 1742 696 ὁ
1773 645 1929 711 λόγος

353 738 532 803 εὐθύς.
565 737 774 793 Οὐκοῦν
805 737 1016 810 ἀμαθὲς
1043 738 1103 790 τδ
1141 735 1555 807 ἐνανθρωπῆσαι
1602 734 1800 802 λέγειν,
1836 733 1929 787 καὶ

356 831 534 903 σάρκα
578 831 830 901 γενέσθαι
865 830 991 884 τινά
1037 829 1146 882 τῶν
1197 827 1494 882 τελούντων
1528 827 1587 880 ἐν
1629 829 1784 897 ἡμῖν,
1834 825 1932 880 καὶ

355 925 478 987 τοὺς
511 923 612 994 τῆς
640 921 1060 992 άνθρωπότητος
1099 922 1260 991 ὅρους
1308 919 1681 989 ἐκϐεϐηκότα·
1730 918 1930 988 πρέποι

356 1015 402 1069 δ’
434 1016 522 1078 ἂν,
556 1015 650 1068 καὶ
695 1014 842 1085 μάλα
887 1014 1132 1077 εἰκότως,
1173 1014 1208 1083 ή
1241 1011 1669 1082 ὲνανθρώπησις,
1700 1011 1866 1082 ήγουν
1896 1011 1932 1081 ή

360 1109 656 1178 σάρκωσις,
687 1109 756 1180 τῇ.
786 1105 887 1174 τῆς
919 1103 1338 1175 ἀνθρωπότητος
1367 1103 1622 1156 ἐπέκεινα
1656 1101 1833 1171 φύσει.
1869 1101 1932 1155 Εἰ

359 1199 416 1251 δὲ
456 1195 875 1268 ἐνηνθρὼπησεν
907 1195 1142 1265 ἀληθῶς,
1174 1195 1271 1248 καὶ
1302 1194 1492 1262 γέγονε
1529 1192 1684 1263 σὰρξ,
1727 1191 1934 1264 ἀνθρω-

353 1301 462 1352 ·πος
488 1288 550 1360 δή
581 1305 684 1341 που
711 1287 947 1343 νοεῖσθαι
982 1287 1364 1350 πεπίστευται,
1395 1285 1490 1338 καὶ
1519 1285 1618 1338 οὐκ
1663 1284 1935 1355 ἀνθρώπῳ

360 1380 467 1432 τινὶ
495 1378 862 1450 συνημμένος,
901 1376 1044 1430 κατὰ
1077 1378 1244 1446 μόνην
1288 1377 1386 1448 τὴν
1421 1375 1712 1446 ἐνοίκησιν,
1741 1376 1932 1446 ἤγουν,

361 1471 504 1526 κατά
552 1488 673 1524 τινα
723 1470 832 1524 τῶν
885 1467 1087 1533 ἔξωθεν
1132 1467 1271 1538 ἔχων
1316 1466 1427 1538 [τοι.
1479 1463 1761 1537 σχέσεων],
1815 1465 1935 1536 ήτοι

363 1563 679 1630 συνάφειαν,
713 1561 788 1624 ὡς
817 1561 881 1614 σὺ
914 1561 1041 1630 φής.
1077 1559 1223 1629 Πλὴν
1265 1561 1314 1610 εί
1340 1559 1433 1610 καὶ
1463 1558 1683 1626 γέγονεν
1724 1555 1936 1628 ἄνθρω-

361 1671 483 1719 πος,
521 1652 892 1723 ἀναπόϐλητον
921 1651 1032 1722 ἔχει
1078 1651 1140 1704 τδ
1181 1646 1320 1703 εἶναι
1354 1649 1505 1713 Θεός.
1556 1648 1693 1703 Οὔτε
1734 1647 1790 1700 δὲ
1837 1648 1938 1718 τῆς

365 1746 563 1816 σαρκὸς
596 1747 677 1808 εἰς
718 1744 819 1815 τὴν
855 1743 953 1814 τῆς
990 1743 1240 1812 θεότητος
1273 1740 1434 1810 φύσιν
1469 1740 1723 1809 γενέσθαι
1758 1738 1937 1809 φαμὲν

2033 561 2136 616 est,
2165 565 2442 605 assumere
2462 550 2747 619 quisquam
2778 551 3060 606 cernitur:
3092 555 3188 608 sed
3220 554 3268 610 si
3303 569 3365 608 ea
3403 570 3607 624 suniat,

2033 645 2084 698 in
2113 643 2308 714 quibus
2345 651 2506 696 antea
2540 655 2646 697 non
2676 651 2818 710 eral,
2858 643 3063 714 aliquid
3091 643 3234 699 circa
3269 646 3444 716 ipsum
3491 665 3612 703 esse

2033 736 2345 790 innovatum
2368 733 2552 788 statim
2591 734 2774 789 verbis
2811 735 3006 806 exponi
3044 734 3147 806 15
3189 740 3408 806 poterit.
3439 738 3610 810 Igitur

2032 827 2255 882 stultum
2282 825 2355 879 sit
2389 824 2664 880 hominem
2687 823 2890 880 factum
2925 825 3108 882 dicere
3143 836 3243 882 aut.
3267 828 3608 885 incarnatum

2033 917 2268 983 aliquem
2314 930 2382 970 ex
2421 923 2607 971 nostro
2664 931 2914 981 numero,
2963 927 3024 974 et
3077 920 3214 974 lines
3257 921 3611 977 humanitatis

2034 1011 2377 1064 excessisse:
2413 1008 2508 1063 sed
2540 1007 2658 1063 ﬁeri
2702 1007 3008 1076 hominem,
3033 1011 3119 1064 vel
3150 1012 3450 1080 inearnari,
3481 1031 3612 1070 eon-

2035 1100 2442 1157 venientissime
2473 1100 2528 1156 in
2555 1109 2802 1156 naturam
2830 1102 2994 1166 cadit,
3021 1117 3140 1172 quas
3174 1107 3319 1160 ultra
3353 1110 3487 1162 lines
3515 1111 3612 1161 lm-

2035 1190 2312 1246 manitatis
2347 1191 2618 1245 consistit.
2649 1189 2807 1258 Quod
2848 1193 2893 1246 si
2937 1207 3062 1248 vere
3107 1194 3270 1256 homo
3307 1197 3488 1253 factus
3530 1210 3614 1254 est

2036 1293 2090 1338 et
2113 1297 2262 1346 caro,
2294 1282 2482 1353 procul
2509 1281 2676 1337 dubio
2719 1284 2997 1340 hominem
3042 1301 3162 1342 esse
3207 1288 3610 1360 intelligendum

2039 1372 2144 1428 fide
2173 1383 2453 1444 receptum
2490 1381 2594 1436 est,
2624 1388 2733 1427 non
2763 1374 2968 1429 homini
3015 1376 3232 1431 cuidam
3264 1381 3612 1448 conjunctum

2038 1479 2132 1534 per
2160 1465 2331 1520 solam
2369 1465 2852 1530 inhabitationem,
2897 1469 2978 1521 vel
3017 1483 3113 1538 per
3151 1471 3388 1541 aliquam
3432 1483 3617 1528 exter-

2039 1573 2167 1611 nam
2193 1557 2584 1621 habitudinem,
2613 1571 2730 1623 seu,
2761 1568 2820 1612 ut
2861 1569 2915 1612 ιιι
2947 1560 3107 1624 dicis,
3148 1563 3610 1633 conjunctionem.

2039 1649 2425 1705 Verumtamen
2450 1651 2666 1705 etiamsi
2700 1650 2876 1706 factus
2922 1665 3006 1706 est
3045 1654 3230 1719 homo,
3260 1673 3364 1712 non
3420 1661 3616 1717 desinit

2041 1758 2160 1800 esse
2183 1741 2347 1798 Deus.
2382 1743 2572 1812 Neque
2600 1759 2726 1798 vero
2753 1760 2972 1800 carnem
3011 1746 3069 1801 iu
3091 1747 3185 1804 Dei
3213 1761 3468 1807 naturam
3494 1771 3615 1810 esse

367 1835 688 1906 μεταϐολὴν,
737 1833 1018 1906 ήγούμεθα
1065 1834 1122 1886 δὲ
1169 1833 1266 1887 καὶ
1306 1831 1366 1886 τὸ
1412 1831 1646 1902 ἔμπαλιν
1690 1831 1788 1900 οὐχ
1834 1824 1937 1884 ὧδε

2045 1846 2306 1892 mutatam
2333 1835 2585 1904 dicimus,
2627 1851 2803 1906 neque
2845 1841 3153 1894 econtrario
3191 1843 3270 1896 sie
3316 1859 3376 1899 se
3416 1845 3617 1902 habere

365 1925 536 1996 ἔχειν’
588 1925 864 1996 μεμένηκε
913 1925 1022 1995 γάρ
1054 1925 1088 1995 ἡ
1126 1922 1221 1976 τοῦ
1259 1923 1433 1991 Λόγου
1459 1921 1602 1975 τοῦθ’
1628 1922 1766 1992 ὅπερ
1799 1921 1935 1985 ἐστὶ,

367 2019 458 2072 καὶ
489 2017 751 2072 ἑνωθεῖσα
800 2017 983 2087 σαρκί.
1016 2014 1226 2069 Οὐκοῦν
1259 2015 1297 2068 ά
1349 2015 1538 2086 μηδεὶς
1581 2014 1686 2068 κᾶν
1717 2011 1848 2082 γοῦν
1881 2014 1938 2066 ἐν

365 2110 554 2181 ψιλαῖς·
590 2109 820 2172 ἐννοίαις
865 2110 1080 2178 φρονεῖν
1125 2105 1285 2172 ἀξιοῖ,
1318 2106 1406 2160 διά
1436 2106 1593 2160 ποίαν
1640 2105 1818 2159 αίτίαν
1864 2103 1940 2167 ὡς

365 2202 582 2275 άληθῶς
613 2201 877 2275 εἰρημένα
912 2199 1080 2265 τιθεὶς
1114 2203 1173 2254 ἐν
1199 2203 1313 2264 τοῖς
1359 2199 1553 2254 ἑαυτοῦ
1604 2199 1801 2268 λόγοις,
1829 2200 1940 2263 τοῖς

365 2296 465 2368 τῆς
497 2296 776 2359 εὒσεϐείας
807 2295 1038 2366 δόγμασι
1071 2294 1352 2349 συναθλεῖν
1381 2295 1683 2367 ὑποκρίνῃς
1723 2295 1797 2346 Τὸ
1840 2293 1940 2363 μὲν

367 2389 476 2458 γάρ
524 2387 625 2456 τῆς
673 2386 923 2457 κράσεως
955 2385 1146 2455 ὄνομα,
1180 2384 1458 2438 τεθείκασί
1503 2402 1649 2448 τινες
1693 2384 1791 2438 κα).
1831 2383 1940 2436 τῶν

367 2479 538 2548 ἁγίων
583 2478 872 2548 Πατέρων·
925 2476 1113 2548 ἐπειδὴ
1151 2475 1383 2530 δεδιέναι
1414 2477 1545 2547 φῄς,
1589 2479 1664 2548 μὴ
1710 2475 1817 2547 ἄρα
1856 2490 1943 2538 τις

369 2572 628 2641 ἀνάχυσις
657 2570 928 2641 συμϐῆναι
959 2568 1216 2640 νομισθῇ,
1261 2568 1512 2640 καθάπερ
1553 2569 1613 2621 ἐν
1639 2569 1789 2633 τάξει
1833 2565 1944 2619 τῶν

372 2663 621 2733 ἀλλήλοις
699 2662 1164 2732 συγκεκραμένων
1219 2661 1438 2731 ὑγρῶν,
1500 2661 1827 2715 ἀπαλλάττω
1882 2675 1942 2711 σε

369 2756 674 2826 δειμάτων·
708 2757 1081 2829 πεφρονήκασι
1114 2755 1222 2826 γὰρ
1265 2755 1366 2824 οὐχ
1413 2748 1548 2808 ὦδε·
1599 2753 1796 2817 πόθεν;
1845 2770 1946 2814 κατ

370 2848 730 2918 τακέχρηνται
758 2847 815 2900 δὲ
857 2849 922 2918 τῇ
970 2846 1134 2913 λέξει,
1161 2847 1260 2916 τὴν
1289 2848 1370 2910 εἰς
1409 2846 1578 2916 ἀκρον
1614 2844 1808 2898 ἕνωσιν
1837 2843 1946 2896 τῶν

372 2941 621 3011 ἀλλήλοις
673 2938 1096 3010 συμϐεϐηκότων
1146 2935 1480 3008 καταδηλοῦν
1533 2935 1944 3000 σπουδάζοντες.

370 3028 654 3103 Συμϐἦναι
701 3031 763 3084 δὲ
802 3047 982 3100 φαμεν
1033 3030 1157 3084 καθ’
1196 3031 1390 3083 ἕνωσιν
1430 3029 1816 3090 ἀδιάσπαστον,
1852 3028 1946 3081 καὶ

373 3123 743 3188 ἀναλλοιώτως
780 3124 1030 3195 ἔχουσαν,
1081 3126 1148 3194 τῇ
1191 3123 1295 3194 ἰδίᾳ
1343 3124 1510 3195 σαρκὶ
1556 3123 1650 3177 τὸν
1691 3124 1756 3177 ἐκ
1805 3122 1942 3176 Θεοῦ
1969 3162 2012 3220 C

372 3219 563 3284 Λόγον.
612 3216 930 3287 Εὗρήσομεν
976 3215 1034 3268 δὲ
1088 3215 1182 3269 καὶ
1230 3214 1398 3287 αὐτὴν
1438 3217 1536 3285 τὴν
1585 3214 1944 3268 θεόπνευστον

373 3309 613 3380 Γραφὴν,
661 3311 722 3362 οὐ
759 3308 958 3378 σφόδρα
990 3307 1088 3378 τὴν
1133 3304 1277 3372 λέξιν
1322 3305 1820 3369 ὲκϐασανίζουσανθ
1863 3322 1947 3357 τι-

374 3400 558 3453 θεῖσαν
605 3400 663 3452 δῖε
711 3399 910 3468 μᾶλλον
958 3397 1033 3460 ὡς
1075 3400 1134 3451 ἐν
1189 3397 1544 3469 καταχρήσει,
1591 3397 1686 3450 καὶ
1733 3395 1942 3459 ἁπλῶς.

375 3492 621 3562 Γέγραφε
650 3490 780 3559 γοῦν
807 3493 835 3544 ό
861 3490 1145 3552 Θεσπέσιος
1164 3488 1372 3552 Παῦλος
1402 3489 1527 3560 περί
1560 3505 1739 3540 τινων·
1765 3507 1784 3539 ι
1806 3486 1950 3539 Ἀλλ’

372 3584 472 3637 οὐκ
518 3583 799 3652 ὠφέλησεν
828 3586 855 3635 ό
888 3582 1042 3650 λόγος
1073 3582 1172 3651 τῆς
1200 3581 1370 3652 ἀκοῆς
1400 3581 1663 3643 ἐκείνους,
1697 3578 1774 3650 μὴ
1816 3594 1946 3645 συγ-

373 3675 749 3747 κεκραμένους
797 3676 864 3746 τῇ
934 3674 1116 3726 πίστει
1167 3675 1278 3736 τοῖς
1343 3671 1662 3726 ἀκούσασιν.
1725 3690 1744 3723 ι
1800 3665 1952 3740 Ἀρα

373 3769 482 3838 γάρ
513 3767 736 3837 ἔμελλον
769 3765 909 3820 κατά
951 3765 1045 3818 τὸν
1073 3763 1164 3819 σὺν
1212 3764 1413 3835 τρόπον
1451 3763 1948 3833 συνανακιρνᾶσθαί

373 3877 435 3913 τε
467 3859 735 3929 ἀλλήλοις,
783 3857 1034 3928 καθάπερ
1080 3857 1271 3928 ἀμέλει
1313 3856 1406 3909 καὶ
1451 3849 1591 3917 οἶνος
1629 3853 1802 3918 ὕδατι,
1853 3855 1948 3907 καὶ

377 3952 636 4023 ἀνάχυσίν
663 3968 784 4003 τινα
820 3950 927 4002 τῶν
957 3950 1305 4003 ὕποστάσεων
1332 3945 1429 4018 τὴν
1461 3949 1542 4010 είς
1583 3945 1819 4016 ἀλλήλας
1846 3962 1950 3999 πα-

378 4043 511 4106 θεῖν,
547 4044 594 4096 οἱ
628 4043 756 4112 περὶ
800 4035 874 4093 ὧν
914 4043 944 4094 ό
985 4039 1163 4108 λόγος,
1200 4037 1232 4108 ἢ
1267 4037 1465 4108 μᾶλλον
1515 4034 1767 4088 ὲνοῦσθαι
1808 4033 1951 4088 κατά

376 4134 576 4206 ψυχὴν,
601 4133 742 4186 κατά
773 4148 838 4201 γε
864 4130 926 4184 τδ
953 4131 1010 4183 ἐν
1033 4133 1155 4194 ταῖς
1186 4129 1455 4199 Πράξεσιν
1479 4125 1588 4180 τῶν
1612 4124 1781 4194 ἁγίων
1815 4125 1950 4178 ἀπο-

380 4227 580 4280 στόλων
613 4224 1028 4295 γεγραμμένον.
1059 4223 1141 4276 ὄτι
1184 4220 1278 4274 τοῦ
1312 4219 1549 4290 πλήθους
1577 4217 1686 4270 τῶν
1725 4233 1950 4270 πιστευ-

382 4319 590 4374 σάντων
619 4312 685 4387 ἦν
711 4317 745 4386 ὴ
774 4314 994 4384 καρδία,
1034 4315 1129 4366 καὶ
1164 4313 1200 4382 ἡ
1222 4310 1368 4381 ψυχὴ
1398 4311 1532 4380 μία;
1577 4309 1739 4373 Ἀλλ’,
1773 4305 1958 4380 οἶμαι,

377 4412 538 4466 τοῦτό
563 4414 710 4463 ἐστιν
749 4408 966 4477 ἀληθὲς,
1002 4407 1034 4477 ἢ
1068 4407 1264 4458 ἐκεῖνο.
1307 4405 1452 4470 "Bito
1481 4403 1547 4472 δὴ
1577 4399 1670 4456 οὖν
1699 4403 1806 4455 τῶν
1855 4401 1952 4454 ἐπὶ

379 4498 586 4564 τούτοις
617 4502 709 4554 ἔσο
740 4500 1008 4571 δειμάτων
1027 4515 1039 4528 ·
1077 4496 1324 4567 ἀσφαλής
1349 4496 1456 4566 γὰρ
1486 4494 1604 4548 λίαν
1636 4493 1746 4547 τῶν
1777 4494 1947 4564 ἁγίων
1973 4505 2027 4565 ι)

381 4597 410 4649 ό
440 4589 583 4656 νοῦς.

463 4683 677 4754 Ἐπειδὴ
707 4683 765 4736 δὲ
795 4682 856 4736 τδ
881 4679 1300 4753 ὲνανθρωπῆσαι
1331 4677 1509 4746 λέγειν
1528 4678 1628 4746 τὴν
1653 4675 1748 4730 τοῦ
1778 4676 1952 4745 Λόγου

382 4777 562 4848 φύσιν,
597 4776 751 4830 οὐδὲν
785 4775 995 4846 ἕτερον,
1029 4770 1205 4842 οἶμαι,
1232 4772 1402 4834 ἐστὶν,
1438 4769 1470 4841 ἢ
1503 4771 1677 4822 ὲκεῖνο
1711 4772 1951 4840 φρονεῖν,

381 4872 463 4923 ὅτι
501 4869 722 4938 γέγονεν
753 4868 1059 4937 ἄνθρωπος,
1093 4866 1187 4918 καὶ
1235 4865 1296 4916 ού
1333 4864 1456 4934 δίχα
1503 4865 1810 4934 γεννήσεως
1853 4863 1954 4932 τῆς

383 4965 447 5016 ὲκ
469 4961 743 5030 γυναικὸς,
794 4958 998 5030 ταύτην
1034 4957 1142 5027 γὰρ
1197 4953 1304 5008 οἶδε
1354 4956 1448 5007 καὶ
1486 4955 1654 5025 μόνην
1697 4955 1797 5022 τὴν
1832 4955 1950 5008 ὁδὸν

381 5054 488 5108 τῶν
531 5051 883 5124 ἀνθρωπίνων
916 5049 1185 5120 σωμάτων
1215 5049 1249 5119 ἡ
1282 5046 1464 5117 φύσις,
1504 5048 1621 5110 πῶς
1646 5046 1744 5100 οὐκ
1777 5046 1952 5100 ὲδιδά·

380 5147 516 5220 χθης
539 5146 635 5217 τὴν
665 5145 806 5199 κατά
831 5144 1007 5214 σάρκα
1038 5142 1286 5211 γέννησιν
1311 5140 1405 5192 τοῦ
1438 5138 1775 5206 Μονογενοῦς
1799 5139 1950 5209 παρὰ

380 5242 476 5310 τῆς
522 5237 880 5292 θεοπνεύστου
926 5233 1184 5306 Γραφῆς;
1231 5231 1424 5286 Καίτοι
1461 5232 1554 5283 καὶ
1602 5230 1785 5293 αὐτὸς,
1818 5245 1950 5299 προ-

380 5331 646 5402 κειμένων
685 5330 768 5382 σοί
809 5345 938 5382 ποτε
978 5324 1332 5397 προφητικῶν
1377 5323 1838 5392 ἀναγνωσμάτων,
1866 5322 1948 5374 ὅτι

390 5443 408 5475 ι
437 5424 652 5476 Παιδίον
703 5420 964 5492 ἐγεννήθη
1019 5421 1170 5488 ἡμῖν,
1214 5416 1326 5480 υίὸς
1385 5415 1484 5468 καὶ
1511 5411 1666 5483 ὲδόθη
1721 5415 1882 5482 ἡμῖν,
1926 5431 1946 5462 ι

384 5517 508 5586 περὶ
538 5515 630 5567 τοῦ
659 5513 939 5583 τεχθέντος
968 5510 1179 5564 παιδίου
1205 5506 1382 5560 τοιάδε
1420 5505 1542 5557 τινὰ
1568 5504 1673 5574 φής
1699 5519 1710 5530 ·
1735 5522 1752 5552 ι
1791 5503 1951 5570 Μέγα

382 5604 476 5659 τοῦ
506 5604 678 5675 δώρου
722 5589 783 5656 τό
820 5602 1148 5673 μυστήριονο
1181 5595 1336 5650 τοῦτο
1369 5593 1478 5664 γὰρ
1523 5593 1583 5644 τὸ
1621 5590 1950 5661 βλεπόμενον

427 5801 430 5804 ·
457 5788 506 5820 ⁵³
539 5785 698 5841 llchr.
730 5800 802 5849 tv,
833 5786 887 5838 ‘2.
971 5784 1012 5812 ⁸⁸
1042 5783 1157 5835 Act.
1197 5796 1267 5844 tv,
1296 5779 1384 5833 δέ.
1463 5777 1508 5808 ⁸³
1544 5778 1647 5834 lsa.
1677 5793 1752 5841 Ix,
1780 5777 1832 5830 6.

2038 1943 2348 1985 censemus.
2375 1928 2578 1984 Mansit
2605 1931 2754 1985 enim
2782 1929 2940 1985 Verbi
2972 1943 3173 1989 natura.
3211 1937 3440 2006 idipsum
3469 1945 3615 2011 quod

2041 2031 2153 2089 est,
2177 2022 2340 2076 etiam
2365 2023 2514 2076 unita
2537 2023 2710 2078 carni.
2744 2021 2911 2094 Igitur
2942 2041 3064 2093 quae
3086 2043 3246 2082 nemo
3269 2045 3342 2084 tte
3367 2031 3468 2087 leui
3495 2038 3616 2103 qui-

2041 2114 2164 2168 dem
2189 2112 2526 2181 cogitatione.
2567 2115 2850 2168 sentienda-
2876 2128 3086 2180 censet,
3112 2133 3172 2172 ea
3215 2134 3318 2188 qua
3347 2122 3430 2176 de
3452 2139 3619 2180 causa

2043 2215 2296 2276 tanquam
2323 2219 2540 2278 revera
2573 2207 2723 2262 dicta.
2747 2222 2870 2262 cum
2910 2209 2969 2263 in
3005 2213 3116 2264 tuis
3148 2215 3494 2271 semianime
3521 2235 3618 2287 po-

2041 2297 2238 2361 sueris,
2253 2310 2351 2366 pro
2372 2294 2594 2364 pietatis
2605 2297 2944 2365 dogmatibus
2963 2309 3016 2354 te
3041 2301 3330 2357 «certare-
3351 2304 3618 2361 sistatis-3

2041 2391 2178 2446 Nam
2233 2390 2514 2445 uitiationis.
2559 2404 2754 2445 nomen
2806 2403 3104 2459 posuerunt
3155 2397 3402 2451 nonnulli
3449 2399 3620 2452 etiam

2041 2485 2212 2544 Sancti
2241 2485 2430 2540 Patres
2463 2501 2478 2538 :
2521 2483 2618 2540 sed
2657 2485 2788 2554 quia
2837 2497 3084 2542 metuere
3107 2498 3164 2542 te
3192 2491 3350 2553 dicis,
3393 2507 3462 2547 ne
3509 2510 3618 2564 qua

2043 2576 2288 2633 confusio
2329 2577 2627 2646 contigisse
2663 2577 3024 2644 existhnetur,
3063 2581 3135 2633 ad
3173 2582 3351 2636 instar
3385 2584 3619 2653 liquide-

2045 2680 2168 2720 rutn
2201 2679 2322 2734 quae
2359 2665 2503 2720 inter
2539 2678 2600 2718 se
2637 2674 2823 2720 mutuo
2853 2669 3310 2738 comminemur;
3360 2673 3540 2729 libero
3566 2687 3623 2731 ια

2045 2757 2148 2812 hoc
2179 2767 2363 2811 metu:
2393 2772 2506 2812 non
2533 2757 2616 2813 ttie
2651 2757 2728 2812 illi
2768 2771 3096 2830 senserant;
3130 2764 3394 2821 mini-rue:
3430 2769 3526 2821 sed
3551 2784 3623 2822 en

2046 2860 2182 2902 voce
2196 2855 2321 2901 sunt
2349 2848 2527 2909 abusi,
2558 2862 2690 2902 cum
2719 2863 2983 2905 summm
3009 2855 3274 2909 unionem.
3309 2851 3498 2912 rerum-
3533 2861 3620 2913 in-

2048 2949 2130 2994 ter
2159 2954 2217 2994 se
2247 2939 2684 3000 convenientium
2731 2945 3019 2997 ostendere
3061 2947 3364 3002 studerent.
3402 2950 3619 3004 Conve-

2047 3031 2200 3086 nisse
2229 3039 2414 3084 autem
2444 3029 2678 3086 dicimus
2713 3046 2837 3088 cum
2881 3035 3094 3103 propria
3145 3051 3311 3091 cune
3350 3039 3443 3095 Dei
3491 3040 3620 3096 Ver-

2048 3120 2174 3175 bum
2222 3121 2426 3176 unione
2477 3121 2831 3191 inseparhili
2863 3133 3030 3192 atque
3074 3126 3416 3184 inmutabili.
3472 3131 3620 3200 Ipsae

2047 3224 2266 3280 quoque
2293 3224 2489 3266 sacras
2521 3209 2758 3268 Litteras.
2796 3213 3134 3270 inveniemus
3183 3233 3296 3272 non
3331 3222 3623 3279 admodum

2047 3302 2210 3358 anxie
2240 3301 2342 3356 hac
2372 3316 2504 3359 voce
2543 3318 2690 3370 usas,
2719 3305 2812 3360 sed
2845 3306 3071 3363 abusive
3101 3311 3288 3379 potius
3323 3327 3387 3367 ac
3416 3316 3623 3386 simpli-

2047 3394 2190 3454 cius.
2221 3393 2503 3462 ltaquede
2541 3395 2860 3463 quihusdam
2891 3399 3112 3466 scripsit
3155 3403 3348 3459 beatus
3370 3402 3570 3462 Paulus
3605 3427 3620 3464 :

2054 3503 2078 3537 ι
2112 3483 2221 3540 Sed
2250 3500 2361 3539 non
2383 3484 2586 3554 profuit
2616 3484 2720 3540 illis
2757 3501 2938 3541 sertuo
2975 3492 3208 3557 auditus,
3243 3510 3346 3548 non
3377 3500 3628 3556 admisti!

2048 3579 2182 3635 lldei.
2215 3578 2282 3633 iis
2315 3578 2409 3649 qui
2432 3579 2718 3633 audierunt
2753 3577 2820 3634 ⁸⁸.
2858 3599 2878 3632 ι
2919 3581 3058 3635 Num
3105 3585 3266 3654 igitur
3311 3587 3367 3654 ii,
3398 3593 3464 3644 de
3501 3593 3625 3662 qui-

2049 3673 2158 3728 bus.
2195 3672 2460 3742 loquitur,
2485 3686 2600 3741 quo
2625 3684 2688 3725 tu~
2705 3671 2842 3727 dicis
2873 3676 3034 3728 modo
3059 3679 3446 3737 euntiscendi
3468 3696 3627 3741 erant

2050 3764 2196 3819 inter
2224 3779 2284 3819 se
2325 3774 2386 3818 ut
2438 3779 2570 3818 cum
2592 3777 2741 3832 aqua.
2775 3764 2962 3818 vitm
3005 3777 3062 3821 et
3089 3783 3439 3836 personarum
3482 3779 3628 3834 inter

2049 3870 2111 3910 se
2146 3855 2528 3910 confusionem
2575 3855 2854 3910 subituri?
2895 3873 2974 3911 att
3010 3859 3188 3928 potius
3236 3878 3336 3932 per
3381 3867 3653 3926 animetur

2052 3946 2272 4002 uniendi
2305 3956 2563 4009 erant,.ut
2584 3947 2851 4016 scriptum
2869 3958 2954 4002 est
2979 3949 3032 4003 in
3059 3963 3368 4009 sanctorum
3406 3971 3626 4027 aposto-

2052 4036 2224 4091 lorum
2265 4037 2418 4092 Actis
2453 4035 2521 4101 ",
2555 4036 2722 4091 fuisse
2747 4036 3120 4096 multitudinis
3155 4044 3500 4102 credentium
3531 4067 3636 4108 cor-

2054 4143 2220 4183 unnm
2245 4135 2312 4181 et.
2335 4127 2572 4181 animam
2606 4127 2809 4182 unam?
2855 4127 2970 4183 Sed-
2998 4129 3049 4183 id
3084 4132 3274 4187 verius
3309 4149 3432 4191 esse
3461 4152 3635 4208 quam

2053 4217 2188 4272 illud
2215 4217 2434 4288 Opinor.
2463 4217 2660 4273 Desine
2691 4218 2856 4286 igitur
2880 4219 2982 4274 hac
3014 4220 3085 4275 de
3116 4235 3181 4285 re
3216 4234 3496 4285 tacuere;
3529 4230 3625 4286 nr-

2055 4324 2175 4365 tuus
2215 4319 2305 4365 est
2341 4311 2488 4365 enim
2537 4310 2833 4366 admodum
2875 4322 3191 4370 sanctorum
3219 4317 3458 4375 virorum
3503 4337 3632 4379 sen-

2052 4416 2169 4460 8118.

2125 4671 2230 4726 Sed
2257 4671 2382 4741 quia
2422 4670 2556 4726 nihil
2584 4671 2728 4726 aliud
2784 4682 2888 4736 est,
2943 4682 3004 4734 ut
3048 4684 3200 4744 puto,
3250 4677 3432 4733 dicere
3459 4677 3624 4736 Verbi

2053 4773 2302 4817 naturam
2327 4763 2700 4826 humanatatn,
2739 4763 2842 4818 nisi
2887 4765 3155 4820 ltontinem
3187 4766 3408 4835 factam,
3466 4772 3629 4842 idque

2054 4855 2270 4910 nonnisi
2299 4869 2397 4924 per
2424 4857 2827 4924 generationem
2856 4871 2920 4910 ex
2949 4856 3148 4910 femina
3178 4873 3195 4910 :
3228 4861 3366 4915 hanc
3396 4879 3630 4934 namque

2056 4948 2198 5002 viam
2222 4947 2391 5002 solam
2433 4947 2542 5018 16
2570 4949 2925 5002 humanorum
2965 4965 3254 5019 corporum
3305 4967 3502 5010 natura-
3527 4975 3628 5012 no-

2057 5041 2176 5094 vit:
2224 5055 2323 5094 cur
2377 5038 2520 5092 illam
2553 5039 2826 5108 Unigeniti
2878 5043 3279 5110 generationem
3332 5051 3625 5106 secundum

2055 5147 2278 5187 carnem
2326 5146 2357 5186 a
2396 5130 2618 5186 Litteris
2643 5132 2904 5187 divin-itus
2940 5133 3216 5202 inspiratis
3239 5136 3459 5193 minime
3487 5142 3627 5196 didi-

2056 5225 2200 5287 cisti,
2232 5225 2359 5278 licet
2389 5225 2504 5296 ipse
2537 5239 2751 5293 quoque
2803 5227 3083 5295 proposita
3121 5229 3217 5282 tibi
3260 5231 3472 5300 pridem.
3498 5251 3626 5302 pro-

2057 5316 2273 5386 phetica
2307 5316 2564 5382 lectione,
2593 5335 2610 5367 ι
2634 5317 2773 5372 Puer
2795 5328 2954 5374 natus
2974 5328 3061 5373 est
3081 5323 3259 5386 nobis,
3281 5323 3423 5378 filius
3458 5329 3625 5380 etiam

2055 5411 2212 5463 datus
2243 5419 2326 5464 est
2373 5408 2528 5465 nobis
2553 5410 2600 5440 ⁵⁸
2629 5447 2642 5472 ,
2679 5430 2698 5461 ι
2746 5412 2812 5466 de
2841 5422 2970 5467 nato
3022 5427 3189 5483 puero
3224 5417 3344 5470 talia
3381 5418 3624 5474 dixeris:

2060 5517 2079 5552 t
2109 5499 2356 5570 Magnum
2405 5515 2539 5557 sane
2585 5503 2716 5556 tanti
2747 5503 2870 5557 doni
2899 5517 3320 5560 sacramentum.
3358 5507 3456 5563 His
3482 5510 3634 5563 enim

2054 5594 2148 5665 qui
2173 5594 2384 5651 videtur
2413 5593 2614 5660 infans,
2641 5596 2728 5650 hic
2762 5597 2854 5666 qui
2905 5610 3097 5654 recens
3131 5607 3372 5670 apparet,
3425 5601 3512 5656 hic
3536 5602 3628 5671 qui
