4054 6332
439 351 511 406 35
1498 353 1556 408 s.
1600 352 1873 409 manu
1908 354 2371 411 ALEXANDlllNl
2409 358 2733 417 ancmsp.
3624 364 3695 425 36

438 465 624 520 fasciis
656 462 1029 533 corporalibus
1056 473 1197 533 eget,
1240 462 1329 518 hic
1359 466 1450 534 qui
1486 469 1782 521 secundum
1829 467 1999 523 visibi-

2120 469 2338 540 βρέφος,
2378 472 2536 526 τοῦτο
2570 474 2632 527 τὸ
2662 477 3132 548 καταφαινόμενον
3161 477 3494 550 πρόσφατον,
3536 480 3697 535 τοῦτο

435 557 540 610 lem
577 556 869 610 essentiam
922 566 1168 610 recenter
1213 571 1297 610 est
1334 556 1539 622 editus,
1590 557 1761 613 Filius
1799 570 1903 629 est,
1952 573 2010 616 ut

435 649 717 717 Scriptura
754 647 930 709 docet,
976 656 1230 712 attentus,
1280 645 1450 703 Filius
1493 651 1867 707 universorum
1893 654 2013 724 opi-

434 741 544 803 fex,
578 739 749 793 Filius
778 739 868 808 qui
899 754 1010 793 suae
1039 739 1156 809 opis
1182 737 1368 794 fasciis
1434 741 1807 799 dissolubilcm
1854 762 2011 803 crea-

432 840 827 885 tttratttaturattt
853 831 1125 900 astringit.
1153 850 1171 882 ι
1197 831 1405 887 Etalibi
1436 849 1622 890 rursus
1653 858 1665 890 :
1696 854 1716 887 ι
1744 837 1811 891 Ει
1833 838 2011 895 infans

431 925 576 977 cuitu
602 922 743 978 Deus
770 933 853 978 est
892 921 1060 976 libera
1102 932 1397 993 potestate:
1427 934 1630 980 tantum
1659 929 1830 992 abest,
1860 929 2006 996 Arie,

431 1027 490 1069 ut
531 1016 671 1069 Dens
702 1014 941 1069 Verbum
983 1013 1179 1068 sitsub
1210 1013 1305 1068 Dei
1332 1023 1620 1083 potestate.
1657 1037 1676 1069 ›
1714 1018 1769 1072 In
1815 1020 2009 1088 quibus

432 1108 611 1159 verbis
635 1105 982 1173 conjunctum
1014 1119 1230 1175 quoque
1256 1120 1453 1174 corpus
1481 1108 1644 1161 Deum
1690 1111 2004 1179 appellavit.

431 1198 497 1250 Et
540 1212 728 1252 rursus
762 1214 776 1251 :
815 1217 833 1248 ι
868 1195 1123 1252 Νονίιιιυε
1157 1211 1286 1267 ergo
1339 1199 1733 1256 humanitatem
1788 1203 2008 1260 infantis

429 1303 494 1342 ac
546 1290 911 1352 divinitatem,
974 1287 1253 1344 ﬁliationis
1300 1292 1563 1347 unitatem
1613 1308 1892 1352 servamus
1951 1298 2005 1352 in

430 1382 655 1435 Deitatis
674 1379 1139 1449 humanitatisque
1160 1390 1376 1436 natura.
1420 1401 1438 1433 ι
1470 1383 1607 1439 Ecce
1640 1385 1751 1453 jam
1787 1386 2006 1444 disertis

429 1472 627 1536 verbis,
662 1470 923 1525 infantem
944 1481 1213 1525 recentem
1232 1473 1340 1543 .qui
1368 1474 1599 1540 videtur,
1628 1492 1747 1531 mox
1777 1479 2003 1546 editum,

428 1563 612 1616 fasciis
660 1562 982 1627 involutum,
1035 1561 1231 1617 Filium
1284 1580 1403 1621 esse
1465 1566 1676 1632 fateris,
1710 1579 1763 1623 et
1791 1572 2007 1626 univero

426 1670 610 1707 soruut
642 1654 913 1723 opiﬁcem.
945 1654 1099 1709 Hunc
1144 1671 1273 1711 vero
1305 1658 1568 1713 infantem
1612 1662 1765 1716 ttobis
1816 1675 2003 1718 sancta

430 1745 595 1814 Virgo
624 1745 851 1814 peperit.
885 1744 1035 1799 Nosti
1098 1747 1262 1815 igitur
1291 1760 1438 1803 certe
1490 1751 1654 1805 Deum
1706 1755 2000 1808 secundum

2114 563 2175 614 τὸ
2202 567 2530 634 σπαργάνων
2559 569 2886 638 σωματικῶν
2911 570 3121 641 δεηθὲν,
3152 572 3309 625 τοῦτο
3339 573 3401 625 τὸ
3432 574 3573 627 κατά
3597 576 3695 645 τὴν

2112 656 2399 727 ὁρωμένην
2431 658 2619 711 οὐσίαν
2649 661 2953 730 ἀρτίτοκον,
2993 663 3137 728 Υίὸς,
3176 663 3317 718 κατὰ
3344 664 3406 717 τὸ
3441 681 3688 737 γεγραμ-

2112 747 2301 818 μένον,
2350 749 2599 815 αἰώνιος·
2653 751 2780 816 Υἱὸς
2830 752 2940 807 τῶν
2980 755 3116 807 ὅλων
3154 753 3515 827 δημιουργόςο
3565 757 3692 821 Υἱὸς

2110 842 2225 904 τοῖς
2264 840 2366 911 τῆς
2408 842 2546 907 ιδίας
2593 842 2845 916 βοηθείας
2880 846 3215 918 σπαργάνοις
3240 848 3300 901 τὸ
3329 847 3431 918 τῆς
3461 848 3688 913 κτίσεως

2112 932 2422 987 εὐδιάλυτον
2456 935 2755 1004 σφίγγων.»
2786 937 2896 991 Καὶ
2926 941 2984 992 ὲν
3018 938 3227 1010 ἑτέροις
3255 938 3312 991 δὲ
3346 938 3529 993 πάλιν*
3554 940 3696 994 «Καὶ

2108 1024 2171 1076 τὸ
2211 1024 2411 1096 βρέφος
2455 1027 2564 1096 γάρ
2606 1026 2735 1090 Θεὸς
2772 1027 3151 1093 αὑτεξούσιος⁸
3183 1029 3437 1084 τοσοῦτον
3481 1032 3511 1084 6
3559 1029 3692 1095 Θεὸς

2110 1114 2280 1183 Λόγος
2306 1116 2398 1168 τοῦ
2423 1114 2560 1169 Θεοῦ
2595 1117 2912 1182 ὑπεξούσιος
2939 1114 3076 1172 εἶναι
3108 1119 3414 1191 διέστηκεν,
3443 1122 3684 1191 Ἀρειε.»

2109 1205 2187 1259 Δι’
2216 1201 2292 1260 ὧν
2328 1209 2421 1260 καὶ
2444 1208 2506 1262 τὸ
2535 1210 2879 1280 συνημμένον
2904 1211 3063 1281 σῶμα
3090 1210 3222 1265 Θεὸν
3248 1212 3684 1284 προσηγόρευσε.

2110 1296 2221 1350 Καὶ
2258 1298 2458 1353 πάλινο
2504 1318 2523 1352 t
2553 1302 2900 1373 Γνωρίζομεν
2931 1303 3112 1357 τοίνυν
3159 1303 3257 1376 τὴν
3291 1304 3690 1376 ἀνθρωπότητα

2106 1390 2199 1444 τοῦ
2242 1391 2477 1463 βρέφους
2528 1395 2622 1447 καὶ
2650 1394 2749 1465 τὴν
2795 1395 3027 1466 θεότητα
3048 1413 3062 1426 ·
3096 1395 3157 1448 τὸ
3182 1399 3281 1468 τῆς
3311 1396 3555 1467 υἱότητος
3587 1413 3686 1467 τη-

2109 1480 2311 1551 ροῦμεν
2360 1483 2649 1553 μοναδικὸν
2704 1486 2762 1538 ἐν
2810 1486 3229 1557 άνθρωπότητος
3283 1488 3380 1542 καὶ
3434 1486 3688 1559 θεότητος

2108 1573 2321 1643 φύσει.»
2344 1576 2472 1630 Ἰδοὺ
2502 1576 2566 1648 δή
2598 1577 2691 1629 καὶ
2722 1576 2865 1647 μάλα
2892 1577 3078 1647 σαφῶς
3104 1578 3164 1631 τὸ
3199 1576 3397 1648 βρέφος
3430 1577 3490 1631 τὸ
3518 1578 3689 1648 πρόσ-

2107 1684 2297 1735 φατον,
2342 1667 2402 1721 τὸ
2449 1667 2746 1740 ὁρώμενον,
2792 1671 2855 1723 τὸ
2886 1671 3193 1741 ἀρτίτοκον,
3228 1671 3289 1723 τὸ
3327 1674 3684 1742 ὲσπαργανωυ

2114 1758 2292 1826 μένον,
2332 1758 2458 1812 Υίὸν
2507 1757 2645 1813 εἶναι
2685 1762 2812 1831 φὴς,
2846 1762 2942 1814 καὶ
2987 1762 3097 1814 τῶν
3150 1761 3285 1815 ὅλων
3332 1762 3681 1832 δημιουργόν.

427 1850 646 1889 carnem
697 1836 963 1905 genitum,
988 1837 1148 1906 idque
1171 1853 1237 1892 ex
1264 1838 1524 1896 divinitus
1554 1843 1814 1911 inspirata
1851 1844 1999 1899 Scri—

2107 1848 2306 1903 Τέτοκε
2353 1851 2409 1903 δὲ
2456 1851 2516 1904 τὸ
2555 1852 2752 1922 βρέφος
2796 1854 2926 1924 ἡμῖν
2958 1855 2991 1924 ἡ
3027 1851 3155 1922 ἁγία
3189 1852 3481 1923 Παρθένος.
3514 1850 3684 1906 Οἶσθα

425 1935 583 1995 ptura
612 1923 874 1980 didicisti.
903 1926 1038 1993 Quis
1073 1929 1217 1983 enim
1268 1933 1601 2002 excogitetur
1628 1934 1999 1991 universorum

421 2019 624 2085 opifex,
676 2020 777 2072 nisi
834 2019 923 2074 ille
975 2020 1143 2085 solus,
1186 2038 1283 2092 per
1338 2038 1498 2093 quem
1545 2029 1725 2080 omnia
1760 2030 2004 2084 condidit

423 2104 625 2160 Pater?
652 2105 757 2161 Sed
786 2105 926 2163 forte
952 2109 1325 2178 respondebis,
1361 2120 1411 2164 te
1446 2111 1742 2166 secundum
1778 2114 1827 2167 id
1859 2116 2001 2183 quod

423 2201 646 2265 latebat,
689 2199 880 2253 Filium
924 2201 1145 2266 dixisse,
1197 2210 1250 2255 ct
1301 2203 1675 2258 universorum
1725 2202 1998 2273 Opiﬁcem.

425 2291 597 2347 Recte
619 2293 775 2359 dicis,
796 2294 1084 2348 assentior.
1116 2293 1243 2357 Sed,
1274 2311 1457 2364 quaeso
1484 2305 1692 2363 tc,eum
1725 2296 1816 2366 qui
1850 2297 1999 2360 latet,

423 2399 545 2440 esse
587 2386 791 2440 asseris
846 2385 975 2439 illud
1023 2401 1091 2438 cx
1138 2386 1246 2441 Deo
1303 2385 1565 2453 Verbum,
1608 2403 1841 2457 eumque
1882 2405 2001 2445 esse

426 2478 802 2532 universorum
870 2477 1137 2546 'opiﬁcem
1185 2495 1200 2531 :
1256 2481 1527 2548 quomodo
1614 2481 1779 2549 igitur
1847 2482 2002 2536 nobis

426 2568 585 2638 paulo
623 2576 746 2622 ante
774 2569 1160 2637 propemodum
1214 2569 1383 2637 digito
1419 2569 1565 2623 illum
1616 2581 1909 2635 recentem,
1948 2580 2003 2625 et

421 2662 535 2731 jam
571 2661 795 2726 editum,
821 2670 875 2715 et
903 2660 1085 2715 fasciis
1116 2660 1411 2715 involutum
1453 2662 1713 2716 infamem
1770 2661 2001 2716 demou-

425 2752 633 2816 strasd,
670 2764 827 2819 quem
859 2749 1023 2803 etiam
1069 2749 1161 2803 Dei
1197 2748 1389 2802 Filium
1433 2748 1761 2818 appellabas,
1807 2759 1861 2803 et
1885 2763 2003 2805 om:

428 2844 576 2898 ttium
604 2842 855 2911 opiﬁcem
884 2841 907 2895 ?
938 2841 1022 2894 An
1069 2841 1195 2910 quia
1238 2842 1468 2896 fortasse
1502 2852 1680 2911 putas,
1735 2841 1828 2896 Dei
1862 2841 2000 2896 Ver.~

429 2932 556 2985 bum
591 2930 643 2985 itt
679 2930 860 2985 carnis
898 2940 1149 2984 naturam
1196 2944 1321 2985 esse
1373 2941 1637 2985 tttutatunt
1668 2933 1807 2986 ?sed
1838 2943 1891 2987 et
1928 2934 1998 2987 ita

429 3032 482 3075 te
535 3021 708 3091 ipsum
755 3021 936 3091 potius
997 3021 1303 3085 accusabis,
1356 3038 1514 3092 quam
1547 3024 1681 3078 alios
1736 3026 1889 3094 quasi
1948 3024 1999 3079 id

430 3113 700 3168 afﬁrmare
730 3128 910 3168 ausos.
941 3115 1021 3167 Att
1039 3127 1167 3168 vero
1184 3114 1310 3182 quia
1340 3115 1387 3169 is
1420 3114 1600 3170 infans
1623 3115 1712 3169 ille
1728 3118 2001 3169 estlatens

2103 1939 2168 2011 δὴ
2224 1936 2317 1995 οὖν
2376 1942 2483 2013 ἄρα
2534 1944 2665 1995 Θεὸν
2714 1944 2854 1998 κατὰ
2906 1945 3086 2015 σάρκα
3117 1945 3545 2015 γεγεννημένον
3589 1945 3683 1998 καὶ

2102 2031 2261 2084 τοῦτο
2296 2034 2358 2085 ἐκ
2392 2033 2492 2103 τῆς
2523 2033 2878 2087 θεοπνεύστου
2930 2036 3259 2107 μεμάθηκας
3305 2036 3548 2107 Γραφῆς.
3585 2035 3682 2098 Τίς

2101 2119 2211 2191 γὰρ
2244 2120 2310 2173 ἂν
2342 2123 2513 2174 νοοῖτο
2541 2122 2648 2174 τῶν
2679 2123 2816 2177 ὅλων
2853 2124 3205 2194 δημιουργὸς,
3240 2124 3377 2194 πλὴν
3409 2127 3489 2178 ὅτι
3522 2124 3681 2194 μόνος

2102 2213 2327 2276 ἐκεῖνος,
2361 2215 2388 2265 ὀ
2414 2214 2480 2266 δι’
2508 2207 2569 2267 οὗ
2592 2215 2659 2268 τά
2685 2217 2860 2269 πάντα
2889 2216 3189 2287 πεποίηκεν
3217 2219 3245 2270 6
3277 2218 3461 2287 Πατήρ
3485 2234 3498 2279 ;
3542 2215 3682 2269 Ἀλλ’

2103 2307 2259 2377 ἔφην,
2306 2308 2435 2372 ἴσως
2478 2311 2643 2381 ἐρεῖς,
2684 2310 2825 2363 κατὰ
2864 2311 2923 2363 τὸ
2966 2313 3370 2384 κεκρυμμένον,
3410 2311 3559 2374 Υἱός,
3586 2310 3681 2365 καὶ

2101 2399 2208 2452 τῶν
2239 2399 2374 2451 ὅλων
2419 2400 2768 2472 δημιουργός.
2820 2402 3048 2467 Καλῶς,
3108 2402 3462 2473 συνθήσομαι.
3524 2402 3681 2473 Ἐρή-

2104 2508 2268 2561 σομαι
2298 2492 2375 2545 δέ.
2418 2492 2521 2545 Τὸν
2564 2494 2949 2564 κεκρυμμένον
2996 2490 3136 2547 εἶναι
3183 2495 3289 2566 φὴς
3338 2496 3426 2547 τὸν
3454 2496 3515 2547 ὲκ
3546 2493 3679 2547 Θεοῦ

2102 2584 2294 2650 Λόγον,
2328 2583 2422 2636 καὶ
2462 2584 2652 2638 τοῦτον
2685 2581 2823 2639 εἶναι
2867 2586 2958 2639 τὸν
2986 2586 3123 2641 ὅλων
3162 2586 3492 2656 δημιουργόν
3514 2602 3526 2615 ’
3563 2585 3682 2651 πῶς

2101 2672 2193 2729 οὖν
2225 2677 2356 2746 ἡμῖν
2384 2679 2588 2750 ἀρτίως
2622 2680 2905 2750 μονονουχὶ
2939 2681 3033 2734 καὶ
3063 2668 3310 2751 δακτύλῳ
3345 2681 3405 2733 τὸ
3435 2681 3682 2753 πρόσφα-

2100 2784 2209 2828 τον,
2253 2767 2347 2820 καὶ
2376 2767 2436 2821 τὸ
2468 2770 2772 2839 ἀρτίτοκον,
2805 2771 2899 2825 καὶ
2942 2772 3003 2825 τὸ
3047 2773 3103 2824 ὲν
3144 2773 3501 2844 σπαργάνοις,
3551 2790 3683 2826 κατε

2102 2856 2307 2923 έδειξας
2352 2859 2579 2930 βρέφος’
2611 2863 2703 2915 καὶ
2746 2862 2904 2916 τοῦτο
2937 2864 3069 2918 αὑτὸ
3114 2864 3205 2916 καὶ
3237 2864 3365 2917 Υίὸν
3404 2863 3682 2934 ὠνόμαζες

2101 2948 2258 3013 Θεοῦ,
2301 2952 2394 3003 ml.
2428 2950 2518 3003 τὸν
2546 2952 2683 3005 ὅλων
2717 2953 3079 3025 δημιουργόνς
3109 2950 3187 3007 Ἦ
3215 2955 3354 3024 τάχα
3383 2972 3484 3006 που
3518 2970 3684 3025 μετα·

2102 3041 2430 3109 πεποιῆσθαι
2460 3044 2751 3114 νενόμικας
2783 3047 2861 3106 εἰς
2889 3047 2988 3116 τὴν
3026 3047 3121 3113 τῆς
3164 3047 3364 3119 σαρκὸς
3395 3045 3552 3114 φύσιν
3590 3044 3681 3097 τὸν

2103 3137 2166 3189 ἐκ
2197 3135 2332 3189 Θεοῦ
2364 3136 2568 3203 Λόγον;
2598 3137 2706 3189 Καὶ
2743 3137 2927 3208 γράψῃ
2958 3136 3156 3207 μᾶλλον
3188 3138 3406 3200 σαυτὸν,
3436 3136 3535 3205 οὑχ
3564 3135 3680 3187 ἐτέ-

428 3205 598 3260 Filius
652 3216 708 3259 et
748 3206 1131 3259 universorum
1182 3204 1393 3273 opifex,
1441 3216 1497 3259 et
1545 3206 1685 3259 idem
1729 3217 1887 3260 natus
1932 3223 1997 3260 ex

2109 3246 2253 3298 ρους,
2302 3227 2377 3290 ὡς
2409 3229 2567 3280 τοῦτο
2619 3229 2781 3296 φάναι
2825 3230 3220 3299 τολμήσαντας.
3254 3224 3331 3281 Ἦ
3377 3228 3532 3299 εἴπερ
3566 3227 3682 3280 ἐστὶ

429 3306 616 3351 sancta
658 3296 897 3366 Virgine,
930 3296 1003 3349 ita
1038 3297 1238 3350 invitus
1268 3311 1333 3350 ex
1384 3297 1660 3366 inopinato
1714 3299 1857 3352 illam
1882 3314 2005 3353 esse

430 3390 523 3444 Dei
554 3388 868 3459 genitricem
903 3388 1184 3443 nobiscum
1222 3388 1508 3444 confessus
1537 3390 1692 3445 eris?
1722 3390 2004 3457 Quomodo

429 3483 573 3535 enim
631 3480 811 3535 infans
861 3480 1004 3534 Deus
1034 3481 1106 3535 sit
1156 3495 1269 3535 sum
1319 3482 1642 3549 potestatis?
1673 3482 1807 3537 Nam
1837 3485 1880 3539 si
1931 3485 2003 3537 ita

425 3555 567 3628 dicis
625 3573 769 3627 illum
828 3588 940 3626 suae
1000 3574 1285 3642 potestatis
1346 3582 1404 3629 ut
1465 3589 1588 3631 esse
1632 3577 2003 3645 unusquisque

428 3666 600 3721 nostri
627 3665 821 3721 similis
851 3664 1187 3734 intelligitur,
1221 3675 1471 3736 tanquam
1528 3668 1612 3722 cui
1645 3683 1757 3723 suae
1806 3669 2001 3724 volun-

431 3759 556 3811 tatis
589 3772 617 3810 a
646 3756 756 3810 Deo
791 3756 1070 3826 permissa:
1098 3757 1207 3811 sint
1245 3757 1502 3824 habenae;
1537 3760 1664 3827 quid
1709 3760 1815 3814 erit
1845 3760 1896 3813 itt
1936 3774 2002 3813 eo

428 3859 622 3921 printer
645 3858 870 3903 caeteros
903 3849 1005 3919 17
1035 3850 1296 3904 eximium
1320 3854 1344 3904 ’ί
1394 3860 1487 3905 aut
1514 3867 1674 3921 quam
1693 3852 1761 3905 ob
1777 3867 2000 3906 causam

439 3942 744 3996 libertatem
804 3940 1017 3995 arbitrii
1076 3956 1139 3996 ac
1207 3944 1492 4011 potestatis
1567 3952 1824 4013 tanquam
1890 3946 2003 4000 Deo

426 4034 644 4102 dignum
673 4040 729 4087 et
758 4031 1083 4101 pratcipuum
1135 4046 1324 4086 revera
1376 4033 1591 4087 titulum
1645 4034 1719 4089 illi
1785 4036 1996 4102 tribuis,

424 4124 676 4194 quamvis
732 4122 981 4177 omnibus
1034 4124 1125 4193 qui
1172 4124 1373 4193 degunt
1410 4125 1463 4178 in
1514 4127 1671 4182 terris
1712 4140 1766 4181 et
1799 4128 1999 4184 habere

426 4216 569 4269 illam
599 4214 776 4278 liceat,
808 4224 859 4268 et
880 4212 995 4282 jam
1027 4215 1260 4269 habeant
1288 4216 1312 4270 3
1350 4214 1443 4270 Sitt
1469 4218 1687 4273 libertas
1716 4223 1998 4288 potestatis

427 4308 563 4365 illud
613 4307 665 4361 itt
712 4307 813 4361 hac
840 4317 995 4376 parte
1031 4307 1320 4377 signiﬁcat,
1358 4309 1581 4365 alterius
1634 4312 1838 4379 legibus
1891 4330 1995 4368 non

426 4414 545 4452 esse
579 4399 904 4466 subjectum,
942 4407 1000 4450 ut
1028 4399 1194 4451 etiam
1236 4400 1349 4468 ipsa
1392 4402 1645 4456 nimirum
1678 4402 1771 4458 Dei
1801 4414 1994 4460 natura

429 4489 764 4557 intelligitur,
796 4503 1032 4557 quonam
1066 4489 1229 4557 igitur
1255 4492 1414 4545 modo
1448 4493 1533 4548 his
1591 4496 1991 4551 conditionibus

427 4581 564 4634 adeo
602 4581 866 4649 angustis,
901 4589 955 4633 et
980 4580 1149 4634 solam
1197 4596 1511 4651 supremam
1562 4584 1707 4638 illam
1736 4596 1986 4640 naturaut

426 4682 482 4725 et
506 4672 732 4741 gloriam
775 4670 1110 4736 deccntibus,
1168 4688 1339 4741 nuper
1371 4676 1570 4729 editum
1624 4678 1773 4732 illum
1822 4680 1994 4734 infan-

424 4773 533 4816 tem
558 4775 682 4817 esse
725 4761 881 4825 dicis,
940 4762 1185 4829 quamvis
1236 4763 1502 4833 quidquid
1538 4769 1604 4820 ad
1663 4768 1767 4822 hoc
1812 4783 1869 4823 ut
1920 4774 1991 4826 sit

423 4862 673 4908 vocatum
700 4861 807 4917 est,
839 4851 950 4907 Deo
980 4854 1044 4907 sit
1077 4854 1398 4923 subjectum,
1444 4868 1498 4911 ct
1542 4861 1819 4916 servitutis
1862 4863 1993 4934 jugo

421 4944 741 4999 subditum?
771 4944 878 4998 Sed
906 4944 1135 4999 fortasse
1168 4948 1384 5015 putabis
1411 4951 1476 5002 ad
1506 4952 1619 5006 haec
1673 4954 1853 5008 omnia
1895 4958 1989 5012 tibi

420 5036 554 5091 satis
600 5035 749 5089 illam
801 5037 1023 5088 stultam
1078 5037 1342 5091 rationent
1397 5038 1531 5106 fore,
1598 5046 1741 5112 quod
1782 5047 1995 5103 scilicet

424 5126 567 5180 inter
589 5139 649 5179 se
689 5134 896 5178 natura:
934 5137 1122 5181 tnutuo
1172 5128 1491 5197 copulentur
1538 5149 1643 5187 non
1693 5138 1990 5194 secundum

425 5213 780 5285 hypostasitn,
801 5216 892 5267 sed
921 5216 1109 5268 eodem
1134 5219 1312 5285 potius
1360 5219 1564 5276 honore
1595 5235 1649 5277 et
1678 5228 1991 5295 aequalitate

421 5307 695 5376 dignitatis
728 5322 743 5359 :
776 5321 898 5359 naut
945 5307 1044 5361 ista
1096 5324 1237 5379 saepe
1293 5314 1446 5368 nobis
1488 5314 1857 5385 imprudenter
1910 5321 1992 5377 itt-

418 5400 618 5454 culcas.
648 5399 754 5453 Sed
791 5407 843 5453 te
876 5400 987 5454 haec
1015 5401 1282 5456 dicentem
1318 5403 1370 5457 iit
1420 5405 1702 5465 imbecillis
1745 5421 1797 5466 et
1828 5413 1992 5486 fragi-

419 5492 562 5546 libus
580 5492 899 5546 commentis
933 5491 1206 5559 insistere,
1248 5496 1534 5553 manifeste
1577 5505 1765 5569 paucis
1803 5517 1991 5562 osten-

422 5582 582 5636 detur
632 5596 754 5635 cunt
809 5584 873 5635 de
932 5584 1033 5637 hoc
1083 5586 1349 5640 tractandi
1405 5591 1620 5646 occasio
1671 5609 1728 5647 sc
1775 5597 1985 5655 oﬁeret.

420 5671 516 5727 His
541 5672 643 5727 alia
675 5673 916 5741 quaedam
949 5676 1143 5739 assuit,
1192 5692 1286 5745 per
1336 5694 1455 5747 qua:
1488 5696 1548 5734 se
1577 5695 1726 5752 putat
1760 5701 1985 5756 genera-

426 5764 586 5819 tionis
614 5766 828 5820 modum
862 5778 1059 5822 nastrse
1103 5767 1354 5837 similent,
1420 5773 1581 5829 veluti
1644 5777 1983 5842 indecentem

2104 3321 2165 3372 τὸ
2199 3321 2397 3391 βρέφος
2447 3323 2474 3373 6
2506 3323 2888 3392 κεκρυμμένος
2936 3322 3081 3385 Υἱὸς,
3128 3323 3221 3375 καὶ
3265 3321 3373 3374 τῶν
3405 3322 3541 3375 ὅλων
3581 3323 3677 3391 δη-

2107 3413 2385 3481 μιουργὸς,
2418 3412 2740 3482 γεγέννηται
2770 3413 2825 3464 δὲ
2867 3411 3025 3465 τοῦτο
3053 3414 3115 3465 ἐκ
3152 3409 3253 3483 τῆς
3282 3414 3442 3481 ἀγίας
3473 3410 3681 3483 Παρθέ-

2105 3521 2216 3570 νου,
2248 3504 2605 3575 ὡμολόγησας
2634 3506 2733 3576 οὑχ
2761 3506 2901 3558 ἑκὼν
2944 3506 3204 3559 Θεοτόκον
3254 3509 3351 3559 σὺν
3383 3508 3516 3577 ἡμῖν
3558 3506 3679 3559 ἀδο-

2103 3598 2280 3666 κήτως
2317 3597 2520 3667 αὐτήνς
2564 3597 2717 3649 Ἐπεὶ
2756 3597 2871 3660 πῶς
2904 3597 3100 3667 Βρέφος
3139 3598 3269 3661 Θεὸς
3298 3597 3677 3663 αὑτεξούσιοςς

2101 3687 2166 3739 Εἰ
2204 3686 2302 3757 μὲν
2343 3687 2450 3758 γὰρ
2480 3686 2622 3741 οὕτω
2652 3688 2755 3758 φὴς
2787 3689 3153 3756 αὐτεξούσιον,
3181 3689 3257 3753 ὡς
3286 3690 3353 3743 ἄν
3380 3693 3553 3743 νοοῖτο
3580 3707 3678 3742 τυ-

2102 3779 2196 3848 χὸν
2246 3779 2339 3832 καὶ
2389 3779 2496 3832 τῶν
2542 3780 2664 3833 καθ’
2714 3782 2859 3851 ἡμᾶς
2910 3782 3157 3847 ἕκαστος,
3212 3784 3287 3846 ὡς
3333 3784 3432 3853 τῆς
3484 3781 3675 3836 ἑαυτοῦ

2102 3872 2475 3943 προαιρέσεως
2515 3874 2945 3943 πεπιστευμένος
2992 3873 3143 3945 παρὰ
3185 3873 3302 3945 Θεῷ
3346 3875 3451 3946 lio.
3514 3872 3674 3946 Θεοῦ]

2099 3962 2199 4025 τάς
2244 3962 2423 4032 ήνίας,
2468 3963 2521 4015 τί
2570 3964 2632 4016 τὸ
2682 3964 2959 4034 ἐξαίρετον
3001 3965 3152 4036 παρὰ
3200 3967 3325 4029 τοὺς
3373 3965 3564 4029 ἄλλους
3614 3968 3675 4019 ἰν

2100 4052 2280 4124 αὑτῷς
2327 4054 2360 4125 ἢ
2407 4055 2494 4108 διὰ
2528 4055 2687 4107 ποίαν
2718 4056 2917 4121 αἰτίαν,
2968 4056 3218 4130 καθάπερ
3264 4073 3317 4110 τι
3351 4058 3673 4128 θεοπρεπὲς,

2101 4146 2195 4197 καὶ
2242 4143 2519 4216 ἐξαίρετον
2556 4145 2770 4216 ἀληθῶς
2817 4146 3052 4218 ἀξίωμα,
3095 4148 3154 4202 τὸ
3201 4148 3546 4213 αὐτεξούσιον
3578 4151 3673 4203 ἀν·-

2100 4234 2292 4298 άπτεις
2321 4236 2506 4307 αὑτῷ;
2544 4239 2720 4290 καίτοι
2755 4240 2915 4309 μετὸν
2947 4240 3116 4293 άπασι
3150 4241 3258 4293 τῶν
3293 4240 3383 4293 ἐπὶ
3420 4246 3517 4312 τῆς
3546 4241 3671 4310 γῆς,

2099 4325 2242 4397 ἔχειν
2279 4344 2337 4379 τε
2377 4327 2526 4397 αὑτῷ
2564 4326 2671 4399 [ῑσ.
2724 4329 2898 4402 αὑτὸ],
2938 4331 3032 4383 καὶ
3069 4331 3166 4401 ἤδη
3208 4329 3482 4402 λαχοῦσιν.
3523 4333 3585 4385 Et
3614 4332 3672 4384 δὲ

2097 4418 2161 4488 δὴ
2208 4419 2459 4489 σημαίνει
2509 4421 2568 4472 τὸ
2615 4420 2963 4487 αὐτεξούσιον
3016 4423 3073 4474 ὲν
3105 4422 3315 4487 τούτοις
3356 4423 3415 4475 τὸ
3445 4423 3521 4494 μὴ
3562 4423 3671 4476 δεῖν

2098 4509 2417 4563 ὑποκεῖσθαι
2446 4513 2556 4573 τοῖς
2585 4511 2771 4582 ἐτέρου
2803 4513 3010 4584 νόμοις,
3042 4509 3178 4566 εἶναι
3217 4514 3272 4566 δὲ
3316 4514 3486 4574 οὑτως
3520 4514 3672 4568 ἐλεύ-

2096 4600 2273 4672 θερον,
2309 4602 2385 4665 ὡς
2425 4601 2491 4655 ἂν
2532 4604 2624 4655 καὶ
2673 4605 2811 4675 αὑτὴ
2855 4606 3015 4676 τυχὸν
3060 4605 3242 4675 ήθεία
3283 4610 3455 4660 νοοῖτο
3484 4607 3665 4676 φύσις,

2093 4692 2211 4745 τίνα
2240 4692 2304 4765 δὴ
2332 4695 2531 4765 τρόπον
2572 4699 2629 4749 ἐν
2657 4699 2769 4759 τοῖς
2800 4696 2942 4750 οὑτω
2988 4701 3205 4761 σεπτοίς
3251 4700 3347 4752 καὶ
3401 4700 3668 4770 πρέπουσι

2098 4783 2234 4857 μόνῃ
2262 4787 2326 4855 τῇ
2373 4787 2633 4839 ἀνωτάτω
2680 4787 2836 4855 φύσει
2878 4805 2937 4840 τε
2970 4789 3066 4840 καὶ
3097 4788 3245 4861 δόξῃ,
3294 4789 3355 4842 τὸ
3384 4790 3667 4860 ἀρτίτοκον

2095 4875 2293 4945 βρέφος
2342 4873 2476 4930 εἶναι
2528 4880 2667 4949 φής;
2717 4878 2894 4932 καίτοι
2944 4880 3145 4943 παντὸς
3187 4882 3280 4935 τοῦ
3330 4882 3666 4953 κεκλημένου

2095 4962 2231 5033 πρὸς
2283 4963 2539 5037 ὓπαρξιν,
2587 4967 3020 5039 κατεζευγμένου
3078 4970 3232 5042 Θεῷ,
3285 4973 3379 5026 καὶ
3431 4973 3521 5027 τὸν
3566 4972 3666 5044 τῆς

2092 5054 2333 5119 δουλείας
2362 5056 2752 5128 ὑποτρέχοντος
2788 5059 2969 5127 ζυγόν.
3016 5061 3155 5114 Ἀλλ’
3186 5064 3347 5135 οἰήσῃ
3390 5063 3530 5134 τάχα
3563 5080 3665 5116 που

2093 5146 2227 5215 πρὸς
2260 5147 2475 5203 ἅπαντά
2500 5166 2581 5202 σοι
2625 5150 2783 5204 ταυτὶ
2822 5151 2912 5207 τὸν
2940 5154 3145 5206 εἰκαῖον
3193 5157 3399 5210 ἐκεῖνον
3434 5156 3667 5227 ἀρκέσαι

2092 5238 2266 5308 λόγον,
2294 5241 2383 5294 τὸν
2412 5243 2531 5295 ἐπεί
2558 5259 2620 5311 γε
2653 5244 2761 5315 [ἴον.
2797 5245 2888 5298 ὲπί
2917 5245 3003 5318 γε]
3034 5247 3109 5318 τῷ
3144 5246 3254 5301 δεῖν
3279 5248 3536 5321 ἀλλήλαις
3565 5250 3666 5312 τὰς

2092 5332 2283 5401 φύσεις
2314 5335 2698 5399 συνάπτεσθαι,
2731 5338 2822 5391 καὶ
2873 5339 2990 5393 οῦτι
3039 5359 3140 5394 που
3186 5343 3307 5395 καθ’
3343 5343 3663 5410 ὑπόστασιν,

2092 5424 2205 5477 ἀλλ’
2234 5425 2308 5488 ὡς
2330 5426 2385 5477 ἐν
2410 5430 2541 5498 τιμῇ
2571 5428 2769 5498 μᾶλλον
2802 5431 3224 5502 ἀπαραλλάκτῳ,
3254 5433 3347 5487 καὶ
3370 5436 3426 5487 ἐν
3457 5434 3664 5505 ἰσότητι

2090 5518 2188 5586 τῆς
2222 5516 2410 5581 ἀξίας·
2440 5521 2598 5572 ταυτὶ
2628 5520 2735 5592 γὰρ
2770 5524 2902 5593 ἡμῖν
2936 5525 3021 5577 ἀεὶ
3057 5525 3203 5594 λέγει
3248 5525 3495 5596 ἀμαθῶς.
3539 5527 3664 5581 Ὀτι

2088 5608 2143 5661 δὲ
2180 5609 2422 5681 σαθραίς,
2452 5613 2545 5665 καὶ
2570 5615 2974 5681 εὑδιακλάστοις
3003 5620 3230 5683 ἐννοίαις
3260 5620 3661 5691 ἐπερηρεισμέ-

2089 5718 2198 5764 νος,
2229 5702 2295 5755 τὰ
2325 5702 2499 5756 τοιάδε
2548 5704 2741 5775 λέγων,
2788 5709 2993 5781 ἀλώσῃ,
3039 5711 3381 5784 δειχθήσεται
3433 5713 3524 5766 καὶ
3560 5714 3662 5768 οὐκ

2091 5795 2167 5858 εἰς
2199 5795 2431 5867 μακράν,
2461 5803 2888 5871 παρενεγκόντος
2915 5806 3044 5875 ἡμῖν
3068 5805 3162 5860 τοῦ
3192 5807 3383 5877 καιροῦ
3408 5808 3500 5863 ml.
3525 5808 3659 5879 πρός
