4054 6332
354 348 426 408 37
1481 296 1851 397 anvansu’s
1888 337 2293 398 ussromuu
2336 341 2463 397 LIB.
2506 340 2548 398 ι.
3536 344 3608 401 ss

356 489 419 540 γε
452 469 612 524 ταυτὶ
640 467 730 521 τὸν
764 467 939 536 λόγον.
972 464 1212 534 Συνείρει
1241 465 1295 517 δὲ
1334 465 1544 531 τούτοις
1589 464 1731 533 ἕτερ’
1773 461 1930 524 ἄττα,

2035 473 2089 515 et
2120 462 2531 532 impossibilem,
2579 463 2872 517 admodum
2904 472 3059 517 acute
3084 463 3461 518 demonstrare
3492 482 3506 530 ;
3543 480 3607 518 ac

357 561 423 616 δι’
476 554 552 614 ὧν
608 559 762 631 ᾠήθη
819 558 1112 619 δύνασθαι.
1154 558 1250 611 καὶ
1308 554 1451 626 μάλα
1502 556 1809 627 ἐμφρόνως,
1858 554 1933 616 ὡς

357 650 588 721 ἀκαλλῆ,
618 650 713 703 καὶ
736 649 1022 717 ἀνέφικτον
1050 648 1140 702 τὸν
1164 650 1263 718 τῆς
1294 647 1415 700 καθ’
1446 647 1592 717 ἡμᾶς
1633 645 1934 715 γεννήσεως

358 737 640 809 ἀποφῆναι
670 737 889 808 τρόπον.
934 736 1045 790 Καὶ
1087 736 1438 807 ἀντανίστησι
1470 736 1567 806 μὲν
1602 734 1780 804 ἑαυτῷ
1809 735 1934 796 τοὺς

362 831 495 902 πρὸς
523 830 679 901 ήμῶν
710 829 901 898 λόγους
922 846 935 859 ⁸
970 829 1141 881 οἴεται
1180 828 1237 881 δὲ
1286 826 1780 898 κατευμεγεθήσειν
1834 828 1933 897 ρᾳ-

355 923 511 986 δίως,
556 923 651 976 καὶ
705 922 859 975 οὐδὲν
916 921 1075 985 ὄντας
1119 923 1372 990 ἐπιφανεῖ
1428 919 1537 992 [ἵσ.
1588 918 1931 990 ἀποφανεῖν],

358 1013 533 1068 καίτοι
562 1012 967 1082 πρεσϐεύοντας
1001 1011 1249 1083 τάληθές.
1286 1012 1428 1081 Ἔφη
1458 1011 1514 1064 δὲ
1541 1010 1746 1072 οὕτως’

426 1102 690 1175 [ΕίΘεὺς,
709 1104 896 1173 φησιν,
925 1103 953 1154 ὀ
975 1101 1229 1174 Χριστὸς,
1254 1100 1445 1172 ἐτέχθη
1476 1100 1531 1153 δὲ
1559 1101 1587 1151 ὁ
1610 1098 1841 1170 Χριστὸς
1870 1099 1934 1152 ὲκ

359 1195 458 1267 τῆς
500 1197 779 1267 μακαρίας
808 1196 1045 1267 Μαρίας,
1096 1193 1212 1257 πῶς
1256 1194 1356 1247 οὐκ
1389 1192 1534 1246 ἔστιν
1583 1195 1614 1263 ή
1660 1192 1934 1263 Παρθένος

359 1284 658 1351 Θεοτόκος;
709 1285 876 1338 Οὐδὲν
928 1284 1158 1356 κρύπτω
1186 1283 1295 1337 τῶν
1329 1284 1460 1356 παρ’
1494 1282 1673 1336 αὐτῶν
1719 1283 1928 1336 ἀντιθέ-

361 1394 529 1431 σεωνο
570 1380 599 1431 ὁ
630 1377 739 1448 γὰρ
778 1376 879 1446 τῆς
908 1376 1164 1447 ἀληθείας
1196 1375 1432 1447 ἐραστὴς
1467 1376 1646 1430 πάντα
1671 1374 1740 1428 τά
1781 1374 1933 1447 παρά

356 1467 450 1520 τοῦ
474 1468 702 1537 ψεύδους
729 1467 907 1539 ἐαυτῷ
942 1466 1265 1539 προσλαϐὼν
1302 1467 1654 1541 ἀντιτίθησι.]
1675 1464 1808 1521 Εἶτα
1831 1469 1932 1540 τὴν

358 1557 509 1609 λύσιν
554 1557 839 1629 ἐπιφέρειν
884 1559 1158 1628 πειρᾶται,
1212 1557 1486 1621 τοιαύταις
1528 1561 1672 1614 τισὶν
1702 1560 1932 1622 ἐννοίαις

358 1644 659 1720 χρώμενος’
693 1648 1016 1719 [Πλάττεται
1051 1650 1149 1721 μὲν
1179 1649 1308 1721 γὰρ,
1351 1652 1536 1719 φησὶν,
1562 1652 1620 1704 ἐν
1657 1651 1837 1722 μήτρᾳ
1869 1650 1931 1702 τὸ

360 1739 557 1809 βρέφος
576 1756 590 1771 ο
623 1739 740 1792 ἀλλ’
766 1740 871 1804 ἕως
903 1740 1001 1811 μὲν
1031 1740 1183 1794 οὔπω
1214 1741 1590 1811 μεμόρφωται,
1618 1740 1797 1810 ψυχὴν
1827 1739 1927 1794 ούκ

358 1802 500 1900 ἕξει·
559 1802 915 1901 είδοποιήθεί
947 1831 1004 1885 δὲ
1068 1832 1168 1902 ήδη
1214 1802 1485 1902 ξαν-χοῦται
1552 1802 1925 1902 ,Θεοῦ.
1959 1802 2005 1862 Β

358 1921 566 1991 Ὠσπερ
614 1918 706 1975 οὖν
752 1925 785 1994 ή
824 1923 961 1993 γυνὴ
1007 1924 1179 1976 τίκτει
1217 1924 1316 1994 μὲν
1356 1922 1418 1976 τὸ
1459 1922 1638 1994 σῶμα,
1677 1922 1838 1993 ψυχοῖ
1873 1923 1929 1976 δὲ

357 2013 507 2080 Θεὸς,
554 2014 647 2066 καὶ¹
678 2014 779 2067 οὐκ
826 2013 890 2067 ἂν
924 2014 1135 2083 λέγοιτο
1181 2015 1317 2087 γυνὴ
1353 2014 1672 2086 ψυχοτόκος,
1708 2018 1789 2071 ὃτι
1833 2018 1933 2089 ἔμ-

355 2103 524 2175 ψυχον
568 2106 875 2177 ἐγέννησεν,
923 2106 1336 2178 ἀνθρωποτὸκος
1384 2107 1441 2160 δὲ
1493 2108 1722 2179 μᾶλλον,
1766 2108 1929 2177 οὕτω,

358 2196 511 2264 φησὶ,
563 2198 656 2248 καὶ
704 2198 737 2267 ή
773 2198 1020 2267 μακαρία
1050 2198 1346 2270 Παρθένος,
1381 2198 1476 2253 καὶ
1513 2202 1562 2253 εί
1588 2201 1805 2254 τέτοκεν
1836 2203 1931 2255 ἄν-

358 2284 593 2356 θρωπον,
615 2288 1089 2359 συμπαρελθόντος
1108 2290 1257 2362 αὐτῷ
1276 2289 1369 2343 τοῦ
1388 2290 1524 2345 Θεοῦ
1540 2292 1712 2361 Λόγου
1736 2294 1930 2366 (ταύτῃ

355 2381 464 2450 γὰρ
498 2381 772 2451 ἐχρήσατο
815 2384 880 2454 τῇ
911 2383 1108 2454 φωνῇ),
1152 2384 1214 2437 ού
1260 2384 1349 2438 διὰ
1383 2385 1540 2440 τοῦτο
1571 2385 1878 2459 Θεοτόκος.]

961 2518 1214 2572 ΚΕΦΑΛ.
1247 2521 1322 2575 Δ’.

426 2669 550 2745 *Δρ*
572 2669 686 2739 οῦν,
715 2673 837 2727 εἰπέ
869 2691 980 2744 μοι,
1014 2674 1360 2745 διαϐέϐληται
1392 2677 1545 2746 παρὰ
1596 2678 1677 2731 σοὶ
1704 2678 1765 2731 τὸ
1794 2678 1930 2749 πρὸς

360 2767 515 2838 ἡμῶν
554 2768 881 2839 εἰρημένονς
937 2762 1048 2835 ἆρά
1099 2783 1180 2819 σοι
1211 2767 1358 2820 δοκεῖ
1403 2770 1515 2831 τοῖς
1551 2768 1723 2831 οὕτως
1754 2770 1930 2841 ὀρθῶς

359 2860 453 2913 καὶ
482 2859 787 2929 ἀκιϐδήλως
816 2858 1030 2930 ἔχουσιν
1072 2860 1344 2923 ἀσυνέτως
1374 2861 1652 2932 ἐπιτιμᾷν,
1684 2862 1778 2914 καὶ
1809 2862 1930 2932 οὐχὶ

358 2951 450 3005 τοῦ
488 2951 563 3022 μὴ
609 2949 867 3004 δύνασθαι
913 2950 1155 3016 δοξάζειν
1185 2949 1221 3004 ἃ
1260 2950 1386 3022 χρὴ,
1432 2952 1530 3021 τῆς
1565 2953 1763 3005 σαυτοῦ
1809 2953 1927 3005 δια-

357 3042 507 3104 νοίας
549 3038 825 3110 καθοριεῖς
866 3039 936 3093 τά
980 3041 1337 3111 ὲγκλήματα;
1372 3035 1466 3103 Οἷς
1494 3040 1602 3113 γὰρ
1637 3042 1702 3095 ἂν
1732 3042 1928 3113 ἀπᾴδοι

357 3133 419 3185 τὸ
457 3132 674 3204 ἀληθὲς,
707 3132 916 3196 τούτοις
945 3132 1011 3185 ἂν
1040 3133 1267 3201 γένοιτο,
1306 3135 1399 3185 καὶ
1440 3133 1560 3187 λίαν
1587 3133 1838 3203 ἑτοίμως,
1870 3138 1928 3188 έν
1955 3163 1999 3222 C

359 3224 639 3294 παραδοχῇ
665 3224 726 3276 τὸ
754 3224 829 3295 μὴ
856 3224 1028 3287 οὕτως
1067 3224 1209 3294 ἔχον,
1237 3225 1329 3278 καὶ
1356 3224 1417 3277 τὸ
1446 3228 1557 3289 τοῖς
1586 3227 1930 3297 ἀριστοεπεῖν

361 3318 607 3369 εἰωθόσιν
626 3318 904 3387 ἐπιτιμᾷν,
927 3316 1011 3388 εἴη
1034 3315 1098 3369 ἂν
1122 3316 1221 3368 ούκ
1248 3316 1502 3387 ἀζήμιον·
1529 3317 1728 3386 μᾶλλον
1749 3317 1805 3370 δὲ
1827 3319 1929 3389 ήδη

357 3409 455 3462 καὶ
480 3408 751 3473 ἀπόδειξις
783 3408 1017 3479 ἐναργὴς
1042 3406 1135 3462 τοῦ
1168 3409 1591 3480 προσκεκλίσθαι
1622 3410 1700 3479 τῷ
1723 3409 1927 3480 ψεύδει,

360 3502 454 3555 καὶ
489 3501 583 3554 τοῦ
613 3502 827 3555 ἑλέσθαι
854 3504 1039 3573 τιμᾷν,
1074 3501 1108 3555 ἃ.
1137 3504 1229 3556 καὶ
1263 3506 1439 3573 μισεῖν
1472 3503 1717 3573 ἄμεινον,
1746 3504 1822 3566 ὡς
1850 3503 1931 3555 λο-

358 3593 560 3664 γισμοῦ
602 3593 698 3647 τοῦ
732 3595 939 3655 εἰκότος
983 3595 1365 3664 ἡμαρτηκότα.
1413 3594 1573 3647 Ἀλλὰ
1600 3594 1708 3648 τῶν
1757 3593 1931 3658 οὕτως

360 3685 600 3756 αἰσχρῶν
628 3686 885 3755 ἐννοήσας
923 3684 1096 3747 οὐδεὶς
1120 3683 1340 3755 [ούδέν],
1360 3685 1549 3738 ἑαυτὸν
1582 3686 1680 3756 μὲν
1700 3687 1803 3760 ἔφη
1831 3688 1930 3757 τῆς

360 3775 616 3847 ἀληθείας
642 3776 891 3845 γενέσθαι
917 3776 1007 3828 τὸν
1028 3774 1279 3846 ἐραστὴν,
1301 3778 1445 3847 ἡμᾶς
1473 3776 1528 3829 δὲ
1552 3778 1929 3833 τεκταίνεσθαι

358 3870 418 3921 τὸ
447 3869 641 3939 ψεῦδος
678 3870 825 3939 αύτῷ
844 3887 857 3899 ο
881 3870 1059 3922 καίτοι
1092 3869 1152 3921 τὸ
1182 3872 1367 3940 χρῆμα
1397 3869 1542 3922 ἔστιν
1572 3870 1631 3935 ἐξ
1659 3871 1929 3942 ἀντιστρό-

360 3976 461 4029 φου
502 3961 701 4032 μᾶλλον
736 3961 881 4027 ἰδεῖν,
922 3963 1003 4015 ὅτι
1043 3978 1103 4014 τε
1135 3961 1311 4030 ὀρθῶς
1341 3961 1475 4031 ἔχει,
1505 3963 1595 4015 καὶ
1624 3963 1767 4015 ἔστιν
1801 3964 1931 4034 ἀλη-

360 4050 450 4114 θές
476 4068 489 4081 '
536 4052 594 4104 ὐ
623 4052 730 4122 γάρ
760 4070 838 4104 τοι
873 4051 965 4104 τοῦ
1000 4051 1248 4120 ψεύδους,
1282 4052 1372 4103 καὶ
1407 4051 1504 4121 τῆς
1536 4052 1753 4122 ἀπάτης
1803 4069 1929 4106 συν-

360 4142 558 4212 ήγορος
603 4146 716 4204 τοῖς
767 4142 868 4211 τῆς
924 4141 1180 4212 ἀληθείας
1236 4146 1623 4205 συνασπισταίς
1669 4144 1930 4199 ἀνάπτειν

360 4234 613 4302 πειρᾶται
664 4236 761 4303 τῆς
815 4232 1182 4302 ψευδομυθξας
1228 4233 1320 4286 τὸν
1371 4234 1579 4304 μῶμον.
1636 4237 1777 4306 τάχα
1827 4255 1928 4292 που

361 4324 453 4377 καὶ
502 4325 581 4388 είς
630 4310 799 4393 λήθην
846 4324 1124 4396 ἐληλακὼς
1176 4326 1266 4378 τοῦ
1317 4328 1595 4398 προφήτου
1650 4327 1927 4396 λέγοντος·

367 4433 385 4465 t
431 4416 564 4467 Ούαὶ
596 4417 645 4467 οἱ
680 4416 928 4484 λέγοντες
971 4416 1034 4469 τὸ
1077 4418 1313 4488 πονηρὸν
1359 4418 1543 4480 καλὸν.
1575 4420 1666 4473 καὶ
1688 4421 1748 4473 τὸ
1768 4423 1930 4475 καλὸν

2035 555 2138 609 sibi
2200 557 2439 612 rationes
2485 566 2701 610 nostras
2728 556 2936 625 objicit,
2978 564 3146 620 ratus,
3185 557 3432 624 quamvis
3466 558 3609 610 veri.

2036 653 2201 700 tatem
2228 645 2489 709 colamus,
2523 646 2679 701 facile
2705 662 2800 699 sua
2850 646 2993 701 mole
3036 661 3136 700 nos
3163 649 3507 707 obruturum,
3549 654 3605 696 et

2036 740 2233 793 nullius
2277 738 2437 810 pretii
2474 754 2593 795 csse
2646 739 2893 793 homines
2944 747 3315 793 ostensurum.
3360 734 3452 791 Sic
3476 750 3607 805 ergo

2034 831 2170 886 dixit
2194 851 2207 885 :

2121 1095 2359 1149 Nssrou.
2385 1093 2467 1165 [Si
2508 1094 2648 1149 Deus
2669 1094 3037 1162 estChristus,
3063 1094 3257 1165 inquit,
3285 1104 3339 1149 et
3359 1093 3606 1149 Christus

2033 1202 2101 1242 ex
2130 1187 2286 1241 beata
2321 1185 2488 1240 Maria
2547 1196 2632 1240 est
2676 1197 2850 1251 ortus,
2904 1203 3003 1242 cur
3044 1187 3207 1256 Virgo
3250 1201 3352 1242 non
3401 1187 3470 1242 sit
3509 1184 3605 1241 Dei

2032 1278 2306 1348 genitrix?
2332 1277 2475 1332 Nihil
2507 1279 2722 1332 occulto
2748 1279 2892 1349 quod
2915 1277 2981 1333 ab
3003 1277 3109 1333 illis
3147 1278 3441 1349 objicitur:
3476 1293 3603 1332 nam

2032 1370 2276 1424 veritatis
2304 1368 2523 1439 amator!
2538 1370 2719 1424 omnia
2749 1384 2868 1439 qua:
2902 1384 2931 1423 a
2963 1368 3193 1423 falsitate
3218 1370 3323 1424 diei
3354 1378 3602 1439 possunt,

2034 1473 2257 1531 accepta
2297 1461 2397 1515 sibi
2423 1460 2631 1529 objicit.
2674 1460 2802 1515 Inde
2849 1460 3170 1516 solutionem
3206 1459 3400 1516 aﬂerre
3438 1475 3603 1515 cona-

2035 1561 2121 1604 tur
2140 1551 2338 1605 talibus
2366 1553 2654 1606 sententiis
2684 1566 2848 1606 usus:
2890 1552 3177 1607 Formatur
3211 1552 3377 1619 enim,
3407 1552 3605 1620 inquit,

2036 1643 2089 1693 in
2116 1649 2269 1694 utero
2295 1639 2497 1706 infans,
2546 1643 2640 1696 sed
2675 1642 2848 1712 quoad
2879 1642 3107 1712 liguratn
3141 1644 3432 1711 acceperit,
3463 1659 3604 1696 non-

2033 1733 2158 1787 dttm
2211 1735 2374 1788 habet
2421 1735 2695 1789 animam:
2734 1744 2790 1789 at
2819 1735 2909 1789 ubi
2962 1735 3226 1805 figuratus
3279 1734 3461 1799 fuerit,
3490 1735 3604 1804 jam

2035 1822 2213 1876 anima
2266 1822 2644 1878 informatura
2677 1825 2802 1880 Deo.
2856 1824 2927 1880 Ut
2957 1824 3122 1895 igitur
3167 1824 3358 1879 mulier
3409 1840 3606 1894 corpus

2035 1914 2197 1983 parit,
2236 1914 2328 1968 sed
2355 1914 2499 1969 Deus
2547 1916 2784 1969 animam
2809 1915 3018 1982 tribuit,
3050 1930 3223 1985 neque
3252 1915 3370 1970 ideo
3395 1916 3605 1970 dicetur

2033 2005 2227 2058 anima:
2257 2006 2510 2075 genitrix,
2539 2006 2664 2075 quia
2692 2007 2902 2077 peperit
2928 2008 3247 2074 animatum,
3300 2009 3393 2062 sed
3427 2009 3605 2078 potius

2033 2096 2266 2163 hominis
2294 2099 2527 2168 genitrix
2564 2118 2580 2165 ;
2613 2099 2692 2154 sic
2724 2115 2937 2169 quoque
2976 2100 3133 2154 beata
3178 2100 3360 2170 Virgo,
3405 2101 3603 2169 inquit,

2032 2190 2133 2244 etsi
2168 2191 2380 2257 peperit
2405 2191 2674 2245 hominem
2711 2192 2870 2247 simul
2901 2207 3023 2247 cum
3074 2194 3165 2249 illo
3190 2204 3606 2264 pertranseunte

2033 2279 2125 2335 Dei
2167 2280 2343 2337 Verbo
2376 2283 2521 2353 (nam
2560 2284 2660 2338 hac
2711 2293 2793 2338 est
2833 2300 2968 2342 voce
3010 2285 3183 2357 usus),
3218 2302 3325 2343 non
3379 2286 3498 2341 ideo
3521 2293 3614 2340 est

2032 2372 2128 2430 Dei
2154 2374 2445 2447 genitrix.]

2686 2510 2836 2568 CAP.
2870 2510 2961 2567 ιγ.

2104 2665 2240 2720 Num
2280 2667 2461 2735 igitur,
2490 2682 2696 2736 quaeso,
2719 2670 3085 2724 accusandum
3149 2680 3305 2737 putas
3336 2672 3478 2741 quod
3514 2674 3600 2727 di-

2032 2759 2174 2813 citur
2202 2774 2230 2811 a
2274 2760 2480 2813 nobis?
2515 2775 2639 2812 num
2702 2759 2817 2825 tibi,
2862 2775 2981 2830 qua:
3020 2768 3126 2813 tam
3179 2772 3328 2817 recta
3378 2775 3504 2818 sunt
3540 2779 3604 2816 ac

2031 2850 2221 2918 proba,
2243 2850 2407 2905 stulte
2438 2850 2878 2918 reprehendenda
2896 2852 3183 2906 videntur?
3208 2868 3271 2906 ac
3295 2869 3397 2907 non
3427 2857 3605 2922 potius

2032 2949 2265 2995 tuentem
2309 2949 2454 2994 tuam
2502 2940 2787 2995 accusabis
2838 2943 2981 3010 quod
3041 2952 3187 2997 recte
3239 2946 3444 2999 sentire
3496 2963 3602 3000 non

2034 3031 2207 3086 valeat
2233 3031 2258 3085 ?
2283 3031 2390 3102 18
2415 3031 2552 3085 Nam
2593 3030 2790 3101 quibus
2831 3031 3081 3102 displicet
3131 3035 3360 3100 veritas,
3400 3038 3465 3090 iis
3501 3053 3601 3092 usu

2031 3126 2201 3189 venit,
2227 3125 2513 3193 etquidem
2547 3123 2823 3191 facillime,
2864 3133 2924 3178 ut
2950 3124 3003 3180 id
3051 3127 3194 3193 quod
3231 3141 3389 3183 secus
3440 3130 3605 3186 habet

2033 3216 2483 3285 amplectantur:
2541 3228 2598 3270 et
2664 3227 2813 3272 recte
2867 3216 3151 3287 loquentes
3212 3219 3615 3289 reprrbendero

2028 3309 2170 3363 haud
2220 3310 2416 3363 damno
2442 3317 2616 3373 vacat,
2651 3308 2765 3363 imo
2806 3321 2937 3362 vero
2970 3320 3348 3378 argumentum
3372 3323 3461 3368 est
3485 3316 3600 3368 eri-

2028 3402 2162 3456 dens
2188 3401 2352 3456 animi
2389 3401 2455 3455 ad
2489 3401 2780 3456 falsitatem
2810 3405 3085 3471 propensi,
3107 3413 3162 3458 et
3187 3419 3249 3459 ea
3272 3406 3606 3475 amplecten-

2031 3494 2102 3549 tis
2135 3509 2255 3563 quae
2277 3494 2553 3548 exsecrari
2612 3503 2837 3562 praestat
2869 3503 2984 3549 ut-a
3015 3504 3159 3549 recta
3198 3497 3407 3551 ratione
3445 3499 3604 3553 dissi-

2030 3585 2232 3641 dentia.
2264 3582 2370 3639 Sed
2402 3599 2563 3653 quam
2594 3585 2703 3640 sint
2738 3588 2852 3641 haec
2880 3587 3054 3657 turpia
3092 3588 3222 3642 nihil
3252 3590 3513 3658 cogitans,
3542 3605 3605 3644 se

2028 3690 2149 3731 esse
2181 3676 2318 3731 dixit
2349 3676 2595 3732 veritatis
2627 3685 2951 3742 amatorem,
3001 3693 3099 3734 nos
3154 3691 3343 3735 contra
3392 3693 3603 3734 struere

2029 3766 2366 3823 mendacium
2408 3785 2423 3823 :
2461 3783 2586 3824 cum
2636 3769 2689 3824 id
2745 3769 3056 3825 econtrario
3114 3782 3171 3825 et
3233 3772 3602 3825 rationabilius

2028 3874 2149 3915 esse
2174 3869 2231 3915 et
2274 3861 2458 3915 Verius
2503 3861 2850 3931 perspicuum
2891 3862 2963 3917 sit
2995 3878 3159 3919 :nam
3216 3863 3465 3919 falsitatis
3513 3880 3602 3917 cr-

2030 3949 2279 4017 rorisque
2304 3959 2583 4019 patronus,
2608 3950 2853 4005 veritatis
2892 3961 3316 4021 propugnatores
3352 3953 3602 4007 falsitatis

2032 4042 2239 4098 macula
2268 4051 2495 4097 conatur
2523 4059 2833 4114 aspergere,
2855 4044 3056 4099 oblitus
3084 4047 3312 4100 fortasse
3328 4048 3605 4115 propheta:

2032 4136 2259 4191 dicentis
2299 4155 2313 4191 :
2355 4157 2373 4189 ι
2409 4135 2502 4190 Va:
2531 4137 2621 4206 qui
2648 4137 3053 4192 dicuntbonum
3080 4137 3277 4191 malum
3320 4146 3374 4192 et
3407 4140 3603 4193 malum

2030 4230 2255 4294 bonum,
2289 4230 2378 4299 qui
2412 4240 2619 4299 ponunt
2658 4230 2906 4285 tenebras
2946 4229 3120 4284 lucem
3169 4242 3222 4284 et
3250 4230 3420 4285 lucem
3454 4242 3603 4286 tene-

2032 4323 2159 4375 bras
2193 4320 2234 4352 "
2263 4322 2275 4374 l
2304 4340 2322 4373 ι
2362 4318 2649 4374 Vcrumex
2696 4318 2865 4373 allato
2914 4335 2943 4374 a
2997 4334 3059 4375 se
3095 4322 3340 4391 exemplo
3394 4320 3604 4377 nescire

2034 4415 2182 4468 illum
2224 4424 2410 4483 aperte
2456 4410 2582 4479 quid
2613 4411 2778 4475 di'cat,
2810 4426 3103 4481 coarguere
3134 4415 3391 4467 conabor.

362 4506 625 4576 πονηρόν·
659 4506 707 4557 οἱ
742 4505 982 4568 τιθέντες
1027 4506 1088 4558 τὸ
1126 4508 1311 4568 σκότος
1348 4510 1427 4571 εἰς
1478 4508 1615 4576 φῶς,
1648 4510 1742 4564 καὶ
1780 4512 1839 4564 τὸ
1882 4514 1998 4583 φῶς
2050 4513 2130 4573 είς
2178 4505 2387 4566 σκότος.
2424 4522 2443 4553 ι
2484 4499 2630 4570 Πλὴν
2655 4500 2719 4553 ὲκ
2753 4499 2845 4553 τοῦ
2885 4501 3271 4572 παροισθέντος
3307 4503 3455 4573 αύτῷ
3494 4519 3604 4556 πα-

360 4600 717 4670 ραδείγματος
767 4600 901 4671 μηδὲ
955 4601 1131 4654 εἰδότα
1187 4602 1393 4670 σαφῶς,
1441 4604 1469 4656 ὂ
1520 4605 1689 4674 λέγει,
1740 4607 2006 4678 διελέγξαι
2035 4604 2387 4677 πειράσομαι.

426 4689 682 4741 Τίκτεται
718 4690 814 4759 μὲν
843 4688 953 4760 γὰρ
994 4691 1103 4743 ἀπὸ
1147 4692 1346 4762 σαρκὸς
1388 4694 1422 4762 ἡ
1469 4693 1605 4765 σὰρξ
1648 4696 1932 4767 ὁμολογου-

2108 4694 2361 4762 Gignitur
2385 4691 2528 4745 enim
2567 4705 2595 4743 a
2626 4705 2789 4743 carne
2847 4705 2974 4744 caro
3001 4691 3185 4760 procul
3217 4692 3397 4758 dubio,
3431 4703 3484 4747 ct
3517 4695 3605 4750 ille

360 4781 569 4850 μένως⁶
612 4784 639 4835 ὁ
677 4781 732 4833 δέ
776 4798 838 4849 γε
872 4782 979 4834 τῶν
1013 4784 1149 4835 ὅλων
1180 4785 1523 4856 Δημιουργὸς
1567 4787 1690 4841 καθ’
1717 4788 1774 4842 ὃν
1813 4785 1921 4842 οἶδε

355 4871 554 4943 τρόπον
599 4889 657 4923 τε
712 4872 805 4925 καὶ¹
849 4873 1026 4941 λόγον,
1076 4877 1309 4927 ποιεῖται
1339 4874 1436 4945 τὴν
1481 4875 1761 4946 ψύχωσιν·
1814 4880 1929 4932 ἀλλ’

357 4964 390 5032 ή
417 4962 652 5014 τεκοῦσα
682 4963 838 5034 γυνὴ,
888 4964 1066 5017 καίτοι
1102 4965 1271 5035 μόνης
1302 4961 1436 5019 οὖσα
1466 4968 1618 5038 πηγὴ
1662 4971 1762 5041 τῆς
1808 4988 1933 5041 σαρ-

356 5053 469 5117 κὸς,
522 5053 807 5125 ἄνθρωπον
858 5055 979 5108 ὅλον
1023 5056 1311 5109 ἀποτεκεῖν
1347 5060 1682 5127 πιστεύεται,
1732 5060 1822 5113 τὸν
1866 5062 1931 5116 ὲκ

353 5142 532 5213 ψυχῆς
562 5143 627 5214 δή
674 5144 815 5213 λέγω
861 5146 956 5199 καὶ
1005 5144 1275 5216 σώματος,
1330 5147 1506 5200 καίτοι
1535 5147 1669 5219 πρὸς
1696 5149 1794 5220 τήν
1829 5152 1931 5221 τῆς

355 5235 535 5305 ψυχῆς
589 5235 822 5308 ὓπαρξιν
866 5238 977 5291 τῶν
1023 5240 1155 5310 παρ’
1203 5241 1401 5311 ἑαυτῆς
1447 5240 1930 5309 συνεισενεγκοῦσαι

359 5327 527 5397 μηδέν
555 5344 568 5358 ⁸
600 5328 628 5380 ὁ
667 5328 724 5380 δέ
760 5346 823 5397 γε
871 5328 1156 5401 ἄνθρωπον
1203 5330 1393 5396 εἰπὼν,
1445 5332 1781 5402 συνεσήμηνέ
1828 5350 1929 5385 που

354 5419 573 5481 πάντως
603 5418 681 5488 τῷ
713 5419 925 5490 σώματι
952 5422 1052 5491 τήν
1078 5422 1367 5476 ὲνωθεῖσαν
1397 5422 1548 5493 αύτῷ
1575 5423 1773 5494 ψυχήν.
1809 5424 1931 5476 ’Ὡσ-

352 5524 460 5579 περ
485 5502 579 5560 οὖν
605 5510 638 5578 ή
683 5510 840 5580 γυνή,
880 5509 1055 5563 καίτοι
1089 5511 1325 5566 τεκοῦσα
1351 5512 1412 5566 τὸ
1444 5511 1603 5583 σῶμα
1630 5512 1811 5583 μόνον,
1840 5512 1931 5566 τὸν

353 5599 417 5650 lx
447 5597 623 5669 ψυχῆς
658 5599 753 5652 καὶ
798 5598 1051 5672 σώματος
1084 5602 1409 5675 ἀττοτίκτεειν¹
1444 5603 1696 5673 λέγεταιο
1748 5600 1928 5656 διαλυ-

424 5778 465 5811 ⁵¹
506 5778 608 5835 lsa.
646 5794 698 5847 ν,
729 5781 815 5834 ἳυ.

2037 4801 2216 4843 rerum
2248 4782 2488 4838 omnium
2520 4779 2713 4849 Opil‘cx
2760 4782 2918 4835 modo
2946 4792 3000 4836 et
3044 4783 3248 4837 ratione
3283 4800 3440 4852 quam
3487 4788 3605 4857 ipse

2032 4878 2201 4942 novit,
2238 4883 2297 4929 ut
2332 4873 2567 4927 animata
2633 4873 2706 4927 sit
2759 4870 2919 4926 efﬁcit
2966 4889 2979 4925 :
3022 4874 3114 4927 sed
3175 4884 3350 4929 tamen
3410 4877 3604 4932 mulier

2030 4983 2152 5038 qua:
2205 4965 2437 5038 peperit,
2488 4964 2595 5018 etsi
2647 4965 2827 5018 carnis
2884 4966 3254 5019 tantummodo
3299 4968 3370 5020 sit
3427 4968 3601 5039 origo,

2034 5069 2204 5114 totum
2236 5058 2510 5111 hominem
2540 5067 2717 5110 tamen
2761 5057 2918 5109 enixa
2977 5055 3241 5123 creditur,
3299 5074 3364 5112 ex
3420 5061 3603 5115 anima

2030 5149 2249 5219 inquam
2274 5161 2327 5202 et
2351 5163 2595 5217 corpore,
2622 5149 2868 5216 quamvis
2896 5148 2961 5202 ad
3007 5149 3377 5205 exsistentiatn
3410 5153 3603 5209 auium
3704 5212 3707 5213 ν

2030 5242 2168 5298 nihil
2194 5257 2223 5295 a
2260 5256 2319 5296 se
2349 5242 2462 5310 ipsa
2491 5239 2818 5295 contulerit:
2857 5242 2951 5295 sed
3004 5250 3181 5296 tamen
3206 5242 3297 5313 qui
3329 5244 3601 5299 hominem

2029 5334 2190 5399 dixit,
2222 5335 2456 5388 animam
2488 5348 2704 5403 quoque
2734 5334 2948 5403 corpori
2999 5335 3206 5389 unitam
3244 5336 3405 5390 simul
3435 5339 3601 5407 signi-

2031 5422 2229 5478 licavit.
2268 5424 2338 5479 Ut
2367 5438 2499 5493 ergo
2522 5423 2717 5477 mulier
2736 5423 2982 5493 quamvis
3002 5423 3177 5480 solum
3204 5441 3399 5497 corpus
3416 5429 3597 5491 enixa,

2030 5530 2093 5569 ea
2126 5529 2351 5585 corpore
2375 5523 2430 5570 et
2457 5516 2637 5570 anima
2686 5524 3025 5570 constantem
3061 5518 3334 5586 peperisse
3371 5518 3596 5581 dicitur,

2031 5618 2207 5676 neque
2232 5615 2407 5663 tamen
2440 5606 2491 5663 id
2519 5608 2713 5662 anima:
2747 5608 3047 5665 rationibus
3090 5610 3381 5680 quidquam
3407 5608 3595 5675 ollicit,
