4054 6332
253 417 309 468 Η
1376 414 1745 471 ADVERSUS
1784 414 1821 469 Ν

1925 411 2182 468 TORIUM
2229 412 2355 467 LIB.
2400 412 2436 467 Ι.
3437 421 3508 475 ,η

250 537 433 606 ἕτερον
474 534 652 600 οὐδὲν,
689 534 752 588 τὸ
795 534 1031 605 ψυχραῖς
1068 534 1231 600 οὕτω,
1266 539 1360 591 καὶ
1412 539 1821 610 μειρακιὼδεσιν

1932 536 2105 601 nihil,
2145 537 2432 591 sententiis
2488 535 2623 591 adeo
2676 536 2887 604 frigidis
2930 536 3338 608 puerilibusque
3386 548 3509 594 tan-

248 628 516 692 ἐννοίαις,
566 627 644 692 ὡς
692 627 987 699 ἀληθέσιν,
1034 628 1372 700 ἐπιθαρσείν.
1423 631 1533 701 Τῆς
1590 632 1687 701 μὲν
1734 628 1829 685 οὖν

249 720 587 791 ἡμερότητος
636 719 1005 790 κατατεθήποι
1048 739 1131 785 τις
1182 720 1248 775 ἂν
1298 723 1498 777 αὐτόν·
1550 725 1644 776 καὶ
1693 741 1826 792 συγ-

250 805 473 877 γνώμης
515 807 644 879 γὰρ,
691 807 787 861 καὶ
826 807 1236 880 φιλανθρωπίας
1279 812 1557 876 ἀξιοῦσθαι
1585 814 1694 866 δεῖν
1722 813 1826 883 ἔφη

255 899 377 962 τοὺς
404 897 511 950 τῶν
539 899 671 969 παρ’
695 899 861 952 αὑτοῦ
893 899 1064 967 λόγων
1096 901 1192 972 τὴν
1222 904 1516 975 ἐμπειρίαν
1540 906 1639 958 οὐκ
1675 905 1826 976 έχον-

252 1007 371 1053 τας.
414 990 551 1044 Ἀλλ’
594 986 663 1061 ἦν
689 990 849 1044 τοῦτο
877 993 970 1044 καὶ
1000 994 1130 1063 ἡμῖν
1161 995 1346 1057 αὐτοῖς
1392 996 1735 1066 τριπόθητον,
1778 997 1826 1049 εί

254 1082 473 1153 συνέϐη,
504 1084 704 1153 μᾶλλον
733 1083 811 1149 δὲ,
843 1085 937 1136 καὶ
964 1085 1132 1138 ἅπασι
1170 1087 1279 1147 τοῖς
1322 1085 1568 1139 τελοῦσιν
1602 1088 1660 1139 ὲν
1688 1088 1824 1158 Χρι-

251 1179 521 1239 στιανοῖς·
569 1175 861 1247 μοχθηρῶν
906 1176 1015 1247 γὰρ
1043 1175 1207 1237 οὕτω,
1245 1178 1339 1229 καὶ
1376 1176 1825 1250 διεστραμμένων

248 1265 687 1321 ἀπαλλάττεσθαι
734 1266 928 1335 λόγων,
984 1267 1102 1331 πῶς
1149 1268 1248 1339 οὐχ
1296 1268 1469 1322 ἆπασι
1509 1270 1574 1322 δι’
1623 1270 1817 1341 εύχῆς;

251 1359 394 1428 Πλὴν
419 1357 600 1411 ἐκεῖνό
629 1374 809 1428 φαμεν
826 1374 840 1387 ο
868 1357 1069 1410 Τέτοκε
1109 1356 1207 1426 μὲν
1233 1358 1342 1430 γὰρ
1376 1360 1823 1431 ὁμολογουμένως

257 1450 285 1519 ή
318 1447 595 1503 Ἐλισάϐετ
640 1447 720 1519 τῷ
751 1448 891 1518 ἁγίῳ
926 1449 1203 1520 Πνεύματι
1234 1451 1593 1522 κεχρισμένον
1626 1453 1684 1504 έν
1720 1453 1824 1523 μή-

252 1556 353 1610 τρᾳ
385 1539 476 1593 τὸν
522 1538 794 1609 μακάριον
841 1538 1187 1611 Βαπτιστήν·
1234 1540 1347 1594 ἀλλ’
1388 1542 1436 1595 εί
1471 1543 1570 1612 μὲν
1608 1543 1820 1613 εἴρηταί

255 1648 354 1683 που
404 1631 556 1703 παρὰ
608 1634 709 1702 τῆς
772 1630 1129 1686 θεοπνεύστου
1176 1633 1421 1705 Γραφῆς,
1476 1635 1558 1687 ὅτι
1613 1637 1705 1688 καὶ
1759 1636 1819 1688 τὸ

253 1720 468 1793 Πνεῦμα
502 1724 694 1792 γέγονε
743 1722 916 1796 σὰρξ,
953 1724 1130 1795 ὀρθῶς
1176 1726 1243 1779 ἂν
1286 1726 1421 1797 ἔφης
1458 1727 1820 1797 ὀνομάζεσθαι

249 1816 358 1871 δεῖν
386 1817 524 1888 πρὸς
556 1818 715 1889 ήμῶν
756 1818 1209 1889 Πνευματοτόκον
1246 1821 1445 1892 αὐτήν
1479 1823 1527 1875 εί
1560 1822 1616 1875 δὲ
1651 1822 1779 1893 ψιλῇ
1800 1861 1815 1883 .

1930 642 2089 698 quam
2157 628 2335 693 veris,
2388 628 2682 685 conlidere.
2750 630 2828 683 Ac
2886 629 3271 699 benignitatem
3341 631 3511 700 ipsius

1928 719 2226 774 admiretur
2287 719 2518 775 fortasse
2582 735 2685 774 non
2744 735 2939 786 nemo,
2988 725 3129 791 quod
3186 720 3396 778 veniam
3446 737 3511 777 ac

1934 810 2362 864 benevolentiam
2411 811 2517 865 illis
2564 812 2903 867 tribuendam
2958 814 3195 878 censuit,
3258 814 3408 883 quia
3450 829 3511 869 se

1927 903 2197 957 dictorum
2239 903 2485 972 peritiam
2520 919 2623 956 non
2674 905 2955 959 haberent.
3011 904 3205 961 Verum
3253 905 3305 959 id
3351 906 3509 961 nobis

1926 1008 2141 1063 quoque
2184 994 2421 1059 optabile
2470 994 2523 1048 in
2565 994 2753 1063 primis
2781 1005 2899 1049 erat
2925 995 2972 1051 si
3019 996 3372 1067 contigisset.
3400 998 3509 1054 imo

1925 1101 2055 1141 vero
2077 1087 2329 1142 Omnibus
2351 1088 2439 1156 qui
2466 1086 2604 1140 inter
2626 1086 2965 1144 Christianos
2984 1100 3310 1153 censentur;
3332 1107 3454 1146 nam
3475 1108 3505 1146 ιι

1927 1188 2035 1232 tam
2057 1178 2317 1249 improbis
2337 1179 2711 1248 perversisqne
2733 1180 2892 1234 dictis
2908 1182 3223 1247 abscedere,
3240 1184 3352 1253 20
3366 1199 3503 1253 quo-

1925 1270 2084 1323 modo
2105 1286 2209 1323 non
2229 1270 2300 1323 sit
2315 1270 2565 1325 omnibus
2587 1270 2922 1337 optandum?
2941 1269 3045 1325 Sed
3079 1282 3254 1328 tamen
3277 1274 3407 1331 illud
3423 1273 3506 1329 di-

1926 1360 2132 1415 cimus:
2156 1360 2364 1428 Peperit
2385 1356 2501 1415 sine
2521 1361 2683 1415 dubio
2707 1360 2980 1421 Elisabeth
3007 1364 3220 1416 beatum
3240 1363 3505 1419 Joannem

1926 1451 2218 1521 Baptistam
2258 1463 2447 1507 sancto
2484 1451 2684 1521 Spiritu
2721 1455 2772 1507 in
2824 1464 2975 1509 utero
3016 1465 3358 1524 perunctum.
3399 1455 3502 1512 Ve-

1928 1559 2047 1598 rum
2095 1545 2140 1598 si
2186 1546 2236 1598 in
2284 1543 2456 1598 sacris
2492 1543 2711 1598 Litteris
2744 1544 3004 1614 Scriptum
3059 1544 3279 1615 fuisset,
3338 1548 3502 1609 etiam

1928 1632 2187 1703 Spiritum
2222 1634 2419 1690 factum
2449 1650 2568 1690 esse
2606 1650 2855 1698 carnem,
2889 1646 3033 1692 recte
3058 1638 3286 1699 dixisses
3332 1640 3507 1707 ipsam

1926 1741 1955 1780 a
1991 1728 2147 1783 nobis
2179 1728 2552 1796 appellandam
2599 1744 2719 1784 esse
2776 1729 3008 1799 Spiritus
3038 1732 3374 1800 genitricem.
3405 1731 3501 1788 Sin

1923 1830 2105 1875 autem
2135 1820 2247 1874 sola
2279 1836 2343 1875 ac
2368 1820 2598 1890 simplici
2630 1822 2886 1876 unctione
2916 1822 3209 1878 honoratus
3230 1834 3314 1878 est
3347 1835 3506 1879 natus

249 1910 343 1962 καὶ
367 1910 503 1981 μόνῃ
528 1908 752 1978 λέγεται
778 1910 839 1965 τὸ
868 1911 1057 1982 τεχθὲν
1101 1912 1426 1983 τετιμῆσθαι
1450 1914 1649 1984 χρίσει,
1682 1914 1736 1967 τί
1764 1914 1821 1967 τὸ

1925 1926 2078 1980 puer,
2100 1926 2198 1966 cur
2230 1912 2615 1966 incarnationis
2643 1912 2971 1968 soliditatem
2996 1916 3183 1984 gratiae
3201 1917 3502 1971 secundum

246 2000 346 2067 τῆς
368 1997 696 2070 σαρκώσεως
718 2000 906 2072 χρῆμα
925 2001 1192 2073 παρισοῢν
1224 2001 1393 2065 ἀξιοῖς
1417 2007 1482 2075 τῇ
1524 2005 1664 2057 κατὰ
1695 2004 1823 2075 μέθυ

244 2091 360 2157 εξιν
390 2091 613 2164 χάριτι;
664 2093 738 2145 Οὐ
794 2093 904 2165 γάρ
953 2095 1070 2147 ἐστι
1098 2095 1315 2160 ταυτὸν,
1350 2097 1529 2166 σάρκα
1561 2114 1620 2149 τε
1651 2099 1823 2150 εἰπεῖν

243 2182 503 2249 γενέσθαι
528 2183 620 2237 τὸν
646 2184 837 2253 Λόγον,
884 2186 980 2238 καὶ
1035 2186 1117 2239 ὅτι
1148 2188 1433 2259 κέχρισταί
1472 2207 1555 2252 τις
1599 2190 1688 2244 διὰ
1726 2190 1822 2244 τοῦ

244 2272 563 2343 Πνεύματος
588 2275 859 2347 πνεύματι
904 2278 1249 2349 προφητικῷ.
1282 2280 1416 2351 Περὶ
1449 2282 1547 2351 μὲν
1581 2282 1689 2355 γὰρ
1723 2284 1823 2354 τῆς

241 2363 408 2431 ἁγίας
437 2365 717 2436 Παρθένου
754 2367 1155 2440 γέγραπται-ἰ
1198 2370 1330 2425 Ἰδοὺ
1378 2374 1410 2441 ἡ
1457 2373 1728 2444 Παρθένος
1766 2377 1824 2429 ὲν

238 2458 443 2526 γαστρὶ
488 2456 624 2523 ἔξει,
674 2459 770 2512 καὶ
807 2460 1021 2525 τέξεται
1054 2460 1169 2515 υἱόν
1190 2478 1203 2492 °
1240 2481 1259 2514 ι
1292 2466 1384 2517 καὶ
1417 2466 1575 2530 τόκος
1606 2467 1821 2536 ὠνόμα-

241 2561 390 2608 σται,
439 2547 539 2600 καὶ
594 2550 702 2620 μὴν
745 2552 841 2604 καὶ
884 2551 1233 2624 Ἐμμανουήλ
1279 2554 1308 2606 ὁ
1353 2556 1589 2625 τεχθεὶς,
1634 2557 1662 2609 ὃ
1707 2559 1824 2609 ἐστι

243 2637 814 2711 μεθερμηνευόμενον,
841 2644 978 2698 Μεθ’
1013 2644 1175 2716 ἡμῶν
1212 2647 1240 2699 ὁ
1294 2645 1425 2711 Θεός
1448 2664 1461 2677 ·
1496 2649 1620 2719 περὶ
1664 2650 1721 2702 δέ
1759 2666 1822 2718 γε

238 2726 341 2800 τῆς
379 2729 699 2798 Ἐλισάϐετ,
727 2735 809 2788 δτι
853 2736 1109 2805 γεννήσει
1155 2735 1291 2800 υίδν,
1334 2737 1391 2800 ὃς
1436 2738 1825 2810 προελεύσεται

242 2817 341 2889 μὲν
366 2819 425 2872 έν
450 2821 753 2895 πνεύματι,
783 2826 877 2878 καὶ
902 2825 1130 2896 δυνάμει
1157 2825 1338 2880 Ἦλιοῦ
1358 2847 1369 2858 ·
1390 2830 1825 2902 προπορεύσεται

236 2915 295 2969 δὲ
338 2917 449 2988 πρὸ
479 2916 774 2986 προσώπου
814 2916 1052 2988 Κυρίου,
1099 2919 1385 2993 ἑτοιμάσαι
1436 2922 1588 2985 ὀδοὺς
1634 2921 1822 2977 αὑτοῦ.

243 3008 461 3063 Οὐκοῦν
484 3010 686 3080 ἥκιστα
717 3009 817 3080 μὲν
843 3009 927 3080 είη
968 3009 1033 3063 ἂν
1062 3011 1507 3082 Πνευματοτόκος
1538 3015 1570 3083 ἡ
1612 3015 1825 3069 Ἐλισά-

241 3099 355 3165 ϐετ,
386 3102 646 3155 ὲκτέτοκε
682 3100 791 3173 γὰρ
820 3104 1105 3176 προφήτην
1141 3105 1426 3175 Ὑψίστου·
1456 3106 1718 3172 Θεοτόκος
1756 3125 1821 3177 γε

243 3191 352 3263 μὴν
397 3191 618 3263 ἀληθῶς
654 3195 688 3265 ἡ
722 3194 854 3262 ἁγία
892 3195 1201 3265 Παρθένος,
1248 3199 1328 3250 ὅτι
1372 3199 1505 3252 Θεὸν
1552 3199 1819 3253 ὲνωθέντα

241 3282 409 3354 σαρκὶ
469 3282 658 3337 τέτοκε
724 3286 1027 3355 σαρκικῶς,
1089 3288 1357 3353 τουτέστι,
1406 3290 1545 3343 κατὰ
1614 3292 1815 3362 σάρκα.

253 3372 475 3444 Ἐπειδὴ
511 3375 622 3445 γὰρ
666 3374 952 3448 ἄνθρωπος
982 3380 1015 3449 ή
1054 3377 1287 3434 τεκοῦσά
1329 3382 1476 3446 ὲστι,
1513 3381 1683 3453 ταύτῃ
1712 3401 1817 3448 τοι,

241 3463 337 3517 καὶ
370 3464 518 3535 μάλα
564 3467 878 3537 ἐμφρόνως,
909 3469 1000 3522 τὸν
1032 3470 1132 3540 τῆς
1160 3472 1468 3542 γεννήσεως
1498 3475 1697 3544 τρόπον
1726 3477 1821 3529 ἁν-

241 3553 533 3628 θρωπίνως
556 3558 873 3629 πεπρᾶχθαι
898 3561 1100 3630 φαμέν.
1127 3557 1235 3616 Ἦν
1261 3564 1370 3636 γὰρ
1397 3564 1560 3631 οὕτω,
1598 3567 1693 3620 καὶ
1721 3568 1820 3638 οὐχ

237 3647 465 3719 ἑτέρως,
495 3647 755 3703 δύνασθαι
785 3651 908 3705 καθ’
948 3654 1095 3724 ἡμᾶς
1125 3654 1379 3723 γενέσθαι
1416 3656 1508 3710 τὸν
1540 3658 1678 3730 ὑπὲρ
1712 3662 1819 3713 πᾶ-

240 3755 340 3793 σαν
378 3740 567 3811 φύσιν,
594 3742 656 3796 οὐ
698 3742 792 3797 τοῦ
823 3740 962 3799 εἶναι
1013 3746 1160 3799 τοῦθ’
1201 3748 1337 3818 ὅπερ
1367 3749 1518 3802 ἐστὶν
1554 3749 1819 3822 ὀλιγωρήο

239 3847 448 3887 σαντα·
495 3833 694 3899 πόθεν;
727 3837 1077 3908 μεμενηκότα
1109 3839 1166 3893 δὲ
1212 3840 1414 3911 μᾶλλον
1458 3841 1594 3911 ὅπερ
1638 3836 1707 3911 ἦν
1759 3858 1820 3893 τε

236 3925 334 3976 καὶ
362 3923 485 3978 εστι
532 3928 626 3979 καὶ
655 3926 841 3983 ἔσται’
872 3933 1084 4002 τροπῆς
1111 3932 1221 4006 γὰρ
1259 3934 1500 4005 ἀμείνων
1532 3935 1565 4003 ὴ
1606 3931 1724 3986 θεία
1761 3950 1820 3985 τε

234 4014 379 4081 ἐστὶ,
405 4016 504 4069 καὶ
526 4017 805 4091 ὑπερτάτη
831 4021 1010 4091 φύσις.
1055 4024 1220 4096 Ὀρθὰ
1256 4026 1353 4095 μὲν
1380 4021 1473 4080 οὖν
1494 4026 1578 4079 ὅτι
1604 4027 1821 4097 φρονεῖν

234 4103 552 4178 εἰθίσμεθα,
583 4107 717 4163 Θεὸν
744 4112 1103 4183 γεγεννῆσθαι
1136 4116 1275 4170 κατὰ
1309 4116 1487 4188 σάρκα
1521 4117 1613 4169 ἐπὶ
1646 4133 1821 4186 σωτη-

237 4196 335 4271 ρίᾳ
382 4197 497 4253 τῶν
541 4199 709 4269 ὅλων,
749 4202 1259 4277 διαϐεϐαιούμενοι,
1310 4210 1740 4281 μεμαρτύρηκεν
1785 4212 1817 4280 ή

235 4291 604 4357 θεόπνευστος
637 4295 850 4366 Γραφή.
869 4298 1086 4369 Ἐπειδὴ
1112 4298 1169 4353 δὲ
1201 4303 1313 4362 τοῖς
1340 4302 1634 4366 νεωτάτοις
1656 4302 1820 4357 αὐτοῦ

233 4380 477 4455 δόγμασι
501 4384 603 4454 τὴν
631 4385 907 4458 ἀλήθειαν,
939 4389 1032 4440 καὶ
1071 4388 1205 4442 αὐτὸ
1232 4390 1331 4459 τῆς
1362 4392 1822 4465 ὲκκλησιαστικῆς

236 4474 484 4539 πίστεως
517 4476 806 4545 ἀντεξάγει
839 4478 901 4531 τὸ
925 4478 1217 4547 σύμϐολον,
1246 4481 1275 4534 δ
1297 4482 1386 4535 διὰ
1409 4484 1504 4554 τῆς
1530 4482 1624 4537 τοῦ
1650 4484 1820 4537 Ilvati-

1927 1999 2404 2068 participationem
2441 2001 2719 2071 acquisita:
2762 2004 3079 2071 aequandam
3132 2006 3358 2061 censes?
3385 2005 3503 2061 Non

1922 2092 2065 2145 enim
2086 2101 2169 2146 est
2200 2092 2361 2154 idem,
2396 2093 2574 2146 dicere
2611 2093 2839 2148 Verbum
2872 2108 3087 2148 carnem
3134 2095 3333 2150 factum
3357 2112 3501 2162 esse,

1922 2190 1978 2234 et
2006 2182 2191 2251 spiritu
2225 2183 2541 2252 prophetico
2569 2195 2791 2238 unctum
2819 2199 2941 2240 esse
2970 2186 3203 2254 aliquem
3242 2201 3337 2256 per
3374 2188 3501 2257 Spi-

1924 2272 2107 2326 ritum.
2144 2271 2235 2327 Est
2253 2272 2395 2327 enim
2421 2273 2487 2325 de
2509 2282 2693 2327 sancta
2724 2270 2943 2343 Virgine
2969 2276 3227 2344 scriptum
3264 2294 3279 2332 :
3315 2294 3332 2327 ι
3364 2276 3503 2333 Ecce

1926 2366 2082 2434 virgo
2137 2366 2189 2419 in
2252 2374 2404 2418 utero
2453 2364 2709 2430 habebit,
2740 2375 2795 2418 et
2839 2365 3012 2435 pariet
3065 2368 3235 2422 lilium
3264 2370 3309 2400 ⁵⁸
3347 2385 3363 2423 :
3402 2388 3422 2421 ι
3449 2381 3505 2427 et

1926 2466 2112 2525 partus
2164 2467 2247 2511 est
2293 2455 2631 2527 appellatus,
2663 2466 2716 2510 et
2761 2456 2979 2525 insuper
3031 2459 3383 2528 Emmanuel,
3413 2462 3504 2518 ille

1923 2563 2057 2615 puer
2104 2549 2314 2615 editus,
2371 2552 2511 2619 quod
2562 2560 2646 2603 est
2714 2550 3146 2618 interpretatum.
3212 2551 3505 2617 Nobiscum

1926 2639 2105 2708 Deus;
2140 2642 2232 2696 sed
2269 2642 2334 2697 de
2360 2642 2657 2709 Elisabcth,
2689 2640 2804 2695 fore
2833 2649 2899 2696 ut
2946 2643 3120 2708 pariat
3170 2642 3373 2710 filium,
3408 2645 3501 2716 qui

1924 2733 2324 2801 antegrediatur
2352 2735 2404 2787 in
2432 2735 2622 2804 spiritu
2642 2742 2697 2787 et
2724 2732 2922 2787 virtute
2950 2731 3080 2787 Elite
3106 2733 3151 2764 ⁸⁸
3170 2773 3187 2797 ,
3216 2741 3270 2787 et
3304 2744 3505 2803 premat

1924 2830 2049 2876 ante
2077 2822 2268 2876 faciem
2308 2825 2521 2879 Domini
2555 2838 2747 2894 parare
2777 2823 2893 2879 vias
2921 2821 3041 2890 eius
3072 2822 3138 2873 ".
3188 2823 3329 2894 Ergo
3358 2824 3504 2880 nullo

1924 2914 2083 2969 modo
2109 2925 2193 2969 est
2222 2915 2458 2985 Spiritus
2501 2917 2728 2987 genitrix
2758 2916 2874 2985 ipsa
2915 2915 3223 2978 Elisabetb,
3251 2915 3378 2984 quia
3404 2931 3500 2985 pe-

1923 3007 2062 3074 perit
2103 3009 2421 3076 pmplietam
2472 3007 2769 3073 Altissimi;
2803 3008 2897 3062 sed
2942 3021 3067 3062 vere
3118 3008 3211 3063 Dei
3268 3008 3500 3078 genitrix

1922 3108 2006 3153 est
2032 3108 2218 3152 sancta
2250 3096 2441 3167 Virgo,
2474 3099 2600 3168 quia
2638 3098 2804 3152 Deum
2840 3101 3049 3152 unitum
3088 3099 3235 3155 carni
3298 3111 3505 3171 peperit

1924 3190 2249 3254 carnaliter,
2284 3191 2385 3245 boc
2433 3192 2869 3255 est,secuudum
2917 3205 3160 3246 carnem.
3211 3190 3342 3245 Nam
3378 3196 3504 3261 quia

1927 3284 2086 3338 homo
2112 3293 2195 3337 est
2237 3284 2350 3352 ipsa
2381 3298 2499 3353 quae
2521 3280 2748 3352 peperit,
2784 3297 2848 3336 ea
2892 3282 2959 3337 de
2992 3297 3154 3338 causa
3204 3284 3506 3345 rectissime

1923 3375 2215 3431 asserimus
2268 3376 2482 3429 modum
2537 3374 2900 3442 generatimds
2946 3389 3011 3429 ex
3066 3375 3301 3433 humano
3357 3391 3507 3431 more

1921 3476 2215 3522 servatum.
2292 3464 2407 3520 Non
2450 3464 2593 3520 enim
2642 3462 2802 3517 aliter
2844 3465 3018 3532 potuit
3074 3464 3225 3518 nasci
3301 3477 3496 3520 secun-

1922 3558 2047 3610 dum
2089 3549 2205 3610 nos'
2238 3556 2325 3610 ille
2381 3557 2471 3626 qui
2532 3570 2696 3625 supra
2728 3569 2943 3611 omnem
2981 3567 3231 3619 naturam
3264 3556 3500 3625 excellit,

1923 3662 2030 3701 non
2061 3646 2137 3702 ita
2166 3656 2225 3701 ut
2256 3648 2397 3716 quod
2455 3657 2573 3700 erat
2617 3646 3075 3717 parvipenderet;
3109 3648 3255 3701 nullo
3282 3650 3442 3703 modo
3478 3667 3494 3713 ;

1922 3741 2016 3793 sed
2062 3748 2121 3793 ut
2160 3750 2400 3796 maneret
2450 3742 2627 3812 potius
2660 3742 2802 3813 quod
2853 3749 2973 3797 erat
3020 3749 3073 3792 et
3112 3750 3195 3795 est
3240 3751 3295 3795 et
3342 3742 3494 3797 erit:

1926 3834 2225 3889 mutatione
2249 3850 2481 3903 namque
2510 3835 2685 3902 potior
2708 3844 2793 3889 est
2820 3833 3001 3889 divina
3026 3831 3113 3886 illa
3140 3848 3502 3902 supremaque

1925 3931 2137 3979 natura.
2171 3924 2312 3996 Ergo
2341 3938 2440 3979 nos
2477 3932 2623 3979 recte
2656 3924 2894 3989 sentire,
2926 3923 3018 3993 qui
3061 3921 3227 3978 Deum
3261 3926 3499 3993 genitum

1921 4032 2044 4072 esse
2070 4019 2363 4072 secundum
2396 4031 2613 4071 carnem
2646 4016 2710 4069 ad
2742 4015 2969 4069 salutem
3006 4014 3380 4077 universorum
3412 4031 3503 4079 as-

1922 4109 2175 4176 serimus,
2202 4107 2460 4162 divinitus
2488 4108 2765 4175 inspirata:
2806 4105 3023 4160 Litterae
3056 4112 3346 4160 testantur.
3394 4104 3501 4167 Sed

1923 4201 2050 4271 quia
2079 4188 2232 4255 novis
2264 4199 2375 4254 suis
2402 4198 2671 4267 dogmatis
2704 4198 2986 4253 veritatem
3019 4208 3074 4250 et
3104 4198 3277 4267 ipsum
3324 4199 3503 4259 eccle-

1922 4291 2157 4347 siastica:
2186 4289 2306 4346 ﬁdei
2335 4291 2636 4361 symbolum
2661 4289 2904 4358 opponit,
2931 4288 3072 4358 quod
3100 4289 3229 4343 olim
3260 4290 3497 4356 Spiritus

1925 4384 2100 4438 sancti
2130 4383 2332 4437 lumine
2358 4382 2607 4436 illustrati
2634 4383 2821 4436 Patres
2851 4382 2990 4450 apud
3030 4381 3259 4437 Nicaeam
3292 4381 3501 4438 collecti

1925 4476 2286 4539 definierunt,
2315 4482 2560 4529 metuens
2597 4474 2713 4541 ipse
2742 4488 2809 4527 ne
2832 4473 2999 4543 aliqui
3041 4472 3274 4529 fortasse
3314 4488 3500 4535 sanam

239 4584 411 4638 ματος
438 4572 807 4639 φωταγωγίας
850 4572 901 4625 οί
948 4574 1091 4628 κατὰ
1132 4577 1357 4647 καιροὺς
1389 4578 1444 4629 έν
1473 4578 1540 4648 τῇ
1569 4577 1821 4631 Νικαέων

1927 4568 2087 4623 fidem
2139 4576 2458 4629 servarent,
2501 4564 2713 4619 illorum
2749 4566 2972 4620 vocibus
3009 4566 3078 4621 ad
3110 4566 3390 4627 veritatem
3427 4565 3505 4619 in-

238 4661 718 4733 συναγηγερμένοι
763 4663 1006 4737 Πατέρες
1045 4665 1334 4738 ὡρίσαντο,
1378 4668 1562 4732 δεδιὼς
1604 4668 1679 4741 μή
1715 4670 1825 4741 ἄρα

238 4768 356 4816 πως
380 4753 518 4821 ὑγιᾶ
546 4753 646 4824 τὴν
669 4754 854 4808 πίστιν
875 4754 1239 4811 διασώσαιντό
1260 4774 1426 4822 τινες,
1456 4762 1575 4824 ταῖς
1598 4760 1825 4814 ἐκείνων

237 4847 449 4912 φωναῖς
497 4846 1011 4920 παιδαγωγούμενοι
1051 4850 1186 4922 πρὸς
1234 4851 1515 4924 ἀλήθειαν,
1564 4855 1825 4925 πειρᾶται

244 4940 632 5009 συκοφαντεῖν,
670 4942 767 4995 καί
790 4941 900 4995 τῶν
946 4941 1148 5006 λέξεων
1196 4944 1508 4999 ὲναλλάττει
1544 4947 1646 5019 τήν
1684 4947 1822 5001 ἀπό·-

238 5028 410 5096 δοσιν,
438 5034 538 5086 καὶ
569 5032 741 5105 αὐτὴν
765 5033 822 5087 δὲ
852 5033 960 5088 τῶν
1002 5034 1221 5090 ἐννοιῶν
1248 5036 1349 5109 τὴν
1375 5036 1604 5108 δύναμιν
1642 5054 1823 5110 παραε

241 5121 535 5191 σημαίνειν
578 5123 879 5197 ἀποτολμᾷ.
922 5125 1142 5198 Ἐπειδὴ
1174 5125 1285 5200 γὰρ
1317 5128 1480 5192 αὐτὸς
1509 5128 1602 5182 ἐπὶ
1647 5130 1818 5199 μέσης

238 5210 540 5285 ἐκκλησίας
584 5212 833 5287 βεϐήλοις
866 5216 1068 5287 εχρῆτο
1104 5218 1513 5286 καινοφωνίαις,
1557 5218 1701 5291 ἁνήρ
1732 5235 1817 5280 τις

236 5302 351 5357 τῶν
378 5303 527 5373 ἄγαν
551 5306 829 5373 ἐπιεικῶν,
871 5309 969 5364 καὶ
1006 5308 1178 5365 τελῶν
1225 5309 1325 5381 μὲν
1368 5310 1428 5364 ὲν
1457 5310 1679 5375 λαῖκοῖςν
1703 5308 1815 5369 ἔτι.

240 5394 384 5466 πλὴν
433 5397 539 5451 οὐκ
572 5398 927 5469 ἀθαύμαστον
958 5399 1386 5475 συναγηγερκὼς
1419 5403 1476 5455 ὲν
1505 5401 1687 5472 ἑαυτῷ
1724 5401 1822 5471 τὴν

241 5487 549 5554 παίδευσιν,
594 5490 782 5563 θερμῷ
824 5509 884 5546 τε
925 5495 1021 5549 καὶ
1056 5492 1290 5565 φιλοθέῳ
1328 5494 1613 5566 κεκίνηται
1651 5493 1819 5564 ζήλῳ.

235 5581 341 5633 καὶ
367 5581 528 5652 τορόν
570 5599 623 5635 τι
667 5582 988 5655 κεκραγὼς,
1031 5584 1193 5643 αὐτὸν
1223 5583 1326 5656 ἔφη
1368 5586 1461 5638 τὸν
1492 5585 1819 5657 προαιὼνιον

243 5670 418 5738 Λόγον
457 5672 553 5725 καὶ
581 5672 843 5743 δευτέραν
884 5675 1172 5744 ὑπομεῖναι
1219 5676 1493 5747 γέννησιν,
1535 5676 1692 5746 δῆλον
1736 5675 1818 5738 δὲ,

337 5844 384 5875 ⁸⁸
407 5842 509 5903 lsa.
546 5860 639 5908 vti.
677 5848 764 5903 14.
843 5848 887 5880 ³⁸
916 5848 1043 5905 Luc.
1076 5867 1117 5912 t.
1145 5851 1232 5906 ΓΙ.
1310 5852 1355 5883 ⁵⁷
1384 5851 1515 5907 lbid.
1548 5850 1634 5906 76.

557 5940 829 6002 ΡΑτιιοι..
875 5943 989 6004 Gn.
1038 5945 1295 6005 LXXVI.

1926 4660 2135 4726 stituti',
2162 4658 2482 4714 calumniari
2514 4670 2761 4721 conatur,
2793 4667 2847 4713 et
2867 4657 3160 4713 dictionum
3191 4657 3503 4726 explicatio-

1927 4768 2048 4808 nem
2075 4753 2327 4814 invertit,
2350 4759 2405 4805 et
2433 4750 2604 4821 ipsam
2631 4751 2736 4804 vim
2768 4750 3160 4829 sententiarum
3194 4749 3502 4804 adulterare

1924 4848 2104 4901 audet.
2145 4846 2278 4900 Cum
2320 4845 2463 4900 enim
2506 4845 2620 4915 ipse
2667 4844 2721 4899 in
2764 4842 2938 4898 media
2987 4842 3213 4899 ecclesia
3260 4839 3503 4911 profanis

1928 4947 2166 4991 uteretur
2220 4935 2615 5005 neologismis,
2667 4934 2752 4989 vir
2806 4933 3022 5004 quidam
3076 4945 3207 4989 sane
3277 4934 3499 5002 probus,

1926 5029 2015 5098 qni
2051 5027 2228 5083 adhuc
2256 5029 2400 5081 inter
2432 5027 2603 5082 laicos
2622 5035 2762 5090 erat,
2786 5026 2879 5080 sed
2916 5033 3094 5079 tamen
3129 5023 3499 5079 admirabilem

1928 5119 2028 5172 sibi
2060 5118 2351 5189 collegerat
2376 5116 2756 5180 eruditionem,
2778 5114 3003 5169 ferventi
3024 5123 3080 5167 et
3105 5112 3354 5184 religioso
3385 5117 3502 5177 aelii

1924 5210 2028 5283 21
2058 5222 2352 5278 permotus,
2378 5218 2434 5263 et
2450 5208 2771 5263 contentiori
2796 5205 3307 5269 voceinclamitaas,
3330 5206 3502 5276 ipsum

1928 5303 2104 5374 inquit
2130 5314 2255 5359 ante
2282 5301 2478 5357 saecula
2511 5299 2742 5359 Verbutu
2768 5303 2930 5356 etiam
2951 5298 3246 5356 secundam
3272 5300 3505 5366 subiisse

1932 5399 2363 5466 generationem,
2386 5399 2437 5453 id
2459 5404 2562 5462 est,
2603 5395 2747 5452 illam
2775 5393 3072 5451 secundum
3101 5408 3319 5450 carnem
3355 5403 3409 5448 ει
3437 5407 3501 5448 ει

1932 5490 2159 5545 nmliere
2188 5506 2199 5542 :
2228 5487 2680 5543 tumultuantibus
2726 5486 2790 5538 ad
2825 5485 2925 5540 ista
2957 5484 3202 5555 populis,
3228 5494 3285 5538 et
3314 5483 3504 5553 majori

1928 5595 1993 5634 ac
2035 5580 2233 5635 saniori
2286 5592 2438 5652 parte
2464 5577 2714 5636 maximis
2743 5577 2892 5632 illum
2947 5576 3196 5632 laudibus
3225 5575 3505 5633 attollente

1929 5683 1987 5727 ut
2022 5674 2167 5746 pium
2214 5683 2267 5728 et
2291 5673 2586 5741 sapientem
2618 5671 2671 5727 in
2710 5670 2936 5742 primis,
2992 5682 3048 5725 ct
3071 5679 3342 5726 rectorum
3375 5670 3504 5737 dor

3052 5914 3088 5967 2
