4054 6332
506 373 575 432 ὖ
1034 362 1035 365 η
1496 370 1557 427 S.
1596 367 1865 425 CYRlL‘Ll
1903 368 2373 426 KLEXANDRINI
2410 369 2730 428 ARC’lﬂEP.
3686 371 3758 428 44

506 498 707 543 malum
748 487 890 542 haud
946 494 1244 558 expertem,
1278 485 1396 542 aliis
1431 487 1783 543 nihilominus
1822 488 2076 544 adversus

2186 491 2265 544 ὅτι
2295 508 2392 562 την
2425 492 2576 546 κατὰ
2604 493 2804 565 σάρκα,
2841 494 2935 547 καὶ
2964 493 3029 547 ἐκ
3061 492 3320 562 γυναικός
3338 508 3353 524 ο
3382 491 3757 564 θορυϐούντων

505 581 653 635 illum
698 579 960 647 efferatis,
1003 582 1115 650 ipse
1178 595 1238 637 se
1292 579 1620 650 interponit,
1676 594 1912 649 moxque
1958 580 2078 635 illos

506 674 802 744 approbat,
844 687 980 742 quos
1027 688 1122 727 sua
1157 671 1399 727 docendo
1457 671 1793 742 perdiderat,
1821 681 2073 727 cazterum

507 768 559 819 in
608 781 729 821 eum
765 765 1001 835 linguam
1036 764 1250 818 exacuit
1296 763 1386 833 qui
1413 763 1582 832 ipsius
1642 765 1896 833 dogmata
1960 780 2067 818 non

506 859 855 923 sustinuerat,
915 864 972 911 et
1027 854 1080 910 in
1122 862 1339 910 sanctos
1391 853 1579 909 Patres
1623 854 1714 923 qui
1759 853 1902 923 piam
1952 852 2074 906 ﬁdei

507 952 870 1007 definitionem
926 949 1081 1004 nobis
1131 948 1543 1009 constituerant,
1577 960 1740 1017 quam
1773 952 1833 999 ut
1901 943 2072 999 animi

506 1046 799 1100 anchoram
854 1030 1115 1099 habemus
1147 1049 1315 1095 tutam
1348 1053 1411 1093 ac
1442 1038 1675 1105 ﬁrmam,
1706 1045 1769 1091 ut
1810 1035 2070 1107 scriptum

503 1146 587 1192 est
609 1138 676 1190 ⁵⁸.

2179 584 2235 637 δὲ
2268 584 2402 655 πρὸς
2429 586 2600 640 ταῦτα
2631 587 2741 639 τῶν
2780 587 2991 657 δήμων,
3032 586 3129 640 καί⁸
3172 584 3283 639 τῶν
3315 584 3419 656 μὲν
3463 583 3754 651 πλείστων,

2181 677 2277 728 καὶ
2307 677 2564 742 συνετῶν,
2606 679 2667 731 οὐ
2699 678 2938 752 μετρίοις
2981 678 3146 733 αὑτὸν
3183 678 3426 740 ἐπαίνοις
3466 675 3757 747 τετιμηκό-

2180 784 2306 832 των,
2351 767 2427 832 ὡς
2466 769 2665 840 εὐσεϐῆ
2696 788 2779 834 τε,
2823 772 2918 825 καὶ
2956 770 3349 833 συνετώτατον,
3391 766 3614 838 καὶτῆς
3645 766 3756 820 τῶν

2179 855 2464 926 δογμάτων
2494 858 2786 930 ὀρθότητος
2822 862 2926 915 οὐκ
2949 860 3313 933 ὴμοιρηκότα,
3354 857 3755 928 λελυττηιιότων

2180 962 2246 1015 γε
2312 947 2417 1019 μὴν
2465 952 2586 1004 κατ’
2634 951 2799 1005 αὑτοῦ
2850 952 2961 1007 τῶν
3012 953 3212 1019 ἄλλων,
3253 948 3522 1007 διαλαδὼν
3566 948 3751 1013 αὐτὸς,

2177 1037 2500 1108 ἀποδέχεται
2532 1040 2633 1109 μὲν
2666 1041 2833 1105 εὐθὺς
2858 1042 3127 1107 ἐκείνους,
3157 1041 3252 1106 οὓς
3279 1042 3348 1095 τά
3370 1037 3569 1095 ἑαυτοῦ
3604 1035 3754 1091 διδά-

2177 1145 2323 1182 σκων
2352 1129 2731 1185 ἀπολώλεκεν·
2760 1133 3020 1205 ἐπιθήγει
3071 1134 3127 1187 δὲ
3169 1133 3268 1205 τὴν
3303 1133 3550 1202 γλῶτταν
3604 1128 3755 1199 αὐτῷ

503 1246 561 1283 τε
593 1228 671 1299 τῷ
699 1225 774 1298 μὴ
838 1220 1189 1293 ἀνασχομένῳ
1233 1219 1303 1274 τὰ
1346 1217 1535 1284 αὑτοῦ,
1570 1218 1664 1270 καὶ
1736 1217 1844 1288 μὴν
1888 1219 1984 1271 καὶ
2034 1218 2147 1281 τοῖς
2186 1218 2363 1286 ἁγίοις
2408 1220 2711 1293 Πατράσιν,
2749 1223 2799 1276 οἳ
2846 1224 2938 1278 τὸν
2969 1224 3165 1297 εὐσεΰῆ
3209 1223 3310 1295 τῆς
3354 1224 3588 1286 πίστεως
3628 1222 3754 1293 ὅρον

503 1327 634 1397 ἡμῖν
664 1320 1217 1392 τεθεσμοθετήκασιν,
1259 1318 1325 1388 ἢν
1358 1315 1433 1380 ὡς
1466 1315 1715 1386 ἄγκυραν
1786 1315 1983 1386 ἔχομεν
2018 1314 2117 1386 τῆς
2187 1315 2366 1388 ψυχῆς
2412 1317 2632 1392 ἀσφαλῆ
2678 1338 2737 1375 τε
2788 1321 2883 1376 καὶ
2924 1321 3172 1392 βεϐαίαν,
3219 1322 3362 1377 κατὰ
3403 1323 3466 1375 τὸ
3505 1338 3754 1392 γεγραμ-

550 1424 686 1476 ένον.

550 1442 686 1476 ενον.

506 1442 545 1495 μ
574 1511 851 1585 [Νεςτοιι.
888 1506 1113 1562 Gaudeo
1163 1504 1340 1568 enim,
1385 1503 1593 1573 inquit,
1640 1511 1880 1557 vestrum
1932 1499 2076 1570 aspi-

501 1607 653 1661 ciens
701 1602 899 1656 zelum.
946 1597 1187 1653 Indidem
1240 1596 1524 1665 perspicue
1573 1592 1795 1663 coargui
1848 1600 2077 1664 possunt

2250 1498 2464 1571 [Χαίρω
2492 1499 2624 1573 γὰρ,
2651 1498 2778 1574 ἔφη,
2796 1501 2889 1556 τὸν
2918 1501 3182 1572 ὑμέτερον
3207 1501 3544 1573 θεασάμενος
3564 1501 3747 1574 ζῆλον.

2177 1589 2413 1644 Αὺτόθεν
2432 1592 2549 1645 ἐστὶ
2574 1592 2747 1663 σαφὴς
2763 1595 2860 1664 τῆς
2876 1592 2982 1646 τῶν
2996 1592 3295 1663 λεχθέντων
3321 1593 3431 1666 [ῖσ.
3454 1594 3626 1666 σαφὴς
3645 1593 3754 1647 τῶν

502 1713 621 1769 quae
660 1697 727 1750 ab
752 1692 956 1748 infelici
1006 1690 1223 1744 homine
1266 1698 1395 1744 sunt
1436 1688 1700 1757 ﬂagitiose
1729 1686 1871 1741 dicta
1903 1704 1916 1741 :
1951 1700 2073 1739 nam

2178 1680 2497 1769 λεχθέντων]
2527 1686 2631 1738 ὑπὸ
2657 1686 2756 1755 τῆς
2781 1685 2873 1740 τοῦ
2914 1685 3147 1739 δειλαίου
3176 1686 3409 1757 ,μιαρίας
3442 1689 3470 1740 6
3497 1687 3713 1758 ἔλεγχος
3731 1700 3747 1717 ⁶

503 1803 733 1858 quorum
791 1786 910 1840 duae
959 1793 1088 1837 sunt
1133 1781 1532 1852 generationes,
1570 1794 1754 1833 eorum
1812 1780 1916 1833 duo
1966 1778 2076 1832 sint

504 1883 597 1935 ﬁlii
644 1892 869 1935 necesse
910 1884 993 1931 est
1024 1893 1036 1928 :
1067 1875 1161 1929 sed
1203 1872 1443 1927 Ecclesia
1499 1886 1662 1925 unum
1705 1869 1947 1941 agnoscit
1982 1866 2076 1923 Fi-

502 1972 656 2036 lium,
690 1969 863 2039 ipsum
895 1965 1174 2019 Dominum
1204 1959 1530 2032 Christum]

1143 2098 1295 2154 CAP.
1345 2097 1429 2151 Vl.

572 2240 904 2297 Stultissime
953 2236 1081 2307 quid
1138 2234 1221 2289 his
1280 2235 1346 2289 de
1400 2234 1562 2290 rebus
1616 2234 1956 2291 sentiendum
2003 2234 2076 2290 sit

505 2333 867 2388 definitionem
919 2325 1147 2397 protulit
1200 2325 1425 2379 dicens:
1459 2322 1723 2395 [Quorum
1773 2326 1892 2380 dua:
1948 2334 2077 2380 sunt

480 2424 905 2495 «generationes,
936 2423 1134 2488 jeorum
1180 2417 1285 2469 duo
1310 2429 1529 2484 quoque
1577 2416 1688 2470 sint
1720 2417 1811 2470 filii
1854 2432 2076 2472 necesse

487 2513 631 2587 esu]
661 2513 929 2569 Caeterum
966 2508 1168 2562 omissa
1213 2506 1297 2560 bis
1330 2507 1395 2560 de
1429 2507 1592 2562 rebus
1636 2508 1849 2563 exiliori
1890 2509 2075 2577 dispu-

495 2608 734 2670 tatione,
767 2601 986 2658 interim
1023 2613 1147 2668 quae
1193 2599 1259 2651 ad
1294 2599 1557 2652 orationis
1598 2608 1799 2653 nostra:
1826 2600 2075 2669 proposi-

504 2709 621 2752 tum
653 2711 719 2750 ex
752 2691 998 2764 diligenti
1030 2688 1384 2759 inquisitione
1414 2689 1642 2744 inveniri
1675 2699 1926 2759 poterunt
1961 2689 2075 2744 col-

504 2791 753 2859 ligamus.
794 2784 977 2855 -lgitur
1027 2782 1160 2836 duas
1224 2795 1348 2835 esse
1386 2780 1790 2850 generationes,
1853 2780 2075 2836 minime

503 2876 896 2934 admittendum
940 2870 1183 2927 censuit.
1235 2868 1403 2925 Unam
1444 2884 1606 2940 porro
1665 2870 1997 2925 nativitatem
2041 2886 2074 2925 a

504 2969 659 3025 nobis
696 2979 817 3021 esse
842 2962 1204 3019 conﬁtendarn
1230 2961 1445 3027 asserit,
1480 2976 1547 3015 ne
1579 2960 1714 3015 duos
1741 2961 1883 3015 ﬁlios
1913 2961 2075 3017 intel-

503 3064 751 3132 ligamus,
782 3072 846 3112 ac
868 3057 935 3111 si
978 3069 1204 3110 necesse
1239 3053 1330 3119 sit,
1364 3054 1407 3109 si
1445 3054 1563 3106 dua:
1596 3066 1820 3121 prorsus
1852 3068 2075 3123 genera-

505 3156 680 3207 tiones
704 3150 833 3214 sint,
860 3146 1149 3201 duositem
1169 3144 1322 3198 .ﬁlios
1351 3142 1560 3196 inferri.
1592 3140 1826 3196 Prodeat
1847 3159 1975 3213 ergo
2006 3157 2071 3198 ac

483 3248 696 3300 «loceat
744 3249 927 3296 utram
982 3237 1390 3307 generatiOnem
1440 3231 1591 3287 malit
1639 3233 1948 3300 admittere,
2004 3234 2073 3287 il-

2098 1957 2146 2013 Β

2179 1766 2256 1827 ὧν
2283 1775 2391 1846 γὰρ
2413 1774 2508 1828 δύο
2532 1778 2832 1849 γεννήσεις,
2863 1777 3067 1831 τούτων
3088 1777 3180 1831 δύο
3209 1778 3346 1832 υἱοί·
3378 1780 3409 1849 ἠ
3437 1779 3493 1832 δέ
3522 1778 3753 1849 Ἐκκλη-

2179 1865 2271 1921 σία
2300 1866 2397 1920 Eva.
2428 1863 2568 1922 οἶδεν
2602 1868 2752 1934 Υίὺν,
2783 1869 2875 1923 τὸν
2899 1869 3177 1941 Δεσπότην
3196 1869 3483 1942 Χριστόν.Ί

2754 2094 3012 2148 unum.
3052 2096 3146 2162 ς’.

2263 2228 2623 2299 Ἀνοητοτατα
2659 2244 2758 2298 μεν
2788 2222 2881 2281 οῦν
2910 2228 3002 2282 τὸν
3030 2228 3140 2282 τῶν
3171 2228 3266 2283 ἐπ)⁵
3294 2229 3505 2295 τούτοις
3534 2231 3752 2285 ἐννοιῶν

2180 2318 2305 2390 ὅρον
2356 2318 2711 2389 ἐξηνέγκατο,
2740 2320 2949 2389 λέγων·
2991 2316 3115 2392 [Ὧν
3155 2322 3264 2394 γὰρ
3314 2323 3406 2377 δύο
3439 2325 3749 2395 γεννήσεις,

2179 2411 2386 2465 τούτων
2418 2411 2512 2465 καὶ
2538 2411 2631 2465 δύο
2659 2411 2809 2483 υίοί.]
2852 2413 3226 2484 Ἰσχνομυθίας
3246 2432 3310 2483 γε
3343 2416 3449 2487 μὴν
3475 2418 3572 2485 τῆς
3602 2415 3658 2469 ἓν
3687 2433 3752 2485 γε

2179 2503 2393 2568 τούτοις
2423 2504 2684 2574 ἀφέμενοι
2710 2547 2725 2571 ,
2755 2505 2891 2569 τέως
2925 2505 3063 2577 πρὸς
3093 2505 3185 2560 τὸν
3214 2507 3309 2560 τοῦ
3357 2506 3519 2575 λόγου
3548 2508 3751 2561 σκοπὸν

2179 2595 2247 2649 τὰ
2273 2593 2333 2659 ἐξ
2360 2594 2623 2665 ἀκριϐοῦς
2649 2595 2896 2667 ἐρεύνης,
2929 2596 3061 2668 φέρε
3081 2596 3167 2667 δὴ,
3191 2597 3348 2668 φέρε,
3382 2596 3748 2669 συλλέγωμεν.

2180 2683 2390 2739 Οὐκοῦν
2432 2685 2810 2755 ἀπαράδεκτον
2861 2687 2986 2758 [τον.
3023 2688 3073 2740 εί
3107 2687 3203 2741 δύο
3250 2683 3392 2745 εἶναι
3437 2693 3749 2761 γεννήσεις,

2178 2775 2582 2848 ἀπαράδεκτον]
2614 2778 2936 2849 ἐποιήσατο,
2976 2780 3173 2850 χρῆναι
3196 2779 3255 2833 δέ
3286 2797 3420 2852 φησι
3460 2782 3594 2852 μίαν
3619 2784 3750 2849 ὁμο-

2180 2867 2455 2936 λογεῖσθαι
2478 2868 2614 2939 πρὸς
2643 2868 2799 2939 ἡμῶν
2819 2907 2834 2933 ,
2867 2870 2954 2925 ἵνα
2984 2871 3060 2943 μὴ
3091 2871 3186 2924 δύο
3217 2873 3426 2943 νοῶμεν
3465 2873 3647 2937 υἱούς·
3677 2874 3752 2937 ὡς

2180 2961 2239 3014 ὃν
2269 2962 2580 3029 ἐπάναγκες
2600 3002 2614 3026 ,
2642 2964 2691 3016 εί
2720 2962 2813 3016 δύο
2838 2963 3055 3027 πάντως
3085 2965 3142 3018 αἱ
3170 2964 3455 3032 ἀποτέξεις
3493 2962 3623 3027 εἷεν,
3658 2966 3754 3019 δύο

2181 3052 2275 3105 καὶ
2301 3054 2451 3116 υἱοὺς
2491 3053 2839 3125 εἰσφέρεσθαι
2860 3072 2874 3086 ⁶
2909 3056 3207 3111 διδασκέτω
3251 3057 3557 3129 παρελθὼν,
3591 3058 3752 3112 ποίαν

2183 3142 2291 3215 ἄρα
2316 3141 2424 3197 τῶν
2455 3146 2762 3216 γεννήσεων
2787 3147 3175 3221 παραδέξεται,
3206 3148 3305 3219 τὴν
3331 3148 3657 3219 προαιὼνιόν
3692 3164 3751 3203 τι

2181 3236 2277 3289 καὶ
2325 3236 2389 3289 ἐκ
2438 3236 2676 3307 Πατρὸς,
2718 3237 2843 3291 καθ’
2870 3238 2938 3309 ἢν
2985 3237 3140 3292 οὔπω
3168 3240 3586 3311 σεσαρκωμένος
3621 3239 3753 3305 Θεὸς

487 3338 685 3392 ιιοπωε
726 3348 794 3389 ex
840 3332 1001 3386 Patre
1051 3337 1177 3382 ante
1217 3325 1435 3392 saecula,
1485 3340 1583 3393 per
1626 3339 1789 3393 quam
1835 3324 2074 3379 nondum

2178 3323 2245 3400 ἦν
2272 3329 2300 3381 6
2332 3328 2523 3397 Λόγος,
2554 3329 2723 3399 ἤγουν
2752 3332 2981 3400 ταυτηνὶ
3026 3330 3125 3401 τὴν
3180 3310 3516 3401 πρόσφατον,
3552 3331 3648 3386 καὶ
3688 3333 3752 3393 ἐκ

505 3430 814 3485 incarnatus
868 3424 1013 3477 Deus
1031 3426 1149 3474 erat
1190 3418 1443 3478 Verbum,
1472 3430 1540 3469 an
1568 3430 1695 3470 vero
1722 3416 1860 3470 hanc
1898 3429 2079 3469 recen-

503 3531 611 3577 tem
638 3527 693 3575 et
721 3532 790 3573 ex
822 3511 1083 3570 muliere?
1108 3510 1245 3565 Nam
1284 3510 1329 3564 si
1362 3508 1508 3563 illam
1535 3508 1680 3563 dicet
1708 3508 1898 3574 solam,
1927 3507 2071 3561 illam

505 3616 629 3670 dico
673 3620 799 3667 ante
843 3606 1039 3663 satcunla
1083 3612 1139 3658 et
1174 3618 1239 3657 ex
1288 3599 1472 3665 Patre,
1520 3600 1615 3654 ille
1652 3598 1757 3653 erit
1805 3598 1988 3667 utique
2025 3605 2080 3651 et

507 3704 725 3776 quidem
760 3698 905 3755 solus
938 3696 1129 3759 Filius,
1167 3693 1260 3762 qui
1290 3706 1459 3747 exeo
1489 3693 1787 3746 secundum
1830 3698 2074 3743 naturam

505 3805 590 3849 est
621 3800 794 3855 ortus,
828 3798 1118 3854 antequam
1159 3780 1306 3836 carni
1338 3787 1393 3833 et
1434 3777 1677 3848 sanguini
1706 3776 2077 3831 communica-

508 3892 592 3939 ret
615 3882 659 3914 "
690 3899 703 3935 :
737 3889 940 3935 temere
972 3885 1150 3929 autem
1172 3886 1233 3925 ac
1260 3870 1458 3923 frustra
1472 3866 1798 3938 mysterium
1829 3866 2076 3919 incarna-

507 3974 670 4031 tionis
690 3971 980 4035 asseritur;
1004 3965 1147 4021 nullo
1164 3964 1305 4018 enim
1325 3960 1485 4016 modo
1506 3960 1742 4029 seipsum
1761 3958 2075 4022 exinanivit,

504 4080 684 4136 neque
716 4062 880 4119 subiit
909 4058 1049 4115 servi
1085 4055 1314 4111 formam
1341 4053 1408 4120 ⁸ο,
1442 4052 1536 4107 sed
1564 4052 1645 4107 sic
1670 4050 1990 4120 permansit,
2025 4060 2080 4104 et

504 4171 689 4213 veram
737 4151 921 4209 carnis
976 4145 1367 4218 injunctionem
1402 4144 1681 4211 hucusque
1719 4139 1937 4210 refugit.
1975 4139 2074 4194 Sin

496 4264 641 4305 «vero
685 4246 783 4315 qui
831 4241 1093 4299 extremis
1136 4235 1469 4307 temporibus
1511 4248 1579 4288 ex
1634 4231 1872 4299 muliere
1919 4241 2077 4285 natus

2178 3419 2471 3487 γυναικός;
2501 3418 2563 3473 Et
2594 3418 2691 3488 μὲν
2724 3412 2818 3471 οῦν
2847 3419 3064 3488 ἐκείνην
3107 3420 3257 3490 ἐρεῖ,
3292 3420 3387 3474 καὶ
3433 3423 3621 3494 μόνην,
3653 3424 3753 3496 τὴν

2179 3509 2510 3582 προαιώνιον
2542 3509 2684 3578 λέγω
2706 3550 2720 3575 ,
2753 3511 2849 3565 καὶ
2894 3512 2959 3565 ἐκ
2996 3512 3214 3585 Πατρὺς
3240 3551 3255 3576 ,
3288 3514 3494 3578 ἐκεῖνος
3531 3514 3599 3569 ἂν
3642 3516 3751 3589 είη,

2179 3603 2274 3669 καὶ
2308 3602 2468 3674 μόνος
2510 3602 2660 3668 Υἱὸς,
2694 3603 2722 3655 6
2754 3602 2814 3668 ἐξ
2841 3602 3005 3656 αὑτοῦ
3052 3603 3197 3657 κατὰ
3234 3604 3415 3674 φύσιν,
3443 3603 3597 3671 οὔπω
3623 3623 3754 3678 σαρ-

2178 3695 2293 3760 κὸς,
2357 3695 2453 3748 καὶ
2486 3694 2717 3764 αἵματος
2759 3694 3209 3767 κεκοινωνηκώςο
3244 3696 3368 3767 εικῆ
3408 3696 3489 3764 δὲ,
3532 3697 3627 3751 καὶ
3676 3698 3753 3762 ὡς

2179 3785 2322 3839 ἔοικε
2357 3785 2487 3858 [ῑσ.
2518 3786 2675 3857 ἔτυχε
2696 3786 2717 3859 ]
2738 3826 2753 3852 ,
2800 3787 2862 3841 τὸ
2887 3786 2989 3857 τῆς
3020 3787 3488 3859 ἐνανθρωπήσεως
3513 3788 3752 3844 λαλεῖται

2182 3881 2513 3947 μυστήριον·
2550 3877 2645 3930 καὶ
2685 3875 2959 3929 κεκένωκε
3014 3876 3113 3946 μὲν
3162 3875 3355 3929 ἐαυτὸν
3397 3878 3516 3929 κατ’
3564 3876 3753 3929 οὐδένα

2177 3970 2410 4041 τρόπον’
2453 3968 2577 4023 οὔτε
2625 3970 2732 4040 μὴν
2761 3970 2818 4023 ἐν
2854 3972 2922 4040 τῇ
2948 3968 3044 4022 τοῦ
3077 3967 3263 4022 δούλου
3309 3970 3499 4037 γέγονε
3529 3972 3713 4041 μορφῇ
3734 3984 3749 4000 ⁸

2181 4061 2460 4131 μεμένηκε
2491 4061 2547 4115 δὲ
2573 4061 2736 4125 οὓτω,
2768 4060 2868 4131 τὴν
2908 4059 3046 4131 πρὸς
3086 4060 3266 4131 σάρκα
3307 4060 3522 4113 σύνοδον
3573 4060 3751 4131 ἀληθῆ

2179 4154 2273 4206 καὶ
2306 4155 2386 4216 εἰς
2411 4151 2572 4225 δεῦρο
2598 4152 3056 4224 παραιτούμενος.
3100 4150 3241 4204 Ἀλλ’
3270 4152 3299 4204 6
3330 4150 3442 4224 [ἵσ.
3471 4151 3589 4206 ἀλλ’
3618 4155 3667 4206 εί
3697 4151 3748 4225 6]

2176 4247 2239 4298 ὲν
2270 4246 2519 4315 ἐσχάτοις
2549 4248 2762 4317 καιροῖς
2794 4246 2860 4298 ἐκ
2892 4243 3170 4313 γυναικὸς,
3202 4244 3367 4308 αὐτὸς
3407 4245 3476 4299 ἂν
3520 4244 3748 4314 λέγοιτο.

494 4348 607 4407 est,
648 4341 695 4395 is
722 4337 907 4405 utique
942 4334 1151 4388 dicetur
1186 4339 1243 4384 et
1278 4327 1493 4397 quidem
1523 4324 1671 4380 solus
1700 4322 2076 4392 Filius,alque

2178 4337 2274 4390 καὶ
2323 4337 2484 4408 μόνος
2528 4337 2687 4401 Υἱόςο
2719 4336 2814 4392 καὶ
2863 4337 2928 4409 δὴ
2967 4336 3063 4390 καὶ
3114 4337 3245 4407 μίαν
3290 4336 3517 4407 ταυτηνὶ
3550 4337 3648 4407 τὴν
3688 4338 3749 4389 ἐκ

504 4435 667 4489 etiam
705 4429 873 4485 solam
912 4429 1053 4481 hanc
1083 4439 1150 4478 ex
1186 4422 1411 4476 muliere
1446 4416 1850 4486 generationem
1883 4414 2078 4469 admit-

507 4537 681 4581 temus
707 4541 720 4575 :
746 4535 882 4591 ergo
919 4516 1227 4573 necessario
1258 4512 1490 4584 perdidit
1525 4510 1653 4564 illud
1676 4524 1743 4563 ex
1780 4507 2077 4562 DeoPatre

505 4617 739 4673 1Verbum
770 4628 839 4668 ne
870 4613 942 4669 sit
972 4609 1269 4664 secundum
1299 4615 1544 4659 naturam
1582 4600 1770 4656 Filius.
1805 4600 1910 4655 Sed
1935 4600 2078 4653 videt

505 4723 728 4779 prorsus
772 4708 853 4758 vir
885 4703 989 4757 Dei
1041 4711 1253 4777 amator
1295 4712 1456 4766 quam
1512 4694 1623 4749 sint
1669 4693 1751 4746 hae
1791 4690 2075 4747 sententiae

507 4802 852 4863 absurdae,'et
880 4804 1210 4864 quanwpere
1236 4789 1343 4857 22
1368 4788 1435 4840 ad
1464 4787 1799 4855 impietatem
1828 4790 2071 4850 vergant.

510 4893 579 4949 Ut
610 4905 737 4960 ergo
780 4888 865 4942 via
908 4883 1054 4953 regia
1087 4881 1424 4951 gradiantur.
1474 4880 1606 4932 duas
1640 4876 1871 4929 dicimus
1907 4872 2076 4926 fuisse

508 4984 837 5043 nativitates,
890 4979 986 5032 sed
1021 4988 1185 5029 unum
1224 4973 1277 5024 in
1310 4979 1540 5037 utraque
1589 4966 1804 5029 Filium,
1851 4982 1972 5018 cum
2019 4965 2072 5016 in

507 5089 668 5130 carne
692 5071 927 5125 nondum
958 5077 1123 5131 esset,
1158 5063 1388 5119 Verbum
1415 5077 1481 5116 ex
1513 5060 1645 5123 Deo,
1676 5060 1922 5113 eumdem
1950 5070 2076 5108 vero

507 5176 694 5235 postea
734 5163 896 5217 etiam
935 5160 1298 5222 iucarnatum,
1335 5167 1390 5210 et
1413 5157 1501 5224 qui
1536 5162 1754 5223 propter
1781 5165 1878 5203 nos
1913 5163 2079 5217 gene-

510 5258 771 5311 rationem
812 5254 1107 5308 secundum
1161 5262 1385 5304 carnem
1435 5262 1521 5301 ex—
1555 5244 1779 5298 muliere
1827 5239 2076 5296 subierit.

509 5349 639 5403 Nam
678 5347 725 5401 si
756 5344 984 5399 dixisset
1012 5344 1066 5397 in
1110 5341 1419 5396 hominibus
1443 5347 1710 5407 .0portere
1738 5349 1985 5405 prorsus,
2031 5331 2078 5387 si

509 5442 640 5493 duas
672 5435 1048 5507 generationes
1085 5432 1353 5496 dicamus,
1407 5431 1540 5483 duos
1571 5442 1692 5482 esse
1737 5426 1893 5489 lilios,
1932 5433 2078 5477 recte

505 5546 569 5586 ac
618 5543 741 5584 vere
790 5511 1179 5581 dixissetzsed
1227 5524 1352 5593 quia
1400 5520 1603 5577 Christi
1651 5520 1967 5589 mysterium
2025 5526 2078 5569 et

506 5619 893 5677 incarnationis
944 5618 1079 5673 ratio
1109 5616 1271 5689 aliam
1311 5615 1450 5667 viam
1504 5622 1669 5679 leuet,
1705 5622 1759 5666 et
1804 5612 1864 5681 in
1914 5611 2077 5681 rebus

590 5804 635 5835 ⁵⁸
658 5801 819 5857 Hebr.
857 5818 929 5867 VI,
960 5799 1044 5855 l9.
1126 5800 1169 5830 ⁵³
1195 5797 1355 5852 llrbt‘.
1392 5810 1451 5859 ll,
1494 5794 1575 5848 H.
1652 5794 1695 5823 ⁶⁶
1718 5791 1950 5862 Philipp.
1980 5804 2039 5855 ll,
2066 5790 2116 5843 6.

2179 4431 2440 4499 γυναικὸς
2469 4429 2891 4500 παραδεξόμεθα
2924 4430 3211 4501 γέννησιν,
3243 4426 3551 4482 ἀπὼλισθεν
3584 4428 3751 4495 ἀναγ-

2179 4521 2350 4583 καίως
2378 4518 2473 4573 τοῦ
2509 4515 2649 4573 εἶναι
2679 4520 2821 4573 κατὰ
2866 4519 3028 4590 φύσιν
3074 4519 3201 4583 Υἱὸς
3224 4519 3252 4572 6
3280 4520 3344 4571 ἐκ
3376 4517 3511 4570 Θεοῦ
3540 4516 3753 4588 Πατρὺς

2109 4653 2152 4707 υ
2172 4612 2374 4678 Λόγος.
2418 4610 2559 4663 Ἀλλ’
2583 4610 2685 4683 δρα
2711 4610 2841 4684 [ἵσ.
2890 4611 3029 4684 ὁρᾷ]
3072 4628 3173 4664 που
3204 4610 3422 4674 πάντως
3447 4611 3474 4663 6
3500 4608 3754 4707 θεοφιλης

2176 4700 2277 4774 τὴν
2307 4702 2414 4755 τῶν
2442 4702 2659 4756 ἐννοιῶν
2686 4704 2937 4771 ἀτοπίαν,
2983 4704 3078 4757 καὶ
3130 4702 3189 4757 τὺ
3239 4701 3357 4755 λίαν
3390 4699 3755 4766 ἀπονενευκὺς

2180 4794 2261 4856 είς
2302 4793 2580 4846 ἀσέϐειαν.
2612 4794 2730 4846 Ἵνα
2759 4795 2937 4848 τοίνυν
2962 4794 3077 4847 ὁδὸν
3103 4792 3395 4865 ἐρχώμεοα
3422 4792 3519 4862 τὴν
3552 4792 3754 4861 βασιλι-

2179 4883 2304 4955 κὴν,
2335 4883 2428 4936 δύο
2457 4884 2636 4953 φαμὲν
2673 4884 2923 4954 γενέσθαι
2956 4885 3054 4949 τὰς
3102 4884 3404 4950 ἀποτέξεις,
3447 4883 3544 4936 ἐνα
3575 4880 3631 4933 δὲ
3662 4880 3752 4933 τὸν

2178 4975 2243 5027 δι’
2273 4976 2472 5045 ἀμφοῖν
2500 4977 2627 5029 Υἱόν
2651 4994 2663 5007 ’
2701 4976 2854 5029 οὔπω
2877 4978 2983 5048 μὲν
3016 4978 3072 5029 ἐν
3104 4978 3268 5048 σαρκὶ
3298 4977 3554 5045 γεγονότα
3575 4976 3666 5027 τὸν
3688 4976 3755 5027 ἐκ

2183 5067 2316 5119 Θεοῦ
2351 5068 2550 5136 Λόγον·
2586 5069 2676 5121 τὸν
2705 5068 2865 5121 αὑτὸν
2896 5069 2949 5121 δὲ
2993 5068 3133 5138 μετά
3165 5069 3322 5122 τοῦτο
3350 5068 3445 5122 καὶ
3484 5055 3755 5137 σεσαρκω-

2188 5159 2369 5229 μένον,
2404 5159 2495 5211 καὶ
2528 5160 2592 5212 δι’
2628 5160 2784 5230 ἡμῶν
2810 5159 2927 5232 [ἵσ.
2960 5159 3026 5212 δι’
3060 5158 3232 5231 ἡμᾶς]
3269 5159 3365 5230 τὴν
3409 5161 3472 5212 ἐκ
3499 5157 3754 5227 γυναικὸς

2184 5248 2491 5302 ἀνατλάντα
2537 5250 2805 5321 γέννησιν
2838 5250 2977 5302 κατά
3022 5250 3220 5321 σάρκα.
3266 5251 3328 5303 Ei
3364 5250 3463 5320 μὲν
3512 5249 3621 5320 γὰρ
3668 5249 3754 5299 ἐπ’

2184 5338 2487 5410 ἀνθρώπων
2518 5341 2723 5408 ἔφασκε
2748 5340 2807 5393 τὸ
2824 5341 3031 5411 ,χρῆναι
3060 5339 3124 5409 δὴ
3155 5340 3369 5402 πάντως
3395 5338 3487 5391 δύο
3521 5338 3755 5391 νοεῖσθαι

2182 5432 2308 5494 τοὺς
2354 5433 2521 5498 υἱοὺς,
2557 5433 2605 5484 εί
2648 5431 2703 5484 δὲ
2737 5431 2831 5485 δύο
2859 5431 2967 5504 [ἴον.
3004 5433 3053 5485 εί
3082 5431 3198 5504 δύο]
3238 5433 3517 5500 γεννήσεις
3560 5430 3760 5500 ὀνομά-

2184 5520 2370 5590 ζομεν,
2413 5521 2589 5593 ὀρθῶς
2625 5522 2690 5574 ἂν
2734 5521 2862 5593 ἔφη,
2902 5522 2996 5575 καὶ
3024 5517 3091 5593 ἧν
3126 5521 3352 5591 ἀληθές·
3388 5516 3575 5591 ἐπειδὴ
3596 5519 3659 5585 Δδὲ
3696 5520 3758 5571 τὸ

2184 5610 2417 5682 Χριστοῦ
2442 5611 2738 5682 μυστήριον
2782 5613 2875 5664 καὶ
2902 5610 2929 5662 6
2960 5611 3057 5683 τῆς
3084 5611 3548 5682 ἐνανθρωπήσεως
3579 5609 3755 5678 λόγος,
