4054 6332
278 459 351 509 45
1416 455 1796 514 ADVERSUS
1830 457 1844 511 Ι

1946 455 2238 515 srontuu
2280 457 2411 516 un.
2453 461 2495 516 ι.
3000 432 3011 443 ’
3459 471 3527 524 ιδ

279 574 472 647 ἑτέραν
509 572 621 645 ἔχει
650 590 751 645 την
777 574 913 640 ὁδὸν,
942 575 1037 630 καὶ
1065 576 1167 630 οὐκ
1205 574 1263 629 ἓν
1300 592 1367 647 γε
1402 579 1516 641 τοῖς
1549 579 1669 631 καθ’
1708 579 1844 649 ἡμᾶς

1960 578 2160 635 nostris
2182 593 2287 633 non
2319 581 2506 635 eodem
2548 582 2708 637 modo
2733 582 3084 651 conspicitur,
3120 598 3217 638 cur
3238 599 3529 641 consuetu-

282 666 579 738 ίσοτρόπως
601 666 892 739 ὁρᾶται,’τί
918 670 1035 732 ταῖς
1063 669 1359 740 καθ’ήμᾶς
1388 668 1698 739 συνηθείαις
1724 686 1850 723 συν-

276 757 438 828 ορῶν,
474 752 595 811 εἶτα
613 761 725 822 τοῖς
756 759 1104 830 παραδόξοις,
1129 761 1223 814 καὶ
1253 757 1596 831 ὑπὲρ“λόγον,
1615 760 1706 812 τὸν
1728 758 1853 813 νοῦν

276 846 473 911 ἐνιεὶς,
525 848 607 911 είς
654 849 1077 920 ἁδρανεστὰτην,
1122 850 1217 903 καὶ
1249 848 1439 920 ἀμαθῆ
1474 849 1573 919 τὴν
1618 848 1855 918 ὀλιγοπι-

278 939 432 991 στίαν
476 942 869 1011 καταφωρᾶται
908 940 1127 1006 πεσών;
1185 941 1251 992 Ὃ
1308 939 1366 993 δέ
1415 956 1505 1008 μοι
1554 938 1854 1009 θαυμάζειν

278 1029 519 1096 ἔπεισιν,
550 1031 727 1083 ἐκεῖνό
764 1032 911 1084 ἐστιν
932 1047 947 1062 '
999 1031 1097 1084 ἕνα
1120 1031 1229 1103 γὰρ
1259 1033 1316 1085 ὲν
1341 1030 1550 1093 τούτοις
1578 1030 1853 1101 ὁμολογῶν

280 1121 406 1174 Υἱὸν
455 1123 656 1177 εἰδέναι
688 1123 789 1195 τὴν
830 1122 1191 1194 Ἐκκλησίαν,
1221 1123 1624 1195 προστεθεικὼς
1651 1123 1730 1188 δὲ,
1770 1124 1852 1176 ὅτι

277 1214 368 1267 τὸν
383 1215 663 1287 Δεσπὸτην
688 1216 944 1287 Χριστὸν,
958 1217 1144 1271 οὐκέτι
1161 1217 1461 1287 τετήρηκεν
1479 1216 1596 1269 ἔναυ
1618 1216 1851 1286 διῖστησι

275 1308 383 1380 γὰρ
412 1307 660 1381 ἀλλήλων
689 1308 759 1362 τὰ
790 1309 1066 1381 ἡνωμένα,
1111 1310 1207 1364 καὶ
1238 1310 1342 1364 ἀνὰ
1382 1309 1547 1381 μέρος
1591 1309 1852 1380 ἑκάτερον

274 1401 511 1471 τίθησιν,
540 1400 600 1453 οὐ
626 1400 679 1453 τί
714 1400 812 1471 μὲν
849 1400 966 1454 ἔστι
998 1400 1139 1454 κατὰ
1170 1399 1330 1470 φύσιν
1360 1400 1390 1452 ὁ
1419 1400 1612 1468 Λόγος,
1646 1401 1852 1471 διερευ-

272 1491 540 1562 νώμενος,
571 1492 625 1544 τί
655 1490 711 1544 δὲ
736 1492 884 1561 καὶὴ
917 1489 1083 1559 σάρξ·
1117 1489 1402 1561 ἄνθρωπον
1431 1489 1485 1543 δὲ
1511 1488 1734 1559 μᾶλλον,
1754 1490 1851 1543 καὶ

272 1582 429 1646 Θεὸν,
468 1581 546 1645 ὡς
579 1584 635 1634 ὲν
665 1581 869 1651 ἰσότητι
919 1583 1058 1651 μόνῃ
1099 1581 1200 1652 τῆς
1228 1579 1403 1649 δόξης,
1436 1580 1682 1651 καθάπερ
1719 1580 1851 1648 γοῦν

270 1674 465 1735 οἴεται,
498 1671 770 1738 συλλέγων
805 1673 884 1733 είς
911 1670 990 1733 ἓν,
1020 1670 1156 1740 ὅπερ
1190 1672 1306 1723 ἐστὶ
1330 1669 1608 1734 παντελῶς
1633 1672 1849 1742 ἀμήχα-

274 1781 367 1818 νον
416 1762 720 1836 [ἀπίθανον
746 1761 763 1834 j
789 1804 804 1827 ,
836 1762 1036 1831 μᾶλλον
1068 1763 1126 1815 δὲ
1156 1762 1250 1815 καὶ
1281 1761 1591 1830 ἀνέφικτον,
1636 1763 1729 1814 καὶ
1758 1764 1848 1815 τὸν

270 1853 368 1907 τοῦ
415 1854 715 1925 μυστηρίου
758 1852 914 1923 λόγον
964 1853 1249 1908 κατασείει
1307 1854 1443 1925 πρὸς
1490 1853 1551 1906 τὸ
1593 1854 1845 1917 ἁκαλλές.

276 1948 423 2017 Ἔφη
456 1947 515 1999 δὲ
548 1946 721 2010 οὕτως
743 1962 757 1976 ’

344 2040 462 2112 [Δεῖ
492 2040 548 2092 δὲ
592 2041 762 2110 ἡμᾶς,
812 2033 908 2093 νῦν
941 2038 1049 2110 γὰρ
1076 2034 1238 2110 ἦλθον
1267 2040 1347 2103 είς
1377 2038 1604 2106 ἔννοιαν,
1636 2040 1727 2093 καὶ
1753 2040 1853 2111 τὴν

272 2129 418 2183 κατὰ
470 2129 708 2184 Νίκαιαν
761 2129 977 2183 σύνοδον
1029 2130 1244 2199 μαθεῖν,
1278 2129 1515 2199 οὐδαμοῦ
1567 2129 1852 2199 τολμῶσαν

270 2224 470 2288 εἰπεῖν,
500 2223 585 2275 ὅτι
626 2224 655 2274 ό
704 2220 837 2284 Θεὸς
876 2221 1138 2291 ἐγεννήθη
1187 2223 1252 2273 ἐκ
1289 2222 1537 2292 Μαρίας’
1582 2222 1684 2291 ἔφη
1719 2222 1850 2292 γὰρ,

270 2313 357 2367 ὃτι
410 2310 748 2382 Πιστεύομεν
771 2312 852 2376 είς
873 2313 970 2364 ἕνα
991 2312 1123 2364 Θεὸν
1152 2312 1371 2383 Πατέρα
1400 2313 1815 2383 παντοκράτορα
1834 2328 1848 2342 '

270 2405 371 2459 καὶ
394 2405 473 2468 είς
500 2404 597 2458 ἕνα
626 2403 834 2474 Κύριον
876 2404 1083 2474 Ἰησοῦν
1110 2404 1367 2474 Χριστόν.
1410 2404 1731 2476 Προσέχετε,
1770 2405 1851 2457 ὅτι

270 2500 541 2572 πρότερον
567 2498 875 2562 τεθεικότες
895 2499 979 2563 τὸ,
1005 2498 1261 2569 Χριστὸς,
1281 2499 1309 2551 ὃ
1341 2500 1460 2552 ἐστι
1494 2500 1718 2570 μήνυμα
1741 2499 1851 2552 τῶν

278 2592 373 2645 δύο
408 2592 645 2661 φύσεων,
688 2591 788 2644 οὐκ
823 2586 1007 2652 εἶπαν,
1044 2591 1138 2652 Εἰς
1169 2591 1267 2643 ’ἐνα
1315 2590 1446 2643 Θεὸν
1488 2590 1687 2659 Λόγον
1735 2590 1849 2643 ἀλλ’

274 2683 468 2737 ἔλαϐον
492 2684 554 2736 τὸ
582 2683 755 2753 ὄνομα
796 2682 858 2735 τὸ
896 2684 1160 2751 σημαῖνον
1206 2683 1528 2753 ἀμφότερα,
1585 2683 1672 2736 ἵνα
1722 2683 1850 2736 ὅταν

273 2774 725 2829 ὐποκαταῦαίνων
758 2772 997 2845 ἀκούσῃς
1045 2773 1295 2838 θάνατον,
1348 2773 1424 2845 μὴ
1473 2773 1686 2843 ξενίζῃο
1741 2774 1847 2837 ἵνα,

271 2865 366 2918 τὸν
420 2864 826 2935 σταυρωθέντα,
882 2867 977 2920 καὶ¹
1021 2866 1295 2935 ταφέντα,
1358 2864 1434 2935 μὴ
1486 2865 1696 2936 πλήττῃ
1750 2865 1849 2935 τὴν

274 2956 466 3029 ἀκοὴν,
496 2957 573 3020 ὡς
597 2956 851 3026 θεότητος
878 2956 1053 3011 ταῦτα
1084 2957 1381 3028 παθούσης.
1407 2954 1427 3028 ]
1472 2951 1605 3009 Εἶτα
1641 2956 1849 3017 τούτοις

272 3047 556 3116 ἐπιφέρει·
594 3046 957 3120 [Πιστεύομεν
996 3050 1075 3111 είς
1113 3048 1208 3101 ἕνα
1234 3047 1441 3118 Κύριον
1480 3045 1687 3117 Ἰησοῦν
1712 3048 1847 3117 Χρι-

277 3138 433 3205 στὸν,
485 3137 579 3191 τὸν
624 3138 750 3192 Υἰὸν
798 3139 888 3193 τὸν
931 3140 1215 3210 μονογενῆ,
1259 3139 1349 3192 τὸν
1401 3139 1464 3191 ὲκ
1503 3138 1597 3191 τοῦ
1638 3137 1848 3209 Πατρὸς

270 3228 641 3299 γεννηθέντα·
689 3228 781 3281 τὸν
831 3229 1116 3299 όμοούσιον
1165 3228 1244 3299 τῷ
1293 3228 1505 3300 Πατρί’
1569 3229 1661 3282 τὸν
1714 3245 1845 3282 κατ-

1961 670 2087 725 dine
2116 685 2238 741 quae
2274 674 2415 742 apud
2454 688 2552 729 nos
2602 675 2745 746 viget
2778 675 3038 745 inspecta,
3070 677 3264 732 deinde
3290 681 3529 733 aninmni

1961 764 2029 816 ad
2069 777 2158 818 res
2201 763 2552 820 admirabiles
2589 775 2645 821 et
2677 781 2797 836 quae
2835 767 3100 822 rationem
3133 780 3391 839 superant
3439 774 3531 825 ad-

1954 849 2175 920 jiciens,
2204 853 2272 907 ad
2316 852 2639 908 imbecillam
2674 863 2730 910 et
2762 856 2977 911 stultam
3009 857 3381 914 inﬁdelitatem
3412 878 3527 915 ma-

1959 940 2158 997 nifeste
2190 942 2423 998 labitur?
2446 944 2597 1011 Quod
2632 956 2811 1002 autem
2857 950 2984 1003 mihi
3024 951 3076 1003 in
3108 962 3347 1006 mentem
3384 956 3528 1007 venit

1960 1033 2241 1098 admirari,
2275 1034 2406 1089 illud
2438 1046 2543 1090 est.
2571 1035 2705 1091 Cum
2740 1039 2880 1093 enim
2912 1039 2967 1094 in
3004 1039 3090 1096 his
3119 1043 3298 1097 verbis
3322 1044 3529 1099 confes-

1958 1137 2055 1179 sus
2093 1134 2259 1191 esset,
2297 1126 2590 1182 Ecclesiam
2638 1143 2804 1183 unum
2854 1128 3052 1186 Filium
3105 1147 3418 1203 agnoscere,
3464 1150 3528 1189 ac

1957 1215 2346 1283 subjunxisset,
2386 1219 2642 1274 nimirum
2669 1221 2845 1291 ipsum
2876 1218 3027 1278 illum
3055 1223 3341 1282 Dominum
3368 1229 3529 1284 Chri-

1957 1316 2122 1373 stum,
2154 1323 2419 1378 nusquam
2452 1320 2637 1380 postea
2673 1313 2899 1368 retinuit
2928 1331 3117 1381 unum,
3149 1320 3242 1374 sed
3271 1320 3417 1389 ipsas
3441 1338 3528 1377 res

1957 1400 2137 1454 unitas
2187 1402 2467 1472 distinguit
2512 1403 2652 1458 inter
2707 1418 2797 1469 se,
2848 1419 2913 1460 ac
2959 1409 3186 1463 seorsim
3246 1409 3530 1482 utramque

1956 1492 2146 1559 ponit;
2184 1506 2291 1546 non
2336 1493 2464 1562 quid
2514 1492 2747 1549 Verbum
2784 1494 2857 1549 sit
2913 1502 3206 1553 secundum
3254 1512 3525 1567 naturam,

1956 1583 2084 1652 quid
2121 1582 2247 1636 item
2289 1597 2417 1638 caro
2449 1584 2773 1653 disquirens,
2810 1588 2901 1642 sed
2950 1588 3224 1645 hominem
3259 1603 3313 1646 et
3355 1592 3525 1647 Deum

1959 1680 2214 1742 tanquam
2258 1673 2392 1741 sola,
2436 1684 2496 1729 ut
2535 1676 2647 1746 ipse
2688 1686 2863 1745 putat,
2907 1680 3215 1748 aequalitate
3255 1683 3437 1750 gloria
3471 1685 3525 1739 in

1955 1782 2121 1821 unum
2152 1766 2408 1838 colligens
2435 1784 2447 1821 :
2481 1769 2622 1837 quod
2651 1784 2823 1838 neque
2847 1770 3109 1825 credibile
3139 1782 3219 1827 est
3247 1776 3525 1841 cuiquam,

1956 1870 2131 1927 neque
2171 1857 2284 1912 ﬁeri
2317 1868 2493 1928 potest
2527 1879 2537 1913 :
2569 1864 2811 1929 tantique
2850 1863 3094 1931 mysterii
3143 1865 3408 1920 rationem
3453 1869 3518 1921 ad

1884 1955 1925 2010 Β
1954 1943 2339 1999 absurditatem
2367 1946 2639 2001 deturbat.
2670 1947 2761 2002 Sic
2790 1964 3026 2018 namque
3059 1951 3196 2004 dixit
3223 1967 3240 2010 :

2027 2034 2285 2106 [Νεετοιι.
2330 2036 2440 2093 Nos
2493 2047 2674 2093 autem
2722 2051 2966 2109 oportet,
3008 2045 3151 2113 quod
3199 2060 3342 2100 nunc
3392 2048 3523 2103 mihi

1951 2125 2101 2179 venit
2135 2127 2186 2181 in
2225 2141 2499 2194 mentem,
2544 2131 2828 2187 advertere
2871 2136 3033 2189 etiam
3075 2136 3349 2194 Nicaanam
3396 2157 3523 2213 syn-

1951 2218 2112 2272 odum
2141 2235 2401 2290 nusquam
2427 2222 2610 2277 dicere
2632 2240 2842 2291 ansam,
2866 2225 3034 2282 Deum
3062 2244 3129 2285 ex
3163 2230 3331 2287 Maria
3372 2240 3525 2303 geni-

1954 2319 2064 2362 tum
2100 2327 2114 2364 :
2145 2311 2222 2364 ait
2259 2311 2450 2371 enim:
2476 2313 2758 2370 Credimus
2790 2317 2843 2372 in
2892 2334 3057 2373 unum
3095 2322 3259 2376 Deum
3304 2325 3520 2381 Patrem

1951 2399 2397 2469 omnipotentem,
2428 2411 2481 2458 et
2526 2404 2582 2458 in
2628 2421 2792 2460 unum
2821 2407 3105 2463 Dominum
3138 2411 3322 2466 Jesutn
3354 2414 3519 2471 Chri-

1955 2501 2120 2546 Stum.
2146 2492 2443 2559 Attendite,
2467 2495 2610 2565 quod
2633 2512 2755 2551 cum
2787 2499 2937 2567 prius
2967 2503 3272 2570 posuissent
3298 2521 3517 2574 nomen,

1950 2583 2214 2649 Christus,
2244 2588 2385 2654 quod
2413 2588 2547 2641 duas
2590 2597 2808 2644 naturas
2845 2592 3068 2659 indicat,
3104 2610 3208 2650 non
3234 2598 3470 2654 dixerint
3499 2618 3516 2656 :

1950 2676 2004 2729 In
2036 2691 2199 2729 unttm
2231 2677 2396 2731 Deum
2426 2676 2684 2744 Verbum,
2710 2681 2800 2735 sed
2823 2686 3132 2753 acceperint
3152 2703 3346 2744 nomen
3375 2695 3518 2759 quod

1951 2770 2239 2834 utrumque
2290 2765 2656 2836 significaret;
2724 2780 2782 2823 ut
2842 2786 2964 2826 cum
3019 2774 3242 2832 inferius
3304 2780 3519 2837 audires

1954 2864 2204 2919 tnortem,
2255 2856 2391 2910 nihil
2439 2860 2729 2925 movearis,
2759 2876 2826 2917 ne
2859 2863 2946 2917 illa
2982 2869 3167 2930 verba,
3200 2871 3516 2927 cruciﬁxum

1949 2955 1999 2996 et
2031 2947 2320 3015 sepultum,
2351 2963 2511 3003 aures
2535 2950 2826 3016 oﬂ'endant,
2845 2962 3099 3025 tanquam
3123 2957 3237 3014 haec
3267 2961 3336 3015 sit
3357 2978 3516 3030 passa

1947 3036 2251 3108 divinitas]
2297 3038 2499 3093 Deinde
2540 3042 2603 3093 ad
2652 3042 2765 3097 hazc
2814 3045 2901 3099 illa
2951 3047 3268 3118 subjungit:
3308 3051 3518 3125 [Credi-

1950 3141 2069 3180 mus
2118 3127 2169 3180 in
2225 3144 2386 3184 unum
2430 3128 2717 3187 Dominum
2763 3134 2943 3190 Jesum
2992 3138 3267 3196 Christum
3318 3144 3512 3200 Filium

1948 3217 2322 3285 unigenitum,
2381 3234 2448 3275 ex
2500 3220 2662 3278 Patre
2714 3234 2935 3290 natum,
3000 3232 3514 3291 consubstantialem

274 3298 498 3375 ολθόντα
522 3323 589 3375 ὲκ
616 3320 727 3373 τῶν
757 3298 1003 3393 οὐρανῶν
1044 3321 1111 3374 δι’
1141 3298 1309 3391 ἡμᾶς,
1359 3298 1455 3374 καὶ
1496 3321 1844 3390 σαρκωθέντα

1946 3307 2090 3363 Patri
2126 3312 2257 3381 :qui
2302 3312 2578 3369 descendit
2615 3317 2681 3370 de
2716 3319 2868 3374 caelis
2903 3332 3124 3392 propter
3170 3341 3288 3391 nos,
3327 3339 3382 3384 et
3428 3331 3514 3383 in-

272 3412 339 3466 ὲκ
369 3412 685 3483 Πνεύματος
716 3413 892 3481 ἁγίου.
918 3414 1035 3466 Οὐκ
1067 3408 1238 3477 εἶπον,
1266 3414 1347 3467 ὅτι
1379 3412 1473 3466 καὶ
1512 3411 1844 3483 Γεννηθέντα

271 3504 335 3559 ἐκ
360 3504 677 3574 Πνεύματος
708 3504 884 3572 ἁγίου.
913 3504 1377 3574 Διερμηνεύοντας
1405 3504 1461 3557 δὲ
1489 3505 1614 3566 τοὺς
1657 3504 1846 3572 ἁγίους

271 3597 546 3667 Πατέρας,
575 3597 627 3649 τί
657 3596 723 3666 δὴ
751 3595 860 3666 ἄρα
888 3595 950 3647 τὸ
976 3595 1339 3665 Σαρκωθέντα
1368 3595 1486 3648 ἐστὶ
1505 3635 1520 3659 ,
1545 3594 1728 3664 φησὶν,
1769 3594 1846 3646 εί-

272 3691 396 3741 πεῖν
420 3688 481 3740 τὸ
496 3686 1078 3758 Ἐνανθρωπήσαντω]
1097 3688 1148 3740 τί
1177 3687 1308 3740 δὲτὸ
1322 3687 1507 3740 Ἐνανθ
1517 3688 1844 3759 ρωπήσαντα

271 3778 713 3847 κατασημήνειεν
767 3777 869 3843 ἂν,
918 3776 1218 3845 διατρανῶν
1274 3776 1437 3840 αὐτὸς
1489 3776 1593 3846 ἔφη
1646 3777 1840 3830 πάλιν

271 3868 373 3942 [Οὐ
400 3869 607 3942 τροπήν
636 3868 736 3939 τῆς
777 3868 914 3933 ἰδίας
971 3870 1186 3938 φύσεως
1232 3867 1602 3940 ὐπομεινὰσης
1629 3868 1708 3931 είς
1744 3866 1844 3938 τὴν

270 3961 472 4032 σάρκα,
505 3960 641 4014 ἀλλὰ
672 3960 772 4030 τὴν
805 3961 1083 4032 ἐνοίκησιν
1109 3962 1208 4032 τὴν
1235 3962 1316 4025 εἰς
1344 3956 1679 4032 ἄνθρωπον]

797 4148 807 4160 ,
869 4099 1121 4153 ΚΕΦΛΛ.
1168 4096 1243 4151 Z'.

333 4230 482 4306 'Apa
510 4236 575 4290 ἂν
600 4235 886 4305 ἁνὰσχοιτό
912 4252 997 4297 τις
1028 4234 1138 4287 τῶν
1173 4232 1471 4285 τελούντων
1504 4232 1561 4285 ὲν
1582 4232 1840 4301 Χριστια-

262 4330 375 4393 voti;
401 4329 435 4399 ἦ
463 4329 561 4399 τῆς
586 4327 811 4399 ἐνούσης
835 4328 950 4390 τοῖς
976 4325 1156 4394 λόγοις
1182 4323 1529 4394 ἁϐελτηρίας,
1561 4321 1593 4393 ἢ
1616 4323 1715 4391 τῆς
1729 4322 1839 4375 τῶν

261 4418 483 4473 ἐννοιῶν
537 4418 881 4484 δυσσεϐείας;
927 4413 1017 4490 ἄρ’
1044 4417 1145 4470 οὐκ
1200 4414 1438 4487 ἐναργής
1484 4416 1569 4485 εἴη
1612 4415 1679 4468 ἂν
1724 4416 1839 4477 τοῖς

261 4510 477 4583 ἀληθῶς
506 4511 795 4584 ἀρτίφροσι
825 4508 1134 4581 βωμολογία.
1178 4508 1355 4573 ταυτὶ,
1393 4504 1487 4561 καὶ
1514 4506 1713 4577 τρόπος
1736 4506 1836 4559 οὐκ

261 4605 496 4675 ἀγεννὴς
525 4605 621 4674 τῆς
643 4603 785 4657 κατὰ
805 4601 1041 4687 Χριστοῦ
1070 4598 1478 4670 γλωσσαλγίας;
1508 4600 1836 4667 συκοφαντεῖ
1863 4632 1909 4687 D

259 4696 371 4765 γὰρ
396 4695 495 4763 τὴν
525 4693 810 4762 ἀλήθειαν
843 4692 944 4744 οὐκ
974 4685 1113 4743 εἷναί
1146 4706 1311 4760 φησιν
1340 4688 1467 4741 Υίὸν
1500 4686 1716 4758 ἁληθῶς
1735 4688 1835 4740 αὐ-

257 4782 372 4845 τὸν,
400 4779 573 4853 ἑτέρῳ
593 4778 752 4834 τοῦτο
780 4778 1121 4851 προσνέμων.
1149 4777 1478 4850 [Προσέχετε
1503 4776 1631 4847 γὰρ,
1647 4776 1833 4845 φησὶν,

238 4871 345 4923 -ὃτι
376 4869 643 4941 πρότερον
680 4867 983 4932 τεθεικότες
1011 4866 1072 4921 τὸ
1100 4866 1358 4939 Χριστὸς,
1390 4867 1419 4919 ὃ
1450 4868 1565 4919 ἐστι
1610 4866 1837 4936 μήνυμα

257 4960 371 5013 τῶν
390 4960 483 5013 δύο
511 4958 747 5028 φύσεων,
765 4959 867 5013 οὐκ
894 4954 1058 5012 εῐπαν
1074 4975 1088 4989 ·
1114 4957 1452 5029 Πιστεύομεν
1480 4958 1559 5020 εἰς
1584 4956 1679 5009 ἕνα
1701 4944 1835 5009 Θεὸν

256 5048 482 5122 Λόγον.]
516 5049 625 5102 Καὶ
654 5049 783 5121 περὶ
812 5049 911 5120 μὲν
940 5048 1035 5102 τοῦ
1061 5048 1344 5119 ὀνόματος,
1379 5048 1522 5117 φημὶ
1556 5046 1613 5099 δὲ
1646 5046 1712 5117 δὴ
1738 5045 1832 5098 τοῦ

255 5137 516 5212 Χριστὸς,
546 5141 682 5212 μετὰ
729 5140 901 5214 βραχὺ
950 5140 1389 5213 διερευνήσομαι,
1424 5139 1653 5210 πότερόν
1703 5155 1832 5191 ποτε

255 5233 365 5286 τῶν
396 5234 491 5287 δύο
536 5233 751 5301 φύσεων
787 5234 1119 5304 σημαντικόν
1166 5235 1337 5295 ἐστιν,
1378 5233 1410 5303 ἢ
1454 5233 1560 5303 μή·
1594 5231 1655 5284 τὸ
1687 5231 1743 5284 δὲ
1774 5233 1831 5283 ὲν

254 5327 467 5397 χερσὶν,
498 5325 573 5390 ὡς
602 5326 703 5389 ἔνι,
730 5326 1209 5397 διαγυμνάζωμεν.
1242 5323 1412 5378 Οίστὰ
1457 5324 1555 5394 μὲν
1595 5319 1688 5376 οὐν
1721 5318 1831 5375 εἶεν

253 5420 321 5472 ἂν
350 5421 468 5471 κατ’
497 5417 689 5472 οὐδένα
717 5417 941 5488 τρόπον,
970 5417 1038 5469 τὰ
1067 5415 1241 5479 οὕτως
1262 5414 1528 5481 ἐκτόπως,
1555 5416 1651 5468 καὶ
1691 5416 1827 5483 ἀτη-

253 5506 437 5577 μελῶς
469 5506 619 5576 αὐτῷ
648 5506 1079 5578 πεφλυαρημένα
1099 5522 1113 5536 ·
1149 5506 1282 5577 φαίη
1308 5506 1357 5558 δ’
1392 5505 1477 5570 ἂν,
1513 5500 1687 5576 οἶμαι,
1720 5503 1825 5569 τὶς,

250 5599 378 5661 τοὺς
409 5599 550 5668 ὐπέρ
570 5614 633 5666 γε
663 5597 771 5651 τῶν
798 5599 969 5667 ἁγίων
991 5599 1247 5670 Πατέρων
1270 5595 1591 5667 ποιούμενος
1614 5595 1824 5662 λόγους

250 5690 316 5741 Τί
350 5689 483 5759 δρᾷς
510 5688 673 5753 οὕτω,
705 5684 750 5743 ὦ
776 5693 1014 5759 γενναῖε,
1056 5690 1305 5758 γλῶσσαν
1335 5689 1434 5758 τὴν
1462 5688 1721 5759 ἄγροικον
1742 5688 1821 5740 ὲν.

251 5779 353 5844 tat;
384 5780 643 5852 ἀνδράσιν
674 5782 869 5849 ἁγίοις,
894 5775 976 5845 οἷς
1004 5781 1070 5835 ἂν
1099 5782 1298 5851 πρέποι
1319 5781 1380 5833 τὸ
1401 5780 1660 5848 -λέγεσθαι
1687 5780 1829 5848 παρ’

1947 3413 2204 3457 carnatus
2227 3414 2311 3458 est
2334 3407 2397 3459 de
2427 3407 2631 3476 Spiritu
2659 3422 2868 3466 sancto.
2904 3412 3016 3469 Non
3047 3418 3299 3473 dixerunt
3358 3422 3515 3489 iletl'l,

1946 3489 2142 3546 Natum
2178 3493 2246 3548 de
2295 3495 2501 3563 Spiritu
2548 3509 2756 3555 sancto.
2792 3502 2959 3558 Porro
3004 3520 3224 3565 sanctos
3258 3511 3374 3568 illos
3406 3513 3514 3568 Pa-

1948 3592 2080 3650 tres,
2115 3586 2314 3655 inquit,
2362 3597 2417 3641 ut
2448 3588 2935 3659 interpretarentur
2961 3599 3215 3665 quidnam
3259 3602 3385 3657 illud
3421 3612 3512 3671 sit,

1945 3673 2283 3743 lncarnatus,
2333 3677 2537 3733 dixisse
2582 3679 2732 3745 illud,
2781 3682 2951 3740 Homo
2985 3686 3163 3744 factus
3203 3691 3333 3765 est.]
3376 3696 3512 3761 Quid

1944 3780 2073 3823 vero
2111 3768 2203 3831 sit,
2229 3767 2400 3823 Homo
2436 3772 2636 3837 factus,
2687 3789 2876 3831 rursus
2925 3778 3038 3847 ipse
3072 3781 3351 3839 declarans
3394 3790 3509 3845 ait:

1937 3856 2077 3930 {Sua
2112 3860 2217 3930 23
2271 3861 2439 3930 ipsius
2482 3874 2673 3920 natura
2719 3882 2821 3922 non
2872 3868 2923 3921 in
2974 3885 3137 3926 carne
3177 3890 3511 3948 remanente,

1943 3950 2039 4004 sed
2070 3949 2514 4008 inhabitationem
2552 3954 2784 4012 hominis
2811 3958 3123 4032 subeunte.]

2566 4088 2720 4146 CAP.
2764 4089 2876 4147 Vll.

1932 4260 1939 4265 .
2010 4220 2093 4275 An
2124 4235 2255 4276 vero
2281 4221 2564 4293 quisquam
2604 4222 2696 4293 qui
2749 4223 2892 4280 inter
2937 4225 3280 4285 Christianos
3319 4245 3511 4289 cense-

1943 4317 2049 4377 tur,
2082 4325 2237 4380 aequo
2264 4312 2444 4379 animo
2475 4311 2615 4366 ferat
2652 4312 2738 4367 vel
2780 4312 3035 4384 ineptiam
3076 4319 3388 4387 verborum,
3428 4322 3511 4376 vel

1939 4405 2327 4459 sententiarum
2364 4404 2732 4474 impietatem?
2762 4404 2953 4462 Nonne
3004 4409 3120 4465 hare
3156 4414 3316 4467 verba
3366 4418 3509 4486 apud

1938 4497 2190 4552 cordatos
2236 4511 2368 4552 sane
2427 4498 2677 4554 homines
2729 4509 2984 4571 tanquam
3044 4505 3348 4561 scurrilitas
3413 4510 3509 4561 ha-

1941 4590 2111 4645 benda
2128 4599 2275 4657 sunt,
2293 4604 2357 4644 ac
2389 4590 2778 4646 maledicentia:
2798 4592 2849 4646 in
2867 4592 3142 4649 Christum
3167 4611 3334 4666 genus
3363 4597 3507 4653 haud

1938 4680 2222 4737 intimum!
2272 4681 2651 4737 Calumniatur
2697 4684 2841 4738 enim
2883 4685 3165 4741 veritatem
3195 4705 3209 4742 :
3243 4703 3349 4743 non
3382 4703 3507 4745 esse

1937 4773 2111 4843 ipsum
2150 4773 2328 4843 inquit
2370 4788 2497 4826 vere
2537 4771 2753 4837 Filium,
2803 4789 2925 4853 cum
2972 4774 3077 4830 hoc
3109 4791 3300 4831 nomen
3349 4778 3506 4835 alteri

1937 4864 2157 4918 tribuat.
2174 4862 2492 4936 [Attendite,
2518 4863 2865 4934 inquit,quod
2882 4881 3006 4920 cum
3030 4868 3180 4937 prius
3199 4870 3507 4936 posuissent

1934 4954 2035 5010 hoc
2075 4971 2293 5021 nomen,
2342 4956 2607 5022 Christus,
2657 4959 2797 5027 quod
2836 4959 2970 5013 duas
3012 4969 3236 5014 naturas
3280 4961 3504 5030 indicat,

1935 5060 2039 5098 non
2066 5045 2322 5110 dixerint,
2353 5045 2707 5102 Credimusin
2737 5063 2899 5102 unum
2929 5049 3092 5103 Deum
3122 5050 3504 5123 Verbum.]Ac

1935 5136 2000 5190 de
2034 5137 2250 5192 nomine
2295 5139 2416 5202 hoc,
2475 5155 2666 5209 nempe
2719 5140 2940 5206 Christi,
2974 5141 3133 5212 paulo
3165 5153 3286 5213 post
3327 5145 3501 5200 disse-

1932 5244 2076 5295 ram,
2132 5238 2309 5284 utrum
2366 5232 2580 5285 tandem
2641 5234 2775 5287 duas
2820 5245 3045 5289 naturas
3084 5235 3387 5304 signiﬁcet,
3434 5251 3501 5291 an

1931 5333 2087 5375 secus
2129 5323 2314 5391 :quod
2379 5323 2489 5392 jam
2541 5332 2625 5377 est
2675 5338 2784 5391 pra:
2834 5326 3124 5391 manibus,
3174 5336 3234 5382 ut
3289 5326 3504 5381 licuerit

1931 5412 2307 5470 discutiamus.
2375 5414 2542 5484 Igitur
2592 5414 2740 5470 nullo
2790 5417 2951 5471 modo
3000 5418 3216 5487 quidem
3265 5416 3503 5474 ferenda

1930 5517 2059 5563 sunt
2087 5522 2264 5578 nugzr,
2299 5524 2433 5577 quas
2465 5510 2567 5564 iste
2608 5509 2741 5566 adeo
2778 5510 3011 5567 absurde
3050 5522 3105 5566 et
3143 5512 3388 5581 imperite
3421 5513 3503 5566 et”-

1930 5596 2095 5652 futit:
2140 5599 2235 5653 sed
2286 5598 2428 5653 dicet
2466 5600 2663 5668 aliquis
2707 5608 2906 5664 tamen,
2944 5612 3002 5655 ut
3047 5612 3266 5657 sanctos
3308 5601 3498 5658 Patres

1930 5688 2180 5742 defendat
2223 5687 2404 5754 :Quid
2452 5692 2600 5758 agis,
2650 5703 2685 5743 o
2734 5691 2873 5745 bone
2914 5693 3014 5757 vir,
3064 5708 3184 5747 cum
3237 5694 3498 5747 adversus

1932 5791 2148 5834 sanctos
2189 5781 2335 5835 viros
2384 5778 2664 5834 eﬂ'eratam
2726 5779 2961 5851 linguam
3013 5783 3257 5848 emittis,
3302 5784 3501 5853 quibus

249 5871 417 5925 αὐτοῦ
462 5873 554 5925 τοῦ
606 5873 823 5927 πάντων
873 5872 1030 5944 ήμῶν
1058 5873 1309 5945 Σωτῆρος
1338 5871 1609 5944 Χριστοῦτ
1664 5890 1682 5921 ί
1714 5872 1826 5942 οὒκ

1952 5879 2070 5927 uste
2102 5872 2169 5927 ab
2209 5872 2325 5941 ipso
2368 5872 2607 5927 omnium
2668 5884 2912 5930 nostrum
2959 5874 3239 5932 Salvatore
3284 5873 3501 5931 Christo
