4054 6332
513 418 581 472 όἿ
1065 358 1080 373 .
1500 401 1559 454 S.
1599 394 1875 451 CYRILLI
1917 390 2089 450 ALEX

2194 388 2393 444 iDlllNl
2430 386 2757 443 ARCHIEP.
3704 384 3773 439 l8

512 538 619 595 dici
650 541 828 603 potest
858 552 920 586 ,νς
955 529 1067 582 Non
1091 527 1225 581 estis
1252 539 1343 577 vos
1370 522 1460 591 qui
1497 518 1804 590 loquimini,
1834 518 1927 571 sed
1959 515 2083 582 Spi-

2194 514 2344 584 ύμεῖς
2375 514 2500 565 ὲστε
2533 512 2583 564 οί
2607 509 2922 575 λαλοῦντες,
2945 509 3080 585 ἀλλὰ
3107 508 3170 563 τὸ
3192 507 3416 579 Πνεῦμα
3439 506 3534 562 τοῦ
3559 504 3773 577 Πατρὸς

493 629 650 682 -ritus
686 626 863 679 Patris
892 622 1055 675 vestri
1090 618 1180 688 qui
1217 616 1454 686 loquitur
1491 617 1544 667 in
1586 611 1738 666 vobis
1757 609 1847 662 “‘2
1879 627 1898 661 ι
1940 606 2081 674 Quid

494 718 656 773 enim
686 726 768 770 est
808 715 874 767 ab
902 713 1005 767 illis
1029 716 1362 779 perceptum,
1387 704 1531 773 quod
1576 717 1683 755 non
1718 699 1802 753 vel
1848 698 2085 752 maxime

513 806 816 863 admirabili
858 802 1172 859 subtilitate
1196 796 1362 853 fuerit
1417 792 1748 863 expolitum?
1803 792 2082 862 quodnam

514 905 707 969 dogma
725 894 1087 951 necessarium
1108 886 1571 960 praetermissum?
1602 884 1793 954 quisve
1811 880 2085 937 cautionis

516 987 707 1041 modus
752 980 1062 1052 neglectus?
1114 976 1255 1050 [Non
1304 975 1419 1029 ausi
1467 982 1634 1037 sunt,
1668 971 1886 1039 inquit,
1942 970 2084 1024 inter

517 1076 638 1131 lidei
675 1074 971 1130 sententias
1004 1082 1227 1141 ponere,
1272 1068 1435 1122 Deum
1461 1063 1696 1119 Verbum
1729 1076 1849 1118 esse
1872 1076 1937 1117 ex
1973 1060 2086 1115 Ma-

516 1171 598 1222 ria
631 1163 922 1238 genitunt.]
966 1163 1137 1231 Igitur
1178 1162 1224 1215 si
1276 1158 1376 1214 hac
1421 1159 1489 1213 de
1520 1170 1683 1211 causa
1729 1155 1961 1224 majores
1990 1167 2086 1208 no-

510 1273 659 1317 stros
714 1274 956 1321 accusas,
1010 1266 1067 1311 et
1112 1265 1166 1309 te
1219 1267 1362 1321 aegre
1406 1250 1557 1305 ferre
1611 1248 1749 1303 dicis
1791 1248 1938 1316 quod
1976 1260 2084 1300 non

514 1354 705 1407 iisdem
730 1346 1211 1420 pret-stis,~quibus
1242 1355 1319 1405 tu.
1348 1342 1570 1396 vocibus
1604 1340 1686 1394 usi
1717 1350 1862 1400 sunt,
1895 1346 2083 1402 restat,

517 1457 573 1498 ut
606 1442 765 1497 simul
797 1443 942 1511 ipsos
986 1452 1202 1509 quoque
1230 1444 1449 1491 sanctos
1475 1431 1746 1500 apostolos
1776 1440 1829 1483 et
1855 1441 2087 1494 evange-

516 1535 666 1587 listas
714 1531 1024 1584 crimineris
1074 1544 1090 1581 :
1134 1527 1223 1595 qui
1274 1539 1395 1579 cum
1439 1522 1505 1577 de
1561 1521 1763 1576 Christi
1826 1518 2087 1591 mysterio

496 1624 681 1676 .libros
713 1616 1157 1688 conscripserint,
1206 1627 1301 1669 eos
1348 1614 1453 1668 tuis
1482 1612 1711 1665 vocibus
1752 1611 1818 1664 ad
1862 1607 2085 1663 verbum

498 1725 644 1765 -ttsos
674 1711 861 1779 utique
894 1722 1054 1762 nemo
1082 1706 1250 1775 possit
1271 1703 1580 1759 ostendere.
1601 1701 1789 1771 Igitur,
1812 1699 1857 1753 si
1887 1698 2084 1769 placet,

510 1804 671 1857 mitte
698 1801 833 1865 haec,
866 1809 923 1853 ut
966 1837 981 1851 .
1007 1837 1040 1851 ..
1086 1840 1101 1854 .
1142 1835 1158 1851 .
1203 1834 1218 1850 .
1262 1834 1277 1849 .
1315 1794 1681 1850 etconsidera
1710 1792 1890 1861 pntius
1919 1789 2087 1859 ipsius

2190 605 2345 677 ὑμῶν
2387 606 2446 659 τὸ
2474 603 2669 657 λαλοῦν
2700 605 2759 656 ὲν
2794 603 2960 674 ὑμῖν;
2990 621 3009 654 ι
3052 602 3117 655 Τί
3142 602 3252 673 γάρ
3284 602 3346 655 οὐ
3381 600 3628 670 νενόηται
3660 597 3772 650 τῶν

2188 696 2310 750 λίαν
2334 695 2716 766 ἐπεξεσμένων
2742 695 2824 759 είς
2854 693 3145 765 ἰσχνότητα
3163 693 3259 765 τὴν
3280 689 3771 763 τεθαυμασμένην;

2191 789 2242 842 τί
2269 788 2378 842 τῶν
2415 786 2729 857 ἀναγκαίων
2762 786 3056 858 παρῶπται
3081 785 3446 857 δογμάτων,ἢ
3480 787 3629 849 ποῖος
3674 784 3773 837 αὐο
3830 790 3839 861 ς

2188 883 2304 943 τοῖς
2330 878 2632 949 ἀσφαλείας
2661 878 2936 949 ἠμέληται
2968 878 3199 951 τρόπος;
3253 877 3351 950 [Oti
3386 876 3772 946 τετολμήκασι,
3826 876 3841 950 ῗ.

2191 974 2346 1046 φησὶ,
2368 978 2481 1038 τοῖς
2509 974 2640 1045 περὶ
2665 974 2766 1045 τῆς
2796 973 3033 1037 πίστεως
3058 971 3293 1026 ἐνθεῖναι
3316 969 3516 1038 λόγοις,
3538 968 3621 1020 ὃτι
3643 966 3775 1027 Θεὸς

2190 1067 2363 1134 Λόγος
2388 1068 2454 1119 ὲκ
2481 1064 2704 1137 Μαρίας
2726 1061 3041 1135 ὲγεννήθη.]
3073 1060 3281 1116 Οὐκοῦν
3309 1061 3356 1114 εἰ
3382 1059 3585 1127 ταύτης
3614 1055 3778 1109 ἓνεκα

2189 1156 2288 1225 τῆς
2323 1155 2503 1218 αἰτίας
2546 1156 2673 1218 τοὺς
2712 1153 2820 1226 πρὸ
2859 1152 3017 1225 ήμῶν
3042 1151 3332 1221 γεγονότας
3369 1149 3535 1218 αἰτιᾷ,
3571 1145 3664 1200 καὶ
3692 1143 3777 1197 λε-

2190 1243 2465 1316 λυπῆσθαι
2512 1244 2641 1314 φὴς,
2677 1243 2759 1297 ὅτι
2809 1243 2883 1313 μὴ
2922 1240 3358 1313 ἀπαραλλάκτως
3383 1238 3503 1300 ταῖς
3538 1236 3658 1297 σαῖς
3688 1230 3778 1285 ε’ύ-

2192 1353 2384 1408 ρηνται
2417 1336 2745 1405 κεχρημένοι
2784 1335 3010 1403 φωναῖς,
3040 1333 3159 1404 ὥρα
3186 1331 3326 1402 τάχα
3364 1345 3468 1382 που
3499 1322 3775 1379 συναιτιᾶ-

2194 1428 2317 1479 σθαι
2361 1427 2456 1480 καὶ
2497 1426 2695 1489 αὐτοὺς
2721 1425 2849 1488 τοῦς
2878 1424 3069 1493 ἁγίους
3100 1421 3431 1483 ἀποστόλους
3477 1417 3572 1471 καὶ
3611 1416 3776 1484 εὐαγ-

2190 1518 2477 1585 γελιστάςο
2526 1515 2945 1588 συγγεγράφασι
2994 1516 3094 1585 μὲν
3142 1514 3249 1585 γὰρ
3283 1514 3383 1583 τῆς
3414 1511 3507 1566 ἐπὶ
3553 1505 3773 1582 Χριστῷ

2195 1609 2585 1680 μυσταγωγίας
2633 1609 2733 1674 τὰς
2784 1607 3035 1679 βίϐλουςο
3081 1604 3358 1671 αῦτολεξεὶ
3398 1604 3454 1658 δὲ
3486 1604 3603 1665 ταῖς
3653 1603 3774 1665 σαῖς

2191 1703 2291 1756 οὐκ
2324 1701 2390 1756 ἂν
2417 1700 2704 1766 ὲπιδείξειέ
2752 1718 2838 1766 τις
2880 1700 3262 1773 χρησαμένους
3308 1699 3537 1767 φωναῖς.
3556 1695 3695 1749 Ἀλλ’
3725 1693 3782 1749 εῖ

2197 1812 2279 1849 σοι
2306 1794 2473 1861 δοκεῖ,
2504 1795 2658 1847 τουτὶ
2697 1794 2797 1865 μὲν
2829 1795 3026 1866 πάρες,
3052 1794 3128 1857 ὡς
3158 1792 3379 1864 [λείπει
3410 1788 3513 1862 τι.]
3544 1789 3697 1861 ἄθρει
3718 1786 3775 1841 δὲ

514 1895 594 1946 rei
640 1893 903 1945 rationem
950 1888 1017 1942 ab
1053 1886 1159 1942 illis
1189 1886 1532 1955 explicatam.
1577 1882 1838 1953 Erigitur
1870 1881 2018 1934 enim
2055 1894 2085 1933 a

2194 1886 2396 1959 μᾶλλον
2428 1888 2527 1957 τὴν
2555 1885 2649 1940 τοῦ
2681 1886 3010 1958 πράγματος
3037 1885 3269 1956 δήλωσιν
3300 1882 3445 1953 μάλα
3473 1879 3776 1950 πεποιημέ-

498 1986 677 2040 «iubis
706 1984 840 2037 ﬁdes
873 1983 925 2036 in
972 1989 1218 2037 sanctam
1249 1986 1304 2033 et
1346 1973 1872 2032 consubstantialem
1909 1970 2090 2027 Trini-

520 2092 706 2135 tatem.
754 2077 900 2147 Ergo
947 2089 1071 2131 cum
1123 2073 1395 2126 fateantur
1437 2068 1663 2125 credere
1707 2081 1767 2120 se
1816 2065 1869 2119 iu
1923 2080 2088 2119 unum

520 2171 685 2223 Deum
710 2167 928 2221 Patrem
964 2162 1412 2233 omnipotentem,
1438 2159 1679 2214 omnium
1712 2154 2007 2211 visibilium
2036 2164 2092 2209 et

519 2257 867 2312 int‘isibtlium
892 2251 1264 2316 factoretn,'et
1300 2250 1353 2303 in
1388 2263 1551 2302 unum
1585 2246 1872 2311 Dominum
1905 2242 2090 2299 Jesum

512 2343 1016 2401 CltristumFiliut'n
1041 2341 1190 2410 ejus;
1237 2353 1414 2407 neque
1446 2337 1585 2391 alter
1613 2337 1709 2398 sit,
1741 2344 1799 2389 ut
1841 2350 1938 2389 nos
1965 2349 2089 2389 cre-

518 2442 713 2503 dimus,
738 2435 903 2490 Jesus
933 2434 1179 2489 Christus
1212 2431 1471 2485 Dominus
1500 2437 1696 2496 praeter
1729 2425 1878 2479 illum
1923 2440 2088 2478 unum

516 2543 570 2585 et
596 2527 893 2585 secundum
924 2534 1174 2580 naturam
1214 2538 1277 2577 ac
1305 2536 1432 2577 vere
1462 2519 1659 2575 Filium
1690 2534 1755 2573 ex
1800 2518 1911 2573 Deo
1935 2518 2089 2588 geni-

519 2635 651 2687 tum,
703 2632 934 2688 eumque
980 2615 1111 2670 illud
1162 2614 1307 2682 quod
1356 2620 1474 2667 erat
1522 2610 1663 2665 Deus
1714 2610 1973 2674 Verbum,
2021 2611 2092 2663 sit

519 2717 677 2766 homo
720 2710 917 2764 factum
967 2722 1063 2777 per
1109 2705 1253 2758 illam
1304 2701 1490 2772 procul
1533 2701 1701 2755 dubio
1747 2714 1817 2754 ex
1868 2698 2092 2754 muliere

518 2803 954 2873 generationem:
980 2796 1090 2870 24
1116 2797 1207 2867 qui
1240 2796 1353 2849 ﬁeri
1372 2803 1580 2865 .poteSI,
1603 2803 1661 2846 ut
1685 2792 1774 2861 qui
1804 2791 2089 2861 dispensa-

418 2920 421 2923 ι
518 2902 717 2951 tionem
758 2895 1076 2964 praedicant,
1123 2891 1292 2959 ipsius
1326 2888 1491 2941 etiam
1520 2901 1588 2940 ex
1642 2886 1869 2940 muliere
1896 2882 2093 2937 nativi-

518 3000 680 3040 tatem
711 2985 1003 3039 secundum
1040 2994 1256 3035 carnem
1291 2977 1469 3047 eloqui
1504 2992 1611 3030 non
1643 2974 1932 3030 manifeste
1961 2989 2091 3029 cou-

516 3072 844 3129 t'incantur?
892 3070 1041 3125 Tunc
1088 3073 1233 3124 enim
1295 3069 1425 3123 illud
1472 3068 1706 3122 Verbum
1756 3066 1900 3136 quod
1950 3066 2091 3122 Deus

506 3178 653 3229 «erat,
675 3178 732 3220 et
763 3166 851 3219 ille
882 3163 1048 3218 Filius
1071 3164 1165 3233 qui
1188 3171 1305 3215 erat
1330 3161 1619 3229 sapientia.
1649 3169 1704 3213 et
1732 3160 1865 3223 vita,
1895 3168 1949 3211 et
1975 3156 2089 3223 lux,

2190 1996 2335 2044 νους.
2364 1979 2676 2050 Πράττεται
2709 1978 2808 2050 μὲν
2832 1979 2942 2050 γάρ
2964 1977 3100 2047 πρὸς
3126 1974 3284 2048 ἡμῶν
3309 1977 3343 2047 ὴ
3368 1975 3550 2036 πίστις
3575 1972 3653 2035 είς
3677 1970 3776 2041 τὴν

2192 2072 2352 2140 ἁγίαν
2380 2072 2473 2124 καὶ
2486 2069 2770 2142 όμοούσιον
2791 2072 3014 2141 Τριάδα.
3033 2069 3251 2139 Ἐπειδὴ
3269 2068 3327 2121 δέ
3345 2084 3479 2136 φασι
3497 2062 3776 2119 πιστεύειν

2191 2165 2271 2226 εἰς
2298 2162 2391 2215 ἕνα
2417 2162 2572 2225 Θεὸν,
2599 2162 2818 2234 Πατέρα
2848 2163 3284 2233 παντοκράτορα,
3317 2159 3535 2212 πάντων
3559 2154 3774 2227 ὁρατῶν

2190 2270 2250 2307 τε
2286 2254 2379 2306 καὶ
2412 2254 2659 2324 ἀοράτων
2688 2254 2919 2324 ποιητήν
2939 2269 2951 2281 ’
2988 2254 3081 2306 καὶ
3110 2254 3189 2313 είς
3210 2251 3306 2304 ἕνα
3328 2249 3533 2321 Κύριον
3566 2246 3775 2317 Ἰησοῦν

2191 2344 2430 2415 Χριστὸν
2463 2344 2554 2397 τὸν
2588 2343 2716 2396 Υίὸν
2750 2343 2948 2397 αὐτοῦ’
2997 2344 3097 2413 οὐχ
3147 2344 3333 2413 ἕτερος
3376 2341 3433 2395 δὲ
3483 2339 3604 2394 καθ’
3628 2340 3775 2411 ἡμᾶς

2204 2434 2409 2505 Ἰησοῦς
2445 2435 2680 2505 Χριστὸς
2712 2435 2915 2507 Κύριος
2950 2434 3101 2506 παρά
3125 2434 3216 2487 τὸν
3243 2434 3337 2487 ἕνα
3360 2433 3454 2486 καὶ
3477 2430 3658 2501 φύσει,
3680 2430 3773 2484 καὶ

2191 2527 2404 2595 ἀληθῶς
2439 2527 2566 2581 Υίόν
2589 2544 2601 2557 ·
2651 2527 2710 2590 ὃς
2759 2528 2823 2580 ὲκ
2856 2527 2990 2581 Θεοῦ
3028 2526 3308 2597 πεφηνὼς,
3338 2526 3433 2580 καὶ
3471 2525 3604 2589 Θεὸς
3636 2522 3711 2579 ῶν
3744 2525 3773 2578 6

2191 2619 2381 2687 Λόγος,
2409 2618 2634 2687 γέγονεν
2668 2619 2974 2692 ἄνθρωπος,
2998 2619 3087 2673 διὰ
3117 2620 3420 2691 γεννήσεως
3446 2619 3502 2672 δὲ
3532 2618 3775 2689 δηλονότι

2190 2709 2288 2777 τῆς
2336 2710 2399 2760 ὲκ
2431 2708 2708 2777 γυναικὸς,
2746 2709 2869 2763 τίνα
2897 2709 3097 2780 τρόπον
3137 2711 3184 2763 οἱ
3217 2709 3307 2763 τὸν
3336 2709 3433 2779 τῆς
3463 2710 3774 2780 οἰκονομίας

2192 2802 2551 2870 κηρύττοντες
2582 2803 2758 2871 λόγον,
2786 2804 2885 2857 οὐκ
2934 2805 2999 2858 ἂν
3034 2805 3212 2858 ἁλοῖεν
3252 2800 3416 2858 αὑτοῦ
3461 2806 3559 2876 τὴν
3585 2805 3650 2859 ὲκ
3676 2822 3777 2876 γυ·

2192 2892 2378 2953 ναικὸς
2404 2891 2544 2944 κατὰ
2576 2892 2758 2962 σάρκα
2787 2891 3076 2957 λαλοῦντες
3103 2894 3388 2964 γέννησιν;
3411 2893 3545 2948 Τότε
3574 2894 3682 2966 γὰρ
3711 2894 3777 2963 δὴ

2192 2982 2427 3051 Χριστὸς
2462 2980 2663 3052 Ἰησοῦς
2700 2982 3040 3053 ὠνόμασται,
3081 2984 3213 3048 Θεὸς
3253 2983 3329 3038 ὢν
3371 2985 3400 3037 ό
3446 2985 3640 3056 Λόγος,
3684 2987 3778 3039 καὶ

2197 3073 2379 3141 σοφία,
2405 3074 2502 3124 καὶ
2529 3072 2664 3142 ζωὴ.
2710 3074 2803 3126 καὶ
2833 3074 2967 3142 φῶς,
2999 3074 3028 3125 ό
3055 3074 3203 3138 Υίός.
3238 3074 3509 3145 Πρόδηλον
3542 3070 3660 3143 οὗν,
3694 3074 3777 3128 ὅτι

2193 3164 2293 3231 τῆς
2340 3162 2554 3216 τοιᾶσδε
2590 3162 2834 3234 κλήσεως
2862 3166 2890 3217 ό
2920 3165 3112 3237 καιρὸς
3145 3166 3631 3239 συνειστρέχουσαν
3665 3166 3780 3238 ἔχει

503 3258 818 3328 appellatus
846 3264 928 3310 est
963 3253 1123 3309 Jesus
1160 3252 1431 3308 Christus.
1462 3250 1822 3319 Perspicuum
1872 3260 1954 3304 est
1989 3251 2089 3319 igi-

2194 3253 2292 3322 τὴν
2324 3251 2602 3322 γέννησιν,
2637 3252 2736 3323 τὴν
2767 3254 2854 3307 διά
2882 3255 2947 3322 γέ
2978 3272 3119 3325 φημι
3145 3259 3245 3327 τῆς
3272 3256 3434 3326 ἁγίας
3471 3256 3772 3329 Παρθένου.

521 3364 626 3415 tur,
653 3349 800 3402 illaut
830 3362 898 3401 ex
919 3354 1104 3400 sancta
1130 3342 1347 3410 Virgine
1380 3343 1717 3396 nativitatem
1741 3344 1928 3396 eodem
1962 3351 2091 3396 temo

507 3456 649 3513 more
692 3454 815 3494 cum
859 3435 1123 3507 ejusmodi
1161 3434 1524 3504 appellatione
1555 3434 1922 3489 concurrisse.
1960 3433 2093 3490 Cre-

521 3530 696 3586 tleudo
726 3538 908 3583 autem
939 3528 994 3582 itt
1022 3526 1301 3581 Christum
1329 3525 1535 3590 Jesum,
1571 3524 1627 3579 in
1658 3524 1808 3579 illum
1840 3540 2008 3579 unum
2038 3533 2093 3580 et

518 3637 709 3678 natura
747 3629 801 3676 et
830 3633 957 3674 vere
993 3618 1186 3672 Filium
1230 3631 1328 3672 nos
1358 3618 1600 3680 credere,
1634 3618 1760 3671 dum
1804 3617 1917 3672 haec
1962 3616 2093 3672 ﬁdes

522 3732 616 3785 per
646 3717 816 3784 ipsum
847 3711 1079 3767 recurrit
1109 3710 1161 3762 itt
1185 3707 1421 3777 Patrem,
1451 3710 1654 3763 clarum
1679 3709 1738 3763 lit
1766 3725 1834 3765 ex
1859 3725 1925 3764 eo
1948 3710 2093 3781 quod

522 3812 634 3877 ipse
665 3809 917 3861 universo
953 3813 1220 3858 terrarum
1250 3803 1367 3857 orbi
1405 3803 1707 3873 proclamat
1735 3821 1750 3857 :
1782 3822 1800 3855 ι
1832 3805 1934 3870 Qtti
1973 3817 2095 3858 cre-

521 3905 597 3954 dit
626 3901 677 3954 in
726 3915 831 3963 me,
861 3912 964 3953 non
995 3898 1046 3951 in
1080 3911 1165 3949 me
1194 3895 1390 3961 credit,
1428 3896 1520 3951 sed
1566 3897 1617 3949 in
1664 3911 1789 3950 eum
1822 3897 1915 3965 qui
1948 3895 2095 3951 misit

524 4007 606 4047 me
629 3992 707 4057 ⁶²;
741 4010 759 4043 ι
797 3998 851 4045 et
886 4008 899 4043 :
933 4009 951 4041 ι
985 3989 1084 4056 Qui
1125 3988 1271 4042 videt
1304 4004 1412 4052 me,
1457 3988 1601 4041 videt
1634 4003 1756 4042 eum
1800 3988 1892 4057 qui
1946 3987 2095 4042 misit

521 4101 607 4139 me
624 4084 703 4145 ‘3;
738 4104 757 4135 υ
794 4094 846 4139 et
896 4098 1084 4137 rursus
1115 4098 1128 4135 :
1166 4101 1185 4135 ι
1214 4082 1450 4138 Creditis
1486 4082 1538 4135 in
1576 4079 1769 4144 Deum,
1809 4090 1862 4135 et
1910 4081 1960 4134 itt
2008 4094 2096 4135 me

514 4178 726 4232 credite
750 4176 826 4246 (4)
852 4175 918 4231 ⁸⁸.
949 4194 967 4227 ι
1000 4175 1184 4246 Neque
1217 4176 1359 4230 enim
1410 4174 1598 4242 utique
1644 4173 1958 4235 asserimus,
1991 4171 2095 4225 du-

514 4269 712 4337 plicent
761 4268 908 4322 illutn
969 4283 998 4321 a
1059 4267 1213 4321 nobis
1268 4266 1425 4320 Iidem
1475 4266 1730 4334 exigere;
1784 4264 1878 4319 sed
1913 4263 2095 4333 potius

514 4365 736 4422 docere,
773 4361 1019 4430 quisquis
1054 4360 1208 4412 Iidem
1251 4358 1304 4411 iu
1332 4372 1454 4412 eum
1496 4357 1819 4425 susceperit,
1856 4354 2004 4408 illum
2040 4353 2094 4409 in

523 4455 693 4522 ipsum
724 4449 941 4505 Patrem
994 4450 1239 4505 credere.
1286 4448 1392 4504 Sed
1430 4449 1579 4519 quia,
1626 4458 1687 4502 ut
1729 4448 1880 4501 illum
1915 4445 2096 4501 facere

523 4561 618 4616 par
636 4554 774 4609 erat,
792 4542 1070 4597 nominum
1094 4540 1519 4610 atquivocatione
1548 4540 1708 4609 paulo
1739 4549 1859 4610 post
1890 4550 2092 4605 utetur,

525 4638 823 4692 romtnuuia
852 4650 973 4690 esse
1006 4634 1190 4690 dicens
1218 4642 1272 4688 et
1302 4632 1499 4689 Christi
1530 4648 1745 4703 nomen,
1771 4644 1825 4688 et
1858 4632 2089 4699 Domini,

519 4741 682 4800 atque
745 4730 907 4784 etiam
958 4726 1117 4796 Filii,
1176 4742 1347 4797 eaque
1403 4728 1699 4783 convenire
1754 4726 2095 4783 conﬁrmabit

523 4823 696 4877 Verbo
730 4822 804 4875 illi
837 4834 903 4875 ex
934 4817 1101 4874 Patre
1143 4821 1345 4890 genito,
1376 4820 1541 4875 etiam
1575 4819 1621 4874 si
1652 4820 1803 4875 solus
1843 4819 2092 4875 conside-

517 4927 668 4969 retur
703 4915 940 4968 uondum
991 4922 1270 4980 assumpta
1311 4926 1501 4976 carne,
1542 4925 1754 4966 necnon
1799 4912 1964 4965 etiam
2015 4909 2091 4964 illi

519 5005 717 5074 templo
760 5020 826 5058 ex
862 5001 1082 5071 Virgine
1126 5012 1285 5067 nato;
1318 5012 1375 5056 et
1412 5001 1570 5070 quia,
1617 5012 1674 5055 ut
1712 5011 1873 5071 puto,
1914 5000 1996 5055 bis
2025 5001 2091 5055 de

520 5099 678 5152 rebus
708 5097 997 5164 disputatio
1037 5095 1389 5164 inquisitione
1425 5108 1619 5164 magna
1654 5095 1880 5163 indiget,
1908 5110 1973 5148 ea
2019 5094 2087 5149 ad

517 5205 753 5261 praesens
797 5198 1097 5258 Opportune
1136 5188 1191 5242 in
1240 5196 1451 5258 tempus
1487 5188 1825 5243 commodius
1860 5188 2088 5258 rejecta,

2194 3346 2314 3399 Ὅτι
2348 3344 2697 3409 πιστεύοντες
2730 3345 2839 3417 [τσ.
2868 3347 2950 3400 ὅτι
2970 3347 3025 3400 δὲ
3046 3347 3416 3421 πιστεύοντες]
3438 3352 3516 3414 εἰς
3546 3349 3778 3421 Χριστὸν

2204 3435 2436 3507 Ἰησοῦν,
2471 3438 2553 3498 είς
2592 3438 2682 3491 τὸν
2727 3437 2822 3491 ἕνα
2877 3439 2972 3492 καὶ
3017 3439 3177 3506 φύσει
3238 3441 3334 3494 καὶ
3385 3439 3602 3513 ἀληθῶς
3650 3441 3777 3496 Υῖὸν

2193 3526 2544 3598 πιστεύομεν,
2578 3528 2957 3599 ἀναφοιτώσης
2981 3530 3082 3601 τῆς
3102 3530 3339 3595 πίστεως
3358 3534 3437 3596 είς
3451 3532 3543 3587 τὸν
3559 3533 3780 3606 Πατέρα

2191 3621 2261 3675 δι’
2295 3621 2484 3685 αὑτοῦ,
2516 3622 2704 3693 σαφῶς
2735 3622 2863 3695 [ἵσ.
2901 3624 3090 3697 σαφὲς]
3125 3624 3192 3679 ἂν
3224 3626 3456 3696 γένοιτο,
3486 3627 3776 3701 διακεκρα-

2191 3712 2346 3780 γότος
2380 3711 2547 3766 αὐτοῦ
2573 3712 2652 3783 τῷ
2673 3714 2866 3785 κόσμῳ
2894 3715 3057 3767 παντί
3078 3729 3090 3743 ·
3127 3733 3145 3767 ι
3168 3715 3225 3768 '0
3252 3716 3522 3770 πιστεύων
3547 3719 3626 3781 είς
3649 3717 3774 3788 ἐμὲ,

2192 3804 2255 3858 οὑ
2291 3805 2539 3858 πιστεύει
2588 3806 2669 3869 εἰς
2717 3806 2841 3876 ἐμὲ,
2869 3806 2981 3859 ἀλλ’
3013 3808 3093 3869 εἰς
3142 3806 3233 3860 τὸν
3283 3808 3578 3879 πέμψαντά
3623 3825 3713 3879 με’
3754 3829 3772 3860 ι

2197 3897 2313 3961 καὶ,
2357 3914 2377 3946 ι
2402 3897 2458 3950 Ὀ
2505 3894 2726 3966 θεωρῶν
2774 3897 2898 3967 ἐμὲ,
2928 3896 3126 3968 θεωρεῖ
3169 3898 3264 3952 τὸν
3302 3900 3598 3970 πέμψαντὰ
3631 3918 3721 3972 με’
3756 3921 3774 3953 t

2197 3989 2291 4043 καὶ
2338 3988 2519 4054 πάλιν,
2567 4008 2585 4039 ι
2618 3990 2909 4043 Πιστεύετε
2956 3990 3037 4053 εἰς
3078 3991 3170 4045 τὸν
3213 3991 3366 4054 Θεὸν,
3406 3993 3501 4047 καὶ
3548 3994 3629 4058 είς
3678 3995 3779 4065 ἐμὲ

2195 4081 2494 4134 πιστεύετε.
2529 4101 2548 4133 r
2589 4082 2698 4134 Καὶ
2739 4083 2798 4135 οὐ
2845 4082 2906 4153 δή
2951 4082 3052 4136 πού
3098 4101 3302 4155 φαμεν,
3336 4085 3412 4149 ὡς
3441 4086 3535 4139 δύο
3567 4086 3779 4150 πίστεις

2195 4173 2332 4243 πρὸς
2363 4173 2522 4244 ἡμῶν
2552 4176 2726 4226 αἰτεῖ·
2761 4174 3004 4229 διδάσκει
3029 4176 3087 4230 δὲ
3114 4176 3336 4245 μᾶλλον,
3367 4177 3442 4241 ὡς
3476 4179 3529 4232 ετ
3552 4195 3637 4242 τις
3668 4181 3780 4232 slo-

2193 4263 2408 4330 δέξαιτο
2444 4265 2544 4335 τὴν
2589 4268 2670 4329 είς
2698 4266 2860 4320 αὑτὸν
2891 4268 3095 4333 πίστιν,
3126 4269 3278 4341 αὐτῷ
3325 4272 3655 4325 πεπίστευκε
3701 4272 3779 4343 τῷ

2199 4357 2397 4427 Πατρί.
2417 4356 2632 4430 Ἐπειδὴ
2682 4357 2741 4411 δὲ
2788 4360 2930 4415 κατά
2976 4360 3037 4415 τὸ
3078 4361 3227 4425 είκὸς
3264 4365 3330 4434 τῇ
3363 4362 3470 4416 τῶν
3499 4364 3778 4434 ὀνομάτων

2193 4448 2485 4520 ὁμωνυμίᾳ
2512 4448 2861 4519 κε-χρήσεται,
2901 4452 3056 4507 κοινὰ
3080 4452 3252 4523 λέγων
3279 4448 3419 4508 εἶναι
3448 4456 3510 4509 τό
3543 4472 3602 4509 τε
3641 4456 3776 4527 Χρι-

2197 4541 2342 4602 στὸς,
2368 4540 2463 4592 καὶ
2501 4541 2562 4593 τὸ
2608 4540 2836 4613 Κύριος,
2873 4543 2965 4595 καὶ
2997 4543 3104 4614 μὴν
3143 4548 3237 4599 καὶ.
3274 4546 3421 4613 Υίὸς,
3459 4547 3691 4620 πρέπειν
3719 4565 3776 4601 τε

2197 4633 2337 4685 αὑτά
2370 4632 2825 4688 διαϐεϐαιώσεται
2851 4635 2928 4705 τῷ
2954 4637 3017 4688 ἐκ
3045 4635 3259 4707 Πατρὸς
3288 4638 3447 4706 φύντι
3478 4639 3656 4709 Λόγῳ,
3676 4639 3779 4691 κᾶν

2195 4725 2245 4777 εἰ
2293 4726 2466 4777 νοοῖτο
2521 4724 2701 4791 μόνος,
2739 4726 2834 4779 καὶ
2883 4727 3083 4799 σαρκὸς
3135 4726 3278 4783 οὕτω
3316 4731 3393 4802 (5)
3440 4731 3775 4803 μεταλαχὼν,

2192 4819 2289 4895 καὶ
2321 4820 2428 4891 μὴν
2457 4824 2533 4891 τῷ
2558 4823 2622 4873 ὲκ
2644 4820 2923 4891 Παρθένου
2950 4821 3109 4891 φύντι
3136 4821 3279 4893 ναῷ·
3304 4824 3475 4877 δεῖται
3502 4824 3580 4889 δὲ,
3602 4820 3775 4894 οἶμαι.

2194 4912 2430 4981 βασάνου
2461 4912 2662 4983 πολλῆς
2690 4916 2717 4967 ό
2744 4914 2839 4969 ἐπὶ
2873 4914 3087 4976 τούτοις
3122 4913 3279 4983 λόγος
3300 4931 3312 4943 ·
3352 4915 3433 4978 είς
3461 4915 3672 4987 καιρὸν,
3704 4916 3778 4979 ὡς

2192 5004 2350 5075 ἔφην,
2381 5004 2530 5075 αὐτῷ
2560 5006 2842 5073 πρέποντα
2873 5006 3158 5077 χρησίμως
3204 5007 3366 5061 αὑτὸν
3407 5010 3487 5072 εἰς
3516 5009 3577 5063 τὸ
3605 5011 3779 5080 παρὸν

2194 5095 2538 5167 ἀναθέμενοι,
2571 5098 2655 5167 ἐφ’
2680 5097 2875 5169 ἑτέραν
2906 5098 3072 5169 ἴωμεν
3102 5099 3201 5169 τῆς
3228 5102 3391 5167 ἁγίας
3421 5100 3779 5171 συνόδου-φωα

2197 5188 2314 5259 νὴν,
2344 5189 2410 5259 ἣν
2435 5189 2617 5243 οὑτοσὶ
2645 5190 3017 5263 παρατρέπων
3044 5191 3140 5245 ἐπὶ
3167 5190 3227 5245 τὸ
3255 5192 3405 5264 αὐτῷ
3435 5191 3649 5258 δοκοῦν,
3681 5194 3780 5265 τὴν

587 5372 627 5403 ⁶¹
661 5372 846 5429 Matth.
884 5390 937 5442 ι,
971 5374 1061 5429 ‘20.
1135 5373 1180 5406 “
1203 5373 1359 5429 Joan.
1393 5390 1493 5441 xu,
1526 5375 1615 5430 M.
1696 5375 1920 5432 "Joan.
1949 5394 2064 5447 xtv,
2096 5378 2151 5435 9.
2230 5379 2278 5412 “
2303 5381 2437 5437 Ibid.
2481 5383 2532 5437 l.

1796 5537 1955 5591 ΔΝΓ.
1998 5537 2269 5594 AGELLII
2305 5538 2539 5597 NOTAE.

592 5697 664 5767 (4)
697 5693 806 5747 lloc
841 5694 1200 5767 testimonium
1238 5695 1448 5767 videtur
1476 5693 1713 5767 Cy_rillus
1754 5695 1861 5749 alio
1887 5698 2077 5751 ordine

517 5764 802 5838 protulisse
831 5783 841 5815 :
874 5765 1078 5838 Credite
1117 5767 1171 5838 in
1209 5781 1308 5838 me,
1346 5776 1401 5838 et
1433 5766 1484 5817 in
1523 5764 1692 5838 patrm
1719 5768 1932 5829 credite,
1974 5768 2073 5833 vel,

510 5834 759 5904 Creditia,
794 5850 901 5907 quo
932 5837 1091 5892 modo
1113 5836 1300 5889 citavit
1332 5834 1494 5889 etiam
1522 5834 1612 5890 lib.
1640 5851 1698 5888 ll.

2257 5697 2333 5770 (5)
2366 5697 2545 5793 Malim
2574 5699 2774 5793 legere,
2806 5701 2960 5793 οὔπω
3011 5704 3356 5793 μεταλαχών,
3404 5717 3463 5761 ιιι
3512 5708 3642 5761 dixit
3689 5724 3779 5761 stt-

2187 5784 2279 5850 pra
2315 5785 2446 5851 ρης..
2467 5770 2561 5851 2-1.
2598 5771 2750 5851 etiam
2780 5773 2982 5851 σαρκὸς
3012 5770 3122 5828 καὶ
3170 5770 3401 5851 αἵματος
3447 5793 3775 5851 κεκοινωνη-

2187 5841 2318 5904 κὼς,
2351 5850 2404 5895 et
2436 5841 2574 5896 infra
2601 5844 2690 5910 46,
2735 5844 2831 5897 καὶ
2854 5841 3023 5897 ὀὔπω
3050 5841 3491 5909 σεσαοκωαένος,
