4054 6332
306 356 382 412 49
1450 368 1823 427 ADVERSUS
1859 371 2262 431 NESTORIUM
2304 379 2430 434 LIB.
2478 381 2516 437 l.
3511 401 3580 460 50

305 480 406 538 τῆς
456 476 719 547 ἀληθείας
771 483 1163 549 κατασιάζεται
1210 488 1458 559 δύναμιν.
1494 493 1633 562 Φησὶ
1665 495 1795 565 γὰρ,
1822 496 1882 548 ὅτ

2007 499 2073 548 ad
2104 498 2326 556 alteram
2354 513 2558 562 sancte
2587 506 2729 562 illius
2761 512 2951 582 synodi
2983 530 3167 570 vocem
3204 525 3576 590 transeamus,

304 570 653 639 γεγράφασιν
680 574 728 627 oi
755 575 1018 647 Πατέρες·
1055 576 1423 654 [Πιστεύομεν
1452 587 1534 651 είς
1562 587 1659 642 ἕνα
1692 589 1899 659 Κύριον

318 662 533 733 Ἰησοῦν
559 665 817 737 Χριστὸν,
850 672 944 724 τὸν
973 670 1104 727 Υίὸν
1127 674 1219 729 τὸν
1256 680 1542 750 μονογενῆ,
1583 680 1677 734 τὸν
1706 684 1771 736 ἐκ
1800 684 1896 738 τοῦ

310 755 527 827 ιῐατρδς
571 760 927 831 γεννηθέντα,
961 763 1056 819 τὸν
1098 766 1387 837 όμοούσιον
1433 770 1513 842 τῷ
1562 774 1757 846 Πατρὶ,
1804 776 1896 831 τὸν

306 847 638 904 κατελθόντα
668 852 735 905 δι’
761 855 928 925 ἡμᾶς,
966 857 1062 911 καὶ
1095 861 1448 927 σαρκωθέντα
1477 867 1541 919 ἐκ
1577 866 1895 938 Πνεύματος

308 940 512 1013 hylam]
529 940 810 1016 Ἐπιφέρει
826 946 1131 1016 δὲτούτοις,
1155 953 1248 1005 καί
1272 971 1404 1026 φησι
1432 958 1562 1026 περὶ
1588 958 1698 1013 τῶν
1722 961 1895 1031 ἀγίων

308 1033 606 1104 Πατέρων·
638 1035 1180 1109 [”Υποκατιόντεςδὲ,
1214 1048 1576 1119 ἐρμηνεύουσι
1619 1053 1711 1107 τὸν
1738 1055 1894 1107 ἐναν-

307 1126 698 1201 θρωπήσαντα,
732 1134 922 1189 τοῦτον
959 1136 1252 1209 λεγόμενον
1281 1145 1653 1213 σαρκωθέντα,
1685 1146 1745 1200 οὺ
1771 1164 1895 1218 τροα

307 1222 415 1292 πήν
441 1223 544 1294 τῆς
582 1225 737 1290 θείας
771 1228 990 1298 φύσεως
1018 1231 1397 1306 ύπμεινάσης
1427 1240 1508 1302 είς
1539 1240 1640 1310 τήν
1688 1241 1889 1311 σάρκα,

306 1314 438 1371 ἀλλά
482 1316 582 1389 τὴν
626 1320 901 1391 ἐνοίκησιν
927 1324 1026 1395 τὴν
1054 1326 1137 1391 είς
1168 1326 1501 1403 ἀνθρωπον.]
1521 1333 1609 1385 Ἐν
1632 1333 1891 1406 ἐξηγήσει

305 1408 363 1461 δὲ
396 1409 558 1465 πάλιν
583 1411 685 1484 τῆς
716 1414 887 1486 αὐτῆς
916 1416 1100 1489 ἔχεται
1131 1420 1389 1488 διανοίας,
1412 1426 1506 1478 καὶ
1540 1425 1603 1498 δή
1631 1429 1725 1481 καὶ
1748 1428 1894 1484 οὕτω

306 1501 499 1571 φησίν.

373 1682 814 1760 [Ἠκολούθησαν
850 1690 930 1763 τῷ
962 1693 1320 1769 εύαγγελιστῇ
1353 1714 1367 1731 ·
1403 1700 1493 1754 καὶ
1522 1701 1631 1774 γάρ
1661 1705 1690 1758 ό
1728 1705 1891 1775 εὐαγ-

308 1778 584 1850 γελιστής,
615 1781 785 1836 ἐλθὼν
812 1784 893 1849 είς
922 1784 1022 1856 τὴν
1050 1788 1480 1861 ἐνανθρώπησιν,
1499 1794 1669 1864 ἔφυγε
1696 1798 1889 1870 γέννηι

308 1887 394 1926 σιν
425 1873 601 1927 εἰπεῖν
643 1876 737 1928 ent
768 1876 859 1929 τοῦ
887 1878 1023 1933 Θεοῦ
1056 1880 1253 1951 Λόγου,
1285 1884 1378 1938 καὶ
1414 1887 1630 1942 τέθεικε
1669 1888 1887 1962 σάρκω-

309 1980 420 2017 σινο
470 1964 602 2031 ποῦς
649 1967 921 2024 ἄκουσον·
972 1989 992 2023 ι
1022 1972 1133 2026 Καὶ
1157 1975 1185 2027 ό
1204 1976 1376 2044 Λόγος
1406 1978 1544 2050 σὰρξ
1573 1982 1793 2049 ἐγένετο
1813 2002 1826 2016 ο
1861 2004 1880 2038 ι

305 2055 403 2109 οῦκ
443 2052 601 2110 εἴπεο
637 2060 736 2114 Διά
784 2062 985 2133 σαρκὸς
1017 2064 1482 2140 ὲγεννήθη.”οπου
1528 2072 1636 2144 γάρ
1673 2092 1886 2145 μνημο-

304 2147 553 2202 νεύουσιν
592 2152 643 2203 ol
684 2152 989 2221 ἀπόστολοι,
1021 2156 1054 2227 ἤ
1105 2159 1154 2212 οί
1188 2161 1572 2231 εὐαγγελισταὶ
1601 2166 1693 2220 τοῦ
1728 2167 1882 2234 Υίοῦ,

302 2237 563 2304 τιθέασιν,
599 2241 683 2295 ὅτι
717 2244 982 2316 ἐγεννήθη
1015 2248 1079 2301 ὲκ
1108 2255 1387 2318 γυναικός.
1417 2254 1659 2327 Πρόσεχε
1685 2258 1762 2329 τῷ
1797 2259 1888 2312 λε-

304 2327 539 2401 γομένῳ.
572 2333 875 2403 παρακαλῶ
894 2350 907 2365 ·
951 2335 1087 2390 ὅπου
1114 2338 1225 2411 γὰρ
1253 2340 1469 2410 λέγουσι
1500 2345 1559 2398 τὸ
1589 2327 1759 2418 ὄνομα
1790 2350 1886 2404 τοῦ

304 2416 459 2484 Υῐοῦ,
492 2421 586 2475 καὶ
617 2422 700 2476 ὅτι
735 2425 927 2499 ἐτέχθη
962 2428 1029 2483 ἐκ
1067 2432 1347 2498 γυναικὸς,
1369 2435 1582 2489 τιθέασι
1610 2416 1887 2509 τὸ,Ἐγεν-

304 2509 441 2580 νήθη
467 2525 482 2539 ’
521 2513 657 2567 ὅπου
690 2514 747 2569 δέ
793 2520 1193 2590 μνημονεύουσι
1224 2524 1319 2578 τοῦ
1348 2526 1542 2595 Λόγου,
1580 2529 1753 2596 οὐδεὶς
1783 2533 1884 2586 αύ-

305 2599 413 2653 τῶν
444 2602 743 2675 ἐτόλμησεν
776 2609 969 2673 εἰπεῖν,
997 2613 1251 2685 γέννησιν
1282 2616 1371 2671 διὰ
1395 2620 1496 2689 τῆς
1527 2620 1885 2695 ἀνθρωπότη-

300 2705 411 2753 τος.
429 2690 489 2744 '0
509 2692 618 2765 γὰρ
652 2698 922 2769 μακάριος
946 2700 1197 2774 ’ῐωάννης
1222 2707 1250 2759 ό
1270 2690 1681 2782 εὐαγγελιστής,
1712 2690 1883 2768 ἐλθῶν

301 2783 384 2845 είς
432 2784 523 2837 τὸν
575 2787 770 2855 Λόγον,
824 2792 916 2844 καὶ
963 2794 1043 2857 είς
1095 2794 1194 2866 τὴν
1242 2798 1655 2873 ἐνανθρώπησιν
1692 2806 1880 2872 αὐτοῦ,

301 2874 536 2929 ἄκουσον
575 2874 665 2932 οἷά
704 2898 887 2951 φησιν.
933 2902 953 2936 r
990 2884 1050 2939 Ὀ
1072 2888 1242 2956 Λόγος
1287 2890 1421 2962 σὰρξ
1460 2893 1697 2962 ἐγένετο.
1728 2897 1776 2970 ι]

902 3042 1154 3101 ΚΕΦΛΛ.
1193 3048 1278 3102 H'.

1999 608 2161 663 quam
2201 595 2301 651 iste
2345 607 2405 651 ut
2453 600 2520 654 ad
2569 614 2725 657 suam
2770 608 3096 661 sententiam
3142 624 3433 679 pervertat.
3474 615 3576 682 ipsi

1999 686 2391 754 potentissimae
2419 692 2642 746 veritati
2684 696 2980 751 succurrit.
3005 698 3097 752 Ait
3118 701 3261 754 enim
3289 704 3576 771 scripsisse

1996 775 2189 834 Patres
2214 797 2229 834 :
2254 780 2562 853 [Credimus
2592 784 2644 839 in
2679 801 2844 842 unum
2874 788 3157 845 Dominum
3202 792 3384 848 Jesum
3416 797 3579 851 Chri-

1997 879 2162 936 stum,
2212 871 2409 928 Filium
2458 877 2818 946 unigenitum,
2865 897 2931 937 ex
2979 883 3143 940 Patre
3186 897 3395 956 natum,
3436 905 3572 944 con-

1995 965 2405 1021 substantialem
2448 967 2637 1025 Patri:
2665 974 2756 1040 qui
2792 975 3069 1031 descendit
3100 989 3321 1048 propter
3356 998 3478 1046 nos,
3516 994 3571 1039 et

1995 1058 2311 1116 incarnatus
2336 1070 2421 1117 est
2445 1062 2513 1119 de
2542 1062 2745 1134 Spiritu
2784 1068 3020 1141 sancto.)
3057 1072 3138 1125 Ad
3175 1073 3287 1127 haec
3314 1075 3478 1131 infert
3507 1093 3570 1132 ac

1994 1149 2126 1205 dicit
2169 1153 2237 1206 de
2268 1154 2477 1210 sanctis
2510 1155 2617 1211 illis
2644 1156 2901 1216 Patribus
2929 1179 2941 1214 :
2977 1161 3233 1234 [Inferius
3259 1180 3389 1220 vero
3426 1168 3569 1222 hunc

1994 1239 2171 1309 ipsum
2217 1243 2313 1312 qui
2363 1243 2564 1300 dicitur
2597 1246 2938 1315 incarnatus,
2980 1251 3411 1322 interpretantur
3448 1270 3569 1310 esse

1994 1332 2267 1389 hominem
2303 1333 2505 1391 factum
2535 1356 2548 1393 :
2577 1353 2682 1394 non
2714 1341 2857 1409 quod
2898 1351 3091 1396 natura
3133 1343 3315 1398 divina
3345 1346 3396 1399 in
3443 1363 3565 1401 car-

1994 1437 2118 1478 nem
2151 1425 2223 1479 sit
2261 1436 2490 1496 mutata,
2526 1430 2621 1485 sed
2656 1432 2800 1500 quod
2833 1433 2885 1487 in
2919 1433 3139 1489 homine
3169 1436 3472 1510 habitarit.]
3510 1437 3565 1493 In

1990 1517 2330 1583 expositione
2361 1535 2550 1575 rursus
2583 1522 2756 1578 eidem
2790 1523 3022 1580 inhaeret
3058 1529 3363 1591 sententiae,
3401 1545 3465 1583 ac
3494 1532 3567 1585 ita

1991 1606 2117 1661 dicit
2154 1626 2167 1662 :

2064 1696 2344 1771 [Νεετοιι.
2388 1700 2572 1757 Secuti
2613 1713 2740 1758 sunt
2768 1708 3153 1777 evangelistam
3189 1732 3200 1765 :
3234 1727 3359 1766 nam
3398 1727 3564 1769 evan-

1991 1791 2180 1859 gelista
2228 1794 2317 1848 ubi
2350 1792 2416 1849 ad
2456 1798 2781 1852 narrandam
2827 1800 3269 1858 humanationem
3296 1812 3562 1875 pervenit.

1990 1884 2172 1940 dicere
2197 1888 2594 1953 generationem
2630 1889 2682 1944 in
2713 1889 2821 1946 Deo
2847 1891 3025 1949 Verbo
3052 1896 3261 1962 vitavit,
3295 1915 3359 1954 ac
3391 1903 3569 1968 posuit

1990 1975 2445 2034 incarnationem.
2493 1978 2762 2037 Ubinam?
2796 1985 2919 2040 audi
2953 2004 2968 2040 :
3008 2004 3026 2038 ι
3060 1988 3125 2042 Ει
3154 1987 3390 2045 Verbum
3435 2008 3565 2047 earn

1989 2067 2188 2125 factum
2218 2081 2301 2126 est
2325 2072 2405 2141 ⁶⁵;
2440 2092 2459 2126 ι
2499 2090 2607 2130 non
2645 2077 2816 2132 dixit:
2842 2076 2947 2133 Per
2981 2095 3201 2136 carnem
3248 2096 3409 2139 natus
3435 2096 3518 2139 est
3548 2103 3561 2139 :

1990 2180 2113 2218 nam
2158 2165 2245 2221 ubi
2296 2168 2525 2237 apostoli
2559 2169 2646 2223 vel
2686 2172 3030 2244 evangelista:
3068 2177 3394 2232 mentionem
3441 2178 3561 2233 Filii

1989 2256 2236 2325 faciunt,
2277 2271 2487 2329 ponunt
2532 2269 2716 2316 natum
2761 2279 2883 2319 esse
2925 2280 2990 2321 ex
3029 2267 3276 2324 muliere.
3306 2270 3560 2333 Attende,

1988 2365 2193 2418 quaeso,
2225 2353 2366 2421 quod
2398 2352 2597 2408 dicitur
2622 2368 2636 2407 :
2660 2354 2767 2425 25
2794 2356 2883 2411 ubi
2906 2367 3338 2413 commemorant
3365 2375 3560 2415 nonn-n

1989 2440 2133 2508 Filii,
2173 2451 2228 2497 et
2274 2444 2478 2499 editum
2514 2461 2635 2501 esse
2677 2464 2742 2502 ex
2794 2449 3039 2513 muliere,
3078 2461 3283 2519 ponunt
3317 2452 3562 2519 verbum,

1987 2533 2159 2592 Natus
2189 2546 2307 2605 est;
2344 2539 2441 2594 sed
2472 2540 2561 2594 ubi
2598 2540 2757 2595 Verbi
2788 2541 2953 2596 divini
2978 2544 3303 2598 mentionem
3334 2542 3560 2611 faciunt,

1986 2643 2147 2684 nemo
2194 2630 2408 2686 illorum
2456 2647 2623 2689 ausus
2662 2644 2745 2689 est
2795 2634 2996 2703 dicere,
3032 2637 3272 2705 genitum
3315 2652 3435 2692 esse
3469 2653 3564 2706 per

1983 2717 2397 2776 humanitatem.
2431 2721 2566 2778 Nam
2612 2723 2801 2780 beatus
2828 2724 3064 2781 Joannes
3104 2728 3436 2798 evangelista
3470 2728 3558 2782 ubi

1983 2810 2232 2878 pervenit
2271 2811 2337 2864 ad
2384 2811 2640 2875 Verbum,
2673 2821 2727 2867 et
2777 2812 2894 2882 ejus
2926 2814 3392 2879 humanationem,
3435 2815 3558 2869 audi

1984 2901 2111 2971 quid
2144 2902 2289 2957 dicat
2318 2923 2333 2958 :
2370 2921 2391 2955 r
2422 2904 2658 2959 Verbum
2696 2920 2826 2959 caro
2862 2905 3063 2960 factum
3094 2915 3198 2961 est.
3227 2905 3285 2978 ι]

2614 3059 2763 3115 CAP.
2802 3059 2937 3117 VIII.

371 3166 507 3269 Φέρε
541 3168 607 3241 δή
638 3165 732 3225 οῦν
762 3173 1099 3241 παραθέντες
1118 3172 1199 3245 οἷς
1222 3180 1326 3252 ἔφη
1355 3185 1450 3239 καὶ
1469 3186 1564 3241 τοῦ
1586 3191 1709 3246 καθ’
1732 3194 1878 3266 ἡμᾶς

2055 3197 2167 3266 Age
2190 3194 2323 3266 jam,
2355 3211 2480 3253 cum
2525 3196 2610 3253 his
2641 3214 2760 3269 quae
2797 3198 2933 3252 dixit
2970 3199 3342 3267 componendo
3390 3201 3580 3254 nostrii

299 3255 579 3325 Συμϐόλου
608 3259 708 3330 τήν
733 3261 1008 3328 ἀπόδοσιν,
1038 3266 1235 3338 ἴδωμεν
1274 3273 1322 3325 εί
1363 3275 1437 3345 μή
1470 3295 1522 3331 τι
1562 3255 1874 3339 κεκαινότόί

302 3366 472 3419 μηται
532 3353 677 3423 παρὰ
710 3354 895 3409 τούτου
948 3358 1041 3412 καὶ
1092 3363 1221 3434 περὶ
1263 3367 1457 3439 αὑτήν·
1496 3389 1514 3422 ι
1544 3373 1884 3449 Πιστεύομεν

298 3445 383 3506 είς
406 3441 507 3498 ἕνα
536 3445 670 3499 Θεὸν
706 3448 923 3519 Πατέρα
958 3456 1396 3530 παντοκράτορα,
1424 3462 1643 3519 πάντων
1670 3441 1883 3539 όρατῶν

299 3534 394 3585 καὶ
441 3534 692 3605 ἀοράτων
747 3541 1012 3612 ποιητήνο
1050 3546 1144 3598 καὶ
1178 3548 1259 3612 είς
1308 3549 1404 3606 ἕνα
1436 3554 1641 3627 Κύριον
1675 3534 1883 3630 ’Ῐησοῦν

298 3624 553 3694 Χριστὸν,
588 3627 681 3681 τὸν
715 3628 839 3683 Υἱὸν
866 3632 958 3686 τοῦ
987 3633 1141 3703 Θεοῦ,
1166 3642 1494 3713 γεννηθέντα
1525 3624 1598 3702 *ἐκ
1636 3624 1748 3706 τοῦ.
1769 3654 1883 3708 Πα-

296 3715 427 3788 τρὸς
461 3720 727 3792 μονογενῆ
758 3722 854 3794 (6),
887 3726 1184 3797 τουτέστιν,
1224 3734 1289 3787 ὲκ
1318 3736 1417 3807 τῆς
1444 3739 1633 3805 οὐσίας
1661 3744 1756 3797 τοῦ
1783 3749 1883 3801 αὑο

295 3813 391 3868 τοῦ
411 3830 426 3844 °
461 3815 594 3870 Θεὸν
626 3818 691 3872 ἐκ
726 3818 882 3884 Θεοῦ,
916 3824 1031 3892 φῶς
1060 3826 1125 3880 ὲκ
1151 3831 1349 3898 φωτὸς,
1381 3833 1514 3891 Θεὸν
1539 3838 1794 3909 ἀληθινὸν
1815 3844 1883 3899 ἐκ

294 3905 434 3960 Θεοῦ
461 3907 741 3980 ἀληθινοῦ,
773 3914 1123 4002 γεννηθέντα,
1145 3921 1209 3973 οὐ
1242 3925 1559 3995 ποιηθέντα,
1595 3905 1882 4002 ὁμοούσιον

294 3997 376 4069 τῷ
406 4000 603 4073 Πατρὶ,
633 4004 700 4058 δι’
731 4001 791 4061 οὗ
826 4007 894 4062 τὰ
928 4011 1106 4066 πάντα
1135 4014 1371 4083 ἐγένετο,
1403 4021 1470 4075 τά
1500 4038 1561 4075 τε
1595 3997 1654 4078 ἐν
1679 4026 1757 4097 τῷ
1785 4028 1879 4082 οὐ·

298 4091 469 4165 ρανῷ,
503 4095 598 4149 καὶ
628 4096 697 4192 τά
721 4099 813 4152 ἐπὶ
843 4101 943 4171 τῆς
974 4107 1104 4176 γῆς’
1144 4106 1235 4160 τὸν
1261 4108 1491 4182 δι’,ήμᾶς
1514 4117 1640 4181 τοὺς
1668 4091 1880 4192 ἀνθρὼ-

297 4200 455 4250 πους,
492 4189 584 4242 καὶ
620 4189 707 4244 διά
738 4192 837 4263 τήν
871 4195 1145 4268 ήμετέραν
1191 4205 1488 4275 σωτηρίαν,
1521 4189 1875 4281 κατελθόντα,

296 4276 391 4331 καὶ
423 4281 793 4349 σαρκωθέντα,
831 4285 924 4339 καὶ
946 4288 1463 4364 ὲνανθρωπήσαντα,
1489 4300 1752 4370 παθόντα,

295 4369 607 4426 ἀναστάντα
633 4375 698 4444 τῇ
726 4377 885 4450 τρίτῃ
915 4379 1100 4452 ἡμέρᾳ.
1122 4398 1137 4412 ο
1167 4385 1460 4444 ἀνελθόντα
1506 4393 1587 4457 είς
1625 4369 1753 4461 τοὺς
1792 4400 1880 4452 οὐ·

1992 3288 2232 3360 Symboli
2277 3289 2597 3358 editionem,
2650 3292 3009 3362 inquiramus,
3070 3308 3135 3347 an
3185 3296 3348 3348 etiam
3396 3295 3446 3348 in
3498 3312 3573 3350 ea:

1985 3383 2262 3454 quidpiam
2290 3383 2358 3438 ab
2400 3385 2504 3439 hoc
2542 3386 2760 3441 homine
2795 3387 3055 3441 audacter
3075 3388 3146 3442 sit
3197 3387 3508 3443 innovatum
3542 3408 3563 3442 :

1992 3494 2009 3527 ε
2051 3474 2337 3532 Credimus
2372 3475 2424 3530 in
2454 3493 2618 3531 unum
2663 3476 2831 3532 Deum
2865 3477 3079 3534 Patrem
3113 3479 3579 3549 onmipotentem,‘

1979 3568 2224 3623 omnium
2259 3567 2547 3624 visibilium
2580 3577 2635 3624 et
2676 3570 3022 3625 invisibilium
3068 3571 3326 3627 factorem
3357 3591 3373 3629 :
3405 3582 3461 3628 et
3503 3573 3572 3629 itr

1984 3672 2147 3711 unum
2172 3657 2456 3713 Dominum
2485 3658 2667 3714 Jesum
2696 3660 2970 3714 Christum
3000 3659 3192 3715 Filium
3240 3662 3354 3731 Dei,
3377 3674 3561 3718 natum

1982 3766 2049 3805 ex
2069 3750 2233 3807 Patre
2255 3751 2618 3822 unigenitum,
2642 3753 2744 3809 hoc
2764 3762 2866 3817 est,
2881 3769 2945 3808 ex
2962 3753 3203 3823 ejusdem
3224 3756 3559 3821 substantia;

1981 3841 2151 3896 Deum
2183 3842 2250 3897 de
2282 3841 2417 3910 Deo,
2454 3842 2636 3899 lumen
2672 3843 2738 3899 de
2778 3844 3006 3911 lumine,
3054 3844 3221 3900 Deum
3256 3861 3444 3901 verum
3490 3847 3581 3903 de-

1982 3931 2096 3989 Deo
2139 3949 2289 4001 vero,
2328 3934 2595 4004 genitum,
2627 3951 2734 3991 non
2781 3936 3005 4002 factum,
3039 3935 3574 3993 consubstantialem

1981 4025 2151 4093 Patri,
2182 4043 2277 4097 per
2299 4042 2461 4097 quem
2488 4027 2669 4083 omnia
2718 4026 2856 4082 facta
2899 4036 3046 4094 sunt,
3078 4043 3196 4097 qua;
3236 4028 3289 4082 in
3334 4028 3475 4084 ccelo
3504 4038 3561 4082 et

1980 4135 2101 4190 qua:
2141 4119 2195 4174 in
2226 4129 2366 4176 terra
2402 4137 2414 4173 :
2448 4120 2537 4190 qui
2572 4128 2796 4190 propter
2835 4134 2937 4174 nos
2976 4119 3223 4176 homines
3251 4129 3303 4174 et
3340 4130 3571 4191 propter

1979 4222 2222 4268 nostram
2277 4213 2506 4269 salutem
2542 4212 2849 4278 descendit,
2893 4222 2949 4266 et
2995 4212 3314 4268 incarnatus
3353 4219 3460 4277 est,
3502 4219 3566 4267 et

1980 4306 2141 4360 homo
2165 4304 2341 4362 factus
2361 4315 2481 4368 est;
2510 4320 2699 4374 passus
2721 4315 2828 4370 est,
2852 4314 2906 4360 et
2937 4305 3233 4360 resurrexit
3255 4305 3412 4359 tertia
3445 4305 3569 4369 die,

1979 4397 2223 4451 ascendit
2267 4395 2318 4450 in
2366 4396 2554 4463 ccelos,
2604 4405 2863 4451 venturus
2909 4404 2993 4451 est
3030 4394 3276 4464 judicare
3312 4395 3462 4451 vivos
3503 4407 3567 4450 et

298 4461 494 4529 ρανούς
514 4480 530 4495 ·
567 4466 861 4538 ἐρχόμενον
890 4475 1072 4543 κρῖναι
1099 4474 1309 4542 ζῶντας
1359 4484 1456 4537 καὶ
1481 4488 1732 4559 νεκρούς.
1766 4492 1878 4547 Καὶ

298 4556 376 4583 pi-
400 4555 461 4583 ολ
494 4556 715 4583 Π.,-ἲ¹ζ....
749 4561 803 4583 ,ι
840 4561 952 4583 ιηη
1074 4568 1151 4583 ..Α
1205 4571 1248 4583 ιιι
1320 4568 1347 4583 ν
1436 4570 1463 4583 ο

1986 4502 2245 4545 mortuos.
2287 4488 2355 4544 Et
2389 4490 2442 4544 in
2480 4461 2741 4559 spiritum
2774 4500 3039 4544 sanctum.
3074 4508 3094 4541 ›
3120 4487 3233 4558 Age
3261 4489 3443 4559 igitur,
3475 4488 3557 4541 vir

294 4556 376 4616 εἰς
400 4555 463 4606 τὸ
494 4556 718 4629 Πνεῦμα
748 4561 809 4615 τὸ
838 4561 1014 4633 ἀγιον.
1041 4568 1176 4623 »Ἴθι
1200 4571 1264 4643 δὴ
1288 4568 1401 4639 οὖν,
1430 4570 1474 4630 ὦ
1506 4555 1744 4648 γενναῖε,
1772 4586 1876 4639 ποῦ

1986 4583 2217 4652 egregie,
2246 4581 2333 4637 dic
2360 4555 2577 4637 ubinam
2608 4582 2884 4650 posuerint
2911 4581 2977 4636 de
3023 4580 3183 4646 Filio,
3216 4580 3555 4635 incarnatum

292 4645 625 4717 τεθείκασιν,
683 4654 824 4719 εἰπὲ,
875 4658 1003 4729 περὶ
1046 4661 1141 4714 τοῦ
1187 4664 1349 4734 Υἱοῦ,
1400 4645 1754 4740 σαρκωθέντα
1811 4680 1878 4733 ἐκ

296 4741 614 4836 Ιινεύματος
660 4746 817 4815 ἁγίου
868 4752 961 4805 καὶ
1005 4753 1226 4827 Μαρίας
1267 4760 1367 4831 τῆς
1406 4763 1712 4836 Παρθένου;
1743 4769 1880 4826 ἀλλά

293 4832 454 4887 τοῦτο
490 4835 591 4905 μὲν
608 4838 900 4907 ὲκδείξειεν
922 4843 990 4900 ἂν
1008 4846 1210 4917 ἥκιστά
1228 4867 1313 4918 γε,
1336 4854 1475 4925 πλήν
1494 4832 1674 4913 ἐκεῖνο
1696 4832 1874 4934 ἀθρει.

291 4925 429 4978 Φασὶ
460 4927 589 4999 γὰρ,
622 4931 786 4985 αὑτὸν
813 4934 905 4988 τὸν
946 4937 1012 4991 ἐκ
1057 4938 1191 4994 Θεοῦ
1220 4944 1415 5013 Λόγον,
1448 4948 1539 5003 τὸν
1570 4925 1872 5027 Μονογένῆ,

289 5017 385 5071 τὸν
417 5018 485 5073 ἐκ
519 5021 618 5086 τῆς
663 5024 849 5091 οὐσίας
875 5027 970 5082 τοῦ
1003 5031 1237 5103 Πατρὸς,
1266 5036 1357 5090 τὸν
1385 5038 1454 5092 δι’
1482 5036 1544 5096 οὗ
1570 5043 1640 5098 τά
1673 5047 1872 5113 πάντα,

291 5109 354 5162 τὸ
383 5108 504 5180 φῶς
536 5112 598 5164 τὸ
632 5113 905 5185 ἀληθινὸν,
932 5123 1284 5195 σαρκωθῆναί
1308 5144 1367 5180 τε
1400 5130 1492 5184 καὶ
1519 5108 1877 5210 ὲνανθρωπῆζ

295 5217 423 5263 σαι,
456 5204 651 5259 παθεῖν
693 5225 753 5261 τε
806 5210 901 5264 καὶ
927 5213 1261 5288 ἀναστῆναιο
1304 5223 1396 5275 καὶ
1442 5224 1570 5295 μὴν,
1606 5228 1689 5282 ὅτι
1734 5234 1873 5287 κατά

294 5296 520 5362 καιροὺς
571 5299 831 5371 ἐπανήξει
881 5307 1094 5377 κριτής.
1113 5308 1250 5362 ’Λλλ’
1284 5311 1369 5365 ἵνα
1420 5315 1513 5368 καὶ
1561 5321 1683 5383 ταῖς
1731 5325 1875 5394 παρ’

364 5475 411 5510 ’⁵
434 5475 590 5533 Joan.
621 5494 661 5545 ι,
693 5480 779 5536 li.

1981 4690 2101 4732 esse
2138 4678 2203 4731 de
2252 4675 2458 4746 Spiritu
2498 4683 2687 4730 sancto
2709 4681 2764 4728 et
2807 4672 2975 4727 Maria
3009 4672 3275 4742 Virgine?
3308 4672 3471 4742 Atqui
3504 4671 3563 4726 id

1977 4769 2266 4824 ostendere
2292 4768 2514 4823 minime
2534 4768 2766 4836 poterit:
2786 4766 2879 4821 sed
2899 4776 3073 4820 tamen
3100 4764 3227 4819 illud
3247 4764 3559 4819 considera.

1980 4859 2243 4916 Fatentur
2269 4859 2414 4914 enim
2459 4858 2632 4927 ipsum
2681 4855 2774 4912 Dei
2804 4855 3065 4919 \erbunt,
3113 4853 3261 4908 illum
3294 4851 3556 4923 Unigeni-

1981 4963 2117 5017 tum,
2162 4951 2311 5006 illum
2342 4964 2409 5006 ex
2454 4950 2755 5005 substantia
2809 4948 3010 5014 Patris,
3051 4944 3213 5000 illum
3256 4959 3353 5013 per
3392 4958 3551 5013 quem

1980 5044 2185 5110 omnia,
2217 5041 2344 5097 illud
2373 5042 2551 5097 lumen
2580 5057 2791 5108 verum,
2825 5039 3167 5095 incarnatum
3202 5050 3347 5103 esse,
3386 5044 3444 5091 et
3476 5035 3550 5088 la-

1981 5147 2130 5192 ctum
2180 5136 2482 5201 hominem,
2514 5144 2571 5190 et
2615 5148 2856 5204 passum,
2889 5140 2946 5187 et
2974 5128 3359 5193 resurrexisse,
3396 5127 3553 5196 quin-

1979 5231 2143 5285 etiam
2172 5244 2274 5284 suo
2302 5236 2545 5299 tempore
2571 5227 2869 5283 rediturum
2895 5223 3164 5296 judicem..
3184 5218 3305 5275 Jam
3345 5234 3473 5275 vero
3497 5229 3555 5273 nt

1979 5323 2098 5393 ejus
2129 5321 2310 5376 verbis
2349 5318 2708 5376 certissimam
2739 5329 2985 5372 normam
3022 5310 3343 5384 apponendo
3374 5310 3556 5365 videa-

1567 5640 1729 5698 ANT.
1772 5644 2047 5703 AGELLII
2084 5647 2318 5704 NOTAE.

367 5778 739 5877 (6)1Fortt‘a's‘se
781 5784 918 5877 o'rdo
966 5787 1217 5871 inversus
1268 5800 1348 5843 est
1400 5803 1461 5877 et
1516 5797 1859 5857 scribendum

1986 5816 2099 5875 rrat,
2154 5806 2280 5862 Υίὸν
2319 5804 2414 5861 τοῦ
2449 5804 2585 5861 Θεοῦ
2633 5800 2901 5877 μονογενῆ
2924 5840 2940 5867 ,
3003 5797 3335 5871 γεννηθέντα
3365 5796 3429 5849 ἐκ
3456 5794 3564 5848 τοῦ.

296 5850 525 5920 Πατρός,
572 5850 769 5908 Filium
798 5854 892 5911 Dei
923 5859 1265 5927 unigenitum,
1297 5879 1360 5916 ex
1392 5860 1550 5922 Patre
1588 5850 1791 5924 natum.
