4054 6332
539 329 601 385 51
1074 331 1081 339 ’
1565 328 1623 383 5.
1666 326 1940 383 CYRILLI
1978 324 2445 381 ALEXANDRINI
2483 326 2801 382 ABCIIIEP.
3719 327 3790 383 52

537 461 658 501 nius
700 452 896 514 quanta
944 444 1013 498 sit
1062 444 1115 498 in
1167 442 1270 498 illis
1319 442 1612 513 imperitia,
1666 443 1865 499 asserit
1903 452 2102 512 aperte,

2214 442 2379 497 αὑτοῦ
2424 446 2628 514 φωναῖς
2657 442 2863 515 ἀκριϐῆ
2896 442 2995 514 τὴν
3031 441 3263 512 βάσανον
3300 441 3553 505 ἐνιέντες,
3589 441 3788 513 ἴδωμεν

540 536 714 605 ipsum
765 535 854 588 Dei
894 535 1126 590 Verbum
1175 535 1517 591 incarnatum
1562 549 1684 591 esse
1726 543 1782 590 et
1832 536 2104 590 hominem

541 629 742 684 factum
795 628 913 682 illos
960 630 1161 692 dicere,
1210 635 1267 683 et
1308 642 1496 681 eorum
1531 626 1743 681 veritati
1792 626 2105 695 suffragium

543 722 740 787 ferens,
773 731 1026 790 tanquam
1066 719 1440 776 convenientia
1482 720 1722 776 dicentes
1752 728 1932 775 ornat.
1968 719 2106 774 Num

542 813 728 881 igitur,
778 812 886 875 dic,
915 826 1125 881 quaeso,
1162 827 1287 865 cum
1335 812 1676 866 incarnatum
1727 821 1783 867 et
1833 812 2105 867 hominem

542 901 741 957 factum
769 902 940 967 aiunt,
966 902 1110 957 aliud
1140 902 1413 973 quidpiam
1438 904 1759 974 signiﬁcant,
1796 920 1957 973 quam
1988 920 2110 960 esse

538 992 833 1047 secundum
870 1008 1086 1047 carnem
1110 993 1343 1047 natum?
1384 994 1774 1049 lncarnationis
1824 996 1968 1051 enim
2020 997 2108 1051 hic

540 1083 755 1147 modus,
788 1093 843 1137 et
872 1083 1088 1153 quidem
1122 1084 1271 1139 solus
1295 1085 1342 1138 ei
1372 1086 1683 1155 contingere
1708 1096 1901 1155 potest,
1934 1088 2023 1156 qui
2053 1097 2106 1142 et

536 1182 690 1227 extra
718 1188 934 1228 carnem
964 1184 1019 1228 et
1041 1175 1334 1231 secundum
1382 1191 1533 1230 suam
1566 1188 1809 1231 naturam
1839 1178 2102 1234 subsistit.

540 1264 725 1334 Neque
756 1266 902 1321 enim
946 1281 1165 1321 carnem
1213 1268 1477 1336 quispiam
1515 1268 1711 1322 dixerit
1746 1269 2104 1334 incarnatam,

539 1369 638 1410 nec
670 1356 955 1425 quisquam
990 1358 1042 1411 id
1076 1358 1192 1412 ﬁeri
1228 1367 1406 1428 potest
1433 1359 1573 1426 quod
1618 1370 1730 1413 erat
1767 1376 1781 1413 :
1810 1358 1903 1413 sed
1929 1360 1974 1413 si
1999 1374 2103 1427 qua

539 1447 685 1502 circa
718 1447 889 1517 ipsum
922 1448 1251 1517 intelligatur
1278 1448 1419 1503 facta
1453 1450 1845 1518 dispensatoria
1878 1452 2106 1505 mutatio

540 1540 595 1593 in
629 1539 772 1594 aliud
803 1540 1076 1611 quidpiam
1103 1550 1298 1610 praeter
1322 1542 1374 1596 id
1404 1542 1548 1611 quod
1580 1550 1717 1607 erat,
1751 1550 1861 1595 tum
1890 1543 2102 1597 demum

542 1631 615 1684 ita
641 1631 746 1687 dici
789 1632 1296 1689 convenientissime
1329 1643 1533 1704 posset.
1562 1635 1670 1705 26
1692 1634 1747 1689 Si
1786 1635 1947 1705 igitur
1972 1634 2105 1691 Uni-

538 1723 778 1793 genitum
812 1738 933 1780 esse
976 1725 1312 1781 incarnatum
1367 1726 1551 1782 dicunt
1592 1728 1727 1797 (hoc
1775 1735 1956 1781 autem
2010 1741 2104 1795 per

2211 537 2265 591 τί
2311 537 2373 589 τὸ
2410 537 2600 607 χρῆμα
2650 536 2746 607 τῆς
2796 534 3025 603 ἐνούσης
3071 535 3261 598 αὐταῖς
3310 534 3572 605 ἀμαθίας,
3602 534 3786 588 διαϐε-

2213 626 2460 680 6αιοῦται
2506 625 2711 694 σαφῶς,
2748 624 3101 695 σαρκωθῆναί
3142 640 3203 676 τε
3242 623 3338 676 καὶ
3366 622 3787 693 ἐνανθρωπῆσαι

2212 716 2303 769 τδν
2345 718 2409 768 ἐκ
2454 714 2589 768 Θεοῦ
2624 714 2796 782 Λόγον
2824 715 3015 775 αὐταῖς
3060 713 3169 785 [Ζσ.
3204 711 3423 785 αὐτοὺς]
3464 715 3662 778 εἰπεῖν,
3691 712 3787 767 καὶ

2211 808 2332 869 ταῖς
2378 807 2459 870 είς
2511 805 2770 875 ἀλήθειαν
2821 804 3044 875 ψήφοις,
3078 804 3155 868 ὡς
3193 804 3264 858 τὰ
3299 804 3483 857 είκότα
3527 804 3784 873 λέγοντας

2214 893 2619 967 στεφανοῖ.τΑρ’
2649 892 2765 960 οὖν,
2795 896 2917 949 είπέ
2951 913 3063 966 μοι,
3099 894 3447 965 σαρκωθῆναί
3487 912 3548 949 τε
3577 896 3673 949 καὶ
3695 896 3784 947 ἐν-

2213 989 2573 1060 ανθρωπῆσαι
2604 988 2876 1057 λέγοντες,
2914 987 3098 1059 ἔτερόν
3125 1004 3178 1040 τι
3207 987 3531 1058 σημαίνουσι
3555 986 3707 1058 παρὰ
3723 985 3785 1040 τὸ

2212 1081 2570 1152 γεγεννῆσθαι
2597 1080 2740 1135 κατὰ
2769 1080 2985 1151 σάρκας
3019 1078 3354 1150 Σαρκώσεως
3383 1077 3491 1147 γὰρ
3519 1070 3674 1142 οὗτος
3715 1077 3784 1132 ἂν

2211 1174 2439 1240 γένοιτο,
2470 1172 2564 1227 καὶ
2600 1173 2779 1244 μόνος,
2806 1173 2835 1226 6
2858 1172 3058 1244 τρόπος
3091 1171 3169 1241 τῷ
3188 1171 3281 1225 καὶ
3304 1170 3410 1238 ἔξω
3439 1170 3662 1242 σαρκὸς,
3686 1173 3783 1224 καὶ

2211 1265 2355 1320 κατὰ
2377 1266 2538 1334 φύσιν
2561 1265 2695 1318 ίδίαν
2727 1264 3076 1335 ὑφεστηκότι.
3106 1263 3181 1317 Ού
3204 1263 3311 1334 γάρ
3331 1280 3455 1328 που,
3477 1263 3579 1334 τὴν
3603 1263 3781 1335 σάρκα

2211 1355 2612 1425 σεσαρκῶσθαι,
2638 1356 2771 1428 φαίη
2797 1373 2881 1420 τις
2914 1356 3003 1419 ἂν,
3044 1355 3155 1409 οὐδ’
3177 1355 3246 1409 ἂν
3278 1354 3487 1424 γένοιτό
3514 1372 3598 1419 τις
3620 1353 3651 1406 6
3675 1350 3741 1425 ἦν
3761 1371 3777 1385 ⁸

2208 1446 2322 1499 ἀλλ’
2345 1448 2501 1517 εἰπερ
2527 1464 2611 1511 τις
2638 1450 2808 1500 νοοῖτο
2828 1447 2956 1518 περὶ
2979 1446 3141 1501 αὑτὸν
3158 1446 3422 1517 γενομένη
3450 1445 3781 1516 μετάστασις

2208 1538 2521 1610 οἰκονομικὴ
2554 1538 2639 1608 ἐφ’
2673 1537 2857 1609 ἕτερόν
2885 1555 2959 1600 τι,
2994 1539 3125 1609 παρ’
3149 1539 3286 1609 ὅπερ
3318 1538 3418 1591 οὐκ
3443 1532 3512 1609 ἦν
3547 1537 3645 1608 (7),
3666 1536 3779 1607 ἔχοι

2209 1629 2275 1685 ἂν
2303 1632 2332 1684 6
2358 1631 2515 1698 λόγος
2561 1631 2644 1698 ἐφ’
2667 1630 2845 1701 ἐαυτῷ
2876 1630 2942 1698 δὴ
2968 1630 3090 1684 τότε
3120 1628 3254 1684 πολὺ
3283 1629 3346 1683 τὸ
3371 1629 3539 1693 εἰκός,
3570 1629 3779 1682 Οὐκοῦν

2210 1725 2259 1775 εί
2295 1722 2677 1792 σεσαρκῶσθαί
2716 1740 2846 1792 φασι
2893 1722 2984 1775 τὸν
3025 1721 3327 1792 Μονογενῆ,
3359 1720 3447 1775 διὰ
3474 1722 3777 1792 γεννήσεως

539 1814 808 1869 carnalem
847 1817 1277 1883 generationem,
1311 1817 1413 1873 nisi
1454 1818 1632 1881 fallor,
1666 1834 1765 1873 nec
1800 1818 1909 1873 alio
1947 1819 2102 1872 modo

2208 1815 2479 1885 σαρκικῆς
2507 1813 2682 1885 δρῷτο
2714 1814 2779 1869 ἂν
2809 1813 2919 1886 [ἷσ.
2953 1815 2998 1869 δ’
3022 1812 3135 1886 ἂν],
3167 1812 3345 1884 οἶμαι,
3380 1813 3547 1876 τουτὶ,
3582 1814 3677 1867 καὶ
3714 1813 3776 1866 ού

537 1914 714 1973 potest
756 1907 938 1978 lieri),
978 1908 1248 1976 quomodo
1288 1910 1575 1979 quisquam
1623 1909 1838 1963 inﬁtiari
1884 1918 2100 1979 potest,

540 1996 661 2051 illos
690 2008 875 2067 aperte
902 1998 1182 2053 confessos
1208 2012 1351 2063 esse,
1383 1997 1551 2053 Deum
1589 1999 1717 2053 illud
1752 1997 1983 2054 Verbum
2018 2014 2104 2054 se-

537 2088 771 2142 cundum
800 2102 1019 2143 carnem
1049 2103 1169 2144 esse
1210 2091 1437 2143 natum?
1481 2089 1551 2142 At
1592 2089 1737 2144 enim
1783 2103 1887 2143 non
1918 2096 2105 2158 aperte

537 2180 816 2249 generatio
843 2188 926 2235 est
951 2190 1252 2250 nuncupata
1292 2198 1304 2234 :
1335 2182 1426 2237 sed
1468 2190 1648 2236 tamen
1696 2181 1863 2250 ipsius
1896 2183 1972 2237 rei
2005 2198 2103 2236 na-

539 2281 658 2324 tura
694 2285 799 2324 non
841 2272 1024 2337 aliam,
1065 2279 1126 2325 ut
1157 2272 1318 2327 modo
1362 2272 1493 2337 dixi,
1534 2272 1674 2325 viam
1720 2273 2104 2328 incarnationis

538 2363 818 2432 agnoscit;
861 2363 1210 2432 quamobrem
1264 2365 1476 2419 etiamsi
1536 2365 1659 2435 quid
1703 2366 1878 2420 minus
1918 2377 2105 2435 aperte

538 2455 748 2509 dicatur
779 2456 831 2510 in
866 2456 953 2512 his
994 2465 1145 2511 certe
1185 2457 1367 2519 rebus,
1401 2472 1511 2511 non
1552 2468 1834 2527 propterea
1876 2457 1966 2512 illa
2019 2458 2103 2512 via

538 2544 724 2599 relicta
756 2560 876 2613 qua:
906 2544 1017 2599 sola
1067 2554 1276 2601 natura;
1325 2548 1536 2614 cognita
1580 2557 1683 2611 est,
1723 2548 1790 2601 ad
1825 2548 1985 2602 aliam
2021 2559 2104 2603 est

538 2636 693 2690 nobis
715 2640 1130 2693 transeundum.
1164 2638 1437 2709 Scriptum
1459 2648 1542 2694 est
1568 2641 1709 2694 enim
1744 2641 1796 2694 in
1826 2641 1965 2696 libro
1994 2641 2103 2697 Ge-

542 2743 735 2784 neseos
788 2747 802 2783 z
858 2748 877 2781 ι
909 2730 971 2783 Et
1021 2729 1185 2786 Setho
1213 2740 1366 2785 natus
1404 2738 1487 2787 est
1538 2730 1698 2798 ﬁlius,
1734 2741 1787 2786 et
1818 2732 2107 2802 appellavit

538 2832 731 2872 nomen
764 2818 883 2898 ejus
926 2818 1070 2874 Enos
1111 2820 1177 2874 “.
1211 2838 1230 2872 ι
1266 2820 1402 2875 Num
1449 2821 1610 2890 igitur
1652 2823 1776 2892 quia
1824 2823 2103 2893 Scriptura

537 2909 717 2977 posuit
760 2908 862 2964 hoc
920 2910 1168 2976 verbum,
1212 2911 1380 2966 Natus
1421 2921 1527 2975 est,
1575 2912 1695 2967 ideo
1743 2914 2106 2980 generationis

537 3002 753 3055 modum
789 3016 893 3056 non
935 3002 1317 3058 adrnittemus?
1350 3011 1406 3057 at
1441 3004 1535 3072 qui
1570 3004 1685 3058 iieri
1730 3014 1905 3073 potest
1948 3013 2005 3059 ut
2052 3005 2103 3060 id

538 3107 642 3146 non
674 3092 744 3146 sit
779 3092 1197 3148 stultissimum?
1227 3093 1344 3163 Ipsa
1371 3110 1603 3166 namque
1634 3096 1709 3150 rei
1756 3105 1942 3151 natura
1973 3111 2099 3165 pro-

535 3183 818 3249 pemodum
852 3186 1013 3240 etiam
1046 3186 1241 3241 invitos
1264 3187 1407 3256 cogit
1446 3195 1503 3240 ut
1528 3188 1675 3240 illum
1722 3196 1873 3255 partu
1900 3188 2100 3241 editum

536 3275 835 3345 intelligere
868 3277 1149 3332 fateamur.
1191 3279 1303 3333 Cur
1343 3280 1506 3349 igitur
1543 3280 1968 3334 incarnationem
2002 3294 2100 3332 au-

535 3367 709 3429 diens,
742 3382 847 3422 non
876 3369 1057 3422 statim
1082 3369 1408 3424 intellectum
1436 3372 1800 3440 generationis
1824 3371 2103 3426 admittit?

535 3457 768 3512 Omnino
812 3468 991 3514 autem
1025 3460 1429 3516 humanationis
1459 3464 1677 3517 nomine
1712 3477 2103 3519 commemora-

537 3558 611 3613 to,
643 3563 741 3603 cur
768 3564 875 3604 non
899 3549 1042 3606 illico
1060 3550 1322 3607 intellexit
1356 3567 1469 3609 rem
1498 3552 1669 3623 ipsam
1698 3554 2102 3610 humanationis

534 3654 643 3693 non
675 3639 878 3694 homini
914 3641 1069 3709 plane
1101 3642 1411 3705 convenire,
1441 3656 1509 3696 ne
1531 3643 1582 3696 id
1612 3642 1786 3712 ipsum
1822 3643 1961 3712 quod
1985 3652 2103 3697 erat

534 3730 649 3783 ﬁeri
699 3744 764 3784 ac
806 3732 955 3785 nasci
998 3731 1262 3796 videatur,
1302 3732 1395 3788 sed
1431 3732 1608 3789 Verbo
1639 3749 1703 3789 ex
1738 3734 1847 3789 Deo
1879 3735 2103 3803 genito?

534 3820 637 3876 Ubi
672 3832 850 3877 autem
884 3822 1196 3878 bumanatio
1218 3838 1343 3879 vere
1375 3823 1540 3881 fuisse
1562 3824 1820 3893 creditur,
1846 3827 1917 3881 ibi
1948 3843 2104 3897 pror-

532 3929 627 3969 sus
658 3925 743 3970 est
774 3916 1072 3987 generatio,
1105 3932 1203 3987 per
1226 3933 1388 3987 quam
1422 3919 1586 3974 homo
1625 3918 1799 3975 factus
1833 3921 2101 3991 intelliga-

534 4018 639 4060 tur.
687 4006 791 4062 Sed
837 4022 944 4062 non
979 4009 1082 4064 isto
1117 4011 1275 4065 modo
1313 4011 1406 4066 tibi
1437 4012 1648 4067 videtur
1682 4013 2099 4085 intelligendum,

532 4111 652 4151 cum
677 4097 846 4168 ipsum
872 4099 964 4155 Dei
988 4098 1223 4156 Verbum
1252 4102 1587 4157 incarnatum
1609 4120 1727 4160 esse
1750 4115 1805 4161 et
1829 4106 2100 4161 hominem

532 4187 732 4242 factum
761 4190 955 4245 dicitur
979 4210 993 4246 :
1024 4207 1149 4245 nam
1177 4202 1367 4248 contra
1390 4194 1593 4259 dixisti,
1627 4206 1686 4250 ut
1714 4211 1834 4251 cum
1860 4197 2101 4252 omnium

539 4278 815 4333 hominum
856 4280 1206 4353 intelligentia
1258 4300 1496 4355 pugnare
1528 4287 1802 4353 nitereris,
1835 4288 2101 4344 humana-

538 4368 735 4424 tionem
769 4385 873 4425 non
904 4370 1007 4426 hoc
1036 4373 1364 4442 signiﬁcare,
1400 4376 1541 4444 quod
1582 4376 1761 4431 divina
1799 4389 1990 4433 natura
2045 4380 2101 4434 in

530 4474 747 4513 carnem
786 4460 857 4515 sit
887 4471 1114 4527 mutata,
1140 4465 1234 4519 sed
1266 4467 1408 4534 quod
1442 4466 1755 4523 inhabitarit
1779 4468 1830 4524 in
1860 4469 2097 4529 homine.

528 4552 607 4603 Ac
631 4548 774 4616 quod
803 4550 877 4602 ait
906 4550 1099 4606 divina:
1119 4560 1322 4608 natura:
1353 4553 1407 4607 in
1432 4570 1651 4609 carnem
1679 4555 2097 4611 demutationem

529 4648 584 4691 et
610 4640 991 4708 impossibilem
1023 4656 1164 4707 esse,
1199 4651 1253 4698 et
1299 4644 1444 4698 nullo
1480 4645 1637 4700 modo
1680 4645 1754 4699 illi
1788 4647 2098 4715 convenire,

531 4731 582 4783 id
618 4731 918 4786 rectissime
959 4733 1161 4788 dictum
1206 4732 1459 4790 fatemur.
1487 4734 1809 4791 Laudandus
1840 4748 1924 4793 est
1953 4738 2098 4793 enim

528 4835 560 4876 a
591 4822 743 4877 nobis
769 4822 909 4892 quod
942 4824 995 4878 in
1027 4824 1130 4880 hac
1153 4836 1307 4893 parte
1335 4836 1479 4882 recte
1521 4828 1665 4897 loqui
1707 4829 1960 4884 voluerit.
1996 4828 2100 4883 Fa-

531 4919 647 4964 teor
689 4912 831 4966 enim
876 4929 1095 4971 manere
1140 4916 1282 4971 illam
1328 4918 1725 4986 inconcussam,
1770 4937 1944 4991 neque
1991 4923 2100 4978 ullo

532 5002 691 5057 modo
724 5003 778 5058 in
818 5004 962 5059 aliud
994 5006 1268 5077 quidpiam
1303 5010 1566 5064 demutari
1606 5012 1876 5067 diversum
1918 5013 1987 5068 ab
2029 5028 2095 5068 eo

529 5094 671 5161 quod
697 5109 817 5149 esse
844 5097 1104 5151 creditur.
1134 5096 1239 5152 Sed
1265 5097 1383 5169 ejus
1404 5101 1566 5157 verba
1593 5102 1749 5175 longe
1777 5105 1846 5159 ab
1872 5119 1940 5161 eo
1960 5105 2102 5174 quod

600 5273 645 5303 “
663 5272 795 5327 Gen.
834 5289 907 5338 tv,
936 5272 1029 5329 26.

2206 1905 2327 1958 καθ’
2362 1905 2547 1977 ἐτερον
2579 1906 2801 1978 τρόπον,
2842 1906 2960 1970 πῶς
3001 1908 3100 1960 οὐκ
3149 1905 3356 1993 ἔφασαν
3398 1906 3665 1977 ἐναργῶς.
3691 1906 3776 1959 ὅτι

2203 1998 2525 2068 γεγέννηται
2556 1998 2699 2053 κατὰ
2728 2000 2905 2070 σάρκα
2931 2000 3062 2064 Θεὸς
3093 1999 3167 2053 ὢν
3205 2002 3235 2053 6
3260 2000 3459 2069 Λόγος;
3509 1999 3777 2053 Ἀλλῖοῦκ

2203 2094 2540 2165 ὠνόμασται,
2572 2095 2756 2165 φησὶν,
2791 2095 3037 2165 ἐναργῶς
3084 2096 3117 2165 ἡ
3159 2093 3446 2163 γέννησιςο
3489 2092 3604 2146 ἀλλ’
3634 2093 3669 2161 ἦ
3712 2109 3777 2161 γε

2203 2186 2297 2241 τοῦ
2328 2186 2651 2257 πράγματος
2684 2186 2844 2256 φύσις
2875 2188 2973 2261 οὐχ
3002 2187 3194 2257 ἑτέραν
3220 2180 3352 2247 οἶδε,
3380 2184 3632 2252 καθάπερ
3672 2182 3773 2253 ήδη

2206 2281 2485 2348 προεῖπον,
2511 2279 2604 2332 τοῦ
2637 2278 3017 2347 σεσαρκῶσθαι
3059 2277 3162 2347 τὴν
3206 2277 3538 2338 ὁδόν.⁶Ὠστε,
3575 2274 3678 2328 κᾶν
3726 2275 3775 2325 εί

2208 2370 2282 2440 μή
2317 2386 2370 2421 τι
2392 2369 2601 2437 λέγοιτο
2633 2369 2817 2437 σαφῶς
2840 2368 2895 2420 ἐν
2917 2384 2979 2436 γε
3002 2370 3114 2431 τοῖς
3143 2365 3401 2429 τοιούτοις
3436 2364 3775 2435 πράγμασιν,

2204 2462 2265 2514 ού
2291 2461 2443 2531 παρᾶ
2471 2462 2627 2514 τοῦτο
2648 2462 2745 2532 τὴν
2774 2461 2941 2531 μόνην
2966 2462 3033 2531 τῇ
3054 2459 3214 2529 φύσει
3233 2456 3637 2528 διεγνωσμένην
3659 2455 3777 2508 ὁδὸν

2205 2549 2642 2612 ἀπολελοιπότες,
2671 2550 2753 2617 ἐφ’
2778 2548 2971 2617 ἑτέραν
2996 2547 3216 2618 ἥξομεν.
3238 2546 3553 2616 Γέγραπται
3582 2544 3691 2615 γὰρ
3717 2544 3777 2595 ἐν

2203 2639 2282 2711 τῷ
2311 2642 2409 2711 τῆς
2441 2641 2711 2703 Γενέσεως
2748 2640 2935 2709 βιϐλίῳ
2956 2656 2968 2669 ·
3005 2659 3023 2690 ι
3051 2638 3159 2691 Kal.
3180 2638 3258 2708 τῷ
3280 2638 3383 2707 Σὴθ
3406 2635 3623 2705 ἐγένετο
3642 2634 3775 2700 υίὸς,

2205 2733 2299 2785 καὶ
2349 2730 2671 2801 ἐπωνόμασε
2720 2730 2781 2783 τὸ
2828 2730 2998 2799 δνομα
3050 2729 3214 2783 αὑτοῦ
3258 2726 3444 2792 Ἐνώς.
3474 2723 3627 2796 »Ἆρ’
3658 2722 3775 2791 οὖν,

2203 2822 2501 2894 ἐπειδήπερ
2543 2824 2576 2893 ἡ
2618 2822 2807 2893 Γραφὴ
2853 2822 3064 2875 τέθεικε
3108 2820 3188 2883 τὸ,
3231 2820 3497 2888 Ἐγένετο,
3539 2818 3630 2872 τὸν
3677 2816 3776 2886 τῆς

2204 2914 2510 2983 γεννήσεως
2538 2914 2734 2985 τρόπον
2765 2913 2825 2965 ού
2857 2909 3306 2982 παραδεξόμεθα;
3338 2906 3457 2963 εἷτα
3480 2908 3597 2970 πῶς
3619 2906 3776 2960 τοῦτο

2203 3004 2303 3057 οὐκ
2332 3003 2575 3073 ἀμαθές;
2603 3003 2749 3073 Αὐτὴ
2774 3002 2882 3075 γὰρ
2904 3004 3053 3073 ἡμᾶς
3087 3004 3120 3074 ή
3146 3002 3239 3055 τοῦ
3273 3001 3591 3071 πράγματος
3615 2999 3775 3067 φύσις

2209 3092 2492 3164 μονονουχὶ
2534 3093 2628 3145 καὶ
2672 3093 2769 3163 οὐχ
2805 3093 3030 3155 ἑκόντας
3058 3090 3372 3145 ἐκϐιάσεται
3408 3089 3542 3161 πρὸς
3580 3086 3777 3158 ὁμολο-

2208 3185 2331 3253 γίαν
2361 3185 2459 3255 τὴν
2493 3184 2586 3237 τοῦ
2616 3183 2868 3253 τετέχθαι
2906 3187 3045 3237 νοεῖν
3072 3183 3253 3238 αὐτόν.
3284 3181 3410 3245 Πῶς
3439 3176 3530 3235 οὖν
3563 3179 3775 3235 ἀκούων

2205 3277 2303 3344 τὴν
2338 3276 2631 3346 σὰρκωσιν,
2658 3275 2718 3328 οὐ
2763 3275 2863 3338 τὰς
2903 3274 3054 3345 παρὰ
3099 3276 3199 3347 τῆς
3235 3274 3538 3344 γεννήσεως
3570 3270 3776 3332 ἐννοίας

2207 3368 2503 3438 εἰσδέχεται
2533 3367 2910 3438 παραχρῆμα;
2958 3367 3360 3438 Ὠνομασμένης
3388 3365 3445 3419 δέ
3463 3365 3598 3429 ὅλως
3623 3364 3776 3418 ἐναν-

2208 3458 2565 3529 θρωπήσεως,
2598 3458 2717 3522 πῶς
2748 3458 2809 3511 ού
2842 3456 3074 3528 συνῆκεν
3099 3457 3277 3521 εὐθὺς,
3307 3457 3382 3520 ὡς
3412 3455 3475 3509 τὸ
3501 3453 3599 3525 τῆς
3625 3454 3777 3506 ἐναν-

2207 3549 2540 3621 θρωπήσεως
2574 3552 2762 3621 χρῆμα
2796 3550 2994 3622 πρέποι
3023 3550 3089 3605 ἂν
3118 3550 3219 3604 οὐκ
3254 3547 3523 3619 ἀνθρώπῳ
3553 3546 3771 3617 μᾶλλον,

2208 3642 2295 3695 ἵνα
2319 3641 2393 3712 μὴ
2421 3641 2550 3695 αὑτό
2564 3659 2617 3694 τι
2636 3641 2880 3710 φαίνοιτο
2902 3641 3123 3712 γεγονὸς
3147 3641 3175 3694 ὃ
3198 3637 3286 3712 ἦν,
3304 3640 3437 3693 ἀλλὰ
3458 3638 3535 3710 τῷ
3556 3640 3620 3691 ἐκ
3639 3637 3773 3691 Θεοῦ

2207 3732 2363 3799 φύντι
2394 3734 2588 3803 Λόγῳ;
2623 3726 2698 3786 Οὗ
2727 3732 2772 3786 δ’
2791 3733 2913 3804 ἂνὴ
2942 3730 3351 3804 ἐνανθρὼπησις
3383 3728 3596 3803 ἀληθῶς
3622 3728 3774 3798 γενέ-

2209 3825 2334 3880 σθαι
2366 3825 2710 3895 πιστεύηται,
2736 3826 2853 3878 ἐκεῖ
2882 3842 2984 3879 που
3008 3823 3225 3887 πάντως
3255 3824 3288 3892 ἡ
3317 3822 3589 3894 γέννησις,
3620 3822 3687 3876 δι’
3707 3816 3775 3894 ἧς

2209 3913 2275 3968 ἂν
2328 3913 2500 3984 ὁρῷτο
2544 3913 2836 3983 γενόμενος
2870 3913 3177 3983 ἄνθρωπος.
3196 3910 3333 3964 Ἀλλ’
3363 3912 3462 3964 οὐκ
3509 3910 3641 3963 αὑτό
3692 3927 3776 3963 σοι

2206 4005 2352 4058 δοκεῖ
2395 4007 2537 4059 κατὰ
2581 4004 2769 4059 τοῦτον
2812 4005 3007 4077 χρῆναι
3050 4003 3285 4058 νοεῖσθαι
3328 4004 3420 4057 τὸν
3466 4002 3667 4075 τρόπον
3715 4002 3776 4055 τὸ

2209 4097 2557 4169 σαρκωθῆναί
2587 4114 2647 4151 τε
2674 4098 2769 4151 καὶ
2797 4097 3215 4168 ἐνανθρωπῆσαι
3260 4094 3519 4163 λέγεσθαι
3558 4095 3650 4147 τὸν
3680 4091 3773 4147 τοῦ

2206 4188 2344 4243 Θεοῦ
2374 4172 2546 4258 Λῦγον
2566 4205 2581 4221 ο
2610 4187 2747 4258 ἔφης
2776 4192 2883 4260 γὰρ
2914 4188 3094 4253 πάλιν,
3118 4189 3236 4251 ταῖς
3264 4185 3517 4240 ἁπάντων
3544 4184 3774 4248 ἐννοίαις

2206 4279 2482 4351 ἀνταίρειν
2527 4279 2841 4350 ἐπιχειρῶν,
2884 4279 3171 4349 σημαίνειν
3204 4277 3302 4349 τὴν
3344 4275 3772 4348 ἐνανθρὼπησιν.

2194 4373 2269 4426 -οὐ
2298 4370 2397 4443 τὴν
2430 4373 2510 4435 είς
2543 4371 2723 4443 σάρκα
2756 4371 3059 4442 μεταϐολὴν
3081 4374 3179 4442 τῆς
3204 4369 3355 4433 θείας
3381 4367 3614 4440 φύσεως,
3638 4366 3775 4421 ἀλλὰ

2206 4464 2306 4535 τὴν
2356 4463 2630 4534 ἐνοίκησιν
2666 4461 2769 4533 τὴν
2809 4462 2890 4526 είς
2933 4460 3237 4532 ἄνθρωπον.
3267 4460 3377 4530 Τὴν
3424 4458 3522 4529 μέν
3553 4454 3647 4511 οὖν
3675 4456 3771 4525 τῆς

2202 4554 2355 4618 θείας
2382 4552 2599 4623 φύσεως
2645 4554 2726 4617 είς
2770 4553 2949 4623 σάρκα
2983 4552 3342 4622 παρατροπὴν
3380 4548 3673 4618 ἀνέφικτόν
3712 4565 3772 4600 τε

2200 4641 2340 4699 εἶναι
2390 4645 2543 4716 φησὶ,
2575 4644 2669 4697 καὶ
2696 4646 2814 4698 κατ’
2841 4644 3028 4698 οὐδένα
3056 4642 3254 4715 τρυπον
3278 4643 3415 4713 αὐτῇ
3445 4641 3775 4712 συμϐαίνου-

2202 4754 2303 4791 σαν
2326 4752 2341 4767 ο
2368 4736 2461 4791 καὶ
2498 4735 2643 4807 μάλα
2688 4734 2864 4805 ὀρθῶς
2886 4750 2899 4767 ·
2934 4735 3292 4805 ἐπαινέσομεν
3322 4734 3429 4804 γὰρ
3476 4734 3534 4786 ἐν
3563 4732 3774 4794 τούτοις

2202 4832 2546 4901 ἀριστοεπεῖν
2586 4828 2884 4900 ᾑρημένον.
2919 4828 3065 4898 Φημὶ
3090 4827 3199 4895 γὰρ
3224 4824 3557 4897 ἀκράδαντον
3596 4824 3776 4893 ὑπάρ-

2203 4940 2319 4993 χειν
2345 4923 2537 4993 αύτὴν,
2566 4921 2661 4975 καὶ
2693 4921 2768 4985 ὡς
2800 4920 2899 4974 οὐκ
2929 4920 2995 4975 ἂν
3037 4919 3319 4991 μεταθεῖτο
3344 4916 3481 4989 πρὸς
3505 4916 3689 4987 ἔτερόν
3718 4932 3775 4968 τι.

2202 5015 2331 5086 παρ’
2364 5016 2499 5085 ὅπερ
2529 5010 2668 5066 εἶναι
2699 5012 3085 5066 πεπίστευται·
3114 5008 3455 5080 διημάρτηκε
3482 5006 3540 5060 δὲ
3564 5005 3645 5059 ὄτι
3675 5001 3773 5057 τοῦ

2207 5104 2511 5178 πράττοντός
2536 5120 2597 5157 τε
2630 5103 2724 5158 καὶ
2762 5100 2993 5173 ἀληθοῦς
3019 5102 3049 5155 6
3081 5100 3236 5171 λόγος
3263 5097 3434 5171 αὐτῷ,
3465 5095 3566 5170 τὴν
3610 5098 3774 5151 ἐναν-

1812 5434 1971 5491 ΑΝΤ.
2013 5437 2284 5494 AGELLII
2322 5437 2551 5497 ΝΟΤΕ.

602 5585 678 5657 (7)
736 5584 1044 5662 Legendum
1080 5588 1292 5644 videtur
1339 5600 1433 5662 aut
1478 5590 1594 5645 sine
1650 5592 1801 5662 παρ’,
1835 5600 1927 5645 aut
1976 5593 2094 5646 sine

526 5656 647 5717 οὐκ,
688 5666 745 5709 ut
778 5660 1045 5712 sententia
1089 5669 1317 5713 constet.
1371 5661 1461 5717 Sic
1513 5672 1693 5714 autem
1734 5656 1895 5726 'loqui
1956 5664 2094 5715 solvt

529 5735 739 5795 auctor,
771 5735 830 5782 ut
852 5728 1010 5798 paulo
1042 5739 1183 5799 post,
1207 5730 1308 5783 οὐκ
1331 5729 1395 5785 ἂν
1428 5730 1709 5801 μεταθεῖτο
1742 5731 1876 5801 πρὸς
1904 5731 2091 5801 ἕτερόν

2197 5610 2249 5667 τι
2285 5595 2415 5664 παρ’
2441 5595 2575 5667 ὅπερ
2623 5589 2771 5667 εἶναι,
2807 5594 3185 5667 πεπίστερται.
3238 5595 3304 5651 Et
3347 5594 3512 5664 infra,
3560 5592 3775 5667 τροπὴν

2198 5662 2497 5736 ὑπομείνας
2519 5662 2618 5737 τὴν
2642 5667 2717 5731 εἰς
2748 5666 2885 5737 ὅπερ
2911 5666 3007 5720 οὐκ
3035 5662 3112 5738 ἦν.
