4054 6332
314 368 387 426 εδ
1450 368 1823 426 ADVERSUS
1860 365 2258 424 NESTORIUM
2294 368 2423 427 LIB.
2466 369 2505 427 Ι.
3486 374 3555 429 54

315 483 604 557 θριίιπησιν
648 486 790 542 εἶναι
824 487 1287 561 διαϐεϐαιουμένῳ
1331 490 1431 562 τὴν
1482 493 1561 555 είς
1610 490 1893 561 ἄνθρωπον

1996 492 2203 556 deceat,
2251 503 2304 546 et
2344 493 2411 547 ab
2445 492 2559 561 ipsa
2604 492 2839 548 veritate
2869 493 3168 558 aberrasse,
3215 494 3267 549 in
3310 506 3373 548 eo
3414 499 3556 565 quod

313 578 608 649 ἐνοίκησιν,
626 581 939 647 καταδεῖξαι
958 583 1311 654 πειράσομαι.
1334 585 1395 637 El
1419 585 1518 655 μὲν
1537 585 1645 657 γάρ
1667 583 1752 653 ἐφ’
1775 584 1892 646 ἐνός

313 685 373 721 τε
401 671 495 723 καὶ
531 672 696 741 μόνου
721 673 814 727 τοῦ
851 674 1197 746 Ἐμμανουὴλ
1229 675 1425 747 ἀληθὲς
1451 672 1675 730 εἶναιτὸ
1706 675 1895 747 χρῆμά

316 779 470 831 φησι,
510 763 811 820 διδασκέτω
850 769 949 840 τὴν
998 769 1209 823 αίτίαν·
1246 769 1438 841 μαθεῖν
1479 770 1589 840 γάρ
1623 770 1723 824 οὐκ
1749 768 1887 840 έχω-

316 856 482 924 ἡγουν
514 858 739 929 ὁριστὴν
768 860 951 923 αὐτὸν,
982 861 1078 914 καὶ
1111 860 1427 932 νομοθέτην,
1450 856 1526 916 ὧν
1554 862 1619 915 ἂν
1653 860 1893 931 βούλοιτο

316 940 495 1009 λέγειν
522 944 975 1013 ἀκατασκέπτως,
997 951 1285 1020 ἀνάσχοιτο
1308 951 1374 1005 ἂν
1406 951 1600 1014 οὐδείς.
1620 952 1761 1004 Ἀλλ’
1794 952 1893 1004 οὐκ

318 1031 406 1101 ἐφ’
427 1033 550 1098 ἐνὸς
588 1036 689 1105 μὲν
724 1038 854 1102 ἴσως
877 1040 1039 1110 ἡτῶν
1071 1041 1395 1112 ὁρισθέντων
1428 1043 1606 1114 διήκει
1628 1042 1855 1113 δύναμις
1874 1059 1889 1074 ο

318 1124 381 1174 οῦ
396 1123 817 1196 διαϐεϐλήσεται
844 1129 961 1199 μὲν,
994 1131 1098 1185 κᾶν
1120 1133 1168 1185 εί
1191 1133 1332 1187 κατὰ
1354 1133 1574 1187 πάντων
1595 1134 1681 1203 εἴη
1707 1133 1889 1203 τυχόν.

319 1212 530 1268 οὐκοῦν
555 1217 656 1287 οὐχ
688 1218 855 1282 ἅπαξ,
890 1220 1026 1274 ἀλλά
1058 1222 1397 1287 πλειστάκις,
1431 1224 1892 1295 ἐνηνθριινιτηκότα

320 1306 452 1359 Θεὸν
492 1308 831 1380 εὑρήσομεν·
874 1314 970 1366 καὶ
1001 1311 1063 1366 οῦ
1094 1314 1147 1366 τί
1188 1331 1292 1368 που
1330 1315 1489 1386 μόνον
1526 1315 1618 1369 τὸν
1662 1316 1731 1369 ἐκ
1755 1315 1891 1369 Θεοῦ

322 1397 533 1469 Πατρός
556 1400 748 1468 Λόγον,
781 1402 1079 1476 προσθείην
1103 1404 1148 1458 δ’
1183 1404 1250 1460 ἂν
1281 1405 1453 1475 ἔγωγε
1489 1407 1584 1460 καὶ
1616 1407 1779 1460 αὑτὸν
1799 1408 1891 1460 τὸν

322 1490 563 1562 Πατέρα,
589 1494 685 1547 καὶ
716 1496 941 1566 προσέτι
968 1497 1032 1550 τὸ
1060 1497 1284 1568 Πνεῦμα
1307 1498 1369 1551 τὸ
1405 1499 1579 1568 ἅγιον.
1612 1500 1755 1569 Ἔφη
1793 1500 1890 1569 μὲν

320 1582 449 1652 γάρ,
467 1582 537 1636 δι’
556 1584 675 1649 ἐνὸς
695 1586 805 1639 τῶν
825 1587 998 1656 ἀγίων
1022 1589 1336 1660 προφητῶν,
1361 1590 1614 1662 περὶτῶν
1633 1593 1691 1644 ἐν
1712 1592 1891 1645 πίστει

317 1673 774 1746 δεδικαιωμένων,
801 1679 883 1733 δτι
916 1699 935 1732 ι
967 1678 1267 1753 Ἐνοικήσω
1320 1684 1379 1736 ἐν
1410 1683 1613 1751 αὐτοῖς,
1654 1686 1750 1739 καὶ
1794 1688 1891 1755 ἐμ-

318 1774 700 1843 περιπατήσω,
732 1775 826 1828 καὶ
850 1774 1043 1848 ἐσομαι
1065 1777 1243 1831 αὐτῶν
1266 1777 1419 1843 Θεὸς,
1449 1779 1542 1832 καὶ
1570 1780 1722 1833 αὐτοὶ
1744 1780 1889 1834 έσονο

316 1863 410 1915 ταί
440 1880 544 1934 μου
578 1864 723 1929 λαός.
765 1886 784 1918 ι
809 1866 955 1936 Ἔφη
986 1866 1044 1920 δέ
1067 1869 1162 1921 καὶ
1192 1868 1352 1932 αὐτὸς
1378 1872 1407 1924 ὁ
1444 1870 1707 1942 Χριστόςο
1733 1889 1752 1923 ι
1778 1872 1888 1924 Καὶ
1915 1853 1962 1915 Β

318 1954 414 2009 ἐάν
447 1955 533 2019 τίς
577 1973 678 2025 μου
718 1957 950 2029 ἀκούσῃ,
983 1959 1319 2031 ἐλευσόμεθα
1355 1959 1467 2029 ἐγὼ
1509 1961 1605 2015 καὶ
1631 1963 1659 2015 ό
1700 1961 1891 2033 Πατήρ

322 2061 448 2116 μου,
478 2048 575 2100 καὶ
605 2048 770 2120 μονὴν
800 2049 931 2123 παρ’
953 2049 1104 2121 αὐτῷ
1135 2051 1490 2123 ποιησόμεθα,
1525 2054 1620 2108 καὶ
1646 2054 1706 2107 ἐν
1742 2052 1891 2124 αὐτῷ

319 2138 752 2211 καταλύσομεν.»
770 2142 1025 2215 Γέγραφε
1047 2143 1107 2198 δέ
1122 2162 1226 2198 που
1252 2146 1348 2201 καὶ
1367 2148 1397 2200 ό
1424 2146 1733 2217 σοφώτατος
1753 2147 1893 2201 Παῦ-

318 2227 430 2292 λοςο
456 2250 473 2280 ι
498 2231 607 2284 Καὶ
636 2233 840 2305 Μωσῆς
871 2235 971 2305 μὲν
1005 2238 1195 2302 πιστὸς
1225 2238 1285 2291 ἐν
1312 2238 1420 2310 ὅλῳ
1447 2239 1526 2310 τῷ
1545 2241 1679 2311 οῐκῳ
1704 2239 1888 2307 αὐτοῦ,

319 2320 397 2384 ὡς
440 2321 717 2394 θεράπων,
768 2329 850 2390 είς
891 2330 1193 2400 μαρτύριον
1238 2332 1345 2385 τῶν
1396 2331 1888 2403 λαληθησομένωνο

320 2411 553 2484 Χριστὸς
578 2414 632 2468 δὲ
669 2418 745 2481 ὡς
779 2418 926 2482 Υἱὸς,
966 2421 1061 2475 ἐπὶ
1107 2423 1198 2475 τὸν
1236 2418 1386 2477 οἷκον
1426 2425 1625 2490 αὑτοῦ,
1656 2419 1717 2478 οὗ
1745 2422 1893 2489 οἶκός

321 2503 490 2573 ἐσμεν
521 2507 699 2576 ἡμεῖς.
731 2528 749 2560 ι
779 2510 889 2563 Καὶ
925 2512 1032 2583 μὴν
1056 2515 1154 2567 καὶ
1188 2514 1428 2586 περὶτοῦ
1457 2515 1613 2584 ἁγίου
1636 2516 1891 2587 Πνεῦμα-

320 2611 441 2659 τος·
470 2616 490 2649 ι
513 2598 626 2652 Οὐκ
660 2601 837 2656 οἴδατε
876 2605 960 2658 ὅτι
1003 2606 1132 2670 ναὸς
1154 2606 1291 2661 Θεοῦ
1326 2608 1472 2673 ἐστε,
1502 2608 1597 2661 καὶ
1634 2609 1694 2662 τὸ
1718 2609 1890 2662 Πνεῦ-

325 2704 404 2757 μα
430 2688 526 2742 τοῦ
558 2690 695 2745 Θεοῦ
721 2695 863 2749 οίκεί
895 2698 953 2750 ἐν
987 2698 1144 2767 ὑμίνς
1178 2718 1195 2748 ι
1218 2699 1428 2753 Οὐκοῦν
1462 2702 1511 2754 εί
1533 2701 1592 2754 τὸ
1614 2701 1893 2772 ἐνοικῆσαί

320 2794 435 2831 τισι
479 2778 737 2849 λέγεσθαι
777 2787 993 2841 καὶτὸν
1022 2789 1132 2842 τῶν
1160 2789 1296 2843 ὅλων
1337 2791 1489 2854 Θεὸν,
1528 2792 1686 2845 τοῦτό
1719 2795 1889 2855 ἐστιν,

323 2868 357 2937 ἡ
402 2870 835 2945 ἐνανθρώπησις,
885 2879 1054 2949 ἤγουν
1099 2882 1132 2951 ή
1168 2881 1477 2951 σάρκωσις,
1522 2881 1764 2950 λεγέσθω
1799 2884 1894 2936 καὶ

322 2960 409 3029 ἐφ’
435 2964 669 3018 ἑκάστου
698 2968 807 3022 τῶν
850 2970 947 3040 τῆς
979 2971 1128 3035 θείας
1162 2973 1375 3041 φύσεως
1418 2974 1719 3042 γεγονότων
1774 2993 1892 3029 κοι-

321 3051 528 3119 νωνῶν,
562 3058 657 3110 καὶ
689 3058 797 3130 μὴν
820 3062 915 3113 καὶ
942 3062 1149 3116 ἐνοικον
1173 3065 1484 3135 ἐσχηκότων
1513 3065 1698 3132 αὐτὸν,
1729 3066 1814 3120 ὅτι
1835 3083 1893 3119 τε

325 3147 417 3250 καὶ
432 3149 853 3250 ἐνηνθρὼττησε,
887 3154 979 3208 καί¹
1003 3156 1141 3227 πρός
1163 3175 1223 3210 τε
1263 3158 1437 3231 τούτῳ
1462 3161 1543 3224 τὸ,
1574 3161 1885 3234 ἐσαρκώθη.
1917 3191 1960 3250 C

324 3233 399 3293 Οὖ
427 3240 491 3312 δὴ
542 3247 850 3313 γεγονότος,
901 3250 995 3301 καὶ
1043 3251 1479 3322 παραδεχθέντος
1524 3256 1599 3317 ὡς
1632 3233 1889 3327 ἀληθοῦς,

325 3332 645 3401 πλειστάκις
675 3338 781 3393 κᾶν
813 3340 1024 3409 λέγοιτο
1050 3346 1377 3417 γεγενῆσθαι
1426 3348 1562 3420 σάρξ
1595 3352 1623 3403 ὁ
1658 3352 1722 3403 ἐκ
1754 3352 1891 3405 Θεοῦ

325 3424 537 3496 Πατρὸς
571 3428 742 3497 Λόγος
762 3446 777 3461 ⁸
809 3432 1006 3487 ἐνοικεῖ
1027 3434 1082 3488 δὲ
1111 3436 1206 3489 καὶ
1233 3438 1314 3501 εἰς
1342 3437 1501 3510 δεῦρο
1540 3441 1757 3503 πολλοῖς
1782 3443 1891 3495 τῶν

326 3515 635 3586 σεϐομένων
667 3522 851 3577 αὐτόν.
897 3524 1056 3578 Ἀλλά
1088 3528 1196 3591 ναὶ,
1226 3530 1380 3600 φησὶ,
1412 3530 1724 3601 γέγραπται
1764 3536 1894 3605 περὶ

324 3604 421 3697 τοῦ
458 3606 595 3660 Θεοῦ
629 3610 804 3680 Λόγου
825 3655 841 3678 ,
872 3614 954 3667 ὅτι
991 3634 1009 3666 ι
1047 3617 1387 3688 Ἐσκήνωσεν
1422 3621 1479 3673 ἐν
1512 3624 1663 3693 ἡμῖν.
1694 3642 1711 3675 ι
1746 3604 1891 3697 Ἔφη

322 3696 383 3750 δὲ
427 3699 521 3753 καὶ
547 3702 575 3754 ο
600 3700 885 3769 θεσπέσιος
934 3706 1144 3771 Παῦλος
1181 3711 1311 3781 περι
1332 3711 1424 3763 τοῦ
1476 3716 1693 3766 πάντων
1734 3696 1893 3786 ἡμῶν

324 3789 577 3861 Σωτῆρος
606 3794 847 3864 Χριστοῦ
868 3836 882 3860 ,
912 3799 994 3852 ὄτι
1027 3817 1046 3851 ι
1077 3801 1171 3853 Ἐν
1188 3801 1337 3871 αὐτῷ
1368 3802 1656 3874 κατῴκησε
1690 3808 1799 3859 πᾶν
1834 3808 1896 3860 τὸ

326 3878 602 3952 πλήρωμα
620 3884 724 3954 τῆς
747 3885 1001 3958 θεότητος
1033 3892 1382 3960 σωματικῶς.
1408 3912 1427 3945 ι
1457 3895 1767 3967 Ἐσκήνωσε
1796 3900 1897 3968 μὲν

324 3974 385 4026 ἐν
422 3976 557 4046 ἡμῖν
600 3978 1077 4051 ὁμολογουμένως·
1128 3985 1440 4057 γέγραπται
1489 3987 1595 4061 γὰρ
1629 3990 1760 4044 ὡδί·
1804 3994 1897 4045 καὶ⁵

327 4065 437 4137 μὴν
460 4067 555 4121 καὶ
579 4070 660 4124 ὅτι
680 4073 1020 4146 κατῴκηκεν,
1045 4077 1145 4131 οὐκ
1166 4079 1518 4150 ἀντιτάξομαι
1541 4082 1754 4151 λέγοντί
1780 4100 1895 4137 σοι·

326 4157 589 4233 βούλομαι
614 4164 671 4218 δὲ
702 4166 902 4235 μᾶλλον
922 4170 1022 4234 τάς
1043 4169 1150 4224 τῶν
1178 4170 1459 4244 θεηγόρων
1481 4174 1559 4243 (9)
1586 4174 1898 4245 βασανίζειν

324 4254 533 4321 φωνάς.
569 4255 628 4309 '0
663 4258 762 4327 μὲν
808 4260 917 4331 γὰρ
960 4264 1231 4335 μακάριος
1269 4265 1662 4338 εὐαγγελιστὴς
1710 4286 1897 4340 προει-

329 4346 535 4417 ρηκὼς,
565 4349 648 4402 ὄτι
678 4350 775 4404 καὶ
811 4370 830 4404 ι
854 4354 914 4406 '0
939 4354 1111 4423 Λόγος
1152 4356 1288 4427 σάρξ
1317 4358 1557 4427 ἐγένετο,
1601 4378 1620 4412 ι
1654 4375 1898 4430 προσεπ-

326 4439 525 4509 ἠνεγκε
552 4442 841 4512 ἷχρειωδῶς
887 4445 983 4499 καὶ
1021 4448 1113 4513 τὸ,
1151 4466 1171 4499 ι
1206 4449 1548 4519 Ἐσκήνωσεν
1590 4450 1647 4502 ἐν
1681 4451 1833 4520 ἡμῖν,
1870 4468 1890 4500 ι

1995 581 2433 638 humanationem
2469 584 2609 638 idem
2641 599 2761 639 esse
2792 595 2954 656 atque
2999 585 3052 640 in
3099 586 3315 640 homine.
3347 587 3556 641 inhabi-

1995 674 2257 735 tationem
2278 675 2528 745 alIirmat,
2552 678 2791 733 conabor
2815 678 3122 733 ostendere.
3144 676 3277 732 Nam
3302 678 3344 733 si
3367 678 3419 732 in
3447 692 3556 733 uno

1991 777 2046 823 et
2070 769 2185 823 solo
2216 769 2566 825 Emmanuele
2594 769 2647 824 id
2686 784 2873 824 verum
2908 784 3028 825 esse
3069 769 3289 835 asserit,
3316 767 3432 837 ejus
3475 769 3553 824 rei

1992 874 2211 914 causam
2236 867 2461 928 doceat;
2492 875 2665 931 neque
2694 862 2837 917 enim
2865 861 3010 916 illam
3044 860 3340 931 intelligere
3368 875 3507 931 queo
3537 877 3551 916 :

1990 952 2193 1023 alioqui
2250 963 2398 1007 certe
2446 954 2589 1009 hunc
2640 952 2975 1010 deﬁnitorem
3034 967 3099 1008 ac
3149 951 3553 1022 legumlatorem

1990 1059 2177 1100 eorum
2208 1060 2327 1114 quae
2361 1055 2564 1099 temere
2588 1044 2768 1099 dicere
2795 1046 3037 1109 libuerit,
3067 1058 3225 1099 nemo
3256 1043 3412 1098 ferat.
3449 1042 3555 1097 Sed

1991 1152 2097 1193 non
2132 1137 2197 1193 ad
2232 1154 2394 1192 unum
2448 1136 2775 1192 deﬁnitionis
2814 1136 2974 1206 hujus
3010 1136 3093 1190 vis
3137 1133 3411 1204 pertingit,
3449 1132 3555 1203 27

1990 1244 2169 1301 neque
2204 1229 2308 1283 ulla
2341 1229 2686 1293 eritinvidia,
2722 1228 2932 1282 etiamsi
2965 1227 3214 1280 omnibus
3235 1225 3400 1291 insit;
3430 1237 3556 1294 ergo

1990 1336 2098 1377 non
2135 1321 2323 1387 semel,
2342 1322 2436 1376 sed
2460 1320 2658 1389 saepius
2682 1320 2847 1374 Deum
2876 1318 3076 1373 factum
3108 1316 3377 1371 hominem
3409 1316 3557 1371 inve-

1990 1413 2221 1479 niemus,
2277 1428 2449 1483 neque
2481 1413 2654 1468 solum
2705 1410 2835 1466 illud
2869 1424 2935 1467 ex
2969 1409 3077 1464 Deo
3107 1408 3265 1463 Patre
3303 1407 3553 1474 Verbum,

1990 1506 2084 1561 sed
2128 1504 2377 1573 adjiciam
2424 1519 2525 1576 ego
2576 1512 2723 1559 certe
2768 1503 2930 1558 etiam
2986 1503 3158 1572 ipsum
3213 1500 3449 1566 Patrem,
3496 1514 3558 1552 ac

1989 1607 2251 1669 praeterea
2287 1596 2547 1665 Spit'ilum
2592 1604 2859 1651 sanctum.
2896 1593 3042 1648 Dixit
3072 1592 3215 1649 enim
3257 1606 3352 1662 per
3372 1605 3558 1662 quem-

1991 1690 2113 1745 dam
2140 1704 2171 1744 e
2198 1690 2401 1745 sanctis
2429 1687 2724 1759 prophetis,
2755 1687 2821 1741 de
2846 1685 3155 1741 hominibus
3178 1698 3272 1753 per
3294 1681 3450 1737 ﬁdem
3466 1680 3555 1749 ju-

1992 1782 2238 1837 stiﬁcatis
2277 1799 2292 1836 :
2326 1798 2345 1833 ι
2375 1781 2691 1836 lnhabitabo
2735 1778 2790 1833 in
2828 1778 2983 1849 ipsis,
3011 1786 3067 1832 et
3108 1773 3471 1837 inambulabo,
3504 1779 3563 1825 et

1988 1887 2084 1927 ero
2113 1873 2350 1942 ipsorum
2402 1874 2565 1935 Deus,
2596 1879 2652 1927 et
2676 1869 2775 1941 ipsi
2826 1876 2986 1925 erunt
3017 1868 3147 1923 mihi
3179 1866 3407 1936 populus
3437 1867 3501 1919 ⁸⁷.
3535 1885 3575 1919 »ν

1990 1962 2135 2018 Dixit
2165 1964 2327 2018 etiam
2362 1962 2476 2032 ipse
2500 1962 2785 2019 Christus:
2817 1980 2836 2014 ι
2860 1961 2929 2017 Et
2964 1962 3009 2017 si
3038 1961 3160 2031 quis
3192 1976 3277 2016 me
3307 1959 3557 2023 audierit,

1988 2054 2268 2109 veniemus
2302 2068 2403 2123 ego
2436 2063 2491 2109 et
2537 2053 2697 2108 Pater
2738 2068 2914 2117 meus,
2954 2062 3010 2108 et
3046 2052 3377 2108 mansionem
3418 2050 3583 2120 apuds

1990 2161 2113 2201 eum
2160 2146 2439 2209 faciemus,
2485 2155 2541 2201 et
2588 2146 2640 2201 iu
2689 2145 2807 2213 ipso
2858 2143 3255 2200 diversabimur
3307 2142 3383 2215 (8)
3423 2141 3491 2196 ⁸⁸.
3535 2160 3555 2193 ι

1992 2237 2225 2304 Scripsit
2259 2238 2421 2292 etiam
2466 2238 2658 2293 beatus
2693 2235 2889 2290 Paulus
2922 2253 2937 2291 :
2977 2254 2997 2289 ι
3032 2235 3102 2290 Et
3132 2233 3309 2289 Moses
3346 2234 3589 2303 quidem,-

1994 2327 2164 2381 liilelis
2195 2327 2248 2382 iu
2276 2336 2387 2383 tota
2417 2327 2578 2383 domo
2600 2327 2715 2397 ejus
2744 2337 2804 2381 ιιι
2831 2325 3085 2391 famulus,
3113 2327 3168 2380 in
3196 2323 3560 2380 testimonium

1990 2431 2177 2472 eorum
2210 2432 2330 2488 quae
2357 2418 2584 2473 dicenda
2623 2426 2780 2472 erant
2809 2435 2827 2472 :
2865 2416 3113 2472 Christus
3143 2429 3271 2470 vero
3300 2423 3359 2468 ut
3392 2413 3560 2469 Filius

1991 2524 2154 2579 super
2196 2509 2412 2564 domum
2460 2509 2597 2577 eius,
2642 2507 2798 2578 cujus
2840 2508 3032 2563 domus
3061 2521 3247 2562 sumus
3292 2519 3390 2559 nos
3435 2504 3501 2557 ⁶⁹.
3535 2521 3557 2555 ο

1993 2599 2300 2665 Quinetiam
2330 2600 2399 2655 de
2440 2608 2631 2656 sancto
2664 2599 2871 2670 Spiritu
2901 2617 2916 2653 :
2954 2617 2973 2652 ι
3002 2597 3235 2656 Nescitis
3264 2597 3389 2667 quia
3421 2606 3549 2651 tem-

1991 2691 2137 2760 plum
2170 2692 2264 2747 Dei
2296 2692 2445 2758 estis,
2472 2701 2525 2747 et
2554 2691 2787 2762 Spiritus
2819 2691 2913 2747 Dei
2942 2692 3149 2747 habitat
3175 2692 3227 2745 in
3256 2691 3408 2746 vobis
3428 2689 3514 2742 ὀἳ
3535 2706 3575 2740 »ν

1993 2781 2137 2852 Ergo
2178 2783 2224 2838 si
2274 2783 2501 2853 idipsum
2547 2783 2689 2854 quod
2736 2783 3039 2839 inhabitare
3076 2783 3130 2838 in
3167 2782 3431 2852 aliquibus
3471 2780 3561 2835 ille

1993 2873 2234 2927 omnium
2265 2874 2524 2928 Dominus
2549 2873 2765 2941 dicitur,
2794 2873 2897 2929 hoc
2924 2873 3015 2928 illa
3036 2880 3118 2929 est
3145 2872 3454 2928 humauatio
3476 2870 3561 2926 vel

1994 2966 2315 3031 incarnatio,
2346 2967 2453 3022 dici
2503 2967 2665 3022 liceat
2708 2967 2870 3021 etiam
2902 2966 2955 3021 in
3000 2979 3324 3036 unoquoque
3368 2964 3561 3018 divinae

1996 3070 2202 3114 natura:
2246 3059 2531 3130 participe,
2582 3070 2745 3129 atque
2782 3058 2946 3114 etiam
2992 3057 3383 3112 iuhabitaotem
3418 3056 3471 3109 in
3503 3069 3561 3109 se

1996 3153 2143 3206 illum
2175 3153 2426 3215 habente,
2469 3162 2523 3207 et
2550 3152 2822 3207 hominem
2860 3150 3063 3207 factum
3093 3163 3231 3212 esse,
3264 3157 3317 3203 et
3347 3148 3563 3216 insuper

1995 3245 2354 3299 iucarnatum.
2404 3243 2557 3311 Quod
2606 3244 2657 3297 si
2696 3243 2893 3297 factum
2940 3251 3048 3306 est,
3076 3250 3135 3295 et
3177 3240 3235 3295 si
3272 3248 3330 3293 ut
3373 3253 3558 3293 verum

1994 3335 2320 3401 admittitur,
2348 3335 2615 3404 jam-illud
2648 3350 2713 3389 ex
2753 3334 2860 3390 Deo
2893 3334 3126 3388 Verbum
3169 3346 3313 3401 smpe
3340 3345 3558 3386 carnem

1994 3426 2194 3482 factum
2227 3428 2331 3482 dici
2364 3426 2494 3481 nihil
2535 3425 2783 3496 prohibet
2814 3445 2830 3481 :
2876 3426 3143 3481 inhabitat
3178 3434 3356 3478 autem
3400 3423 3561 3478 etiam

1996 3521 2170 3574 adhuc
2200 3519 2253 3573 iu
2302 3519 2486 3573 multis
2531 3533 2652 3572 eum
2701 3516 3020 3571 colentibus.
3070 3517 3140 3570 At
3168 3516 3333 3581 enim,
3368 3516 3560 3583 inquit,

1995 3612 2253 3680 scriptum
2282 3619 2362 3664 est
2385 3610 2453 3663 de
2477 3610 2585 3664 Deo
2608 3607 2786 3664 Verbo
2811 3624 2825 3663 :
2858 3626 2877 3659 ι
2900 3606 3174 3663 Habitavit
3200 3608 3252 3661 in
3282 3607 3434 3661 nobis
3456 3607 3557 3661 ⁷⁸.»

1999 3703 2142 3757 Dixit
2187 3704 2347 3757 etiam
2391 3701 2583 3757 beatus
2630 3700 2825 3755 Paulus
2872 3699 2939 3755 de
2983 3700 3224 3755 omnium
3283 3697 3589 3753 Salvatore-

1996 3795 2212 3850 Christo
2259 3810 2274 3848 :
2327 3811 2346 3845 ι
2384 3792 2439 3847 In
2476 3807 2543 3846 eo
2589 3790 2849 3846 habitavit
2898 3792 3074 3845 omnis
3114 3791 3390 3861 plenitudo
3430 3791 3563 3843 divi-

1997 3889 2183 3944 nitatis
2217 3887 2572 3957 corporaliter
2608 3888 2676 3942 ".
2706 3904 2725 3938 ι
2763 3886 2961 3941 Fateor
3004 3884 3151 3939 illum
3188 3883 3461 3939 habitasse
3506 3883 3590 3938 in,

1999 3981 2152 4036 nobis
2186 3981 2286 4051 (sic
2320 3994 2549 4048 namque
2573 3978 2834 4046 scriptum
2866 3976 2994 4047 est),
3060 3990 3160 4030 nec
3221 3975 3275 4029 in
3339 3974 3431 4029 illo
3483 3973 3563 4027 iu-

1998 4072 2318 4135 habitasse,
2392 4071 2487 4124 tibi
2543 4070 2742 4125 dicenti
2805 4066 3118 4136 repugnabo
3162 4085 3179 4120 :
3243 4065 3337 4120 sed
3398 4064 3585 4118 velim.

1997 4166 2176 4235 potius
2233 4165 2329 4219 has
2382 4162 2748 4231 theologorum
2819 4174 2978 4216 voces
3042 4159 3377 4215 examinare.
3430 4156 3589 4211 Nam.

1997 4260 2187 4313 beatus
2230 4255 2556 4327 evangelista
2607 4269 2729 4309 cum
2784 4255 2933 4323 prius
2982 4252 3239 4316 dixisset,
3274 4272 3291 4303 ι
3329 4250 3561 4307 Verbum

1996 4366 2125 4405 caro
2163 4348 2363 4403 factum
2406 4356 2523 4411 est,
2555 4366 2574 4400 ι
2606 4346 2885 4415 subjunxit
2911 4354 3232 4415 opportune,
3265 4361 3291 4395 ι
3319 4342 3382 4396 Ει
3414 4344 3565 4397 habi-

2000 4442 2137 4499 tavit
2164 4441 2215 4494 in
2244 4439 2434 4505 nobis;
2469 4458 2487 4491 ι
2523 4448 2580 4492 ιιι
2608 4452 2705 4508 per
2747 4446 3037 4507 utrumque
3072 4437 3333 4504 integram
3366 4434 3563 4488 Christi

328 4530 417 4583 ἵνα
440 4531 512 4584 δι’
541 4532 744 4602 ἀμφοῖν
771 4534 1143 4607 ἀδιαλώϐητον
1168 4539 1225 4591 ἐν
1256 4540 1390 4609 ἡμῖν
1416 4538 1780 4611 ἐνεργάσηται
1800 4537 1895 4591 τοῦ

2003 4532 2243 4603 mysterii
2278 4531 2642 4602 cognitionem
2690 4529 2851 4584 nobis
2894 4529 3149 4583 traderet.
3185 4526 3316 4581 Nam
3358 4526 3565 4579 unitum

326 4620 467 4674 κατά
495 4620 731 4693 Χριστὸν
765 4625 1068 4697 μυστηρίου
1102 4626 1202 4697 τὴν
1244 4628 1464 4697 γνῶσιν.
1499 4629 1622 4681 Ὅτι
1657 4628 1757 4699 μὲν
1788 4629 1897 4700 γάρ

325 4710 513 4785 ὴνώθη
546 4715 711 4786 σαρκὶ
743 4716 866 4770 καθ’
895 4718 1195 4773 ὑπόστασιν
1224 4722 1253 4773 ὁ
1285 4722 1349 4773 ἐκ
1375 4720 1509 4775 Θεοῦ
1550 4720 1762 4792 Πατρὸς
1792 4721 1896 4775 Λό-

325 4820 446 4873 γος,
469 4804 873 4878 διαμεμένηκεν
900 4807 922 4881 [
946 4809 1031 4863 ῑσ.
1058 4809 1502 4883 διαμεμήνυκεν]
1526 4812 1775 4884 ἐναργῶς
1807 4811 1899 4868 διά

327 4913 394 4965 γε
438 4895 537 4951 τοῦ
594 4899 773 4971 σάρκα
804 4898 987 4969 λέγειν
1025 4901 1282 4970 γενέσθαι
1310 4903 1503 4958 αὐτόν’
1533 4905 1616 4957 ὅτι
1659 4904 1717 4958 δὲ
1760 4902 1898 4975 σὰρξ

327 4985 587 5057 γεγονὼς,
610 4989 711 5042 οὐκ
738 4991 817 5056 είς
840 4992 938 5062 τὴν
967 4992 1065 5063 τῆς
1097 4994 1299 5065 σαρκὸς
1332 4994 1759 5067 μετακεχώρηκε
1793 4995 1897 5065 φύ-

400 5169 444 5202 ⁶⁷
469 5170 642 5227 Levit.
679 5185 826 5236 xxvr,
857 5170 956 5237 12;
990 5171 1030 5226 II
1061 5173 1188 5229 Cor.
1217 5188 1289 5238 vr,
1334 5175 1418 5229 lli.

359 5240 444 5297 14.
520 5243 566 5273 ⁷²
584 5240 796 5295 Coloss.
835 5258 896 5305 ιι,
932 5245 985 5296 9.

1499 5174 1543 5205 “
1570 5174 1726 5229 Joau.
1767 5192 1877 5237 xw,
1912 5174 2002 5229 25.

2001 4642 2121 4680 esse
2146 4624 2295 4679 carni
2328 4624 2623 4679 secundum
2650 4621 2979 4693 hypostasim
3012 4620 3139 4677 illud
3176 4635 3239 4673 ex
3276 4619 3382 4672 Deo
3408 4616 3567 4670 Patre

2001 4716 2237 4770 Verbum
2265 4713 2524 4770 indicavit
2552 4723 2736 4783 aperte
2763 4728 2886 4767 cum
2916 4712 3069 4773 dixit,
3105 4712 3275 4781 ipsum
3310 4725 3429 4764 esse
3452 4724 3567 4763 car»

2001 4824 2121 4863 nem
2144 4807 2344 4864 factum
2370 4825 2385 4862 :
2407 4809 2517 4875 jam
2545 4818 2674 4860 vero
2694 4820 2913 4859 carnem
2945 4802 3141 4859 factum
3171 4817 3274 4856 non
3304 4801 3355 4854 in
3388 4802 3573 4854 carnis

2002 4901 2260 4957 transisse
2280 4908 2552 4962 naturam.
2575 4911 2748 4968 neque
2772 4896 3120 4951 mutationem
3153 4893 3206 4947 in
3225 4893 3277 4947 id
3297 4892 3436 4961 quod
3464 4909 3568 4946 nou

2000 5003 2118 5048 erat
2143 4992 2396 5059 subiisse,
2421 4992 2519 5047 sed
2540 5005 2661 5045 cum
2683 4988 2912 5058 eo-quod
2932 4985 3228 5041 secundum
3251 5000 3347 5039 nos
3370 4984 3565 5039 factum

2082 5174 2126 5206 “
2153 5172 2319 5229 Hebr.
2352 5187 2439 5237 ιιι,
2477 5171 2542 5236 5,
2563 5168 2618 5224 6.
2730 5166 2816 5222 ⁷⁸1
2845 5165 2971 5224 Cor.
3004 5180 3089 5233 ιιι,
3124 5164 3211 5221 l6.
3286 5165 3505 5220 “Joau.
3531 5181 3568 5231 ι,

1613 5397 1768 5452 ΑΝΤ.
1812 5394 2077 5452 AGELLII
2119 5394 2350 5451 ΝΟΤᾸΕ.

405 5583 483 5650 (8)
499 5579 806 5637 Posteriora
830 5579 992 5633 verba
1018 5590 1062 5633 et
1086 5581 1138 5633 in
1167 5580 1276 5649 ipso
1297 5580 1351 5633 di
1370 5580 1709 5650 versabimur,
1726 5594 1899 5647 neque

334 5647 511 5707 Latini
543 5652 698 5706 codd.
755 5651 883 5705 Novi
935 5647 1287 5713 Testauteuti,
1345 5666 1516 5718 neque
1571 5647 1742 5703 Graeci
1800 5651 1895 5702 hu-

336 5725 506 5786 heut;
575 5731 629 5775 et
692 5722 832 5775 idem
900 5720 1206 5789 signiﬁcant
1271 5736 1390 5774 cum
1469 5721 1897 5787 praecedentibus

336 5795 517 5849 verbis
554 5809 567 5844 :
609 5792 753 5849 idem
784 5800 865 5848 est
907 5792 1051 5849 enim
1085 5789 1357 5861 diversari
1392 5790 1445 5847 in
1488 5790 1689 5859 aliquo,
1735 5798 1790 5845 et
1842 5790 1896 5846 in

2006 5594 2072 5631 co
2135 5579 2468 5633 mansionem
2534 5577 2734 5634 facere.
2792 5577 3075 5633 llabehant
3143 5585 3320 5632 tamen
3385 5591 3605 5632 omnes.

2006 5653 2166 5704 cedd.
2207 5650 2415 5718 Cyrilli.

2075 5721 2150 5789 (9)
2183 5720 2275 5773 Sic
2308 5722 2576 5787 appellare
2616 5720 2754 5771 solet
2790 5733 3065 5773 sacrorum
3106 5720 3429 5790 scriptorqu
3480 5733 3601 5770 an»-

2003 5799 2201 5859 ctores,
2232 5800 2287 5844 ut
2319 5794 2585 5859 apostolos
2615 5801 2669 5846 et
2702 5789 3082 5859 eVattgelistas.
