4054 6332
497 355 565 410 55
1517 345 1573 400 S.
1614 345 1889 400 CYRILLI
1930 345 2398 402 ALEXANDRINI
2438 344 2755 402 ARCHIEP.
3677 342 3744 398 56

501 474 584 517 est
620 459 883 517 mansisse
908 461 1048 530 quod
1079 468 1217 528 erat,
1240 460 1293 516 id
1319 475 1512 516 rursus
1542 462 1889 532 perspicuum
1924 461 2072 528 facit,

2183 481 2290 530 σιν,
2332 465 2541 536 τροπὴν
2587 463 2889 534 ὑπομείνας
2921 463 3018 534 τὴν
3060 463 3140 524 εἰς
3179 461 3316 531 ὅπερ
3349 459 3448 512 οὐκ
3487 451 3578 528 ἦν,
3607 456 3746 510 ἀλλά

499 554 585 607 illa
636 553 794 606 verba
849 572 860 606 :
914 570 931 602 ι
963 549 1237 606 Habitavit
1285 551 1339 606 in
1377 551 1552 616 nobis,
1585 569 1603 603 ι
1646 552 1918 621 prioribus
1969 552 2073 607 illis

2181 552 2318 623 μετὰ
2365 552 2458 606 τοῦ
2499 552 2751 621 γενέσθαι
2789 551 2911 604 καθ’
2938 552 3104 620 ἡμᾶς,
3144 549 3453 619 μεμένηκεν
3483 548 3619 617 ὅπερ
3652 542 3742 616 ἦν,

497 645 779 715 adjiciens.
823 644 1101 700 Habitasse
1126 653 1302 700 autem
1337 643 1464 699 dicit
1502 644 1690 699 beatus
1722 642 1923 722 Paulus
1965 644 2075 714 28

2180 643 2454 715 διατρανοί
2501 644 2665 698 πάλιν
2715 643 2776 696 τὸ
2804 683 2818 706 ,
2869 660 2886 692 ι
2927 642 3264 710 Ἐσκήνωσεν
3312 640 3371 690 ὲν
3411 639 3562 707 ἡμῖν,
3614 655 3631 688 ι
3667 634 3748 706 τῷ

501 754 552 791 ιιι
581 736 796 794 Christo
831 752 1046 792 onmem
1078 737 1463 806 plenitudinem
1495 737 1796 791 divinitatis
1820 751 2074 806 corpora-

499 829 641 894 liter,
693 842 761 884 ne
807 830 1074 900 quispiam
1127 828 1426 898 simplicem
1473 828 1557 884 vel
1615 828 2070 884 habitudinariam

501 921 887 976 habitationem
930 921 1254 988 suspicetur,
1285 920 1378 976 sed
1413 935 1618 984 veram,
1651 929 1711 973 ut
1744 921 1901 975 modo
1937 919 2069 984 dixi,

496 1019 550 1065 et
571 1011 862 1066 secundum
884 1012 1238 1082 hypostasim.
1266 1011 1452 1082 Neque
1476 1013 1618 1067 enim
1651 1013 1732 1067 vir
1757 1012 1843 1066 ille
1867 1011 2071 1081 Spiritu

500 1099 595 1154 Dei
625 1102 812 1169 plenus
839 1101 1125 1172 ignorabat
1152 1103 1526 1171 incorporeum
1557 1100 1797 1156 esse'Dci
1840 1099 2070 1154 Verbum

496 1201 546 1244 et
587 1189 947 1262 impalpabile.
972 1190 1172 1246 Verum
1198 1191 1322 1263 quia
1357 1206 1576 1247 necesse
1601 1201 1719 1245 erat
1741 1204 1799 1244 ut
1829 1190 2070 1261 mysterii

497 1283 783 1353 explicatio
807 1285 954 1339 nulla
988 1285 1197 1339 ratione
1245 1299 1434 1338 manca
1470 1284 1760 1349 videretur,
1807 1283 1898 1337 sed
1934 1283 2072 1337 adeo

497 1384 752 1429 accurate
778 1389 842 1430 ac
873 1375 1125 1430 distincte
1148 1373 1213 1428 ad
1251 1385 1452 1429 rectam
1484 1375 1721 1443 regulam
1759 1375 2070 1428 veritatem-

497 1478 602 1533 que
634 1466 958 1529 traderetur,
990 1474 1050 1518 ut
1079 1479 1240 1520 omne
1270 1465 1588 1518 miraculum
1625 1475 1927 1534 superaret,
1962 1465 2070 1518 vim

500 1554 662 1609 infert
686 1556 1084 1625 consequentia:
1118 1570 1320 1622 rerum,
1356 1564 1410 1609 et
1451 1571 1615 1624 prape
1655 1556 1903 1618 dixerim,
1931 1555 2070 1622 quod

500 1647 868 1716 incorpoream
897 1647 1042 1701 illam
1067 1661 1440 1715 summamque
1469 1658 1715 1700 naturam
1744 1649 1917 1713 decet,
1940 1661 2071 1700 con-

498 1739 690 1793 temnit
751 1758 763 1794 :
812 1741 1011 1810 adjecit
1065 1739 1208 1794 enim
1251 1741 1494 1803 verbum,
1535 1741 1894 1806 corporaliter,
1946 1755 2067 1793 cum

2177 735 2379 807 πρώτῳ
2406 735 2824 807 προπεθεικὼς.
2862 733 3201 802 Κατοικῆσαι
3223 731 3280 784 δέ
3301 748 3465 801 φησιν
3491 733 3518 782 6
3549 730 3746 782 θεσπε-

2180 845 2295 891 σιος
2339 827 2552 890 Παῦλος
2587 827 2646 880 ὲν
2689 825 2770 895 τῷ
2821 823 3043 894 Χριστῷ
3078 825 3186 877 πᾶν
3232 822 3294 874 τὸ
3325 822 3598 891 πλήρωμα
3646 822 3746 883 τῆς

2178 919 2429 990 θεότητος
2471 916 2798 988 σωματικῶς
2816 933 2830 948 ο
2860 918 2946 968 ἵνα
2988 917 3060 985 μὴ
3086 915 3283 985 ἁπλῆν,
3302 914 3469 982 ἧγουν
3492 913 3746 982 σχετικὴν

2174 1011 2274 1080 τὴν
2313 1010 2632 1079 κατοίκησιν
2683 1007 3046 1077 ὑποτοπήσειέ
3091 1024 3195 1070 τις,
3236 1005 3349 1059 ἀλλ’
3390 1005 3580 1072 ὥσπερ
3608 1003 3745 1071 ἔφην

2176 1102 2398 1173 ἀρτίως,
2439 1101 2704 1173 ἀληθινήν
2736 1118 2795 1154 τε
2839 1101 2934 1154 καὶ
2979 1099 3103 1153 καθ’
3137 1099 3453 1151 ὑπόστασιν.
3486 1097 3603 1148 Ὀτι
3648 1095 3745 1163 μὲν

2173 1196 2281 1266 γὰρ
2314 1195 2604 1265 ἀσώματός
2636 1194 2697 1246 τέ
2731 1194 2867 1260 ἐστι,
2906 1197 3001 1246 καὶ
3029 1191 3238 1262 ἀναφὴς
3268 1192 3297 1243 6
3339 1189 3432 1242 τοῦ
3475 1187 3610 1241 Θεοῦ
3640 1188 3745 1239 Λό-

2173 1307 2286 1358 γος,
2317 1291 2418 1342 οὑκ
2444 1288 2711 1359 ἠγνόηκεν
2753 1288 2782 1339 6
2825 1285 3293 1356 πνευματοφόρος.
3333 1281 3551 1352 Ἐπειδὴ
3579 1280 3636 1334 δὲ
3675 1276 3743 1349 ἦν

2174 1383 2492 1450 ἀναγκαῖον,
2524 1379 2622 1451 τὴν
2655 1379 2749 1432 τοῦ
2793 1379 3094 1449 μυστηρίου
3126 1377 3358 1447 δήλωσιν
3400 1375 3519 1427 κατ’
3553 1372 3745 1425 οὐδένα

2173 1475 2373 1546 τρόπον
2413 1472 2642 1543 ὁρᾶσθαι
2685 1471 3119 1541 μεμωμημένην,
3152 1467 3354 1539 ἀκριϐῆ
3392 1467 3449 1519 δὲ
3476 1464 3617 1518 οὕτω
3655 1481 3746 1530 γε-

2173 1566 2380 1630 νέσθαι,
2407 1566 2501 1619 καὶ
2534 1563 2945 1635 διηρθρωμένην
2977 1563 3052 1623 εἰς
3075 1559 3135 1612 τὸ
3161 1558 3287 1610 εὐθύ
3315 1575 3371 1609 τε
3407 1557 3497 1608 xai
3523 1555 3743 1624 ἀληθὲς,

2173 1660 2248 1719 ὼς
2280 1658 2537 1710 ἐπέκεινα
2575 1657 2774 1718 παντὸς
2826 1655 2962 1707 ίέναι
3011 1651 3318 1721 θαύματος,
3355 1646 3743 1711 καταϐιάζεται

2172 1747 2234 1799 τὸ
2260 1747 2428 1810 είκὸς,
2451 1747 2546 1800 καὶ
2586 1746 2869 1816 μονονουχὶ
2897 1743 2957 1796 τὸ
2995 1743 3204 1815 πρέπον
3235 1740 3480 1810 ὑπερορᾷ
3503 1739 3570 1806 τῇ
3606 1737 3746 1788 ἀσω-

498 1829 656 1884 aliter
684 1832 864 1887 dicere
893 1847 999 1886 non
1034 1831 1282 1896 haberet,
1309 1846 1470 1901 quam
1507 1839 1687 1886 nostra
1719 1831 2070 1902 intelligentia

2179 1839 2334 1909 μάτῳ
2371 1855 2430 1891 τε
2459 1838 2553 1890 καὶ
2585 1813 2877 1907 θπερτάτιρ
2909 1813 3069 1902 φύσει
3092 1851 3104 1863 ⁸
3139 1831 3493 1903 προστέθεικε
3519 1827 3626 1898 γάρ
3661 1827 3742 1889 τὸ,

498 1933 552 1978 et
591 1923 770 1993 lingua
806 1922 1064 1992 consequi
1101 1931 1304 1993 posset.
1348 1921 1423 1978 Ne
1465 1923 1627 1993 igitur
1657 1938 1778 1979 cum
1813 1925 1912 1979 iste
1938 1925 2071 1978 sim-

499 2018 687 2089 plicem
737 2019 894 2074 nobis
946 2019 1396 2073 inhabitationem
1449 2028 1860 2086 commemorat,
1919 2031 2074 2088 putes

498 2109 698 2178 aliquid
728 2125 849 2165 eum
880 2109 1058 2164 dicere
1080 2111 1219 2177 quod
1255 2125 1360 2164 non
1387 2110 1675 2164 admodum
1713 2111 1783 2164 sit
1811 2111 2073 2164 damnan-

497 2202 644 2257 dum.
680 2201 816 2256 Nam
844 2214 898 2253 nt
925 2209 1159 2265 evertat,
1193 2212 1252 2255 ut
1283 2202 1397 2269 ipse
1423 2211 1595 2270 putat,
1629 2202 1787 2270 idque
1820 2203 2072 2256 nimirum

498 2293 775 2361 audacter,
810 2293 1210 2363 generationem
1246 2292 1366 2347 Filii
1395 2293 1685 2348 secundum
1713 2309 1956 2356 carnem,
1989 2309 2074 2348 ra-

497 2387 900 2440 tiocinationem
925 2383 1199 2453 componit
1222 2384 1419 2438 anilem
1440 2399 1502 2438 ac
1526 2384 1766 2448 stultam,
1795 2393 1848 2438 et
1872 2385 2071 2438 nullum

497 2495 560 2535 ex
593 2481 818 2533 veritate
858 2478 1085 2533 fulcrum
1117 2477 1428 2532 habentem.
1469 2477 1701 2532 Rursum
1737 2493 1966 2547 namque
1996 2478 2074 2532 sic

499 2573 704 2636 scribit,
744 2586 866 2626 cum
901 2570 1166 2626 adversus
1209 2570 1442 2624 Arianos
1471 2570 1892 2640 disputationem
1924 2570 2074 2624 insti-

497 2666 707 2718 luisset.

571 2756 850 2830 [Νεετοιι.
888 2755 1090 2811 Tamen
1120 2755 1402 2811 divinitate
1426 2766 1573 2809 certe
1609 2769 1725 2822 quae
1753 2751 1925 2822 major
1969 2762 2072 2815 est,

498 2866 669 2916 Ipsum
702 2849 792 2903 Dei
823 2847 1057 2902 Verbum
1088 2848 1357 2902 recentius
1383 2861 1504 2901 esse
1529 2856 1832 2914 nugantur;
1863 2853 1919 2897 at
1944 2860 2075 2898 vero

498 2943 549 2997 ni
583 2943 735 2996 beata
761 2939 929 2995 Maria
963 2941 1132 3010 ipsum
1180 2942 1531 3007 posteriorem
1581 2936 1837 3000 elﬁcinnt,
1868 2946 1922 2992 et
1959 2953 2075 2990 ma-

498 3043 633 3087 irem
661 3032 1007 3102 temporalem
1041 3031 1140 3100 ipsi
1176 3031 1367 3084 lleitati
1397 3031 1577 3098 opilici
1607 3041 1906 3098 temporum
1938 3045 2077 3099 prae-

499 3135 706 3195 ponunt
744 3142 758 3178 :
794 3125 901 3178 imo
945 3140 1072 3178 vero
1120 3125 1288 3194 ipsam
1321 3123 1520 3177 Christi
1557 3132 1834 3190 parentem
1863 3137 1930 3177 ne
1955 3136 2077 3178 esse

499 3219 711 3286 quidem
746 3215 950 3271 Christi
987 3226 1212 3269 matrem
1250 3216 1432 3268 sinunt
1467 3235 1478 3267 ι
1511 3228 1633 3267 nam
1666 3215 1708 3266 si
1749 3230 1852 3267 non
1900 3215 2074 3268 homi-

501 3310 585 3364 nis
617 3318 826 3374 natura,
877 3310 971 3363 sed
1015 3309 1154 3362 Deus
1207 3306 1435 3360 Verbum
1476 3306 1595 3370 fuit,
1643 3316 1702 3360 ut
1745 3307 1820 3360 illi
1872 3307 2076 3371 dicunt,

501 3416 658 3472 quem
703 3401 791 3455 illa
817 3400 1046 3470 peperit,
1091 3399 1306 3469 pariens
1342 3399 1470 3452 editi
1521 3407 1706 3467 partus
1741 3399 1885 3453 nullo
1921 3400 2079 3453 modo

504 3504 678 3548 mater
712 3501 796 3547 est
829 3506 844 3545 :
876 3492 965 3561 qui
1003 3491 1146 3546 enim
1200 3491 1270 3542 sit
1328 3499 1500 3544 mater
1540 3489 1683 3544 illius
1715 3490 1806 3558 qui
1849 3489 1918 3542 ab
1964 3488 2080 3556 ejus

502 3596 694 3639 natura
732 3584 804 3639 sit
841 3583 1167 3638 extraneus?
1200 3581 1354 3647 Quod
1389 3581 1433 3635 si
1464 3592 1634 3634 mater
1671 3580 1808 3649 apud
1849 3595 1941 3634 eos
1981 3596 2077 3648 ap-

503 3677 756 3746 pellatur,
785 3675 1094 3743 humanitas
1122 3684 1206 3728 est
1235 3682 1388 3742 partu
1423 3673 1589 3737 edita,
1624 3686 1730 3728 non
1780 3673 2034 3726 divinitas
2066 3694 2076 3727 :

503 3786 626 3824 nam
650 3770 843 3838 cuique
863 3768 1017 3820 matri
1041 3767 1316 3836 proprium
1333 3773 1416 3820 est
1434 3763 1895 3820 consubstantiale
1922 3779 2081 3833 pare-

505 3877 585 3918 re.
617 3865 721 3915 Aut
746 3860 905 3931 igitur
929 3875 1032 3914 non
1065 3860 1168 3915 erit
1201 3870 1374 3912 mater
1404 3873 1524 3927 qua:
1555 3856 2078 3913 cansnbstantialem

503 3955 604 4008 sibi
633 3952 855 4008 minime
878 3951 1086 4021 peperit
1113 3969 1127 4005 :
1165 3960 1254 4005 aut
1286 3951 1329 4004 si
1364 3961 1535 4003 mater
1562 3950 1630 4004 ab
1669 3951 1803 4020 ipsis
1835 3958 2078 4014 vocatur,

505 4046 606 4101 sibi
641 4045 692 4099 in
725 4044 1028 4100 substantia
1060 4041 1291 4098 similem
1319 4039 1564 4111 genuit.]

1150 4156 1302 4214 CAP.
1345 4156 1433 4210 IX.

578 4256 836 4323 Perquam
873 4251 1114 4308 abditum
1151 4265 1284 4306 sane
1328 4251 1720 4306 sententiarum
1768 4252 1995 4321 pondus,
2018 4267 2083 4307 ac

507 4351 798 4404 vehemens
831 4358 887 4401 et
921 4347 1246 4401 inevitabilis
1276 4347 1511 4402 hominis
1537 4347 1627 4416 qui
1662 4348 1816 4402 nobis
1851 4348 1923 4401 ita
1953 4363 2081 4403 con-

507 4441 748 4511 scripsit,
811 4438 1245 4510 syllogismorum
1316 4438 1400 4492 vis
1458 4439 1720 4493 cernitur.
1778 4439 2080 4503 Undeoam,

2175 1927 2542 1998 σωματικῶς,
2565 1929 2661 1998 οὺχ
2684 1929 2884 1998 ἑτέρως
2907 1926 3045 1994 ἔχων
3073 1926 3268 1985 εἰπεῖν,
3292 1923 3324 1992 ἢ
3349 1922 3424 1984 ὼς
3445 1920 3510 1974 ἂν
3538 1920 3747 1988 γένοιτο

2175 2023 2271 2075 καὶ
2295 2023 2390 2091 νῷ,
2421 2021 2516 2074 καὶ
2544 2019 2758 2089 γλώττῃ
2796 2021 2862 2088 τῇ
2901 2017 3023 2070 καθ’
3063 2016 3210 2087 ἡμᾶς
3238 2014 3474 2082 ἐφικτόν.
3513 2013 3605 2081 Μή
3636 2011 3747 2062 τοί-

2174 2133 2268 2168 νυν
2299 2115 2478 2183 ἁπλῆν
2509 2115 2642 2184 ήμϊν
2668 2111 3002 2181 ὀνομάζοντα
3035 2108 3327 2178 ἐνοίκησιν,
3353 2107 3463 2159 οἴου
3490 2123 3542 2158 τι
3569 2105 3748 2172 λέγειν

2175 2208 2337 2260 αὐτὸν
2381 2207 2487 2259 τῶν
2536 2206 2597 2259 οὐ
2654 2205 2861 2275 σφόδρα
2898 2201 3153 2270 διαϐεϐλη
3164 2200 3368 2270 μένων·
3431 2196 3748 2266 ἀνατρέπων

2175 2303 2304 2372 γὰρ.
2336 2299 2588 2369 καθάπερ
2637 2293 2730 2350 οὖν
2777 2297 2948 2350 οἴεται
2969 2336 2981 2357 ,
3017 2296 3113 2346 καὶ
3159 2292 3308 2362 μάλα
3341 2288 3622 2352 νεανικῶς,
3650 2287 3748 2355 τὴν

2176 2393 2316 2446 κατὰ
2348 2393 2526 2462 σάρκα
2555 2391 2804 2460 γέννησιν
2841 2386 2937 2440 τοῦ
2969 2384 3122 2447 Υἰοῦ,
3165 2382 3445 2452 συντίθησι
3487 2379 3748 2448 λογισμὸν

2175 2485 2523 2556 γραοπρεπῆ,
2561 2483 2656 2536 καὶ
2696 2481 2923 2552 ήλίθιον,
2955 2481 3049 2532 καὶ
3076 2475 3392 2546 ὑποϐάθραν
3423 2475 3523 2527 οὐκ
3558 2471 3748 2542 ἔχοντα

2173 2580 2272 2647 τὴν
2311 2577 2368 2642 ἐξ
2410 2575 2687 2646 ἀληθείας.
2716 2574 2924 2644 Γράφει
2983 2571 3092 2640 γὰρ
3133 2569 3224 2622 καὶ
3271 2563 3373 2621 ὧδε
3419 2566 3602 2632 πάλιν,
3649 2581 3746 2617 πε-

2176 2671 2396 2740 ποίηται
2430 2668 2488 2722 δὲ
2527 2668 2661 2738 πρὸς
2701 2664 3013 2734 Ἀρειανους
3040 2662 3068 2712 6
3101 2662 3257 2728 λόγος
3279 2657 3447 2728 αὐτῷ.

2248 2763 2478 2834 [Ὅμως
2517 2761 2574 2814 δὲ
2618 2761 2720 2813 κᾶν
2760 2759 3011 2826 θεότητος
3051 2755 3295 2826 μείζονος
3342 2754 3432 2806 τὸν
3477 2750 3610 2804 Θεον
3643 2759 3746 2802 Λο-

2175 2873 2270 2924 γον
2294 2853 2520 2926 ληροῦσι
2545 2851 2805 2923 νεώτερον
2827 2867 2840 2880 ο
2871 2844 3014 2903 οὗτοι
3047 2850 3102 2902 δὲ
3144 2846 3304 2899 αὑτὸν
3341 2844 3441 2912 τῆς
3473 2840 3748 2913 μακαρίας

2176 2945 2397 3017 Μαρίας
2435 2941 2760 3013 ἐργάζονται
2791 2939 3042 3009 δεύτερον
3067 2954 3078 2966 ·
3122 2938 3213 2990 καὶ
3253 2935 3461 3006 μητέρα
3494 2931 3748 3002 χρονικὴν

2175 3043 2242 3110 τῇ
2271 3036 2586 3109 δημιουργῷ
2608 3035 2714 3088 τῶν
2747 3033 2952 3104 χρόνων
2985 3031 3246 3100 ὲφιστῶσι
3266 3029 3490 3095 Θεότητι
3512 3043 3524 3055 ·
3552 3025 3749 3094 μᾶλλον

2179 3133 2235 3185 δὲ
2265 3131 2384 3184 οὐδὲ
2417 3128 2629 3199 μητέρα
2659 3127 2750 3178 τοῦ
2776 3123 3009 3195 Χριστοῦ
3044 3122 3141 3192 τὴν
3167 3119 3527 3191 Χριστοτόκον
3557 3115 3745 3168 ἐῶσιν·

2181 3225 2229 3276 εἰ
2253 3223 2361 3293 γὰρ
2396 3223 2496 3274 οὐκ
2520 3217 2807 3291 ἀνθρώπου
2854 3217 3035 3285 φύσις,
3068 3214 3202 3267 ἀλλὰ
3235 3212 3366 3274 Θεὸς
3397 3212 3424 3263 6
3456 3209 3626 3277 Λόγος
3647 3203 3713 3276 ἦν
3734 3249 3746 3268 ,

2179 3315 2370 3385 ὥσπερ
2413 3313 2607 3366 ὲκείνοί
2647 3328 2832 3380 φασιν,
2872 3310 2899 3362 ὃ
2929 3309 3037 3380 [ῖσ.
3071 3307 3121 3379 6]
3165 3305 3294 3376 παρ’
3327 3304 3568 3372 ἐκείνης,
3598 3302 3630 3368 ή
3658 3317 3750 3351 τε-

2180 3407 2351 3461 κοῦσα
2379 3406 2474 3458 τοῦ
2497 3403 2779 3474 τεχθέντος
2809 3402 2870 3454 οὐ
2903 3401 3107 3471 μήτηρ.
3132 3397 3257 3456 Πῶς
3287 3395 3394 3466 γὰρ
3415 3396 3499 3461 εἴη
3527 3409 3608 3456 τις
3643 3391 3750 3461 μή·

2179 3516 2282 3569 τηρ
2306 3497 2398 3551 τοῦ
2420 3497 2520 3566 τῆς
2543 3495 2757 3565 φύσεως
2774 3495 2871 3563 τῆς
2895 3493 3060 3558 αὐτῆς
3084 3487 3393 3558 ἁλλοτρίου;
3418 3485 3545 3538 Είδὲ
3570 3484 3753 3554 μήτηρ

2182 3590 2312 3660 παρ’
2355 3589 2534 3642 αὐτῶν
2575 3586 2914 3658 ὀνομάζοιτο,
2965 3581 3318 3653 ἀνθρωπότης
3349 3579 3410 3630 τὸ
3441 3576 3650 3646 τεχθὲν,
3689 3573 3752 3626 οὐ

2182 3683 2370 3750 θεότης
2394 3699 2406 3711 ·
2444 3681 2625 3749 πάσης
2663 3678 2771 3749 γὰρ
2823 3677 2955 3731 [διον
2993 3674 3197 3745 μητρὸς
3234 3670 3496 3742 δμοούσια
3522 3668 3748 3720 τίκτειν.

2183 3778 2254 3830 Ἦ
2277 3772 2368 3828 οὖν
2398 3775 2497 3828 οὑκ
2529 3773 2681 3826 ἐσται
2719 3773 2924 3842 μήτηρ,
2957 3767 3241 3839 ὁμοούσιον
3263 3765 3426 3834 ἑαυτῇ
3455 3761 3528 3832 μὴ
3559 3758 3752 3814 τεκοῦ-

2183 3887 2282 3923 σα·
2336 3869 2368 3940 ἦ
2411 3868 2594 3937 μήτηρ
2637 3865 2767 3934 παρ’
2813 3861 2993 3914 αὐτῶν
3046 3857 3387 3928 καλουμένη,
3430 3854 3522 3908 τὸν
3576 3855 3744 3922 ἑαυτῇ

2184 3962 2302 4014 κατ’
2337 3959 2523 4012 οὐσίαν
2556 3957 2846 4027 ἐγέννησεν
2884 3951 3129 4024 ὅμοιον.]

2785 4153 3037 4209 ΚΕΦΑΛ.
3071 4151 3146 4204 Θ’.

2265 4255 2352 4318 Ὠς
2396 4253 2533 4322 βαθὺ
2581 4250 2641 4304 τὸ
2683 4249 2874 4320 χρῆμα
2924 4245 3032 4299 τῶν
3066 4243 3318 4306 ἐννοιῶν,
3360 4239 3506 4310 δεινή
3557 4237 3613 4291 δὲ
3661 4237 3756 4289 καὶ

2181 4346 2578 4414 δυσδιάφυκτος
2605 4341 2698 4395 τοῦ
2745 4340 2814 4393 τὰ
2852 4339 3030 4392 τοιάδε
3064 4335 3508 4406 συγγεγραφότος
3558 4331 3690 4400 ήμῖν
3721 4330 3754 4396 ή

2182 4441 2247 4492 ὲκ
2269 4438 2378 4491 τῶν
2409 4432 2778 4504 συλλογισμῶν
2809 4432 3022 4499 ἀνάγκη
3045 4429 3312 4496 φαίνεται.
3343 4422 3512 4476 Πόθεν
3533 4422 3666 4491 ἡμῖν
3689 4419 3757 4471 τὰ

507 4510 714 4601 quaso,
751 4529 1014 4601 ejusmodi
1057 4528 1281 4582 fabellas
1329 4527 1583 4582 colleCtas
1625 4529 1830 4582 habens
1872 4529 1924 4582 in
1965 4545 2075 4583 me-

2186 4530 2364 4584 τοιάδε
2397 4526 2821 4600 συναγηγερκὼς
2846 4525 2926 4586 είς
2954 4521 3114 4592 μέσον
3144 4517 3279 4589 ἔρχῃ
3310 4514 3582 4586 μυθάρια;
3613 4510 3645 4580 ἦ
3673 4510 3758 4601 τίς

508 4623 654 4676 dium
685 4620 907 4691 prodis?
961 4627 1054 4672 aut
1083 4620 1332 4688 quisnam
1369 4634 1589 4687 prorsus
1623 4621 1675 4672 in
1709 4635 1827 4672 eam
1859 4630 2078 4674 senten-

509 4717 703 4769 tiarum
739 4711 1022 4766 stultitiam
1047 4722 1130 4765 est
1165 4711 1364 4778 lapsus,
1399 4720 1456 4764 ut
1484 4720 1633 4780 putet
1669 4726 1730 4765 ac
1771 4713 1915 4765 dicat
1946 4712 2079 4767 Uni-

509 4803 675 4875 geniti
705 4803 956 4858 deitatem
987 4817 1089 4856 non
1125 4817 1191 4857 ex
1222 4801 1382 4857 Patre
1407 4812 1532 4857 ante
1555 4803 1749 4857 saecula
1778 4803 2078 4858 subsisten-

511 4899 640 4952 tiam
669 4897 892 4961 habere,
924 4895 1016 4950 sed
1051 4904 1111 4948 ut
1152 4910 1276 4949 esse
1317 4894 1600 4964 inciperet,
1633 4907 1662 4949 a
1693 4909 1856 4950 carne
1880 4905 1933 4950 et
1958 4911 2080 4950 san-

511 4990 670 5060 guine
699 4988 910 5042 initium
937 4986 1250 5056 accepisse?
1273 4985 1404 5053 Quis
1437 4987 1575 5043 adeo
1623 4987 1869 5055 stupidus
1899 4996 1982 5042 est
2027 4997 2082 5041 et

514 5083 824 5150 imperitus,
871 5090 925 5135 et
978 5095 1254 5135 sacrarum
1304 5078 1630 5133 Litterarum
1689 5080 1846 5148 plane
1891 5081 2080 5136 rudis?

511 5177 642 5245 Quis
690 5191 794 5230 non
849 5174 1094 5228 meminit
1145 5172 1255 5244 29
1293 5172 1442 5227 Isaiae
1472 5173 1539 5227 de
1587 5175 1703 5242 ipso
1738 5174 2024 5230 clamantis
2063 5193 2076 5226 :

517 5287 536 5318 ι
577 5265 990 5320 Generationem
1035 5265 1154 5329 ejus
1198 5265 1320 5334 quis
1370 5265 1647 5318 enarrabit
1690 5265 1779 5317 7'?
1809 5285 1826 5317 ι
1861 5265 2081 5320 Joannis

513 5361 673 5413 etiam
708 5368 894 5427 aperte
941 5358 1230 5413 scribentis
1264 5376 1278 5411 :
1331 5375 1350 5408 ι
1382 5356 1435 5411 In
1473 5357 1741 5427 principio
1786 5367 1908 5412 erat
1958 5356 2081 5411 Ver-

515 5451 662 5514 bum,
716 5463 770 5505 et
827 5450 1057 5504 Verbum
1100 5459 1218 5504 erat
1259 5450 1398 5520 apud
1449 5451 1638 5513 Deum,
1686 5460 1738 5504 et
1774 5449 1913 5505 Deus
1963 5459 2081 5504 erat

515 5539 746 5598 Verbum
779 5559 794 5596 :
833 5541 1013 5596 omnia
1040 5556 1136 5611 per
1169 5541 1344 5612 ipsum
1369 5540 1516 5596 facta
1549 5551 1694 5606 sunt,
1723 5550 1778 5596 et
1813 5541 1930 5597 sine
1963 5542 2080 5611 ipso

512 5631 709 5685 factum
736 5642 822 5686 est
850 5631 978 5686 nihil
1006 5632 1090 5684 7‘?
1120 5650 1139 5682 ι
1179 5630 1332 5699 Quod
1358 5631 1400 5688 si
1426 5633 1606 5688 omnia
1641 5647 1739 5705 per
1770 5633 1965 5704 ipsum,
1989 5634 2080 5703 qui

581 5771 622 5801 τε
650 5769 750 5824 lsa.
785 5784 897 5834 Llll,
936 5767 988 5822 8.
1064 5769 1108 5800 7“
1133 5766 1285 5823 Joan.
1321 5768 1504 5831 1.1-5.

2184 4624 2322 4685 ὅλως
2347 4620 2586 4692 ἀμαθίας
2619 4619 2699 4680 είς
2728 4614 2885 4669 τοῦτο
2919 4608 3253 4665 κατώλισθεν
3280 4603 3519 4667 ἐννοιῶν,
3544 4601 3618 4664 ὡς
3645 4600 3756 4651 οἴε-

2189 4713 2314 4767 σθαί
2345 4730 2405 4766 τε
2448 4711 2542 4764 καὶ
2572 4709 2754 4778 λέγειν
2799 4707 2900 4777 τὴν
2928 4704 3157 4773 θεότητα
3192 4700 3286 4754 τοῦ
3322 4694 3664 4765 Μονογενοῦς
3695 4692 3756 4746 οὐ

2189 4806 2518 4878 προαιὼνιον
2550 4802 2695 4873 ἔχειν
2727 4801 2827 4871 τὴν
2854 4797 3088 4868 ὓπαρξιν
3124 4797 3187 4848 ὲκ
3216 4792 3450 4864 Πατρὸς,
3497 4787 3682 4878 ἀρχὴν
3702 4786 3759 4839 δὲ

2193 4873 2394 4968 μάλλον
2421 4895 2520 4964 τῆς
2549 4895 2631 4957 είς
2672 4891 2732 4946 τὸ
2759 4889 2900 4945 εἶναι
2921 4887 3154 4959 παρόδου
3183 4885 3360 4955 σάρκα
3389 4900 3448 4935 τε
3488 4882 3581 4934 καὶ
3619 4873 3760 4948 αἷμα

2189 4987 2404 5050 λαϐεῖν;
2449 4986 2545 5050 Τίς
2584 4985 2757 5046 οὕτως
2803 4980 3190 5052 ὲμδρόντητος,
3244 4977 3339 5030 καὶ
3377 4969 3760 5042 ὀλιγογνώμων

2188 5082 2325 5144 ἐστὶ,
2360 5081 2456 5135 καὶ
2481 5079 2592 5132 τῶν
2622 5077 2782 5149 ἱερῶν
2809 5072 3159 5144 Γραμμάτων
3188 5071 3416 5139 ἀνήκοος
3446 5063 3720 5126 παντελῶς
3745 5078 3759 5126 ;

2187 5173 2283 5236 Τίς
2314 5173 2375 5225 οὐ
2398 5171 2762 5242 διαμέμνηται
2800 5164 3218 5235 διακεκραγότος
3251 5161 3348 5230 μὲν
3381 5159 3604 5213 Ἡσαΐου
3635 5157 3764 5226 περὶ

2189 5263 2384 5316 αὐτοῦ’
2416 5280 2434 5312 ι
2466 5260 2578 5331 Τὴν
2602 5258 2796 5328 γενεὰν
2827 5255 2991 5310 αὑτοῦ
3018 5255 3100 5317 τίς
3129 5255 3476 5322 διηγήσεται;
3509 5269 3526 5301 ι
3556 5249 3764 5316 Γεγραο

2189 5356 2349 5421 φότος
2370 5352 2426 5404 δὲ
2465 5351 2560 5404 καὶ
2604 5349 2854 5404 Ἰωάννου
2889 5345 3109 5414 σαφῶς·
3150 5364 3167 5393 ι
3211 5343 3299 5396 Ἐν
3336 5343 3478 5411 ἀρχῇ
3507 5334 3576 5409 ἦν
3602 5340 3630 5391 6
3664 5339 3765 5391 Λό-

2187 5462 2302 5511 γος,
2339 5443 2432 5498 καὶ
2470 5444 2499 5496 6
2545 5442 2716 5510 Λόγος
2739 5435 2808 5511 ἦν
2857 5438 2991 5509 πρὸς
3025 5436 3114 5488 τὸν
3141 5435 3294 5498 Θεὸν,
3342 5433 3436 5484 καὶ
3469 5430 3601 5493 Θεὸς
3635 5425 3702 5497 ἦν
3737 5430 3764 5480 6

2188 5537 2395 5603 Λόγος⁶
2433 5533 2614 5588 πάντα
2654 5532 2721 5586 δι’
2760 5530 2925 5584 αὑτοῦ
2964 5528 3199 5597 ἐγένετο,
3242 5525 3335 5578 καὶ
3385 5521 3554 5594 χωρὶς
3598 5519 3762 5574 αὑτοῦ

2187 5627 2408 5698 ἐγένετο
2433 5625 2552 5682 οὐδὲ
2579 5625 2714 5693 ἕνῃ
2754 5625 2862 5678 Καὶ
2908 5623 2957 5676 εἰ
2987 5620 3161 5674 πάντα
3188 5617 3254 5672 δι’
3294 5615 3480 5684 αὑτοῦ,
3511 5614 3627 5678 πῶς
3657 5613 3763 5666 τῶν
