4054 6332
335 338 403 393 57
1469 333 1846 393 ADVERSUS
1883 334 2286 395 NESTORIUM
2328 338 2456 395 LIB.
2502 338 2564 394 ll.
3538 332 3608 388 58

334 459 401 512 δι’
446 454 614 513 αὑτοῦ
664 455 970 526 γεγονότων
1014 455 1430 529 όψιγενέστερος
1475 457 1564 530 εἴη
1609 461 1677 512 ἂν
1731 459 1759 512 ό
1804 457 1913 528 πρὸ

2027 460 2131 515 lieri
2169 468 2345 530 potest
2376 469 2434 515 ut
2481 462 2645 516 rebus
2675 473 2773 528 per
2802 458 2979 531 ipsum
3028 454 3186 510 factis
3220 452 3291 508 sit
3338 460 3465 507 natu
3512 466 3607 521 po-

336 549 537 613 παντὺς
564 548 782 613 αἰῶνος,
807 548 899 602 καὶ
921 548 1130 620 χρόνων
1154 565 1169 615 ;
1201 548 1266 601 Τί
1287 549 1469 603 τοίνυν
1491 550 1553 603 τὸ
1582 551 1749 604 πᾶσιν
1778 550 1915 604 ἀπό-

335 639 554 710 ϐλητον,
589 640 665 703 ὡς
694 640 1006 711 εἰρημένον,
1036 640 1341 710 είσφέρεις;
1381 638 1596 694 Παῦσαι
1640 657 1913 712 συκοφανο

336 732 443 785 τῶν
463 732 591 796 τοὺς
622 730 692 785 τὰ
719 730 831 803 [Ian
864 732 930 785 τὰ
958 730 1049 802 σά]
1079 732 1303 795 δικαίως
1332 732 1787 802 ὲπαιτιωμένους,
1820 735 1916 787 καὶ

336 823 435 896 τῆς
456 825 515 877 ὲν
537 822 720 887 αὐτοῖς
738 823 980 895 ἀμαθίας
1004 822 1371 901 διαγελῶντας
1406 824 1467 877 τὸ
1504 825 1751 895 μέγεθος.
1787 826 1915 879 Ὅτε

336 916 516 969 τοίνυν
557 914 732 979 οὐδεὶς
768 918 798 969 ό
829 915 1005 985 λέγων
1049 914 1219 980 ἐστὶν,
1251 916 1328 980 ὡς
1365 916 1682 971 ὲπιτέτοκεν
1707 919 1738 985 ή
1762 918 1915 987 Παρ-

339 1007 490 1071 θένος
515 1009 580 1061 ὲκ
624 1008 727 1079 τῆς
765 1007 901 1072 ιδίας
935 1007 1137 1079 σαρκὸς
1167 1007 1265 1078 τὴν
1307 1007 1406 1075 τῆς
1443 1009 1699 1079 θεότητος
1733 1008 1915 1078 φύσιν,

343 1098 417 1170 μὴ
441 1097 711 1152 διατείνου
742 1099 943 1169 μάτην,
972 1097 1268 1167 λογισμοὺς
1287 1100 1419 1168 ἡμῖν
1442 1099 1787 1161 ἀναπλέκων,
1819 1100 1919 1153 οὐκ

340 1189 399 1254 ἐξ
429 1188 665 1260 ἀληθῶν,
718 1190 813 1244 καὶ
863 1189 1069 1244 ἅπασιν
1118 1190 1571 1262 ὁμολογουμένων
1626 1191 1919 1260 γεγονότας

339 1282 666 1353 λημμάτων.
690 1280 758 1335 Τί
786 1279 843 1335 δέ
876 1299 938 1335 σε
967 1281 1031 1335 τὸ
1060 1282 1346 1346 πεπεικὸς,
1375 1282 1608 1354 ἀκρατῆ,
1642 1284 1737 1337 καὶ
1772 1283 1918 1336 ἀπύ-

341 1373 510 1428 λωτον
552 1371 697 1427 οὕτω
747 1371 978 1444 χαλάσαι
1022 1372 1121 1444 τὴν
1175 1373 1423 1441 γλῶτταν
1454 1373 1596 1427 κατά
1642 1374 1752 1427 τῶν
1784 1374 1921 1446 ὀρθὰ

342 1468 562 1540 φρονεῖν
595 1466 1082 1532 διεσπουδακότων,
1122 1466 1216 1519 καὶ
1246 1467 1449 1530 παντὸς
1483 1467 1578 1521 τοῦ
1622 1468 1920 1539 σεϐομένου

342 1559 477 1614 Θεοῦ
517 1558 628 1633 [Ζσ.
656 1558 812 1631 Θεὸν]
849 1558 1101 1630 ἔγκλημα
1134 1558 1398 1628 καταχέαι
1447 1557 1618 1612 δεινὸν
1650 1559 1746 1613 καὶ
1776 1576 1921 1629 παγ-

342 1652 619 1723 χάλεπον;
661 1653 840 1723 Ἐφης
872 1651 981 1721 γὰρ
1014 1652 1179 1705 πάλιν
1210 1653 1297 1705 ἐπ’
1324 1650 1659 1723 Ἐκκλησίας
1688 1669 1701 1682 ·

413 1738 619 1815 [Εἶπον
646 1743 702 1797 δὲ
750 1744 850 1814 ἥδη
885 1743 1229 1808 πλειστάκις,
1276 1746 1357 1798 ὅτι
1400 1746 1452 1798 εί
1481 1763 1565 1809 τις
1612 1745 1645 1817 ἢ
1694 1747 1753 1799 ὲν
1795 1745 1923 1815 ὑμῖν

342 1809 724 1907 ἀφελέστερος,
744 1809 797 1889 εί
820 1809 883 1889 τε
912 1836 971 1889 ἐν
1006 1836 1189 1901 ἄλλοις
1217 1840 1350 1902 τισὶ,
1380 1838 1561 1909 χαίρει
1577 1809 1645 1910 cii
1672 1836 1765 1891 τοῦ
1795 1809 1927 1891 Oso-
1958 1809 1998 1865 Β

340 1928 502 1990 τόκος
528 1929 703 1999 φωνῇ,
734 1927 860 1999 ἐμοὶ
899 1928 1037 1999 πρὸς
1079 1928 1178 2000 τὴν
1207 1930 1391 2001 φωνὴν
1423 1930 1617 1999 φθόνος
1639 1930 1739 1984 οὐκ
1774 1930 1922 1984 ἐστι’

344 2021 504 2091 μόνον
537 2020 613 2092 μὴ
644 2020 869 2075 ποιείτω
901 2022 1000 2092 τὴν
1033 2022 1311 2095 Παρθένον
1344 2022 1519 2093 θεάν.]

946 2136 1203 2190 ΚΕΦΑΛ.
1246 2138 1302 2189 l'.

412 2247 581 2302 Πάλιν
607 2249 741 2319 ἡμῖν
763 2248 1090 2321 διαλοιδορῇ,
1123 2251 1219 2304 καὶ
1250 2250 1447 2322 πικρὸν
1481 2250 1654 2314 οὓτως
1686 2250 1925 2323 ἐπιθήσῃ

345 2339 452 2414 [ῖσ.
489 2339 793 2413 ἐπιθήγεις]
832 2341 1025 2412 στόμα,
1060 2342 1342 2406 ὀνειδίζεις
1378 2343 1434 2396 δὲ
1472 2344 1570 2414 τὴν
1596 2344 1927 2416 Συναγωγὴν

342 2433 572 2505 Κυρίου,
622 2433 764 2487 κατὰ
806 2434 867 2487 τὸ
916 2436 1343 2507 γεγραμμένον;
1390 2437 1532 2489 Ἀλλ’
1561 2438 1721 2507 ἡμεῖς
1766 2453 1853 2506 γε.
1880 2432 1926 2492 ὦ

345 2525 481 2590 "civ,
507 2526 558 2579 οί
583 2525 845 2579 Θεοτόκον
878 2525 1129 2595 λέγοντες
1151 2529 1326 2598 αὐτήν
1344 2545 1358 2558 ⁸
1382 2526 1850 2600 τεθεοποιήκαμεν
1870 2529 1926 2582 δὲ

343 2618 532 2671 οὐδένα
570 2616 791 2671 πώποτε
831 2618 939 2671 τῶν
969 2619 1269 2673 τελούντων
1313 2623 1371 2674 ὲν
1419 2622 1713 2692 κτίσμασιο
1746 2638 1928 2675 κατει-

344 2711 579 2781 θίσμεθα
620 2711 676 2765 δὲ
710 2712 842 2765 Θεὸν
894 2711 1095 2766 εἰδέναι
1152 2713 1244 2765 τὸν
1305 2713 1426 2777 ἕνα,
1472 2714 1569 2767 καὶ
1610 2715 1795 2782 φύσει,
1832 2716 1927 2769 καὶ

345 2803 593 2874 ἀληθῶς·
652 2803 811 2874 ἴσμεν
858 2804 915 2857 δὲ
943 2804 1229 2874 ἄνθρωπον
1278 2800 1443 2859 οὖσαν
1493 2805 1616 2858 καθ’
1652 2807 1798 2876 ἡμᾶς
1828 2806 1926 2874 τὴν

348 2895 626 2967 μακαρίαν
656 2894 955 2966 Παρθένον.
998 2895 1212 2969 Ἀλὼσῃ
1239 2897 1295 2950 δὲ
1318 2897 1413 2951 καὶ
1441 2898 1543 2951 οὐκ
1569 2899 1649 2961 είς
1685 2900 1925 2969 μακρὰν,

345 2988 629 3059 ἄνθρωπον
659 2990 788 3060 ἡμῖν
821 2989 1091 3061 Θεοφόρον
1124 2989 1443 3058 ἀποφαίνων
1483 2990 1646 3053 αὐτὸς
1667 2990 1758 3043 τὸν
1796 2991 1928 3060 Ἐμ-

351 3080 616 3151 μανουὴλ,
645 3079 739 3132 καὶ
764 3079 874 3133 τῶν
908 3079 1019 3133 σῶν
1039 3080 1489 3151 ἐπιχειρημάτων
1518 3081 1618 3151 τὴν
1653 3082 1927 3153 κατάρρη-

350 3188 433 3224 σιν
459 3172 722 3235 ἐπιτιθεὶς
751 3171 948 3243 ἑτέρῳ.

601 3402 985 3490 Ἰ¹ΟΜΟΣ
1066 3401 1661 3490 ΔΕΥΤΕΡΟΣ.

433 3568 499 3626 Ἠ
529 3569 753 3641 γλῶσσα
789 3568 888 3641 μὲν
915 3568 1049 3641 πῦρ,
1069 3570 1163 3625 καὶ
1187 3567 1565 3640 ἀκατάσχετόν
1594 3570 1710 3622 ἐστι
1739 3570 1929 3636 κακὸν,

352 3662 497 3718 καθά
542 3662 857 3736 γέγραπται
877 3679 891 3694 ·
923 3663 1052 3718 τάδε
1084 3661 1336 3716 ἐντεῦθεν
1362 3662 1535 3733 βλάϐη
1574 3663 1932 3734 διωθούμενος

350 3756 381 3808 δ
409 3750 692 3818 θεσπέσιος
714 3754 908 3824 ψάλλει
937 3753 1102 3809 Δαϐίδ
1121 3769 1135 3783 ·
1162 3773 1181 3806 ι
1205 3753 1336 3821 Θοῦ,
1356 3751 1552 3824 Κύριε,
1581 3753 1827 3826 φυλακὴν
1855 3752 1934 3825 τῷ

354 3845 584 3917 στόματί
613 3862 739 3916 μου,
759 3846 855 3900 καὶ
886 3846 1056 3918 θύραν
1082 3846 1345 3919 περιοχῆς
1366 3847 1495 3917 περὶ
1519 3845 1587 3899 τὰ
1611 3845 1761 3917 χείλη
1795 3863 1900 3916 μου
1917 3861 1931 3877 ο

356 3935 433 4007 μὴ
461 3935 716 4008 ἐκκλίνῃς
749 3937 850 4006 τὴν
879 3936 1113 4007 καρδίαν
1145 3953 1247 4007 μου
1284 3937 1366 4000 είς
1407 3936 1600 4005 λόγους
1644 3935 1932 4006 πονηρίας,

352 4024 446 4080 τοῦ
472 4025 905 4098 προφασίζεσθαι
931 4026 1239 4098 προφάσεις
1262 4028 1322 4080 ὲν
1351 4027 1669 4098 ἁμαρτίαις.
1689 4046 1708 4079 ι
1732 4026 1806 4079 Τὸ
1837 4027 1936 4098 μὲν

352 4119 462 4190 γὰρ
486 4118 774 4189 εὐστομεῖν
801 4116 1084 4183 δύνασθαι,
1118 4117 1213 4171 καὶ
1241 4117 1445 4189 ἀκριϐῆ
1478 4116 1577 4188 τὴν
1611 4118 1936 4188 ὲπιτήρησιν

352 4212 445 4265 ἐπὶ
476 4209 726 4280 γλώττης
754 4210 919 4281 ἔχειν,
957 4203 1032 4263 ὧν
1081 4208 1147 4264 ἂν
1182 4209 1353 4282 δεήσῃ
1381 4208 1583 4277 λέγειν,
1615 4209 1649 4280 ἢ
1683 4210 1780 4281 μὴ,
1812 4209 1934 4263 θεό-

351 4301 503 4355 δοτον
530 4298 748 4371 ἀληθῶς
767 4300 851 4371 εἴη
883 4301 978 4355 ἄν’
1015 4299 1109 4352 καὶ
1134 4298 1196 4352 τὸ
1218 4298 1410 4370 χρῆμά
1438 4300 1587 4352 ἐστιν
1619 4300 1720 4352 ούκ
1748 4300 1808 4353 ὲν
1845 4314 1936 4370 μι-

354 4393 473 4467 κρῷ
505 4393 671 4464 λόγῳ,
722 4392 873 4464 παρά
904 4409 971 4461 γε
1023 4394 1139 4455 τοῖς
1193 4391 1294 4445 οὐκ
1338 4389 1694 4461 ἀθαύμαστον
1742 4391 1935 4462 ἐπιτη-

2018 551 2235 613 sterior,
2266 554 2360 622 qui
2395 562 2523 607 ante
2550 551 2733 607 omnia
2768 549 2965 607 saecula
3012 558 3067 603 et
3102 558 3344 617 tempora
3376 558 3608 613 praeces-

2018 642 2125 698 sit?
2153 643 2289 710 Quid
2318 643 2485 714 igitur
2504 643 2648 713 quod
2677 642 2746 696 ab
2767 641 3021 695 omnibus
3044 636 3310 705 rejicitur,
3345 646 3603 703 tanquam

2018 734 2089 786 sit
2122 735 2320 789 dictum
2352 735 2576 791 defers?
2609 732 2808 787 Desine
2858 745 2953 786 eos
2983 726 3306 784 calumniari
3350 724 3441 794 qui
3481 723 3606 794 jure

2020 832 2109 876 tua
2133 832 2408 890 accusant,
2432 834 2489 879 et
2516 839 2766 893 magnam
2800 822 2851 875 in
2892 820 2997 875 illis
3026 817 3313 874 stultitiam
3346 815 3593 869 irrident.

2018 916 2152 971 Cum
2201 918 2379 987 itaque
2423 932 2582 971 nemo
2617 919 2685 971 sit
2725 916 2815 984 qui
2850 914 3015 978 dicat,
3059 912 3270 966 beatam
3319 906 3595 977 Virginem

2019 1024 2084 1063 ex
2137 1024 2233 1064 sua
2281 1008 2790 1065 carne-divinitatis
2836 1016 3082 1059 naturam
3135 1002 3448 1072 peperisse,
3495 998 3604 1053 noli

2020 1099 2220 1156 frustra
2256 1102 2505 1155 laborare
2530 1109 2590 1154 ut
2622 1099 3069 1155 ratiocinationes
3107 1095 3264 1149 nobis
3296 1094 3512 1147 intexas
3538 1105 3606 1145 ex

2022 1194 2480 1263 suppositionibus
2497 1208 2668 1262 neque
2689 1191 3032 1259 veris,neque
3056 1187 3194 1256 apud
3207 1200 3397 1241 omnes
3414 1184 3600 1240 certis.

2023 1288 2154 1355 Qua:
2186 1303 2313 1342 vero
2342 1302 2503 1342 causa
2536 1296 2588 1340 te
2624 1283 2860 1353 impulit,
2890 1291 2950 1337 ut
2978 1281 3212 1351 linguam
3251 1279 3385 1333 adeo
3428 1278 3599 1346 impo-

2024 1391 2223 1436 tentem
2249 1389 2304 1435 et
2327 1379 2645 1434 effrenatam
2677 1378 2893 1432 laxares
2924 1376 3183 1430 adversus
3208 1386 3300 1427 eos
3328 1370 3419 1441 qui
3451 1380 3599 1424 recta

2024 1488 2217 1543 sapere
2263 1472 2617 1537 studuissent,
2647 1481 2703 1526 et
2732 1468 2989 1524 omnibus
3026 1466 3118 1521 Dei
3158 1464 3457 1520 cultoribus
3494 1462 3604 1517 cri—

2023 1582 2147 1621 men
2172 1565 2405 1620 inferres
2426 1578 2615 1636 grave,
2642 1573 2697 1618 et
2723 1561 2965 1616 ninnium
2993 1555 3442 1614 atrocissimum?
3470 1554 3605 1609 Nam

2024 1673 2214 1715 rursus
2245 1659 2298 1712 in
2331 1657 2577 1713 Ecclesia
2609 1655 2793 1711 dixisti
2826 1673 2841 1709 :

2097 1749 2374 1825 [Νεετοιι.
2409 1749 2525 1804 Dixi
2557 1749 2670 1818 jam
2693 1747 2913 1816 saepius,
2955 1745 2999 1801 si
3034 1744 3156 1815 quis
3182 1742 3325 1797 inter
3352 1755 3446 1797 vos
3477 1739 3610 1794 sim-

2030 1844 2246 1911 plicior,
2315 1842 2432 1898 sive
2491 1842 2634 1896 inter
2672 1851 3026 1910 quoscunque
3086 1837 3223 1892 alios
3302 1847 3435 1889 voce
3482 1832 3608 1894 hac,

2030 1935 2120 1990 Dei
2154 1935 2410 2005 genitrix,
2462 1934 2680 2004 gaudet,
2737 1930 2878 2001 apud
2928 1946 3017 1984 me
3050 1929 3194 1983 nulla
3242 1935 3325 1982 est
3358 1927 3425 1980 de
3477 1937 3612 1980 voce

2029 2028 2335 2083 dissensio:
2366 2036 2584 2082 tantum
2620 2040 2688 2081 ne
2714 2021 2989 2093 Virginem
3025 2021 3182 2076 deam
3247 2015 3468 2074 faciat.l

2704 2136 2858 2193 CAP.
2885 2136 2954 2190 Χ.

2102 2253 2310 2308 Rursus
2370 2252 2529 2307 nobis
2584 2251 2930 2316 conviciaris,
2978 2261 3036 2304 et
3095 2248 3489 2303 amarulentum
3545 2260 3611 2303 0s

2027 2346 2230 2416 infigis,
2273 2344 2574 2412 exprobras
2604 2344 2769 2399 etiam
2811 2342 3068 2398 Ecclesiae
3101 2341 3337 2407 Domini,
3383 2349 3441 2395 ut
3471 2341 3611 2395 scri-

2029 2449 2176 2510 ptum
2207 2446 2291 2492 est
2322 2438 2410 2491 "3
2441 2437 2641 2492 Verum
2703 2450 2825 2501 nos,
2861 2452 2894 2490 ο
2924 2436 3008 2490 vir
3033 2435 3268 2505 egregie,
3320 2434 3411 2503 qui
3464 2434 3611 2487 illam

2030 2532 2123 2587 Dei
2159 2531 2478 2602 genitricem
2505 2531 2757 2593 dicimus,
2790 2530 3059 2583 neminem
3086 2542 3323 2595 unquam
3356 2527 3445 2596 qui
3472 2527 3614 2581 inter

2026 2635 2309 2679 creaturas
2342 2633 2679 2687 censeretur,
2724 2621 2892 2676 Deum
2929 2618 3200 2681 fecimus;
3253 2626 3416 2687 atque
3469 2616 3613 2672 hunc

2028 2732 2234 2771 morem
2286 2726 2553 2782 tenemus,
2602 2723 2664 2769 ut
2718 2713 2888 2769 Deum
2947 2712 3186 2767 sciamus
3259 2711 3408 2765 illum
3445 2726 3612 2765 unum

2027 2820 2082 2865 et
2145 2818 2340 2863 natura
2386 2817 2444 2863 et
2494 2823 2623 2863 vere
2659 2806 2828 2862 Deum
2865 2823 2880 2861 :
2911 2807 3117 2860 scimus
3177 2805 3344 2859 etiam
3399 2803 3612 2858 beatam

2028 2902 2173 2957 illam
2230 2901 2506 2972 Virginem
2562 2901 2837 2955 hominem
2886 2898 3054 2954 fuisse
3119 2897 3288 2951 nostri
3351 2897 3608 2950 similem.

2031 2993 2137 3049 Sed
2176 2994 2288 3062 ipse
2315 3008 2414 3048 nec
2443 2994 2612 3047 multo
2642 3001 2766 3063 post
2809 2990 3233 3060 deprehenderis
3281 2989 3457 3058 ipsum
3490 2986 3615 3040 Em-

2032 3081 2333 3137 manuelem
2389 3082 2665 3137 hominem
2735 3080 2891 3135 nobis
2947 3078 3221 3134 Deiferum
3299 3075 3618 3146 praedicare,

1957 3167 2000 3224 C
2037 3185 2359 3243 tuorumque
2412 3182 2857 3244 argumentorum
2904 3170 3410 3226 condemnationem
3458 3163 3618 3221 alter:

2035 3266 2293 3320 tribuere.

2245 3414 2654 3508 TOMUS
2725 3414 3393 3504 SECUNDUS.

2105 3568 2421 3638 Estlingua,
2455 3566 2598 3621 sicut
2633 3564 2893 3633 scriptum
2930 3575 3012 3618 est
3041 3564 3107 3628 ⁷⁵,
3145 3563 3301 3632 ignis,
3354 3570 3408 3617 et
3456 3560 3620 3617 etfre-

2033 3668 2220 3714 natum
2268 3656 2490 3723 malum,
2539 3654 2695 3721 cujus
2725 3667 2785 3709 ut
2832 3654 3172 3709 incommoda
3207 3656 3401 3709 vitaret
3435 3654 3621 3722 psallit

2033 3752 2226 3807 beatus
2252 3748 2419 3803 David
2452 3767 2466 3803 :
2504 3768 2522 3800 ι
2554 3747 2721 3814 Pone,
2748 3748 2997 3814 Domine,
3017 3748 3314 3802 custodiam
3352 3748 3432 3801 ori
3477 3761 3618 3813 meo,

2035 3853 2090 3899 et
2119 3843 2316 3898 ostium
2348 3841 2778 3897 circumstantiae
2822 3839 2978 3894 labiis
3013 3841 3149 3894 meis
3189 3858 3202 3894 :
3236 3856 3341 3893 non
3382 3840 3620 3896 declines

2036 3950 2133 3992 cor
2175 3948 2353 3989 meum
2386 3934 2440 3987 in
2482 3934 2648 3988 verba
2682 3931 2927 4000 malitize,
2980 3934 3047 3987 ad
3083 3933 3424 3987 excusandas
3453 3948 3621 3987 excu-

2036 4028 2278 4084 sationes
2307 4026 2359 4080 in
2386 4025 2624 4096 peccatis
2655 4025 2724 4079 ".
2759 4043 2780 4078 ι
2818 4022 2954 4079 Nam
2988 4037 3139 4079 recte
3164 4026 3275 4079 oris
3307 4022 3483 4080 ofﬁcio
3518 4025 3619 4090 uti,

2034 4128 2089 4175 et
2117 4117 2358 4187 diligenti
2400 4119 2655 4172 cautione
2693 4116 2964 4171 moderari
2993 4116 3231 4187 linguam
3279 4119 3621 4171 observando

2036 4209 2164 4280 quid
2196 4207 2482 4262 dicendum
2529 4206 2623 4272 sit,
2670 4207 2780 4277 3o
2818 4206 2947 4277 quid
2981 4208 3338 4271 reticendum,
3375 4206 3620 4261 divinqu

2035 4299 2194 4372 plane
2246 4314 2442 4353 munus
2466 4308 2572 4360 est,
2625 4308 2679 4353 et
2731 4313 2819 4352 res
2881 4299 3021 4352 haud
3064 4298 3499 4367 parvipendenda
3555 4297 3621 4352 iis

2036 4402 2186 4447 certe
2230 4392 2320 4461 qui
2374 4406 2496 4445 cum
2547 4390 2706 4445 laude
2775 4390 2942 4444 vitam
2993 4390 3192 4445 ducere
3259 4390 3480 4446 student
3519 4411 3531 4445 :
3565 4398 3621 4444 nt

352 4486 568 4540 δεύουσι
602 4484 899 4539 πολιτείαν.
916 4482 990 4537 Τό
1018 4500 1081 4552 γε
1107 4481 1214 4554 μὴν
1240 4481 1476 4554 προαλὲς
1495 4481 1573 4546 είς
1592 4480 1814 4552 λόγους,
1838 4482 1927 4536 καὶ

2036 4493 2246 4549 contra,
2272 4482 2361 4537 illa
2393 4496 2636 4553 praeceps
2664 4483 2716 4536 in
2747 4482 3019 4551 loquendo
3043 4484 3345 4544 temeritas,
3385 4490 3439 4537 et
3462 4480 3621 4536 effre-

352 4579 416 4632 τδ
442 4578 694 4651 ἀχάλινον
718 4578 798 4641 είς
823 4575 1133 4648 τερθρείας,
1169 4573 1414 4627 κινδύνου
1453 4572 1674 4644 μεστὸν,
1707 4573 1803 4627 καὶ
1850 4573 1930 4635 είς

354 4670 630 4743 πέταυρον
667 4669 793 4742 ᾅδου
825 4669 936 4739 (l0)
972 4666 1335 4737 κατακομίζει
1365 4665 1495 4729 τοὺς
1529 4663 1927 4735 κεχρημένους.

356 4764 671 4835 Γέγραπται
696 4762 772 4822 δὲ,
800 4761 882 4815 ὅτι
909 4759 1160 4823 θάνατος,
1194 4759 1290 4813 καὶ
1334 4757 1447 4828 ζωὴ
1478 4759 1535 4810 ὲν
1570 4760 1715 4830 χειρὶ
1754 4757 1930 4827 γλώσ-

356 4869 490 4925 σης·
517 4853 567 4906 οί
599 4851 653 4905 δὲ
690 4848 1018 4924 κρατοῦντες
1047 4849 1237 4918 αὐτῆς,
1274 4846 1480 4902 ἔδονται
1520 4849 1646 4912 τοὺς
1688 4851 1932 4922 καρποὺς

356 4945 550 5015 αὐτῆς.
577 4942 1022 5017 Προσπεφώνηκε
1069 4941 1127 4995 δὲ
1159 4941 1255 4994 καὶ
1288 4940 1475 5014 ἕτερός
1519 4957 1603 5002 τις
1644 4943 1776 5014 ἡμῖν
1819 4943 1931 4998 τῶν

358 5035 574 5105 σοφῶν·
619 5055 637 5088 ι
672 5036 738 5089 El.
769 5034 867 5105 μὲν
900 5033 1016 5086 ἔστι
1065 5050 1149 5086 σοι
1190 5032 1349 5102 λόγος
1379 5032 1668 5097 συνέσεως,
1702 5036 1932 5108 ἀποκρί-

356 5126 508 5197 θητι·
546 5129 595 5181 εί
639 5126 697 5180 δὲ
732 5126 827 5197 μὴ,
876 5125 998 5195 χεὶρ
1047 5124 1188 5179 ἔστω
1218 5126 1312 5179 ἐπὶ
1352 5123 1430 5195 τῷ
1477 5125 1705 5195 στόματί
1755 5144 1869 5182 σου.
1906 5148 1925 5180 ›

369 5215 639 5286 τΑμαθοῦς
684 5215 792 5287 γὰρ
845 5215 1005 5282 λόγου
1044 5214 1158 5279 πῶς
1196 5215 1297 5268 οὐκ
1339 5215 1582 5285 ἀμείνων
1629 5217 1662 5287 ὴ
1713 5220 1929 5290 atomi];

2037 4587 2196 4631 natus
2220 4576 2286 4630 ad
2327 4589 2501 4645 nugas
2558 4573 2912 4630 effundendas
2965 4573 3199 4644 impetus
3243 4573 3485 4643 periculo
3515 4588 3621 4627 non

2038 4676 2213 4731 caret,
2237 4677 2293 4722 et
2332 4666 2384 4720 in
2442 4667 2804 4737 prazcipitium
2859 4666 3055 4721 inferni
3101 4668 3344 4720 homines
3379 4681 3443 4719 eo
3469 4681 3621 4721 more

2037 4760 2291 4830 praeditos
2339 4759 2536 4816 defert.
2592 4760 2866 4829 Scriptum
2909 4771 2991 4814 est
3039 4759 3225 4822 etiam,
3278 4768 3509 4814 martem
3557 4773 3620 4813 ac

2035 4854 2204 4907 vitam
2234 4866 2355 4907 esse
2391 4854 2443 4907 in
2477 4868 2639 4907 manu
2685 4852 2902 4921 linguae,
2942 4863 2997 4908 ct
3039 4854 3130 4923 qui
3161 4852 3301 4905 illam
3337 4852 3618 4917 cohibent,

2037 4947 2201 5001 edere
2230 4943 2439 5000 fructus
2468 4948 2589 5015 ejus
2614 4947 2683 5001 ⁷⁸.
2714 4946 2863 4999 Alius
2889 4946 3055 5000 etiam
3087 4948 3311 5013 sapiens
3339 4958 3437 4998 nos
3488 4944 3621 4996 allo-

2039 5045 2194 5089 cutus
2231 5044 2353 5090 est:
2410 5054 2428 5087 ι
2470 5034 2524 5090 Si
2562 5051 2749 5091 revera
2787 5045 2871 5091 est
2913 5037 3007 5090 tibi
3056 5051 3237 5092 sermo
3296 5036 3616 5106 prudentiae,

2039 5133 2347 5199 responde:
2381 5131 2463 5185 sin
2515 5133 2713 5193 minus,
2759 5144 2951 5183 manus
2985 5130 3056 5183 sit
3085 5130 3148 5183 ad
3201 5145 3262 5184 os
3313 5139 3463 5184 tuum
3483 5129 3550 5183 ⁷³.
3593 5148 3612 5180 ι

2040 5220 2172 5274 Nam
2225 5224 2390 5277 stulto
2431 5222 2669 5276 sermoni
2726 5219 3118 5292 praal‘erendum
3174 5236 3298 5275 esse
3343 5221 3618 5275 silentium

427 5396 473 5426 ⁷⁸
501 5394 515 5447 l
548 5395 679 5462 lleg.
712 5410 843 5457 ινιι,
875 5393 963 5447 45.
1041 5389 1225 5447 "Jac.
1260 5406 1339 5459 ιιι,
1371 5392 1494 5449 5-8.
1575 5395 1619 5426 "
1644 5394 1787 5450 Psal.
1816 5413 1927 5452 cn.

2056 5399 2107 5453 4.
2185 5401 2232 5432 ⁷⁸
2258 5399 2416 5456 Prov.
2458 5418 2613 5469 xvm,
2647 5402 2740 5457 2|.
2818 5402 2865 5434 ⁷⁹
2893 5400 3061 5457 Eccli.
3094 5415 3145 5466 ιν,
3176 5401 3263 5454 Η.

1621 5552 1780 5611 ΛΝΤ.
1822 5556 2097 5614 AGELLII
2135 5558 2370 5615 NOTAE.

433 5712 545 5790 (t0)
570 5708 954 5790 lun_Pru_verbii_s
982 5708 1188 5787 cstboc
1211 5722 1403 5766 nomen
1432 5710 1665 5781 positum
1690 5726 1810 5783 cap.
1870 5729 1944 5781 ix,
1986 5730 2126 5772 vers.
2176 5716 2259 5782 l8,
2288 5715 2376 5775 ubi
2400 5715 2591 5775 Latina
2621 5717 3001 5790 interpretatio
3033 5718 3195 5777 habet
3227 5737 3239 5775 :
3283 5716 3344 5775 Et
3389 5718 3443 5773 in
3466 5718 3608 5788 lyra-

366 5779 541 5851 fundis
566 5782 753 5848 inferni
785 5782 1013 5834 conviva:
1045 5779 1175 5848 ejus.
