4054 6332
485 300 552 356 59
1466 304 1525 361 S.
1562 304 1834 360 CYRILLI
1876 308 2351 365 ALEXANDRINI
2391 311 2710 368 AllCl-llEl’.
3663 318 3730 372 60

484 415 569 468 cui
612 412 684 468 sit
733 412 1008 468 dubium?
1057 413 1163 471 Res
1216 422 1544 474 exsecranda
1606 425 1874 494 praecipue
1908 441 2046 481 acer-

2173 430 2479 503 Ἐπάρατον
2509 433 2566 486 δὲ
2593 433 2687 486 καὶ
2710 432 2911 505 ἑτέρως
2939 433 3001 487 τὸ
3033 435 3264 504 πικροὺς
3292 436 3614 506 ὲρεύγεσθαι
3649 439 3730 492 λό-

485 506 704 559 bitatetn
732 506 1018 560 verborum
1079 516 1346 574 eructare,
1393 519 1448 564 et
1485 511 1710 580 impium
1755 531 2046 572 sermouelr

2161 539 2312 590 γους,
2351 524 2442 576 καὶ
2469 525 2568 594 τῆς
2601 526 2912 597 ἀπορρήτου
2948 526 3105 598 δόξης
3133 527 3394 597 καταχέαι
3417 529 3597 596 φωνὰς
3629 531 3726 592 τὰς

483 596 745 647 adversus
774 594 1097 650 ineﬂ'abilem
1134 597 1276 650 illam
1322 598 1544 669 gloriam
1576 602 1871 668 clfundere,
1897 622 2058 676 quam

483 683 758 754 perpetuis
786 699 815 737 a
877 686 1030 740 nobis
1068 686 1325 742 celebrari
1375 689 1627 748 laudibus
1675 712 1885 764 aequum
1919 711 2055 754 erat.

483 772 782 829 Peccautes
843 786 1021 831 autem
1049 777 1100 830 in
1155 777 1374 847 fratres,
1417 792 1471 835 et
1500 787 1863 851 percutientes
1910 789 2059 843 inﬁr-

486 880 627 920 mam
658 881 844 920 eorum
895 869 1302 936 conscientiam,
1345 872 1398 926 in
1429 874 1701 930 Christum
1749 895 2054 948 peccamus.

483 957 577 1011 Sic
607 972 840 1027 namque
868 957 1057 1014 beatus
1082 959 1282 1018 Paulus
1323 966 1541 1034 scripsit
1570 967 1636 1020 '°.
1670 971 1820 1035 Quod
1853 973 2055 1028 idcirco

483 1049 627 1112 dico,
655 1050 781 1118 quia
799 1049 848 1102 in
875 1052 1133 1118 quosdam
1169 1052 1333 1108 incidi
1359 1055 1591 1114 Nestorii
1615 1075 1893 1118 sermones
1913 1103 1929 1128 ,
1957 1080 2057 1120 nec

481 1142 854 1195 tantummodo
884 1140 1032 1196 illum
1061 1158 1260 1212 negare
1312 1146 1469 1202 video
1528 1149 1806 1207 dicendam
1836 1169 1865 1207 a
1901 1156 2056 1211 nobis

479 1241 726 1285 sanctam
746 1231 893 1285 illam
925 1233 1200 1302 Virginem
1231 1250 1352 1293 esse
1374 1237 1469 1293 Dei
1501 1250 1819 1308 matrem,et
1844 1246 2057 1301 Emma-

480 1319 694 1375 nuelem
753 1323 1028 1392 peperisse
1083 1325 1174 1394 qui
1208 1325 1350 1382 Deus
1383 1339 1525 1396 erat,
1553 1334 1647 1387 sed
1679 1335 1801 1391 aliis
1839 1353 2056 1409 quoque

478 1410 656 1466 modis
706 1412 905 1468 Christi
972 1414 1158 1484 gloria:
1226 1419 1504 1477 adversari
1574 1428 1881 1483 statuisse:
1929 1446 2052 1486 nam

479 1502 752 1558 Deiferum
784 1505 933 1559 illum
959 1507 1111 1563 nobis
1144 1518 1377 1565 conatur
1422 1517 1733 1584 ostendere.
1785 1535 1889 1575 non
1925 1537 2053 1578 vere

480 1590 672 1658 Deum,
730 1594 825 1649 sed
882 1596 1157 1652 hominem
1213 1602 1391 1669 potius
1451 1619 1574 1659 cum
1631 1607 1741 1663 Deo
1797 1619 2050 1679 tanquam

478 1683 790 1752 mqualitate
819 1686 1097 1756 dignitatis
1152 1689 1520 1759 conjunctum.
1565 1697 1659 1753 Sic
1713 1715 1946 1772 namque
1975 1703 2047 1758 illi

478 1783 535 1828 et
561 1776 777 1846 quidem
806 1777 905 1832 soli
931 1779 1093 1836 aliter
1118 1790 1281 1852 atque
1309 1787 1564 1843 omnibus
1592 1790 1713 1846 aliis
1739 1791 2049 1850 hominibus

478 1866 681 1922 sentire
704 1881 772 1921 ac
788 1869 966 1925 dicere
984 1871 1178 1941 placet,
1206 1878 1457 1943 quamvis
1490 1882 1756 1938 catholica
1784 1885 2050 1954 Ecclesia,

478 1971 641 2026 quam
687 1957 792 2014 sibi
837 1961 952 2028 ipse
979 1961 1232 2022 Christus
1269 1969 1604 2040 exhibuit“,
1639 1990 1797 2046 rugas
1817 1978 2051 2036 hominis

477 2050 568 2118 qui
604 2049 731 2106 talia
766 2054 1113 2126 conscripsit,
1155 2072 1261 2113 non
1303 2059 1523 2128 habeat,
1555 2079 1678 2120 cum
1728 2068 1801 2123 sit
1855 2070 2049 2125 imma-

476 2140 676 2207 culata,
693 2151 748 2198 et
771 2144 912 2200 illius
925 2148 1286 2218 cognitionem
1300 2155 1480 2210 omnis
1506 2170 1730 2224 prorsus
1759 2163 2049 2230 reprehen-

473 2228 644 2285 sionis
665 2242 942 2300 expertem
966 2243 1164 2302 teneat,
1193 2252 1258 2294 ac
1287 2240 1412 2296 ﬁdei
1456 2228 1830 2304 traditionemv
1855 2253 2046 2308 rectis-

475 2320 609 2376 sime
623 2326 1012 2393 composuerit.
1031 2327 1314 2388 Credimus
1337 2348 1568 2405 namque
1596 2339 1648 2393 in
1669 2355 1831 2396 unum
1853 2342 2045 2410 Deum,

473 2410 688 2468 Patrem
722 2417 1166 2487 omnipotentem,
1207 2425 1450 2481 omnium
1494 2429 1782 2486 visibilium
1822 2444 1874 2489 et
1908 2435 2045 2490 invi-

472 2502 708 2558 sibilium
751 2505 1013 2564 factorem
1044 2527 1060 2566 :
1093 2520 1148 2567 et
1198 2513 1253 2568 in
1305 2531 1469 2571 unum
1529 2518 1816 2576 Dominum
1864 2524 2045 2582 Jesum

472 2592 771 2660 Christum,
799 2609 854 2652 et
900 2599 956 2654 in
1001 2600 1261 2672 Spiritum
1303 2616 1549 2663 sanctum
1590 2629 1604 2674 ;
1645 2627 1709 2666 ac
1758 2628 2046 2682 sequentes

471 2695 780 2742 sanctorum
817 2688 1037 2746 Patrum
1083 2695 1479 2754 confessionem
1541 2702 1626 2756 his
1679 2704 2043 2773 subjunctam,

471 2776 646 2844 ipsum
668 2778 903 2836 Verbum
936 2798 1003 2839 ex
1031 2784 1142 2842 Deo
1165 2787 1327 2844 Patre
1355 2793 1789 2850 substantialiter
1834 2811 2042 2865 natum,

471 2869 642 2923 nostri
663 2871 895 2928 similem
932 2875 1131 2932 factum
1156 2893 1278 2934 esse
1303 2881 1557 2948 dicimus.
1593 2894 1649 2940 et
1681 2887 2042 2954 incarnatum,

468 2971 526 3015 et
559 2962 830 3018 hominem
858 2965 1086 3033 iactum,
1122 2971 1223 3025 hoc
1251 2983 1354 3040 est,
1391 2975 1493 3030 sibi
1521 2993 1720 3047 corpus
1744 2985 2042 3052 sumpsisse

467 3065 533 3106 ex
561 3064 748 3109 sancta
777 3055 1020 3127 Virgine,
1052 3069 1107 3114 et
1134 3076 1291 3117 suum
1347 3065 1475 3121 illud
1510 3067 1707 3125 fecisse
1740 3086 1754 3124 :
1781 3089 1902 3127 nam
1938 3076 2038 3130 hoc

2161 614 2502 685 ἀλιτηρίους’
2555 615 2730 669 καίτοι
2771 615 2889 670 δέον
2929 619 3329 688 ἁκαταλήκτοις
3359 619 3524 689 αὐτὴν
3561 621 3727 690 εὐφη-

2162 707 2314 774 μίαις
2359 708 2858 778 καταγεραίρεσθαι
2907 709 3043 781 πρὸς
3081 710 3259 779 ἡμῶν.
3297 710 3726 780 ’Λμαρτάνοντες

2156 798 2214 851 δὲ
2241 799 2319 861 είς
2357 801 2484 863 τοὺς
2515 800 2798 868 ἀδελφοὺς,
2834 801 2929 854 καὶ
2951 800 3245 866 τύπτοντες
3274 802 3603 856 ἀσθενοῦσαν
3626 803 3723 873 τὴν

2159 889 2480 958 συνείδησιν,
2521 892 2601 953 εἰς
2643 889 2874 961 Χριστὸν
2907 891 3311 963 ἁμαρτάνομεν.
3338 893 3586 963 Γέγραφε
3614 895 3721 965 γὰρ

2155 980 2327 1044 οὕτως
2354 982 2382 1033 ὁ
2409 982 2697 1045 θεσπέσιος
2720 981 2950 1046 Παῦλος.
2974 985 3083 1036 Καὶ
3104 984 3273 1039 ταῦτά
3294 1002 3457 1056 φημι,
3481 988 3593 1048 τοῖς
3618 988 3724 1038 Ne-

2158 1073 2374 1143 στορίου
2417 1073 2594 1141 λόγοις
2650 1074 3056 1145 ἐντετυχηκώς·
3095 1075 3192 1128 καὶ
3240 1077 3300 1129 ού
3349 1078 3508 1146 μόνον
3560 1077 3720 1130 αὐτὸν

2154 1164 2542 1233 ἀποφάσκοντα
2567 1165 2777 1235 βλέπων
2803 1167 2864 1218 τὸ
2891 1167 3087 1236 χρῆναι
3113 1167 3292 1236 λέγειν
3321 1170 3490 1239 ἡμᾶς,
3510 1169 3584 1233 ὡς
3604 1169 3718 1222 ἔστι

2158 1254 2258 1324 μὲν
2297 1256 2559 1319 Θεοτόκος
2586 1258 2618 1324 ὴ
2668 1257 2800 1326 ἀγία
2845 1257 3142 1328 Παρθένος,
3192 1259 3449 1312 ὲκτέτοκε
3486 1260 3543 1313 δὲ
3585 1261 3718 1313 Θεὸν

2152 1345 2280 1398 ὄντα
2324 1348 2414 1399 τὸν
2469 1346 2815 1418 Ἐμμανουὴλ
2838 1385 2855 1412 ,
2907 1348 3044 1402 ἀλλά
3094 1348 3204 1419 γὰρ
3241 1348 3322 1401 ἔτι
3374 1349 3510 1421 πρὸς
3544 1351 3718 1421 τούτῳ

2153 1437 2247 1487 καὶ
2275 1435 2396 1488 καθ’
2426 1437 2650 1507 ἑτέρους
2678 1437 2914 1509 τρόπους
2937 1440 3004 1509 τῇ
3042 1439 3278 1509 Χριστοῦ
3311 1438 3437 1510 δόξῃ
3460 1442 3716 1509 πολεμεῖν

2153 1527 2427 1594 ἐγνωκότα
2447 1545 2460 1558 ·
2499 1529 2768 1599 Θεοφόρον
2794 1529 2904 1600 γὰρ
2938 1531 3068 1601 ἡμῖν
3117 1530 3280 1584 αὐτὸν
3318 1534 3575 1601 πειρᾶται
3604 1533 3713 1587 δει-

2152 1619 2352 1684 κνύειν,
2378 1620 2472 1674 καὶ
2497 1620 2620 1690 οὐχὶ
2647 1620 2778 1675 Θεὸν
2805 1620 3044 1691 άληθῶς,
3064 1620 3352 1692 ἄνθρωπον
3375 1622 3432 1676 δὲ
3452 1623 3570 1694 Θεῷ
3593 1641 3716 1676 συν-

2150 1713 2419 1782 ημμένον,
2442 1712 2517 1776 ὡς
2545 1714 2602 1766 ἐν
2640 1713 2843 1783 ίσότητι
2869 1714 2968 1784 τῆς
3012 1713 3188 1779 ἀξίας.
3218 1713 3374 1768 Οὕτω
3399 1716 3505 1786 γὰρ
3543 1716 3712 1785 αὐτῷ,

2081 1782 2124 1837 Β
2153 1803 2246 1856 καὶ
2275 1802 2438 1874 μόνῳ,
2467 1803 2619 1873 παρὰ
2651 1782 2859 1866 πάντας
2879 1782 3006 1866 τόὺς
3032 1803 3222 1866 ἄλλους
3251 1803 3397 1856 δοκεῖ
3415 1782 3631 1875 φρονεῖν
3654 1782 3713 1858 τε

2151 1893 2246 1946 καὶ
2273 1893 2479 1961 λέγειν·
2511 1895 2687 1948 καίτοι
2706 1894 2805 1963 τῆς
2834 1893 3129 1964 καθολικῆς
3156 1893 3498 1964 Ἐκκλησίας,
3522 1897 3586 1966 ἣν
3614 1896 3714 1948 αὺ-

2148 1984 2238 2047 τὺς
2266 1984 2444 2055 ἑαυτῷ
2477 1985 2824 2056 παρέστησεν
2848 1987 2877 2038 ό
2909 1984 3163 2056 Χριστὸς,
3198 1984 3298 2047 τὰς
3325 1986 3418 2039 τοῦ
3446 1985 3514 2038 τὰ
3540 1986 3714 2040 τοιάδε

2151 2075 2591 2145 συγγεγραφότος
2616 2077 2716 2128 οὐκ
2735 2074 2966 2148 ἐχούσης
2990 2076 3302 2144 ῥυτίδας,οὗ
3313 2095 3407 2148 σης
3432 2077 3486 2130 δὲ
3518 2079 3715 2148 μᾶλλον

2147 2167 2403 2237 ἀμώμου,
2435 2167 2530 2220 καὶ
2567 2167 2972 2237 ἀνεπίπληκτον
3000 2168 3280 2230 παντελῶς
3312 2168 3412 2238 τὴν
3444 2171 3528 2221 ἐπ’
3567 2170 3714 2240 αὐτῷ

2146 2256 2350 2324 γνῶσιν
2380 2254 2632 2327 ἐχούσης,
2667 2257 2763 2310 καὶ
2805 2259 2904 2322 τῆς
2941 2255 3173 2320 πίστεως
3203 2255 3301 2327 τὴν
3329 2256 3621 2326 παράδοσιν
3654 2253 3710 2311 εὖ

2149 2347 2294 2416 μάλα
2338 2347 2733 2417 πεποιημένης.
2777 2346 3116 2418 Πιστεύομεν
3156 2347 3265 2418 γὰρ
3309 2349 3388 2411 είς
3428 2347 3524 2402 ἕνα
3559 2347 3710 2414 Θεὸν,

2147 2438 2365 2512 Πατέρα
2392 2439 2826 2509 παντοκράτορα,
2861 2439 3076 2491 πάντων
3103 2437 3311 2509 ὁρατῶν
3344 2456 3402 2491 τε
3425 2439 3517 2492 καὶ
3547 2440 3712 2510 ἀορά-

2144 2545 2253 2581 των
2279 2529 2510 2599 ποιητήν
2532 2545 2545 2558 ·
2583 2529 2676 2581 καὶ
2707 2529 2787 2591 εἰς
2828 2526 2926 2580 ἕνα
2961 2526 3165 2598 Κύριον
3210 2526 3415 2599 Ἰησοῦν
3452 2528 3542 2580 τὸν
3575 2529 3710 2597 Χρι-

2147 2620 2301 2672 στόν·
2352 2619 2446 2671 καὶ
2498 2621 2578 2682 είς
2625 2618 2687 2670 τὸ
2729 2619 2953 2689 Πνεῦμα
2997 2619 3059 2672 τὸ
3105 2620 3278 2688 ἅγιον.
3340 2620 3622 2690 Ἐπόμενοι
3655 2621 3710 2674 δὲ

2143 2720 2263 2780 ταῖς
2301 2717 2510 2780 τούτοις
2560 2715 3023 2786 ὲπενηνεγμέναις
3084 2717 3193 2769 τῶν
3232 2717 3401 2784 ἀγίων
3453 2717 3710 2787 Πατέρων

2142 2806 2469 2876 ὁμολογίαις,
2516 2805 2679 2859 αύτὺν
2709 2807 2799 2858 τὸν
2829 2807 2894 2858 ὲκ
2924 2806 3017 2858 τοῦ
3060 2805 3192 2858 Θεοῦ
3223 2808 3317 2858 καὶ
3355 2806 3566 2877 Πατρὸς
3594 2809 3687 2858 οὑ-

2144 2897 2348 2959 σιωδῶς
2382 2896 2554 2965 φύντα
2608 2897 2808 2964 Λόγον,
2840 2898 2960 2950 καθ’
3008 2899 3154 2966 ἡμᾶς
3206 2897 3458 2964 γενέσθαι
3509 2899 3707 2967 φαμὲν,

2145 2987 2493 3057 σαρκωθῆναί
2561 3003 2621 3038 τε
2691 2987 2788 3039 καὶ
2858 2987 3318 3057 ὲνανθρωπῆσαι,
3392 2989 3707 3052 τουτέστιν,

2143 3079 2319 3148 ἑαυτῷ
2380 3079 2537 3149 σῶμα
2583 3079 2767 3132 λαϐεῖν
2820 3082 2884 3132 ὲκ
2935 3083 3032 3150 τῆς
3083 3081 3246 3148 ἀγίας
3295 3080 3573 3150 Παρθένου
3618 3081 3710 3132 καὶ

467 3145 626 3200 modo
667 3145 728 3201 ﬁt
773 3158 832 3203 ut
871 3165 998 3206 vere
1030 3168 1170 3209 unus
1202 3156 1273 3210 sit
1305 3155 1564 3214 Dominus
1587 3161 1745 3217 Jesus
1767 3164 2036 3234 Christus,

2147 3169 2276 3221 ἴδιον
2323 3169 2452 3221 αὐτὸ
2502 3170 2862 3239 ποιήσασθαι·
2912 3169 3054 3223 οὕτω
3093 3171 3202 3242 γὰρ
3248 3171 3399 3223 ἔσται
3451 3172 3542 3225 καὶ
3579 3172 3704 3240 ἀλη-

468 3234 570 3290 hoc
593 3237 750 3292 modo
775 3240 923 3296 illum
947 3251 1004 3296 ut
1037 3260 1198 3299 unum
1241 3247 1608 3314 adorabimus,
1646 3254 1690 3306 si
1728 3269 1834 3309 non
1869 3257 2042 3310 homi-

466 3340 592 3380 nem
626 3343 688 3382 ac
719 3329 885 3384 Deum
920 3336 1146 3390 seorsim
1177 3352 1463 3406 ponamus,
1498 3345 1591 3395 sed
1621 3359 1784 3398 unum
1805 3356 1859 3398 et
1899 3362 2045 3401 eum-

465 3419 587 3473 dem
621 3435 744 3474 esse
806 3425 1091 3481 credamus
1136 3426 1189 3480 in
1253 3429 1536 3486 divinitate
1577 3441 1630 3485 et
1686 3435 2040 3502 humanitate,

467 3511 568 3564 hoc
600 3521 703 3575 est,
748 3513 849 3582 31
901 3515 1066 3568 Deum
1122 3517 1282 3573 simul
1331 3530 1386 3574 et
1445 3522 1741 3579 hominem.
1795 3529 1867 3581 At
1914 3545 2040 3585 vero

465 3610 649 3654 noster
680 3602 767 3658 hic
793 3605 1179 3662 recentissimae
1219 3609 1514 3678 impietatis
1545 3614 1814 3682 inventor,
1849 3635 2041 3689 quam—

464 3694 546 3746 vis
579 3691 854 3749 Christum
889 3712 1054 3752 unum
1085 3714 1144 3753 se
1165 3700 1343 3756 dicere
1363 3703 1601 3772 simulet,
1634 3717 1812 3764 tamen
1840 3711 2040 3781 ubique

465 3791 689 3839 naturas
724 3786 934 3854 dividit,
960 3799 1015 3843 et
1049 3792 1275 3846 seorsim
1305 3803 1589 3865 utramque
1617 3801 1788 3867 ponit,
1823 3806 2041 3858 asserit-

465 3891 573 3942 que
626 3893 730 3932 non
771 3879 889 3935 illas
927 3881 1071 3937 inter
1102 3899 1160 3937 se
1205 3899 1329 3941 vere
1368 3891 1721 3956 convenisse,
1765 3895 1860 3949 sed
1907 3911 2040 3964 prae-

467 3965 993 4027 texitexcusationes
1028 3988 1091 4028 ac
1110 3985 1405 4044 praetextus
1441 3979 1497 4033 in
1535 3984 1792 4051 peccatis,
1831 3988 2040 4040 utscri-

465 4064 612 4125 ptum
658 4069 739 4114 est
781 4061 848 4125 θ’,
901 4075 955 4118 et
1011 4067 1227 4120 modum
1285 4073 1572 4138 quemdam
1640 4074 2039 4143 conjunctionis

465 4153 915 4220 comminiscitur,
967 4157 1115 4213 illum
1159 4175 1352 4232 nempe
1389 4165 1685 4219 secundum
1744 4167 1935 4236 solam,
1982 4178 2040 4224 ut

470 4242 599 4303 dixi,
635 4244 912 4312 dignitatis
965 4251 1350 4323 aequalitatem,
1414 4263 1473 4308 ut
1508 4269 1574 4309 ex
1625 4257 1794 4325 ipsius
1850 4262 2037 4315 verbis

466 4331 624 4402 plane
651 4335 987 4403 docebimus,
1014 4348 1070 4394 et
1108 4349 1360 4411 tanquam
1401 4345 1452 4398 in
1503 4345 1724 4400 homine
1771 4351 1862 4417 qui
1905 4351 2036 4405 nihil

465 4440 626 4494 supra
670 4437 894 4484 δίεισι-οε
928 4430 1144 4493 habeat.
1203 4434 1376 4503 ipsum
1415 4452 1482 4491 ex
1528 4436 1638 4493 Deo
1682 4438 1915 4495 Verbum
1966 4457 2031 4496 ex
2063 4475 2111 4534 υ

464 4517 881 4588 participatione
907 4521 1218 4580 inhabitans
1247 4526 1396 4590 facit,
1448 4542 1514 4583 ac
1559 4543 1717 4585 voces
1754 4546 1872 4600 qua)
1907 4545 2032 4586 sunt

466 4607 521 4661 in
569 4608 871 4681 Evangeliis
917 4613 989 4668 ita
1021 4615 1234 4680 dividit,
1263 4627 1322 4672 ut
1347 4618 1635 4688 aliquando
1663 4633 1840 4677 certas
1866 4639 2029 4692 quas-

464 4699 586 4753 dam
614 4700 713 4756 soli
768 4719 832 4758 ac
857 4707 1074 4774 proprie
1105 4706 1278 4763 Verbo
1305 4710 1530 4776 tribuat,
1559 4711 1855 4782 aliquando
1878 4729 2030 4769 seor-

463 4788 565 4844 sim
589 4789 664 4844 illi
687 4792 777 4860 qui
807 4804 892 4850 est
939 4809 1006 4850 ex
1044 4797 1268 4853 muliere
1310 4799 1507 4854 editus.
1557 4799 1718 4869 Atqui
1765 4803 2032 4872 quomodo

465 4895 570 4935 non
594 4883 665 4937 sit
705 4885 957 4942 omnibus
1008 4888 1400 4955 certissimum,
1450 4891 1599 4946 illum
1651 4893 2028 4962 Unigenitum,

463 4989 585 5027 cum
616 4973 757 5032 Deus
779 4988 922 5032 esset
958 4989 1177 5046 natura,
1226 4994 1345 5036 esse
1375 4981 1646 5038 hominem
1674 4983 1899 5048 factum,
1924 5002 2028 5039 non

463 5065 692 5134 simplici
751 5068 1150 5137 conjunctione,
1177 5080 1237 5125 ut
1285 5071 1374 5126 ille
1430 5074 1648 5142 asserit,
1700 5075 2037 5130 extrinsecus

465 5157 786 5227 excogitata,
819 5169 911 5214 aut
939 5160 1208 5229 aﬂ'ectiva,
1236 5163 1330 5217 sed
1355 5178 1484 5218 vera
1507 5165 1723 5232 unione,
1779 5166 2034 5222 ineﬂ'ahili

467 5247 627 5300 modo
651 5249 808 5303 simul
841 5260 895 5304 et
924 5252 1317 5322 inexcogitabili
1354 5254 1377 5306 ἲ
1413 5254 1486 5309 Ita
1528 5264 1581 5310 et
1629 5273 1768 5312 unus
1795 5259 1950 5312 simul
1982 5269 2036 5311 et

466 5337 616 5390 solus
645 5337 995 5410 intelligetur,
1031 5350 1086 5396 et
1133 5343 1311 5396 omnia
1341 5343 1392 5397 ei
1425 5345 1568 5400 dicta
1603 5348 1952 5412 convenient,
1980 5355 2034 5400 et

465 5431 648 5484 omnia
677 5439 926 5500 tanquam
959 5434 1027 5489 ab
1060 5449 1166 5489 una
1211 5451 1438 5505 persona
1480 5438 1622 5493 dicta
1647 5441 2031 5494 censebuntur.

471 5520 603 5574 Natu
635 5533 752 5591 post
779 5524 1029 5581 unionem
1080 5541 1186 5581 una
1227 5525 1340 5595 jam
1382 5527 1699 5598 intelligitur
1724 5539 1912 5586 natura
1941 5530 2029 5584 illa

540 5696 586 5728 ‘°
615 5698 631 5752 Ι
661 5698 785 5753 Cor.
813 5715 927 5760 \‘lll.
970 5702 1053 5756 l2.
1128 5701 1168 5732 "
1203 5701 1396 5758 Euhcs.
1429 5718 1477 5760 ν,
1514 5704 1599 5758 27.
1680 5707 1723 5737 ⁸⁸
1747 5704 1886 5760 I‘sal.
1919 5721 2033 5758 ch.
2083 5706 2128 5757 ί.

2144 3258 2252 3322 θῶς
2304 3253 2384 3320 εἷς
2415 3258 2616 3328 Κύριος
2663 3259 2869 3329 Ἰησοῦς
2913 3260 3182 3332 Χριστός·
3223 3259 3398 3323 οὕτως
3437 3261 3596 3318 αὐτὸν
3633 3260 3710 3322 ὡς

2141 3352 2237 3402 ἕνα
2279 3353 2770 3420 προσκυνήσομεν,
2821 3351 2921 3404 οὐκ
2973 3353 3077 3405 ἀνά
3130 3352 3295 3424 μέρος
3337 3353 3573 3415 τιθέντες
3619 3353 3708 3406 ἄν-

2143 3440 2379 3511 θρωπον,
2413 3440 2506 3492 καὶ
2537 3439 2689 3504 Θεὸν,
2729 3441 2843 3493 ἀλλ’
2873 3441 2990 3505 ἕνα,
3025 3442 3116 3494 καὶ
3143 3442 3232 3493 τὸν
3263 3443 3424 3495 αὐτὸν
3451 3439 3589 3496 εἶναι
3620 3461 3708 3495 πι-

2144 3528 2446 3592 στεύοντες,
2468 3529 2544 3592 ὡς
2566 3530 2622 3581 ὲν
2647 3529 2861 3598 θεότητι
2892 3531 2985 3583 καὶ
3012 3531 3386 3601 ἀνθρωπότητι
3407 3549 3419 3563 ·
3442 3532 3705 3600 τουτέστι,

2139 3618 2271 3672 Θεόν
2300 3637 2355 3671 τε
2387 3620 2519 3688 ὁμοῦ
2552 3622 2646 3672 καὶ
2682 3619 2984 3691 ἄνθρωπον.
3034 3621 3091 3673 '0
3126 3622 3181 3673 δέ
3215 3639 3275 3689 γε
3307 3623 3408 3689 τῆς
3435 3624 3706 3696 νεωτάτης

2140 3712 2270 3782 ἡμῖν
2303 3710 2556 3774 ἀσεϐείας
2603 3711 2848 3782 εὑρετὴς,
2902 3711 3075 3764 καίτοι
3124 3714 3353 3784 Χριστὸν
3386 3713 3479 3766 ἕνα
3529 3715 3705 3783 λέγειν

2140 3803 2624 3872 προσποιούμενος,
2662 3803 2860 3873 διαιρεῖ
2899 3803 2999 3870 μὲν
3050 3804 3322 3872 πανταχοῦ
3360 3805 3458 3868 τὰς
3491 3806 3702 3876 φύσεις,

2138 3889 2232 3943 καὶ
2277 3891 2382 3942 άνά
2437 3890 2602 3960 μέρος
2655 3891 2865 3960 ἵστησιν
2898 3892 3181 3963 ἑκατέραν,
3215 3895 3316 3947 ούκ
3361 3895 3555 3965 ἀληθὲς
3591 3896 3701 3967 [ῑσ.

2138 3980 2372 4050 ἀληθῶς]
2408 3981 2664 4051 ἀλλήλαις
2700 3983 2970 4052 συμϐῆναι
2993 3983 3163 4050 λέγων
3197 3985 3364 4048 αὑτάς
3386 4001 3401 4015 ’
3435 4004 3700 4056 προφασι-

2139 4070 2361 4142 ζόμενος
2404 4071 2460 4125 δὲ
2510 4074 2808 4143 προφάσεις
2862 4076 2920 4126 ὲν
2963 4076 3279 4147 ἁμαρτίαις,
3336 4077 3473 4131 κατά
3513 4079 3572 4132 τὸ
3609 4097 3701 4147 γε-

2137 4165 2472 4235 γραμμένον,
2497 4166 2702 4219 ἐπινοεῖ
2729 4183 2849 4218 τινα
2879 4167 3172 4235 συναφείας
3202 4168 3420 4237 τρόπον,
3441 4169 3531 4222 τὸν
3563 4171 3701 4223 κατά

2141 4252 2319 4322 μόνον,
2365 4251 2441 4315 ὡς
2489 4252 2646 4323 ἔφην,
2681 4252 2779 4324 τὴν
2816 4253 3035 4324 ἰσότητα
3081 4255 3181 4325 τῆς
3219 4253 3404 4318 ἀξίας·
3454 4257 3703 4330 καθάπερ

2137 4343 2326 4414 ἀμέλει
2360 4344 2454 4396 καὶ
2483 4345 2546 4396 ὲκ
2594 4344 2702 4397 τῶν
2754 4345 2918 4398 αὑτοῦ
2975 4345 3317 4415 δειχθήσεται
3369 4346 3573 4414 λόγων
3610 4351 3702 4402 καὶ

2138 4435 2390 4499 ἐνοικίζει
2427 4435 2525 4506 μὲν
2564 4435 2859 4506 μεθεκτῶς,
2894 4436 2970 4500 ὡς
3002 4435 3273 4508 ἀνθρώπῳ
3303 4439 3486 4509 κοινῷ,
3520 4441 3608 4493 τὸν
3637 4444 3700 4496 ἐκ

2137 4526 2271 4580 Θεοῦ
2299 4527 2468 4596 Λόγον
2489 4544 2502 4558 ο
2540 4528 2750 4599 μερίζει
2777 4528 2833 4580 δὲ
2861 4528 2958 4592 τὰς
2989 4529 3046 4581 ἐν
3075 4532 3187 4591 τοῖς
3220 4531 3564 4598 Εὐαγγελίοις
3594 4551 3700 4602 φω-

2137 4618 2254 4681 νὰς,
2303 4617 2376 4680 ὡς
2409 4618 2537 4670 ποτὲ
2577 4619 2674 4688 μὲν
2707 4619 2869 4672 τάσδε
2905 4618 3055 4683 τινὰς
3105 4620 3248 4689 μόνῳ
3297 4638 3353 4673 τε
3387 4623 3480 4674 καὶ
3523 4623 3700 4688 ίδικῶς

2136 4710 2444 4762 ἀνατιθέναι
2479 4710 2555 4778 τῷ
2588 4711 2744 4781 Λόγῳ
2766 4726 2783 4742 ο
2817 4711 2947 4763 ποτὲ
2989 4711 3045 4764 δὲ
3080 4713 3183 4782 ἰδίᾳ
3216 4711 3294 4782 τῷ
3326 4714 3390 4766 ὲκ
3421 4715 3699 4780 γυναικός.

2137 4799 2329 4853 Καίτοι
2378 4800 2495 4862 πῶς
2541 4801 2637 4870 οὐχ
2685 4800 2887 4862 ἂπασιν
2925 4803 3010 4871 εἴη
3062 4801 3126 4855 ἂν
3166 4803 3265 4854 ούκ
3318 4804 3699 4874 ἀναμφιλόγως

2136 4886 2277 4958 ἔχον,
2305 4889 2386 4941 ὅτι
2415 4888 2543 4950 Θεὸς
2572 4888 2646 4941 ὢν
2677 4890 2854 4958 φύσει,
2895 4889 3114 4959 γέγονεν
3146 4892 3428 4960 ἄνθρωπος
3466 4894 3493 4944 ὁ
3529 4895 3698 4946 Move-

2137 4980 2318 5050 γενὴς,
2356 4980 2416 5032 ού
2461 4981 2602 5032 κατὰ
2649 4983 2940 5050 συνάφειαν
2985 4982 3188 5046 ἁπλῶς,
3229 4985 3302 5046 ὡς
3334 4983 3461 5051 γοῦν
3497 4985 3696 5044 ἐκεῖνός

2135 5071 2398 5141 φησι,τὴν
2428 5070 2660 5142 θύραθεν
2682 5072 3088 5143 ὲπινοουμένην,
3113 5073 3228 5143 ἤτοι
3257 5076 3509 5144 σχετικὴν
3529 5091 3541 5105 ⁸
3565 5074 3698 5126 ἀλλὰ

2135 5163 2255 5216 καθ’
2290 5163 2480 5216 ἕνωσιν
2523 5163 2719 5234 ἀληθῆ,
2753 5165 3076 5235 ἀπορρήτως
3124 5183 3183 5218 τε
3222 5168 3315 5218 καὶ
3349 5166 3488 5235 ὑπὲρ
3536 5165 3697 5230 νοῦν;

2134 5253 2288 5307 Οὕτω
2333 5272 2425 5317 τε,
2484 5251 2564 5318 εἷς
2609 5258 2805 5307 νοεῖται
2854 5256 2948 5308 καὶ
3003 5256 3191 5325 μόνος·
3249 5257 3393 5319 ἄπας
3441 5273 3498 5309 τε
3553 5257 3697 5325 αὐτῷ

2135 5345 2330 5414 πρέπει
2368 5345 2544 5413 λόγος,
2580 5346 2671 5398 καὶ
2704 5345 2778 5408 ὡς
2821 5345 2880 5410 ἐξ
2921 5346 3036 5410 ἐνὸς
3066 5345 3356 5416 προσώπου
3405 5345 3475 5400 τά
3521 5347 3697 5400 πάντα

2132 5437 2423 5504 λελέξεται·
2450 5438 2548 5508 μία
2566 5438 2674 5508 γὰρ
2697 5437 2797 5508 ἢδη
2821 5441 3018 5490 νοεῖται
3045 5437 3204 5506 φύσις
3236 5438 3373 5507 μετὰ
3394 5437 3488 5507 τὴν
3506 5437 3697 5491 ἕνωσιν

2133 5530 2165 5599 ὴ
2200 5529 2361 5584 αὐτοῦ
2409 5529 2502 5584 τοῦ
2558 5531 2730 5601 Λόγου
2772 5529 3181 5604 σεσαρκωμένη,
3227 5529 3475 5600 καθάπερ
3508 5529 3696 5599 ἀμέλει
