4054 6332
391 276 452 332 Gl
1500 278 2320 341 ADVERSUS-NESTORIUM
2363 284 2494 340 LIB.
2538 284 2601 341 ll.
3599 290 3672 347 62

391 391 485 442 καὶ
536 389 622 457 ἐφ’
652 387 813 458 ἡμῶν
849 385 1032 443 αὐτῶν
1080 390 1238 443 νοοῖτ’
1277 388 1345 443 ἂν
1395 390 1656 455 είκότως’
1694 391 1963 463 ἄνθρωπος

2089 397 2258 466 ipsius
2285 396 2445 452 Verbi
2488 399 2794 465 incarnata,
2850 406 2910 454 ut
2961 400 3154 469 procul
3208 401 3374 457 dubio
3404 402 3457 458 in
3512 407 3670 459 nobis

396 482 499 550 γὰρ
522 476 603 544 εΐς
625 478 843 551 ἀληθῶς
867 479 1223 550 συγκείμενος
1245 480 1302 545 ἐξ
1320 482 1587 553 ἀνομοίων
1610 486 1976 555 πραγμάτων,

392 570 570 641 ψυχῆς
597 572 662 641 δὴ
693 570 839 639 λέγω
859 571 953 623 καί⁸
981 568 1256 640 σώματος.
1288 572 1772 643 Ἐπισημήνασθαι
1792 574 1849 626 δὲ
1883 576 1980 629 καὶ

392 660 487 712 νῦν
504 662 820 729 ἀναγκαῖον,
854 660 936 713 ὅτι
964 659 1025 711 τὸ
1053 659 1251 713 ὲνωθὲν
1268 660 1345 730 τῷ
1361 660 1480 732 Θεῷ
1496 661 1652 733 Λόγῳ
1670 663 1851 733 σῶμα,
1869 681 1978 732 φα-

396 752 497 821 μὲν
510 750 826 822 ὲψυχῶσθαι
847 750 993 822 ψυχῇ
1020 749 1234 822 λογικῇ.
1259 751 1647 824 Προσθήσομαι
1670 754 1728 808 δὲ
1756 756 1977 809 κάκεῖνο

391 845 700 915 χρησίμως
732 844 897 915 ἑτέρα
932 844 1031 914 μὲν
1073 846 1182 915 γὰρ
1208 843 1361 915 παρὰ
1404 844 1499 898 τὸν
1540 847 1606 899 ὲκ
1633 845 1771 899 Θεοῦ
1802 847 1977 916 Λόγον

391 938 425 1007 ἠ
459 935 616 1006 σάρξ,
646 936 793 990 κατά
828 952 894 1003 γε
921 935 1016 990 τὸν
1037 936 1137 1007 τῆς
1170 935 1306 999 ιδίας
1341 934 1559 1005 φύσεως
1603 936 1781 1005 λόγον,
1815 939 1977 1007 ἑτέρα

390 1030 446 1083 δὲ
475 1029 637 1084 πάλιν
668 1026 948 1093 οὐσιωδῶς
984 1028 1018 1099 ἡ
1051 1027 1219 1082 αὐτοῦ
1248 1028 1344 1083 τοῦ
1393 1028 1566 1098 Λόγου
1597 1030 1780 1100 φύσις.
1828 1029 1977 1099 Πλὴν

390 1121 439 1174 εί
483 1121 577 1175 καὶ
604 1122 823 1176 νοεῖται
871 1120 1124 1192 διάφορα,
1168 1125 1261 1175 καὶ
1293 1122 1374 1186 είς
1411 1122 1706 1195 ἑτερότητα
1739 1123 1976 1195 φυσικὴν

389 1212 824 1284 διεσχοινισμὲνα
869 1211 937 1266 τά
957 1211 1355 1283 ὠνομασμένα,
1386 1210 1503 1265 ἀλλ’
1547 1208 1628 1277 εἷς
1654 1213 1714 1280 ἐξ
1767 1216 1974 1285 ἀμφοῖν

388 1308 590 1361 νοεῖται
624 1305 859 1377 Χριστός
884 1323 896 1335 ·
931 1305 1054 1359 καθ’
1088 1305 1282 1360 ἕνωσιν
1329 1304 1507 1377 ἀληθῆ
1550 1305 1799 1378 ἀλλήλοις
1833 1323 1975 1376 συμο

389 1398 723 1468 ϐεϐηκότων,
756 1397 1011 1469 θεότητός
1038 1413 1098 1451 τε
1137 1397 1231 1451 καὶ
1272 1397 1715 1470 ἀνθρωπότητος.
1765 1397 1973 1469 Ἐμπε-

385 1491 469 1544 δοῖ
497 1491 553 1544 δὲ
602 1492 741 1563 πρὸς
784 1490 940 1544 τοῦτο
977 1492 1127 1562 ἡμᾶς
1162 1492 1194 1561 ἡ
1246 1490 1603 1554 θεόπνευστος
1635 1490 1848 1561 Γραφὴ,
1885 1491 1976 1545 διά

388 1583 602 1654 μυρίων
633 1583 731 1654 μὲν
756 1583 897 1636 ὅσων
927 1582 1271 1653 πραγμάτων
1303 1599 1365 1636 τε
1415 1582 1510 1637 καὶ
1550 1582 1726 1651 λόγων
1748 1600 1763 1613 ο
1793 1600 1974 1654 παρα-

385 1677 641 1747 δείγμασι
682 1676 739 1730 δὲ
772 1675 1051 1747 χρωμένη,
1099 1675 1168 1729 δι’
1205 1669 1283 1732 ὧν
1311 1674 1378 1729 ἄν
1419 1692 1509 1739 τις
1539 1676 1635 1730 καὶ
1668 1675 1790 1729 λίαν
1837 1676 1972 1731 ἀκο-

2083 487 2214 555 ipsis
2232 490 2397 542 etiam
2416 490 2801 545 convenienter
2834 490 3175 562 intelligitur.
3232 491 3388 548 Unus
3422 510 3664 565 namque

2081 572 2243 628 homo
2266 574 2424 645 plane
2444 587 2611 632 estex
2631 578 2990 635 dissimilibus
3020 583 3204 649 rebus,
3247 596 3314 637 ex
3336 584 3540 653 anima,
3569 586 3656 639 iu-

2080 682 2275 736 quam,
2306 678 2362 723 et
2388 685 2616 739 corpore
2652 672 3003 742 compositus.
3033 672 3203 729 Porro
3249 674 3381 729 illud
3410 684 3494 730 est
3525 693 3670 732 nunc

2078 759 2242 813 etiam
2283 762 2605 827 notandum,
2658 761 2819 818 fateri
2869 778 2970 820 nos
3034 778 3231 834 corpus
3272 766 3405 822 illud
3455 769 3667 823 unitum

2078 849 2193 907 Deo
2221 852 2423 917 Verbo,
2464 854 2633 910 fuisse
2682 857 2865 911 anima
2892 857 3144 911 rationali
3172 859 3492 914 animatum.
3531 860 3666 915 illud

2076 959 2293 1016 quoque
2327 946 2468 1001 haud
2499 947 2843 1003 incommode
2861 948 3185 1015 addiderim,
3211 950 3372 1005 aliam
3389 966 3512 1020 esse
3539 967 3662 1007 car-

2078 1050 2201 1090 nem
2248 1052 2278 1091 a
2310 1037 2424 1092 Deo
2480 1037 2665 1094 Verbo
2717 1039 2882 1111 (quod
2913 1041 2981 1097 ad
3020 1056 3132 1096 suae
3164 1051 3373 1097 naturae
3400 1043 3666 1098 rationem

2077 1123 2316 1195 attinet),
2348 1125 2626 1195 aliamque
2659 1142 2850 1184 rursus
2885 1129 3253 1185 essentialiter
3299 1133 3469 1198 ipsam
3500 1130 3666 1188 Verbi

2077 1227 2350 1271 naturam.
2389 1216 2497 1273 Sed
2528 1220 2780 1288 quamvis
2828 1220 2942 1276 lucc
2990 1220 3213 1277 dilferre
3266 1221 3663 1293 intelligantur,

2074 1318 2130 1365 et
2161 1309 2390 1364 naturali
2422 1310 2741 1365 diversitate
2783 1325 2905 1367 esse
2964 1312 3267 1383 disiuncta,
3305 1329 3446 1370 unus
3476 1324 3661 1372 tamen

2073 1417 2140 1457 ex
2177 1411 2410 1473 utroque
2446 1401 2699 1458 Christus
2754 1402 3095 1474 intelligitur,
3147 1405 3272 1459 dum
3329 1421 3427 1476 per
3475 1422 3663 1463 veram

2074 1495 2345 1551 unitatem
2398 1495 2579 1552 deitas
2622 1495 2784 1550 simul
2817 1504 2873 1551 et
2902 1496 3215 1551 humanitas
3244 1497 3503 1554 invicem
3530 1515 3665 1555 con-

2073 1589 2320 1644 veniunt.
2343 1587 2400 1643 ln
2434 1588 2539 1642 hac
2570 1602 2700 1642 vero
2732 1588 3001 1643 sententia
3051 1603 3153 1643 nos
3186 1588 3489 1645 innumeris
3542 1601 3655 1646 tum

2077 1678 2263 1745 factis,
2328 1688 2440 1734 tum
2504 1678 2664 1733 dictis
2728 1677 3012 1750 Scriptura
3081 1680 3342 1737 divinitus
3401 1682 3659 1752 inspirata

385 1769 495 1821 νιτὶ
528 1771 665 1841 πρός
710 1784 776 1837 γε
822 1768 885 1822 τὸ
930 1767 1191 1823 δύνασθαι
1235 1767 1474 1821 κατιδεῖν
1498 1767 1561 1821 τδ
1590 1766 1828 1839 Χριστοῦ
1863 1786 1963 1839 μυ-

2070 1773 2380 1839 confirmat,
2433 1772 2526 1827 sed
2556 1772 2828 1842 praecipue
2852 1772 2976 1826 dum
3027 1773 3294 1842 exemplis
3342 1776 3536 1838 utitur,
3564 1791 3663 1844 pcr

386 1864 607 1935 στήριον
664 1862 897 1916 διελάσει
949 1863 1157 1933 σαφῶς.
1210 1863 1357 1934 Ἔφη
1413 1862 1595 1917 τοίνυν
1630 1864 1659 1918 6
1700 1864 1970 1935 μακάριος

384 1957 669 2026 προφήτης
711 1955 936 2018 Ἡσαΐας
955 1972 969 1986 ’
1005 1974 1023 2007 ι
1054 1956 1166 2008 Καὶ
1194 1954 1473 2026 ἀπεστάλη
1502 1955 1638 2027 πρός
1670 1972 1739 2026 με
1770 1956 1828 2008 ἓν
1860 1955 1969 2011 τῶν

383 2047 667 2119 Σεραφίμο
702 2048 794 2102 καὶ
824 2051 888 2118 τῇ
936 2049 1083 2120 χειρὶ
1116 2045 1262 2118 εἶχεν
1295 2046 1565 2117 ἄνθρακα,
1598 2047 1658 2102 ὃν
1688 2051 1754 2120 τῇ
1791 2047 1967 2102 λαδίδι

382 2134 575 2188 ἔλαϐεν
596 2133 702 2188 ἀπδ
726 2134 819 2188 τοῦ
845 2135 1249 2207 θυσιαστηρίου,
1274 2135 1369 2189 καὶ¹
1386 2135 1564 2206 ἥψατο
1582 2135 1677 2190 τοῦ
1701 2137 1969 2208 στόματός

386 2246 514 2298 μου,
544 2227 638 2281 καὶ
666 2222 821 2280 εἶπεν
840 2245 855 2259 ’
899 2228 1031 2281 Ἰδοὺ
1057 2228 1238 2298 ἥψατο
1264 2226 1426 2282 τοῦτο
1455 2228 1564 2282 τῶν
1592 2229 1817 2299 χειλέων
1847 2246 1965 2296 σου,

382 2318 478 2373 καὶ
506 2318 697 2388 ἀφελεῖ
732 2318 832 2382 τὰς
861 2317 1091 2388 ἀνομίας
1123 2334 1240 2383 σου,
1280 2319 1374 2372 καὶ
1412 2318 1513 2381 τάς
1545 2319 1823 2390 ἁμαρτίας
1870 2334 1965 2373 σου

384 2411 788 2483 περικαθαριεῖ.
834 2428 854 2461 ι
897 2408 1491 2482 Πολυπραγμονοῦντες
1530 2410 1610 2475 δὲ,
1646 2410 1723 2474 ὡς
1755 2409 1856 2475 ἔνι,
1904 2409 1966 2464 τὸ

380 2504 480 2573 τῆς
523 2503 769 2574 ὁράσεως
799 2502 981 2574 βάθος,
1032 2503 1133 2573 οὐχ
1182 2502 1370 2572 ἕτερον
1403 2497 1542 2557 εἷναί
1588 2520 1790 2573 φαμεν,
1825 2502 1964 2573 πλὴν

380 2597 463 2649 ότι
498 2595 588 2649 τὸν
636 2594 843 2666 Κύριον
890 2594 1049 2666 ἡμῶν
1096 2594 1305 2665 Ἰησοῦν
1351 2594 1607 2667 Χριστὸν,
1651 2594 1744 2649 τὸν
1793 2597 1852 2649 ὲν
1887 2594 1966 2666 τῷ

381 2686 748 2757 θυσιαστηρίῳ
786 2685 1034 2756 κείμενον
1081 2684 1331 2756 ἄνθρακα
1361 2684 1550 2756 νοητόν
1574 2704 1589 2719 ·
1626 2686 1711 2755 ἐφ’
1754 2679 1798 2755 ᾧ
1829 2688 1961 2759 παρ’

380 2779 536 2849 ἡμῶν
568 2776 850 2842 εύωδιάξει
895 2777 1148 2848 θυμίαμα
1207 2777 1285 2849 τῷ
1330 2776 1450 2848 Θεῷ
1496 2777 1592 2831 καὶ
1635 2778 1845 2850 Πατρί·
1894 2780 1963 2833 δι’

380 2868 541 2923 αὐτοῦ
593 2869 704 2941 γὰρ
750 2868 851 2939 τὴν
900 2868 1269 2941 προσαγωγὴν
1301 2869 1637 2938 ἐσχήκαμεν,
1684 2868 1864 2922 δεκτοί
1903 2868 1964 2922 τέ

380 2964 567 3031 ἐσμεν,
600 2960 700 3025 τὰς
732 2959 1108 3031 πνευματικὰς
1154 2959 1438 3022 τελοῦντες
1468 2959 1744 3031 λατρείας.
1795 2954 1964 3024 Οὗτος

379 3052 556 3104 τοίνυν
584 3053 613 3106 6
652 3048 857 3119 ἄνθραξ
902 3050 931 3101 6
974 3048 1135 3112 θεῖος,
1183 3047 1313 3101 ὅταν
1344 3046 1548 3117 ἅψηται
1582 3047 1692 3101 τῶν
1735 3046 1961 3118 χειλέων

2076 1879 2196 1935 quae
2224 1864 2486 1919 facillime
2509 1864 2743 1934 quisque
2776 1865 2842 1918 ad
2872 1862 3073 1919 Christi
3102 1864 3420 1935 mysterium
3445 1866 3657 1936 perspi-

2077 1970 2177 2011 cue
2222 1956 2631 2025 intelligendum
2686 1955 2910 2010 tendere
2970 1955 3163 2025 possit.
3238 1953 3437 2011 Beatus
3496 1958 3661 2025 igitur

2073 2045 2334 2116 propheta
2378 2045 2547 2101 Isaias
2600 2045 2719 2101 ait:
2768 2064 2790 2099 ι
2831 2045 2899 2101 Ει
2933 2047 3130 2101 missus
3160 2054 3243 2102 est
3294 2047 3358 2101 ad
3393 2062 3483 2103 me
3514 2063 3659 2103 unus

2074 2137 2142 2193 de
2165 2139 2475 2209 Seraphim,
2509 2151 2565 2195 et
2591 2140 2642 2194 in
2677 2155 2839 2196 manu
2881 2139 3119 2195 habebat
3153 2139 3466 2205 carbonem,
3495 2157 3657 2212 quem

2074 2229 2281 2299 forcipe
2304 2240 2591 2301 acceperat
2648 2247 2712 2287 ex
2745 2231 2929 2296 altari,
2959 2240 3017 2286 et
3059 2231 3237 2300 tetigit
3265 2246 3327 2287 os
3371 2248 3571 2299 meum,
3603 2244 3659 2289 et

2073 2320 2213 2375 dixit
2249 2338 2263 2374 :
2291 2320 2431 2377 Ecce
2465 2322 2642 2393 tetigit
2681 2323 2785 2378 hoc
2825 2322 2965 2378 labia
2989 2331 3102 2385 tua,
3127 2332 3182 2378 et
3211 2323 3422 2379 auferet
3454 2324 3657 2393 iniqui-

2074 2416 2215 2462 tates
2273 2416 2411 2471 tuas,
2474 2419 2528 2462 et
2559 2410 2799 2481 expiabit
2851 2421 3074 2482 peccata
3128 2420 3219 2466 tua
3246 2411 3312 2465 ⁸³.
3350 2430 3371 2466 ι
3419 2413 3659 2469 Visionis

2072 2498 2235 2569 hujus
2284 2501 2710 2571 profunditatem
2755 2512 2814 2557 ut
2861 2503 3009 2557 vires
3065 2500 3247 2558 ferunt
3283 2504 3656 2575 exquirentes,

2073 2588 2181 2659 32
2209 2606 2314 2645 non
2351 2591 2497 2647 aliud
2535 2594 2636 2648 nisi
2673 2594 2959 2653 Dominum
2999 2604 3243 2650 nostrum
3274 2595 3458 2650 Jesum
3494 2594 3659 2651 Chri-

2073 2692 2218 2735 suim
2268 2696 2393 2737 esse
2444 2684 2677 2740 dicimus
2731 2684 3036 2754 spiritalem
3091 2685 3241 2739 illum
3277 2686 3567 2742 carbonem
3602 2688 3656 2742 in

2072 2772 2229 2827 altari
2253 2775 2513 2843 positum,
2563 2790 2727 2845 super
2780 2791 2888 2846 quo
2937 2778 3236 2849 thymiama
3261 2777 3374 2833 Deo
3414 2793 3478 2832 ac
3507 2777 3655 2833 Patri

2070 2877 2099 2917 a
2134 2862 2289 2919 nobis
2318 2863 2570 2920 adoletur
2595 2882 2610 2921 :
2636 2880 2731 2934 per
2763 2866 2938 2936 ipsum
2968 2869 3111 2921 enim
3146 2882 3426 2922 accessum
3453 2868 3652 2922 habui-

2070 2970 2211 3020 mus,
2268 2965 2325 3012 et
2384 2956 2686 3027 spiritalem
2752 2959 2955 3013 cultum
3019 2971 3385 3031 exsequentes
3440 2962 3653 3030 accepti

2070 3061 2279 3102 sumus.
2306 3047 2405 3103 llic
2434 3049 2618 3117 itaque
2644 3051 2810 3104 carbo
2839 3049 3056 3106 divinus
3105 3051 3193 3106 ubi
3249 3051 3559 3107 accedentis
3585 3050 3653 3106 ad

381 3160 472 3196 σου
512 3141 624 3215 [ῖσ.
657 3141 775 3214 τοῦ]
812 3142 1125 3211 προσιόντος
1164 3140 1332 3210 αὐτῷ,
1361 3123 1764 3211 διεσμηγμένον
1794 3140 1959 3205 εὐθὺς

2069 3154 2127 3195 se
2149 3138 2291 3194 labia
2317 3140 2575 3211 tetigerit,
2595 3140 2736 3196 illico
2757 3142 3013 3195 mundum
3036 3142 3242 3207 reddet,
3265 3152 3426 3213 atque
3443 3145 3654 3213 peccati

379 3238 648 3307 ἀποφανεῖ
700 3236 794 3288 καὶ
836 3235 1055 3303 ἀπάσης
1086 3233 1360 3305 ἁμαρτίας
1389 3233 1735 3304 ἠμοιρηκότα
1765 3250 1961 3287 παντε-

378 3328 504 3392 λῶς.
537 3329 805 3381 ’Ἃπτεται
831 3326 887 3381 δὲ
929 3327 1053 3379 τίνα
1093 3326 1293 3395 τρόπον
1316 3325 1425 3379 τῶν
1459 3328 1518 3379 ὲν
1548 3328 1680 3397 ἡμῖν
1706 3325 1955 3396 χειλέων,

377 3420 575 3487 διδάξει
605 3417 779 3488 λέγων
816 3420 845 3473 ὁ
880 3419 1149 3490 μακάριος
1179 3417 1422 3482 Παῦλος·
1459 3436 1479 3470 ι
1536 3416 1732 3487 Ἐγγύς
1766 3435 1859 3470 σου
1898 3418 1960 3471 τὸ

381 3509 533 3581 ῥῆμά
577 3510 723 3562 ἐστιν
773 3509 830 3560 ὲν
875 3506 953 3577 τῷ
1002 3503 1231 3575 στόματί
1272 3521 1365 3558 σου
1405 3505 1499 3559 καὶ
1550 3507 1608 3558 ὲν
1649 3507 1716 3577 τῇ
1762 3505 1959 3576 καρδίᾳ

378 3619 471 3657 σου
492 3617 505 3631 ·
536 3603 619 3655 ὅτι
651 3600 746 3654 ὲάν
792 3600 952 3671 εἴπῃς
998 3601 1056 3653 ἐν
1088 3597 1167 3669 τῷ
1212 3598 1441 3669 στόματί
1489 3615 1603 3664 σου,
1639 3599 1721 3652 ὃτι
1754 3598 1959 3670 Κύριος

388 3693 640 3764 Ἰησοῦς’
676 3694 771 3746 καὶ
820 3692 1117 3765 πιστεύσῃς
1164 3692 1223 3744 ὲν
1266 3694 1332 3762 τῇ
1386 3691 1583 3762 καρδίᾳ
1639 3708 1755 3755 σου,
1803 3693 1884 3745 ὅτι
1930 3692 1958 3744 6

374 3786 507 3851 Θεὸς
540 3785 701 3841 αὐτὸν
725 3786 946 3857 ἡγειρεν
971 3785 1035 3837 ὲκ
1068 3783 1300 3855 νεκρῶν,
1330 3782 1554 3854 σωθήσῃ
1574 3798 1589 3813 '
1624 3783 1823 3854 καρδίᾳ
1849 3782 1957 3854 γάρ

378 3878 693 3933 πιστεύεται
738 3880 818 3942 είς
845 3874 1215 3948 δικαιοσύνην·
1260 3876 1493 3944 στόματι
1525 3875 1584 3928 δὲ
1614 3875 1957 3946 ὁμολογεῖται

374 3973 454 4034 είς
490 3969 783 4041 σωτηρίαν.
823 3987 844 4020 ι
890 3966 1156 4038 Ἀνθρακι
1193 3966 1251 4021 δὲ
1290 3966 1702 4037 παρεικάζεται,
1752 3966 1841 4020 διά
1871 3982 1955 4019 τοι

373 4062 436 4116 τὸ
485 4062 551 4115 ὲκ
602 4060 747 4115 δυοῖν
804 4058 1044 4113 νοεῖσθαι
1104 4059 1198 4111 καὶ
1256 4056 1525 4128 ἀνομοίων
1575 4054 1953 4127 πραγμάτωνο

376 4153 577 4224 συνόδῳ
607 4169 670 4222 γε
708 4152 815 4222 μὴν
843 4154 909 4223 τῇ
957 4151 1099 4204 κατά
1143 4148 1398 4219 ἀλήθειαν
1432 4146 1716 4217 μονονουχὶ
1750 4144 1957 4199 συνδεῖ-

375 4245 500 4299 σθαι
532 4244 668 4315 πρὸς
695 4242 888 4296 ἕνωσιν
911 4257 926 4272 ·
967 4240 1271 4303 εἰσδεδυκὸς
1300 4237 1408 4309 γὰρ
1436 4236 1515 4308 τῷ
1551 4235 1693 4307 ξύλῳ
1723 4235 1785 4289 τὸ
1820 4235 1952 4308 πῦρ.

373 4338 454 4400 είς
485 4336 692 4390 οἰκείαν
724 4333 854 4388 αὐτὸ
890 4333 1289 4403 μεταστοιχειοῖ
1320 4330 1523 4403 τρόπον
1558 4328 1680 4382 τινὰ
1708 4329 1864 4397 δόξαν
1892 4347 1952 4383 τε

2065 3233 2245 3289 omnis
2298 3246 2523 3302 prorsus
2561 3242 2862 3303 expertem.
2918 3232 3023 3289 Sed
3085 3234 3228 3289 labia
3283 3242 3469 3290 nostra
3512 3250 3651 3304 quo—

2066 3340 2191 3379 nam
2246 3324 2407 3379 modo
2453 3325 2757 3395 contingat,
2808 3326 2964 3380 docet
3024 3325 3216 3381 beatus
3279 3325 3480 3381 Paulus
3528 3342 3652 3380 cum

2065 3414 2243 3469 dicit:
2280 3431 2299 3465 ι
2351 3412 2528 3483 Prope
2604 3422 2652 3467 te
2682 3422 2768 3468 est
2807 3415 3033 3470 verbum
3090 3414 3144 3468 in
3193 3429 3289 3469 ore
3340 3423 3452 3477 tuo.
3502 3423 3558 3467 et
3596 3414 3651 3467 in

2064 3505 2228 3560 corde
2265 3515 2357 3559 tuo
2390 3505 2556 3573 :quia
2579 3504 2621 3558 si
2649 3505 2853 3560 dixeris
2887 3505 2940 3559 in
2976 3520 3072 3560 ore
3105 3514 3193 3559 tuo
3216 3504 3341 3575 quia
3387 3504 3651 3559 Dominus

2061 3598 2245 3663 Jesus,
2272 3605 2326 3651 et
2359 3597 2658 3653 credideris
2694 3598 2747 3650 in
2787 3599 2953 3653 corde
2985 3608 3078 3653 tuo
3128 3598 3253 3666 quia
3308 3598 3455 3653 Deus
3501 3598 3651 3652 illum

2063 3691 2347 3746 suscitavit
2374 3708 2404 3746 a
2441 3689 2693 3752 mortuis,
2738 3691 2924 3745 salvus
2956 3692 3088 3747 eris.
3144 3691 3321 3747 Corde
3354 3691 3500 3745 enim
3532 3706 3653 3745 cre-

2064 3784 2207 3838 ditur
2242 3785 2306 3837 ad
2329 3783 2622 3852 justitiam,
2653 3800 2747 3839 ore
2778 3793 2958 3838 autem
3006 3782 3278 3838 confessio
3311 3783 3372 3837 lit
3412 3783 3478 3838 ad
3502 3784 3651 3838 salu-

2064 3887 2169 3933 tem
2188 3877 2256 3932 ⁸⁸.
2287 3896 2305 3928 ι
2332 3876 2538 3931 Dicitur
2565 3884 2742 3931 autem
2770 3874 2994 3931 carboni
3020 3875 3335 3945 persimilis,
3356 3885 3646 3945 propterea

2062 3970 2206 4041 quod
2240 3984 2307 4025 ex
2327 3968 2537 4025 duabus
2572 3983 2637 4024 ac
2673 3968 3030 4023 dissimilibus
3082 3968 3246 4023 rebus
3297 3967 3643 4036 intelligitur,

2061 4063 2156 4119 sed
2189 4062 2264 4116 ita
2291 4061 2587 4117 secundum
2636 4062 2919 4116 veritatem
2963 4060 3437 4125 convenientibus,
3496 4068 3551 4113 ut
3593 4061 3646 4113 in
3756 4128 3757 4131 η

2063 4155 2326 4208 unitatem
2390 4153 2777 4221 propemodum
2832 4149 3249 4222 conjungantur.
3302 4149 3447 4220 Ignis
3500 4153 3646 4205 cnim

2061 4248 2151 4301 ubi
2192 4246 2394 4316 lignum
2440 4245 2761 4316 penetrarit,
2804 4244 2931 4299 illud
2962 4244 3013 4299 in
3048 4259 3201 4299 suam
3255 4243 3429 4313 ipsius
3480 4242 3648 4298 clari-

2063 4347 2224 4394 tatem
2274 4353 2339 4394 ac
2388 4337 2533 4391 vires
2585 4336 2869 4401 transfert,
2910 4350 2976 4390 eo
3035 4345 3215 4389 tamen
3250 4344 3469 4389 servato
3501 4334 3645 4404 quod

373 4429 470 4483 καὶ
495 4428 743 4498 δύναμιν,
778 4424 954 4479 καίτοι
984 4423 1287 4496 τετηρηκὸς
1327 4422 1463 4492 ὅπερ
1493 4416 1582 4491 ἦν.
1620 4420 1952 4494 Μαργαρίτη

2069 4439 2197 4483 erat.
2224 4428 2530 4500 Margaritae
2553 4443 2612 4483 se
2638 4443 2825 4483 rursus
2853 4435 3132 4497 comparat
3158 4425 3422 4483 Dominus
3459 4436 3647 4483 noster

371 4520 430 4574 δὲ
456 4489 837 4576 πάλιν-ἐαυτὸν
867 4489 1321 4585 ἀφομοιοῖ-λέγων
1352 4515 1381 4566 ό
1405 4489 1611 4584 Κύριος
1650 4489 1805 4583 ἡμῶν
1833 4489 1951 4583 ⁷’Ῑηζ

2069 4518 2214 4574 lesus
2257 4489 2507 4575 Christus
2549 4535 2673 4574 cum
2731 4519 2906 4574 dicit:
2946 4489 2992 4570 «-
3025 4517 3216 4573 Simile
3272 4524 3359 4573 est
3407 4532 3637 4587 regnum

374 4611 500 4675 σοῦς
528 4611 763 4683 Χριστός
783 4625 797 4639 ’
836 4627 854 4661 ι
906 4607 1100 4677 Ὀμοία
1137 4606 1286 4659 ἐστὶν
1319 4607 1352 4677 ἡ
1385 4604 1633 4677 βασιλεία
1651 4605 1761 4658 τῶν
1788 4605 1953 4675 ούρα-

371 4704 477 4757 νῶν
505 4701 775 4774 ἀνθρώπῳ
800 4699 1027 4771 ἒμπόρῳ
1050 4696 1301 4769 ζητοῦντι
1335 4697 1533 4761 καλοὺς
1578 4697 1947 4768 μαργαρίτας

371 4794 547 4863 εὑρὼν
578 4794 636 4848 δὲ
671 4794 769 4847 ἕνα
800 4791 1096 4862 πολύτιμον
1148 4789 1517 4861 μαργαρίτην,
1552 4787 1804 4843 ἀπελθὼν
1851 4790 1949 4843 πέ-

371 4903 580 4958 πραχεν
606 4886 709 4939 ὅσα
742 4879 878 4955 εἶχε,
927 4883 1020 4936 καὶ
1050 4882 1318 4953 ἠγόρασεν
1349 4880 1531 4934 αὐτόν.
1576 4898 1594 4932 ι
1644 4881 1853 4934 Ἀκούω
1894 4881 1951 4935 δὲ

372 4980 468 5032 καὶ
497 4977 696 5047 ἑτέρως
730 4974 920 5029 ἑαυτὸν
959 4975 1090 5045 ἡμῖν
1136 4971 1586 5035 καταδεικνύντος
1634 4970 1730 5024 καὶ
1759 4971 1947 5038 λέγον·-

370 5086 461 5133 τος
482 5087 496 5101 ·
531 5087 549 5120 ι
589 5067 731 5137 Ἐγὼ
750 5066 907 5128 ἀνθος
926 5063 1019 5118 τοῦ
1046 5063 1252 5127 πεδίου,
1276 5063 1459 5135 κρίνον
1479 5061 1590 5116 τῶν
1613 5061 1892 5117 κοιλάδων.
1908 5080 1942 5123 Δι

375 5163 528 5231 Ἔχει
583 5159 684 5232 μὲν
724 5158 833 5230 γὰρ
865 5159 923 5211 ὲν
981 5154 1088 5226 ίδίᾳ
1121 5151 1281 5223 φύσει
1328 5153 1427 5226 τὴν
1480 5152 1759 5225 θεοπρεπῆ
1812 5152 1950 5223 λαμ-

2057 4611 2317 4665 caelorum
2341 4609 2544 4664 homini
2573 4609 2896 4679 negotiatori
2937 4607 3201 4677 quarenti
3233 4607 3403 4662 bonas
3431 4622 3645 4675 marga-

2059 4703 2193 4755 ritas
2227 4720 2241 4756 :
2281 4703 2494 4756 inventa
2528 4711 2706 4755 autem
2738 4716 2840 4754 una
2885 4699 3118 4770 pretiosa
3148 4697 3464 4768 margarita,
3497 4697 3645 4751 vadit

2056 4802 2111 4847 et
2146 4792 2331 4847 vendit
2377 4794 2626 4847 universa
2668 4809 2788 4861 quae
2838 4790 3021 4855 habet,
3063 4798 3118 4845 et
3159 4790 3290 4845 emit
3319 4788 3464 4843 illam
3500 4788 3569 4843 ⁸⁸.
3616 4806 3637 4841 ι

2054 4882 2176 4937 Alio
2226 4898 2442 4954 quoque
2479 4884 2638 4937 modo
2666 4882 2813 4937 illum
2841 4897 2963 4936 sese
3006 4881 3160 4937 nobis
3202 4880 3443 4935 indicare
3479 4879 3642 4934 audio

2055 4972 2368 5029 dicentem:
2404 4992 2423 5027 ι
2460 4974 2569 5044 Ego
2596 4973 2693 5028 llos
2715 4974 2913 5044 campi,
2940 4972 3112 5027 lilium
3151 4973 3476 5028 convallium
3499 4974 3566 5027 “.
3614 4992 3634 5026 ι

2055 5065 2188 5120 Cum
2213 5066 2427 5120 enimin
2468 5082 2563 5120 sua
2590 5074 2780 5119 natura
2828 5064 3065 5119 divinam
3115 5064 3421 5121 claritatem
3447 5064 3542 5120 Dei
3573 5081 3640 5121 ac

2055 5156 2234 5212 Patris
2284 5156 2503 5223 habeat,
2554 5158 2696 5211 idem
2754 5167 3012 5224 praeterea
3044 5157 3216 5227 spirat
3256 5158 3477 5212 odorem
3509 5173 3637 5213 sua-

371 5254 612 5325 πρότητα
650 5250 744 5304 τοῦ
776 5247 911 5303 Θεοῦ
955 5248 1051 5302 καὶ
1078 5245 1295 5319 Πατρός
1314 5262 1331 5279 ο
1379 5246 1668 5311 εὐωδιάξει
1699 5246 1757 5300 δὲ
1788 5247 1952 5299 πάλιν

2069 5249 2342 5305 veolentia:
2399 5250 2678 5320 spiritalis.
2731 5248 2799 5304 Ut
2849 5264 2980 5320 ergo
3025 5249 3078 5305 in
3125 5249 3442 5319 margarita,
3475 5259 3638 5319 atque

368 5347 435 5399 αύ
449 5346 530 5398 τὸν
570 5344 681 5417 [ίσ.
716 5341 925 5415 αὐτὸς],
955 5341 1100 5396 κατά
1128 5356 1213 5411 γε,
1265 5341 1430 5413 φημὶ,
1476 5340 1576 5412 τὴν
1617 5340 1814 5411 νοητὴν
1840 5339 1900 5392 εὑ
1928 5368 1952 5380 -

2069 5340 2224 5393 etiam
2270 5339 2405 5405 lilio,
2455 5339 2707 5408 quamvis
2732 5339 3034 5409 subjectum
3069 5338 3175 5394 illis
3230 5353 3428 5409 corpus
3461 5339 3639 5404 perci-

368 5436 584 5500 οσμίαν.
643 5435 851 5506 Ὥσπερ
906 5434 1107 5497 τοίνυν,
1164 5433 1255 5487 ὲπί
1301 5450 1362 5486 τε
1430 5431 1523 5486 τοῦ
1587 5431 1948 5503 μαργαρίτου,

2069 5432 2261 5498 piatur,
2299 5430 2518 5486 claritas
2547 5442 2727 5485 tamen
2778 5446 2871 5486 seu
2907 5432 3041 5486 odor
3066 5446 3132 5486 ex
3162 5430 3380 5501 propria
3428 5432 3637 5485 ratione

370 5526 606 5597 καὶμὴν
655 5524 752 5579 καὶ
796 5525 890 5580 τοῦ
942 5527 1150 5586 κρίνου,
1208 5527 1403 5577 νοεῖται
1455 5525 1636 5596 μέντοι
1687 5526 1848 5595 σῶμα
1889 5523 1953 5577 τὸ

2069 5522 2258 5579 abillis
2309 5524 2505 5594 quibus
2536 5524 2743 5590 insunt,
2771 5533 3027 5595 tanquam
3062 5523 3278 5581 diversa
3312 5531 3633 5589 noscuntur,

440 5707 485 5739 ιι
509 5705 611 5762 ιδε,
643 5722 717 5774 γι,
753 5702 806 5774 6,
836 5704 889 5758 7.
968 5703 1012 5733 ’δ
1039 5702 1195 5756 lium.
1234 5718 1288 5766 .\,
1323 5702 1482 5755 8—lU.
1570 5702 1615 5735 ⁸⁸
1639 5701 1830 5761 Matth.
1862 5719 1961 5762 xm

2069 5704 2109 5771 5,
2145 5705 2230 5762 l6.
2328 5705 2374 5738 “
2401 5705 2556 5762 Cant.
2593 5720 2651 5773 ιι,
2688 5704 2736 5760 l.
