4054 6332
388 279 462 332 θὸ
1424 274 1484 329 S.
1524 273 1801 331 CYRILLI
1839 273 2311 331 ALEXANDRINI
2346 272 2671 331 ARCHIEP.
3599 267 3669 323 δι

395 397 489 452 sed
541 393 782 450 vicissim
840 407 1058 462 propria
1111 402 1238 447 sunt
1267 392 1606 459 habentium,
1637 409 1745 448 non
1780 394 1848 451 ab
1895 395 1975 451 eis

2115 394 2455 464 ποκείμενον,
2492 394 2527 464 ή
2584 391 2642 444 δέ
2690 406 2755 459 γε
2804 390 2864 443 ὲν
2914 384 3066 456 αὐτῷ
3111 382 3455 455 λαμπρότης,
3504 382 3671 452 ’ἤγουν

398 489 592 551 aliena,
613 502 735 541 cum
761 487 814 540 in
845 485 950 540 illis
966 484 1405 554 inseparabiliter
1430 485 1674 540 hmreant
1700 504 1713 540 :
1738 488 1805 540 ad
1827 502 1981 541 eum-

397 583 520 636 dem
544 592 762 649 quoque
811 578 1029 632 modum
1064 579 1129 630 de
1176 577 1529 631 Emmanuele
1565 579 1682 648 ipso
1716 580 1873 633 nobis
1901 590 1983 635 est

397 672 818 727 existimandum
853 686 916 725 ac
957 671 1323 725 sentiendum.
1357 668 1578 725 Natura:
1622 686 1858 741 namque
1892 687 1981 724 ra-

402 767 551 818 tione
598 764 813 818 diversa
866 774 991 818 sunt
1044 763 1298 816 divinitas
1340 770 1395 815 et
1432 778 1560 818 caro
1597 779 1612 817 :
1652 762 1745 817 sed
1788 779 1985 832 corpus

403 856 570 914 Verbi
616 864 893 929 proprium
948 871 1087 919 erat,
1132 874 1304 926 neque
1346 857 1647 927 sejunrtum
1686 875 1717 913 a
1759 873 1985 926 corpore

404 945 532 999 illud
555 948 762 1001 unitum
794 947 1007 1015 corpori
1043 946 1276 1001 Verbum
1310 965 1325 1001 :
1358 947 1499 1001 haud
1519 951 1664 1003 enim
1708 950 1870 1004 aliter
1896 951 1981 1004 in-

406 1037 651 1106 telligere
693 1037 775 1092 fas
816 1048 900 1093 est
946 1036 1379 1102 Emmanuelem,
1433 1038 1487 1093 id
1534 1051 1639 1104 est,
1694 1038 1984 1095 Nobiscum

408 1126 573 1182 Dens.
627 1125 818 1195 Itaque
874 1144 1263 1198 nonnunquam
1291 1139 1348 1182 ιιι
1400 1130 1582 1194 homo,
1626 1140 1682 1185 et
1727 1147 1792 1185 ex
1833 1148 1988 1187 men-

408 1233 537 1274 sura
593 1233 704 1273 sum
759 1221 1149 1275 exinanitinnis
1216 1222 1455 1289 seipsum
1499 1224 1655 1279 nobis
1718 1224 1988 1293 indicans,

409 1312 670 1366 dicebat:
718 1330 739 1364 ιι
778 1311 948 1366 Nemo
981 1313 1121 1366 tollit
1168 1315 1405 1367 animam
1464 1330 1637 1370 meam
1670 1330 1699 1369 a
1738 1319 1920 1381 me";
1966 1336 1984 1370 ι

410 1402 704 1471 aliquando
743 1419 932 1457 rursus
968 1414 1221 1472 tanquam
1254 1403 1396 1459 Deus
1432 1406 1690 1472 Verbum,
1734 1418 1788 1462 et
1818 1418 1876 1462 ιιι
1899 1409 1989 1478 qui

411 1492 481 1548 de
507 1491 669 1557 cmlo,
693 1492 799 1563 33
831 1502 885 1547 et
910 1508 1049 1547 unus
1082 1510 1204 1547 cum
1229 1511 1326 1549 sua
1362 1511 1525 1551 carne
1550 1498 1944 1570 intelligeretur
1973 1518 1988 1554 :

419 1603 439 1635 ι
467 1583 636 1639 Nemo
659 1585 921 1647 ascendit.
956 1586 1151 1654 inquit,
1180 1588 1231 1639 in
1265 1588 1482 1655 caelum,
1509 1590 1613 1644 nisi
1647 1592 1736 1660 qui
1761 1593 1990 1648 descen-

2081 484 2277 538 εὐωδία
2314 482 2433 538 κατ’
2465 483 2595 536 ἴδιον
2644 481 2823 549 λόγον,
2870 480 2945 543 ὡς
2977 478 3141 548 ἔτερα
3178 476 3276 545 μὲν
3325 474 3478 543 παρὰ
3510 474 3578 526 τὰ
3614 476 3674 525 ἐν

2081 572 2162 641 οἷς
2191 578 2358 630 εἰσιν·
2395 576 2501 629 ἴδια
2536 576 2593 629 δέ
2625 574 2787 629 πάλιν
2814 571 2993 627 αὐτῶν
3022 572 3116 624 καὶ
3143 570 3243 623 οὐκ
3268 567 3522 637 ἀλλότρια
3562 566 3673 618 τῶν

2084 670 2314 741 ἐχόντων
2363 670 2479 722 ἐστὶ
2507 668 2577 721 τὰ
2610 667 2930 739 ἀχωρίστως
2974 661 3350 735 ἐμπεφυκότα.
3398 659 3538 712 κατὰ
3582 657 3673 709 τὸν

2085 762 2267 825 αὑτὸν,
2299 756 2478 831 οἶμαι,
2509 758 2709 829 τρόπον
2743 754 3074 827 λογιούμεθά
3093 771 3151 807 τε
3183 751 3276 806 καὶ
3306 752 3670 821 φρονήσομεν,

2084 854 2179 906 καὶ
2214 851 2304 905 ἐπί
2335 868 2399 920 γε
2428 849 2523 903 τοῦ
2574 848 2923 920 Ἐμμανουήλ
2946 864 2959 878 ·
2992 847 3207 916 ἑτεροῖα
3255 844 3354 914 μὲν
3393 842 3502 911 γὰρ
3532 838 3674 893 κατὰ

2085 946 2183 1013 τὴν
2228 943 2412 1013 φύσιν,
2459 942 2650 1012 θεότης
2683 958 2743 994 τε
2784 940 2880 995 καὶ
2914 939 3084 1011 σάρξ⁹
3124 936 3240 990 ἁλλ’
3292 936 3420 988 ἴδιον
3464 929 3533 1004 ἦν
3578 931 3673 984 τοῦ

2088 1038 2264 1106 Λόγου
2294 1037 2355 1090 τὸ
2390 1037 2582 1106 σῶμα·
2614 1033 2710 1087 τοῦ
2741 1034 2798 1086 δὲ
2846 1031 3100 1103 σώματος
3124 1030 3186 1083 οὐ
3218 1026 3619 1099 κεχωρισμένος
3648 1027 3677 1075 6

2090 1129 2310 1193 ἐνωθεὶς
2364 1125 2515 1198 αὐτῷ
2550 1126 2759 1195 Λόγος*
2806 1127 2982 1177 νοοῖτο
3028 1123 3139 1194 γὰρ
3186 1114 3289 1175 ὧδέ
3333 1136 3395 1172 τε
3437 1118 3532 1171 καὶ
3576 1117 3677 1185 οὐχ

2090 1225 2293 1296 ἑτέρως
2325 1225 2354 1278 6
2398 1220 2771 1293 Ἐμμανουὴλ,
2804 1219 3074 1280 τουτέστι,
3106 1216 3243 1272 Μεθ’
3275 1215 3435 1286 ἡμῶν
3465 1216 3493 1267 ό
3520 1212 3673 1275 Θεός.

2090 1318 2399 1387 Τοιγάρτοι,
2445 1314 2577 1369 ποτὲ
2612 1313 2712 1384 μὲν
2752 1315 2829 1377 ῶς
2871 1312 3176 1381 ἄνθρωπος,
3214 1311 3307 1363 καὶ
3338 1310 3402 1361 ἐκ
3434 1306 3542 1361 τῶν
3578 1306 3674 1377 τῆς

2091 1411 2374 1472 κενώσεως
2423 1408 2636 1478 μέτρων
2683 1405 2874 1460 ἐαυτὸν
2928 1407 3060 1475 ἡμῖν
3118 1402 3339 1474 ἐμφανῆ
3389 1398 3676 1462 καθιστὰς,

2092 1504 2363 1571 ἔφασκεν·
2404 1520 2423 1553 ι
2462 1500 2650 1562 Οὐδεὶς
2674 1501 2822 1569 αἴρει
2852 1498 2952 1569 τὴν
2981 1496 3163 1567 ψυχήν
3194 1511 3295 1565 μου
3334 1494 3430 1547 ἀπ’
3457 1492 3591 1561 ἐμοῦ
3614 1508 3626 1520 ·
3652 1510 3673 1542 ι

2094 1596 2224 1649 ποτὲ
2251 1594 2315 1665 δὴ
2351 1592 2459 1666 [ίσ.
2491 1591 2572 1664 δὲ]
2613 1591 2796 1656 πάλιν,
2826 1590 2901 1655 ὼς
2927 1589 3059 1653 Θεὸς
3090 1586 3166 1641 ῶν
3193 1588 3222 1640 6
3252 1586 3444 1654 Λόγος,
3486 1583 3580 1637 καὶ
3621 1581 3681 1648 ἐξ

413 1676 494 1730 dit
526 1676 594 1732 de
616 1676 777 1743 caalo,
808 1676 980 1731 Filius
1010 1677 1243 1732 hominis
1273 1679 1341 1733 ⁸⁸.
1383 1700 1403 1732 ι
1450 1679 1583 1735 Cum
1625 1682 1788 1753 igitur
1817 1686 1990 1754 ipstun

2108 1684 2324 1759 οὐρανοῦ
2368 1683 2677 1754 νοούμενος,
2711 1683 2806 1737 καὶ
2835 1677 2915 1745 εἷς
2949 1679 3085 1751 μετὰ
3130 1679 3231 1749 τῆς
3281 1677 3417 1740 ἰδίας
3453 1675 3677 1748 σαρκὸς,

414 1766 612 1823 Filium
643 1783 813 1823 sacrm
840 1769 1055 1824 Littera:
1073 1770 1308 1841 undique
1334 1771 1386 1825 in
1418 1746 1681 1828 unitatem
1716 1746 1994 1847 insepara-

2108 1800 2126 1830 r
2155 1746 2345 1840 ὸὺδεὶς
2374 1746 2700 1846 ἀναϐέϐηκε,
2733 1774 2917 1845 φησὶν,
2951 1746 3033 1835 είς
3064 1770 3155 1824 τὸν
3185 1746 3435 1839 οὐρανὸν,
3468 1746 3625 1839 είῖμὴ
3652 1770 3680 1821 ό

416 1860 581 1916 bilem
608 1875 901 1931 veramque
932 1863 1281 1933 conjungant,
1331 1874 1384 1917 et
1414 1865 1464 1918 in
1494 1881 1655 1920 unam
1705 1883 1995 1938 personam

418 1952 665 2023 redigant
691 1951 743 2005 in
768 1953 871 2007 [ide
893 1968 909 2019 ;
933 1953 1023 2008 hic
1041 1964 1217 2009 tatuen
1250 1972 1416 2011 vanus
1435 1957 1594 2012 homo
1619 1960 1798 2014 multis
1824 1963 1999 2017 modis

419 2043 700 2113 disjungit,
757 2053 812 2098 et
872 2045 1134 2102 adversus
1200 2049 1375 2117 ipsum
1425 2063 1642 2117 quoque
1714 2051 1994 2106 Christum

423 2147 627 2193 temere
645 2148 897 2207 nugatur,
924 2138 1088 2195 Deum
1124 2141 1402 2211 appellans
1445 2142 1571 2198 illud
1602 2161 1667 2198 ex
1699 2143 1859 2202 Patre
1893 2149 2000 2202 Deo

420 2226 682 2295 Verbum,
715 2239 772 2283 ut
815 2231 1031 2299 quidem
1075 2247 1177 2286 suo
1210 2233 1330 2288 loco
1372 2250 1437 2289 ac
1487 2245 1729 2306 tempore
1783 2255 2003 2309 progre-

424 2323 578 2377 diens
598 2324 774 2376 oratio
815 2321 979 2393 plane
1025 2326 1259 2382 docebit.
1303 2328 1538 2382 Simulat
1584 2330 1732 2384 enim
1776 2347 1835 2387 se
1890 2349 2005 2389 me-

424 2424 596 2479 tuere,
630 2430 697 2468 ne
714 2416 982 2485 quispiam
1015 2418 1139 2470 dum
1173 2430 1376 2475 sancta:
1409 2420 1654 2489 Virginis
1698 2427 2001 2479 reverentia

423 2510 602 2564 victus
625 2509 769 2563 illam
800 2509 892 2563 Dei
917 2510 1234 2581 genitricem
1259 2514 1825 2577 vocat,confusinnem
1846 2525 2005 2585 atque

427 2601 739 2656 tnistionem
791 2603 1221 2657 substantiarum
1263 2605 1405 2659 inter
1451 2621 1510 2661 se
1548 2605 1746 2661 factam
1784 2621 2002 2676 putans,

426 2693 681 2748 Ecclesia:
711 2696 959 2764 dogmata
998 2696 1271 2766 deturpet,
1317 2700 1564 2767 quamvis
1596 2700 1669 2755 ita
1703 2716 1860 2755 nemo
1883 2716 2007 2755 sen-

429 2785 530 2837 tiat
555 2801 569 2837 :
596 2785 691 2839 sed
745 2794 805 2838 ut
839 2785 1081 2854 corrigat
1112 2787 1342 2853 scilicet,
1388 2796 1446 2841 ut
1482 2790 1601 2858 ipse
1642 2801 1813 2858 putat,
1842 2807 2007 2860 grave

429 2877 530 2932 hoc
561 2876 784 2942 malum,
822 2891 1036 2930 sursum
1070 2878 1321 2932 deorsum
1356 2881 1538 2934 omnia
1584 2882 1795 2947 miscet,
1858 2896 2004 2939 recta

427 2981 664 3035 veraque
693 2970 960 3022 sententia
999 2969 1241 3038 negIeCta
1282 2987 1295 3022 :
1339 2970 1419 3023 sic
1448 2984 1683 3039 namque
1722 2972 1895 3027 dixit:

2100 1875 2163 1926 ἐκ
2199 1870 2294 1926 τοῦ
2323 1866 2554 1942 οὐρανοῦ
2603 1866 2868 1931 καταϐὰς,
2898 1865 2928 1918 6
2978 1865 3105 1928 Υἱὸς
3153 1862 3248 1917 τοῦ
3298 1860 3609 1931 ἀνθρώπου.
3658 1878 3677 1910 ι

2102 1961 2442 2032 Πανταχόθεν
2495 1958 2672 2013 τοίνυν
2723 1960 2804 2020 είς
2856 1956 3052 2010 ἕνωσιν
3103 1952 3435 2023 ἀδιάτμητόν
3486 1968 3544 2005 τε
3593 1951 3683 2003 καὶ

2100 2055 2274 2126 ἀληθῆ
2322 2052 2631 2115 συνδέοντος
2682 2052 2815 2120 ἡμῖν
2863 2046 2955 2101 τοῦ
3010 2046 3157 2119 ἱεροῦ
3209 2045 3543 2117 Γράμματος
3593 2043 3685 2095 τὸν

2103 2148 2253 2213 Υἰὸν,
2286 2147 2379 2200 καὶ
2424 2147 2505 2209 είς
2553 2144 2840 2216 πρόσωπον
2872 2141 2932 2194 ἓν
2973 2140 3341 2211 ἀποφέροντος
3390 2138 3447 2191 ἐν
3481 2136 3682 2197 πίστει,

2104 2240 2340 2311 διίστησι
2370 2236 2650 2308 πολλαχῶς
2694 2238 2723 2291 6
2755 2233 3008 2306 περιττὸς
3051 2233 3253 2295 οὑτοσὶ,
3305 2230 3400 2284 καὶ
3444 2228 3688 2297 πεφλυά-

2108 2349 2275 2403 ρηκεν
2313 2331 2434 2400 είκῆ
2472 2330 2563 2382 καὶ
2595 2326 2758 2383 αὑτοῦ
2789 2326 2883 2380 τοῦ
2932 2324 3195 2396 Χριστοῦ,
3228 2321 3361 2376 Θεὸν
3405 2319 3689 2390 ὀνομάζων

2104 2426 2196 2478 τὸν
2226 2426 2291 2477 ἐκ
2328 2422 2463 2476 Θεοῦ
2498 2421 2711 2493 [ἰατρὸς
2740 2420 2944 2488 Λόγον*
2974 2417 3224 2486 καθάπερ
3251 2413 3442 2481 ἀμέλει
3483 2410 3690 2483 προῖὼν

2109 2517 2137 2570 ὁ
2181 2516 2339 2586 λόγος
2384 2514 2647 2579 ἐκδιδάξει
2695 2512 2906 2584 σαφῶς,
2937 2512 3014 2576 ὡς
3061 2512 3120 2564 ἐν
3151 2508 3338 2580 οἰκείῳ
3379 2505 3552 2576 καιρῷ
3591 2505 3687 2558 καὶ

2108 2609 2278 2679 τόπῳ.
2320 2607 2750 2662 Ὑποπλόιττεται
2785 2604 2881 2676 μὲν
2925 2603 3033 2675 γὰρ
3075 2601 3306 2656 δεδιέναι
3337 2598 3411 2671 μὴ
3456 2599 3563 2670 ἄρα
3605 2614 3690 2659 τις

2108 2700 2247 2753 αἰδοῖ
2286 2702 2353 2771 τῇ
2400 2699 2529 2769 περὶ
2561 2697 2660 2768 τὴν
2698 2696 2858 2764 ἁγίαν
2905 2693 3179 2766 Παρθένον
3210 2690 3539 2763 ἡττώμενος,
3574 2682 3693 2742 εἶτα

2108 2791 2370 2845 Θεοτόκον
2394 2791 2564 2861 αὐτὴν
2584 2790 2877 2859 ὀνομάσας,
2902 2786 3115 2857 φυρμὸν
3135 2785 3230 2840 καὶ
3248 2785 3571 2855 ἀνάκρασιν,
3593 2781 3692 2852 τὴν

2108 2885 2187 2946 εἰς
2213 2882 2449 2953 ἀλλήλας
2473 2899 2546 2951 φη
2556 2882 2638 2952 μὶ,
2662 2881 2772 2933 τῶν
2799 2879 3156 2933 ὑποστάσεων
3176 2875 3428 2947 γενέσθαι
3445 2873 3688 2945 νομίσας,

2109 2975 2218 3027 τῶν
2240 2975 2341 3043 τῆς
2378 2972 2705 3041 Ἐκκλησίας
2735 2972 3021 3043 δογμάτων
3058 2968 3302 3040 καταχέῃ
3336 2968 3397 3021 τὸ
3425 2964 3658 3025 ἁκαλλές
3678 2982 3691 2995 ο

426 3058 604 3112 καίτοι
645 3058 806 3111 τοῦτο
850 3059 1170 3129 φρονοῦντος
1203 3060 1416 3125 οὐδενός
1439 3078 1452 3093 ο
1490 3061 1808 3133 ἐπανορθῶν
1845 3063 1924 3129 δὲ,
1958 3065 2033 3128 ὡς
2071 3066 2264 3130 οἴεται,
2302 3064 2365 3118 τὸ
2399 3064 2591 3128 δεινὸν,
2625 3065 2736 3119 ἄνω
2764 3079 2826 3117 τε
2859 3063 2955 3117 καὶ
2978 3062 3131 3117 κάτω
3164 3061 3233 3115 τὰ
3269 3061 3447 3114 πάντα
3481 3056 3692 3127 συγχεῖ,

426 3149 536 3203 τῶν
573 3152 654 3215 είς
694 3149 963 3221 ὀρθότητα
992 3150 1088 3205 καὶ
1119 3152 1377 3223 ἀλήθειαν
1408 3153 1710 3225 ἀφειδήσας
1745 3155 1962 3209 ἐννοιῶν
1984 3171 1999 3186 ⁸
2035 3155 2141 3227 ἔφη
2170 3157 2277 3228 γὰρ
2311 3155 2484 3219 οῦτως
2505 3171 2521 3186 ο

507 3241 787 3314 [Nl-38103.
844 3243 901 3298 Si
949 3243 1055 3299 ﬁde
1099 3244 1328 3313 simplici
1379 3245 1662 3315 Deiparam
1709 3248 2003 3316 proferres,

2184 3248 2273 3321 [Ei
2305 3249 2442 3321 μετὰ
2476 3248 2712 3311 πίστεως
2745 3246 2940 3317 ἁπλῆς,
2971 3245 3052 3309 τὸ,
3081 3243 3340 3306 Θεοτόκος
3368 3242 3694 3314 προέφερες,

430 3334 576 3389 nulla
608 3344 751 3389 esset
779 3336 919 3404 apud
948 3350 1034 3390 me
1054 3336 1307 3390 dictionis
1340 3338 1565 3404 invidia,
1602 3339 1754 3394 verbi
1783 3355 2006 3395 sensum

429 3428 851 3498 exquirentem:
878 3429 973 3485 sed
995 3429 1121 3498 quia
1151 3431 1308 3485 video
1342 3440 1395 3485 te
1430 3442 1693 3500 praetextu
1715 3448 1843 3503 erga
1880 3433 2009 3488 bea-

436 3531 540 3573 tam
565 3518 788 3574 Mariam
812 3519 1060 3586 honoris,
1090 3521 1472 3576 hmreticorum
1505 3523 1833 3578 confirmare
1864 3524 2010 3578 blas-

433 3610 733 3679 phetniam,
792 3610 915 3665 ideo
954 3611 1206 3666 dictionis
1244 3611 1599 3680 prolationem
1650 3621 1807 3669 caute
1872 3630 2014 3685 pra:-

436 3702 644 3767 munio,
681 3716 804 3757 cum
854 3703 1155 3773 periculum
1208 3705 1259 3757 in
1295 3717 1359 3757 ea
1407 3703 1646 3759 dictione
1698 3704 1874 3760 latens
1922 3721 2013 3760 su-

436 3803 680 3864 spectqu
716 3793 969 3850 habeam.
1004 3793 1059 3849 Id
1102 3804 1162 3847 ut
1190 3794 1393 3849 clarius
1424 3796 1621 3860 dicam,
1650 3802 1704 3848 et
1733 3796 1801 3849 ab
1831 3796 2012 3851 omni-

438 3886 540 3941 bus
581 3885 784 3956 percipi
826 3885 1035 3941 facilius
1065 3887 1257 3955 possit,
1296 3888 1389 3957 qui
1421 3885 1611 3941 Arium
1646 3887 1835 3942 sectati
1865 3896 2011 3953 sunt,

438 3986 493 4032 et
525 3976 851 4033 Eunomium
881 3987 936 4031 et
962 3978 1384 4048 Apollinarium,
1405 3988 1459 4034 et
1481 3980 1725 4035 omnium
1746 3980 2014 4048 ejusmodi

441 4069 656 4125 familiae
693 4071 970 4124 hominum
1001 4070 1180 4134 chori,
1242 4069 1566 4124 studuerunt
1608 4069 1702 4125 Dei
1736 4070 2016 4142 genitricis

441 4161 855 4230 appellationem
882 4164 1159 4227 invehere,
1197 4172 1255 4217 ut
1293 4162 1438 4217 facta
1468 4162 1744 4231 mistione,
1778 4164 2016 4221 duabus-

441 4268 547 4324 que
572 4253 784 4309 naturis
821 4254 1045 4309 minime
1073 4254 1363 4321 distinctis,
1394 4257 1526 4311 nihil
1554 4272 1621 4312 ex
1654 4257 1739 4312 his
1773 4272 1892 4326 qua:
1920 4258 2021 4311 uti-

440 4346 577 4400 liora
611 4353 760 4411 sunt,
801 4345 867 4400 de
917 4345 1258 4401 humanitate
1302 4348 1507 4402 dictum
1548 4348 1911 4416 acciperetur,
1954 4363 2020 4405 ac

439 4438 594 4493 locus
625 4438 733 4493 illis
772 4438 885 4509 jam
923 4439 1185 4495 adversus
1213 4440 1383 4510 ipsam
1418 4440 1758 4496 divinitatem
1785 4451 2015 4511 pateret,

442 4541 702 4598 tanquam
753 4529 932 4583 omnia
987 4530 1055 4586 ab
1110 4545 1219 4585 uno
1273 4532 1605 4597 dicerentur,
1647 4547 1752 4587 non
1810 4533 2019 4590 ratione

2115 3342 2215 3394 οὐκ
2246 3342 2308 3396 ἄν
2344 3358 2428 3394 σοι
2461 3340 2561 3412 τῆς
2593 3340 2791 3406 λέξεως
2818 3338 3114 3408 ἐφθόνησα,
3148 3336 3241 3390 τὸν
3276 3336 3400 3389 νοῦν
3429 3330 3697 3400 ἐξετάζων

2116 3431 2207 3485 τοῦ
2240 3433 2500 3503 ῥήματος.
2549 3428 2687 3483 Ἀλλ’
2722 3428 3020 3499 ἐπειδήπερ
3053 3425 3163 3497 ὁρῶ
3196 3442 3256 3479 σε
3291 3425 3563 3495 προφάσει
3597 3422 3695 3492 τῆς

2118 3525 2245 3594 περὶ
2273 3525 2372 3593 τὴν
2421 3522 2697 3592 μακαρίαν
2749 3519 2969 3592 Μαρίαν
3014 3519 3202 3588 τιμῆς,
3250 3516 3359 3570 τῶν
3402 3514 3695 3585 αἱρετικῶν

2120 3614 2439 3686 βεϐαιοῦντα
2486 3612 2584 3685 τὴν
2614 3611 2984 3683 βλασφημίαν,
3015 3609 3105 3663 διὰ
3135 3605 3292 3662 τοῦτο
3335 3607 3434 3678 τὴν
3474 3606 3573 3676 τῆς
3615 3604 3700 3657 λέ-

2121 3704 2255 3770 ξεως
2301 3703 2585 3774 προφορὰν
2618 3700 3021 3772 ὰσφαλίζομαιο
3051 3700 3143 3753 τὸν
3172 3699 3230 3751 ἐν
3267 3700 3331 3769 τῇ
3380 3697 3521 3763 λέξει
3563 3712 3697 3766 κρυ-

2120 3796 2387 3866 πτόμενον
2419 3794 2662 3849 κίνδυνον
2693 3792 3062 3864 ὑφορώμενος.
3108 3792 3227 3845 Ἵνα
3262 3789 3320 3845 δὲ
3362 3789 3493 3843 αὐτὸ
3536 3788 3699 3856 σαφέ-

2122 3907 2331 3962 στερον,
2367 3888 2463 3943 καὶ
2493 3890 2660 3943 πᾶσιν
2699 3884 3094 3957 εὑληπτὸτερον
3141 3885 3300 3949 εἴπω,
3331 3885 3444 3945 τοῖς
3489 3880 3699 3953 Ἀρείου

2122 3982 2215 4035 καὶ
2262 3980 2549 4051 Εὐνομίου,
2600 3981 2695 4034 καὶ
2737 3977 3169 4049 Ἀπολλιναρίου,
3206 3975 3300 4030 καὶ
3329 3975 3547 4029 πάντων
3590 3975 3701 4037 τοῖς

2122 4075 2302 4145 χοροῖς
2330 4073 2440 4127 τῶν
2463 4076 2562 4145 τῆς
2582 4072 2834 4144 τοιαύτης
2860 4070 3094 4142 φατρίας
3115 4068 3317 4139 σπουδῇ
3340 4068 3449 4140 [ισ.
3475 4063 3701 4140 σπουδή]

2122 4166 2385 4221 Θεοτόκον
2418 4167 2676 4236 εἰσάγειν,
2706 4166 2779 4230 ὡς
2827 4166 3077 4236 κράσεως
3107 4162 3417 4232 γινομένης,
3454 4162 3549 4214 καὶ
3595 4158 3703 4211 τῶν

2123 4258 2216 4312 δύο
2246 4260 2459 4329 φύσεων
2492 4257 2566 4330 μὴ
2594 4256 3007 4328 διαιρουμένων,
3037 4254 3203 4326 μηδὲν
3221 4252 3331 4305 τῶν
3366 4250 3597 4305 εὐτελῶν
3627 4252 3705 4312 είς

2125 4352 2223 4424 τὴν
2262 4351 2655 4425 ἁνθρωπότητα
2687 4347 3098 4419 λαμϐάνεσθαι·
3139 4346 3232 4399 καὶ
3276 4343 3461 4415 χώραν
3510 4343 3704 4404 αὐτοὺς

2126 4446 2312 4501 λοιπὸν
2358 4444 2499 4499 κατὰ
2533 4444 2635 4515 τῆς
2674 4442 2928 4513 θεότητος
2976 4440 3140 4512 ἔχειν,
3192 4437 3267 4501 ὡς
3300 4439 3518 4491 πάντων
3549 4435 3705 4502 λεγο-

2132 4542 2307 4614 μένων
2339 4541 2469 4612 παρ’
2501 4540 2641 4603 ἐνὸς,
2675 4537 2735 4591 οῦ
2768 4536 2912 4590 κατὰ
2961 4535 3060 4605 τὴν
3107 4532 3215 4586 ἀπὸ
3257 4530 3357 4600 τῆς
3414 4525 3708 4593 συναφείας

445 4623 724 4694 dignitatis
769 4636 838 4679 ex
888 4624 1003 4695 ipsa
1046 4622 1430 4691 conjunctione
1481 4626 2003 4694 consequentis,.sc(

2128 4632 2307 4698 ἀξίαν,
2343 4630 2479 4685 ἀλλὰ
2501 4629 2642 4683 κατὰ
2668 4628 2767 4698 τὴν
2802 4625 2982 4695 φύσιν.
3009 4617 3102 4688 Εἷς
3135 4622 3232 4692 μὲν
3260 4618 3369 4691 γὰρ
3393 4620 3421 4672 6
3449 4614 3705 4686 Χριστὸς,

447 4715 618 4785 ipsius
644 4717 856 4770 ratione
891 4725 1116 4770 naturae.
1158 4714 1309 4771 Unus
1353 4725 1436 4771 est
1479 4732 1713 4786 namque
1748 4716 2020 4784 Christus,

445 4816 502 4861 et
534 4822 675 4861 unus
708 4806 989 4872 Dominus,
1037 4807 1131 4861 sed
1171 4808 1223 4861 in
1249 4806 1487 4872 Christo,
1520 4807 1571 4860 in
1612 4808 1912 4876 unigenilo,
1941 4808 2024 4861 in-

446 4916 631 4971 quam,
662 4900 821 4969 Filio,
846 4910 901 4956 et
924 4901 1124 4955 Christi
1150 4915 1342 4954 nomen
1370 4910 1423 4953 et
1454 4899 1571 4954 Filii
1609 4914 1751 4954 nunc
1785 4900 1851 4953 de
1880 4901 2021 4954 divi-

448 4996 639 5060 nitate,
667 5011 810 5051 nune
856 4996 925 5050 de
972 4995 1327 5064 humanitate,
1358 5011 1500 5051 nunc
1553 4996 1619 5051 de
1682 4994 2023 5052 humanitate

448 5088 835 5159 divinitateque
865 5085 1107 5159 dicitur.]

1110 5225 1261 5282 CAP.
1316 5225 1356 5283 Ι.

530 5360 711 5426 Vides,
738 5368 798 5415 ut
840 5360 1227 5431 multiplicibus
1268 5367 1664 5420 sententiarum
1705 5366 2029 5421 commentis

453 5455 619 5523 impie
649 5453 916 5519 variatur,
964 5462 1021 5509 et
1055 5453 1199 5509 illam
1246 5457 1545 5510 secundum
1591 5472 1813 5512 carnem
1865 5471 2031 5527 gene-

455 5549 719 5603 rationem
757 5545 1029 5615 Unigeniti
1063 5562 1168 5598 non
1200 5546 1357 5602 aliter
1390 5547 1622 5602 futuram
1664 5547 1830 5605 fuisse
1865 5564 2028 5604 cona-

529 5728 572 5759 "
597 5725 751 5785 Joan.
785 5742 839 5797 ι,
871 5728 950 5782 l8.
1030 5723 1249 5782 "’Joan.
1288 5725 1338 5786 5.
1382 5727 1461 5781 l5.

2131 4726 2225 4779 καὶ
2253 4719 2333 4788 εἷς
2371 4722 2602 4795 Κύριοςθ
2637 4720 2750 4775 ἀλλ’
2780 4718 2872 4772 ἐπὶ
2908 4716 3001 4770 τοῦ
3040 4712 3303 4785 Χριστοῦ,
3346 4710 3441 4764 ἐπί⁵
3478 4708 3573 4762 τοῦ
3610 4723 3706 4777 μο⁴

2130 4814 2381 4887 νογενοῦς
2419 4814 2562 4883 λέγω
2593 4811 2747 4879 Υίοῦ,
2780 4811 2874 4865 καὶ
2918 4810 3000 4875 τὸ,
3032 4808 3285 4881 Χριστὸς,
3322 4805 3415 4859 καὶ
3442 4805 3524 4867 τὸ,
3560 4802 3706 4864 Υἱὸς,

2132 4909 2262 4964 ποτὲ
2322 4906 2422 4978 μὲν
2467 4907 2561 4959 ἐπ”.
2612 4903 2710 4973 τῆς
2763 4901 3037 4971 θεότητος,
3069 4899 3199 4953 ποτέ
3236 4896 3291 4950 δὲ
3336 4894 3429 4949 ἐπὶ
3470 4894 3567 4963 τῆς
3613 4894 3707 4946 ἁν-

2131 5001 2496 5072 Ορωπότητος,
2530 4998 2623 5050 καὶ
2662 4994 2913 5065 θεότητος
2944 4992 3055 5065 [τον.
3090 4990 3220 5045 ποτὲ
3253 4989 3309 5043 δέ
3344 4989 3436 5041 ἐπὶ
3466 4985 3566 5056 τῆς
3615 4985 3708 5037 ἁν-

2138 5094 2165 5147 θ
2174 5088 2533 5166 ρωπότητος.]

2728 5220 2985 5273 ΚΕΦΑΛ.
3024 5219 3104 5271 A'.

2216 5361 2378 5433 Ὀρᾷς
2410 5359 2560 5423 ὅπως
2610 5355 2971 5426 πολυτρόποις
3020 5349 3244 5406 ἐννοιῶν
3274 5349 3580 5420 εὑρήμασι)
3613 5350 3709 5400 άν-

2134 5453 2296 5517 οσίως
2318 5450 2822 5513 καταποικίλλεται,
2846 5447 2942 5501 καὶ
2958 5444 3057 5516 τὴν
3085 5443 3228 5498 κατὰ
3256 5441 3438 5512 σάρκα
3460 5438 3713 5509 γέννησιν

2136 5547 2231 5601 τοῦ
2262 5542 2617 5615 Μονογενοῦς,
2654 5541 2729 5607 ὡς
2759 5541 2860 5597 οὐκ
2884 5540 2951 5595 ἂν
2991 5538 3193 5609 ἑτέρως
3221 5532 3485 5605 ἐσομένην
3522 5532 3708 5602 πειρᾶ-
