4054 6332
343 375 415 429 65
1486 370 1857 427 ΑΙΝΕΒΒΗΞ
1901 370 1930 425 I‘

2034 371 2310 428 .TORIUM
2356 373 2484 430 LIB.
2525 376 2589 429 11.
3553 378 3620 434 εδ

342 512 431 548 ται
459 492 748 557 δεικνύειν,
786 493 834 545 εί
867 487 942 563 μή
972 508 1056 554 τις
1088 491 1297 561 γένοιτο
1325 490 1434 545 τῶν
1467 491 1816 546 ὑποστάσεων
1855 492 1930 555 είς

2040 501 2127 547 tur
2178 498 2484 560 ostendere,
2523 496 2629 551 nisi
2674 494 2853 565 aliqua
2896 494 3327 550 substantiarum
3376 494 3517 551 inter
3560 511 3621 551 se

344 587 581 657 ἀλλήλας
634 586 918 655 ἀνάχυσις,
972 586 1143 655 ἤγουν
1191 583 1515 657 σύγκρασις.
1578 585 1776 639 Καίτοι
1825 583 1935 638 τῶν

342 680 443 752 τῆς
488 677 818 749 Ἐκκλησίας
848 677 1187 732 διδασκάλων
1229 679 1292 731 οὑ
1334 677 1521 733 τοῦτον
1579 679 1728 750 ἡμᾶς
1767 695 1937 750 μυστ-

281 832 294 851 .
348 770 714 840 αγωγούντων
734 768 827 823 τὸν
854 769 1075 838 τρόπον·
1107 768 1326 824 σύνοδον
1343 769 1453 841 γὰρ
1472 769 1648 841 ἀληθῆ
1677 770 1934 838 γενέσθαι

346 864 549 934 φαμὲν,
583 861 889 925 ἑνώσαντος
936 864 1036 933 μὲν
1085 863 1264 933 ἑαυτῷ
1307 862 1400 916 τοῦ
1433 863 1606 933 Λόγου
1639 863 1700 917 τὸ
1749 862 1932 934 σῶμα,

348 956 722 1027 μεμενηκότος
759 954 817 1008 δὲ
863 955 1001 1025 ὅπερ
1035 950 1123 1026 ἦν.
1174 955 1232 1007 Ὀ
1283 954 1340 1009 δὲ
1391 956 1502 1009 τῶν
1546 954 1804 1010 τοιούτων
1855 957 1934 1021 είς

345 1048 472 1104 νοῦν
508 1049 647 1120 ἔχων
675 1048 850 1111 οὐδὲν,
881 1048 1277 1119 δεδυσσέὃηκεν
1321 1049 1383 1103 οὑ
1436 1049 1693 1122 μετρίοις,
1726 1051 1934 1115 διῖστάς

346 1144 426 1206 είς
453 1142 548 1196 δύο
577 1140 849 1213 πρόσωπά
879 1157 960 1207 τε,
993 1141 1086 1194 καὶ
1122 1141 1469 1207 ὑποστάσεις,
1494 1142 1803 1217 ὁλοτρόπως
1838 1142 1936 1197 ἀλ-

345 1232 522 1303 λήλων
572 1230 933 1304 διῃρημένας,
988 1232 1227 1304 ἑκατέρᾳ
1274 1248 1334 1285 τε
1384 1231 1574 1299 λόγους
1614 1232 1743 1295 τοὺς
1794 1232 1931 1305 αὑτῇ

348 1324 658 1396 πρέποντας
704 1323 980 1387 ἀνατιθεὶς
1039 1322 1241 1387 ίδικῶς.
1296 1322 1408 1376 Καὶ
1463 1323 1626 1377 πάλιν
1658 1324 1756 1378 ἕνα
1800 1324 1935 1396 φησὶ

346 1414 580 1486 Χριστὸν
628 1414 834 1486 Ἰησοῦν
865 1414 1090 1484 Κύριον,
1123 1413 1198 1476 ὡς
1232 1411 1523 1483 ἀνθρώπου
1571 1411 1690 1483 Θεῷ
1731 1429 1936 1483 συνημ-

349 1509 511 1580 μένου
542 1506 685 1561 κατὰ
717 1507 885 1578 μόνην
918 1506 1017 1577 τὴν
1050 1506 1229 1572 ἀξίαν,
1259 1505 1320 1557 οὑ
1356 1505 1477 1558 καθ’
1508 1504 1701 1557 ἕνωσιν
1734 1504 1931 1576 ἀληθῆ,

344 1600 623 1665 τουτέστι,’
661 1600 761 1672 τὴν
812 1599 954 1653 κατά
1005 1598 1189 1669 φύσιν.
1238 1598 1361 1662 Πῶς
1395 1593 1488 1651 οὖν
1518 1600 1635 1651 ἐστι
1671 1596 1780 1670 [Ion
1814 1597 1935 1662 πῶς

348 1689 440 1747 οὖν
472 1686 554 1756 εἷς
593 1688 734 1763 ἐστι]
785 1689 1022 1762 Χριστὸς
1070 1689 1164 1742 καὶ
1214 1688 1341 1753 Υἱὸς
1387 1687 1450 1740 τὸ
1498 1686 1721 1759 Κύριος,
1776 1687 1934 1759 εἴπερ

345 1787 548 1858 ἀμφοῖν
591 1784 696 1839 ἀνά
746 1783 910 1857 μέρος
940 1782 1235 1854 άρμόσειεν
1265 1781 1352 1847 ἂν,
1385 1780 1462 1845 ὼς
1502 1779 1659 1852 ἔφης,
1711 1779 1790 1843 τὸ,
1827 1776 1931 1834 ὦδέ

344 1896 407 1932 τε
435 1877 924 1950 κατονομάζεσθαι,
958 1876 1054 1930 καὶ
1086 1871 1226 1930 εἶναι
1254 1872 1398 1928 κατὰ
1425 1873 1702 1944 ἀληθειαν,
1731 1872 1821 1926 διά
1847 1888 1930 1925 τοι

342 1972 406 2025 τὸ
456 1970 732 2042 συμϐῆναι
781 1970 903 2025 καθ’
937 1969 1131 2023 ἕνωσιν
1174 1968 1374 2038 ἥκιστα
1404 1967 1503 2038 μὲν
1539 1965 1784 2035 ἀλλήλων
1830 1962 1931 2028 τὰς

346 2065 692 2128 ὑποστάσεις,
725 2060 978 2117 ἑνοῦσθαι
1011 2061 1067 2114 δὲ
1098 2060 1241 2114 κατὰ
1273 2059 1443 2132 μόνην
1467 2059 1568 2131 τὴν
1598 2057 1780 2126 ἀξίαν,
1810 2059 1930 2130 ἦτοι

344 2156 443 2228 τὴν
487 2154 796 2219 αὑθεντίαν,
848 2156 1020 2225 ἦγουν
1057 2153 1337 2219 ἐξουσίαν·
1392 2153 1493 2207 κᾶν
1536 2169 1621 2206 τοι
1669 2150 1770 2215 τὰς
1819 2151 1930 2205 τῶν

346 2250 690 2321 πραγμάτων
729 2245 1317 2318 πολυπραγμονοῦντες
1362 2245 1576 2316 φύσεις,
1605 2247 1675 2299 τὰ
1721 2246 1779 2297 ὲν
1817 2244 1928 2297 ἰσό-

344 2359 469 2411 τητι
502 2340 605 2411 τῆς
636 2339 816 2407 ἀξίας,
855 2340 916 2392 οὑ
949 2339 1153 2411 ταύτης
1184 2338 1348 2393 ἕνεκα
1383 2339 1482 2410 τῆς
1516 2339 1695 2402 αἰτίας
1726 2337 1929 2391 ἀποὸεο

346 2432 585 2503 6ληκὸτα
617 2431 1069 2503 καταθρήσαιμεν
1117 2430 1184 2485 ἂν
1218 2433 1281 2486 τὸ
1319 2431 1587 2504 ὑπάρχειν
1629 2431 1928 2485 ἰδιοσυστά-

344 2543 471 2589 τως.
531 2523 669 2578 Οὑτε
719 2524 826 2597 μὴν
880 2524 941 2578 τὸ
995 2525 1293 2596 ἰσομοιρεῖν
1341 2526 1422 2588 είς
1471 2523 1651 2588 δόξαν,
1703 2523 1929 2593 ἀρκέσει

347 2620 481 2690 πρὸς
514 2620 707 2672 ἕνωσιν
728 2634 742 2649 ·
777 2613 887 2672 οἷόν
917 2617 972 2670 τί
1004 2634 1178 2688 φημι·
1203 2617 1408 2689 Πέτρος
1435 2634 1492 2671 τε
1523 2617 1615 2670 κα)¹
1654 2617 1928 2686 Ἰωάννης,

346 2712 511 2783 ἄμφω
545 2711 645 2783 μὲν
672 2712 845 2784 ἤστην
891 2709 1180 2764 ἁπόστολοί
1221 2728 1280 2764 τε
1331 2712 1424 2763 καὶ
1467 2710 1634 2779 ἅγιοι,
1672 2710 1767 2763 καὶ
1810 2712 1933 2773 ταῖς

350 2806 655 2876 ἰσομέτροις
690 2808 900 2875 τιμαῖς,
934 2805 1028 2858 καὶ
1065 2803 1327 2875 δυνάμεσι
1358 2807 1479 2867 ταῖς
1512 2804 1599 2857 διὰ
1629 2802 1721 2857 τοῦ
1759 2803 1931 2857 Ilvati-

350 2916 515 2968 ματος
552 2897 1016 2968 κατηγλαῖσμένοι
1051 2897 1204 2968 παρά
1236 2896 1331 2950 τοῦ
1366 2897 1584 2950 πάντων
1626 2895 1784 2967 ἡμῶν
1815 2897 1929 2949 Σω-

344 2989 507 3060 τῆρος
528 2987 764 3060 Χριστοῦ
780 3004 795 3019 ·
813 2989 1009 3058 ἢκουον
1032 2986 1140 3059 γάρ
1158 2987 1294 3057 ὁμοῦ
1322 2991 1434 3050 τοῖς
1458 2988 1638 3050 ἀλλοις
1658 3004 1671 3017 ·
1693 3006 1710 3038 ι
1741 2987 1931 3057 Ὑμεῖς

345 3085 470 3133 ἐστε
532 3079 594 3132 τὸ
646 3081 762 3149 φῶς
797 3079 892 3132 τοῦ
949 3080 1157 3149 κόσμου
1227 3098 1247 3132 ι
1311 3078 1520 3133 τούτου.
1579 3078 1686 3132 Καὶ
1726 3078 1926 3134 πάλιν·

350 3191 370 3224 ι
431 3171 814 3236 Ἀσθενοῦντας
844 3173 1173 3244 θεραπεύετε
1195 3190 1209 3203 ·
1260 3173 1487 3243 νεκροὺς
1530 3171 1772 3244 ἐγείρετε
1793 3187 1806 3202 ·
1841 3170 1930 3224 λε·
1959 3212 2001 3269 c

344 3267 521 3337 προὺς
563 3263 925 3337 καθαρίζετε·
973 3264 1227 3335 δαιμόνια
1259 3263 1565 3318 ἐκϐάλλετε.
1606 3282 1625 3316 ι
1664 3259 1810 3336 Ἃρα
1836 3259 1929 3316 οὗν

346 3358 407 3423 ἐξ
433 3356 811 3429 ἰσομοιρούσης
842 3355 1021 3420 ἀξίας,
1047 3356 1213 3426 ἤγουν
1242 3355 1526 3416 αὑθεντίας
1552 3354 1732 3415 αὐτοῖς
1755 3351 1929 3422 ὑπάρ-

346 3448 437 3514 ξαι
488 3449 690 3517 φαμὲν,
746 3446 809 3499 τὸ
860 3448 941 3509 εἰς
1002 3445 1288 3516 ἄνθρωπον
1343 3442 1436 3496 ἕνα
1476 3439 1927 3508 καταλογίζεσθαι

343 3540 471 3605 τοὺς
503 3541 615 3603 δύο,
647 3542 741 3595 καὶ
769 3541 929 3611 ἀρκεῖ
954 3538 1113 3592 τοῦτο
1142 3537 1277 3608 πρὸς
1306 3536 1518 3597 ἕνωσιν,
1548 3535 1646 3605 τὴν
1671 3534 1747 3597 ὠς
1775 3534 1832 3586 ἐν
1861 3550 1926 3601 γε

343 3636 462 3697 ταῖς
493 3632 825 3687 ὑποστάσεσι
854 3630 1030 3699 λέγω;
1058 3625 1193 3682 Εἶτα
1221 3627 1338 3691 πῶς
1361 3628 1462 3680 οὑκ
1493 3626 1699 3697 ἠλίθιον
1728 3626 1924 3697 κομιδῇ

343 3726 407 3780 τὸ
459 3720 561 3779 ὦδε
615 3728 853 3797 φρονεῖν.
903 3724 1062 3777 νοοῖτ’
1100 3721 1167 3774 ἂν
1213 3721 1472 3787 εἰκότως;
1525 3720 1591 3774 Τί
1637 3720 1927 3791 τοιγαροῦν

346 3817 665 3888 ὑποπλάττη
714 3816 813 3886 μὲν
846 3810 986 3869 εἶναι
1024 3814 1122 3885 τὴν
1168 3815 1350 3867 πίστιν
1381 3812 1563 3885 ὀρθὸς,
1610 3811 1707 3866 ἕνα
1753 3811 1928 3881 λέγων

347 3911 581 3983 Χριστὸν
642 3909 850 3980 Ἰησοῦν
898 3908 1134 3979 Κύριον·
1195 3901 1312 3960 εἶτα
1361 3906 1663 3977 διατέμνων
1716 3907 1796 3969 είς
1835 3904 1928 3957 δύο

346 4002 616 4075 πρόσωπά
649 4019 708 4055 τε
757 4001 851 4055 καὶ
898 4000 1225 4063 ὑποστάσεις
1269 3998 1360 4052 τὸν
1403 3998 1519 4061 ἕνα,
1558 3996 1654 4051 καὶ
1696 3996 1787 4049 τὸν
1828 3996 1927 4067 μὲν

345 4098 444 4168 τῆς
471 4093 708 4166 ἀληθοῦς
739 4093 983 4156 ὲνώσεως
1015 4092 1303 4162 ἀτιμάζεις
1334 4093 1557 4157 τρόπον,
1586 4091 1653 4143 δι’
1693 4084 1762 4161 ἧς
1794 4089 1929 4160 ἀλη-

347 4190 455 4253 θῶς
501 4184 583 4251 εἷς
616 4204 681 4239 τε
713 4187 807 4239 καὶ
850 4185 1110 4255 μόνοςοᾶν
1138 4185 1225 4255 εἴη
1262 4186 1291 4237 ὁ
1323 4183 1560 4252 Χριστός
1584 4199 1599 4214 ·
1636 4183 1930 4251 συνάφειαν

345 4283 401 4337 δὲ
435 4281 652 4353 ἀληθῶς
688 4280 974 4349 ὀνομάζεις
1016 4280 1117 4350 τὴν
1154 4277 1461 4349 ίσοτιμίαν;
1512 4278 1670 4340 Ποῖος
1699 4276 1809 4347 γὰρ
1840 4270 1924 4330 οὗ·

346 4377 435 4439 τός
461 4378 578 4429 ἐστι
609 4374 904 4443 συναφείας
936 4373 1170 4443 τρόπος;
1212 4373 1281 4424 Ἢ
1326 4371 1428 4424 οὑκ
1471 4364 1627 4422 οἶσθα
1665 4369 1747 4422 ὅτι
1774 4366 1928 4437 φίλον

347 4485 467 4531 πως
511 4468 600 4520 ἀεὶ
648 4470 761 4529 τοῖς
794 4465 934 4519 κατά
979 4465 1129 4518 τόνδε
1162 4464 1252 4517 τὸν
1284 4463 1415 4534 βίον,
1461 4462 1521 4515 τὸ
1562 4464 1620 4515 ὲν
1658 4459 1928 4523 εὑκλείαις

2043 583 2365 641 confusione
2418 597 2514 643 aut
2566 588 2947 643 commistione
2991 586 3152 652 facta,
3192 602 3316 645 cunt
3370 587 3619 643 doctores

2036 674 2294 731 Ecclesiae
2321 693 2427 733 non
2455 680 2603 735 hunc
2627 680 2842 735 modum
2876 680 3032 736 nobis
3055 679 3400 750 tradiderint.
3423 679 3619 736 Veram

2036 784 2277 838 namque
2300 770 2743 840 coniunctionem
2770 771 2969 826 factam
3006 771 3261 839 dicimus,
3288 771 3362 826 ita
3393 779 3453 827 ut
3486 771 3617 825 Ver-

2035 862 2164 915 bum
2202 860 2309 916 sibi
2349 862 2570 931 quidem
2607 877 2804 932 corpus
2836 862 3042 927 uniret,
3085 862 3181 917 sed
3230 862 3280 917 id
3313 862 3455 931 quod
3500 871 3617 915 erat

2039 964 2430 1023 permaneret:
2481 955 2570 1010 hic
2617 969 2748 1010 vero
2794 953 2904 1027 34
2947 953 3083 1009 nihil
3128 954 3396 1026 ejusmodi
3436 953 3609 1009 conci.

2034 1044 2191 1115 piens
2225 1045 2426 1110 animo,
2455 1060 2563 1100 non
2603 1046 2861 1101 mediocri
2888 1046 3180 1117 impietatis
3213 1048 3441 1103 crimine
3470 1046 3617 1101 labo-

2034 1146 2142 1199 rat,
2188 1152 2310 1190 cum
2373 1136 2428 1191 in
2486 1137 2622 1192 duas
2683 1152 2946 1207 personas
3001 1146 3058 1195 et
3101 1137 3238 1194 duas
3297 1138 3619 1208 hypostases

2033 1229 2257 1282 omnino
2282 1228 2424 1283 inter
2443 1244 2503 1284 se
2529 1228 2774 1285 diversas
2803 1230 3132 1298 ahiunxerit,
3153 1231 3224 1284 ita
3253 1240 3314 1285 ut
3333 1245 3616 1286 sermones

2033 1322 2233 1391 cuique
2277 1322 2672 1378 convenientes
2722 1324 2943 1393 utrique
2973 1339 3219 1392 personae
3259 1324 3478 1395 proprie
3520 1324 3617 1380 tri-

2034 1413 2226 1468 bueret
2255 1432 2269 1468 :
2304 1426 2362 1469 et
2407 1430 2597 1470 rursus
2624 1430 2790 1469 unum
2815 1416 2949 1471 dicit
2984 1416 3263 1472 Christum
3288 1414 3474 1472 Jesum
3513 1415 3618 1470 Do-

2036 1506 2269 1571 minum,
2300 1516 2558 1578 tanquam
2591 1508 2705 1563 sola
2740 1508 3022 1578 dignitatis
3054 1510 3288 1576 ratione,
3328 1524 3435 1566 non
3485 1526 3615 1564 vera

2034 1598 2256 1661 unione,
2289 1599 2392 1653 hoc
2413 1608 2517 1663 est,
2544 1614 2650 1653 non
2683 1600 2982 1655 secundum
3008 1611 3282 1666 naturam,
3306 1600 3472 1656 homo
3492 1617 3613 1655 cutn

2034 1686 2148 1743 Deo
2192 1690 2518 1759 coniunctus
2552 1694 2646 1748 sit.
2677 1694 2923 1761 Quonam
2962 1695 3128 1765 igitur
3178 1695 3339 1751 modo
3365 1710 3506 1750 unus
3531 1704 3615 1750 est

2036 1780 2318 1850 Christus,
2365 1792 2421 1838 et
2453 1784 2623 1841 Filius
2660 1786 2944 1853 Dominus,
2978 1785 3249 1856 siquidem
3292 1795 3354 1841 ut
3388 1788 3613 1849 asseris,

2034 1874 2255 1945 utrique
2272 1876 2502 1933 seorsim
2536 1880 2795 1934 convenit
2815 1894 2922 1933 non
2944 1880 3106 1936 modo
3123 1888 3181 1933 ut
3199 1880 3278 1934 sic
3294 1876 3614 1951 appelletur,

2033 1982 2224 2024 verum
2253 1970 2416 2026 etiam
2447 1981 2505 2025 ut
2529 1973 2599 2027 sit
2627 1986 2777 2040 vere,
2804 1987 2930 2028 cum
2960 1972 3066 2027 isto
3099 1972 3260 2028 modo
3285 1971 3378 2026 list
3406 1978 3465 2025 ut
3488 1972 3618 2026 sub-

2036 2064 2253 2120 stantiae
2293 2066 2518 2121 minime
2564 2065 2709 2121 inter
2760 2081 2818 2122 se
2859 2067 3156 2123 secundum
3192 2066 3449 2123 unionem
3484 2080 3619 2120 con-

2033 2151 2312 2215 venerint,
2344 2153 2439 2207 sed
2489 2154 2665 2209 solum
2711 2156 3009 2210 secundum
3049 2156 3363 2225 dignitatem
3397 2155 3480 2211 vel
3524 2171 3618 2210 au-

2033 2242 2366 2313 ctoritatem,
2404 2245 2487 2300 vel
2521 2256 2847 2316 potestatem
2886 2249 3052 2303 unita:
3074 2248 3408 2318 sint‘lAtqui
3439 2249 3483 2304 si
3522 2265 3616 2303 na-

2035 2342 2187 2391 turas
2205 2351 2385 2391 rerum
2416 2340 2863 2410 pervestigemus,
2886 2342 3190 2397 videbimus
3203 2357 3323 2413 quae
3347 2343 3462 2411 pari
3490 2351 3617 2397 sunt

2033 2428 2317 2498 dignitate,
2350 2446 2456 2485 non
2493 2445 2558 2485 ea
2600 2432 2670 2486 de
2720 2448 2884 2489 causa
2933 2434 2985 2488 id
3020 2434 3272 2489 amittere
3317 2449 3386 2489 ne
3430 2436 3614 2489 minus

2042 2520 2157 2589 ipsa
2197 2524 2420 2593 pr0prie
2472 2526 2839 2595 privatimque
2885 2527 3207 2592 consistant,
3254 2542 3428 2599 neque
3470 2528 3616 2597 quod

2035 2613 2158 2680 pari
2188 2614 2300 2667 sint
2328 2615 2499 2685 gloria
2531 2616 2582 2671 id
2614 2618 2682 2673 ad
2704 2619 2957 2674 unionem
2982 2618 3317 2675 elIiciendam
3346 2618 3613 2677 sumrere.

2036 2702 2197 2759 Verbi
2244 2708 2438 2773 gratia,
2489 2705 2691 2764 Petrus
2723 2721 2778 2765 et
2821 2709 3064 2767 Joannes
3095 2712 3257 2766 ambo
3287 2719 3342 2767 et
3381 2711 3614 2781 apostoli

2032 2807 2086 2849 et
2129 2800 2301 2852 sancti
2338 2800 2438 2853 viri
2492 2810 2674 2870 erant,
2709 2813 2764 2858 et
2791 2805 2908 2873 pari
2941 2805 3147 2859 honore
3186 2818 3251 2875 ac
3288 2807 3489 2860 virtute
3520 2820 3618 2874 per

2034 2886 2298 2957 Spiritum
2344 2901 2589 2946 sanctum
2656 2895 2725 2950 ab
2770 2897 3014 2950 omnium
3062 2896 3344 2951 Salvatore
3393 2896 3615 2951 Christo

2033 2980 2274 3038 decorati
2314 3001 2328 3037 :
2366 2984 2527 3039 simul
2557 2988 2703 3041 enim
2740 3002 2861 3041 cum
2908 2990 3125 3044 caeteris
3157 2990 3262 3043 sibi
3292 2988 3494 3043 dictum
3518 3005 3616 3042 att-

2034 3072 2290 3129 dierant:
2329 3093 2348 3127 ι
2383 3076 2490 3131 Vos
2519 3079 2654 3132 estis
2684 3077 2774 3133 lux
2808 3081 2995 3134 mundi
3028 3099 3048 3134 ι
3084 3080 3247 3150 huius
3273 3080 3361 3135 "z
3398 3090 3454 3134 et
3500 3096 3615 3134 rur-

2034 3179 2189 3223 sum:
2218 3183 2237 3217 ι
2274 3165 2523 3223 lniirmos
2546 3181 2758 3237 curate,
2785 3181 3030 3227 mortuos
3058 3173 3339 3241 suscitate,
3370 3173 3616 3243 leprosos

2039 3257 2316 3321 mundate,
2369 3258 2636 3315 daemonia
2682 3261 2865 3331 eiicite
2907 3265 2975 3322 ”.
3022 3283 3043 3317 ι
3094 3265 3231 3321 Num
3266 3283 3396 3340 ergo
3438 3284 3504 3324 ex
3550 3284 3616 3323 eo

2037 3347 2183 3415 quod
2240 3349 2359 3419 pari
2404 3361 2562 3405 erant
2616 3352 2882 3423 dignitate
2938 3356 3025 3413 vel
3078 3360 3431 3426 auctoritate,
3480 3360 3615 3415 illttd

2033 3438 2197 3493 etiam
2224 3455 2322 3495 eos
2356 3443 2610 3499 habuisse
2642 3461 2978 3513 asseremus,
3001 3458 3060 3503 ut
3091 3466 3214 3505 cum
3270 3453 3375 3507 duo
3405 3459 3614 3515 essent,

2035 3544 2176 3584 unus
2223 3532 2386 3588 homo
2431 3538 2793 3593 censeretur?
2835 3540 3001 3610 idque
3049 3541 3117 3596 ad
3164 3543 3419 3599 unionem
3464 3554 3615 3599 certe

2032 3621 2396 3692 hypostaseon
2431 3641 2555 3683 esse
2596 3630 2775 3685 satis?
2812 3630 2978 3702 Atqui
3018 3648 3197 3688 nonne
3231 3635 3614 3689 Stultissimum

2033 3718 2366 3774 censendum
2407 3722 2479 3777 sit
2519 3723 2590 3777 ita
2617 3725 2868 3781 sentire?
2890 3726 3000 3781 Cur
3028 3741 3158 3797 ergo
3194 3736 3246 3781 te
3276 3727 3503 3782 simulas
3528 3742 3614 3783 re-

2036 3819 2180 3864 Ctam
2212 3809 2371 3864 ﬁdem
2412 3821 2622 3878 tenere,
2649 3830 2770 3870 cum
2797 3815 3072 3871 Christum
3101 3817 3283 3872 Jesum
3325 3817 3612 3872 Dominum

2032 3902 2170 3958 dicis
2193 3904 2413 3972 quidem
2446 3921 2635 3971 unum,
2666 3909 2760 3961 sed
2792 3909 2935 3963 hunc
2966 3924 3134 3963 unum
3177 3910 3229 3964 in
3257 3910 3392 3965 duas
3434 3926 3617 3981 perso-

2034 4011 2132 4049 nas
2179 4007 2236 4050 et
2288 3997 2610 4067 hypostases
2653 4000 2888 4054 dividis?
2926 4010 2981 4055 et
3023 4016 3165 4055 verae
3213 4002 3359 4058 illius
3397 4002 3615 4058 unionis

2035 4090 2278 4155 modum,
2326 4104 2422 4157 per
2467 4104 2627 4159 quem
2656 4106 2784 4146 vere
2814 4107 2953 4147 unus
2997 4107 3063 4147 ac
3092 4094 3239 4149 solus
3279 4109 3400 4149 esse
3429 4105 3612 4163 potest

2034 4180 2307 4245 Christus,
2333 4182 2629 4252 improbas,
2651 4183 2795 4238 illaut
2830 4200 2960 4239 vero
2996 4185 3219 4242 honoris
3245 4188 3607 4257 aequalitatem

2033 4288 2163 4328 vere
2212 4276 2649 4342 coniunctionem
2700 4278 2978 4347 appellas?
3017 4280 3204 4346 Qualis
3238 4283 3382 4336 enim
3424 4284 3471 4337 is
3527 4293 3612 4337 est

2036 4366 2446 4435 coniunctionis
2493 4368 2729 4424 modus?
2752 4370 2835 4423 An
2872 4370 3090 4441 ignoras
3121 4388 3320 4442 cupere
3363 4375 3612 4429 homines

2033 4457 2125 4526 qui
2152 4457 2206 4512 in
2238 4457 2343 4513 hoc
2371 4459 2572 4513 :ecnlo
2600 4471 2909 4525 versantur,
2937 4465 3209 4519 mundana
3233 4466 3390 4531 potiri
3415 4467 3610 4536 gloria,

348 4556 489 4613 εἶναι
520 4560 833 4629 κοσμικαῖς,
869 4557 919 4609 οἳ
949 4557 1047 4618 τὰς
1078 4555 1229 4624 παρά
1262 4554 1371 4607 τῶν
1399 4552 1742 4624 κρατούντων
1776 4551 1926 4605 πλου-

2038 4563 2243 4619 eosque
2278 4566 2305 4603 a
2333 4551 2669 4621 principibus
2694 4554 2929 4609 honores
2963 4557 3221 4625 consequi
3242 4557 3391 4611 ?Sed
3420 4574 3610 4625 quam-

349 4652 501 4705 τοῦσι
542 4651 740 4721 τιμάς;
785 4649 927 4702 Ἀλλ’
977 4650 1033 4701 ὲν
1075 4650 1208 4710 ἴσοις
1242 4647 1393 4709 ὄντες
1437 4645 1764 4715 ἀξιώμασιν,
1815 4643 1929 4696 ἐσθ’

351 4745 847 4816 ὃτε,.διεστήκασιν
881 4742 1130 4814 ἀλλήλων
1171 4741 1402 4811 ὑπάρξει
1445 4757 1506 4793 τε
1544 4742 1609 4810 τῇ
1639 4738 1762 4793 καθ’
1806 4737 1928 4804 'éva,

348 4836 527 4906 φημὶ,
574 4836 669 4888 καὶ
715 4834 898 4903 μέντοι
940 4833 999 4886 τὸ
1050 4831 1159 4905 [Ισ.
1209 4831 1310 4904 τῷ]
1344 4830 1628 4901 βούλεσθαι
1673 4831 1741 4884 τὰ
1790 4830 1927 4883 αὐτὰ

346 4930 563 4997 φρονεῖν
591 4943 651 4979 τε
679 4927 772 4979 καὶ
799 4925 933 4996 δρᾷν
953 4942 966 4955 ·
1001 4924 1115 4978 ἀλλ’
1136 4924 1294 4994 εἴπερ
1322 4919 1390 4995 ἦν
1419 4940 1502 4985 τις
1533 4923 1729 4994 δεσμὸς
1762 4924 1929 4991 ἀναγ-

348 5024 500 5083 καῖος
546 5020 627 5082 εἰς
678 5018 908 5087 ἑνότητα
967 5016 1238 5085 συλλέγων
1279 5017 1477 5080 αὐτοὺς
1529 5017 1628 5086 τῆς
1684 5014 1841 5081 ἀξίας
1892 5018 1920 5068 ὁ

341 5112 562 5183 τρόπος,
595 5109 852 5181 καθάπερ
894 5109 1083 5178 ἀμέλει
1122 5110 1215 5162 καί
1248 5107 1520 5178 σύμὸασις
1568 5108 1795 5179 φυσικὴ,
1826 5108 1925 5161 οὑκ

343 5205 411 5259 ἂν
454 5206 512 5256 ὲν
564 5204 767 5275 ἰσότητι
801 5217 1006 5273 γερων,
1053 5202 1172 5274 ἢτοι
1217 5204 1317 5271 τῆς
1364 5201 1521 5268 ἀξίας
1564 5203 1923 5272 ὑπάρχοντες,

342 5295 673 5351 ὑποστάσεσι
692 5312 751 5347 τε
773 5294 867 5347 καὶ¹
888 5292 1103 5365 γνώμῃ,
1128 5295 1207 5357 είς
1234 5294 1295 5346 τὸ
1318 5294 1502 5365 ἕτερος
1527 5289 1664 5347 εἶναι
1689 5294 1785 5347 καὶ
1810 5293 1927 5347 ἓτε-

346 5406 439 5460 ρος
482 5388 665 5450 ίδικῶς
706 5386 950 5457 ἀλλήλων
996 5384 1442 5456 ἀπενοσφίζοντο.
1490 5384 1599 5439 Ποῦ
1629 5384 1921 5455 τοιγαροῦν

338 5484 437 5555 τὴν
483 5483 579 5554 σὴν
622 5480 918 5551 σννάφειαν
960 5478 1229 5550 θήσομεν,
1262 5476 1327 5529 Τί
1373 5476 1431 5529 δὲ
1463 5476 1558 5529 καὶ
1588 5476 1784 5546 δρᾶσαι
1833 5475 1922 5529 λο-

340 5575 641 5647 γισόμεθα;
687 5574 1125 5644 Ὀμογνωμονεῖν
1173 5570 1283 5642 ἄρα
1321 5570 1584 5623 πέπεικεν
1625 5569 1853 5634 αὑτοὺς,
1888 5568 1920 5641 ἢ

340 5668 615 5738 συμϐῆναι
648 5666 1065 5739 παρεσκεύασεν
1099 5664 1180 5727 είς
1214 5664 1442 5733 ἑνότητα
1493 5662 1763 5734 μυστικήν
1800 5658 1913 5732 [τον.

414 5852 667 5911 "Matth.
700 5868 754 5919 v,
791 5852 874 5907 14.
950 5852 995 5884 ’⁸
1022 5849 1213 5905 Matth.
1251 5865 1305 5915 ς,
1333 5848 1388 5902 8.

2035 4642 2117 4696 vis
2154 4657 2542 4719 nonnunquam
2583 4645 2847 4714 aqualem
2897 4647 3131 4703 habeant
3177 4649 3459 4719 dignitatis
3485 4666 3612 4719 gra-

2030 4735 2185 4799 dum,
2229 4746 2410 4792 tamen
2462 4739 2696 4794 invicem
2735 4742 2941 4796 distant
2984 4752 3095 4796 tum
3135 4744 3394 4813 singulari
3435 4745 3615 4799 subsi—

2031 4830 2251 4894 SIentia,
2294 4840 2405 4885 tum
2440 4847 2571 4886 vero
2598 4834 2649 4887 in
2686 4848 2753 4888 eo
2780 4836 2923 4904 quod
2952 4851 3058 4890 non
3088 4837 3275 4890 eadem
3310 4851 3499 4906 sapere
3523 4847 3611 4892 at-

2032 4935 2139 4989 que
2182 4922 2442 4990 perlicere
2472 4922 2622 4978 libet.
2656 4926 2819 4994 Atqui
2855 4925 2900 4978 si
2942 4926 3223 4996 dignitatis
3255 4928 3392 4981 ratio
3421 4929 3608 4982 vincu-

2032 5015 2140 5069 lum
2183 5027 2326 5070 esset
2360 5017 2726 5071 necessarium
2760 5033 2868 5088 quo
2893 5020 2946 5073 in
2989 5019 3250 5073 unitatem
3282 5017 3609 5090 colligeren-

2035 5123 2143 5174 tur,
2185 5120 2244 5163 ut
2277 5120 2361 5164 est
2401 5109 2586 5178 procul
2619 5110 2783 5164 dubio
2825 5110 2911 5164 illa
2958 5109 3272 5180 coniunctio
3318 5111 3604 5175 naturalis,

2034 5217 2310 5272 nunquam
2348 5200 2402 5255 in
2436 5201 2701 5256 honorum
2734 5203 2820 5257 vel
2849 5202 3131 5273 dignitatis
3167 5201 3477 5273 equalitate
3514 5220 3608 5273 po-

2031 5295 2141 5359 siti,
2192 5294 2472 5364 hypostasi
2503 5303 2665 5363 atque
2698 5295 2860 5349 etiam
2888 5294 3154 5349 sententia
3182 5295 3433 5363 privatim
3470 5295 3613 5348 inter

2032 5404 2091 5442 se
2115 5389 2544 5456 seiungerentur,
2572 5385 2680 5457 35
2713 5397 2772 5441 ut
2818 5387 2957 5441 alter
2996 5387 3086 5442 hic
3128 5397 3295 5450 esset,
3327 5386 3417 5441 ille
3450 5386 3606 5441 alter.

2031 5477 2149 5546 Quo
2206 5478 2371 5548 igitur
2423 5477 2541 5532 loco
2599 5486 2744 5531 tuam
2802 5477 3245 5547 coniunctionem
3306 5478 3612 5548 ponemus?

2030 5569 2231 5639 quidve
2278 5566 2497 5623 eﬂicere
2539 5568 2879 5640 putabimur?
2919 5568 3309 5625 Consentirene
3348 5568 3512 5640 igitur
3556 5566 3613 5622 il-

2032 5660 2098 5717 lis
2150 5660 2445 5731 persuasit.
2479 5670 2574 5716 aut
2630 5658 2758 5716 fecit
2808 5668 2868 5716 ut
2896 5660 2967 5731 ,in
3020 5659 3304 5732 mySticam
3349 5660 3613 5716 unitatem
