4054 6332
390 348 459 404 67
1417 349 1476 405 S.
1515 347 1797 407 CYRILLI
1834 346 2304 406 ALEXANDRINI
2344 346 2668 405 ARCHIEP.
3593 351 3662 407 68

391 462 796 521 convenirent?
824 464 958 537 [Sed
988 463 1171 521 dicere
1195 464 1251 519 id
1286 479 1392 520 non
1435 468 1659 535 poteris.
1691 465 1825 521 Nam
1858 466 1962 521 hac

2087 462 2367 536 ρυσικήν];
2402 463 2545 517 Ἀλλ’
2568 464 2672 518 οὐκ
2702 462 2769 517 ἂν
2803 460 2949 535 ἔχοις
2986 462 3181 516 εἰπεῖν’
3214 460 3514 531 Ἐκδέδειχε
3552 450 3662 532 γάρ

398 555 611 611 ratione
660 557 1091 612 demonstratum
1121 564 1229 621 est,
1261 555 1406 610 illam
1429 570 1553 612 esse
1582 557 1638 612 in
1685 567 1974 628 utramque

330 658 333 661 '
394 656 605 711 partem
637 648 933 707 admodum
966 646 1265 703 inﬁrmam.
1308 647 1440 703 Illud
1470 662 1690 720 quoque
1722 650 1854 704 mihi
1885 664 1975 705 ex-

400 735 570 805 plices
614 739 803 804 velim,
849 755 974 794 nam
1020 752 1213 808 rogare
1250 730 1562 795 necessario
1605 754 1792 810 cogor,
1843 740 1972 809 quid

400 829 514 896 ipsa
546 829 787 900 dignitas
808 830 1012 898 iuverit
1038 830 1336 896 hominem,
1362 839 1422 885 ut
1453 831 1569 901 ipse
1611 832 1817 896 dixisti,
1849 826 1973 885 cum

395 920 502 975 Deo
542 921 722 977 Verbo
746 921 1117 987 coniunctum,
1143 930 1200 975 et
1228 935 1295 975 ex
1326 920 1554 977 muliere
1587 922 1809 976 natum?
1835 920 1971 975 Num

393 1025 524 1067 vero
553 1026 738 1083 parem
770 1013 942 1082 gloria
969 1021 1025 1066 et
1052 1011 1378 1068 excellentia
1408 1013 1668 1077 reddidit,
1701 1022 1757 1067 et
1793 1022 1976 1069 tantus

392 1113 454 1158 ut
486 1114 632 1159 esset
675 1102 889 1169 effecit,
930 1114 1194 1174 quantum
1241 1113 1299 1159 et
1356 1104 1531 1175 ipsum
1566 1119 1688 1159 esse
1738 1105 1973 1160 Verbum

391 1195 654 1251 credibile
674 1194 806 1250 est?
835 1195 940 1250 Sed
960 1196 1234 1265 quomodo
1261 1211 1370 1251 non
1395 1196 1487 1251 lile
1511 1199 1825 1261 mentietur,
1850 1212 1973 1251 cum

392 1287 569 1344 dicit:
623 1303 644 1339 ι
680 1286 925 1345 Gloriam
960 1302 1136 1344 meam
1189 1289 1349 1342 alteri
1380 1304 1485 1343 non
1527 1290 1669 1344 dabo
1695 1290 1783 1344 "?
1815 1308 1834 1342 ι
1867 1288 1977 1343 fru-

392 1390 508 1433 stra
547 1379 712 1435 etiam
764 1388 999 1450 nugatus
1023 1379 1130 1433 erit
1167 1378 1255 1434 ille
1289 1379 1509 1434 divinus
1537 1379 1842 1434 carminum
1875 1396 1974 1434 au-

393 1481 533 1538 ctor,
591 1471 670 1526 sic
722 1469 894 1525 ferme
923 1470 1142 1526 dicens:
1180 1488 1199 1522 ι
1231 1469 1369 1536 Quis
1403 1472 1618 1526 tandem
1653 1472 1705 1526 in
1742 1472 1978 1527 nubibus

391 1561 702 1632 atquabitur
730 1560 1000 1615 Domino?
1026 1570 1121 1615 aut
1160 1561 1286 1631 quis
1316 1560 1513 1617 similis
1549 1562 1653 1615 erit
1692 1562 1802 1617 Deo
1836 1563 1889 1616 in
1923 1562 1980 1616 li-

394 1653 484 1708 liis
509 1653 600 1708 Dei
629 1653 716 1709 “?
751 1671 771 1704 ι
807 1653 890 1708 An
922 1667 1051 1707 vero
1098 1652 1142 1706 is
1181 1668 1288 1707 non
1331 1654 1439 1708 erit
1462 1653 1604 1708 alius
1634 1654 1702 1708 ab
1738 1654 1829 1708 illo
1866 1669 1975 1707 uno

394 1755 451 1800 et
490 1745 789 1800 secundum
826 1752 1076 1798 naturam
1109 1744 1207 1800 Dei
1255 1744 1437 1800 Patris
1470 1743 1672 1808 Verbo,
1718 1745 1810 1814 qui
1862 1761 1981 1814 pro-

2072 555 2100 608 6
2129 554 2287 623 λόγος
2335 552 2473 626 πρὸς
2505 554 2676 625 ἄμφω
2705 553 2889 621 ταυτὶ,
2919 551 3055 605 πολὺ
3085 550 3349 606 νοσοῦσαν
3385 550 3447 602 τὸ
3492 550 3661 618 ἀδρα-

2072 646 2181 710 νές.
2206 645 2385 718 Φράζε
2412 643 2471 698 δέ
2503 661 2595 715 μοι
2624 645 2868 699 κάκεῖνο·
2898 644 3315 715 προσερήσομαι
3347 639 3457 713 γάρ
3486 642 3659 709 ἀναγ-

2072 737 2275 803 καίως,
2329 736 2383 789 τί
2410 735 2473 791 τὸ
2503 735 2603 806 τῆς
2642 735 2802 803 ἀξίας
2846 735 3024 806 ὢνησε
3066 734 3256 807 χρῆμα
3307 732 3421 799 τὸν,
3472 731 3662 801 ὥσπερ

2074 829 2211 901 ἔφης
2233 829 2419 896 αὐτὸς,
2447 827 2527 899 τῷ
2553 827 2673 899 Θεῷ
2696 828 2855 899 Λόγῳ
2880 827 3223 898 συνημμένον
3251 824 3539 896 ἄνθρωπον
3566 823 3661 876 καὶ

2074 922 2142 975 ἐκ
2188 921 2483 991 γυναικόςς
2516 915 2667 992 *Δρα
2702 920 2810 991 γάρ
2844 920 2959 973 ἴσον
2991 919 3276 990 ἀπέφηνεν
3307 918 3366 970 ὲν
3396 916 3521 987 δόξῃ
3564 914 3661 969 καὶ

2074 1012 2342 1083 ὑπεροχῇ,
2383 1010 2481 1065 καὶ
2508 1009 2764 1064 τοσοῦτον
2791 1005 2931 1064 εἶναι
2962 1008 3398 1080 παρεσκεύασεν,
3433 1008 3557 1069 ὅσος
3592 1006 3661 1060 ἂν

2074 1101 2217 1160 εἶναι
2244 1102 2553 1158 πιστεύοιτο
2578 1104 2673 1157 κα)⁸
2701 1102 2897 1167 αὐτός;
2925 1096 3059 1155 Εἶτα
3086 1100 3203 1163 πῶς
3227 1100 3288 1152 οὐ
3313 1097 3661 1169 διαψεύσεται

2074 1197 2270 1266 λέγων,
2305 1214 2323 1247 ι
2351 1194 2462 1266 Τὴν
2486 1195 2646 1262 δόξαν
2682 1211 2784 1265 μου
2830 1194 3001 1264 ἑτέρῳ
3038 1192 3100 1245 ού
3135 1189 3328 1256 δώσω;
3358 1208 3377 1241 ι
3416 1188 3661 1258 πεφλυα-

2079 1304 2214 1359 ρηκε
2245 1287 2302 1340 δὲ
2336 1286 2512 1357 μάτην
2537 1286 2634 1340 καὶ
2665 1284 2828 1348 αὐτὸς
2858 1286 2990 1356 ἡμῖν
3012 1285 3041 1336 6
3075 1282 3364 1344 Θεσπέσιος
3399 1279 3657 1352 μελῳδὸς,

2076 1378 2173 1431 ὡδί
2206 1394 2310 1431 που
2347 1377 2544 1447 λέγων,
2582 1378 2666 1431 ὃτι
2709 1395 2728 1428 ι
2758 1376 2856 1438 Τίς
2900 1379 2957 1429 ὲν
3005 1374 3260 1444 νεφέλαις
3333 1372 3661 1443 ίσωθήσεται

2076 1470 2154 1542 τῷ
2193 1470 2421 1541 Κυρίῳ;
2463 1469 2496 1539 ἢ
2533 1469 2617 1531 τίς
2657 1467 3059 1539 ὁμοιωθήσεται
3099 1464 3179 1537 τῷ
3214 1464 3406 1536 Κυρίῳ
3437 1465 3496 1517 ὲν
3526 1465 3661 1525 υἱοῖς

2077 1560 2244 1627 Θεοῦ;
2269 1582 2288 1615 ι
2331 1562 2403 1615 Ἦ
2435 1561 2535 1631 οὐχ
2568 1561 2754 1632 ἔτερος
2795 1559 2947 1630 παρὰ
2978 1560 3071 1612 τὸν
3099 1559 3197 1611 ἕνα
3226 1559 3321 1610 καὶ⁵
3353 1555 3533 1625 φύσει,
3567 1555 3662 1608 καὶ

2078 1656 2143 1708 ὲκ
2174 1653 2311 1707 Θεοῦ
2354 1653 2568 1725 [ἰατρὸς
2605 1653 2798 1721 Λόγον,
2827 1653 2854 1704 6
2883 1652 3005 1705 κατ’
3045 1649 3181 1704 ἰδίαν
3233 1648 3531 1702 ὑπόστασιν
3563 1648 3662 1717 τῆς

2079 1747 2215 1818 πρὸς
2259 1746 2423 1799 αὐτὸν
2462 1744 2714 1815 ένότητος
2759 1743 2978 1815 ἀληθῶς
3009 1742 3505 1812 διεσχοινισμένος;
3542 1735 3661 1792 εἶτα

396 1837 528 1907 priae
580 1837 889 1908 liypostasis
934 1836 1147 1891 ratione
1199 1850 1330 1891 vere
1378 1836 1452 1890 sit
1490 1835 1559 1891 ab
1593 1835 1716 1905 ejus
1771 1838 1981 1890 unitate

2087 1838 2200 1902 πῶς
2224 1839 2323 1907 οὐχ
2350 1837 2557 1891 ἆπασιν
2585 1838 2845 1909 ὲναργές;
2880 1835 2993 1888 ἀλλ’
3019 1836 3121 1888 οὐκ
3151 1834 3265 1887 ἴσον
3299 1833 3397 1903 μὲν
3435 1831 3514 1899 τῷ
3542 1830 3662 1902 Θεῷ

395 1928 740 1999 disiunctus?
761 1929 980 1984 cuinam
1001 1943 1131 1984 vere
1156 1927 1212 1984 id
1243 1942 1351 1983 non
1377 1928 1451 1984 sit
1472 1928 1978 1983 evidentissimum?

398 2021 504 2078 Sed
525 2018 877 2089 coniunctum
910 2035 1046 2077 sane
1075 2020 1248 2090 ipsum
1286 2019 1430 2074 haud
1460 2020 1670 2090 aequale
1701 2020 1811 2074 Deo
1849 2018 1980 2074 Ver-

398 2110 739 2182 bodignitas
770 2110 919 2177 fecit,
942 2111 1087 2180 quod
1114 2110 1339 2165 inferius
1370 2110 1461 2165 illo
1486 2126 1609 2165 esse
1637 2112 1977 2181 perspicuum

396 2214 517 2271 est;
541 2201 807 2273 quomodo
827 2200 993 2271 igitur
1022 2216 1188 2256 unum
1226 2201 1429 2257 asseris
1458 2202 1761 2267 Christum,
1795 2213 1849 2256 et
1887 2201 1980 2255 Fi-

401 2295 554 2362 lium,
589 2303 646 2349 et
687 2292 999 2360 Dominum,
1030 2294 1286 2363 quamvis
1318 2308 1479 2358 unus,
1509 2295 1652 2363 quod
1688 2293 1981 2348 sententia-

398 2402 518 2441 rum
552 2385 660 2440 vim
697 2386 912 2453 attinet,
945 2387 1019 2440 sit
1049 2387 1423 2454 praestantior,
1460 2385 1602 2439 alter
1636 2386 1885 2447 inferior,
1927 2395 1983 2439 et

398 2479 519 2546 ejus
547 2477 829 2547 majestate
860 2488 915 2532 et
956 2476 1388 2547 gloriaminor?
1427 2476 1717 2541 Praeterea,
1753 2486 1808 2529 nt
1853 2476 1981 2530 illud

398 2582 618 2638 quoque
664 2568 750 2622 his
802 2582 923 2637 qua:
956 2566 1198 2622 diximus
1252 2566 1567 2637 adiungam,
1623 2569 1867 2633 donavit,
1925 2578 1983 2621 ut

403 2659 518 2726 ipse
544 2658 846 2720 existimat,
882 2657 1011 2711 illud
1040 2672 1106 2711 ex
1150 2656 1259 2712 Deo
1289 2656 1451 2712 Patre
1493 2657 1729 2715 Verbum
1762 2658 1833 2711 illi
1869 2674 1983 2711 mu-

402 2748 553 2802 lieris
585 2747 698 2801 [ilio
738 2762 895 2803 suam
935 2748 1107 2817 ipsius
1138 2748 1482 2819 dignitatem.
1517 2748 1622 2803 Sed
1668 2749 1769 2803 hoc
1805 2751 1979 2819 ipsum

401 2853 634 2909 quonam
672 2840 916 2895 sitmodo
948 2850 1181 2909 gestum,
1215 2841 1514 2909 exquirere
1540 2851 1624 2895 est
1647 2857 1826 2910 opera:
1856 2858 1979 2912 pre-
2007 2873 2020 2908 γ

405 2930 538 2983 tium
570 2946 584 2984 :
618 2928 756 2983 Num
788 2932 903 2999 ipse
934 2945 1149 3002 quoque
1200 2931 1378 2986 factus
1408 2943 1491 2986 est
1534 2931 1624 2986 Ιιιι
1656 2935 1821 2989 vera?
1852 2952 1979 2988 num

402 3036 471 3076 ex
502 3029 694 3076 natura
725 3023 888 3090 Deus,
918 3031 972 3078 et
1000 3024 1129 3085 vita,
1154 3031 1209 3077 et
1245 3038 1425 3077 rerum
1462 3025 1665 3093 Opilex,
1689 3036 1744 3080 et
1769 3028 1984 3095 sapien-

405 3115 501 3178 tia,
538 3124 594 3169 et
620 3114 811 3182 virtus,
843 3115 1022 3185 imago
1051 3114 1217 3168 etiam
1252 3124 1309 3169 et
1355 3115 1616 3184 splendor
1665 3117 1982 3171 substantiae

2083 1930 2241 1999 Λόγῳ
2271 1928 2569 1997 πεποίηκεν
2611 1927 2645 1996 ἡ
2691 1925 2818 1988 ἀξία
2848 1924 2910 1976 τὸ
2954 1920 3331 1992 συνημμένον·
3360 1918 3557 1989 όρᾶταί
3596 1934 3660 1987 γε

2087 2022 2195 2092 μὴν
2220 2021 2314 2073 καὶ
2350 2020 2496 2072 ἔστιν
2522 2020 2578 2071 ἐν
2610 2017 2787 2088 μείοσι
2807 2032 2821 2046 ο
2858 2015 2975 2077 πῶς
3006 2009 3099 2066 οὖν
3140 2012 3238 2067 ἕνα
3266 2012 3373 2082 φὴς
3403 2010 3658 2079 Χριστὸν,

2085 2115 2181 2167 καὶ
2219 2114 2369 2179 Υἱὸν,
2399 2112 2492 2165 καὶ
2520 2110 2747 2181 Κύριον,
2778 2108 2955 2161 καίτοι
2985 2104 3314 2178 προύχοντος
3358 2103 3476 2167 ἑνὸς
3520 2101 3664 2156 κατά

2085 2224 2150 2276 γε
2181 2205 2290 2260 τῶν
2332 2204 2549 2258 ὲννοιιῖιν
2578 2204 2674 2273 τὴν
2710 2201 2959 2271 δύναμιν,
2987 2200 3083 2252 καὶ¹
3115 2195 3439 2267 ὑφιζηκότος
3474 2194 3659 2266 ἑτέρου

2085 2299 2183 2370 τῆς
2214 2297 2352 2369 πρὸς
2392 2295 2556 2349 αὐτὸν
2606 2292 2849 2363 ἰσότητός
2878 2307 2939 2345 τε
2972 2290 3069 2344 καὶ
3096 2288 3287 2359 δόξηςς
3325 2286 3532 2349 Ἄλλως
3579 2301 3659 2351 τε,

2087 2389 2436 2462 προσεποίσω
2472 2387 2582 2457 γὰρ
2611 2380 2691 2448 οἷς
2735 2384 2871 2455 ἔφην
2906 2383 3004 2437 καὶ
3039 2380 3181 2441 τόδε.
3210 2378 3507 2450 δεδώρηται
3538 2377 3660 2431 κατ’

2086 2481 2246 2536 αὐτὸν
2271 2483 2299 2533 6
2324 2482 2387 2532 ὲκ
2420 2477 2558 2531 Θεοῦ
2592 2474 2805 2547 Πατρὸς
2832 2473 3002 2542 Λόγος
3024 2473 3124 2544 τὴν
3153 2470 3289 2527 ἰδίαν
3316 2469 3475 2534 ἀξίαν
3498 2467 3577 2539 τῷ
3598 2468 3663 2520 ὲκ

2086 2573 2378 2644 γυναικόςο
2416 2570 2557 2623 κατὰ
2587 2568 2711 2622 τίνα
2755 2567 2814 2620 δὲ
2859 2565 3058 2637 τρόπον
3102 2562 3234 2617 αὐτὸ
3279 2563 3344 2633 δὴ
3374 2561 3524 2615 τσυτὶ
3562 2579 3662 2614 πε-

2087 2666 2330 2737 πρᾶχθαι
2378 2662 2544 2732 φησὶ,
2595 2658 2902 2733 βασανίζειν
2948 2651 3295 2727 ἄξιον.⁷Λρα
3341 2669 3533 2724 γιιιονε
3570 2654 3665 2706 καὶ

2088 2752 2252 2816 αὐτὸς
2279 2752 2395 2821 φῶς
2435 2749 2722 2820 ἀληθινόν;
2748 2745 2896 2818 τΑρα
2932 2746 3093 2815 φύσει
3127 2745 3281 2808 Θεὸς,
3305 2746 3400 2798 καὶ
3430 2744 3542 2816 ζωὴ
3571 2746 3664 2797 καὶ

2086 2846 2437 2919 δημιουργὸς,
2465 2847 2561 2899 καὶ
2590 2843 2751 2912 σοφία
2783 2844 2880 2896 καὶ
2906 2841 3156 2912 δύναμις,
3176 2840 3341 2894 εἰκὼν
3370 2842 3465 2894 καὶ⁵
3490 2838 3665 2893 ἀπαύ-

2086 2956 2278 3009 γασμα
2304 2938 2405 3007 τῆς
2441 2936 2789 2999 ὑποστάσεως
2817 2933 2912 2987 τοῦ
2940 2933 3182 3004 Πατρός;
3212 2933 3307 2986 καὶ
3335 2932 3404 2986 τά
3429 2933 3527 3002 τῆς
3554 2932 3669 2986 ἀνω

2086 3030 2243 3100 δόξης
2302 3029 2754 3098 πλεονεκτήματα
2808 3023 3095 3095 κεχώρηκε
3157 3024 3400 3092 φυσικῶς
3450 3024 3530 3086 είς
3570 3023 3666 3075 ἕνα

2086 3122 2213 3175 τινὰ
2248 3120 2357 3173 τῶν
2387 3117 2807 3188 πεποιημένων;
2832 3117 2898 3169 Τί
2927 3112 3022 3168 οὖν
3059 3116 3177 3168 ἐστι
3213 3114 3274 3170 τὸ
3308 3113 3583 3182 ἐξαίρετον
3610 3114 3668 3167 ὲν

405 3206 605 3275 Patris,
631 3216 687 3262 et
714 3207 803 3260 illa
833 3205 1053 3261 eximias
1077 3220 1141 3259 ac
1171 3220 1444 3274 supremae
1488 3207 1637 3261 illius
1669 3208 1857 3275 gloria:
1890 3224 1984 3262 or-

2087 3212 2165 3285 τῷ
2197 3212 2336 3266 κατὰ
2367 3211 2528 3281 φύσιν
2558 3208 2716 3279 Θεῷς
2744 3208 2795 3262 τί
2824 3207 2886 3259 τὸ
2924 3207 3067 3277 μέγα
3123 3206 3219 3260 καὶ
3248 3206 3392 3278 ὑπὲρ
3421 3208 3588 3277 ἡμᾶς,
3619 3208 3669 3259 εἱ

407 3308 658 3352 namenta
690 3298 742 3351 in
776 3312 940 3350 unum
969 3296 1204 3362 aliquem
1236 3312 1268 3351 e
1295 3296 1500 3350 creatis
1537 3297 1852 3351 hominibus
1888 3314 1984 3351 na-

414 3389 665 3444 turaliter
690 3388 1061 3442 inllnxerunt‘.’
1087 3388 1223 3455 Quid
1248 3387 1413 3456 igitur
1437 3386 1697 3441 eximium
1734 3400 1817 3442 cst
1843 3389 1895 3441 in
1921 3404 1986 3443 eo

407 3482 701 3536 secundum
729 3490 977 3533 naturam
1025 3478 1174 3533 Deo?
1230 3479 1366 3548 quid
1414 3494 1667 3549 magnum
1715 3488 1770 3532 et
1820 3492 1984 3548 supra

410 3585 531 3637 nos,
561 3571 607 3626 si
640 3567 726 3625 fas
746 3580 829 3625 est
856 3578 1165 3625 creaturam
1193 3571 1277 3625 his
1314 3570 1475 3626 bonis
1500 3586 1623 3641 quae
1654 3570 1771 3638 ipse
1800 3571 1983 3636 habet,

408 3674 467 3719 et
520 3664 738 3734 quidem
787 3662 1239 3728 substantialiter,
1294 3676 1458 3731 posse
1512 3662 1863 3731 locupletari?
1915 3662 1990 3716 At

410 3756 556 3821 enim
593 3755 909 3825 dignitatem
958 3763 1218 3822 tanquam
1268 3754 1593 3825 participata
1645 3757 1879 3810 fortasse
1915 3755 1990 3808 di-

412 3849 537 3904 vina
580 3846 897 3902 excellentia
951 3847 1121 3914 gessit
1168 3863 1183 3901 ι
1234 3846 1399 3916 igitur
1435 3847 1541 3901 duo
1590 3861 1781 3902 rursus
1829 3855 1992 3901 erunt

413 3940 602 4012 procul
648 3939 813 3995 dubio
884 3940 977 3994 lilii
1013 3978 1031 4006 ,
1075 3939 1348 4009 siquidem
1415 3954 1607 3994 verum
1677 3947 1762 3994 est
1803 3943 1871 3994 ab
1923 3952 1992 3993 eo

415 4032 559 4102 quod
603 4031 1068 4102 participationem
1106 4031 1437 4102 impertitur,
1481 4032 1756 4086 diversum
1790 4046 1911 4086 esse
1938 4040 1994 4085 et

416 4124 642 4181 inferius
677 4124 971 4179 secundum
1005 4132 1281 4188 naturam,
1328 4123 1380 4178 iii
1413 4122 1559 4193 quod
1592 4123 1713 4178 ideo
1755 4123 1993 4177 honora-

418 4226 527 4285 tur,
560 4216 687 4286 quia
738 4218 805 4269 ad
847 4216 1020 4284 ipsum
1071 4214 1385 4270 relationem
1420 4215 1603 4269 habet.
1644 4214 1995 4269 Convinceris

416 4324 548 4380 ergo
574 4324 640 4365 ne
672 4323 735 4363 ea
766 4308 982 4376 quidem
1015 4307 1156 4362 scire
1184 4321 1305 4376 quae
1337 4306 1495 4360 dicis.
1528 4305 1640 4359 Cur
1682 4313 1861 4357 autem
1901 4318 1996 4357 eos

419 4413 647 4455 accusas
671 4398 762 4468 qui
786 4412 945 4453 voces
974 4398 1028 4452 in
1061 4396 1371 4467 Evangeliis
1401 4396 1604 4464 positas
1628 4396 1717 4449 uni
1755 4407 1997 4463 personae

421 4488 708 4546 tribuunt?
727 4491 922 4542 Annon
949 4488 1089 4552 ideo,
1138 4486 1264 4555 quia
1289 4500 1427 4540 novo
1448 4500 1598 4539 more
1626 4485 1760 4539 duos
1786 4484 1996 4538 inducis

2088 3305 2364 3376 ἐνδέχεται
2420 3303 2520 3374 τὴν
2571 3302 2749 3355 κτίσιν
2798 3300 3195 3354 καταπλουτείν
3241 3298 3525 3362 δύνασθαι,
3573 3299 3671 3352 καὶ

2087 3396 2245 3450 τοῦτο
2276 3394 2573 3460 ούσιωδῶς,
2614 3394 2685 3448 τὰ
2716 3396 2774 3448 ὲν
2812 3388 2895 3457 οἷς
2936 3395 3086 3446 ἐστιν
3114 3393 3327 3462 ἀγαθάς
3370 3393 3485 3448 ἀλλ’
3506 3394 3581 3458 ὡς
3611 3394 3670 3446 ὲν

2092 3488 2307 3558 μεθέξει
2354 3485 2454 3557 τῆς
2500 3485 2651 3548 θείας
2700 3483 2861 3554 τυχὸν
2910 3484 3188 3554 ὑπεροχῆς
3238 3484 3520 3555 πεφόρηκε
3573 3483 3671 3555 τὴν

2089 3576 2282 3640 ἁξίαν;
2315 3574 2419 3627 Δύο
2453 3574 2516 3645 δὴ
2549 3574 2713 3627 πάλιν
2751 3571 3137 3643 ἀναμφιλόγως
3166 3573 3295 3637 υἱοὶ,
3326 3572 3485 3645 εῐπερ
3523 3574 3671 3628 ἐστὶν

2089 3669 2308 3740 ἀληθὲς,
2346 3669 2423 3729 ὡς
2449 3668 2635 3737 ἕτερόν
2674 3684 2747 3731 τι,
2776 3668 2869 3719 καὶ
2897 3666 3119 3720 ἔλαττον
3154 3666 3296 3720 κατά
3340 3667 3502 3735 φύσιν
3532 3668 3671 3734 ἐστὶ,

2089 3762 2185 3816 τοῦ
2231 3763 2330 3833 τὴν
2380 3761 2597 3832 μέθεξιν
2648 3760 3008 3832 ἐμποιοῦντος
3058 3760 3240 3830 αὐτῷ,
3281 3761 3343 3814 τὺ
3381 3763 3563 3833 σχέσει
3604 3766 3670 3834 τῇ

2092 3849 2226 3922 πρὸς
2261 3850 2423 3904 αὐτὸν
2464 3849 2777 3920 τιμώμενον
2800 3862 2815 3881 ⁸
2845 3849 3031 3921 ἀλώσῃ
3064 3850 3128 3921 δὴ
3159 3846 3251 3904 οὖν
3279 3852 3401 3905 οὐδὲ
3444 3854 3601 3918 εἰδὼς
3636 3854 3673 3909 ἀ

2091 3942 2293 4009 λέγεις.
2333 3942 2497 4012 Λίτιᾷ
2534 3941 2590 3995 δὲ
2622 3939 2739 3995 ἀνθ’
2763 3942 2886 3993 ὂτου
2922 3943 3050 4005 τοὺς
3079 3943 3162 3995 ένὶ
3200 3943 3477 4015 προσώπῳ
3507 3962 3672 4016 προσ-

2093 4031 2357 4103 νέμοντας
2391 4032 2490 4095 τάς
2530 4034 2588 4085 ὲν
2628 4034 2741 4096 τοῖς
2765 4034 3119 4101 Εὑαγγελίοις
3152 4036 3368 4102 φωνάς;
3396 4032 3524 4109 ’Ἆρ’
3554 4039 3674 4109 οὐχὶ

2092 4121 2186 4176 δύο
2225 4122 2563 4193 καινοτομῶν
2592 4122 2771 4187 υἱούςς
2801 4123 2924 4188 Πῶς
2951 4123 3061 4195 γὰρ
3091 4124 3175 4178 ἐτι
3203 4127 3408 4198 Κύριος
3445 4124 3545 4193 εἷς,
3578 4130 3675 4183 καὶ

2094 4213 2347 4284 Χριστὸς,
2373 4214 2469 4265 καὶ
2503 4213 2651 4277 Υἱὸς,
2678 4215 2727 4266 εί
2768 4214 3062 4284 πρόσωπον
3091 4215 3256 4270 ίδικὸν
3285 4220 3552 4290 ἑκατέρῳ,
3581 4222 3675 4276 καὶ

2096 4302 2273 4371 λόγος,
2320 4303 2413 4356 καὶ
2449 4303 2555 4374 μὴν
2601 4304 2696 4356 καὶ
2744 4304 3079 4373 ὑπόστασις,
3125 4307 3485 4380 ἀναχωροῦσα
3536 4312 3674 4383 πρὸς

2097 4396 2413 4467 ἑτερότητα,
2441 4397 2533 4449 καὶ
2563 4395 2623 4449 τὸ
2649 4396 2749 4467 τῆς
2777 4395 3012 4466 ἀληθοῦς
3038 4397 3287 4463 ένώσεως
3318 4401 3508 4472 χρῆμα
3538 4420 3675 4474 παρ-

2098 4487 2429 4556 αιτουμένη,
2483 4486 2576 4539 καὶ
2627 4487 2687 4539 τὸ
2743 4486 3061 4557 ἀσύμϐατον
3112 4489 3420 4560 όλοτρόπως
3481 4492 3677 4562 ἔχουσα

423 4579 602 4637 lilios?
643 4577 779 4633 Nam
812 4577 1081 4648 quomodo
1112 4551 1251 4631 unus
1278 4576 1389 4646 jam
1434 4575 1711 4640 Dominus,
1752 4583 1806 4629 et
1835 4574 1985 4630 Chri-

2104 4576 2242 4648 πρὸς
2259 4551 2363 4648 τὴν
2384 4551 2619 4649 -ἑτέραν;
2644 4578 2755 4631 Καὶ
2781 4577 2842 4630 τό
2854 4551 2935 4645 ῇγε
2973 4551 3275 4650 παράδοξον
3314 4551 3410 4635 καί
3431 4551 3542 4637 τῶῖ
3578 4587 3676 4639 αὐ-

419 4686 538 4729 stus
565 4680 620 4727 et
646 4670 814 4725 Filius
833 4669 959 4732 erit,
979 4669 1026 4723 si
1047 4668 1261 4736 utrique
1282 4683 1377 4723 sua
1406 4682 1634 4737 persona
1652 4676 1735 4722 est
1761 4678 1816 4722 et
1838 4669 1998 4734 ratio,

420 4764 531 4836 36
544 4772 706 4834 atque
724 4762 885 4816 etiam
904 4760 1228 4832 liypostasis,
1248 4761 1314 4815 ad
1337 4760 1701 4815 diversitatem
1719 4761 1999 4826 secedens,

421 4867 479 4913 et
506 4870 619 4923 rem
646 4869 787 4909 vera:
820 4854 1035 4908 unionis
1079 4868 1356 4918 recusans,
1386 4862 1441 4907 et
1470 4869 1589 4922 qua:
1627 4853 1846 4908 omnino
1872 4867 1995 4911 cum

423 4949 593 5004 altera
626 4948 919 5003 convenire
955 4962 1061 5000 non
1094 4946 1306 5016 possit?
1338 4946 1599 5014 Quodque
1627 4945 1716 5000 vix
1739 4945 1998 5001 credibile

421 5049 531 5106 est,
578 5048 633 5095 et
682 5039 800 5109 ejus
851 5038 1303 5108 blasphemiarum
1357 5038 1743 5106 turpitudinem
1791 5038 1992 5107 prodit,

422 5114 729 5187 communia
760 5129 893 5182 dicit
932 5142 1055 5183 esse
1103 5128 1216 5182 hazc
1259 5128 1495 5193 nomina,
1542 5127 1711 5182 Filius
1752 5129 1994 5197 inquam,

421 5233 476 5278 et
499 5221 774 5285 Christus,
805 5229 859 5274 et
891 5219 1148 5274 Dominus
1176 5238 1189 5274 :
1224 5235 1344 5289 qua:
1383 5220 1429 5274 si
1470 5221 1542 5273 ita
1572 5221 1878 5274 communia
1908 5219 1994 5275 di-

421 5315 519 5377 cit,
548 5319 608 5367 ut
640 5313 730 5365 uni
764 5309 1006 5385 Christo,
1031 5320 1084 5364 et
1108 5311 1429 5378 quihusdam
1455 5321 1650 5379 praeter
1674 5311 1846 5381 ipsum
1878 5312 1996 5367 aliis

420 5400 769 5467 conveniant,
797 5414 908 5453 non
933 5398 1165 5454 absurda
1196 5400 1311 5470 ejus
1339 5401 1443 5454 erit
1463 5400 1658 5455 oratio.
1692 5400 1785 5455 Sin
1823 5403 1996 5470 impe-

423 5493 525 5546 rite
562 5489 841 5559 disjungit,
875 5495 1132 5558 putatque
1162 5504 1223 5542 ea
1263 5489 1557 5545 convenire
1589 5498 1642 5544 ct
1684 5491 1786 5559 ipsi
1821 5489 1997 5547 Verbo

422 5582 697 5651 privatim,
720 5590 773 5635 et
800 5579 871 5634 illi
903 5594 965 5635 ex
1000 5580 1227 5635 muliere
1269 5580 1414 5647 lilio;
1451 5581 1557 5635 duo
1588 5581 1743 5653 plane
1781 5599 1994 5640 rursum

489 5758 531 5790 θ’
558 5756 661 5811 lsa.
688 5772 815 5824 xui,
848 5755 901 5812 8.
993 5756 1039 5787 "
1064 5754 1207 5813 Psal.
1240 5771 1505 5826 Luxvm,
1543 5756 1595 5813 7.

2103 4668 2198 4722 τοῦ
2228 4668 2549 4739 δυσφημιῶν
2585 4670 2885 4739 ἀποφαῖνον
2912 4670 3010 4742 τὴν
3035 4671 3318 4744 βδελυρίαν
3337 4690 3349 4702 ·
3382 4676 3536 4730 κοινά
3575 4694 3675 4749 φη.

2105 4776 2190 4813 σιν
2228 4754 2468 4813 εἶναιτὰ
2512 4759 2775 4831 ὀνόματα,
2822 4762 2882 4814 τό
2917 4778 2977 4814 τε
3020 4762 3175 4828 Υἱὸς,
3200 4763 3364 4835 φημὶ,
3406 4767 3500 4820 καὶ
3545 4751 3678 4838 Χρι-

2104 4850 2228 4915 στὸς
2266 4852 2361 4905 καὶ
2400 4852 2640 4923 Κύριος·
2674 4854 2766 4907 καὶ
2795 4854 2844 4906 εἰ
2884 4854 2983 4924 μὲν
3010 4850 3148 4908 εἶναι
3192 4856 3348 4910 κοινά
3398 4874 3562 4929 φησιν
3602 4859 3678 4922 ὡς

2102 4942 2185 4995 ἐνὶ
2213 4942 2291 5013 τῷ
2323 4943 2563 5015 Χριστῷ,
2592 4944 2685 4997 καί
2713 4961 2823 4997 τισι
2856 4946 2984 5016 παρ’
3013 4945 3176 5000 αὑτὸν
3200 4946 3428 5017 ἑτέροις,
3469 4947 3583 5017 έχοι
3612 4947 3678 5001 ἂν

2100 5033 2245 5096 εἰκὸς
2280 5034 2309 5086 6
2342 5034 2498 5103 λόγος
2528 5034 2695 5105 αὐτῷ.
2739 5036 2801 5088 Εἰ
2830 5035 2888 5089 δὲ
2921 5036 3187 5107 διῖστησιν
3229 5038 3478 5109 ἀμαθῶς,
3510 5039 3678 5092 οἴεταί

2102 5142 2159 5177 τε
2194 5125 2425 5196 πρέπειν
2462 5126 2603 5180 αύτά
2635 5126 2731 5179 καὶ
2770 5127 2951 5189 ίδικῶς
2988 5127 3066 5197 τῷ
3092 5128 3271 5199 Λόγῳ,
3314 5130 3407 5182 καὶ
3451 5131 3559 5200 μὴν
3605 5132 3680 5200 τῷ

2102 5215 2168 5267 ὲκ
2207 5216 2486 5283 γυναικὸς,
2512 5215 2607 5269 δύο
2649 5233 2753 5269 που
2782 5218 3000 5281 πάντως
3044 5219 3206 5273 πάλιν
3246 5221 3341 5274 καὶ
3378 5223 3680 5292 ἀναμφιλό-

2099 5325 2211 5376 γως
2240 5309 2489 5379 Χριστοὶ,
2522 5309 2616 5361 καὶ
2650 5309 2792 5373 Υἱοὶ,
2824 5312 2918 5363 καὶ
2952 5310 3167 5382 Κύριοιο
3193 5312 3296 5384 ἔφη
3337 5315 3467 5385 γὰρ,
3501 5316 3585 5369 ὅτι
3621 5315 3682 5367 τὸ
3749 5303 3759 5307 ’

2100 5400 2332 5471 Χριστὸς
2362 5401 2553 5471 ὄνομα,
2590 5402 2718 5454 ποτὲ
2760 5402 2859 5471 μὲν
2913 5402 3096 5459 θετέον
3143 5406 3237 5458 ἐπὶ
3281 5407 3381 5477 τῆς
3429 5406 3682 5475 θεότητος

2101 5493 2293 5563 αὐτῆς,
2327 5495 2456 5547 ποτὲ
2485 5494 2543 5547 δὲ
2574 5494 2669 5548 καὶ
2693 5496 2787 5548 ἐπὶ
2815 5497 2911 5566 τῆς
2937 5496 3373 5567 ἀνθρωπὸτητος,
3406 5497 3440 5567 ἦ
3477 5497 3570 5550 καὶ
3596 5496 3682 5548 ἐπ’

2100 5586 2303 5657 ἀμφοῖν
2323 5603 2336 5618 ⁶
2374 5586 2619 5657 ὀνήσειεν
2650 5588 2694 5641 δ’
2721 5587 2786 5642 ἂν
2817 5589 2849 5660 ἡ
2879 5589 3171 5661 ὁμωνυμία
3206 5590 3265 5642 τὸ
3309 5588 3552 5660 σύμπαν,
3592 5588 3683 5640 ού-
