4054 6332
296 396 370 454 69
1429 393 1809 452 ADVERSUS
1848 393 2254 454 NESTORIUM
2293 394 2422 452 LIB.
2465 389 2535 451 Il.
3511 394 3586 453 7ο

296 520 409 587 δέν,
435 517 517 582 εῐς
553 534 618 588 γε
656 515 719 571 τὸ
754 515 868 572 δεῖν
905 514 1002 571 ἕνα
1034 515 1274 573 νοεῖσθαι
1318 517 1578 590 Χριστὸν,
1617 518 1714 571 καὶ
1744 517 1889 585 Υίὸν,

1996 526 2053 575 et
2082 519 2225 575 citra
2252 518 2646 574 dubitationem
2671 522 2833 571 erunt
2863 510 3091 580 Christi,
3134 520 3189 568 et
3218 508 3368 577 Filii,
3400 519 3453 567 et
3478 511 3583 569 Do-

299 611 396 666 καὶ
427 608 655 681 Κύριον,
687 609 959 680 τέμνοντα
987 607 1113 680 δίχα
1151 606 1248 661 τοῦ
1292 610 1389 664 καὶ
1424 609 1596 675 αύτάς
1637 609 1885 679 ἀλλήλων

297 701 398 765 τὰς
436 700 767 763 ὑποστάσεις
791 700 1095 770 ἁποφοιτᾷν
1118 713 1131 728 '
1159 699 1256 753 καὶ
1282 700 1364 763 είς
1394 699 1569 773 ίδικὴν
1596 701 1892 771 ἑτερότητα

299 792 412 845 τῶν
452 791 761 863 προσώπων
806 790 1231 862 διεσταλμένων.
1274 791 1528 862 Ἐμφανῆ
1563 792 1673 861 γὰρ
1699 792 1891 864 ὥσπερ

303 888 440 955 ἡμῖν
489 884 758 949 καθιστὰς
800 886 900 955 τῆς
946 885 1178 955 ἐνούσης
1227 884 1378 956 αὐτῷ
1426 885 1735 957 δυσμαθίας
1791 886 1891 959 τὴν

304 977 554 1049 δύναμιν,
592 976 938 1050 προσεπάγει
965 977 1060 1031 καί
1092 992 1279 1048 φησιν·

1994 609 2150 666 mini.
2201 609 2349 664 Dixit
2390 610 2536 665 enim
2586 607 2790 665 Christi
2837 621 3035 663 nomen
3078 619 3465 674 nonnunquam
3518 604 3585 658 de

1994 701 2111 772 ipsa
2154 700 2455 764 divinitate,
2505 712 2894 767 nonnunquam
2949 698 3019 754 de
3071 695 3437 760 humanitate,
3492 703 3583 748 aut

1992 792 2160 847 etiam
2193 791 2261 846 de
2294 800 2525 861 utroque
2572 790 3003 867 intelligendum.
3047 785 3106 843 In
3143 786 3456 843 universum
3486 801 3559 839 au

1994 893 2103 938 tem
2131 882 2265 937 nihil
2292 882 2623 937 dividentem
2653 882 2855 953 juverit
2875 881 3116 949 ejusdem
3148 880 3384 936 nominis
3411 880 3583 949 tequi-

1990 976 2206 1031 voeatio
2231 976 2285 1030 in
2309 977 2435 1040 hoc,
2465 982 2524 1029 ut
2553 990 2694 1030 unus
2726 974 2980 1033 Christus
3010 972 3369 1043 intelligatur.
3392 982 3448 1027 et
3494 971 3582 1026 Fi-

305 1074 429 1135 lius.
464 1085 521 1128 et
545 1072 829 1139 Dominus,
859 1073 1073 1129 etiamsi
1119 1074 1250 1143 ipsa:
1311 1074 1635 1145 bypostases
1689 1071 1924 1129 invicem
1958 1072 2223 1143 sejuncta:
2286 1089 2395 1127 non
2433 1072 2564 1135 sint,
2605 1085 2670 1127 ac
2715 1085 2961 1141 personae
3005 1071 3224 1140 propria
3269 1069 3584 1125 diversitate

306 1165 600 1221 distinctae.
633 1161 706 1219 Ut
733 1164 877 1218 enim
908 1179 1022 1220 suae
1049 1166 1207 1221 nobis
1243 1166 1531 1236 imperitia
1560 1168 1669 1220 vim
1699 1170 1976 1235 ostendat,
2004 1166 2250 1236 adiungit
2277 1176 2332 1221 et
2358 1168 2434 1220 ait
2471 1184 2484 1221 :

377 1257 573 1331 [Ὅταν
608 1252 760 1331 οῦνή
792 1257 910 1313 θεία
933 1258 1125 1331 Γραφη
1160 1259 1329 1331 μέλλῃ
1349 1259 1609 1331 λέγειν,ἢ
1644 1261 1897 1332 γέννησιν

305 1350 398 1405 τοῦ
432 1348 670 1423 Χριστοῦ
713 1350 809 1422 τὴν
839 1351 904 1404 ἐκ
935 1351 1037 1422 τῆς
1067 1351 1341 1423 μακαρίας
1374 1352 1678 1425 Παρθένου,
1726 1352 1759 1424 ἢ
1792 1352 1893 1406 θά-

305 1460 485 1509 νατον,
512 1440 751 1512 οὐδαμοῦ
793 1442 1043 1511 φαίνεται
1070 1443 1287 1499 τιθεῖσα
1307 1482 1324 1508 ,
1363 1442 1519 1510 Θεὸς,
1549 1444 1724 1516 ἀλλ’ἢ
1758 1446 1895 1516 Χρι-

308 1536 452 1600 στὸς,
486 1534 522 1604 ἢ
552 1534 701 1599 Υἱὸς,
726 1534 761 1606 ἢ
796 1533 1022 1604 Κύριος.
1061 1535 1286 1604 Ἐπειδὴ
1313 1536 1490 1590 ταῦτα
1521 1535 1591 1590 τά
1618 1537 1749 1609 τρία
1775 1538 1889 1592 τῶν

303 1628 399 1681 δύο
435 1627 653 1698 φύσεών
688 1629 796 1681 εἰσι
828 1628 1146 1699 σημαντικά
1169 1643 1182 1658 °
1208 1629 1341 1683 ποτὲ
1371 1630 1471 1701 μὲν
1498 1629 1727 1702 ταύτης,
1751 1631 1885 1685 ποτέ

304 1723 350 1776 δ’
389 1723 632 1794 ἐκείνης,
679 1722 813 1775 ποτὲ
840 1722 898 1777 δὲ
930 1724 1136 1795 ταύτης
1174 1725 1466 1797 κάκείνηςο
1498 1723 1611 1783 οἷόν
1645 1744 1698 1781 τι
1730 1728 1893 1798 λέγω,

304 1817 434 1869 ὅταν
464 1816 564 1886 τὴν
593 1814 655 1880 ἐξ
692 1815 923 1887 ούρανοῦ
952 1816 1210 1888 γέννησιν
1244 1819 1378 1889 ἡμῖν
1405 1820 1440 1890 ή
1470 1818 1662 1891 Γραφὴ
1705 1820 1897 1892 διηγῆ-

2071 1260 2336 1335 [Νεετοιι.
2380 1260 2484 1317 Ubi
2506 1261 2670 1332 igitur
2701 1275 2871 1316 sacrae
2893 1258 3110 1315 Littera:
3135 1260 3218 1316 vel
3245 1260 3583 1316 nativitatem

1997 1353 2203 1411 Christi
2238 1355 2304 1410 de
2332 1353 2489 1410 beata
2513 1353 2741 1425 Virgine
2768 1363 2864 1408 aut
2893 1352 3010 1423 ejus
3033 1361 3261 1409 mortem
3282 1360 3582 1421 exponunt,

1996 1464 2259 1519 nusquam
2278 1457 2483 1518 ponunt
2500 1447 2691 1513 Deum,
2715 1447 2810 1502 sed
2830 1446 2914 1502 vel
2934 1447 3237 1512 Christum,
3257 1448 3338 1501 vel
3363 1446 3580 1513 Filium,

1998 1540 2080 1596 vel
2100 1540 2418 1607 Dominum;
2447 1556 2570 1594 nam
2593 1541 2706 1594 haec
2726 1539 2829 1593 tria
2852 1539 2988 1593 duas
3009 1547 3233 1592 naturas
3252 1536 3581 1609 signiﬁcant,

1994 1648 2136 1689 nunc
2176 1632 2340 1698 hanc,
2392 1646 2538 1687 nunc
2591 1630 2768 1696 illam;
2818 1644 2962 1684 nunc
2999 1637 3055 1683 et
3100 1632 3240 1684 hanc
3281 1639 3337 1683 et
3386 1627 3531 1682 illam
3562 1645 3578 1659 ο

1998 1724 2149 1778 verbi
2174 1724 2369 1793 gratia,
2394 1738 2516 1778 cum
2540 1723 2689 1777 illam
2714 1738 2745 1777 e
2768 1721 2905 1777 cmlo
2929 1721 3268 1776 nativitatem
3301 1719 3581 1790 Scriptura

1999 1815 2155 1871 nobis
2168 1815 2410 1886 imponit,
2430 1814 2561 1884 quid
2579 1814 2696 1869 ait?
2713 1813 2859 1868 Misit
2888 1813 3029 1869 Deus
3043 1811 3238 1867 Filium
3257 1827 3411 1866 suum
3437 1830 3452 1879 ;
3474 1827 3581 1865 non

306 1926 418 1972 ται,
455 1907 507 1961 τί
538 1907 722 1976 λέγεις
764 1908 1177 1976 Ἐξαπέστειλεν
1204 1911 1232 1963 ό
1263 1909 1395 1975 Θεὸς
1422 1911 1516 1965 τὸν
1549 1913 1678 1966 Υίὸν
1705 1912 1889 1966 αὑτοῦ.

1997 1918 2175 1963 autem
2206 1924 2223 1961 :
2261 1906 2411 1962 Misit
2438 1907 2576 1962 Deus
2592 1907 2756 1961 Deum
2793 1903 3052 1971 Verbum,
3083 1904 3177 1959 sed
3203 1918 3401 1959 nomen
3418 1905 3585 1958 sumit

308 1998 424 2054 Οῦκ
445 1995 619 2066 εἶπεν,
640 2000 1052 2066 Ἐξαπέστειλεν
1073 2003 1100 2053 ὁ
1116 2001 1249 2066 Θεὸς
1272 2001 1366 2055 τὸν
1390 2001 1522 2056 Θεὸν
1543 2003 1737 2073 Λόγον·
1761 2003 1898 2058 ἀλλὰ

307 2090 574 2162 λαμϐάνει
610 2091 674 2144 τὸ
717 2092 887 2161 ὄνομα
918 2091 979 2144 τὸ
1017 2092 1224 2162 μηνύον
1261 2093 1363 2156 τὰς
1414 2093 1608 2163 φύσεις
1641 2094 1744 2158 τὰς
1779 2096 1893 2150 δύο.

320 2183 538 2255 Ἐπειδὴ
569 2183 678 2254 γὰρ
706 2185 734 2236 ὁ
762 2184 895 2248 Υίὸς
926 2183 1214 2253 ἅνθρωπός
1242 2185 1359 2238 ἐστι
1391 2186 1486 2239 καὶ
1519 2185 1672 2251 Θεὸς,
1707 2185 1855 2256 λέγει
1881 2203 1895 2217 ·

312 2289 331 2323 ι
372 2272 781 2340 Ἐξαπέστειλεν
805 2274 896 2327 τὸν
945 2273 1074 2326 Υἱὸν
1118 2273 1285 2327 αὐτοῦ
1331 2274 1675 2346 γεννώμενον
1701 2277 1765 2329 ἐκ
1795 2294 1896 2346 γυ-

308 2365 528 2427 ναικόςο
560 2384 579 2417 ι
614 2364 707 2418 ἵνα
753 2364 880 2418 ὅταν
925 2362 1167 2435 ἀκούσῃς
1206 2364 1269 2418 τὸ
1316 2363 1656 2434 γεννώμενον
1688 2366 1754 2418 ἐκ
1792 2383 1895 2434 γυι·

308 2452 517 2518 ναικὸς,
541 2447 661 2506 εἶτα
684 2453 798 2526 ἴδῃς
823 2453 886 2506 τὸ
909 2452 1077 2523 ὄνομα
1102 2453 1460 2525 προκείμενον
1480 2454 1542 2508 τὸ
1568 2456 1773 2525 μηνῦον
1796 2456 1897 2520 τὰς

310 2545 497 2615 φύσεις
531 2544 633 2609 τὰς
657 2545 770 2612 δύο,
804 2545 891 2598 ἴνα
923 2545 1021 2618 τὴν
1053 2545 1308 2617 γέννησιν
1346 2549 1448 2616 τὴν
1481 2548 1546 2599 ὲκ
1575 2548 1673 2617 τῆς
1716 2564 1896 2618 μακα-

313 2636 433 2707 ρίας
464 2636 765 2708 Παρθένου,
796 2636 927 2690 Υἰοῦ
962 2637 1084 2707 μὲν,
1101 2636 1275 2708 καλῇς
1295 2653 1308 2667 ·
1340 2636 1468 2690 Υἱὸν
1497 2636 1607 2707 γὰρ
1632 2637 1893 2708 ἐγέννησε

308 2727 445 2781 Θεοῦ
502 2729 599 2782 καὶ
626 2730 660 2799 ἠ
692 2728 1056 2799 Χριστοτόκος
1083 2727 1378 2800 Παρθένος.
1418 2727 1559 2780 Ἀλλ’
1587 2728 1884 2799 ἐπειδήπερ

2001 1998 2142 2070 quod
2169 1999 2305 2054 duas
2332 2008 2555 2054 naturas
2583 1999 2950 2053 indicalznam
2971 1998 3095 2067 quia
3126 1995 3291 2050 Filius
3317 1996 3478 2049 homo
3496 2003 3583 2048 est

1999 2106 2063 2147 ac
2096 2091 2261 2157 Dens,
2294 2092 2509 2161 inquit:
2534 2109 2553 2143 ι
2591 2090 2947 2146 MisitFilinm
2977 2105 3135 2144 suum
3169 2098 3353 2144 natum
3382 2104 3448 2142 ex
3465 2101 3583 2141 mu-

1997 2182 2132 2239 liere
2157 2183 2238 2249 ⁹³;
2264 2201 2283 2235 ›
2308 2193 2505 2238 utcum
2534 2183 2796 2251 audieris,
2829 2193 3014 2252 natum
3039 2196 3105 2236 ex
3134 2180 3377 2243 muliere,
3403 2179 3580 2233 conti-

1998 2288 2106 2330 nuo
2125 2272 2311 2327 videas
2328 2273 2671 2342 praepositum
2698 2286 2893 2327 nomen
2913 2270 3058 2341 quod
3090 2270 3226 2325 duas
3256 2278 3480 2323 naturas
3501 2270 3583 2323 in-

1999 2364 2167 2428 dicat,
2201 2372 2259 2417 ut
2292 2363 2631 2418 nativitatem
2665 2376 2731 2418 ex
2762 2363 2918 2418 beata
2953 2360 3173 2433 Virgine
3196 2361 3316 2415 Filii
3351 2376 3471 2415 esse
3500 2361 3583 2414 di-

1998 2468 2115 2520 cas;
2136 2468 2259 2508 nam
2288 2454 2381 2509 Dei
2407 2453 2602 2509 Filium
2625 2453 2991 2522 genuitetiam
3014 2453 3104 2508 illa
3126 2452 3329 2509 Christi
3347 2452 3581 2520 genitrix

2000 2546 2182 2617 Virgo.
2216 2546 2323 2602 Sed
2347 2547 2473 2617 quia
2501 2545 2596 2603 Dei
2619 2546 2793 2603 Filius
2807 2546 3002 2618 duplex
3036 2555 3121 2602 est
3165 2546 3459 2602 secundum
3487 2562 3582 2600 na-

1998 2643 2175 2702 turas,
2201 2638 2389 2706 genuit
2428 2636 2846 2702 humanitatem,
2877 2652 2998 2708 qute
3047 2636 3321 2693 est‘lllius
3362 2648 3583 2708 propter

1994 2729 2338 2799 conjunctum
2372 2729 2473 2784 sibi
2510 2728 2759 2803 Filium.)

306 2820 336 2871 ὁ
373 2819 496 2883 Υἱὸς
522 2820 618 2874 τοῦ
647 2820 782 2873 Θεοῦ
806 2821 1026 2884 διπλοῦς
1052 2822 1169 2874 ἐστι
1202 2820 1304 2884 τὰς
1326 2820 1539 2889 φύσεις,
1565 2820 1823 2890 ἐγέννησε
1852 2819 1973 2890 [ούκ
2007 2820 2289 2893 ἐγέννησε]
2326 2820 2425 2893 μὲν
2454 2821 2546 2876 τὸν
2575 2821 2704 2877 Υἱὸν
2744 2820 2841 2873 τοῦ
2871 2818 3030 2887 Θεοῦ,
3051 2819 3168 2874 ἀλλ’
3196 2820 3452 2892 ἐγέννησε
3480 2820 3580 2893 τὴν

306 2912 723 2987 ἀνθρωπὰητα,
742 2916 863 2987 ἥτις
891 2916 1043 2969 ἐστὶν
1064 2915 1201 2983 υίὸς,
1227 2915 1315 2971 διὰ
1341 2915 1433 2970 τὸν
1461 2914 1805 2989 συνημμένον
1827 2914 2002 2987 Υίόν.]

917 3056 1170 3111 ΚΕΦΑΛ.
1204 3057 1280 3113 B'.

391 3188 530 3242 ‘AD.’
565 3188 725 3259 ἡμεῖς
752 3204 837 3256 γε,
877 3181 922 3241 ὦ
951 3188 1088 3252 ’τᾶν,
1111 3189 1162 3244 οἱ
1194 3189 1302 3243 τῶν
1336 3188 1445 3243 σῶν
1481 3191 1891 3264 τερετισμάτων

304 3279 376 3332 τὰ
412 3277 623 3348 ἀμείνω
654 3279 872 3348 φρονεῖν
902 3278 1232 3347 ἐγνωκότες·
1265 3280 1362 3333 καὶ
1393 3279 1495 3350 τῆς
1527 3280 1890 3335 θεοπνεύστου

306 3370 534 3439 Γραφῆς
579 3369 992 3439 ίχνηλατοῦντες
1031 3370 1123 3425 τὸν
1154 3370 1358 3442 κόσμον
1388 3370 1498 3443 [ἵσ.
1527 3371 1771 3444 σκοπὸν],
1797 3372 1893 3426 ’ἐνα

305 3460 576 3530 λεγούσης
616 3460 709 3514 τὸν
743 3459 964 3531 Πατέρα
999 3461 1092 3515 καὶ
1116 3460 1248 3516 Θεὸν
1288 3460 1348 3526 ἐξ
1377 3454 1439 3515 οῦ
1464 3461 1534 3516 τὰ
1568 3464 1767 3530 πάντα,
1800 3465 1895 3517 καὶ

305 3555 403 3607 ἕνα
445 3553 648 3625 Κύριον
680 3552 889 3624 Ἰησοῦν
934 3551 1191 3623 Χριστὸν,
1223 3552 1290 3607 δι’
1319 3546 1381 3608 οὗ
1413 3553 1482 3608 τὰ
1520 3554 1699 3608 πάντα
1744 3572 1891 3626 παρ-

305 3646 449 3717 ήχθη
500 3644 637 3717 πρὸς
682 3644 919 3713 γένεσιν,
964 3644 1093 3698 ὃταν
1135 3642 1459 3715 ἀκούσωμεν
1487 3645 1554 3698 ἐκ
1597 3645 1695 3717 τῆς
1727 3646 1892 3715 ἁγίας

306 3736 584 3808 Παρθένου
635 3734 995 3807 γεγεννῆσθαι
1046 3734 1310 3806 Χριστὸν,
1352 3736 1475 3789 τότε
1507 3735 1593 3807 δὴ,
1627 3736 1749 3789 τότε
1796 3741 1892 3790 καὶ

307 3829 457 3898 μάλα
504 3829 823 3899 ἐμφρόνως,
854 3826 949 3881 καὶ
984 3828 1106 3880 κατ’
1134 3825 1264 3879 εὐθὺ
1301 3826 1402 3899 τῆς
1448 3826 1707 3898 ἀληθείας
1751 3828 1890 3882 ἰέναι

309 3920 727 3985 σπουδάζοντες,
762 3919 855 3973 τὸν
882 3920 947 3972 ἐκ
976 3917 1112 3972 Θεοῦ
1144 3918 1357 3989 Πατρὸς
1393 3917 1569 3988 φύντα
1596 3918 1768 3988 Λόγον
1805 3921 1892 3972 ὲν-

306 4011 666 4084 ανθρωπῆσαί
711 4011 778 4082 γέ
823 4027 1025 4082 φαμεν,
1081 4010 1177 4064 καὶ
1224 4010 1493 4081 ένωθῆναι
1557 4012 1735 4082 σαρκὶΓ
1766 4012 1890 4066 καθ’

307 4106 627 4170 ὑπόστασιν,
657 4103 982 4175 γεννηθῆναι
1010 4121 1070 4158 τε
1099 4103 1240 4158 κατὰ
1280 4104 1459 4174 σάρκα
1478 4119 1493 4135 ·
1523 4105 1620 4159 καὶ
1657 4104 1756 4176 τῆς
1791 4105 1892 4176 σῆς

306 4200 387 4262 είς
418 4196 577 4251 τοῦτο
601 4196 888 4268 τερθρειας
916 4196 1015 4251 οὐκ
1048 4193 1349 4266 ἀνεξόμεθα
1370 4212 1386 4227 ·
1417 4196 1499 4250 ἐνὶ
1528 4195 1584 4248 δὲ
1616 4195 1711 4248 καὶ
1743 4196 1890 4267 μόνῳ

303 4290 385 4359 τῷ
433 4288 575 4343 κατὰ
619 4287 780 4358 φύσιν
814 4286 928 4359 Tit?)
971 4286 1033 4340 τὸ
1073 4286 1307 4359 Χριστὸς
1340 4285 1512 4356 ὄνομα
1555 4287 1891 4359 προσνεμοῦ-

310 4399 433 4453 μεν,
460 4380 685 4442 εἰκότως
705 4397 719 4410 ⁸
750 4380 1061 4450 γεννήσεως
1084 4378 1515 4450 ὀνομαζομένης,
1542 4378 1644 4450 τῆς
1673 4380 1761 4434 διὰ
1789 4381 1889 4452 τῆς

304 4473 469 4541 ἁγίας
496 4470 800 4542 Παρθένου.
833 4469 1001 4523 Κοινὰ
1032 4469 1133 4540 μὲν
1164 4470 1295 4542 γὰρ,
1323 4471 1399 4534 ώς
1427 4469 1587 4541 ἔφην,
1619 4470 1767 4543 αὐτῷ
1796 4473 1890 4526 καὶ

2666 3051 2818 3109 CAP.
2861 3052 2924 3108 ll.

2064 3190 2137 3244 ‘At
2167 3204 2268 3246 nos
2309 3198 2477 3254 certe,
2508 3203 2542 3243 ο
2583 3188 2664 3243 vir
2710 3189 2938 3259 optime,
2985 3188 3076 3258 qui
3110 3186 3215 3242 tuis
3264 3187 3422 3255 nugis
3464 3202 3578 3242 me-

1994 3281 2130 3336 liora
2165 3280 2369 3336 sentire
2401 3280 2762 3346 decrevimus,
2805 3286 2860 3333 et
2903 3278 3206 3331 divinarum
3249 3274 3580 3332 Litterarum

1995 3372 2331 3444 propositum
2373 3373 2825 3442 pervestigamus,
2875 3383 2997 3439 quae
3047 3368 3236 3423 dicunt
3270 3383 3436 3423 unum
3480 3367 3580 3422 Pa—

1996 3472 2133 3518 trem
2165 3470 2221 3517 et
2267 3464 2436 3520 Deum
2477 3476 2544 3518 ex
2596 3477 2705 3531 quo
2749 3461 2954 3525 omnia,
2983 3469 3038 3516 et
3081 3476 3247 3515 unum
3293 3462 3580 3517 Dominum

1992 3552 2177 3621 Jesum
2226 3552 2523 3617 Christum,
2568 3565 2682 3621 per
2712 3565 2873 3620 quem
2908 3549 3091 3604 omnia
3134 3558 3194 3605 nt
3235 3560 3417 3605 essent
3455 3566 3579 3620 pro-

1993 3647 2154 3702 ducta
2192 3644 2407 3712 sunt“,
2436 3659 2560 3702 cum
2603 3644 2856 3700 audimus
2901 3658 2966 3699 ex
2994 3643 3103 3715 37
3131 3652 3322 3699 sancta
3359 3643 3580 3715 Virgine

1992 3748 2180 3794 natum
2215 3751 2337 3792 esse
2360 3735 2661 3800 Christum,
2691 3734 2834 3790 illico
2860 3734 3155 3805 prudenter
3186 3735 3476 3790 admodum
3510 3742 3579 3803 et

1994 3841 2145 3887 recto
2196 3830 2263 3885 ad
2306 3830 2593 3885 veritatem
2640 3829 2836 3884 itinere
2880 3834 3258 3899 properantes,
3324 3826 3455 3881 illud
3507 3840 3575 3880 ex

1991 3921 2105 3979 Deo
2125 3920 2294 3978 Patre
2321 3931 2506 3977 natum
2533 3920 2764 3976 Verbum
2789 3920 3061 3975 hominem
3086 3920 3289 3977 factum
3316 3919 3574 3987 dicimus,

1990 4022 2046 4067 et
2091 4014 2303 4067 unitum
2352 4012 2504 4066 carni
2553 4010 2851 4067 secundum
2898 4009 3257 4082 hypostasim,
3286 4018 3343 4066 et
3388 4019 3574 4071 natum

1992 4101 2290 4159 secundum
2329 4116 2575 4168 carnem,
2628 4111 2685 4157 et
2732 4110 2850 4156 tuas
2900 4101 2955 4155 in
3007 4101 3111 4156 bac
3166 4114 3228 4156 re
3273 4101 3577 4173 praestigias

1998 4193 2149 4249 nullo
2204 4192 2367 4249 modo
2412 4192 2683 4263 patiemur
2711 4210 2727 4247 :
2755 4192 2851 4248 sed
2894 4190 2989 4247 uni
3034 4200 3092 4246 et
3137 4191 3238 4246 soli
3276 4193 3576 4247 secundum

1991 4296 2242 4342 naturam
2277 4284 2419 4341 Filio
2444 4285 2648 4342 Christi
2683 4299 2879 4341 nomen
2907 4284 3207 4340 tribuemus
3236 4301 3252 4346 ;
3276 4293 3332 4340 et
3358 4283 3575 4354 quidem

1987 4379 2135 4451 jure,
2164 4394 2286 4434 cum
2313 4379 2401 4433 illa
2429 4393 2527 4449 per
2555 4389 2799 4434 sanctam
2830 4375 3109 4449 Virginem
3136 4376 3325 4443 editio,
3351 4390 3578 4445 genera-

1991 4473 2067 4527 tio
2099 4482 2485 4541 nuncupetur..
2511 4470 2836 4525 Communia
2886 4484 3122 4539 namque
3164 4480 3294 4525 sunt
3339 4468 3415 4524 illi
3449 4484 3573 4523 cuiu

305 4564 514 4634 ἑτέροις
558 4555 670 4615 εἷεν
698 4562 766 4615 ἂν
798 4560 870 4613 τὰ
911 4560 1089 4613 τοιάδε
1129 4560 1238 4615 τῶν
1273 4560 1555 4632 ὀνομάτων
1592 4561 1888 4632 ὁμολογου-

1995 4565 2119 4620 aliis
2146 4578 2384 4634 quoque,
2412 4572 2471 4618 ut
2493 4562 2629 4628 dixi,
2660 4560 2926 4632 ejusmodi
2966 4560 3208 4618 nomina.
3239 4559 3393 4615 Multi
3428 4575 3576 4615 nam-

309 4655 508 4725 μένως.
548 4653 743 4706 Πολλοὶ
781 4651 891 4723 γὰρ
930 4653 1038 4705 υἱοὶ
1070 4653 1213 4706 κατὰ
1256 4653 1438 4724 χάριν,
1475 4653 1569 4707 καὶ
1610 4652 1744 4719 θεοὶ,
1792 4654 1887 4706 καὶ

305 4748 507 4817 κύριοι,
538 4746 597 4799 έν
623 4762 684 4798 τε
726 4744 941 4816 οὐρανῷ
990 4747 1085 4798 καὶ
1117 4745 1211 4798 ἐπὶ
1242 4746 1344 4816 τῆς
1379 4747 1503 4816 γῆς,
1537 4746 1682 4799 καθά
1726 4747 1819 4801 καὶ
1859 4749 1887 4800 ὁ

305 4839 593 4902 θεσπέσιος
618 4839 751 4908 ἡμῖν
776 4837 978 4906 γράφει
1017 4836 1251 4901 Παῦλος,
1293 4837 1433 4907 πλὴν
1463 4837 1540 4900 ὡς
1579 4841 1638 4893 ἐν
1670 4838 1887 4909 μεθέξει

304 4931 401 4985 τοῦ
427 4930 569 4985 κατὰ
594 4930 774 4999 φύσιν,
803 4930 896 4982 καὶ
924 4928 1066 4982 κατὰ
1097 4931 1349 5000 μίμησιν.
1376 4929 1449 4981 Τὸ
1478 4928 1535 4981 δέ
1564 4946 1629 4997 γε
1653 4930 1885 5001 Χριστὸς

305 5022 477 5093 ὄνομά
503 5039 562 5074 τε
596 5022 688 5074 καὶ
715 5021 927 5092 χρῆμα,
959 5020 1161 5091 πρέποι
1205 5019 1271 5072 ἂν
1315 5018 1435 5073 κατ’
1462 5018 1653 5072 οὐδένα
1683 5020 1885 5090 τρόπον

304 5112 384 5182 τῷ
423 5116 488 5166 ἐκ
528 5112 739 5183 Πατρὸς
780 5112 894 5165 ὄντι
924 5111 1084 5182 Λόγῳ
1132 5109 1344 5181 γυμνῷ,
1388 5111 1483 5165 καὶ
1521 5111 1642 5164 καθ’
1670 5112 1880 5176 ἑαυτὸν,

307 5209 403 5261 καὶ
424 5205 527 5269 ἔξω
552 5204 751 5276 σαρκὸς
772 5203 908 5274 πρὸς
928 5202 1084 5274 ἡμῶν
1105 5203 1398 5273 νοουμένῳ.
1424 5203 1487 5255 Ei
1508 5203 1565 5256 δὲ
1584 5203 1649 5274 δὴ
1672 5202 1880 5271 λέγοιτο

306 5296 542 5352 κενῶσαί
576 5313 636 5349 τε
668 5295 881 5361 ἑαυτὸν,
909 5295 1004 5348 καὶ
1039 5296 1097 5347 ἐν
1126 5296 1191 5365 τῇ
1220 5293 1313 5347 τοῦ
1346 5294 1531 5347 δούλου
1559 5295 1879 5359 καθικέσθαι

310 5392 518 5461 μορφῇ,
547 5389 640 5441 καὶ
678 5386 798 5440 καθ’
836 5388 985 5457 ἡμᾶς
1024 5386 1275 5454 γενέσθαι
1303 5384 1393 5438 διὰ
1423 5386 1521 5452 τὴν
1562 5384 1763 5455 σάρκα,
1792 5401 1882 5437 κε-

307 5486 567 5556 κλήσεται
596 5482 689 5535 καὶ
718 5480 903 5545 αὐτὸς,
921 5480 1011 5535 διά
1051 5496 1132 5532 τοι
1171 5478 1234 5531 τὸ
1266 5477 1574 5550 κεκρίσθαι,
1615 5478 1878 5549 Χριστός·

306 5578 367 5630 οὐ
402 5576 511 5647 γάρ
540 5576 825 5644 κέχρισται
857 5572 977 5625 κατ’
1007 5570 1144 5625 ἰδίαν
1177 5570 1339 5639 φύσιν
1368 5569 1498 5632 Θεὸς
1523 5568 1599 5623 ὢν
1626 5570 1654 5623 ὁ
1677 5569 1846 5636 Λόγος
1868 5585 1881 5599 ο

304 5664 496 5733 γέγονε
523 5663 580 5717 δὲ
606 5662 807 5734 μᾶλλον
834 5663 867 5734 ἡ
897 5661 1075 5733 χρίσις
1099 5659 1249 5731 αὐτῷ
1279 5662 1407 5731 περὶ
1427 5660 1489 5713 τὸ
1521 5658 1881 5741 ἀνθρώπινον.

1997 4671 2102 4726 que
2146 4655 2241 4710 lilii
2288 4655 2591 4711 secundum
2648 4655 2901 4722 gratiam,
2939 4662 2994 4708 et
3034 4653 3130 4719 dii,
3160 4662 3217 4708 et
3264 4651 3469 4707 domini
3517 4651 3571 4705 in

1994 4748 2140 4804 coelo
2171 4756 2227 4803 et
2270 4748 2322 4802 in
2373 4759 2542 4810 terra,
2578 4755 2638 4801 ut
2667 4747 2859 4801 beatus
2903 4745 3105 4801 Paulus
3142 4744 3421 4809 scribit",
3474 4746 3571 4799 sed

1993 4839 2113 4907 ejus
2147 4840 2562 4911 participatione
2591 4849 2754 4909 atque
2790 4839 3113 4905 imitatione,
3150 4838 3242 4909 qui
3270 4838 3570 4893 secundum

1994 4940 2245 4985 naturam
2292 4931 2553 5002 ejusmodi
2599 4941 2703 4986 est.
2738 4930 2811 4984 At
2854 4945 2984 4984 vero
3022 4930 3223 4985 Christi
3266 4944 3461 4983 nomen
3504 4946 3572 4984 ac

1994 5038 2100 5087 res,
2136 5021 2314 5078 Verbo
2344 5023 2418 5076 illi
2454 5037 2518 5078 ex
2548 5022 2709 5077 Patre
2738 5022 3043 5082 exsistenti,
3076 5036 3140 5075 ac
3176 5019 3320 5074 nudo
3343 5030 3396 5072 et
3418 5035 3570 5073 seor-

1990 5113 2092 5167 sim
2120 5120 2176 5165 et
2223 5119 2374 5165 extra
2406 5126 2625 5165 carnem
2673 5112 3038 5176 considerato,
3072 5109 3219 5164 nullo
3250 5109 3409 5162 modo
3438 5123 3571 5162 con-

1992 5205 2165 5259 venit.
2217 5203 2369 5269 ρυοά
2412 5203 2457 5258 si
2510 5202 2708 5257 dicitur
2745 5202 2979 5272 seipsum
3028 5200 3357 5265 exinanisse,
3411 5209 3465 5255 et
3513 5200 3568 5254 in

1987 5296 2129 5350 servi
2173 5294 2352 5349 forma
2406 5294 2772 5360 descendisse,
2815 5304 2872 5348 et
2912 5293 3118 5349 factum
3170 5291 3341 5346 fuisse
3386 5292 3566 5346 nostri

1987 5386 2219 5442 similem
2266 5396 2491 5456 propter
2538 5401 2759 5441 carnem
2782 5388 2851 5451 ",
2883 5386 2999 5454 ipse
3043 5398 3259 5454 quoque
3296 5393 3566 5452 quatenus

1988 5490 2187 5535 unctus
2238 5487 2347 5545 est,
2371 5478 2622 5534 Christus
2644 5479 2930 5534 vocabitur
2958 5497 2973 5533 :
3002 5492 3110 5532 non
3157 5478 3301 5532 enim
3329 5475 3565 5531 Verbum

1989 5570 2133 5638 quod
2183 5567 2326 5624 Deus
2369 5578 2490 5623 erat
2513 5568 2811 5623 secundum
2853 5582 3005 5623 suam
3049 5574 3302 5623 naturam
3347 5576 3431 5620 est
3466 5582 3569 5619 un-

1992 5669 2159 5725 ctum,
2192 5659 2290 5715 sed
2322 5659 2490 5729 ipsius
2536 5659 2722 5716 unctio
2756 5659 2937 5731 potius
2988 5658 3042 5716 in
3084 5658 3321 5716 hominis
3375 5665 3572 5712 natura

383 5840 623 5897 "Galat.
658 5857 732 5906 tv,
761 5842 815 5896 4.
892 5841 979 5896 “l
1009 5840 1134 5897 Cor.
1170 5856 1288 5908 Vlll,
1317 5838 1372 5896 6.
1447 5837 1493 5873 "
1528 5838 1661 5894 lbid.
1691 5838 1744 5893 5.
1820 5835 1866 5867 ’⁸
1890 5836 2120 5908 Philipp.
2156 5852 2215 5903 ιι,
2246 5837 2298 5904 7,
2333 5838 2384 5919 8.
