4054 6332
448 390 509 448 71
1454 383 1513 439 S.
1551 381 1833 439 CYRILLI
1878 379 2354 437 ALEXANDRINI
2400 379 2722 437 ARCHIEP.
3674 380 3742 434 72

453 515 577 568 luit.
614 510 709 567 Sic
754 508 922 580 igitur
958 506 1051 564 illo
1082 517 1402 578 anlegresso
1428 506 1485 560 in
1526 520 1634 575 quo
1677 506 1862 560 unctio
1903 502 2044 560 facta

2158 504 2309 558 Οὕτω
2340 501 2635 577 τοιγαροῦν
2663 499 3106 574 προσϐεϐηκότος
3134 498 3367 564 ἐκείνου,
3399 498 3531 570 περὶ
3557 516 3619 553 ου
3651 498 3743 568 γέ-

450 613 534 659 est
576 604 724 672 (nam
770 599 889 668 eius
938 599 1156 670 propria
1199 596 1516 653 humanitas
1568 607 1653 652 est
1684 597 1735 651 in
1785 611 1891 665 qua
1939 594 2042 650 fuit

453 694 683 762 unctio),
719 708 842 746 cum
870 691 1146 747 Christum
1176 690 1328 744 illum
1354 688 1712 758 appellamus,
1744 703 1850 743 non
1893 697 1951 741 ut
1986 696 2039 741 tu

441 750 713 842 |cll'renate
753 785 1033 855 loqueris,
1092 796 1440 839 communem
1487 782 1759 837 hominem
1807 781 2043 836 aVerbo

455 877 714 940 divisum,
749 887 804 929 et
835 874 1068 930 seorsim
1101 875 1337 944 positum
1363 888 1429 926 ex
1463 882 1649 927 sancta
1684 871 1903 941 Virgine
1936 872 2044 924 edi-

456 979 569 1022 tum
624 981 899 1037 putamus,
942 968 1037 1022 sed
1088 968 1285 1036 ipsum,
1340 975 1398 1019 ut
1425 965 1557 1030 dixi,
1618 980 1683 1019 ex
1732 964 1841 1017 Deo
1880 963 2044 1017 Patre

454 1057 716 1124 Verbum,
744 1059 956 1112 unitum
999 1056 1175 1122 carui,
1210 1064 1268 1110 et
1300 1055 1422 1109 oleo
1451 1052 1833 1107 exsultatiouis
1873 1067 1903 1105 a
1935 1053 2045 1107 Deo

456 1159 512 1204 et
548 1147 714 1203 Patre
760 1140 985 1202 unctum
1022 1146 1363 1202 humanitus.
1400 1143 1572 1200 Porro
1618 1142 1713 1198 Dei
1749 1142 1910 1199 Verbi
1944 1159 2044 1195 uu-

455 1240 689 1295 ctionem
732 1239 784 1293 in
822 1237 1162 1294 humanitate
1196 1235 1395 1291 factam
1429 1235 1623 1298 fuisse,
1664 1249 1774 1303 quo
1805 1243 2048 1302 tempore

456 1330 651 1387 similis
685 1330 845 1385 nobis
887 1328 1165 1400 apparuit,
1216 1343 1388 1383 sacra:
1424 1326 1648 1381 Littera:
1678 1326 1835 1381 nobis
1859 1333 2049 1380 osten-

456 1424 604 1478 dent.
638 1419 773 1476 Cum
808 1420 952 1473 enim
986 1418 1180 1474 beatus
1205 1416 1377 1472 Jacob
1409 1426 1632 1486 paterna
1662 1414 1823 1471 domo
1843 1414 2047 1471 cedens

456 1515 512 1571 in
549 1512 992 1582 Mesopotamiam
1028 1521 1300 1581 pergeret,
1342 1519 1396 1564 et
1432 1509 1499 1564 ad
1531 1508 1716 1563 Lahan
1759 1507 2050 1561 contende-

456 1619 544 1664 ret
576 1606 856 1662 Bathuelis
886 1605 1078 1669 lilium,
1103 1604 1156 1659 in
1187 1605 1361 1658 locum
1388 1602 1677 1672 quemdam
1706 1601 2046 1671 interiectum

458 1699 730 1770 pervenit,
766 1697 950 1767 ibique
981 1697 1311 1761 diversatus,
1347 1697 1402 1749 in
1441 1694 1781 1764 suppositum
1814 1691 2047 1761 lapidem

459 1792 745 1846 inclinavit
772 1798 952 1859 caput,
986 1796 1041 1843 et
1080 1802 1331 1841 somnum
1368 1787 1543 1855 cepit;
1579 1801 1644 1841 ac
1687 1799 1783 1855 per
1809 1784 2049 1853 quietem

2150 612 2309 665 γονεν
2339 596 2373 667 ἡ
2405 596 2587 667 χρίσις
2630 593 2820 666 (αὑτοῦ
2851 594 2958 665 γὰρ
2983 594 3018 665 ὴ
3055 588 3493 663 ὲνανθρὼπησις,
3525 591 3655 662 περὶ
3680 581 3743 644 οῦ

2152 689 2378 759 γέγονεν
2402 690 2436 760 ἡ
2466 686 2693 759 χρίσις),
2720 687 2850 742 ὅταν
2867 688 2901 757 ἡ
2912 688 3003 756 μίν
3031 681 3370 755 ὀνομάζηται
3397 680 3653 753 Χριστὸς,
3678 681 3742 735 οὐ

2152 781 2296 836 κατά
2330 796 2394 849 γε
2447 780 2547 852 τὴν
2587 780 2687 851 σὴν
2727 777 3150 850 ἀθυροστομίαν,
3204 775 3490 849 ἄνθρωπον
3550 774 3741 839 ἁπλῶς

2153 872 2597 943 ὑποτοπήσομεν,
2617 870 2948 943 διῃρημένον
2976 867 3073 923 τοῦ
3095 868 3291 937 Λόγου,
3323 867 3418 921 καὶ
3443 866 3549 922 ἀνά
3577 866 3744 938 μέρος

2152 962 2426 1034 κείμενον,
2465 963 2530 1016 ὲκ
2562 965 2663 1035 τῆς
2699 962 2862 1031 ἁγίας
2894 961 3144 1031 τετέχθαι
3176 960 3475 1030 Παρθένου,
3507 959 3621 1015 ἀλλ’
3649 960 3745 1014 αὐ-

2151 1054 2265 1118 τὸν,
2293 1053 2371 1120 ὡς
2405 1052 2531 1126 ἔφη,
2564 1054 2654 1109 τὸν
2705 1055 2771 1109 ἐκ
2808 1053 2945 1109 Θεοῦ
2996 1053 3212 1124 Πατρδς
3256 1053 3429 1122 Λόγον
3471 1050 3744 1106 ένωθέντα

2155 1147 2367 1218 σαρκὶ,
2409 1146 2503 1200 καὶ
2532 1145 2611 1218 τῷ
2643 1146 2808 1218 ὲλαίῳ
2837 1146 2938 1217 τῆς
2975 1144 3352 1214 ἀγαλλιάσεως
3387 1141 3747 1214 κεχρισμένον

2152 1236 2510 1308 ἀνθρωπίνως
2549 1237 2703 1309 παρά
2735 1236 2830 1291 τοῦ
2859 1235 2995 1292 Θεοῦ
3025 1236 3121 1291 καὶ
3148 1235 3382 1308 Πατρός.
3410 1235 3531 1288 Ὀτι
3562 1233 3619 1287 δὲ
3651 1232 3746 1302 γέ-

2153 1346 2278 1399 γονε
2304 1328 2383 1400 τῷ
2406 1328 2526 1400 Θεῷ
2549 1330 2711 1402 Λόγῳ
2742 1329 2871 1401 περὶ
2906 1329 2969 1383 rb
2999 1327 3339 1400 ἀνθρώπινον
3367 1326 3400 1398 ἠ
3427 1326 3626 1398 χρίσις,
3654 1327 3746 1381 ὅτε

2156 1422 2365 1493 πέφηνε
2401 1422 2523 1476 καθ’
2549 1424 2721 1495 ἡμᾶς,
2756 1422 2899 1495 ἱερὸν
2929 1422 3081 1493 ἡμᾶς
3116 1421 3449 1476 πιστώσεται
3484 1421 3744 1493 Γράμμα.

2168 1511 2226 1567 '0
2258 1512 2357 1584 μὲν
2383 1514 2493 1586 γὰρ
2519 1514 2803 1578 θεσπέσιος
2840 1511 3055 1579 Ἰακὼϐ,
3081 1514 3181 1584 τῆς
3211 1511 3307 1566 τοῦ
3338 1512 3553 1584 Πατρός
3581 1511 3749 1567 ἀπαί-

2160 1620 2268 1675 ρων
2306 1604 2525 1669 ἑστίας,
2568 1605 2649 1668 είς
2682 1603 2784 1675 τὴν
2810 1601 2923 1656 τῶν
2966 1601 3240 1673 ποταμῶν
3273 1602 3516 1673 ὑπήγετο
3550 1602 3745 1674 μέσην,

2157 1697 2253 1750 καὶ
2288 1696 2427 1768 πρὸς
2456 1696 2644 1751 Λάϐαν
2673 1695 2759 1767 ᾔει
2785 1694 2879 1751 τὸν
2911 1695 3005 1749 τοῦ
3041 1693 3311 1766 Βαθουὴλ,
3338 1694 3419 1747 ἑνὶ
3440 1693 3498 1747 δὲ
3524 1694 3633 1748 τῶν
3660 1696 3750 1749 διὰ

2161 1788 2328 1859 μέσου
2366 1788 2582 1860 χωρίων
2611 1786 2969 1859 ἐμϐεϐληκὼς
3007 1785 3380 1858 κατηυλίςετο.
3410 1786 3521 1841 Καὶ
3562 1786 3626 1858 δὴ
3656 1787 3750 1841 καὶ

460 1900 582 1940 cum
612 1883 713 1938 sibi
742 1882 948 1937 scalam
983 1880 1169 1935 videre
1190 1881 1337 1934 visus
1366 1890 1515 1935 esset
1545 1880 1613 1934 de
1639 1877 1800 1933 terris
1832 1876 1899 1933 ad
1932 1890 2047 1931 r03-

2158 1880 2284 1952 λίθῳ
2319 1879 2421 1951 τὴν
2453 1880 2697 1951 κεφαλὴν
2730 1878 3027 1943 ὐποκλίνας
3046 1921 3061 1945 ,
3085 1880 3177 1933 τὸν
3200 1877 3368 1933 ὕπνον
3404 1878 3705 1950 εἰσδέχεται
3731 1894 3745 1907 ·

460 1977 570 2029 lum
600 1975 1021 2045 pertingentem,
1051 1972 1277 2043 angelos
1307 1982 1567 2041 praaterea
1600 1988 1696 2041 per
1719 1985 1839 2026 eam
1866 1985 2051 2023 ascen-

461 2071 651 2122 dentes
680 2083 745 2123 ae
790 2066 1205 2130 descendentes,
1262 2065 1620 2134 innixamque
1654 2078 1818 2133 super
1841 2078 1902 2118 ea
1945 2061 2050 2117 Do-

464 2163 712 2227 minum,
777 2162 1065 2215 admodum
1120 2159 1387 2215 visionem
1442 2170 1529 2214 est
1597 2158 1939 2221 admiratus,
1996 2164 2054 2210 et

463 2265 747 2323 acceptum
793 2253 1028 2322 lapidem
1081 2268 1179 2321 pro
1231 2252 1392 2306 titulo
1441 2251 1657 2316 statuit,
1716 2262 1772 2307 et
1825 2251 1882 2305 in
1934 2250 2053 2320 eius

462 2357 767 2401 extremum
813 2344 1010 2400 inludit
1050 2344 1229 2399 oleum
1253 2343 1322 2399 ’⁷.
1355 2342 1473 2399 Jam
1513 2344 1579 2411 .in
1628 2344 1714 2398 his
1761 2342 2052 2398 considera

462 2437 750 2493 Dominum
792 2447 1034 2493 nostrum
1066 2434 1251 2492 Jesum
1281 2436 1561 2491 Christum
1606 2434 1757 2490 illum
1804 2450 1970 2489 unum
2000 2442 2055 2491 et

463 2531 637 2585 solum
683 2539 739 2585 et
780 2544 911 2585 vere
945 2528 1164 2593 Filium,
1211 2528 1366 2597 quasi
1391 2526 1503 2599 38
1531 2527 1761 2596 lapidem
1811 2538 2053 2583 erectum

465 2624 520 2677 in
569 2622 830 2677 titulum:
875 2621 920 2675 is
965 2620 1111 2675 enim
1161 2630 1246 2675 est
1295 2620 1432 2690 lapis
1468 2620 1699 2686 electus,
1755 2619 2054 2688 angularis,

465 2716 755 2785 pretiosus,
810 2713 864 2767 in
915 2721 1078 2783 caput
1116 2711 1322 2782 anguli,
1369 2722 1426 2767 et
1474 2726 1503 2764 a
1539 2711 1649 2765 Deo
1692 2721 1748 2766 et
1789 2709 1953 2765 Patre
1999 2711 2053 2765 in

468 2807 823 2861 fundamenta
852 2803 982 2858 Sion
1018 2804 1226 2872 positus
1249 2802 1318 2857 ’⁸.
1351 2802 1433 2857 Ad
1466 2803 1603 2869 haec,
1642 2803 1860 2859 modum
1887 2801 2056 2861 etiam

467 2898 627 2952 velim
662 2895 944 2966 inspicias,
975 2909 1082 2965 quo
1110 2894 1182 2949 sit
1219 2902 1421 2949 unctus
1450 2911 1464 2947 :
1498 2909 1604 2948 non
1644 2894 1790 2947 enim
1819 2892 1938 2947 oleo
1974 2902 2057 2947 to-

470 2997 581 3038 tum
609 2985 845 3053 undique
881 2982 1114 3053 lapidem
1148 2984 1343 3038 beatus
1377 2982 1546 3039 Jacob
1576 2983 1842 3053 irrigavit,
1868 2982 1960 3038 sed
2003 2982 2057 3037 in

469 3077 614 3131 illius
640 3084 949 3130 extremum
980 3073 1199 3130 infudit.
1229 3072 1422 3144 Igitur,
1456 3084 1515 3127 ut
1545 3075 1617 3128 ita
1651 3074 1919 3135 dicamus,
1948 3088 2055 3127 non

471 3179 615 3224 totus
641 3168 731 3225 ille
759 3165 1104 3237 Unigenitus,
1135 3180 1313 3235 neque
1341 3165 1395 3221 in
1430 3180 1527 3221 sua
1561 3166 1676 3236 ipse
1705 3176 1919 3233 natura,
1951 3179 2055 3234 qua

2151 1972 2404 2045 κλίμακά
2429 1990 2490 2027 τε
2531 1974 2895 2044 τεθεαμένος,
2932 1973 3031 2044 τὴν
3060 1975 3123 2026 ὲκ
3157 1972 3263 2043 γῆς
3300 1972 3414 2027 ἀνω
3456 1972 3751 2045 διήκουσαν

2150 2066 2232 2129 είς
2256 2065 2349 2119 τὸν
2385 2065 2637 2137 οὐρανὸν,
2686 2065 3080 2129 ἀναϐαίνοντάς
3108 2082 3168 2119 τε
3202 2065 3297 2119 καλ⁵
3325 2065 3752 2130 καταϐαίνοντας

2151 2155 2219 2209 δι’
2251 2156 2423 2226 αὐτῆς
2492 2156 2621 2220 τοὺς
2680 2155 2967 2225 ἀγγέλους,
3034 2156 3508 2228 ὲπεστηριγμένον
3554 2157 3613 2211 δὲ
3661 2156 3753 2211 τὸν

2153 2248 2361 2320 Κύριον
2396 2247 2483 2301 ἐπ’
2510 2248 2701 2319 αὐτῆς,
2732 2247 2920 2320 θαῦμα
2954 2249 3052 2321 μὲν
3085 2248 3196 2303 τῶν
3238 2250 3483 2321 ὀράσεων
3517 2251 3754 2304 ἐποιεῖτο

2155 2339 2290 2395 πολύ
2316 2353 2331 2368 ·
2374 2337 2557 2393 λαϐὼν
2595 2340 2652 2393 δὲ
2698 2339 2791 2395 τὸν
2824 2339 2995 2406 λίθον,
3045 2342 3276 2414 ἔστησεν
3320 2342 3484 2397 αὑτὸν
3528 2342 3751 2415 στήλην,

2153 2433 2251 2489 καὶ
2298 2436 2524 2507 ἐπέχεεν
2562 2434 2738 2488 ἔλαιον
2775 2434 2868 2488 ἐπὶ
2910 2434 2973 2487 τὸ
3026 2434 3194 2505 ἀκρον
3228 2435 3419 2507 αὐτῆς.
3455 2435 3647 2509 ’Δθρει
3686 2438 3752 2510 δὴ

2160 2528 2222 2581 ὲν
2265 2528 2477 2593 τούτοις
2526 2526 2617 2582 τὸν
2672 2526 2878 2598 Κύριον
2925 2526 3082 2598 ἡμῶν
3118 2528 3327 2599 Ἰησοῦν
3369 2530 3624 2599 Χριστὸν,
3662 2530 3754 2585 τδν

2155 2620 2254 2675 ἒνα
2285 2621 2382 2675 καὶ
2432 2620 2595 2693 μόνον
2644 2622 2740 2675 καὶ
2786 2620 3011 2693 ἀληθῶς
3040 2620 3191 2685 Υίὸν,
3219 2620 3294 2685 ὡς
3332 2621 3478 2675 λίθον
3515 2624 3754 2693 ἀναστη-

2155 2712 2418 2785 λούμενον
2443 2730 2458 2746 ·
2502 2714 2598 2768 καὶ
2650 2713 2759 2783 γάρ
2805 2715 2923 2767 ἐστι
2965 2712 3113 2777 λίθος
3159 2713 3451 2781 ἐκλεκτὸς,
3496 2715 3751 2787 ἀκρογω-

2157 2808 2349 2874 νιαῖος,
2376 2804 2613 2877 ἔντιμος,
2660 2807 2741 2868 εἰς
2774 2804 3017 2877 κεφαλὴν
3054 2804 3280 2874 γωνίας,
3326 2806 3420 2860 καὶ
3455 2808 3533 2871 εἰς
3564 2806 3634 2860 τά
3666 2806 3753 2860 θε-

2161 2896 2323 2968 μέλια
2356 2896 2494 2955 Σιὼν
2540 2897 2853 2969 τεθειμένος
2901 2900 3053 2971 παρά
3093 2899 3190 2954 τοῦ
3218 2900 3356 2955 Θεοῦ
3388 2902 3482 2955 καὶ
3516 2902 3751 2972 Πατρός.

2161 2988 2357 3061 ’Λθρει
2398 2988 2455 3042 δέ
2488 3005 2581 3059 μοι
2613 2989 2752 3061 πρὸς
2789 2989 2966 3063 τούτῳ
3000 2992 3097 3046 καὶ
3132 2992 3256 3047 τίνα
3294 2993 3580 3064 κέχρισται
3624 2993 3753 3066 τρό-

2159 3095 2292 3131 πον·
2324 3080 2385 3132 ού
2411 3078 2521 3149 γὰρ
2557 3077 2677 3133 ὅλον
2723 3078 2788 3132 δι’
2824 3078 2949 3133 ὅλου
2988 3079 3068 3150 τῷ
3099 3079 3264 3151 ὲλαίῳ
3316 3080 3608 3135 κατέδευσε
3639 3080 3752 3152 [Ian

2161 3169 2484 3243 κατέχευσε]
2527 3169 2620 3225 τὸν
2646 3170 2794 3225 λίθον
2819 3173 2848 3225 ό
2878 3171 3166 3237 θεσπέσιος
3204 3172 3400 3227 Ἰακώϐ
3423 3191 3437 3207 ο
3471 3173 3663 3245 ὲπέχεε
3695 3174 3755 3228 δὲ

470 3261 708 3319 Verbum
751 3236 1106 3330 est,nunctus
1150 3269 1272 3325 est;
1313 3274 1439 3314 nam
1490 3259 1762 3328 quomodo
1810 3274 1939 3313 suus
1982 3258 2054 3313 illi

2166 3236 2368 3335 μᾶλλον
2407 3236 2500 3317 ιτέι
2536 3264 2598 3318 τὸ
2628 3264 2797 3335 ἄκρον
2823 3264 3011 3320 αὐτοῦ.
3045 3265 3277 3333 Οὐκοῦν,
3302 3266 3369 3320 ἵν’
3389 3236 3756 3331 οὕτωςἐἴπω-

470 3357 696 3429 spiritus
738 3356 1048 3426 impertitus
1104 3353 1331 3423 intelligi
1382 3353 1589 3423 possit?
1626 3352 1720 3406 sed
1766 3352 1968 3420 p0tius,
2002 3360 2062 3405 ut

470 3449 605 3514 dixi,
635 3448 689 3502 in
725 3458 973 3503 extremo
1000 3446 1242 3516 ungitur,
1275 3445 1380 3499 hoc
1410 3456 1515 3508 est,
1552 3442 1815 3507 exterius,
1852 3452 1908 3495 et
1943 3452 2062 3495 tan-

471 3556 634 3612 quam
671 3540 725 3595 in
763 3550 918 3607 parte
947 3550 1112 3607 atque
1148 3548 1419 3601 extremo,
1456 3534 1713 3590 nimirum
1747 3534 1798 3588 in
1835 3549 1936 3589 suo
1964 3548 2063 3603 per

471 3647 658 3687 veram
684 3633 938 3687 unionem
961 3644 1190 3699 corpore
1222 3646 1240 3685 :
1270 3638 1328 3684 et
1355 3629 1500 3683 sicut
1533 3642 1727 3698 passus
1751 3642 1876 3682 esse
1897 3642 2062 3682 carne

474 3725 676 3781 dicitur
697 3724 1013 3779 humanitus
1033 3724 1106 3789 ”,
1136 3720 1387 3793 quamvis
1419 3735 1517 3790 per
1546 3731 1796 3774 naturam
1829 3727 1887 3773 ut
1920 3716 2062 3774 Deus

473 3826 621 3873 esset
647 3815 1000 3887 impassibilis
1020 3854 1036 3882 ,
1078 3814 1151 3870 ita
1196 3811 1518 3882 intelligitur
1546 3820 1741 3865 unctus
1768 3809 2060 3863 secundum

475 3910 903 3972 humanitatem,
956 3908 1084 3963 licet
1137 3916 1309 3977 ungat
1363 3905 1483 3975 ipse
1538 3919 1636 3959 suo
1680 3903 1873 3974 spiritu
1927 3916 2063 3973 quos

478 4002 650 4073 ipsius
681 4001 1024 4057 sanctitatem
1058 4000 1385 4071 participare
1412 3997 1592 4053 decet.
1620 3996 1697 4051 lta
1734 4010 1829 4051 nos
1854 4004 1907 4051 et
1935 4010 2062 4049 sen-

480 4095 583 4149 tire
626 4094 938 4155 statuimus,
995 4102 1051 4145 et
1100 4102 1251 4146 recte
1292 4090 1505 4159 ingredi
1549 4089 1949 4150 consuevimus,
2005 4094 2065 4140 ut

479 4187 626 4257 regia
674 4198 928 4253 rectaque
955 4184 1040 4237 via
1087 4182 1391 4237 tendamus.
1438 4181 1559 4251 Ipse
1602 4195 1730 4235 vero
1763 4194 1886 4234 cum
1920 4176 2064 4246 ejus-

479 4280 623 4335 modi
666 4280 885 4334 nomina
918 4282 1052 4332 duas
1102 4288 1328 4331 naturas
1355 4275 1666 4344 signiﬁcare
1698 4272 1866 4335 dicat,
1899 4270 2065 4326 alter-

480 4371 587 4425 utri
618 4373 762 4442 quod
795 4372 895 4425 sibi
926 4370 1129 4439 placuit
1166 4383 1263 4437 pro
1292 4382 1392 4422 suo
1414 4366 1644 4421 arbitrio
1683 4365 1893 4430 tribuit,
1922 4364 2066 4419 etde

481 4463 780 4519 hmnilibus
815 4464 998 4516 verbis
1044 4464 1111 4516 ad
1157 4460 1345 4516 carnis
1389 4458 1852 4529 dispensationem
1895 4456 2065 4527 perti-

2166 3372 2287 3427 μεν,
2316 3357 2415 3427 οὐχ
2445 3356 2612 3423 ἅπας,
2640 3355 2763 3410 οῦτε
2790 3357 2897 3428 μὴν
2991 3358 3165 3427 Λόγος
3194 3358 3342 3411 ἐστὶν
3369 3360 3398 3413 ὁ
3422 3358 3752 3430 Μονογενὴς.

2164 3449 2243 3511 είς
2281 3447 2416 3501 ἰδίαν
2438 3447 2601 3512 αὐτὸς
2635 3448 2932 3521 κέχρισται
2960 3449 3144 3518 φύσιν·
3178 3450 3321 3521 (πῶς
3349 3451 3458 3523 γὰρ
3490 3450 3556 3505 ἂν
3584 3455 3756 3507 νοοῖτο

2166 3539 2518 3611 μετεσχηκὼς
2547 3541 2643 3595 τοῦ
2679 3541 2811 3595 ἰδίου
2840 3542 3157 3614 πνεύματος
3178 3544 3219 3614 ;)
3269 3546 3482 3617 χρίεται
3510 3545 3568 3600 δὲ
3616 3546 3756 3615 μᾶλ-

2162 3632 2275 3697 λον,
2304 3634 2379 3696 ὼς
2422 3632 2580 3705 έφην,
2609 3634 2703 3687 ἐπὶ
2746 3636 2811 3689 rb
2845 3634 3034 3707 ἄκρον,
3084 3637 3388 3699 τουτέστιν,
3435 3635 3751 3707 ὲξωφανῶς,

2163 3725 2261 3777 καὶ
2287 3718 2398 3777 οἷον
2438 3726 2495 3776 ὲν
2534 3723 2690 3796 μέρει
2719 3726 2815 3779 καὶ
2840 3725 2996 3797 ἄκρῳ
3020 3725 3098 3796 τῷ
3144 3726 3267 3780 καθ’
3292 3726 3484 3781 ἕνωσιν
3507 3728 3607 3800 τὴν
3629 3728 3756 3799 ἀλῃ-

2165 3815 2319 3886 θινὴν
2349 3815 2464 3884 ἰδίῳ
2497 3816 2741 3886 σώματι·
2775 3817 2871 3870 καὶ
2898 3816 3088 3890 ὥσπερ
3116 3817 3336 3886 λέγεται
3367 3818 3561 3872 παθεῖν
3590 3836 3757 3890 σαρκι

2163 3906 2543 3978 ἀνθρωπίθως,
2572 3906 2754 3960 καίτοι
2792 3907 2890 3978 τὴν
2930 3909 3093 3977 φύσιν
3124 3909 3385 3979 ὑπάρχων
3423 3909 3638 3980 ἀπαθὴς
3677 3908 3756 3972 ὼς

2164 3997 2296 4061 Θεός
2317 4012 2329 4026 ·
2367 3995 2513 4050 οὕτω
2544 3999 2750 4051 νοεῖται
2778 3997 3135 4069 κεχρισμένος
3170 3999 3313 4051 κατά
3344 4014 3408 4065 γε
3446 3997 3507 4051 τὸ
3544 3996 3755 4069 ἀνθρώο

2165 4106 2345 4155 πινον,
2392 4088 2569 4142 καίτοι
2602 4089 2773 4161 χρίων
2814 4089 2977 4151 αὐτὸς
3024 4090 3103 4161 τῷ
3151 4089 3267 4158 ἰδίῳ
3311 4089 3584 4160 πνεύματι
3628 4090 3756 4154 τοὺς

2165 4176 2247 4244 οἷς
2295 4179 2363 4235 ἂν
2399 4182 2602 4253 πρέποι
2658 4181 2987 4252 μεταλαχεῖν
3051 4181 3153 4252 τῆς
3212 4182 3505 4254 ἁγιότητος
3561 4182 3750 4237 αὐτοῦ.

2180 4274 2318 4327 Ἀλλ’
2364 4275 2526 4345 ἡμεῖς
2576 4274 2674 4346 μὲν
2719 4268 2823 4329 ὧδέ
2872 4292 2931 4328 τε
2989 4278 3207 4347 φρονεῖν
3261 4275 3616 4347 ἐγνώκαμεν,
3660 4276 3755 4329 καὶ

2165 4367 2478 4441 ὀρθοποδεῖν
2530 4367 2854 4440 εἰθίσμεθα,
2903 4370 3004 4440 τὴν
3047 4369 3333 4440 βασιλικήν
3370 4386 3430 4423 τε
3464 4369 3557 4423 καὶ⁴
3599 4369 3754 4423 ἀδιά-

2170 4478 2405 4533 στροφον
2435 4460 2726 4532 ἐρχόμενοι
2755 4462 2963 4535 τρίϐον.
3006 4463 3324 4535 Σημαντικὰ
3352 4463 3411 4516 δὲ
3443 4462 3617 4530 λέγων
3658 4463 3756 4516 at)-

481 4556 738 4610 nentibus
785 4555 1062 4609 erubescit
1112 4561 1217 4608 :et
1274 4551 1522 4621 quamvis
1576 4550 1792 4604 beatum
1838 4547 2054 4601 Paulum

2171 4554 2262 4618 τὸς
2296 4552 2409 4607 τῶν
2454 4552 2548 4607 δύο
2578 4553 2793 4623 φύσεων
2829 4555 2899 4608 τὰ
2928 4554 3106 4609 τοιάδε
3137 4555 3244 4608 τῶν
3285 4553 3585 4625 ὀνομάτων,
3627 4553 3754 4607 ἑκα-

481 4650 664 4702 audiat
695 4649 965 4701 dicentem
1001 4664 1015 4701 :
1048 4666 1066 4697 ι
1099 4643 1243 4698 Misit
1276 4642 1419 4696 Deus
1445 4641 1642 4696 Filium
1678 4656 1835 4695 suum
1864 4638 2054 4695 factum

2172 4648 2307 4720 τέρᾳ
2342 4647 2405 4701 rb
2441 4647 2634 4702 δοκοῦν
2676 4648 2942 4719 ἀπονέμει
2975 4648 3093 4718 μετ’
3119 4646 3398 4711 ἐξουσίας·
3431 4647 3526 4701 καὶ
3554 4645 3617 4699 rb
3658 4646 3757 4716 μέ-

478 4756 544 4794 ex
592 4737 842 4804 muliere,
883 4739 1087 4793 factum
1118 4739 1221 4791 sub
1249 4737 1365 4806 lege
1387 4737 1402 4767 ¹
1429 4751 1444 4800 ;
1477 4755 1495 4787 ι
1528 4737 1733 4802 Apage,
1770 4733 1966 4802 inquit,
1998 4747 2054 4785 ιιε

2172 4755 2323 4809 τριον
2350 4739 2428 4803 εἰς
2464 4738 2659 4808 λόγους
2685 4738 2786 4808 τῆς
2820 4737 2960 4808 μετὰ
2985 4737 3189 4809 σαρκὸς
3218 4738 3529 4808 οἰκονομίας
3564 4734 3756 4807 αἰσχύ-

481 4831 719 4884 V’erhnm
766 4845 833 4884 ex
891 4830 1001 4884 Deo
1048 4839 1236 4882 natum
1288 4840 1409 4882 esse
1448 4825 1670 4879 missam
1720 4834 1917 4893 putes:
1956 4837 2054 4878 non

2172 4845 2351 4882 νεται·
2385 4829 2491 4882 κᾶν
2530 4828 2741 4901 ἀκούσῃ
2785 4827 3037 4896 λέγοντος
3069 4828 3167 4880 τοῦ
3200 4827 3472 4898 μακαρίου
3506 4826 3750 4882 Παύλου·

478 4924 623 4977 enim
654 4938 721 4975 cx
768 4921 997 4976 muliere
1028 4921 1235 4974 factum
1272 4928 1377 4985 est,
1420 4932 1526 4971 non
1561 4915 1762 4969 factum
1794 4915 1893 4969 sub
1924 4913 2054 4983 lege.

2176 4941 2194 4973 ι
2232 4920 2646 4987 Ἐξαπέστειλεν
2674 4923 2702 4975 ό
2724 4920 2857 4984 Θεὸς
2881 4920 2974 4974 τὸν
2999 4920 3127 4975 Υἱὸν
3158 4918 3349 4984 αὑτοῦ,
3376 4918 3667 4989 γενόμενον
3689 4919 3753 4971 ὲκ

476 5014 654 5084 Atque
702 5024 761 5068 ut
801 5013 1159 5068 ostendamus
1215 5012 1362 5080 quod
1420 5008 1652 5063 dicimus
1706 5022 1811 5060 non
1863 5020 2054 5059 vanum

2169 5014 2450 5081 γυναικὸς,
2488 5014 2782 5085 γενόμενον
2811 5014 2917 5067 ὑπὸ
2951 5013 3147 5084 νόμον·
3178 5034 3197 5065 ι
3225 5014 3460 5082 Ἄπαγε,
3496 5013 3649 5082 φησί,
3677 5011 3752 5082 μὴ

476 5120 600 5161 esse
628 5106 967 5176 ﬁgmentum,
996 5103 1094 5159 sed
1118 5104 1285 5172 ipsius
1313 5115 1410 5155 nos
1436 5101 1512 5154 uti
1536 5100 1777 5162 vocibus,
1806 5099 1918 5168 ipsa
1945 5098 2054 5168 jam

2166 5105 2258 5160 rbv
2296 5109 2360 5160 ὲκ
2397 5106 2532 5160 Θεοῦ
2574 5107 2748 5177 φύντα
2789 5105 2961 5174 Λόγον
3006 5105 3347 5160 ἀπεστάλθαι
3391 5104 3645 5175 νομίσῃς·
3689 5103 3751 5153 οὐ

479 5212 670 5252 rursus
695 5196 811 5264 ejus
843 5197 1004 5251 verba
1036 5195 1089 5249 in
1117 5194 1353 5248 medimn
1389 5192 1635 5247 afferam.

2168 5200 2277 5273 γὰρ
2300 5200 2524 5269 γέγονεν
2546 5203 2612 5254 ὲκ
2643 5199 2903 5268 γυναικός
2923 5215 2937 5231 ·
2963 5200 3025 5253 οὐ
3061 5200 3285 5268 γέγονεν
3305 5197 3410 5252 ὑπὸ
3446 5200 3609 5266 νόμον
3629 5210 3644 5226 ο
3669 5194 3753 5246 ὅτι

474 5294 611 5349 δὲσῦ
652 5291 989 5362 φενακισμὺς
1013 5291 1220 5352 εἰκαῖος
1256 5288 1328 5342 τὰ
1359 5286 1707 5359 παρ’ήμῶν·
1740 5285 2066 5357 κεχρήμεθα
2102 5290 2159 5344 δὲ
2215 5295 2416 5365 μᾶλλον
2474 5298 2594 5360 ταῖς
2653 5294 2820 5349 αὐτοῦ
2872 5297 3109 5365 φωναῖς,
3163 5294 3303 5348 αὐτὰ
3351 5293 3416 5364 δὴ
3460 5291 3623 5345 πάλιν
3676 5292 3754 5353 εἰς

477 5384 642 5453 μέσον
672 5383 803 5435 οίσω
833 5381 902 5434 τά
930 5380 1214 5451 εἰρημένα.

547 5480 810 5551 ιΝειιτοιι.
853 5478 1003 5532 Misit
1022 5478 1190 5539 enim,
1220 5476 1412 5544 inquit,
1458 5476 1597 5530 Deus
1640 5473 1836 5529 Filium
1880 5489 2060 5538 suum,

478 5585 660 5627 natum
695 5587 761 5626 cx
802 5571 1050 5635 muliere,
1122 5571 1320 5624 factum
1370 5569 1469 5623 sub
1507 5569 1641 5639 lege.
1677 5568 1790 5623 lloc
1822 5570 1941 5623 loco
1988 5569 2063 5623 iu-

479 5667 618 5719 dicat
654 5665 873 5734 quidem
919 5664 1055 5718 duas
1088 5673 1330 5728 naturas,
1365 5663 1458 5717 sed
1512 5662 1565 5716 id
1613 5662 1749 5716 dicit
1775 5662 1918 5731 quod
1956 5662 2060 5716 hu-

2231 5473 2647 5547 [Ἐξαπέστειλε
2679 5476 2809 5548 γὰρ,
2836 5478 3024 5550 φησιν,
3055 5478 3085 5531 ὁ
3111 5478 3243 5542 Θεὸς
3270 5477 3362 5530 τὸν
3403 5478 3530 5531 Υίὺν
3557 5475 3749 5540 αὐτοῦ,

2159 5569 2452 5639 γενόμενον
2503 5569 2569 5622 ἐκ
2607 5569 2900 5637 γυναικὸς,
2942 5569 3237 5640 γενόμενον
3276 5569 3382 5621 ὑπὸ
3413 5569 3596 5637 νόμον.
3634 5567 3753 5619 Ἐν-

2160 5661 2334 5715 ταῦθα
2392 5662 2587 5733 μηνύει
2643 5663 2744 5733 μὲν
2782 5663 2879 5727 τὰς
2920 5661 3015 5716 δύο
3067 5662 3297 5732 φύσεις·
3337 5662 3398 5715 rb
3453 5660 3753 5732 συμϐαῖνον

552 5843 596 5876 ⁸⁷
620 5843 754 5900 Gen.
788 5858 976 5909 xxvut,
1017 5841 1204 5898 12-18.
1281 5842 1326 5873 ³⁸
1354 5840 1456 5898 lsa.
1480 5855 1670 5905 xxrut,
1715 5839 1801 5895 l6.
1876 5839 1961 5893 "l
1993 5838 2054 5893 Ριι

2167 5856 2237 5903 Iv,
2278 5839 2324 5891 Ι.
2405 5840 2419 5869 ¹
2447 5840 2622 5891 Uulul.
2662 5858 2730 5903 Iv,
2766 5845 2817 5897 4.
