4054 6332
318 346 384 402 73

1409 346 1778 405 AllVEllSllS
1816 348 2218 405 NESTORIUM
2262 352 2386 408 LIB.
2431 353 2497 407 ll.

3506 352 3569 407 Ἠ

314 467 588 540 [συμϐάν]
634 468 690 521 δὲ
736 470 864 539 περὶ
913 470 1012 540 τὴν
1064 470 1488 542 ἀνθρωπότητα,
1537 472 1719 539 λέγει’
1773 473 1895 523 ἐπεὶ

2005 475 2247 527 manitati
2288 476 2543 530 convenit
2569 498 2581 531 ;
2609 474 2807 545 alioqui
2868 485 2993 544 roga
3039 474 3435 529 contentiosum
3473 475 3569 529 ho-

310 559 610 630 ἀπαίτησον
647 559 737 613 τὸν
769 560 1089 629 φιλόνεικον,
1135 561 1217 624 τίς
1262 560 1477 630 ἐγένετο
1512 562 1615 614 ὑπὸ
1644 563 1836 631 νόμον,
1867 563 1895 614 ὁ

310 650 443 713 Θεὸς
463 652 632 720 Λόγος
650 650 693 722 ς]

911 790 1161 843 ΚΕΦΛΛ.
1206 789 1279 843 I".

382 920 517 974 Εἶτα
560 920 678 984 πῶς
725 922 825 975 οὐκ
870 924 1241 995 ὲμῦρόντητος
1293 923 1509 995 άληθῶς
1554 925 1638 995 εἴη
1691 923 1777 988 ἂν,
1828 923 1896 977 τὰ

310 1006 455 1063 οὕτω
505 1012 651 1082 σαφῆ
705 1014 798 1066 καὶ
846 1014 1046 1068 ἅπασιν
1100 1016 1455 1085 ἐγνωσμένα,
1508 1017 1603 1068 καὶ
1651 1016 1892 1085 ἀναμφι-

310 1099 486 1167 λόγως
518 1101 741 1172 ἔχοντα,
790 1104 851 1157 τό
906 1122 969 1174 γε
1025 1102 1159 1179 ἧκον
1209 1110 1288 1169 εἰς
1349 1107 1513 1161 αὑτὸν
1570 1109 1894 1178 ἀνατρέπειν

313 1191 685 1262 πειρώμενος-ς
741 1196 876 1248 Τίνα
929 1198 1222 1268 πέπομφεν
1276 1200 1409 1268 ἡμῖν
1462 1199 1521 1264 ἐξ
1574 1199 1818 1262 οὐρανῶν
1866 1202 1895 1253 ὁ

313 1283 522 1355 Πατὴρ,
557 1286 787 1358 Σωτῆρα
819 1284 911 1340 καὶ
952 1290 1287 1361 Λυτρωτήν;
1318 1291 1377 1343 οὐ
1425 1289 1517 1342 τὸν
1556 1294 1619 1343 ἐκ
1660 1290 1759 1358 τῆς
1800 1291 1892 1343 οῦ-

315 1377 435 1439 σὲας
478 1378 644 1432 αὑτοῦ
678 1381 856 1448 φύντα
887 1382 1096 1451 Λόγον;
1137 1382 1234 1446 Τίς
1263 1385 1412 1435 ἐστιν
1446 1385 1474 1435 ὁ
1520 1383 1761 1446 καταϐὰς
1801 1385 1895 1437 καὶ

313 1470 519 1533 ἀναϐάς
569 1472 824 1543 ὑπεράνω
888 1473 997 1525 τῶν
1043 1473 1311 1543 οὐρανῶν,
1362 1475 1449 1528 ἵνα
1508 1475 1773 1547 πληρώσῃ
1827 1475 1894 1529 τὰ

314 1562 523 1626 mixtu;
558 1557 668 1633 ἄρα
712 1563 774 1615 τὸ
804 1564 986 1618 πάντα
1031 1564 1293 1617 δύνασθαι
1340 1565 1602 1635 πληροῦν,
1633 1566 1727 1635 τῆς
1772 1565 1893 1618 καθ’

313 1655 458 1721 ἡμᾶς
510 1655 725 1723 φύσεως
771 1655 931 1725 ἔργον
981 1652 1121 1710 εἶναι
1169 1658 1307 1728 φὴς,
1357 1660 1453 1710 καὶ
1496 1660 1608 1721 τοῖς
1660 1658 1760 1727 τῆς
1793 1658 1891 1710 ἀν·

313 1745 661 1818 θρωπὸτητος
710 1748 936 1816 ἀνάψεις
994 1748 1248 1820 μέτροιςς
1304 1750 1435 1819 περὶ
1480 1749 1626 1812 τίνος
1682 1750 1890 1819 γέγρα-

2000 562 2219 630 minem,
2258 566 2505 632 quisnam
2555 565 2729 621 factus
2770 574 2856 621 est
2895 565 2995 621 sub
3032 564 3188 635 lege?
3226 565 3388 621 illene
3430 564 3573 623 Deus

1998 653 2271 710 Verbum"

2642 797 2791 851 CAP.
2836 797 2922 852 ΙΙΙ.

2068 923 2185 978 Jam
2220 940 2346 979 vero
2384 929 2652 996 quomodo
2695 944 2799 981 nun
2848 929 2918 982 sit
2967 929 3124 997 plane
3171 929 3438 999 stupidus,
3480 930 3569 997 qui

1998 1030 2085 1069 res
2119 1016 2253 1069 adeo
2289 1017 2487 1081 claras,
2527 1027 2581 1073 et
2615 1018 2867 1072 omnibus
2913 1028 3091 1081 notas,
3116 1027 3171 1072 et
3198 1018 3266 1071 ab
3295 1019 3441 1073 omni
3474 1020 3572 1071 du-

1997 1105 2257 1159 bitatione
2301 1106 2528 1170 alienas,
2570 1107 2713 1175 quod
2761 1109 2826 1161 ad
2876 1108 3054 1177 ipsum
3087 1111 3304 1173 attinet,
3343 1119 3573 1161 conatur

1996 1198 2279 1251 evertere?
2310 1196 2478 1262 Quem
2505 1199 2657 1252 nobis
2686 1197 2849 1254 Pater
2885 1200 2952 1254 de
2983 1200 3122 1254 coelo
3156 1200 3303 1253 misit
3326 1197 3573 1252 Salvato-

1998 1304 2108 1342 rein
2159 1304 2222 1342 ac
2270 1286 2728 1357 Redemptorem?
2778 1306 2958 1344 nonne
3008 1290 3184 1357 ipsum
3228 1289 3460 1342 Verbum
3505 1291 3574 1341 de

1997 1395 2091 1433 Sua
2127 1380 2365 1435 essentia
2421 1382 2647 1434 natum?
2674 1382 2932 1447 Quisnam
2980 1381 3068 1435 ille
3104 1390 3184 1435 est
3213 1382 3303 1450 qui
3346 1380 3574 1434 descen-

1998 1472 2075 1523 dit
2105 1479 2161 1523 et
2202 1470 2450 1524 ascendit
2497 1487 2659 1542 super
2702 1471 2893 1538 caelos,
2939 1483 2996 1525 ut
3027 1472 3278 1540 impleret
3313 1468 3575 1526 omnia“!

1996 1578 2121 1613 num
2162 1561 2268 1617 hoc
2301 1563 2472 1633 ipsum
2508 1579 2667 1632 posse
2695 1565 2876 1618 omnia
2925 1563 3168 1635 implere,
3215 1574 3414 1619 nostrae
3451 1580 3573 1619 esse

1994 1668 2128 1721 opus
2171 1664 2377 1709 natum
2436 1667 2612 1723 putas,
2665 1666 2720 1710 et
2767 1656 3122 1710 humanitatis
3163 1670 3429 1709 mensurae
3477 1655 3574 1708 tri-

1997 1746 2149 1799 buis?
2187 1746 2253 1799 de
2303 1761 2536 1814 quonam
2593 1749 2810 1816 scripsit
2866 1746 2977 1818 39
3023 1748 3211 1802 beatus
3268 1745 3503 1801 Joannes
3555 1764 3569 1800 :

311 1856 410 1904 φεν
439 1840 467 1891 ό
502 1840 776 1910 μακάριος
814 1840 1069 1910 Ἰωάννης
1093 1881 1106 1904 ,
1151 1861 1169 1891 ι
1214 1839 1269 1893 ’0
1313 1841 1518 1894 ἄνωθεν
1563 1842 1854 1911 ἐρχόμενος
1877 1883 1891 1905 ,

2006 1853 2023 1884 σ
2060 1835 2161 1901 Qui
2220 1838 2503 1889 desursum
2557 1836 2741 1899 venit,
2788 1852 2949 1904 supra
2991 1837 3172 1889 omnia
3225 1836 3438 1890 ests?»
3490 1836 3572 1888 An

311 1930 497 1983 ἐπάνω
549 1932 768 1983 πάντων
823 1933 999 1996 ὲστίνς
1049 1951 1067 1982 ι
1123 1934 1190 1985 Ἦ
1245 1933 1385 2003 τάχα
1433 1951 1535 1985 που
1589 1934 1683 1986 καὶ
1734 1934 1895 1997 αὐτὸς

310 2022 773 2093 ψευδομυθὴσειεν
821 2024 887 2076 ἂν
921 2026 1034 2086 τοῖς
1076 2024 1343 2078 Ἰουδαίων
1382 2024 1576 2095 δήμοις
1623 2025 1894 2095 ἐπιτιμῶν

310 2132 368 2167 τε
416 2116 510 2168 καὶ
543 2115 753 2181 λέγων’
793 2134 812 2166 ι
855 2116 1040 2185 Ὑμεῖς
1069 2118 1132 2169 ἐκ
1167 2117 1275 2168 τῶν
1319 2116 1469 2168 κάτω
1508 2116 1651 2180 ἐστὲ,
1687 2116 1797 2184 ἐγὼ
1832 2118 1895 2169 ὲκ

310 2204 420 2255 τῶν
449 2205 561 2256 ἄνω
600 2205 749 2273 elui;
781 2223 797 2254 ›
825 2206 918 2257 καὶ
954 2205 1114 2257 πάλιν
1136 2222 1148 2234 ·
1189 2225 1205 2256 ι
1248 2203 1389 2273 Ἐγὼ
1419 2206 1518 2259 οὐκ
1556 2208 1672 2277 εἰμὶ
1701 2209 1767 2259 ὲκ
1799 2206 1893 2259 τοῦ

311 2298 518 2363 κόσμου
551 2297 759 2347 τούτου.
800 2316 817 2347 ι
861 2298 921 2349 Εἰ
971 2299 1079 2366 γάρ
1118 2294 1186 2367 ἦν
1215 2298 1499 2368 ἅνθρωπος
1526 2301 1589 2351 ἐκ
1635 2300 1895 2367 γυναικὸς

311 2390 435 2442 καθ’
465 2389 561 2443 ἕνα
592 2389 699 2441 τῶν
728 2390 923 2451 ἄλλων,
950 2391 1045 2443 καὶ
1074 2391 1193 2459 οὐχὶ
1220 2390 1283 2459 δὴ
1313 2391 1515 2459 μᾶλλον
1543 2391 1897 2462 σεσαρκωμέ-

313 2498 424 2541 νος,
448 2482 544 2533 καὶ
571 2482 628 2532 ὲν
656 2480 969 2549 ἀνθρωπεία
1000 2483 1184 2550 μορφῇ
1228 2481 1505 2551 πεφηνὼς,
1538 2484 1566 2534 ό
1597 2482 1803 2536 ἄνωθέν
1836 2500 1895 2535 τε

312 2573 407 2624 καὶ
444 2572 507 2623 ἐκ
539 2570 675 2623 Θεοῦ
714 2570 927 2640 [Ἰατρὸς
960 2570 1154 2638 Λόγος,
1182 2570 1299 2633 πῶς
1327 2572 1391 2623 ἂν
1418 2575 1590 2624 νοοῖτο
1634 2574 1727 2624 καὶ
1753 2572 1895 2625 ἄνω-

313 2660 405 2713 Θεν
452 2662 548 2715 καὶ
595 2662 654 2725 ἐξ
698 2661 967 2730 οὐρανοῦ;
1007 2661 1125 2724 πῶς
1173 2661 1356 2714 ἐπάνω
1402 2662 1621 2715 πάντων
1670 2661 1765 2715 καὶ
1799 2662 1897 2714 οὐκ

313 2755 422 2807 ἀπό
454 2771 515 2823 γε
542 2753 636 2807 τοῦ
677 2756 883 2825 κόσμον
908 2793 923 2815 ,
961 2754 1052 2806 καί
1080 2770 1161 2806 τοι
1193 2755 1397 2823 κόσμου
1442 2754 1612 2824 μέρος
1637 2753 1897 2825 ὑπάρχων

311 2847 403 2900 διὰ
429 2848 529 2917 τὴν
580 2848 761 2916 σάρκα
787 2887 802 2912 ,
838 2847 933 2899 καὶ
978 2846 1100 2898 ὅσον
1144 2844 1278 2916 ἧκεν
1322 2848 1499 2900 εἰπεῖν
1532 2846 1674 2899 κατά
1723 2864 1788 2915 γε
1838 2847 1899 2899 τὸ

314 2938 526 3007 πρέπον
555 2941 622 3009 τῇ
652 2937 1031 3008 ἀνθρωπότητι
1067 2938 1286 3008 μέτρον,
1316 2939 1557 3006 γεγονὼς
1588 2939 1725 3007 μετὰ
1762 2939 1897 2992 πάν-

313 3048 424 3082 των
452 3030 557 3083 ὑπὸ
588 3030 724 3083 Θεοῦ
751 3029 976 3102 ;Ταύτῃ
1000 3047 1102 3092 τοι,
1133 3032 1228 3082 καὶ
1265 3030 1397 3082 Θεὸν
1428 3030 1619 3082 ἑαυτοῦ
1656 3031 1896 3082 κατωνό-

318 3120 461 3186 μαζε
490 3120 581 3172 τὸν
611 3120 862 3190 Πατέραο
897 3120 1075 3173 καίτοι
1111 3119 1271 3187 φύσει
1309 3122 1405 3172 καὶ
1439 3120 1600 3183 ante;

313 3210 446 3273 Θεὸς
468 3250 484 3275 ,
510 3212 602 3263 καὶ
633 3213 696 3263 ἐκ
724 3212 821 3280 τῆς
851 3212 1037 3273 οὐσίας
1077 3212 1244 3264 αὑτοῦ
1282 3213 1535 3281 πεφηνὼς
1579 3213 1704 3275 Υἱὸς
1739 3231 1896 3282 μονο-

314 3303 499 3371 γενής.
551 3303 683 3371 Περὶ
736 3304 881 3365 τίνος
928 3302 1035 3372 ἄρα
1086 3305 1249 3372 φησὶν
1312 3306 1340 3357 ό
1390 3304 1659 3375 μακάριος
1716 3305 1897 3367 Δαϐὶδ,

322 3414 338 3443 ι
366 3393 742 3460 Ἐξαπέστειλε
776 3395 866 3446 τὸν
889 3396 1060 3462 Λόγον
1092 3396 1283 3461 αὐτοῦ,
1304 3398 1399 3449 καὶ
1429 3398 1615 3451 ἰάσατο
1636 3398 1828 3460 αὐτούς
1850 3414 1894 3459 ;›

317 3484 535 3538 Σέσωκε
572 3485 681 3555 γὰρ
715 3487 892 3555 ἡμᾶς,
940 3488 999 3538 οὐ
1049 3486 1291 3558 πρέσὸυς
1312 3528 1325 3549 ,
1359 3489 1459 3541 οὐκ
1485 3488 1746 3557 ἅγγελος,
1784 3490 1899 3541 ἀλλ’

316 3580 479 3641 αὐτὸς
510 3580 537 3631 ό
563 3579 788 3647 Κύριος,
820 3579 962 3631 κατὰ
987 3580 1086 3642 τὰς
1117 3581 1359 3649 Γραφάς.
1401 3581 1560 3633 Ἀλλὰ
1596 3582 1682 3633 ναξ
1714 3600 1877 3652 φησιν

314 3671 345 3721 ὁ
375 3670 552 3721 πάντα
582 3669 822 3739 πληροῦν
865 3669 1161 3739 δυνάμενος
1189 3670 1322 3733 Θεὸς
1349 3671 1519 3738 Λόγος
1547 3671 1896 3725 ἀπέσταλται.

317 3760 453 3811 Τίνα
486 3761 719 3828 τρόπους
748 3759 850 3811 ποῦ
879 3760 985 3831 γάρ
1021 3762 1121 3813 οὐκ
1152 3756 1292 3813 εἶναί
1318 3779 1496 3831 φαμεν
1524 3763 1718 3829 αὑτόν;
1750 3764 1781 3834 ἦ
1810 3763 1900 3815 καὶ

315 3852 440 3905 ὅποι
492 3851 909 3922 πεμφθήσεταις
943 3851 1369 3924 καταγορεύσεις
1399 3848 1492 3906 οὖν
1528 3854 1636 3923 ἄρα
1678 3854 1770 3906 καὶ
1808 3854 1901 3907 τοῦ

318 3946 600 4010 πανσόφου
620 3943 972 4007 Μωσέιυς,ιῖ›;
1004 3944 1101 4013 τὴν
1132 3943 1444 4014 ἀπόρρητον
1469 3944 1564 3996 τοῦ
1582 3943 1714 3995 Θεοῦ
1745 3944 1903 4008 δόξαν

317 4036 383 4086 οὐ
419 4034 655 4103 μετρίως
683 4034 1014 4103 ἠδικηκότα;
1047 4034 1148 4104 ἔφη
1181 4034 1310 4105 γὰρ,
1331 4035 1412 4086 ὅτι
1448 4052 1465 4084 ι
1503 4033 1897 4104 Καταδὲὅηκεν

318 4126 349 4177 ὁ
381 4124 511 4187 Θεὸς
541 4125 670 4177 εῖδει
704 4124 874 4193 πυρὸς
914 4125 1007 4175 ἐπὶ
1038 4124 1098 4175 το
1122 4124 1247 4194 ὅρος
1281 4125 1428 4175 Σινᾶ.
1473 4144 1491 4175 ι
1527 4122 1643 4175 Κᾶν
1668 4123 1905 4194 ἀκούσῃς

320 4216 572 4282 λέγοντος
608 4214 702 4267 τοῦ
739 4215 1011 4285 μακαρίου
1062 4215 1227 4267 Δαόὶδ
1283 4216 1417 4285 πρὸς
1450 4214 1559 4266 τῶν
1598 4215 1735 4268 ὅλων
1770 4232 1906 4286 κρα-

326 4307 519 4359 *οὖντά
566 4306 729 4358 Θεόν·
767 4326 784 4356 ι
829 4306 1236 4371 Ἐξαποστελείς
1286 4306 1346 4358 τὸ
1376 4306 1600 4376 Πνεῦμα
1646 4323 1763 4371 σου,
1812 4308 1905 4359 καὶ

329 4397 745 4466 κτισθήσονται·
808 4397 903 4448 καὶ
956 4398 1291 4459 ἁνακαινιεῖς
1349 4398 1409 4449 τὸ
1464 4397 1757 4467 πρόσωπον
1810 4398 1907 4467 τῆς

1998 1927 2168 1993 ipsum
2195 1942 2411 1995 quoque
2449 1928 2667 1981 mentiri
2714 1928 2946 1982 fortasse
2977 1928 3272 1996 putandum
3304 1938 3406 1992 est,
3444 1941 3570 1980 cum

1995 2014 2299 2069 Judmorum
2334 2018 2558 2084 populos
2581 2018 2874 2085 obiurgans
2911 2019 3040 2071 dicit
3070 2037 3081 2071 :
3118 2037 3137 2069 ι
3174 2018 3278 2072 Vos
3303 2018 3370 2073 de
3410 2018 3571 2072 deor-

1997 2121 2115 2159 sum
2156 2108 2309 2170 estis,
2354 2122 2456 2177 ego
2500 2110 2566 2162 de
2614 2111 2864 2176 supernis
2912 2110 3153 2163 sum‘?)
3206 2119 3260 2164 et
3311 2125 3573 2165 rursum:

2004 2220 2021 2253 ι
2055 2201 2163 2270 Ego
2213 2216 2317 2254 non
2363 2218 2482 2254 sutn
2524 2204 2591 2255 de
2641 2204 2743 2256 hoc
2785 2204 2986 2257 mundo
3009 2204 3051 2255 ⁸.
3093 2225 3111 2256 ι
3146 2204 3278 2259 Nam
3324 2206 3370 2259 si
3413 2207 3573 2261 homo

1997 2303 2139 2347 esset
2164 2308 2227 2347 ex
2255 2292 2480 2347 muliere
2512 2294 2601 2346 uiti
2635 2294 2854 2348 cuilibet
2883 2296 3109 2350 aliorum
3134 2298 3332 2362 simile,
3366 2313 3430 2353 ac
3462 2316 3568 2353 non

1998 2385 2175 2452 potius
2198 2386 2537 2438 iucarnatum
2580 2395 2633 2438 et
2667 2387 2719 2439 iu
2760 2387 2995 2440 humana
3021 2386 3191 2440 l‘urma
3222 2398 3570 2458 conspectum

2001 2476 2126 2529 illud
2158 2477 2441 2531 desursum
2472 2488 2525 2531 et
2562 2491 2628 2530 ex
2667 2477 2775 2531 Deo
2814 2477 2977 2532 Patre
3013 2478 3268 2543 Verbum,
3303 2482 3576 2549 quomodo

1999 2569 2283 2623 desursum
2322 2570 2461 2622 idem
2494 2580 2547 2623 et
2581 2571 2646 2623 de
2675 2569 2815 2624 cmlo
2847 2571 3279 2639 intelligeretur?
3308 2573 3577 2641 quomodo

2000 2674 2163 2726 supra
2199 2660 2383 2713 omnia
2434 2669 2489 2713 et
2535 2674 2640 2714 non
2695 2660 2762 2713 de
2811 2661 3032 2724 mundo,
3073 2662 3320 2729 quamvis
3359 2674 3580 2732 propter

2000 2767 2216 2805 carnem
2265 2766 2390 2820 pars
2421 2761 2571 2805 esset
2617 2753 2823 2814 mundi,
2862 2762 2915 2805 et
2961 2765 3222 2822 quantum
3271 2755 3453 2809 dicere
3496 2755 3579 2808 fas

2000 2854 2099 2907 est,
2133 2860 2197 2897 ex
2242 2857 2492 2897 mensura
2523 2859 2641 2913 qua:
2672 2846 2994 2899 humanitati
3021 2847 3292 2909 convenit,
3338 2850 3439 2901 sub
3472 2847 3579 2900 Deo

2003 2937 2200 2989 factum
2265 2954 2385 2991 cum
2443 2938 2733 2993 omnibus?
2780 2938 2891 2993 llac
2947 2938 3150 2992 ratione
3200 2940 3361 2992 etiam
3410 2938 3579 2993 Deum

2001 3045 2156 3081 Suum
2188 3032 2492 3096 appellabat
2536 3032 2711 3099 ipsum
2753 3029 2989 3095 Patrem,
3026 3032 3272 3101 quamvis
3301 3031 3417 3098 ipse
3449 3046 3581 3095 quo-

1634 3122 1895 3191 ὑπάρχων
1926 3151 1971 3210 C
2004 3138 2107 3188 que
2153 3138 2217 3175 ex
2269 3136 2459 3175 natura
2510 3124 2653 3177 Deus
2697 3134 2862 3187 esset,
2895 3134 2951 3177 et
3006 3140 3074 3177 ex
3122 3124 3238 3192 ejus
3276 3124 3577 3177 substantia

2003 3214 2170 3268 Filius
2202 3217 2511 3281 uuigeuitus
2553 3217 2875 3270 exstitisset.
2911 3215 2985 3269 De
3014 3230 3246 3285 quonam
3277 3230 3407 3284 ergo
3453 3216 3581 3269 dicit

2004 3304 2193 3357 beatus
2247 3305 2457 3360 David:
2496 3326 2514 3359 ι
2544 3308 2687 3361 Misit
2746 3307 2979 3362 Verbum
3033 3323 3211 3372 suum,
3258 3316 3311 3360 et
3371 3309 3582 3360 sanavit

2002 3412 2095 3450 eos
2120 3397 2200 3449 5'?
2231 3415 2248 3448 ι
2290 3397 2525 3451 Salvavit
2552 3400 2696 3453 enim
2738 3413 2835 3452 nos
2870 3414 2974 3451 non
3012 3399 3240 3466 legatus,
3282 3414 3384 3451 non
3418 3414 3581 3467 auge—

2004 3490 2119 3548 lus.
2181 3492 2273 3544 sed
2318 3482 2432 3559 ipse
2495 3492 2786 3557 Dominus,
2841 3492 3137 3546 secundum
3199 3492 3510 3559 Scripturas
3534 3490 3577 3543 °.

2008 3584 2157 3645 Esto,
2204 3585 2399 3652 inquit,
2436 3583 2675 3638 Verbum
2720 3585 2860 3653 quod
2898 3584 3077 3637 omnia
3116 3593 3291 3653 potest
3334 3583 3577 3652 implere,

2004 3678 2227 3728 missum
2254 3685 2339 3729 est
2372 3692 2384 3728 :
2414 3676 2505 3729 sed
2539 3676 2843 3745 quomodo?
2866 3676 2952 3728 ubi
2989 3676 3130 3730 enim
3174 3691 3277 3729 non
3311 3676 3436 3729 illud
3461 3692 3583 3729 esse

2006 3768 2286 3821 dicemus?
2324 3779 2415 3821 aut
2441 3784 2549 3837 quo
2582 3768 2865 3821 mittetur?
2892 3768 3233 3823 lusimulabis
3277 3770 3436 3839 igitur
3468 3770 3585 3822 Mo~

2006 3875 2099 3914 seu
2142 3861 2291 3915 illum
2327 3863 2815 3929 sapientissimum,
2866 3862 3017 3929 quasi
3056 3876 3161 3914 non
3195 3863 3451 3915 mediocri
3498 3863 3583 3913 iu-

2000 3952 2143 4020 juria
2185 3951 2277 4005 Dei
2331 3952 2555 4020 gloriam
2596 3950 2874 4016 alfecerit;
2907 3951 3040 4004 dixit
3067 3951 3211 4003 enim
3243 3969 3256 4003 :
3294 3971 3309 4001 ι
3347 3949 3584 4005 Descen-

2007 4044 2086 4095 dit
2147 4040 2289 4096 Deus
2348 4043 2485 4111 ignis
2555 4042 2735 4110 specie
2795 4044 2846 4094 in
2911 4052 3145 4095 montem
3206 4041 3406 4107 Sina";
3442 4060 3459 4092 ι
3506 4053 3584 4115 .ct

2007 4135 2253 4202 quamvis
2289 4134 2504 4187 beatum
2536 4132 2705 4188 David
2747 4133 2935 4186 audias
2961 4134 3141 4187 dicere
3174 4136 3413 4188 Omnium
3448 4149 3584 4203 pra:-

2010 4224 2211 4292 poteuti
2250 4221 2356 4277 Deo
2390 4238 2405 4275 :
2440 4241 2457 4273 ι
2488 4224 2715 4276 Emittes
2744 4220 3006 4290 Spiritum
3047 4234 3218 4286 tuum,
3243 4233 3295 4277 et
3321 4224 3585 4276 creabuu-

2011 4327 2116 4379 tur,
2166 4323 2220 4367 et
2260 4313 2544 4367 renovabis
2593 4312 2788 4365 faciem
2834 4313 3066 4365 teme":
3115 4330 3133 4361 ι
3190 4312 3420 4365 fortasse
3480 4328 3583 4363 non

2011 4406 2221 4468 credes,
2273 4414 2327 4457 et
2377 4405 2653 4457 hominem
2715 4404 2809 4457 Dei
2862 4404 3053 4471 spiritu
3104 4404 3318 4472 plenum
3371 4406 3585 4456 mentiri

328 4492 429 4561 γῆς
451 4506 463 4519 ο
503 4510 523 4540 ι
553 4490 881 4559 ἁποστήσεις
910 4488 927 4559 Ῐ
953 4490 1038 4543 ῐσ.
1070 4488 1431 4560 ἀπιστήσεις]
1460 4490 1600 4559 τάχα
1634 4507 1735 4542 που
1757 4529 1771 4551 ,
1812 4490 1898 4541 καὶ

2012 4497 2226 4563 putabis
2257 4515 2270 4549 :
2303 4512 2479 4566 neque
2515 4496 2662 4549 enim
2694 4494 2838 4549 Deus
2872 4497 3153 4562 migraudo
3185 4504 3449 4555 movetur,
3493 4508 3589 4544 nc-

323 4583 683 4653 ψευδηγορεῖν
720 4583 882 4654 οἰήσῃ
925 4582 1013 4634 τὸν
1060 4583 1540 4652 πνευματοφόρον;
1588 4583 1649 4634 οὐ
1686 4583 1793 4652 γάρ
1828 4599 1907 4634 τοι

325 4677 541 4745 κίνησιν
596 4675 966 4745 μεταϐατικὴν
998 4678 1233 4728 ποιεῖται
1274 4675 1334 4726 τὸ
1361 4674 1516 4726 Θεῖον
1545 4691 1556 4702 ·
1588 4675 1697 4727 οὐδ’
1735 4676 1801 4727 ἂν
1841 4675 1903 4726 ὲκ

324 4769 490 4820 τόπου
527 4772 661 4839 πρὸς
706 4768 868 4821 τόπον
918 4767 1357 4837 μεταχωρήσειεν
1402 4765 1489 4827 ἂν,
1540 4766 1614 4825 ὡς
1640 4766 1739 4818 οὐκ
1792 4766 1908 4818 ἐνὸν

327 4860 477 4929 αὐτῷ
526 4860 587 4912 τὸ
616 4862 673 4911 ὲν
732 4861 899 4912 πᾶσιν
954 4854 1092 4910 εἷναι
1150 4860 1245 4910 καὶ
1294 4861 1363 4910 τὰ
1413 4859 1591 4911 πάντα
1643 4857 1906 4929 πληροῦν.

329 4952 520 5005 Ταῦτά
552 4968 655 5002 που
687 4951 781 5002 καὶ
811 4949 829 5021 [
855 4951 940 5003 ἷσ.
968 4948 1151 5021 κατὰ]
1187 4950 1377 5002 σαυτόν
1398 4966 1410 4978 ·
1452 4949 1606 5021 λογιῇ
1634 4950 1689 5001 δὲ
1723 4949 1906 5013 πάλιν,

330 5046 423 5097 καὶ
462 5044 574 5096 τῶν
617 5042 836 5113 ἀληθῶν
869 5045 1232 5113 ἀπαναστήσῃ
1261 5042 1569 5112 δογμάτων,
1619 5041 1799 5112 σαυτῷ
1847 5057 1907 5092 τε

330 5138 425 5190 καὶ
468 5136 617 5207 μόνῳ
663 5133 1081 5189 κατακολουθεῖν
1113 5135 1420 5206 ᾑρημένος·
1470 5133 1584 5187 ἀλλ’
1617 5129 1763 5203 ἦσθά
1801 5150 1904 5187 που

331 5231 548 5292 πάντως
575 5230 636 5281 ὲν
661 5227 940 5297 ἀμείνοσιν
960 5227 1188 5290 ἐννοίαις
1210 5228 1388 5279 ἐκεῖνο
1413 5224 1871 5296 διενθυμούμενος
1889 5240 1905 5255 ⁸

329 5320 405 5382 ὡς
433 5320 578 5382 ἅπας
604 5321 737 5387 ἡμῖν
763 5319 791 5369 ὁ
822 5318 949 5388 περὶ
975 5317 1111 5371 Θεοῦ
1142 5316 1315 5385 Λόγος
1350 5317 1644 5386 πεποίηται
1676 5318 1775 5385 μὲν
1815 5318 1910 5370 ἁν-

330 5408 649 5478 ορωπίνωςο
682 5407 879 5459 νοεῖται
909 5424 972 5475 γε
1007 5406 1147 5475 μὴν,
1193 5406 1269 5469 ὡς
1318 5406 1384 5458 ἂν
1431 5405 1579 5475 αὐτῷ
1618 5408 1710 5457 καὶ
1761 5407 1908 5476 μόνῳ

328 5501 565 5570 πρέπον
612 5499 945 5571 τεθορύϐηκε
991 5500 1048 5552 δὲ
1090 5502 1150 5552 οὐ
1207 5500 1443 5568 μετρίως
1495 5499 1624 5552 αὐτὸ
1671 5500 1749 5562 τὸ,
1806 5500 1910 5554 ὑπὸ

415 5701 641 5769 'Epltes.
678 5716 749 5761 tv,
778 5701 862 5755 lO.
941 5702 961 5731 ³
984 5700 1140 5755 Joan.
1173 5717 1256 5763 tit.
1280 5702 1372 5756 51.
1448 5701 1468 5733 ⁸
1491 5700 1648 5755 Joan’.
1690 5718 1800 5772 vin,
1834 5705 1923 5761 ‘23.

332 5787 448 5837 xu,
486 5776 571 5827 18.
672 5774 692 5801 ⁸
720 5772 859 5825 l’sal.
903 5787 1022 5834 cui,
1056 5774 1144 5825 δυ.
1246 5775 1266 5803 ⁹
1290 5774 1471 5830 Gaiat.
1501 5787 1572 5838 tv,
1601 5774 1655 5826 4.

619 5868 887 5927 Parnm.
933 5868 1047 5928 Gn.
1080 5867 1320 5930 LXXVI

2012 4603 2117 4657 que
2154 4589 2221 4640 de
2261 4587 2377 4640 loco
2413 4588 2479 4640 ad
2507 4587 2685 4640 locum
2718 4588 2931 4648 transit,
2962 4586 3183 4656 perinde
3216 4600 3281 4638 ac
3317 4586 3360 4637 si
3400 4599 3503 4636 non
3537 4584 3586 4635 ei

2014 4679 2289 4745 proprium
2321 4677 2390 4729 sit
2438 4678 2489 4729 iu
2526 4678 2780 4731 omnibus
2825 4693 2948 4731 esse
2985 4686 3039 4730 ct
3073 4680 3250 4729 omnia
3296 4675 3585 4744 complere.

2015 4767 2137 4822 llaec
2170 4778 2346 4821 tecum
2378 4770 2491 4837 ipse
2524 4770 2764 4821 vicissim
2816 4768 3102 4837 cogitabis,
3130 4777 3186 4821 et
3232 4782 3259 4818 a
3298 4781 3424 4818 vera
3472 4781 3590 4817 seu-

2015 4860 2179 4913 teutia
2232 4860 2515 4923 discedes,
2565 4860 2658 4913 tibi
2708 4860 2809 4928 ipsi
2860 4870 2914 4913 et
2953 4862 3170 4927 quidem
3216 4858 3317 4911 soli
3366 4860 3590 4927 obsequi

2021 4961 2228 5004 certus.
2277 4950 2383 5005 Sed
2433 4951 2484 5003 in
2538 4950 2751 5004 meliori
2803 4965 2953 5004 esses
2992 4951 3179 5019 utique
3228 4951 3496 5004 sententia
3546 4952 3591 5005 si

2019 5044 2146 5097 illud
2188 5044 2479 5113 cogitares,
2527 5057 2742 5096 omnem
2785 5060 2813 5113 a
2843 5043 2996 5097 nobis
3036 5043 3103 5096 de
3145 5043 3255 5095 Deo
3287 5055 3590 5096 sermonem

2020 5135 2203 5189 haberi
2239 5135 2457 5204 quidem
2509 5133 2746 5188 humano
2793 5150 2964 5197 more,
3012 5136 3091 5188 sic
3126 5145 3301 5188 tamen
3343 5133 3591 5203 intelligi,

2019 5236 2074 5279 ut
2111 5227 2183 5280 illi
2222 5226 2321 5281 soli
2362 5228 2636 5280 c0nvenit.
2679 5223 2782 5281 Sed
2814 5226 2959 5279 illum
3000 5242 3105 5278 non
3156 5225 3343 5279 leviter
3375 5234 3595 5278 contur-

2019 5323 2187 5383 bavit,
2233 5322 2375 5388 quod
2423 5319 2516 5373 Dci
2566 5318 2746 5373 Patris
2801 5317 3030 5371 Verbum
3081 5317 3181 5371 sub
3226 5316 3345 5387 lege
3393 5315 3594 5370 factum

2017 5427 2136 5467 esse
2184 5412 2428 5465 dicitur“
2463 5430 2473 5463 :
2515 5411 2694 5463 nullus
2747 5419 2927 5463 tamen
2985 5418 3072 5462 est.
3116 5409 3168 5461 in
3225 5409 3325 5463 hac
3372 5420 3434 5461 re
3481 5418 3595 5457 me-

2022 5504 2202 5558 tuendi
2243 5504 2395 5557 locus
2426 5521 2439 5567 ;
2474 5517 2597 5557 nam
2641 5500 2938 5569 permansit
2973 5500 3116 5568 quod
3152 5509 3289 5563 erat,
3321 5494 3599 5564 legislator

2007 5705 2184 5759 ‘ibid.
2294 5699 2759 5767 "Psal.cvt,'20.
2839 5698 3268 5765 °lsa.1.xut,9.
3382 5692 3597 5748 'Exod.

3197 5856 3231 5917 3
3412 5868 3422 5899 t

3634 416 3669 449 1
