4054 6332
468 332 541 392 75
1456 328 1516 381 S.
1554 324 1830 382 CYRILLI
1871 321 2341 378 ALEXANDRINI
2384 324 2696 382 ARCIIIEP.
3658 331 3725 384 76

471 455 689 520 inquam
724 458 777 503 et
818 446 980 501 Deus.
1020 445 1100 499 Ae
1138 445 1182 499 si
1227 458 1333 499 non
1356 443 1533 499 factus
1558 453 1704 500 esset
1731 446 1917 507 homo,
1948 458 2043 497 ne-

2150 443 2313 514 νόμον
2340 445 2593 513 λέγεσθαι
2621 448 2715 501 τὸν
2740 449 2805 501 ὲκ
2839 447 2975 500 Θεοῦ
3011 446 3223 517 Ila-cpe;
3254 446 3584 515 γεγενῆσθαι
3626 450 3727 500 Λό-

468 558 573 613 que
599 540 767 595 etiam
813 539 914 594 sub
948 538 1061 606 lege
1103 537 1279 591 factus
1314 535 1521 591 fuisset.
1551 535 1655 591 Sed
1690 537 1814 606 quia
1860 550 2042 589 verum

2150 554 2263 605 γον.
2308 539 2447 592 Ἀλλ’
2486 540 2640 592 οὐδὲν
2683 542 2743 592 ἐν
2774 539 2946 609 τούτῳ
2978 538 3039 591 τὸ
3084 538 3276 607 δεῖμα’
3314 538 3590 607 μεμένηκε
3617 537 3727 609 γὰρ

467 644 551 686 est
587 632 824 702 scipsum
855 629 1191 692 humiliasse,
1238 628 1327 695 qui
1359 642 1425 683 ex
1468 638 1661 682 natura
1694 644 1786 681 sua
1831 641 2044 681 sursum

2150 630 2174 681 δ
2220 626 2321 701 ἦν·
2371 630 2667 701 νομοθέτης
2695 631 2934 702 δηλονότι
2969 629 3064 685 καί⁵
3109 629 3261 693 Θεός.
3294 630 3406 682 Καὶ
3440 630 3487 681 εί
3529 630 3628 699 μὲν
3666 630 3727 681 οὐ

468 733 583 778 erat
612 738 674 778 ac
715 722 985 782 sublimis,
1038 729 1093 774 et
1124 732 1387 788 praeterea
1425 720 1622 775 factum
1668 734 1789 774 esse
1813 718 1922 790 40
1944 732 2044 771 no-

471 819 569 873 stri
602 818 859 880 similem,
888 817 979 883 qui
1011 828 1174 882 supra
1208 827 1433 868 omnem
1464 821 1772 865 creaturam
1804 818 1942 872 erat,
1991 818 2045 862 et

469 925 591 964 cum
632 908 781 963 dives
809 916 977 968 esset,
1008 919 1304 975 pauperem
1347 902 1550 957 factum
1574 916 1695 956 esse
1730 901 1781 953 in
1812 916 1876 953 eo
1902 900 2045 970 quod

470 1014 553 1055 cst
590 1000 765 1054 factus
798 998 992 1054 similis
1028 996 1206 1052 nostri
1235 996 1300 1058 ’°,
1334 993 1603 1062 quomodo
1631 993 1781 1046 nefas
1820 992 1893 1045 sit
1922 1005 2045 1044 eum

470 1093 651 1148 dicere
699 1091 897 1144 factum
950 1104 1070 1143 esse
1130 1087 1409 1142 nobiscum
1461 1101 1524 1139 ac
1565 1084 1666 1139 sub
1719 1083 1875 1153 lege?
1908 1083 2046 1149 Quid

471 1183 655 1239 enim?
690 1200 757 1237 an
786 1197 893 1237 non
934 1193 1081 1237 reete
1111 1180 1376 1234 sentimus
1407 1193 1529 1232 cum
1562 1179 1809 1229 humanm
1837 1185 2047 1229 natura:

474 1293 781 1332 mensuram
812 1289 1063 1345 putamus
1094 1290 1158 1329 eo
1186 1272 1419 1335 deliniri,
1449 1272 1590 1340 quod
1623 1271 1694 1325 sit
1722 1269 1821 1339 legi
1864 1268 2046 1338 subje-

472 1368 598 1422 cta?
635 1382 757 1421 nam
788 1367 879 1422 illa
911 1366 1087 1419 soluta
1116 1374 1169 1418 et
1201 1378 1364 1430 supra
1397 1362 1566 1431 legem
1600 1361 1865 1423 essentia,
1896 1366 1949 1411 et
1980 1374 2046 1413 ex

471 1469 666 1513 natura
704 1472 764 1512 ac
802 1472 928 1513 vere
978 1457 1170 1521 libera,
1217 1455 1351 1509 nihil
1385 1454 1531 1507 aliud
1574 1467 1696 1507 esse
1726 1460 1903 1522 potest
1936 1452 2045 1505 nisi

475 1552 653 1606 Deus:
681 1564 809 1619 ergo
841 1564 961 1604 cum
997 1546 1233 1601 Verbum
1267 1546 1464 1600 factum
1493 1553 1573 1600 est
1595 1559 1743 1608 caro,
1778 1553 1887 1597 tum
1913 1558 2050 1613 quo-

472 1658 575 1710 que
617 1641 717 1695 sub
758 1642 872 1710 lege
926 1640 1128 1693 laetum
1172 1648 1255 1692 est
1289 1656 1301 1691 :
1337 1652 1459 1691 nam
1505 1651 1609 1691 una
1651 1651 1772 1690 cum
1834 1636 1917 1691 his
1957 1635 2046 1704 qui

475 1734 733 1787 tributum
779 1731 1107 1801 pendebant,
1158 1728 1471 1783 didrachma
1503 1728 1683 1798 posuit
1707 1727 1772 1792 “,
1804 1726 2049 1796 quamvis

472 1840 534 1877 ex
585 1839 680 1877 sua
733 1833 926 1875 natura
976 1821 1117 1876 liber
1158 1832 1322 1885 esset,
1359 1830 1543 1889 utpote
1574 1818 1806 1875 Deusac
1856 1818 2045 1881 Filius,

472 1931 536 1969 ac
564 1915 727 1969 etiam
761 1928 825 1968 eo
871 1924 1113 1982 tempore
1148 1928 1255 1982 quo
1291 1914 1491 1966 factum
1523 1918 1605 1966 est
1638 1925 1789 1965 caro.
1825 1909 1920 1964 Sin
1952 1911 2047 1965 tibi

476 2007 652 2076 placet
693 2022 857 2059 unum
902 2006 955 2059 in
1012 2007 1118 2058 duo
1154 2003 1417 2070 dividere,
1463 2013 1517 2058 et
1560 2019 1684 2057 eum
1731 2003 1823 2072 qui
1855 2012 1941 2057 est
1980 2017 2047 2056 ex

476 2099 721 2162 muliere,
750 2096 976 2151 seorsim
1007 2095 1284 2150 hominem
1326 2096 1699 2165 pronuntiare,
1738 2111 1972 2166 quonam
2007 2097 2051 2150 is

478 2191 634 2245 modo
682 2189 782 2245 sub
826 2188 941 2258 lege
991 2188 1164 2241 factus
1194 2188 1407 2241 dicetur
1453 2190 1545 2257 qui
1595 2198 1800 2242 natura:
1844 2190 1917 2244 sit
1949 2189 2050 2244 sub

478 2284 591 2352 lege
616 2280 842 2349 positae?
878 2279 990 2332 Non
1019 2278 1163 2332 enim
1199 2280 1342 2347 quod
1371 2278 1482 2347 jam
1511 2288 1595 2333 est
1622 2278 1723 2348 legi
1752 2279 2049 2344 subditum,

476 2373 529 2425 id
570 2371 686 2425 ﬁeri
719 2371 819 2424 sub
844 2369 959 2438 lege
991 2377 1193 2438 potest,
1224 2370 1316 2421 sed
1356 2369 1405 2421 id
1429 2370 1570 2437 quod
1610 2381 1861 2424 naturam
1889 2370 2051 2425 habet

476 2464 592 2530 lege
629 2462 985 2530 superiorem,
1022 2472 1086 2513 et
1119 2469 1270 2513 extra
1306 2459 1501 2529 legem.
1533 2459 1660 2514 Sola
1694 2472 1776 2515 est
1795 2462 1962 2527 enim,
1995 2472 2051 2516 ut

476 2554 609 2621 dixi,
653 2552 740 2606 illa
768 2552 948 2606 divina
986 2566 1348 2620 supremaque
1378 2561 1568 2606 natura
1598 2560 1651 2607 et
1686 2553 1825 2607 ultra
1854 2554 2047 2621 legem,
2090 2560 2097 2568 '

475 2653 530 2697 et
567 2650 824 2711 praeterea
867 2640 1056 2707 libera,
1091 2650 1147 2696 et
1188 2655 1308 2709 quae
1355 2641 1461 2697 sibi
1499 2642 1812 2713 praefectum
1858 2643 2053 2699 habeat

475 2748 701 2806 prorsus
734 2733 1030 2798 neminem,
1064 2733 1159 2785 sed
1207 2731 1323 2801 ipsa
1357 2731 1429 2787 sit
1466 2734 1648 2801 potius
1678 2734 2049 2789 universorum

477 2825 716 2888 domina,
766 2833 819 2878 et
864 2822 1115 2876 omnibus
1173 2823 1334 2878 rebus
1383 2838 1493 2878 sua:
1542 2824 1930 2879 dominationis
1964 2823 2052 2893 ju-

476 2937 602 2989 gum
634 2923 896 2989 imponat.
928 2919 1034 2974 Sed
1068 2920 1171 2974 iste
1198 2920 1282 2973 vir
1308 2934 1337 2972 a
1379 2927 1525 2972 recta
1568 2916 1933 2971 ratiocinandi
1961 2916 2050 2970 via

475 3029 600 3068 eum
646 3013 936 3076 aberrarit,
969 3012 1022 3066 in
1069 3028 1189 3067 eam
1236 3022 1320 3067 est
1368 3012 1618 3080 delapsus
1662 3009 2049 3079 cegitationum

2147 721 2373 790 γέγονεν
2402 722 2707 793 ἄνθρωπος.
2741 724 2799 775 οὐ
2830 722 3051 793 γέγονεν
3080 721 3186 775 ὑπὸ
3217 722 3401 791 νόμον.
3421 721 3645 790 Ἐπειδὴ
3671 720 3728 773 δέ

2149 819 2295 867 ἐστιν
2330 813 2549 886 ἀληθὲς,
2572 815 2654 867 ὅτι
2684 815 3080 867 τεταπείνωκεν
3111 812 3302 867 ἑαυτὸν
3328 815 3356 866 6
3401 813 3545 866 κατὰ
3568 811 3728 881 φύσιν

2153 906 2291 960 ἰδίαν
2327 906 2438 960 ἄνω
2476 924 2579 959 που
2610 907 2704 959 καὶ
2730 905 2933 977 ὑψηλός
2953 924 2966 939 ’
3014 902 3135 959 εἶτα
3164 906 3354 975 γέγονε
3388 906 3510 960 καθ’
3544 906 3691 976 ἡμᾶς
3711 944 3725 968 ,

2146 1003 2175 1053 6
2207 1000 2347 1073 ὑπὲρ
2382 1003 2564 1056 πᾶσαν
2607 1001 2707 1073 τὴν
2749 1001 2957 1056 κτίσιν*
2993 1003 3089 1054 καὶ
3119 1000 3374 1064 πλούσιος
3403 1000 3502 1066 ὢν,
3553 1000 3732 1055 ἐπτώ-

2148 1110 2310 1164 χευσε
2356 1094 2445 1147 διὰ
2486 1093 2581 1147 τοῦ
2610 1092 2864 1163 γενέσθαι
2890 1093 3011 1148 καθ’
3042 1095 3209 1165 ἡμᾶς,
3249 1092 3368 1156 πῶς
3399 1094 3499 1147 οὐκ
3538 1093 3606 1147 ἂν
3640 1092 3729 1146 λέο

2149 1202 2299 1254 γοιτο
2330 1186 2629 1257 μεθ’-ήμῶν
2660 1186 2914 1254 γενέσθαι
2944 1186 3037 1239 καὶ
3064 1185 3169 1238 ὑπὸ
3205 1185 3403 1256 νόμον;
3436 1185 3469 1256 ἢ
3506 1184 3628 1256 [ἴσ.

2148 1279 2257 1348 γὰρ
2297 1280 2359 1331 οὐ
2409 1277 2736 1349 λογιούμεθα
2785 1277 3109 1349 φρονοῦντες
3143 1276 3356 1348 ὀρθῶς,
3402 1277 3463 1330 τὸ
3492 1276 3591 1348 τῆς
3636 1278 3733 1330 ἀν-

2150 1368 2369 1439 θρώπου
2402 1370 2615 1437 φύσεως
2641 1369 2921 1439 ὁρίζεσθαι
2960 1369 3186 1439 μέτρον,
3230 1367 3305 1432 ὡς
3330 1367 3387 1421 ἐν
3416 1384 3479 1435 γε
3508 1367 3586 1437 τῷ
3619 1367 3731 1420 δεῖν

2148 1463 2244 1515 καὶ
2290 1463 2611 1516 ὑποκεῖσθαι
2660 1462 2842 1532 νόμῳ;
2889 1462 2951 1514 τὸ
2994 1462 3102 1531 γὰρ
3144 1461 3343 1530 ἄφετόν
3370 1478 3429 1514 τε
3470 1463 3564 1514 καλ⁵
3590 1462 3729 1533 ὑπὲρ

2150 1552 2331 1621 νόμον,
2364 1550 2522 1620 φύσει
2548 1568 2607 1603 τε
2640 1551 2734 1603 καὶ
2767 1550 2980 1619 ἀληθῶς
3006 1548 3295 1619 ἐλεύθερον
3330 1547 3416 1617 εἴη
3446 1547 3511 1600 ἂν
3535 1548 3725 1618 ἕτερον

2148 1644 2321 1709 οὐδὲν,
2357 1643 2497 1715 πλὴν
2545 1643 2627 1695 ὅτι
2659 1642 2720 1695 τὸ
2750 1643 2920 1695 Θεῖον·
2968 1640 3164 1694 οὐκοῦν
3193 1641 3281 1693 ὅτε
3313 1639 3505 1708 γέγονε
3555 1637 3729 1710 σὰρξ,

2151 1738 2273 1791 τότε
2319 1737 2510 1805 γέγονε
2557 1739 2650 1791 καὶ
2725 1736 2830 1789 ὑπὸ
2874 1735 3071 1807 νόμον
3118 1732 3433 1786 συνετέλεσε
3472 1733 3581 1802 γὰρ
3617 1733 3731 1794 τοῖς

2149 1828 2542 1900 δασμολογοῦσι
2570 1828 2628 1881 τὸ
2656 1828 2948 1900 δίδραχμον
2968 1843 2981 1854 ’
3014 1825 3189 1878 καίτοι
3227 1825 3370 1877 κατὰ
3400 1823 3562 1892 φύσιν
3591 1822 3729 1875 ἰδίαν

2150 1920 2554 1992 ἐλεύθεροςηῶν,
2581 1920 2655 1983 ὡς
2679 1920 2809 1982 Θεὸς
2832 1918 2925 1972 καὶ
2950 1918 3095 1982 Υἱὸς,
3124 1917 3219 1971 καὶ
3242 1919 3330 1969 ὅτε
3356 1918 3545 1985 γέγονε
3569 1915 3725 1986 σάρξ.

2150 2015 2213 2067 El
2243 2013 2299 2066 δέ
2330 2030 2411 2066 σοι
2439 2013 2587 2066 δοκεῖ
2616 2012 2703 2064 τὸν
2749 2012 2845 2064 ἕνα
2875 2012 3094 2081 τέμνειν
3123 2012 3203 2074 είς
3233 2009 3360 2076 δύο,
3408 2008 3501 2062 καὶ
3548 2008 3729 2070 ἰδικῶς

2151 2106 2281 2175 ἡμῖν
2314 2104 2600 2175 ἄνθρωπον
2630 2103 2953 2173 ἀποφαίνειν
2982 2103 3074 2155 τὸν
3102 2104 3165 2155 ὲκ
3195 2101 3452 2169 γυναικὸς
3472 2142 3486 2164 ,
3515 2101 3629 2163 πῶς
3662 2101 3730 2153 ἂν

2150 2196 2360 2263 λέγοιτο
2403 2194 2654 2262 γενέσθαι
2684 2195 2779 2247 καὶ
2806 2193 2912 2246 ὑπὸ
2938 2192 3120 2263 νόμον,
3172 2194 3200 2244 6
3251 2192 3353 2261 τῆς
3399 2191 3504 2243 ὑπὸ
3557 2192 3721 2260 νόμον

2152 2288 2365 2357 φύσεως
2397 2286 2500 2351 ὥνς
2540 2287 2613 2339 Ού
2646 2287 2755 2355 γάρ
2784 2302 2864 2337 τοι
2893 2286 2953 2339 τὸ
2980 2285 3119 2355 ἕχον,
3152 2283 3213 2336 τὸ
3254 2283 3362 2336 δεῖν
3407 2281 3727 2335 ὑποκεῖσθαι

2151 2382 2327 2451 νόμῳ,
2358 2380 2551 2449 γένοιτ’
2577 2380 2642 2433 ἂν
2671 2377 2776 2430 ὑπὸ
2817 2378 3010 2447 νόμου,
3038 2376 3175 2429 ἀλλὰ
3200 2377 3258 2429 τὸ
3289 2375 3451 2444 φύσιν
3484 2375 3604 2445 ἕχον
3628 2376 3729 2446 τὴν

2153 2473 2291 2542 ὑπὲρ
2330 2472 2510 2541 νόμον,
2560 2472 2654 2524 καὶ
2699 2469 2802 2536 ἔξω
2852 2470 3038 2538 νόμον.
3076 2470 3226 2537 Μόνη
3275 2468 3405 2540 γὰρ,
3456 2468 3529 2529 ὡς
3565 2468 3727 2535 ἔφην,

2152 2564 2320 2625 ἐστὶν,
2371 2564 2403 2632 ὴ
2453 2561 2573 2614 θεία
2632 2578 2689 2613 τε
2726 2562 2820 2614 καὶ
2858 2561 3135 2630 ὑπερτάτη
3167 2559 3359 2627 φύσις,
3408 2560 3504 2612 καὶ
3550 2560 3726 2629 νόμων

2152 2652 2427 2714 ἐπέκεινα,
2463 2650 2557 2703 καὶ
2601 2650 2699 2720 μέν
2736 2667 2817 2702 τοι
2864 2649 2960 2702 καὶ
3002 2648 3298 2719 ἐλευθέραο
3346 2649 3441 2701 καὶ
3477 2647 3567 2700 τὸν
3607 2650 3726 2699 ἐπι-

2155 2744 2355 2812 στάτην
2412 2743 2615 2811 ἔχουσα
2662 2739 2942 2804 παντελῶς
2992 2739 3204 2806 οὐδένα,
3257 2740 3605 2810 κατάρχουσα
3669 2738 3729 2793 δὲ

2158 2836 2357 2906 μᾶλλον
2404 2835 2542 2903 αὐτὴ
2591 2834 2699 2886 τῶν
2727 2834 2885 2897 ὅλων,
2935 2832 3031 2885 καὶ
3061 2833 3197 2885 πᾶσι
3238 2831 3332 2885 τὸν
3361 2832 3560 2901 ἑαυτῆς
3597 2830 3728 2884 ὑπο·

2153 2928 2362 2981 τιθεῖσα
2405 2926 2588 2995 ζυγόν.
2640 2925 2697 2979 Ὀ
2749 2925 2805 2977 δὲ
2850 2925 3111 2994 λογισμοῦ
3164 2923 3259 2977 τοῦ
3304 2923 3605 2995 πρέποντος
3651 2922 3729 2975 δι-

2155 3040 2187 3092 η
2196 3019 2510 3092 μαρτηκὼς,
2532 3017 2847 3080 δυσσεϐείας
2868 3020 2945 3081 είς
2960 3017 3116 3070 τοῦτο
3138 3016 3468 3069 κατώλισθεν
3488 3015 3725 3080 ἐννοιῶν,

475 3106 833 3176 ίηψίθιῖηθηιν
884 3112 938 3157 et
986 3118 1156 3172 ιιείιυθ
1209 3103 1345 3158 adeo
1395 3101 1461 3155 ad
1515 3115 1755 3156 summas
1804 3098 2120 3177 Ρθτνθηίίῦ
2154 3116 2247 3167 καὶ
2280 3115 2360 3174 εἰς
2388 3113 2557 3181 ἄκρον
2591 3112 2716 3182 ἥκει
2748 3112 3067 3180 σκαιότητος
3092 3152 3106 3176 ,
3138 3109 3245 3163 ἀπό
3271 3127 3334 3178 γε
3368 3110 3463 3162 τοῦ
3501 3110 3725 3180 διαιρεῖν

478 3197 709 3268 ineptias
751 3213 817 3252 ex
852 3213 916 3251 eo
944 3197 1084 3266 quod
1130 3211 1293 3250 unum
1336 3194 1625 3249 Dominum
1674 3192 1859 3248 Jesum
1891 3191 2052 3246 Chri-

477 3301 617 3344 stum
652 3289 705 3343 in
741 3291 848 3342 duo
876 3288 1088 3352 dividit,
1120 3297 1179 3342 ut
1210 3288 1470 3341 audacter
1490 3285 1690 3340 dixerit
1714 3285 1886 3353 ipsum
1921 3282 2049 3336 Ent-

478 3382 779 3437 manuelem
819 3398 995 3449 neque
1028 3396 1154 3435 vere
1191 3380 1360 3434 Deum
1395 3393 1536 3444 esse,
1584 3392 1761 3449 neque
1786 3387 2049 3446 praeterea

479 3475 776 3529 secundum
824 3484 1071 3525 naturam
1124 3470 1317 3525 Filium
1358 3489 1371 3524 :
1414 3470 1495 3524 sic
1538 3486 1668 3524 vero
1719 3467 2049 3537 appellatum

476 3564 751 3619 Christum
774 3573 828 3617 et
848 3572 1119 3627 sanctum,
1151 3572 1210 3616 ut
1236 3561 1325 3615 alii
1352 3576 1569 3629 quoque
1609 3559 1852 3614 nonnulli
1880 3559 2048 3613 nostri

477 3656 703 3718 similes,
753 3665 846 3709 aut
897 3656 1234 3722 impurorum
1287 3652 1591 3707 daemonum
1639 3653 1899 3706 cultores.
1957 3650 2047 3705 Sic

478 3764 710 3818 namque
745 3762 934 3802 rursus
960 3747 1095 3800 dixit
1126 3764 1137 3799 :

550 3840 814 3913 [Νεετοιι.
859 3840 965 3894 Sed
991 3840 1131 3894 sicut
1164 3838 1396 3893 dicimus
1426 3838 1591 3892 Deum
1630 3836 1774 3889 illum
1808 3835 2048 3888 omnium

476 3935 851 3996 Conditorem,
892 3942 947 3986 et
981 3931 1140 3985 deum
1170 3931 1343 3999 ipsum
1369 3929 1549 3983 Mosen
1579 3946 1593 3981 :
1625 3946 1643 3979 ι
1674 3928 1840 3981 Deum
1881 3926 2047 3984 enim,

476 4027 672 4096 inquit,
708 4025 857 4094 posui
898 4034 949 4077 te
980 4022 1250 4078 Pharaoni
1276 4023 1361 4087 ¹¹;
1396 4040 1414 4075 ι
1465 4030 1520 4075 et
1555 4021 1728 4091 ipsum
1774 4017 1938 4073 Israel
1988 4017 2049 4069 li-

477 4123 606 4173 lium
670 4118 763 4172 Dei
805 4136 818 4173 :
854 4134 873 4168 ι
904 4114 1115 4180 Filius,
1178 4113 1391 4183 inquit,
1446 4111 1835 4182 primogenitus
1898 4125 2050 4164 meus

475 4209 638 4264 lsrael
658 4209 739 4273 ’3;
768 4227 787 4259 ι
822 4208 1067 4263 utetiam
1091 4204 1226 4259 Saul
1257 4206 1430 4275 ipsum
1460 4205 1691 4258 dicimus
1731 4203 1996 4257 Christum
2030 4218 2045 4255 :

480 4321 499 4352 ι
534 4300 773 4363 Minime,
802 4300 994 4368 inquit,
1023 4299 1311 4353 extendam
1342 4312 1564 4351 manum
1597 4310 1769 4350 meam
1802 4294 1855 4349 in
1899 4308 2047 4357 eum,

475 4396 601 4463 quia
647 4393 885 4446 christus
915 4392 1124 4445 Domini
1155 4390 1341 4455 est“;
1379 4406 1397 4439 ι
1429 4398 1489 4443 et
1516 4388 1715 4458 Cyrum
1750 4387 2043 4442 similiter:

2153 3207 2235 3267 εἰς
2266 3203 2360 3257 δύο
2388 3203 2479 3256 τὸν
2507 3204 2605 3257 ἕνα
2649 3202 2856 3274 Κύριον
2895 3201 3102 3272 Ἰησοῦν
3136 3202 3391 3273 Χριστὸν,
3422 3202 3497 3263 ὡς
3523 3203 3725 3255 ἀνυπο-

2154 3296 2355 3361 στόλως
2385 3298 2590 3360 εἰπεῖν,
2634 3297 2771 3368 μήτε
2812 3295 2945 3349 Θεὸν
2975 3294 3213 3366 ἀληθῶς,
3274 3296 3413 3365 μήτε
3452 3294 3558 3365 μὴν
3594 3294 3721 3345 Υῖὸν

2151 3385 2290 3444 εἶναι
2340 3390 2482 3443 κατὰ
2525 3389 2685 3457 φύσιν
2736 3389 2825 3441 τὸν
2879 3389 3262 3460 Ἐμμανουήλ·
3303 3386 3616 3457 ὠνομάσθαι
3668 3388 3727 3440 δὲ

2151 3482 2292 3535 οὕτω
2326 3482 2560 3553 Χριστὸν
2593 3482 2689 3534 καὶ
2719 3481 2892 3549 ἅγιον,
2920 3481 3170 3552 καθάπερ
3204 3480 3394 3551 ἀμέλει
3425 3480 3516 3533 καὶ
3549 3478 3727 3548 ἕτεροί

2150 3594 2293 3638 τινες
2336 3575 2446 3627 τῶν
2492 3574 2612 3628 καθ’
2666 3576 2847 3646 ἡμᾶς,
2909 3575 3076 3644 ἡγουν
3132 3573 3241 3625 τῶν
3287 3572 3727 3644 λελατρευκότων

2152 3669 2263 3729 τοῖς
2288 3665 2620 3736 ἀκαθάρτοις
2645 3666 2927 3736 δαίμοσιν·
2966 3664 3068 3735 ἔφη
3097 3664 3202 3735 γὰρ
3233 3663 3375 3717 οὕτω
3412 3664 3591 3717 πάλιν·

2222 3841 2396 3914 [Ἀλλ’
2439 3842 2627 3912 ῶσπερ
2654 3840 2880 3911 λέγομεν
2912 3840 3043 3893 Θεὸν
3076 3840 3164 3893 τὸν
3210 3840 3430 3895 πάντων
3459 3844 3722 3910 Δημιουρο

2150 3931 2266 3999 γὸν,
2298 3930 2529 3983 καὶθεὸν
2547 3931 2637 3981 τὸν
2658 3930 2864 3983 Μωσέα
2887 3946 2899 3959 ·
2940 3950 2958 3980 ι
2991 3930 3122 3983 Θεὸν
3140 3929 3269 4001 γὰρ,
3302 3931 3468 4001 φησὶ,
3504 3929 3727 3983 τέθεικὰ

2153 4039 2211 4076 σε
2250 4021 2344 4074 τοῦ
2378 4020 2597 4091 Φαραώ·
2652 4041 2670 4071 ο
2720 4020 2815 4074 καὶ
2863 4020 2977 4073 υἱὸν
3019 4020 3112 4073 τὸν
3157 4020 3373 4091 Ἰσραὴλ
3422 4020 3517 4073 τοῦ
3566 4021 3725 4074 Θεοῦο

2156 4134 2175 4166 ι
2212 4114 2338 4176 Υἱὸς
2383 4112 2512 4183 γὰρ,
2549 4112 2713 4182 φησὶ,
2754 4111 3100 4181 πρωτότοκός
3135 4127 3235 4180 μου
3287 4110 3534 4181 Ἰσραήλο
3580 4130 3599 4162 ι
3630 4110 3727 4163 καὶ

2150 4208 2337 4277 ὥσπερ
2389 4205 2620 4275 λέγομεν
2680 4203 2898 4275 χριστὸν
2943 4202 3034 4255 τὸν
3078 4200 3286 4255 Σαούλο
3326 4220 3343 4253 ι
3373 4202 3445 4253 06
3485 4200 3558 4271 μὴ
3592 4201 3723 4269 γὰρ,

2150 4300 2333 4370 φησὶν.
2363 4297 2608 4350 ὲπιόαλῶ
2632 4298 2731 4366 τὴν
2761 4296 2919 4367 χεῖρά
2948 4313 3049 4365 μου
3074 4294 3160 4348 ἐπ’
3190 4294 3471 4357 αὐτὸν,ὄτι
3504 4294 3726 4364 χριστὸς

2150 4391 2356 4460 Κυρίου
2403 4391 2549 4443 ἐστί’
2591 4408 2609 4440 ι
2647 4390 2741 4441 καὶ
2795 4388 2975 4459 Κῦρον
3017 4385 3303 4449 ὡσαύτωςο
3343 4404 3359 4436 ι
3394 4386 3532 4439 Τάδε
3575 4384 3724 4452 λέγει

481 4507 497 4537 ι
532 4486 658 4540 Hzec
707 4486 836 4539 dicit
892 4483 1150 4538 Dominus
1204 4483 1407 4537 eliristo
1461 4496 1582 4535 meo
1631 4482 1774 4549 Cyro
1813 4481 1894 4547 ¹⁸;
1926 4499 1944 4531 ι
1993 4490 2048 4534 et

2151 4486 2357 4557 Κύριος
2378 4483 2456 4554 τῷ
2485 4481 2689 4555 χριστῷ
2721 4499 2822 4552 μου
2849 4480 3016 4552 Κύρῳ
3035 4494 3050 4510 ’
3076 4498 3093 4531 ›
3136 4479 3231 4533 καὶ
3263 4478 3354 4531 τὸν
3387 4476 3727 4530 Βαϐυλώνιον

476 4580 650 4647 ipsum
687 4575 1037 4646 Babylonium
1067 4584 1314 4628 sanctum
1350 4591 1363 4627 :
1395 4592 1414 4625 ι
1450 4572 1585 4641 Ego,
1622 4572 1816 4641 inquit,
1852 4572 2045 4640 ιη’ωοὶ-

476 4671 564 4738 pio
612 4668 758 4723 eis”
784 4685 798 4722 :
824 4687 854 4718 .i
895 4669 973 4721 sic
1011 4668 1246 4721 dicimus
1288 4668 1462 4734 ipsum
1506 4680 1723 4734 quoque
1760 4665 2047 4718 Dominum

474 4762 771 4823 Christum,
808 4770 862 4813 et
909 4758 1099 4820 Deum,
1156 4767 1211 4812 et
1259 4755 1481 4819 Filium,
1535 4765 1590 4808 et
1621 4764 1891 4809 sanctum.
1939 4753 2045 4808 Sed

472 4852 719 4919 quamvis
764 4852 953 4904 eadem
1004 4850 1075 4901 sit
1113 4846 1423 4901 eounuunio
1470 4844 1771 4909 nominum,
1824 4861 1928 4899 non
1968 4854 2045 4898 ta-

474 4960 595 4997 men
630 4951 713 4996 est
741 4943 928 4997 eadem
958 4939 1240 5012 dignitas]

1118 5055 1269 5109 CAP.
1311 5054 1401 5109 IV.

540 5173 676 5238 Quid
706 5174 877 5228 dicis?
903 5172 1121 5242 qualem
1167 5185 1473 5227 sermonem
1512 5182 1729 5229 eructas
1769 5179 1838 5231 de
1886 5178 2051 5235 corde

541 5328 585 5405 ξ’
610 5328 652 5382 ll
676 5328 802 5386 Cor.
835 5328 1049 5405 Ῡιιιηθ..
1145 5329 1185 5359 ³⁸
1214 5328 1403 5405 Matth.
1440 5346 1573 5397 xvn,
1604 5333 1677 5389 2'5
1709 5349 1863 5405 seqq.

472 5396 642 5453 "lsa.
671 5414 796 5464 xu,
836 5398 889 5451 1.
968 5398 1137 5453 “lsa.
1175 5414 1295 5465 xui,
1320 5401 1375 5454 5.

1969 5338 2012 5366 ¹²
2050 5334 2223 5392 Exod.
2263 5350 2363 5400 vn,
2408 5333 2461 5386 1.

2151 4581 2340 4648 ἅγιον·
2380 4597 2397 4629 ι
2436 4575 2578 4644 Ἐγὼ
2615 4574 2745 4646 γὰρ,
2778 4574 2934 4643 φησὶ,
2972 4573 3256 4627 συντάσσω
3298 4572 3479 4631 αὐτοῖς
3507 4569 3618 4638 (ll)
3644 4585 3657 4598 ·
3704 4588 3720 4618 ι

2149 4669 2292 4722 οὕτω
2323 4666 2556 4737 λέγομεν
2601 4667 2689 4719 καὶ
2722 4664 2809 4716 τὸν
2836 4662 3113 4732 Δεσπότην
3143 4660 3404 4731 Χριστὸν,
3453 4659 3547 4711 καὶ
3596 4656 3730 4709 Θεὸν

2156 4762 2250 4815 καὶ
2281 4760 2406 4814 Υἱὸν
2441 4760 2535 4812 καὶ
2578 4757 2756 4826 ἆγιον.
2792 4755 2931 4809 Ἀλλ’
2964 4756 2997 4825 ἠ
3046 4754 3142 4823 μὲν
3190 4750 3444 4805 κοινωνία
3475 4745 3583 4803 τῶν
3608 4750 3727 4803 ὀνο·

2154 4855 2341 4925 μάτων
2369 4852 2551 4922 ὁμοία,
2583 4852 2681 4919 οὐχ
2713 4851 2745 4920 ή
2773 4849 2909 4918 αὑτὴ
2938 4847 2981 4900 δ’
3015 4843 3177 4915 ἀξία]

2752 5061 3001 5115 ΚΕΦΑΛ.
3056 5061 3129 5111 Δ’.

2223 5180 2288 5235 Τί
2322 5180 2459 5250 φής
2493 5178 2645 5230 ποῖον
2668 5172 2870 5245 ὲρεύγῃ
2899 5170 3055 5238 λόγον
3081 5165 3190 5220 ἀπὸ
3222 5165 3447 5236 καρδίας
3472 5166 3569 5237 τῆς
3604 5167 3728 5238 σῆς.

2570 5329 2808 5385 "Exod.
2842 5345 2917 5396 iv,
2946 5328 3041 5382 22.
3162 5327 3206 5359 ”
3245 5325 3263 5381 Ι
3306 5325 3438 5395 [\eg.
3477 5339 3624 5389 xxiv,
3669 5323 3725 5377 7.

1733 5532 1894 5591 ANT.
1934 5533 2212 5591 AGELLI!
2252 5533 2488 5590 ΝΟΤᾸΞ.

546 5690 653 5763 (Η)
678 5694 908 5751 Omnino
938 5692 1217 5765 legendum
1247 5698 1354 5757 est,
1382 5690 1581 5765 ᾴγίοις,
1607 5690 1856 5765 quamvis
1877 5691 2036 5746 codd.

466 5762 789 5837 repugneu,
839 5767 920 5827 sic
966 5762 1198 5833 namque
1244 5763 1531 5834 requirunt
1575 5762 1905 5831 sequentia:
1959 5764 2039 5818 sic

2148 5692 2314 5745 etiam
2351 5689 2554 5744 habent
2587 5688 2794 5744 Hebraei
2829 5690 2988 5747 codd.
3024 5689 3175 5746 Isaiae
3225 5704 3346 5757 xm,
3386 5699 3439 5743 et
3482 5685 3729 5743 nonnulli

2148 5761 2345 5827 Graeci,
2377 5759 2701 5831 ἡγιασμένοι
2724 5760 2853 5815 εἰσί.
