4054 6332
378 390 445 447 Ἠ
1502 385 1871 441 ADVERSUS
1908 386 1948 438 Ν

2062 384 2307 440 TOBIUM
2348 383 2474 437 LIB.
2504 383 2569 439 ll.
3552 389 3620 440 73

380 505 472 555 καὶ
500 502 598 553 οὐκ
625 500 732 554 ἀπὸ
756 501 1014 571 στόματος
1035 501 1260 572 Κυρίου,
1281 500 1423 553 κατὰ
1452 500 1508 553 τὸ
1542 500 1947 571 γεγραμμένονς

2062 509 2169 565 tuo,
2202 516 2306 554 non
2334 500 2399 554 ab
2428 514 2524 553 ore
2550 498 2782 561 Domini,
2811 508 2869 551 ut
2908 498 3165 568 scriptum
3189 508 3273 553 est
3301 500 3339 529 "’
3367 500 3428 553 ?(
3458 499 3627 555 Nemo

385 614 403 643 ι
429 594 614 655 Οὐδεὶς
636 593 782 660 λέγει
813 593 1300 664 ἁνάθεμαΊησοῦν,
1322 596 1369 647 εί
1396 593 1470 665 μὴ
1493 596 1549 647 ἐν
1571 594 1915 658 Βεελζεϐούλ.
1932 612 1949 642 ι

394 686 479 748 Ὠς
522 684 589 737 ἂν
634 688 803 738 νοοῖτο
833 685 1018 756 τυχὸν,
1054 686 1087 756 ἢ
1122 686 1331 756 λέγοιτο
1379 688 1515 756 πρὸς
1559 686 1715 757 ἡμῶν
1761 687 1895 748 Θεὸς
1927 687 1956 738 6

382 780 608 849 Μωσῆς,
643 781 785 833 οὓτω
815 782 908 834 καί⁸
936 784 966 834 6
990 782 1257 850 Χριστός;
1288 781 1410 835 καθ’
1443 782 1738 852 ὁμοιότητα
1769 782 1825 835 δὲ
1860 780 1956 854 τὴν

384 873 518 941 πρός
541 888 602 937 γε
630 872 721 924 τὸν
752 872 967 943 Ἰσραὴλ
987 873 1072 942 εἴη
1106 872 1173 926 ἂν
1200 873 1295 926 καὶ
1313 874 1463 937 υἱός;
1492 873 1609 925 είπέ
1634 889 1746 942 μοι·
1768 874 1830 924 ’Ὠ
1858 874 1957 940 τῆς

382 964 728 1027 δυσσεϐείας·
771 964 816 1017 ὣ
839 965 1014 1034 λόγων
1045 965 1421 1035 ἡφειδηκότων
1453 967 1553 1036 τῆς
1586 966 1679 1018 τοῦ
1704 965 1955 1036 Σωτῆρος

383 1054 537 1124 ἡμῶν
573 1054 999 1126 κατεπαίρεσθαι
1042 1053 1226 1121 δόξης·
1262 1054 1307 1107 ὣ
1334 1054 1635 1125 δυσμαθίας
1674 1056 1911 1126 ἀκράτου
1936 1092 1955 1119 ,

384 1145 477 1196 καὶ
519 1146 694 1197 πάντα
728 1145 965 1215 νικώσης
1000 1146 1185 1211 ὄκνον,
1219 1147 1313 1199 τὸν
1339 1147 1433 1198 ἐπὶ
1474 1147 1536 1199 τὸ
1577 1146 1774 1217 χρῆναί
1814 1164 1956 1216 φημι

380 1236 491 1287 τῶν
536 1235 639 1303 τῆς
698 1235 1025 1306 Ἐκκλησίας
1071 1237 1357 1307 δογμάτων
1403 1237 1633 1299 ἀνοσίως
1680 1238 1956 1307 καταθρα-

386 1323 673 1377 σόνεσθαιί
701 1324 959 1379 ιΓαλλέτω
988 1327 1082 1377 καὶ
1115 1324 1212 1378 νῦν
1238 1328 1267 1378 6
1298 1325 1567 1396 μακάριος
1600 1325 1762 1378 Δαὸίδ
1782 1343 1796 1356 ⁸
1836 1344 1854 1378 ι
1895 1328 1957 1380 Οί

385 1416 567 1486 ἐχθροὶ
600 1416 806 1486 Κυρίου
834 1416 1132 1484 ἐψεύσαντο
1179 1417 1347 1488 αὐτῷ.
1385 1437 1402 1468 ι
1438 1418 1634 1489 Μωσῆς
1668 1419 1767 1488 μὲν
1795 1420 1901 1490 γὰρ
1928 1422 1958 1473 6

384 1507 690 1570 θεσπέσιος,
718 1507 1004 1579 ἄνθρωπος
1049 1504 1120 1579 ἦν
1150 1511 1272 1562 καθ’
1312 1511 1459 1580 ἡμᾶς
1494 1510 1590 1581 τὴν
1636 1510 1826 1580 φύσιν,
1860 1512 1956 1564 καὶ

383 1597 569 1666 ἕτερον
631 1597 804 1652 οὐδέν.
872 1598 1088 1668 Ἐπειδὴ
1127 1598 1185 1652 δὲ
1220 1599 1355 1652 Θεοῦ
1386 1600 1633 1668 λέγοντος
1655 1616 1668 1630 ⁸
1706 1620 1725 1651 ι
1762 1600 1953 1671 Δεῦρο,

382 1689 686 1741 ἀποστείλω
729 1707 787 1742 σε
832 1691 967 1761 πρὸς
1005 1691 1206 1762 Φαραὼ
1238 1692 1466 1762 βασιλέα
1511 1693 1820 1762 Αίγύπτου,
1860 1697 1956 1748 καὶ

384 1781 595 1846 ἐξάξεις
651 1785 779 1846 τοὺς
833 1785 983 1847 υἱοὺς
1051 1784 1264 1855 Ἰσραὴλ
1319 1786 1384 1837 ὲκ
1437 1786 1540 1856 γῆς
1592 1785 1889 1853 Αἰγύπτου·
1930 1804 1948 1835 ι

2057 596 2183 647 dicit
2228 595 2511 647 anathema
2553 591 2756 656 Iesum,
2803 592 2905 646 nisi
2953 593 3005 646 in
3045 592 3345 647 Beelzebub
3383 594 3447 645 ¹⁸.
3493 614 3512 646 ι
3556 593 3626 649 Ut

2058 684 2393 754 intelligitur,
2442 684 2585 738 verbi
2621 684 2789 753 gratia
2813 727 2828 750 ,
2861 693 2954 738 aut
2990 684 3190 737 dicitur
3224 700 3253 738 a
3300 685 3456 740 nobis
3496 688 3626 740 deus

2057 777 2171 844 ipse
2203 776 2399 838 Moses,
2424 775 2501 830 sic
2528 775 2689 830 etiam
2711 775 3001 831 Christus?
3024 775 3127 847 41
3151 777 3317 839 itane,
3363 778 3447 847 dic
3471 779 3625 843 mihi,

2057 866 2125 920 ad
2148 866 2556 921 similitudinem
2574 865 2787 919 lsraelis
2808 872 2891 919 est
2914 865 3077 919 etiam
3104 866 3278 921 tilias?
3296 863 3339 920 Ο
3357 863 3625 921 summam

2058 958 2410 1028 impietatem,
2441 972 2476 1012 0
2508 958 2672 1011 verba
2701 972 2819 1026 qua:
2853 973 2953 1011 nec
2988 957 3159 1026 ipsius
3194 956 3491 1013 Salvatoris
3527 977 3628 1014 uo-

2057 1049 2155 1102 stri
2191 1048 2413 1118 gloriam
2441 1049 2747 1117 deprimere
2775 1059 3064 1115 verentur;
3108 1064 3140 1104 ο
3170 1050 3485 1105 effrenatam
3527 1052 3629 1104 im-

2057 1140 2305 1208 peritiam
2340 1150 2394 1195 et
2425 1149 2647 1205 tantam,
2684 1149 2741 1193 ut
2772 1141 2990 1195 minime
3021 1141 3333 1197 reformidet
3370 1143 3630 1197 adversus

2058 1230 2314 1284 Ecclesiae
2362 1222 2612 1300 dogmata
2670 1231 2835 1299 impie
2894 1242 2947 1285 et
3012 1234 3271 1285 audacter
3323 1233 3625 1305 insurgere.

2057 1321 2258 1376 Psallat
2292 1338 2435 1378 nunc
2470 1340 2685 1393 quoque
2720 1327 2913 1379 beatus
2967 1324 3132 1377 David
3170 1343 3184 1378 :
3222 1343 3240 1374 ι
3272 1324 3480 1380 Inimici
3521 1327 3629 1380 Do-

2058 1415 2191 1467 tnini
2220 1414 2428 1468 mentiti
2472 1425 2597 1473 sunt
2628 1415 2674 1468 ei
2702 1416 2765 1468 η.
2799 1434 2818 1467 ι
2865 1414 2998 1468 Nam
3035 1416 3222 1470 beatus
3263 1415 3436 1471 Moses
3469 1417 3631 1471 homo

2056 1516 2193 1570 erat,
2231 1522 2297 1562 ex
2343 1520 2531 1563 natura
2563 1509 2756 1563 similis
2804 1510 2980 1572 nobis,
3016 1509 3150 1562 nihil
3177 1519 3466 1578 praeterea.
3494 1509 3632 1577 Quia

2057 1612 2186 1652 vero
2209 1599 2420 1655 dicente
2454 1600 2561 1654 Deo
2591 1618 2604 1653 :
2641 1620 2659 1651 ι
2688 1598 2849 1665 Veni,
2877 1600 3085 1654 mittam
3119 1612 3171 1654 te
3196 1601 3260 1654 ad
3294 1599 3628 1656 Pharaonem

2060 1704 2237 1759 regem
2266 1690 2506 1762 Egypti,
2536 1701 2591 1748 et
2614 1691 2810 1747 educes
2842 1692 2981 1747 filios
3004 1690 3168 1746 Israel
3203 1693 3268 1745 de
3298 1702 3439 1746 terra
3466 1691 3632 1763 Egy-

2058 1784 2131 1850 pti
2163 1783 2247 1833 "z
2282 1801 2301 1833 ι
2335 1798 2434 1853 pro
2463 1784 2746 1839 recusandi
2776 1785 3065 1838 occasione
3093 1783 3447 1852 exiguitatem
3484 1785 3634 1839 vocis

383 1876 765 1946 παραιτήσεως
821 1876 1077 1946 ἀφορμὰς
1129 1853 1370 1930 -ὲποιεῖτο
1424 1853 1522 1949 τὴν
1594 1878 1906 1949 ίχνομυθίαν
1933 1916 1950 1941 ,

2062 1873 2318 1939 obtendit,
2356 1886 2610 1929 causatus
2638 1876 2779 1944 quod
2821 1876 3042 1931 minime
3084 1888 3232 1931 esset
3275 1875 3534 1944 eloquens
3565 1876 3635 1930 ab

384 1965 478 2018 καὶ
509 1965 569 2016 τὸ
605 1964 679 2035 μὴ
709 1964 932 2028 εὕλαλος
960 1960 1101 2018 εἶναι
1121 2006 1136 2028 ,
1169 1967 1272 2037 πρὸ
1302 1968 1399 2037 τῆς
1426 1965 1573 2037 χθὲς,
1606 1968 1699 2019 καὶ
1722 1966 1828 2037 πρὸ
1853 1970 1953 2037 τῆς

382 2056 609 2125 τοίτης,
655 2058 854 2125 ἤκουσε
904 2057 1039 2110 Θεοῦ
1086 2057 1361 2126 λέγοντος·
1402 2077 1419 2110 ι
1466 2058 1595 2111 Ἰδοὺ
1646 2059 1852 2113 δέδωκά
1894 2076 1953 2112 σε

383 2147 503 2198 θεὸν
538 2147 766 2217 Φαραώ·
802 2150 895 2200 καὶ
937 2148 1147 2220 Ἀαρὼν
1184 2151 1213 2202 6
1254 2150 1482 2218 ἀδελφός
1533 2166 1628 2203 σου
1676 2149 1829 2203 ἐσται
1871 2168 1952 2203 σοι

384 2238 687 2308 ὑποφήτης.
719 2257 737 2287 ι
786 2239 1046 2309 Ἀδρανὴς
1087 2240 1187 2309 μὲν
1230 2242 1337 2311 γὰρ
1382 2243 1411 2292 6
1443 2242 1602 2310 νόμος
1630 2244 1711 2304 είς
1740 2242 1800 2294 τὸ
1846 2242 1954 2295 ἀπ-

382 2331 664 2385 αλλάττειν
691 2332 949 2385 δύνασθαί
991 2350 1116 2386 τινα
1159 2333 1261 2403 τῆς
1304 2335 1407 2387 ὑπὸ
1446 2334 1524 2404 τῷ
1564 2334 1792 2405 διαϐόλῳ
1835 2335 1955 2386 δου-

384 2422 548 2485 λείας.
604 2421 1000 2487 Μεσιτεύοντος
1058 2423 1116 2476 δὲ
1163 2423 1256 2478 τοῦ
1323 2425 1585 2498 Χριστοῦ,
1646 2427 1740 2479 καὶ
1794 2424 1957 2479 τοῦτο

385 2513 763 2585 κατώρθωται.
795 2515 1064 2586 Καθάπερ
1106 2515 1297 2586 ἀμέλει
1332 2518 1581 2579 συνόντος
1605 2517 1665 2570 τὸ
1698 2517 1955 2579 τηνικάδε

384 2605 478 2659 τοῦ
516 2606 727 2676 Ἀαρὼν
759 2606 838 2676 τῷ
873 2607 1146 2678 θεσπεσίῳ
1174 2610 1345 2679 Μωσῇ
1371 2650 1387 2675 ,
1448 2609 1548 2679 τῆς
1592 2610 1651 2662 ἐν
1696 2610 1957 2678 Αἰγύπτῳ

384 2699 627 2761 δουλείας
668 2700 697 2751 6
758 2700 974 2770 Ἰσραὴλ
1019 2700 1423 2770 ἀπηλλάττετο·
1470 2700 1658 2771 ἐπειδὴ
1710 2701 1766 2753 δὲ
1815 2699 1957 2753 κατὰ

387 2791 609 2859 καιροὺς
656 2789 878 2861 ἔμελλεν
906 2793 934 2843 6
962 2791 1197 2861 Χριστὸς
1234 2790 1486 2858 γενέσθαι
1518 2792 1613 2844 καὶ
1644 2791 1749 2842 ὑπὸ
1772 2791 1955 2860 νόμον,

388 2881 459 2943 ὡς
499 2880 621 2933 καθ’
663 2882 808 2951 ἡμᾶς
856 2899 916 2934 τε
962 2884 1057 2935 καὶ
1103 2882 1389 2954 ἄνθρωπος
1415 2924 1427 2944 ,
1461 2882 1699 2937 τέθειταί
1748 2899 1866 2945 πως
1898 2883 1956 2934 ἐν

384 2973 656 3044 δευτέροις
704 2973 801 3027 τοῦ
839 2974 1085 3037 Μωσέως
1142 2978 1171 3029 6
1224 2974 1467 3046 Ἀαρών·
1505 2976 1603 3028 καὶ
1642 2977 1672 3028 6
1724 2974 1824 3042 μὲν
1862 2972 1957 3026 τοῦ

388 3065 687 3136 μυστηρίου
718 3065 896 3131 λόγος,
920 3065 1123 3117 οὑτοσί.
1165 3065 1312 3137 Πλὴν
1342 3068 1389 3117 εί
1427 3064 1601 3118 ἓλοιτό
1628 3081 1713 3127 τις
1736 3064 1959 3117 κάκεῖνο

2059 1965 2172 2019 heri
2205 1976 2259 2018 et
2287 1968 2480 2021 nudius
2507 1968 2718 2033 tertius,
2744 1968 2863 2022 ideo
2886 1967 3054 2022 Deum
3083 1969 3349 2023 dicentem
3374 1968 3582 2022 audivit
3614 1986 3630 2023 ι

2062 2074 2079 2105 ι
2108 2055 2245 2111 Ecce
2286 2058 2405 2112 dedi
2457 2066 2508 2112 te
2551 2060 2711 2113 deum
2759 2058 3075 2126 Pharaonis,
3123 2069 3178 2113 et
3232 2060 3412 2114 Aaron
3467 2060 3635 2114 frater

2058 2157 2180 2202 tuus
2206 2150 2309 2202 erit
2347 2149 2440 2203 tibi
2471 2151 2741 2219 interpres
2768 2152 2834 2204 ".
2868 2169 2888 2201 ι
2929 2151 3147 2205 lnfirma
3182 2167 3415 2221 namque
3446 2160 3528 2207 est
3550 2152 3632 2208 lex

2057 2241 2123 2293 ad
2165 2240 2472 2310 quempiam
2508 2256 2538 2303 θ
2585 2240 2785 2297 diaboli
2823 2246 3086 2298 servitute
3118 2242 3478 2298 liberandum.
3524 2244 3632 2300 Sed

2058 2330 2110 2385 id
2145 2347 2360 2401 quoque
2394 2333 2693 2389 mediatore
2717 2334 2940 2389 Christo
2981 2334 3277 2405 perfectum
3307 2345 3412 2401 est,
3439 2352 3632 2405 quem-

2058 2420 2346 2474 admodum
2375 2421 2582 2476 scilicet
2604 2438 2670 2477 eo
2694 2433 2934 2490 tempore
2958 2424 3010 2477 in
3036 2422 3274 2493 Egypto
3304 2438 3426 2478 cum
3481 2427 3636 2479 heato

2060 2511 2192 2565 Mosi
2226 2512 2338 2581 ipse
2364 2513 2543 2567 Aaron
2581 2513 2773 2568 fuisset
2808 2515 3114 2583 adjunctus,
3152 2516 3311 2570 Israel
3343 2528 3427 2569 est
3457 2532 3484 2569 a
3518 2532 3635 2571 ser-

2060 2604 2229 2657 vitute
2262 2604 2541 2661 liberatus.
2573 2606 2675 2660 Sed
2708 2606 2832 2675 quia
2862 2621 3116 2661 successu
3144 2617 3449 2676 temporum
3485 2608 3633 2663 futu-

2060 2712 2176 2748 rum
2208 2707 2325 2751 erat
2359 2707 2417 2750 ut
2446 2699 2697 2754 Christus
2736 2702 2902 2754 etiam
2937 2700 3038 2755 sub
3081 2699 3199 2771 lege
3240 2701 3414 2763 fieret,
3448 2710 3637 2769 utpote

2061 2789 2230 2842 nostri
2265 2789 2463 2845 similis
2509 2802 2563 2844 et
2596 2795 2778 2857 homo,
2836 2793 2956 2847 ideo
3001 2803 3125 2863 post
3173 2793 3355 2848 Mosen
3398 2797 3636 2848 secundo

2059 2877 2177 2933 lere
2209 2880 2415 2949 positus
2441 2894 2524 2937 est
2546 2885 2748 2938 Aaron.
2778 2883 2953 2954 Atque
2984 2885 3099 2940 hate
3132 2895 3215 2939 est
3249 2886 3463 2955 quidem
3500 2887 3636 2941 ratio

2060 2972 2327 3042 mysterii.
2367 2973 2472 3027 Sed
2516 2986 2693 3030 tamen
2727 2978 2769 3030 si
2811 2978 2933 3045 quis
2962 2977 3095 3032 velit
3137 2977 3267 3032 illud
3308 2993 3524 3049 quoque
3554 2981 3637 3035 di-

2060 3075 2202 3126 cere,
2241 3061 2425 3117 Mosen
2460 3063 2606 3118 illum
2636 3081 2884 3135 magnum
2918 3069 3088 3122 virum
3134 3069 3235 3123 hac
3278 3071 3361 3125 dei
3399 3072 3635 3142 appella-

385 3159 579 3223 εἰπεῖν,
605 3158 681 3221 ὡς
709 3161 777 3228 τῇ
807 3158 901 3210 τοῦ
933 3157 1067 3210 Θεοῦ
1106 3158 1295 3227 κλήσει
1337 3159 1433 3211 καὶ
1465 3160 1493 3211 6
1546 3157 1720 3229 μέγας
1750 3159 1957 3219 ἐκεῖνος

2065 3152 2210 3207 tione
2242 3154 2404 3209 fuisse
2440 3156 2785 3222 honoratum,
2806 3158 2959 3227 juxta
2992 3174 3279 3216 commune
3311 3162 3462 3227 illud,
3493 3174 3545 3217 et
3569 3180 3634 3219 ex

384 3250 673 3320 τετίμηται
698 3250 902 3320 Μωσῆς
923 3292 937 3315 ,
979 3250 1122 3303 κατὰ
1157 3252 1216 3303 τὸ
1251 3252 1425 3303 κοινὸν
1456 3250 1520 3321 δὴ
1546 3250 1723 3312 τοῦτο,
1756 3250 1853 3302 καὶ
1881 3249 1957 3312 ὡς

386 3344 442 3394 ὲν
473 3343 656 3413 χάριτι
684 3344 775 3395 καὶ
809 3344 1089 3412 φιλοτιμίᾳ
1120 3345 1185 3414 τῇ
1209 3343 1362 3413 παρὰ
1387 3342 1523 3395 Θεοῦ
1550 3343 1609 3395 τὸ
1637 3343 1772 3414 πρὸς
1808 3343 1957 3412 ἡμᾶς

386 3435 695 3504 εἰρημένον·
727 3454 746 3485 ι
770 3434 910 3502 Ἐγὼ
939 3429 1095 3487 εἶπα’
1124 3435 1247 3487 Θεοί
1276 3436 1419 3497 ἐστε,
1440 3435 1536 3487 καὶ
1564 3435 1670 3487 uici
1702 3434 1957 3503 Ὑψίστου

386 3529 607 3590 πάντες·
647 3547 665 3578 ι
696 3523 805 3599 ἆρα
831 3529 923 3580 καὶ
950 3527 1091 3580 οῦτω
1115 3527 1245 3590 Θεὸς
1273 3529 1300 3579 6
1320 3528 1590 3598 Χριστός;
1624 3527 1819 3581 Καίτοι
1844 3527 1959 3590 πῶς

385 3617 446 3668 οὐ
485 3618 651 3686 μανία
687 3617 842 3669 τοῦτό
868 3635 953 3685 γε,
990 3621 1083 3671 καὶ
1106 3618 1301 3688 φρενὸς
1336 3618 1581 3687 ἀμαθοῦς
1623 3618 1960 3688 ἁπόὸρασμα

388 3709 573 3774 κενόν;
620 3708 678 3759 '0
712 3709 811 3778 μὲν
840 3708 968 3778 γὰρ,
1003 3708 1077 3771 ὡς
1116 3708 1273 3777 ἔφην,
1323 3708 1452 3779 ψιλῇ
1506 3709 1599 3761 καὶ
1647 3708 1785 3779 μόνῃ
1815 3708 1960 3759 τετί-

390 3818 555 3870 μηται
606 3800 820 3871 κλήσει,
847 3801 945 3871 τὴν
981 3800 1141 3869 φύσιν
1186 3800 1469 3872 ἄνθρωπος
1499 3800 1607 3853 ὢν·
1658 3803 1687 3853 6
1735 3801 1792 3853 δὲ
1841 3802 1962 3853 ἐστὶ

384 3889 518 3952 Θεὸς
559 3890 811 3959 amom-
848 3891 979 3953 Θεὸς
1010 3891 1117 3960 γὰρ
1145 3887 1212 3960 ἦν
1260 3892 1288 3944 6
1334 3892 1501 3959 Λόγος
1553 3894 1610 3943 ἐν
1643 3891 1961 3961 ἀνθρωπεία

389 3986 572 4053 μορφῇ
600 4022 613 4045 ν
660 3984 758 4052 τῆς
809 3983 943 4046 ἰδίας
979 3983 1190 4051 φύσεως
1235 3985 1331 4053 τὴν
1365 3985 1505 4037 κατὰ
1539 3985 1760 4037 πάντων
1790 3985 1961 4055 ὑπερ-

372 4076 515 4144 οχὴν
555 4077 921 4146 ἀδιαλώὸητον
952 4076 1089 4146 ἔχων
1111 4094 1122 4105 ·
1154 4078 1212 4128 οὐ
1245 4078 1354 4147 γὰρ
1386 4077 1450 4131 ἂν
1483 4080 1539 4130 ἐν
1574 4080 1959 4148 παρατροπαῖς

384 4171 507 4229 ταῖς
542 4169 632 4218 ἐπὶ
662 4167 723 4219 τὸ
754 4171 933 4237 χεῖρον
959 4170 991 4237 ἡ
1020 4169 1137 4220 θεία
1183 4169 1392 4236 γένοιτο
1422 4169 1581 4236 φύσις
1606 4208 1621 4233 ,
1654 4169 1743 4221 διά
1771 4186 1833 4236 γε
1864 4168 1957 4221 τοῦ

385 4259 708 4314 καθικέσθαι
740 4260 875 4329 πρὸς
905 4261 1185 4313 κοινωνίαν
1218 4262 1445 4329 αἵματος
1478 4262 1571 4313 καὶ
1605 4261 1802 4329 σαρκός
1823 4276 1836 4290 ⁸
1868 4261 1964 4313 καὶ

384 4353 515 4420 γοῦν
543 4352 616 4413 ὡς
647 4352 775 4414 Θεὸς
802 4352 1216 4419 ἐπιγινώσκεται
1247 4353 1340 4405 καὶ
1366 4352 1650 4423 ἄνθρωπος
1670 4352 1922 4422 πεφηνώς
1946 4370 1958 4381 ·

386 4442 482 4494 καὶ
512 4441 702 4494 τούτου
738 4443 909 4513 σαφὴς
946 4441 1217 4506 ἀπόδειξις
1252 4443 1321 4495 τὰ
1363 4445 1419 4496 ὲν
1458 4447 1566 4506 τοῖς
1613 4443 1962 4511 Εὑαγγελίοις

2061 3244 2234 3312 gratia
2271 3254 2432 3314 atque
2461 3248 2859 3317 magniﬁcentia
2884 3250 2977 3303 Dei
2999 3252 3049 3305 iu
3083 3267 3180 3305 nos
3208 3253 3409 3307 dictum
3442 3273 3455 3309 :
3482 3272 3501 3306 ι
3526 3256 3637 3324 Ege

2061 3336 2201 3390 dixi:
2227 3338 2305 3391 Dii
2333 3339 2490 3402 estis,
2516 3349 2571 3392 et
2601 3340 2692 3393 ﬁlii
2716 3339 2926 3395 Excelsi
2952 3357 3142 3397 omnes
3163 3345 3242 3395 "z
3271 3364 3289 3396 ι
3318 3361 3444 3397 num
3474 3347 3636 3400 etiam

2063 3428 2163 3483 hoc
2188 3431 2346 3483 modo
2370 3430 2620 3484 Christus
2648 3442 2729 3486 est
2765 3432 2943 3488 Deus?
2971 3433 3089 3488 Jam
3122 3450 3248 3489 vero
3276 3437 3546 3505 quomodo
3584 3438 3637 3492 id

2065 3536 2167 3574 non
2198 3523 2268 3574 sit
2310 3522 2541 3584 insania,
2577 3534 2630 3576 et
2666 3524 2826 3578 inane
2869 3525 3047 3580 stulta:
3089 3528 3285 3581 mentis
3314 3542 3635 3582 excremen-

2063 3614 2215 3667 tum?
2255 3613 2345 3667 llle
2386 3615 2554 3677 enim,
2589 3625 2642 3668 ut
2682 3616 2793 3685 jam
2828 3616 2959 3681 dixi,
2997 3619 3134 3671 nuda
3170 3628 3225 3671 et
3273 3619 3504 3687 simplici
3556 3631 3639 3673 est

2065 3704 2377 3758 honestatus
2404 3706 2783 3774 appellatione,
2804 3723 2925 3759 cum
2952 3707 3113 3762 homo
3135 3723 3201 3760 ex
3234 3719 3424 3761 natura
3454 3719 3594 3763 esset
3618 3728 3635 3776 ;

2063 3797 2155 3849 sed
2191 3796 2279 3850 bic
2313 3807 2396 3851 est
2425 3813 2551 3852 vere
2579 3797 2721 3853 Deus
2754 3799 2913 3868 (nam
2952 3799 3094 3854 Deus
3128 3811 3244 3855 erat
3276 3802 3548 3874 Verbum)
3585 3805 3636 3857 iu

2067 3889 2294 3942 humana
2324 3889 2496 3944 forma
2528 3892 2892 3959 prtrstanliam
2924 3908 3035 3947 sua;
3071 3904 3275 3947 uaturte
3296 3910 3397 3963 qua
3427 3896 3639 3950 cunctis

2064 3981 2298 4046 excellit,
2336 3982 2596 4051 integrant
2627 3997 2896 4039 servans:
2935 4000 3107 4054 neque
3143 3985 3285 4039 enim
3326 3996 3516 4038 natura
3550 3987 3627 4039 di-

2065 4069 2186 4121 vina
2224 4085 2287 4123 ex
2321 4086 2386 4124 eo
2415 4073 2556 4140 quod
2585 4072 2865 4127 descendit
2890 4075 2955 4127 ad
2986 4076 3418 4129 communionem
3452 4078 3635 4132 carnis

2064 4171 2117 4215 et
2163 4163 2459 4231 sanguinis,
2520 4164 2569 4217 iu
2624 4166 2775 4233 pejus
2833 4180 3068 4234 unquam
3116 4168 3347 4235 perverti
3401 4179 3575 4239 potest
3622 4188 3634 4222 :

2065 4253 2248 4322 itaque
2296 4255 2454 4308 etiam
2501 4271 2623 4308 cum
2677 4259 2835 4309 homo
2867 4257 3135 4324 apparuit,
3175 4268 3232 4311 ut
3272 4258 3413 4314 Deus
3458 4270 3634 4314 tamen

2066 4346 2398 4412 agnoscitur,
2421 4345 2643 4415 ejusque
2676 4349 2749 4402 rei
2781 4349 3057 4418 pet-Spicea
3090 4362 3216 4405 sunt
3246 4366 3557 4420 argumenta
3585 4353 3637 4407 in

2068 4437 2370 4508 Evangeliis
2391 4440 2455 4494 de
2478 4454 2542 4492 eo
2568 4440 2789 4508 scripta.
2824 4438 2967 4493 Dixit
2992 4441 3131 4494 enim
3158 4441 3345 4497 beatus
3365 4441 3597 4496 Joannes
3622 4458 3638 4497 :

386 4538 518 4608 περὶ
567 4536 731 4589 αὑτοῦ
786 4538 1167 4607 γεγραμμένα.
1234 4538 1379 4606 Ἔφη
1436 4536 1542 4607 γὰρ
1597 4537 1624 4588 6
1677 4537 1957 4599 θεσπέσιος

2074 4547 2090 4579 ι
2117 4529 2250 4584 Cum
2288 4546 2418 4583 vero
2451 4541 2597 4586 esset
2645 4531 3031 4602 Hierosolymis
3070 4534 3121 4587 in
3158 4534 3245 4588 die
3284 4533 3443 4598 festo,
3487 4535 3638 4588 multi

399 4630 683 4698 Ἰωάννης
729 4647 746 4679 ι
796 4629 882 4691 Ὠς
923 4629 979 4681 δὲ
1022 4626 1087 4700 ἧν
1119 4630 1175 4681 ἐν
1204 4632 1317 4692 τοῖς
1377 4628 1763 4700 Ἱεροσολύμοις
1794 4630 1851 4680 ὲν
1892 4631 1960 4698 τῇ

386 4724 569 4792 ἑορτῇ,
607 4721 791 4773 πολλοὶ
829 4721 1151 4773 ἐπίστευσαν
1197 4722 1277 4785 εἰς
1305 4722 1364 4773 τὸ
1397 4721 1565 4791 ὄνομα
1600 4720 1786 4784 αὐτοῦ,
1830 4719 1963 4771 θεωο

390 4812 608 4881 ροῦντες
641 4812 804 4866 αὑτοῦ
838 4811 904 4864 τὰ
940 4813 1138 4881 σημεῖα
1168 4810 1204 4865 ὃ.
1246 4811 1439 4864 ἐποίει.
1471 4811 1640 4873 Αὐτὸς
1679 4810 1734 4863 δὲ
1779 4811 1808 4861 6
1860 4810 1966 4879 Ἰη-

389 4906 538 4969 σοῦς,
586 4908 686 4958 οὒκ
734 4906 1016 4959 ἐπίστευεν
1054 4905 1244 4958 ἑαυτὸν
1294 4905 1516 4970 αὐτοῖς,
1566 4904 1656 4957 διὰ
1694 4904 1753 4956 τὸ
1804 4903 1966 4957 αὑτὸν

385 4999 678 5067 γινώσκειν
718 5001 924 5053 niveas
981 5001 1073 5053 καὶ
1107 5001 1186 5052 ὃτι
1223 4999 1284 5052 οὐ
1334 4998 1519 5070 χρείαν
1551 4993 1713 5067 εἶχεν,
1766 4998 1852 5050 ἵνα
1882 5015 1965 5060 τις

391 5094 718 5164 μαρτυρήσῃ
753 5095 879 5164 περὶ
902 5094 995 5146 τοῦ
1023 5093 1308 5163 ἀνθρώπου
1332 5110 1345 5121 ·
1374 5093 1535 5156 αὐτὸς
1562 5093 1669 5164 γὰρ
1700 5092 1964 5161 ἐγίνωσκε

385 5183 440 5236 τί
464 5178 530 5252 ἦν
563 5185 621 5235 ὲν
649 5182 728 5253 τῷ
764 5182 1053 5254 ἀνθρώπῳ.
1088 5202 1106 5234 ι
1132 5182 1319 5235 Καίτοι
1345 5181 1406 5233 τὸ
1441 5180 1677 5252 καθορᾷν
1705 5179 1962 5233 δύνασθαι

387 5275 613 5345 καρδίαν
660 5274 872 5348 ἀνδρὸς,
903 5275 1100 5329 εἰδέναι
1134 5293 1191 5327 τε
1241 5274 1310 5326 τὰ
1353 5274 1728 5343 κεκρυμμένα,
1769 5273 1966 5343 πρέποι

386 5366 455 5419 ἂν
484 5367 585 5418 οὐκ
612 5366 881 5437 ἀνθρώπῳ
915 5367 1078 5420 ποθὲν
1110 5367 1218 5420 τῶν
1238 5366 1356 5419 καθ’
1390 5367 1534 5435 ἡμᾶς
1558 5365 1635 5417 ἑνί
1658 5382 1672 5394 ·
1707 5364 1822 5417 ἀλλ’
1854 5364 1965 5417 οὐδ’

388 5460 454 5509 ἂν
515 5458 686 5528 ἑτέρῳ
723 5475 803 5527 τῳ
838 5458 944 5512 τῶν
1006 5458 1419 5528 πεποιημένων·
1478 5456 1623 5527 μόνῳ
1670 5454 1724 5508 δὲ
1764 5456 1967 5524 μᾶλλον

387 5550 600 5620 ἐκείνῳ,
634 5550 692 5613 ὃς
736 5550 829 5603 καὶ
871 5550 1071 5604 πλάσαι
1093 5550 1306 5617 λέγεται
1336 5548 1645 5610 κατααόιας
1686 5546 1781 5609 τὰς
1826 5563 1961 5615 καρ-

457 5748 502 5764 ⁶’
523 5746 724 5807 Jcrem.
755 5762 909 5809 χχιιι,
945 5746 1029 5800 l6.
1105 5745 1183 5796 "l
1216 5744 1341 5798 Cur.
1378 5758 1475 5799 xu.
1530 5744 1583 5796 5.

394 5835 579 5882 ιιτίε.
614 5818 667 5871 (i.
745 5817 965 5870 ".Ioau.
1006 5834 1067 5881 ιι,
1098 5816 1287 5870 23—25.
1365 5816 1408 5844 ²³
1442 5813 1582 5867 Psal.
1627 5829 1796 5879 xxxii,
1838 5814 1923 5866 15.

1661 5743 1703 5773 ¹⁹
1741 5741 1877 5795 Psal.
1915 5758 2075 5806 exn,
2103 5741 2188 5795 l6.

2067 4624 2415 4677 crediderunt
2462 4623 2513 4676 in
2565 4624 2781 4678 nomine
2827 4626 2965 4694 ejus,
3022 4627 3269 4681 videntes
3313 4629 3465 4694 signa
3516 4642 3636 4697 quae

2067 4716 2300 4769 faciebat
2325 4733 2340 4782 ;
2371 4715 2484 4784 ipse
2507 4732 2633 4771 vero
2662 4714 2818 4770 Jesus
2846 4734 2948 4770 non
2972 4720 3225 4773 credebat
3246 4719 3481 4787 seipsum
3508 4721 3637 4787 illis,

2068 4808 2191 4876 quia
2229 4808 2342 4876 ipse
2371 4806 2577 4861 sciebat
2606 4811 2809 4871 omnia,
2844 4819 2895 4861 et
2938 4809 3060 4875 quia
3098 4824 3200 4863 non
3246 4823 3378 4876 opus
3410 4809 3643 4865 habebat

2071 4912 2127 4952 ut
2158 4900 2280 4970 quis
2326 4901 2693 4954 testimOnium
2743 4900 3051 4969 perhiberet
3092 4902 3157 4956 de
3205 4903 3422 4956 homine
3468 4921 3480 4956 :
3528 4906 3641 4972 ipse

2071 4994 2215 5045 enim
2243 4992 2448 5046 sciebat
2494 4992 2620 5060 quid
2654 5001 2798 5047 esset
2825 4992 2877 5046 in
2910 4992 3125 5046 homine
3164 4994 3229 5047 ⁸³.
3269 5012 3288 5043 ι
3323 4993 3432 5064 42
3476 4996 3640 5065 Atqui

2073 5086 2343 5152 inspicere
2384 5100 2541 5153 posse
2577 5100 2673 5139 cor
2712 5085 2968 5150 hominis,
3004 5096 3058 5139 et
3083 5086 3296 5141 occulta
3326 5089 3491 5155 scire,
3535 5105 3642 5144 nou

2073 5179 2166 5233 ulli
2207 5178 2410 5233 homini
2442 5177 2533 5247 qui
2573 5177 2642 5232 sit
2689 5180 2859 5232 nostri
2915 5177 3105 5233 similis
3148 5182 3420 5244 convenit,
3471 5199 3645 5249 neque

2074 5284 2203 5324 vero
2236 5269 2325 5322 ulli
2352 5268 2506 5322 alteri
2537 5280 2823 5333 creaturae,
2853 5271 2947 5322 sed
2980 5269 3052 5322 illi
3086 5269 3184 5323 soli
3221 5271 3311 5338 qui
3339 5273 3501 5325 etiam
3537 5273 3641 5327 fin-

2072 5377 2198 5432 gere
2228 5361 2426 5415 dicitur
2458 5359 2767 5429 singillatim
2817 5361 2980 5413 corda
3012 5372 3197 5416 nostra
3221 5362 3285 5415 “.
3326 5363 3436 5417 lloc
3485 5366 3529 5418 si
3573 5367 3642 5418 ita

2071 5459 2174 5515 est,
2208 5464 2441 5519 quonam
2474 5450 2633 5504 modo
2660 5449 2772 5503 sola
2806 5465 2870 5503 ac
2898 5450 3129 5520 simplici
3158 5453 3516 5522 appellatione
3541 5456 3642 5509 ho-

2074 5551 2294 5595 noratus
2317 5551 2398 5595 est
2428 5540 2764 5603 Emmanuel,
2802 5550 2859 5594 ιιι
2892 5542 3115 5611 perinde
3152 5559 3217 5598 ac
3247 5543 3420 5600 Moses
3461 5545 3617 5616 appel

2267 5738 2313 5771 ²⁹
2344 5739 2511 5795 Exod.
2549 5755 2631 5805 ιιι,
2672 5739 2754 5792 l0.
2846 5741 2888 5771 ²¹
2925 5741 3090 5798 Exod.
3139 5761 3239 5811 vn,
3278 5746 3329 5799 l.
3417 5748 3460 5779 ¹¹
3494 5748 3637 5805 Psal.

3152 5975 3176 5989 Ο
