4054 6332
432 375 493 433 79
1427 372 1483 424 ε.
1528 371 1801 426 cvntLLt
1839 370 2311 426 ALEXANDRINI
2351 368 2671 429 ARCHIEP.
3636 384 3702 435 ευ

432 495 571 548 letur
605 492 767 557 Deus,
796 501 848 545 et
882 506 987 547 non
1022 493 1201 561 potius
1248 493 1297 545 id
1327 506 1456 545 vere
1500 494 1570 546 sit
1608 495 1751 561 quod
1782 507 1903 547 esse
1930 493 2008 547 di-

2113 492 2228 556 δίας
2258 493 2434 563 ἡμῶν.
2475 489 2605 545 Εἶτα
2635 492 2751 556 πῶς
2775 493 2905 564 ψιλῇ
2940 494 3033 546 καὶ
3065 494 3201 567 μόνῃ
3239 497 3528 568 τετίμηται
3573 500 3700 567 κλή-

431 586 606 640 citur?
639 586 867 639 Rursum
899 585 963 639 de
986 599 1050 638 eo
1081 583 1271 638 scribit
1301 583 1351 635 in
1392 584 1535 637 hunc
1571 585 1786 637 modum
1835 584 2002 639 Joan-

432 693 527 732 nes
555 695 570 731 :
601 696 619 728 ι
651 676 819 741 Quem
849 676 996 729 enim
1043 676 1192 729 misit
1228 675 1387 741 Deus,
1419 676 1582 729 verba
1611 675 1704 729 Dei
1751 677 2008 745 loquitur,

429 779 485 823 et
508 784 613 823 non
635 771 703 822 ad
737 781 1038 821 mensuram
1068 768 1160 820 dat
1188 766 1448 835 Spiritum
1479 768 1545 822 ".
1578 786 1596 818 ι
1625 767 1884 838 lntelligis
1913 769 2015 837 igi-

433 870 521 915 tur
566 860 1015 930 quemadmodum
1069 859 1232 913 verba
1288 860 1379 913 Dei
1432 859 1709 928 loquatur,
1763 862 2014 930 quamvis

431 955 591 1008 homo
621 954 844 1022 perinde
881 966 944 1006 ac
985 967 1083 1004 nos
1122 952 1403 1005 videatur?
1440 967 1562 1005 nam
1595 953 1696 1006 soli
1725 964 1780 1008 et
1819 969 2013 1008 secun—

431 1049 556 1100 dum
586 1057 833 1100 naturam
870 1061 932 1099 ac
969 1058 1094 1096 vere
1127 1044 1235 1097 Deo
1267 1052 1523 1112 tanquam
1561 1045 1817 1099 eximium
1852 1060 2009 1114 supra

428 1135 610 1190 omnia
648 1147 827 1189 creata
861 1134 1117 1187 convenit
1149 1133 1310 1186 etiam
1346 1133 1505 1186 verba
1552 1146 1707 1201 posse
1748 1135 2011 1203 perﬁcere

430 1230 571 1298 quod
594 1229 640 1283 ei
674 1228 955 1298 placuerit,
989 1237 1043 1281 et
1075 1226 1245 1281 sancti
1283 1223 1516 1293 Spiritus
1561 1227 1853 1296 participes
1894 1225 2009 1281 eiii-

430 1335 556 1375 cere
604 1320 853 1374 homines
909 1319 1009 1371 tide
1056 1316 1403 1385 justiﬁcatos.
1441 1315 1610 1369 Porro
1666 1317 1780 1371 haec
1827 1317 2009 1371 omnia

429 1418 611 1472 inesse
636 1416 859 1471 Christo
886 1414 1114 1481 quisque
1142 1412 1326 1465 videre
1367 1420 1543 1480 potest
1572 1412 1836 1480 :leproso
1860 1425 2011 1463 nam-

430 1522 533 1577 que
568 1508 719 1569 dixit,
749 1526 767 1556 ‹
800 1504 954 1567 Volo,
986 1503 1246 1556 mundare
1267 1502 1345 1565 ’σς
1379 1519 1398 1553 ι
1428 1501 1603 1556 vidua:
1634 1516 1846 1571 quoque
1877 1501 2009 1565 ﬁlio,

435 1620 451 1651 ι
486 1598 837 1659 Adolescens,
871 1595 963 1648 tibi
997 1596 1138 1657 dico,
1168 1607 1327 1663 surge
1348 1593 1417 1646 ’⁷.
1450 1610 1467 1643 ι
1518 1592 1815 1663 Participes
1845 1594 2011 1647 etiam

430 1691 604 1745 sancti
654 1690 886 1757 Spiritus
940 1686 1231 1756 discipulos
1288 1700 1417 1739 suos
1462 1684 1675 1753 eﬁ'ecit;
1725 1683 2014 1740 insulilavit

429 1783 574 1838 enim
600 1784 649 1835 in
676 1795 767 1834 eos
794 1781 980 1834 dicens
1006 1796 1018 1831 :
1050 1796 1068 1829 ι
1096 1778 1337 1847 Accipite
1358 1759 1618 1846 Spiritum
1637 1788 1881 1831 sanctum
1905 1777 2005 1830 ³⁸.»

2121 602 2201 636 σει
2245 586 2386 637 κατὰ
2431 586 2632 637 Μωσέα
2679 584 3030 656 χρηματίζων
3064 586 3195 648 Θεὸς
3232 588 3260 639 6
3320 588 3698 659 Ἐμμανουήλ·

2115 678 2208 729 καὶ
2236 676 2359 746 οὐχὶ
2392 675 2455 746 δὴ
2508 677 2704 747 μᾶλλον
2741 677 3001 748 ὑπάρχων
3033 678 3190 732 τοῦτο
3233 680 3385 745 κατὰ»
3421 679 3698 751 ἀλήθειαν,

2113 767 2249 836 ὅπερ
2279 764 2417 820 εἶναι
2450 767 2544 820 καὶ
2574 766 2818 835 λέγεται;
2850 768 3053 839 Γράφει
3084 768 3231 821 οὓτω
3266 770 3426 821 πάλιν
3455 772 3483 821 ό
3518 770 3702 823 Ἰωάνα

2114 876 2211 929 νης
2255 860 2384 930 περί¹
2419 858 2613 912 αὐτοῦ’
2651 878 2670 911 ι
2716 861 2813 911 Ὃν
2856 860 2964 930 γὰρ
3007 861 3327 913 ἀπέστειλεν
3356 864 3384 913 6
3446 862 3597 923 Θεὸς,
3631 862 3700 913 τά

2117 951 2337 1020 ῥήματα
2366 949 2461 1003 τοῦ
2492 949 2626 1003 Θεοῦ
2673 950 2856 1003 λαλεῖο
2894 951 2990 1004 καί
3033 953 3133 1004 οὐκ
3175 954 3239 1005 ἐκ
3276 953 3473 1023 μέτρου
3518 952 3700 1005 δίδωσι

2114 1043 2174 1094 τὸ
2216 1041 2459 1111 Πνεῦμα.
2501 1061 2518 1094 ι
2557 1044 2767 1107 Συνιεὶς
2815 1043 2924 1114 Ila.
2974 1045 3193 1109 συνίεις,
3241 1045 3299 1114 ἢ,
3353 1046 3561 1119 συνίης]
3607 1042 3700 1099 οὖν

2114 1135 2281 1200 ὅπως,
2314 1134 2489 1188 καίτοι
2528 1134 2649 1187 καθ’
2677 1136 2825 1205 ἡμᾶς
2858 1135 3132 1207 ὁρώμενος
3159 1137 3463 1208 ἄνθρωπος.
3510 1138 3577 1191 τὰ
3603 1140 3699 1208 ῥή·

2118 1241 2264 1293 ματα
2291 1224 2384 1277 τοῦ
2407 1224 2542 1277 Θεοῦ
2570 1225 2753 1292 λαλεῖ;
2785 1226 2905 1296 Θεῷ
2934 1227 3042 1296 γὰρ
3077 1227 3225 1297 μόνῳ
3265 1227 3342 1296 τῷ
3370 1228 3508 1281 κατὰ
3539 1228 3701 1293 φύσιν

2119 1316 2212 1366 καί
2251 1314 2487 1383 ἀληθῶς,
2518 1316 2717 1386 πρέποι
2760 1315 2827 1369 ἂν
2870 1316 2944 1379 ὡς
2993 1316 3266 1388 ἐξαίρετον
3304 1319 3397 1371 καὶ
3430 1320 3568 1390 ὑπὲρ
3600 1321 3700 1390 τὴν

2117 1404 2316 1467 κτίσιν,
2356 1406 2417 1458 τὸ
2462 1407 2557 1459 καὶ
2603 1409 2804 1477 ῥήματι
2833 1407 3092 1461 δύνασθαι
3126 1410 3421 1481 κατορθοῦν
3451 1411 3512 1463 τὸ
3558 1413 3699 1466 κατὰ

2116 1498 2342 1567 γνώμην
2392 1496 2559 1567 αὐτῷ,
2610 1499 2704 1551 καὶ
2756 1499 3014 1568 μετόχους
3064 1499 3345 1553 ἀποτελεῖν
3394 1502 3487 1554 τοῦ
3542 1504 3697 1569 ἁγίου

2116 1586 2456 1655 Πνεῦματος,
2510 1587 2636 1650 τοὺς
2672 1588 2729 1639 ἐν
2764 1588 2947 1640 πίστει
2991 1587 3448 1659 δεδικαιομένους.
3496 1594 3624 1644 Ἱόοι
3655 1593 3698 1644 δ’

2117 1679 2181 1732 ἄν
2209 1698 2291 1744 τις
2333 1682 2390 1732 ἐν
2418 1679 2627 1742 τούτοις
2671 1680 2799 1733 ὄντα
2846 1682 3102 1751 Χριστόν.
3150 1682 3292 1751 Ἔφη
3344 1683 3441 1749 μὲν
3470 1683 3578 1753 γὰρ
3623 1684 3700 1754 τῷ

2116 1770 2331 1841 λεπρῷο
2353 1790 2371 1821 ι
2398 1771 2943 1842 Θέλω,καθαρίσθητι
2965 1789 2977 1801 ·
3016 1792 3033 1822 ι
3055 1772 3132 1844 τῷ
3157 1773 3212 1825 δὲ
3240 1773 3336 1844 τῆς
3354 1776 3538 1847 χήρας
3565 1777 3665 1847 υἱῷ
3683 1793 3697 1808 ο

433 1876 556 1928 lla'c
584 1888 703 1928 cum
744 1873 813 1926 ita
845 1873 977 1936 sint,
1013 1871 1282 1941 quomodo
1326 1870 1416 1925 ille
1455 1870 1548 1939 qui
1597 1877 1705 1923 tam
1762 1870 2008 1925 sublimis

2121 1882 2139 1914 ι
2186 1865 2477 1930 Νεανίσκε,
2510 1865 2593 1917 σοὶ
2624 1863 2785 1932 λέγω,
2822 1865 3100 1935 ἐγέρθητι.
3152 1883 3169 1915 ι
3200 1867 3475 1936 Μετόχους
3513 1869 3569 1921 δὲ
3603 1868 3698 1923 τοῦ

428 1977 535 2030 est,
563 1966 651 2035 qui
680 1965 876 2017 divinis
905 1963 1198 2017 honoribus
1218 1972 1461 2026 ornatus,
1488 1963 1713 2031 perinde
1744 1976 1806 2016 ac
1831 1961 2007 2016 Moses

430 2060 572 2115 Deus
605 2056 746 2113 erit?
772 2055 934 2123 Cujus
963 2055 1106 2108 enim
1136 2053 1238 2107 iste
1278 2069 1373 2106 cor
1410 2054 1600 2121 novit?
1628 2053 1750 2122 quis
1781 2053 2008 2108 credidit

430 2153 483 2206 in
516 2151 733 2205 nomine
762 2148 920 2218 ejus?
946 2162 1104 2216 quem
1148 2160 1243 2214 per
1277 2146 1435 2200 ﬁdem
1464 2146 1517 2199 in
1564 2161 1623 2199 se
1645 2146 2009 2215 justilicavit?

429 2238 647 2291 ubinam
686 2236 899 2289 locutus
937 2236 1039 2299 est,
1070 2245 1127 2287 ut
1161 2233 1353 2300 Filius,
1388 2235 1555 2289 verba
1586 2234 1724 2290 Dei?
1758 2236 2007 2304 quamvis

429 2329 769 2397 perSpicuuni
802 2327 870 2380 sit
900 2325 1074 2397 ipsum
1108 2327 1174 2378 ad
1205 2325 1342 2380 ﬁlios
1371 2324 1535 2381 Israel
1564 2327 1855 2391 clamasse,
1884 2327 2008 2383 Haec

428 2420 562 2474 dicit
599 2418 894 2483 Dominus;
922 2426 977 2472 et
1016 2417 1297 2472 domestici
1338 2419 1572 2473 hominis
1610 2433 1918 2473 mensuram
1954 2429 2009 2473 et

428 2511 652 2580 gradum
692 2508 980 2573 habuisse;
1015 2508 1115 2561 fuit
1149 2508 1295 2562 enim
1334 2509 1450 2577 ipse
1481 2517 1738 2577 tanquam
1774 2508 2007 2563 famulus

429 2606 482 2656 in
503 2606 662 2658 domo
684 2603 775 2655 Dei
798 2598 997 2655 ".Jam
1028 2600 1072 2655 si
1102 2613 1169 2655 eo
1190 2602 1349 2655 modo
1372 2600 1537 2655 Filius
1553 2612 1638 2656 est
1666 2600 2005 2669 Emmanuel,

428 2712 535 2764 quo
572 2704 627 2749 et
668 2693 757 2748 ille
786 2693 1079 2749 secundum
1111 2707 1331 2747 carnem
1382 2693 1571 2757 Israel,
1620 2692 1675 2747 in
1724 2709 2004 2749 servorum

428 2787 674 2843 ordinem
708 2786 961 2855 redegisti
996 2784 1142 2838 illum
1168 2799 1231 2838 ex
1260 2793 1453 2838 natura
1482 2785 1732 2853 liberum,
1759 2789 2008 2857 quamvis

426 2885 648 2946 propter
676 2889 894 2929 carnem
940 2883 996 2928 et
1036 2876 1398 2943 proprietates
1439 2877 1621 2931 carnis
1650 2878 1793 2931 servi
1832 2877 2005 2931 forma

427 2967 501 3023 sit
554 2967 729 3021 lactus
770 2983 784 3019 :
822 2967 873 3020 in
920 2966 1106 3019 eadem
1158 2981 1412 3021 IIIOIIStll'a
1469 2969 1771 3037 eodemque
1819 2971 2007 3026 ordine

427 3060 701 3115 collocasti
739 3073 862 3113 cum
907 3058 993 3113 his
1039 3058 1130 3127 qui
1166 3070 1292 3113 sunt
1324 3074 1420 3128 per
1459 3060 1690 3129 gratiam
1727 3062 1840 3125 ﬁlii,
1882 3079 2003 3117 eum

427 3168 523 3223 per
565 3166 725 3221 quem
768 3150 844 3205 illi
886 3151 1190 3219 adoptionis
1219 3152 1390 3220 gratia
1422 3161 1551 3205 sunt
1599 3154 1775 3207 (litati.
1810 3152 2006 3209 Factus

2117 1952 2271 2021 ἁγίου
2312 1955 2625 2025 Πνεύματος
2664 1955 2788 2017 τοὺς
2835 1954 2998 2018 ἰδίους
3045 1956 3271 2027 ἐνέφηνε
3300 1956 3409 2028 [ἵσ.
3438 1958 3698 2030 ἀνέφηνε]

2120 2048 2367 2119 μαθητάς
2392 2066 2405 2079 ⁸
2453 2046 2751 2117 ἐνεφύσησε
2794 2047 2903 2118 γὰρ
2927 2047 3143 2111 αὐτοῖς,
3189 2048 3392 2117 λέγων·
3431 2069 3450 2100 ι
3492 2050 3696 2104 Λάϐετε

2116 2142 2337 2211 Πνεῦμα
2383 2141 2555 2209 ἆγιον.
2594 2157 2612 2190 ι
2648 2137 2780 2193 Εἶτα
2818 2142 2940 2193 τίνα
2970 2141 3173 2212 τρόπον
3215 2143 3244 2194 6
3287 2144 3367 2206 εἰς
3395 2139 3553 2197 τοῦτο
3588 2145 3695 2197 διεδ

2114 2232 2383 2301 ληλακὼς,
2424 2234 2517 2285 καὶ
2548 2231 2912 2303 θεοπρεπέσιν
2944 2233 3213 2296 εὐκλείαις
3238 2238 3693 2307 κατεστεμμένος,

2114 2326 2256 2379 οὓτω
2282 2325 2413 2389 Θεὸς
2439 2325 2504 2379 ἂν
2530 2325 2638 2397 εἴη,
2662 2325 2915 2396 καθάπερ
2940 2325 3132 2394 ἀμέλει
3163 2328 3257 2380 καὶ
3277 2328 3304 2380 6
3335 2330 3571 2399 Μωσῆς;
3599 2330 3697 2399 τὴν

2117 2416 2224 2488 [ἵσ.
2245 2417 2304 2481 ὃς
2320 2415 2440 2487 τὴν]
2460 2417 2603 2479 τίνος
2618 2415 2759 2483 ἔγνω
2781 2415 3007 2486 καρδίαν
3027 2435 3041 2483 ;
3059 2417 3142 2480 τίς
3159 2420 3520 2472 πεπίστευκεν
3540 2422 3619 2483 είς
3636 2420 3697 2471 τὸ

2113 2509 2282 2579 ὄνομα
2309 2509 2503 2574 αὐτοῦς
2524 2508 2643 2562 τίνα
2665 2507 2977 2562 δεδικαίωκε
3009 2508 3096 2563 διὰ
3119 2512 3216 2580 τῆς
3238 2512 3471 2575 πίστεως
3492 2513 3589 2582 τῆς
3616 2515 3696 2576 εἰς

2114 2603 2339 2667 ἐαυτόν;
2390 2599 2493 2653 ποῦ
2545 2599 2863 2670 λελάληκεν,
2893 2600 2965 2663 ὡς
3010 2601 3157 2667 Υἱὸς,
3188 2600 3282 2653 τοῦ
3324 2601 3459 2654 Θεοῦ
3490 2602 3557 2655 τὰ
3594 2606 3693 2674 ῥή-

2116 2712 2291 2765 ματα;
2328 2695 2506 2747 καίτοι
2548 2711 2611 2759 γε
2654 2693 2940 2763 κεκραγὼς
2968 2695 3158 2764 ὁρᾶται
3213 2695 3323 2757 τοῖς
3356 2695 3414 2761 ἐξ
3457 2696 3692 2765 Ἰσραὴλ,

2112 2789 2251 2842 Τάδε
2280 2788 2428 2855 λέγει
2476 2787 2697 2857 Κύριος·
2731 2787 2824 2839 καί
2878 2789 3075 2857 μέτρον
3108 2786 3243 2856 ἔχων
3271 2789 3568 2841 οἰκετικόν·
3611 2790 3695 2858 γέ-

2112 2897 2235 2948 γονε
2275 2879 2384 2949 γὰρ
2413 2878 2602 2940 πιστὸς
2629 2879 2705 2940 ὡς
2744 2877 2997 2948 Θεράπων
3030 2878 3087 2929 ἐν
3123 2878 3201 2948 τῷ
3235 2879 3369 2949 οἴκῳ
3405 2880 3499 2932 τοῦ
3533 2880 3687 2936 Θεοῦ.

2113 2970 2174 3022 Et
2202 2968 2256 3021 δὲ
2288 2969 2351 3038 δὴ
2386 2969 2480 3021 καὶ
2512 2968 2681 3031 οὕτως
2714 2968 2840 3029 Υίὸς
2879 2968 2907 3019 6
2946 2967 3313 3039 Ἐμμανουὴλ,
3352 2969 3496 3022 καθὰ
3539 2971 3634 3024 καὶ
3662 2973 3691 3022 ὁ

2113 3060 2253 3112 κατὰ
2299 3061 2477 3130 σάρκα
2519 3058 2755 3127 γεγονὼς
2802 3058 3038 3130 Ἰσραὴλ,
3073 3060 3441 3129 κατεκόμισας
3480 3062 3539 3113 ἐν
3571 3061 3691 3113 δού-

2111 3151 2222 3213 λοις
2275 3150 2363 3202 τὸν
2409 3150 2549 3201 κατὰ
2581 3149 2741 3217 φύσιν
2774 3149 2908 3202 ἰδίαν
2943 3149 3242 3220 ἐλεύθερον,
3281 3151 3383 3204 κᾶν
3412 3152 3460 3204 εἰ
3502 3153 3690 3221 γέγονε

430 3254 515 3297 est
564 3243 707 3297 enim
742 3241 1139 3311 Primogenitus
1167 3251 1406 3296 nostrum
1437 3253 1657 3311 propter
1704 3244 2008 3298 humanita-

2113 3242 2297 3294 δούλου
2328 3241 2526 3311 μορφὴ,
2571 3241 2658 3295 διά
2696 3258 2777 3294 τοι
2802 3241 2899 3311 τὴν
2946 3241 3121 3312 σάρκα
3170 3242 3265 3294 καὶ
3298 3241 3367 3295 τὰ
3397 3244 3564 3312 αὐτῆς
3585 3261 3598 3274 ⁸
3632 3245 3689 3295 ἐν

432 3344 538 3387 tetu
559 3350 572 3398 ;
593 3332 683 3387 sed
705 3333 864 3386 etiam
890 3333 970 3385 sic
994 3346 1098 3401 qua
1134 3333 1344 3385 ratione
1382 3332 1522 3387 Deus
1546 3344 1682 3397 erat,
1710 3337 2010 3403 permansit

430 3430 756 3497 unigenitus.
797 3427 906 3480 Hac
946 3428 1179 3491 ratiOne,
1225 3436 1282 3478 ut
1315 3426 1392 3479 ait
1438 3427 1626 3479 beatus
1658 3424 1877 3489 Paulus,
1927 3425 2007 3477 in-

432 3521 735 3575 troductum
773 3534 800 3571 a
843 3516 1005 3570 Patre
1054 3517 1478 3586 Primogenitum
1514 3519 1565 3570 in
1600 3516 1785 3571 orbem
1839 3527 2008 3570 terra-

432 3629 572 3677 rum,
607 3626 852 3680 superna:
883 3610 986 3664 illae
1020 3613 1245 3663 virtutes
1287 3611 1515 3664 adorare
1543 3609 1802 3676 jubentur
1838 3610 1881 3641 ³ο
1911 3625 1925 3662 :
1956 3616 2008 3662 et

430 3705 605 3759 latens
648 3704 700 3755 in
745 3703 859 3771 ipso
894 3701 1212 3772 mysterium
1257 3700 1482 3764 edoctze,
1525 3700 2010 3770 gloriticationibus

432 3808 703 3863 nunquam
737 3793 1075 3848 cessantibus
1111 3791 1390 3845 celebrant
1428 3792 1575 3845 illum
1611 3807 1775 3844 unutn
1818 3800 1873 3844 et
1914 3805 2009 3844 na-

432 3897 549 3939 tura
578 3894 632 3938 et
659 3898 784 3938 vere
821 3882 1035 3936 Filium.
1074 3881 1205 3936 Nam
1241 3883 1285 3937 si
1322 3882 1387 3937 iis
1421 3883 1512 3951 qui
1566 3896 1624 3937 se
1666 3892 2006 3951 receperunt,

430 3976 523 4030 dat
553 3984 872 4045 potestatem
900 3986 955 4028 ut
988 3974 1078 4027 ﬁlii
1114 3974 1202 4028 Dei
1238 3972 1387 4038 ﬁant,
1416 3982 1474 4027 ut
1499 3973 1733 4028 Joannes
1759 3975 1836 4026 ait
1858 3975 1923 4038 ³¹,
1956 3984 2009 4028 et

431 4066 477 4121 si
526 4081 709 4120 verum
765 4076 848 4120 est
890 4066 1009 4134 ejus
1075 4067 1269 4134 spiritu
1318 4063 1565 4135 nosipsos
1614 4079 1828 4134 quoque
1872 4064 2009 4120 ﬁlios

432 4156 585 4211 ﬁeri:
620 4155 726 4228 43
762 4174 781 4209 ι
818 4157 969 4211 Misit
1004 4157 1150 4210 enim
1188 4154 1330 4210 Deus
1369 4155 1618 4224 spiritum
1662 4153 1781 4209 Filii
1823 4157 1903 4209 sui
1953 4156 2006 4209 in

432 4250 595 4305 corda
616 4257 799 4303 nostra
818 4249 1163 4313 clamantem,
1185 4247 1334 4301 Abba
1355 4245 1515 4302 Pater
1534 4248 1577 4278 "
1600 4263 1647 4299 ς»
1690 4263 1845 4301 nemo
1868 4260 2010 4302 recte

431 4342 671 4397 sentiens
699 4341 843 4395 hunc
894 4341 1032 4394 ferat
1069 4340 1360 4406 dicentem,
1396 4339 1545 4394 illum
1578 4340 1762 4394 eodem
1798 4353 2010 4409 quoque

433 4436 592 4487 modo
642 4448 762 4488 esse
789 4433 1006 4497 Filium,
1043 4448 1149 4501 quo
1180 4432 1452 4488 lsraelem.
1509 4430 1607 4499 Qui
1660 4442 1839 4484 autem
1893 4430 2007 4485 ﬁeri

433 4533 607 4593 potest
634 4536 691 4579 ut
715 4526 903 4579 eodem
942 4524 1151 4580 dicatur
1183 4526 1343 4579 modo
1373 4524 1643 4589 Christus,
1673 4540 1778 4593 quo
1812 4523 2011 4577 dicitur

2114 3335 2212 3405 ἴσῳ
2239 3335 2486 3397 τέθεικας
2516 3335 2696 3405 μέτρῳ
2721 3337 2833 3397 τοῖς
2858 3336 2996 3388 κατὰ
3035 3336 3195 3407 χάριν
3228 3338 3363 3398 υἱοῖς
3409 3336 3500 3389 τὸν
3538 3336 3605 3388 δι’
3630 3337 3690 3389 ὃν

2110 3429 2307 3480 ἐκεῖνοι
2346 3428 2441 3496 τὴν
2482 3429 2580 3496 τῆς
2609 3426 2875 3490 υἱοθεσίας
2919 3428 3321 3499 πεπλουτήκασι
3361 3429 3548 3499 χάριν·
3599 3446 3689 3482 κε-

2109 3536 2213 3589 χρη
2224 3519 2414 3588 μὰτικε
2448 3519 2545 3586 μὲν
2572 3519 2679 3588 γάρ
2706 3518 3053 3589 Πρωτότοκος
3082 3521 3113 3588 ἡ
3124 3519 3237 3589 μῶν
3270 3519 3358 3572 διὰ
3387 3518 3447 3571 τὸ
3474 3518 3688 3588 ἀνθρώ-

2110 3626 2294 3663 πινον·
2337 3610 2475 3680 πλὴν
2516 3611 2609 3664 καὶ
2636 3610 2776 3662 οὕτω
2817 3611 3091 3681 μεμένηκε
3129 3611 3423 3680 μονογενὴς
3453 3611 3529 3674 ὡς
3556 3610 3691 3674 Θεὸς

2108 3701 2383 3774 ταύτῃτοι,
2435 3701 2577 3755 καθὰ
2638 3702 2804 3771 φησὶν
2850 3705 2879 3755 6
2930 3702 3237 3771 σοφώτατος
3283 3702 3512 3767 Παῦλος,
3556 3705 3692 3755 εἰσε-

2109 3791 2365 3861 νεχθέντα
2393 3792 2543 3861 παρὰ
2580 3790 2672 3844 τοῦ
2708 3789 2922 3861 Πατρὸς
2966 3791 3057 3842 τὸν
3106 3790 3447 3861 πρωτότοκον
3470 3791 3548 3852 εἰς
3589 3790 3691 3860 τὴν

2108 3886 2432 3956 οἰκουμένην
2478 3888 2901 3957 προστάττονται
2936 3888 3263 3956 προσκυνεῖν
3296 3885 3351 3935 αἰ
3384 3884 3497 3937 ἄνω
3526 3882 3687 3935 δυνά-

2113 3996 2266 4048 μεις’
2304 3980 2396 4032 καὶ
2433 3980 2493 4031 τὸ
2524 3980 2608 4031 ἐπ’
2642 3979 2787 4049 αὑτῷ
2826 3977 3090 4048 μαθοῦσαι
3125 3978 3440 4046 μυστήριον,
3485 3976 3687 4028 ἀκατα-

2109 4070 2328 4140 λήκτοις
2380 4069 2705 4137 δοξολογίαις
2755 4067 3071 4139 γεραίρουσι
3114 4066 3204 4118 τὸν
3246 4066 3341 4117 ἕνα
3386 4065 3479 4118 καὶ
3528 4063 3688 4132 φύσει

2111 4160 2203 4212 καὶ
2241 4158 2454 4229 ἀληθῶς
2483 4160 2629 4213 Υἰόν.
2666 4160 2726 4212 Εἰ
2755 4160 2865 4229 γὰρ
2913 4158 3128 4209 δίδωσιν
3170 4154 3420 4219 ἐξουσίαν
3453 4158 3565 4217 τοῖς
3596 4155 3691 4207 λα-

2111 4252 2296 4304 ϐοῦσιν
2352 4253 2511 4306 αὑτὸν
2564 4252 2728 4304 τέκνα
2773 4250 2904 4303 Θεοῦ
2958 4248 3240 4316 γενέσθαι,
3288 4247 3429 4300 κατά
3477 4262 3540 4313 γε
3592 4246 3689 4315 τὴν

2125 4344 2369 4398 Ἰωάννου
2403 4345 2606 4415 φωνὴν,
2640 4346 2730 4397 καὶ
2760 4342 2919 4413 εἴπερ
2951 4342 3096 4392 ἐστὶν
3126 4339 3319 4407 ἀληθὲς
3349 4338 3423 4401 ὡς
3460 4340 3693 4390 υίοποιεῖ

2112 4434 2172 4486 τὸ
2206 4432 2429 4501 Πνεῦμα
2459 4432 2624 4484 αὐτοῦ
2653 4434 2745 4484 καὶ
2792 4435 2935 4502 ἡμᾶς
2968 4431 3199 4492 αὐτούς·
3240 4450 3256 4478 ι
3312 4427 3686 4492 Ἐξαπέστειλε

2114 4524 2221 4594 γὰρ
2252 4525 2279 4576 6
2310 4524 2440 4585 Θεὸς
2471 4524 2531 4576 τὸ
2565 4524 2784 4593 Πνεῦμα
2816 4522 2907 4575 τοῦ
2943 4522 3073 4576 Υίοῦ
3120 4521 3282 4573 αὑτοῦ
3312 4523 3389 4583 εἰς
3420 4520 3517 4583 τὰς
3554 4537 3687 4588 καρ-

430 4631 550 4673 esse
602 4618 764 4672 etiam
815 4616 988 4685 Cyrus
1046 4617 1138 4672 ille
1191 4632 1283 4672 rex
1329 4617 1637 4678 Persarum,
1683 4626 1737 4670 et
1787 4628 2006 4670 sanctus

2113 4615 2225 4675 δίας
2257 4614 2414 4683 ἡμῶν
2463 4614 2683 4683 κράζον,
2722 4614 2888 4666 Ἀϐῦᾶ
2931 4615 2958 4664 6
2999 4614 3218 4684 Πατήρο
3258 4631 3274 4661 ›
3305 4612 3590 4681 ἀνάσχοιτο
3623 4609 3688 4662 ἂν

431 4710 703 4777 quomodo
750 4708 884 4762 Medi
930 4722 1148 4777 quoque
1200 4708 1301 4777 ipsi
1336 4724 1402 4763 ac
1448 4708 1666 4763 Persae?
1717 4707 1833 4762 Jam
1879 4723 2004 4762 vero

433 4802 613 4853 dicere
654 4800 855 4863 licebit,
901 4816 968 4855 ne
1004 4802 1397 4854 sanctiﬁcatum
1439 4801 1656 4869 quidem
1695 4816 1815 4856 esse
1844 4800 2001 4853 Chri-

432 4901 572 4944 stum
611 4892 943 4957 humanitus,
975 4893 1223 4960 quamvis
1266 4891 1317 4943 in
1363 4906 1485 4945 eum
1531 4894 1793 4947 columba:
1828 4893 2005 4961 specie

432 4989 650 5034 sanctus
695 4978 929 5049 Spiritus
975 4979 1231 5036 insederit
1274 4979 1337 5031 ³³.
1392 4978 1523 5033 Nam
1569 4981 1742 5050 Cyrus
1789 4981 2002 5047 quidem

431 5070 715 5141 Cambysae
747 5071 888 5127 ﬁlius
909 5071 1037 5128 olim
1067 5070 1365 5126 exercitum
1396 5072 1549 5125 duxit
1574 5072 1626 5123 in
1656 5070 2001 5141 Babylonios,

431 5161 523 5214 sed
555 5172 729 5215 tamen
756 5161 810 5215 in
842 5176 1029 5218 errore
1063 5161 1399 5229 versabatur,
1441 5174 1495 5216 et
1540 5162 1766 5230 impuris
1806 5163 2004 5216 daemo-

503 5343 547 5371 "
572 5337 724 5395 Joan.
755 5357 835 5403 tn,
861 5341 950 5400 '64.
1028 5344 1071 5373 “
1104 5340 1290 5396 Matth.
1318 5358 1431 5404 vm,
1458 5343 1511 5396 5.
1589 5344 1635 5373 ³⁷
1673 5342 1805 5397 Luc.
1841 5359 1935 5408 vn,
1980 5343 2064 5397 Η.

981 5414 1023 5445 ³³
1053 5411 1227 5467 Galat.
1270 5428 1341 5478 tv,
1372 5413 1426 5467 ὅ.
1505 5413 1549 5444 ³⁸
1585 5412 1773 5467 Matth.
1810 5430 1893 5478 ut.
1926 5414 2109 5479 16,17.

432 5411 473 5441 ³¹
507 5408 701 5466 lJoan.
737 5428 820 5479 tu,
851 5412 903 5466 l.

2107 4708 2279 4770 οὐδεὶς
2322 4707 2427 4759 τῶν
2477 4705 2535 4761 εὖ
2590 4710 2804 4780 φρονεῖν
2849 4708 3138 4769 εἰωθότων,
3177 4705 3364 4758 τούτου
3410 4704 3687 4771 λέγοντος,

2107 4801 2276 4863 οὕτως
2304 4798 2440 4854 εἶναι
2472 4802 2563 4853 καὶ
2588 4803 2746 4853 αὑτὸν
2778 4801 2924 4861 Υίὺν,
2957 4801 3031 4862 ὡς
3058 4801 3146 4852 τὸν
3190 4796 3427 4868 Ἰσραήλ.
3469 4796 3593 4859 Πῶς
3633 4795 3690 4847 δὲ

2110 4894 2202 4943 καὶ
2243 4892 2383 4945 οὕτω
2430 4893 2659 4963 Χριστὸς
2706 4892 2799 4944 καὶ
2849 4891 3021 4959 ἅγιος,
3072 4892 3145 4952 ὼς
3182 4892 3247 4943 ἂν
3298 4885 3435 4941 εἶναι
3481 4887 3690 4955 λέγοιτο

2109 4984 2327 5052 χριστὸς
2370 4985 2549 5052 Κῦρός
2589 5000 2648 5035 τε
2688 4986 2714 5035 ὁ
2740 4984 2847 5035 τῶν
2877 4982 3102 5051 Περσῶν
3146 4978 3563 5049 βεϐασιλευκὼς,
3595 4980 3690 5031 καὶ

2112 5075 2217 5144 μὴν
2259 5075 2354 5127 καὶ
2378 5076 2529 5127 αὐτοὶ
2562 5074 2672 5145 (ίὲ)
2701 5075 2906 5143 Πέρσαι
2938 5091 2996 5125 τε
3048 5076 3140 5126 καὶ
3175 5073 3384 5141 Μῆδοι;
3415 5072 3556 5141 Ὦρα
3582 5071 3690 5137 γὰρ

2109 5165 2282 5215 εἰπεῖν
2329 5164 2461 5232 μηδέ
2497 5164 2755 5232 ἡγιάσθαι
2804 5162 3038 5233 Χριστὸν
3085 5161 3459 5232 ἀνθρωπίνως,
3513 5160 3689 5211 καίτοι

2166 5342 2213 5375 ’⁸
2240 5343 2399 5399 Joan.
2423 5361 2511 5409 xx,
2535 5345 2624 5399 22.
2722 5347 2767 5376 ²⁹
2800 5345 2969 5401 Hebr.
3008 5362 3090 5412 Ill,
3115 5345 3168 5398 4.
3248 5344 3293 5375 ³ο
3327 5343 3491 5398 Hebr.
3524 5358 3563 5407 ι,
3597 5342 3651 5396 6.

1670 5589 1831 5645 ANT.
1868 5590 2139 5646 AGELLII
2181 5588 2415 5646 ΝΟΤΑΞ.

509 5741 623 5813 (12)
649 5741 967 5818 Legendnm'
991 5743 1224 5814 videtur,
1287 5744 1381 5799 mi.
1415 5745 1524 5817 μὴν
1563 5747 1657 5801 καὶ
1734 5745 1881 5816 ἅγιοι
1922 5746 2008 5818 ne

2115 5766 2151 5805 ι.
2201 5749 2293 5807 Sic
2361 5765 2597 5824 namque
2642 5753 3000 5823 praecedentia
3070 5766 3133 5809 ac
3180 5748 3461 5821 sequentia
3502 5745 3684 5817 requi-

428 5824 577 5870 runt.
