4054 6332
400 364 459 418 8|
1522 376 1892 436 ADVERSUS
1932 379 2336 441 NESTURIUM
2376 387 2505 443 LIB.
2548 387 2612 444 II.
3568 398 3637 453 8‘2

402 490 777 555 καταπτάντος
805 495 890 547 ἐπ’
914 496 1075 549 αὑτὸν
1103 499 1197 552 τοῦ
1232 499 1387 568 ἁγίου
1426 501 1736 572 Πνεύματος
1763 506 1819 556 ἐν
1846 504 1971 555 εἴδει

2085 508 2183 563 niis
2224 512 2629 567 venerationem
2675 513 2982 571 exhibebat.
3034 514 3133 570 Ubi
3177 528 3305 568 vero
3341 514 3449 568 Deo
3494 514 3639 569 illum

400 587 749 655 περιστερᾶς.
787 588 968 658 Κῦρος
1003 592 1100 659 μὲν
1124 591 1230 661 γάρ
1262 594 1290 645 6
1327 593 1646 662 Καμϐύσου,
1671 598 1971 667 κατεστρά-

398 693 557 729 τευσε
590 677 690 746 τῆς
719 678 1075 734 Βαϐυλωνίων
1105 683 1247 737 κατά
1277 686 1525 753 καιροὺς,
1557 688 1870 759 πεπλάνητο
1893 688 1969 753 δὲ,

402 768 495 819 καὶ
539 771 653 831 τοῖς
708 772 1034 841 ἀκαθάρτοις
1079 775 1327 843 δαίμοσιν
1387 778 1622 831 ἀνετίθει
1673 780 1731 832 τὸ
1786 780 1968 843 σέϐας.

414 857 627 929 Ἐπειδὴ
683 862 739 914 δὲ
787 862 919 915 Θεοῦ
975 866 1408 935 παραθήγοντος,
1462 870 1555 923 καὶ
1607 872 1974 934 διανιστάντος

402 950 561 1003 αὑτὸν
626 955 707 1015 είς
767 954 955 1025 ὀργὰς,
1013 952 1121 1009 εἷλε
1180 958 1276 1029 τὴν
1329 960 1704 1024 Βαϐυλωνίων,
1750 964 1973 1032 ὀνόματι

403 1042 583 1113 κοινῷ,
620 1045 796 1098 καίτοι
836 1048 1117 1117 Πνεύματι
1150 1051 1226 1120 τῷ
1279 1053 1421 1122 ἁγίῳ
1473 1053 1548 1123 μὴ
1594 1056 1968 1123 κεχρισμένος,

403 1135 612 1206 εἴρηται
660 1140 895 1209 χριστός.
941 1141 1117 1210 ’Ἅγιοι
1141 1143 1198 1194 δὲ
1232 1144 1374 1198 οὕτω
1406 1146 1610 1216 Πέρσαι
1637 1164 1696 1199 τε
1737 1150 1828 1200 καὶ
1855 1149 1974 1217 Μῆ-

402 1229 480 1280 δοι
508 1229 556 1281 οί
588 1232 1009 1295 συνασπίζοντες
1035 1235 1203 1305 αὑτῷ·
1221 1235 1614 1309 λελατρεύκασι
1642 1240 1748 1311 γὰρ
1787 1242 1974 1294 κάκεῖ-

407 1338 483 1372 νοι
513 1324 577 1391 τῇ
611 1321 782 1374 κτίσει
818 1326 967 1394 παρά
996 1326 1088 1378 τὸν
1118 1328 1377 1382 κτίσαντα
1416 1330 1567 1393 Θεὸν,
1611 1334 1703 1385 καὶ
1742 1350 1974 1403 προσκε-

405 1410 670 1479 κυνήκασι
705 1416 815 1477 τοῖς
845 1415 1024 1485 ἔργοις
1061 1417 1168 1471 τῶν
1209 1419 1355 1473 ἰδίων
1383 1422 1602 1490 χειρῶν.
1665 1422 1880 1493 Ἐπειδὴ
1919 1424 1973 1475 δὲ

405 1500 497 1553 καὶ
527 1500 690 1567 ἅπαξ.
724 1506 865 1557 κατά
895 1523 959 1573 γε
980 1508 1077 1570 τάς
1098 1510 1156 1561 ὲν
1182 1509 1259 1579 τῷ
1283 1512 1562 1582 Μωσαῖκῷ
1588 1513 1735 1583 νόμῳ
1772 1517 1972 1582 φωνὰς,

403 1593 463 1644 τὸ
502 1595 792 1663 ἀφορισθὲν
838 1597 913 1665 τῷ
956 1598 1074 1668 Θεῷ
1107 1601 1273 1671 θῦμα,
1314 1601 1415 1655 κᾶν
1460 1602 1516 1654 εἴ
1553 1621 1612 1655 τε
1655 1605 1851 1675 μόσχος
1889 1606 1972 1674 εἴη

404 1682 580 1750 τυχὸν,
632 1682 665 1752 ἢ
718 1684 819 1747 ὄϊς,
850 1686 1004 1751 ἅγιον
1040 1688 1372 1759 ὠνομάζετο,
1403 1693 1575 1764 ταύτῃ
1621 1712 1704 1746 τοι
1748 1698 1841 1749 καὶ
1889 1695 1975 1747 διά

404 1775 499 1843 τῆς
526 1775 619 1827 τοῦ
650 1780 923 1847 προφήτου
951 1781 1135 1850 φωνῆς
1162 1782 1305 1849 ἆγιοι
1336 1784 1627 1855 κέκληνται
1673 1788 1767 1839 καὶ
1799 1788 1972 1847 αὑτοὶ,

404 1869 489 1922 διά
502 1886 585 1921 τοι
613 1871 674 1923 τὸ
701 1871 1006 1941 ἀφωρίσθαι
1030 1879 1143 1938 τοῖς
1173 1876 1336 1939 θείοις
1359 1878 1589 1948 νεύμασι
1608 1880 1744 1946 πρὸς
1774 1880 1973 1934 ἁλῶναι

405 1957 502 2027 τὴν
548 1958 933 2013 Βαϐυλωνίων·
993 1964 1149 2034 εἴπερ
1186 1962 1280 2017 οὖν
1313 1968 1460 2021 ἐστιν
1493 1968 1634 2022 οὑτω
1677 1971 1907 2040 Χριστὸς
1950 1974 1978 2024 6

418 2048 781 2121 Ἐμμανουὴλ,
821 2053 963 2106 καθὰ
1000 2056 1093 2108 καὶ
1139 2057 1167 2108 6
1205 2057 1405 2127 Κῦρος,
1451 2061 1545 2113 καὶ
1593 2061 1765 2125 οὕτως
1802 2062 1976 2131 ἆγιος,

406 2139 548 2193 καθά
584 2142 676 2195 καὶ
718 2144 890 2212 Μῆδοι
932 2146 1027 2198 καὶ
1070 2148 1305 2217 Πέρσαι·
1352 2152 1483 2221 φαίη
1516 2170 1600 2216 τις
1637 2153 1703 2206 ἂν
1754 2156 1979 2219 εἰκότως

404 2232 480 2295 ὡς
513 2234 620 2286 ἀπό
648 2252 710 2300 γε
739 2237 837 2305 τῆς
861 2237 969 2290 τῶν
999 2240 1217 2294 ἐννοιῶν
1243 2242 1492 2307 ἀτοπίας,
1525 2248 1659 2316 μήτε
1693 2249 1978 2319 κεχρίσθαι

404 2325 482 2394 τῷ
509 2327 646 2397 ἁγίῳ
677 2329 972 2398 Πνεύματι,
1007 2334 1141 2401 μήτε
1177 2335 1282 2406 μὴν
1318 2337 1469 2404 ἅγιον
1510 2341 1771 2412 ὑπάρχειν
1793 2343 1976 2397 αὐτόν·

403 2418 762 2489 ψευδοεπήσει
803 2421 868 2490 δὴ
910 2419 1003 2475 οὖν
1034 2424 1063 2475 6
1111 2425 1251 2489 θεῖος
1278 2428 1433 2496 ἡμῶν
1472 2430 1634 2483 Δαϐὶδ
1664 2434 1798 2504 πρὸς
1849 2434 1981 2489 αὑτό

408 2506 516 2580 [ἴσ.
545 2512 727 2577 αὑτόν]
766 2531 867 2566 που
927 2514 1130 2583 λέγων·
1179 2538 1197 2570 ι
1253 2520 1571 2592 Ἠγάπησας
1612 2524 1976 2599 δικαιοσύνην,

408 2602 502 2653 καὶ
541 2603 811 2673 ἐμίσησας
841 2607 1085 2661 ἀδικίαν·
1127 2611 1214 2663 διὰ
1253 2612 1411 2665 τοῦτο
1444 2614 1625 2689 ἔχρισε
1664 2634 1720 2670 σε
1760 2619 1789 2670 ό
1827 2620 1979 2687 Θεὸς,

407 2696 435 2744 6
457 2694 585 2758 Θεός
605 2713 719 2760 σου,
763 2697 937 2750 ἔλαιον
966 2701 1359 2768 ἀγαλλιάσεως,
1394 2706 1545 2777 παρὰ
1569 2710 1694 2771 τοὺς
1722 2711 1982 2780 μετόχους

413 2802 525 2837 σου.
580 2806 598 2836 ι
656 2789 1130 2861 Καταφλυαρήσας
1158 2793 1213 2845 δὲ
1263 2794 1405 2848 οὑτω
1454 2800 1553 2860 τῆς
1598 2798 1691 2851 τοῦ
1734 2801 1982 2871 Σωτῆρος

411 2876 565 2943 ἡμῶν
594 2877 868 2948 ὑπεροχῆς
898 2898 956 2933 τε
986 2883 1081 2935 καὶ
1104 2883 1280 2955 δόξης,
1312 2887 1711 2959 ἀποκρούεσθαι
1740 2892 1890 2945 δοκεῖ
1914 2893 1981 2947 τὰ

410 2967 476 3018 ἐκ
505 2966 614 3021 τῶν
655 2968 972 3040 δυσφημιῶν
1020 2975 1357 3046 ἐγκλήματα,
1398 2981 1759 3048 μειρακιῶδές
1790 3000 1842 3036 τι
1889 2986 1983 3037 καὶ

412 3057 671 3112 ἀσύνετον
715 3058 925 3128 λέγων’
967 3063 1033 3116 'H
1061 3064 1160 3133 μὲν
1211 3066 1320 3135 γάρ
1369 3070 1639 3135 κοινωνία,
1691 3073 1843 3142 φησὶ,
1876 3074 1983 3129 τῶν

411 3150 690 3219 ὀνομάτων
719 3154 899 3221 ὁμοία,
920 3155 1016 3224 οὑχ
1045 3157 1077 3224 ἠ
1107 3157 1244 3228 αὑτὴ
1268 3158 1322 3210 δὲ
1349 3157 1494 3223 ἀξία.
1529 3161 1686 3227 Πῶς;
1718 3165 1837 3218 εἰπέ
1869 3184 1979 3235 μοι·

412 3243 551 3293 νοεῖν
576 3241 683 3312 γὰρ
712 3242 811 3295 οὑκ
836 3242 965 3312 ἔχω.
996 3245 1058 3297 Ei
1088 3247 1194 3317 γάρ
1221 3248 1368 3301 ἐστιν
1394 3249 1537 3303 οὑτω
1560 3253 1690 3316 Θεὸς
1713 3254 1787 3316 ὡς

416 3331 511 3383 καὶ
538 3332 565 3383 6
597 3331 821 3401 Μωσῆς,
847 3334 939 3385 καὶ

417 3421 648 3491 Χριστὸς
675 3422 750 3486 ὡς
775 3422 976 3494 Κῦροῄ
1009 3425 1101 3477 καὶ⁸
1133 3426 1238 3495 μὴν
1266 3428 1359 3480 καὶ
1389 3427 1559 3492 οὑτως
1578 3431 1731 3499 ἅγιος
1759 3432 1835 3496 ὡς
1863 3434 1983 3501 Μῆ-

416 3512 513 3565 δοι·
544 3512 659 3576 πῶς
697 3512 763 3565 ἂν
790 3513 1025 3585 διαφύγῃ
1054 3514 1117 3567 τὸ
1175 3516 1267 3569 καὶ
1294 3519 1351 3571 ἐν
1384 3519 1585 3587 ἰσότητι
1626 3521 1835 3575 κεῖσθαι
1874 3523 1985 3575 δεῖν

417 3601 517 3670 τῆς
550 3602 683 3671 πρὸς
705 3603 901 3665 αὑτοὺς
922 3603 1078 3668 ἀξίας
1101 3622 1115 3670 ;
1152 3606 1364 3680 Ἀλώσῃ
1384 3608 1445 3678 δὴ
1474 3605 1566 3663 οὑν
1591 3613 1683 3664 καὶ
1708 3614 1787 3676 είς
1817 3614 1987 3683 αὑτὴν

418 3692 824 3765 δεδυσσεϐηκὼς
851 3694 949 3766 τὴν
978 3697 1069 3750 τοῦ
1099 3698 1272 3765 Λόγου
1302 3701 1482 3768 φύσιν,
1512 3702 1647 3774 ἔφης
1667 3706 1777 3777 γὰρ
1798 3706 1983 3761 πάλινο

495 3786 677 3857 [Εἰπὲ
735 3787 827 3841 τὸν
868 3789 1226 3853 ἀναλαϐόντα,
1263 3792 1346 3845 ὅτι
1396 3793 1564 3857 Θεός·
1618 3796 1852 3866 πρόσθες
1899 3799 1989 3851 τὸν

420 3877 819 3949 ἀναληφθέντα,
847 3879 927 3932 ὅτι
945 3880 1133 3933 δούλου
1169 3884 1371 3953 μορφήο
1402 3884 1648 3954 ὲπάγαγε
1680 3888 1988 3958 μεταταῦτα

421 3968 479 4019 τὸ
520 3968 619 4035 τῆς
662 3970 954 4037 συναφείας
999 3970 1237 4042 ἀξίωμα,
1271 3975 1489 4027 ὅτιτῶν
1531 3976 1625 4030 δύο
1667 3980 1698 4048 ἡ
1737 3979 1990 4033 αὐθεντία

422 4060 604 4130 κοινὴο
633 4061 714 4113 ὅτι
751 4061 858 4115 τῶν
897 4061 1008 4129 δύο,
1044 4064 1242 4118 ταύτὸν
1269 4065 1329 4118 τὸ
1360 4067 1573 4137 ἀξίωμα
1592 4086 1607 4101 ·
1639 4070 1747 4122 τῶν
1777 4072 1990 4141 φύσεων

424 4152 720 4221 μενουσῶν,
751 4154 1000 4224 ὁμολόγει
1029 4155 1127 4226 τὴν
1158 4157 1255 4227 τῆς
1283 4158 1437 4223 ἀξίας
1468 4160 1745 4234 ἑνότητα]

1013 4293 1261 4346 ΚΕΦΑΛ.
1316 4295 1391 4349 Ε’.

493 4425 779 4493 Διατέμνει
817 4426 914 4495 μὲν
950 4421 1044 4480 οὖν
1074 4429 1153 4491 εἰς
1181 4428 1274 4481 δύο
1301 4429 1364 4501 δὴ
1402 4430 1564 4483 πάλιν
1585 4449 1596 4460 ·
1631 4434 1907 4499 ἀσυνέτως
1937 4437 1993 4488 δὲ

425 4516 627 4586 σφόδρα
652 4515 749 4586 τὴν
776 4518 875 4586 τῆς
903 4518 1149 4584 ὲνὼσεως
1174 4521 1401 4591 δύναμιν
1429 4527 1493 4594 τῇ
1524 4525 1651 4597 ἀξίᾳ
1678 4526 1990 4598 χαρίζεται·

2080 613 2400 669 exacuente,
2431 614 2486 658 et
2514 604 2580 658 ad
2620 603 2728 659 iras
2766 605 3040 660 excitante
3079 605 3493 676 Babyloniorum
3532 615 3642 659 ter-

2083 709 2195 747 ram
2244 696 2407 763 cepit,
2461 696 2733 752 communi
2783 697 3066 763 vocabulo,
3122 698 3372 768 quamvis
3426 697 3644 753 minime

2080 797 2275 841 unctus
2300 786 2502 856 Spiritu
2532 797 2740 855 sancto,
2769 790 2943 844 dictus
2962 800 3045 844 est
3071 790 3332 844 ehristus.
3365 790 3439 842 Ita
3466 789 3643 843 Persa:

2079 891 2295 946 quoque
2322 894 2387 932 ae
2414 878 2553 935 Medi
2578 881 2840 935 satellites
2866 880 2983 949 ejus
3010 881 3182 935 sancti
3218 880 3487 935 dicuntur.
3512 879 3642 934 Nam

2080 971 2330 1040 quamvis
2354 971 2430 1026 illi
2461 986 2674 1041 quoque
2697 974 2985 1030 servierint
3009 982 3274 1029 creatura:
3295 973 3469 1045 potius
3486 988 3642 1042 quam

2079 1066 2308 1119 creatori
2371 1065 2480 1120 Deo
2531 1065 2613 1130 “,
2684 1075 2739 1121 et
2789 1067 3135 1121 adoraverint
3184 1082 3343 1138 opera
3394 1081 3642 1119 manuum

2080 1173 2321 1221 suarum,
2354 1168 2531 1213 tamen
2567 1157 2694 1228 quia
2724 1159 2889 1214 semel
2910 1158 3063 1227 juxta
3098 1174 3259 1214 voces
3283 1173 3403 1227 qua:
3435 1165 3558 1211 sunt
3593 1157 3640 1209 iv

2080 1249 2199 1320 lege
2223 1249 2376 1311 Mosi,
2409 1259 2747 1320 segregatum
2778 1249 2886 1304 Deo
2916 1250 3263 1316 sacriﬁcium,
3298 1250 3412 1302 sive
3444 1247 3530 1302 ille
3565 1248 3616 1299 vi

2083 1343 2223 1396 tulus
2249 1353 2391 1396 esset
2417 1341 2666 1405 fortasse,
2686 1342 2797 1395 sive
2822 1342 2958 1408 ovis,
2988 1353 3230 1397 sanctum
3259 1340 3641 1410 appellabatur.

2082 1448 2142 1486 ea
2177 1433 2384 1487 ratione
2413 1433 2572 1486 etiam
2610 1432 2920 1502 prophetica
2949 1446 3081 1487 voce
3107 1432 3205 1501 ipsi
3238 1445 3450 1501 quoque
3475 1433 3643 1487 sancti

2082 1534 2208 1578 sunt
2234 1524 2430 1589 vocati,
2462 1525 2603 1590 quod
2632 1524 2815 1578 divino
2842 1524 3062 1577 numine
3088 1524 3354 1592 segregati
3380 1522 3646 1595 dicatiqui-

2081 1627 2265 1673 essent
2296 1618 2364 1671 ad
2412 1615 2757 1686 Babyloniam
2802 1617 3139 1685 capiendam.
3190 1614 3330 1685 Ergo
3369 1616 3413 1669 si
3458 1615 3644 1669 eadem

2084 1709 2291 1763 ratione
2322 1709 2437 1776 ipse
2465 1706 2777 1762 Emmanuel
2804 1717 2889 1763 est
2924 1707 3195 1773 Christus,
3222 1722 3327 1776 qua
3365 1706 3558 1777 Cyrus,
3596 1716 3647 1759 et

2083 1817 2149 1855 eo
2179 1802 2337 1856 modo
2370 1810 2594 1855 sanctus
2629 1816 2734 1870 quo
2758 1800 2897 1855 Medi
2922 1815 2985 1855 ac
3012 1799 3226 1863 Persat;
3258 1808 3649 1869 consequenter

2010 1933 2055 1989 Β
2081 1895 2226 1950 dicet
2270 1893 2485 1966 aliquis,
2517 1903 2775 1963 quantum
2808 1908 2876 1949 ex
2902 1894 3287 1949 sententiarum
3318 1893 3649 1948 absurditate

2078 1987 2437 2053 concluditur,
2465 2002 2638 2057 neque
2667 1996 2887 2041 unctum
2925 1984 3091 2042 fuisse
3132 1986 3279 2040 illum
3314 1995 3502 2041 sancto
3522 1984 3646 2054 Spi—

2081 2080 2215 2144 ritu,
2243 2094 2418 2149 neque
2447 2089 2690 2133 sanctum
2719 2092 2841 2132 esse
2875 2096 2888 2132 :
2922 2078 3105 2147 itaque
3137 2078 3427 2131 mentietur
3460 2077 3655 2129 beatus

2081 2171 2267 2239 David,
2302 2173 2370 2226 ad
2410 2171 2583 2240 ipsum
2610 2171 2796 2238 procul
2844 2171 3006 2225 dubio
3034 2169 3199 2223 verba
3241 2168 3479 2222 faciens:
3510 2185 3526 2217 ι
3558 2167 3647 2219 Di—

2080 2264 2257 2319 texisti
2307 2264 2593 2334 justitiam,
2637 2272 2691 2317 et
2736 2262 2894 2317 odisti
2951 2262 3289 2330 iniquitatem
3324 2276 3338 2313 :
3368 2269 3649 2328 pr0pterea

2080 2356 2235 2411 unxit
2262 2366 2313 2409 te
2344 2356 2505 2417 Deus,
2525 2354 2668 2410 Deus
2699 2366 2843 2421 tuus,
2869 2354 2987 2411 oleo
3006 2354 3219 2419 laetitiae,
3252 2369 3369 2423 pra
3387 2352 3648 2405 consorti-

2080 2450 2180 2504 bus
2204 2448 2310 2502 tuis
2337 2449 2437 2503 ³⁸.»
2470 2447 2587 2502 Jam
2621 2463 2748 2502 vero
2778 2448 2913 2501 adeo
2942 2448 3219 2515 nugaciter
3249 2446 3505 2500 adversus
3534 2442 3650 2498 Sal-

2081 2539 2285 2592 vatoris
2327 2538 2495 2592 nostri
2560 2537 2896 2604 maiestatem
2953 2545 3009 2589 et
3068 2535 3290 2605 gloriam
3344 2533 3648 2594 ohlocntus,

2082 2631 2536 2702 blasphemiarum
2567 2647 2785 2686 suarum
2810 2632 3037 2687 crimina
3067 2629 3330 2700 repellere
3362 2626 3460 2682 sibi
3502 2627 3650 2680 vide-

2083 2734 2192 2790 tur,
2243 2724 2448 2792 puerile
2485 2724 2740 2794 quiddam
2791 2734 2845 2777 et
2891 2722 3113 2777 stultum
3166 2720 3406 2776 inferens
3444 2738 3459 2773 :
3494 2718 3652 2771 Com-

2083 2816 2286 2883 munio,
2310 2817 2504 2883 inquit,
2529 2815 2807 2870 nominum
2837 2813 3029 2869 similis
3054 2824 3154 2873 est.
3180 2828 3283 2865 non
3312 2813 3499 2866 eadem
3526 2824 3652 2863 vero

2084 2909 2336 2979 dignitas.
2371 2909 2471 2974 Qui
2514 2907 2768 2961 tandem?
2796 2907 2905 2971 die,
2937 2920 3142 2974 quarso,
3189 2920 3309 2958 nam
3357 2903 3655 2972 intelligere

2084 3014 2314 3070 nequeo.
2350 2997 2484 3054 Nam
2520 3000 2567 3053 si
2605 2999 2675 3052 ita
2707 3008 2791 3052 est
2823 2997 2963 3052 Dens
3000 3008 3058 3050 ut
3090 2996 3266 3050 Moses
3295 2996 3478 3059 etiam,
3504 3004 3553 3049 et
3580 2995 3657 3048 ita

2085 3094 2275 3159 Filius,
2309 3102 2367 3146 ut
2389 3092 2572 3155 Israel,
2599 3102 2653 3145 et
2677 3092 2748 3144 ita
2774 3090 3021 3145 Christus
3052 3100 3109 3145 ut
3131 3090 3318 3160 Cyrus,
3338 3089 3464 3159 quin
3493 3090 3651 3143 etiam

2087 3186 2160 3239 ita
2202 3195 2424 3240 sanctus
2463 3194 2519 3238 ut
2558 3183 2719 3245 Medi.
2763 3183 3029 3252 quomodo
3073 3181 3267 3250 poterit
3298 3181 3501 3235 evitare
3532 3196 3657 3249 quo-

1011 3256 1537 3353 Ei‘fépjf’iw'w‘ff“
1560 3256 1690 3353 95.55
1713 3256 1788 3353 ὼξ
1807 3256 1874 3308 ἂν
1897 3259 1982 3328 εἴη
2010 3272 2055 3330 C
2088 3279 2263 3333 minus
2299 3278 2487 3332 eadem
2528 3292 2650 3330 cum
2688 3275 2793 3329 illis
2830 3283 3116 3330 censeatur
3140 3274 3445 3341 mqualitate
3484 3271 3656 3340 digni-

979 3335 1150 3397 οὕτως
1181 3335 1326 3399 Υἱὸς,
1356 3337 1432 3399 ὡς
1472 3338 1703 3410 Ἰσραὴλ,
1733 3340 1875 3394 οὕτω
1920 3360 1978 3394 τε

2086 3367 2697 3438 tatis?Deprehenderis
2724 3366 2887 3435 igitur
2914 3365 3026 3433 jam
3050 3366 3213 3420 etiam
3247 3366 3296 3417 in
3336 3366 3502 3431 ipsam
3527 3364 3657 3418 Ver-

2085 3464 2135 3517 bi
2174 3470 2421 3515 naturam
2458 3458 2655 3515 imoius
2685 3458 2869 3524 fuisse,
2914 3457 2993 3513 sic
3032 3471 3267 3524 namque
3311 3455 3492 3509 dixisti
3535 3472 3655 3508 rur-

2086 3569 2202 3609 sum
2247 3570 2260 3606 ε

2161 3796 2425 3869 [Νεετοιι.
2449 3796 2544 3852 Dic
2565 3797 2632 3852 de
2651 3805 2979 3860 assumente,
2999 3796 3141 3865 quod
3167 3795 3308 3849 Deus
3326 3796 3423 3851 sit:
3444 3792 3659 3864 adjicita

2089 3889 2199 3963 Μ
2236 3892 2301 3945 de
2340 3898 2636 3957 assumpto,
2676 3888 2815 3957 quod
2864 3887 3003 3944 servi
3044 3887 3213 3942 forma
3246 3904 3259 3942 :
3297 3885 3437 3941 infer
3475 3894 3659 3954 postea

2090 3978 2485 4049 coniunctionis
2516 3977 2854 4046 dignitatem,
2897 3974 3041 4045 quod
3078 3973 3380 4030 communis
3424 3973 3497 4028 sit
3530 3974 3661 4028 dno-

2092 4086 2210 4125 rum
2251 4070 2572 4129 auctoritas.
2615 4068 2757 4136 quod
2802 4068 2987 4121 eadem
3022 4066 3093 4120 sit
3126 4065 3352 4119 duorum
3380 4064 3611 4134 dignitas
3644 4081 3657 4115 :

2093 4161 2434 4216 manentibus
2466 4159 2678 4214 naturis
2718 4157 2977 4214 conﬁtere
3010 4156 3290 4229 dignitatis
3340 4154 3675 4227 unitatem.)-

2754 4288 2904 4345 CAP.
2947 4291 3015 4344 ν.

2165 4428 2364 4484 Dividit
2390 4441 2519 4498 ergo
2543 4440 2757 4481 rursum
2786 4424 2840 4480 in
2869 4424 2995 4489 duo,
3020 4432 3076 4480 et
3098 4422 3663 4493 imperite-admodum

2095 4525 2204 4578 vim
2240 4522 2465 4578 unitatis
2503 4518 2750 4590 dignitati
2787 4517 3035 4587 largitur.
3086 4516 3317 4571 fortasse
3360 4529 3427 4568 ne
3472 4512 3664 4567 intelli-

423 4610 561 4677 τάχα
594 4627 696 4661 που
725 4611 799 4679 μὴ
828 4613 1046 4678 συνιεὶς,
1065 4613 1092 4665 ὅ
1120 4630 1172 4666 τι
1196 4617 1325 4666 ποτὲ
1357 4617 1502 4669 ἐστιν
1533 4619 1564 4688 ἡ
1593 4619 1804 4682 ἓνωσις,
1823 4620 1916 4673 καὶ
1945 4639 1982 4673 τι

2101 4631 2234 4688 gens
2263 4615 2479 4685 quidem
2509 4612 2635 4680 quid
2672 4610 2884 4665 tandem
2917 4609 2988 4663 sit
3016 4609 3215 4670 unitas,
3248 4606 3373 4675 quid
3425 4618 3509 4658 res
3550 4603 3668 4673 ipsa

424 4703 521 4769 τῆς
562 4701 715 4765 ἀξίας
742 4703 802 4754 τὸ
838 4702 1027 4774 χρῆμα
1046 4722 1059 4735 ’
1096 4705 1233 4776 πλὴν
1260 4708 1432 4760 ἐκεῖνό
1462 4726 1668 4780 φαμεν·
1698 4714 1846 4765 Μίαν
1888 4713 1991 4783 ἔφη

423 4794 533 4844 τῶν
575 4794 667 4845 δύο
713 4795 928 4863 φύσεων
966 4798 1065 4867 τὴν
1096 4798 1402 4863 αὑθεντίαν,
1434 4801 1529 4855 καὶ
1572 4802 1630 4855 ἒν
1662 4804 1724 4856 τὸ
1755 4805 1992 4874 ἀξίωμα.

428 4886 555 4938 Ὅτε
589 4886 763 4941 τοίνυν
795 4889 822 4940 6
851 4890 908 4940 ἐν
936 4888 1144 4960 ἰσότητι
1171 4890 1327 4961 δόξης
1356 4894 1455 4963 τῆς
1485 4894 1620 4963 πρὸς
1661 4896 1792 4951 Θεὸν
1824 4899 1995 4966 Λόγον

424 4981 521 5049 οὑχ
551 4982 934 5052 ὑπερκείσεται
958 4983 1050 5034 τὸν
1078 4983 1303 5048 Μωσέα,
1336 4985 1476 5039 κατά
1497 5003 1559 5052 γε
1581 4987 1643 5039 τὸ
1675 4984 1811 5042 εἶναι
1841 4990 1993 5053 Θεὸς,

425 5074 579 5143 δῆλον
612 5074 677 5126 ἀν
715 5075 800 5143 εἴη
842 5075 1132 5145 δήπουθεν,
1158 5078 1240 5129 ὅτι
1273 5078 1364 5131 καὶ
1392 5080 1552 5142 αὑτὸς
1577 5081 1607 5132 ό
1644 5081 1709 5133 ἐκ
1735 5080 1870 5134 Θεοῦ
1895 5082 1998 5134 Λό-

425 5183 519 5232 γος
557 5167 958 5235 ίσοστατήσειεν
988 5167 1053 5220 ἂν
1081 5170 1146 5236 τῇ
1179 5168 1272 5221 τοῦ
1320 5171 1563 5233 Μωσέως
1594 5173 1734 5242 τάχα
1765 5190 1866 5225 που
1898 5174 1998 5242 φύ-

427 5274 507 5307 σει
540 5257 633 5308 καὶ
664 5256 819 5326 δόξῃο
856 5258 903 5308 εἰ
929 5254 1038 5326 γάρ
1071 5258 1219 5309 ἐστιν
1240 5258 1414 5321 ἐοικὸς
1450 5259 1542 5311 καὶ
1562 5260 1996 5330 ἀπαραλλάκτως

424 5345 547 5413 ἔχον
580 5346 687 5397 πᾶν
716 5344 895 5397 ὁτιοῦν
922 5344 1000 5414 τῷ
1051 5345 1251 5415 πρώτῳ
1287 5347 1379 5399 καὶ
1430 5349 1597 5419 τρίτῳ
1622 5350 1681 5402 τὸ
1707 5350 1795 5404 διὰ
1826 5352 1996 5420 μέσου

424 5436 511 5503 εἰή
542 5436 605 5487 ἂν
632 5436 727 5504 οὑχ
753 5436 989 5505 ἑτεροῖος
1018 5438 1200 5500 αὑτοῖς
1231 5439 1258 5489 ό
1287 5440 1384 5507 τῆς
1407 5439 1618 5508 φύσεως
1651 5442 1827 5509 λόγος.
1848 5443 1997 5494 Ἀλλ’

427 5530 555 5589 ίσως
583 5528 698 5596 ὲ,ρεί
726 5528 823 5595 τῆς
858 5527 1014 5590 ἀξίας
1044 5528 1133 5580 τὸν
1158 5530 1356 5598 τρόπον
1412 5532 1510 5583 οὐκ
1573 5529 1711 5585 εἶναι
1755 5536 1845 5587 καὶ
1894 5534 1994 5602 φύ-

428 5637 541 5673 σιν’
570 5620 765 5673 οὑκοῦν
812 5620 929 5674 ἀνθ’
954 5621 1074 5673 ὅτου
1108 5622 1175 5674 τὰ
1222 5622 1320 5690 τῆς
1402 5623 1535 5691 πρὸς
1570 5623 1771 5695 ἄλληλα
1807 5643 1996 5680 κοινω-

501 5804 543 5831 ³ο
578 5802 729 5855 item.
786 5816 822 5864 ι,
855 5799 943 5854 25.
1026 5800 1065 5832 ³⁸
1108 5800 1244 5856 Psal.
1277 5816 1415 5863 λων,
1453 5800 1504 5855 8.

2099 4707 2401 4779 dignitatis.
2441 4702 2570 4757 Illud
2615 4712 2791 4757 tamen
2839 4700 3117 4754 dicemus:
3164 4696 3336 4753 Unam
3367 4710 3487 4750 esse
3530 4693 3666 4748 dixit

2101 4803 2325 4855 duarum
2362 4807 2675 4851 naturarum
2708 4792 3103 4853 auctoritatem.
3149 4798 3202 4843 et
3233 4802 3391 4843 unam
3436 4786 3668 4856 dignita-

2103 4902 2231 4947 tem.
2268 4890 2367 4944 Ubi
2402 4888 2563 4957 igitur
2592 4886 2638 4939 is
2676 4884 2763 4952 qui
2801 4896 2984 4951 parem
3020 4880 3182 4935 habet
3217 4879 3324 4933 Deo
3353 4877 3531 4932 Verbo
3554 4876 3665 4945 glo-

2102 4986 2261 5048 riam,
2309 4984 2360 5035 in
2410 4998 2475 5037 eo
2508 4989 2654 5034 certe
2688 4979 2829 5046 quod
2875 4977 3015 5029 Deus
3053 4983 3157 5040 est,
3197 4971 3365 5027 nihilo
3395 4980 3479 5025 est
3522 4971 3687 5041 Mose‘

2102 5074 2369 5143 superior,
2396 5072 2583 5143 procul
2606 5070 2767 5125 dubio
2792 5069 2959 5136 liquet
2979 5068 3148 5137 ipsum
3173 5077 3387 5134 quoque
3414 5063 3503 5117 Dei
3533 5059 3668 5115 V—er-

2102 5169 2229 5221 bum
2259 5164 2375 5235 pari
2403 5169 2677 5218 momento
2713 5167 2769 5214 et
2794 5166 2998 5213 natura:
3045 5165 3099 5210 et
3139 5154 3325 5221 glorias
3356 5168 3476 5209 cum
3522 5150 3668 5206 Mose

2103 5254 2529 5325 exaequandum.
2572 5250 2893 5317 Ubicunque
2937 5244 3080 5301 enim
3113 5243 3388 5315 quodlibet
3433 5241 3666 5296 medium

2099 5350 2277 5418 primo
2306 5361 2369 5400 ac
2400 5343 2561 5400 tertio
2595 5339 2868 5411 persimile
2892 5348 2997 5402 est,
3025 5336 3280 5406 nullaque
3313 5335 3368 5390 in
3404 5349 3461 5388 re
3494 5332 3666 5387 diver-

2097 5456 2240 5507 sum,
2266 5438 2490 5494 omnino
2520 5432 2767 5503 sequitur
2797 5440 2857 5485 ut
2890 5428 3033 5484 nulla
3068 5428 3139 5484 sit
3170 5427 3313 5483 inter
3346 5425 3432 5480 illa
3468 5431 3672 5476 naturae

2100 5533 2313 5587 diversa
2352 5529 2509 5584 ratio.
2547 5526 2653 5581 Sed
2685 5522 2827 5579 dicet
2857 5524 3107 5585 fortasse,
3145 5515 3423 5589 dignitatis
3454 5514 3669 5568 modum

2102 5638 2206 5679 non
2251 5623 2391 5678 idem
2426 5635 2545 5677 esse
2595 5632 2658 5672 ac
2706 5625 2956 5672 naturam
2999 5631 3013 5668 :
3046 5626 3144 5668 cur
3183 5608 3346 5680 igitur
3392 5619 3456 5660 ea
3485 5616 3604 5673 qua
3637 5613 3671 5656 a
