4054 6332
403 363 470 416 83
1388 349 1448 405 S.
1489 343 1766 405 CYRILIJ
1802 338 2268 397 ALEXANDRINI
2306 340 2626 398 ARCHIEP.
3576 347 3649 405 ει

404 486 589 531 unitua
632 474 1033 539 communione,
1085 481 1247 542 atque
1299 467 1463 523 etiam
1505 463 1818 534 aequalitate
1863 468 1968 513 tam

2075 458 2214 525 νίας,
2245 461 2340 514 καὶ
2374 461 2482 534 μὴν
2526 462 2620 516 καὶ
2669 461 2910 533 ἰσότητος
2938 461 3211 527 ούσιωδῶς
3242 463 3492 517 τοσοῦτον
3538 466 3646 537 ἀφ-

406 584 599 638 magno
625 566 873 624 essentia:
895 564 1207 620 discrimine
1232 559 1498 629 disiuncta
1526 566 1674 622 sunt,
1698 556 1753 610 in
1786 566 1968 616 unam,

2074 555 2343 628 εστηκότα
2385 556 2668 625 συλλέγειν
2712 560 2791 621 είς
2841 558 2992 630 μίαν,
3022 558 3165 612 καθά
3208 559 3314 630 φὴς
3340 558 3522 622 αὐτὸς,
3552 562 3647 614 αὐ-

404 672 463 715 ιιι
493 663 608 730 ipse
645 660 801 725 dicis,
846 656 1225 714 auctoritatem
1258 650 1581 723 colligenda,
1630 657 1685 703 et
1722 644 1835 717 pari
1876 644 1974 697 ho-

404 769 535 807 nore
561 766 751 808 censes
793 749 1074 806 ornanda?
1118 747 1221 803 Ubi
1265 757 1498 814 namque
1536 755 1758 812 prorsus
1796 736 1974 790 minor

402 854 485 898 est
514 854 731 908 natura,
760 842 847 897 cui
873 841 1041 895 altera
1085 835 1486 908 superponitur,
1516 833 1605 901 qui
1649 828 1765 883 ﬁeri
1796 833 1973 897 potest

404 945 462 987 ut
486 933 558 988 illi
601 931 878 998 contingat
901 938 955 984 et
985 928 1188 998 paritas
1218 921 1462 985 honoris,
1494 929 1548 974 et
1579 915 1859 987 aequalitas
1890 910 1969 965 di-

404 1023 643 1093 gnitatis,
667 1032 722 1077 et
746 1021 885 1076 idem
912 1019 1237 1087 minimeque
1261 1016 1504 1069 diversus
1526 1007 1711 1077 gloria:
1741 999 1969 1093 modus?

405 1092 557 1179 Quod
594 1122 774 1166 autem
815 1109 1245 1180 conjunctionem
1283 1101 1578 1173 appellans,
1611 1113 1728 1152 eam
1764 1092 1970 1150 scilicet

403 1220 520 1272 qua:
546 1221 612 1260 ex
640 1204 833 1260 vicinia
866 1203 979 1258 sola
1016 1200 1099 1255 vel
1128 1198 1419 1255 secundum
1450 1191 1861 1263 appositionem,
1886 1184 1971 1239 vel

403 1296 697 1351 secundum
725 1294 1097 1351 habitudinem
1135 1288 1473 1359 intelligitur,
1512 1285 1627 1352 ipse
1654 1279 1768 1334 suis
1807 1276 1971 1331 ratio-

404 1388 559 1442 nibus
586 1387 924 1452 adversatur,
952 1395 1008 1439 et
1039 1400 1158 1453 qua:
1188 1379 1455 1437 destruxit
1483 1374 1735 1438 aedificat,
1766 1379 1821 1425 et
1850 1383 1969 1439 quae

402 1471 686 1526 demolitus
715 1482 798 1527 est
821 1473 1002 1541 erigit,
1033 1472 1247 1542 planum
1286 1468 1375 1522 ﬁet
1401 1481 1466 1522 ex
1491 1466 1592 1519 hoc
1624 1475 1813 1517 rursus
1842 1476 1857 1513 :
1893 1457 1971 1511 sic

402 1578 634 1634 namque
663 1564 838 1618 dixit:

472 1653 752 1726 [Νεετοιι.
782 1654 905 1709 ldeo
939 1652 1061 1708 volo
1089 1667 1182 1707 vos
1211 1657 1367 1707 caute
1402 1648 1733 1715 ﬁrmiterque
1763 1653 1961 1697 tenere.

405 1743 604 1797 Divisio
630 1742 773 1796 nulla
807 1740 1300 1812 estconiunctionis
1318 1738 1620 1810 dignitatis,
1655 1734 1927 1789 ﬁliationis
1955 1753 1965 1787 :

403 1836 504 1889 hoc
542 1835 716 1905 ipsum
750 1836 891 1904 quod
936 1834 1182 1889 Christus
1218 1841 1321 1897 est,
1357 1831 1554 1885 nullam
1597 1828 1802 1897 patitur
1834 1825 1970 1879 divi—

400 1928 604 1983 sionem
629 1946 643 1981 :
667 1928 763 1983 sed
788 1927 998 1983 deitatis
1026 1937 1076 1981 et
1098 1925 1448 1981 humanitatis
1470 1930 1552 1977 est
1576 1921 1788 1976 divisio.
1808 1916 1969 1972 Citri-

401 2027 539 2085 stus,
565 2035 666 2089 qua
691 2021 958 2085 Christus,
987 2019 1291 2073 individuus
1316 2024 1399 2070 est
1426 2034 1436 2069 :
1467 2028 1637 2083 neque
1665 2010 1807 2067 enim
1832 2009 1968 2063 duos

399 2114 637 2169 christos
685 2114 968 2178 habemus,
1001 2128 1173 2181 neque
1200 2112 1333 2166 duos
1373 2110 1509 2163 ﬁlios
1536 2128 1548 2162 :
1578 2124 1680 2161 non
1722 2106 1863 2160 enim
1888 2110 1971 2157 est

402 2205 538 2274 apud
567 2221 665 2259 nos
687 2206 886 2275 primus
910 2217 963 2260 et
985 2205 1277 2266 secundus,
1306 2218 1477 2272 neque
1503 2202 1640 2254 alius
1693 2211 1747 2254 et
1785 2199 1922 2252 alius
1949 2212 1965 2250 :

401 2312 572 2365 neque
598 2312 786 2352 rursus
819 2297 957 2352 alius
1001 2296 1257 2361 Filius,et
1284 2295 1420 2349 alius
1443 2310 1658 2349 rursum
1685 2309 1698 2357 ;
1727 2293 1819 2346 scd
1853 2293 1967 2359 ipse

400 2389 487 2443 ille
520 2403 659 2445 unus
697 2399 780 2444 est
810 2390 1002 2447 duplex
1034 2406 1046 2442 :
1094 2406 1200 2445 nun
1245 2388 1528 2452 dignitate,
1568 2387 1661 2442 sed
1706 2383 1965 2456 natura]

1027 2526 1181 2583 CAP.
1226 2527 1335 2581 VL.

468 2670 692 2740 Explica
724 2668 857 2725 mihi
907 2683 1098 2722 rursus
1146 2666 1402 2737 quidnam
1456 2678 1578 2718 esse
1636 2662 1964 2717 individuam

397 2759 839 2829 coniunctionem
879 2759 1012 2813 dicis
1038 2759 1061 2811 ’ί
1102 2755 1465 2817 Unitatemnc,
1521 2755 1818 2810 secundum
1870 2754 1967 2823 hy-

399 2851 657 2920 postasim
686 2849 960 2913 nimirum,
997 2864 1160 2919 quam
1190 2847 1293 2917 ipsi
1328 2848 1682 2917 prtedicamus
1718 2862 1840 2901 cum
1871 2862 1967 2917 pro

397 2945 711 3013 dogmatum
758 2942 990 2997 veritate
1043 2950 1339 3005 certamus,
1374 2956 1441 2995 an
1487 2955 1616 2995 vero
1671 2940 1812 2994 hanc
1845 2955 1965 3006 quae

398 3036 692 3091 secundum
719 3037 901 3106 apposi
914 3037 1134 3099 tionem,
1157 3044 1211 3089 et
1238 3034 1462 3104 alicujus
1491 3034 1555 3088 ad
1583 3033 1787 3102 aliquid
1825 3034 1955 3088 vici-

2074 652 2323 715 θεντίαν,
2369 652 2469 707 καὶ
2504 654 2690 723 τιμαῖς
2738 654 2859 715 ταῖς
2908 653 3048 716 ἴσαις
3092 653 3388 720 στεφανοῦν
3437 652 3645 718 ἀξιοῖς;

2074 743 2248 797 Ὅπου
2280 744 2389 815 γάρ
2420 744 2555 807 ὅλως
2585 746 2973 814 μειονεκτεῖται
3023 743 3204 813 φύσις,
3239 746 3431 816 ἑτέρας
3479 745 3647 815 ὑπερ-

2071 835 2351 907 κειμένης,
2391 836 2509 899 πῶς
2540 835 2607 889 ἂν
2633 835 2770 907 αὐτῇ
2811 836 3165 907 προσγένοιτο
3190 837 3285 890 καὶ
3312 837 3493 908 γερῶν
3532 837 3641 890 ίσό-

2069 946 2191 1002 της,
2223 931 2316 984 καὶ
2348 928 2657 1000 ἰσομοιροῦν
2695 927 2934 1000 ἀξίωμα,
2972 931 3065 983 καὶ
3089 932 3116 984 6
3140 931 3241 1000 τῆς
3265 929 3515 994 εὐκλείας
3546 931 3643 1001 οὐχ

2070 1021 2255 1092 ἕτερος
2295 1021 2528 1095 τρόπος;
2561 1021 2682 1075 Ὀτι
2725 1021 2782 1073 δὲ
2832 1021 3126 1090 συνάφειαν
3170 1022 3471 1092 ὀνομάζων,
3501 1023 3643 1092 τάχα

2072 1133 2171 1169 που
2227 1114 2327 1187 τὴν
2382 1116 2499 1167 κατ’
2528 1114 2802 1185 ἐγγύτητα
2848 1115 3017 1186 μόνην
3062 1115 3159 1167 καὶ
3216 1115 3346 1186 [τον.
3500 1115 3643 1170 κατὰ

2071 1205 2393 1278 παράθεσιν,
2424 1206 2589 1275 ἤγουν
2634 1204 2889 1276 σχετικὴν
2941 1204 3259 1277 νοουμένην,
3306 1205 3471 1269 αὐτὸς
3528 1208 3645 1270 τοῖς

2074 1301 2221 1365 ίδίοις
2248 1300 2629 1354 ἀντανίσταται
2676 1297 2875 1365 λόγοις,
2910 1297 2947 1353 ἃ
2983 1296 3277 1351 κατέλυσεν
3319 1298 3639 1370 οἰκοδομῶν,

2072 1392 2166 1445 καὶ
2206 1391 2427 1454 ἀνιστάς
2470 1391 2529 1443 τὸ
2560 1389 2962 1462 καθῃρημένον,
3000 1390 3172 1460 σαφὲς
3201 1390 3268 1446 ἂν
3306 1389 3517 1461 γένοιτο
3546 1392 3644 1445 καὶ

2070 1483 2157 1537 διὰ
2194 1482 2345 1537 τοῦδε
2374 1483 2438 1552 δὴ
2468 1482 2657 1536 πάλιν·
2695 1481 2796 1554 ἔφη
2822 1481 2932 1552 γὰρ
2957 1481 3149 1544 οὕτως·

2143 1658 2261 1729 ῘΔιά
2294 1657 2450 1711 τοῦτο
2500 1657 2766 1728 βούλομαι
2798 1659 2943 1727 ὑμᾶς
2980 1659 3118 1729 μετά
3166 1659 3467 1727 ἀσφαλείας
3510 1677 3645 1730 κραο

2070 1754 2211 1804 τεῖν·
2243 1752 2502 1821 διαίρεσις
2532 1752 2630 1803 οὐκ
2660 1750 2777 1803 ἔστι
2808 1754 2907 1822 τῆς
2940 1751 3230 1821 συναφείας
3275 1750 3369 1804 τοῦ
3402 1750 3644 1820 ἀξιώμαο

2072 1862 2181 1908 τος,
2212 1844 2310 1913 τῆς
2342 1844 2613 1913 υῐότητος·
2648 1842 2813 1896 αὑτοῦ
2846 1843 2940 1896 τοῦ
2968 1838 3106 1896 εἶναι
3135 1844 3371 1914 Χριστὸς
3398 1844 3499 1895 οὐκ
3528 1842 3645 1895 ἐστι·

2070 1937 2331 2007 διαίρεσις
2356 1952 2368 1965 ·
2420 1936 2519 2006 τῆς
2563 1936 2617 1989 δὲ
2667 1936 2916 2003 θεότητος
2949 1937 3040 1989 καὶ
3073 1935 3487 2006 άνθρωπότητός
3528 1937 3645 1987 ἐστι

2069 2031 2329 2102 διαίρεσις
2349 2046 2363 2061 °
2390 2031 2419 2083 6
2444 2031 2695 2100 Χριστὸς,
2720 2029 2861 2082 κατά
2905 2029 2966 2081 τὸ
3011 2029 3266 2099 Χριστὸς,
3298 2028 3598 2098 ἀδιαίρετος
3626 2043 3639 2055 ·

2068 2126 2129 2177 ού
2173 2123 2281 2194 γάρ
2311 2123 2503 2194 ἔχομεν
2538 2123 2630 2176 δύο
2658 2123 2932 2193 χριστοὺς,
2966 2122 3087 2175 οὐδὲ
3118 2121 3211 2174 δύο
3237 2120 3412 2183 υἱούς·
3444 2120 3504 2172 ού
3533 2119 3644 2189 γάρ

2068 2219 2184 2270 ἐστι
2219 2216 2348 2285 παρ’
2372 2216 2502 2284 ἡμῖν
2529 2213 2743 2284 πρῶτος
2771 2214 2865 2267 καὶ
2894 2213 3162 2284 δεύτερος,
3201 2212 3321 2265 οὐδὲ
3349 2211 3506 2274 ἄλλος
3548 2210 3643 2263 καὶ⁵

2067 2306 2225 2370 ἄλλος
2244 2322 2258 2336 ⁸
2284 2304 2405 2359 οὐδὲ
2435 2305 2597 2358 πάλιν
2622 2303 2778 2367 ἄλλος
2803 2305 2950 2369 Υἱὸς,
2987 2305 3080 2357 καὶ
3111 2303 3267 2364 ἄλλος
3295 2302 3457 2355 πάλιν
3478 2318 3489 2329 ·
3518 2300 3615 2353 ἀλλ
3631 2301 3645 2319 ‘

2070 2398 2232 2461 αὐτὸς
2267 2399 2296 2451 6
2331 2391 2412 2461 εἷς
2436 2399 2567 2467 ,ἐστι
2586 2395 2805 2459 διπλοῦς
2825 2413 2837 2423 ’
2860 2396 2920 2448 οὺ
2938 2398 3001 2467 τῇ
3025 2394 3170 2466 ἀξίᾳ,
3198 2394 3333 2448 ἀλλά
3346 2396 3411 2464 τῇ
3436 2389 3642 2463 φύσει.]

2668 2535 2913 2588 ΚΕΦΑΛ.
2958 2536 3047 2601 εῖν.

2138 2670 2315 2741 Φράζε
2340 2669 2402 2738 δή
2437 2652 2526 2739 μοι
2554 2667 2738 2729 πάλιν,
2762 2666 2813 2721 τί
2840 2667 2903 2733 δὴ
2931 2667 3037 2737 ἄρα
3068 2667 3165 2738 τὴν
3193 2667 3495 2737 ἀδιαίρετον
3520 2682 3647 2717 συν-

2068 2766 2261 2833 άφειαν
2292 2758 2435 2815 εἶναι
2468 2763 2574 2832 φής
2598 2778 2611 2827 ;
2632 2758 2781 2830 Ἀρα
2805 2760 2905 2829 τὴν
2927 2759 3140 2821 ἕνωσιν,
3173 2759 3328 2829 δῆλον
3350 2760 3406 2812 δὲ
3434 2760 3513 2811 ὅτι
3546 2758 3644 2821 τὴν

2070 2857 2193 2911 καθ’
2224 2857 2551 2920 ὑπόστασιν,
2601 2853 2667 2923 ἢν
2716 2854 2876 2922 ἡμεῖς
2926 2850 3337 2922 πρεσϐεύομεν,
3385 2852 3497 2913 τοῖς
3547 2850 3647 2919 τῆς

2069 2950 2327 3022 ἀληθείας
2353 2946 2740 3008 συναθλοῦντες
2762 2945 3023 3014 δόγμασιν
3044 2960 3056 2973 ο
3081 2943 3114 3013 ἢ
3139 2942 3367 3012 ταυτηνὶ
3387 2942 3486 3013 τὴν
3507 2941 3645 2994 κατὰ

2071 3042 2391 3115 παράθεσιν,
2421 3042 2515 3093 καὶ
2546 3039 2644 3109 τὴν
2674 3037 2809 3108 πρὸς
2833 3036 2955 3089 τόδε
2979 3053 3032 3089 τι
3058 3034 3154 3088 τοῦ
3179 3035 3348 3097 δεῖνος
3372 3032 3647 3102 ἐγγύτητα

384 3127 619 3182 ιιίιαιοηι
688 3128 1059 3197 intelligitur?
1091 3126 1225 3182 Nam
1280 3128 1360 3183 sic
1404 3127 1568 3181 etiam
1634 3125 1742 3199 45
1797 3141 1966 3181 sacra:

2072 3136 2401 3205 νοουμένην;
2433 3133 2657 3202 Δέχεται
2685 3130 2795 3200 γὰρ
2826 3128 2970 3182 οὓτω
2995 3126 3094 3197 τὴν
3131 3126 3275 3192 λέξιν
3308 3126 3342 3195 ἡ
3387 3124 3645 3177 θεόπνευ-

396 3220 611 3277 Littcra:
671 3222 811 3277 hanc
872 3221 1165 3277 dictionem
1222 3220 1758 3289 accipiuntzitaque
1824 3218 1963 3271 dixit

398 3317 537 3371 Deus
566 3315 631 3368 ad
664 3314 879 3369 beatum
916 3313 1121 3377 Mosen,
1180 3310 1245 3367 de
1270 3311 1437 3365 veteri
1477 3309 1567 3363 illo
1614 3308 1964 3362 tabernaculo

400 3408 622 3475 loquens
654 3422 666 3458 :
703 3423 723 3455 ι
755 3403 820 3457 Et
855 3403 1020 3458 facies
1049 3401 1237 3456 ﬁbulas
1258 3400 1649 3471 quinquaginta
1680 3414 1891 3462 aureas,
1912 3409 1965 3452 et

398 3498 691 3566 conjunch
735 3497 973 3550 cortinas
1017 3493 1241 3548 alteram
1299 3492 1454 3547 alteri
1484 3492 1553 3543 “.
1596 3511 1616 3543 ι
1643 3491 1774 3546 Cum
1821 3491 1963 3544 enim

395 3589 630 3657 quinque
658 3595 860 3649 essent,
894 3595 949 3639 et
973 3598 1308 3653 unaquaeque
1331 3582 1556 3638 seorsim
1577 3581 1789 3636 diversa
1821 3588 1966 3635 esset

394 3681 462 3735 ab
493 3679 637 3746 aliis,
658 3676 1081 3748 conjungebatur
1110 3674 1307 3731 ﬁbulis.
1326 3675 1396 3728 At
1416 3689 1544 3728 vero
1569 3688 1670 3729 nos
1699 3672 1839 3727 haud
1864 3672 1965 3725 isto

398 3771 554 3825 modo
582 3769 775 3824 factam
798 3769 850 3824 in
870 3767 1086 3824 Christo
1112 3766 1366 3821 unionem
1392 3765 1624 3820 dicimus
1652 3783 1665 3819 :
1692 3780 1798 3820 non
1821 3764 1965 3818 enim

393 3872 455 3916 ut
500 3860 793 3932 quispiam,
846 3858 995 3913 verbi
1038 3857 1234 3927 gratia,
1294 3856 1644 3925 coniungitur
1692 3853 1849 3909 alteri
1882 3853 1966 3907 vel

392 3966 489 4021 per
526 3951 904 4006 unanimitatis
939 3950 1177 4014 modum,
1204 3949 1286 4002 vel
1306 3963 1401 4015 per
1430 3946 1671 4015 corporis
1689 3944 1965 4009 viciniam,

395 4046 474 4098 sic
509 4042 595 4097 ilic
635 4056 850 4110 quoque
878 4039 1199 4109 coniunctus
1231 4048 1346 4103 est;
1378 4036 1495 4101 sed,
1533 4044 1590 4089 ut
1627 4035 1825 4104 saepius
1854 4033 1965 4103 jam

396 4133 527 4199 dixi,
579 4148 733 4187 suum
770 4129 949 4184 eﬁ'ecit
996 4144 1191 4198 corpus
1228 4142 1293 4182 ex
1329 4136 1513 4181 sancta
1556 4124 1779 4196 Virgine
1820 4141 1969 4180 sum-

397 4235 647 4296 ptutn,et
679 4224 808 4278 illud
867 4236 934 4277 ex
988 4220 1097 4275 Deo
1131 4220 1367 4275 Verbum
1422 4218 1573 4273 carni
1630 4233 1735 4272 non
1794 4216 1970 4271 inani-

399 4326 554 4372 ntat:c
586 4332 711 4371 vere
753 4315 961 4371 unitum
991 4314 1239 4370 dicimus.
1268 4311 1436 4383 Igitur
1466 4312 1510 4367 si
1540 4309 1963 4381 coniunctionis,

398 4420 455 4463 nt
499 4410 618 4480 ipse
654 4417 834 4470 vocat,
871 4407 952 4461 vis
1002 4420 1127 4460 eam
1172 4407 1435 4458 unitatem
1486 4402 1760 4473 signiﬁcat
1804 4418 1967 4472 quam

399 4502 498 4569 ipsi
549 4501 918 4569 intelligimus,
950 4497 1118 4561 illam,
1176 4497 1416 4566 inquam,
1468 4495 1764 4550 secundum
1798 4496 1968 4565 hypo-
2000 4492 2044 4547 Ι)

397 4594 610 4659 stasim,
652 4600 794 4648 recte
825 4605 956 4645 sane
985 4590 1142 4654 dixit,
1187 4588 1390 4643 nullam
1441 4603 1566 4642 esse
1602 4587 1828 4652 Christi,
1863 4602 1969 4654 qua

396 4685 647 4740 Christus
695 4693 800 4749 est,
851 4682 1223 4736 divisionem:
1262 4693 1437 4747 neque
1481 4679 1627 4733 enim
1675 4689 1760 4733 est
1808 4679 1966 4745 alter,

396 4792 572 4854 neque
616 4776 757 4829 ﬁlius
789 4784 843 4827 et
881 4773 1045 4835 ﬁlius,
1106 4771 1243 4826 alius
1293 4780 1455 4839 atque
1507 4770 1666 4833 alius,
1718 4770 1868 4839 prior
1915 4780 1972 4825 et

395 4868 682 4931 secundus,
713 4866 805 4921 sed
832 4880 969 4918 unus
997 4863 1270 4925 nimirum,
1295 4873 1349 4917 et
1370 4872 1494 4917 ante
1523 4878 1741 4917 carnem
1769 4872 1822 4916 et
1850 4871 1971 4931 post

394 4974 613 5014 carnem
646 4978 659 5012 :
696 4958 775 5013 sic
828 4971 1060 5024 namque
1093 4955 1218 5021 erit,
1254 4962 1311 5009 ut
1367 4964 1419 5009 tu
1471 4955 1631 5021 dicis,
1668 4956 1963 5009 secundum

392 5053 710 5123 dignitatem
736 5060 898 5119 atque
926 5051 1087 5103 etiam
1116 5047 1413 5102 secundum
1441 5046 1735 5115 potentiam
1769 5046 1962 5099 indivi-

394 5146 555 5207 duus,
604 5144 715 5197 imo
738 5158 868 5195 vero
912 5142 1074 5195 idem.
1104 5137 1157 5193 ld
1191 5139 1234 5193 si
1264 5139 1335 5192 ita
1360 5148 1465 5201 est,
1518 5138 1788 5207 quomodo
1816 5139 1962 5192 illum

394 5253 556 5292 unum
583 5246 638 5289 et
670 5234 999 5289 individumn
1027 5231 1293 5300 duplicem
1324 5246 1444 5285 esse
1466 5232 1566 5294 ais,
1591 5240 1643 5285 et
1668 5246 1773 5284 non
1792 5231 1967 5297 digni-

394 5339 525 5394 tate,
580 5326 673 5382 sed
720 5322 1081 5379 natura?Non
1130 5325 1274 5377 enim
1308 5324 1436 5391 quia
1484 5323 1572 5375 Dei
1620 5322 1799 5379 Patris
1831 5322 1969 5376 Ver-

394 5423 519 5474 hnnt
576 5425 854 5487 assumpta
916 5432 1081 5472 carne
1112 5419 1312 5488 prodiit
1362 5419 1522 5471 honm
1552 5419 1748 5474 similis
1788 5419 1964 5482 nobis,

375 5512 514 5596 ῥύεο
536 5510 733 5577 duplex
761 5517 844 5562 est
867 5508 1219 5577 appellandus
1251 5528 1265 5563 :
1302 5525 1440 5563 unus
1489 5519 1571 5564 est
1607 5511 1750 5563 cnim
1779 5520 1833 5563 et
1863 5525 1966 5562 non

387 5606 507 5660 sine
533 5617 721 5670 carne,
764 5602 856 5672 qui
889 5602 1182 5659 secundum
1214 5603 1487 5674 propriam
1530 5612 1778 5659 naturam
1814 5613 1966 5657 extra

459 5786 502 5819 ⁸⁸
533 5784 701 5841 Exod.
738 5800 884 5849 xxvi,
915 5786 965 5849 ι,
1000 5787 1054 5839 :2.

2070 3246 2194 3292 στος
2221 3226 2443 3297 Γραφήο
2473 3223 2571 3278 καὶ¹
2598 3221 2730 3291 γοῦν
2757 3220 2859 3290 ἔφη
2899 3218 3034 3291 πρὸς
3068 3217 3270 3273 Μωσέα
3296 3216 3389 3270 τὸν
3416 3214 3645 3287 ἱερώταοο

2065 3338 2176 3381 τον,
2212 3318 2341 3383 περὶ
2369 3318 2470 3386 τῆς
2498 3314 2732 3387 ἀρχαίας
2763 3312 2978 3382 ἐκείνης
3001 3310 3204 3379 σκηνῆς
3228 3307 3495 3371 συντιθεὶς
3519 3307 3648 3371 τοὺς

2065 3413 2253 3479 λόγους
2272 3427 2285 3440 ·
2327 3429 2345 3461 ι
2376 3408 2487 3462 Καὶ
2513 3406 2758 3475 ποιήσεις
2782 3404 3003 3475 κρίκους
3026 3402 3365 3470 πεντήκοντα
3388 3396 3644 3469 χρυσοῦς,

2067 3505 2161 3557 καὶ
2191 3502 2446 3571 συνάψεις
2473 3499 2572 3562 τάς
2598 3497 2825 3560 αὐλαίας
2869 3496 3062 3565 ἑτέραν
3100 3496 3165 3564 τῇ
3196 3492 3358 3563 ἑτέρᾳ
3386 3494 3495 3553 τοῖς
3522 3491 3645 3559 κρί-

2068 3612 2200 3657 κοις.
2234 3612 2253 3644 ι
2289 3591 2457 3644 Πέντε
2483 3588 2592 3660 γὰρ
2618 3583 2797 3649 οῦσαι,
2838 3585 2933 3639 καὶ
2965 3584 3148 3646 ίδικῶς
3177 3582 3381 3650 ἑκάστη
3423 3579 3555 3648 πρὸς
3586 3578 3647 3631 τὸ

2068 3686 2230 3756 ὲτέρα
2248 3684 2331 3747 τίς
2352 3679 2493 3735 εἶναι
2523 3677 2676 3750 παρά
2700 3676 2798 3741 τὰς
2823 3675 2988 3739 ἄλλας
3011 3673 3225 3745 ἔχουσα,
3262 3671 3501 3740 συνῆπτο
3535 3671 3647 3731 τοῖς

2069 3776 2506 3849 κρίκοις.Ἡμεῖς
2551 3771 2608 3825 δὲ
2655 3772 2753 3841 οὐχ
2786 3768 2928 3822 οὕτω
2969 3768 3148 3836 φαμὲν
3193 3763 3505 3833 πεπρᾶχθαι
3554 3763 3647 3814 ἐπὶ

2069 3868 2305 3938 Χριστοῦ
2338 3868 2435 3939 τὴν
2465 3866 2694 3919 ’ένωσιν-
2727 3863 2849 3916 οὐδὲ
2888 3861 2997 3931 γὰρ
3030 3860 3217 3929 ὥσπερ
3249 3861 3277 3911 6
3308 3858 3456 3910 δεῖνα
3486 3856 3647 3923 τυχὸν

2068 3959 2146 4029 τῷ
2190 3960 2321 4012 δεῖνι
2373 3956 2696 4011 συνάπτοιτο
2737 3953 2823 4019 ἂν,
2852 3954 2884 4023 ἢ
2919 3951 3059 4006 κατά
3092 3950 3182 4003 τὸν
3212 3952 3311 4020 τῆς
3342 3947 3645 4018 ὁμοψυχίας

2068 4051 2287 4121 τρόπον,
2321 4050 2487 4119 ἤγουν
2531 4045 2673 4099 κατὰ
2715 4043 2774 4097 τὸ
2821 4042 2988 4111 ἐγγὺς
3026 4042 3083 4093 ὲν
3115 4040 3347 4110 σώματι,
3383 4037 3525 4091 οὕτω
3552 4038 3647 4089 καὶ

2070 4143 2261 4206 αὐτός’
2316 4138 2450 4194 ἀλλά
2499 4137 2629 4209 γὰρ,
2658 4137 2734 4199 ὡς
2782 4136 2882 4205 ἤδη
2931 4132 3245 4194 πλειστάκις
3297 4131 3467 4200 ἔφην,
3518 4130 3648 4183 ἴδιον

2070 4235 2362 4304 ἐποιήσατο
2398 4230 2557 4299 σῶμα
2587 4228 2648 4282 τὸ
2676 4226 2879 4297 ληφθὲν
2909 4227 2973 4278 ὲκ
3000 4224 3101 4294 τῆς
3144 4223 3302 4292 ἁγίας
3328 4222 3605 4292 Παρθένου
3630 4237 3644 4250 ·

2071 4327 2163 4379 καὶ
2196 4324 2412 4392 άληθῶς
2441 4318 2684 4393 ἡνῶσθαί
2718 4334 2915 4386 φαμεν,
2943 4317 3044 4369 οὐκ
3067 4314 3259 4385 ἀψύχῳ
3283 4315 3446 4385 σαρκὶ
3471 4315 3560 4367 τὸν
3586 4313 3649 4365 ἐκ

2072 4416 2207 4471 Θεοῦ
2234 4415 2420 4483 Λόγον.
2459 4410 2667 4465 Οὐκοῦν
2692 4408 2792 4478 τῆς
2831 4409 2960 4478 παρ’
2988 4404 3152 4459 αὑτοῦ
3186 4404 3487 4475 λεγομένης
3520 4421 3646 4457 συν⁸

2073 4508 2318 4577 αφείαςὴ
2341 4504 2587 4573 δύναμις,
2607 4503 2653 4554 εί
2679 4501 2777 4570 τὴν
2800 4499 2921 4553 καθ’
2938 4499 3085 4568 ἡμᾶς
3108 4496 3402 4566 νοουμένην
3422 4496 3649 4565 ἑνότητα

2071 4601 2239 4671 δηλοῖ,
2276 4597 2418 4667 φημὶ⁴
2448 4596 2512 4665 δὴ
2542 4594 2640 4665 τὴν
2669 4591 2789 4645 καθ’
2815 4589 3130 4651 ὑπόστασιν,
3165 4587 3267 4660 ἔφη
3303 4587 3369 4641 ἂν
3401 4588 3645 4650 εἰκότως,

2078 4692 2212 4764 μηδὲ
2237 4691 2365 4760 μίαν
2386 4684 2525 4742 εἶναι
2545 4683 2781 4756 Χριστοῦ
2812 4684 2910 4753 τὴν
2942 4682 3227 4752 διαίρεσιν,
3258 4680 3396 4734 κατά
3420 4680 3481 4732 τὸ
3508 4675 3647 4732 εἶναι

2072 4786 2338 4858 Χριστόν’
2372 4784 2432 4835 ού
2466 4782 2575 4850 γάρ
2606 4783 2753 4833 ἐστιν
2784 4779 2967 4848 ἔτερος
3011 4776 3105 4829 καὶ
3134 4775 3347 4847 ἕτερος·
3382 4771 3503 4826 οὔτε
3543 4773 3649 4843 μὴν

2072 4883 2185 4944 υἱὸς
2213 4880 2307 4934 καὶ
2330 4880 2461 4939 υίὸς,
2497 4874 2653 4937 ἀλλος
2675 4875 2767 4926 καὶ
2800 4871 2975 4934 ἄλλος,
3012 4868 3228 4939 πρῶτος
3257 4869 3349 4921 καὶ
3377 4866 3646 4936 δεύτερος,

2076 4972 2188 5027 ἀλλ’
2228 4965 2307 5033 εἷς
2334 4966 2575 5037 δηλονότι
2603 4964 2697 5017 καὶ
2724 4961 2831 5033 πρὸ
2864 4958 3064 5030 σαρκὸς
3096 4958 3190 5012 καὶ
3243 4958 3379 5028 μετά
3426 4958 3603 5027 σάρκα
3629 4972 3642 4983 ·

2074 5066 2227 5118 ἔσται
2260 5060 2367 5129 γὰρ
2414 5059 2555 5112 οὕτω
2586 5055 2726 5110 κατά
2751 5071 2813 5122 γε
2843 5052 2940 5124 τὴν
2967 5051 3143 5116 ἀξίαν,
3175 5050 3249 5113 ὡς
3296 5050 3360 5101 σὺ
3404 5048 3528 5117 φὴς,
3559 5049 3648 5101 καὶ

2079 5154 2263 5223 μέντοι
2305 5150 2399 5202 καὶ
2447 5146 2545 5217 τὴν
2584 5142 2903 5197 δυναστείαν
2946 5139 3267 5210 ἀδιαίρετος,
3313 5137 3509 5208 μᾶλλον
3541 5137 3596 5188 δὲ
3622 5136 3652 5187 6

2074 5244 2255 5305 αὐτός,
2284 5237 2412 5293 Εἶτα
2437 5238 2551 5300 πῶς
2572 5235 2661 5289 τὸν
2693 5236 2787 5288 ἕνα
2819 5232 2911 5285 καὶ
2946 5230 3250 5298 ἀδιαίρετον
3274 5228 3492 5283 διπλοῦν
3514 5224 3648 5281 εἶναι

2076 5335 2201 5405 φὴς,
2237 5334 2330 5387 καὶ
2371 5332 2490 5400 ούχὶ
2522 5333 2588 5399 τῇ
2619 5328 2745 5397 ἀξίᾳ
2793 5324 3010 5393 μᾶλλον,
3056 5323 3191 5376 ἀλλὰ
3238 5325 3303 5392 τῇ
3353 5322 3544 5390 φύσεις
3576 5320 3648 5372 Οὐ

2076 5428 2184 5498 γὰρ
2218 5426 2422 5479 ἐπείτοι
2459 5424 2636 5493 σάρκα
2667 5418 2845 5472 λαϐὼν
2874 5418 2901 5469 6
2934 5420 2995 5470 ὲκ
3042 5415 3176 5469 Θεοῦ
3216 5415 3427 5485 Πατρὸς
3454 5414 3648 5481 Λόγος,

2074 5517 2343 5588 προῆλθεν
2383 5515 2665 5583 ἄνθρωπος
2716 5509 2836 5565 καθ’
2870 5510 3048 5580 ἡμᾶς,
3096 5506 3300 5576 ταύτης
3345 5507 3506 5559 ’ἑνεκα
3552 5506 3650 5572 τῆς

2075 5610 2276 5677 αἰτίας,
2311 5607 2630 5678 ὀνομάζοιτο
2656 5604 2720 5657 ἂν
2749 5603 2841 5657 καὶ
2870 5602 3086 5666 διπλοῦς
3112 5620 3124 5632 ·
3158 5598 3236 5665 εἷς
3270 5602 3377 5671 γάρ
3406 5602 3520 5654 ἐστι
3558 5599 3650 5653 καὶ
