4054 6332
336 386 409 443 85
535 460 546 473 .
1473 388 1841 446 ADVERSUS
1869 387 2281 448 NESTORIUM'
2315 390 2441 446 LIB.
2478 390 2541 447 ll.
3537 392 3606 449 86

338 510 398 561 οὐ
433 508 556 579 δίχα
589 508 791 580 σαρκὸς
835 510 867 564 6
910 510 1053 565 κατὰ
1101 511 1268 581 φύσιν
1302 511 1438 567 ἰδίαν
1464 512 1570 579 ἔξω
1598 514 1800 587 σαρκδς
1834 513 1929 567 καὶ

2036 532 2250 573 carnem
2278 527 2335 572 et
2362 517 2704 589 sanguinem.
2741 510 2815 572 Ut.
2853 516 2997 572 enim
3054 515 3146 586 qui
3177 513 3350 571 nostri
3375 513 3604 571 similem

342 601 811 674 αἴματος.Ὦσπερ
836 602 947 675 γὰρ
975 605 1028 657 εί
1039 621 1123 668 τις
1160 603 1269 659 τῶν
1301 604 1423 658 καθ’
1457 608 1603 677 ἡμᾶς
1642 606 1927 676 ἄνθρωπον

344 693 677 756 ἑποκτενὼν,
707 696 806 765 οὐχ
828 694 904 759 ὡς
932 695 1026 749 δύο
1053 712 1156 749 που
1185 696 1386 767 μᾶλλον
1415 698 1691 770 ἠδικηκὼς
1720 697 1928 770 ἀνθρώ-

358 804 499 851 τους,
531 790 878 858 κατηγοροῖτ’
912 788 979 842 ἂν
1012 790 1257 854 εἰκότως,
1301 790 1415 844 ἀλλ’
1443 791 1538 844 ἕνα
1591 792 1683 845 καὶ
1740 791 1925 862 μόνον,

350 879 446 932 κᾶν
489 882 725 935 ὲννοοῖτο
751 883 914 952 τυχὸν
966 885 1030 936 ἐκ
1055 882 1232 953 ψυχῆς
1262 884 1354 937 καὶ
1391 884 1665 955 σώματος,
1698 886 1789 939 καὶ
1817 886 1927 938 τῶν

346 972 593 1044 ἁλλήλοις
640 972 1067 1046 πμδεῦηκότων
1096 977 1128 1045 ή
1160 975 1321 1045 φύσις
1349 975 1419 1030 ἂν
1454 977 1541 1047 εἴη
1568 978 1667 1048 οὐχ
1711 979 1743 1047 ἡ
1789 976 1927 1047 αὐτὴ

344 1064 573 1135 μᾶλλον,
603 1065 743 1119 ἀλλὰ
790 1066 1085 1138 διάφορος·
1139 1066 1284 1120 οὕτω
1336 1066 1498 1123 πάλιν
1545 1070 1639 1123 ἐπὶ
1686 1069 1925 1140 Χριστοῦ

341 1158 590 1227 νοητέον’
622 1158 684 1210 οὐ
718 1158 827 1229 γάρ
869 1175 951 1211 τοι
1001 1157 1221 1221 διπλοῦς
1252 1159 1570 1213 ἐστιν·-ἁλλ’
1598 1155 1678 1225 εἷς
1724 1178 1783 1214 τε
1833 1163 1927 1215 καὶ

344 1249 504 1315 μόνος
534 1248 734 1319 Κύριος
775 1249 866 1302 καὶ
891 1249 1038 1313 Υἱὸς,
1068 1252 1096 1303 6
1136 1252 1198 1303 ὲκ
1227 1250 1362 1303 Θεοῦ
1389 1251 1602 1323 Πατρὸς
1636 1252 1829 1321 Λόγος,
1864 1253 1925 1305 οὐ

340 1340 460 1409 δίχα
511 1341 742 1410 σαρκόςο
794 1340 1213 1412 ἀνθρωπότητος
1247 1342 1345 1411 μὲν
1398 1342 1507 1415 γὰρ
1542 1344 1637 1397 καὶ
1675 1344 1927 1416 θεότητος

342 1431 493 1501 δοίην
527 1431 593 1485 ἂν
621 1432 714 1483 καὶ
762 1432 925 1496 αὐτὸς
964 1431 1075 1500 ἐγὼ
1103 1433 1363 1505 πλείστην
1412 1430 1551 1488 εἶναι
1598 1434 1697 1506 τὴν
1741 1436 1930 1505 διαφο-

347 1524 466 1595 ρὰν,
494 1524 612 1594 ἤτοι
639 1524 947 1578 διάστασιν·
977 1525 1142 1595 ἕτερα
1173 1526 1282 1597 γὰρ
1320 1527 1469 1580 κατά
1484 1544 1548 1595 γε
1572 1527 1663 1580 τὸν
1689 1528 1782 1581 τοῦ
1811 1529 1928 1592 πῶς

343 1611 480 1667 εἶναι
528 1614 716 1683 λόγον,
738 1616 832 1669 καὶ
866 1616 1017 1669 οὐδὲν
1058 1617 1311 1689 ἀλλήλοις
1341 1618 1558 1672 ἐοικότα
1584 1621 1832 1685 φαίνεται
1858 1621 1928 1674 τὰ

344 1704 728 1775 ὡνομασμένα.
759 1707 1240 1778 Παρενηνεγμένου
1268 1727 1331 1778 γε
1363 1710 1469 1780 μὴν
1492 1711 1573 1774 εἰς
1600 1712 1764 1780 μέσον
1796 1713 1928 1783 ἡμῖν

347 1795 645 1865 μυστηρίου
680 1795 775 1848 τοῦ
816 1797 957 1851 κατὰ
987 1799 1243 1869 Χριστὸν,
1273 1802 1301 1853 ό
1329 1804 1429 1871 τῆς
1480 1802 1728 1865 ἐνώσεως
1769 1803 1927 1871 λόγος

2037 610 2313 665 hominem
2345 611 2663 675 occidisset,
2683 623 2789 664 non
2821 608 3010 680 utique
3044 617 3299 679 tanquam
3326 607 3463 664 duos
3488 609 3606 663 vio-

2035 704 2199 759 lasset
2231 704 2479 758 homines
2504 702 2524 772 j
2537 717 2631 757 ure
2675 710 3044 766 accusaretur,
3069 701 3164 756 sed
3194 714 3363 755 unum
3407 699 3605 764 solum,

2034 796 2281 865 quamvis
2305 795 2540 849 fortasse
2566 809 2629 848 ex
2662 794 2839 847 anima
2872 800 2929 849 et
2950 808 3178 862 corpore
3210 790 3607 855 consideretur,

2033 896 2097 941 et
2136 886 2201 941 iis
2231 901 2350 956 quae
2379 884 2621 939 alterutri
2655 885 2929 948 accidunt,
2955 890 3148 937 natura
3171 883 3241 937 sit
3269 897 3373 937 non
3394 881 3605 945 eadem,

2035 981 2129 1036 sed
2161 980 2373 1034 diversa
2404 996 2418 1043 ;
2454 978 2527 1031 ita
2560 977 2797 1032 vicissim
2828 977 2882 1032 in
2911 975 3133 1032 Christo
3162 982 3249 1030 est
3298 973 3609 1043 intelligen-

2035 1074 2161 1127 dum
2195 1089 2209 1125 :
2245 1088 2349 1125 non
2387 1070 2530 1123 enim
2559 1078 2640 1123 est
2680 1068 2897 1139 duplex,
2927 1069 3020 1123 sed
3054 1083 3193 1122 unus
3217 1076 3271 1122 et
3302 1065 3450 1121 solus
3496 1063 3606 1118 Do-

2036 1164 2214 1220 minus
2237 1180 2301 1218 ac
2337 1163 2505 1216 Filius
2557 1162 2685 1216 illud
2732 1177 2796 1215 ex
2851 1160 2962 1215 Deo
3005 1160 3165 1214 Patre
3217 1160 3474 1221 Verbum,
3502 1172 3607 1210 non

2035 1255 2152 1310 sine
2179 1268 2380 1317 carne;
2412 1268 2533 1305 nam
2568 1253 2711 1305 inter
2743 1252 3136 1306 humanitatem
3166 1260 3220 1303 et
3265 1250 3605 1303 divinitatem

2037 1348 2327 1402 maximam
2389 1361 2509 1400 esse
2565 1344 2923 1398 dill‘erentiam
2978 1343 3095 1397 sive
3148 1342 3463 1396 distantiam
3508 1354 3607 1407 ego

2034 1453 2250 1508 quoque
2308 1438 2479 1491 fateor
2512 1455 2524 1490 :
2554 1438 2766 1490 diversa
2798 1447 2923 1491 sunt
2974 1438 3119 1492 enim
3154 1449 3273 1505 quae
3302 1433 3384 1488 his
3428 1431 3607 1485 nomi-

2036 1533 2194 1588 nibus
2230 1532 2563 1596 indicantur,
2593 1530 2830 1599 quod'ad
2863 1531 3129 1585 rationem
3184 1527 3437 1582 essentia:
3482 1540 3607 1593 per-

2037 1626 2193 1685 tinet,
2222 1630 2276 1676 et
2300 1621 2429 1675 nihil
2465 1621 2607 1675 inter
2629 1636 2686 1675 se
2715 1621 2912 1676 similia
2932 1620 3300 1675 videntur.rAt
3336 1618 3422 1672 ubi
3455 1616 3609 1671 nobis

2035 1714 2307 1785 profertur
2337 1715 2386 1768 in
2416 1714 2649 1768 medium
2676 1712 2876 1767 Christi
2909 1714 3248 1784 mysterium,
3275 1711 3421 1765 illius
3457 1711 3609 1762 lmin-

2036 1805 2120 1859 nis
2164 1806 2311 1859 ratio
2372 1821 2477 1860 non
2538 1806 2747 1875 ignorat
2804 1804 3021 1874 quidem
3086 1802 3465 1867 diﬂ‘erentiam,
3517 1802 3609 1854 scd

344 1888 443 1939 οὐκ
480 1888 669 1956 ἀγνοεῖ
694 1888 793 1958 μὲν
822 1889 919 1959 τὴν
944 1889 1224 1962 διαφοράν,
1260 1892 1507 1961 ἐξίστησι
1524 1894 1581 1947 δὲ
1608 1893 1706 1964 τὴν
1729 1895 1932 1965 διαίρε-

2036 1897 2355 1954 divisionem
2428 1873 2838 1965 excludit;non
2927 1897 3069 1967 quod
3151 1895 3446 1952 confundat
3521 1901 3612 1946 aut

348 1997 431 2033 σιν
452 1994 466 2007 ·
502 1982 564 2033 οὐ
597 1982 844 2051 συγχέων
878 1980 997 2053 [τὰς
1031 1982 1243 2053 φύσεις]
1358 1985 1669 2057 ἀνακιρνῶν
1694 1986 1793 2049 τάς
1832 1986 1933 2057 cpti-

347 2089 461 2135 σεις
479 2088 501 2103 ν
525 2071 655 2125 ἀλλ’
675 2072 763 2126 ὅτι
801 2072 1002 2144 σαρκὸς
1024 2074 1118 2127 καὶ
1144 2074 1375 2144 αἵματος
1409 2075 1761 2146 μετεσχηκὼς
1786 2077 1815 2129 6
1836 2077 1932 2130 τοῦ

343 2162 477 2216 Θεοῦ
504 2163 700 2232 Λόγος,
722 2157 802 2227 εἷς
825 2164 889 2234 δὴ
919 2163 1082 2217 πάλιν
1110 2164 1205 2218 καὶ
1238 2165 1413 2228 οὕτως
1440 2167 1468 2219 6
1494 2167 1622 2230 Υἱὸς
1639 2166 1748 2238 [τσ.
1777 2164 1936 2233 οὗτος

346 2253 499 2327 Υἱὸς]
537 2257 743 2309 νοεῖται
788 2255 883 2308 καὶ
927 2254 1273 2326 ὀνομάζεται.
1308 2258 1443 2310 Οὐδὲ
1475 2256 1603 2331 [ῖσ.
1633 2261 1697 2313 σὺ
1723 2260 1779 2314 δὲ
1812 2260 1821 2328 |
1858 2263 1933 2334 μὴ

343 2345 541 2415 χρῆναι
577 2344 756 2413 λέγων
796 2344 1051 2415 χριστοὺς
1079 2344 1442 2416 ὀνομάζεσθαι
1485 2348 1600 2413 δύο,
1639 2351 1779 2421 μήτε
1826 2352 1934 2421 μὴν

345 2438 494 2499 υἱοὺς
519 2436 807 2507 ὁμολογεῖν
839 2432 978 2491 εἶναι
1005 2437 1118 2502 δύο,
1144 2439 1240 2491 καὶ
1268 2439 1366 2509 τῆς
1391 2443 1472 2503 εἰς
1496 2440 1655 2494 τοῦτο
1677 2442 1941 2513 δογματι-

345 2529 445 2599 κῆς
469 2528 763 2600 ὀρθότητος
788 2527 1134 2601 [ἁπλότητος]
1166 2531 1526 2584 ὐποκλέπτων
1556 2533 1659 2603 τὴν
1680 2532 1930 2604 δόκησιν,

344 2618 439 2674 δύο
466 2621 532 2693 δὴ
558 2621 734 2690 λέγων
765 2621 963 2692 ἁλίσκῃ
988 2624 1266 2693 χριστοὺς,
1313 2622 1408 2676 καὶ
1438 2624 1517 2689 είς
1550 2623 1722 2696 ίδικὴν
1750 2626 1937 2698 ἑτερό-

347 2731 484 2784 τητα
516 2714 727 2776 διῖστὰς
752 2713 1040 2785 ἄνθρωπον
1069 2715 1161 2767 καὶ
1199 2715 1331 2768 Θεόν
1353 2730 1367 2744 ·
1415 2718 1510 2769 καὶ
1554 2717 1647 2770 τὸν
1701 2718 1822 2787 μὲν,
1849 2721 1937 2771 ὲν-

345 2804 677 2876 εργούμενον
696 2819 714 2836 ο
751 2803 844 2858 τὸν
865 2804 943 2868 δὲ,
974 2805 1068 2857 καὶ
1096 2805 1442 2876 ἐνηργηκότα
1470 2806 1790 2871 καταδεῖξαι
1815 2825 1937 2862 πει-

348 2898 700 2969 ρᾶσαι.Ἕχει
737 2897 795 2951 δὲ
833 2897 975 2951 οὕτω
1014 2898 1081 2951 τά
1122 2897 1276 2969 παρὰ
1316 2898 1435 2951 σοῦ·

418 2988 657 3061 [Ἦγουν
684 2988 780 3042 τοῦ
811 2988 1152 3058 Μονογενοῦς
1179 2990 1389 3055 εὐδοξία
1435 2992 1566 3045 ποτὲ
1597 2992 1697 3062 μὲν
1720 2994 1800 3065 τῷ
1826 2982 1939 3049 Ποι-

346 3081 436 3149 τρὶ
474 3082 807 3149 περιῆπται·
847 3082 1038 3135 «Ἐστι
1072 3082 1197 3153 γὰρ,
1234 3083 1421 3152 φησὶν,
1459 3084 1488 3135 6
1532 3086 1719 3157 Πατήρ
1763 3103 1865 3156 μου
1908 3091 1937 3142 6

345 3172 583 3237 δοξάζων
632 3190 735 3244 με·
771 3192 789 3224 ι
840 3173 973 3227 ποτὲ
1028 3173 1106 3237 δὲ,
1160 3175 1237 3246 τῷ
1290 3175 1601 3245 Πνεῦματι·
1659 3195 1677 3228 ι
1708 3177 1783 3229 Τὸ
1826 3177 1936 3250 γάρ

349 3266 575 3334 Πνεῦμα
599 3267 700 3336 τῆς
726 3267 1006 3338 ἀληθείας,
1037 3267 1224 3337 φησὶν,
1254 3267 1353 3337 ἐμὲ
1385 3266 1600 3333 δοξάσει
1620 3286 1633 3299 θ
1670 3289 1687 3321 ι
1725 3270 1853 3323 ποτὲ
1878 3270 1935 3323 δὲ

348 3362 413 3429 τῇ
446 3359 682 3429 Χριστοῦ
713 3359 1029 3431 δυναστείᾳο
1070 3380 1089 3411 ι
1113 3359 1453 3426 Ἐξελθόντες
1498 3362 1627 3433 γὰρ,
1665 3362 1822 3433 φησὶ,
1855 3362 1934 3414 δι-

346 3453 651 3520 εκήρυσσον
699 3451 792 3504 τὸν
838 3451 996 3520 λόγον
1026 3452 1326 3523 πανταχοῦ,
1357 3453 1452 3505 τοῦ
1482 3453 1688 3525 Κυρίου
1738 3471 1936 3525 συνερ-

347 3543 590 3610 γοῦντος,
623 3544 717 3596 καὶ
763 3545 854 3596 τὸν
900 3544 1061 3612 λόγον
1095 3545 1461 3615 βεῆαιοῦντος,
1487 3545 1573 3599 διὰ
1602 3545 1710 3599 τῶν
1736 3548 1936 3600 ἐπακο-

347 3633 726 3705 λουθησάντων
760 3652 826 3705 ση
835 3635 1023 3705 μείων.
1038 3635 1085 3708 ι]

954 3770 1209 3826 ΚΕΦΑΛ.
1255 3775 1331 3826 Ζ¹.

419 3905 481 3956 Εἰ
526 3903 625 3974 μὲν
656 3903 734 3967 ὠς
770 3903 928 3975 δόξης
974 3904 1166 3958 ἐπιδεᾶ
1205 3905 1298 3958 τὸν
1349 3908 1615 3977 μονογενῆ
1655 3909 1750 3962 τοῦ
1796 3910 1934 3964 Θεοῦ

347 3997 541 4065 Λόγον,
570 3996 705 4050 καθό
728 3998 843 4049 ἐστι
867 3997 959 4050 καὶ
989 3999 1190 4052 νοεῖται
1210 3999 1402 4067 Λόγος,
1429 4000 1522 4052 καὶ
1554 4000 1706 4055 οὔπω
1737 4018 1934 4074 σεσαρ-

347 4090 616 4159 κωμένος,
647 4089 961 4156 δεδοξάσθαι
997 4091 1131 4161 φησὶ
1160 4090 1313 4162 παρὰ
1347 4092 1443 4145 τοῦ
1471 4095 1685 4166 Πατρὸς
1712 4096 1805 4149 καὶ
1836 4092 1931 4148 τοῦ

345 4182 505 4249 ἁγίου
539 4180 876 4251 Πνεῦματος,
909 4182 991 4234 ὃτι
1016 4182 1110 4235 καὶ
1143 4184 1477 4253 παραπταίει
1503 4186 1594 4239 καὶ
1628 4185 1935 4258 διημάρτη-

348 4290 410 4326 κε
437 4274 487 4325 τ’
504 4272 761 4342 ἀληθοῦς,
790 4275 1022 4345 παρήσω
1051 4274 1231 4343 λέγειν
1254 4277 1335 4339 εἰς
1366 4278 1426 4329 τὸ
1453 4278 1653 4348 παρόν·
1680 4278 1803 4348 ἄγει
1824 4278 1933 4350 γὰρ

347 4368 496 4435 ἡμᾶς
526 4368 613 4435 ἐφ’
640 4365 825 4438 ἕτερον
858 4369 884 4420 6
923 4368 1132 4437 καιρός.
1153 4368 1535 4439 Ἐπιλελῆσθαι
1573 4370 1628 4423 δέ
1657 4389 1748 4441 μοι
1788 4372 1937 4425 δοκεῖ

345 4457 455 4510 τῶν
485 4457 691 4527 ἀρτίως
729 4457 877 4527 αὐτῷ
908 4457 1338 4529 τεθεωρημένων
1379 4477 1437 4511 τε
1480 4460 1571 4511 καὶ
1600 4462 1927 4531 εἰρημένων.

2037 1990 2261 2045 misceat
2319 2001 2561 2055 naturas,
2627 1991 2720 2046 sed
2778 1991 2922 2059 quod
2980 1990 3159 2044 carnis
3206 1997 3262 2042 et
3332 1985 3612 2053 sanguinis

2038 2084 2306 2154 particeps
2340 2082 2537 2138 facwm
2567 2083 2741 2151 ipsum
2777 2081 2869 2136 Dei
2903 2080 3161 2148 Verbum,
3192 2094 3331 2134 unus
3359 2077 3468 2150 46
3494 2093 3614 2130 rur-

2036 2192 2154 2231 sum
2169 2178 2331 2232 etiam
2355 2176 2458 2231 hoc
2490 2177 2648 2230 modo
2680 2174 2847 2231 Filius
2872 2174 3191 2243 intelligitur
3217 2183 3269 2226 et
3288 2171 3617 2242 appellatur.

2039 2269 2118 2323 Tn
2145 2284 2275 2324 vero
2322 2283 2445 2323 cum
2480 2267 2614 2323 duos
2660 2268 2900 2322 cbristos
2953 2266 3210 2336 appellari
3256 2280 3364 2319 non
3416 2263 3619 2317 debere

2037 2360 2219 2421 dicas,
2240 2374 2415 2427 neque
2448 2373 2638 2413 rursus
2659 2358 2795 2412 lilios
2825 2356 2985 2413 fateri
3018 2358 3171 2423 duos,
3214 2363 3268 2410 et
3299 2355 3616 2424 Opinionem

2038 2448 2171 2503 recti
2197 2447 2465 2516 dogmatis
2490 2447 2734 2510 simules,
2791 2448 2926 2502 duos
2956 2457 3133 2500 tamen
3162 2446 3397 2501 cbristos
3429 2445 3612 2498 dicere

2036 2538 2402 2602 convinceris,
2429 2546 2483 2591 et
2508 2538 2560 2591 in
2601 2537 2877 2607 propriam
2919 2535 3293 2590 diversitatem
3334 2533 3609 2588 hominem

2038 2628 2317 2699 Deumque
2359 2628 2714 2698 distinguere,
2747 2635 2801 2682 et
2840 2627 2988 2681 illum
3017 2626 3232 2695 quidem
3265 2626 3330 2679 ad
3375 2639 3611 2693 operan-

2037 2722 2163 2776 dum
2193 2722 2346 2785 cieri,
2368 2720 2510 2776 hunc
2546 2720 2710 2775 etiam
2738 2720 2803 2774 ad
2829 2735 2965 2790 opus
2991 2720 3155 2785 ciere,
3181 2718 3397 2773 conaris
3424 2727 3610 2771 osten-

2038 2814 2187 2869 dere.
2225 2812 2339 2867 Tna
2370 2828 2608 2883 namque
2635 2812 2721 2867 illa
2755 2812 2833 2867 sic
2857 2812 3057 2867 habent

2112 2990 2387 3063 [Νεετοιι.
2439 2990 2532 3045 llla
2582 2998 2731 3044 certe
2777 2988 3051 3059 Uuigenlti
3106 2987 3428 3059 gloriﬁcatio
3477 3000 3611 3038 non-

2040 3099 2313 3153 nunquam
2368 3082 2515 3137 Patri
2573 3081 2907 3136 ascribitur:
2947 3100 2966 3132 ‹
3022 3080 3139 3147 Est,
3201 3081 3399 3149 inquit,
3456 3078 3616 3130 Pater

2043 3188 2196 3229 mens
2241 3174 2333 3243 qui
2380 3172 2650 3242 gloriﬁcat
2693 3186 2781 3226 me
2802 3172 2845 3204 ³⁷
2878 3188 2893 3237 ;
2929 3191 2949 3225 ι
3004 3186 3389 3239 nonnunquam
3441 3168 3611 3239 Spiri-

2042 3266 2116 3321 tui
2155 3284 2168 3321 :
2210 3284 2227 3317 ι
2255 3265 2511 3333 Spiritus,
2533 3263 2729 3333 inquit,
2752 3263 2997 3319 veritatis
3016 3278 3101 3318 me
3127 3262 3449 3333 glorilicahit
3486 3261 3529 3293 ³⁸
3553 3278 3566 3326 ;
3590 3281 3608 3311 ι

2036 3357 2330 3427 aliquando
2383 3367 2585 3432 autem,
2629 3355 2831 3411 Christi
2890 3356 3189 3425 potentia}:
3246 3373 3265 3405 ι
3343 3353 3617 3407 Exeuntes

2036 3449 2208 3514 enim,
2253 3448 2447 3519 inquit,
2474 3445 3087 3518 pradicabantverbum
3133 3446 3352 3515 ubique,
3388 3444 3615 3499 Domino

2036 3552 2381 3612 cooperante,
2412 3550 2465 3597 el
2518 3555 2825 3596 sermonem
2862 3539 3226 3595 conirmante
3264 3537 3615 3606 sequentibus

2038 3636 2208 3706 signis
2238 3632 2379 3705 ενδ]

2670 3768 2822 3824 CAP.
2869 3767 2989 3823 νιι..

2121 3905 2177 3961 Si
2222 3914 2478 3974 tanquam
2511 3919 2704 3974 expers
2752 3905 2938 3974 gloriae
2976 3903 3309 3973 unigenitum
3352 3902 3443 3957 Dei
3477 3901 3617 3957 Ver-

2036 3999 2186 4061 bum,
2224 4015 2328 4068 qna
2376 4008 2462 4052 est
2504 4007 2558 4051 et
2623 3996 2937 4066 intelligitur
2979 3994 3236 4059 Verbum,
3288 4004 3343 4048 et
3378 3996 3612 4047 nondunt

2038 4091 2398 4156 iucarnatnm,
2424 4089 2561 4144 dicit
2582 4102 2702 4142 esse
2736 4086 3092 4157 glerilicatum
3124 4100 3152 4138 a
3184 4083 3364 4146 Patre,
3399 4092 3615 4137 sancto-

2036 4197 2143 4250 que
2181 4179 2426 4251 Spiritu;
2478 4181 2583 4235 labi
2637 4180 2785 4232 illum
2819 4188 2872 4233 et
2903 4194 2931 4233 a
2969 4179 3196 4233 veritate
3230 4178 3504 4239 aberrare,
3546 4175 3611 4228 ad

2035 4289 2277 4345 praesens
2310 4274 2463 4327 mitto
2508 4274 2710 4333 dicere,
2772 4273 2837 4325 ad
2867 4271 3011 4325 aliud
3060 4286 3293 4339 namque
3343 4285 3440 4324 nos
3479 4284 3615 4338 pra:-

2036 4381 2162 4421 scns
2187 4364 2589 4421 ducitoccasio.
2627 4362 2732 4417 Sed
2761 4362 2891 4416 mihi
2927 4361 3145 4417 videtur
3171 4362 3372 4417 oblitus
3425 4376 3615 4417 eorum

2036 4475 2156 4527 qua:
2238 4472 2416 4525 nuper
2463 4454 2530 4509 ab
2576 4454 2691 4522 ipso
2742 4452 3081 4507 considerata
3141 4454 3392 4523 dictaque
3441 4463 3615 4506 sunt-:

350 4549 498 4618 Ἔφη
531 4547 663 4618 γὰρ,
686 4549 797 4618 Οὐχ
822 4548 1009 4620 ἔτερος
1040 4551 1135 4603 καὶ¹
1166 4550 1352 4621 ἔτερος
1381 4552 1410 4603 6
1436 4552 1688 4623 Χριστὸς,
1719 4554 1819 4607 οὐκ
1845 4554 1931 4607 άλ-

2040 4551 2178 4606 dixit
2207 4550 2354 4604 enim
2394 4564 2406 4602 :
2446 4546 2558 4600 Non
2615 4555 2701 4600 est
2755 4545 2894 4599 alius
2935 4553 2987 4599 et
3034 4546 3175 4599 alius
3198 4545 3479 4611 Christus,
3507 4560 3613 4599 non

346 4638 437 4702 λος
467 4640 563 4693 καὶ
600 4638 759 4702 ἄλλος
798 4640 956 4703 Υἱός·
987 4641 1107 4694 οὐδὲ
1133 4643 1243 4714 γὰρ
1289 4642 1486 4713 ἔχομεν
1525 4647 1780 4715 χριστούς
1814 4646 1927 4712 δύο,

347 4729 445 4781 καὶ
477 4730 628 4791 υἱοὺς
657 4727 768 4781 δύο.
787 4728 950 4794 Ἀλλ’,
982 4724 1028 4782 ὦ
1059 4731 1414 4798 συνετώτατε,
1455 4735 1621 4803 φαίην
1668 4736 1755 4801 ἂν,
1785 4739 1832 4789 εἰ
1861 4740 1925 4808 τῇ

346 4820 588 4891 Χριστοῦ
651 4820 943 4892 δυναστείᾳ
990 4822 1294 4893 περιῆφθαι
1346 4824 1650 4878 διαϐεϐαιοῖ
1689 4826 1789 4898 τὴν
1834 4827 1929 4879 τοῦ

345 4910 684 4981 Μονογενοῦς
716 4912 981 4979 εὐδοξίαν,
1007 4914 1123 4977 πῶς
1153 4916 1249 4985 οὐχ
1271 4916 1457 4988 ἕτερος
1494 4917 1587 4969 καὶ
1613 4917 1799 4989 ἕτερος
1819 4914 1931 4973 εἷεν

346 5004 436 5072 ἂν,
476 5005 511 5076 ἦ
534 5004 652 5068 πῶς
675 5005 737 5057 οὐ
760 5005 854 5058 δύο
881 5006 1061 5077 πάντη
1092 5023 1151 5058 τε
1186 5007 1280 5060 καὶ
1301 5006 1517 5069 πάντως
1541 5047 1556 5071 ,
1590 5007 1750 5080 εἴπερ
1782 5010 1931 5064 ἐστὶν

345 5099 446 5170 οὐχ
466 5100 495 5152 6
517 5097 679 5162 αὐτὸς
703 5099 733 5151 6
757 5098 935 5162 διδοὺς
955 5099 1051 5153 καὶ
1075 5098 1385 5169 δεχόμενος,
1415 5100 1584 5169 ἧγουν
1609 5102 1933 5172 περιάπτων

343 5191 421 5255 ὡς
448 5191 621 5263 ἑτέρῳ
645 5192 778 5262 παρ’
797 5192 989 5246 ἑαυτὸν
1026 5191 1096 5246 τὰ
1130 5193 1288 5261 φύσει
1322 5194 1591 5264 προσόντα
1618 5195 1788 5264 αὐτῷ.
1808 5197 1927 5249 Ἐν-

346 5287 561 5355 ήργηκε
599 5282 731 5352 γοῦν
778 5284 1193 5356 ὲνεργούμενος,
1220 5285 1295 5348 ὡς
1340 5285 1528 5357 ἓτερός
1552 5304 1636 5348 τις
1669 5287 1931 5357 ὑπάρχων

345 5374 582 5445 Χριστὸς
612 5373 763 5444 παρὰ
798 5360 893 5428 τὸν
937 5376 1220 5447 Μονογενῆ
1287 5376 1338 5428 εί
1366 5375 1475 5447 γὰρ
1506 5376 1804 5446 περιῆπται
1830 5376 1929 5447 μὲν

344 5466 518 5536 αὐτῷ,
549 5464 694 5519 καθὰ
736 5464 862 5537 φὴς,
906 5466 939 5536 ἡ
969 5464 1065 5518 τοῦ
1103 5465 1443 5534 Μονογενοῦς
1475 5466 1689 5533 εὐδοξία
1709 5505 1724 5529 ,
1771 5468 1838 5536 τῇ
1872 5466 1929 5520 δὲ

347 5558 482 5627 παρ’
513 5556 681 5611 αὐτοῦ
732 5556 1020 5627 δυναστεία
1056 5556 1353 5629 χρώμενοι,
1384 5556 1802 5627 διεκηρύττοντο
1834 5558 1928 5611 καὶ

348 5651 668 5721 εἰργάζοντο
724 5650 822 5714 τὰς
868 5651 1193 5719 θεοσημείας
1238 5652 1287 5702 οἱ
1332 5651 1611 5703 θεσπέσιοι
1661 5651 1922 5722 μαθηταὶ,

350 5829 391 5858 ⁸⁷
431 5829 586 5884 Joan.
617 5846 731 5898 vin,
772 5830 859 5885 54.
936 5831 977 5861 ³⁸
1002 5829 1157 5886 Joan.
1193 5845 1299 5892 χιι,
1337 5829 1416 5885 Η.
1499 5830 1540 5859 ³³
1573 5827 1739 5885 Marc.
1773 5842 1881 5895 xvn,
1913 5827 2001 5882 20.

2037 4643 2177 4697 alius
2224 4649 2277 4697 et
2331 4640 2466 4694 alius
2505 4638 2717 4692 Filius:
2767 4653 2941 4707 neque
2972 4638 3111 4692 enim
3170 4637 3428 4691 habemus
3481 4637 3618 4691 duos

2039 4734 2273 4788 cbristos
2316 4733 2557 4800 duosque
2591 4729 2749 4783 tilios.
2779 4727 2908 4795 Sed,
2938 4745 2971 4781 ο
3025 4728 3109 4781 vir
3169 4726 3613 4796 prudentissime,

2039 4826 2281 4893 inquam,
2324 4823 2366 4876 si
2393 4821 2594 4875 Christi
2651 4819 2903 4890 potentiae
2962 4819 3160 4873 ascribi
3208 4818 3444 4873 allirmas
3479 4817 3614 4874 Uni-

2041 4916 2206 4988 geniti
2266 4916 2738 4985 gloriﬁcntionem,
2786 4912 3058 4983 quomodo
3105 4930 3209 4966 non
3257 4911 3396 4965 alter
3448 4912 3520 4965 sit
3562 4919 3617 4965 ct

2037 5010 2196 5074 alter,
2224 5017 2317 5061 aut
2353 5009 2624 5076 quomodo
2656 5023 2761 5061 non
2799 5020 3024 5077 prorsus
3050 5006 3176 5069 duo,
3206 5003 3476 5074 siquidem
3507 5020 3614 5069 non

2035 5103 2179 5157 idem
2241 5101 2447 5168 estqui
2508 5100 2600 5153 dat
2630 5111 2683 5155 et
2712 5096 2800 5169 qui
2853 5098 3072 5167 accipit,
3128 5106 3220 5151 aut
3250 5097 3340 5165 qui
3390 5096 3619 5152 ascribit

2039 5193 2192 5249 alteri
2221 5202 2475 5262 tanquam
2504 5209 2532 5245 a
2564 5207 2622 5246 se
2677 5193 2909 5258 diverso,
2957 5207 3076 5261 qua?
3103 5191 3205 5245 sibi
3233 5205 3331 5259 per
3366 5202 3611 5243 naturam

2038 5285 2558 5355 insunt?0peratus
2620 5294 2703 5341 est
2744 5301 2873 5356 ergo
2920 5284 3188 5347 Christus,
3237 5283 3490 5352 idemque
3545 5283 3612 5335 ad

2036 5377 2371 5446 operandum
2400 5377 2609 5431 excitus
2643 5387 2900 5446 tanquam
2923 5377 3169 5430 diversus
3188 5374 3255 5429 ab
3283 5373 3572 5444 Unigenito
3598 5394 3613 5430 :

2039 5486 2162 5524 nam
2188 5469 2236 5524 si
2275 5469 2567 5525 ascribitur
2617 5470 2741 5537 ipsi,
2781 5480 2837 5522 ut
2870 5468 3095 5531 asseris,
3145 5465 3415 5538 Unigeniti
3451 5467 3615 5537 glori-

2038 5560 2242 5625 ﬁcatio,
2280 5569 2334 5615 et
2388 5561 2623 5630 potentia
2673 5561 2742 5614 ab
2768 5560 2885 5629 ipso
2912 5560 3036 5614 data
3088 5568 3302 5613 utentes
3339 5558 3481 5613 beati
3538 5557 3611 5612 illi

2038 5651 2284 5723 discipuli
2308 5653 2694 5721 pradicabant,
2729 5662 2783 5707 et
2809 5651 2986 5707 divina
3016 5649 3103 5706 illa
3141 5652 3291 5722 signa
3319 5648 3610 5713 faciebam,
