  <div class='ocr_page' id='page_1' title='image "/cluster/home/n/w/nwhite01/storage/ocr_20150623/76/nnc1.0046980067/049.png"; bbox 0 0 4054 6332; ppageno 0'>
   <div class='ocr_carea' id='block_1_1' title="bbox 424 318 2016 397">
    <p class='ocr_par' dir='ltr' id='par_1_1' title="bbox 424 318 2009 384">
     <span class='ocr_line' id='line_1_1' title="bbox 424 318 2009 384; baseline 0.001 -12"><span class='ocrx_word' id='word_1_1' title='bbox 424 331 493 384; x_wconf 75' lang='lat'><strong>37</strong></span> <span class='ocrx_word' id='word_1_2' title='bbox 1415 321 1470 373; x_wconf 90' lang='lat' dir='ltr'><strong>S.</strong></span> <span class='ocrx_word' id='word_1_3' title='bbox 1512 318 1789 375; x_wconf 72' lang='lat' dir='ltr'><strong>CYRiLLI</strong></span> <span class='ocrx_word' id='word_1_4' title='bbox 1825 319 2009 374; x_wconf 78' lang='lat' dir='ltr'><strong>ALEX</strong></span> 
     </span>
    </p>
   </div>
   <div class='ocr_carea' id='block_1_2' title="bbox 2119 318 3679 397">
    <p class='ocr_par' dir='ltr' id='par_1_2' title="bbox 2119 320 3679 397">
     <span class='ocr_line' id='line_1_2' title="bbox 2119 320 3679 397; baseline 0.018 -24"><span class='ocrx_word' id='word_1_5' title='bbox 2119 320 2297 377; x_wconf 75' lang='lat' dir='ltr'><strong>unm</strong></span> <span class='ocrx_word' id='word_1_6' title='bbox 2336 324 2653 381; x_wconf 79' lang='lat' dir='ltr'><strong>ARClllEP.</strong></span> <span class='ocrx_word' id='word_1_7' title='bbox 3472 388 3482 397; x_wconf 95' lang='lat'><em>.</em></span> <span class='ocrx_word' id='word_1_8' title='bbox 3612 333 3679 385; x_wconf 80' lang='lat'><strong>88</strong></span> 
     </span>
    </p>
   </div>
   <div class='ocr_carea' id='block_1_3' title="bbox 426 436 2016 521">
    <p class='ocr_par' dir='ltr' id='par_1_3' title="bbox 426 436 2001 518">
     <span class='ocr_line' id='line_1_3' title="bbox 426 436 2001 518; baseline -0.006 -19"><span class='ocrx_word' id='word_1_9' title='bbox 426 446 694 518; x_wconf 77' lang='lat' dir='ltr'><strong>quomodo</strong></span> <span class='ocrx_word' id='word_1_10' title='bbox 743 442 886 515; x_wconf 88' lang='lat' dir='ltr'><strong>quod</strong></span> <span class='ocrx_word' id='word_1_11' title='bbox 945 439 1057 497; x_wconf 73' lang='lat' dir='ltr'><strong>dixi</strong></span> <span class='ocrx_word' id='word_1_12' title='bbox 1114 440 1298 509; x_wconf 90' lang='lat' dir='ltr'><strong>negari</strong></span> <span class='ocrx_word' id='word_1_13' title='bbox 1343 436 1864 509; x_wconf 84' lang='lat' dir='ltr'><strong>potest?0peratus</strong></span> <span class='ocrx_word' id='word_1_14' title='bbox 1895 438 2001 493; x_wconf 88' lang='lat' dir='ltr'><strong>erit</strong></span> 
     </span>
    </p>
   </div>
   <div class='ocr_carea' id='block_1_4' title="bbox 2119 436 3679 521">
    <p class='ocr_par' dir='ltr' id='par_1_4' title="bbox 2119 441 3679 521">
     <span class='ocr_line' id='line_1_4' title="bbox 2119 441 3679 521; baseline 0.006 -27"><span class='ocrx_word' id='word_1_15' title='bbox 2119 441 2221 504; x_wconf 63' lang='lat' dir='ltr'><strong>mi);</strong></span> <span class='ocrx_word' id='word_1_16' title='bbox 2245 444 2344 496; x_wconf 79' lang='grc' dir='ltr'><strong>οὐκ</strong></span> <span class='ocrx_word' id='word_1_17' title='bbox 2376 444 2570 515; x_wconf 81' lang='grc' dir='ltr'>ἀληθὲς</span> <span class='ocrx_word' id='word_1_18' title='bbox 2605 447 2741 515; x_wconf 83' lang='grc' dir='ltr'>ὅπερ</span> <span class='ocrx_word' id='word_1_19' title='bbox 2769 444 2935 516; x_wconf 79' lang='grc' dir='ltr'>ἕφην;</span> <span class='ocrx_word' id='word_1_20' title='bbox 2972 446 3272 517; x_wconf 67' lang='grc' dir='ltr'>Ἐνήργηκε</span> <span class='ocrx_word' id='word_1_21' title='bbox 3294 448 3400 519; x_wconf 84' lang='grc' dir='ltr'>γὰρ</span> <span class='ocrx_word' id='word_1_22' title='bbox 3425 449 3679 521; x_wconf 77' lang='grc' dir='ltr'>ἀλλοτρίᾳ</span> 
     </span>
    </p>
   </div>
   <div class='ocr_carea' id='block_1_5' title="bbox 427 529 1998 599">
    <p class='ocr_par' dir='ltr' id='par_1_5' title="bbox 427 529 1998 599">
     <span class='ocr_line' id='line_1_5' title="bbox 427 529 1998 599; baseline -0.009 -2"><span class='ocrx_word' id='word_1_23' title='bbox 427 543 573 597; x_wconf 88' lang='lat' dir='ltr'><strong>enim</strong></span> <span class='ocrx_word' id='word_1_24' title='bbox 611 538 787 597; x_wconf 84' lang='lat' dir='ltr'><strong>aliena</strong></span> <span class='ocrx_word' id='word_1_25' title='bbox 816 538 1015 591; x_wconf 87' lang='lat' dir='ltr'><strong>virtute</strong></span> <span class='ocrx_word' id='word_1_26' title='bbox 1052 544 1229 595; x_wconf 88' lang='lat' dir='ltr'><strong>utens,</strong></span> <span class='ocrx_word' id='word_1_27' title='bbox 1267 541 1324 585; x_wconf 92' lang='lat' dir='ltr'><strong>ut</strong></span> <span class='ocrx_word' id='word_1_28' title='bbox 1357 546 1463 584; x_wconf 85' lang='lat' dir='ltr'><strong>non</strong></span> <span class='ocrx_word' id='word_1_29' title='bbox 1501 530 1633 597; x_wconf 87' lang='lat' dir='ltr'><strong>ipse,</strong></span> <span class='ocrx_word' id='word_1_30' title='bbox 1667 529 1761 583; x_wconf 82' lang='lat' dir='ltr'><strong>sed</strong></span> <span class='ocrx_word' id='word_1_31' title='bbox 1792 529 1886 599; x_wconf 89' lang='lat' dir='ltr'><strong>qui</strong></span> <span class='ocrx_word' id='word_1_32' title='bbox 1934 529 1998 583; x_wconf 87' lang='lat' dir='ltr'><strong>ad</strong></span> 
     </span>
    </p>
   </div>
   <div class='ocr_carea' id='block_1_6' title="bbox 426 621 2003 701">
    <p class='ocr_par' dir='ltr' id='par_1_6' title="bbox 426 621 2003 701">
     <span class='ocr_line' id='line_1_6' title="bbox 426 621 2003 701; baseline -0.008 -16"><span class='ocrx_word' id='word_1_33' title='bbox 426 647 562 701; x_wconf 84' lang='lat' dir='ltr'><strong>opus</strong></span> <span class='ocrx_word' id='word_1_34' title='bbox 588 630 787 692; x_wconf 88' lang='lat' dir='ltr'><strong>ciebat.</strong></span> <span class='ocrx_word' id='word_1_35' title='bbox 818 629 886 684; x_wconf 89' lang='lat' dir='ltr'><strong>ab</strong></span> <span class='ocrx_word' id='word_1_36' title='bbox 922 628 1009 683; x_wconf 90' lang='lat' dir='ltr'><strong>his</strong></span> <span class='ocrx_word' id='word_1_37' title='bbox 1035 626 1125 697; x_wconf 88' lang='lat' dir='ltr'><strong>qui</strong></span> <span class='ocrx_word' id='word_1_38' title='bbox 1176 625 1229 680; x_wconf 92' lang='lat' dir='ltr'><strong>in</strong></span> <span class='ocrx_word' id='word_1_39' title='bbox 1260 623 1459 679; x_wconf 91' lang='lat' dir='ltr'><strong>mundo</strong></span> <span class='ocrx_word' id='word_1_40' title='bbox 1512 634 1694 685; x_wconf 87' lang='lat' dir='ltr'><strong>erant,</strong></span> <span class='ocrx_word' id='word_1_41' title='bbox 1735 621 2003 691; x_wconf 76' lang='lat' dir='ltr'><strong>glorifica-</strong></span> 
     </span>
    </p>
   </div>
   <div class='ocr_carea' id='block_1_7' title="bbox 429 712 2002 789">
    <p class='ocr_par' dir='ltr' id='par_1_7' title="bbox 429 712 2002 789">
     <span class='ocr_line' id='line_1_7' title="bbox 429 712 2002 789; baseline -0.008 -12"><span class='ocrx_word' id='word_1_42' title='bbox 429 734 597 777; x_wconf 89' lang='lat' dir='ltr'><strong>retur.</strong></span> <span class='ocrx_word' id='word_1_43' title='bbox 627 720 765 789; x_wconf 84' lang='lat' dir='ltr'><strong>Quid</strong></span> <span class='ocrx_word' id='word_1_44' title='bbox 803 721 986 789; x_wconf 79' lang='lat' dir='ltr'><strong>igitur,</strong></span> <span class='ocrx_word' id='word_1_45' title='bbox 1027 731 1231 785; x_wconf 68' lang='lat' dir='ltr'><strong>quaeso,</strong></span> <span class='ocrx_word' id='word_1_46' title='bbox 1285 716 1339 770; x_wconf 87' lang='lat' dir='ltr'><strong>in</strong></span> <span class='ocrx_word' id='word_1_47' title='bbox 1369 729 1435 769; x_wconf 89' lang='lat' dir='ltr'><strong>eo</strong></span> <span class='ocrx_word' id='word_1_48' title='bbox 1472 712 1704 783; x_wconf 81' lang='lat' dir='ltr'><strong>amplius</strong></span> <span class='ocrx_word' id='word_1_49' title='bbox 1754 713 2002 766; x_wconf 88' lang='lat' dir='ltr'><strong>cernitur</strong></span> 
     </span>
    </p>
   </div>
   <div class='ocr_carea' id='block_1_8' title="bbox 429 802 2002 883">
    <p class='ocr_par' dir='ltr' id='par_1_8' title="bbox 429 802 2002 883">
     <span class='ocr_line' id='line_1_8' title="bbox 429 802 2002 883; baseline -0.006 -18"><span class='ocrx_word' id='word_1_50' title='bbox 429 828 590 883; x_wconf 86' lang='lat' dir='ltr'><strong>quam</strong></span> <span class='ocrx_word' id='word_1_51' title='bbox 625 813 677 866; x_wconf 95' lang='lat' dir='ltr'><strong>in</strong></span> <span class='ocrx_word' id='word_1_52' title='bbox 704 812 911 865; x_wconf 80' lang='lat' dir='ltr'><strong>sanctis</strong></span> <span class='ocrx_word' id='word_1_53' title='bbox 940 807 1204 875; x_wconf 76' lang='lat' dir='ltr'><strong>apostolis</strong></span> <span class='ocrx_word' id='word_1_54' title='bbox 1230 806 1251 860; x_wconf 82' lang='lat'>?</span> <span class='ocrx_word' id='word_1_55' title='bbox 1280 820 1404 859; x_wconf 87' lang='lat' dir='ltr'><strong>nam</strong></span> <span class='ocrx_word' id='word_1_56' title='bbox 1434 804 1488 858; x_wconf 90' lang='lat' dir='ltr'><strong>hi</strong></span> <span class='ocrx_word' id='word_1_57' title='bbox 1538 818 1641 857; x_wconf 90' lang='lat' dir='ltr'><strong>non</strong></span> <span class='ocrx_word' id='word_1_58' title='bbox 1674 817 1770 857; x_wconf 87' lang='lat' dir='ltr'><strong>sua</strong></span> <span class='ocrx_word' id='word_1_59' title='bbox 1797 802 2002 857; x_wconf 87' lang='lat' dir='ltr'><strong>virtute</strong></span> 
     </span>
    </p>
   </div>
   <div class='ocr_carea' id='block_1_9' title="bbox 431 894 1998 971">
    <p class='ocr_par' dir='ltr' id='par_1_9' title="bbox 431 894 1998 971">
     <span class='ocr_line' id='line_1_9' title="bbox 431 894 1998 971; baseline -0.008 -13"><span class='ocrx_word' id='word_1_60' title='bbox 431 903 692 958; x_wconf 89' lang='lat' dir='ltr'><strong>miracula</strong></span> <span class='ocrx_word' id='word_1_61' title='bbox 739 901 1128 971; x_wconf 88' lang='lat' dir='ltr'><strong>perfecerunt:</strong></span> <span class='ocrx_word' id='word_1_62' title='bbox 1178 899 1337 968; x_wconf 90' lang='lat' dir='ltr'><strong>idque</strong></span> <span class='ocrx_word' id='word_1_63' title='bbox 1367 895 1469 967; x_wconf 93' lang='lat' dir='ltr'><strong>ipsi</strong></span> <span class='ocrx_word' id='word_1_64' title='bbox 1522 904 1711 965; x_wconf 90' lang='lat' dir='ltr'><strong>aperte</strong></span> <span class='ocrx_word' id='word_1_65' title='bbox 1767 894 1998 949; x_wconf 75' lang='lat' dir='ltr'><strong>confessi</strong></span> 
     </span>
    </p>
   </div>
   <div class='ocr_carea' id='block_1_10' title="bbox 429 987 2001 1064">
    <p class='ocr_par' dir='ltr' id='par_1_10' title="bbox 429 987 2001 1064">
     <span class='ocr_line' id='line_1_10' title="bbox 429 987 2001 1064; baseline -0.008 -14"><span class='ocrx_word' id='word_1_66' title='bbox 429 1001 555 1050; x_wconf 85' lang='lat' dir='ltr'><strong>sunt</strong></span> <span class='ocrx_word' id='word_1_67' title='bbox 578 1012 592 1049; x_wconf 91' lang='lat'><strong>:</strong></span> <span class='ocrx_word' id='word_1_68' title='bbox 614 993 756 1064; x_wconf 87' lang='lat' dir='ltr'><strong>digni</strong></span> <span class='ocrx_word' id='word_1_69' title='bbox 787 1005 1021 1061; x_wconf 80' lang='lat' dir='ltr'><strong>namque</strong></span> <span class='ocrx_word' id='word_1_70' title='bbox 1089 998 1215 1046; x_wconf 91' lang='lat' dir='ltr'><strong>sunt</strong></span> <span class='ocrx_word' id='word_1_71' title='bbox 1277 987 1434 1041; x_wconf 81' lang='lat' dir='ltr'><strong>laude</strong></span> <span class='ocrx_word' id='word_1_72' title='bbox 1460 996 1515 1041; x_wconf 91' lang='lat' dir='ltr'><strong>et</strong></span> <span class='ocrx_word' id='word_1_73' title='bbox 1546 987 1671 1057; x_wconf 88' lang='lat' dir='ltr'><strong>quia</strong></span> <span class='ocrx_word' id='word_1_74' title='bbox 1721 987 1771 1039; x_wconf 90' lang='lat' dir='ltr'><strong>id</strong></span> <span class='ocrx_word' id='word_1_75' title='bbox 1801 1000 2001 1055; x_wconf 86' lang='lat' dir='ltr'><strong>cogno-</strong></span> 
     </span>
    </p>
   </div>
   <div class='ocr_carea' id='block_1_11' title="bbox 430 1077 1999 1152">
    <p class='ocr_par' dir='ltr' id='par_1_11' title="bbox 430 1077 1999 1152">
     <span class='ocr_line' id='line_1_11' title="bbox 430 1077 1999 1152; baseline -0.004 -17"><span class='ocrx_word' id='word_1_76' title='bbox 430 1096 647 1150; x_wconf 87' lang='lat' dir='ltr'><strong>verunt,</strong></span> <span class='ocrx_word' id='word_1_77' title='bbox 685 1094 740 1138; x_wconf 92' lang='lat' dir='ltr'><strong>et</strong></span> <span class='ocrx_word' id='word_1_78' title='bbox 774 1084 898 1152; x_wconf 84' lang='lat' dir='ltr'><strong>quia</strong></span> <span class='ocrx_word' id='word_1_79' title='bbox 945 1083 997 1136; x_wconf 94' lang='lat' dir='ltr'><strong>in</strong></span> <span class='ocrx_word' id='word_1_80' title='bbox 1043 1082 1175 1151; x_wconf 84' lang='lat' dir='ltr'><strong>ipsis</strong></span> <span class='ocrx_word' id='word_1_81' title='bbox 1227 1089 1542 1150; x_wconf 89' lang='lat' dir='ltr'><strong>operantem</strong></span> <span class='ocrx_word' id='word_1_82' title='bbox 1604 1077 1999 1148; x_wconf 75' lang='lat' dir='ltr'><strong>gloriﬁcabaut.</strong></span> 
     </span>
    </p>
   </div>
   <div class='ocr_carea' id='block_1_12' title="bbox 430 1167 2001 1241">
    <p class='ocr_par' dir='ltr' id='par_1_12' title="bbox 430 1167 2001 1241">
     <span class='ocr_line' id='line_1_12' title="bbox 430 1167 2001 1241; baseline -0.008 -10"><span class='ocrx_word' id='word_1_83' title='bbox 430 1176 545 1231; x_wconf 83' lang='lat' dir='ltr'><strong>Hoc</strong></span> <span class='ocrx_word' id='word_1_84' title='bbox 572 1175 619 1232; x_wconf 91' lang='lat' dir='ltr'><strong>si</strong></span> <span class='ocrx_word' id='word_1_85' title='bbox 646 1176 717 1229; x_wconf 91' lang='lat' dir='ltr'><strong>ita</strong></span> <span class='ocrx_word' id='word_1_86' title='bbox 740 1185 845 1239; x_wconf 86' lang='lat' dir='ltr'><strong>est,</strong></span> <span class='ocrx_word' id='word_1_87' title='bbox 883 1189 1065 1229; x_wconf 87' lang='lat' dir='ltr'><strong>annon</strong></span> <span class='ocrx_word' id='word_1_88' title='bbox 1131 1186 1343 1241; x_wconf 64' lang='lat' dir='ltr'><strong>aequum</strong></span> <span class='ocrx_word' id='word_1_89' title='bbox 1366 1180 1483 1225; x_wconf 88' lang='lat' dir='ltr'><strong>erat</strong></span> <span class='ocrx_word' id='word_1_90' title='bbox 1533 1178 1592 1224; x_wconf 90' lang='lat' dir='ltr'><strong>ut</strong></span> <span class='ocrx_word' id='word_1_91' title='bbox 1638 1170 1891 1225; x_wconf 89' lang='lat' dir='ltr'><strong>Christus</strong></span> <span class='ocrx_word' id='word_1_92' title='bbox 1912 1167 2001 1236; x_wconf 91' lang='lat' dir='ltr'><strong>qui</strong></span> 
     </span>
    </p>
   </div>
   <div class='ocr_carea' id='block_1_13' title="bbox 431 1259 2004 1332">
    <p class='ocr_par' dir='ltr' id='par_1_13' title="bbox 431 1259 2004 1332">
     <span class='ocr_line' id='line_1_13' title="bbox 431 1259 2004 1332; baseline -0.008 -11"><span class='ocrx_word' id='word_1_93' title='bbox 431 1269 499 1321; x_wconf 90' lang='lat' dir='ltr'><strong>ab</strong></span> <span class='ocrx_word' id='word_1_94' title='bbox 544 1266 671 1332; x_wconf 91' lang='lat' dir='ltr'><strong>alio,</strong></span> <span class='ocrx_word' id='word_1_95' title='bbox 728 1275 785 1320; x_wconf 92' lang='lat' dir='ltr'><strong>ut</strong></span> <span class='ocrx_word' id='word_1_96' title='bbox 823 1275 877 1319; x_wconf 92' lang='lat' dir='ltr'><strong>tu</strong></span> <span class='ocrx_word' id='word_1_97' title='bbox 911 1263 1132 1325; x_wconf 86' lang='lat' dir='ltr'><strong>asseris,</strong></span> <span class='ocrx_word' id='word_1_98' title='bbox 1161 1263 1228 1316; x_wconf 89' lang='lat' dir='ltr'><strong>ad</strong></span> <span class='ocrx_word' id='word_1_99' title='bbox 1280 1260 1611 1331; x_wconf 87' lang='lat' dir='ltr'><strong>operandum</strong></span> <span class='ocrx_word' id='word_1_100' title='bbox 1643 1259 1909 1319; x_wconf 85' lang='lat' dir='ltr'><strong>ciebatur,</strong></span> <span class='ocrx_word' id='word_1_101' title='bbox 1951 1266 2004 1310; x_wconf 90' lang='lat' dir='ltr'><strong>et</strong></span> 
     </span>
    </p>
   </div>
   <div class='ocr_carea' id='block_1_14' title="bbox 432 1352 2002 1426">
    <p class='ocr_par' dir='ltr' id='par_1_14' title="bbox 432 1352 2002 1426">
     <span class='ocr_line' id='line_1_14' title="bbox 432 1352 2002 1426; baseline -0.008 -12"><span class='ocrx_word' id='word_1_102' title='bbox 432 1360 775 1415; x_wconf 78' lang='lat' dir='ltr'><strong>extrinsecus</strong></span> <span class='ocrx_word' id='word_1_103' title='bbox 834 1357 1067 1413; x_wconf 86' lang='lat' dir='ltr'><strong>habebat</strong></span> <span class='ocrx_word' id='word_1_104' title='bbox 1096 1353 1369 1426; x_wconf 84' lang='lat' dir='ltr'><strong>Unigeniti</strong></span> <span class='ocrx_word' id='word_1_105' title='bbox 1402 1354 1652 1423; x_wconf 78' lang='lat' dir='ltr'><strong>gloriam,</strong></span> <span class='ocrx_word' id='word_1_106' title='bbox 1679 1352 1745 1404; x_wconf 91' lang='lat' dir='ltr'><strong>ad</strong></span> <span class='ocrx_word' id='word_1_107' title='bbox 1786 1366 1844 1405; x_wconf 90' lang='lat' dir='ltr'><strong>se</strong></span> <span class='ocrx_word' id='word_1_108' title='bbox 1870 1356 2002 1402; x_wconf 84' lang='lat' dir='ltr'><strong>tan-</strong></span> 
     </span>
    </p>
   </div>
   <div class='ocr_carea' id='block_1_15' title="bbox 431 1442 2003 1523">
    <p class='ocr_par' dir='ltr' id='par_1_15' title="bbox 431 1442 2003 1523">
     <span class='ocr_line' id='line_1_15' title="bbox 431 1442 2003 1523; baseline -0.008 -17"><span class='ocrx_word' id='word_1_109' title='bbox 431 1467 593 1520; x_wconf 91' lang='lat' dir='ltr'><strong>quam</strong></span> <span class='ocrx_word' id='word_1_110' title='bbox 619 1452 685 1505; x_wconf 90' lang='lat' dir='ltr'><strong>ad</strong></span> <span class='ocrx_word' id='word_1_111' title='bbox 713 1450 819 1523; x_wconf 66' lang='grc'>47</span> <span class='ocrx_word' id='word_1_112' title='bbox 852 1450 1017 1505; x_wconf 84' lang='lat' dir='ltr'><strong>Deum</strong></span> <span class='ocrx_word' id='word_1_113' title='bbox 1060 1446 1467 1509; x_wconf 85' lang='lat' dir='ltr'><strong>accedentibus,</strong></span> <span class='ocrx_word' id='word_1_114' title='bbox 1513 1455 1567 1499; x_wconf 91' lang='lat' dir='ltr'><strong>et</strong></span> <span class='ocrx_word' id='word_1_115' title='bbox 1602 1444 1721 1512; x_wconf 80' lang='lat' dir='ltr'><strong>ejus</strong></span> <span class='ocrx_word' id='word_1_116' title='bbox 1778 1456 1882 1511; x_wconf 90' lang='lat' dir='ltr'><strong>ope</strong></span> <span class='ocrx_word' id='word_1_117' title='bbox 1917 1442 2003 1495; x_wconf 86' lang='lat' dir='ltr'><strong>iu-</strong></span> 
     </span>
    </p>
   </div>
   <div class='ocr_carea' id='block_1_16' title="bbox 433 1533 2005 1612">
    <p class='ocr_par' dir='ltr' id='par_1_16' title="bbox 433 1533 2005 1612">
     <span class='ocr_line' id='line_1_16' title="bbox 433 1533 2005 1612; baseline -0.008 -16"><span class='ocrx_word' id='word_1_118' title='bbox 433 1542 735 1612; x_wconf 89' lang='lat' dir='ltr'><strong>digeutibus</strong></span> <span class='ocrx_word' id='word_1_119' title='bbox 800 1541 1141 1602; x_wconf 83' lang='lat' dir='ltr'><strong>inclamaret,</strong></span> <span class='ocrx_word' id='word_1_120' title='bbox 1203 1538 1259 1592; x_wconf 89' lang='lat' dir='ltr'><strong>In</strong></span> <span class='ocrx_word' id='word_1_121' title='bbox 1317 1537 1552 1598; x_wconf 89' lang='lat' dir='ltr'><strong>nomine,</strong></span> <span class='ocrx_word' id='word_1_122' title='bbox 1578 1549 1670 1588; x_wconf 88' lang='lat' dir='ltr'><strong>seu</strong></span> <span class='ocrx_word' id='word_1_123' title='bbox 1720 1534 1771 1586; x_wconf 92' lang='lat' dir='ltr'><strong>in</strong></span> <span class='ocrx_word' id='word_1_124' title='bbox 1807 1533 2005 1585; x_wconf 90' lang='lat' dir='ltr'><strong>virtute</strong></span> 
     </span>
    </p>
   </div>
   <div class='ocr_carea' id='block_1_17' title="bbox 432 1624 2007 1701">
    <p class='ocr_par' dir='ltr' id='par_1_17' title="bbox 432 1624 2007 1701">
     <span class='ocr_line' id='line_1_17' title="bbox 432 1624 2007 1701; baseline -0.009 -12"><span class='ocrx_word' id='word_1_125' title='bbox 432 1632 707 1701; x_wconf 88' lang='lat' dir='ltr'><strong>Uuigeniti</strong></span> <span class='ocrx_word' id='word_1_126' title='bbox 739 1633 861 1693; x_wconf 90' lang='lat' dir='ltr'><strong>hoc,</strong></span> <span class='ocrx_word' id='word_1_127' title='bbox 886 1629 1035 1684; x_wconf 88' lang='lat' dir='ltr'><strong>verbi</strong></span> <span class='ocrx_word' id='word_1_128' title='bbox 1056 1628 1252 1699; x_wconf 89' lang='lat' dir='ltr'><strong>gratia,</strong></span> <span class='ocrx_word' id='word_1_129' title='bbox 1278 1627 1371 1681; x_wconf 90' lang='lat' dir='ltr'><strong>tibi</strong></span> <span class='ocrx_word' id='word_1_130' title='bbox 1396 1626 1736 1681; x_wconf 90' lang='lat' dir='ltr'><strong>commodum</strong></span> <span class='ocrx_word' id='word_1_131' title='bbox 1761 1624 2007 1677; x_wconf 84' lang='lat' dir='ltr'><strong>eveniat?</strong></span> 
     </span>
    </p>
   </div>
   <div class='ocr_carea' id='block_1_18' title="bbox 434 1715 2006 1789">
    <p class='ocr_par' dir='ltr' id='par_1_18' title="bbox 434 1715 2006 1789">
     <span class='ocr_line' id='line_1_18' title="bbox 434 1715 2006 1789; baseline -0.008 -13"><span class='ocrx_word' id='word_1_132' title='bbox 434 1739 555 1776; x_wconf 86' lang='lat' dir='ltr'><strong>nam</strong></span> <span class='ocrx_word' id='word_1_133' title='bbox 591 1725 640 1777; x_wconf 92' lang='lat' dir='ltr'><strong>id</strong></span> <span class='ocrx_word' id='word_1_134' title='bbox 676 1720 944 1778; x_wconf 75' lang='lat' dir='ltr'><strong>faciebant</strong></span> <span class='ocrx_word' id='word_1_135' title='bbox 979 1721 1051 1774; x_wconf 89' lang='lat' dir='ltr'><strong>illi</strong></span> <span class='ocrx_word' id='word_1_136' title='bbox 1076 1717 1462 1789; x_wconf 80' lang='lat' dir='ltr'><strong>sapientissimi</strong></span> <span class='ocrx_word' id='word_1_137' title='bbox 1502 1716 1773 1784; x_wconf 85' lang='lat' dir='ltr'><strong>discipuli,</strong></span> <span class='ocrx_word' id='word_1_138' title='bbox 1810 1715 2006 1780; x_wconf 86' lang='lat' dir='ltr'><strong>ubique</strong></span> 
     </span>
    </p>
   </div>
   <div class='ocr_carea' id='block_1_19' title="bbox 432 1807 2005 1881">
    <p class='ocr_par' dir='ltr' id='par_1_19' title="bbox 432 1807 2005 1881">
     <span class='ocr_line' id='line_1_19' title="bbox 432 1807 2005 1881; baseline -0.007 -14"><span class='ocrx_word' id='word_1_139' title='bbox 432 1812 618 1867; x_wconf 84' lang='lat' dir='ltr'><strong>Jesum</strong></span> <span class='ocrx_word' id='word_1_140' title='bbox 649 1829 713 1867; x_wconf 83' lang='lat' dir='ltr'><strong>ex</strong></span> <span class='ocrx_word' id='word_1_141' title='bbox 747 1812 1016 1866; x_wconf 86' lang='lat' dir='ltr'><strong>Nazareth</strong></span> <span class='ocrx_word' id='word_1_142' title='bbox 1040 1807 1520 1881; x_wconf 87' lang='lat' dir='ltr'><strong>appellantes.Sed</strong></span> <span class='ocrx_word' id='word_1_143' title='bbox 1547 1808 1816 1860; x_wconf 89' lang='lat' dir='ltr'><strong>neminem</strong></span> <span class='ocrx_word' id='word_1_144' title='bbox 1853 1820 2005 1872; x_wconf 87' lang='lat' dir='ltr'><strong>pror-</strong></span> 
     </span>
    </p>
   </div>
   <div class='ocr_carea' id='block_1_20' title="bbox 434 1897 2007 1970">
    <p class='ocr_par' dir='ltr' id='par_1_20' title="bbox 434 1897 2007 1970">
     <span class='ocr_line' id='line_1_20' title="bbox 434 1897 2007 1970; baseline -0.006 -11"><span class='ocrx_word' id='word_1_145' title='bbox 434 1921 527 1959; x_wconf 88' lang='lat' dir='ltr'><strong>sus</strong></span> <span class='ocrx_word' id='word_1_146' title='bbox 550 1904 622 1959; x_wconf 91' lang='lat' dir='ltr'><strong>ita</strong></span> <span class='ocrx_word' id='word_1_147' title='bbox 652 1914 735 1958; x_wconf 94' lang='lat' dir='ltr'><strong>est</strong></span> <span class='ocrx_word' id='word_1_148' title='bbox 765 1904 1055 1967; x_wconf 79' lang='lat' dir='ltr'><strong>allocutus,</strong></span> <span class='ocrx_word' id='word_1_149' title='bbox 1096 1916 1313 1970; x_wconf 80' lang='lat' dir='ltr'><strong>suaeque</strong></span> <span class='ocrx_word' id='word_1_150' title='bbox 1355 1900 1534 1969; x_wconf 89' lang='lat' dir='ltr'><strong>potius</strong></span> <span class='ocrx_word' id='word_1_151' title='bbox 1571 1897 1761 1950; x_wconf 78' lang='lat' dir='ltr'><strong>virtuti</strong></span> <span class='ocrx_word' id='word_1_152' title='bbox 1812 1910 2007 1966; x_wconf 82' lang='lat' dir='ltr'><strong>perpe-</strong></span> 
     </span>
    </p>
   </div>
   <div class='ocr_carea' id='block_1_21' title="bbox 441 1989 2005 2065">
    <p class='ocr_par' dir='ltr' id='par_1_21' title="bbox 441 1989 2005 2065">
     <span class='ocr_line' id='line_1_21' title="bbox 441 1989 2005 2065; baseline -0.006 -17"><span class='ocrx_word' id='word_1_153' title='bbox 441 2006 582 2050; x_wconf 88' lang='lat' dir='ltr'><strong>trata</strong></span> <span class='ocrx_word' id='word_1_154' title='bbox 609 1996 763 2065; x_wconf 88' lang='lat' dir='ltr'><strong>signa</strong></span> <span class='ocrx_word' id='word_1_155' title='bbox 800 1994 1089 2056; x_wconf 86' lang='lat' dir='ltr'><strong>tribuebat,</strong></span> <span class='ocrx_word' id='word_1_156' title='bbox 1120 2006 1263 2046; x_wconf 91' lang='lat' dir='ltr'><strong>nunc</strong></span> <span class='ocrx_word' id='word_1_157' title='bbox 1309 1990 1526 2059; x_wconf 91' lang='lat' dir='ltr'><strong>quidem</strong></span> <span class='ocrx_word' id='word_1_158' title='bbox 1558 1989 1716 2044; x_wconf 71' lang='lat' dir='ltr'><strong>etecis</strong></span> <span class='ocrx_word' id='word_1_159' title='bbox 1770 1989 1955 2043; x_wconf 88' lang='lat' dir='ltr'><strong>dicens</strong></span> <span class='ocrx_word' id='word_1_160' title='bbox 1990 2004 2005 2039; x_wconf 88' lang='lat'><strong>:</strong></span> 
     </span>
    </p>
   </div>
   <div class='ocr_carea' id='block_1_22' title="bbox 441 2081 2009 2156">
    <p class='ocr_par' dir='ltr' id='par_1_22' title="bbox 441 2081 2009 2156">
     <span class='ocr_line' id='line_1_22' title="bbox 441 2081 2009 2156; baseline -0.006 -15"><span class='ocrx_word' id='word_1_161' title='bbox 441 2110 459 2141; x_wconf 78' lang='grc' dir='ltr'><strong>ι</strong></span> <span class='ocrx_word' id='word_1_162' title='bbox 497 2088 729 2145; x_wconf 87' lang='lat' dir='ltr'><strong>Creditis</strong></span> <span class='ocrx_word' id='word_1_163' title='bbox 760 2086 902 2156; x_wconf 89' lang='lat' dir='ltr'><strong>quod</strong></span> <span class='ocrx_word' id='word_1_164' title='bbox 928 2084 1131 2156; x_wconf 89' lang='lat' dir='ltr'><strong>possim</strong></span> <span class='ocrx_word' id='word_1_165' title='bbox 1165 2082 1217 2137; x_wconf 92' lang='lat' dir='ltr'><strong>id</strong></span> <span class='ocrx_word' id='word_1_166' title='bbox 1241 2083 1419 2136; x_wconf 82' lang='lat' dir='ltr'><strong>facere</strong></span> <span class='ocrx_word' id='word_1_167' title='bbox 1442 2081 1525 2133; x_wconf 56' lang='lat' dir='ltr'><strong>“l?</strong></span> <span class='ocrx_word' id='word_1_168' title='bbox 1547 2099 1566 2132; x_wconf 76' lang='grc' dir='ltr'><strong>ι</strong></span> <span class='ocrx_word' id='word_1_169' title='bbox 1604 2090 1656 2134; x_wconf 90' lang='lat' dir='ltr'><strong>et</strong></span> <span class='ocrx_word' id='word_1_170' title='bbox 1687 2094 2009 2134; x_wconf 87' lang='lat' dir='ltr'><strong>consensum</strong></span> 
     </span>
    </p>
   </div>
   <div class='ocr_carea' id='block_1_23' title="bbox 434 2170 2007 2249">
    <p class='ocr_par' dir='ltr' id='par_1_23' title="bbox 434 2170 2007 2249">
     <span class='ocr_line' id='line_1_23' title="bbox 434 2170 2007 2249; baseline -0.007 -14"><span class='ocrx_word' id='word_1_171' title='bbox 434 2193 732 2249; x_wconf 84' lang='lat' dir='ltr'><strong>exposcens</strong></span> <span class='ocrx_word' id='word_1_172' title='bbox 765 2196 782 2246; x_wconf 87' lang='lat'><strong>;</strong></span> <span class='ocrx_word' id='word_1_173' title='bbox 813 2191 957 2232; x_wconf 90' lang='lat' dir='ltr'><strong>nunc</strong></span> <span class='ocrx_word' id='word_1_174' title='bbox 979 2191 1101 2230; x_wconf 90' lang='lat' dir='ltr'><strong>cum</strong></span> <span class='ocrx_word' id='word_1_175' title='bbox 1144 2173 1368 2243; x_wconf 87' lang='lat' dir='ltr'><strong>imperio</strong></span> <span class='ocrx_word' id='word_1_176' title='bbox 1402 2173 1647 2240; x_wconf 72' lang='lat' dir='ltr'><strong>exigens,</strong></span> <span class='ocrx_word' id='word_1_177' title='bbox 1681 2186 1744 2225; x_wconf 90' lang='lat' dir='ltr'><strong>ac</strong></span> <span class='ocrx_word' id='word_1_178' title='bbox 1771 2170 1959 2224; x_wconf 89' lang='lat' dir='ltr'><strong>dicens</strong></span> <span class='ocrx_word' id='word_1_179' title='bbox 1993 2189 2007 2224; x_wconf 88' lang='lat'><strong>:</strong></span> 
     </span>
    </p>
   </div>
   <div class='ocr_carea' id='block_1_24' title="bbox 444 2262 2009 2337">
    <p class='ocr_par' dir='ltr' id='par_1_24' title="bbox 444 2262 2009 2337">
     <span class='ocr_line' id='line_1_24' title="bbox 444 2262 2009 2337; baseline -0.008 -11"><span class='ocrx_word' id='word_1_180' title='bbox 444 2293 462 2326; x_wconf 72' lang='grc' dir='ltr'><strong>ι</strong></span> <span class='ocrx_word' id='word_1_181' title='bbox 500 2271 654 2337; x_wconf 85' lang='lat' dir='ltr'><strong>Volo,</strong></span> <span class='ocrx_word' id='word_1_182' title='bbox 683 2270 942 2324; x_wconf 89' lang='lat' dir='ltr'><strong>mundare</strong></span> <span class='ocrx_word' id='word_1_183' title='bbox 976 2267 1019 2299; x_wconf 67' lang='grc' dir='ltr'><strong>’δι</strong></span> <span class='ocrx_word' id='word_1_184' title='bbox 1049 2286 1066 2334; x_wconf 87' lang='grc'>;</span> <span class='ocrx_word' id='word_1_185' title='bbox 1098 2286 1117 2319; x_wconf 72' lang='grc' dir='ltr'><strong>ι</strong></span> <span class='ocrx_word' id='word_1_186' title='bbox 1158 2281 1254 2320; x_wconf 88' lang='lat' dir='ltr'><strong>cur</strong></span> <span class='ocrx_word' id='word_1_187' title='bbox 1285 2280 1391 2321; x_wconf 89' lang='lat' dir='ltr'><strong>non</strong></span> <span class='ocrx_word' id='word_1_188' title='bbox 1426 2262 1804 2333; x_wconf 78' lang='lat' dir='ltr'><strong>praetermissis</strong></span> <span class='ocrx_word' id='word_1_189' title='bbox 1846 2262 2009 2314; x_wconf 88' lang='lat' dir='ltr'><strong>anili-</strong></span> 
     </span>
    </p>
   </div>
   <div class='ocr_carea' id='block_1_25' title="bbox 436 2354 2010 2439">
    <p class='ocr_par' dir='ltr' id='par_1_25' title="bbox 436 2354 2010 2439">
     <span class='ocr_line' id='line_1_25' title="bbox 436 2354 2010 2439; baseline -0.008 -20"><span class='ocrx_word' id='word_1_190' title='bbox 436 2365 535 2419; x_wconf 89' lang='lat' dir='ltr'><strong>bus</strong></span> <span class='ocrx_word' id='word_1_191' title='bbox 557 2361 790 2426; x_wconf 85' lang='lat' dir='ltr'><strong>fabellis,</strong></span> <span class='ocrx_word' id='word_1_192' title='bbox 813 2360 1064 2439; x_wconf 86' lang='lat' dir='ltr'><strong>quastibi</strong></span> <span class='ocrx_word' id='word_1_193' title='bbox 1105 2370 1159 2414; x_wconf 92' lang='lat' dir='ltr'><strong>et</strong></span> <span class='ocrx_word' id='word_1_194' title='bbox 1178 2359 1277 2413; x_wconf 88' lang='lat' dir='ltr'><strong>soli</strong></span> <span class='ocrx_word' id='word_1_195' title='bbox 1302 2368 1740 2419; x_wconf 88' lang='lat' dir='ltr'><strong>commentuses,</strong></span> <span class='ocrx_word' id='word_1_196' title='bbox 1768 2354 2010 2425; x_wconf 71' lang='lat' dir='ltr'><strong>mystcrii</strong></span> 
     </span>
    </p>
   </div>
   <div class='ocr_carea' id='block_1_26' title="bbox 436 2447 2014 2525">
    <p class='ocr_par' dir='ltr' id='par_1_26' title="bbox 436 2447 2014 2525">
     <span class='ocr_line' id='line_1_26' title="bbox 436 2447 2014 2525; baseline -0.006 -18"><span class='ocrx_word' id='word_1_197' title='bbox 436 2454 857 2525; x_wconf 75' lang='lat' dir='ltr'><strong>profunditatem</strong></span> <span class='ocrx_word' id='word_1_198' title='bbox 892 2450 1121 2520; x_wconf 85' lang='lat' dir='ltr'><strong>sapienti</strong></span> <span class='ocrx_word' id='word_1_199' title='bbox 1145 2448 1376 2505; x_wconf 84' lang='lat' dir='ltr'><strong>consilio</strong></span> <span class='ocrx_word' id='word_1_200' title='bbox 1406 2447 1675 2517; x_wconf 86' lang='lat' dir='ltr'><strong>perquiris</strong></span> <span class='ocrx_word' id='word_1_201' title='bbox 1706 2447 1730 2499; x_wconf 87' lang='lat'><strong>?</strong></span> <span class='ocrx_word' id='word_1_202' title='bbox 1764 2447 1869 2501; x_wconf 84' lang='lat' dir='ltr'><strong>Sed</strong></span> <span class='ocrx_word' id='word_1_203' title='bbox 1899 2461 2014 2514; x_wconf 86' lang='lat' dir='ltr'><strong>pcr-</strong></span> 
     </span>
    </p>
   </div>
   <div class='ocr_carea' id='block_1_27' title="bbox 438 2541 2014 2616">
    <p class='ocr_par' dir='ltr' id='par_1_27' title="bbox 438 2541 2014 2616">
     <span class='ocr_line' id='line_1_27' title="bbox 438 2541 2014 2616; baseline -0.006 -15"><span class='ocrx_word' id='word_1_204' title='bbox 438 2549 682 2616; x_wconf 79' lang='lat' dir='ltr'><strong>Spicuum</strong></span> <span class='ocrx_word' id='word_1_205' title='bbox 711 2556 993 2601; x_wconf 86' lang='lat' dir='ltr'><strong>estrerum</strong></span> <span class='ocrx_word' id='word_1_206' title='bbox 1022 2544 1074 2597; x_wconf 95' lang='lat' dir='ltr'><strong>in</strong></span> <span class='ocrx_word' id='word_1_207' title='bbox 1102 2542 1293 2610; x_wconf 88' lang='lat' dir='ltr'><strong>primis</strong></span> <span class='ocrx_word' id='word_1_208' title='bbox 1344 2541 1550 2594; x_wconf 85' lang='lat' dir='ltr'><strong>utilium</strong></span> <span class='ocrx_word' id='word_1_209' title='bbox 1578 2541 1827 2610; x_wconf 77' lang='lat' dir='ltr'><strong>exiguam</strong></span> <span class='ocrx_word' id='word_1_210' title='bbox 1858 2555 2014 2609; x_wconf 85' lang='lat' dir='ltr'><strong>pror-</strong></span> 
     </span>
    </p>
   </div>
   <div class='ocr_carea' id='block_1_28' title="bbox 439 2630 2012 2702">
    <p class='ocr_par' dir='ltr' id='par_1_28' title="bbox 439 2630 2012 2702">
     <span class='ocr_line' id='line_1_28' title="bbox 439 2630 2012 2702; baseline -0.006 -11"><span class='ocrx_word' id='word_1_211' title='bbox 439 2650 529 2693; x_wconf 88' lang='lat' dir='ltr'><strong>sus</strong></span> <span class='ocrx_word' id='word_1_212' title='bbox 570 2638 643 2691; x_wconf 90' lang='lat' dir='ltr'><strong>illi</strong></span> <span class='ocrx_word' id='word_1_213' title='bbox 680 2652 868 2691; x_wconf 88' lang='lat' dir='ltr'><strong>curam</strong></span> <span class='ocrx_word' id='word_1_214' title='bbox 919 2650 1063 2700; x_wconf 91' lang='lat' dir='ltr'><strong>esse,</strong></span> <span class='ocrx_word' id='word_1_215' title='bbox 1124 2649 1187 2691; x_wconf 88' lang='lat' dir='ltr'><strong>ac</strong></span> <span class='ocrx_word' id='word_1_216' title='bbox 1228 2630 1625 2702; x_wconf 86' lang='lat' dir='ltr'><strong>quodammodo</strong></span> <span class='ocrx_word' id='word_1_217' title='bbox 1660 2640 1903 2683; x_wconf 85' lang='lat' dir='ltr'><strong>metuere</strong></span> <span class='ocrx_word' id='word_1_218' title='bbox 1948 2644 2012 2681; x_wconf 87' lang='lat' dir='ltr'><strong>ne</strong></span> 
     </span>
    </p>
   </div>
   <div class='ocr_carea' id='block_1_29' title="bbox 441 2720 2012 2798">
    <p class='ocr_par' dir='ltr' id='par_1_29' title="bbox 441 2720 2012 2798">
     <span class='ocr_line' id='line_1_29' title="bbox 441 2720 2012 2798; baseline -0.005 -17"><span class='ocrx_word' id='word_1_219' title='bbox 441 2730 570 2798; x_wconf 87' lang='lat' dir='ltr'><strong>quid</strong></span> <span class='ocrx_word' id='word_1_220' title='bbox 603 2729 714 2783; x_wconf 82' lang='lat' dir='ltr'><strong>veri</strong></span> <span class='ocrx_word' id='word_1_221' title='bbox 770 2744 960 2794; x_wconf 90' lang='lat' dir='ltr'><strong>parum</strong></span> <span class='ocrx_word' id='word_1_222' title='bbox 1002 2727 1294 2780; x_wconf 83' lang='lat' dir='ltr'><strong>advertens</strong></span> <span class='ocrx_word' id='word_1_223' title='bbox 1349 2724 1511 2787; x_wconf 90' lang='lat' dir='ltr'><strong>dicat,</strong></span> <span class='ocrx_word' id='word_1_224' title='bbox 1542 2732 1595 2776; x_wconf 93' lang='lat' dir='ltr'><strong>et</strong></span> <span class='ocrx_word' id='word_1_225' title='bbox 1644 2723 1776 2776; x_wconf 74' lang='lat' dir='ltr'><strong>recti</strong></span> <span class='ocrx_word' id='word_1_226' title='bbox 1810 2720 2012 2790; x_wconf 89' lang='lat' dir='ltr'><strong>aliquid</strong></span> 
     </span>
    </p>
   </div>
   <div class='ocr_carea' id='block_1_30' title="bbox 440 2812 2015 2884">
    <p class='ocr_par' dir='ltr' id='par_1_30' title="bbox 440 2812 2015 2884">
     <span class='ocr_line' id='line_1_30' title="bbox 440 2812 2015 2884; baseline -0.005 -13"><span class='ocrx_word' id='word_1_227' title='bbox 440 2818 645 2872; x_wconf 88' lang='lat' dir='ltr'><strong>sentire</strong></span> <span class='ocrx_word' id='word_1_228' title='bbox 704 2816 1139 2884; x_wconf 85' lang='lat' dir='ltr'><strong>deprehendatur</strong></span> <span class='ocrx_word' id='word_1_229' title='bbox 1188 2832 1200 2867; x_wconf 90' lang='lat'><strong>:</strong></span> <span class='ocrx_word' id='word_1_230' title='bbox 1254 2825 1309 2869; x_wconf 89' lang='lat' dir='ltr'><strong>et</strong></span> <span class='ocrx_word' id='word_1_231' title='bbox 1357 2812 1741 2867; x_wconf 82' lang='lat' dir='ltr'><strong>absurdissima</strong></span> <span class='ocrx_word' id='word_1_232' title='bbox 1787 2826 2015 2880; x_wconf 83' lang='lat' dir='ltr'><strong>quaeque</strong></span> 
     </span>
    </p>
   </div>
   <div class='ocr_carea' id='block_1_31' title="bbox 439 2902 2015 2980">
    <p class='ocr_par' dir='ltr' id='par_1_31' title="bbox 439 2902 2015 2980">
     <span class='ocr_line' id='line_1_31' title="bbox 439 2902 2015 2980; baseline -0.005 -17"><span class='ocrx_word' id='word_1_233' title='bbox 439 2910 658 2980; x_wconf 78' lang='lat' dir='ltr'><strong>cogitat,</strong></span> <span class='ocrx_word' id='word_1_234' title='bbox 692 2909 1164 2964; x_wconf 87' lang='lat' dir='ltr'><strong>etiuconsiderate</strong></span> <span class='ocrx_word' id='word_1_235' title='bbox 1185 2906 1473 2961; x_wconf 86' lang='lat' dir='ltr'><strong>admodum</strong></span> <span class='ocrx_word' id='word_1_236' title='bbox 1509 2911 1730 2959; x_wconf 84' lang='lat' dir='ltr'><strong>accusat</strong></span> <span class='ocrx_word' id='word_1_237' title='bbox 1765 2902 2015 2956; x_wconf 65' lang='lat' dir='ltr'><strong>Ecclesia:</strong></span> 
     </span>
    </p>
   </div>
   <div class='ocr_carea' id='block_1_32' title="bbox 443 2995 2016 3072">
    <p class='ocr_par' dir='ltr' id='par_1_32' title="bbox 443 2995 2016 3072">
     <span class='ocr_line' id='line_1_32' title="bbox 443 2995 2016 3072; baseline -0.006 -16"><span class='ocrx_word' id='word_1_238' title='bbox 443 3004 715 3072; x_wconf 84' lang='lat' dir='ltr'><strong>dogmata.</strong></span> <span class='ocrx_word' id='word_1_239' title='bbox 758 3001 919 3068; x_wconf 84' lang='lat' dir='ltr'><strong>Atqui</strong></span> <span class='ocrx_word' id='word_1_240' title='bbox 962 3000 1272 3053; x_wconf 84' lang='lat' dir='ltr'><strong>meminisse</strong></span> <span class='ocrx_word' id='word_1_241' title='bbox 1307 3013 1429 3050; x_wconf 90' lang='lat' dir='ltr'><strong>eum</strong></span> <span class='ocrx_word' id='word_1_242' title='bbox 1478 2996 1716 3067; x_wconf 86' lang='lat' dir='ltr'><strong>oportuit</strong></span> <span class='ocrx_word' id='word_1_243' title='bbox 1759 2995 1849 3049; x_wconf 91' lang='lat' dir='ltr'><strong>Dei</strong></span> <span class='ocrx_word' id='word_1_244' title='bbox 1898 3009 2016 3047; x_wconf 85' lang='lat' dir='ltr'><strong>ver-</strong></span> 
     </span>
    </p>
   </div>
   <div class='ocr_carea' id='block_1_33' title="bbox 2102 531 3681 607">
    <p class='ocr_par' dir='ltr' id='par_1_33' title="bbox 2102 531 3681 607">
     <span class='ocr_line' id='line_1_33' title="bbox 2102 531 3681 607; baseline 0.006 -24"><span class='ocrx_word' id='word_1_245' title='bbox 2102 531 2328 602; x_wconf 87' lang='grc' dir='ltr'>δυνάμει</span> <span class='ocrx_word' id='word_1_246' title='bbox 2376 534 2694 604; x_wconf 72' lang='grc' dir='ltr'>χρώμενος,</span> <span class='ocrx_word' id='word_1_247' title='bbox 2725 535 2790 588; x_wconf 83' lang='grc' dir='ltr'><strong>ἵν’</strong></span> <span class='ocrx_word' id='word_1_248' title='bbox 2825 538 2855 590; x_wconf 87' lang='grc' dir='ltr'>ὁ</span> <span class='ocrx_word' id='word_1_249' title='bbox 2896 538 3223 607; x_wconf 79' lang='grc' dir='ltr'><strong>ἐνεργήσας,</strong></span> <span class='ocrx_word' id='word_1_250' title='bbox 3269 539 3364 590; x_wconf 87' lang='grc' dir='ltr'>καὶ</span> <span class='ocrx_word' id='word_1_251' title='bbox 3407 538 3508 591; x_wconf 82' lang='grc' dir='ltr'><strong>οὐκ</strong></span> <span class='ocrx_word' id='word_1_252' title='bbox 3549 540 3681 593; x_wconf 84' lang='grc' dir='ltr'>αὐτό</span> 
     </span>
    </p>
   </div>
   <div class='ocr_carea' id='block_1_34' title="bbox 2104 620 3682 699">
    <p class='ocr_par' dir='ltr' id='par_1_34' title="bbox 2104 620 3682 699">
     <span class='ocr_line' id='line_1_34' title="bbox 2104 620 3682 699; baseline -0.004 -24"><span class='ocrx_word' id='word_1_253' title='bbox 2104 620 2214 692; x_wconf 74' lang='grc' dir='ltr'><strong>[Ισ.</strong></span> <span class='ocrx_word' id='word_1_254' title='bbox 2251 622 2433 695; x_wconf 85' lang='grc' dir='ltr'>αὑτός]</span> <span class='ocrx_word' id='word_1_255' title='bbox 2468 641 2568 676; x_wconf 88' lang='grc' dir='ltr'><strong>που</strong></span> <span class='ocrx_word' id='word_1_256' title='bbox 2598 624 2798 694; x_wconf 86' lang='grc' dir='ltr'>μᾶλλον</span> <span class='ocrx_word' id='word_1_257' title='bbox 2827 626 2977 696; x_wconf 87' lang='grc' dir='ltr'><strong>παρά</strong></span> <span class='ocrx_word' id='word_1_258' title='bbox 3002 627 3109 679; x_wconf 84' lang='grc' dir='ltr'><strong>τῶν</strong></span> <span class='ocrx_word' id='word_1_259' title='bbox 3142 628 3200 679; x_wconf 72' lang='grc' dir='ltr'>ἐν</span> <span class='ocrx_word' id='word_1_260' title='bbox 3233 627 3424 698; x_wconf 81' lang='grc' dir='ltr'>κόσμῳ</span> <span class='ocrx_word' id='word_1_261' title='bbox 3456 628 3682 699; x_wconf 78' lang='grc' dir='ltr'>δοξάζη..</span> 
     </span>
    </p>
   </div>
   <div class='ocr_carea' id='block_1_35' title="bbox 2102 717 3678 793">
    <p class='ocr_par' dir='ltr' id='par_1_35' title="bbox 2102 717 3678 793">
     <span class='ocr_line' id='line_1_35' title="bbox 2102 717 3678 793; baseline 0.003 -22"><span class='ocrx_word' id='word_1_262' title='bbox 2102 738 2215 788; x_wconf 69' lang='grc' dir='ltr'>ται.</span> <span class='ocrx_word' id='word_1_263' title='bbox 2244 721 2309 773; x_wconf 86' lang='grc' dir='ltr'>Τί</span> <span class='ocrx_word' id='word_1_264' title='bbox 2345 717 2459 783; x_wconf 77' lang='grc' dir='ltr'>οὖν,</span> <span class='ocrx_word' id='word_1_265' title='bbox 2495 721 2615 774; x_wconf 86' lang='grc' dir='ltr'>εἱπέ</span> <span class='ocrx_word' id='word_1_266' title='bbox 2645 738 2755 791; x_wconf 85' lang='grc' dir='ltr'>μοι,</span> <span class='ocrx_word' id='word_1_267' title='bbox 2782 720 2844 774; x_wconf 81' lang='grc' dir='ltr'><strong>τὸ</strong></span> <span class='ocrx_word' id='word_1_268' title='bbox 2873 722 3035 775; x_wconf 77' lang='grc' dir='ltr'>πλέον</span> <span class='ocrx_word' id='word_1_269' title='bbox 3064 722 3121 774; x_wconf 78' lang='grc' dir='ltr'>έν</span> <span class='ocrx_word' id='word_1_270' title='bbox 3150 740 3209 775; x_wconf 81' lang='grc' dir='ltr'><strong>τε</strong></span> <span class='ocrx_word' id='word_1_271' title='bbox 3231 723 3379 793; x_wconf 78' lang='grc' dir='ltr'>αὐτῷ</span> <span class='ocrx_word' id='word_1_272' title='bbox 3406 723 3678 792; x_wconf 80' lang='grc' dir='ltr'>φαίνεται,</span> 
     </span>
    </p>
   </div>
   <div class='ocr_carea' id='block_1_36' title="bbox 2103 810 3684 883">
    <p class='ocr_par' dir='ltr' id='par_1_36' title="bbox 2103 810 3684 883">
     <span class='ocr_line' id='line_1_36' title="bbox 2103 810 3684 883; baseline 0.003 -22"><span class='ocrx_word' id='word_1_273' title='bbox 2103 810 2200 863; x_wconf 75' lang='grc' dir='ltr'><strong>καὶ</strong></span> <span class='ocrx_word' id='word_1_274' title='bbox 2218 812 2331 873; x_wconf 88' lang='grc' dir='ltr'>τοῖς</span> <span class='ocrx_word' id='word_1_275' title='bbox 2354 810 2527 876; x_wconf 80' lang='grc' dir='ltr'><strong>ἁγίοις</strong></span> <span class='ocrx_word' id='word_1_276' title='bbox 2549 810 2904 874; x_wconf 80' lang='grc' dir='ltr'>ἀποστόλοις;</span> <span class='ocrx_word' id='word_1_277' title='bbox 2949 811 3395 865; x_wconf 84' lang='grc' dir='ltr'>Ἀποτετελέκασι</span> <span class='ocrx_word' id='word_1_278' title='bbox 3432 813 3539 883; x_wconf 89' lang='grc' dir='ltr'><strong>γάρ</strong></span> <span class='ocrx_word' id='word_1_279' title='bbox 3584 814 3684 867; x_wconf 79' lang='grc' dir='ltr'><strong>οὐκ</strong></span> 
     </span>
    </p>
   </div>
   <div class='ocr_carea' id='block_1_37' title="bbox 2107 901 3682 973">
    <p class='ocr_par' dir='ltr' id='par_1_37' title="bbox 2107 901 3682 973">
     <span class='ocr_line' id='line_1_37' title="bbox 2107 901 3682 973; baseline 0.001 -20"><span class='ocrx_word' id='word_1_280' title='bbox 2107 901 2214 972; x_wconf 73' lang='grc' dir='ltr'>ἰδίᾳ</span> <span class='ocrx_word' id='word_1_281' title='bbox 2262 902 2490 973; x_wconf 84' lang='grc' dir='ltr'><strong>δυνάμει</strong></span> <span class='ocrx_word' id='word_1_282' title='bbox 2528 903 2625 966; x_wconf 84' lang='grc' dir='ltr'>τὰς</span> <span class='ocrx_word' id='word_1_283' title='bbox 2665 903 3140 973; x_wconf 83' lang='grc' dir='ltr'>θαυματουργίας·</span> <span class='ocrx_word' id='word_1_284' title='bbox 3189 906 3284 957; x_wconf 76' lang='grc' dir='ltr'><strong>καὶ</strong></span> <span class='ocrx_word' id='word_1_285' title='bbox 3325 903 3486 957; x_wconf 85' lang='grc' dir='ltr'>τοῦτο</span> <span class='ocrx_word' id='word_1_286' title='bbox 3529 906 3682 957; x_wconf 69' lang='grc' dir='ltr'>αὐτοὶ</span> 
     </span>
    </p>
   </div>
   <div class='ocr_carea' id='block_1_38' title="bbox 2103 992 3684 1066">
    <p class='ocr_par' dir='ltr' id='par_1_38' title="bbox 2103 992 3684 1066">
     <span class='ocr_line' id='line_1_38' title="bbox 2103 992 3684 1066; baseline 0.001 -21"><span class='ocrx_word' id='word_1_287' title='bbox 2103 992 2459 1064; x_wconf 81' lang='grc' dir='ltr'><strong>ὡμολόγησαν</strong></span> <span class='ocrx_word' id='word_1_288' title='bbox 2484 993 2728 1064; x_wconf 80' lang='grc' dir='ltr'><strong>ἐναργῶς</strong></span> <span class='ocrx_word' id='word_1_289' title='bbox 2748 1012 2760 1023; x_wconf 92' lang='grc'><strong>·</strong></span> <span class='ocrx_word' id='word_1_290' title='bbox 2791 994 3113 1062; x_wconf 82' lang='grc' dir='ltr'>ἀξιάγαστοι</span> <span class='ocrx_word' id='word_1_291' title='bbox 3143 994 3251 1063; x_wconf 83' lang='grc' dir='ltr'>γὰρ</span> <span class='ocrx_word' id='word_1_292' title='bbox 3281 994 3383 1066; x_wconf 75' lang='grc' dir='ltr'><strong>[δὲι</strong></span> <span class='ocrx_word' id='word_1_293' title='bbox 3415 996 3504 1048; x_wconf 80' lang='grc' dir='ltr'><strong>καὶ</strong></span> <span class='ocrx_word' id='word_1_294' title='bbox 3526 995 3684 1046; x_wconf 81' lang='grc' dir='ltr'>τοῦτο</span> 
     </span>
    </p>
   </div>
   <div class='ocr_carea' id='block_1_39' title="bbox 2105 1079 3682 1152">
    <p class='ocr_par' dir='ltr' id='par_1_39' title="bbox 2105 1079 3682 1152">
     <span class='ocr_line' id='line_1_39' title="bbox 2105 1079 3682 1152; baseline 0.004 -21"><span class='ocrx_word' id='word_1_295' title='bbox 2105 1079 2327 1145; x_wconf 83' lang='grc' dir='ltr'>εἰδότες,</span> <span class='ocrx_word' id='word_1_296' title='bbox 2377 1080 2469 1133; x_wconf 80' lang='grc' dir='ltr'><strong>καὶ</strong></span> <span class='ocrx_word' id='word_1_297' title='bbox 2506 1080 2596 1134; x_wconf 84' lang='grc' dir='ltr'><strong>τὸν</strong></span> <span class='ocrx_word' id='word_1_298' title='bbox 2643 1084 2700 1135; x_wconf 89' lang='grc' dir='ltr'>ἐν</span> <span class='ocrx_word' id='word_1_299' title='bbox 2743 1083 2922 1146; x_wconf 74' lang='grc' dir='ltr'>αὐτοῖς</span> <span class='ocrx_word' id='word_1_300' title='bbox 2956 1083 3283 1152; x_wconf 78' lang='grc' dir='ltr'><strong>ἐνεργοῦντα</strong></span> <span class='ocrx_word' id='word_1_301' title='bbox 3330 1084 3682 1149; x_wconf 76' lang='grc' dir='ltr'>δοξάζοντες·</span> 
     </span>
    </p>
   </div>
   <div class='ocr_carea' id='block_1_40' title="bbox 2105 1168 3688 1246">
    <p class='ocr_par' dir='ltr' id='par_1_40' title="bbox 2105 1168 3688 1246">
     <span class='ocr_line' id='line_1_40' title="bbox 2105 1168 3688 1246; baseline 0.004 -24"><span class='ocrx_word' id='word_1_302' title='bbox 2105 1168 2224 1224; x_wconf 86' lang='grc' dir='ltr'>εἷτα</span> <span class='ocrx_word' id='word_1_303' title='bbox 2250 1173 2365 1235; x_wconf 89' lang='grc' dir='ltr'><strong>πῶς</strong></span> <span class='ocrx_word' id='word_1_304' title='bbox 2386 1172 2486 1226; x_wconf 81' lang='grc' dir='ltr'><strong>οὐκ</strong></span> <span class='ocrx_word' id='word_1_305' title='bbox 2514 1172 2620 1226; x_wconf 74' lang='grc' dir='ltr'>ἔδει</span> <span class='ocrx_word' id='word_1_306' title='bbox 2645 1174 2732 1226; x_wconf 76' lang='grc' dir='ltr'><strong>τὸν</strong></span> <span class='ocrx_word' id='word_1_307' title='bbox 2754 1174 3146 1245; x_wconf 87' lang='grc' dir='ltr'>ἐνεργούμενον</span> <span class='ocrx_word' id='word_1_308' title='bbox 3170 1175 3297 1246; x_wconf 74' lang='grc' dir='ltr'>παρ’</span> <span class='ocrx_word' id='word_1_309' title='bbox 3330 1175 3518 1246; x_wconf 89' lang='grc' dir='ltr'>ἐτέρου</span> <span class='ocrx_word' id='word_1_310' title='bbox 3544 1176 3688 1229; x_wconf 68' lang='grc' dir='ltr'>κατὰ</span> 
     </span>
    </p>
   </div>
   <div class='ocr_carea' id='block_1_41' title="bbox 2108 1263 3685 1337">
    <p class='ocr_par' dir='ltr' id='par_1_41' title="bbox 2108 1263 3685 1337">
     <span class='ocr_line' id='line_1_41' title="bbox 2108 1263 3685 1337; baseline 0.003 -23"><span class='ocrx_word' id='word_1_311' title='bbox 2108 1263 2168 1315; x_wconf 83' lang='grc' dir='ltr'><strong>σὲ</strong></span> <span class='ocrx_word' id='word_1_312' title='bbox 2202 1264 2453 1333; x_wconf 83' lang='grc' dir='ltr'>Χριστὸν,</span> <span class='ocrx_word' id='word_1_313' title='bbox 2487 1267 2581 1317; x_wconf 70' lang='grc' dir='ltr'><strong>καὶ</strong></span> <span class='ocrx_word' id='word_1_314' title='bbox 2618 1265 2849 1335; x_wconf 80' lang='grc' dir='ltr'><strong>θύραθεν</strong></span> <span class='ocrx_word' id='word_1_315' title='bbox 2883 1266 3074 1337; x_wconf 82' lang='grc' dir='ltr'>ἔχοντα</span> <span class='ocrx_word' id='word_1_316' title='bbox 3101 1267 3197 1337; x_wconf 85' lang='grc' dir='ltr'>τὴν</span> <span class='ocrx_word' id='word_1_317' title='bbox 3223 1266 3315 1320; x_wconf 83' lang='grc' dir='ltr'><strong>τοῦ</strong></span> <span class='ocrx_word' id='word_1_318' title='bbox 3349 1266 3685 1334; x_wconf 83' lang='grc' dir='ltr'>Μονογενοῦς</span> 
     </span>
    </p>
   </div>
   <div class='ocr_carea' id='block_1_42' title="bbox 2106 1353 3683 1427">
    <p class='ocr_par' dir='ltr' id='par_1_42' title="bbox 2106 1353 3683 1427">
     <span class='ocr_line' id='line_1_42' title="bbox 2106 1353 3683 1427; baseline 0.001 -22"><span class='ocrx_word' id='word_1_319' title='bbox 2106 1353 2370 1420; x_wconf 77' lang='grc' dir='ltr'>εὐδοξίαν,</span> <span class='ocrx_word' id='word_1_320' title='bbox 2399 1358 2510 1418; x_wconf 90' lang='grc' dir='ltr'>τοῖς</span> <span class='ocrx_word' id='word_1_321' title='bbox 2539 1354 2855 1427; x_wconf 74' lang='grc' dir='ltr'>προσιοῦσιν</span> <span class='ocrx_word' id='word_1_322' title='bbox 2879 1356 2954 1420; x_wconf 85' lang='grc' dir='ltr'>ὼς</span> <span class='ocrx_word' id='word_1_323' title='bbox 2986 1356 3127 1427; x_wconf 75' lang='grc' dir='ltr'>Θεῷ,</span> <span class='ocrx_word' id='word_1_324' title='bbox 3153 1358 3247 1410; x_wconf 69' lang='grc' dir='ltr'><strong>καὶ</strong></span> <span class='ocrx_word' id='word_1_325' title='bbox 3292 1356 3392 1425; x_wconf 89' lang='grc' dir='ltr'><strong>τῆς</strong></span> <span class='ocrx_word' id='word_1_326' title='bbox 3435 1356 3563 1424; x_wconf 85' lang='grc' dir='ltr'>παρ’</span> <span class='ocrx_word' id='word_1_327' title='bbox 3585 1354 3683 1407; x_wconf 77' lang='grc' dir='ltr'><strong>αὗ-</strong></span> 
     </span>
    </p>
   </div>
   <div class='ocr_carea' id='block_1_43' title="bbox 2105 1446 3686 1519">
    <p class='ocr_par' dir='ltr' id='par_1_43' title="bbox 2105 1446 3686 1519">
     <span class='ocr_line' id='line_1_43' title="bbox 2105 1446 3686 1519; baseline 0.001 -21"><span class='ocrx_word' id='word_1_328' title='bbox 2105 1446 2198 1499; x_wconf 89' lang='grc' dir='ltr'><strong>τοῦ</strong></span> <span class='ocrx_word' id='word_1_329' title='bbox 2240 1447 2579 1518; x_wconf 86' lang='grc' dir='ltr'>δεδεημένοις</span> <span class='ocrx_word' id='word_1_330' title='bbox 2623 1450 2944 1519; x_wconf 85' lang='grc' dir='ltr'>ἐπικουρίας</span> <span class='ocrx_word' id='word_1_331' title='bbox 2999 1450 3313 1517; x_wconf 85' lang='grc' dir='ltr'>ἐπιφωνεῖν,</span> <span class='ocrx_word' id='word_1_332' title='bbox 3349 1450 3406 1500; x_wconf 91' lang='grc' dir='ltr'><strong>ἐν</strong></span> <span class='ocrx_word' id='word_1_333' title='bbox 3457 1447 3686 1516; x_wconf 83' lang='grc' dir='ltr'>ὀνόματι</span> 
     </span>
    </p>
   </div>
   <div class='ocr_carea' id='block_1_44' title="bbox 2106 1537 3688 1612">
    <p class='ocr_par' dir='ltr' id='par_1_44' title="bbox 2106 1537 3688 1612">
     <span class='ocr_line' id='line_1_44' title="bbox 2106 1537 3688 1612; baseline 0.001 -22"><span class='ocrx_word' id='word_1_334' title='bbox 2106 1537 2199 1591; x_wconf 86' lang='grc' dir='ltr'><strong>τοῦ</strong></span> <span class='ocrx_word' id='word_1_335' title='bbox 2224 1539 2585 1607; x_wconf 85' lang='grc' dir='ltr'>Μονογενοῦς,</span> <span class='ocrx_word' id='word_1_336' title='bbox 2611 1542 2777 1611; x_wconf 76' lang='grc' dir='ltr'>ἤγουν</span> <span class='ocrx_word' id='word_1_337' title='bbox 2799 1544 2857 1594; x_wconf 82' lang='grc' dir='ltr'><strong>ἐν</strong></span> <span class='ocrx_word' id='word_1_338' title='bbox 2877 1542 3277 1612; x_wconf 85' lang='grc' dir='ltr'>δυνάμει,Τόδε</span> <span class='ocrx_word' id='word_1_339' title='bbox 3298 1540 3349 1595; x_wconf 88' lang='grc' dir='ltr'><strong>τί</strong></span> <span class='ocrx_word' id='word_1_340' title='bbox 3375 1557 3455 1593; x_wconf 92' lang='grc' dir='ltr'><strong>σοι</strong></span> <span class='ocrx_word' id='word_1_341' title='bbox 3479 1539 3688 1607; x_wconf 87' lang='grc' dir='ltr'>γένοιτο</span> 
     </span>
    </p>
   </div>
   <div class='ocr_carea' id='block_1_45' title="bbox 2107 1629 3684 1704">
    <p class='ocr_par' dir='ltr' id='par_1_45' title="bbox 2107 1629 3684 1704">
     <span class='ocr_line' id='line_1_45' title="bbox 2107 1629 3684 1704; baseline 0.001 -23"><span class='ocrx_word' id='word_1_342' title='bbox 2107 1629 2218 1683; x_wconf 87' lang='grc' dir='ltr'><strong>τῶν</strong></span> <span class='ocrx_word' id='word_1_343' title='bbox 2245 1630 2500 1698; x_wconf 85' lang='grc' dir='ltr'>ἀγαθῶν;</span> <span class='ocrx_word' id='word_1_344' title='bbox 2525 1631 2682 1685; x_wconf 90' lang='grc' dir='ltr'>τοῦτο</span> <span class='ocrx_word' id='word_1_345' title='bbox 2708 1632 2817 1703; x_wconf 90' lang='grc' dir='ltr'><strong>γάρ</strong></span> <span class='ocrx_word' id='word_1_346' title='bbox 2848 1633 3017 1704; x_wconf 79' lang='grc' dir='ltr'>ἔδρων</span> <span class='ocrx_word' id='word_1_347' title='bbox 3042 1635 3092 1687; x_wconf 83' lang='grc' dir='ltr'>οἱ</span> <span class='ocrx_word' id='word_1_348' title='bbox 3123 1636 3387 1702; x_wconf 78' lang='grc' dir='ltr'>πάνσοφοι</span> <span class='ocrx_word' id='word_1_349' title='bbox 3422 1631 3684 1703; x_wconf 67' lang='grc' dir='ltr'>μαθηταὶ,</span> 
     </span>
    </p>
   </div>
   <div class='ocr_carea' id='block_1_46' title="bbox 2121 1717 3689 1797">
    <p class='ocr_par' dir='ltr' id='par_1_46' title="bbox 2121 1717 3689 1797">
     <span class='ocr_line' id='line_1_46' title="bbox 2121 1717 3689 1797; baseline 0 -22"><span class='ocrx_word' id='word_1_350' title='bbox 2121 1717 2327 1792; x_wconf 84' lang='grc' dir='ltr'>Ἰησοῦν</span> <span class='ocrx_word' id='word_1_351' title='bbox 2352 1724 2442 1777; x_wconf 83' lang='grc' dir='ltr'>τὸν</span> <span class='ocrx_word' id='word_1_352' title='bbox 2464 1726 2528 1778; x_wconf 87' lang='grc' dir='ltr'>ὲκ</span> <span class='ocrx_word' id='word_1_353' title='bbox 2558 1725 2812 1796; x_wconf 77' lang='grc' dir='ltr'>Ναζαρὲτ</span> <span class='ocrx_word' id='word_1_354' title='bbox 2840 1726 3197 1797; x_wconf 78' lang='grc' dir='ltr'>ὀνομάζοντες</span> <span class='ocrx_word' id='word_1_355' title='bbox 3222 1725 3517 1795; x_wconf 79' lang='grc' dir='ltr'>πανταχοῦ.</span> <span class='ocrx_word' id='word_1_356' title='bbox 3534 1723 3689 1776; x_wconf 84' lang='grc' dir='ltr'>Ἀλλ’</span> 
     </span>
    </p>
   </div>
   <div class='ocr_carea' id='block_1_47' title="bbox 2110 1811 3689 1886">
    <p class='ocr_par' dir='ltr' id='par_1_47' title="bbox 2110 1811 3689 1886">
     <span class='ocr_line' id='line_1_47' title="bbox 2110 1811 3689 1886; baseline -0.001 -22"><span class='ocrx_word' id='word_1_357' title='bbox 2110 1812 2286 1864; x_wconf 73' lang='grc' dir='ltr'>οὐδενὶ</span> <span class='ocrx_word' id='word_1_358' title='bbox 2328 1813 2424 1882; x_wconf 80' lang='grc' dir='ltr'><strong>μὲν</strong></span> <span class='ocrx_word' id='word_1_359' title='bbox 2455 1814 2612 1867; x_wconf 88' lang='grc' dir='ltr'>τοῦτο</span> <span class='ocrx_word' id='word_1_360' title='bbox 2638 1814 3079 1886; x_wconf 85' lang='grc' dir='ltr'>προσπεφώνηκε</span> <span class='ocrx_word' id='word_1_361' title='bbox 3111 1814 3417 1876; x_wconf 82' lang='grc' dir='ltr'>παντελῶς·</span> <span class='ocrx_word' id='word_1_362' title='bbox 3453 1811 3689 1866; x_wconf 78' lang='grc' dir='ltr'>ἀνετίθει</span> 
     </span>
    </p>
   </div>
   <div class='ocr_carea' id='block_1_48' title="bbox 2111 1901 3687 1976">
    <p class='ocr_par' dir='ltr' id='par_1_48' title="bbox 2111 1901 3687 1976">
     <span class='ocr_line' id='line_1_48' title="bbox 2111 1901 3687 1976; baseline 0 -22"><span class='ocrx_word' id='word_1_363' title='bbox 2111 1901 2168 1954; x_wconf 74' lang='grc' dir='ltr'>δὲ</span> <span class='ocrx_word' id='word_1_364' title='bbox 2198 1902 2401 1973; x_wconf 84' lang='grc' dir='ltr'>μᾶλλον</span> <span class='ocrx_word' id='word_1_365' title='bbox 2436 1903 2542 1975; x_wconf 79' lang='grc' dir='ltr'>ἰδίᾳ</span> <span class='ocrx_word' id='word_1_366' title='bbox 2578 1904 2803 1973; x_wconf 77' lang='grc' dir='ltr'>δυνάμει</span> <span class='ocrx_word' id='word_1_367' title='bbox 2835 1904 2907 1959; x_wconf 86' lang='grc' dir='ltr'>τὰ</span> <span class='ocrx_word' id='word_1_368' title='bbox 2941 1905 3379 1976; x_wconf 84' lang='grc' dir='ltr'>κατορθούμενα·</span> <span class='ocrx_word' id='word_1_369' title='bbox 3411 1903 3540 1957; x_wconf 79' lang='grc' dir='ltr'>ποτὲ</span> <span class='ocrx_word' id='word_1_370' title='bbox 3589 1901 3687 1970; x_wconf 80' lang='grc' dir='ltr'>μὲν</span> 
     </span>
    </p>
   </div>
   <div class='ocr_carea' id='block_1_49' title="bbox 2111 1993 3690 2065">
    <p class='ocr_par' dir='ltr' id='par_1_49' title="bbox 2111 1993 3690 2065">
     <span class='ocr_line' id='line_1_49' title="bbox 2111 1993 3690 2065; baseline 0.001 -19"><span class='ocrx_word' id='word_1_371' title='bbox 2111 1993 2287 2060; x_wconf 87' lang='grc' dir='ltr'>λέγων</span> <span class='ocrx_word' id='word_1_372' title='bbox 2332 1998 2443 2059; x_wconf 88' lang='grc' dir='ltr'>τοῖς</span> <span class='ocrx_word' id='word_1_373' title='bbox 2486 1997 2726 2065; x_wconf 83' lang='grc' dir='ltr'>τυφλοῖς,</span> <span class='ocrx_word' id='word_1_374' title='bbox 2765 2017 2783 2049; x_wconf 74' lang='grc' dir='ltr'><strong>ι</strong></span> <span class='ocrx_word' id='word_1_375' title='bbox 2814 1998 3105 2051; x_wconf 82' lang='grc' dir='ltr'>Πιστεύετε</span> <span class='ocrx_word' id='word_1_376' title='bbox 3146 1998 3229 2050; x_wconf 78' lang='grc' dir='ltr'>ὅτι</span> <span class='ocrx_word' id='word_1_377' title='bbox 3267 1995 3504 2065; x_wconf 80' lang='grc' dir='ltr'>δύναμαι</span> <span class='ocrx_word' id='word_1_378' title='bbox 3530 1993 3690 2047; x_wconf 87' lang='grc' dir='ltr'>τοῦτο</span> 
     </span>
    </p>
   </div>
   <div class='ocr_carea' id='block_1_50' title="bbox 2114 2088 3690 2158">
    <p class='ocr_par' dir='ltr' id='par_1_50' title="bbox 2114 2088 3690 2158">
     <span class='ocr_line' id='line_1_50' title="bbox 2114 2088 3690 2158; baseline -0.001 -18"><span class='ocrx_word' id='word_1_379' title='bbox 2114 2089 2371 2158; x_wconf 84' lang='grc' dir='ltr'>ποιῆσαι;</span> <span class='ocrx_word' id='word_1_380' title='bbox 2405 2109 2423 2142; x_wconf 83' lang='grc'>›</span> <span class='ocrx_word' id='word_1_381' title='bbox 2452 2089 2546 2143; x_wconf 77' lang='grc' dir='ltr'><strong>καὶ</strong></span> <span class='ocrx_word' id='word_1_382' title='bbox 2572 2091 2672 2158; x_wconf 82' lang='grc' dir='ltr'><strong>τὴν</strong></span> <span class='ocrx_word' id='word_1_383' title='bbox 2698 2092 3004 2144; x_wconf 89' lang='grc' dir='ltr'>συναίνεσιν</span> <span class='ocrx_word' id='word_1_384' title='bbox 3030 2090 3301 2145; x_wconf 85' lang='grc' dir='ltr'>ἀπαιτῶν·</span> <span class='ocrx_word' id='word_1_385' title='bbox 3328 2090 3458 2143; x_wconf 81' lang='grc' dir='ltr'>ποτὲ</span> <span class='ocrx_word' id='word_1_386' title='bbox 3478 2088 3533 2141; x_wconf 84' lang='grc' dir='ltr'>δὲ</span> <span class='ocrx_word' id='word_1_387' title='bbox 3563 2088 3690 2157; x_wconf 84' lang='grc' dir='ltr'>μετ’</span> 
     </span>
    </p>
   </div>
   <div class='ocr_carea' id='block_1_51' title="bbox 2113 2178 3688 2253">
    <p class='ocr_par' dir='ltr' id='par_1_51' title="bbox 2113 2178 3688 2253">
     <span class='ocr_line' id='line_1_51' title="bbox 2113 2178 3688 2253; baseline 0 -23"><span class='ocrx_word' id='word_1_388' title='bbox 2113 2178 2361 2241; x_wconf 79' lang='grc' dir='ltr'>ἐξουσίας</span> <span class='ocrx_word' id='word_1_389' title='bbox 2411 2180 2658 2233; x_wconf 84' lang='grc' dir='ltr'>ἀπαιτῶν</span> <span class='ocrx_word' id='word_1_390' title='bbox 2711 2179 2834 2250; x_wconf 57' lang='lat' dir='ltr'><strong>[lca</strong></span> <span class='ocrx_word' id='word_1_391' title='bbox 2866 2180 3166 2253; x_wconf 78' lang='grc' dir='ltr'>παρέλκει]</span> <span class='ocrx_word' id='word_1_392' title='bbox 3220 2180 3415 2248; x_wconf 87' lang='grc' dir='ltr'>λέγων,</span> <span class='ocrx_word' id='word_1_393' title='bbox 3470 2178 3688 2239; x_wconf 69' lang='grc' dir='ltr'>«Θέλω,</span> 
     </span>
    </p>
   </div>
   <div class='ocr_carea' id='block_1_52' title="bbox 2114 2267 3692 2341">
    <p class='ocr_par' dir='ltr' id='par_1_52' title="bbox 2114 2267 3692 2341">
     <span class='ocr_line' id='line_1_52' title="bbox 2114 2267 3692 2341; baseline -0.001 -20"><span class='ocrx_word' id='word_1_394' title='bbox 2114 2268 2508 2340; x_wconf 80' lang='grc' dir='ltr'>καθαρίσθητι·</span> <span class='ocrx_word' id='word_1_395' title='bbox 2539 2289 2556 2320; x_wconf 74' lang='grc' dir='ltr'><strong>ι</strong></span> <span class='ocrx_word' id='word_1_396' title='bbox 2588 2270 2639 2323; x_wconf 89' lang='grc' dir='ltr'><strong>τί</strong></span> <span class='ocrx_word' id='word_1_397' title='bbox 2681 2271 2755 2341; x_wconf 80' lang='grc' dir='ltr'>μὴ</span> <span class='ocrx_word' id='word_1_398' title='bbox 2779 2271 2974 2341; x_wconf 76' lang='grc' dir='ltr'>παρεὶς</span> <span class='ocrx_word' id='word_1_399' title='bbox 3000 2272 3067 2323; x_wconf 78' lang='grc' dir='ltr'><strong>τά</strong></span> <span class='ocrx_word' id='word_1_400' title='bbox 3094 2270 3276 2339; x_wconf 84' lang='grc' dir='ltr'>σαυτῴ</span> <span class='ocrx_word' id='word_1_401' title='bbox 3309 2286 3367 2322; x_wconf 88' lang='grc' dir='ltr'><strong>τε</strong></span> <span class='ocrx_word' id='word_1_402' title='bbox 3407 2269 3502 2322; x_wconf 59' lang='grc' dir='ltr'><strong>καὶ⁸</strong></span> <span class='ocrx_word' id='word_1_403' title='bbox 3545 2267 3692 2337; x_wconf 83' lang='grc' dir='ltr'>μόνῳ</span> 
     </span>
    </p>
   </div>
   <div class='ocr_carea' id='block_1_53' title="bbox 2114 2356 3691 2434">
    <p class='ocr_par' dir='ltr' id='par_1_53' title="bbox 2114 2356 3691 2434">
     <span class='ocr_line' id='line_1_53' title="bbox 2114 2356 3691 2434; baseline 0 -23"><span class='ocrx_word' id='word_1_404' title='bbox 2114 2360 2455 2431; x_wconf 79' lang='grc' dir='ltr'>ἐξευρημένα</span> <span class='ocrx_word' id='word_1_405' title='bbox 2479 2363 2809 2434; x_wconf 85' lang='grc' dir='ltr'>γραοπρεπῆ</span> <span class='ocrx_word' id='word_1_406' title='bbox 2846 2361 3081 2433; x_wconf 80' lang='grc' dir='ltr'>μυθάρια</span> <span class='ocrx_word' id='word_1_407' title='bbox 3112 2364 3247 2431; x_wconf 79' lang='grc' dir='ltr'>σοφῇ</span> <span class='ocrx_word' id='word_1_408' title='bbox 3273 2360 3477 2430; x_wconf 81' lang='grc' dir='ltr'>διανοίᾳ</span> <span class='ocrx_word' id='word_1_409' title='bbox 3502 2358 3566 2412; x_wconf 81' lang='grc' dir='ltr'>τὸ</span> <span class='ocrx_word' id='word_1_410' title='bbox 3597 2356 3691 2411; x_wconf 86' lang='grc' dir='ltr'><strong>τοῦ</strong></span> 
     </span>
    </p>
   </div>
   <div class='ocr_carea' id='block_1_54' title="bbox 2119 2451 3692 2525">
    <p class='ocr_par' dir='ltr' id='par_1_54' title="bbox 2119 2451 3692 2525">
     <span class='ocr_line' id='line_1_54' title="bbox 2119 2451 3692 2525; baseline 0.001 -24"><span class='ocrx_word' id='word_1_411' title='bbox 2119 2452 2421 2520; x_wconf 78' lang='grc' dir='ltr'>μυστηρίου</span> <span class='ocrx_word' id='word_1_412' title='bbox 2453 2453 2791 2525; x_wconf 79' lang='grc' dir='ltr'>περιεργὰζη</span> <span class='ocrx_word' id='word_1_413' title='bbox 2832 2453 3027 2522; x_wconf 86' lang='grc' dir='ltr'>βάθος;</span> <span class='ocrx_word' id='word_1_414' title='bbox 3069 2453 3183 2506; x_wconf 85' lang='grc' dir='ltr'>ἀλλ’</span> <span class='ocrx_word' id='word_1_415' title='bbox 3224 2452 3371 2505; x_wconf 78' lang='grc' dir='ltr'>ἔστιν</span> <span class='ocrx_word' id='word_1_416' title='bbox 3417 2452 3565 2515; x_wconf 81' lang='grc' dir='ltr'>ἰδεῖν,</span> <span class='ocrx_word' id='word_1_417' title='bbox 3610 2451 3692 2503; x_wconf 77' lang='grc' dir='ltr'>ὅτι</span> 
     </span>
    </p>
   </div>
   <div class='ocr_carea' id='block_1_55' title="bbox 2115 2539 3692 2614">
    <p class='ocr_par' dir='ltr' id='par_1_55' title="bbox 2115 2539 3692 2614">
     <span class='ocr_line' id='line_1_55' title="bbox 2115 2539 3692 2614; baseline -0.001 -21"><span class='ocrx_word' id='word_1_418' title='bbox 2115 2542 2220 2595; x_wconf 76' lang='grc' dir='ltr'><strong>τῶν</strong></span> <span class='ocrx_word' id='word_1_419' title='bbox 2252 2542 2351 2612; x_wconf 89' lang='grc' dir='ltr'><strong>μέν</strong></span> <span class='ocrx_word' id='word_1_420' title='bbox 2380 2544 2693 2610; x_wconf 85' lang='grc' dir='ltr'>ἀναγκαίων</span> <span class='ocrx_word' id='word_1_421' title='bbox 2716 2545 2793 2603; x_wconf 81' lang='grc' dir='ltr'><strong>εἰς</strong></span> <span class='ocrx_word' id='word_1_422' title='bbox 2814 2542 3018 2614; x_wconf 74' lang='grc' dir='ltr'>ὄνησιν,</span> <span class='ocrx_word' id='word_1_423' title='bbox 3044 2542 3220 2610; x_wconf 83' lang='grc' dir='ltr'>ὀλίγος</span> <span class='ocrx_word' id='word_1_424' title='bbox 3243 2541 3391 2611; x_wconf 84' lang='grc' dir='ltr'>αὑτῷ</span> <span class='ocrx_word' id='word_1_425' title='bbox 3416 2539 3692 2603; x_wconf 82' lang='grc' dir='ltr'>παντελῶς</span> 
     </span>
    </p>
   </div>
   <div class='ocr_carea' id='block_1_56' title="bbox 2114 2632 3693 2706">
    <p class='ocr_par' dir='ltr' id='par_1_56' title="bbox 2114 2632 3693 2706">
     <span class='ocr_line' id='line_1_56' title="bbox 2114 2632 3693 2706; baseline -0.002 -19"><span class='ocrx_word' id='word_1_426' title='bbox 2114 2638 2141 2687; x_wconf 86' lang='grc' dir='ltr'>ὁ</span> <span class='ocrx_word' id='word_1_427' title='bbox 2173 2634 2329 2703; x_wconf 85' lang='grc' dir='ltr'>λόγος</span> <span class='ocrx_word' id='word_1_428' title='bbox 2349 2652 2360 2663; x_wconf 87' lang='grc'><strong>·</strong></span> <span class='ocrx_word' id='word_1_429' title='bbox 2393 2635 2527 2688; x_wconf 87' lang='grc' dir='ltr'>δέδιε</span> <span class='ocrx_word' id='word_1_430' title='bbox 2572 2634 2842 2705; x_wconf 82' lang='grc' dir='ltr'>δὲῶσπερ</span> <span class='ocrx_word' id='word_1_431' title='bbox 2884 2635 2958 2706; x_wconf 84' lang='grc' dir='ltr'>μὴ</span> <span class='ocrx_word' id='word_1_432' title='bbox 2988 2635 3094 2706; x_wconf 83' lang='grc' dir='ltr'>ἄρα</span> <span class='ocrx_word' id='word_1_433' title='bbox 3126 2652 3179 2687; x_wconf 90' lang='grc' dir='ltr'><strong>τι</strong></span> <span class='ocrx_word' id='word_1_434' title='bbox 3211 2634 3305 2688; x_wconf 76' lang='grc' dir='ltr'><strong>καὶ</strong></span> <span class='ocrx_word' id='word_1_435' title='bbox 3334 2634 3442 2687; x_wconf 87' lang='grc' dir='ltr'><strong>τῶν</strong></span> <span class='ocrx_word' id='word_1_436' title='bbox 3474 2632 3693 2700; x_wconf 82' lang='grc' dir='ltr'>ἀληθῶν</span> 
     </span>
    </p>
   </div>
   <div class='ocr_carea' id='block_1_57' title="bbox 2117 2725 3693 2800">
    <p class='ocr_par' dir='ltr' id='par_1_57' title="bbox 2117 2725 3693 2800">
     <span class='ocr_line' id='line_1_57' title="bbox 2117 2725 3693 2800; baseline -0.002 -20"><span class='ocrx_word' id='word_1_437' title='bbox 2117 2725 2586 2797; x_wconf 77' lang='grc' dir='ltr'>παραφθέγξαιτο·</span> <span class='ocrx_word' id='word_1_438' title='bbox 2628 2727 2805 2781; x_wconf 82' lang='grc' dir='ltr'>καίτοι</span> <span class='ocrx_word' id='word_1_439' title='bbox 2844 2727 2951 2800; x_wconf 74' lang='grc' dir='ltr'><strong>[τσ.</strong></span> <span class='ocrx_word' id='word_1_440' title='bbox 2992 2729 3084 2780; x_wconf 79' lang='grc' dir='ltr'><strong>καί</strong></span> <span class='ocrx_word' id='word_1_441' title='bbox 3107 2727 3190 2798; x_wconf 87' lang='grc' dir='ltr'>τε]</span> <span class='ocrx_word' id='word_1_442' title='bbox 3227 2728 3340 2780; x_wconf 90' lang='grc' dir='ltr'><strong>τῶν</strong></span> <span class='ocrx_word' id='word_1_443' title='bbox 3368 2725 3693 2795; x_wconf 79' lang='grc' dir='ltr'>ἐπαινουμέ-</span> 
     </span>
    </p>
   </div>
   <div class='ocr_carea' id='block_1_58' title="bbox 2116 2815 3700 2888">
    <p class='ocr_par' dir='ltr' id='par_1_58' title="bbox 2116 2815 3700 2888">
     <span class='ocr_line' id='line_1_58' title="bbox 2116 2815 3700 2888; baseline -0.001 -19"><span class='ocrx_word' id='word_1_444' title='bbox 2116 2834 2223 2869; x_wconf 89' lang='grc' dir='ltr'>νων</span> <span class='ocrx_word' id='word_1_445' title='bbox 2273 2816 2424 2884; x_wconf 82' lang='grc' dir='ltr'>ἁλοίη</span> <span class='ocrx_word' id='word_1_446' title='bbox 2473 2817 2858 2888; x_wconf 72' lang='grc' dir='ltr'>πεφρονηκώς·</span> <span class='ocrx_word' id='word_1_447' title='bbox 2909 2817 3080 2871; x_wconf 80' lang='grc' dir='ltr'>οἴεται</span> <span class='ocrx_word' id='word_1_448' title='bbox 3120 2818 3176 2871; x_wconf 86' lang='grc' dir='ltr'>δὲ</span> <span class='ocrx_word' id='word_1_449' title='bbox 3225 2819 3333 2871; x_wconf 83' lang='grc' dir='ltr'><strong>πᾶν</strong></span> <span class='ocrx_word' id='word_1_450' title='bbox 3375 2816 3550 2870; x_wconf 80' lang='grc' dir='ltr'>ὁτιοῦν</span> <span class='ocrx_word' id='word_1_451' title='bbox 3586 2815 3700 2868; x_wconf 82' lang='grc' dir='ltr'><strong>τῶν</strong></span> 
     </span>
    </p>
   </div>
   <div class='ocr_carea' id='block_1_59' title="bbox 2116 2906 3696 2979">
    <p class='ocr_par' dir='ltr' id='par_1_59' title="bbox 2116 2906 3696 2979">
     <span class='ocr_line' id='line_1_59' title="bbox 2116 2906 3696 2979; baseline 0.002 -21"><span class='ocrx_word' id='word_1_452' title='bbox 2116 2906 2532 2977; x_wconf 85' lang='grc' dir='ltr'>ἁπηχεστάτων,</span> <span class='ocrx_word' id='word_1_453' title='bbox 2565 2909 2659 2961; x_wconf 78' lang='grc' dir='ltr'><strong>καὶ</strong></span> <span class='ocrx_word' id='word_1_454' title='bbox 2684 2908 3069 2962; x_wconf 85' lang='grc' dir='ltr'>ἀκατάσκοπον</span> <span class='ocrx_word' id='word_1_455' title='bbox 3099 2910 3295 2979; x_wconf 88' lang='grc' dir='ltr'>κομιδῆ</span> <span class='ocrx_word' id='word_1_456' title='bbox 3321 2907 3429 2961; x_wconf 87' lang='grc' dir='ltr'><strong>τῶν</strong></span> <span class='ocrx_word' id='word_1_457' title='bbox 3452 2908 3551 2977; x_wconf 87' lang='grc' dir='ltr'><strong>τῆς</strong></span> <span class='ocrx_word' id='word_1_458' title='bbox 3579 2906 3696 2960; x_wconf 87' lang='grc' dir='ltr'><strong>Ἑκ-</strong></span> 
     </span>
    </p>
   </div>
   <div class='ocr_carea' id='block_1_60' title="bbox 2119 3000 3697 3073">
    <p class='ocr_par' dir='ltr' id='par_1_60' title="bbox 2119 3000 3697 3073">
     <span class='ocr_line' id='line_1_60' title="bbox 2119 3000 3697 3073; baseline 0.001 -22"><span class='ocrx_word' id='word_1_459' title='bbox 2119 3000 2347 3069; x_wconf 86' lang='grc' dir='ltr'>κλησίας</span> <span class='ocrx_word' id='word_1_460' title='bbox 2375 3001 2658 3070; x_wconf 88' lang='grc' dir='ltr'>δογμάτων</span> <span class='ocrx_word' id='word_1_461' title='bbox 2688 3004 2922 3054; x_wconf 82' lang='grc' dir='ltr'>ποιεῖται</span> <span class='ocrx_word' id='word_1_462' title='bbox 2972 3000 3070 3072; x_wconf 76' lang='grc' dir='ltr'>τὴν</span> <span class='ocrx_word' id='word_1_463' title='bbox 3114 3002 3485 3073; x_wconf 74' lang='grc' dir='ltr'>κατάῤῥησιν·</span> <span class='ocrx_word' id='word_1_464' title='bbox 3519 3000 3697 3054; x_wconf 80' lang='grc' dir='ltr'>καίτοι</span> 
     </span>
    </p>
   </div>
   <div class='ocr_carea' id='block_1_61' title="bbox 442 3087 2016 3182">
    <p class='ocr_par' dir='ltr' id='par_1_61' title="bbox 442 3087 2012 3162">
     <span class='ocr_line' id='line_1_61' title="bbox 442 3087 2012 3162; baseline -0.008 -12"><span class='ocrx_word' id='word_1_465' title='bbox 442 3095 657 3161; x_wconf 87' lang='lat' dir='ltr'><strong>borum,</strong></span> <span class='ocrx_word' id='word_1_466' title='bbox 687 3090 990 3162; x_wconf 65' lang='lat' dir='ltr'><strong>praepositis</strong></span> <span class='ocrx_word' id='word_1_467' title='bbox 1028 3087 1374 3145; x_wconf 87' lang='lat' dir='ltr'><strong>rationalium</strong></span> <span class='ocrx_word' id='word_1_468' title='bbox 1424 3103 1647 3157; x_wconf 84' lang='lat' dir='ltr'><strong>gregum</strong></span> <span class='ocrx_word' id='word_1_469' title='bbox 1702 3100 1797 3154; x_wconf 91' lang='lat' dir='ltr'><strong>per</strong></span> <span class='ocrx_word' id='word_1_470' title='bbox 1826 3100 2012 3138; x_wconf 90' lang='lat' dir='ltr'><strong>vocem</strong></span> 
     </span>
    </p>
   </div>
   <div class='ocr_carea' id='block_1_62' title="bbox 2119 3087 3697 3182">
    <p class='ocr_par' dir='ltr' id='par_1_62' title="bbox 2122 3090 3697 3162">
     <span class='ocr_line' id='line_1_62' title="bbox 2122 3090 3697 3162; baseline -0.001 -19"><span class='ocrx_word' id='word_1_471' title='bbox 2122 3090 2429 3162; x_wconf 82' lang='grc' dir='ltr'>μεμνῆσθαι</span> <span class='ocrx_word' id='word_1_472' title='bbox 2468 3092 2583 3144; x_wconf 83' lang='grc' dir='ltr'>δέον</span> <span class='ocrx_word' id='word_1_473' title='bbox 2605 3092 2767 3144; x_wconf 83' lang='grc' dir='ltr'>αὑτὸν</span> <span class='ocrx_word' id='word_1_474' title='bbox 2787 3091 2921 3145; x_wconf 83' lang='grc' dir='ltr'>Θεοῦ</span> <span class='ocrx_word' id='word_1_475' title='bbox 2942 3091 3189 3160; x_wconf 85' lang='grc' dir='ltr'>λέγοντος</span> <span class='ocrx_word' id='word_1_476' title='bbox 3211 3091 3297 3144; x_wconf 83' lang='grc' dir='ltr'><strong>διὰ</strong></span> <span class='ocrx_word' id='word_1_477' title='bbox 3327 3092 3510 3161; x_wconf 80' lang='grc' dir='ltr'>φωνῆς</span> <span class='ocrx_word' id='word_1_478' title='bbox 3540 3091 3697 3154; x_wconf 64' lang='grc' dir='ltr'>Ἰεζεςι</span> 
     </span>
    </p>
   </div>
   <div class='ocr_carea' id='block_1_63' title="bbox 442 3179 2014 3250">
    <p class='ocr_par' dir='ltr' id='par_1_63' title="bbox 442 3179 2014 3250">
     <span class='ocr_line' id='line_1_63' title="bbox 442 3179 2014 3250; baseline -0.008 -9"><span class='ocrx_word' id='word_1_479' title='bbox 442 3186 694 3241; x_wconf 82' lang='lat' dir='ltr'><strong>Ezechiel</strong></span> <span class='ocrx_word' id='word_1_480' title='bbox 726 3186 992 3240; x_wconf 87' lang='lat' dir='ltr'><strong>dicentis:</strong></span> <span class='ocrx_word' id='word_1_481' title='bbox 1033 3201 1052 3235; x_wconf 76' lang='grc' dir='ltr'><strong>ι</strong></span> <span class='ocrx_word' id='word_1_482' title='bbox 1122 3181 1386 3237; x_wconf 65' lang='lat' dir='ltr'><strong>Praeclara</strong></span> <span class='ocrx_word' id='word_1_483' title='bbox 1438 3194 1634 3250; x_wconf 89' lang='lat' dir='ltr'><strong>pascua</strong></span> <span class='ocrx_word' id='word_1_484' title='bbox 1684 3179 2014 3247; x_wconf 87' lang='lat' dir='ltr'><strong>depasceba-</strong></span> 
     </span>
    </p>
   </div>
   <div class='ocr_carea' id='block_1_64' title="bbox 443 3272 2018 3347">
    <p class='ocr_par' dir='ltr' id='par_1_64' title="bbox 443 3272 2018 3347">
     <span class='ocr_line' id='line_1_64' title="bbox 443 3272 2018 3347; baseline -0.01 -13"><span class='ocrx_word' id='word_1_485' title='bbox 443 3280 596 3344; x_wconf 86' lang='lat' dir='ltr'><strong>mini,</strong></span> <span class='ocrx_word' id='word_1_486' title='bbox 649 3287 703 3333; x_wconf 88' lang='lat' dir='ltr'><strong>et</strong></span> <span class='ocrx_word' id='word_1_487' title='bbox 750 3292 946 3347; x_wconf 89' lang='lat' dir='ltr'><strong>aquam</strong></span> <span class='ocrx_word' id='word_1_488' title='bbox 1006 3276 1394 3331; x_wconf 88' lang='lat' dir='ltr'><strong>consistentem</strong></span> <span class='ocrx_word' id='word_1_489' title='bbox 1451 3272 1717 3327; x_wconf 84' lang='lat' dir='ltr'><strong>bibebatis</strong></span> <span class='ocrx_word' id='word_1_490' title='bbox 1746 3287 1760 3329; x_wconf 87' lang='lat'>;</span> <span class='ocrx_word' id='word_1_491' title='bbox 1794 3282 1849 3324; x_wconf 92' lang='lat' dir='ltr'><strong>et</strong></span> <span class='ocrx_word' id='word_1_492' title='bbox 1892 3272 2018 3325; x_wconf 80' lang='lat' dir='ltr'><strong>reli-</strong></span> 
     </span>
    </p>
   </div>
   <div class='ocr_carea' id='block_1_65' title="bbox 443 3367 2018 3443">
    <p class='ocr_par' dir='ltr' id='par_1_65' title="bbox 443 3367 2018 3443">
     <span class='ocr_line' id='line_1_65' title="bbox 443 3367 2018 3443; baseline -0.007 -18"><span class='ocrx_word' id='word_1_493' title='bbox 443 3389 604 3443; x_wconf 85' lang='lat' dir='ltr'><strong>quam</strong></span> <span class='ocrx_word' id='word_1_494' title='bbox 633 3370 935 3426; x_wconf 84' lang='lat' dir='ltr'><strong>turbabatis</strong></span> <span class='ocrx_word' id='word_1_495' title='bbox 959 3369 1183 3437; x_wconf 86' lang='lat' dir='ltr'><strong>pedibus</strong></span> <span class='ocrx_word' id='word_1_496' title='bbox 1211 3367 1428 3431; x_wconf 87' lang='lat' dir='ltr'><strong>vestris,</strong></span> <span class='ocrx_word' id='word_1_497' title='bbox 1468 3376 1522 3419; x_wconf 87' lang='lat' dir='ltr'><strong>et</strong></span> <span class='ocrx_word' id='word_1_498' title='bbox 1567 3379 1697 3418; x_wconf 84' lang='lat' dir='ltr'><strong>oves</strong></span> <span class='ocrx_word' id='word_1_499' title='bbox 1729 3378 1860 3416; x_wconf 69' lang='lat' dir='ltr'><strong>mete</strong></span> <span class='ocrx_word' id='word_1_500' title='bbox 1888 3378 2018 3416; x_wconf 87' lang='lat' dir='ltr'><strong>con-</strong></span> 
     </span>
    </p>
   </div>
   <div class='ocr_carea' id='block_1_66' title="bbox 444 3454 2017 3533">
    <p class='ocr_par' dir='ltr' id='par_1_66' title="bbox 444 3454 2017 3533">
     <span class='ocr_line' id='line_1_66' title="bbox 444 3454 2017 3533; baseline -0.009 -14"><span class='ocrx_word' id='word_1_501' title='bbox 444 3465 664 3519; x_wconf 68' lang='lat' dir='ltr'><strong>culcata:</strong></span> <span class='ocrx_word' id='word_1_502' title='bbox 688 3462 913 3533; x_wconf 84' lang='lat' dir='ltr'><strong>pedibus</strong></span> <span class='ocrx_word' id='word_1_503' title='bbox 953 3461 1150 3514; x_wconf 88' lang='lat' dir='ltr'><strong>vestris</strong></span> <span class='ocrx_word' id='word_1_504' title='bbox 1180 3457 1629 3527; x_wconf 85' lang='lat' dir='ltr'><strong>dcpascebantur,</strong></span> <span class='ocrx_word' id='word_1_505' title='bbox 1660 3466 1711 3507; x_wconf 93' lang='lat' dir='ltr'><strong>et</strong></span> <span class='ocrx_word' id='word_1_506' title='bbox 1748 3454 2017 3507; x_wconf 85' lang='lat' dir='ltr'><strong>turbatam</strong></span> 
     </span>
    </p>
   </div>
   <div class='ocr_carea' id='block_1_67' title="bbox 443 3542 2016 3625">
    <p class='ocr_par' dir='ltr' id='par_1_67' title="bbox 443 3542 2016 3625">
     <span class='ocr_line' id='line_1_67' title="bbox 443 3542 2016 3625; baseline -0.008 -16"><span class='ocrx_word' id='word_1_507' title='bbox 443 3570 639 3625; x_wconf 91' lang='lat' dir='ltr'><strong>aquam</strong></span> <span class='ocrx_word' id='word_1_508' title='bbox 703 3554 927 3623; x_wconf 89' lang='lat' dir='ltr'><strong>pedibus</strong></span> <span class='ocrx_word' id='word_1_509' title='bbox 977 3542 1175 3606; x_wconf 84' lang='lat' dir='ltr'><strong>vestris</strong></span> <span class='ocrx_word' id='word_1_510' title='bbox 1221 3550 1479 3603; x_wconf 89' lang='lat' dir='ltr'><strong>bibebant</strong></span> <span class='ocrx_word' id='word_1_511' title='bbox 1508 3548 1573 3601; x_wconf 59' lang='grc' dir='ltr'><strong>δ’.</strong></span> <span class='ocrx_word' id='word_1_512' title='bbox 1616 3567 1633 3599; x_wconf 75' lang='grc' dir='ltr'><strong>ι</strong></span> <span class='ocrx_word' id='word_1_513' title='bbox 1677 3546 1784 3601; x_wconf 78' lang='lat' dir='ltr'><strong>Nos</strong></span> <span class='ocrx_word' id='word_1_514' title='bbox 1846 3546 2016 3609; x_wconf 88' lang='lat' dir='ltr'><strong>enim,</strong></span> 
     </span>
    </p>
   </div>
   <div class='ocr_carea' id='block_1_68' title="bbox 445 3638 2014 3715">
    <p class='ocr_par' dir='ltr' id='par_1_68' title="bbox 445 3638 2014 3715">
     <span class='ocr_line' id='line_1_68' title="bbox 445 3638 2014 3715; baseline -0.007 -13"><span class='ocrx_word' id='word_1_515' title='bbox 445 3647 702 3702; x_wconf 85' lang='lat' dir='ltr'><strong>divinitus</strong></span> <span class='ocrx_word' id='word_1_516' title='bbox 757 3646 1035 3715; x_wconf 88' lang='lat' dir='ltr'><strong>inspiratis</strong></span> <span class='ocrx_word' id='word_1_517' title='bbox 1092 3642 1313 3697; x_wconf 89' lang='lat' dir='ltr'><strong>Litteris</strong></span> <span class='ocrx_word' id='word_1_518' title='bbox 1383 3640 1620 3693; x_wconf 90' lang='lat' dir='ltr'><strong>animum</strong></span> <span class='ocrx_word' id='word_1_519' title='bbox 1670 3638 2014 3707; x_wconf 87' lang='lat' dir='ltr'><strong>adjicieutes,</strong></span> 
     </span>
    </p>
   </div>
   <div class='ocr_carea' id='block_1_69' title="bbox 445 3731 2018 3809">
    <p class='ocr_par' dir='ltr' id='par_1_69' title="bbox 445 3731 2018 3809">
     <span class='ocr_line' id='line_1_69' title="bbox 445 3731 2018 3809; baseline -0.009 -14"><span class='ocrx_word' id='word_1_520' title='bbox 445 3740 700 3809; x_wconf 71' lang='lat' dir='ltr'><strong>praeclara</strong></span> <span class='ocrx_word' id='word_1_521' title='bbox 722 3754 920 3808; x_wconf 82' lang='lat' dir='ltr'><strong>pascua</strong></span> <span class='ocrx_word' id='word_1_522' title='bbox 945 3734 1308 3805; x_wconf 85' lang='lat' dir='ltr'><strong>depascimur,</strong></span> <span class='ocrx_word' id='word_1_523' title='bbox 1327 3742 1385 3785; x_wconf 92' lang='lat' dir='ltr'><strong>ut</strong></span> <span class='ocrx_word' id='word_1_524' title='bbox 1406 3731 1665 3802; x_wconf 88' lang='lat' dir='ltr'><strong>scriptum</strong></span> <span class='ocrx_word' id='word_1_525' title='bbox 1690 3741 1794 3795; x_wconf 88' lang='lat' dir='ltr'><strong>est,</strong></span> <span class='ocrx_word' id='word_1_526' title='bbox 1824 3744 2018 3799; x_wconf 89' lang='lat' dir='ltr'><strong>aquam</strong></span> 
     </span>
    </p>
   </div>
   <div class='ocr_carea' id='block_1_70' title="bbox 445 3827 2020 3891">
    <p class='ocr_par' dir='ltr' id='par_1_70' title="bbox 445 3827 2020 3891">
     <span class='ocr_line' id='line_1_70' title="bbox 445 3827 2020 3891; baseline -0.01 -1"><span class='ocrx_word' id='word_1_527' title='bbox 445 3837 610 3890; x_wconf 89' lang='lat' dir='ltr'><strong>etiam</strong></span> <span class='ocrx_word' id='word_1_528' title='bbox 665 3834 1051 3887; x_wconf 89' lang='lat' dir='ltr'><strong>consistentem</strong></span> <span class='ocrx_word' id='word_1_529' title='bbox 1090 3829 1348 3889; x_wconf 87' lang='lat' dir='ltr'><strong>bibimus,</strong></span> <span class='ocrx_word' id='word_1_530' title='bbox 1403 3827 1504 3881; x_wconf 91' lang='lat' dir='ltr'><strong>hoc</strong></span> <span class='ocrx_word' id='word_1_531' title='bbox 1556 3836 1664 3891; x_wconf 69' lang='lat' dir='ltr'><strong>est,</strong></span> <span class='ocrx_word' id='word_1_532' title='bbox 1714 3840 2020 3879; x_wconf 90' lang='lat' dir='ltr'><strong>sermonem</strong></span> 
     </span>
    </p>
   </div>
   <div class='ocr_carea' id='block_1_71' title="bbox 447 3923 2021 4000">
    <p class='ocr_par' dir='ltr' id='par_1_71' title="bbox 447 3923 2021 4000">
     <span class='ocr_line' id='line_1_71' title="bbox 447 3923 2021 4000; baseline -0.008 -15"><span class='ocrx_word' id='word_1_533' title='bbox 447 3931 682 4000; x_wconf 86' lang='lat' dir='ltr'><strong>Spiritus</strong></span> <span class='ocrx_word' id='word_1_534' title='bbox 716 3930 938 3984; x_wconf 88' lang='lat' dir='ltr'><strong>minime</strong></span> <span class='ocrx_word' id='word_1_535' title='bbox 987 3925 1268 3980; x_wconf 85' lang='lat' dir='ltr'><strong>mendacio</strong></span> <span class='ocrx_word' id='word_1_536' title='bbox 1304 3924 1544 3988; x_wconf 87' lang='lat' dir='ltr'><strong>mistum,</strong></span> <span class='ocrx_word' id='word_1_537' title='bbox 1600 3923 2021 3993; x_wconf 86' lang='lat' dir='ltr'><strong>etperspicuum</strong></span> 
     </span>
    </p>
   </div>
   <div class='ocr_carea' id='block_1_72' title="bbox 448 4014 2023 4090">
    <p class='ocr_par' dir='ltr' id='par_1_72' title="bbox 448 4014 2023 4090">
     <span class='ocr_line' id='line_1_72' title="bbox 448 4014 2023 4090; baseline -0.006 -14"><span class='ocrx_word' id='word_1_538' title='bbox 448 4038 510 4076; x_wconf 89' lang='lat' dir='ltr'><strong>ac</strong></span> <span class='ocrx_word' id='word_1_539' title='bbox 536 4021 885 4090; x_wconf 88' lang='lat' dir='ltr'><strong>purissimum</strong></span> <span class='ocrx_word' id='word_1_540' title='bbox 919 4037 932 4072; x_wconf 92' lang='lat'>:</span> <span class='ocrx_word' id='word_1_541' title='bbox 966 4018 1055 4073; x_wconf 85' lang='lat' dir='ltr'><strong>ubi</strong></span> <span class='ocrx_word' id='word_1_542' title='bbox 1087 4032 1214 4072; x_wconf 81' lang='lat' dir='ltr'><strong>vero</strong></span> <span class='ocrx_word' id='word_1_543' title='bbox 1244 4016 1410 4071; x_wconf 88' lang='lat' dir='ltr'><strong>veluti</strong></span> <span class='ocrx_word' id='word_1_544' title='bbox 1475 4018 1712 4086; x_wconf 79' lang='lat' dir='ltr'><strong>ingratas</strong></span> <span class='ocrx_word' id='word_1_545' title='bbox 1765 4014 2023 4084; x_wconf 85' lang='lat' dir='ltr'><strong>quasdam</strong></span> 
     </span>
    </p>
   </div>
   <div class='ocr_carea' id='block_1_73' title="bbox 449 4107 2026 4182">
    <p class='ocr_par' dir='ltr' id='par_1_73' title="bbox 449 4107 2026 4182">
     <span class='ocr_line' id='line_1_73' title="bbox 449 4107 2026 4182; baseline -0.005 -15"><span class='ocrx_word' id='word_1_546' title='bbox 449 4124 756 4167; x_wconf 87' lang='lat' dir='ltr'><strong>nostrarum</strong></span> <span class='ocrx_word' id='word_1_547' title='bbox 796 4111 1187 4182; x_wconf 82' lang='lat' dir='ltr'><strong>cogitationum</strong></span> <span class='ocrx_word' id='word_1_548' title='bbox 1217 4109 1365 4165; x_wconf 83' lang='lat' dir='ltr'><strong>faces</strong></span> <span class='ocrx_word' id='word_1_549' title='bbox 1397 4109 1449 4162; x_wconf 91' lang='lat' dir='ltr'><strong>in</strong></span> <span class='ocrx_word' id='word_1_550' title='bbox 1469 4124 1535 4164; x_wconf 90' lang='lat' dir='ltr'><strong>eo</strong></span> <span class='ocrx_word' id='word_1_551' title='bbox 1560 4123 1811 4164; x_wconf 90' lang='lat' dir='ltr'><strong>sermone</strong></span> <span class='ocrx_word' id='word_1_552' title='bbox 1836 4107 2026 4162; x_wconf 84' lang='lat' dir='ltr'><strong>misce-</strong></span> 
     </span>
    </p>
   </div>
   <div class='ocr_carea' id='block_1_74' title="bbox 449 4200 2026 4275">
    <p class='ocr_par' dir='ltr' id='par_1_74' title="bbox 449 4200 2026 4275">
     <span class='ocr_line' id='line_1_74' title="bbox 449 4200 2026 4275; baseline -0.004 -13"><span class='ocrx_word' id='word_1_553' title='bbox 449 4224 590 4272; x_wconf 90' lang='lat' dir='ltr'><strong>mus,</strong></span> <span class='ocrx_word' id='word_1_554' title='bbox 623 4222 855 4275; x_wconf 85' lang='lat' dir='ltr'><strong>eumque</strong></span> <span class='ocrx_word' id='word_1_555' title='bbox 882 4206 1286 4269; x_wconf 83' lang='lat' dir='ltr'><strong>confundimus,</strong></span> <span class='ocrx_word' id='word_1_556' title='bbox 1317 4203 1616 4258; x_wconf 86' lang='lat' dir='ltr'><strong>Salvatoris</strong></span> <span class='ocrx_word' id='word_1_557' title='bbox 1650 4202 1817 4257; x_wconf 88' lang='lat' dir='ltr'><strong>nostri</strong></span> <span class='ocrx_word' id='word_1_558' title='bbox 1846 4200 2026 4271; x_wconf 87' lang='lat' dir='ltr'><strong>gregi-</strong></span> 
     </span>
    </p>
   </div>
   <div class='ocr_carea' id='block_1_75' title="bbox 447 4293 2023 4367">
    <p class='ocr_par' dir='ltr' id='par_1_75' title="bbox 447 4293 2023 4367">
     <span class='ocr_line' id='line_1_75' title="bbox 447 4293 2023 4367; baseline -0.004 -13"><span class='ocrx_word' id='word_1_559' title='bbox 447 4302 550 4355; x_wconf 88' lang='lat' dir='ltr'><strong>bus</strong></span> <span class='ocrx_word' id='word_1_560' title='bbox 583 4299 932 4353; x_wconf 74' lang='lat' dir='ltr'><strong>insidiantur.</strong></span> <span class='ocrx_word' id='word_1_561' title='bbox 962 4295 1076 4351; x_wconf 81' lang='lat' dir='ltr'><strong>Hoc</strong></span> <span class='ocrx_word' id='word_1_562' title='bbox 1112 4297 1288 4367; x_wconf 83' lang='lat' dir='ltr'><strong>ipsum</strong></span> <span class='ocrx_word' id='word_1_563' title='bbox 1319 4310 1505 4350; x_wconf 90' lang='lat' dir='ltr'><strong>verum</strong></span> <span class='ocrx_word' id='word_1_564' title='bbox 1537 4309 1680 4357; x_wconf 89' lang='lat' dir='ltr'><strong>esse,</strong></span> <span class='ocrx_word' id='word_1_565' title='bbox 1712 4293 1868 4348; x_wconf 90' lang='lat' dir='ltr'><strong>nobis</strong></span> <span class='ocrx_word' id='word_1_566' title='bbox 1899 4309 2023 4361; x_wconf 88' lang='lat' dir='ltr'><strong>per-</strong></span> 
     </span>
    </p>
   </div>
   <div class='ocr_carea' id='block_1_76' title="bbox 449 4386 2028 4462">
    <p class='ocr_par' dir='ltr' id='par_1_76' title="bbox 449 4386 2028 4462">
     <span class='ocr_line' id='line_1_76' title="bbox 449 4386 2028 4462; baseline -0.005 -15"><span class='ocrx_word' id='word_1_567' title='bbox 449 4393 694 4462; x_wconf 91' lang='lat' dir='ltr'><strong>spicuum</strong></span> <span class='ocrx_word' id='word_1_568' title='bbox 747 4391 950 4445; x_wconf 80' lang='lat' dir='ltr'><strong>facient</strong></span> <span class='ocrx_word' id='word_1_569' title='bbox 998 4406 1059 4445; x_wconf 90' lang='lat' dir='ltr'><strong>ea</strong></span> <span class='ocrx_word' id='word_1_570' title='bbox 1115 4405 1236 4459; x_wconf 73' lang='lat' dir='ltr'><strong>qua:</strong></span> <span class='ocrx_word' id='word_1_571' title='bbox 1288 4389 1353 4443; x_wconf 90' lang='lat' dir='ltr'><strong>de</strong></span> <span class='ocrx_word' id='word_1_572' title='bbox 1390 4388 1610 4443; x_wconf 85' lang='lat' dir='ltr'><strong>Christo</strong></span> <span class='ocrx_word' id='word_1_573' title='bbox 1644 4402 1835 4442; x_wconf 86' lang='lat' dir='ltr'><strong>rursus</strong></span> <span class='ocrx_word' id='word_1_574' title='bbox 1869 4386 1936 4439; x_wconf 90' lang='lat' dir='ltr'><strong>ab</strong></span> <span class='ocrx_word' id='word_1_575' title='bbox 1962 4400 2028 4439; x_wconf 90' lang='lat' dir='ltr'><strong>eo</strong></span> 
     </span>
    </p>
   </div>
   <div class='ocr_carea' id='block_1_77' title="bbox 449 4463 2101 4552">
    <p class='ocr_par' dir='ltr' id='par_1_77' title="bbox 449 4463 2101 4552">
     <span class='ocr_line' id='line_1_77' title="bbox 449 4463 2101 4552; baseline -0.005 -14"><span class='ocrx_word' id='word_1_576' title='bbox 449 4492 506 4539; x_wconf 91' lang='lat' dir='ltr'><strong>et</strong></span> <span class='ocrx_word' id='word_1_577' title='bbox 545 4483 874 4552; x_wconf 79' lang='lat' dir='ltr'><strong>excogitata,</strong></span> <span class='ocrx_word' id='word_1_578' title='bbox 929 4490 982 4536; x_wconf 91' lang='lat' dir='ltr'><strong>et</strong></span> <span class='ocrx_word' id='word_1_579' title='bbox 1034 4491 1242 4535; x_wconf 86' lang='lat' dir='ltr'><strong>temere</strong></span> <span class='ocrx_word' id='word_1_580' title='bbox 1285 4479 1429 4533; x_wconf 86' lang='lat' dir='ltr'><strong>dicta</strong></span> <span class='ocrx_word' id='word_1_581' title='bbox 1461 4488 1609 4545; x_wconf 89' lang='lat' dir='ltr'><strong>sunt,</strong></span> <span class='ocrx_word' id='word_1_582' title='bbox 1660 4493 1781 4548; x_wconf 73' lang='lat' dir='ltr'><strong>quae</strong></span> <span class='ocrx_word' id='word_1_583' title='bbox 1814 4478 1893 4532; x_wconf 90' lang='lat' dir='ltr'><strong>sic</strong></span> <span class='ocrx_word' id='word_1_584' title='bbox 1923 4477 2024 4531; x_wconf 87' lang='lat' dir='ltr'><strong>ha-</strong></span> <span class='ocrx_word' id='word_1_585' title='bbox 2061 4463 2101 4516; x_wconf 80' lang='grc' dir='ltr'><strong>ί)</strong></span> 
     </span>
    </p>
   </div>
   <div class='ocr_carea' id='block_1_78' title="bbox 451 4578 615 4631">
    <p class='ocr_par' dir='ltr' id='par_1_78' title="bbox 451 4578 615 4631">
     <span class='ocr_line' id='line_1_78' title="bbox 451 4578 615 4631; baseline -0.012 0"><span class='ocrx_word' id='word_1_586' title='bbox 451 4578 615 4631; x_wconf 87' lang='lat' dir='ltr'><strong>bent:</strong></span> 
     </span>
    </p>
   </div>
   <div class='ocr_carea' id='block_1_79' title="bbox 522 4659 2025 4740">
    <p class='ocr_par' dir='ltr' id='par_1_79' title="bbox 522 4659 2025 4740">
     <span class='ocr_line' id='line_1_79' title="bbox 522 4659 2025 4740; baseline -0.005 -18"><span class='ocrx_word' id='word_1_587' title='bbox 522 4667 806 4740; x_wconf 73' lang='grc' dir='ltr'>[Νεςτοιι.</span> <span class='ocrx_word' id='word_1_588' title='bbox 839 4664 969 4717; x_wconf 84' lang='lat' dir='ltr'><strong>Erat</strong></span> <span class='ocrx_word' id='word_1_589' title='bbox 1002 4660 1219 4731; x_wconf 89' lang='lat' dir='ltr'><strong>quidem</strong></span> <span class='ocrx_word' id='word_1_590' title='bbox 1245 4662 1334 4714; x_wconf 90' lang='lat' dir='ltr'><strong>ille</strong></span> <span class='ocrx_word' id='word_1_591' title='bbox 1380 4659 1523 4715; x_wconf 73' lang='lat' dir='ltr'><strong>Deus</strong></span> <span class='ocrx_word' id='word_1_592' title='bbox 1562 4660 1819 4721; x_wconf 79' lang='lat' dir='ltr'><strong>Verbum,</strong></span> <span class='ocrx_word' id='word_1_593' title='bbox 1864 4661 2025 4714; x_wconf 86' lang='lat' dir='ltr'><strong>etiam</strong></span> 
     </span>
    </p>
   </div>
   <div class='ocr_carea' id='block_1_80' title="bbox 451 4752 2031 4829">
    <p class='ocr_par' dir='ltr' id='par_1_80' title="bbox 451 4752 2031 4829">
     <span class='ocr_line' id='line_1_80' title="bbox 451 4752 2031 4829; baseline -0.006 -15"><span class='ocrx_word' id='word_1_594' title='bbox 451 4771 741 4829; x_wconf 88' lang='lat' dir='ltr'><strong>antequam</strong></span> <span class='ocrx_word' id='word_1_595' title='bbox 770 4758 934 4811; x_wconf 89' lang='lat' dir='ltr'><strong>homo</strong></span> <span class='ocrx_word' id='word_1_596' title='bbox 970 4753 1143 4819; x_wconf 84' lang='lat' dir='ltr'><strong>fieret,</strong></span> <span class='ocrx_word' id='word_1_597' title='bbox 1184 4752 1355 4807; x_wconf 85' lang='lat' dir='ltr'><strong>Filius</strong></span> <span class='ocrx_word' id='word_1_598' title='bbox 1383 4764 1437 4807; x_wconf 91' lang='lat' dir='ltr'><strong>et</strong></span> <span class='ocrx_word' id='word_1_599' title='bbox 1480 4753 1637 4819; x_wconf 90' lang='lat' dir='ltr'><strong>Deus,</strong></span> <span class='ocrx_word' id='word_1_600' title='bbox 1695 4762 1751 4806; x_wconf 89' lang='lat' dir='ltr'><strong>et</strong></span> <span class='ocrx_word' id='word_1_601' title='bbox 1802 4768 2031 4806; x_wconf 78' lang='lat' dir='ltr'><strong>consen-</strong></span> 
     </span>
    </p>
   </div>
   <div class='ocr_carea' id='block_1_81' title="bbox 453 4843 2031 4914">
    <p class='ocr_par' dir='ltr' id='par_1_81' title="bbox 453 4843 2031 4914">
     <span class='ocr_line' id='line_1_81' title="bbox 453 4843 2031 4914; baseline -0.003 -10"><span class='ocrx_word' id='word_1_602' title='bbox 453 4853 592 4905; x_wconf 87' lang='lat' dir='ltr'><strong>tiens</strong></span> <span class='ocrx_word' id='word_1_603' title='bbox 614 4847 760 4902; x_wconf 81' lang='lat' dir='ltr'><strong>Patri</strong></span> <span class='ocrx_word' id='word_1_604' title='bbox 792 4865 805 4901; x_wconf 87' lang='lat'><strong>:</strong></span> <span class='ocrx_word' id='word_1_605' title='bbox 833 4846 1076 4914; x_wconf 90' lang='lat' dir='ltr'><strong>suscepit</strong></span> <span class='ocrx_word' id='word_1_606' title='bbox 1099 4858 1228 4899; x_wconf 87' lang='lat' dir='ltr'><strong>vero</strong></span> <span class='ocrx_word' id='word_1_607' title='bbox 1266 4846 1657 4914; x_wconf 87' lang='lat' dir='ltr'><strong>posterioribus</strong></span> <span class='ocrx_word' id='word_1_608' title='bbox 1696 4843 2031 4913; x_wconf 86' lang='lat' dir='ltr'><strong>temporibus</strong></span> 
     </span>
    </p>
   </div>
   <div class='ocr_carea' id='block_1_82' title="bbox 454 4933 2028 4996">
    <p class='ocr_par' dir='ltr' id='par_1_82' title="bbox 454 4933 2028 4996">
     <span class='ocr_line' id='line_1_82' title="bbox 454 4933 2028 4996; baseline -0.006 0"><span class='ocrx_word' id='word_1_609' title='bbox 454 4941 596 4996; x_wconf 89' lang='lat' dir='ltr'><strong>servi</strong></span> <span class='ocrx_word' id='word_1_610' title='bbox 627 4940 888 4994; x_wconf 79' lang='lat' dir='ltr'><strong>formam:</strong></span> <span class='ocrx_word' id='word_1_611' title='bbox 918 4938 1011 4992; x_wconf 87' lang='lat' dir='ltr'><strong>sed</strong></span> <span class='ocrx_word' id='word_1_612' title='bbox 1051 4951 1176 4990; x_wconf 92' lang='lat' dir='ltr'><strong>cum</strong></span> <span class='ocrx_word' id='word_1_613' title='bbox 1215 4944 1357 4991; x_wconf 87' lang='lat' dir='ltr'><strong>esset</strong></span> <span class='ocrx_word' id='word_1_614' title='bbox 1392 4946 1551 4990; x_wconf 89' lang='lat' dir='ltr'><strong>antea</strong></span> <span class='ocrx_word' id='word_1_615' title='bbox 1586 4933 1757 4989; x_wconf 83' lang='lat' dir='ltr'><strong>Filius</strong></span> <span class='ocrx_word' id='word_1_616' title='bbox 1782 4944 1841 4990; x_wconf 91' lang='lat' dir='ltr'><strong>et</strong></span> <span class='ocrx_word' id='word_1_617' title='bbox 1866 4949 2028 4989; x_wconf 90' lang='lat' dir='ltr'><strong>voca-</strong></span> 
     </span>
    </p>
   </div>
   <div class='ocr_carea' id='block_1_83' title="bbox 456 5026 2027 5098">
    <p class='ocr_par' dir='ltr' id='par_1_83' title="bbox 456 5026 2027 5098">
     <span class='ocr_line' id='line_1_83' title="bbox 456 5026 2027 5098; baseline -0.004 -13"><span class='ocrx_word' id='word_1_618' title='bbox 456 5038 624 5096; x_wconf 85' lang='lat' dir='ltr'><strong>retur,</strong></span> <span class='ocrx_word' id='word_1_619' title='bbox 654 5041 773 5098; x_wconf 88' lang='lat' dir='ltr'><strong>post</strong></span> <span class='ocrx_word' id='word_1_620' title='bbox 796 5027 1221 5094; x_wconf 87' lang='lat' dir='ltr'><strong>assumptionem</strong></span> <span class='ocrx_word' id='word_1_621' title='bbox 1250 5041 1355 5081; x_wconf 91' lang='lat' dir='ltr'><strong>nou</strong></span> <span class='ocrx_word' id='word_1_622' title='bbox 1385 5034 1560 5095; x_wconf 88' lang='lat' dir='ltr'><strong>potest</strong></span> <span class='ocrx_word' id='word_1_623' title='bbox 1586 5028 1767 5081; x_wconf 88' lang='lat' dir='ltr'><strong>vocari</strong></span> <span class='ocrx_word' id='word_1_624' title='bbox 1799 5026 2027 5081; x_wconf 88' lang='lat' dir='ltr'><strong>seorsim</strong></span> 
     </span>
    </p>
   </div>
   <div class='ocr_carea' id='block_1_84' title="bbox 458 5102 2029 5187">
    <p class='ocr_par' dir='ltr' id='par_1_84' title="bbox 458 5102 2029 5187">
     <span class='ocr_line' id='line_1_84' title="bbox 458 5102 2029 5187; baseline -0.005 -11"><span class='ocrx_word' id='word_1_625' title='bbox 458 5122 648 5185; x_wconf 86' lang='lat' dir='ltr'><strong>Filius,</strong></span> <span class='ocrx_word' id='word_1_626' title='bbox 681 5136 752 5175; x_wconf 66' lang='lat' dir='ltr'><strong>re</strong></span> <span class='ocrx_word' id='word_1_627' title='bbox 785 5119 918 5173; x_wconf 88' lang='lat' dir='ltr'><strong>duos</strong></span> <span class='ocrx_word' id='word_1_628' title='bbox 950 5102 1093 5172; x_wconf 87' lang='lat' dir='ltr'><strong>ﬁlios</strong></span> <span class='ocrx_word' id='word_1_629' title='bbox 1151 5116 1597 5187; x_wconf 87' lang='lat' dir='ltr'><strong>dogmatizemus.</strong></span> <span class='ocrx_word' id='word_1_630' title='bbox 1649 5116 1754 5170; x_wconf 86' lang='lat' dir='ltr'><strong>Sed</strong></span> <span class='ocrx_word' id='word_1_631' title='bbox 1802 5117 1926 5185; x_wconf 88' lang='lat' dir='ltr'><strong>quia</strong></span> <span class='ocrx_word' id='word_1_632' title='bbox 1953 5115 2029 5169; x_wconf 92' lang='lat' dir='ltr'><strong>illi</strong></span> 
     </span>
    </p>
   </div>
   <div class='ocr_carea' id='block_1_85' title="bbox 455 5206 2031 5278">
    <p class='ocr_par' dir='ltr' id='par_1_85' title="bbox 455 5206 2031 5278">
     <span class='ocr_line' id='line_1_85' title="bbox 455 5206 2031 5278; baseline -0.006 -9"><span class='ocrx_word' id='word_1_633' title='bbox 455 5212 777 5278; x_wconf 81' lang='lat' dir='ltr'><strong>conjuucms</strong></span> <span class='ocrx_word' id='word_1_634' title='bbox 806 5220 890 5264; x_wconf 88' lang='lat' dir='ltr'><strong>est</strong></span> <span class='ocrx_word' id='word_1_635' title='bbox 941 5207 1081 5263; x_wconf 90' lang='lat' dir='ltr'><strong>Filio</strong></span> <span class='ocrx_word' id='word_1_636' title='bbox 1109 5206 1202 5277; x_wconf 94' lang='lat' dir='ltr'><strong>qui</strong></span> <span class='ocrx_word' id='word_1_637' title='bbox 1242 5216 1359 5261; x_wconf 87' lang='lat' dir='ltr'><strong>erat</strong></span> <span class='ocrx_word' id='word_1_638' title='bbox 1392 5207 1444 5261; x_wconf 90' lang='lat' dir='ltr'><strong>in</strong></span> <span class='ocrx_word' id='word_1_639' title='bbox 1484 5208 1770 5275; x_wconf 86' lang='lat' dir='ltr'><strong>principio,</strong></span> <span class='ocrx_word' id='word_1_640' title='bbox 1829 5207 2031 5275; x_wconf 89' lang='lat' dir='ltr'><strong>quique</strong></span> 
     </span>
    </p>
   </div>
   <div class='ocr_carea' id='block_1_86' title="bbox 455 5297 2029 5370">
    <p class='ocr_par' dir='ltr' id='par_1_86' title="bbox 455 5297 2029 5370">
     <span class='ocr_line' id='line_1_86' title="bbox 455 5297 2029 5370; baseline -0.003 -14"><span class='ocrx_word' id='word_1_641' title='bbox 455 5302 554 5356; x_wconf 91' lang='lat' dir='ltr'><strong>sibi</strong></span> <span class='ocrx_word' id='word_1_642' title='bbox 590 5301 870 5370; x_wconf 79' lang='lat' dir='ltr'><strong>copulatus</strong></span> <span class='ocrx_word' id='word_1_643' title='bbox 904 5308 1006 5363; x_wconf 91' lang='lat' dir='ltr'><strong>est,</strong></span> <span class='ocrx_word' id='word_1_644' title='bbox 1044 5313 1149 5352; x_wconf 91' lang='lat' dir='ltr'><strong>non</strong></span> <span class='ocrx_word' id='word_1_645' title='bbox 1205 5307 1383 5367; x_wconf 88' lang='lat' dir='ltr'><strong>potest</strong></span> <span class='ocrx_word' id='word_1_646' title='bbox 1431 5298 1573 5367; x_wconf 91' lang='lat' dir='ltr'><strong>quod</strong></span> <span class='ocrx_word' id='word_1_647' title='bbox 1604 5298 1673 5353; x_wconf 88' lang='lat' dir='ltr'><strong>ad</strong></span> <span class='ocrx_word' id='word_1_648' title='bbox 1713 5297 2029 5367; x_wconf 84' lang='lat' dir='ltr'><strong>dignitatem</strong></span> 
     </span>
    </p>
   </div>
   <div class='ocr_carea' id='block_1_87' title="bbox 458 5390 2033 5459">
    <p class='ocr_par' dir='ltr' id='par_1_87' title="bbox 458 5390 2033 5459">
     <span class='ocr_line' id='line_1_87' title="bbox 458 5390 2033 5459; baseline -0.004 -10"><span class='ocrx_word' id='word_1_649' title='bbox 458 5394 735 5449; x_wconf 70' lang='lat' dir='ltr'><strong>jiliatiouis</strong></span> <span class='ocrx_word' id='word_1_650' title='bbox 791 5392 1005 5457; x_wconf 86' lang='lat' dir='ltr'><strong>attinet,</strong></span> <span class='ocrx_word' id='word_1_651' title='bbox 1055 5390 1374 5445; x_wconf 88' lang='lat' dir='ltr'><strong>divisionem</strong></span> <span class='ocrx_word' id='word_1_652' title='bbox 1429 5390 1706 5459; x_wconf 80' lang='lat' dir='ltr'><strong>suscipere</strong></span> <span class='ocrx_word' id='word_1_653' title='bbox 1749 5390 1935 5459; x_wconf 89' lang='lat' dir='ltr'><strong>:quod</strong></span> <span class='ocrx_word' id='word_1_654' title='bbox 1965 5390 2033 5443; x_wconf 91' lang='lat' dir='ltr'><strong>ad</strong></span> 
     </span>
    </p>
   </div>
   <div class='ocr_carea' id='block_1_88' title="bbox 458 5482 2028 5555">
    <p class='ocr_par' dir='ltr' id='par_1_88' title="bbox 458 5482 2028 5555">
     <span class='ocr_line' id='line_1_88' title="bbox 458 5482 2028 5555; baseline -0.004 -15"><span class='ocrx_word' id='word_1_655' title='bbox 458 5486 774 5555; x_wconf 83' lang='lat' dir='ltr'><strong>dignitatem</strong></span> <span class='ocrx_word' id='word_1_656' title='bbox 797 5483 1091 5546; x_wconf 82' lang='lat' dir='ltr'><strong>ﬁliationis,</strong></span> <span class='ocrx_word' id='word_1_657' title='bbox 1114 5484 1354 5552; x_wconf 89' lang='lat' dir='ltr'><strong>inquam,</strong></span> <span class='ocrx_word' id='word_1_658' title='bbox 1376 5497 1479 5536; x_wconf 86' lang='lat' dir='ltr'><strong>non</strong></span> <span class='ocrx_word' id='word_1_659' title='bbox 1505 5482 1648 5549; x_wconf 84' lang='lat' dir='ltr'><strong>quod</strong></span> <span class='ocrx_word' id='word_1_660' title='bbox 1674 5482 1739 5534; x_wconf 88' lang='lat' dir='ltr'><strong>ad</strong></span> <span class='ocrx_word' id='word_1_661' title='bbox 1772 5490 2028 5535; x_wconf 83' lang='lat' dir='ltr'><strong>naturas:</strong></span> 
     </span>
    </p>
   </div>
   <div class='ocr_carea' id='block_1_89' title="bbox 459 5571 2027 5648">
    <p class='ocr_par' dir='ltr' id='par_1_89' title="bbox 459 5571 2027 5648">
     <span class='ocr_line' id='line_1_89' title="bbox 459 5571 2027 5648; baseline -0.005 -13"><span class='ocrx_word' id='word_1_662' title='bbox 459 5581 578 5635; x_wconf 91' lang='lat' dir='ltr'><strong>ideo</strong></span> <span class='ocrx_word' id='word_1_663' title='bbox 610 5578 770 5632; x_wconf 87' lang='lat' dir='ltr'><strong>etiam</strong></span> <span class='ocrx_word' id='word_1_664' title='bbox 797 5576 1049 5632; x_wconf 86' lang='lat' dir='ltr'><strong>Christus</strong></span> <span class='ocrx_word' id='word_1_665' title='bbox 1084 5575 1379 5648; x_wconf 88' lang='lat' dir='ltr'><strong>appellatur</strong></span> <span class='ocrx_word' id='word_1_666' title='bbox 1416 5574 1502 5627; x_wconf 87' lang='lat' dir='ltr'><strong>ille</strong></span> <span class='ocrx_word' id='word_1_667' title='bbox 1546 5572 1658 5645; x_wconf 68' lang='grc'><strong>48</strong></span> <span class='ocrx_word' id='word_1_668' title='bbox 1711 5572 1852 5627; x_wconf 91' lang='lat' dir='ltr'><strong>Deus</strong></span> <span class='ocrx_word' id='word_1_669' title='bbox 1895 5571 2027 5627; x_wconf 85' lang='lat' dir='ltr'><strong>Ver-</strong></span> 
     </span>
    </p>
   </div>
   <div class='ocr_carea' id='block_1_90' title="bbox 531 5751 1625 5821">
    <p class='ocr_par' dir='ltr' id='par_1_90' title="bbox 531 5751 1625 5821">
     <span class='ocr_line' id='line_1_90' title="bbox 531 5751 1625 5821; baseline -0.001 -14"><span class='ocrx_word' id='word_1_670' title='bbox 531 5755 579 5794; x_wconf 72' lang='grc' dir='ltr'><strong>⁴ι⁰</strong></span> <span class='ocrx_word' id='word_1_671' title='bbox 607 5754 799 5809; x_wconf 79' lang='lat' dir='ltr'><strong>Matth.</strong></span> <span class='ocrx_word' id='word_1_672' title='bbox 834 5770 909 5821; x_wconf 66' lang='grc' dir='ltr'><strong>ιι,</strong></span> <span class='ocrx_word' id='word_1_673' title='bbox 945 5754 1033 5810; x_wconf 76' lang='lat'><strong>28.</strong></span> <span class='ocrx_word' id='word_1_674' title='bbox 1112 5753 1151 5785; x_wconf 77' lang='lat'>“</span> <span class='ocrx_word' id='word_1_675' title='bbox 1191 5751 1381 5807; x_wconf 78' lang='lat' dir='ltr'><strong>Matth.</strong></span> <span class='ocrx_word' id='word_1_676' title='bbox 1420 5766 1536 5815; x_wconf 86' lang='lat' dir='ltr'><strong>vm,</strong></span> <span class='ocrx_word' id='word_1_677' title='bbox 1571 5753 1625 5806; x_wconf 83' lang='grc'><strong>’5.</strong></span> 
     </span>
    </p>
   </div>
   <div class='ocr_carea' id='block_1_91' title="bbox 2120 3180 3697 3253">
    <p class='ocr_par' dir='ltr' id='par_1_91' title="bbox 2120 3180 3697 3253">
     <span class='ocr_line' id='line_1_91' title="bbox 2120 3180 3697 3253; baseline -0.002 -19"><span class='ocrx_word' id='word_1_678' title='bbox 2120 3181 2243 3252; x_wconf 80' lang='grc' dir='ltr'>χιὴλ</span> <span class='ocrx_word' id='word_1_679' title='bbox 2275 3184 2388 3244; x_wconf 87' lang='grc' dir='ltr'>τοῖς</span> <span class='ocrx_word' id='word_1_680' title='bbox 2419 3183 2526 3235; x_wconf 88' lang='grc' dir='ltr'><strong>τῶν</strong></span> <span class='ocrx_word' id='word_1_681' title='bbox 2564 3182 2797 3251; x_wconf 87' lang='grc' dir='ltr'>λογικῶν</span> <span class='ocrx_word' id='word_1_682' title='bbox 2856 3183 3121 3253; x_wconf 84' lang='grc' dir='ltr'>ποιμνίων</span> <span class='ocrx_word' id='word_1_683' title='bbox 3161 3181 3574 3252; x_wconf 83' lang='grc' dir='ltr'>προεστηκόσιν,</span> <span class='ocrx_word' id='word_1_684' title='bbox 3614 3180 3697 3232; x_wconf 76' lang='grc' dir='ltr'><strong>δτι</strong></span> 
     </span>
    </p>
   </div>
   <div class='ocr_carea' id='block_1_92' title="bbox 2120 3273 3701 3347">
    <p class='ocr_par' dir='ltr' id='par_1_92' title="bbox 2120 3273 3701 3347">
     <span class='ocr_line' id='line_1_92' title="bbox 2120 3273 3701 3347; baseline -0.001 -21"><span class='ocrx_word' id='word_1_685' title='bbox 2120 3280 2217 3346; x_wconf 81' lang='grc' dir='ltr'><strong>τὴν</strong></span> <span class='ocrx_word' id='word_1_686' title='bbox 2280 3293 2297 3326; x_wconf 79' lang='grc' dir='ltr'><strong>ι</strong></span> <span class='ocrx_word' id='word_1_687' title='bbox 2332 3276 2520 3347; x_wconf 82' lang='grc' dir='ltr'>Καλὴν</span> <span class='ocrx_word' id='word_1_688' title='bbox 2572 3276 2742 3345; x_wconf 85' lang='grc' dir='ltr'>νομὴν</span> <span class='ocrx_word' id='word_1_689' title='bbox 2781 3275 3070 3345; x_wconf 79' lang='grc' dir='ltr'>ἐνέμεσθε,</span> <span class='ocrx_word' id='word_1_690' title='bbox 3119 3276 3212 3328; x_wconf 69' lang='lat' dir='ltr'><strong>xui</strong></span> <span class='ocrx_word' id='word_1_691' title='bbox 3253 3274 3315 3327; x_wconf 84' lang='grc' dir='ltr'><strong>τὸ</strong></span> <span class='ocrx_word' id='word_1_692' title='bbox 3363 3273 3701 3343; x_wconf 80' lang='grc' dir='ltr'>καθεστηκὸς</span> 
     </span>
    </p>
   </div>
   <div class='ocr_carea' id='block_1_93' title="bbox 2123 3367 3699 3439">
    <p class='ocr_par' dir='ltr' id='par_1_93' title="bbox 2123 3367 3699 3439">
     <span class='ocr_line' id='line_1_93' title="bbox 2123 3367 3699 3439; baseline -0.003 -19"><span class='ocrx_word' id='word_1_693' title='bbox 2123 3367 2265 3437; x_wconf 74' lang='grc' dir='ltr'>ὕδωρ</span> <span class='ocrx_word' id='word_1_694' title='bbox 2310 3368 2545 3432; x_wconf 83' lang='grc' dir='ltr'>ἐπίνετε,</span> <span class='ocrx_word' id='word_1_695' title='bbox 2577 3368 2671 3421; x_wconf 76' lang='grc' dir='ltr'><strong>καὶ</strong></span> <span class='ocrx_word' id='word_1_696' title='bbox 2719 3368 2781 3421; x_wconf 83' lang='grc' dir='ltr'><strong>τὸ</strong></span> <span class='ocrx_word' id='word_1_697' title='bbox 2833 3368 3162 3421; x_wconf 87' lang='grc' dir='ltr'>κατάλοιπον</span> <span class='ocrx_word' id='word_1_698' title='bbox 3209 3367 3532 3439; x_wconf 83' lang='grc' dir='ltr'>ἐταράττετε</span> <span class='ocrx_word' id='word_1_699' title='bbox 3587 3367 3699 3426; x_wconf 82' lang='grc' dir='ltr'>τοῖς</span> 
     </span>
    </p>
   </div>
   <div class='ocr_carea' id='block_1_94' title="bbox 2125 3463 3700 3537">
    <p class='ocr_par' dir='ltr' id='par_1_94' title="bbox 2125 3463 3700 3537">
     <span class='ocr_line' id='line_1_94' title="bbox 2125 3463 3700 3537; baseline -0.004 -18"><span class='ocrx_word' id='word_1_700' title='bbox 2125 3467 2281 3520; x_wconf 73' lang='grc' dir='ltr'>ποσὶν</span> <span class='ocrx_word' id='word_1_701' title='bbox 2318 3467 2493 3537; x_wconf 83' lang='grc' dir='ltr'>ὑμῶν,</span> <span class='ocrx_word' id='word_1_702' title='bbox 2527 3467 2623 3521; x_wconf 79' lang='grc' dir='ltr'>καὶ</span> <span class='ocrx_word' id='word_1_703' title='bbox 2654 3465 2725 3519; x_wconf 87' lang='grc' dir='ltr'>τὰ</span> <span class='ocrx_word' id='word_1_704' title='bbox 2750 3466 2999 3537; x_wconf 78' lang='grc' dir='ltr'>πρόϐατά</span> <span class='ocrx_word' id='word_1_705' title='bbox 3028 3484 3129 3537; x_wconf 87' lang='grc' dir='ltr'><strong>μου</strong></span> <span class='ocrx_word' id='word_1_706' title='bbox 3166 3465 3235 3518; x_wconf 69' lang='grc' dir='ltr'><strong>τὰ</strong></span> <span class='ocrx_word' id='word_1_707' title='bbox 3255 3466 3554 3535; x_wconf 66' lang='grc' dir='ltr'>πατήματα</span> <span class='ocrx_word' id='word_1_708' title='bbox 3590 3463 3700 3514; x_wconf 84' lang='grc' dir='ltr'><strong>τῶν</strong></span> 
     </span>
    </p>
   </div>
   <div class='ocr_carea' id='block_1_95' title="bbox 2123 3554 3698 3630">
    <p class='ocr_par' dir='ltr' id='par_1_95' title="bbox 2123 3554 3698 3630">
     <span class='ocr_line' id='line_1_95' title="bbox 2123 3554 3698 3630; baseline -0.004 -17"><span class='ocrx_word' id='word_1_709' title='bbox 2123 3561 2299 3613; x_wconf 80' lang='grc' dir='ltr'>ποδῶν</span> <span class='ocrx_word' id='word_1_710' title='bbox 2339 3559 2493 3629; x_wconf 83' lang='grc' dir='ltr'>ὑμῶν</span> <span class='ocrx_word' id='word_1_711' title='bbox 2536 3560 2823 3630; x_wconf 76' lang='grc' dir='ltr'>ἐνέμοντο·</span> <span class='ocrx_word' id='word_1_712' title='bbox 2877 3560 2972 3612; x_wconf 78' lang='grc' dir='ltr'>καὶ</span> <span class='ocrx_word' id='word_1_713' title='bbox 3020 3560 3078 3611; x_wconf 72' lang='grc' dir='ltr'>τὸ</span> <span class='ocrx_word' id='word_1_714' title='bbox 3116 3557 3515 3627; x_wconf 85' lang='grc' dir='ltr'>τεταραγμένον</span> <span class='ocrx_word' id='word_1_715' title='bbox 3558 3554 3698 3625; x_wconf 79' lang='grc' dir='ltr'>ὕδωρ</span> 
     </span>
    </p>
   </div>
   <div class='ocr_carea' id='block_1_96' title="bbox 2125 3647 3700 3721">
    <p class='ocr_par' dir='ltr' id='par_1_96' title="bbox 2125 3647 3700 3721">
     <span class='ocr_line' id='line_1_96' title="bbox 2125 3647 3700 3721; baseline -0.004 -16"><span class='ocrx_word' id='word_1_716' title='bbox 2125 3653 2229 3705; x_wconf 80' lang='grc' dir='ltr'><strong>ὑπὸ</strong></span> <span class='ocrx_word' id='word_1_717' title='bbox 2259 3653 2367 3704; x_wconf 88' lang='grc' dir='ltr'><strong>τῶν</strong></span> <span class='ocrx_word' id='word_1_718' title='bbox 2406 3651 2581 3705; x_wconf 90' lang='grc' dir='ltr'>ποδῶν</span> <span class='ocrx_word' id='word_1_719' title='bbox 2627 3650 2780 3721; x_wconf 84' lang='grc' dir='ltr'>ὑμῶν</span> <span class='ocrx_word' id='word_1_720' title='bbox 2809 3650 3073 3704; x_wconf 84' lang='grc' dir='ltr'>ἐνέπινον.</span> <span class='ocrx_word' id='word_1_721' title='bbox 3108 3669 3125 3701; x_wconf 74' lang='grc' dir='ltr'><strong>ι</strong></span> <span class='ocrx_word' id='word_1_722' title='bbox 3165 3649 3297 3712; x_wconf 86' lang='grc' dir='ltr'>Ταῖς</span> <span class='ocrx_word' id='word_1_723' title='bbox 3323 3648 3423 3717; x_wconf 81' lang='grc' dir='ltr'>μὲν</span> <span class='ocrx_word' id='word_1_724' title='bbox 3447 3648 3554 3718; x_wconf 81' lang='grc' dir='ltr'>γὰρ</span> <span class='ocrx_word' id='word_1_725' title='bbox 3580 3647 3700 3699; x_wconf 87' lang='grc' dir='ltr'>θεο-</span> 
     </span>
    </p>
   </div>
   <div class='ocr_carea' id='block_1_97' title="bbox 2127 3737 3701 3811">
    <p class='ocr_par' dir='ltr' id='par_1_97' title="bbox 2127 3737 3701 3811">
     <span class='ocr_line' id='line_1_97' title="bbox 2127 3737 3701 3811; baseline -0.003 -17"><span class='ocrx_word' id='word_1_726' title='bbox 2127 3742 2410 3803; x_wconf 84' lang='grc' dir='ltr'>πνεύστοις</span> <span class='ocrx_word' id='word_1_727' title='bbox 2430 3742 2469 3793; x_wconf 88' lang='grc' dir='ltr'><strong><em>Γ</em></strong></span> <span class='ocrx_word' id='word_1_728' title='bbox 2478 3744 2675 3811; x_wconf 86' lang='grc' dir='ltr'>ραφαῖς</span> <span class='ocrx_word' id='word_1_729' title='bbox 2699 3741 2788 3795; x_wconf 81' lang='grc' dir='ltr'>τὸν</span> <span class='ocrx_word' id='word_1_730' title='bbox 2807 3742 2931 3795; x_wconf 84' lang='grc' dir='ltr'>νοῦν</span> <span class='ocrx_word' id='word_1_731' title='bbox 2955 3741 3186 3803; x_wconf 81' lang='grc' dir='ltr'>ἐνιέντες</span> <span class='ocrx_word' id='word_1_732' title='bbox 3207 3742 3387 3811; x_wconf 81' lang='grc' dir='ltr'>ἡμεῖς,</span> <span class='ocrx_word' id='word_1_733' title='bbox 3410 3739 3505 3809; x_wconf 82' lang='grc' dir='ltr'>τὴν</span> <span class='ocrx_word' id='word_1_734' title='bbox 3531 3737 3701 3806; x_wconf 79' lang='grc' dir='ltr'>καλὴν</span> 
     </span>
    </p>
   </div>
   <div class='ocr_carea' id='block_1_98' title="bbox 2125 3830 3706 3905">
    <p class='ocr_par' dir='ltr' id='par_1_98' title="bbox 2125 3830 3706 3905">
     <span class='ocr_line' id='line_1_98' title="bbox 2125 3830 3706 3905; baseline -0.004 -17"><span class='ocrx_word' id='word_1_735' title='bbox 2125 3836 2295 3905; x_wconf 82' lang='grc' dir='ltr'>νομὴν</span> <span class='ocrx_word' id='word_1_736' title='bbox 2327 3835 2623 3905; x_wconf 85' lang='grc' dir='ltr'>νεμόμεθα,</span> <span class='ocrx_word' id='word_1_737' title='bbox 2659 3833 2800 3887; x_wconf 87' lang='grc' dir='ltr'><strong>κατά</strong></span> <span class='ocrx_word' id='word_1_738' title='bbox 2826 3834 2885 3886; x_wconf 84' lang='grc' dir='ltr'>τὸ</span> <span class='ocrx_word' id='word_1_739' title='bbox 2913 3832 3326 3905; x_wconf 78' lang='grc' dir='ltr'>γεγραμμένον·</span> <span class='ocrx_word' id='word_1_740' title='bbox 3362 3831 3585 3901; x_wconf 76' lang='grc' dir='ltr'>καὶμὴν</span> <span class='ocrx_word' id='word_1_741' title='bbox 3608 3830 3706 3882; x_wconf 78' lang='grc' dir='ltr'>καὶ</span> 
     </span>
    </p>
   </div>
   <div class='ocr_carea' id='block_1_99' title="bbox 2127 3922 3701 3998">
    <p class='ocr_par' dir='ltr' id='par_1_99' title="bbox 2127 3922 3701 3998">
     <span class='ocr_line' id='line_1_99' title="bbox 2127 3922 3701 3998; baseline -0.003 -19"><span class='ocrx_word' id='word_1_742' title='bbox 2127 3930 2185 3980; x_wconf 83' lang='grc' dir='ltr'><strong>τὸ</strong></span> <span class='ocrx_word' id='word_1_743' title='bbox 2207 3926 2350 3998; x_wconf 82' lang='grc' dir='ltr'>ὕδωρ</span> <span class='ocrx_word' id='word_1_744' title='bbox 2381 3927 2608 3996; x_wconf 84' lang='grc' dir='ltr'>πίνομεν</span> <span class='ocrx_word' id='word_1_745' title='bbox 2634 3926 2694 3979; x_wconf 84' lang='grc' dir='ltr'><strong>τὸ</strong></span> <span class='ocrx_word' id='word_1_746' title='bbox 2728 3924 3086 3995; x_wconf 86' lang='grc' dir='ltr'>καθεστηκὸς,</span> <span class='ocrx_word' id='word_1_747' title='bbox 3111 3925 3377 3989; x_wconf 75' lang='grc' dir='ltr'>τουτέστι,</span> <span class='ocrx_word' id='word_1_748' title='bbox 3402 3923 3492 3975; x_wconf 85' lang='grc' dir='ltr'><strong>τὸν</strong></span> <span class='ocrx_word' id='word_1_749' title='bbox 3527 3922 3701 3991; x_wconf 80' lang='grc' dir='ltr'>ἀμιγῆ</span> 
     </span>
    </p>
   </div>
   <div class='ocr_carea' id='block_1_100' title="bbox 2126 4014 3704 4091">
    <p class='ocr_par' dir='ltr' id='par_1_100' title="bbox 2126 4014 3704 4091">
     <span class='ocr_line' id='line_1_100' title="bbox 2126 4014 3704 4091; baseline -0.003 -20"><span class='ocrx_word' id='word_1_750' title='bbox 2126 4019 2202 4088; x_wconf 84' lang='grc' dir='ltr'>τῷ</span> <span class='ocrx_word' id='word_1_751' title='bbox 2221 4019 2427 4089; x_wconf 73' lang='grc' dir='ltr'>ψεύδει,</span> <span class='ocrx_word' id='word_1_752' title='bbox 2451 4019 2616 4090; x_wconf 88' lang='grc' dir='ltr'>διειδῆ</span> <span class='ocrx_word' id='word_1_753' title='bbox 2642 4036 2703 4072; x_wconf 87' lang='grc' dir='ltr'><strong>τε</strong></span> <span class='ocrx_word' id='word_1_754' title='bbox 2731 4019 2825 4073; x_wconf 78' lang='grc' dir='ltr'><strong>καὶ</strong></span> <span class='ocrx_word' id='word_1_755' title='bbox 2856 4017 3243 4091; x_wconf 82' lang='grc' dir='ltr'>καθαρώτατον</span> <span class='ocrx_word' id='word_1_756' title='bbox 3266 4017 3358 4070; x_wconf 83' lang='grc' dir='ltr'><strong>τοῦ</strong></span> <span class='ocrx_word' id='word_1_757' title='bbox 3390 4014 3704 4084; x_wconf 81' lang='grc' dir='ltr'>Πνεύματος</span> 
     </span>
    </p>
   </div>
   <div class='ocr_carea' id='block_1_101' title="bbox 2127 4106 3711 4180">
    <p class='ocr_par' dir='ltr' id='par_1_101' title="bbox 2127 4106 3711 4180">
     <span class='ocr_line' id='line_1_101' title="bbox 2127 4106 3711 4180; baseline -0.003 -18"><span class='ocrx_word' id='word_1_758' title='bbox 2127 4111 2303 4178; x_wconf 82' lang='grc' dir='ltr'>λόγον·</span> <span class='ocrx_word' id='word_1_759' title='bbox 2347 4109 2681 4180; x_wconf 82' lang='grc' dir='ltr'>ἐμφύροντες</span> <span class='ocrx_word' id='word_1_760' title='bbox 2706 4111 2763 4163; x_wconf 85' lang='grc' dir='ltr'>δὲ</span> <span class='ocrx_word' id='word_1_761' title='bbox 2792 4111 2885 4163; x_wconf 78' lang='grc' dir='ltr'><strong>καὶ</strong></span> <span class='ocrx_word' id='word_1_762' title='bbox 2914 4109 3308 4180; x_wconf 83' lang='grc' dir='ltr'>ἀναμίσγοντες</span> <span class='ocrx_word' id='word_1_763' title='bbox 3336 4108 3487 4160; x_wconf 81' lang='grc' dir='ltr'>θολὸν</span> <span class='ocrx_word' id='word_1_764' title='bbox 3513 4106 3661 4159; x_wconf 79' lang='grc' dir='ltr'>ὥσπε</span> <span class='ocrx_word' id='word_1_765' title='bbox 3670 4123 3711 4174; x_wconf 46' lang='grc' dir='ltr'><strong>ρν</strong></span> 
     </span>
    </p>
   </div>
   <div class='ocr_carea' id='block_1_102' title="bbox 2128 4199 3706 4273">
    <p class='ocr_par' dir='ltr' id='par_1_102' title="bbox 2128 4199 3706 4273">
     <span class='ocr_line' id='line_1_102' title="bbox 2128 4199 3706 4273; baseline 0.002 -20"><span class='ocrx_word' id='word_1_766' title='bbox 2128 4204 2249 4255; x_wconf 80' lang='grc' dir='ltr'>τινὰ</span> <span class='ocrx_word' id='word_1_767' title='bbox 2287 4203 2394 4255; x_wconf 86' lang='grc' dir='ltr'><strong>τῶν</strong></span> <span class='ocrx_word' id='word_1_768' title='bbox 2432 4203 2574 4255; x_wconf 82' lang='grc' dir='ltr'>ἰδίων</span> <span class='ocrx_word' id='word_1_769' title='bbox 2602 4202 3003 4273; x_wconf 84' lang='grc' dir='ltr'>ἐνθυμημάτων</span> <span class='ocrx_word' id='word_1_770' title='bbox 3030 4203 3091 4255; x_wconf 84' lang='grc' dir='ltr'><strong>τὸ</strong></span> <span class='ocrx_word' id='word_1_771' title='bbox 3116 4202 3350 4271; x_wconf 78' lang='grc' dir='ltr'>ἀτερπὲς</span> <span class='ocrx_word' id='word_1_772' title='bbox 3390 4199 3555 4269; x_wconf 75' lang='grc' dir='ltr'>αὐτῷ,</span> <span class='ocrx_word' id='word_1_773' title='bbox 3584 4200 3706 4256; x_wconf 76' lang='grc' dir='ltr'>ταῖς</span> 
     </span>
    </p>
   </div>
   <div class='ocr_carea' id='block_1_103' title="bbox 2129 4290 3709 4365">
    <p class='ocr_par' dir='ltr' id='par_1_103' title="bbox 2129 4290 3709 4365">
     <span class='ocr_line' id='line_1_103' title="bbox 2129 4290 3709 4365; baseline -0.003 -19"><span class='ocrx_word' id='word_1_774' title='bbox 2129 4294 2220 4347; x_wconf 84' lang='grc' dir='ltr'><strong>τοῦ</strong></span> <span class='ocrx_word' id='word_1_775' title='bbox 2252 4296 2499 4365; x_wconf 83' lang='grc' dir='ltr'>Σωτῆρος</span> <span class='ocrx_word' id='word_1_776' title='bbox 2538 4295 2760 4363; x_wconf 82' lang='grc' dir='ltr'>ἀγέλαις</span> <span class='ocrx_word' id='word_1_777' title='bbox 2788 4294 3228 4363; x_wconf 77' lang='grc' dir='ltr'>ἐπιϐουλεύομεν.</span> <span class='ocrx_word' id='word_1_778' title='bbox 3260 4292 3579 4358; x_wconf 80' lang='grc' dir='ltr'>Ἐκδείξειεν</span> <span class='ocrx_word' id='word_1_779' title='bbox 3639 4290 3709 4342; x_wconf 88' lang='grc' dir='ltr'><strong>ἂν</strong></span> 
     </span>
    </p>
   </div>
   <div class='ocr_carea' id='block_1_104' title="bbox 2131 4381 3705 4457">
    <p class='ocr_par' dir='ltr' id='par_1_104' title="bbox 2131 4381 3705 4457">
     <span class='ocr_line' id='line_1_104' title="bbox 2131 4381 3705 4457; baseline -0.003 -19"><span class='ocrx_word' id='word_1_780' title='bbox 2131 4387 2224 4439; x_wconf 78' lang='grc' dir='ltr'>καὶ</span> <span class='ocrx_word' id='word_1_781' title='bbox 2279 4386 2437 4439; x_wconf 91' lang='grc' dir='ltr'>τοῦτο</span> <span class='ocrx_word' id='word_1_782' title='bbox 2489 4388 2623 4457; x_wconf 77' lang='grc' dir='ltr'>ἡμῖν</span> <span class='ocrx_word' id='word_1_783' title='bbox 2680 4387 2756 4450; x_wconf 83' lang='grc' dir='ltr'>ὡς</span> <span class='ocrx_word' id='word_1_784' title='bbox 2810 4387 2955 4441; x_wconf 80' lang='grc' dir='ltr'>ἔστιν</span> <span class='ocrx_word' id='word_1_785' title='bbox 2987 4386 3185 4451; x_wconf 82' lang='grc' dir='ltr'>ἀληθὲς</span> <span class='ocrx_word' id='word_1_786' title='bbox 3214 4385 3283 4438; x_wconf 87' lang='grc' dir='ltr'>τὰ</span> <span class='ocrx_word' id='word_1_787' title='bbox 3311 4384 3436 4455; x_wconf 74' lang='grc' dir='ltr'>περὶ</span> <span class='ocrx_word' id='word_1_788' title='bbox 3468 4381 3705 4453; x_wconf 80' lang='grc' dir='ltr'>Χριστοῦ</span> 
     </span>
    </p>
   </div>
   <div class='ocr_carea' id='block_1_105' title="bbox 2132 4473 3703 4550">
    <p class='ocr_par' dir='ltr' id='par_1_105' title="bbox 2132 4473 3703 4550">
     <span class='ocr_line' id='line_1_105' title="bbox 2132 4473 3703 4550; baseline -0.003 -20"><span class='ocrx_word' id='word_1_789' title='bbox 2132 4479 2293 4532; x_wconf 88' lang='grc' dir='ltr'>πάλιν</span> <span class='ocrx_word' id='word_1_790' title='bbox 2323 4478 2472 4548; x_wconf 85' lang='grc' dir='ltr'>αὐτῷ</span> <span class='ocrx_word' id='word_1_791' title='bbox 2495 4478 2882 4550; x_wconf 82' lang='grc' dir='ltr'>τεθεωρημένα</span> <span class='ocrx_word' id='word_1_792' title='bbox 2904 4495 2961 4531; x_wconf 88' lang='grc' dir='ltr'><strong>τε</strong></span> <span class='ocrx_word' id='word_1_793' title='bbox 2986 4478 3081 4531; x_wconf 77' lang='grc' dir='ltr'><strong>καὶ</strong></span> <span class='ocrx_word' id='word_1_794' title='bbox 3108 4475 3396 4545; x_wconf 82' lang='grc' dir='ltr'>ἀτημελῶς</span> <span class='ocrx_word' id='word_1_795' title='bbox 3417 4473 3703 4545; x_wconf 75' lang='grc' dir='ltr'>εἰρημένα·</span> 
     </span>
    </p>
   </div>
   <div class='ocr_carea' id='block_1_106' title="bbox 2133 4567 2574 4637">
    <p class='ocr_par' dir='ltr' id='par_1_106' title="bbox 2133 4567 2574 4637">
     <span class='ocr_line' id='line_1_106' title="bbox 2133 4567 2574 4637; baseline 0.005 -18"><span class='ocrx_word' id='word_1_796' title='bbox 2133 4567 2246 4637; x_wconf 79' lang='grc' dir='ltr'>ἔχει</span> <span class='ocrx_word' id='word_1_797' title='bbox 2286 4568 2343 4620; x_wconf 90' lang='grc' dir='ltr'><strong>δέ</strong></span> <span class='ocrx_word' id='word_1_798' title='bbox 2382 4567 2574 4631; x_wconf 69' lang='grc' dir='ltr'><strong>οὕτως⁸</strong></span> 
     </span>
    </p>
   </div>
   <div class='ocr_carea' id='block_1_107' title="bbox 2204 4654 3707 4732">
    <p class='ocr_par' dir='ltr' id='par_1_107' title="bbox 2204 4654 3707 4732">
     <span class='ocr_line' id='line_1_107' title="bbox 2204 4654 3707 4732; baseline -0.003 -20"><span class='ocrx_word' id='word_1_799' title='bbox 2204 4656 2333 4732; x_wconf 78' lang='grc' dir='ltr'><strong>[Ἦν</strong></span> <span class='ocrx_word' id='word_1_800' title='bbox 2368 4659 2467 4730; x_wconf 84' lang='grc' dir='ltr'><strong>μὲν</strong></span> <span class='ocrx_word' id='word_1_801' title='bbox 2500 4659 2609 4729; x_wconf 82' lang='grc' dir='ltr'>γὰρ</span> <span class='ocrx_word' id='word_1_802' title='bbox 2638 4662 2666 4712; x_wconf 92' lang='grc' dir='ltr'>ὁ</span> <span class='ocrx_word' id='word_1_803' title='bbox 2695 4659 2826 4722; x_wconf 80' lang='grc' dir='ltr'>Θεὸς</span> <span class='ocrx_word' id='word_1_804' title='bbox 2861 4660 3030 4726; x_wconf 85' lang='grc' dir='ltr'>Λόγος</span> <span class='ocrx_word' id='word_1_805' title='bbox 3056 4658 3151 4711; x_wconf 78' lang='grc' dir='ltr'><strong>καὶ</strong></span> <span class='ocrx_word' id='word_1_806' title='bbox 3182 4656 3288 4727; x_wconf 77' lang='grc' dir='ltr'><strong>πρὸ</strong></span> <span class='ocrx_word' id='word_1_807' title='bbox 3317 4655 3416 4725; x_wconf 86' lang='grc' dir='ltr'><strong>τῆς</strong></span> <span class='ocrx_word' id='word_1_808' title='bbox 3442 4654 3707 4725; x_wconf 81' lang='grc' dir='ltr'>ένανθρω-</span> 
     </span>
    </p>
   </div>
   <div class='ocr_carea' id='block_1_108' title="bbox 2134 4747 3709 4825">
    <p class='ocr_par' dir='ltr' id='par_1_108' title="bbox 2134 4747 3709 4825">
     <span class='ocr_line' id='line_1_108' title="bbox 2134 4747 3709 4825; baseline -0.005 -19"><span class='ocrx_word' id='word_1_809' title='bbox 2134 4757 2375 4825; x_wconf 82' lang='grc' dir='ltr'>πήσεως,</span> <span class='ocrx_word' id='word_1_810' title='bbox 2412 4752 2539 4813; x_wconf 87' lang='grc' dir='ltr'>Υἱὸς</span> <span class='ocrx_word' id='word_1_811' title='bbox 2570 4751 2661 4804; x_wconf 74' lang='grc' dir='ltr'><strong>καὶ</strong></span> <span class='ocrx_word' id='word_1_812' title='bbox 2684 4751 2835 4815; x_wconf 81' lang='grc' dir='ltr'>Θεὸς,</span> <span class='ocrx_word' id='word_1_813' title='bbox 2867 4751 2961 4802; x_wconf 72' lang='grc' dir='ltr'><strong>καὶ</strong></span> <span class='ocrx_word' id='word_1_814' title='bbox 2982 4748 3245 4801; x_wconf 87' lang='grc' dir='ltr'>συναινῶν</span> <span class='ocrx_word' id='word_1_815' title='bbox 3268 4747 3346 4817; x_wconf 84' lang='grc' dir='ltr'>τῷ</span> <span class='ocrx_word' id='word_1_816' title='bbox 3375 4747 3548 4818; x_wconf 85' lang='grc' dir='ltr'>Πατρί</span> <span class='ocrx_word' id='word_1_817' title='bbox 3572 4763 3593 4783; x_wconf 66' lang='grc'>·»</span> <span class='ocrx_word' id='word_1_818' title='bbox 3615 4748 3709 4799; x_wconf 87' lang='grc' dir='ltr'><strong>ἀν-</strong></span> 
     </span>
    </p>
   </div>
   <div class='ocr_carea' id='block_1_109' title="bbox 2135 4838 3711 4912">
    <p class='ocr_par' dir='ltr' id='par_1_109' title="bbox 2135 4838 3711 4912">
     <span class='ocr_line' id='line_1_109' title="bbox 2135 4838 3711 4912; baseline -0.006 -13"><span class='ocrx_word' id='word_1_819' title='bbox 2135 4845 2294 4899; x_wconf 78' lang='grc' dir='ltr'>ἐλαὸε</span> <span class='ocrx_word' id='word_1_820' title='bbox 2332 4844 2391 4897; x_wconf 82' lang='grc' dir='ltr'>δὲ</span> <span class='ocrx_word' id='word_1_821' title='bbox 2420 4845 2477 4895; x_wconf 88' lang='grc' dir='ltr'>ἐν</span> <span class='ocrx_word' id='word_1_822' title='bbox 2506 4843 2751 4912; x_wconf 80' lang='grc' dir='ltr'>ὑστέροις</span> <span class='ocrx_word' id='word_1_823' title='bbox 2783 4843 2995 4911; x_wconf 77' lang='grc' dir='ltr'>καιροῖς</span> <span class='ocrx_word' id='word_1_824' title='bbox 3023 4842 3121 4907; x_wconf 80' lang='grc' dir='ltr'><strong>τὴν</strong></span> <span class='ocrx_word' id='word_1_825' title='bbox 3143 4839 3236 4893; x_wconf 87' lang='grc' dir='ltr'><strong>τοῦ</strong></span> <span class='ocrx_word' id='word_1_826' title='bbox 3258 4838 3444 4893; x_wconf 88' lang='grc' dir='ltr'>δούλου</span> <span class='ocrx_word' id='word_1_827' title='bbox 3472 4839 3711 4908; x_wconf 66' lang='grc' dir='ltr'>μορφήν.</span> 
     </span>
    </p>
   </div>
   <div class='ocr_carea' id='block_1_110' title="bbox 2149 4929 3711 5005">
    <p class='ocr_par' dir='ltr' id='par_1_110' title="bbox 2149 4929 3711 5005">
     <span class='ocr_line' id='line_1_110' title="bbox 2149 4929 3711 5005; baseline -0.004 -16"><span class='ocrx_word' id='word_1_828' title='bbox 2149 4938 2287 4990; x_wconf 79' lang='grc' dir='ltr'>Ἀλλ’</span> <span class='ocrx_word' id='word_1_829' title='bbox 2320 4936 2396 4989; x_wconf 85' lang='grc' dir='ltr'><strong>ὣν</strong></span> <span class='ocrx_word' id='word_1_830' title='bbox 2424 4935 2531 5005; x_wconf 87' lang='grc' dir='ltr'><strong>πρὸ</strong></span> <span class='ocrx_word' id='word_1_831' title='bbox 2555 4934 2744 4988; x_wconf 86' lang='grc' dir='ltr'>τούτου</span> <span class='ocrx_word' id='word_1_832' title='bbox 2769 4933 2917 4997; x_wconf 79' lang='grc' dir='ltr'>Υἱὸς,</span> <span class='ocrx_word' id='word_1_833' title='bbox 2940 4931 3033 4985; x_wconf 70' lang='grc' dir='ltr'>κα).</span> <span class='ocrx_word' id='word_1_834' title='bbox 3067 4931 3418 5001; x_wconf 87' lang='grc' dir='ltr'>καλούμενος,</span> <span class='ocrx_word' id='word_1_835' title='bbox 3453 4931 3589 4999; x_wconf 79' lang='grc' dir='ltr'><strong>μετά</strong></span> <span class='ocrx_word' id='word_1_836' title='bbox 3612 4929 3711 4999; x_wconf 82' lang='grc' dir='ltr'>τὴν</span> 
     </span>
    </p>
   </div>
   <div class='ocr_carea' id='block_1_111' title="bbox 2136 5018 3708 5096">
    <p class='ocr_par' dir='ltr' id='par_1_111' title="bbox 2136 5018 3708 5096">
     <span class='ocr_line' id='line_1_111' title="bbox 2136 5018 3708 5096; baseline -0.006 -15"><span class='ocrx_word' id='word_1_837' title='bbox 2136 5026 2402 5096; x_wconf 82' lang='grc' dir='ltr'>ἀνάληψιν</span> <span class='ocrx_word' id='word_1_838' title='bbox 2434 5026 2495 5078; x_wconf 82' lang='grc' dir='ltr'><strong>οὐ</strong></span> <span class='ocrx_word' id='word_1_839' title='bbox 2528 5024 2749 5079; x_wconf 88' lang='grc' dir='ltr'>δύναται</span> <span class='ocrx_word' id='word_1_840' title='bbox 2794 5022 3076 5077; x_wconf 86' lang='grc' dir='ltr'>καλεῖσθαι</span> <span class='ocrx_word' id='word_1_841' title='bbox 3107 5021 3527 5091; x_wconf 84' lang='grc' dir='ltr'>κεχωρισμένως</span> <span class='ocrx_word' id='word_1_842' title='bbox 3558 5018 3708 5081; x_wconf 79' lang='grc' dir='ltr'>Υἱὸς,</span> 
     </span>
    </p>
   </div>
   <div class='ocr_carea' id='block_1_112' title="bbox 2136 5110 3711 5190">
    <p class='ocr_par' dir='ltr' id='par_1_112' title="bbox 2136 5110 3711 5190">
     <span class='ocr_line' id='line_1_112' title="bbox 2136 5110 3711 5190; baseline -0.008 -17"><span class='ocrx_word' id='word_1_843' title='bbox 2136 5122 2221 5173; x_wconf 82' lang='grc' dir='ltr'>ἵνα</span> <span class='ocrx_word' id='word_1_844' title='bbox 2247 5121 2321 5190; x_wconf 82' lang='grc' dir='ltr'>μὴ</span> <span class='ocrx_word' id='word_1_845' title='bbox 2342 5119 2436 5173; x_wconf 86' lang='grc' dir='ltr'><strong>δύο</strong></span> <span class='ocrx_word' id='word_1_846' title='bbox 2456 5119 2604 5181; x_wconf 79' lang='grc' dir='ltr'>υἱοὺς</span> <span class='ocrx_word' id='word_1_847' title='bbox 2635 5116 3069 5187; x_wconf 84' lang='grc' dir='ltr'>δογματίσωμεν.</span> <span class='ocrx_word' id='word_1_848' title='bbox 3089 5113 3229 5166; x_wconf 81' lang='grc' dir='ltr'>Ἀλλ’</span> <span class='ocrx_word' id='word_1_849' title='bbox 3254 5113 3549 5183; x_wconf 79' lang='grc' dir='ltr'>ἐπειδήπερ</span> <span class='ocrx_word' id='word_1_850' title='bbox 3569 5110 3711 5165; x_wconf 56' lang='grc' dir='ltr'>ἐκείρ-</span> 
     </span>
    </p>
   </div>
   <div class='ocr_carea' id='block_1_113' title="bbox 2136 5204 3713 5281">
    <p class='ocr_par' dir='ltr' id='par_1_113' title="bbox 2136 5204 3713 5281">
     <span class='ocr_line' id='line_1_113' title="bbox 2136 5204 3713 5281; baseline -0.004 -19"><span class='ocrx_word' id='word_1_851' title='bbox 2136 5229 2212 5281; x_wconf 84' lang='grc' dir='ltr'><strong>νῳ</strong></span> <span class='ocrx_word' id='word_1_852' title='bbox 2244 5211 2511 5281; x_wconf 80' lang='grc' dir='ltr'>συνῆπται</span> <span class='ocrx_word' id='word_1_853' title='bbox 2566 5210 2643 5281; x_wconf 84' lang='grc' dir='ltr'>τῷ</span> <span class='ocrx_word' id='word_1_854' title='bbox 2692 5212 2752 5262; x_wconf 82' lang='grc' dir='ltr'>ἐν</span> <span class='ocrx_word' id='word_1_855' title='bbox 2794 5211 2936 5279; x_wconf 84' lang='grc' dir='ltr'>ἀρχῇ</span> <span class='ocrx_word' id='word_1_856' title='bbox 2988 5209 3099 5261; x_wconf 87' lang='grc' dir='ltr'>ὅντι</span> <span class='ocrx_word' id='word_1_857' title='bbox 3130 5207 3244 5277; x_wconf 80' lang='grc' dir='ltr'><strong>Υίῷ</strong></span> <span class='ocrx_word' id='word_1_858' title='bbox 3287 5205 3365 5276; x_wconf 84' lang='grc' dir='ltr'>τῷ</span> <span class='ocrx_word' id='word_1_859' title='bbox 3392 5206 3527 5276; x_wconf 82' lang='grc' dir='ltr'>πρὸς</span> <span class='ocrx_word' id='word_1_860' title='bbox 3551 5204 3713 5258; x_wconf 76' lang='grc' dir='ltr'>αὑτὸν</span> 
     </span>
    </p>
   </div>
   <div class='ocr_carea' id='block_1_114' title="bbox 2140 5293 3712 5372">
    <p class='ocr_par' dir='ltr' id='par_1_114' title="bbox 2140 5293 3712 5372">
     <span class='ocr_line' id='line_1_114' title="bbox 2140 5293 3712 5372; baseline -0.003 -16"><span class='ocrx_word' id='word_1_861' title='bbox 2140 5304 2482 5372; x_wconf 80' lang='grc' dir='ltr'>συναφθέντι,</span> <span class='ocrx_word' id='word_1_862' title='bbox 2507 5305 2568 5356; x_wconf 87' lang='grc' dir='ltr'><strong>ού</strong></span> <span class='ocrx_word' id='word_1_863' title='bbox 2601 5302 2818 5356; x_wconf 82' lang='grc' dir='ltr'>δύναται</span> <span class='ocrx_word' id='word_1_864' title='bbox 2846 5300 2984 5354; x_wconf 84' lang='grc' dir='ltr'><strong>κατά</strong></span> <span class='ocrx_word' id='word_1_865' title='bbox 3013 5301 3073 5353; x_wconf 82' lang='grc' dir='ltr'><strong>τὸ</strong></span> <span class='ocrx_word' id='word_1_866' title='bbox 3095 5293 3308 5370; x_wconf 71' lang='grc' dir='ltr'>ἀξίωμα</span> <span class='ocrx_word' id='word_1_867' title='bbox 3338 5299 3437 5369; x_wconf 82' lang='grc' dir='ltr'><strong>τῆς</strong></span> <span class='ocrx_word' id='word_1_868' title='bbox 3467 5300 3712 5367; x_wconf 84' lang='grc' dir='ltr'>υίότητος</span> 
     </span>
    </p>
   </div>
   <div class='ocr_carea' id='block_1_115' title="bbox 2137 5390 3715 5463">
    <p class='ocr_par' dir='ltr' id='par_1_115' title="bbox 2137 5390 3715 5463">
     <span class='ocr_line' id='line_1_115' title="bbox 2137 5390 3715 5463; baseline -0.001 -18"><span class='ocrx_word' id='word_1_869' title='bbox 2137 5394 2402 5463; x_wconf 81' lang='grc' dir='ltr'>διαίρεσιν</span> <span class='ocrx_word' id='word_1_870' title='bbox 2432 5394 2681 5459; x_wconf 82' lang='grc' dir='ltr'>δέξασθαι</span> <span class='ocrx_word' id='word_1_871' title='bbox 2707 5411 2721 5423; x_wconf 95' lang='grc'><strong>·</strong></span> <span class='ocrx_word' id='word_1_872' title='bbox 2755 5392 2896 5447; x_wconf 88' lang='grc' dir='ltr'>κατὰ</span> <span class='ocrx_word' id='word_1_873' title='bbox 2917 5394 2977 5443; x_wconf 79' lang='grc' dir='ltr'><strong>τὸ</strong></span> <span class='ocrx_word' id='word_1_874' title='bbox 3003 5390 3217 5461; x_wconf 79' lang='grc' dir='ltr'>ἀξίωμά</span> <span class='ocrx_word' id='word_1_875' title='bbox 3242 5409 3383 5463; x_wconf 85' lang='grc' dir='ltr'>φημι</span> <span class='ocrx_word' id='word_1_876' title='bbox 3407 5393 3504 5461; x_wconf 87' lang='grc' dir='ltr'><strong>τῆς</strong></span> <span class='ocrx_word' id='word_1_877' title='bbox 3534 5393 3715 5462; x_wconf 79' lang='grc' dir='ltr'>υίότη-</span> 
     </span>
    </p>
   </div>
   <div class='ocr_carea' id='block_1_116' title="bbox 2140 5482 3716 5552">
    <p class='ocr_par' dir='ltr' id='par_1_116' title="bbox 2140 5482 3716 5552">
     <span class='ocr_line' id='line_1_116' title="bbox 2140 5482 3716 5552; baseline 0.002 -18"><span class='ocrx_word' id='word_1_878' title='bbox 2140 5502 2249 5549; x_wconf 82' lang='grc' dir='ltr'>τος,</span> <span class='ocrx_word' id='word_1_879' title='bbox 2291 5486 2349 5537; x_wconf 79' lang='grc' dir='ltr'>οὐ</span> <span class='ocrx_word' id='word_1_880' title='bbox 2386 5484 2525 5537; x_wconf 85' lang='grc' dir='ltr'><strong>κατά</strong></span> <span class='ocrx_word' id='word_1_881' title='bbox 2551 5483 2651 5546; x_wconf 82' lang='grc' dir='ltr'>τὰς</span> <span class='ocrx_word' id='word_1_882' title='bbox 2680 5483 2887 5551; x_wconf 79' lang='grc' dir='ltr'>φύσεις.</span> <span class='ocrx_word' id='word_1_883' title='bbox 2925 5484 3023 5535; x_wconf 85' lang='grc' dir='ltr'>Διά</span> <span class='ocrx_word' id='word_1_884' title='bbox 3070 5482 3228 5535; x_wconf 86' lang='grc' dir='ltr'>τοῦτο</span> <span class='ocrx_word' id='word_1_885' title='bbox 3278 5483 3370 5535; x_wconf 73' lang='grc' dir='ltr'><strong>καὶ</strong></span> <span class='ocrx_word' id='word_1_886' title='bbox 3397 5484 3651 5552; x_wconf 81' lang='grc' dir='ltr'>Χριστὸς,</span> <span class='ocrx_word' id='word_1_887' title='bbox 3688 5488 3716 5537; x_wconf 77' lang='grc' dir='ltr'><strong>δ</strong></span> 
     </span>
    </p>
   </div>
   <div class='ocr_carea' id='block_1_117' title="bbox 2140 5575 3705 5646">
    <p class='ocr_par' dir='ltr' id='par_1_117' title="bbox 2140 5575 3705 5646">
     <span class='ocr_line' id='line_1_117' title="bbox 2140 5575 3705 5646; baseline 0.001 -17"><span class='ocrx_word' id='word_1_888' title='bbox 2140 5577 2271 5638; x_wconf 81' lang='grc' dir='ltr'>Θεὸς</span> <span class='ocrx_word' id='word_1_889' title='bbox 2302 5576 2471 5646; x_wconf 89' lang='grc' dir='ltr'>Λόγος</span> <span class='ocrx_word' id='word_1_890' title='bbox 2508 5576 2852 5644; x_wconf 77' lang='grc' dir='ltr'>ὀνομάζεται,</span> <span class='ocrx_word' id='word_1_891' title='bbox 2883 5576 3111 5646; x_wconf 72' lang='grc' dir='ltr'>ἐπείπερ</span> <span class='ocrx_word' id='word_1_892' title='bbox 3149 5576 3259 5646; x_wconf 78' lang='grc' dir='ltr'>ἔχει</span> <span class='ocrx_word' id='word_1_893' title='bbox 3289 5575 3387 5645; x_wconf 77' lang='grc' dir='ltr'>τὴν</span> <span class='ocrx_word' id='word_1_894' title='bbox 3421 5577 3705 5645; x_wconf 60' lang='grc' dir='ltr'>συνάφειαε</span> 
     </span>
    </p>
   </div>
   <div class='ocr_carea' id='block_1_118' title="bbox 1704 5749 2305 5817">
    <p class='ocr_par' dir='ltr' id='par_1_118' title="bbox 1704 5749 2305 5817">
     <span class='ocr_line' id='line_1_118' title="bbox 1704 5749 2305 5817; baseline 0.007 -14"><span class='ocrx_word' id='word_1_895' title='bbox 1704 5752 1745 5782; x_wconf 64' lang='grc' dir='ltr'><strong>δ’</strong></span> <span class='ocrx_word' id='word_1_896' title='bbox 1779 5749 2305 5817; x_wconf 73' lang='lat' dir='ltr'><strong>Ezech.xxx1v,18.</strong></span> 
     </span>
    </p>
   </div>
  </div>
