4054 6332
297 417 369 472 89
1430 407 1805 466 ADVERSUS
1848 403 2255 462 NESTORIUM
2295 401 2426 458 LIB.
2467 400 2531 456 II.
3501 396 3571 450 90

296 535 395 606 τὴν
425 533 558 605 πρὸς
579 532 670 586 τὸν
693 532 928 604 Χριστὸν
955 532 1180 601 διηνεκῆ
1201 549 1214 562 ·
1250 531 1339 584 καὶ
1372 531 1471 582 οὐκ
1503 528 1618 582 ἔστι
1643 527 1736 582 τὸν
1757 526 1887 581 Θεὸν

1995 526 2144 592 bum,
2211 525 2336 594 quia
2371 522 2529 576 habet
2577 529 2894 589 perpetuam
2928 533 3049 571 cum
3077 516 3295 571 Christo
3337 513 3568 585 conjun-

298 627 472 696 Λόγον
498 626 625 679 ἀνευ
650 626 748 694 τῆς
777 624 872 676 ἀνθ
884 624 1194 694 ρωπότητος
1224 620 1427 693 πρᾶξαί
1450 638 1532 674 τιο
1555 619 1880 690 ἀπηκρίϐω-

297 735 386 770 ται
434 715 542 786 γὰρ
576 716 656 778 εἰς
695 713 873 783 ἄκραν
921 713 1235 780 συνάφειαν,
1279 713 1378 764 οὐκ
1427 712 1506 773 εἰς
1554 710 1879 774 ἀποθέωσιν,

299 806 444 860 κατὰ
492 807 620 871 τοὺς
680 807 886 874 σαφοὺς
933 803 1042 857 τῶν
1094 803 1472 875 δογματιστῶν
1527 803 1638 856 τῶν
1687 802 1883 855 νεωτέ-

299 898 459 972 ρων-1

901 1031 1154 1085 ΚΕΦΑΛ.
1196 1033 1280 1086 II'.

383 1170 444 1222 '0
476 1170 645 1239 φάναι
671 1171 950 1241 τολμήσας
981 1171 1081 1240 τὴν
1123 1169 1220 1224 τοῦ
1267 1167 1606 1238 Μονογενοῦς
1641 1167 1880 1232 εὐδοξίαν

301 1278 366 1332 τῃ
401 1261 638 1333 Χριστοῦ
672 1263 972 1332 περιῆφθαι
996 1263 1302 1334 δυναστείᾳ,
1336 1264 1428 1315 καὶ
1449 1261 1542 1314 τὸν
1570 1261 1670 1331 τῆς
1694 1262 1883 1332 ἑνότη-

299 1372 390 1417 τος
424 1353 720 1426 σύνδεσμον
752 1356 1081 1420 διασπάσας,
1116 1355 1336 1422 συνάγει
1371 1354 1533 1410 πάλιν
1561 1355 1642 1416 είς
1669 1353 1882 1416 ἕνωσιν,

298 1447 507 1500 διαλύει
536 1463 597 1500 τε
636 1443 726 1510 αὖ,
774 1448 870 1500 καὶ
905 1446 1178 1518 ἐξίστησιν
1229 1447 1474 1517 ἀλλήλων
1515 1446 1616 1509 τὰς
1668 1446 1881 1515 φύσεις,

305 1540 542 1594 πλεῖστά
575 1557 636 1593 τε
672 1541 774 1594 ὅσα
809 1541 936 1611 περὶ
977 1539 1183 1593 τούτων
1211 1541 1344 1610 ἡμῖν
1373 1538 1649 1605 κενολογεῖ
1675 1539 1767 1590 καὶ
1799 1553 1881 1589 τεο

303 1633 610 1703 ρατεύεται,
631 1633 719 1688 ἵνα
750 1634 852 1686 κᾶν
877 1633 991 1685 εἴτι
1023 1633 1265 1702 φαίνοιτο
1294 1631 1467 1700 λέγων
1492 1632 1601 1684 τῶν
1629 1633 1706 1694 εἰς
1731 1630 1883 1701 ὀρθό-

301 1744 439 1797 τητα
469 1726 823 1789 νενευκότων,
853 1726 1208 1796 ἐξελέγχηται
1245 1725 1432 1795 σαφῶς
1461 1726 1535 1797 μὴ
1564 1725 1719 1788 εἰδὼς
1745 1725 1772 1778 ὂ
1798 1725 1885 1777 λέ-

300 1835 405 1886 γει.
436 1814 591 1872 Εἶναι
635 1818 734 1888 μὲν
768 1818 876 1888 γὰρ
901 1818 1088 1871 ἐνθάδε
1124 1819 1258 1889 φησὶ
1286 1818 1376 1870 τὸν
1399 1817 1494 1871 τοῦ
1523 1817 1658 1871 Θεοῦ
1686 1817 1880 1886 Λόγον,

303 1911 400 1963 καὶ
432 1910 560 1963 Υίὸν
583 1913 680 1966 καὶ
703 1911 855 1978 Θεὸν,
885 1913 980 1964 καὶ
1011 1912 1118 1983 πρὸ
1145 1912 1245 1980 τῆς
1264 1912 1421 1964 ένανθ
1433 1913 1731 1983 ρωπήσεως
1751 1930 1764 1942 ·

306 2001 414 2071 μὴν
445 2002 528 2054 ὅτι
562 2003 654 2057 καὶ
701 2004 759 2056 ἐν
808 2004 1058 2075 ὑστέροις
1097 2008 1309 2075 καιροῖς
1357 2005 1585 2057 ἀνέλαϐε
1635 2007 1736 2075 τὴν
1790 2003 1883 2057 τοῦ

301 2094 491 2147 δούλου
520 2097 757 2166 μορφήν.
788 2095 968 2167 Φράζε
1003 2097 1066 2168 δὴ
1099 2093 1212 2160 οὖν,
1245 2099 1292 2150 εί
1326 2099 1397 2168 μή
1438 2116 1519 2151 σοι
1544 2098 1686 2151 δοκῶ
1714 2099 1781 2151 τὰ
1813 2101 1887 2152 εἰ-

302 2185 435 2240 κότα
461 2187 661 2256 λέγειν,
689 2187 768 2250 τίς
796 2189 862 2258 δὴ
901 2189 1010 2261 ἄρα
1041 2191 1188 2243 ἐστὶν
1220 2192 1248 2243 6
1278 2190 1696 2262 ἐνανθρωπῆσαι
1724 2190 1884 2259 λεγό-

305 2296 504 2348 μενος;
533 2281 626 2333 καὶ
653 2279 706 2332 τί
734 2279 814 2347 τὸ,
845 2281 1284 2352 ἐνανθρωπῆσαι,
1318 2283 1458 2352 φήςς
1495 2283 1578 2343 τίς
1606 2285 1633 2335 6
1661 2281 1762 2352 τὴν
1791 2282 1884 2335 τοῦ

285 2371 489 2425 ’δούλου
535 2373 750 2444 μορφὴν
793 2373 1112 2439 ἀναλαϐὠν;
1159 2374 1432 2446 ἀνελήφθη
1467 2375 1522 2428 δὲ
1555 2375 1686 2447 παρ’
1719 2375 1885 2428 αὑτοῦ

302 2462 420 2516 τίνα
450 2464 682 2533 τρόπονς
715 2465 838 2518 Ὀτι
871 2466 968 2536 μὲν
1013 2462 1106 2519 οὖν
1139 2467 1426 2535 ἄνθρωπον
1467 2467 1886 2539 ἐνανθρωπῆσαι

301 2554 496 2621 λέγων,
529 2555 762 2623 γέλωτος
810 2556 965 2621 ἀξίαν
1018 2561 1287 2628 ἀποφανεῖ
1328 2559 1429 2628 τὴν
1461 2559 1654 2613 ἑαυτοῦ
1693 2559 1884 2631 φρένα,

304 2646 422 2710 πῶς
453 2649 518 2700 ἂν
547 2650 841 2703 ὲνδοιάσειέ
867 2669 950 2714 τις
975 2669 987 2717 ;
1017 2654 1044 2704 ὁ
1075 2653 1181 2723 γὰρ
1214 2651 1289 2706 ὣν
1315 2651 1598 2725 ἄνθρωπος
1624 2653 1765 2706 κατά
1789 2654 1887 2722 φύ-

305 2756 408 2800 σιν,
441 2740 559 2804 πῶς
595 2741 661 2794 ἂν
701 2742 729 2794 ὅ
770 2739 837 2811 ἦν
889 2744 1100 2811 γένοιτο
1141 2745 1322 2812 πάλιν,
1357 2747 1450 2799 καὶ
1479 2748 1554 2810 ὡς
1587 2748 1670 2814 ἐφ’
1696 2746 1888 2818 ἔτερόν

302 2848 354 2883 τι
381 2834 854 2903 μετακεχωρηκὼς
882 2834 965 2906 εἴη
994 2836 1079 2898 ἂν,
1108 2839 1249 2892 κατά
1279 2839 1342 2906 γέ
1371 2856 1513 2908 φημι
1544 2839 1633 2891 τὸν
1665 2841 1761 2907 τῆς
1789 2839 1888 2909 φιδ-

306 2939 441 2984 σεως
467 2921 660 2991 λόγον;
698 2924 769 2976 Τὸ
815 2925 868 2977 δὲ
906 2927 1047 2980 κατὰ
1083 2928 1244 2997 φύσιν
1278 2931 1414 2983 ἰδίαν
1446 2931 1544 2983 οὐκ
1580 2931 1884 3001 ἐλεύθερον,

301 3014 422 3067 τίνα
454 3015 654 3086 τρόπον
681 3017 746 3070 ἃν
775 3017 986 3085 λέγοιτο
1028 3022 1362 3092 γεγενῆσθαι
1394 3023 1598 3087 δοῦλον,
1627 3025 1701 3087 ὡς
1731 3023 1888 3077 τοῦτο

301 3108 404 3159 οὐκ
437 3107 496 3159 ὃν
528 3109 585 3161 ἐν
621 3109 846 3180 ἀρχαῖς;
881 3111 1094 3164 Οὐκοῦν
1137 3115 1237 3166 οὐκ
1282 3113 1556 3185 ἀνθρώπῳ
1588 3117 1787 3186 πρέποι
1821 3117 1886 3169 ἂν

300 3197 385 3258 τδ,
410 3198 846 3272 ὲνανθρωπῆσαι,
883 3201 1077 3255 πολλοῦ
1104 3220 1167 3272 γε
1192 3204 1300 3256 δεῖ·
1329 3205 1420 3258 καὶ
1449 3207 1546 3274 τὴν
1573 3206 1666 3258 τοῦ
1697 3206 1885 3259 δούλου
1916 3222 1957 3278 c

307 3290 520 3359 μορφὴν
545 3290 748 3357 λαϐεῖν,
771 3293 894 3363 ουχὶ,
919 3293 995 3363 τῷ
1024 3297 1116 3347 καὶ
1140 3297 1197 3346 ὲν
1221 3295 1417 3366 ἀρχαῖς
1445 3297 1505 3349 τὸ
1527 3297 1623 3367 τῆς
1645 3298 1886 3363 δουλείας

303 3381 481 3449 ἔχοντι
514 3382 732 3454 μέτρον,
757 3384 873 3437 ἀλλ’
898 3386 1091 3456 ἐκείνῳ
1121 3386 1340 3456 μᾶλλον,
1364 3388 1422 3451 ὃς
1455 3389 1552 3440 οὐκ
1579 3389 1651 3441 ὢν
1674 3390 1768 3442 ἄνθ
1780 3408 1885 3459 ρω-

305 3491 406 3536 πος
434 3474 575 3527 κατά
604 3476 784 3543 φύσιν,
812 3476 972 3529 τοῦτο
1001 3479 1254 3547 γενέσθαι
1286 3480 1620 3533 πιστεύεταν
1653 3481 1747 3533 καὶ
1781 3481 1887 3534 τῶν

303 3566 442 3619 ὅλων
471 3568 731 3638 ὑπάρχων
755 3570 1052 3640 Δεσπότης,
1077 3571 1150 3635 ὼς
1183 3571 1334 3634 Θεὸς,
1353 3571 1594 3640 καθῆκεν
1614 3573 1806 3626 ἑαυτὸν
1831 3576 1888 3626 ὲν

303 3663 417 3719 τοῖς
447 3658 567 3711 καθ’
589 3661 756 3730 ἡμᾶς,
790 3662 995 3724 ἑνώσας
1023 3662 1200 3732 ἐαυτῷ
1235 3663 1354 3716 καθ’
1379 3664 1682 3716 ὑπόστασιν
1707 3665 1767 3718 τὸ
1797 3668 1888 3718 ἀν-

303 3749 598 3819 θρὼπινον,
635 3753 728 3803 καὶ
775 3753 873 3822 τὴν
926 3753 1020 3806 τοῦ
1069 3754 1256 3806 δούλου
1317 3755 1530 3826 μορφὴν
1579 3755 1884 3810 ἀναλαϐών.

303 3840 464 3894 Οὕτω
492 3844 601 3913 γὰρ
634 3843 784 3896 ἕσται
814 3847 907 3897 καὶ
941 3845 1138 3916 ἀληθὲς
1167 3847 1304 3917 ὅπερ
1338 3847 1492 3916 ἔφης,
1522 3848 1603 3901 ὅτι
1628 3848 1765 3918 μετᾶ
1791 3850 1889 3919 τὴν

303 3930 572 4001 ἀνάληψιν
601 3933 662 3984 οὐ
692 3932 913 3986 δύναται
939 3935 1220 3988 καλεῖσθαι
1266 3937 1691 4008 κεχωρισμένως
1737 3939 1885 4002 Υἱὸς,

305 4021 394 4072 ἵνα
441 4021 514 4091 μὴ
544 4021 636 4073 δύο
663 4022 812 4084 υἱοὺς
844 4023 1283 4094 δογματίσωμεν.
1317 4027 1426 4080 Καὶ
1454 4029 1486 4096 ἡ
1523 4027 1624 4097 μὲν
1662 4027 1768 4080 τῶν
1802 4029 1886 4081 δο-

304 4114 533 4182 γμάτων
574 4113 706 4184 ὀρθὴ
741 4132 798 4167 τε
853 4118 946 4168 καὶ
975 4117 1353 4186 ἀδιάστροφος,
1402 4121 1496 4172 καὶ
1524 4122 1604 4182 είς
1635 4121 1762 4172 εὐθὺ
1809 4121 1888 4173 δι-

307 4208 546 4289 άττουσα
581 4208 788 4278 τρίϐος,
819 4208 912 4278 ἥδε
939 4209 997 4260 τέ
1025 4209 1142 4261 ἐστι
1174 4209 1267 4262 καὶ
1295 4211 1393 4280 οὐχ
1423 4211 1606 4280 ἑτέρα.
1637 4211 1809 4274 Αὐτὸς
1834 4212 1888 4264 δὲ

303 4298 371 4364 δὴ
405 4298 586 4363 πάλιν,
623 4299 650 4349 6
676 4298 777 4364 τὴν
802 4298 1214 4370 ἐνανθρώπησιν
1245 4302 1378 4370 ἡμῖν
1411 4301 1686 4370 ὀνομάσας
1707 4301 1802 4354 τοῦ
1827 4303 1890 4354 ὲκ

305 4385 524 4455 ﬂat-cpi);
551 4387 703 4449 ὄντος
738 4389 932 4455 Λόγου,
978 4390 1262 4460 μονονουχὶ
1292 4390 1387 4442 καὶ
1421 4391 1499 4453 είς
1530 4391 1698 4461 λήθην
1728 4391 1890 4456 εὐθὺς

303 4469 382 4528 ὦν
415 4476 518 4545 ἔφη
559 4477 932 4548 παρενεχθεὶς,
970 4479 1204 4548 διῖστησι
1235 4481 1396 4535 πάλιν
1427 4484 1506 4545 εἰς
1535 4482 1628 4534 δύο
1653 4481 1746 4534 τὸν
1771 4483 1886 4547 ἕνα,

1790 1914 1885 1966 καὶ
1917 1882 1960 1935 Β

1987 621 2224 673 ctionem
2263 635 2278 671 :
2311 630 2485 684 neque
2539 612 2805 683 contingit
2854 622 2912 665 ut
2957 611 3097 664 Dens
3162 607 3400 661 Verbum
3449 607 3569 662 siue

1990 707 2329 762 humanitate
2383 705 2548 759 faciat
2601 701 2804 772 aliquid
2834 719 2849 756 :
2878 701 3171 768 perductus
3209 705 3294 751 est
3325 700 3466 751 enim
3499 695 3567 748 ad

1988 813 2257 854 summam
2314 795 2775 863 Coniunctionem,
2812 808 2916 846 nor.
2947 791 3013 844 ad
3053 789 3478 849 dciﬁcationem,
3508 794 3568 839 nt

1988 891 2262 962 sapientes
2298 903 2330 945 e
2359 885 2758 944 recentioribus
2805 881 3154 954 dogznatistis
3187 875 3496 949 asserunt.)

2615 1019 2767 1076 CAP.
2805 1017 2942 1072 VIII.

2061 1160 2164 1229 Qui
2219 1160 2402 1215 dicere
2454 1171 2620 1212 ausus
2665 1163 2748 1210 est
2787 1153 3063 1222 Unigeniti
3118 1151 3562 1222 gloriﬁcationem

1988 1253 2193 1310 (.hristi
2226 1250 2480 1322 potentia:
2522 1248 2714 1310 tribui,
2771 1254 2827 1300 et
2875 1245 2966 1315 qui
3016 1245 3291 1298 vinculum
3344 1243 3566 1298 unitatis

1987 1345 2260 1411 distraxit,
2280 1357 2470 1396 rursus
2496 1340 2562 1394 ad
2587 1339 2836 1392 unionem
2855 1335 3158 1405 coniungit,
3201 1335 3567 1405 disiungitun

1993 1453 2205 1501 rursus,
2239 1445 2293 1490 et
2325 1444 2549 1489 naturas
2578 1433 2810 1486 invicem
2834 1439 3076 1499 separat,
3109 1440 3166 1482 et
3197 1429 3282 1482 his
3315 1428 3381 1482 de
3403 1427 3566 1483 rebus

1991 1527 2388 1601 quamplurima
2435 1525 2591 1580 nobis
2611 1537 2748 1577 vane
2772 1531 3195 1592 portentosoque
3224 1519 3482 1588 loquitur,
3509 1527 3569 1572 ut

1989 1625 2151 1677 etiam
2179 1620 2222 1674 si
2254 1619 2383 1689 quid
2419 1617 2554 1670 recti
2592 1615 2772 1670 dicere
2824 1613 3092 1678 videatur,
3153 1620 3328 1664 tamen
3381 1621 3568 1679 aperte

1989 1722 2317 1783 coarguatur
2342 1711 2593 1780 ignorare
2619 1710 2747 1779 quid
2771 1707 2934 1762 dicat.
2953 1705 3086 1759 Nam
3116 1705 3216 1758 hoc
3247 1705 3364 1758 loco
3393 1704 3566 1771 ipsum

1993 1806 2085 1858 Dei
2119 1802 2354 1856 Verbum
2386 1811 2439 1854 et
2487 1798 2684 1852 Filium
2712 1807 2768 1853 et
2809 1799 2974 1851 Deum
3005 1810 3125 1849 esse
3171 1793 3370 1848 asserit
3402 1792 3566 1847 etiam

1988 1906 2281 1964 antequam
2319 1892 2483 1946 homo
2512 1890 2665 1944 ﬁeret
2690 1906 2705 1955 ;
2731 1895 2990 1958 praeterea
3011 1884 3405 1953 posterioribus
3432 1892 3568 1936 tem-

1989 1988 2208 2058 poribus
2249 1983 2478 2038 I'ormam
2530 1981 2670 2036 servi
2735 1978 3036 2046 accepisse.
3101 1975 3322 2045 Explica
3378 1973 3566 2043 igitur,

1989 2081 2089 2134 nisi
2128 2078 2221 2132 tibi
2271 2075 2660 2143 consequentia
2723 2072 2910 2126 videor
2945 2072 3148 2134 dicere,
3190 2069 3438 2136 quisnam
3479 2066 3569 2120 ille

1987 2181 2069 2226 est
2093 2170 2185 2239 qui
2238 2170 2400 2222 homo
2434 2167 2608 2220 Iactus
2656 2180 2775 2218 esse
2819 2163 3068 2217 dicitur?
3099 2161 3228 2230 quid
3268 2161 3430 2215 etiam
3467 2160 3570 2213 hoc

1990 2265 2161 2332 ipsum
2193 2262 2468 2316 hominem
2529 2258 2646 2311 ﬁeri
2677 2256 2816 2310 dicis
2845 2255 2868 2308 ?
2896 2256 3144 2324 quisnam
3183 2252 3270 2306 ille
3314 2251 3404 2319 qui
3452 2250 3569 2303 for-

1991 2372 2128 2408 mam
2156 2353 2298 2407 servi
2332 2351 2618 2419 suscepit?
2654 2361 2708 2403 et
2739 2365 2973 2417 quonam
3013 2347 3170 2402 modo
3207 2345 3274 2399 ab
3298 2359 3362 2399 eo
3384 2358 3572 2398 susce-

1990 2454 2076 2514 pta
2105 2453 2188 2497 est
2214 2443 2333 2496 ?Ac
2365 2442 2408 2496 si
2449 2440 2723 2495 hominem
2774 2437 2976 2492 dixerit
3030 2450 3150 2490 esse
3193 2436 3568 2496 hmnanatmn,

1990 2537 2375 2606 quisquamne
2411 2532 2619 2586 dubitet
2665 2531 2796 2601 quin
2857 2529 3188 2584 sententiam
3237 2543 3400 2582 suam
3457 2527 3566 2579 risu

1990 2629 2205 2696 dignam
2236 2626 2305 2680 sit
2338 2625 2657 2695 proditurus
2689 2624 2862 2676 ?nam
2909 2621 2999 2688 qui
3048 2621 3320 2674 Itomo.sit
3372 2633 3569 2673 secun-

1990 2722 2116 2773 dum
2150 2728 2422 2780 naturam,
2466 2716 2737 2787 quomodo
2792 2715 2936 2784 quod
2977 2727 3095 2792 erat
3141 2728 3330 2767 rursus
3378 2711 3490 2777 lict,
3517 2719 3572 2762 et

1993 2825 2250 2881 tauquam
2275 2810 2327 2864 in
2359 2809 2503 2862 aliud
2535 2808 2814 2878 quidpiam
2864 2805 3142 2870 transibit,
3179 2805 3322 2873 quod
3355 2803 3422 2857 ad
3479 2819 3572 2856 na-

1992 2921 2146 2973 turae,
2177 2908 2420 2976 inquam,
2447 2908 2644 2958 attinet
2674 2905 2936 2956 rationem
2967 2904 3115 2969 ?Qui
3147 2903 3310 2956 etiam
3343 2917 3409 2954 ex
3453 2901 3571 2969 ipsa

1989 3015 2086 3052 sua
2141 3007 2332 3050 natura
2385 3011 2489 3048 non
2531 2994 2800 3057 estliber,
2853 2993 3124 3062 quomodo
3162 3007 3357 3046 servus
3397 2992 3575 3044 factus

1991 3106 2111 3145 esse
2140 3090 2370 3150 dicetur,
2423 3098 2676 3156 tanquam
2718 3085 2981 3153 ejusmodi
3041 3093 3166 3137 ante
3212 3099 3317 3137 non
3353 3082 3514 3136 fuerit
3545 3081 3571 3134 ?

1991 3183 2133 3252 Ergo
2164 3181 2369 3235 homini
2405 3196 2508 3232 non
2534 3179 2820 3231 conveniet
2855 3175 3127 3230 hominem
3169 3175 3308 3238 ﬁeri,
3347 3189 3575 3244 prorsus

1992 3274 2138 3328 nullo
2187 3272 2365 3336 modo,
2403 3279 2458 3322 et
2488 3269 2630 3322 servi
2668 3269 2897 3323 formam
2942 3269 3211 3338 accipere,
3267 3282 3373 3320 non
3405 3267 3451 3320 ei
3477 3268 3572 3332 qui

1991 3371 2155 3424 etiam
2200 3383 2228 3420 a
2283 3365 2549 3436 principio
2604 3377 2915 3418 mensuram
2984 3371 3144 3430 atque
3202 3358 3570 3414 conditionem

1989 3461 2264 3516 servitutis
2293 3459 2520 3524 habeat;
2579 3457 2673 3511 sed
2702 3456 2777 3510 illi
2814 3454 3092 3518 nimirum,
3121 3451 3211 3522 qui
3246 3466 3368 3505 cum
3403 3450 3565 3502 homo

1991 3571 2096 3609 nou
2150 3564 2296 3608 esset
2335 3550 2633 3606 secundum
2666 3559 2940 3611 naturam,
2972 3545 3023 3598 id
3059 3546 3233 3598 factus
3279 3556 3401 3596 esse
3446 3555 3567 3595 crc-

1991 3648 2138 3700 ditnr
2168 3656 2259 3710 ;et
2288 3660 2410 3698 cum
2441 3642 2820 3695 universorum
2872 3646 3020 3692 esset
3058 3635 3340 3696 Dominus,
3387 3641 3572 3701 utpote

1993 3741 2156 3803 Deus,
2215 3739 2458 3807 seipsnm
2519 3734 2587 3788 ad
2643 3743 2832 3786 nostra
2897 3728 3116 3797 deiecit,
3211 3727 3409 3780 nniens
3471 3727 3579 3778 sibi

1990 3834 2284 3886 secundum
2341 3826 2680 3897 hypostasim
2770 3823 2944 3893 ipsam
3014 3821 3440 3884 humanitatem,
3516 3826 3573 3871 et

1991 3926 2133 3977 servi
2200 3921 2427 3975 formam
2483 3931 2786 3973 assumens.
2837 3914 2930 3970 Sic
2967 3929 3200 3982 namque
3222 3926 3408 3966 verum
3467 3910 3575 3964 erit

1993 4017 2133 4084 quod
2159 4014 2366 4077 dixisti,
2401 4021 2522 4082 post
2557 4007 2989 4077 assumptionem
3029 4021 3134 4060 non
3171 4020 3330 4073 posse
3375 4003 3580 4058 Filium.

1993 4107 2178 4160 vocari
2259 4105 2514 4169 seorsim,
2591 4118 2657 4155 ne
2721 4101 2857 4155 duos
2933 4093 3072 4153 ﬁlios
3121 4097 3576 4164 dogmatizemus.

1991 4200 2070 4252 Ac
2103 4206 2246 4252 recta
2277 4195 2493 4265 quidem
2512 4201 2566 4246 et
2595 4191 2816 4245 minime
2851 4205 3126 4260 perversa,
3148 4198 3203 4242 et
3225 4189 3277 4241 in
3301 4187 3568 4242 directmn

1995 4289 2219 4343 tendens
2279 4287 2589 4355 dogmatum
2633 4283 2824 4338 semita
2866 4289 3064 4352 przeter
3113 4281 3255 4335 banc
3307 4279 3450 4332 nulla
3491 4287 3579 4332 cst

1992 4381 2132 4434 alia:
2165 4379 2287 4446 ipse
2337 4386 2517 4429 autem
2559 4374 2649 4442 qui
2701 4371 3139 4425 hnmanationem
3183 4366 3344 4424 Verbi
3374 4382 3440 4422 ex
3463 4368 3577 4422 Deo

1992 4469 2307 4526 exsistcutis
2384 4466 2545 4532 dixit,
2625 4463 3017 4533 propemodum
3111 4462 3163 4514 iu
3247 4459 3580 4513 oblivionem

305 4567 404 4619 καὶ
430 4571 549 4630 ταῖς
566 4568 672 4620 τῶν
688 4571 967 4638 ὀνομάτων
994 4569 1325 4644 [νοημάτων]
1353 4573 1650 4644 ὲξιτηλίαις
1676 4576 1886 4645 ἀσυιρήο

1995 4563 2138 4619 illico
2181 4576 2369 4615 eorum
2411 4574 2530 4628 quae
2606 4556 2765 4621 dixit,
2832 4557 3109 4623 abreptus,
3171 4568 3361 4608 rursus
3407 4567 3574 4604 unum

305 4658 414 4724 λως
440 4662 828 4732 ἐπινηχὸμενος
847 4681 859 4694 ·
895 4664 986 4716 καὶ
1026 4668 1230 4732 φωναῖς
1266 4666 1650 4730 ἀϐασανίστοις
1681 4667 1768 4721 ἀεὶ
1799 4685 1892 4720 κε-

305 4753 599 4824 χρημένος.
645 4755 791 4824 Ἔφη
825 4756 953 4824 γάρ’
985 4757 1160 4828 [Ἀλλ’
1188 4759 1488 4831 ἐπειδήπερ
1534 4760 1734 4828 ἐκείνῳ
1768 4777 1893 4812 συν-

305 4847 480 4916 ῆπται
510 4845 586 4917 τῷ
637 4849 695 4899 ἐν
751 4849 892 4920 ἀρχῇ
927 4849 1042 4903 ὄντι
1072 4850 1210 4920 Υἱῷ,
1252 4850 1331 4922 τῷ
1383 4851 1519 4925 πρὸς
1561 4852 1724 4905 αὐτὸν
1765 4869 1890 4904 συν-

308 4939 561 5007 αφθέντι,
590 4940 650 4992 οὐ
706 4939 928 4995 δύναται
963 4943 1103 4996 κατά
1143 4943 1204 4995 τὸ
1250 4942 1469 5013 ἀξίωμα
1499 4944 1598 5013 τῆς
1645 4944 1892 5014 υἱότητος

307 5033 576 5104 διαίρεσιν
607 5033 862 5100 δέξασθαι
888 5051 901 5064 ·
937 5035 1078 5088 κατά
1105 5035 1166 5088 τὸ
1197 5035 1414 5106 ἀξίωμά
1456 5053 1620 5106 φησιν
1649 5035 1750 5105 τῆς
1776 5037 1889 5088 υίόο

307 5146 490 5200 τητος,
521 5129 583 5180 οὑ
618 5128 760 5181 κατά
801 5128 902 5192 τὰς
931 5128 1140 5198 φύσεις.
1168 5128 1188 5201 ]
1224 5129 1431 5202 Ὀρθῶς
1473 5147 1558 5198 γε,
1591 5123 1636 5182 ὧ
1659 5131 1756 5182 τάν
1781 5147 1794 5159 ·
1832 5129 1892 5182 τὸ

309 5219 620 5288 ἀνασφαλὲς
667 5215 806 5273 εἶναι
850 5221 1047 5288 δοκεῖν,
1073 5261 1084 5274 .
1119 5262 1132 5274 .
1162 5262 1175 5276 .
1209 5222 1427 5293 ἀχρεῖον
1471 5224 1735 5292 παραιτῇ.
1777 5222 1892 5274 Ἀεὶ

308 5313 728 5384 διεγηγερμένῳ
763 5313 1066 5384 κεχρῆσθαι
1091 5312 1170 5384 τῷ
1197 5313 1361 5383 λόγῳ,
1397 5313 1483 5366 διὰ
1527 5313 1763 5381 σπουδῆς
1799 5315 1889 5368 τέ-

309 5404 486 5458 θειταί
523 5421 626 5476 σρι.
659 5403 792 5456 Ἰδοὺ
819 5403 946 5472 γὰρ,
980 5403 1089 5457 ἰδοὺ
1122 5403 1346 5475 διαιρῶν
1376 5404 1476 5467 τὰς
1521 5403 1733 5472 φύσεις,
1765 5404 1889 5456 συλ-

305 5500 489 5567 λέγεις
536 5499 617 5560 εἰς
675 5497 869 5550 ἕνωσιν
917 5497 1059 5550 κατὰ
1099 5495 1160 5549 τὸ
1195 5496 1415 5567 ἀξίωμα
1475 5498 1572 5569 τῆς
1616 5497 1885 5566 υίότητος.

304 5589 434 5663 'Ap’
463 5588 556 5645 οὖν
591 5591 805 5660 ἀπόχρη
839 5590 975 5659 πρὸς
1002 5591 1195 5643 ἕνωσιν
1223 5590 1394 5659 ἀληθῆ
1423 5594 1533 5654 τοῖς
1559 5589 1697 5643 κατὰ
1727 5590 1887 5658 φύσιν

307 5681 551 5753 ἀλλήλων
591 5679 966 5748 διεσιηκόσιν,
1025 5681 1058 5748 ἡ
1101 5680 1206 5733 τῶν
1262 5682 1540 5750 ὀνομάτων
1597 5681 1884 5751 ταυτότης,

307 5776 477 5844 ἤγουν
506 5772 815 5843 ὁμωνυμία,
837 5772 933 5823 καί
957 5772 1016 5825 τὸ
1040 5775 1160 5824 κατ’
1186 5774 1351 5844 αὐτὴν
1378 5773 1632 5845 ἀξίωμα;
1672 5774 1753 5826 σοὶ
1779 5775 1886 5844 γὰρ

312 5867 408 5926 καὶ
436 5865 579 5921 οὕτω
604 5864 768 5935 φάναι
799 5863 968 5918 δοκεῖ.
1000 5864 1229 5934 Οὐκοῦν,
1255 5866 1550 5934 ἐπειδήπερ
1575 5867 1636 5922 τό
1669 5883 1728 5921 τε
1757 5866 1886 5931 Χρι-

2000 4657 2052 4710 in
2145 4655 2250 4706 duo
2327 4651 2541 4712 dividit,
2638 4648 2884 4701 inanilati
2975 4647 3250 4699 nominum
3341 4643 3580 4698 absurde

1995 4748 2272 4810 innatans,
2329 4753 2383 4798 et
2429 4743 2651 4796 vocibus
2700 4756 2889 4810 parum
2965 4738 3292 4793 examinatis
3362 4750 3582 4804 semper»

1994 4840 2105 4912 49
2132 4853 2291 4893 utens
2325 4861 2335 4895 :
2371 4839 2446 4890 ait
2469 4838 2609 4890 enim
2640 4855 2652 4890 :
2695 4833 2826 4907 [Sed
2857 4834 2984 4902 quia
3033 4833 3109 4888 illi
3146 4831 3463 4900 conjunctus
3488 4839 3574 4884 est

1993 4931 2131 4986 Filio
2163 4931 2252 4998 qui
2285 4939 2404 4983 erat
2434 4929 2486 4980 in
2519 4927 2803 4994 principio,
2837 4926 2937 4978 sibi
2998 4923 3248 4994 copulato
3271 4963 3307 4994 ,ο
3325 4937 3428 4976 non
3474 4935 3572 4989 po-

1996 5034 2123 5089 test,
2161 5023 2308 5092 quod
2339 5023 2404 5075 ad
2449 5021 2764 5090 dignitatem
2808 5018 3083 5072 ﬁliationis
3115 5018 3309 5069 attinet
3334 5054 3349 5078 ,
3398 5013 3575 5068 susci-

1993 5132 2120 5185 pere
2174 5114 2545 5169 divisionem:
2597 5113 2742 5182 quod
2783 5113 2850 5165 ad
2901 5111 3223 5181 dignitatem
3259 5107 3568 5174 liliationis,

1991 5209 2236 5278 inquam,
2275 5222 2377 5261 non
2408 5206 2550 5275 quod
2583 5207 2649 5261 ad
2682 5203 2954 5275 naturas.]
2988 5203 3178 5267 Recte,
3219 5202 3306 5254 vir
3340 5200 3570 5270 optime,

1991 5301 2132 5365 quod
2170 5300 2389 5353 minime
2417 5307 2592 5352 tutum
2625 5313 2750 5353 csse
2807 5297 3120 5350 videtur....
3177 5303 3438 5362 tanquam
3484 5293 3569 5348 in-

1991 5391 2123 5444 utile
2179 5389 2406 5456 refugis.
2462 5389 2690 5458 Semper
2738 5388 2835 5442 tibi
2897 5385 3140 5457 vigilanti
3201 5399 3453 5440 sermone
3492 5382 3569 5438 uti

1991 5479 2228 5534 studium
2294 5479 2412 5532 fuit.
2467 5479 2605 5532 Ecce
2645 5477 2756 5546 jam
2804 5486 2952 5531 certe
3003 5475 3294 5530 dividendo
3346 5485 3572 5529 naturas

1989 5571 2199 5639 colligis
2219 5571 2283 5621 ad
2315 5570 2574 5623 unitatem
2594 5569 2886 5622 secundum
2906 5567 3184 5621 ﬁliationis
3210 5567 3530 5638 dignitatem
3554 5583 3568 5622 :

1991 5680 2118 5719 num
2150 5664 2317 5732 igitur
2341 5665 2404 5715 ad
2424 5663 2676 5716 unionem
2693 5677 2876 5716 veram
2911 5676 3088 5714 rermn
3117 5664 3260 5715 inter
3285 5676 3344 5716 sc
3370 5670 3570 5713 natura

1988 5756 2300 5812 distantium
2328 5755 2525 5810 sulﬁcit
2563 5754 2963 5823 cognominatio
2987 5793 3002 5816 ,
3054 5768 3147 5807 seu
3195 5753 3568 5823 homonymia,

1988 5857 2041 5905 et
2075 5849 2311 5922 dignitas
2361 5863 2480 5919 qua:
2527 5847 2647 5904 inde
2678 5845 2938 5902 exsistit?
2988 5845 3066 5903 sic
3097 5861 3330 5916 namque
3382 5845 3567 5899 dicere
