4054 6332
501 391 564 443 9|
1530 385 1591 442 Β.
1627 383 1900 440 CYRILLI
1942 381 2413 439 ALEXANDRI'NI
2451 381 2774 439 ARCILIEP.
3703 385 3770 441 92

504 501 600 556 tibi
631 501 822 571 placet.
854 499 995 573 Ergo
1020 502 1274 572 quoniam
1296 500 1500 558 Christi
1531 517 1752 566 nomen,
1787 511 1842 556 et
1870 519 2067 555 nomen

2183 499 2306 563 στδς
2329 499 2523 570 ὄνομα,
2555 499 2649 554 καὶ
2687 498 2795 570 μὴν
2829 499 2912 564 τὸ,
2950 499 3081 562 Υἱὸς
3111 499 3205 552 καὶ
3236 499 3466 570 Κύριοςι
3501 499 3657 555 κοινά
3680 503 3769 556 τέο

502 603 790 663 prepterea
827 590 946 646 Filii
979 603 1033 648 et
1089 592 1298 646 Dumini
1346 592 1511 646 etiam
1548 591 1671 646 aliis
1717 594 2083 647 communiter

503 687 751 754 imposita
782 695 928 748 sttnt,
966 701 1088 739 nam
1123 684 1339 751 plurimi
1374 698 1508 738 sane
1549 681 1702 738 fuere
1751 683 1982 745 Christi,
2027 693 2084 738 et

503 777 679 830 vocati
710 785 836 830 sunt
864 774 959 830 lilii
1002 784 1057 830 et
1105 775 1334 839 domini,
1381 784 1542 829 erunt
1587 773 1687 844 ipsi
1734 789 1952 842 quoque
1996 788 2081 826 se-

504 867 742 922 cundum
799 865 1083 920 liliationis
1114 866 1434 936 dignitatem
1489 866 1630 920 inter
1683 881 1744 920 se
1788 865 2086 931 individui,

500 966 741 1011 etntmm
799 972 986 1010 onmes
1041 973 1102 1012 ea
1164 958 1370 1014 unitate
1415 974 1576 1028 quam
1639 958 1760 1027 ipse
1813 959 1978 1014 etiam
2027 958 2078 1012 in

502 1045 720 1101 Christo
751 1063 871 1102 esse
895 1047 1188 1117 perfectam
1224 1060 1381 1118 putas
1412 1066 1424 1102 :
1459 1050 1686 1105 distabit
1713 1058 1895 1106 autem
1923 1064 2080 1119 pror-

504 1155 596 1191 sus
636 1139 794 1192 homo
831 1140 1000 1193 nostri
1045 1140 1240 1194 similis
1269 1157 1297 1194 a
1333 1141 1439 1195 Deo
1495 1139 1692 1196 Verbo.
1743 1139 1861 1196 Hoc
1899 1141 2079 1211 posito

503 1235 774 1299 quomodo
821 1247 926 1284 non
987 1247 1177 1286 rursus
1214 1231 1373 1287 divisi
1421 1241 1617 1294 erunt,
1670 1242 1763 1288 aut
1807 1230 2080 1302 quomodo

503 1323 666 1376 etiam
721 1338 858 1377 unus
893 1321 1102 1388 Filius,
1152 1323 1453 1392 intelligere
1506 1338 1612 1376 non
1659 1338 1918 1391 possunt,
1975 1322 2077 1377 nisi

501 1413 796 1467 secundum
833 1415 1088 1468 unionem
1127 1428 1308 1467 veram
1341 1413 1661 1468 convenisse
1685 1413 2075 1467 humanitatem

502 1517 624 1557 cum
677 1502 856 1558 Verbo
918 1503 1241 1560 dixerimus.
1313 1501 1419 1556 Sed
1477 1505 1604 1573 quia
1657 1511 1876 1573 pr0pter
1915 1503 2078 1572 hujus

504 1595 741 1649 hominis
771 1610 932 1650 voces
966 1609 1188 1650 necesse
1215 1603 1299 1650 est
1324 1596 1490 1649 etiam
1516 1611 1614 1665 per
1644 1595 1910 1650 absurdas
1944 1610 2071 1649 sen-

504 1687 699 1740 tentias
733 1687 1034 1741 oratioucm
1065 1686 1458 1753 circumferre,
1515 1696 1575 1741 ut
1629 1688 1870 1757 undique
1912 1702 2073 1742 coar-

501 1787 696 1848 guatur
735 1779 876 1832 haud
929 1789 1073 1834 recte
1100 1780 1380 1842 sensisse,
1446 1781 1674 1846 aged-um
1723 1779 1852 1835 illud
1909 1781 2071 1835 etiam

499 1871 772 1926 dicamus:
795 1869 925 1924 Nam
957 1872 1004 1926 si
1035 1873 1169 1928 satis
1197 1883 1282 1928 est
1307 1875 1372 1928 ad
1400 1875 1650 1928 unionem
1672 1875 1905 1941 dignitas
1938 1874 2073 1927 ﬁlia-
2106 1849 2147 1903 Β

502 1964 684 2030 tionis,
745 1965 998 2032 quoniam
1056 1966 1364 2034 appellatur
1420 1974 1475 2019 et
1520 1976 1604 2020 est
1663 1963 1832 2020 Filius
1874 1966 1966 2019 Dei
2011 1980 2074 2020 ac

500 2055 679 2112 Patris
714 2057 841 2111 illud
881 2075 944 2111 ex
987 2059 1100 2126 ipso
1131 2056 1384 2119 Verbum,
1411 2069 1466 2112 et
1498 2075 1786 2114 comnnme
1821 2069 1901 2114 est
1931 2059 2070 2112 mul-

499 2151 567 2202 tis
601 2148 720 2202 aliis
754 2149 854 2204 hoc
887 2165 1107 2211 notncn,
1140 2149 1295 2218 quid,
1331 2166 1461 2219 rogo
1489 2161 1561 2215 ιιι,
1598 2153 1848 2220 prohibet
1887 2153 2072 2207 dicere

495 2251 552 2294 et
583 2242 726 2310 ipsos
751 2251 806 2294 et
839 2240 972 2295 alios
996 2256 1183 2296 oumcs
1211 2241 1284 2295 illi
1324 2242 1506 2296 unitos
1536 2258 1657 2297 esse
1677 2282 1692 2308 ,
1749 2251 1806 2296 ut
1847 2241 2071 2297 Emma-

497 2331 620 2385 nuel
651 2333 782 2386 nihil
809 2332 1136 2401 pr:ecipuum
1167 2349 1328 2400 supra
1366 2334 1511 2400 ipsos
1557 2334 1795 2388 haheat?
1839 2345 2066 2390 conten-

493 2425 587 2477 det
611 2424 754 2478 enim
783 2440 902 2478 cum
934 2439 1018 2489 eo,
1055 2435 1111 2478 ut
1143 2436 1570 2480 consentaneum
1602 2437 1706 2493 cst,
1761 2427 1828 2483 de
1871 2429 2066 2498 aequali

492 2514 699 2570 honore
757 2515 1058 2570 decertabit
1113 2517 1163 2569 id
1197 2521 1560 2587 quodcunque
1603 2520 1916 2574 eorumdem
1973 2536 2068 2574 no-

493 2605 700 2660 minum
749 2608 1063 2677 dignitatem
1113 2619 1198 2662 est
1245 2611 1540 2678 adeptum;
1593 2621 1648 2666 et
1710 2612 1800 2667 ille
1844 2614 2069 2683 conjun-

492 2697 693 2753 ctionis
711 2700 902 2754 modus
930 2700 980 2752 in
1005 2703 1144 2752 nuda
1169 2700 1391 2772 solaque
1411 2705 1670 2758 residebit
1686 2704 2064 2773 appellatione,

493 2789 574 2844 vel
605 2791 970 2862 homonymia.
1007 2791 1124 2845 Jam
1151 2809 1279 2847 vero
1302 2795 1560 2863 quidnam
1595 2812 1715 2850 esse
1740 2798 2068 2868 intelligetur

493 2880 610 2950 ipsa
642 2883 996 2937 hutnanatio?
1022 2884 1153 2952 quid
1207 2895 1469 2952 praeterea
1504 2887 1610 2940 erit
1647 2889 1791 2958 quod
1818 2890 1885 2942 ad
1920 2890 2062 2943 servi

493 2973 720 3026 formam
754 2975 1078 3029 descendit?
1113 2975 1246 3028 Nam
1283 2977 1352 3038 si,
1387 2990 1442 3030 ut
1473 2978 1586 3047 ipse
1613 2980 1831 3040 asserit,
1869 2981 2058 3034 Imma-

491 3066 728 3119 natiouis
761 3070 947 3121 modus
971 3068 1284 3136 coniunctio
1316 3069 1562 3138 quaedam
1611 3081 1696 3124 cst
1743 3072 1969 3141 simplex
2011 3085 2066 3127 et

490 3156 785 3209 secundum
845 3157 1012 3210 solum
1059 3158 1334 3214 liliatiouis
1389 3161 1730 3230 dignitatem,
1759 3164 1885 3231 quid
1936 3182 2051 3234 pro-
2090 3181 2134 3238 ο

491 3245 640 3300 hibet
694 3261 812 3300 eam
898 3248 1334 3316 conjunctionem
1368 3251 1420 3303 in
1472 3251 1594 3306 aliis
1651 3254 1816 3307 etiam
1891 3259 2069 3309 omni-

489 3339 592 3392 bus
636 3337 832 3393 l'actam
859 3339 1083 3395 dicere?
1131 3341 1239 3398 Sed
1301 3344 1487 3411 procul
1532 3344 1699 3400 dubio
1756 3347 1848 3415 qui
1892 3349 2067 3404 solers

490 3439 575 3484 est
609 3441 663 3484 et
693 3441 904 3496 acutus,
925 3433 1187 3501 prospicit
1211 3433 1330 3503 ejus
1360 3435 1630 3492 orationis
1648 3437 2060 3495 absurditatem.

489 3522 733 3588 Quonam
767 3523 929 3592 igitur
962 3518 1150 3589 fertur,
1179 3527 1248 3581 ad
1273 3543 1336 3581 ea
1375 3543 1496 3596 quae
1539 3529 1724 3585 dicere
1775 3531 1930 3586 nefas
1959 3543 2064 3598 est,

491 3613 798 3682 impulsus?
847 3613 1071 3671 Dicetur
1093 3627 1274 3672 autem
1303 3617 1379 3674 illi
1414 3634 1445 3672 a
1477 3621 1633 3676 nobis
1664 3622 1793 3678 illud
1817 3623 2067 3680 Ieremia:

490 3707 694 3760 dictum
731 3722 746 3760 :
791 3724 810 3757 ι
835 3705 890 3760 ln
922 3706 1264 3764 multitudine
1290 3710 1392 3765 viae
1414 3721 1518 3766 tum
1543 3713 1802 3770 laborasti
1829 3716 1938 3784 ης»
1967 3716 2068 3770 llu-

487 3808 638 3852 ctuat
673 3799 839 3864 enim,
874 3809 930 3854 et
950 3799 1098 3854 omni
1131 3811 1294 3858 vento
1315 3805 1726 3874 circumfertur,
1783 3817 1841 3863 ut
1868 3810 2065 3865 beatus

488 3887 690 3945 Paulus
719 3891 794 3944 ait
848 3890 918 3947 “.
951 3893 1154 3963 Accipe
1185 3894 1352 3965 igitur
1383 3899 1683 3953 anchoram
1737 3899 1846 3971 50
1870 3903 2065 3959 animae

485 3989 660 4035 tutam
690 3997 756 4036 ac
796 3983 1028 4047 ﬁrmant,
1059 3994 1238 4039 statue
1263 4002 1425 4054 supra
1469 3999 1680 4057 petram
1716 3994 1882 4061 pedes
1913 4003 2060 4048 tuos.

489 4076 544 4128 Si
583 4077 856 4130 hominem
887 4073 1089 4130 fact'um
1129 4077 1300 4146 ipsum
1336 4079 1428 4134 Dei
1462 4080 1699 4136 Verbum
1727 4083 1901 4152 dicis,
1960 4087 2062 4141 huc

489 4167 662 4232 ipsum
686 4166 820 4221 satis
848 4177 931 4222 est
959 4166 1023 4220 ad
1054 4168 1432 4237 explicandum
1465 4174 1634 4227 nostri
1661 4174 1897 4231 similem
1979 4176 2063 4230 l'a-

491 4266 642 4310 ctum
671 4272 792 4313 esse
823 4259 993 4324 illum,
1025 4261 1117 4330 qui
1149 4271 1232 4316 est
1261 4277 1427 4331 supra
1454 4279 1669 4320 onmem
1701 4281 2012 4324 creaturam
2045 4291 2059 4326 :

486 4347 696 4416 accepit
726 4350 866 4404 servi
904 4349 1161 4418 formam,
1207 4358 1454 4420 quamvis
1483 4357 1784 4414 libertatem
1813 4371 1872 4416 ut
1920 4363 2063 4422 Deus

487 4439 744 4504 haberet;
793 4457 915 4496 nam
965 4457 1088 4499 erat
1129 4445 1183 4500 in
1225 4449 1535 4516 aequalitate
1589 4449 1768 4507 Patris
1812 4452 1932 4520 ejus
1967 4458 2058 4525 qui

2183 590 2388 645 θεινται
2427 592 2520 644 καὶ
2544 591 2780 662 ἑτέροις,
2803 590 3046 644 πλεῖστοι
3073 590 3183 663 γὰρ
3211 593 3328 644 ὅσοι
3359 592 3616 661 γεγόνασι
3654 609 3770 664 χρι-

2185 683 2330 747 στοὶ,
2359 682 2654 754 κέκληνται
2683 680 2748 735 δὲ
2787 683 2882 736 καὶ
2930 681 3035 736 υἱοὶ
3065 682 3160 735 καὶ
3195 681 3397 753 κύριοι,
3432 678 3542 734 εἷεν
3574 681 3639 736 ἂν
3674 685 3768 737 καὶ.

2181 773 2340 827 αὐτοὶ
2377 771 2518 826 κατά
2548 771 2610 824 τὸ
2651 770 2868 842 ἀξίωμα
2910 772 3008 842 τῆς
3052 770 3334 840 υἱότητος,
3378 771 3675 842 ἀδιαίρετοι
3709 790 3765 824 τε

2181 863 2447 934 ἀλλήλων,
2470 862 2565 916 καὶ
2594 860 2654 914 ἓν
2679 863 2730 915 οἱ
2759 861 2959 925 πάντες
2986 861 3109 915 καθ’
3134 861 3350 927 ἕνωσιν,
3369 862 3436 930 ἢν
3459 861 3522 930 δὴ
3550 864 3768 932 πεπρὶ-

2182 957 2312 1028 χθαι
2334 955 2580 1026 νομίζεις
2623 954 2786 1018 αὐτὸς
2819 955 2912 1008 καὶ
2961 955 3054 1007 ἐπὶ
3094 954 3365 1026 Χριστοῦ’
3395 953 3664 1022 διεστήξει
3701 956 3764 1026 δὴ

2181 1049 2321 1112 ὅλως
2352 1047 2490 1120 πρὸς
2520 1047 2613 1101 τὸν
2643 1049 2708 1101 ὲκ
2744 1045 2880 1100 Θεοῦ
2922 1049 3094 1114 Λόγον
3124 1046 3408 1118 ἄνθρωπος
3447 1045 3568 1099 καθ’
3591 1048 3623 1117 ἠ
3633 1047 3760 1116 μᾶς.

2181 1136 2316 1194 Εἶτα
2343 1140 2462 1204 πῶς
2504 1141 2566 1193 οὺ
2603 1140 2888 1210 διῄρηνται
2917 1139 3097 1200 πάλιν,
3128 1138 3244 1202 πῶς
3276 1138 3334 1192 δὲ
3375 1139 3469 1192 καὶ
3501 1140 3625 1202 Υἱὸς
3659 1135 3759 1202 εἷς,

2179 1233 2282 1284 οὐκ
2302 1231 2410 1302 ἔχω
2435 1234 2596 1294 νοεῖν,
2619 1233 2668 1283 εί
2698 1231 2774 1301 μὴ
2794 1230 2918 1284 καθ’
2939 1230 3134 1283 ἕνωσιν
3161 1230 3334 1301 ἀληθῆ
3360 1230 3764 1300 συμϐεϐηκέναι

2179 1323 2360 1393 φαμὲν
2393 1322 2472 1393 τῷ
2500 1321 2658 1393 Λόγῳ
2693 1321 2753 1376 τὸ
2783 1321 3146 1392 ἀνθρώπινον.
3182 1323 3398 1394 Ἐπειδὴ
3432 1323 3488 1376 δὲ
3519 1323 3644 1396 χρὴ,
3675 1325 3766 1376 διά.

2177 1433 2241 1484 γε
2268 1415 2367 1478 τάς
2386 1414 2575 1468 τούτου
2606 1413 2810 1482 φωνὰς,
2837 1417 2931 1467 καὶ
2961 1416 3041 1476 εἰς
3072 1414 3340 1478 ὲκτόπους
3368 1415 3574 1479 ἐννοίας
3603 1434 3761 1487 περιρ

2178 1510 2422 1576 ενεγκεῖν
2455 1507 2545 1560 τὸν
2601 1507 2780 1574 λόγον,
2815 1507 2902 1560 ἵνα
2952 1507 3288 1576 πανταχόθεν
3331 1506 3620 1578 ἐλέγχηται
3667 1526 3762 1562 πε-

2178 1599 2465 1671 φρονηκὼς
2492 1601 2592 1652 οὐκ
2617 1598 2772 1670 όρθά,
2800 1599 2931 1669 φέρε
2959 1599 3044 1668 δὴ,
3069 1599 3220 1670 φέρε,
3246 1601 3464 1653 κάκεῖνο
3491 1600 3762 1672 λέγωμεν*

2178 1693 2240 1744 El
2272 1692 2380 1762 γὰρ
2410 1693 2570 1762 ἀρκεῖ
2591 1692 2727 1760 πρὸς
2755 1690 2970 1752 ἕνωσιν,
3011 1694 3111 1759 τῆς
3143 1691 3392 1761 υίότητος
3428 1691 3489 1744 τὸ
3521 1692 3758 1760 ἀξίωμα,

2177 1782 2364 1852 ἐπειδὴ
2403 1781 2650 1835 καλεῖταί
2675 1799 2734 1834 τε
2766 1782 2861 1834 καὶ
2895 1781 3042 1834 ἐστιν
3078 1781 3202 1844 Υἱὸς
3231 1781 3322 1834 τοῦ
3356 1782 3490 1834 Θεοῦ
3526 1784 3760 1836 καὶπα-

2173 1872 2300 1940 τρὸς
2328 1875 2356 1924 ὁ
2411 1873 2470 1936 ἐξ
2521 1872 2685 1925 αὑτοῦ
2733 1873 2926 1941 Λόγος,
2974 1872 3151 1926 κοιιὸν
3197 1873 3254 1925 δὲ
3304 1873 3520 1938 πολλοῖς
3579 1874 3766 1939 ἄλλοις.

2173 1961 2433 2034 τοῦνομα,
2457 1964 2509 2015 τί
2542 1964 2603 2017 τὸ
2632 1963 2858 2028 λυποῦν,
2879 1965 3001 2017 εἰπέ
3037 1981 3148 2032 μοι,
3172 1964 3268 2017 καὶ
3295 1964 3492 2028 αὐτοὺς
3517 1966 3758 2035 ἡνῶσθαι

2174 2055 2355 2124 λέγειν
2377 2056 2546 2127 αὐτῷ,
2569 2059 2661 2110 καὶ
2684 2059 2809 2121 τοὺς
2831 2058 3025 2120 ἄλλους
3051 2059 3318 2123 ἅπαντας,
3335 2060 3424 2113 ἵνα
3464 2061 3630 2131 μηδὲν
3658 2063 3758 2133 ἔχῃ

2173 2147 2304 2218 παρ’
2336 2149 2534 2211 αὐτοὺς
2575 2149 2635 2201 τό
2682 2148 2863 2201 πλεῖον
2889 2150 2916 2202 ό
2964 2151 3346 2220 Ἐμμανουήλ;
3389 2152 3757 2224 φιλονεικήσει

2172 2237 2281 2307 γὰρ
2311 2239 2458 2290 κατὰ.
2484 2239 2544 2291 τὸ
2575 2239 2723 2301 εἰκὸς
2751 2239 2920 2309 αὐτῷ,
2955 2239 3049 2292 καὶ
3082 2241 3340 2310 περὶτῶν
3373 2243 3504 2294 τσων
3527 2243 3756 2312 ἁμιλλή-

2174 2347 2326 2384 σεται
2359 2331 2420 2381 τὸ
2462 2330 2569 2382 τῶν
2599 2331 2777 2382 αὐτῶν
2831 2333 3110 2402 ὀνομάτων
3144 2333 3479 2404 ἠξιωμένον·
3526 2335 3618 2388 καὶ
3657 2338 3792 2404 τῆς,

2173 2420 2466 2488 συναφείας
2506 2423 2636 2490 ἡμῖν
2669 2424 2697 2474 ό
2745 2422 2982 2492 τρόπος,
3032 2423 3174 2476 κατὰ
3219 2425 3382 2495 ψιλὴν
3431 2427 3523 2478 καὶ
3586 2426 3755 2497 μόνην

2171 2509 2324 2563 ἔσται
2357 2511 2454 2582 τὴν
2484 2513 2696 2582 κλῆσιν,
2733 2515 2903 2584 ἤγουν
2944 2515 3044 2586 τὴν
3071 2517 3413 2587 ὁμωνυμίαν.
3443 2515 3578 2572 Εἶτα
3615 2518 3666 2571 τί
3693 2519 3764 2571 τὺ.

2168 2602 2270 2672 τῆς
2314 2602 2781 2674 ἐνανθρωπὴσεως
2805 2607 3006 2658 νοεῖται
3045 2606 3267 2676 χρῆμα;
3303 2607 3354 2659 τί
3384 2607 3440 2659 δὲ
3471 2607 3614 2678 πρὸς,
3629 2605 3753 2660 τού-

2168 2713 2265 2766 τῳ,
2297 2697 2393 2749 καὶ
2431 2697 2514 2758 τὸ,
2551 2698 2608 2749 ὲν
2639 2699 2709 2767 τῇ
2734 2695 2828 2749 τοῦ
2858 2696 3045 2751 δούλου
3087 2698 3408 2752 καθικέσθαι
3439 2703 3656 2771 μορφῆς
3690 2700 3750 2752 Ei

2168 2785 2276 2856 γάρ
2319 2787 2438 2838 ἐστι
2464 2787 2588 2839 κατ’
2627 2785 2792 2839 αὑτὸν
2829 2785 2858 2837 ὁ
2897 2787 2997 2856 τῆς
3041 2789 3508 2860 ὲνανθρωπήσεως
3550 2790 3753 2861 τρόπος

2169 2877 2438 2945 συνάφειά
2462 2893 2548 2940 τις
2581 2877 2733 2948 ψιλὴ,
2777 2879 2873 2930 καὶ
2907 2879 3048 2932 κατὰ
3082 2879 3243 2949 μόνον
3283 2881 3382 2950 τῆς
3420 2882 3659 2952 υίότητος
3693 2883 3752 2935 ιθ.

2166 2968 2404 3039 ἀξίωμα,
2427 2969 2479 3022 τί
2505 2969 2565 3023 τὸ
2600 2969 2808 3022 κωλῦον
2845 2970 2925 3023 ἔτι
2961 2973 3056 3024 καὶ
3098 2972 3191 3024 ἐπὶ
3227 2975 3338 3034 τοῖς
3373 2973 3551 3037 ἄλλοις
3580 2976 3759 3028 ἅπασι

2167 3061 2480 3132 πεπρᾶχθαι
2510 3061 2692 3130 λέγειν
2725 3062 2929 3133 αὐτήν;
2967 3063 3105 3115 Ἀλλ’
3128 3063 3228 3133 ὅρα
3250 3063 3359 3132 (15)
3387 3082 3487 3118 που
3511 3067 3753 3127 πάντως,

2165 3155 2193 3206 ὁ
2225 3153 2553 3224 φιλομαθὴς.
2581 3154 2676 3207 τοῦ
2707 3154 2866 3223 λόγου
2897 3155 2958 3207 τὸ
2986 3155 3238 3219 ἀκαλλές.
3271 3157 3371 3209 Ποῖ
3391 3156 3454 3227 δὴ
3485 3153 3579 3209 οὖν
3609 3158 3750 3210 ἀπο-

2169 3243 2394 3314 φέρεται
2443 3244 2579 3315 πρὸς
2618 3244 2654 3298 δι
2693 3244 2767 3315 μὴ
2816 3245 2975 3316 θέμις
3003 3244 3346 3316 ὲξεστηκώς;
3380 3247 3670 3318 Εἰρήσεται
3693 3247 3752 3300 δὲ

2167 3338 2302 3407 πρὸς
2334 3338 2490 3406 ἡμῶν
2508 3337 2655 3408 αὑτῴ
2686 3338 2744 3389 τὸ
2775 3338 2862 3390 διὰ
2891 3339 2986 3408 τῆς
3021 3339 3285 3410 Ἰερεμίου
3321 3339 3505 3409 φωνῆς
3527 3357 3540 3369 ·
3566 3359 3584 3390 ι
3618 3339 3751 3404 Ταῐς

2167 3429 2474 3492 πολυοδίαις
2506 3446 2597 3481 σου
2633 3430 2980 3494 ἐκοπίασας.»
3012 3431 3414 3495 Κλυδωνίζεται
3444 3433 3552 3504 γὰρ
3567 3433 3752 3504 ἀνέμῳ

2167 3521 2332 3574 παντὶ
2359 3523 2820 3591 περιφερόμενος..
2852 3522 2995 3576 καθά
3025 3525 3235 3594 φησινό
3265 3524 3576 3594 σοφώτατος
3615 3525 3756 3578 Παῦ-

2166 3612 2283 3675 λος.
2307 3612 2518 3665 Οὑκοῦν
2546 3613 2702 3682 δέχου
2739 3613 2834 3684 τὴν
2863 3614 3110 3684 ἄγκυραν
3135 3615 3232 3684 τῆς
3260 3615 3439 3685 ψυχῆς
3460 3615 3556 3685 τὴν
3579 3616 3752 3683 ἀσφα-

2166 3705 2234 3774 λῆ
2263 3706 2358 3758 καὶ
2391 3705 2639 3776 βεϐαίαν,
2675 3710 2870 3778 στῆσον
2905 3708 3000 3760 ὲπὶ
3040 3709 3248 3778 πέτραν
3273 3711 3397 3772 τοὺς
3430 3710 3622 3762 ἑαυτοῦ
3657 3711 3752 3763 πός

2164 3795 2282 3860 δας.
2312 3797 2375 3850 Εἰ
2415 3799 2832 3868 ὲνανθρωπῆσαι
2859 3799 2967 3871 φὴς
3006 3800 3098 3853 τὸν
3138 3799 3235 3853 τοῦ
3263 3800 3396 3853 Θεοῦ
3427 3803 3618 3870 Λόγον.
3648 3803 3750 3871 ἀρ-

2169 3891 2325 3944 κέσει
2351 3892 2507 3945 τοῦτο
2543 3893 2679 3958 πρὸς
2720 3893 2950 3964 δήλωσιν
2997 3895 3089 3946 τοῦ
3134 3894 3256 3947 καθ’
3305 3897 3453 3964 ἡμᾶς
3493 3897 3748 3962 γενέσθαι

2164 3983 2256 4036 τὸν
2287 3983 2430 4055 ὑπὲρ
2481 3985 2663 4038 πᾶσαν
2692 3985 2793 4056 τὴν
2823 3986 3034 4038 κτίσιν·
3082 3985 3242 4039 ἔλαϐε
3293 3987 3390 4057 τὴν
3432 3987 3524 4040 τοῦ
3562 3987 3758 4040 δούλου

2168 4076 2402 4146 μορφὴν,
2430 4076 2604 4130 καίτοι
2628 4077 2728 4148 τὴν
2759 4076 3072 4148 ἐλευθερίαν
3098 4077 3237 4148 ἔχων
3256 4078 3328 4142 ὡς
3351 4063 3613 4141 Θεός.Ἷῐν
3641 4081 3748 4150 γὰρ

2165 4168 2225 4221 ὲν
2263 4168 2470 4240 ἰσότητι
2500 4168 2594 4221 τοῦ
2623 4169 2865 4239 Πατρός,
2889 4168 2984 4222 τοῦ
3012 4169 3073 4222 τὸ
3106 4170 3249 4223 κατὰ
3285 4171 3502 4224 πάντων
3532 4171 3750 4242 ἔχοντες

2165 4255 2388 4327 κράτος.
2425 4258 2640 4311 Παῦσαι
2661 4257 2887 4329 διαιρῶν
2917 4260 3013 4318 τὰς
3039 4259 3228 4328 φύσεις
3259 4261 3398 4330 μετὰ
3416 4263 3512 4330 τὴν
3531 4262 3741 4314 ἕνωσιν.

2165 4347 2292 4404 ’Ότι
2314 4349 2412 4418 μὲν
2430 4349 2536 4421 γὰρ
2563 4350 2747 4416 ἕτερόν
2775 4367 2847 4411 τι,
2869 4351 2962 4403 καὶ
2998 4351 3187 4422 ἕτερόν
3207 4355 3354 4404 ἐστιν
3377 4355 3410 4422 ἦ
3433 4371 3492 4405 τε
3517 4353 3634 4405 θεία
3654 4356 3748 4406 καὶ

2162 4443 2195 4510 ή
2221 4441 2510 4512 ἀνθρώπου
2543 4441 2722 4510 φύσις,
2746 4443 2948 4512 πρέποι
2981 4441 3046 4495 ἂν
3079 4443 3297 4507 εἰδέναι,
3331 4446 3424 4496 καὶ
3453 4445 3747 4510 ἀναγκαῖον

485 4543 652 4598 super
701 4532 885 4586 omnia
936 4533 1145 4590 obtinet
1200 4537 1510 4614 imperium.
1568 4539 1766 4597 Desine
1812 4545 2056 4603 dividere

2170 4529 2300 4585 εἷναί
2338 4549 2481 4602 φημι
2508 4535 2621 4594 τοῖς
2651 4531 2960 4603 ἀρτίφροσι.
2997 4536 3326 4606 Διεστήκασι
3357 4537 3465 4604 γὰρ
3501 4536 3746 4604 ἀλλήλων

487 4632 708 4678 naturas
728 4635 848 4692 post
873 4627 1128 4684 unionem
1163 4651 1176 4686 :
1213 4645 1335 4686 nam
1367 4634 1508 4688 scire
1547 4634 1691 4691 aliud
1723 4648 1888 4708 atque
1913 4641 2060 4697 aliud

485 4729 606 4770 esse
649 4715 887 4771 divinam
947 4717 1348 4791 humanamque
1398 4734 1645 4780 naturam
1678 4769 1694 4792 ,
1747 4746 1853 4784 non
1903 4735 2061 4788 modo

486 4810 775 4864 convenire
815 4812 1167 4878 prudentibus
1199 4815 1328 4869 viris
1354 4855 1368 4878 ,
1424 4831 1612 4872 verum
1643 4821 1810 4874 etiam
1865 4841 2059 4879 ncces-

487 4901 689 4954 sarium
712 4915 835 4974 esse
865 4918 1064 4958 censeo
1089 4921 1104 4956 :
1135 4905 1335 4960 distant
1357 4908 1502 4960 enim
1535 4909 1676 4964 inter
1700 4926 1761 4965 se
1791 4953 1804 4973 ,
1855 4923 1909 4966 et
1938 4915 2059 4983 qui-

486 4986 608 5042 dem
632 4991 993 5047 tnzestimabili
1019 4993 1448 5050 differentiarum
1479 5001 1652 5066 spatio
1682 5020 1695 5054 :
1730 5004 1782 5056 in
1811 5004 2055 5059 omnium

487 5087 666 5133 autem
704 5093 946 5137 nostrum
1003 5083 1282 5141 Salvatore
1332 5087 1551 5144 Christo
1613 5094 1701 5148 ubi
1759 5095 1880 5149 illas
1924 5112 2058 5149 con—

481 5167 728 5236 jmtxeris
780 5175 832 5228 in
879 5192 1066 5230 veram
1102 5187 1156 5232 et
1197 5181 1497 5235 secundum
1552 5184 1887 5254 hypostasint
1934 5189 2056 5242 uui-

557 5327 603 5359 ”
640 5329 771 5393 bno,
802 5329 905 5382 lsa.
940 5345 1069 5396 Lvn,
1098 5331 1180 5385 l0.
1263 5333 1307 5364 “
1336 5334 1532 5404 Ephes.
1573 5353 1644 5402 tv,
1683 5338 1767 5393 ll.

2166 4623 2262 4675 καὶ
2317 4623 2672 4693 ἀσυγκρίτοις
2721 4621 3029 4694 διαφοραῖς.
3105 4625 3227 4678 Ἐπὶ
3272 4627 3329 4678 δὲ
3379 4627 3472 4679 τοῦ
3530 4629 3748 4680 πάντων

2165 4715 2322 4785 ἡμῶν
2352 4716 2605 4786 Σωτῆρος
2633 4717 2902 4786 Χριστοῦ,
2947 4718 3380 4786 συνεισενεγκὼν
3422 4720 3501 4782 είς
3549 4719 3746 4772 ἕνωσιν

2162 4805 2259 4876 τὴν
2286 4807 2460 4877 ἀληθῆ
2495 4825 2553 4859 τε
2593 4810 2687 4860 καὶ
2723 4808 2844 4861 καθ’
2872 4809 3192 4873 ὑπόστασιν,
3225 4810 3495 4880 παραιτοῦ
3537 4812 3636 4882 τὴν
3666 4812 3748 4864 δι-

2162 4896 2372 4968 αίρεσιν
2395 4915 2408 4928 ⁸
2451 4900 2549 4953 ἕνα
2585 4901 2692 4972 γὰρ
2723 4899 2894 4963 οὕτως
2947 4902 3307 4972 ὁμολογήσεις
3354 4903 3613 4972 Χριστόν,
3651 4905 3748 4954 καὶ

2167 4990 2316 5056 Υἰὸν,
2343 4991 2438 5044 καὶ
2461 4991 2684 5062 Κύριον.
2720 4991 2880 5058 Ἀλλ’,
2909 4988 3120 5046 οὐκοῖδ’
3151 4994 3319 5059 ὅπως,
3366 4996 3393 5047 ὁ
3421 4993 3530 5048 τῶν
3567 4994 3745 5063 ἐξιτή-

2167 5081 2276 5134 λων
2303 5083 2436 5152 ἡμῖν
2461 5082 2747 5152 δογμάτων
2783 5083 3032 5155 εὑρετὴς,
3072 5085 3130 5136 ὲν
3157 5084 3376 5154 σμικρῷ
3417 5084 3517 5154 μὲν
3550 5085 3746 5156 κομιδῆ

2169 5173 2466 5244 πεποίηται
2493 5174 2638 5244 λόγῳ
2667 5175 2726 5228 τὸ
2755 5175 2854 5246 τῆς
2886 5173 3130 5238 ἐνώσεως
3157 5178 3345 5246 χρῆμα
3364 5193 3377 5206 ο
3409 5175 3745 5244 διωσάμενος

1755 5494 1914 5547 ΛΝΤ.
1960 5496 2048 5551 AG
2061 5494 2232 5550 I‘ILLll
2271 5493 2501 5550 NOT.‘E.

558 5666 1021 5744 (I3)_Legendn_nt,
1049 5673 1167 5740 ὁρᾷ,
1212 5683 1266 5726 ιιι
1306 5675 1396 5727 lib.
1438 5691 1496 5734 ll,
1531 5690 1649 5740 pag.
1692 5676 1781 5744 fll.
1818 5673 2054 5744 ἀλλ’όρᾷ

488 5755 591 5814 που
617 5739 841 5814 ’πάντως
868 5744 895 5793 ὁ
925 5739 1197 5812 θεοφιλής,
1233 5755 1285 5796 et
1319 5745 1404 5806 bii,
1440 5746 1540 5814 ὁρᾷ
1566 5739 1628 5813 δὴ
1655 5741 1746 5796 οὖν
1773 5748 1799 5796 ὁ
1828 5739 2054 5814 χρηστό-

487 5808 687 5879 Meri-9.
721 5813 826 5866 Aut
866 5815 907 5868 si
940 5808 1171 5870 set-nuda
1217 5830 1442 5884 persona
1473 5808 1676 5885 legatur
1711 5808 2054 5887 ὅραξῖρέοιι-

2164 5675 2288 5751 dum
2318 5673 2721 5751 drcgtlopateijg,
2750 5674 3090 5751 gemeam,
3131 5678 3180 5751 δι
3203 5679 3590 5751 χρηστομαθής
3615 5699 3625 5711 ·
3659 5685 3741 5735 cui

2163 5746 2379 5800 lectioni
2418 5749 2560 5825 lant-ct
2590 5747 2736 5825 locus
2769 5745 2859 5825 lib.
2899 5763 2977 5825 Ill,
3012 5745 3132 5817 pag.
3156 5745 3249 5808 6'2:
3279 5745 3380 5822 ὅρα
3414 5745 3476 5802 ’δέ
3514 5745 3604 5819 μόι
3643 5753 3742 5805 τὼν

2163 5815 2518 5886 προφητικῶν
2546 5816 2762 5870 ἐννοιῶν
2790 5815 2884 5886 τὴν
2918 5815 3264 5890 ἐγρήγορσιν.
