4054 6332
214 386 287 443 93
1357 394 1730 452 ADVERSUS
1769 394 2176 456 NESTORIUM
2216 398 2347 456 LIB.
2395 396 2457 457 11.
3418 404 3486 457 Μ

210 500 271 554 δὲ
307 501 401 555 καὶ
442 501 575 556 αὑτὸ
607 503 748 558 κατά
774 504 837 558 τὸ
892 506 1058 569 εἰκὸς,
1100 508 1193 560 καὶ
1242 509 1342 578 τῆς
1391 509 1649 579 ἀληθείας
1699 527 1791 579 την

1905 520 2092 578 tatem,
2134 530 2267 568 cave
2329 514 2649 568 divisionem
2682 529 2698 565 :
2736 513 2816 567 sic
2848 529 3081 583 namque
3130 530 3295 569 nnttm
3338 518 3489 572 Chri-

209 592 465 662 δύναμιν,
519 592 804 666 κεχώρηκε
852 597 1015 650 πάλιν
1040 597 1133 650 ἐπὶ
1159 600 1217 652 τὸ
1264 601 1414 670 αὑτῷ
1447 602 1660 662 δοκοῦν,
1698 602 1795 655 καί

209 703 350 756 φησι
370 703 382 716 ·
425 685 563 757 [Διά
592 687 753 755 τοῦτο
776 690 871 742 καὶ
900 692 1134 761 Χριστὸς
1168 694 1197 744 ὁ
1227 692 1360 756 Θεὸς
1395 694 1566 763 Λόγος
1596 696 1796 764 ὀνομά-

210 779 389 843 ζεται,
421 781 650 854 ἐπείπερ
678 782 791 853 ἔχει
814 784 915 854 τὴν
946 784 1243 853 συνάφειαν
1275 786 1375 855 τὴν
1397 787 1532 857 πρὸς
1552 788 1642 840 τὸν
1674 790 1801 859 Χρι-

213 874 343 927 στὸν
374 874 619 945 διηνεκῆ.
652 875 764 928 Καὶ
784 877 885 929 οὐκ
920 876 1035 930 ἔστι
1087 878 1178 930 τὸν
1204 877 1338 931 Θεὸν
1354 879 1525 948 Λόγον
1546 879 1673 933 ἄνευ
1699 881 1799 950 τῆς

208 965 639 1037 ἀνθρωπότητος
696 967 901 1038 πρᾶξαί
945 984 1018 1020 τι.
1075 968 1488 1039 Ἀπηκρίϐωται
1555 970 1664 1041 γὰρ
1716 973 1801 1035 εἰς

209 1059 395 1129 ἄκραν
417 1059 733 1127 συνάφειαν,
764 1060 864 1113 οὐκ
900 1061 982 1124 εἰς
1013 1060 1345 1125 ἀποθέωσιν,
1374 1062 1518 1115 κατὰ
1547 1064 1675 1127 τοὺς
1705 1080 1796 1116 σο-

212 1152 353 1219 φοὺς
389 1150 502 1204 τῶν
547 1152 928 1223 δογματιστῶν
958 1152 1067 1205 τῶν
1102 1153 1433 1225 νεωτέρων.]
1464 1155 1591 1207 Ὅτε
1619 1154 1799 1209 τοίνυν

207 1244 450 1314 Χριστὸν
478 1244 795 1317 ὠνομάσθαι
823 1246 987 1315 φησὶν
1016 1245 1200 1310 ὶδικῶς
1221 1247 1312 1299 τὸν
1332 1248 1395 1299 ἐκ
1415 1246 1551 1299 Θεοῦ
1586 1249 1799 1321 Πατρὸς

208 1338 410 1404 Λόγον.
440 1337 515 1401 ὡς
542 1336 736 1407 ἔχοντα
786 1338 885 1410 τὴν
917 1340 1218 1409 συνάφειαν
1254 1339 1394 1411 πρὸς
1435 1340 1690 1410 Χριστὸν,
1722 1340 1798 1403 ῶς

209 1429 351 1499 πρὸς
382 1430 568 1501 ἔτερόν
606 1447 710 1483 που
755 1432 1021 1502 δηλονότι,
1048 1432 1165 1495 πῶς
1214 1432 1275 1484 ού
1303 1430 1659 1502 πεφλυάρηκὲ
1695 1448 1797 1483 που

211 1520 395 1589 μάτην
423 1519 684 1592 εἰρηκὼς,
718 1521 803 1573 ὅτι
852 1521 991 1591 μετά
1045 1520 1144 1592 τὴν
1176 1520 1445 1591 ἀνάληψιν
1484 1520 1546 1573 οὐ
1574 1520 1796 1574 δύναται

208 1613 498 1667 καλεῖσθαι
542 1614 1007 1686 κεχωρισμένωςς
1056 1614 1214 1685 εἴπερ
1259 1614 1356 1683 οὐχ
1388 1612 1446 1665 ἓν
1489 1630 1541 1665 τι
1592 1615 1795 1665 νοεῖται

205 1707 349 1778 πρὸς
376 1706 556 1777 ἡμῶν,
586 1707 648 1759 τὸ
678 1707 850 1777 ὲτέρῳ
877 1707 985 1760 τινὶ
1038 1706 1304 1776 σχετικῶς
1338 1706 1608 1775 συνῆφθαι
1641 1706 1798 1771 λεγό-

208 1816 378 1869 μενον
401 1816 414 1827 ·
454 1798 549 1852 δύο
585 1799 694 1870 γὰρ
727 1799 944 1862 πάντως
990 1798 1059 1851 τὰ
1104 1798 1355 1869 ἀλλήλοις
1402 1798 1791 1863 συμϐαίνοντα,

1904 618 2046 663 stum
2074 608 2353 673 fateberis,
2383 620 2436 663 et
2461 608 2653 662 Filium
2686 617 2741 662 et
2779 608 3083 661 Dominum.
3138 609 3245 663 Sed
3299 610 3486 663 nescio

1903 701 2187 768 quomodo
2212 698 2299 754 hic
2332 715 2595 752 vanorum
2627 698 2879 751 inventor
2917 697 3229 765 dogmatum
3261 712 3373 751 rem
3406 699 3488 765 ip-

1904 806 2017 845 sam
2051 791 2271 847 unionis
2302 792 2590 844 admodmn
2624 790 2990 859 parvipendit,
3026 790 3224 859 illaque
3260 788 3485 856 rejecta,

1904 893 1961 938 ut
1998 899 2339 955 consequens
2370 896 2518 939 certe
2544 892 2681 949 erat,
2716 895 2770 938 et
2805 886 2855 937 vi
2878 883 3037 938 simul
3068 884 3181 953 ipsa
3206 881 3213 888 ’
3240 882 3485 937 veritatis

1902 978 2155 1033 abdicata
2189 993 2379 1033 rursus
2408 978 2475 1032 ad
2514 978 2567 1031 id
2596 977 2827 1030 recurrit
2879 976 3020 1044 quod
3065 977 3164 1030 sibi
3212 975 3479 1045 placebat,

1901 1079 1957 1123 et
1991 1069 2112 1125 ait:
2164 1068 2313 1141 {IdEo
2341 1070 2507 1123 etiam
2545 1068 2799 1124 Chrisms
2853 1068 3156 1138 appellatur
3195 1068 3281 1122 ille
3341 1069 3481 1122 Deus

1904 1162 2162 1228 Verbum,
2197 1163 2323 1230 quia
2367 1162 2522 1215 habet
2567 1170 2880 1230 perpetuam
2926 1176 3047 1214 cum
3078 1162 3299 1214 Christo
3343 1176 3478 1214 con-

1897 1254 2274 1321 iunctionem;
2310 1267 2483 1320 neque
2514 1252 2773 1317 contingit
2804 1262 2861 1305 ut
2892 1252 3034 1305 Deus
3084 1251 3320 1305 Verbum
3358 1252 3479 1305 sine

1903 1345 2237 1399 bunumitate
2284 1344 2451 1397 faciat
2482 1343 2685 1412 aliquid
2721 1361 2735 1397 :
2778 1346 3070 1410 perductus
3109 1352 3192 1397 est
3237 1343 3379 1396 enim
3409 1341 3477 1395 ad

1900 1453 2168 1491 summam
2203 1436 2678 1507 COujuuctionem;
2714 1450 2817 1489 non
2850 1435 2914 1487 ad
2951 1434 3370 1500 tleilicationetn,
3423 1445 3475 1486 ιιι

1901 1530 2179 1599 sapientes
2233 1544 2264 1583 e
2327 1528 2726 1582 recentioribus
2786 1527 3128 1594 dogmatistis
3180 1526 3476 1595 assertum]

1899 1624 2032 1677 Cum
2068 1623 2233 1692 igitur
2266 1622 2411 1675 dicat
2442 1621 2715 1675 Christum
2752 1621 3077 1689 appellatum
3112 1634 3233 1673 esse
3256 1619 3385 1672 illud
3412 1635 3477 1672 ex

1903 1716 2011 1768 Deo
2040 1714 2197 1767 Pa're
2228 1711 2485 1774 Verbum,
2530 1712 2655 1781 quia
2698 1712 2895 1764 habeat
2919 1727 3043 1765 cum
3078 1710 3299 1764 Christo
3346 1726 3478 1763 con-

1896 1807 2257 1873 juuctionem,
2302 1814 2357 1857 ut
2393 1820 2514 1858 eum
2549 1805 2723 1857 altero
2754 1805 3031 1866 nimirum,
3055 1803 3332 1871 quomodo
3370 1820 3476 1856 nou

206 1892 307 1944 xui.
337 1892 436 1961 οὐχ
462 1891 517 1944 ἒν
540 1893 671 1944 αύτό
692 1908 767 1954 τι,
799 1891 859 1943 τὸ
885 1890 1064 1960 ἐαυτῷ
1092 1891 1517 1961 συναπτόμενον,
1540 1892 1696 1943 νοοῖτ’
1725 1890 1791 1943 ἂν

1898 1907 2100 1951 [emere
2121 1908 2347 1966 nugatus
2362 1906 2464 1958 est,
2484 1912 2603 1949 cum
2625 1896 2779 1961 dixit,
2795 1906 2913 1964 post
2929 1896 3351 1963 assutnptionetn
3373 1912 3476 1948 non

205 1985 461 2047 εἰκότως.
512 1984 863 2053 Ψευδομυθία
905 1983 971 2055 δὴ
1017 1979 1111 2038 οὖν
1140 1984 1208 2035 τὰ
1251 1984 1460 2036 ἐκείνου
1504 1985 1596 2036 καὶ
1627 1984 1791 2053 λῆρος

208 2077 437 2146 ἑτέρως.
486 2077 676 2145 Ἡμεῖς
709 2077 766 2129 δὲ
820 2078 959 2148 μετά
1007 2078 1106 2148 τὴν
1151 2078 1365 2140 ἕνωσιν,
1421 2079 1523 2130 xiv
1573 2079 1620 2129 εἰ
1660 2078 1792 2129 Θεὸν

204 2168 384 2236 Λόγον
405 2169 693 2238 ὀνομάσειε
724 2186 828 2229 τις,
854 2170 913 2221 οὺ
944 2168 1066 2238 δίχα
1096 2168 1324 2239 νοοῦμεν
1345 2169 1505 2221 αὐτὸν
1533 2169 1631 2239 τῆς
1656 2168 1791 2233 ἰδίας

206 2257 451 2327 σαρκός·
496 2257 599 2310 κᾶν
632 2257 762 2328 εἴπῃ
808 2259 1063 2327 Χριστὸν,
1103 2258 1459 2328 σαρκωοέντα
1500 2258 1590 2310 τὸν
1622 2259 1792 2326 Λόγον

203 2347 667 2419 ἐπιγινωσκόμεν.
704 2348 800 2412 Τίς
839 2349 896 2401 δὲ
925 2349 989 2419 δὴ
1035 2349 1143 2419 ἄρα
1173 2351 1267 2401 καὶ
1296 2350 1324 2400 ὀ
1359 2351 1458 2419 τῆς
1496 2348 1648 2419 ποιρά
1698 2348 1791 2401 σοῦ

202 2440 511 2511 λεγομένης
563 2442 857 2510 συναφείας
912 2445 1113 2494 νοεῖται
1166 2441 1398 2512 τρόπος;
1434 2441 1495 2494 Εἰ
1537 2441 1637 2512 μὲν
1684 2442 1791 2513 γὰρ

202 2533 451 2604 ἡνῶσθαι
478 2533 583 2605 φὴς
618 2533 741 2586 καθ’
766 2534 1068 2587 ὑπόστασιν
1094 2534 1171 2603 τῷ
1198 2537 1261 2586 ἐκ
1286 2534 1420 2586 Θεοῦ
1444 2534 1601 2603 φύντι
1631 2534 1792 2602 Λόγῳ

204 2625 269 2677 τὸ
303 2624 664 2696 ἀνθρώπινον,
700 2625 752 2680 τί
778 2626 877 2696 τὴν
916 2627 1087 2691 θείαν,
1114 2627 1236 2679 εῖπέ
1264 2644 1375 2696 μοι,
1416 2626 1793 2697 περιυϐρίζεις

205 2716 424 2787 σάρκα;
461 2718 639 2770 καίτοι
670 2721 1001 2788 προσκυνεῖν
1042 2718 1178 2787 αὐτῇ
1214 2716 1287 2787 μὴ
1332 2717 1789 2788 παραιτούμενος.

206 2808 518 2878 πρέποντος
556 2808 694 2880 μόνῃ
723 2811 790 2879 τῇ
820 2807 943 2878 θείᾳ
976 2824 1037 2860 τε
1060 2809 1153 2860 καὶ
1188 2809 1484 2879 ἀπορρήτῳ
1505 2806 1665 2875 φύσει
1697 2808 1791 2860 τοῦ

207 2902 637 2971 προσκυνεῖσθαι
670 2902 803 2955 δεῖν.
837 2902 899 2954 Εἰ
928 2902 982 2953 δὲ
1016 2900 1194 2971 ἀληθῆ
1236 2901 1337 2971 μὲν
1370 2903 1472 2954 οὐκ
1497 2902 1600 2955 οἴει
1637 2902 1792 2970 γενέ-

207 2994 335 3048 σθαι
367 2994 465 3065 τὴν
494 2994 711 3059 ἕνωσιν,
752 2994 1047 3062 συνάφειαν
1079 2994 1135 3047 δὲ
1168 2995 1370 3060 μᾶλλον
1415 2996 1547 3066 ἡμῖν
1594 2994 1794 3064 ὀνομά-

206 3089 323 3153 ζεις
350 3088 449 3158 τὴν
484 3088 625 3141 κατὰ
658 3105 719 3156 γε
754 3088 853 3159 τὴν
883 3088 1227 3159 ὁμωνυμίαν,
1261 3087 1355 3139 καὶ
1387 3088 1484 3156 τὴν
1522 3089 1580 3139 ὲν
1606 3086 1792 3156 ψιλαῖς

1896 2004 2053 2058 posse
2075 1989 2253 2039 vot‘at'i
2274 1985 2526 2039 seorsim?
2545 1984 2808 2054 siquidem
2829 1986 2970 2053 quod
2994 1984 3145 2036 alteri
3167 1985 3378 2036 cuidam
3402 1983 3475 2035 rei

1895 2080 2189 2133 secundum
2215 2078 2583 2132 habitudinem
2644 2078 2988 2145 coniunctum
3019 2091 3139 2129 esse
3167 2076 3386 2136 dicitur,
3426 2075 3477 2127 id

1897 2187 1999 2223 non
2025 2179 2201 2239 potest
2229 2183 2257 2221 a
2292 2168 2447 2223 nobis
2477 2178 2731 2235 tanquam
2759 2184 2926 2220 unum
2955 2168 3159 2236 aliquid
3199 2167 3422 2235 intelligi
3459 2183 3475 2217 :

1896 2278 2019 2317 nam
2043 2261 2322 2331 quaeinter
2344 2275 2402 2314 se
2422 2261 2772 2323 conveniunt,
2799 2261 2905 2312 duo
2929 2259 3293 2327 prorsusjure
3319 2258 3479 2312 inte!-

1898 2358 2157 2424 liguutur,
2191 2365 2244 2409 et
2274 2370 2379 2408 non
2417 2370 2581 2407 unum
2625 2351 2830 2421 aliquid
2857 2352 2998 2419 quod
3044 2351 3218 2420 ipsum
3254 2349 3351 2402 sibi
3381 2365 3475 2403 co—

1896 2450 2111 2517 puletur
2134 2467 2147 2503 :
2170 2448 2368 2503 fabula:
2390 2458 2517 2501 sunt
2540 2446 2711 2516 igitur
2733 2456 2788 2499 et
2816 2445 3126 2499 vanissima!
3152 2460 3305 2511 nugm
3334 2442 3477 2496 illius

1896 2543 2084 2597 verba.
2114 2541 2224 2595 Nos
2260 2552 2439 2595 autem
2489 2550 2609 2609 post
2633 2538 2781 2592 il!am
2822 2537 3076 2591 unionem
3103 2578 3117 2600 ,
3154 2535 3268 2588 sive
3295 2533 3460 2586 Deum

1897 2634 2134 2688 Verbum
2163 2633 2405 2687 nominet
2443 2631 2741 2700 quispiam,
2776 2646 2884 2683 non
2910 2630 3031 2682 sine
3059 2626 3275 2695 propria
3310 2639 3476 2677 carne

1896 2724 2026 2780 illud
2065 2724 2446 2793 intelligimus,
2478 2723 2594 2777 sive
2618 2722 2900 2776 Christum
2926 2720 3091 2783 dicat,
3128 2718 3475 2771 iucarnatuut

1898 2818 2136 2874 Verbum
2167 2818 2539 2887 agnoscimus.
2565 2815 2683 2870 Jatn
2729 2829 2858 2867 vero
2886 2814 3105 2881 quinam
3135 2812 3295 2864 etiam
3329 2809 3478 2862 illius

1895 2931 2057 2984 quam
2090 2924 2147 2967 tu
2181 2912 2623 2981 conjunctionem
2648 2908 2784 2963 dicis
2813 2947 2827 2971 ,
2886 2904 3205 2973 intelligitur
3235 2899 3476 2956 modosit

1895 3007 2031 3062 Nam
2070 3008 2114 3059 si
2160 3006 2558 3060 humanitatem
2591 3002 2730 3056 dicis
2778 3000 2985 3053 uuitam
3031 2996 3328 3051 secundum
3376 2994 3479 3063 hy-

1895 3101 2153 3169 postasitu
2189 3100 2264 3152 illi
2297 3113 2361 3151 ex
2400 3098 2508 3152 Deo
2532 3096 2714 3167 genito
2772 3093 2965 3157 Verbo,
3000 3106 3118 3155 cur,
3146 3105 3349 3158 qumso,
3398 3088 3477 3141 di-

206 3180 303 3233 καὶ
328 3181 523 3250 μόναις
543 3183 666 3243 ταῖς
690 3180 835 3244 ἴσαις
866 3180 1123 3249 κλήσεσιν
1141 3178 1318 3245 ἀξίαν,
1335 3178 1387 3232 τί
1412 3196 1469 3232 σε
1479 3179 1787 3251 μνοληρείς,

1896 3196 2074 3246 vinum
2112 3192 2260 3245 illam
2311 3205 2530 3244 carnem
2595 3186 2764 3240 aﬂicis
2810 3182 3048 3252 injuria?
3101 3179 3315 3234 tametsi
3357 3193 3478 3233 eam

204 3272 637 3343 ἀπηκριϐῶσθαι
671 3273 846 3340 λέγων
894 3272 985 3324 τόν
1013 3274 1077 3324 ἐκ
1114 3271 1375 3339 γυναικὸς
1431 3270 1569 3341 πρὸς
1614 3271 1791 3341 ἄκραν

204 3366 528 3433 συνάφειαν,
563 3365 721 3435 δῆλον
755 3365 812 3418 δὲ
842 3365 925 3417 ότι
966 3364 1065 3435 τὴν
1092 3364 1230 3435 πρὸς
1255 3363 1347 3416 τόν
1382 3363 1588 3432 Λόγον;
1616 3362 1792 3432 Ὁμώ-

201 3476 376 3528 νυμον
403 3458 501 3528 μὲν
536 3458 643 3529 γάρ
673 3457 924 3525 ἀλλήλοις
955 3452 1067 3509 εἷεν
1090 3455 1177 3518 ἂν,
1204 3457 1264 3509 τό
1291 3472 1350 3508 τε
1378 3455 1507 3519 Υἱὸς
1538 3455 1673 3523 Υὶῷ,
1696 3455 1792 3507 καὶ

204 3552 415 3622 Κύριος
449 3550 669 3621 Κυρίῳ·
700 3551 813 3603 ἀλλ’
854 3550 1007 3603 οὐδὲν
1042 3550 1289 3621 ἀλλήλων
1327 3553 1699 3619 μειονεκτοῖτο
1725 3549 1791 3602 ἂν

200 3645 275 3696 τὰ
311 3642 588 3712 ὀνόματα·
628 3642 723 3695 καὶ
752 3641 815 3693 τὸ
861 3641 1116 3714 περιττὸν
1159 3643 1217 3693 ὲν
1245 3641 1457 3704 τούτοις
1504 3640 1791 3709 πολυπρα-

202 3739 452 3806 γμονεῖν,
490 3738 696 3788 εἰκαῖον
740 3730 893 3805 οἶμαί
940 3752 1074 3787 που⁹
1107 3734 1236 3795 Υἱὸς
1266 3734 1374 3804 γὰρ
1415 3733 1568 3797 Υὶοῦ,
1598 3733 1695 3786 καὶ
1730 3732 1791 3783 τὸ

202 3830 335 3891 Υἱὸς
363 3828 475 3900 [ῖσ.
512 3828 654 3880 καθὰ
688 3826 835 3890 Υἱὸς,
856 3826 916 3894 ἣ,
947 3825 1083 3879 καθὸ
1113 3826 1243 3889 Υἱὸς
1262 3824 1306 3896 ],
1348 3824 1472 3877 οὔτε
1504 3825 1564 3877 τὸ
1583 3824 1786 3895 μεῖξον,

202 3924 329 3977 οὔτε
358 3923 419 3975 τὸ
441 3922 663 3976 ἔλαττον
692 3921 825 3990 ἔχει.
843 3923 1233 3992 Περισσοεπεῖς
1261 3916 1353 3973 οὖν
1381 3918 1491 3990 ἄρα
1519 3919 1612 3971 καὶ
1648 3916 1792 3988 μάλα

207 4016 423 4085 σαφῶς,
456 4014 880 4087 ἀπηκριϐῶσθαι
900 4012 1074 4081 λέγων
1094 4012 1259 4067 αὐτὸν
1294 4011 1429 4083 πρὸς
1462 4010 1639 4081 ἄκραν
1666 4028 1791 4062 συν-

204 4111 425 4180 ἀφειαν.
456 4109 665 4178 Πρέποι
699 4108 743 4161 δ’
773 4106 861 4171 ἂν,
893 4106 1038 4161 κατά
1072 4123 1138 4175 γε
1170 4105 1231 4158 τὸ
1267 4103 1417 4175 αὐτῷ
1455 4121 1545 4176 μοι
1576 4104 1787 4170 δοκοῦν,

205 4205 327 4273 οὐχὶ
359 4205 482 4266 ταῖς
502 4202 847 4272 ὁμωνυμῐαις
882 4200 942 4253 τὸ
965 4198 1391 4269 ἀπηκριϐῶσθαι
1414 4197 1595 4267 λέγειν
1618 4196 1789 4259 αὑτὰς

206 4296 495 4367 ἀλλήλαις·
529 4296 757 4357 ἐκείνοις
793 4294 848 4346 δὲ
899 4292 1122 4363 μᾶλλον,
1150 4292 1185 4346 ἃ
1225 4292 1323 4363 τὴν
1354 4294 1433 4355 εἰς
1469 4294 1578 4344 πᾶν
1611 4289 1789 4344 ὁτιοῦν

212 4389 435 4459 ἰσότητά
464 4404 523 4439 τε
558 4388 652 4439 καὶ
686 4387 979 4456 ὁμοιότητα
1014 4384 1123 4437 τῶν
1149 4383 1209 4437 ἓν
1249 4381 1385 4438 εἶναι
1422 4382 1789 4453 πεπιστευμέμ

206 4497 335 4540 νων,
366 4476 691 4547 διαλαχόντα
734 4475 1019 4543 φαίνεται*
1061 4468 1201 4539 οἷον,
1267 4473 1398 4543 φέρε
1434 4475 1631 4535 εἰπεῖν,
1679 4473 1788 4525 ἀπ-

1894 3287 2122 3340 adorare
2147 3284 2370 3338 minime
2420 3282 2676 3351 refugias,
2727 3295 2851 3332 cum
2894 3276 3268 3330 adorationem
3319 3272 3479 3326 exhi-

1894 3379 2013 3434 beri
2045 3377 2261 3431 nonnisi
2299 3376 2496 3428 divina:
2530 3385 2584 3429 et
2614 3372 2873 3427 inetfabili
2920 3380 3131 3425 natum
3166 3366 3475 3423 Conveniat.

1894 3472 2046 3538 Quod
2078 3470 2120 3523 si
2150 3470 2293 3523 haud
2330 3484 2510 3521 verum
2543 3478 2698 3537 putas
2732 3466 2930 3519 fartam
2961 3463 3237 3523 unionem,
3265 3470 3316 3512 et
3344 3474 3479 3512 con-

1887 3563 2223 3631 junctionem
2251 3563 2432 3629 potius
2464 3560 2705 3627 appellas
2750 3559 2894 3613 illam
2949 3556 3246 3611 secundum
3286 3554 3479 3606 Immu-

1894 3654 2156 3725 nymiam,
2184 3665 2239 3705 et
2277 3652 2379 3722 51
2416 3652 2466 3705 in
2499 3651 2609 3705 sola
2642 3666 2704 3703 ac
2731 3650 2871 3701 nmla
2904 3647 3127 3715 :eqnalis
3157 3643 3476 3714 appellatio-

1896 3748 1982 3801 nis
2015 3747 2281 3799 societate
2330 3745 2561 3813 positam
2613 3742 2957 3812 dignitatem,
3001 3738 3130 3808 quid
3187 3734 3478 3805 magniﬁco

1895 3837 2150 3907 nugaris,
2188 3837 2375 3891 dicens
2408 3836 2556 3890 illum
2581 3851 2646 3890 ex
2690 3833 2920 3888 muliere
2967 3830 3170 3885 editum
3221 3828 3285 3881 ad
3323 3843 3474 3880 sum-

1895 3947 2037 3985 mam
2092 3928 2529 3997 conjunctionetn
2618 3927 2978 3997 perductum,
3031 3922 3284 3976 nimirum
3355 3934 3476 3972 cum

1897 4020 2117 4075 Verbo?
2152 4020 2484 4092 llomonyma
2524 4033 2756 4087 namque
2794 4017 2939 4070 inter
2963 4030 3021 4068 se
3046 4022 3205 4067 erunt
3229 4020 3281 4065 et
3310 4009 3481 4064 Filius

1894 4108 2053 4172 Filio,
2083 4120 2138 4164 et
2170 4108 2432 4163 Dominus
2467 4109 2713 4164 Domino.
2759 4107 2865 4162 Sed
2903 4105 3036 4159 nihil
3084 4103 3200 4157 lucc
3250 4101 3477 4156 nomina

1892 4216 2057 4251 unum
2088 4199 2258 4253 altero
2291 4200 2471 4252 minus
2499 4198 2775 4252 habebunt
2799 4236 2816 4261 ,
2864 4194 3077 4265 etquid
3123 4196 3174 4247 in
3215 4193 3301 4246 his
3350 4192 3469 4245 exi-

1895 4294 2061 4346 mium
2092 4292 2181 4355 sit,
2216 4292 2508 4360 exquirere
2543 4306 2739 4343 vanum
2774 4290 2865 4352 sit,
2907 4287 3135 4355 opinor:
3159 4302 3280 4339 nam
3314 4285 3495 4343 Filius

1896 4387 2033 4440 Filio
2067 4400 2172 4455 qua
2210 4384 2382 4438 Filius
2413 4393 2519 4447 est,
2555 4397 2654 4437 nee
2690 4381 2869 4450 majus
2913 4379 3119 4448 aliquid
3163 4392 3265 4432 uec
3299 4376 3480 4430 minus

1893 4478 2078 4532 habet.
2117 4476 2462 4545 Supervacua
2493 4475 2659 4545 igitur
2695 4484 2746 4528 te
2772 4473 2935 4527 verba
2965 4470 3191 4525 fundere
3240 4469 3474 4537 apertis-

207 4570 556 4642 ηκριϐῶσθαί
596 4586 776 4638 φαμεν
816 4568 955 4638 πρὸς
990 4567 1166 4637 ἄκραν
1218 4565 1517 4635 ἐμφέρειαν
1560 4562 1663 4632 τῆς
1689 4565 1785 4616 τοῦ

1896 4572 2089 4626 simum
2117 4580 2201 4625 est
2224 4610 2240 4636 ,
2271 4584 2395 4625 cum
2428 4570 2605 4639 ipsum
2625 4568 2942 4637 perductum
2959 4564 3099 4620 dicis
3118 4565 3182 4617 ad
3206 4578 3473 4616 summam

205 4665 377 4727 δεῖνος
417 4662 652 4734 μορφῆς,
695 4660 728 4729 ἢ
768 4660 858 4713 τὸν
915 4660 976 4723 ἐξ
1026 4658 1193 4713 αὐτοῦ
1251 4657 1514 4725 γεγονότα
1558 4656 1693 4721 υἱὸν,
1728 4655 1784 4726 ἢ,

206 4760 343 4826 φέρε
378 4758 577 4817 εἰπεῖν,
614 4753 820 4808 εἰκόνα.
868 4751 1026 4804 Κατά
1060 4751 1117 4803 δέ
1145 4767 1205 4817 γε
1232 4750 1321 4801 τὸν
1351 4751 1449 4819 τῆς
1495 4748 1790 4816 συναφείας

204 4851 428 4921 τρόπον,
459 4846 577 4909 πῶς
610 4845 676 4899 ἂν
706 4844 1132 4915 ἀπηκριϐῶσθαι
1174 4842 1415 4909 λέγοιντο
1458 4840 1553 4892 καὶ
1584 4839 1787 4892 νοοῖντό

203 4960 367 5007 τ.να;
409 4940 550 4993 Ἀλλ’
585 4938 747 5002 αὐτὸς
798 4938 899 5008 μὲν
936 4937 1285 5007 ἡρμήνευσε-ι
1330 4934 1463 5004 ἡμῖν
1508 4932 1609 5002 τῆς
1661 4948 1787 4984 συν-

203 5036 403 5102 αφείας
432 5031 529 5102 τὴν
568 5031 819 5100 δύναμιν.
854 5028 960 5101 [Οὐ
990 5029 1097 5098 γὰρ
1132 5027 1272 5090 ἔστι,
1329 5025 1486 5096 φησὶ,
1531 5024 1622 5078 τὸν
1655 5025 1787 5077 Θεὸν

204 5128 402 5195 Λόγον,
425 5125 553 5179 ἀνευ
578 5126 677 5193 τῆς
705 5122 1127 5193 ἀνθρωπότητος
1163 5119 1366 5191 πρᾶξαί
1388 5117 1485 5189 τι].
1520 5118 1789 5188 Ὀμόφρο-

203 5237 294 5281 νες
321 5214 418 5272 οὖν
448 5215 701 5285 ἀλληλοις
737 5216 831 5267 καὶ
857 5212 1243 5283 ὁμογνώμονες
1270 5210 1409 5264 κατά
1446 5210 1527 5275 σὲ,
1554 5210 1649 5263 καὶ
1680 5210 1789 5263 ἀπὸ

205 5310 406 5365 κοινῶν
441 5308 778 5379 σκεμμάτων
808 5306 891 5372 ἐφ’
923 5305 1132 5357 ἕκαστα
1157 5303 1268 5356 τῶν
1312 5301 1606 5373 πρακτέων
1650 5301 1789 5354 ἰέναι

206 5402 579 5471 πιστεύσομεν
630 5401 731 5469 τὴν
778 5398 889 5452 τῶν
944 5397 1097 5468 παρά
1138 5396 1231 5449 σοῦ
1288 5394 1598 5463 λεγομένων
1656 5393 1789 5446 υἱῶν

205 5494 511 5565 ξυνωρίδα·
548 5488 688 5553 εἶτα,
723 5491 841 5555 πῶς
897 5492 957 5543 ού
983 5490 1076 5543 δύο
1122 5488 1359 5560 χριστοὶ,
1396 5488 1491 5539 καὶ
1530 5486 1657 5549 υἱοὶ,
1693 5485 1790 5538 καὶ

200 5588 416 5658 κύριοι;
471 5586 608 5639 Ἀλλ’
642 5585 720 5648 ὡς
742 5583 958 5654 ὀργάνῳ
1000 5581 1076 5651 τῷ
1108 5580 1319 5650 σώματι
1362 5578 1661 5650 κεχρῆσθαι
1697 5579 1790 5630 τὸν

205 5681 383 5747 Λόγον
414 5677 722 5749 διῖσχυρίζῃ
755 5676 895 5731 κατὰ
914 5676 974 5728 τὸ
1000 5675 1167 5737 εἰκός.
1187 5673 1326 5726 Ἀλλ’
1350 5673 1397 5725 εἰ
1429 5672 1527 5741 μὲν
1551 5670 1650 5723 ’ἐνα
1682 5669 1789 5741 φὴς

206 5774 357 5840 Υἰὸν,
398 5775 493 5827 καὶ
532 5773 663 5843 μίαν
696 5771 996 5824 ὑπόστασιν
1041 5769 1142 5839 τὴν
1172 5766 1265 5821 τοῦ
1302 5767 1475 5835 Λόγου
1504 5782 1787 5835 σεσαρκω-

204 5868 404 5938 μένην,
437 5867 537 5921 οὐκ
559 5865 719 5929 αὐτὸς
756 5866 915 5919 ἔσται
943 5862 1204 5933 Θεότητος
1226 5861 1456 5931 ὄργανον
1480 5876 1489 5887 ’
1528 5857 1791 5927 κεχρήσε-

1893 4662 2354 4729 conjunctionem.
2388 4658 2506 4713 Non
2537 4655 2931 4723 enim,utmibi
2950 4653 3186 4717 videtur,
3203 4651 3268 4706 de
3287 4651 3477 4704 homo-

1893 4756 2069 4827 nymis
2082 4754 2338 4809 convenit
2356 4753 2537 4807 dicere
2550 4752 2691 4819 quod
2710 4750 2777 4803 ad
2793 4763 3057 4803 summam
3076 4743 3479 4801 similitudinem

1893 4848 2003 4901 sint
2032 4847 2310 4917 perducta,
2325 4846 2419 4900 sed
2436 4846 2520 4900 his
2540 4843 2718 4915 potius
2736 4857 2857 4911 qua:
2890 4855 2987 4910 per
3002 4838 3183 4894 omnia
3203 4836 3479 4907 aequalita-

1894 4952 1998 4995 tem
2041 4955 2104 4995 ac
2136 4938 2543 4995 similitudinem
2579 4946 3031 5008 quarumcunque
3066 4944 3248 4985 rerum
3285 4927 3479 4983 sortita

1893 5043 2038 5101 sunt,
2055 5049 2178 5089 cum
2207 5032 2405 5102 quibus
2424 5045 2588 5083 umtm
2618 5044 2739 5083 esse
2756 5023 3057 5081 creduntur
3078 5039 3092 5075 :
3112 5020 3262 5075 verbi
3282 5019 3479 5090 gratia,

1891 5139 2211 5195 expressum
2244 5122 2476 5179 dicimus
2496 5119 2563 5175 ad
2581 5131 2848 5175 summam
2874 5112 3287 5169 similitudinem
3313 5108 3480 5164 alicu-

1888 5214 2241 5287 jusbomiuis
2273 5214 2461 5268 forma:
2486 5209 2572 5264 vel
2613 5209 2780 5263 (ilium
2836 5221 2901 5259 ex
2944 5218 3010 5259 eo
3074 5202 3335 5273 genitum,
3397 5199 3481 5253 vel

1893 5306 2124 5378 exempli
2170 5305 2364 5375 gratia,
2398 5301 2727 5373 imaginem:
2760 5310 2923 5369 porro
2940 5292 3235 5349 secundum
3253 5292 3481 5360 conjun-

1893 5400 2087 5455 ctionis
2108 5398 2323 5452 modum
2352 5408 2586 5464 quonam
2611 5399 2769 5461 pacto
2793 5388 2972 5457 aliqua
3000 5392 3097 5440 aut
3114 5384 3366 5439 dicantur
3392 5392 3483 5435 aut

1894 5490 2263 5561 intelligantur
2296 5501 2552 5557 expressa
2576 5484 2601 5538 ?
2623 5482 2729 5538 Sed
2755 5481 2872 5551 ipse
2898 5478 3053 5533 nobis
3097 5477 3482 5544 interpretatus

1892 5594 1977 5638 est
1997 5580 2153 5649 hujus
2171 5580 2276 5633 vim
2294 5571 2852 5648 conjunctionis.[N0n
2872 5571 3042 5633 enim,
3060 5568 3252 5637 inquit,
3271 5566 3479 5619 contin-

1897 5675 1973 5743 git
1995 5683 2055 5728 ut
2082 5673 2223 5727 Deus
2255 5672 2490 5727 Verbum
2516 5670 2633 5723 sine
2668 5662 3009 5721 humanitale
3036 5661 3199 5715 faciat
3227 5655 3481 5727 aliquid]

1899 5762 2213 5819 Concordes
2238 5762 2401 5833 igitur
2425 5773 2481 5816 et
2506 5759 2911 5816 consentientes
2944 5761 3092 5819 sunt,
3134 5760 3191 5806 ut
3245 5760 3297 5805 tu
3357 5749 3479 5801 exi-

1898 5855 2111 5923 stimas,
2144 5864 2198 5922 et
2231 5851 2751 5912 couimuniconsilio
2780 5850 2845 5907 ad
2875 5844 3117 5919 singulas
3149 5856 3236 5901 res
3269 5840 3476 5897 facien-
