4054 6332
558 360 628 418 95
1590 354 1652 410 S.
1690 353 1969 410 CVRILLI
2003 351 2474 407 ALEXANDRINI
2509 350 2831 406 ARCHIEP.
3745 341 3817 395 96

560 483 658 534 das
695 478 921 534 tendere
968 477 1254 535 credemus
1294 491 1392 546 par
1427 474 1554 530 illud
1590 475 1821 530 liliorum
1868 490 1899 530 a
1942 486 1996 531 te
2047 476 2131 529 di-

2256 493 2324 526 ται
2356 475 2412 527 δὲ
2441 475 2644 544 μᾶλλον
2663 469 2861 542 οἷάπερ
2884 473 3100 544 ὀργάνῳ
3132 470 3210 540 τῷ
3235 469 3348 538 ίδίῳ
3375 467 3612 535 σώματι,
3642 464 3813 520 καθά-

560 581 773 626 ctornm
800 585 811 617 τ
845 569 985 637 quod
1020 571 1063 624 si
1100 569 1172 621 ita
1200 577 1302 633 est,
1335 568 1604 637 quomodo
1640 583 1747 623 non
1775 569 1880 622 duo
1908 567 2125 630 christi,

561 673 615 715 et
651 662 765 723 lilii,
802 672 857 715 et
886 661 1134 714 domini?
1176 662 1246 715 At
1286 676 1415 714 vero
1462 674 1693 728 corpore
1747 668 2006 727 tanquam
2044 675 2135 714 or-

564 770 704 823 gano
736 754 906 821 ipsum
942 751 1177 807 Verbum
1202 766 1358 805 usum
1405 750 1667 818 allirmas,
1724 763 1785 805 ut
1823 760 1908 807 est
1939 766 2136 806 conse-

565 854 759 912 quens.
798 844 904 898 Sed
950 843 994 897 si
1031 859 1196 897 unum
1229 842 1367 899 dicis
1420 842 1642 908 Filium,
1685 853 1741 897 et
1773 859 1937 897 unam
1970 844 2141 913 hypo-

566 936 753 989 stasiin
788 934 943 988 Verbi
980 935 1338 1000 iucarnatam,
1367 950 1473 988 non
1503 936 1677 1004 ipsum
1703 935 1808 989 erit
1834 934 2143 991 Diviuitatis

567 1041 851 1094 organum,
899 1026 991 1080 sed
1019 1035 1201 1079 utetur
1256 1025 1435 1094 potius
1487 1026 1710 1095 proprio
1759 1040 1989 1094 corpore
2025 1035 2143 1080 tan-

568 1132 729 1185 quam
764 1130 998 1184 organo;
1024 1125 1081 1168 ttt
1107 1116 1360 1169 nimirum
1386 1116 1500 1185 ipsa
1524 1116 1757 1171 hominis
1782 1118 1982 1170 anima.
2005 1116 2143 1185 Ergo

570 1222 735 1260 uumn
788 1206 979 1270 fatere,
1017 1223 1121 1260 non
1181 1207 1429 1260 dividens
1473 1216 1716 1271 naturas,
1773 1208 1933 1262 simul
1984 1209 2143 1262 intel-

570 1299 741 1369 ligeus
766 1314 830 1353 ac
862 1300 1102 1353 sentiens
1151 1299 1310 1353 aliam
1355 1314 1478 1354 esse
1510 1301 1691 1355 carnis
1720 1341 1736 1366 ,
1786 1301 1947 1353 aliam
1999 1301 2142 1354 divi-

572 1391 760 1444 nitatis
788 1390 1052 1444 rationem
1084 1406 1203 1456 quae
1231 1390 1305 1444 illi
1336 1405 1401 1444 ac
1429 1391 1529 1443 soli
1584 1391 1875 1445 conveniat
1914 1409 1926 1445 :
1965 1405 2144 1459 neque

572 1483 719 1536 enim
749 1483 897 1537 illam
930 1481 1093 1537 Verbi
1128 1497 1346 1535 carnem
1383 1483 1613 1536 dicimus
1641 1482 1838 1536 factam
1862 1498 1983 1537 esse
2007 1484 2142 1536 divi-

574 1573 822 1633 nitatem,
860 1572 953 1626 sed
1008 1574 1187 1643 potius
1230 1572 1491 1637 divinam,
1546 1582 1604 1627 ut
1648 1573 1796 1627 illius
1840 1575 2135 1642 propriam.

2242 586 2348 639 περ
2380 569 2570 638 ἀμέλει
2598 570 2747 638 καὶὴ
2791 566 2886 621 τοῦ
2918 565 3207 636 ἀνθρώπου
3241 565 3407 634 ψυχή.
3439 559 3650 616 Οὐκοῦν
3681 563 3816 628 ego-

2241 662 2471 732 λόγησον
2503 662 2618 725 ἕνα,
2656 660 2729 730 μὴ
2769 658 2991 731 διαιρῶν
3018 657 3119 719 τὰς
3147 657 3355 726 φύσεις,
3387 653 3526 725 μετὰ
3557 650 3651 704 τοῦ
3681 651 3815 702 εἰδέ-

2244 772 2333 807 ναι
2374 754 2466 806 καὶ
2521 755 2758 823 φρονεῖν,
2801 752 2883 804 ὅτι
2936 750 3138 819 σαρκὸς
3186 747 3287 819 μὲν
3342 747 3529 816 ἔτερος
3559 745 3587 796 ὁ
3622 744 3774 807 λόγος
3799 779 3815 798 .

2246 845 2511 915 Θεὸτητος
2541 845 2596 897 δὲ
2623 844 2804 905 πάλιν,
2828 844 2856 894 ὁ
2880 843 3016 912 αὐτῇ
3050 840 3139 893 καὶ
3174 838 3312 911 μόνῃ
3338 836 3582 907 πρέπων·
3618 833 3820 902 ἥκιστα

2251 938 2350 1007 μὲν
2394 935 2504 1006 γὰρ
2555 935 2797 1004 Θεότητα
2836 930 3089 1000 γενέσθαι
3126 929 3305 998 φαμὲν
3341 926 3436 980 τοῦ
3490 925 3665 991 Λόγου
3716 921 3819 989 τὴν

2249 1028 2451 1096 σάρκα,
2476 1025 2628 1079 θείαν
2658 1024 2713 1077 δὲ
2747 1023 2969 1093 μᾶλλον,
3000 1022 3073 1085 ὡς
3104 1021 3240 1074 ίδὶαν
3270 1016 3437 1072 αὑτοῦ
3460 1034 3472 1047 ·
3512 1017 3561 1068 εί
3589 1014 3697 1085 γάρ
3724 1014 3819 1065 ἁν-

2248 1116 2466 1188 θρὼπου
2496 1116 2632 1185 σὰρξ
2676 1118 2709 1184 ὴ
2746 1114 3065 1183 ἀνθρωπίνη
3105 1111 3345 1177 λέγεται,
3390 1107 3443 1159 τί
3501 1107 3562 1159 τὸ
3610 1102 3821 1158 κωλύον

2246 1208 2325 1261 ἔτι
2350 1207 2442 1259 καὶ
2467 1207 2614 1259 θείαν
2642 1207 2817 1258 εἰπεῖν
2858 1203 2957 1275 τὴν
2991 1202 3083 1256 τοῦ
3117 1201 3253 1255 Θεοῦ
3295 1201 3506 1267 Λόγους
3550 1196 3614 1249 Τί
3639 1196 3819 1248 τοίνυν

2245 1300 2497 1370 διαγελᾷς
2534 1300 2633 1367 τῆς
2683 1297 2942 1365 ἀληθείας
2986 1296 3047 1347 τὸ
3088 1294 3305 1355 κάλλος,
3344 1290 3651 1345 ἀποθέωσιν
3684 1288 3819 1356 ἡμῖν

2244 1391 2527 1461 ὀνομάζων
2550 1390 2647 1459 τῆς
2674 1388 2832 1456 ἁγίας
2869 1386 3088 1457 σαρκὸς,
3116 1384 3275 1454 μόνον
3307 1382 3363 1435 δὲ
3393 1381 3536 1450 οὐχὶ,
3565 1380 3658 1433 καὶ
3684 1394 3819 1430 κατ-

2245 1482 2522 1544 ονειδίζων
2573 1483 2686 1543 τοῖς
2743 1477 2881 1550 ὀρθὰ
2935 1479 3151 1546 φρονεῖν
3208 1473 3505 1545 ᾑρημένοις
3554 1471 3652 1540 τὴν
3702 1468 3820 1520 θεο-

2248 1574 2497 1642 ποίησιν;
2529 1571 2706 1625 καίτοι
2733 1570 2906 1638 λέγων
2931 1568 3111 1629 αὐτός’

574 1664 706 1717 Nam
734 1666 779 1718 si
812 1666 1045 1719 hominis
1105 1681 1232 1720 caro
1258 1667 1493 1721 humana
1543 1666 1764 1730 dicitur,
1798 1666 1927 1734 quid
1991 1668 2244 1737 prohibet
2281 1668 2443 1721 etiam
2487 1666 2723 1718 divinam
2786 1662 2967 1715 dicere
3031 1659 3177 1712 illatn
3223 1672 3342 1726 quae
3391 1665 3473 1710 est
3522 1652 3617 1709 Dei
3654 1650 3819 1705 Verbi

576 1757 735 1809 caro?
782 1756 919 1823 Quid
959 1757 1122 1827 igitur
1156 1759 1351 1813 irrides
1384 1758 1837 1827 pulchritudinem
1868 1760 2154 1814 veritatis?
2210 1769 2411 1814 sanctae
2446 1758 2589 1812 illius
2631 1756 2815 1811 carnis
2859 1751 3324 1808 consecrationem
3384 1750 3437 1804 in
3494 1748 3621 1802 deos
3663 1745 3822 1800 nobis

577 1843 867 1910 objicicns,
900 1859 963 1898 ac
1010 1848 1394 1916 prOpemodum
1432 1848 1828 1902 deitiCationem
1876 1850 2183 1905 hominibus
2217 1860 2362 1905 recte
2408 1848 2763 1904 sentientibus
2800 1843 3183 1910 exprobrans:
3219 1839 3431 1894 tametsi
3473 1838 3588 1906 ipse
3625 1837 3771 1891 dicas
3803 1853 3817 1888 :

656 1932 919 2005 ιΝεετοιι.
976 1935 1043 1990 Ut
1110 1954 1239 2007 ergo
1302 1939 1705 1993 demonstretur
1756 1941 1889 2010 ipsis
1937 1958 2149 2010 quoque
2180 1951 2221 2004 Β

580 2025 752 2093 magis
790 2026 912 2092 quis
947 2026 1038 2079 hic
1065 2026 1139 2079 sil.
1173 2028 1239 2080 ab
1290 2028 1398 2081 illis
1436 2028 1693 2083 adoratus
1725 2072 1741 2096 ,
1793 2040 1849 2085 et
1888 2032 1953 2084 ad
1987 2048 2147 2099 quem

581 2116 701 2168 illos
739 2117 952 2170 duxerit
983 2115 1220 2184 Spiritus
1252 2121 1423 2172 sancti
1459 2122 1668 2188 gratia,
1706 2138 1897 2191 nempe
1930 2139 2037 2177 non
2082 2124 2149 2177 ad

579 2205 874 2272 simplicem
908 2208 1066 2277 vulgo
1100 2219 1451 2278 conspectum
1480 2211 1589 2281 52
1626 2213 1907 2275 infantem.
1959 2215 2052 2269 sed
2084 2216 2150 2270 ad

578 2314 775 2367 corpus
800 2300 1065 2368 quoddam
1100 2300 1449 2356 ineffabiliter
1494 2305 1601 2357 Deo
1636 2305 2038 2379 conjunctunt.]

1216 2414 1369 2469 CAP.
1422 2416 1514 2469 IX.

650 2504 781 2556 Cttm
813 2504 973 2569 igitur
1006 2519 1203 2575 corpus
1238 2507 1589 2563 ineﬂahiliter
1638 2512 1745 2563 Deo
1799 2512 2146 2579 conjunctunt

583 2594 743 2656 dicat,
778 2594 920 2663 quod
945 2604 1123 2648 autem
1155 2608 1240 2649 est
1274 2612 1400 2651 vere
1433 2595 1725 2662 iuell‘abile,
1784 2616 1945 2669 supra
1986 2602 2149 2655 intel.

583 2685 856 2752 ligentiam
884 2686 951 2739 sit
974 2696 1028 2740 et
1052 2703 1210 2755 supra
1246 2704 1575 2753 sermonem,
1624 2705 1751 2743 vera
1788 2707 2011 2758 prorsus
2047 2694 2153 2746 erit.

584 2777 709 2828 unio
730 2778 810 2830 vel
840 2778 1169 2846 cnnjuuetio,
1217 2790 1274 2833 ut
1300 2780 1413 2847 ipse
1456 2781 1597 2848 loqui
1634 2781 1775 2835 solet
1812 2801 1825 2836 :
1859 2799 1982 2836 nam
2006 2784 2151 2852 ejus-

585 2869 727 2921 modi
757 2877 881 2923 suut
911 2869 1222 2935 ineffabilia,
1261 2880 1311 2923 et
1342 2887 1523 2925 rerum
1559 2872 1629 2924 ita
1660 2873 1802 2926 inter
1851 2890 1910 2928 se
1956 2890 2153 2929 conve-

585 2959 848 3013 nientium
885 2962 1025 3014 haud
1060 2963 1242 3031 utique
1274 2964 1563 3032 quisquam
1615 2966 1758 3019 scire
1812 2968 2009 3033 poterit
2042 2983 2154 3021 mo-

584 3053 732 3104 dum.
777 3052 1005 3118 Quodsi
1044 3055 1227 3107 dicere
1253 3056 1416 3121 nosti,
1464 3072 1526 3110 ac
1556 3067 1713 3123 putas
1739 3073 1897 3125 posse
1941 3067 1992 3111 te
2044 3060 2152 3111 vim

588 3141 728 3195 illius
759 3144 1157 3211 conjunctionis
1188 3146 1491 3210 declarare,
1544 3149 1813 3216 quomodo
1844 3150 2020 3202 adhuc
2048 3149 2154 3203 erit

584 3251 646 3287 ca
689 3249 777 3287 res
808 3236 1144 3291 ineﬂabilis?
1174 3238 1339 3291 Miror
1362 3248 1537 3291 autem
1560 3239 1728 3308 quod,
1756 3232 2005 3308 quamvis
2029 3257 2152 3294 cor—

584 3340 685 3393 pus
713 3325 820 3379 Deo
850 3327 1194 3396 coujtmctum
1232 3330 1395 3394 dicat,
1426 3331 1585 3397 idque
1625 3330 1977 3385 inefl‘abiliter
1998 3374 2012 3396 ,
2045 3348 2150 3386 non

588 3426 765 3471 tamen
794 3418 922 3471 illud
948 3419 1109 3472 etiam
1142 3420 1309 3487 ipsius
1340 3423 1613 3488 proprium
1644 3437 1765 3475 esse
1819 3433 2049 3486 asserat,
2098 3434 2155 3475 ut

587 3524 707 3562 cum
747 3524 813 3563 eo
846 3520 1098 3580 tanquam
1131 3528 1296 3566 unum
1338 3512 1699 3581 intelligatur;
1754 3514 1849 3567 sed
1882 3530 2069 3568 rursus
2100 3518 2151 3567 in

589 3600 863 3654 hominem
921 3617 984 3654 ac
1035 3602 1199 3655 Deum
1230 3602 1422 3656 dividit
1471 3604 1695 3655 seorsim
1742 3619 1805 3658 ac
1839 3606 2153 3673 separatim,

590 3708 753 3746 unum
784 3692 1059 3747 Christum
1091 3703 1146 3747 et
1175 3694 1454 3748 Dominum
1489 3693 1695 3758 Jesum,
1745 3702 1799 3749 et.
1852 3706 1997 3750 recte
2027 3712 2154 3752 scu-

592 3785 693 3839 tire
713 3801 772 3839 se
802 3786 1041 3852 simulat,
1073 3788 1303 3843 dicens:

661 3875 922 3949 [Νεετοιι.
956 3877 1143 3948 Neque
1178 3895 1304 3935 vero
1335 3882 1558 3949 simplex
1581 3882 1742 3933 homo
1771 3890 1854 3933 est
1882 3878 2154 3942 Christus,

586 3986 618 4021 ο
646 3971 1026 4035 calumniator,
1062 3974 1154 4026 sed
1204 3975 1365 4027 homo
1400 3975 1559 4027 simul
1587 3984 1640 4026 et
1691 3973 1833 4026 Deus
1870 3988 1882 4023 :
1921 3972 2065 4040 quod
2109 3972 2154 4026 si

588 4064 757 4115 solum
789 4064 930 4117 Deus
960 4076 1131 4127 esset,
1166 4082 1304 4133 opus
1332 4076 1471 4130 erat,
1503 4082 1535 4119 ο
1566 4064 1891 4133 Apollinari,
1918 4064 2101 4119 dicere
2134 4080 2148 4116 :

593 4170 609 4199 ι
644 4151 781 4217 Quid
810 4167 894 4206 me
918 4155 1161 4221 quaeritis
1203 4156 1511 4210 interﬁcere
1543 4156 1707 4207 Deum
1738 4195 1752 4218 ,
1780 4155 1871 4223 qui
1916 4170 2043 4208 vera
2083 4153 2160 4207 lo-

587 4252 745 4297 cutus
774 4260 892 4298 sum
922 4246 1072 4300 vobis
1093 4248 1139 4278 ⁸⁵
1166 4248 1226 4301 ⁸2»
1266 4247 1559 4303 llicilleest
1588 4247 1674 4301 cui
1704 4247 1887 4316 spinea
1922 4246 2022 4299 fuit
2050 4246 2157 4298 trir-

587 4336 884 4401 cumposita
921 4351 1166 4403 corona;
1196 4338 1285 4392 hic
1328 4340 1418 4407 qui
1454 4338 1706 4391 dicebat:
1751 4357 1769 4387 ι
1803 4336 1948 4391 Deus
1985 4353 2158 4399 meus,

589 4425 730 4480 Deus
772 4442 945 4493 meus,
1004 4431 1189 4498 utquid
1234 4446 1321 4485 me
1371 4430 1710 4498 dereliquisti
1741 4430 1835 4483 “1’
1902 4448 1920 4480 ι
1958 4430 2045 4483 hic
2068 4430 2159 4496 qui

590 4518 899 4573 triduanam
935 4523 1104 4576 subiit
1138 4534 1391 4585 mortem,
1451 4522 1634 4577 Adoro
1667 4531 1845 4575 autem
1898 4521 2045 4575 hunc
2080 4522 2158 4574 si-

2324 1942 2464 2013 ["lva
2498 1940 2674 1993 τοίνυν
2703 1936 2890 2007 δειχθῇ
2922 1938 3017 1988 xui.
3060 1938 3173 1997 τοῖς
3213 1932 3408 2003 μάγοις
3437 1931 3519 1994 τίς
3553 1931 3700 1983 ἔστιν
3731 1920 3827 1980 οὖ-

2251 2051 2343 2096 τος
2379 2034 2407 2085 ὁ
2463 2033 2594 2101 παρ’
2650 2030 2828 2082 αὐτῶν
2896 2026 3400 2099 προσκυνούμενος,
3442 2022 3535 2075 καὶ
3559 2021 3651 2075 ἐπὶ
3699 2021 3827 2073 τίνα

2252 2126 2460 2196 ἤγαγεν
2492 2124 2687 2185 αὐτοὺς
2719 2122 2812 2175 τοῦ
2862 2121 3177 2189 Πνεύματος
3221 2116 3314 2168 τοῦ
3370 2114 3526 2182 ἁγίου
3564 2116 3597 2183 ἡ
3633 2113 3821 2182 χάρις’

2252 2218 2332 2268 ὅτι
2356 2217 2453 2268 οὐκ
2500 2216 2593 2267 ἐπὶ
2636 2214 2791 2280 ψιλὸν
2827 2211 3014 2274 diri-.17);
3048 2207 3420 2277 θεωρούμενον
3460 2205 3676 2276 βρέφος,
3705 2203 3827 2257 ἀλλ’

2251 2306 2345 2360 ἐπί
2374 2323 2428 2358 τι
2458 2306 2619 2375 σῶμα
2652 2302 2992 2372 συνημμένον
3022 2300 3273 2370 ἀρρήτως
3301 2296 3421 2365 Θεῷ
3446 2293 3468 2365 ]

2852 2413 3105 2469 ΚΕΦΑΛ.
3145 2411 3223 2468 Θ¹.

2325 2511 2454 2563 ’Ὀτε
2488 2509 2665 2562 τοίνυν
2688 2509 2936 2580 ἀρρήτως
2969 2504 3239 2575 συνῆφθαι
3270 2502 3389 2573 Θεῷ
3420 2502 3480 2555 τὸ
3523 2500 3682 2571 σῶμά
3724 2516 3829 2568 φη-

2256 2619 2336 2655 σι·
2373 2603 2434 2654 τὸ
2470 2601 2526 2654 δὲ
2580 2602 2891 2671 ἀπόρρητον
2937 2597 3173 2667 άληθῶς,
3212 2595 3352 2666 ὑπὲρ
3383 2594 3509 2647 νοῦν
3564 2594 3679 2645 ἐστι
3730 2591 3831 2643 καὶ

2254 2695 2430 2763 λόγον,
2477 2694 2682 2764 ἀληθής
2728 2710 2831 2744 που
2863 2692 3078 2752 πάντως
3106 2692 3139 2758 ἡ
3184 2688 3396 2752 ἓνωσις,
3421 2688 3587 2755 ἤγουν
3623 2686 3656 2754 ή
3696 2700 3829 2735 συν-

2256 2790 2441 2857 άφεια,
2486 2789 2604 2839 κατ’
2647 2786 2833 2839 αὐτόν.
2877 2784 3190 2854 Ἀπὸρῤητα
3225 2781 3331 2851 γάρ
3383 2780 3452 2832 τά
3499 2777 3695 2842 τοιάδε,
3729 2777 3829 2829 καὶ

2254 2878 2359 2930 τῶν
2375 2877 2545 2939 οὓτως
2556 2876 2802 2945 ἀλλήλοις
2828 2892 2889 2927 συ
2900 2874 3269 2945 μὸεὸηκότων,
3291 2872 3391 2925 οὐκ
3410 2871 3497 2936 ἂν,
3532 2865 3719 2940 οἶμαι,
3734 2867 3824 2930 τὶς

2257 2971 2424 3040 εἰδείη
2455 2972 2546 3022 τὸν
2581 2970 2804 3039 τρόπον.
2839 2969 2905 3023 Εἰ
2939 2968 2995 3021 δὲ
3021 2963 3179 3021 οἶσθα
3214 2966 3416 3034 λέγειν,
3440 2963 3541 3017 οἴει
3575 2981 3633 3015 τε
3662 2961 3831 3015 δύνα-

2258 3064 2378 3115 σθαι
2422 3060 2744 3132 διατρανοῦν
2786 3060 2885 3128 τῆς
2941 3060 3237 3128 συναφείας
3282 3058 3381 3127 τὴν
3413 3057 3673 3126 δύναμιν,
3714 3055 3833 3118 πῶς

2256 3156 2565 3225 ἀπόρρητον
2602 3152 2682 3205 ἔτι
2714 3152 2775 3204 τὸ
2802 3150 2991 3222 χρῆμά
3018 3153 3167 3215 seu;
3196 3147 3469 3218 Θαυμάζω
3490 3147 3568 3209 δὲ,
3592 3148 3674 3199 ὅτι
3702 3144 3832 3197 καί-

2258 3266 2338 3301 τοι
2369 3246 2527 3314 σῶμα
2564 3244 2737 3312 λέγων
2783 3242 3053 3312 συνῆφθαι
3083 3241 3232 3311 Θεῷ,
3273 3242 3367 3294 καὶ
3394 3237 3551 3292 τοῦτο
3584 3236 3836 3307 deos“.

2258 3357 2387 3402 τως,
2409 3339 2509 3390 οὐκ
2538 3336 2706 3390 αὐτοῦ
2738 3336 2802 3405 δὴ
2826 3334 2985 3388 τοῦτο
3010 3336 3103 3387 καὶ
3134 3334 3263 3386 ῐδιον
3285 3328 3422 3385 εἷναί
3452 3347 3637 3400 φησιν,
3665 3327 3733 3379 ἵν’
3755 3327 3836 3389 ὡς

2260 3436 2316 3487 ἓν
2345 3438 2516 3487 νοοῖτο
2554 3435 2667 3503 μετ’
2696 3429 2862 3485 αὑτοῦ
2887 3446 2898 3458 '
2929 3428 3139 3498 μερίζει
3167 3425 3223 3477 δὲ
3254 3423 3417 3477 πάλιν
3447 3423 3523 3483 εἰς
3544 3419 3832 3488 ἄνθρωπον

2261 3528 2355 3579 καὶ
2382 3526 2535 3590 Θεὸν,
2564 3524 2668 3577 ἀνὰ
2703 3524 2885 3593 μέρως
2915 3537 2974 3573 τε
3000 3519 3092 3572 καὶ
3125 3516 3327 3580 ἰδικῶς,
3349 3515 3439 3566 τὸν
3466 3513 3561 3566 ἕνα
3595 3508 3830 3579 Χριστὸν

2261 3620 2355 3671 καὶ
2380 3617 2585 3687 Κύριον
2625 3613 2855 3686 Ἰησοῦν,
2889 3613 2985 3667 καὶ
3015 3609 3150 3680 ὀρθά
3179 3609 3397 3678 φρονεῖν
3429 3602 3832 3657 ύποπλάττεται

2259 3711 2430 3775 λέγων
2449 3725 2463 3737 ·

2332 3888 2507 3959 [Ἀλλ’
2538 3887 2597 3938 οὐ
2631 3882 2785 3954 ψιλὸς
2815 3880 3100 3950 ἄνθρωπος
3142 3877 3170 3928 ὁ
3204 3874 3460 3945 Χριστὸς,
3497 3871 3831 3940 συκοφάντα,

2261 3982 2374 4035 ἀλλ’
2414 3980 2700 4049 ἄνθρωπος
2734 3973 2869 4044 ὁμοῦ
2904 3971 2998 4024 καὶ
3035 3969 3166 4031 Θεός
3191 3985 3204 3998 ·
3238 3970 3286 4019 εἰ
3314 3967 3371 4019 δὲ
3415 3964 3574 4034 μόνον
3618 3963 3830 4032 ὑπῆρχε

2261 4072 2415 4135 Θεὸς,
2474 4067 2663 4138 ἐχρῆν,
2718 4062 3083 4131 Ἀπολινάριε,
3117 4060 3319 4110 εἰπεῖν·
3356 4075 3372 4105 ι
3407 4054 3472 4107 Τί
3514 4072 3579 4123 με
3621 4052 3832 4122 ζητεῖτε

2262 4162 2585 4214 ἀποκτεῖναι
2629 4156 2782 4213 Θεὸν,
2813 4154 2871 4215 ὃς
2895 4153 2994 4222 τὴν
3022 4149 3281 4217 ἀλήθειαν
3316 4148 3443 4214 ὑμῖν
3472 4144 3776 4214 λελάληκας
3810 4162 3826 4193 ι

2264 4252 2434 4317 Οἷιτος
2476 4255 2503 4306 ὁ
2532 4251 2623 4304 τὸν
2653 4248 2941 4303 ἀκάνθινον
2970 4242 3325 4314 περιθέμενος
3357 4239 3617 4307 στέφανον
3638 4254 3650 4265 ”
3684 4232 3833 4293 οὗτος

2262 4350 2292 4399 ὁ
2359 4348 2554 4415 λέγων,
2605 4364 2621 4395 ι
2663 4342 2763 4395 Θεέ
2803 4358 2905 4411 μου
2931 4381 2945 4404 ,
2978 4337 3079 4389 Θεέ
3118 4351 3254 4405 μου,
3296 4333 3380 4385 ἴνα
3411 4332 3463 4384 τί
3514 4349 3580 4399 με
3612 4330 3834 4399 ἐγκατέ-

2264 4440 2447 4504 λιπες;
2497 4457 2515 4487 ι
2568 4429 2722 4497 οὗτος
2780 4435 2808 4485 ὁ
2850 4430 3152 4503 τριήμερον
3205 4423 3460 4499 τελευτὴν
3517 4422 3831 4492 ὑπομείνας.

2264 4526 2563 4600 Προσκυνῶ
2599 4527 2656 4578 δὲ
2691 4525 2787 4577 σὺν
2820 4525 2885 4593 τῇ
2924 4518 3151 4588 Θεότητι
3174 4512 3382 4580 τοῦτον,
3421 4513 3494 4577 ὡς
3548 4513 3649 4582 τῆς
3687 4511 3838 4572 θείας

586 4611 693 4664 mul
731 4628 852 4666 cum
887 4611 1216 4678 Divinitate,
1256 4622 1517 4681 tanquam
1576 4613 1777 4667 divina:
1820 4610 2151 4665 defensorem

2265 4621 2561 4689 συνήγορον
2593 4610 2929 4684 αύθεντίας.]

586 4704 975 4759 auctoritatis.‘

1239 4795 1391 4849 CAP.
1434 4793 1501 4848 X.

657 4886 916 4953 Videjam
955 4900 1142 4942 rursus
1169 4887 1621 4955 quemadmodum
1660 4885 1854 4953 raptim
1888 4885 2149 4953 decipiat,

584 4985 641 5031 et
667 4977 781 5031 suis
807 4968 1151 5032 sermonibus
1198 4978 1442 5032 veritatis
1489 4978 1726 5045 speciem
1778 4978 2155 5045 circumponat

586 5066 758 5138 [Non,
793 5069 989 5136 inquit,
1023 5070 1251 5139 simplex
1286 5068 1446 5123 homo
1468 5078 1549 5122 est
1580 5070 1847 5133 Christus,
1880 5069 1972 5122 sed
1998 5070 2159 5123 homo

586 5160 747 5212 simul
779 5170 831 5212 et
867 5160 1052 5231 Deus],
1114 5176 1411 5229 rursusque
1441 5161 1670 5224 dividat,
1712 5171 1769 5215 et
1816 5161 1958 5215 haud
1991 5177 2155 5214 unum

585 5264 707 5303 esse
741 5249 906 5314 dicat,
956 5259 1011 5304 et
1058 5250 1223 5305 stulte
1254 5252 1397 5319 quod
1444 5266 1475 5303 a
1526 5252 1743 5306 nemine
1798 5253 1868 5305 sit
1923 5252 2155 5319 positum

586 5340 839 5407 accipiat,
859 5350 911 5395 et
943 5344 1084 5410 quod
1120 5342 1221 5395 sibi
1258 5342 1435 5409 placet
1475 5349 1702 5394 astruas.
1736 5341 1966 5395 Perinde
2010 5340 2155 5394 enim

589 5447 656 5486 ae
683 5432 729 5486 si
756 5435 1023 5503 quispiam
1054 5436 1281 5500 diceret,
1311 5436 1508 5489 nudum
1533 5435 1706 5501 ipsum
1736 5434 1966 5489 Verbum
1996 5443 2050 5487 et
2079 5433 2159 5486 ci-

593 5534 672 5576 tra
712 5540 929 5579 carnem
962 5527 1015 5580 in
1046 5528 1207 5580 terris
1247 5527 1402 5580 nobis
1452 5527 1794 5595 apparuisse,
1838 5526 2159 5580 nobiscum-

591 5632 696 5684 que
723 5619 982 5681 locutum,
1013 5621 1093 5672 vel
1130 5620 1308 5672 divina
1342 5619 1494 5687 signa
1542 5616 1775 5671 edidisse
1800 5660 1812 5678 ,
1865 5625 1961 5670 aut
2012 5630 2159 5671 com-

666 5781 705 5809 ³⁵
740 5780 890 5835 Joan.
924 5796 1030 5846 γη,
1076 5780 1160 5835 40.
1242 5781 1282 5810 ³⁵⁵
1325 5778 1514 5832 Matth.
1547 5792 1719 5841 xxv”,
1754 5778 1842 5830 46.

2875 4788 3123 4841 ΚΕΦΑΛ.
3168 4788 3225 4839 l'.

2339 4885 2527 4954 ’Ἂθρει
2551 4882 2611 4951 δὴ
2646 4898 2735 4950 μοι
2783 4880 2944 4933 πάλιν
2978 4875 3387 4947 συναρπάζοντα
3447 4871 3568 4942 μὲν,
3612 4869 3707 4923 καὶ
3737 4869 3838 4936 τῆς

2263 4975 2518 5043 ἀληθείας
2556 4972 2653 5042 τὴν
2702 4972 2984 5041 μόρφωσιν
3031 4970 3143 5030 τοῖς
3188 4964 3381 5019 ἑαυτοῦ
3433 4960 3723 5029 περιθέντα
3750 4959 3840 5010 λύ-

2265 5083 2408 5134 γοις·
2448 5064 2543 5135 [ού
2575 5063 2682 5132 γάρ
2733 5062 2886 5131 ψιλὸς
2938 5059 3221 5130 ἄνθρωπος
3244 5096 3257 5118 ,
3308 5054 3494 5125 φησιν,
3524 5053 3551 5104 ὁ
3582 5049 3842 5120 Χριστὸς,

2268 5160 2380 5211 ἀλλ’
2411 5156 2696 5226 ἄνθρωπος
2736 5154 2871 5224 ὁμοῦ
2912 5153 3005 5206 καὶ
3054 5148 3230 5221 Θεὸς·]
3263 5148 3540 5201 διῖστάντα
3580 5144 3638 5196 δὲ
3682 5142 3846 5194 πάλιν

2269 5252 2361 5304 καὶ
2378 5251 2475 5319 ούχ
2496 5250 2593 5301 ἕνα
2616 5247 2864 5314 λέγοντα,
2887 5245 2982 5298 καὶ
2997 5241 3325 5296 άνυπὸθετόν
3336 5258 3387 5291 τι
3408 5238 3697 5308 δεχόμενον
3711 5235 3745 5287 ά
3754 5252 3849 5303 μα-

2271 5341 2398 5404 θῶς,
2417 5341 2511 5392 καὶ
2538 5336 3011 5399 κατασκευάζοντα
3030 5334 3089 5386 τὸ
3116 5332 3324 5385 δοκοῦν.
3354 5331 3442 5391 Ὠς
3464 5332 3571 5398 γάρ
3597 5326 3844 5393 λέγοντός

2268 5447 2432 5493 τινος,
2462 5430 2665 5499 γυμνὸν
2692 5428 2785 5479 ἐπὶ
2806 5429 2908 5496 γῆς
2932 5427 3027 5478 καὶ
3056 5425 3176 5494 δίχα
3205 5423 3403 5492 σαρκὸς
3424 5415 3600 5487 ὦφθαί
3624 5436 3684 5470 τε
3715 5419 3845 5487 ἡμῖν

2269 5522 2361 5573 τὸν
2390 5521 2580 5587 Λόγον,
2624 5519 2719 5572 καὶ
2754 5520 2879 5580 τοὺς
2914 5518 3047 5587 πρὸς
3087 5516 3234 5584 ἡμᾶς
3266 5511 3594 5583 ποιήσασθαι
3628 5508 3844 5575 λόγους,

2272 5616 2436 5684 Ιἤγουν
2476 5615 2766 5685 ἐνεργῆσαι
2801 5612 2898 5674 τὰς
2930 5608 3287 5679 θεοσημείας,
3344 5606 3509 5675 ῆγουν
3557 5603 3638 5655 ὅτι
3671 5600 3844 5662 κοινδῖ
