4054 6332
217 356 286 408 97
1356 346 1735 404 ADVERSUS
1774 345 2184 405 NESTORIUM
2225 350 2356 406 LIB.
2400 348 2464 405 ll.
3431 357 3499 412 98

218 473 288 543 ἦν
316 473 626 544 ἄνθρωπος,
671 473 766 526 καὶ
803 471 901 525 οὐκ
948 469 1110 533 αὐτὸς
1135 472 1164 524 ὁ
1213 471 1382 538 Λόγος
1423 471 1611 541 γέγονε
1645 473 1810 543 σάρξ·

1923 489 2138 528 munem
2171 476 2444 528 hominem
2467 473 2654 541 fuisse,
2689 489 2792 529 non
2821 475 2996 545 ipsum
3024 473 3258 529 Verbum
3299 476 3496 530 factmn

225 564 324 635 ὶυὺ
351 561 530 630 ψιλὸς,
563 561 772 630 φησὶν,
823 561 1110 631 ἄνθρωπος
1159 562 1188 613 ὁ
1238 563 1490 632 Χριστὸς,
1531 562 1670 615 ἀλλὰ
1717 563 1811 615 καὶ

219 649 416 721 Θεός.]
463 650 654 719 Ἡμεῖς
677 648 755 709 δὲ,
779 641 824 700 ὦ
855 648 1121 717 βέλτιστε,
1159 649 1327 718 φαίην
1367 648 1433 701 ἄν
1471 650 1667 718 ἔγωγε,
1706 649 1811 702 κᾶν

219 740 471 811 λέγωμεν
497 738 660 791 αὑτὸν
690 738 977 809 ἄνθρωπόν
1009 754 1070 790 τε
1099 737 1235 809 ὁμοῦ
1268 739 1361 791 καὶ
1390 738 1543 803 Θεὸν,
1578 740 1679 792 οὐκ
1706 739 1810 792 ἀνὰ

221 831 398 901 μέρος
425 829 665 892 τιθέντες
695 829 767 882 τὰ
791 830 969 884 τοιάδε
999 829 1183 900 φαμέν
1207 847 1222 860 ·
1247 829 1340 882 τὸν
1373 830 1534 883 αὑτὸν
1561 831 1620 883 δὲ
1669 832 1809 902 μᾶλ-

219 921 313 974 λον
359 921 565 984 είδότες
599 921 696 974 καὶ
729 921 837 992 πρὸ
891 921 990 991 τῆς
1023 920 1490 992 ὲνανθρωπήσεως
1538 920 1668 974 Υἰὸν
1711 921 1810 975 καὶ

217 1013 354 1066 Θεὸν
381 1013 476 1066 καὶ
502 1013 674 1081 Λόγον
701 1012 793 1065 τοῦ
830 1013 1040 1082 Πατρός
1061 1027 1074 1042 ⁸
1101 1013 1384 1084 ἄνθρωπον
1404 1011 1461 1065 δὲ
1487 1012 1627 1083 μετὰ
1647 1013 1810 1067 τοῦτο

217 1106 344 1158 καθ’
402 1106 549 1176 ἡμᾶς
577 1105 839 1174 γεγονότα
863 1145 878 1170 ,
913 1105 1008 1158 καὶ
1069 1103 1506 1176 σεσαρκωμένον.
1547 1103 1606 1158 ’0
1637 1105 1695 1158 δὲ
1730 1105 1812 1158 δι-

216 1197 635 1268 ῖσχυριζόμενος
669 1198 745 1268 μὴ
773 1197 884 1251 δεῖν
912 1197 1073 1250 αὑτὸν
1106 1195 1394 1270 ἄνθρωπον
1437 1195 1674 1251 νοεῖσθαι
1715 1198 1807 1268 ψι-

217 1289 334 1355 λὸν,
391 1289 528 1343 ἀλλὰ
559 1290 691 1342 Θεὸν
740 1292 836 1343 καὶ
880 1289 1198 1360 ἄνθρωπον,
1247 1290 1515 1360 ἀπονέμει
1565 1292 1664 1361 μὲν
1716 1292 1807 1343 τὸν

215 1380 507 1434 ἀκάνθινον
533 1380 816 1449 στέφανον,
840 1381 934 1433 καὶ
963 1381 1033 1433 τὰ
1063 1380 1226 1450 ἕτερα
1248 1380 1356 1433 τῶν
1378 1380 1588 1444 παθῶν,
1623 1376 1824 1444 ίδικῶς

215 1471 493 1543 ἀνθρώπῳ
513 1475 607 1526 καὶ
632 1473 736 1527 ἀνὰ
767 1473 954 1544 μέρος·
987 1475 1315 1543 προσκυνεῖν
1338 1473 1395 1525 δὲ
1427 1472 1682 1542 ὁμολογεῖ
1710 1474 1805 1525 σὺν

211 1569 284 1637 τῇ
309 1566 536 1635 Θεότητι
567 1565 777 1618 τοῦτον·
803 1566 898 1618 καὶ
928 1564 989 1618 τὸ
1023 1565 1103 1617 ἔτι
1138 1564 1580 1634 δυσσεϐέστερον,
1603 1564 1678 1628 ὡς
1705 1565 1805 1617 οὐκ

211 1659 347 1711 ὸντα
388 1659 485 1728 μὲν
518 1658 660 1711 κατὰ
682 1658 743 1710 τὸ
769 1659 916 1720 εἰκὸς
941 1657 1074 1711 Θεὸν
1103 1656 1319 1728 ἀληθῶς
1351 1657 1446 1710 καὶ
1476 1657 1603 1710 Υίόν
1622 1674 1636 1688 ⁸
1682 1675 1806 1710 συν-

215 1753 420 1819 ἠγορον
451 1750 505 1801 δὲ
550 1750 814 1818 γεγονότα
846 1749 944 1818 τῆς
979 1748 1266 1811 αὑθεντίας
1313 1747 1406 1800 τοῦ
1445 1749 1641 1816 Λόγου.
1679 1748 1802 1800 Ὅτι

1911 582 2032 622 esse
2057 582 2273 622 carnem
2305 586 2320 622 :
2347 567 2511 639 [Non,
2544 568 2743 637 inquit,
2786 567 3014 636 simplex
3039 575 3123 622 est
3156 569 3318 620 homo
3380 567 3499 634 ipse

1913 659 2187 723 Christus,
2241 673 2430 713 verum
2465 659 2630 712 etiam
2667 656 2855 728 Deus.]
2901 657 3008 711 Sed
3046 667 3103 710 ut
3149 657 3279 711 mihi
3316 657 3499 711 dicere

1914 751 2096 817 liceat,
2134 767 2254 814 nos,
2285 767 2318 804 ο
2353 752 2438 804 vir
2487 751 2714 820 optimc,
2751 750 3000 818 quamvis
3051 749 3200 802 illum
3251 749 3500 804 dicamus

1913 843 2188 897 hominem
2213 842 2372 897 simul
2392 851 2444 895 et
2478 843 2669 908 Deum,
2697 857 2800 894 non
2822 841 2937 895 hzec
2958 840 3186 894 seorsim
3207 839 3500 893 dividendo

1912 933 2166 997 dicimus,
2197 933 2292 988 sed
2326 934 2504 1002 potius
2545 934 2798 988 eumdem
2849 933 3086 987 scientes
3130 932 3297 986 etiam
3346 940 3501 984 ante-

1911 1039 2072 1092 quam
2110 1032 2257 1078 esset
2282 1024 2444 1078 homo
2500 1023 2696 1087 factus,
2725 1033 2780 1077 et
2834 1021 3061 1087 Filium,
3117 1031 3173 1076 et
3218 1022 3411 1084 Deum,
3447 1028 3502 1073 et

1912 1116 2153 1172 Verbum
2192 1116 2397 1180 Patris,
2432 1116 2710 1169 hominem
2743 1130 2873 1168 vero
2907 1123 3091 1183 postea
3141 1114 3313 1167 nostri
3346 1113 3502 1167 simi-

1911 1209 2013 1264 lem
2038 1208 2238 1263 factum
2285 1219 2340 1263 et
2357 1209 2718 1263 incarnatum.
2747 1207 2840 1262 Ille
2857 1222 2983 1260 vero
3000 1222 3121 1261 cum
3140 1205 3370 1259 ailirmet
3393 1220 3498 1260 non

1911 1315 2032 1356 esse
2063 1301 2209 1352 illum
2235 1301 2437 1354 nudum
2465 1298 3184 1367 hominemintelligendum,
3214 1297 3308 1352 sed
3332 1298 3499 1352 Deum

1909 1401 1964 1446 et
2011 1391 2310 1455 hominem,
2344 1391 2588 1460 spineam
2634 1389 2852 1457 quidem
2904 1403 3160 1442 coronam
3193 1397 3247 1441 et
3271 1397 3499 1441 czeteras

1911 1483 2193 1551 passiones
2231 1481 2451 1551 prOprie
2472 1495 2537 1534 ac
2566 1480 2794 1534 seorsitn
2819 1479 3024 1533 homini
3051 1478 3261 1542 tribuit,
3308 1487 3364 1530 et
3403 1477 3499 1532 ad-

1908 1590 2065 1628 orare
2091 1589 2150 1628 se
2176 1577 2319 1628 hunc
2345 1573 2503 1627 simul
2545 1588 2667 1626 cum
2703 1572 2993 1626 Divinitate
3027 1570 3251 1634 fatetur,
3271 1579 3324 1624 et
3352 1571 3496 1639 quod

1909 1666 2014 1738 53
2049 1667 2218 1737 magis
2250 1667 2474 1736 impimn
2506 1668 2593 1732 sit,
2627 1676 2884 1734 tanquam
2914 1680 3021 1718 non
3051 1665 3141 1728 sit,
3175 1674 3232 1716 ut
3259 1673 3340 1717 est
3366 1678 3498 1717 con-

1908 1775 2258 1823 sentaneum,
2308 1773 2434 1813 vere
2478 1759 2623 1812 Deus
2672 1773 2736 1812 ac
2764 1757 2967 1821 Filius,
3014 1756 3104 1810 sed
3157 1755 3499 1810 auctoritatis

214 1842 328 1909 γὰρ
368 1842 636 1912 διΐστησιν
681 1843 951 1913 ἐναργῶς,
987 1846 1242 1912 σαφηνιεῖ
1284 1843 1444 1896 πάλιν
1473 1843 1536 1896 τὸ
1592 1845 1688 1897 σὺν
1738 1848 1801 1916 τῇ

1915 1853 2070 1908 Verbi
2107 1861 2366 1907 assertor.
2404 1850 2538 1903 Nam
2576 1856 2721 1918 quod
2757 1849 3038 1903 evidenter
3073 1849 3393 1916 distinguat,
3430 1861 3498 1900 ex

213 1932 447 2000 Θεότητι
472 1932 898 2002 προσκυνεῖσθαι
931 1933 1040 1985 δεῖν
1071 1934 1236 1986 αὑτὸν
1257 1933 1560 2002 ὁμολογεῖν.
1595 1933 1669 1986 Τὸ
1695 1936 1805 2002 γὰρ

211 2026 390 2095 ἑτέρῳ
421 2026 1030 2095 συμπροσκυνούμενον,
1066 2027 1253 2096 ἕτερόν
1285 2043 1385 2078 που
1419 2026 1638 2088 πάντως
1687 2027 1806 2079 ἐστὶ

211 2116 348 2185 παρ’
377 2115 554 2167 ἐκεῖνο
586 2115 706 2185 μεθ’
739 2110 801 2170 οὗ
852 2117 1282 2187 προσκυνεῖσθαι
1328 2115 1564 2184 λέγεται.
1611 2116 1805 2186 Ἡμεῖς

209 2205 294 2267 δὲ,
339 2208 439 2277 μιᾷ
486 2207 857 2278 προσκυνήσει
902 2208 1067 2277 τιμᾷν
1111 2207 1401 2278 εἰθίσμεθα
1441 2209 1532 2261 τὸν
1593 2209 1804 2279 Ἐμμα-

210 2297 398 2368 νουὴλ,
419 2298 480 2350 οὑ
514 2297 818 2361 διῖστὰντες
851 2298 947 2350 τοῦ
979 2298 1156 2367 Λόγου
1183 2299 1245 2350 τὸ
1273 2299 1471 2352 ἑνωθὲν
1501 2299 1652 2370 αὐτῷ
1682 2300 1804 2353 καθ’

213 2390 516 2443 ὑπόστασιν
542 2389 724 2460 σῶμα.
761 2390 825 2443 Τί
859 2391 903 2442 δ’
937 2391 1004 2444 ἂν
1029 2393 1220 2451 νοοῖτο,
1253 2391 1310 2444 τὸ
1341 2392 1436 2462 τῆς
1471 2393 1620 2455 (λείας
1643 2395 1806 2464 συνὴ-

211 2499 379 2555 γορον
431 2482 738 2547 αὑθεντίας,
794 2483 1105 2552 βασανίζειν
1154 2485 1339 2548 ἄξιον·
1388 2483 1497 2554 ἆρα
1552 2486 1659 2557 γὰρ
1713 2487 1807 2538 καὶ

212 2575 383 2636 αὐτὸς
415 2576 444 2628 ό
471 2574 674 2646 Κύριος
712 2576 869 2646 ἡμῶν
910 2576 1116 2647 Ἰησοῦς
1144 2577 1399 2648 Χριστὸς,
1427 2577 1548 2630 καθ’
1575 2579 1669 2630 ἕνα
1698 2579 1806 2630 τῶν

212 2668 391 2737 ἁγίων
465 2668 783 2722 ἀποστόλων
860 2671 956 2722 καὶ
1020 2669 1423 2737 εὐαγγελιστῶν
1493 2670 1677 2740 ἕτερον
1729 2670 1808 2740 τῷ

215 2763 411 2832 κόσμῳ
437 2762 727 2833 διεκήρυξε
759 2763 1010 2835 Χριστὸν,
1043 2763 1211 2833 ἤγουν
1259 2764 1387 2816 Υίὸν
1434 2765 1529 2817 καί
1575 2764 1804 2835 Κύριον,

213 2858 294 2922 ὡς
328 2858 479 2910 θείαν
531 2857 726 2927 ἔχοντα
767 2857 866 2922 τὴν
913 2859 997 2927 ἐφ’
1041 2856 1244 2910 ἅπασιν
1283 2856 1593 2922 αύθεντίαν,
1639 2859 1809 2928 ἧγουν

216 2950 490 3016 ἐξουσίαν,
524 2947 891 3018 συνηγόρευσε
923 2948 979 3000 δὲ
1010 2949 1104 3000 καὶ
1133 2948 1295 3010 αὐτὸς
1322 2951 1389 3019 τῇ
1427 2949 1615 3020 ἑτέρου
1645 2949 1806 3021 δόξῃ;

217 3043 414 3095 Καίτοι
441 3041 549 3095 τῶν
580 3041 863 3113 θεηγόρων
906 3042 934 3092 ό
984 3041 1161 3112 χορὸς,
1213 3041 1418 3112 Ἰησοῦν
1450 3041 1686 3114 Χριστὸν
1719 3045 1810 3095 τὸν

215 3137 282 3186 ἐκ
311 3134 625 3206 σπέρματος
644 3134 810 3186 Δαὸὶδ
837 3135 979 3188 κατὰ
1008 3136 1188 3204 σάρκα
1208 3133 1285 3204 τῷ
1307 3136 1499 3204 κόσμῳ
1515 3134 1808 3205 διακηρύτ-

215 3245 406 3280 τουσι·
444 3229 536 3281 καὶ
561 3228 660 3298 τῆς
710 3228 946 3290 πίστεως
988 3227 1144 3298 ήμῶν
1189 3231 1216 3280 ό
1254 3229 1452 3297 τρόπος
1486 3228 1574 3281 διὰ
1601 3229 1701 3297 τῆς
1728 3231 1806 3292 εἰς

214 3321 382 3374 αὐτὸν
423 3320 714 3389 ὁμολογίας
746 3319 1000 3390 ἔρχεται·
1031 3318 1388 3389 δικαιούμεθα
1431 3319 1488 3373 δὲ
1522 3323 1809 3373 πιστεύον-

214 3427 332 3472 τες,
367 3409 466 3480 οὐχ
513 3413 588 3472 ὡς
627 3410 722 3462 ἕνα
760 3410 868 3462 τῶν
905 3409 1027 3462 καθ’
1072 3411 1219 3480 ἡμᾶς
1261 3411 1548 3480 ἄνθρωπον
1598 3411 1806 3475 ἁπλῶς,

217 3502 338 3555 ἀλλ’
369 3503 450 3565 εἰς
489 3504 580 3554 τὸν
628 3502 787 3570 φύσει
828 3518 888 3554 τε
922 3503 1019 3555 καὶ
1063 3502 1279 3570 ἀληθῶς
1317 3503 1446 3556 ὅντα
1490 3504 1643 3558 Θεόν.
1699 3507 1812 3558 Καὶ

216 3591 352 3660 γοῦν
386 3592 521 3645 ἄθεα
553 3591 652 3662 μὲν
685 3593 752 3644 τὰ
795 3591 924 3662 ἔθνη
956 3593 1225 3645 διετέλουν
1265 3593 1409 3645 κατὰ
1451 3593 1542 3645 τὸν
1582 3594 1808 3665 κόσμον,

217 3686 458 3758 Χριστὸν
502 3686 603 3738 οὐκ
653 3685 836 3738 είδότα
882 3686 1036 3750 ποτε,
1092 3685 1236 3739 καθὰ
1267 3703 1431 3756 φησιν
1472 3689 1500 3739 ό
1543 3687 1812 3758 μακάριος

219 3777 474 3841 Παῦλος·
511 3777 700 3847 ἐπειδὴ
745 3777 801 3830 δὲ
835 3778 1160 3846 ἐγνώκασιν,
1217 3778 1279 3829 υύ
1325 3778 1700 3847 μεμενήκασιν
1755 3780 1813 3830 ἐν

220 3875 418 3945 ἀγνοίᾳ.
446 3874 539 3930 τοῦ
563 3875 704 3928 κατὰ
729 3874 894 3944 φύσιν
917 3875 1068 3937 ὄντος
1092 3873 1248 3927 Θεοῦ.
1277 3874 1488 3926 Οὐκοῦν
1514 3874 1814 3927 διδασκέτω

220 3971 290 4040 τῇ
320 3968 468 4032 τίνος
501 3967 626 4038 δόξῃ
656 3968 751 4020 καὶ
776 3967 1037 4036 αὐθεντίᾳ
1069 3966 1470 4037 συνηγόρευσεν
1499 3968 1527 4019 ό
1553 3965 1811 4037 Χριστὸς,

223 4061 402 4115 καίτοι
447 4060 556 4114 τῶν
585 4061 924 4130 προσιόντων
954 4059 1106 4130 αὐτῷ
1154 4058 1254 4130 τὴν
1285 4059 1470 4112 πίστιν
1510 4060 1595 4128 ἐφ’
1631 4059 1812 4130 ἑαυτῴ

223 4153 328 4224 μὲν
365 4152 534 4208 αἰτῶν
555 4169 570 4185 ⁶
599 4152 875 4216 ἀνατιθεὶς
895 4152 951 4205 δὲ
991 4151 1196 4221 ταύτην
1221 4153 1277 4204 ἐν
1304 4150 1453 4222 αὑτῷ
1479 4149 1588 4223 [ἴσ.
1614 4151 1812 4222 ἑαυτῷ]

218 4242 302 4315 τῷ
325 4237 519 4315 Πατρί.
551 4243 662 4297 Καὶ
693 4243 824 4311 γοῦν
857 4242 1010 4312 ἔλεγε
1041 4258 1054 4271 '
1094 4260 1109 4294 t
1135 4242 1428 4296 Πιστεύετε
1460 4245 1539 4306 εἰς
1578 4244 1698 4312 ἐμὲ,
1723 4245 1816 4295 καὶ

221 4338 305 4400 εἰς
331 4335 423 4389 τὸν
450 4335 584 4389 Θεὸν
609 4335 914 4388 πιστεύετε·
931 4355 949 4388 ι
973 4336 1066 4389 καὶ
1095 4335 1280 4389 πάλιν
1309 4355 1327 4388 ι
1349 4335 1408 4388 '0
1439 4335 1709 4389 πιστεύων
1737 4337 1817 4399 εἰς

220 4429 350 4500 ἐμὲ,
379 4429 440 4482 οὐ
471 4429 718 4482 πιστεύει
747 4431 827 4492 είς
860 4429 980 4500 ἐμὲ,
1011 4429 1128 4482 ἀλλ’
1158 4430 1238 4492 είς
1264 4429 1356 4482 τὸν
1385 4428 1678 4499 πέμψαντά
1711 4445 1777 4499 με
1798 4447 1810 4460 ·

1910 1961 1974 1999 eo
2037 1959 2225 1999 rursus
2259 1943 2604 2012 perspicuum
2664 1941 2775 2003 ﬁet,
2827 1939 2970 2009 quod
3031 1955 3153 1992 cmn
3209 1937 3500 1990 Divinitate

1911 2038 2085 2107 ipsum
2108 2051 2229 2090 esse
2253 2033 2586 2086 adorandqu
2613 2034 2904 2086 conﬁtetur
2943 2051 2956 2086 :
2999 2030 3142 2099 quod
3188 2028 3333 2081 enim
3375 2042 3498 2081 cum

1908 2127 2080 2180 altero
2123 2126 2404 2189 adoratur,
2445 2126 2719 2179 diversum
2765 2133 2848 2178 est
2894 2138 3116 2193 prorsus
3158 2121 3225 2174 ab
3267 2136 3332 2174 eo
3374 2136 3498 2175 cum

1909 2233 2015 2286 quo
2058 2217 2277 2272 adorari
2323 2216 2661 2284 perhibetur.
2703 2213 2810 2268 Nos
2857 2229 2988 2268 vero
3033 2230 3136 2266 una
3179 2213 3500 2268 adoratione

1910 2313 2178 2366 honorare
2203 2310 2586 2364 consuevimus
2610 2307 3041 2371 Euunanuelem,
3065 2323 3169 2360 non
3198 2305 3497 2359 dividentes

1909 2422 1936 2457 a
1965 2403 2144 2458 Verbo
2178 2418 2375 2474 corpus
2412 2403 2512 2472 ipsi
2549 2401 2847 2457 secundum
2887 2400 3222 2470 hypostasim
3263 2400 3494 2453 ttnitum.

1909 2497 2045 2563 Quid
2087 2505 2266 2550 autem
2303 2495 2612 2566 signiﬁcent
2656 2495 2746 2547 illa
2785 2494 2985 2558 verba,
3026 2492 3223 2546 divinre
3261 2501 3500 2546 asserto-

1909 2602 2022 2641 rem
2045 2588 2406 2649 auctoritatis,
2431 2586 2854 2639 examinandum
2877 2593 2980 2638 est.
3006 2583 3141 2637 Num
3167 2585 3308 2638 enim
3332 2583 3495 2637 etiam

1911 2681 2024 2746 ipse
2059 2679 2320 2734 Dominus
2355 2688 2539 2732 noster
2567 2675 2724 2731 Jcsus
2756 2675 3008 2730 Christus
3044 2687 3101 2728 ut
3134 2691 3274 2730 unus
3306 2691 3335 2729 e
3369 2691 3498 2728 san-

1908 2773 2012 2826 ctis
2045 2771 2303 2840 apostolis
2332 2780 2385 2825 et
2415 2769 2788 2840 evangelistis,
2816 2769 2980 2822 alium
3011 2769 3210 2823 mundo
3241 2769 3496 2837 prazdicao

1910 2865 1985 2918 vit
2014 2862 2318 2929 Christum,
2351 2864 2434 2916 vel
2474 2861 2698 2926 Filium,
2735 2861 2815 2915 vel
2855 2861 3164 2926 Dominum,
3202 2870 3259 2914 ut
3294 2861 3500 2914 haben-

1911 2969 2016 3010 tem
2041 2959 2106 3011 ad
2131 2958 2312 3011 omnia
2338 2956 2576 3010 divinam
2602 2955 2984 3009 auctoritatem
3009 2954 3123 3008 sive
3150 2962 3497 3021 potestatem,

1909 3060 1965 3105 et
1993 3051 2108 3119 ipse
2135 3047 2360 3102 alterius
2392 3046 2619 3117 gloriam
2655 3043 2930 3099 asseruit?
2959 3043 3122 3110 Atqui
3156 3043 3356 3096 chorus
3387 3043 3500 3109 ipse

1914 3142 2006 3196 Dei
2040 3140 2453 3210 praedicatorum
2482 3135 2666 3190 Jesum
2695 3134 2976 3190 Christum
3010 3133 3159 3186 illum
3192 3147 3259 3186 ex
3291 3133 3502 3184 semine

1915 3235 2080 3287 David
2110 3232 2404 3287 secundum
2436 3243 2656 3282 carnem
2689 3227 2968 3295 praedicat,
3001 3233 3056 3277 et
3090 3224 3203 3292 ipsa
3241 3219 3365 3275 ﬁdei
3399 3237 3498 3273 no-

1913 3340 2039 3383 strm
2073 3326 2211 3380 ratio
2240 3340 2337 3395 per
2365 3320 2768 3378 confessionem
2797 3318 2850 3371 in
2881 3332 3004 3372 eum
3041 3315 3238 3370 factam
3273 3315 3448 3383 pergit
3481 3328 3495 3364 :

1907 3421 2380 3492 justiﬁcamurque
2406 3430 2472 3469 eo
2501 3413 2619 3481 ipso
2646 3411 2788 3481 quod
2818 3409 3090 3465 credimus
3119 3423 3223 3462 non
3253 3416 3310 3459 ut
3335 3422 3499 3458 unum

1914 3532 1945 3571 e
1985 3514 2138 3568 nobis
2181 3512 2451 3565 hominem
2492 3506 2818 3576 simplicem,
2857 3504 2951 3558 sed
2993 3501 3047 3555 in
3091 3501 3266 3571 ipsum
3309 3508 3501 3551 natura

1915 3621 2148 3677 vereque
2179 3607 2368 3659 Deum.
2402 3603 2585 3671 Itaque
2616 3600 2737 3655 sine
2770 3601 2876 3653 Deo
2907 3605 3096 3666 gentes
3125 3602 3284 3648 erant
3314 3591 3366 3645 in
3399 3592 3502 3644 hoc

1915 3699 2137 3761 mundo,
2169 3695 2447 3750 Christum
2483 3693 2796 3761 ignorantes
2832 3687 3148 3758 aliquando,
3181 3694 3238 3738 ut
3271 3685 3346 3736 ait
3380 3684 3502 3736 hea-

1918 3803 2004 3844 tus
2035 3789 2235 3843 Paulus
2259 3786 2301 3817 ³⁷
2335 3804 2349 3839 :
2385 3785 2473 3838 ubi
2505 3798 2632 3838 vero
2667 3781 2817 3835 illum
2849 3786 3208 3850 agnoverunt,
3240 3791 3344 3829 non
3379 3788 3503 3844 per-

1919 3888 2233 3936 manserunt
2279 3875 2454 3946 ignari
2497 3873 2613 3942 ejus
2653 3872 2744 3942 qui
2791 3873 3086 3926 secundum
3130 3879 3377 3921 naturam
3419 3874 3504 3918 est

1921 3975 2078 4027 Deus.
2113 3969 2276 4040 igitur
2307 3969 2501 4021 doceat
2537 3965 2689 4034 cujus
2729 3962 2914 4030 glorize
2956 3971 3010 4014 et
3053 3958 3364 4012 auctoritati
3411 3972 3504 4026 pa-

1921 4065 2220 4120 trocinatus
2248 4063 2317 4115 sit
2343 4059 2596 4114 Christus
2624 4076 2636 4111 :
2665 4055 2878 4110 tametsi
2907 4054 2976 4106 ab
3008 4052 3318 4106 hominibus
3348 4050 3412 4102 ad
3443 4065 3504 4102 se

1917 4153 2298 4208 accedentibus
2325 4151 2482 4204 ﬁdem
2513 4149 2566 4202 in
2598 4147 2839 4214 seipsum
2867 4144 3067 4214 exigat,
3095 4152 3151 4196 et
3177 4156 3297 4194 eam
3327 4141 3501 4208 ipsam

1920 4247 1971 4301 in
2003 4261 2063 4301 se
2095 4245 2194 4314 ipsi
2226 4243 2374 4297 Patri
2406 4243 2697 4302 attribuat,
2731 4238 2912 4307 itaque
2939 4236 3152 4291 dicebat
3181 4249 3196 4287 :
3233 4251 3250 4284 ι
3283 4232 3502 4287 Credite

1921 4339 1972 4392 in
2010 4355 2118 4402 me,
2149 4346 2205 4391 et
2240 4337 2293 4390 in
2331 4335 2499 4390 Deum
2538 4331 2748 4388 credite
2775 4330 2858 4394 “;
2900 4347 2920 4381 ι
2959 4339 3013 4382 et
3050 4329 3243 4381 iterum
3283 4344 3297 4380 :
3340 4342 3360 4375 ι
3400 4323 3503 4389 Qui

1921 4432 2094 4488 credit
2123 4432 2176 4484 in
2209 4445 2315 4494 me,
2349 4443 2455 4481 non
2485 4429 2659 4482 credit
2689 4429 2744 4480 in
2777 4440 2885 4489 me,
2913 4422 3006 4477 sed
3042 4421 3093 4473 in
3125 4435 3247 4472 eum
3281 4417 3370 4486 qui
3403 4417 3505 4468 mi-

221 4521 319 4573 καί
337 4521 366 4574 δ
391 4520 612 4591 θεωρῶν
641 4521 764 4591 ἐμὲ,
799 4522 995 4592 θεωρεῖ
1020 4523 1112 4575 τὸν
1144 4521 1442 4592 πέμψαντά
1470 4539 1561 4591 με.
1600 4541 1618 4572 ›
1667 4521 1806 4574 Ἀλλ’

1916 4527 1985 4580 sit
2033 4541 2118 4578 me
2137 4523 2206 4576 ⁸³.
2257 4542 2274 4572 ι
2323 4520 2428 4575 Sed
2475 4521 2707 4573 fortasse
2752 4519 2854 4571 hoc
2890 4515 3116 4568 verbum
3163 4511 3502 4580 συνηγορεῖν,

221 4614 356 4676 ι’σως
380 4612 442 4666 τὸ
473 4616 795 4684 συνηγορεῖν
831 4614 972 4668 κατὰ
1009 4614 1070 4667 τὸ
1100 4612 1250 4684 αὐτῷ
1275 4613 1488 4674 δοκοῦν,
1536 4613 1676 4683 τάχα
1706 4630 1810 4665 που

221 4705 598 4775 ὑπεμφήνειεν
634 4705 702 4759 ἂν
763 4705 825 4758 τὸ
871 4708 1188 4777 ίσηγορεῖνο
1225 4705 1422 4777 ἐφίημι
1470 4705 1600 4776 γὰρ.
1640 4707 1818 4758 καίτοι

220 4797 325 4866 τῆς
353 4795 552 4860 λέξεως
615 4796 811 4868 ἑτέραν
840 4797 1069 4868 ἐχούσης
1103 4798 1203 4867 τὴν
1234 4795 1486 4868 δήλωσιν.
1519 4795 1654 4850 Εἶτα
1699 4798 1819 4860 πῶς

227 4894 606 4962 ἰσηγορησειεν
661 4889 729 4942 ἂν
775 4889 1061 4961 ἄνθρωπος
1094 4890 1214 4961 Θεῷ
1260 4889 1400 4943 κατὰ
1442 4889 1525 4951 σὲ,
1575 4891 1667 4942 καὶ
1722 4891 1818 4951 τὰς

223 4987 290 5036 ἐκ
329 4982 439 5035 τῶν
498 4981 768 5034 Ἰουδαίων
818 4983 1107 5053 παροινίας
1154 4981 1483 5051 διενεγκὼν;
1521 4983 1658 5054 Φέρε
1707 4984 1815 5051 γὰρ

222 5076 315 5129 τὸν
339 5075 588 5144 ἐκατέρῳ
615 5075 899 5146 πρέποντα
923 5074 1364 5145 καταθρήσωμεν
1391 5074 1571 5142 λόγον.
1611 5075 1814 5143 Πρέποι

221 5169 267 5222 δ’
295 5169 364 5222 ἂν
397 5169 572 5220 εἰπεῖν
611 5167 689 5236 τῷ
735 5183 797 5234 γε
826 5165 938 5219 δντι
975 5166 1095 5236 Θεῷ
1133 5167 1274 5219 κατὰ
1318 5166 1512 5234 φύσιν·
1550 5167 1684 5236 Εἰμὶ
1715 5168 1813 5235 μὲν

223 5263 480 5331 ἀόρατος,
521 5260 753 5330 ἀναφὴς,
777 5261 872 5311 καὶ
899 5257 993 5311 τοῦ
1030 5257 1222 5312 παθεῖν
1251 5259 1544 5329 ἁνὼτερος,
1584 5259 1678 5310 καὶ
1707 5257 1816 5326 μὴν

226 5359 319 5407 καὶ
347 5354 661 5423 ἀσώματος,
689 5353 802 5424 ζωὴ
831 5355 925 5406 καὶ
949 5351 1234 5416 ζωοποιὸς,
1269 5351 1364 5404 καὶ
1387 5351 1575 5403 ἐπάνω
1599 5349 1816 5401 πάντων

224 5450 301 5511 ὡς
340 5447 492 5510 Θεός.
543 5447 601 5498 ’0
638 5445 694 5499 δὲ
720 5449 819 5515 τὴν
863 5447 998 5500 ἰδίαν
1044 5446 1196 5516 ἡμῖν,
1241 5445 1389 5504 ὅπως
1413 5443 1477 5495 ἂν
1506 5443 1617 5512 ἔχοι
1657 5441 1819 5509 φύσιν

226 5541 616 5610 ἐξηγούμενος,
653 5539 757 5609 ἔφη
808 5538 874 5592 ἂν
923 5539 1186 5600 εἰκότωςο
1251 5535 1479 5605 Ὁρατός
1526 5537 1674 5602 είμι,
1727 5533 1819 5584 καὶ

225 5632 398 5695 ἁπτός
418 5650 432 5662 ο
478 5631 740 5702 παθητὸς,
771 5633 864 5684 καὶ
885 5631 990 5683 ὑπὸ
1011 5629 1238 5700 φθορὰν,
1269 5628 1360 5681 καὶ
1396 5626 1502 5679 ὑπὸ
1525 5626 1664 5696 Θεῷ.
1693 5623 1820 5695 'Ap‘

313 5812 568 5885 “Ephes.
601 5828 661 5879 ιι,
713 5812 794 5866 12.
875 5812 920 5843 ⁸⁸
955 5811 1110 5867 .loan.
1152 5826 1260 5876 λιν,
1301 5809 1348 5861 t.

1429 5807 1470 5841 ⁸³
1499 5804 1656 5861 Joan.
1694 5820 1792 5866 xu,
1824 5803 1913 5857 Η.

1923 4619 2063 4680 quud
2111 4614 2438 4683 patrocinari
2491 4612 2770 4673 diximus,
2818 4607 3125 4661 subimlicat
3174 4604 3313 4656 idem
3363 4599 3502 4671 quod

1926 4709 2230 4778 ἱσηγορείν,
2269 4707 2372 4760 hoc
2410 4715 2528 4768 est,
2564 4721 2628 4756 ex
2671 4717 2828 4769 aequo
2867 4699 3164 4769 praedicare
3201 4712 3214 4748 :
3255 4692 3506 4764 permitto

1922 4803 2089 4863 enim,
2113 4798 2360 4867 quamvis
2391 4797 2506 4850 haac
2537 4795 2705 4848 dictio
2732 4794 2895 4846 aliam
2928 4791 3124 4845 haheat
3153 4785 3505 4856 signiﬁcatio-

1924 4909 2065 4944 nem.
2097 4888 2258 4957 Atqui
2294 4887 2563 4954 quomodo
2595 4901 2659 4938 ex
2693 4898 2847 4951 aequo
2875 4880 2943 4934 de
2973 4895 3031 4932 se
3063 4879 3315 4945 loquatur
3344 4873 3505 4928 homo

1924 4985 2150 5054 perinde
2179 4999 2242 5034 ac
2273 4979 2438 5044 Deus,
2466 4989 2522 5033 ut
2552 4988 2608 5032 tu
2640 4987 2818 5045 putas,
2846 4983 2900 5028 et
2929 4974 3018 5042 qui
3047 4989 3074 5025 a
3102 4970 3302 5024 ludatis
3331 4967 3506 5020 illatas

1923 5071 2282 5128 contumelias
2315 5069 2566 5139 pertulit?
2595 5069 2708 5136 Age
2740 5064 2908 5127 enim,
2945 5076 3252 5117 sermonem
3289 5059 3506 5127 utrique

1921 5165 2332 5220 convenientem
2376 5161 2781 5215 consideremus
2823 5177 2836 5213 :
2883 5173 3005 5211 nam
3042 5169 3169 5209 vero
3207 5154 3504 5208 secundum

1923 5268 2172 5312 naturam
2205 5256 2316 5309 Deo
2346 5254 2598 5309 convenit
2627 5254 2809 5307 dicere
2843 5270 2856 5305 :
2889 5251 3002 5320 Ego
3031 5265 3148 5304 sum
3185 5245 3506 5308 invisibilis,

1925 5350 2305 5411 intractabilis,
2343 5347 2716 5417 impassihilis,
2748 5349 3122 5413 incorporeus,
3154 5343 3280 5395 item
3315 5339 3421 5390 vita
3454 5347 3506 5392 et

1923 5443 2250 5504 viviiicator,
2275 5450 2331 5493 et
2359 5456 2518 5508 supra
2549 5439 2730 5492 omnia
2763 5448 3021 5504 tanquam
3050 5435 3193 5487 Deus
3222 5451 3236 5487 :
3266 5433 3353 5485 hic
3381 5445 3508 5484 vero

1930 5534 1976 5588 si
2007 5551 2102 5588 sua
2134 5536 2292 5588 nobis
2323 5543 2516 5586 natura
2548 5544 2602 5584 ut
2635 5533 2832 5586 habeat
2859 5540 3120 5598 exponat,
3148 5529 3291 5583 dicet
3321 5527 3507 5594 utique

1930 5637 1990 5678 ut
2021 5640 2116 5695 par
2143 5635 2226 5680 est
2261 5642 2271 5678 :
2303 5623 2542 5680 Visibilis
2573 5640 2723 5688 sum,
2757 5632 2812 5678 et
2840 5622 3173 5685 tractabilis,
3206 5615 3507 5690 passibilis,
