4054 6332
550 364 617 419 99
1604 359 1659 413 S.
1703 354 1977 413 CYRILLI
2018 351 2484 409 ALEXANDRINI
2527 354 2840 412 ARCIIIEP.

3718 362 3824 416 l00

551 488 605 531 et
640 476 975 548 corruptioni
1014 476 1323 546 subjectus,
1360 490 1423 531 ac
1458 478 1558 531 sub
1595 477 1704 531 Deo
1742 494 1756 530 :
1794 492 1918 530 num
1963 476 2096 545 igitu

2235 466 2349 537 οῦν,
2384 474 2412 525 ὁ
2462 472 2531 525 τὰ
2576 473 2755 526 τοιάδε
2802 473 2998 541 λέγων,
3033 475 3412 545 ισηγορήσειεν
3440 474 3507 528 ἂν
3539 474 3619 545 τῷ
3654 476 3821 546 προῦ-

548 568 638 636 qni
678 568 802 620 talia
838 567 1003 632 dicit,
1040 567 1086 622 is
1118 582 1270 636 aeque
1305 567 1370 621 de
1403 582 1462 621 se
1498 568 1811 636 praedicabit
1846 576 2005 636 atque
2039 566 2130 621 ille

548 658 656 730 54
696 660 1038 727 pra-stantior
1075 670 1129 712 et
1165 660 1539 725 excellentior,
1585 664 1726 729 quod
1773 661 1837 713 ad
1879 675 1990 713 sum
2030 673 2129 713 na-

548 758 684 800 tura:
725 750 914 802 attinet
956 750 1224 804 rationes?
1261 752 1405 819 atqui
1447 751 1719 820 quomodo
1759 767 1864 804 non
1904 750 1957 804 id
1995 751 2129 805 stul-

550 849 658 891 Ium
694 840 761 893 sit
796 839 1015 893 dicere?
1047 856 1169 894 nam
1207 852 1299 894 aut
1332 842 1418 896 ille
1453 858 1697 913 prorsus,
1730 854 1822 897 aut
1856 844 1942 898 hic
1977 858 2128 897 men-

548 932 732 985 tietur.
755 934 1126 987 Assertionem
1144 949 1273 988 vero
1293 950 1413 988 cum
1435 936 1588 998 dicis,
1608 936 1723 990 sive
1743 936 2120 1004 patrocinium,

547 1024 625 1076 sie
661 1039 891 1091 namque
929 1024 1087 1078 liceat
1119 1025 1299 1079 dicere
1333 1026 1746 1097 συνηγόρευσιν,
1784 1043 1961 1081 nonne
1992 1028 2126 1081 alte-

547 1129 663 1166 rum
699 1130 884 1169 rursus
916 1118 1202 1184 quemdam
1236 1118 1391 1171 alteri
1430 1118 1755 1188 patrocinari
1788 1120 1949 1171 etiam
1986 1118 2125 1171 invi-

546 1216 629 1256 Itts
671 1207 781 1275 ipse
822 1208 1129 1271 roriiileris,
1165 1212 1254 1276 qui
1296 1211 1453 1263 nobis
1490 1210 1889 1278 conjuncﬁonis
1928 1224 2119 1263 nomen

544 1313 967 1361 commemoras,
1008 1310 1061 1353 et
1107 1316 1271 1353 unum
1319 1300 1591 1355 Christum
1636 1314 1691 1356 et
1736 1302 2021 1355 Dominum
2066 1304 2120 1354 in

542 1391 649 1443 duo
680 1391 923 1445 dividens
955 1390 1181 1453 adoras,
1216 1393 1323 1445 imo
1354 1409 1480 1447 vero
1513 1394 1673 1447 simul
1706 1398 1931 1458 adoras,
1964 1406 2019 1449 et
2055 1395 2121 1449 li-

542 1483 730 1536 berare
780 1492 830 1537 te
882 1495 1040 1551 putas
1092 1485 1385 1539 Ecclesiam
1438 1487 1797 1541 deificationis
1847 1489 2113 1553 crimine,

539 1589 660 1627 cum
698 1574 813 1642 ipse
846 1575 1063 1629 deilices
1098 1576 1392 1638 hominem,
1418 1590 1472 1631 et
1511 1594 1613 1632 non
1653 1595 1816 1632 unum
1854 1580 2005 1633 dicas
2030 1579 2118 1633 Fi-

540 1664 692 1724 lium.
722 1666 936 1719 etiamsi
991 1682 1093 1721 non
1123 1677 1275 1722 extra
1307 1670 1579 1736 propriam
1607 1687 1824 1725 carnem
1855 1672 2118 1741 intelliga-

541 1757 662 1809 tur?
688 1756 955 1812 Adorabis
986 1760 1129 1812 enim
1161 1770 1285 1813 tunc
1318 1776 1553 1831 quoque,
1585 1764 1679 1817 sed
1710 1763 1827 1819 sine
1851 1763 2111 1829 crimine;

536 1858 591 1902 et
619 1865 914 1917 cognosces
948 1852 1035 1905 ubi
1070 1867 1210 1915 eras,
1243 1865 1301 1906 ul.
1336 1855 1596 1924 scriptum
1628 1864 1729 1920 est,
1763 1871 1883 1910 cum
1915 1873 1943 1909 a
1974 1856 2114 1910 veri-

539 1941 662 1995 tatis
698 1942 966 2010 dogmatis
1002 1945 1310 1999 aberrares.
1348 1947 1418 1999 At
1448 1947 1625 2011 enim,
1662 1947 1863 2017 inquit,
1905 1948 2115 2017 leproso

537 2034 671 2087 dixit
701 2053 713 2087 :
748 2054 764 2085 (
800 2036 949 2097 Volo,
976 2040 1239 2092 mundare
1263 2040 1341 2103 '°;
1378 2059 1395 2090 ι
1423 2050 1477 2093 et
1508 2040 1629 2094 filiae
1658 2042 2067 2113 archisynagogi
2094 2062 2111 2097 :

541 2143 558 2175 ι
586 2122 788 2188 Puella,
817 2128 1031 2193 surge“
1055 2142 1069 2189 ;
1100 2148 1117 2176 ι
1148 2138 1199 2179 et
1225 2130 1358 2181 mari
1384 2144 1398 2182 :
1426 2149 1442 2179 ‹
1470 2128 1631 2196 Tace,
1658 2133 2059 2197 obmutesce";
2089 2153 2107 2184 ι

535 2215 686 2269 ineo
722 2216 884 2285 igitur
945 2218 1174 2271 dicendo
1227 2236 1409 2274 comes
1463 2238 1527 2275 ac
1578 2223 1928 2291 pariloquens
1962 2223 2061 2278 fuit
2096 2242 2111 2291 ;

534 2324 655 2359 nam
691 2308 871 2361 divina
905 2311 1065 2363 verba
1103 2311 1479 2378 eloquebatur,
1515 2329 1611 2381 per
1642 2329 1762 2383 qua:
1798 2315 1955 2371 facile
1988 2332 2111 2371 orn--

534 2398 617 2449 nia
653 2397 913 2466 perficere
942 2400 1159 2455 licebat.
1191 2403 1303 2456 Duo
1334 2406 1497 2473 igitur
1523 2415 1679 2458 erant
1711 2407 1801 2476 qui
1834 2408 2112 2478 praecipie-

532 2492 682 2552 bant,
714 2501 767 2543 et
805 2492 1088 2561 utriusque
1121 2508 1241 2548 esse
1276 2499 1633 2551 concedamus
1659 2498 1823 2552 verba
1859 2501 2110 2555 omnibus

530 2578 595 2630 de
628 2582 785 2632 rebus
817 2580 1045 2648 prolata.
1075 2582 1208 2636 Cmn
1239 2599 1370 2654 ergo
1402 2587 1530 2639 dicit
1562 2604 1577 2641 :
1614 2606 1632 2639 ‹
1671 2590 1811 2654 Quid
1847 2606 1932 2643 me
1964 2606 2109 2660 qua:-

531 2667 651 2721 ritis
701 2670 1042 2737 interficere,
1097 2674 1369 2729 hominem
1421 2677 1513 2745 qui
1564 2681 1846 2734 veritatem
1899 2682 2109 2738 locutus

528 2776 647 2814 sum
676 2763 827 2815 vobis
850 2763 931 2815 ⁸³2
967 2784 985 2816 ι
1021 2767 1206 2833 cujus,
1235 2768 1461 2823 obsecro
1496 2782 1576 2834 te,
1609 2773 1914 2843 hujusmodi
1944 2776 2108 2831 verba

526 2868 654 2925 esse.
683 2856 856 2910 diris?
889 2870 957 2910 an
994 2857 1082 2911 illa
1121 2861 1334 2926 quidem
1373 2862 1474 2932 ipsi
1507 2865 1684 2921 Verbo
1724 2868 1950 2934 tribunes,
1990 2871 2105 2925 haec

525 2960 654 2998 vero
690 2955 942 3015 tanquam
978 2949 1178 3004 homini
1217 2966 1244 3005 a
1268 2952 1445 3008 Verbo
1477 2957 1711 3025 diverso,
1744 2960 1845 3029 ipsi
1882 2976 1945 3014 ex
1986 2978 2106 3016 mu-

525 3037 657 3090 liere
696 3039 911 3106 genito?
956 3040 1061 3095 Sed
1102 3057 1209 3111 quo
1251 3043 1369 3099 loco
1409 3062 1577 3115 pones
1619 3050 1833 3105 beatum
1875 3049 2101 3105 Paulum

2233 578 2380 630 χοντι
2434 562 2529 614 καὶ
2579 562 2983 634 ύπερκειμένῳ,
3032 565 3176 617 κατά
3231 581 3294 631 γε
3358 565 3485 628 τοὺς
3532 566 3633 635 τῆς
3683 567 3819 630 ἰδίας

2230 651 2446 719 φύσεως
2477 652 2694 721 λόγους;
2729 650 2861 706 Εἶτα
2894 654 3010 717 πῶς
3042 655 3200 708 τοῦτο
3227 656 3327 708 ούκ
3356 656 3565 726 ἀμαθὲς
3599 659 3774 710 εἰπεῖν
3801 676 3815 725 ;

2228 744 2579 813 διαψεύσεται
2622 745 2732 815 γὰρ
2786 747 3089 818 πάντως,ἢ
3140 750 3368 812 ἐκεῖνος,
3394 750 3444 820 [ἤ
3481 744 3653 813 οὗτος.
3684 751 3815 802 Συν-

2228 837 2456 907 ηγορίαν
2475 837 2531 890 δὲ
2559 836 2754 906 λέγων,
2784 838 2951 908 ἤγουν
2981 838 3396 910 συνηγόρευσιν,
3428 841 3527 910 οὐχ
3554 840 3741 911 ἕτερόν
3758 858 3812 893 τι

2228 927 2391 981 πάλιν
2420 929 2597 999 ἑτέρῳ
2629 932 2941 1000 συνηγορεῖ,
2974 929 3068 982 καὶ
3115 931 3216 1000 οὐχ
3264 932 3406 984 ἑκὼν
3443 931 3750 1001 ὁμολογεῖς.
3780 932 3813 984 ὁ

2229 1017 2525 1086 συνάφειαν
2552 1020 2682 1088 ἡμῖν
2708 1016 3010 1088 ὀνομάζων,
3040 1018 3134 1070 καὶ
3161 1018 3257 1071 ἕνα
3284 1017 3521 1089 Χριστὸν
3558 1018 3651 1070 καὶ
3696 1019 3811 1071 Κύ-

2228 1125 2375 1180 ριον’
2421 1110 2516 1163 καὶ
2568 1110 2783 1180 τέμνων
2834 1111 2915 1173 είς
2966 1110 3061 1162 δύο
3108 1113 3466 1182 προσκυνεῖς’
3509 1110 3709 1180 μᾶλλον
3750 1110 3809 1163 δὲ

2226 1204 2696 1273 συμπροσκυνεῖς·
2745 1203 2841 1255 καὶ
2883 1202 3249 1256 ἀπαλλάττειν
3279 1202 3381 1255 οἴει
3424 1200 3522 1272 τὴν
3575 1202 3807 1271 Ἐκκλη-

2228 1294 2344 1345 σίαν
2398 1292 2490 1345 τοῦ
2526 1294 2624 1362 τῆς
2654 1293 2929 1355 θεοποιΐας
2966 1292 3330 1364 ἐγκλήματος,
3360 1292 3622 1345 θεοποιῶν
3647 1292 3808 1355 αὐτὸς

2222 1384 2525 1456 ἄνθρωπον,
2560 1387 2652 1439 καὶ
2680 1387 2777 1455 οὐχ
2808 1386 2902 1438 ἕνα
2946 1385 3123 1453 λέγων
3156 1386 3304 1449 Υίὸν,
3338 1385 3443 1439 κᾶν
3487 1386 3536 1436 εί
3570 1384 3646 1456 μὴ
3684 1384 3804 1455 δίχα

2222 1480 2391 1531 νοοῖτο
2416 1478 2514 1547 τῆς
2546 1478 2680 1541 ἰδίας
2708 1480 2946 1549 σαρκός;
2991 1480 3400 1551 Προσκυνήσεις
3422 1479 3533 1551 γάρ
3560 1481 3681 1533 τότε
3709 1482 3806 1533 καὶ

2220 1569 2609 1640 ἀνεγκλήτως·
2667 1572 2762 1624 καὶ
2804 1571 2988 1642 γνώσῃ
3041 1570 3145 1625 ποῦ
3199 1567 3364 1643 ἦσθα,
3414 1572 3555 1625 κατά
3597 1573 3658 1625 τὸ
3710 1588 3803 1640 γε-

2219 1660 2560 1732 γραμμένον,
2594 1661 2700 1714 τῶν
2730 1661 2829 1731 τῆς
2866 1661 3126 1734 ἀληθείας
3153 1661 3467 1732 ἀποφοιτῶν
3493 1663 3801 1731 δογμάτων.

2235 1754 2393 1807 Ἀλλά
2422 1754 2532 1818 ναὶ,
2567 1754 2755 1824 φησὶν,
2790 1755 2981 1825 εἴρηκε
3004 1753 3082 1824 τῷ
3109 1754 3315 1825 λεπρῷ,
3359 1775 3378 1806 ‹
3408 1755 3585 1819 Θέλω,
3631 1755 3803 1808 καθα-

2221 1846 2456 1918 ρίσθητι·
2502 1866 2520 1898 ι
2562 1848 2655 1900 καὶ
2682 1850 2748 1918 τῇ
2777 1848 2870 1900 τοῦ
2909 1846 3361 1917 ἀρχισυναγώγου
3386 1847 3635 1917 θυγατρὶ,
3671 1867 3690 1899 ‹
3739 1849 3802 1902 Ἦ

2216 1941 2365 2000 παῖς,
2418 1938 2662 2008 ἐγείραι·
2700 1958 2717 1988 ι
2769 1943 2861 1991 καὶ
2903 1942 2969 2010 τῇ
3017 1938 3283 2009 θαλάσσῃ,
3317 1958 3335 1989 ε
3368 1938 3587 2003 Σιώπα,
3637 1942 3801 2009 mgf--

2218 2048 2387 2100 μωσο.
2461 2051 2479 2081 ι
2534 2034 2841 2102 Συνήγορος
2890 2032 2946 2084 δὲ
2992 2032 3134 2084 κατὰ
3164 2031 3360 2084 τοῦτο⁸
3396 2032 3521 2095 τοὺς
3564 2032 3673 2102 γάρ
3720 2050 3801 2085 τοι

2214 2121 2391 2185 θείους
2426 2122 2723 2192 ἐφθέγγετο
2752 2123 2965 2191 λόγους,
2997 2124 3064 2176 δι’
3092 2116 3167 2176 ὧν
3210 2119 3280 2194 ἦν
3323 2124 3499 2177 πάντα
3540 2123 3799 2176 δύνασθαι

2214 2214 2512 2283 κατορθοῦν
2560 2215 2820 2279 εὐκόλως.
2855 2216 2958 2268 Δύο
3007 2216 3071 2287 δὴ
3116 2212 3209 2269 οῦν
3253 2218 3302 2269 οί
3349 2217 3797 2285 προστάττοντες,

2213 2308 2305 2361 καὶ
2351 2308 2680 2379 ἀμφοτέρων
2733 2305 2871 2361 εἶναι
2917 2308 3163 2379 δώσομεν
3205 2310 3329 2372 τοὺς
3380 2309 3466 2378 ἐφ’
3500 2311 3669 2363 ἅπασι
3714 2311 3797 2363 λό-

2211 2416 2361 2467 γους.
2392 2400 2562 2453 Ὅταν
2604 2397 2698 2453 οῦν
2738 2401 2892 2472 λέγῃ,
2938 2420 2954 2451 ι
2993 2401 3057 2455 Τί
3087 2418 3154 2472 με
3194 2403 3407 2472 ζητεῖτε
3455 2404 3795 2470 ἀποκτεῖναι,

2210 2492 2520 2563 ἄνθρωπον,
2548 2494 2606 2557 ὃς
2633 2494 2731 2566 τὴν
2758 2494 3016 2565 ἀλήθειαν
3046 2496 3175 2565 ὑμῖν
3222 2495 3531 2566 λελάληκας
3573 2514 3592 2550 ο
3630 2498 3791 2561 τίνος,

2210 2587 2331 2639 είπέ
2360 2604 2469 2657 μοι,
2494 2588 2621 2651 τοὺς
2670 2589 2914 2642 τοιούσδε
2938 2588 3129 2656 λόγους
3154 2583 3294 2642 εἶναι
3325 2591 3465 2660 φής;
3491 2591 3523 2661 ἢ
3555 2591 3794 2655 ἐκείνους

2213 2676 2313 2747 μὲν
2349 2677 2643 2747 ἀπονέμεις
2668 2677 2746 2748 τῷ
2785 2678 2964 2748 Λόγῳ,
2993 2678 3218 2741 τούτους
3243 2696 3305 2747 γε
3351 2680 3457 2749 μὴν
3485 2678 3564 2739 ὡς
3585 2678 3793 2748 ἀνθρώ-

2210 2785 2298 2837 πῳ
2341 2769 2469 2839 παρ’
2500 2770 2662 2821 αὑτὸν
2702 2770 2875 2840 ἑτέρῳ
2911 2770 2990 2841 τῷ
3042 2772 3106 2822 ἐκ
3149 2770 3444 2838 γυναικός;
3490 2765 3622 2822 Εἶτα
3670 2772 3789 2822 ὅποι

2210 2863 2340 2915 ποτέ
2371 2862 2557 2933 θήσεις
2597 2862 2687 2916 τὸν
2722 2862 3014 2933 ἱερώτατον
3048 2863 3281 2925 Παῦλον,
3314 2862 3538 2930 λέγοντα
3566 2861 3750 2930 σαφῶς
3773 2877 3786 2890 ·

2215 2975 2232 3005 σ
2285 2957 2444 3025 Ἡμῖν
2474 2956 2529 3008 δέ
2556 2951 2635 3018 εἷς
2663 2955 2795 3019 Θεὸς
2821 2958 2848 3009 ὁ
2878 2957 3086 3027 Πατὴρ.
3130 2956 3189 3019 ἐξ
3240 2950 3301 3009 οὗ
3345 2954 3414 3008 τὰ
3455 2956 3653 3017 πάντα,
3695 2954 3792 3007 καὶ

2207 3046 2369 3115 ἡμεῖς
2400 3048 2479 3108 είς
2506 3046 2667 3099 αὐτόν
2693 3063 2706 3077 ’
2731 3048 2823 3100 καὶ
2855 3042 2937 3110 εἷς
2964 3048 3169 3117 Κύριος
3208 3047 3415 3116 Ἰησοῦς
3440 3047 3689 3118 Χριστὸς,
3720 3048 3789 3099 δι’

526 3139 711 3195 aperte
749 3131 1018 3186 dicentem
1055 3150 1070 3187 :
1109 3153 1128 3186 ι
1164 3134 1330 3191 Nobis
1359 3148 1538 3194 autem
1572 3156 1709 3197 unus
1744 3144 1881 3197 Deus
1914 3143 2097 3212 Pater,

2207 3130 2267 3189 οὗ
2302 3134 2371 3188 τὰ
2400 3137 2597 3200 πάντα,
2627 3138 2719 3189 καὶ
2759 3138 2920 3207 ἡμεῖς
2952 3137 3019 3191 δι’
3073 3136 3279 3203 αὐτοῦ;
3315 3156 3335 3189 ι
3375 3138 3433 3191 '0
3474 3139 3533 3191 δὲ
3575 3138 3687 3191 ἄνω
3726 3154 3786 3190 τε

522 3238 587 3275 ex
625 3239 732 3292 quo
765 3226 976 3289 omnia,
1014 3237 1069 3280 et
1106 3244 1203 3281 nos
1238 3230 1293 3281 in
1332 3233 1536 3300 ipsum,
1572 3242 1622 3285 et
1663 3250 1805 3289 unus
1842 3235 2101 3291 Dominus

518 3312 676 3367 Jesus
717 3314 1004 3379 Christus,
1048 3333 1145 3386 per
1179 3334 1339 3389 quem
1381 3324 1604 3390 omnia;
1648 3335 1703 3379 et
1750 3340 1847 3381 nos
1889 3342 1985 3396 per
2023 3329 2102 3397 ip-

519 3420 636 3457 sum
658 3405 743 3458 “‘I
775 3424 793 3457 ι
826 3405 927 3461 Iste
952 3422 1080 3461 vero
1107 3424 1320 3464 sursum
1351 3412 1605 3467 deorsum
1637 3414 1913 3480 dictitans,
1948 3416 2099 3472 Unus

519 3496 711 3559 Filius,
740 3508 795 3550 et
824 3514 930 3552 non
966 3499 1103 3554 alius
1131 3512 1185 3555 et
1214 3503 1372 3567 alius,
1403 3521 1578 3575 neque
1609 3508 1736 3561 item
1768 3507 2017 3564 Christus
2046 3518 2099 3563 et

516 3588 653 3642 alius
679 3588 951 3654 Christus,
981 3607 1102 3644 cum
1135 3593 1250 3647 suis
1281 3606 1482 3666 pugnat
1507 3599 1708 3660 verbis,
1735 3599 1948 3654 duabus
1975 3614 2095 3669 per-

516 3680 666 3732 sonis
701 3691 755 3732 et
799 3682 1176 3751 bypostasibus
1217 3688 1449 3757 propriis
1486 3695 1599 3743 tum
1642 3690 1735 3744 Dei
1776 3692 2098 3759 praedicato—

518 3786 633 3821 rum
660 3786 840 3835 voces,
870 3784 979 3825 tum
1008 3790 1134 3830 suas
1164 3777 1335 3847 ipsius
1363 3781 1629 3835 tribuens.
1657 3782 1763 3836 Sed
1792 3783 1937 3837 enim
1967 3800 2096 3839 sua-

512 3876 631 3915 rum
670 3864 808 3916 haud
844 3865 1120 3933 negligens
1154 3871 1544 3924 sententiarum
1580 3872 1741 3925 infert
1771 3888 1960 3927 rursus
1988 3891 2002 3926 :

586 3952 844 4025 [Νεετοη.
892 3957 1133 4013 Veneror
1164 3960 1337 4029 ipsum
1375 3972 1433 4016 ut
1465 3965 1854 4034 omnipotentis
1888 3967 2089 4020 divini-

512 4049 637 4098 tatis
667 4049 955 4117 imaginem
990 4064 1003 4101 :
1040 4066 1160 4105 nam
1198 4071 1216 4102 ί
1256 4055 1676 4122 superexaltavit
1725 4072 1872 4122 cum,
1905 4069 1959 4112 et
1990 4060 2089 4111 do-

510 4136 658 4188 navit
688 4137 761 4189 illi
795 4155 988 4193 nomen
1022 4144 1162 4209 quod
1193 4155 1276 4199 est
1307 4160 1469 4212 super
1496 4162 1656 4200 omne
1689 4163 1906 4212 nomen,
1942 4160 2000 4202 ut
2032 4152 2083 4203 in

508 4229 725 4282 nomine
746 4227 870 4283 .lesu
897 4231 1097 4285 Christi
1124 4248 1283 4288 ornne
1307 4250 1446 4305 genu
1489 4235 1739 4290 flectatur
1760 4238 2080 4303 etelestium,

510 4323 848 4375 terrestrium
909 4336 963 4376 et
994 4324 1326 4379 infernorum
1357 4345 1370 4380 :
1404 4338 1457 4381 et
1489 4330 1665 4383 0muis
1698 4329 1876 4398 lingua
1911 4332 2083 4385 conli-

507 4423 681 4467 teatur
734 4415 861 4467 cuia
896 4413 1156 4471 Dominus
1183 4416 1341 4472 Jesus
1368 4419 1617 4505 Christus
1640 4422 1706 4473 ".
1749 4420 1797 4491 ι]

1141 4548 1294 4606 CAP.
1341 4550 1429 4607 XI.

570 4684 629 4739 Et
663 4686 911 4753 quisnam
944 4685 1271 4756 intelligetur
1297 4687 1427 4741 item
1460 4688 1524 4747 is.
1553 4698 1805 4757 quem,ut
1835 4690 1947 4759 ipse
1980 4707 2076 4760 pu-

499 4786 608 4837 tat,
646 4789 705 4829 se
741 4776 987 4829 venerari
1028 4775 1247 4839 fatetur,
1286 4787 1341 4830 et
1374 4792 1534 4846 quem
1581 4791 1798 4848 propter
1834 4780 2072 4834 divinam

495 4866 904 4921 similitudinem
930 4866 1151 4921 simulat
1175 4883 1234 4923 se
1260 4870 1551 4935 honorare,
1579 4872 1679 4925 nisi
1710 4871 1797 4925 ille
1825 4888 2068 4941 prorsus,

494 4975 651 5025 quem
683 4959 884 5011 dudum
916 4960 1071 5013 nobis
1100 4959 1403 5029 appellabat
1427 4962 1705 5031 (quidnam
1739 4964 1945 5017 diceret
1972 4979 2069 5017 ne-

490 5052 627 5119 scio)
655 5052 849 5106 divinae
875 5062 1203 5108 assertorem
1231 5055 1343 5109 sive
1370 5054 1673 5122 adjutorem
1702 5057 2067 5122 auctoritatis,

489 5156 647 5209 quem
687 5142 846 5195 simul
890 5157 1012 5197 cum
1046 5141 1152 5213 55
1188 5144 1479 5200 Divinitate
1520 5148 1854 5201 adorandum
1896 5147 2064 5204 stulte

488 5235 797 5297 asserebat,
839 5244 1091 5303 tanquam
1132 5239 1222 5305 qui
1264 5237 1510 5292 diversus
1548 5252 1694 5294 esset
1733 5256 1797 5295 ac
1834 5242 2062 5296 seorsim

488 5325 629 5378 blius
660 5336 853 5394 praeter
882 5326 1054 5395 ipsum
1086 5324 1179 5381 Dei
1210 5326 1481 5383 Verbum?
1509 5330 1687 5399 Ipsum
1719 5332 1883 5385 etiam
1914 5332 2064 5387 exal-

488 5426 654 5469 tatum
688 5417 818 5470 dii-it
846 5436 874 5470 a
913 5418 1017 5473 Deo
1048 5432 1102 5474 et
1134 5420 1322 5484 Patre,
1353 5438 1416 5475 ac
1448 5433 1707 5492 praeterea
1742 5438 1937 5478 nomen
1966 5440 2061 5479 ac-

484 5510 692 5575 cepisse
719 5523 877 5575 super
902 5526 1061 5564 omne
1089 5527 1280 5566 nmuen
1333 5524 1389 5565 ut
1416 5514 1577 5566 etiam
1610 5513 1707 5580 ipsi
1733 5529 1893 5569 oume
1917 5530 2057 5584 genu

553 5710 597 5741 ⁵⁰
630 5710 814 5763 Matth.
855 5730 943 5767 \‘lll
1023 5715 1075 5767 5.

480 5797 537 5847 u,
564 5782 712 5835 9-H.

1177 5716 1217 5744 '“
1255 5715 1421 5772 Marc.
1454 5732 1503 5780 v,
1540 5717 1627 5769 41.

1732 5720 1775 5751 δ’
1809 5718 1972 5775 Marc.
2016 5737 2089 5788 ιν,
2116 5720 2203 5776 59.

2206 3228 2299 3278 καὶ
2323 3226 2474 3279 κάτω
2498 3226 2694 3295 λέγων,
2738 3224 2833 3290 Εἷς
2860 3228 2985 3291 Υίὸς
3003 3271 3020 3293 ,
3045 3229 3139 3282 καὶ
3172 3229 3271 3282 οὐκ
3293 3228 3449 3293 ἄλλος
3492 3231 3583 3283 καὶ
3609 3230 3786 3295 ἄλλος,

2203 3316 2325 3371 οὔτε
2359 3318 2466 3387 μὴν
2491 3319 2745 3386 Χριστὸς,
2779 3321 2874 3372 καὶ
2898 3320 3149 3392 δεύτερος
3174 3321 3427 3392 Χριστὸς,
3452 3324 3563 3384 τοῖς
3587 3322 3783 3375 ἐαυτοῦ

2201 3409 2544 3479 διαμαχεῖται
2576 3410 2777 3476 λόγοις,
2811 3413 2932 3466 δυσὶ
2964 3412 3276 3485 προσώποις
3298 3414 3393 3469 καὶ
3424 3415 3785 3467 ὑποστάσεσιν

2204 3502 2397 3565 ίδικαῖς
2424 3502 2523 3565 τάς
2552 3520 2609 3555 τε
2640 3503 2747 3554 τῶν
2779 3503 3057 3577 θεηγὸρων
3115 3506 3211 3559 καὶ
3257 3506 3354 3570 τὰς
3396 3505 3559 3558 αὐτοῦ
3606 3504 3787 3559 διανέ-

2203 3612 2320 3662 μων
2354 3596 2557 3664 φωνὰς.
2602 3595 2763 3649 Ἀ).λά
2792 3598 2901 3667 γὰρ
2938 3597 3046 3654 τῶν
3080 3599 3227 3653 ἰδίων
3264 3600 3364 3653 οὐκ
3394 3598 3676 3670 ἀμελήσας
3696 3599 3783 3651 ἐνο

2198 3688 2377 3754 νοιῶν,
2415 3689 2666 3761 ἐπιφέρει
2693 3690 2875 3744 πάλινο

2268 3948 2443 4021 [Σέϐω
2471 3951 2654 4015 αὑτὸν,
2674 3952 2749 4013 ὼς
2777 3952 2873 4021 τῆς
2898 3953 3341 4026 παντοκράτορος
3371 3954 3554 4007 εἰκόνα
3588 3953 3778 4023 θεότη-

2192 4057 2314 4105 τος·
2349 4060 2366 4093 ι
2400 4043 2728 4115 ὖπερύψωσε
2781 4046 2891 4115 γάρ
2931 4046 3115 4110 αὑτὸν,
3167 4046 3263 4098 καὶ
3303 4045 3594 4118 ἐχαρίσατο
3626 4045 3778 4115 αύτῷ

2189 4134 2360 4204 ὄνομα
2386 4135 2446 4188 τὸ
2473 4136 2612 4206 ὑπὲρ
2642 4138 2749 4189 πᾶν
2782 4136 2954 4206 ὄνομα
2972 4151 2987 4166 '
3018 4137 3105 4189 ἵνα
3134 4140 3192 4191 ἐν
3230 4137 3308 4207 τῷ
3335 4138 3556 4207 ὀνόματι
3598 4135 3773 4206 Ἰησοῦ

2188 4226 2424 4299 Χριστοῦ
2457 4230 2566 4281 πᾶν
2594 4230 2720 4296 γόνυ
2744 4229 2958 4300 κάμψῃ,
2982 4229 3342 4299 ἐπουρανίων,
3374 4233 3468 4282 καὶ
3491 4230 3770 4297 ἐπιγείων,

2188 4320 2281 4373 καὶ
2308 4321 2702 4390 καταχθονίων*
2727 4322 2823 4373 καὶ
2847 4324 2998 4375 πᾶσα
3024 4321 3248 4390 γλῶσσα
3280 4322 3769 4392 ἐξομολογήσηται,

2188 4411 2269 4463 ὅτι
2302 4411 2505 4473 Κύοιος
2546 4411 2751 4475 Ἰτσοῦς
2783 4412 3038 4477 Χριστός.
3076 4412 3123 4484 ι]

2782 4548 3035 4601 ΚΕΦΛΛ.
3078 4549 3179 4603 lA'.

2258 4680 2368 4734 Καὶ
2398 4682 2480 4745 τίς
2523 4681 2589 4734 ἂν
2619 4684 2790 4736 νοοῖτο
2824 4699 3006 4746 παλιν,
3039 4700 3120 4746 ον,
3151 4682 3248 4746 ὥς,
3279 4699 3342 4750 γε
3368 4683 3561 4743 οἴεται,
3588 4682 3765 4737 σέϐειν

2183 4773 2457 4843 ὁμολογεῖ,
2488 4775 2582 4828 καὶ
2624 4777 2689 4846 τῇ
2724 4774 2859 4847 πρὸς
2885 4775 3017 4828 Θεὸν
3046 4774 3301 4845 ὁμοιώσει
3327 4776 3493 4845 τιμᾷν
3537 4775 3767 4845 ὑποκρί-

2183 4881 2333 4917 νεται
2355 4903 2370 4928 ,
2402 4864 2435 4935 ἢ
2466 4865 2672 4928 ἐκεῖνός
2715 4882 2818 4918 που
2857 4866 3097 4929 πάντως,
3139 4865 3199 4917 ὃν
3242 4866 3445 4936 ἀρτίως
3473 4868 3604 4936 ἡμῖν
3633 4866 3769 4919 ὠνό-

2185 4953 2377 5024 μαζεν,
2407 4956 2508 5008 οὐκ
2544 4953 2641 5008 οἷδ’
2674 4956 2757 5009 ὅτι
2784 4956 2981 5025 λέγων,
3004 4959 3103 5027 τῆς
3134 4955 3283 5019 θείας
3314 4957 3615 5027 συνήγορον
3644 4959 3763 5029 ἦτοι

2179 5049 2440 5119 συνεργὸν
2495 5048 2819 5112 αὑθεντίας·
2865 5050 2927 5103 ὃν
2968 5052 3035 5121 τῇ
3061 5049 3292 5118 Θεότητι
3321 5052 3763 5120 συμπροσκυνεῖο

2177 5141 2298 5195 σθαι
2326 5142 2436 5194 δεῖν
2463 5142 2703 5213 ἀνοήτως
2749 5143 3006 5211 ἔφασκεν,
3041 5142 3119 5205 ὡς
3144 5141 3330 5213 ἕτερον
3369 5142 3499 5196 ὄντα
3535 5142 3628 5195 καὶ
3664 5142 3765 5195 ιδι-

2171 5232 2283 5296 κῶς
2316 5232 2429 5285 υἱὸν
2460 5232 2613 5304 παρά
2643 5232 2734 5286 τὸν
2762 5232 2855 5286 τοῦ
2878 5232 3014 5285 Θεοῦ
3036 5233 3248 5302 Λόγονς
3278 5232 3450 5286 Αὑτὸν
3484 5232 3577 5285 καὶ
3608 5232 3760 5300 ὑψῶ-

2172 5326 2294 5379 σθαι
2323 5325 2471 5394 λέγει
2502 5326 2652 5397 παρά
2674 5326 2768 5379 τοῦ
2796 5326 2933 5379 Θεοῦ
2983 5326 3077 5379 καὶ
3112 5326 3324 5397 Πατρός
3344 5343 3358 5357 ·
3399 5325 3493 5379 καὶ
3528 5326 3636 5397 μὴν
3664 5325 3760 5378 καὶ

2166 5417 2229 5473 τὸ
2276 5417 2448 5488 ὄνομα
2494 5416 2675 5471 λαϐεῖν
2706 5418 2768 5472 τὸ
2817 5418 2957 5489 ὑπὲρ
3003 5419 3111 5474 πᾶν
3151 5418 3323 5487 ὄνομα
3343 5437 3359 5453 ·
3399 5420 3485 5472 ἴνα
3524 5418 3615 5471 καὶ
3646 5419 3757 5470 πᾶν

2167 5513 2315 5584 αὑτῷ
2360 5512 2490 5578 γόνυ
2538 5510 2752 5584 κάμψῃ,
2786 5510 3144 5582 ἐπουρανίων,
3186 5512 3281 5565 καὶ
3331 5511 3605 5580 ἐπιγείων,
3659 5508 3756 5565 καὶ

2320 5718 2365 5749 ⁸³
2396 5716 2550 5772 Joan.
2581 5731 2697 5783 vin,
2726 5716 2812 5770 40.
2891 5717 2936 5748 ⁵³
2968 5715 2985 5768 Ι
3016 5717 3140 5772 Cor.
3174 5733 3287 5783 vnt,
3317 5718 3367 5772 6.
3444 5720 3486 5749 ⁵⁵
3515 5717 3750 5787 Philipp.
