4054 6332
288 335 379 388 {Gl
1425 335 1796 393 ADVERSUS
1833 337 2253 398 NESTORIUM
2295 343 2427 398 LIB.
2469 343 2534 402 Il.

3465 349 3569 406 102

282 448 693 518 καταχθονίων·
748 450 841 502 καὶ
902 451 1050 503 πᾶσα
1119 449 1337 518 γλῶσσα
1395 450 1867 524 ἐξομολογήσηται,

1986 459 2241 514 ﬂectatur
2293 462 2620 526 caelestium,
2659 461 2994 515 terrestrium
3029 471 3082 518 ct
3119 463 3475 530 iul‘ernorum,
3511 475 3568 520 et

280 543 364 594 ὅτι
412 541 617 610 Κύριος
671 541 879 610 Ἰησοῦς
923 542 1176 611 Χριστός.
1215 543 1278 593 Εἰ
1313 543 1409 611 μὲν
1459 541 1549 596 οὖν
1579 543 1712 596 Θεὸν
1748 545 1878 598 ὄντα

280 632 424 685 κατὰ
457 632 640 701 φύσιν,
671 636 764 684 καὶ
788 634 892 703 πρὸ
921 635 1021 702 τῆς
1051 633 1237 686 ἐνθάδε
1261 633 1561 704 λεγομένης
1592 635 1875 706 ύψώσεως,

280 724 417 794 ὑψοῦ
453 724 700 778 τέθεικεν
746 728 774 778 ὁ
810 726 1033 796 Πατήρ⁹
1071 725 1163 778 τὸν
1210 726 1311 796 τῆς
1358 728 1559 796 μεταξὺ
1608 729 1879 782 ταπεινώ-

281 835 421 882 σεως
475 817 1061 890 πολυπραγμονοῦντες
1107 817 1340 888 τρόπον,
1390 819 1700 889 οἰκονομίαν
1753 821 1879 874 τινὰ

280 911 452 980 σοφὴν
495 911 821 981 εὑρήσομεν,
864 910 984 963 καθ’
1010 912 1076 979 ἣν
1120 911 1390 983 ἀδοξήσας
1432 913 1519 966 διὰ
1565 915 1753 984 μέσου,
1785 915 1878 983 γέ-

277 1019 404 1070 γονε
436 1003 602 1056 πάλιν
631 1005 690 1054 ὲν
728 997 808 1066 οἷς
837 998 904 1073 ἦν
944 1004 1031 1056 ἀεὶ
1063 1007 1158 1056 καὶ
1187 1005 1460 1068 οὑσιωδῶς
1491 1009 1875 1078 ἐνυπάρχουσι,

277 1094 373 1146 καὶ
396 1095 632 1158 ὲν-ιδίοις
661 1093 877 1162 άληθῶς
903 1093 1214 1164 ὑψώμασιν.
1246 1096 1306 1147 Εἰ
1336 1097 1393 1149 δὲ
1425 1097 1581 1150 τοῦτο
1616 1099 1713 1167 μὲν
1735 1099 1872 1169 οὑχὶ,

276 1185 531 1256 καθάπερ
557 1181 650 1238 οὖν
671 1185 842 1238 οἴεται
874 1186 966 1238 καί
1006 1203 1172 1256 φησιν
1196 1204 1208 1217 ·
1237 1186 1432 1258 ¹ἕτερον
1475 1187 1534 1240 δέ
1573 1205 1693 1240 τινα
1725 1188 1876 1258 παρὰ

273 1278 369 1330 τὸν
390 1277 485 1331 τοῦ
515 1277 650 1330 Θεοῦ
685 1278 858 1345 Λόγον
888 1277 980 1330 τὸν
1013 1277 1162 1348 αὑτῷ
1189 1280 1530 1349 συνημμένον
1568 1273 1874 1350 ἄνθρωπον,

276 1371 656 1442 προσκυνητὸν
715 1371 971 1442 ἐποίησεν
1003 1370 1221 1442 οὐρανῷ
1262 1388 1321 1423 τε
1369 1373 1462 1423 καὶ
1491 1375 1584 1442 γῇ,
1632 1374 1728 1425 καὶ
1766 1376 1876 1437 τοῖς

271 1464 357 1516 ἔτι
385 1463 714 1535 κατωτέρω·
747 1463 1134 1534 τεθεοποίηκεν
1166 1462 1276 1531 ἄρα
1319 1463 1440 1516 καθ’
1475 1465 1623 1535 ἡμᾶς
1663 1465 1875 1534 ἄνθρωη

273 1575 399 1622 πον,
439 1559 748 1611 αἰτιάσεται
787 1557 845 1610 δὲ
887 1558 1055 1628 ἡμᾶς,
1083 1555 1184 1608 οὑκ
1225 1556 1305 1609 ἔτι
1333 1559 1391 1609 ἐν
1427 1556 1504 1628 τῷ
1551 1557 1741 1628 κόσμῳ
1766 1557 1876 1610 λοι-

272 1651 398 1714 πὸν,
429 1648 502 1712 ῶς
546 1648 813 1702 θεοποιεῖν
838 1648 1120 1710 ἐθέλοντας
1145 1647 1236 1701 τὸν
1275 1649 1375 1702 οὐκ
1399 1649 1528 1702 ὄντα
1566 1648 1722 1716 Θεὸν,
1750 1649 1873 1703 καί·

271 1759 358 1794 τοι
397 1740 515 1794 δέον
554 1741 818 1794 ἀνάπτειν
857 1740 1007 1808 αὑτῷ
1033 1738 1112 1808 τῷ
1140 1738 1259 1810 Θεῷ
1291 1742 1386 1794 καὶ
1439 1740 1616 1811 Πατρὶ
1643 1741 1743 1811 τῆς
1787 1741 1875 1793 ἐπ’

273 1832 425 1904 αὑτῷ
444 1832 508 1903 δὴ
531 1832 708 1902 τούτῳ
731 1831 1112 1902 πλημμελείας
1136 1835 1203 1886 τὰ
1224 1832 1566 1903 ἐγκλήματα.
1594 1833 1736 1904 Ὅρα
1758 1831 1870 1905 [ισ.
1905 1819 1947 1874 Β

271 1923 400 1996 ὁρᾷ]
440 1924 506 1996 δὴ
550 1919 665 1987 οὖν,
714 1926 744 1978 ὁ
787 1924 1180 1995 χριστομαθὴς,
1208 1926 1329 1978 ὅποι
1368 1925 1498 1978 ποτὲ
1542 1923 1694 1993 αὑτῷ
1733 1925 1874 1978 διεκ-

272 2015 528 2070 παίουσιν
606 2016 719 2088 [τον.
777 2016 1266 2083 διεκπαιδεύουσιν,
1313 2016 1376 2086 ἢ,
1441 2016 1869 2090 διεκπταίουσιν]

271 2111 322 2162 οί
348 2110 497 2179 λόγοι
521 2127 536 2142 ο
566 2110 661 2163 καὶ¹
697 2108 766 2162 τὰ
789 2110 856 2162 ὲκ
877 2112 978 2181 τῆς
1008 2110 1251 2181 ἀκράτου
1289 2111 1521 2180 ταυτησὶ
1551 2109 1870 2174 δυσϐουλίας

270 2203 586 2272 εὑρήματα,
618 2201 756 2272 πρὸς
790 2205 942 2256 ποῖον
988 2202 1138 2274 αὑτῷ
1183 2203 1435 2274 καταίρει
1460 2202 1638 2272 λόγον.
1678 2205 1871 2274 Ἡμεῖς

275 2297 376 2366 μὲν
417 2296 528 2367 γάρ
571 2295 703 2348 Θεὸν
732 2296 861 2350 ὄντα
907 2296 1050 2350 κατὰ
1090 2297 1253 2366 φύσιν
1291 2297 1382 2350 τὸν
1422 2297 1571 2360 Υἱὸν,
1601 2299 1867 2365 τουτέστι,

269 2389 363 2441 τὸν
403 2391 468 2442 ἐκ
518 2389 614 2442 τοῦ
664 2389 801 2443 Θεοῦ
843 2390 1060 2462 Πατρὸς
1086 2391 1283 2458 Λόγον,
1319 2391 1643 2444 καθικέσθαι
1690 2393 1869 2462 φαμὲν

271 2481 350 2543 εἰς
385 2480 631 2534 ἑκούσιον
661 2480 924 2535 κένωσιν·
974 2483 1333 2551 άναφοιτῆσαι
1367 2483 1426 2536 δὲ
1473 2479 1540 2536 αὖ
1586 2483 1680 2537 καὶ
1731 2483 1868 2554 μετὰ

275 2572 474 2644 σαρκὸς
496 2575 577 2637 εἰς
601 2573 662 2626 τὸ
693 2573 791 2643 τῆς
822 2573 1050 2644 ἐνούσης
1082 2574 1357 2644 ὑπεροχῆς
1386 2573 1536 2643 αὑτῷ
1564 2575 1868 2646 θεοπρεπὲς

270 2663 510 2730 ἀξίωμα.
545 2665 940 2735 Προσκυνεῖται
973 2664 1083 2735 γάρ
1111 2666 1206 2717 καὶ
1245 2664 1384 2735 μετὰ
1411 2664 1634 2735 σαρκὸς,
1667 2666 1743 2728 ὡς
1775 2667 1868 2719 καὶ

271 2757 381 2828 πρὸ
408 2757 576 2828 αὐτῆς
619 2757 880 2828 ὑπάρχων
921 2756 1331 2830 προσκυνητός·
1379 2752 1448 2828 ἦν
1491 2757 1603 2828 γὰρ
1651 2758 1745 2810 καὶ
1787 2757 1867 2810 ἔτι

272 2847 384 2920 [ιον.
416 2846 554 2919 ἐστι]
601 2847 743 2902 κατὰ
780 2849 942 2917 φύσιν
971 2848 1126 2915 Θεὸς,
1153 2850 1250 2902 καὶ
1281 2847 1386 2918 πρὸ
1417 2848 1518 2918 τῆς
1558 2846 1864 2913 κενώσεως,

273 2940 370 2994 καὶ
417 2941 507 2994 ὅτε
560 2941 658 3012 την
718 2941 947 2995 κένωσιν
997 2941 1286 3011 ὑπομεῖναι
1333 2940 1573 3009 λέγεται,
1625 2941 1865 3010 γεγονὼς

272 3031 395 3085 καθ’
439 3032 606 3101 ἡμᾶς.
653 3031 714 3084 '0
752 3031 807 3084 δὲ
850 3031 960 3085 τῶν
987 3031 1128 3085 οὕτω
1173 3031 1386 3085 σεπτῶν
1424 3032 1520 3084 καὶ
1557 3031 1866 3104 ὰκισδήλων

269 3124 562 3193 δογμάτων
592 3123 898 3194 ὑπερορῶν,
927 3123 1230 3196 ,ἄνθρωπον
1265 3124 1524 3178 συνάπτει
1558 3123 1678 3194 Θεῷ
1723 3126 1865 3178 κατά

271 3232 337 3283 γε
369 3215 469 3286 τὴν
498 3214 698 3281 ἔξωθεν
726 3215 941 3286 σχέσινο
992 3216 1086 3269 καὶ
1117 3217 1193 3279 ὡς
1227 3217 1284 3269 ὲν
1315 3216 1520 3286 ἰσότητι
1550 3217 1652 3287 τῆς
1682 3217 1861 3285 ἀξίας,

270 3306 369 3360 καὶ
393 3305 470 3370 ὡς
499 3307 681 3378 ἕτερον
708 3307 879 3378 ἑτέρῳ
909 3311 1349 3378 συμπροσκυνεῖν
1382 3312 1480 3365 οὑκ
1526 3309 1858 3380 αἰσχύνεται.

269 3399 610 3452 Διατείνεται
649 3399 729 3467 δὲ,
762 3401 946 3471 φησὶν,
976 3400 1052 3463 ὡς
1082 3400 1247 3471 ἁηθές
1269 3419 1322 3453 τι
1352 3403 1447 3454 καὶ
1470 3402 1644 3468 ξένον,
1674 3402 1769 3455 καὶ
1789 3401 1866 3465 ὡς

270 3495 330 3556 ἐγ
370 3492 591 3564 χάριτος
635 3493 800 3564 μοίρᾳ
841 3492 1028 3545 λαϐεῖν
1071 3492 1135 3545 τὸ
1176 3492 1392 3564 κάμψαι
1451 3511 1512 3548 τε
1559 3493 1706 3564 αὑτῷ
1755 3495 1866 3546 πᾶν

268 3584 425 3652 γόνυ,
454 3585 549 3637 καὶ
574 3585 679 3655 μὴν
718 3586 812 3638 καὶ
859 3583 920 3637 τὸ
947 3587 1126 3638 πᾶσαν
1153 3583 1656 3657 ἐξομολογήσασθαι
1685 3585 1864 3654 γλῶσ-

270 3694 394 3741 σαν,
423 3677 506 3730 ὅτι
554 3675 760 3747 Κύριος
815 3675 1021 3747 Ἰησοῦς
1065 3677 1319 3748 Χριστός.
1348 3680 1457 3732 Καὶ
1490 3681 1538 3732 εἰ
1570 3681 1666 3750 μὲν
1704 3681 1864 3748 φύσει

267 3770 405 3823 Θεὸν
449 3769 701 3838 γενέσθαι
730 3770 835 3840 φὴς
861 3767 971 3841 [ton
1007 3769 1192 3842 φησὶν]
1232 3771 1416 3837 αὑτὸν,
1446 3772 1863 3844 δεδυσφήμηκεν

268 3862 550 3934 ἐναργῶς,
604 3861 870 3932 γεννητὴν
913 3858 1053 3916 εἶναι
1101 3862 1275 3931 λέγων
1319 3863 1420 3935 τὴν
1459 3867 1559 3936 τῆς
1590 3865 1864 3936 Θεότητος

270 3953 455 4021 φύσιν.
505 3953 568 4004 El
603 3951 661 4005 δὲ
705 3951 907 4022 ἥκιστα
951 3953 1050 4022 μὲν
1081 3953 1223 4008 κατά
1258 3952 1441 4022 φύσιν,
1483 3955 1636 4008 δοτὸν
1665 3955 1721 4008 δὲ
1767 3955 1863 4009 καὶ

271 4043 509 4116 θύραθεν
558 4043 747 4097 ἑλόντα
775 4045 837 4096 τὸ
874 4043 1110 4116 ἀξίωμα,
1157 4046 1251 4099 καὶ
1295 4045 1371 4108 ὡς
1411 4047 1468 4100 ὲν
1506 4047 1642 4118 μόνῃ
1686 4051 1859 4119 φωνῇ,

268 4139 392 4201 πῶς
433 4137 534 4192 οὑκ
580 4137 754 4191 ἐκεῖνό
796 4154 962 4208 φησιν
1009 4138 1273 4209 ἐναργῶς,
1303 4140 1384 4191 ὅτι
1426 4137 1862 4210 λελατρεύκαμεν

268 4232 352 4302 τῷ
403 4231 479 4302 μὴ
515 4231 678 4300 φύσει
704 4229 825 4300 Θεῷ
847 4271 863 4296 ,
908 4230 1002 4282 καὶ
1035 4231 1132 4283 σὺν
1161 4231 1317 4301 ἡμῖν,
1366 4231 1441 4294 ὡς
1481 4231 1650 4294 ἔοικε,
1696 4232 1792 4285 καὶ
1825 4235 1859 4303 ἠ

268 4324 382 4378 τῶν
423 4325 534 4378 ἄνω
559 4324 887 4394 πνευμάτων
921 4322 1266 4393 πεπλάνηται
1301 4323 1480 4394 νῆψις,
1517 4325 1610 4378 καὶ
1653 4324 1860 4378 τούτων

268 4420 407 4489 ἡμῖν
437 4417 598 4481 αὐτὸς
637 4419 666 4470 ὁ
694 4415 886 4487 Πατὴρ
911 4417 1004 4468 καὶ
1027 4416 1170 4486 ἁρχὴ
1197 4416 1291 4468 καὶ
1325 4416 1595 4487 πρόφασις
1620 4433 1636 4482 ;
1690 4415 1858 4468 Ἐπὰν

266 4504 365 4561 οὖν
395 4505 506 4578 [Ion
538 4506 654 4567 πῶς
679 4501 793 4577 οὖν]
826 4505 904 4558 ἔτι
940 4505 1356 4576 διαμωμήσαιτο
1379 4507 1502 4569 τοὺς
1524 4508 1654 4578 παρ’
1696 4508 1859 4560 αὑτὸν

267 4605 339 4672 τῇ
379 4601 554 4654 κτίσει
596 4602 922 4671 προσκυνεῖν
959 4599 1299 4670 ᾑρημένουςς
1343 4598 1614 4671 γράφεται
1641 4597 1699 4650 δὲ
1740 4597 1858 4650 ἀνθ’

267 4699 395 4749 ὅτου
419 4693 638 4757 κολάζει
667 4690 777 4765 (ll)
807 4692 933 4754 τοὺς
963 4689 1436 4760 πεπλανημένους,
1475 4691 1523 4743 εξ
1552 4692 1665 4752 τοῖς
1694 4688 1858 4742 αὑτοῦ

268 4786 503 4857 νεύμασι
528 4783 868 4853 πεπλάνηται
890 4781 1001 4854 [ῖσ.
1031 4780 1450 4852 πεπλάνηνται],
1486 4780 1859 4852 προσκυνητὸν

267 4882 404 4950 ἡμῖν
430 4879 810 4948 ἀποφήναντος
841 4875 932 4927 τὸν
959 4875 1057 4928 οὑκ
1083 4875 1212 4927 ὄντα
1243 4872 1400 4943 φύσει
1428 4873 1596 4938 Θεὸν;
1641 4871 1857 4944 Ἐπειδὴ

266 4974 328 5026 δὲ
347 4969 676 5042 παρατιθεὶς
700 4968 762 5021 τὸ
789 4968 951 5039 ῥητὸν
977 4969 1034 5021 ὲν
1055 4967 1287 5032 τούτοις,
1319 4967 1462 5036 φημὶ
1480 4965 1550 5034 δὴ
1567 4966 1628 5018 τὸ
1651 4967 1708 5017 ὲν
1733 4981 1858 5034 χερ-

268 5066 358 5118 σὶν
378 5104 393 5128 ,
433 5066 516 5116 ὅτι
556 5061 706 5132 αὑτῷ
729 5062 937 5132 κάμψει
980 5062 1093 5114 πᾶν
1123 5061 1251 5128 γόνυ
1273 5100 1287 5122 ,
1323 5061 1418 5113 καὶ
1452 5062 1602 5112 πᾶσα
1631 5059 1855 5126 γλῶσσα

265 5156 848 5226 ἑξομολογήσεται,ὕτι
873 5153 1076 5226 Κύριος
1115 5150 1319 5223 Ἰησοῦς
1342 5151 1598 5223 Χριστὸς,
1634 5150 1852 5219 παρῆκε

264 5251 328 5302 τὸ
349 5250 536 5302 λεῖπον
561 5250 655 5301 καὶ
680 5247 877 5318 ἐφεξῆς
901 5245 1213 5314 ἀναγκαίως
1243 5244 1320 5314 τῷ
1366 5244 1620 5314 μακαρίῳ
1656 5243 1854 5314 Παύλῳ

267 5340 882 5412 προσεπενηνεγμένον,
941 5338 1040 5392 οὑκ
1100 5332 1195 5390 07.6‘
1243 5337 1325 5389 ὅτι
1377 5334 1848 5405 διενθυμούμενος,

267 5433 404 5503 φέρε
447 5430 781 5500 προσθέντες
819 5432 979 5501 ἡμεῖς
1017 5430 1192 5482 ἐκεῖνο
1232 5426 1508 5497 λέγωμεν·
1554 5444 1572 5476 ι
1635 5424 1854 5489 Ἐξομο-

1981 552 2160 606 omnis
2188 553 2364 622 lingua
2396 553 2740 618 conﬁteatur,
2772 554 2896 624 quia
2929 555 3183 608 Dominus
3215 555 3370 610 Jesus
3400 557 3565 610 Chri-

1982 651 2113 696 stus.
2146 644 2202 697 Si
2233 644 2398 713 igitur
2426 644 2588 696 Deum
2611 645 2719 710 jam
2748 660 2813 699 ex
2845 659 3036 699 natura
3057 687 3070 708 ,
3097 646 3260 700 etiam
3290 656 3416 700 ante
3443 661 3563 701 eam

1982 749 2101 801 qua:
2131 735 2218 789 hic
2246 737 2444 789 dicitur
2469 736 2873 799 emtltationem,
2907 737 2960 791 in
2992 738 3208 792 sublimi
3239 739 3415 808 posuit
3450 739 3564 806 ipse

1983 823 2166 889 l’ater,
2192 827 2407 881 modum
2438 826 2610 893 ipsum
2641 826 3029 882 humiliatimnis
3056 828 3388 883 intertnediw
3411 844 3562 882 scru-

1985 927 2181 980 tantes,
2226 919 3010 988 dispensatimiem.quamdam
3057 920 3354 988 sapientem
3397 919 3565 974 fuisse

1983 1009 2319 1076 reperiemus
2347 1029 2359 1062 :
2389 1025 2664 1078 perquam
2693 1026 2815 1064 cum
2847 1011 3047 1066 interea
3079 1013 3339 1082 inglorius
3389 1013 3564 1067 lactus

1981 1110 2158 1162 esset,
2196 1115 2382 1152 rursus
2413 1101 2478 1152 ad
2510 1116 2571 1153 ea
2605 1100 2656 1153 in
2689 1101 2884 1168 quibus
2919 1117 3133 1169 semper
3165 1103 3371 1165 fuerat,
3401 1113 3455 1155 et
3486 1102 3558 1156 illi

1979 1193 2338 1246 essentialiter
2373 1193 2609 1253 inerant,
2651 1203 2704 1246 et
2746 1193 2811 1245 ad
2855 1209 3004 1247 suam
3044 1209 3220 1248 veram
3263 1196 3561 1249 sublimita-

1983 1293 2088 1337 tem
2120 1285 2299 1340 rediit.
2332 1286 2483 1351 Quod
2513 1286 2556 1339 si
2593 1301 2695 1338 non
2732 1287 2803 1338 ita
2837 1295 2952 1348 est,
2983 1297 3037 1338 ut
3072 1287 3184 1356 ipse
3217 1298 3365 1356 putat
3394 1297 3448 1342 et
3478 1286 3562 1340 di-

1978 1374 2074 1437 cit,
2105 1374 2265 1429 alium
2293 1390 2419 1430 vero
2447 1379 2735 1444 quemdam
2767 1377 2866 1445 ipsi
2899 1379 3252 1448 conjunctum
3283 1379 3556 1433 hominem

1980 1476 2176 1535 praeter
2201 1467 2375 1534 ipsum
2410 1467 2501 1520 Dei
2527 1466 2786 1529 Verbum,
2819 1470 2957 1523 caalo
2986 1480 3040 1523 et
3072 1479 3230 1524 terrae
3260 1479 3314 1524 et
3341 1470 3562 1524 inferio-

1979 1560 2129 1614 ribus
2155 1560 2318 1614 etiam
2349 1560 2593 1630 partibus
2623 1561 2953 1616 adorandum
2987 1561 3132 1626 fecit,
3163 1578 3293 1633 ergo
3323 1564 3558 1618 similem

1979 1654 2147 1706 nostri
2185 1653 2458 1708 hominem
2495 1653 2790 1721 deillcavit,
2829 1670 3004 1724 neque
3039 1657 3218 1710 adhuc
3253 1657 3409 1712 nobis
3435 1657 3562 1724 iure

1977 1744 2111 1799 vitio
2140 1754 2351 1799 vertere
2379 1746 2597 1815 poterit.
2628 1749 2782 1815 quasi
2813 1762 2936 1800 eum
2967 1749 3056 1817 qui
3088 1762 3191 1801 non
3223 1756 3365 1802 esset
3393 1747 3559 1811 Deus,

1976 1838 2229 1892 tleilicare
2259 1838 2610 1901 voluerimus,
2645 1853 2766 1892 cum
2806 1839 2964 1909 hujus
2997 1839 3224 1894 sceleris
3263 1840 3468 1895 crimen
3505 1840 3558 1894 in

1975 1932 2149 2001 ipsum
2185 1931 2348 1986 Deum
2381 1946 2446 1986 ac
2478 1931 2691 1986 Patrem
2726 1932 2796 1985 sit
2826 1933 3241 1986 conferendum.
3271 1933 3422 1987 Videt
3458 1933 3560 2003 igi-

1976 2034 2065 2078 tur
2088 2023 2292 2078 Christi
2325 2023 2602 2078 studiosus
2628 2039 2734 2091 quo
2761 2024 2977 2076 tandem
3004 2023 3122 2092 ejus
3149 2026 3558 2079 sermones'de-

1974 2113 2254 2176 labuntur,
2285 2123 2339 2166 et
2374 2114 2440 2166 ad
2475 2112 2658 2181 qualia
2690 2111 2848 2164 verba
2887 2113 3140 2168 immanis
3178 2113 3333 2181 hujus
3368 2115 3557 2172 stulti-

1973 2209 2060 2262 tize
2098 2216 2398 2262 commenta
2442 2209 2776 2274 perveniunt.
2805 2205 2914 2262 Nos
2951 2209 3093 2262 enim
3137 2208 3312 2276 ipsum
3337 2209 3554 2277 Filium,

1972 2298 2062 2365 qui
2103 2297 2241 2350 Deus
2275 2313 2337 2349 ex
2378 2305 2565 2348 natura
2607 2308 2755 2362 erat,
2792 2298 2893 2352 hoc
2932 2309 3046 2362 est,
3077 2298 3307 2352 Verbum
3343 2314 3412 2353 ex
3447 2299 3558 2352 Deo

1972 2390 2131 2444 Patre
2171 2391 2445 2460 genitum,
2486 2390 2552 2443 ad
2593 2390 2948 2443 voluntariam
2989 2391 3415 2445 exinanitionem
3459 2393 3556 2447 de-

1972 2483 2249 2536 scendisse
2279 2482 2529 2546 dicimus,
2563 2497 2627 2536 ac
2661 2483 2886 2536 rediisse
2920 2500 3105 2536 rursus
3137 2500 3257 2538 cum
3292 2499 3458 2538 carne
3487 2486 3556 2537 ad

1972 2573 2118 2627 illam
2156 2574 2392 2626 divinam
2429 2573 2743 2642 dignitatem
2798 2584 2960 2645 atque
2995 2575 3385 2630 sublimitatem
3437 2593 3558 2644 quae

1973 2666 2044 2719 illi
2079 2665 2276 2718 inerat.
2303 2666 2579 2719 Adoratur
2604 2666 2747 2719 enim
2777 2668 2940 2720 etiam
2971 2682 3093 2721 cum
3123 2683 3310 2733 carne,
3341 2678 3400 2722 ut
3427 2680 3555 2724 ante

1971 2772 2190 2811 carnem
2221 2766 2340 2810 erat
2369 2756 2680 2811 adorandus
2711 2776 2724 2812 :
2753 2767 2872 2813 erat
2899 2760 3040 2814 enim
3067 2769 3123 2816 et
3149 2772 3230 2817 est
3256 2765 3558 2819 secundum

1971 2860 2219 2905 naturam
2252 2849 2396 2904 Deus
2421 2860 2474 2904 et
2503 2860 2627 2904 ante
2654 2851 3109 2919 cxinanitionem,
3139 2865 3193 2910 et
3222 2871 3342 2909 cum
3370 2857 3555 2912 exina-

1972 2944 2231 2998 nitionem
2275 2942 2515 2997 subiisse
2538 2942 2757 3008 dicitur,
2784 2942 2960 2999 factus
2984 2947 3156 3000 nostri
3200 2948 3414 3004 similis.
3454 2947 3558 3005 Iste

1969 3051 2100 3090 vero
2133 3036 2250 3090 haec
2282 3036 2417 3091 adeo
2446 3037 2753 3090 veneranda
2791 3046 3048 3107 rectaque
3082 3039 3330 3109 dogmata
3367 3042 3552 3110 despi-

1961 3129 2120 3184 ciens
2161 3129 2432 3183 hominem
2475 3127 2586 3183 Deo
2624 3129 2901 3199 c0ujnngit
2937 3131 3234 3186 secundum
3274 3144 3553 3190 externam

1969 3221 2364 3286 habitudinem,
2396 3231 2450 3275 et
2486 3230 2738 3290 tanquam
2780 3223 2830 3275 in
2870 3223 2990 3293 ejus
3026 3225 3304 3295 dignitatis
3337 3228 3557 3297 aquali-

1971 3327 2106 3382 ta‘te,
2139 3327 2194 3372 et
2225 3328 2480 3385 tauquam
2515 3315 2744 3369 alterum
2777 3333 2896 3369 cum
2929 3319 3102 3373 altero
3131 3319 3289 3372 simul
3323 3322 3554 3376 adorare

1969 3427 2076 3464 non
2105 3411 2400 3464 erubescit.
2427 3409 2642 3463 Asserit
2663 3421 2864 3475 autem,
2894 3410 3088 3480 inquit,
3114 3412 3260 3466 velut
3285 3413 3553 3468 insuetum

1968 3503 2224 3572 quiddam
2263 3519 2327 3556 ac
2363 3519 2594 3572 novum,
2629 3516 2678 3558 et
2718 3505 2858 3558 velut
2899 3506 3086 3574 gratiae
3124 3505 3242 3559 loco
3278 3507 3556 3576 accepisse

1969 3605 2027 3650 ut
2056 3595 2126 3649 illi
2156 3594 2401 3650 ﬂectatur
2422 3611 2582 3650 omne
2608 3613 2770 3668 genu.
2800 3609 2853 3652 et
2880 3598 3058 3652 omnis
3086 3598 3265 3663 lingua
3293 3600 3556 3654 confitea-

1971 3699 2078 3752 tur,
2104 3689 2227 3756 quia
2253 3689 2510 3742 Dominus
2534 3688 2689 3742 Jesus
2709 3689 2978 3742 Christus.
3008 3689 3083 3743 Ac
3109 3690 3152 3744 si
3184 3690 3329 3744 illutn
3360 3699 3552 3744 natura

1969 3780 2136 3832 Deum
2175 3779 2374 3833 factum
2411 3795 2531 3834 esse
2569 3781 2732 3840 dicit.
2774 3793 2961 3848 aperte
3001 3781 3435 3848 blasphemavit,
3473 3779 3554 3834 fa-

1965 3879 2106 3924 ctam
2151 3885 2271 3923 esse
2314 3869 2502 3923 dicens
2533 3867 2842 3924 Divinitatis
2882 3879 3149 3923 naturam.
3191 3868 3286 3923 Sin
3331 3871 3554 3925 minime

1965 3960 2260 4016 secundum
2302 3969 2588 4024 naturam,
2625 3961 2719 4014 sed
2758 3974 2876 4013 eam
2918 3960 3236 4030 dignitatern
3277 3961 3458 4014 datam
3497 3971 3554 4016 et

1964 4052 2307 4107 extrinsecus
2337 4061 2637 4122 acceptam,
2665 4062 2720 4105 et
2749 4052 2892 4106 velut
2928 4052 2981 4105 in
3010 4051 3122 4106 sola
3150 4067 3282 4108 voce
3311 4054 3548 4124 positam

1965 4144 2256 4209 habuisse,
2285 4144 2556 4212 quomodo
2587 4158 2692 4196 non
2727 4143 2855 4197 illud
2888 4142 3170 4198 evidenter
3196 4147 3420 4213 asserit,
3452 4161 3551 4200 nos

1964 4235 2170 4290 servire
2205 4246 2260 4288 et
2299 4233 2497 4287 cultum
2541 4235 2755 4288 deferre
2796 4234 2844 4287 ei
2888 4234 2980 4303 qui
3027 4233 3135 4304 56
3174 4245 3366 4289 natura
3407 4236 3551 4292 Deus

1966 4344 2070 4380 non
2102 4327 2194 4392 sit,
2225 4335 2279 4380 et
2309 4327 2612 4391 nobiscum,
2643 4335 2701 4379 ut
2730 4341 3067 4395 consequens
3096 4335 3201 4393 est,
3233 4327 3380 4383 illam
3409 4344 3546 4396 quo-

1891 4397 1935 4452 Ῑ)
1966 4434 2071 4488 quc
2111 4433 2466 4486 supernorum
2510 4419 2799 4483 spirituum
2843 4417 3156 4487 pervigilem
3205 4419 3546 4487 prudentiam

1963 4526 2149 4564 errore
2193 4512 2492 4571 seductum,
2537 4519 2588 4562 et
2627 4509 2818 4563 horum
2860 4509 3124 4563 scelerum
3172 4511 3326 4565 nobis
3371 4513 3543 4580 ipsum

1965 4601 2178 4656 Patrem
2230 4602 2440 4654 initium
2485 4612 2538 4654 et
2582 4617 2803 4655 causam
2851 4601 3010 4656 esse?
3056 4600 3336 4668 Quomodo
3383 4603 3547 4670 igitur

1965 4695 2141 4748 adhuc
2170 4693 2349 4762 culpat
2376 4708 2472 4748 eus
2498 4695 2588 4764 qui
2621 4694 2712 4748 illo
2737 4694 2950 4762 abjecto
2976 4705 3285 4750 creaturam
3317 4695 3548 4750 adorare

1967 4783 2311 4837 maluerunt?
2345 4799 2444 4838 cur
2476 4799 2602 4838 vero
2636 4795 2852 4839 accusat
2889 4795 2946 4839 et
2981 4785 3136 4852 punit
3168 4785 3421 4840 seductos
3455 4801 3546 4840 er-

1968 4886 2091 4924 rure
2136 4871 2420 4934 homines,
2464 4873 2506 4924 si
2559 4873 2678 4939 ejus
2727 4884 2860 4927 nutu
2908 4889 2972 4929 ac
3013 4874 3290 4929 voluntate
3335 4873 3543 4931 seducti

1966 4975 2112 5026 sunt,
2144 4980 2265 5018 cum
2299 4980 2421 5017 eum
2455 4965 2544 5032 qui
2580 4983 2684 5020 non
2715 4977 2859 5021 esset
2889 4983 2955 5022 ex
2993 4976 3186 5022 natura
3217 4967 3380 5029 Deus.
3411 4971 3538 5024 ado-

1965 5055 2189 5110 rabilem
2221 5057 2377 5111 nobis
2404 5057 2682 5112 eﬂ‘ecerit?
2711 5058 2819 5113 Sed
2846 5060 2973 5129 quia
3006 5060 3060 5114 in
3094 5059 3177 5115 his
3205 5076 3329 5115 cum
3361 5061 3544 5116 locum

1961 5151 2202 5212 citasset,
2236 5165 2380 5216 eum,
2412 5151 2656 5220 inquam,
2683 5151 2776 5221 qui
2808 5161 2891 5206 est
2926 5152 2977 5204 in
3010 5152 3282 5216 manibus,
3313 5152 3414 5222 ipsi
3449 5153 3545 5208 lle-

1961 5250 2139 5294 ctetur
2183 5253 2346 5294 omne
2392 5255 2570 5308 genu,
2618 5251 2674 5294 et
2719 5241 2896 5294 uninis
2946 5240 3124 5308 lingua
3171 5239 3542 5304 conﬁtebitur,

1960 5332 2086 5400 quia
2143 5330 2401 5385 Dominus
2447 5331 2606 5386 Jesns
2655 5331 2942 5398 Christus;
2991 5331 3178 5386 omisit
3228 5331 3435 5400 reliqua
3487 5341 3543 5385 et

1961 5423 2374 5492 consequentia,
2405 5438 2525 5492 quae
2554 5423 2863 5479 necessario
2891 5438 2919 5476 a
2951 5423 3112 5478 beato
3142 5421 3307 5479 Paulo
3336 5419 3543 5491 adjecta

1543 5601 1702 5657 ANT.
1745 5599 2016 5656 AGELLII
2052 5599 2287 5655 ΝΟΤᾸΞ.

336 5771 452 5842 (ιι)
482 5769 789 5841 chendum
828 5769 1058 5832 videtur,
1095 5766 1189 5820 καὶ
1217 5763 1452 5828 κολάζει.
