4054 6332
473 311 577 364 105

467 425 719 485 fuerant;
754 432 988 487 quonam
1027 417 1077 469 id
1114 414 1337 468 consilio
1376 412 1603 473 fecerit,
1643 413 1823 465 nescio
1860 429 1874 464 :

466 515 785 582 adjiciamus
820 526 917 564 nos
950 509 1055 569 illa,
1090 522 1152 558 ar.
1186 508 1426 560 dicamns
1460 522 1471 557 :
1512 523 1530 554 ι
1568 505 1874 557 Conlitetur
1902 502 2045 554 enim

462 608 641 662 omnis
677 606 879 671 lingua,
919 602 1042 670 quia
1085 601 1342 653 Dominus
1376 597 1532 652 Jesns
1563 597 1812 652 Christus
1849 596 1900 650 in
1936 595 2047 664 glo-

465 697 599 749 riam
647 693 737 746 Dei
780 692 976 744 Patris.
1020 708 1038 739 ι
1082 687 1246 757 Igitur
1284 688 1328 741 si
1372 699 1563 740 natura
1607 685 1751 739 Deus
1793 701 1896 738 non
1941 694 2043 746 est,

464 790 559 843 sed
594 797 815 856 propter
847 784 1283 851 conjunctionem
1322 781 1745 835 habitudinalcm
1782 794 1885 847 qua
1917 783 2045 845 jun-

465 890 585 935 ctus
624 889 708 933 est
753 894 872 931 cum
914 875 1022 929 Deo
1060 874 1257 935 Verbo,
1298 872 1513 926 adorari
1561 872 1708 924 illum
1753 870 1885 924 dicit
1923 881 1976 923 et
2017 886 2045 923 a

466 971 649 1035 nobis,
684 978 737 1021 et
768 986 795 1021 a
827 966 1035 1021 sanctis
1065 965 1303 1034 angelis,
1332 980 1460 1033 ergo
1488 964 1671 1033 gloria:
1700 962 1892 1016 modus
1924 961 2044 1029 qni-

465 1064 586 1114 dam
630 1074 657 1110 a
700 1056 861 1110 Patre
906 1056 1156 1107 inventus
1200 1064 1282 1107 cst
1328 1055 1378 1106 in
1428 1069 1493 1105 eo
1534 1052 1677 1121 quod
1719 1051 1877 1105 simul
1924 1065 2044 1103 cum

467 1152 585 1221 ipso
622 1149 873 1203 deilicata
912 1154 996 1198 est
1034 1154 1280 1197 creatura
1320 1162 1333 1197 :
1375 1145 1448 1196 ita
1493 1144 1692 1197 frustra
1740 1142 2047 1212 indignatus

465 1254 547 1294 est
579 1239 901 1309 quibusdam
937 1247 995 1287 ut
1022 1236 1113 1302 qni
1150 1237 1251 1287 hoc
1286 1234 1539 1288 fecissent
1572 1252 1585 1287 :
1620 1235 1759 1301 quod
1792 1233 1834 1286 si
1866 1248 1925 1286 ea
1962 1248 2047 1284 res

470 1333 544 1386 illi
577 1331 759 1401 gloriae
789 1329 911 1390 fuit,
942 1326 1213 1395 quomodo
1244 1342 1346 1379 non
1376 1341 1589 1395 acquum
1623 1326 1721 1378 fuit
1750 1324 1967 1394 praemia
1996 1332 2049 1376 et

466 1425 653 1478 laudes
682 1430 735 1475 et
763 1419 990 1488 gloriam
1027 1416 1133 1469 illis
1163 1417 1458 1484 rependere
1488 1416 1576 1485 qui
1612 1417 1660 1469 id
1695 1414 1870 1468 facere
1900 1414 2053 1467 insti-

467 1515 737 1572 tuissent?
770 1511 877 1565 Sed
916 1509 1104 1561 dicent
1135 1505 1370 1562 fortasse
1403 1526 1416 1561 :
1448 1506 1727 1573 Quomodo
1757 1504 1904 1559 Patri
1937 1505 2049 1574 glo-

472 1610 565 1662 riw
605 1607 709 1661 erit
750 1614 809 1658 ut
849 1603 1188 1662 Etnmanueli
1231 1616 1391 1655 omne
1422 1617 1560 1670 genu
1596 1599 1879 1654 flectatur?
1912 1598 2050 1663 Quia

472 1699 706 1755 Verbum
740 1713 861 1753 cum
894 1697 966 1751 sit
997 1696 1138 1750 Dens
1171 1710 1267 1765 per
1293 1704 1564 1758 naturam,
1597 1703 1651 1747 et
1682 1708 1745 1745 ex
1775 1693 1913 1761 ipso,
1950 1693 2051 1745 lioc

1455 300 1513 351 S.
1556 296 1823 351 CVRILLI
1862 291 2330 348 ALEXANDRINI
2372 290 2694 347 AlilllllEP.

3637 295 3739 372 itu

1914 427 2010 479 33H
2032 455 2046 473 .
2079 417 2122 469 Δ
2153 408 2390 475 λογεῖται
2422 409 2530 478 γὰρ
2567 411 2715 460 πᾶσα
2746 408 2983 475 γλῶσσα,
3009 406 3088 459 ὅτι
3118 407 3320 477 Κύριος
3381 404 3585 477 Ἰησοῦς
3614 410 3745 477 Χρι-

2154 497 2296 559 στὸς,
2330 499 2409 559 είς
2450 498 2607 561 δόξαν
2644 496 2779 549 Θεοῦ
2822 496 3053 566 Πατρός.
3092 516 3110 548 ι
3152 496 3361 549 Οὐκοῦν
3389 500 3435 550 εί
3482 497 3556 567 μὴ
3584 499 3744 565 φύσει

2150 588 2281 651 Θεός
2326 590 2461 652 ἐστι,
2515 590 2602 642 διὰ
2644 590 2939 656 συνάφειαν
2968 589 3025 641 δὲ
3070 588 3347 658 σχετικὴν,
3389 587 3490 656 τὴν
3520 588 3655 659 πρός
3680 605 3745 657 γε

2152 681 2295 750 φημὶ
2324 681 2412 733 τὸν
2441 683 2503 732 ὲκ
2543 680 2677 732 Θεοῦ
2706 680 2900 748 Λόγον,
2934 681 3354 750 προσκυνεῖσῦαί
3384 697 3548 750 φησιν
3586 682 3747 732 αὑτὸν

2153 774 2287 843 πρός
2314 792 2373 825 τε
2407 773 2564 843 ἡμῶν
2605 773 2805 837 αὐτῶν,
2835 774 2929 826 καὶ
2970 772 3078 826 τῶν
3118 773 3292 841 ἁγίων
3338 773 3586 840 ἀγγέλων
3607 789 3619 802 ο
3650 775 3742 823 εὑ-

2154 865 2337 929 κλείας
2368 883 2454 929 τις
2485 864 2592 936 ἄρα
2635 864 2836 935 τρόπος
2873 865 3162 936 ἐξεύρηται
3192 864 3270 934 τῷ
3297 864 3492 934 Πατρὶ,
3519 864 3595 933 τῷ
3626 863 3744 915 θεο-

2154 956 2426 1009 ποιεῖσθαι
2455 956 2551 1010 σὺν
2573 955 2723 1025 αὐτῷ
2744 957 2842 1028 τὴν
2888 957 3092 1009 κτίσιν·
3120 957 3211 1009 καὶ
3238 955 3538 1025 λελύπηται
3570 956 3746 1024 μάτην

2154 1044 2246 1096 ὲπί
2267 1061 2428 1109 τισιν,
2463 1044 2537 1107 ὡς
2571 1044 2729 1097 τοῦτο
2757 1045 3079 1115 πεποιηκόσι
3099 1062 3112 1075 ο
3138 1045 3232 1097 καὶ
3262 1047 3311 1098 εί
3334 1045 3471 1115 πρὸς
3499 1045 3747 1108 εὐκλείας

2151 1131 2219 1205 ἦν
2276 1136 2336 1187 τὸ
2382 1136 2571 1206 χρῆμα
2635 1136 2819 1206 αὐτῷ,
2870 1136 2987 1198 πῶς
3047 1135 3147 1187 οὐκ
3202 1135 3309 1187 ἔδει
3369 1136 3463 1188 καὶ
3512 1134 3747 1205 ἀμοιϐῆς

2152 1226 2355 1291 ἀξιοῦν,
2395 1226 2616 1279 ἐπαίνου
2663 1246 2720 1280 τε
2758 1228 2850 1279 καὶ
2887 1226 3063 1296 δόξης,
3104 1227 3229 1289 τοὺς
3258 1226 3415 1279 τοῦτο
3446 1227 3578 1297 δρᾷν
3608 1228 3746 1296 ἠρη-

2156 1317 2383 1386 μένους;
2440 1316 2576 1367 Ἀλλ’
2629 1318 2758 1379 ἴσως
2802 1318 2980 1369 ἐκεῖνο
3030 1319 3184 1385 φαῖεν
3232 1317 3329 1376 ἂν,
3384 1314 3517 1369 Τίνα
3546 1316 3747 1383 τρόπον

2154 1407 2291 1478 πρὸς
2319 1407 2569 1469 εὐκλείας
2605 1408 2759 1460 ἔσται
2802 1408 2881 1478 τῷ
2911 1409 3086 1478 Πατρὶ
3139 1408 3199 1460 τὸ
3228 1407 3445 1479 κάμψαι
3477 1410 3586 1462 πᾶν
3618 1408 3746 1477 γόνυ

2150 1499 2243 1551 τὸν
2275 1498 2386 1568 [Ζσ.
2422 1498 2522 1570 τῷ]
2584 1499 2968 1571 Ἐμμανουήλ;
3004 1502 3124 1553 Ὅτι
3158 1500 3289 1563 Θεὸς
3316 1499 3391 1553 ὢν
3425 1499 3609 1569 φύσει,
3654 1501 3748 1551 καὶ

2152 1586 2212 1653 ἐξ
2255 1588 2441 1651 αὐτοῦ,
2482 1590 2782 1653 τουτέστιν,
2833 1592 2897 1643 ἐκ
2945 1591 3042 1660 τῆς
3094 1590 3282 1654 οὐσίας
3320 1591 3508 1657 αὑτοῦ,
3558 1592 3748 1660 γέγονε

2155 1681 2292 1753 σὰρξ
2342 1684 2369 1735 6
2412 1682 2617 1750 Λόγος·
2664 1687 3049 1752 προσκυνεῖται
3096 1683 3176 1749 δὲ,
3225 1684 3302 1746 ὡς
3339 1684 3497 1754 ἔφην,
3544 1686 3622 1748 ὼς
3668 1681 3750 1748 εἷς

470 1802 575 1853 est,
604 1806 666 1844 ex
703 1787 818 1855 ejus
850 1787 1177 1845 substantia.
1211 1801 1338 1839 caro
1371 1784 1570 1838 factum
1605 1794 1688 1837 est
1718 1802 1731 1837 :
1763 1784 2049 1837 adoratur-

2167 1791 2211 1826 ιε
2242 1774 2335 1827 καὶ⁸
2367 1775 2525 1844 μόνος
2556 1776 2650 1826 καὶ
2680 1774 2898 1845 ἀληθῶς
2941 1776 3089 1839 Υἱὸς,
3126 1776 3263 1846 μετά
3289 1776 3390 1845 τῆς
3423 1777 3557 1839 ἰδίας
3585 1778 3751 1830 αὑτοῦ

471 1897 601 1952 que,
628 1890 685 1933 ut
711 1879 845 1942 dixi,
876 1890 933 1932 ut
964 1894 1102 1932 unus
1127 1886 1180 1930 et
1205 1877 1352 1931 solus
1381 1887 1435 1929 et
1459 1891 1581 1929 vere
1610 1874 1776 1927 Filius
1804 1890 1925 1927 cum
1954 1889 2048 1927 sna

474 1974 644 2041 ipsits
676 1986 838 2026 carne
871 1990 886 2026 :
919 1968 1259 2041 gloriﬁcatur
1290 1977 1469 2021 autem
1504 1967 1667 2020 Pater
1694 1976 1751 2019 ut
1787 1966 1928 2019 Dens
1960 1966 2051 2033 qui

475 2060 671 2114 habeat
703 2073 890 2112 verum
936 2057 1129 2111 Filium
1170 2071 1234 2110 ex
1274 2071 1369 2111 sua
1411 2055 1713 2110 substantia
1757 2056 1996 2123 genitum
2035 2069 2049 2106 :

475 2164 635 2219 quem
663 2150 830 2203 etiam
860 2164 1078 2204 carnem
1110 2149 1312 2203 factum
1344 2163 1439 2217 pro
1470 2149 1627 2202 nobis
1655 2148 1820 2212 dedit,
1850 2156 1908 2201 ut
1934 2162 2053 2215 pas-

477 2258 569 2296 sus
617 2257 781 2296 carne
828 2241 1034 2296 salvum
1087 2242 1291 2296 faceret
1338 2242 1522 2295 orbem
1575 2251 1877 2307 terrarum;
1929 2259 1947 2290 ι
1998 2248 2057 2291 ut

476 2333 654 2387 omnis
687 2334 777 2402 qni
815 2332 985 2386 credit
1021 2332 1071 2385 in
1110 2332 1306 2401 ipsum,
1344 2336 1450 2386 n'on
1489 2341 1691 2401 pereat,
1731 2332 1824 2385 sed
1862 2331 2057 2384 habeat

479 2425 643 2477 vitam
671 2432 929 2479 mternam
951 2422 1033 2488 ⁸⁶;
1069 2439 1085 2472 ι
1115 2432 1173 2474 ιιι
1200 2422 1377 2476 omnis
1405 2424 1494 2491 qui
1525 2422 1669 2476 videt
1695 2436 1850 2483 eum,
1878 2420 2057 2474 videat

478 2516 692 2571 Patrem
710 2517 754 2548 "
789 2533 804 2569 :
838 2530 998 2584 quam
1032 2514 1193 2567 etiam
1230 2514 1403 2583 ipsam
1440 2528 1549 2566 rem
1586 2512 1740 2567 nobis
1776 2526 1896 2565 esse
1929 2526 2055 2565 vere

481 2607 695 2662 vitalem
730 2608 842 2675 ipse
873 2606 1038 2660 Filius
1066 2609 1335 2672 ostendit;
1367 2607 1504 2659 dixit
1533 2605 1674 2657 enim
1705 2622 1720 2657 :
1758 2623 1776 2655 ι
1821 2605 1947 2657 Ηαξο
1976 2613 2059 2657 est

481 2703 588 2755 vita
620 2712 817 2754 aeterna
841 2738 856 2762 ,
892 2711 949 2751 ut
982 2710 1311 2767 cognoscant
1344 2708 1394 2751 te
1426 2699 1596 2751 solum
1635 2698 1799 2751 Deum
1834 2713 2057 2760 verum,

480 2801 537 2844 et
574 2805 731 2858 quem
775 2789 970 2841 misisti
1016 2789 1197 2842 Jesum
1243 2788 1514 2842 Christum
1534 2789 1600 2842 ⁵⁸.
1641 2806 1658 2839 ι
1699 2788 1774 2840 Ac
1813 2788 1897 2841 via
1940 2789 2060 2856 qni-

483 2883 601 2934 dem
640 2890 808 2943 recta,
842 2890 895 2933 et
928 2881 993 2931 ad
1027 2880 1359 2933 verissimam
1401 2880 1726 2934 sententiam
1762 2879 2062 2947 perducens

484 2974 599 3027 haec
647 2982 759 3039 est,
803 2983 854 3025 et
902 2981 1099 3037 praeter
1141 2986 1258 3023 eam
1309 2970 1475 3027 nulla.
1526 2970 1626 3025 Hic
1669 2987 1799 3025 vero
1845 2986 2058 3025 sursum

2155 1866 2377 1936 σαρκός·
2440 1865 2721 1930 δοξάζεταί
2765 1885 2828 1936 γε
2872 1868 2979 1937 μὴν
3025 1870 3052 1921 6
3090 1869 3281 1938 Πατὴρ
3322 1868 3398 1931 ὡς
3430 1868 3582 1930 Θεὸς,
3616 1868 3752 1939 ἔχων

2153 1957 2402 2028 ἀληθινὸν
2428 1959 2517 2011 τὸν
2556 1962 2620 2012 ἐκ
2661 1961 2758 2030 τῆς
2787 1960 2975 2022 οὐσίας
3003 1959 3171 2013 αὐτοῦ
3213 1960 3545 2031 γεννηθέντα
3578 1962 3706 2014 Υἱόν
3734 1978 3745 1989 ’

2153 2052 2211 2103 ὃν
2254 2051 2347 2103 καὶ
2404 2050 2587 2121 σάρκα
2640 2052 2901 2120 γεγονότα
2955 2051 3190 2105 δέδωκεν
3243 2053 3382 2122 ὑπὲρ
3433 2053 3609 2121 ἡμῶν,
3665 2054 3749 2105 ἵνα

2158 2143 2322 2213 σαρκὶ
2385 2140 2615 2205 παθὼν,
2692 2139 2932 2211 διασώσῃ
2979 2141 3079 2212 τὴν
3126 2144 3218 2196 ὑπ’
3273 2142 3533 2214 οὐρανόν·
3589 2162 3609 2194 ι
3669 2143 3753 2198 ἶνα

2158 2234 2273 2296 πῶς
2298 2235 2324 2285 ὁ
2356 2234 2629 2288 πιστεύων
2668 2238 2748 2296 εἰς
2778 2235 2962 2298 αὑτὸν,
2994 2237 3054 2288 οὐ
3089 2236 3164 2308 μὴ
3186 2236 3477 2308 ἀπόληται,
3510 2237 3623 2289 ἀλλ’
3656 2237 3755 2309 ἔχῃ

2158 2326 2303 2397 ζωὴν
2347 2326 2589 2391 αἰώνιον,
2649 2348 2666 2379 ι
2721 2330 2806 2380 ἵνα
2852 2329 2959 2391 πᾶς
3003 2330 3031 2380 ὁ
3077 2328 3297 2399 θεωρῶν
3328 2329 3509 2389 αὑτὸν,
3565 2330 3745 2398 Θεωρῇ

2158 2419 2248 2471 τὸν
2282 2420 2523 2490 Πατέρα.
2570 2419 2839 2471 Ζωοποιὸν
2873 2419 2929 2471 δὲ
2972 2421 3032 2472 τὸ
3076 2421 3267 2490 χρῆμα
3301 2422 3396 2474 καὶ
3438 2420 3595 2473 τοῦτο
3626 2422 3754 2489 ἡμῖν

2160 2511 2408 2580 ὑπάρχον
2437 2511 2672 2579 ἀληθῶς,
2707 2512 2870 2573 αὐτὸς
2897 2511 3200 2581 ὲκδέδειχεν
3227 2514 3255 2565 6
3286 2512 3410 2574 Υἱός
3429 2527 3441 2539 ·
3467 2512 3570 2582 ἔφη
3602 2513 3710 2581 γάρ
3737 2529 3752 2541 ·

2167 2622 2183 2652 ι
2214 2602 2359 2673 Αὕτη
2386 2604 2442 2654 δέ
2473 2606 2621 2656 ἐστιν
2650 2604 2683 2673 ἡ
2712 2603 2928 2666 αἰώνιος
2958 2602 3091 2672 ζωὴ,
3124 2604 3209 2655 ἵνα
3248 2604 3557 2671 γινώσκωσί
3580 2621 3641 2655 σε
3665 2605 3755 2656 τόν

2167 2696 2328 2765 μόνον
2354 2695 2611 2765 ἀληθινὸν
2633 2694 2783 2756 Θεὸν,
2812 2695 2905 2747 καὶ
2936 2694 2994 2747 ὃν
3020 2695 3345 2757 ἀπέστειλας
3394 2694 3598 2764 Ἰησοῦν
3622 2696 3756 2764 Χρι-

2164 2788 2309 2840 στόν.
2363 2807 2379 2837 ι
2429 2788 2537 2838 Καὶ
2574 2789 2621 2839 εἰ
2654 2788 2757 2855 μὲν
2784 2788 2893 2858 (15)
2930 2789 3010 2851 εἰς
3048 2787 3178 2840 εὐοὺ
3211 2789 3303 2839 καὶ
3339 2786 3755 2857 ἀπλανεστάτην

2164 2880 2271 2931 τῶν
2313 2878 2533 2931 ἐννοιῶν
2577 2879 2716 2945 αὕτη
2762 2897 2820 2933 τε
2865 2881 2958 2932 καὶ
2994 2880 3092 2949 οὐχ
3137 2881 3299 2949 ἑτέρα
3342 2879 3549 2951 τρίϐος.
3609 2882 3666 2934 'O
3698 2882 3756 2934 δὲ

2166 2974 2277 3026 ἄνω
2321 2992 2379 3026 τε
2427 2973 2522 3026 καὶ
2568 2973 2720 3026 κάτω
2770 2972 2837 3026 τὰ
2887 2973 3063 3024 πάντα
3113 2972 3317 3035 κυκῶν,
3350 2972 3474 3045 [Διά
3526 2975 3617 3027 τὸν
3664 2992 3761 3043 φο-

481 3064 737 3118 deorsuni
778 3066 957 3117 omnia
998 3065 1392 3125 commiscens,
1434 3061 1684 3133 [Propter
1720 3073 2020 3132 gestantem
2045 3105 2057 3125 ,

2170 3065 2386 3133 ροῦντα,
2436 3066 2717 3136 φησ“ι,τον
2765 3064 3098 3135 φορούμενον
3148 3065 3323 3119 σέϐω·
3370 3066 3461 3119 διὰ
3521 3067 3613 3119 τὸν
3667 3084 3758 3119 xz-

486 3159 677 3224 inquit,
696 3167 957 3227 gestatum
977 3172 1226 3219 veneror,
1249 3167 1467 3225 propter
1485 3156 1738 3210 latentem
1758 3158 1925 3210 adoro
1943 3164 2062 3223 spe-

486 3246 782 3320 ctabilem]
812 3247 1017 3316 Cerne,
1043 3265 1248 3317 qnmso,
1276 3264 1488 3302 rursum
1515 3248 1712 3316 ubique
1740 3247 1887 3301 illum
1914 3249 2069 3302 unio-

489 3356 612 3393 nem
652 3340 867 3409 fugere,
903 3351 958 3394 et
992 3342 1273 3395 veritatem
1312 3339 1634 3403 formidare,
1673 3347 1727 3393 et
1764 3339 2067 3393 divinorum

489 3428 594 3501 57
620 3430 929 3498 dogmatum
966 3442 1171 3484 rectum
1222 3430 1323 3482 iter
1367 3428 1559 3481 vitare.
1606 3424 1723 3479 Non
1783 3427 1918 3480 alius
1952 3436 2073 3480 erat

490 3529 707 3590 gestans
730 3533 759 3573 a
786 3529 1013 3586 gestato.
1035 3521 1126 3572 sed
1157 3519 1333 3586 potius
1361 3518 1522 3582 idem,
1556 3526 1745 3585 utpote
1767 3517 1814 3568 in
1840 3517 2072 3569 coitione

492 3612 706 3665 deitatis
750 3618 805 3664 et
846 3611 1198 3663 humanitatis
1251 3610 1620 3663 consideratus
1666 3627 1678 3661 :
1719 3626 1855 3664 unus
1908 3611 2069 3663 etiam

492 3716 557 3756 ac
582 3702 728 3757 solus
761 3716 889 3756 vere
933 3701 1024 3755 Dei
1066 3711 1121 3756 et
1170 3700 1345 3755 Patris
1374 3699 1560 3755 Filius.
1621 3701 1760 3771 Ergo
1798 3711 1856 3754 ut
1908 3718 2070 3754 unum

495 3794 657 3851 adora
686 3810 808 3849 cum
843 3810 936 3849 sua
969 3809 1131 3847 carne
1165 3792 1337 3861 ipsum
1371 3807 1437 3846 ex
1471 3792 1579 3847 Deo
1626 3791 1857 3846 Verbum
1895 3811 1910 3848 :
1944 3793 2073 3846 alio-

493 3887 585 3957 qui
620 3886 827 3955 explica
857 3887 1006 3950 mihi,
1039 3885 1142 3939 nisi
1178 3886 1267 3938 tibi
1299 3894 1442 3939 recta
1470 3899 1661 3955 sapere
1697 3888 1900 3948 videor,
1929 3894 2071 3937 tuam

499 3982 550 4032 in
586 3978 669 4033 liis
693 3978 941 4047 loquendi
966 3978 1316 4032 subtilitatem
1350 3987 1407 4030 ut
1432 3977 1754 4031 imbecillam
1787 3977 2071 4046 repellens.

498 4069 635 4121 Num
672 4069 814 4123 enim
861 4068 906 4120 si
968 4067 1090 4137 quis
1145 4072 1209 4122 de
1243 4083 1568 4138 quocunque
1623 4077 1865 4121 nostrum
1913 4068 2073 4120 simili

502 4158 747 4216 nomine.
782 4157 865 4211 vel
909 4158 977 4212 de
1017 4173 1123 4212 uno
1156 4160 1406 4228 quopiam
1463 4168 1677 4212 terreno
1722 4174 1846 4227 rege
1895 4158 2076 4213 dicere

501 4248 731 4303 voluerit
774 4267 787 4302 :
841 4248 1067 4317 Propter
1114 4250 1346 4303 animam
1403 4249 1544 4319 regis
1598 4264 1826 4304 veneror
1881 4263 2077 4318 corpus

498 4339 649 4409 ejus,
686 4350 904 4408 propter
932 4340 1197 4393 latentem
1237 4342 1406 4393 adoro
1441 4339 1583 4408 quod
1615 4351 1698 4393 est
1728 4340 2026 4404 spectabile
2058 4356 2074 4403 ;

2172 3158 2509 3228 κρυμμένον,
2553 3157 2845 3226 προσκυνῶ
2888 3156 2977 3209 τὸν
3027 3157 3401 3229 φαινόμενον.]
3451 3158 3644 3227 Ἄθρει
3690 3158 3756 3226 δὴ

2176 3268 2264 3318 μοι
2314 3249 2476 3300 πάλιν
2547 3248 2817 3317 φεύγοντα
2866 3249 3143 3320 πανταχοῦ
3209 3251 3308 3318 τὴν
3371 3251 3599 3313 ἕνωσιν,
3667 3254 3761 3304 καὶ

2171 3339 2382 3394 δεδιότα
2438 3338 2498 3391 τὸ
2550 3339 2771 3409 ἀληθὲς,
2820 3344 2913 3391 καὶ
2970 3341 3077 3393 τῶν
3130 3340 3291 3394 Οείων
3329 3342 3613 3410 δογμάτων
3662 3343 3760 3409 τὴν

2173 3436 2441 3507 ὀρθότητα
2496 3432 2951 3503 παραιτούμενον.
3016 3435 3128 3503 Οὐχ
3159 3434 3343 3505 ἕτερος
3370 3429 3439 3503 ἦν
3499 3437 3527 3485 6
3577 3434 3762 3503 φορῶν

2175 3530 2325 3600 παρὰ
2364 3529 2455 3580 τὸν
2498 3526 2860 3597 φορούμενον·
2920 3530 2949 3580 6
2992 3528 3153 3591 αὐτὸς
3213 3528 3270 3579 δὲ
3313 3528 3531 3598 μᾶλλον,
3595 3530 3668 3590 ὼς
3703 3531 3764 3583 ἐν

2178 3625 2378 3691 συνόδῳ
2458 3620 2751 3690 νοούμενος
2778 3662 2792 3683 ,
2848 3620 3102 3691 θεότητός
3147 3638 3209 3672 τε
3270 3621 3364 3672 καὶ
3410 3621 3762 3691 ἀνθρωπότη-

2174 3731 2283 3777 τος·
2336 3709 2417 3775 εἷς
2450 3730 2508 3766 τε
2565 3714 2659 3765 καὶ
2707 3713 2867 3782 μόνος
2915 3711 3130 3783 ἀληθῶς
3182 3713 3309 3775 Υἱὸς
3355 3712 3449 3765 τοῦ
3479 3713 3614 3765 Θεοῦ
3668 3714 3764 3766 καὶ

2176 3803 2410 3872 Πατρός.
2445 3802 2657 3856 Οὐκοῦν
2692 3801 2767 3863 ὡς
2814 3802 2911 3853 Eva.
2960 3800 3256 3873 προσκύνει
3310 3801 3451 3869 μετὰ
3483 3802 3582 3868 τῆς
3628 3801 3763 3861 ἰδίας

2176 3894 2343 3948 αὐτοῦ
2382 3894 2585 3965 σαρκὸς
2613 3893 2704 3945 τὸν
2749 3895 2813 3944 ἐκ
2840 3892 2974 3945 Θεοῦ
3021 3893 3216 3961 Λόγον.
3262 3892 3416 3945 Ἐπεὶ⁸
3448 3892 3677 3962 φράσον,
3713 3895 3764 3945 εἰ

2181 3989 2255 4058 μή
2296 4005 2377 4039 σοι
2407 3987 2549 4039 δοκῶ
2578 3986 2647 4038 τὰ
2689 3985 2874 4038 εἰκότα
2904 3988 3141 4055 φρονεῖν,
3178 3984 3279 4056 τὴν
3312 3986 3410 4057 σὴν
3458 3987 3515 4038 ὲν
3552 3986 3765 4047 τούτοις

2181 4075 2535 4147 ἰσχνομυθίαν
2565 4074 2641 4137 ὡς
2677 4073 2878 4144 ἀδρανῆ
2920 4072 3366 4144 παρωθούμενος.
3401 4068 3554 4143 Ἀρα
3577 4073 3686 4144 γὰρ
3715 4076 3764 4125 εί

2176 4163 2238 4232 δή
2260 4179 2343 4225 τις
2368 4161 2541 4214 ἕλοιτο
2565 4161 2743 4228 λέγειν
2777 4160 2906 4229 περὶ
2935 4161 3154 4215 ὁτουοῦν
3186 4160 3297 4214 τῶν
3327 4162 3448 4214 καθ’
3481 4164 3632 4232 ἡμᾶς
3668 4165 3765 4216 ἀν-

2180 4253 2436 4324 Ορώπων,
2464 4254 2630 4322 ἤγουν
2664 4254 2747 4321 ἐφ’
2782 4253 2901 4316 ἐνὸς
2931 4254 3036 4305 τῶν
3067 4254 3159 4304 ἐπὶ
3186 4254 3289 4323 γῆς
3331 4252 3627 4322 βασιλέων⁸
3664 4255 3763 4305 Διά

2179 4347 2278 4417 τὴν
2306 4345 2400 4398 τοῦ
2447 4344 2713 4416 βασιλέως
2757 4345 2933 4415 ψυχὴν
2967 4344 3108 4396 σέϐω
3152 4344 3212 4396 τὸ
3266 4345 3423 4412 σῶμα
3461 4345 3649 4407 αὐτοῦ,
3678 4346 3767 4397 διὰ

502 4449 609 4487 non
643 4432 786 4488 illico
812 4434 991 4502 quivis
1030 4432 1279 4502 obiurget
1332 4448 1393 4486 ac
1436 4434 1580 4487 dicat
1611 4448 1625 4483 :
1664 4433 1803 4499 Quid
1835 4440 1891 4485 tu
1927 4431 2059 4485 lacis

2186 4437 2277 4490 τὸν
2304 4436 2709 4507 κεκρυμμένον,
2748 4434 3039 4506 προσκυνῶ
3076 4436 3166 4488 τὸν
3204 4437 3549 4507 φαινόμενον,
3578 4439 3677 4490 οὐκ
3701 4439 3767 4491 ἀν

497 4539 533 4576 υ
568 4523 707 4577 bone
738 4521 865 4576 vir?
892 4538 1030 4576 unus
1062 4525 1283 4577 omnino
1307 4523 1467 4576 homo
1491 4530 1574 4575 est
1596 4522 1687 4589 qui
1736 4536 1916 4575 rerum
1946 4522 2079 4590 poti-

502 4625 620 4680 tur,
671 4616 921 4684 quamvis
962 4630 993 4669 e
1042 4615 1248 4669 duobus
1299 4614 1546 4667 videatur
1598 4614 1958 4681 compositus,
2012 4628 2079 4667 ex

501 4709 702 4772 anima,
736 4708 978 4776 inquam,
1013 4715 1068 4760 et
1096 4720 1343 4775 corpore.
1367 4704 1477 4759 Cur
1504 4705 1669 4775 igitur
1694 4704 1848 4758 nobis
1879 4701 2082 4756 frustra

504 4799 757 4866 nugaris,
794 4816 915 4854 cum
959 4808 1257 4870 gestantem
1309 4810 1365 4852 et
1412 4808 1678 4868 gestatum
1702 4837 1715 4862 ,
1748 4798 2001 4851 latentem
2030 4805 2084 4850 et

502 4891 850 4960 spectabilem
887 4890 1121 4959 appellas
1150 4930 1164 4952 .
1201 4901 1253 4944 et
1296 4899 1552 4959 tanquam
1610 4888 1774 4941 alium
1819 4902 1942 4941 cum
1974 4888 2082 4940 alio

504 4979 663 5032 simul
721 4980 949 5032 adorare
989 4979 1296 5048 profiteris,
1328 4988 1382 5032 et
1431 4978 1647 5032 modum
1701 4977 1917 5031 unionis
1948 4992 2079 5030 con-

509 5071 743 5124 temnis?
774 5087 897 5124 cum
947 5072 1204 5124 divinitus
1261 5071 1532 5138 inspirata:
1577 5068 1796 5123 Littera:
1854 5069 1983 5121 illud
2017 5085 2083 5122 ex

508 5162 618 5217 Deo
650 5163 805 5215 Patre
858 5162 1087 5216 Verbum
1124 5176 1246 5215 cum
1300 5176 1397 5214 suo
1443 5175 1667 5228 corpore
1720 5176 1884 5213 unum
1935 5161 2089 5213 nobis

506 5257 781 5309 Christum
817 5266 872 5309 et
902 5257 1183 5310 Dominum
1227 5269 1348 5309 esse
1370 5253 1768 5321 pronuntient?
1794 5253 1877 5305 An
1924 5254 2081 5322 igno-

576 5415 621 5444 ιδ
655 5412 808 5466 Joan.
837 5428 916 5475 ιιι,
960 5413 1041 5466 l6.
1117 5412 1164 5444 "’
1192 5409 1347 5467 Joan.
1379 5426 1488 5475 xw,
1516 5411 1568 5467 9.

1648 5410 1693 5441 ⁵⁸
1720 5407 1878 5463 Joan.
1911 5424 2046 5475 xvn,
2076 5408 2130 5462 5.

2184 4548 2268 4594 τις
2299 4530 2461 4593 εὐθὺς
2494 4531 2816 4601 ὲπισκήψειε
2839 4548 2853 4561 ο
2882 4531 2947 4584 Τί
2976 4531 3129 4601 δρᾷς,
3156 4525 3201 4583 ὧ
3238 4522 3427 4595 οῦτοςς
3460 4532 3658 4600 λέγων·
3688 4527 3767 4593 εἷς

2187 4640 2289 4674 που
2322 4621 2538 4685 πάντως
2563 4621 2850 4693 ἄνθρωπός
2887 4623 3035 4675 ἐστιν
3064 4624 3091 4675 6
3125 4622 3361 4693 κρατῶν,
3397 4621 3501 4676 κᾶν
3526 4626 3590 4676 ἐκ
3622 4624 3766 4675 δυοῖν

2189 4712 2362 4784 ὁρῷτο
2394 4714 2772 4784 συγκείμενος,
2796 4713 2976 4785 ψυχῆς
3005 4713 3069 4784 δὴ
3116 4713 3257 4782 λέγω
3285 4714 3380 4766 καὶ
3407 4713 3676 4783 σώματος.
3703 4716 3769 4767 Τί

2188 4805 2368 4857 τοίνυν
2401 4807 2535 4873 ⁴ἡμῖν
2570 4805 2692 4873 είκῆ
2726 4805 3095 4875 βατταρίζεις,
3141 4804 3408 4875 φοροῦντα
3438 4804 3532 4857 καὶ
3569 4805 3770 4875 φορού-

2194 4913 2376 4965 μενον,
2408 4897 2792 4967 κεκρυμμένον
2830 4898 2923 4949 κα¹ι
2965 4897 3291 4966 φαινόμενον
3325 4895 3627 4965 ὀνομάζων,
3674 4897 3771 4951 καὶ

2189 4987 2264 5048 ὡς
2297 4986 2483 5056 ἕτερον
2514 4988 2684 5057 ἑτέρῳ
2729 4991 3171 5057 συμπροσκυνείν
3212 4986 3511 5057 ὁμολογῶν,
3555 4988 3648 5040 καὶ
3677 4988 3769 5038 τὸν

2191 5078 2291 5146 τῆς
2344 5076 2591 5140 ὲνώσεως
2640 5078 2925 5148 ἀτιμάζων
2980 5081 3215 5149 τρόπον;
3272 5079 3370 5130 ἕνα
3405 5079 3642 5148 Χριστὸν
3682 5081 3779 5131 καί

2193 5166 2399 5236 Κύριον
2428 5169 2838 5238 ἀποφαινούσης
2863 5170 2993 5238 ἡμῖν
3022 5171 3119 5239 τῆς
3142 5168 3500 5221 Θεοπνεύστου
3526 5168 3776 5238 Γραφῆς,

2190 5255 2281 5307 τὸν
2315 5256 2379 5307 ὲκ
2408 5254 2544 5308 Θεοῦ
2577 5255 2790 5325 Πατρὸς
2818 5256 2990 5326 Λόγον
3028 5258 3168 5327 μετὰ
3197 5255 3291 5309 τοῦ
3322 5256 3455 5309 ἰδίου
3484 5258 3777 5325 σώματος;

1794 5567 1954 5621 ANT.
1995 5564 2262 5619 AGBLLll
2304 5564 2536 5617 NOTAE.

590 5735 707 5808 (15)
737 5734 1040 5805 chendum
1074 5736 1166 5787 καὶ
1210 5735 1241 5802 ἡ
1277 5732 1395 5801 μέν.
1436 5730 1523 5786 Sic
1558 5730 1692 5784 dixit
1733 5744 1851 5797 pag.
1892 5727 1981 5796 48,
2010 5745 2062 5781 κο

2201 5724 2297 5795 μὶν
2327 5722 2431 5775 τῶν
2467 5722 2749 5789 δογμάτων
2782 5718 2915 5791 ὀρθή
2955 5735 3032 5771 τε.
