  <div class='ocr_page' id='page_1' title='image "/cluster/home/n/w/nwhite01/storage/ocr_20150623/76/nnc1.0046980067/058.png"; bbox 0 0 4054 6332; ppageno 0'>
   <div class='ocr_carea' id='block_1_1' title="bbox 276 437 382 491">
    <p class='ocr_par' dir='ltr' id='par_1_1' title="bbox 276 437 382 491">
     <span class='ocr_line' id='line_1_1' title="bbox 276 437 382 491; baseline 0.009 -1"><span class='ocrx_word' id='word_1_1' title='bbox 276 437 382 491; x_wconf 75' lang='lat' dir='ltr'><strong>I05</strong></span> 
     </span>
    </p>
   </div>
   <div class='ocr_carea' id='block_1_2' title="bbox 1368 428 2447 487">
    <p class='ocr_par' dir='ltr' id='par_1_2' title="bbox 1368 428 2447 487">
     <span class='ocr_line' id='line_1_2' title="bbox 1368 428 2447 487; baseline -0.005 -1"><span class='ocrx_word' id='word_1_2' title='bbox 1368 431 1735 487; x_wconf 73' lang='lat' dir='ltr'><strong>ADVERSUS</strong></span> <span class='ocrx_word' id='word_1_3' title='bbox 1767 429 2172 486; x_wconf 78' lang='lat' dir='ltr'><strong>NL‘STOBIUM</strong></span> <span class='ocrx_word' id='word_1_4' title='bbox 2211 428 2341 483; x_wconf 80' lang='lat' dir='ltr'><strong>LIB.</strong></span> <span class='ocrx_word' id='word_1_5' title='bbox 2382 428 2447 481; x_wconf 86' lang='lat' dir='ltr'><strong>ll.</strong></span> 
     </span>
    </p>
   </div>
   <div class='ocr_carea' id='block_1_3' title="bbox 3402 427 3503 483">
    <p class='ocr_par' dir='ltr' id='par_1_3' title="bbox 3402 427 3503 483">
     <span class='ocr_line' id='line_1_3' title="bbox 3402 427 3503 483; baseline -0.02 0"><span class='ocrx_word' id='word_1_6' title='bbox 3402 427 3503 483; x_wconf 77' lang='lat'><strong>106</strong></span> 
     </span>
    </p>
   </div>
   <div class='ocr_carea' id='block_1_4' title="bbox 272 544 1857 622">
    <p class='ocr_par' dir='ltr' id='par_1_4' title="bbox 272 544 1840 622">
     <span class='ocr_line' id='line_1_4' title="bbox 272 544 1840 622; baseline 0 -20"><span class='ocrx_word' id='word_1_7' title='bbox 272 551 349 602; x_wconf 81' lang='grc' dir='ltr'><strong>Ἥ</strong></span> <span class='ocrx_word' id='word_1_8' title='bbox 376 550 477 602; x_wconf 78' lang='grc' dir='ltr'><strong>οὐκ</strong></span> <span class='ocrx_word' id='word_1_9' title='bbox 505 544 660 603; x_wconf 76' lang='grc' dir='ltr'>οἶσθα</span> <span class='ocrx_word' id='word_1_10' title='bbox 687 551 770 604; x_wconf 81' lang='grc' dir='ltr'>ὅτι</span> <span class='ocrx_word' id='word_1_11' title='bbox 817 549 1182 620; x_wconf 85' lang='grc' dir='ltr'>τεθεράπευκε</span> <span class='ocrx_word' id='word_1_12' title='bbox 1223 550 1322 619; x_wconf 81' lang='grc' dir='ltr'>μὲν</span> <span class='ocrx_word' id='word_1_13' title='bbox 1360 551 1419 603; x_wconf 75' lang='grc' dir='ltr'><strong>ἐν</strong></span> <span class='ocrx_word' id='word_1_14' title='bbox 1451 549 1840 622; x_wconf 83' lang='grc' dir='ltr'>Ἰεροσολύμοις</span> 
     </span>
    </p>
   </div>
   <div class='ocr_carea' id='block_1_5' title="bbox 1958 544 3504 622">
    <p class='ocr_par' dir='ltr' id='par_1_5' title="bbox 1958 546 3504 619">
     <span class='ocr_line' id='line_1_5' title="bbox 1958 546 3504 619; baseline -0.003 -16"><span class='ocrx_word' id='word_1_15' title='bbox 1958 565 2035 606; x_wconf 82' lang='lat' dir='ltr'><strong>ras</strong></span> <span class='ocrx_word' id='word_1_16' title='bbox 2065 559 2122 604; x_wconf 92' lang='lat' dir='ltr'><strong>ut</strong></span> <span class='ocrx_word' id='word_1_17' title='bbox 2155 548 2227 603; x_wconf 91' lang='lat' dir='ltr'><strong>illi</strong></span> <span class='ocrx_word' id='word_1_18' title='bbox 2265 563 2294 602; x_wconf 91' lang='lat' dir='ltr'><strong>a</strong></span> <span class='ocrx_word' id='word_1_19' title='bbox 2327 548 2607 602; x_wconf 86' lang='lat' dir='ltr'><strong>nativitate</strong></span> <span class='ocrx_word' id='word_1_20' title='bbox 2650 562 2790 603; x_wconf 67' lang='lat' dir='ltr'><strong>caeco</strong></span> <span class='ocrx_word' id='word_1_21' title='bbox 2820 546 3203 619; x_wconf 82' lang='lat' dir='ltr'><strong>Hierosolymis</strong></span> <span class='ocrx_word' id='word_1_22' title='bbox 3244 561 3272 601; x_wconf 86' lang='lat' dir='ltr'><strong>a</strong></span> <span class='ocrx_word' id='word_1_23' title='bbox 3319 560 3376 600; x_wconf 88' lang='lat' dir='ltr'><strong>se</strong></span> <span class='ocrx_word' id='word_1_24' title='bbox 3408 562 3504 600; x_wconf 88' lang='lat' dir='ltr'><strong>cu-</strong></span> 
     </span>
    </p>
   </div>
   <div class='ocr_carea' id='block_1_6' title="bbox 274 637 1844 713">
    <p class='ocr_par' dir='ltr' id='par_1_6' title="bbox 274 637 1844 713">
     <span class='ocr_line' id='line_1_6' title="bbox 274 637 1844 713; baseline -0.001 -19"><span class='ocrx_word' id='word_1_25' title='bbox 274 642 366 694; x_wconf 84' lang='grc' dir='ltr'><strong>τὸν</strong></span> <span class='ocrx_word' id='word_1_26' title='bbox 402 643 466 694; x_wconf 89' lang='grc' dir='ltr'><strong>ἐκ</strong></span> <span class='ocrx_word' id='word_1_27' title='bbox 509 643 734 713; x_wconf 80' lang='grc' dir='ltr'>γενετῆς</span> <span class='ocrx_word' id='word_1_28' title='bbox 779 642 997 712; x_wconf 85' lang='grc' dir='ltr'>τυφλὸν,</span> <span class='ocrx_word' id='word_1_29' title='bbox 1031 637 1148 695; x_wconf 77' lang='grc' dir='ltr'>εἶτα</span> <span class='ocrx_word' id='word_1_30' title='bbox 1190 641 1379 695; x_wconf 79' lang='grc' dir='ltr'>τοῦτον</span> <span class='ocrx_word' id='word_1_31' title='bbox 1432 642 1606 712; x_wconf 83' lang='grc' dir='ltr'>εὑρὼν</span> <span class='ocrx_word' id='word_1_32' title='bbox 1665 643 1722 695; x_wconf 79' lang='grc' dir='ltr'><strong>ἐν</strong></span> <span class='ocrx_word' id='word_1_33' title='bbox 1766 640 1844 710; x_wconf 82' lang='grc' dir='ltr'>τῷ</span> 
     </span>
    </p>
   </div>
   <div class='ocr_carea' id='block_1_7' title="bbox 276 732 1844 805">
    <p class='ocr_par' dir='ltr' id='par_1_7' title="bbox 276 732 1844 805">
     <span class='ocr_line' id='line_1_7' title="bbox 276 732 1844 805; baseline -0.001 -19"><span class='ocrx_word' id='word_1_34' title='bbox 276 733 430 804; x_wconf 73' lang='grc' dir='ltr'>ἱερῷ,</span> <span class='ocrx_word' id='word_1_35' title='bbox 468 732 692 803; x_wconf 77' lang='grc' dir='ltr'>βεϐαίαν</span> <span class='ocrx_word' id='word_1_36' title='bbox 728 734 877 804; x_wconf 76' lang='grc' dir='ltr'>αὐτῷ</span> <span class='ocrx_word' id='word_1_37' title='bbox 918 734 1011 787; x_wconf 80' lang='grc' dir='ltr'><strong>καὶ</strong></span> <span class='ocrx_word' id='word_1_38' title='bbox 1055 735 1344 805; x_wconf 81' lang='grc' dir='ltr'><strong>ἱδρυμένην</strong></span> <span class='ocrx_word' id='word_1_39' title='bbox 1368 732 1587 803; x_wconf 84' lang='grc' dir='ltr'>ἐνετίθη</span> <span class='ocrx_word' id='word_1_40' title='bbox 1609 733 1709 801; x_wconf 80' lang='grc' dir='ltr'><strong>τὴν</strong></span> <span class='ocrx_word' id='word_1_41' title='bbox 1752 733 1844 785; x_wconf 84' lang='grc' dir='ltr'>πί-</span> 
     </span>
    </p>
   </div>
   <div class='ocr_carea' id='block_1_8' title="bbox 280 823 1845 895">
    <p class='ocr_par' dir='ltr' id='par_1_8' title="bbox 280 823 1845 895">
     <span class='ocr_line' id='line_1_8' title="bbox 280 823 1845 895; baseline -0.001 -18"><span class='ocrx_word' id='word_1_42' title='bbox 280 841 432 890; x_wconf 89' lang='grc' dir='ltr'>στιν;</span> <span class='ocrx_word' id='word_1_43' title='bbox 470 825 633 895; x_wconf 74' lang='grc' dir='ltr'>ἧρετο</span> <span class='ocrx_word' id='word_1_44' title='bbox 668 824 779 893; x_wconf 84' lang='grc' dir='ltr'><strong>γὰρ</strong></span> <span class='ocrx_word' id='word_1_45' title='bbox 808 823 1143 895; x_wconf 84' lang='grc' dir='ltr'>προσελθὼν,</span> <span class='ocrx_word' id='word_1_46' title='bbox 1181 843 1199 875; x_wconf 81' lang='grc' dir='ltr'><strong>ι</strong></span> <span class='ocrx_word' id='word_1_47' title='bbox 1227 825 1299 878; x_wconf 84' lang='grc' dir='ltr'><strong>Σὺ</strong></span> <span class='ocrx_word' id='word_1_48' title='bbox 1333 824 1610 888; x_wconf 79' lang='grc' dir='ltr'><strong>πιστεύεις</strong></span> <span class='ocrx_word' id='word_1_49' title='bbox 1635 826 1715 887; x_wconf 82' lang='grc' dir='ltr'><strong>είς</strong></span> <span class='ocrx_word' id='word_1_50' title='bbox 1754 824 1845 876; x_wconf 88' lang='grc' dir='ltr'><strong>τὸν</strong></span> 
     </span>
    </p>
   </div>
   <div class='ocr_carea' id='block_1_9' title="bbox 285 915 1845 987">
    <p class='ocr_par' dir='ltr' id='par_1_9' title="bbox 285 915 1845 987">
     <span class='ocr_line' id='line_1_9' title="bbox 285 915 1845 987; baseline -0.001 -20"><span class='ocrx_word' id='word_1_51' title='bbox 285 916 407 967; x_wconf 77' lang='grc' dir='ltr'>Υἱὸν</span> <span class='ocrx_word' id='word_1_52' title='bbox 442 915 535 968; x_wconf 80' lang='grc' dir='ltr'>τοῦ</span> <span class='ocrx_word' id='word_1_53' title='bbox 558 915 694 968; x_wconf 80' lang='grc' dir='ltr'>Θεοῦ</span> <span class='ocrx_word' id='word_1_54' title='bbox 722 932 737 980; x_wconf 87' lang='grc'><strong>;</strong></span> <span class='ocrx_word' id='word_1_55' title='bbox 777 918 871 969; x_wconf 75' lang='grc' dir='ltr'><strong>καὶ</strong></span> <span class='ocrx_word' id='word_1_56' title='bbox 896 915 1031 985; x_wconf 88' lang='grc' dir='ltr'>πρός</span> <span class='ocrx_word' id='word_1_57' title='bbox 1050 932 1110 983; x_wconf 84' lang='grc' dir='ltr'><strong>γε</strong></span> <span class='ocrx_word' id='word_1_58' title='bbox 1144 915 1302 968; x_wconf 70' lang='grc' dir='ltr'>ταυτὶ</span> <span class='ocrx_word' id='word_1_59' title='bbox 1340 916 1672 987; x_wconf 81' lang='grc' dir='ltr'><strong>κεκραγότος</strong></span> <span class='ocrx_word' id='word_1_60' title='bbox 1704 917 1845 967; x_wconf 75' lang='grc' dir='ltr'>ἐκεί-</span> 
     </span>
    </p>
   </div>
   <div class='ocr_carea' id='block_1_10' title="bbox 266 1004 1843 1077">
    <p class='ocr_par' dir='ltr' id='par_1_10' title="bbox 266 1004 1843 1077">
     <span class='ocr_line' id='line_1_10' title="bbox 266 1004 1843 1077; baseline -0.002 -18"><span class='ocrx_word' id='word_1_61' title='bbox 266 1025 368 1060; x_wconf 77' lang='grc' dir='ltr'><strong>νου</strong></span> <span class='ocrx_word' id='word_1_62' title='bbox 391 1026 406 1040; x_wconf 87' lang='grc'><strong>·</strong></span> <span class='ocrx_word' id='word_1_63' title='bbox 440 1008 536 1070; x_wconf 80' lang='grc' dir='ltr'>Τίς</span> <span class='ocrx_word' id='word_1_64' title='bbox 556 1009 694 1072; x_wconf 86' lang='grc' dir='ltr'>ἐστι,</span> <span class='ocrx_word' id='word_1_65' title='bbox 718 1006 909 1077; x_wconf 81' lang='grc' dir='ltr'>Κύριε,</span> <span class='ocrx_word' id='word_1_66' title='bbox 940 1008 1028 1060; x_wconf 83' lang='grc' dir='ltr'><strong>ἵνα</strong></span> <span class='ocrx_word' id='word_1_67' title='bbox 1055 1005 1332 1060; x_wconf 80' lang='grc' dir='ltr'><strong>πιστεύσω</strong></span> <span class='ocrx_word' id='word_1_68' title='bbox 1364 1007 1443 1070; x_wconf 84' lang='grc' dir='ltr'><strong>είς</strong></span> <span class='ocrx_word' id='word_1_69' title='bbox 1478 1006 1671 1071; x_wconf 66' lang='lat' dir='ltr'><strong>ain-6v;</strong></span> <span class='ocrx_word' id='word_1_70' title='bbox 1702 1024 1720 1056; x_wconf 72' lang='grc' dir='ltr'><strong>ι</strong></span> <span class='ocrx_word' id='word_1_71' title='bbox 1742 1004 1843 1073; x_wconf 78' lang='grc' dir='ltr'>ἔφη</span> 
     </span>
    </p>
   </div>
   <div class='ocr_carea' id='block_1_11' title="bbox 282 1093 1846 1168">
    <p class='ocr_par' dir='ltr' id='par_1_11' title="bbox 282 1093 1846 1168">
     <span class='ocr_line' id='line_1_11' title="bbox 282 1093 1846 1168; baseline -0.003 -16"><span class='ocrx_word' id='word_1_72' title='bbox 282 1099 445 1153; x_wconf 83' lang='grc' dir='ltr'>πάλιν</span> <span class='ocrx_word' id='word_1_73' title='bbox 477 1099 672 1162; x_wconf 82' lang='grc' dir='ltr'>αὐτός·</span> <span class='ocrx_word' id='word_1_74' title='bbox 720 1116 739 1148; x_wconf 74' lang='grc' dir='ltr'><strong>ι</strong></span> <span class='ocrx_word' id='word_1_75' title='bbox 778 1099 888 1151; x_wconf 74' lang='grc' dir='ltr'><strong>Καὶ</strong></span> <span class='ocrx_word' id='word_1_76' title='bbox 936 1097 1188 1168; x_wconf 81' lang='grc' dir='ltr'>ἑώρακας</span> <span class='ocrx_word' id='word_1_77' title='bbox 1242 1096 1424 1160; x_wconf 82' lang='grc' dir='ltr'>αὐτὸν,</span> <span class='ocrx_word' id='word_1_78' title='bbox 1457 1096 1552 1149; x_wconf 74' lang='grc' dir='ltr'><strong>καὶ</strong></span> <span class='ocrx_word' id='word_1_79' title='bbox 1596 1097 1625 1149; x_wconf 85' lang='grc' dir='ltr'><strong>ὁ</strong></span> <span class='ocrx_word' id='word_1_80' title='bbox 1672 1093 1846 1148; x_wconf 83' lang='grc' dir='ltr'>λαλῶν</span> 
     </span>
    </p>
   </div>
   <div class='ocr_carea' id='block_1_12' title="bbox 281 1184 1846 1259">
    <p class='ocr_par' dir='ltr' id='par_1_12' title="bbox 281 1184 1846 1259">
     <span class='ocr_line' id='line_1_12' title="bbox 281 1184 1846 1259; baseline -0.005 -17"><span class='ocrx_word' id='word_1_81' title='bbox 281 1190 420 1259; x_wconf 82' lang='grc' dir='ltr'>μετὰ</span> <span class='ocrx_word' id='word_1_82' title='bbox 450 1186 566 1251; x_wconf 82' lang='grc' dir='ltr'>σοῦ,</span> <span class='ocrx_word' id='word_1_83' title='bbox 602 1188 810 1249; x_wconf 81' lang='grc' dir='ltr'>ἐκεῖνός</span> <span class='ocrx_word' id='word_1_84' title='bbox 847 1190 1015 1241; x_wconf 86' lang='grc' dir='ltr'>ἐστιν.</span> <span class='ocrx_word' id='word_1_85' title='bbox 1044 1206 1062 1238; x_wconf 87' lang='grc'><strong>›</strong></span> <span class='ocrx_word' id='word_1_86' title='bbox 1100 1186 1262 1257; x_wconf 79' lang='grc' dir='ltr'>Ὁρᾷς</span> <span class='ocrx_word' id='word_1_87' title='bbox 1310 1187 1477 1248; x_wconf 83' lang='grc' dir='ltr'>ὅπως,</span> <span class='ocrx_word' id='word_1_88' title='bbox 1516 1186 1576 1236; x_wconf 80' lang='grc' dir='ltr'><strong>οὐ</strong></span> <span class='ocrx_word' id='word_1_89' title='bbox 1619 1184 1707 1236; x_wconf 80' lang='grc' dir='ltr'><strong>τὸν</strong></span> <span class='ocrx_word' id='word_1_90' title='bbox 1752 1201 1846 1252; x_wconf 86' lang='grc' dir='ltr'>φο-</span> 
     </span>
    </p>
   </div>
   <div class='ocr_carea' id='block_1_13' title="bbox 276 1273 1844 1349">
    <p class='ocr_par' dir='ltr' id='par_1_13' title="bbox 276 1273 1844 1349">
     <span class='ocr_line' id='line_1_13' title="bbox 276 1273 1844 1349; baseline -0.003 -19"><span class='ocrx_word' id='word_1_91' title='bbox 276 1279 479 1349; x_wconf 82' lang='grc' dir='ltr'>ροῦντα</span> <span class='ocrx_word' id='word_1_92' title='bbox 518 1278 775 1347; x_wconf 78' lang='grc' dir='ltr'>δέδειχεν,</span> <span class='ocrx_word' id='word_1_93' title='bbox 805 1277 865 1331; x_wconf 86' lang='grc' dir='ltr'><strong>οὐ</strong></span> <span class='ocrx_word' id='word_1_94' title='bbox 902 1277 993 1330; x_wconf 87' lang='grc' dir='ltr'><strong>τὸν</strong></span> <span class='ocrx_word' id='word_1_95' title='bbox 1032 1276 1141 1339; x_wconf 66' lang='grc' dir='ltr'>ἔσω</span> <span class='ocrx_word' id='word_1_96' title='bbox 1188 1275 1589 1345; x_wconf 81' lang='grc' dir='ltr'><strong>κεκρυμμένον,</strong></span> <span class='ocrx_word' id='word_1_97' title='bbox 1628 1274 1742 1327; x_wconf 72' lang='grc' dir='ltr'>ἀλλ’</span> <span class='ocrx_word' id='word_1_98' title='bbox 1770 1273 1844 1337; x_wconf 84' lang='grc' dir='ltr'><strong>ὡς</strong></span> 
     </span>
    </p>
   </div>
   <div class='ocr_carea' id='block_1_14' title="bbox 278 1365 1847 1440">
    <p class='ocr_par' dir='ltr' id='par_1_14' title="bbox 278 1365 1847 1440">
     <span class='ocr_line' id='line_1_14' title="bbox 278 1365 1847 1440; baseline -0.003 -18"><span class='ocrx_word' id='word_1_99' title='bbox 278 1370 375 1423; x_wconf 74' lang='grc' dir='ltr'>ἕνα</span> <span class='ocrx_word' id='word_1_100' title='bbox 406 1369 601 1440; x_wconf 80' lang='grc' dir='ltr'>μᾶλλον</span> <span class='ocrx_word' id='word_1_101' title='bbox 631 1369 819 1422; x_wconf 84' lang='grc' dir='ltr'>ἐαυτὸν</span> <span class='ocrx_word' id='word_1_102' title='bbox 850 1368 987 1439; x_wconf 77' lang='grc' dir='ltr'>μετὰ</span> <span class='ocrx_word' id='word_1_103' title='bbox 1011 1369 1109 1439; x_wconf 76' lang='grc' dir='ltr'>τῆς</span> <span class='ocrx_word' id='word_1_104' title='bbox 1142 1368 1340 1439; x_wconf 90' lang='grc' dir='ltr'>σαρκός</span> <span class='ocrx_word' id='word_1_105' title='bbox 1362 1383 1376 1397; x_wconf 91' lang='grc'><strong>·</strong></span> <span class='ocrx_word' id='word_1_106' title='bbox 1412 1367 1507 1420; x_wconf 75' lang='grc' dir='ltr'>καὶ</span> <span class='ocrx_word' id='word_1_107' title='bbox 1543 1365 1673 1434; x_wconf 79' lang='grc' dir='ltr'>γοῦν</span> <span class='ocrx_word' id='word_1_108' title='bbox 1705 1368 1733 1419; x_wconf 87' lang='grc' dir='ltr'>ὁ</span> <span class='ocrx_word' id='word_1_109' title='bbox 1760 1382 1847 1418; x_wconf 85' lang='grc' dir='ltr'>σο-</span> 
     </span>
    </p>
   </div>
   <div class='ocr_carea' id='block_1_15' title="bbox 279 1456 1844 1534">
    <p class='ocr_par' dir='ltr' id='par_1_15' title="bbox 279 1456 1844 1534">
     <span class='ocr_line' id='line_1_15' title="bbox 279 1456 1844 1534; baseline -0.012 -7"><span class='ocrx_word' id='word_1_110' title='bbox 279 1461 379 1527; x_wconf 71' lang='grc' dir='ltr'>φὺς</span> <span class='ocrx_word' id='word_1_111' title='bbox 410 1460 681 1530; x_wconf 86' lang='grc' dir='ltr'>Ἰωάννης,</span> <span class='ocrx_word' id='word_1_112' title='bbox 701 1481 718 1511; x_wconf 73' lang='grc' dir='ltr'><strong>ι</strong></span> <span class='ocrx_word' id='word_1_113' title='bbox 735 1462 800 1513; x_wconf 79' lang='grc'><strong>’⁸0</strong></span> <span class='ocrx_word' id='word_1_114' title='bbox 823 1456 890 1532; x_wconf 80' lang='grc' dir='ltr'>ἦν</span> <span class='ocrx_word' id='word_1_115' title='bbox 920 1461 1011 1513; x_wconf 78' lang='grc' dir='ltr'><strong>ἀπ’</strong></span> <span class='ocrx_word' id='word_1_116' title='bbox 1030 1461 1226 1534; x_wconf 78' lang='grc' dir='ltr'>ἀρχῆς,</span> <span class='ocrx_word' id='word_1_117' title='bbox 1258 1458 1440 1529; x_wconf 59' lang='grc' dir='ltr'>φησιν,</span> <span class='ocrx_word' id='word_1_118' title='bbox 1458 1458 1487 1511; x_wconf 80' lang='grc' dir='ltr'><strong>ὃ</strong></span> <span class='ocrx_word' id='word_1_119' title='bbox 1508 1457 1844 1527; x_wconf 83' lang='grc' dir='ltr'>ἀκηκόαμεν,</span> 
     </span>
    </p>
   </div>
   <div class='ocr_carea' id='block_1_16' title="bbox 270 1550 1845 1623">
    <p class='ocr_par' dir='ltr' id='par_1_16' title="bbox 270 1550 1845 1623">
     <span class='ocr_line' id='line_1_16' title="bbox 270 1550 1845 1623; baseline -0.001 -18"><span class='ocrx_word' id='word_1_120' title='bbox 270 1554 307 1605; x_wconf 75' lang='grc' dir='ltr'><strong>ὃ</strong></span> <span class='ocrx_word' id='word_1_121' title='bbox 340 1555 663 1623; x_wconf 78' lang='grc' dir='ltr'><strong>ἑωράκαμεν</strong></span> <span class='ocrx_word' id='word_1_122' title='bbox 697 1556 809 1616; x_wconf 79' lang='grc' dir='ltr'>τοῖς</span> <span class='ocrx_word' id='word_1_123' title='bbox 850 1553 1147 1623; x_wconf 79' lang='grc' dir='ltr'>ὀφθαλμοῖς</span> <span class='ocrx_word' id='word_1_124' title='bbox 1200 1552 1378 1623; x_wconf 77' lang='grc' dir='ltr'>ἡμῶν,</span> <span class='ocrx_word' id='word_1_125' title='bbox 1418 1552 1446 1605; x_wconf 84' lang='grc' dir='ltr'>ὃ</span> <span class='ocrx_word' id='word_1_126' title='bbox 1479 1550 1845 1622; x_wconf 86' lang='grc' dir='ltr'>ἐθεασάμεθα,</span> 
     </span>
    </p>
   </div>
   <div class='ocr_carea' id='block_1_17' title="bbox 279 1639 1846 1714">
    <p class='ocr_par' dir='ltr' id='par_1_17' title="bbox 279 1639 1846 1714">
     <span class='ocr_line' id='line_1_17' title="bbox 279 1639 1846 1714; baseline -0.004 -15"><span class='ocrx_word' id='word_1_127' title='bbox 279 1645 377 1698; x_wconf 70' lang='grc' dir='ltr'>καὶ</span> <span class='ocrx_word' id='word_1_128' title='bbox 405 1645 462 1697; x_wconf 89' lang='grc' dir='ltr'>αἱ</span> <span class='ocrx_word' id='word_1_129' title='bbox 486 1646 665 1714; x_wconf 83' lang='grc' dir='ltr'>χεῖρες</span> <span class='ocrx_word' id='word_1_130' title='bbox 692 1642 851 1714; x_wconf 81' lang='grc' dir='ltr'>ἡμῶν</span> <span class='ocrx_word' id='word_1_131' title='bbox 882 1642 1241 1713; x_wconf 81' lang='grc' dir='ltr'>ἐψηλάφησαν</span> <span class='ocrx_word' id='word_1_132' title='bbox 1276 1642 1402 1713; x_wconf 73' lang='grc' dir='ltr'>περὶ</span> <span class='ocrx_word' id='word_1_133' title='bbox 1425 1641 1517 1694; x_wconf 80' lang='grc' dir='ltr'>τοῦ</span> <span class='ocrx_word' id='word_1_134' title='bbox 1544 1641 1717 1708; x_wconf 80' lang='grc' dir='ltr'>Λόγου</span> <span class='ocrx_word' id='word_1_135' title='bbox 1744 1639 1846 1708; x_wconf 80' lang='grc' dir='ltr'>τῆς</span> 
     </span>
    </p>
   </div>
   <div class='ocr_carea' id='block_1_18' title="bbox 278 1732 1845 1806">
    <p class='ocr_par' dir='ltr' id='par_1_18' title="bbox 278 1732 1845 1806">
     <span class='ocr_line' id='line_1_18' title="bbox 278 1732 1845 1806; baseline -0.004 -17"><span class='ocrx_word' id='word_1_136' title='bbox 278 1737 447 1806; x_wconf 80' lang='grc' dir='ltr'>ζωῆς.</span> <span class='ocrx_word' id='word_1_137' title='bbox 479 1756 496 1787; x_wconf 82' lang='grc'><strong>›</strong></span> <span class='ocrx_word' id='word_1_138' title='bbox 533 1736 726 1790; x_wconf 80' lang='grc' dir='ltr'>Καίτοι</span> <span class='ocrx_word' id='word_1_139' title='bbox 761 1736 821 1789; x_wconf 87' lang='grc' dir='ltr'><strong>τὸ</strong></span> <span class='ocrx_word' id='word_1_140' title='bbox 854 1736 1004 1789; x_wconf 87' lang='grc' dir='ltr'>Θεῖόν</span> <span class='ocrx_word' id='word_1_141' title='bbox 1035 1738 1182 1790; x_wconf 82' lang='grc' dir='ltr'>ἐστιν</span> <span class='ocrx_word' id='word_1_142' title='bbox 1218 1735 1442 1804; x_wconf 76' lang='grc' dir='ltr'>ἀναφὲς,</span> <span class='ocrx_word' id='word_1_143' title='bbox 1469 1733 1603 1788; x_wconf 79' lang='grc' dir='ltr'>ἀλλὰ</span> <span class='ocrx_word' id='word_1_144' title='bbox 1623 1732 1845 1799; x_wconf 86' lang='grc' dir='ltr'>γέγονεν</span> 
     </span>
    </p>
   </div>
   <div class='ocr_carea' id='block_1_19' title="bbox 1945 638 3503 708">
    <p class='ocr_par' dir='ltr' id='par_1_19' title="bbox 1945 638 3503 708">
     <span class='ocr_line' id='line_1_19' title="bbox 1945 638 3503 708; baseline 0 -14"><span class='ocrx_word' id='word_1_145' title='bbox 1945 652 2102 705; x_wconf 88' lang='lat' dir='ltr'><strong>rato,</strong></span> <span class='ocrx_word' id='word_1_146' title='bbox 2153 655 2272 694; x_wconf 93' lang='lat' dir='ltr'><strong>eum</strong></span> <span class='ocrx_word' id='word_1_147' title='bbox 2332 649 2514 708; x_wconf 89' lang='lat' dir='ltr'><strong>postea</strong></span> <span class='ocrx_word' id='word_1_148' title='bbox 2579 639 2749 707; x_wconf 84' lang='lat' dir='ltr'><strong>ipsum</strong></span> <span class='ocrx_word' id='word_1_149' title='bbox 2817 640 3108 694; x_wconf 90' lang='lat' dir='ltr'><strong>invenisset</strong></span> <span class='ocrx_word' id='word_1_150' title='bbox 3166 638 3216 693; x_wconf 90' lang='lat' dir='ltr'><strong>in</strong></span> <span class='ocrx_word' id='word_1_151' title='bbox 3269 638 3503 707; x_wconf 88' lang='lat' dir='ltr'><strong>templo,</strong></span> 
     </span>
    </p>
   </div>
   <div class='ocr_carea' id='block_1_20' title="bbox 1945 729 3505 784">
    <p class='ocr_par' dir='ltr' id='par_1_20' title="bbox 1945 729 3505 784">
     <span class='ocr_line' id='line_1_20' title="bbox 1945 729 3505 784; baseline -0.002 0"><span class='ocrx_word' id='word_1_152' title='bbox 1945 730 2153 784; x_wconf 84' lang='lat' dir='ltr'><strong>lirmam</strong></span> <span class='ocrx_word' id='word_1_153' title='bbox 2180 741 2233 784; x_wconf 89' lang='lat' dir='ltr'><strong>et</strong></span> <span class='ocrx_word' id='word_1_154' title='bbox 2266 730 2511 783; x_wconf 91' lang='lat' dir='ltr'><strong>stabilem</strong></span> <span class='ocrx_word' id='word_1_155' title='bbox 2561 730 2813 784; x_wconf 89' lang='lat' dir='ltr'><strong>indiderit</strong></span> <span class='ocrx_word' id='word_1_156' title='bbox 2856 731 3013 783; x_wconf 70' lang='lat' dir='ltr'><strong>[idem</strong></span> <span class='ocrx_word' id='word_1_157' title='bbox 3043 729 3066 782; x_wconf 92' lang='lat'><strong>?</strong></span> <span class='ocrx_word' id='word_1_158' title='bbox 3098 744 3217 782; x_wconf 89' lang='lat' dir='ltr'><strong>nam</strong></span> <span class='ocrx_word' id='word_1_159' title='bbox 3244 730 3505 783; x_wconf 82' lang='lat' dir='ltr'><strong>accedens</strong></span> 
     </span>
    </p>
   </div>
   <div class='ocr_carea' id='block_1_21' title="bbox 1942 820 3505 891">
    <p class='ocr_par' dir='ltr' id='par_1_21' title="bbox 1942 820 3505 891">
     <span class='ocr_line' id='line_1_21' title="bbox 1942 820 3505 891; baseline -0.001 -16"><span class='ocrx_word' id='word_1_160' title='bbox 1942 821 2151 891; x_wconf 75' lang='lat' dir='ltr'><strong>rogavit</strong></span> <span class='ocrx_word' id='word_1_161' title='bbox 2185 839 2199 874; x_wconf 86' lang='lat'><strong>:</strong></span> <span class='ocrx_word' id='word_1_162' title='bbox 2231 840 2250 871; x_wconf 71' lang='grc' dir='ltr'><strong>ι</strong></span> <span class='ocrx_word' id='word_1_163' title='bbox 2280 820 2356 873; x_wconf 90' lang='lat' dir='ltr'><strong>Tu</strong></span> <span class='ocrx_word' id='word_1_164' title='bbox 2392 821 2566 876; x_wconf 86' lang='lat' dir='ltr'><strong>credis</strong></span> <span class='ocrx_word' id='word_1_165' title='bbox 2590 821 2641 875; x_wconf 93' lang='lat' dir='ltr'><strong>iu</strong></span> <span class='ocrx_word' id='word_1_166' title='bbox 2675 820 2866 877; x_wconf 86' lang='lat' dir='ltr'><strong>Filium</strong></span> <span class='ocrx_word' id='word_1_167' title='bbox 2891 821 2982 875; x_wconf 88' lang='lat' dir='ltr'><strong>Dei</strong></span> <span class='ocrx_word' id='word_1_168' title='bbox 3005 820 3106 874; x_wconf 86' lang='lat' dir='ltr'><strong>?ad</strong></span> <span class='ocrx_word' id='word_1_169' title='bbox 3134 824 3246 875; x_wconf 56' lang='lat' dir='ltr'><strong>hac</strong></span> <span class='ocrx_word' id='word_1_170' title='bbox 3272 820 3364 874; x_wconf 90' lang='lat' dir='ltr'><strong>illo</strong></span> <span class='ocrx_word' id='word_1_171' title='bbox 3390 821 3505 874; x_wconf 89' lang='lat' dir='ltr'><strong>cla-</strong></span> 
     </span>
    </p>
   </div>
   <div class='ocr_carea' id='block_1_22' title="bbox 1944 912 3497 979">
    <p class='ocr_par' dir='ltr' id='par_1_22' title="bbox 1944 912 3497 979">
     <span class='ocr_line' id='line_1_22' title="bbox 1944 912 3497 979; baseline -0.002 -12"><span class='ocrx_word' id='word_1_172' title='bbox 1944 923 2126 967; x_wconf 86' lang='lat' dir='ltr'><strong>mante</strong></span> <span class='ocrx_word' id='word_1_173' title='bbox 2160 912 2329 979; x_wconf 86' lang='lat' dir='ltr'><strong>:Quis</strong></span> <span class='ocrx_word' id='word_1_174' title='bbox 2378 920 2480 977; x_wconf 86' lang='lat' dir='ltr'><strong>est,</strong></span> <span class='ocrx_word' id='word_1_175' title='bbox 2518 913 2773 979; x_wconf 77' lang='lat' dir='ltr'><strong>Domine,</strong></span> <span class='ocrx_word' id='word_1_176' title='bbox 2812 923 2868 968; x_wconf 85' lang='grc' dir='ltr'><strong>ιιι</strong></span> <span class='ocrx_word' id='word_1_177' title='bbox 2911 916 3124 968; x_wconf 82' lang='lat' dir='ltr'><strong>credam</strong></span> <span class='ocrx_word' id='word_1_178' title='bbox 3176 914 3226 967; x_wconf 94' lang='lat' dir='ltr'><strong>in</strong></span> <span class='ocrx_word' id='word_1_179' title='bbox 3270 928 3389 967; x_wconf 91' lang='lat' dir='ltr'><strong>eum</strong></span> <span class='ocrx_word' id='word_1_180' title='bbox 3420 913 3443 965; x_wconf 89' lang='lat'><strong>?</strong></span> <span class='ocrx_word' id='word_1_181' title='bbox 3474 932 3497 964; x_wconf 68' lang='grc' dir='ltr'><strong>ο</strong></span> 
     </span>
    </p>
   </div>
   <div class='ocr_carea' id='block_1_23' title="bbox 1945 998 3507 1076">
    <p class='ocr_par' dir='ltr' id='par_1_23' title="bbox 1945 998 3507 1076">
     <span class='ocr_line' id='line_1_23' title="bbox 1945 998 3507 1076; baseline -0.001 -16"><span class='ocrx_word' id='word_1_182' title='bbox 1945 1005 2080 1060; x_wconf 84' lang='lat' dir='ltr'><strong>dixit</strong></span> <span class='ocrx_word' id='word_1_183' title='bbox 2112 1006 2223 1073; x_wconf 88' lang='lat' dir='ltr'><strong>ipse</strong></span> <span class='ocrx_word' id='word_1_184' title='bbox 2258 1020 2440 1059; x_wconf 87' lang='lat' dir='ltr'><strong>rursus</strong></span> <span class='ocrx_word' id='word_1_185' title='bbox 2473 1024 2485 1059; x_wconf 87' lang='lat'><strong><em>:</em></strong></span> <span class='ocrx_word' id='word_1_186' title='bbox 2526 1022 2544 1056; x_wconf 78' lang='grc' dir='ltr'><strong>ι</strong></span> <span class='ocrx_word' id='word_1_187' title='bbox 2579 998 2638 1059; x_wconf 84' lang='lat' dir='ltr'><strong>Et</strong></span> <span class='ocrx_word' id='word_1_188' title='bbox 2664 1006 2839 1060; x_wconf 86' lang='lat' dir='ltr'><strong>vidisti</strong></span> <span class='ocrx_word' id='word_1_189' title='bbox 2873 1021 2994 1059; x_wconf 88' lang='lat' dir='ltr'><strong>eum</strong></span> <span class='ocrx_word' id='word_1_190' title='bbox 3016 1046 3030 1069; x_wconf 91' lang='lat'><strong>,</strong></span> <span class='ocrx_word' id='word_1_191' title='bbox 3066 1016 3121 1059; x_wconf 87' lang='lat' dir='ltr'><strong>et</strong></span> <span class='ocrx_word' id='word_1_192' title='bbox 3153 1006 3241 1076; x_wconf 92' lang='lat' dir='ltr'><strong>qui</strong></span> <span class='ocrx_word' id='word_1_193' title='bbox 3273 1006 3507 1074; x_wconf 79' lang='lat' dir='ltr'><strong>loquitur</strong></span> 
     </span>
    </p>
   </div>
   <div class='ocr_carea' id='block_1_24' title="bbox 1944 1092 3507 1165">
    <p class='ocr_par' dir='ltr' id='par_1_24' title="bbox 1944 1092 3507 1165">
     <span class='ocr_line' id='line_1_24' title="bbox 1944 1092 3507 1165; baseline 0.001 -18"><span class='ocrx_word' id='word_1_194' title='bbox 1944 1102 2122 1148; x_wconf 84' lang='lat' dir='ltr'><strong>tecum</strong></span> <span class='ocrx_word' id='word_1_195' title='bbox 2151 1095 2261 1163; x_wconf 88' lang='lat' dir='ltr'><strong>ipse</strong></span> <span class='ocrx_word' id='word_1_196' title='bbox 2297 1104 2379 1149; x_wconf 88' lang='lat' dir='ltr'><strong>est</strong></span> <span class='ocrx_word' id='word_1_197' title='bbox 2407 1095 2475 1149; x_wconf 84' lang='lat'><strong>&quot;.</strong></span> <span class='ocrx_word' id='word_1_198' title='bbox 2525 1114 2543 1147; x_wconf 70' lang='grc' dir='ltr'><strong>ι</strong></span> <span class='ocrx_word' id='word_1_199' title='bbox 2585 1092 2743 1149; x_wconf 80' lang='lat' dir='ltr'><strong>Vides</strong></span> <span class='ocrx_word' id='word_1_200' title='bbox 2760 1096 3027 1163; x_wconf 86' lang='lat' dir='ltr'><strong>quomodo</strong></span> <span class='ocrx_word' id='word_1_201' title='bbox 3057 1111 3161 1148; x_wconf 90' lang='lat' dir='ltr'><strong>non</strong></span> <span class='ocrx_word' id='word_1_202' title='bbox 3191 1106 3507 1165; x_wconf 81' lang='lat' dir='ltr'><strong>gestantem,</strong></span> 
     </span>
    </p>
   </div>
   <div class='ocr_carea' id='block_1_25' title="bbox 1944 1185 3503 1255">
    <p class='ocr_par' dir='ltr' id='par_1_25' title="bbox 1944 1185 3503 1255">
     <span class='ocr_line' id='line_1_25' title="bbox 1944 1185 3503 1255; baseline 0 -16"><span class='ocrx_word' id='word_1_203' title='bbox 1944 1201 2051 1239; x_wconf 88' lang='lat' dir='ltr'><strong>non</strong></span> <span class='ocrx_word' id='word_1_204' title='bbox 2106 1186 2248 1240; x_wconf 89' lang='lat' dir='ltr'><strong>intus</strong></span> <span class='ocrx_word' id='word_1_205' title='bbox 2276 1185 2561 1251; x_wconf 86' lang='lat' dir='ltr'><strong>latentem,</strong></span> <span class='ocrx_word' id='word_1_206' title='bbox 2590 1187 2683 1239; x_wconf 90' lang='lat' dir='ltr'><strong>sed</strong></span> <span class='ocrx_word' id='word_1_207' title='bbox 2732 1201 2850 1240; x_wconf 88' lang='lat' dir='ltr'><strong>sese</strong></span> <span class='ocrx_word' id='word_1_208' title='bbox 2901 1201 3019 1240; x_wconf 92' lang='lat' dir='ltr'><strong>cum</strong></span> <span class='ocrx_word' id='word_1_209' title='bbox 3064 1201 3225 1240; x_wconf 86' lang='lat' dir='ltr'><strong>carne</strong></span> <span class='ocrx_word' id='word_1_210' title='bbox 3254 1197 3503 1255; x_wconf 88' lang='lat' dir='ltr'><strong>tanquam</strong></span> 
     </span>
    </p>
   </div>
   <div class='ocr_carea' id='block_1_26' title="bbox 1948 1277 3506 1346">
    <p class='ocr_par' dir='ltr' id='par_1_26' title="bbox 1948 1277 3506 1346">
     <span class='ocr_line' id='line_1_26' title="bbox 1948 1277 3506 1346; baseline 0.003 -16"><span class='ocrx_word' id='word_1_211' title='bbox 1948 1294 2113 1331; x_wconf 91' lang='lat' dir='ltr'><strong>unum</strong></span> <span class='ocrx_word' id='word_1_212' title='bbox 2147 1278 2495 1333; x_wconf 82' lang='lat' dir='ltr'><strong>ostenderit?</strong></span> <span class='ocrx_word' id='word_1_213' title='bbox 2525 1277 2684 1333; x_wconf 81' lang='lat' dir='ltr'><strong>Certe</strong></span> <span class='ocrx_word' id='word_1_214' title='bbox 2729 1280 2914 1332; x_wconf 85' lang='lat' dir='ltr'><strong>beatus</strong></span> <span class='ocrx_word' id='word_1_215' title='bbox 2966 1277 3240 1334; x_wconf 78' lang='lat' dir='ltr'><strong>Joannes:</strong></span> <span class='ocrx_word' id='word_1_216' title='bbox 3291 1300 3309 1332; x_wconf 78' lang='grc' dir='ltr'><strong>ι</strong></span> <span class='ocrx_word' id='word_1_217' title='bbox 3353 1278 3506 1346; x_wconf 86' lang='lat' dir='ltr'><strong>Quod</strong></span> 
     </span>
    </p>
   </div>
   <div class='ocr_carea' id='block_1_27' title="bbox 1950 1368 3507 1439">
    <p class='ocr_par' dir='ltr' id='par_1_27' title="bbox 1950 1368 3507 1439">
     <span class='ocr_line' id='line_1_27' title="bbox 1950 1368 3507 1439; baseline 0.003 -19"><span class='ocrx_word' id='word_1_218' title='bbox 1950 1368 2049 1422; x_wconf 81' lang='lat' dir='ltr'><strong>fuit</strong></span> <span class='ocrx_word' id='word_1_219' title='bbox 2074 1370 2141 1424; x_wconf 89' lang='lat' dir='ltr'><strong>ab</strong></span> <span class='ocrx_word' id='word_1_220' title='bbox 2171 1369 2343 1434; x_wconf 92' lang='lat' dir='ltr'><strong>initio,</strong></span> <span class='ocrx_word' id='word_1_221' title='bbox 2379 1370 2571 1438; x_wconf 87' lang='lat' dir='ltr'><strong>inquit,</strong></span> <span class='ocrx_word' id='word_1_222' title='bbox 2603 1369 2741 1439; x_wconf 90' lang='lat' dir='ltr'><strong>quod</strong></span> <span class='ocrx_word' id='word_1_223' title='bbox 2767 1370 3083 1434; x_wconf 83' lang='lat' dir='ltr'><strong>audivimus,</strong></span> <span class='ocrx_word' id='word_1_224' title='bbox 3115 1371 3254 1439; x_wconf 89' lang='lat' dir='ltr'><strong>quod</strong></span> <span class='ocrx_word' id='word_1_225' title='bbox 3274 1372 3507 1425; x_wconf 81' lang='lat' dir='ltr'><strong>vidimus</strong></span> 
     </span>
    </p>
   </div>
   <div class='ocr_carea' id='block_1_28' title="bbox 1947 1461 3504 1530">
    <p class='ocr_par' dir='ltr' id='par_1_28' title="bbox 1947 1461 3504 1530">
     <span class='ocr_line' id='line_1_28' title="bbox 1947 1461 3504 1530; baseline 0.001 -16"><span class='ocrx_word' id='word_1_226' title='bbox 1947 1461 2115 1517; x_wconf 91' lang='lat' dir='ltr'><strong>oculis</strong></span> <span class='ocrx_word' id='word_1_227' title='bbox 2148 1461 2346 1515; x_wconf 91' lang='lat' dir='ltr'><strong>nostris</strong></span> <span class='ocrx_word' id='word_1_228' title='bbox 2369 1500 2385 1525; x_wconf 95' lang='lat'><strong>,</strong></span> <span class='ocrx_word' id='word_1_229' title='bbox 2408 1464 2546 1530; x_wconf 91' lang='lat' dir='ltr'><strong>quod</strong></span> <span class='ocrx_word' id='word_1_230' title='bbox 2574 1461 2942 1529; x_wconf 86' lang='lat' dir='ltr'><strong>perspeximus</strong></span> <span class='ocrx_word' id='word_1_231' title='bbox 2961 1498 2975 1523; x_wconf 87' lang='lat'><strong>,</strong></span> <span class='ocrx_word' id='word_1_232' title='bbox 2998 1468 3052 1516; x_wconf 89' lang='lat' dir='ltr'><strong>et</strong></span> <span class='ocrx_word' id='word_1_233' title='bbox 3087 1477 3275 1516; x_wconf 88' lang='lat' dir='ltr'><strong>manus</strong></span> <span class='ocrx_word' id='word_1_234' title='bbox 3310 1472 3504 1517; x_wconf 74' lang='lat' dir='ltr'><strong>nostra:</strong></span> 
     </span>
    </p>
   </div>
   <div class='ocr_carea' id='block_1_29' title="bbox 1948 1552 3509 1620">
    <p class='ocr_par' dir='ltr' id='par_1_29' title="bbox 1948 1552 3509 1620">
     <span class='ocr_line' id='line_1_29' title="bbox 1948 1552 3509 1620; baseline 0 -16"><span class='ocrx_word' id='word_1_235' title='bbox 1948 1562 2416 1607; x_wconf 81' lang='lat' dir='ltr'><strong>contreclaverunt</strong></span> <span class='ocrx_word' id='word_1_236' title='bbox 2438 1554 2503 1607; x_wconf 88' lang='lat' dir='ltr'><strong>de</strong></span> <span class='ocrx_word' id='word_1_237' title='bbox 2520 1552 2694 1607; x_wconf 74' lang='lat' dir='ltr'><strong>Verbo</strong></span> <span class='ocrx_word' id='word_1_238' title='bbox 2716 1553 2836 1605; x_wconf 68' lang='lat' dir='ltr'><strong>vita:</strong></span> <span class='ocrx_word' id='word_1_239' title='bbox 2853 1552 2918 1603; x_wconf 71' lang='lat'><strong>”.</strong></span> <span class='ocrx_word' id='word_1_240' title='bbox 2950 1572 2969 1603; x_wconf 67' lang='grc' dir='ltr'><strong>ι</strong></span> <span class='ocrx_word' id='word_1_241' title='bbox 2988 1553 3146 1620; x_wconf 84' lang='lat' dir='ltr'><strong>Atqui</strong></span> <span class='ocrx_word' id='word_1_242' title='bbox 3164 1552 3410 1607; x_wconf 84' lang='lat' dir='ltr'><strong>divinitas</strong></span> <span class='ocrx_word' id='word_1_243' title='bbox 3428 1563 3509 1607; x_wconf 88' lang='lat' dir='ltr'><strong>est</strong></span> 
     </span>
    </p>
   </div>
   <div class='ocr_carea' id='block_1_30' title="bbox 1948 1643 3506 1709">
    <p class='ocr_par' dir='ltr' id='par_1_30' title="bbox 1948 1643 3506 1709">
     <span class='ocr_line' id='line_1_30' title="bbox 1948 1643 3506 1709; baseline 0.001 -14"><span class='ocrx_word' id='word_1_244' title='bbox 1948 1644 2308 1698; x_wconf 88' lang='lat' dir='ltr'><strong>intractabilis</strong></span> <span class='ocrx_word' id='word_1_245' title='bbox 2328 1686 2342 1709; x_wconf 96' lang='lat'><strong>,</strong></span> <span class='ocrx_word' id='word_1_246' title='bbox 2367 1645 2458 1698; x_wconf 85' lang='lat' dir='ltr'><strong>sed</strong></span> <span class='ocrx_word' id='word_1_247' title='bbox 2485 1643 2711 1698; x_wconf 86' lang='lat' dir='ltr'><strong>Verbum</strong></span> <span class='ocrx_word' id='word_1_248' title='bbox 2734 1658 2843 1698; x_wconf 76' lang='lat' dir='ltr'><strong>suae</strong></span> <span class='ocrx_word' id='word_1_249' title='bbox 2868 1644 3044 1698; x_wconf 86' lang='lat' dir='ltr'><strong>carnis</strong></span> <span class='ocrx_word' id='word_1_250' title='bbox 3079 1644 3283 1698; x_wconf 88' lang='lat' dir='ltr'><strong>ratione</strong></span> <span class='ocrx_word' id='word_1_251' title='bbox 3309 1652 3506 1699; x_wconf 87' lang='lat' dir='ltr'><strong>tracta—</strong></span> 
     </span>
    </p>
   </div>
   <div class='ocr_carea' id='block_1_31' title="bbox 1948 1732 3509 1804">
    <p class='ocr_par' dir='ltr' id='par_1_31' title="bbox 1948 1732 3509 1804">
     <span class='ocr_line' id='line_1_31' title="bbox 1948 1732 3509 1804; baseline 0.002 -18"><span class='ocrx_word' id='word_1_252' title='bbox 1948 1732 2051 1787; x_wconf 89' lang='lat' dir='ltr'><strong>bile</strong></span> <span class='ocrx_word' id='word_1_253' title='bbox 2073 1733 2269 1787; x_wconf 83' lang='lat' dir='ltr'><strong>factum</strong></span> <span class='ocrx_word' id='word_1_254' title='bbox 2295 1746 2408 1788; x_wconf 86' lang='lat' dir='ltr'><strong>est:</strong></span> <span class='ocrx_word' id='word_1_255' title='bbox 2439 1734 2701 1789; x_wconf 85' lang='lat' dir='ltr'><strong>invisibile</strong></span> <span class='ocrx_word' id='word_1_256' title='bbox 2723 1736 2933 1804; x_wconf 90' lang='lat' dir='ltr'><strong>quidem</strong></span> <span class='ocrx_word' id='word_1_257' title='bbox 2958 1744 3071 1789; x_wconf 89' lang='lat' dir='ltr'><strong>erat</strong></span> <span class='ocrx_word' id='word_1_258' title='bbox 3096 1736 3382 1791; x_wconf 90' lang='lat' dir='ltr'><strong>secundum</strong></span> <span class='ocrx_word' id='word_1_259' title='bbox 3413 1752 3509 1792; x_wconf 88' lang='lat' dir='ltr'><strong>na-</strong></span> 
     </span>
    </p>
   </div>
   <div class='ocr_carea' id='block_1_32' title="bbox 277 1826 1857 1898">
    <p class='ocr_par' dir='ltr' id='par_1_32' title="bbox 277 1826 1844 1898">
     <span class='ocr_line' id='line_1_32' title="bbox 277 1826 1844 1898; baseline -0.002 -17"><span class='ocrx_word' id='word_1_260' title='bbox 277 1828 449 1892; x_wconf 80' lang='grc' dir='ltr'>ὰπτὸς</span> <span class='ocrx_word' id='word_1_261' title='bbox 477 1830 504 1880; x_wconf 78' lang='grc' dir='ltr'><strong>ό</strong></span> <span class='ocrx_word' id='word_1_262' title='bbox 532 1828 723 1895; x_wconf 82' lang='grc' dir='ltr'>Λόγος,</span> <span class='ocrx_word' id='word_1_263' title='bbox 758 1827 835 1890; x_wconf 82' lang='grc' dir='ltr'><strong>ὡς</strong></span> <span class='ocrx_word' id='word_1_264' title='bbox 879 1828 968 1881; x_wconf 85' lang='grc' dir='ltr'><strong>διὰ</strong></span> <span class='ocrx_word' id='word_1_265' title='bbox 1013 1829 1112 1897; x_wconf 80' lang='grc' dir='ltr'>τῆς</span> <span class='ocrx_word' id='word_1_266' title='bbox 1159 1827 1295 1889; x_wconf 81' lang='grc' dir='ltr'>ἰδίας</span> <span class='ocrx_word' id='word_1_267' title='bbox 1342 1826 1573 1898; x_wconf 85' lang='grc' dir='ltr'>σαρκός·</span> <span class='ocrx_word' id='word_1_268' title='bbox 1616 1826 1844 1895; x_wconf 84' lang='grc' dir='ltr'>ἀόρατος</span> 
     </span>
    </p>
   </div>
   <div class='ocr_carea' id='block_1_33' title="bbox 1958 1826 3506 1898">
    <p class='ocr_par' dir='ltr' id='par_1_33' title="bbox 1958 1826 3506 1897">
     <span class='ocr_line' id='line_1_33' title="bbox 1958 1826 3506 1897; baseline 0.003 -21"><span class='ocrx_word' id='word_1_269' title='bbox 1958 1833 2123 1877; x_wconf 79' lang='lat' dir='ltr'><strong>turam</strong></span> <span class='ocrx_word' id='word_1_270' title='bbox 2148 1866 2161 1889; x_wconf 92' lang='lat'><strong>,</strong></span> <span class='ocrx_word' id='word_1_271' title='bbox 2190 1826 2284 1879; x_wconf 86' lang='lat' dir='ltr'><strong>sed</strong></span> <span class='ocrx_word' id='word_1_272' title='bbox 2308 1826 2598 1895; x_wconf 84' lang='lat' dir='ltr'><strong>spectabile</strong></span> <span class='ocrx_word' id='word_1_273' title='bbox 2622 1842 2715 1895; x_wconf 90' lang='lat' dir='ltr'><strong>per</strong></span> <span class='ocrx_word' id='word_1_274' title='bbox 2748 1842 2959 1897; x_wconf 91' lang='lat' dir='ltr'><strong>corpus.</strong></span> <span class='ocrx_word' id='word_1_275' title='bbox 2994 1827 3061 1880; x_wconf 84' lang='lat' dir='ltr'><strong>At</strong></span> <span class='ocrx_word' id='word_1_276' title='bbox 3088 1842 3213 1881; x_wconf 91' lang='lat' dir='ltr'><strong>vero</strong></span> <span class='ocrx_word' id='word_1_277' title='bbox 3239 1836 3291 1881; x_wconf 92' lang='lat' dir='ltr'><strong>tu</strong></span> <span class='ocrx_word' id='word_1_278' title='bbox 3324 1836 3506 1882; x_wconf 83' lang='lat' dir='ltr'><strong>contra</strong></span> 
     </span>
    </p>
   </div>
   <div class='ocr_carea' id='block_1_34' title="bbox 280 1896 1857 1991">
    <p class='ocr_par' dir='ltr' id='par_1_34' title="bbox 280 1896 1846 1991">
     <span class='ocr_line' id='line_1_34' title="bbox 280 1896 1846 1991; baseline -0.001 -18"><span class='ocrx_word' id='word_1_279' title='bbox 280 1921 426 1973; x_wconf 81' lang='grc' dir='ltr'>κατὰ</span> <span class='ocrx_word' id='word_1_280' title='bbox 456 1919 637 1988; x_wconf 85' lang='grc' dir='ltr'>φύσιν,</span> <span class='ocrx_word' id='word_1_281' title='bbox 673 1919 785 1972; x_wconf 83' lang='grc' dir='ltr'>ἀλλ’</span> <span class='ocrx_word' id='word_1_282' title='bbox 814 1916 880 1989; x_wconf 81' lang='grc' dir='ltr'>ἦν</span> <span class='ocrx_word' id='word_1_283' title='bbox 910 1896 1157 1991; x_wconf 79' lang='grc' dir='ltr'>ἐμφανὴς</span> <span class='ocrx_word' id='word_1_284' title='bbox 1184 1920 1273 1972; x_wconf 85' lang='grc' dir='ltr'>διά</span> <span class='ocrx_word' id='word_1_285' title='bbox 1297 1896 1565 1990; x_wconf 83' lang='grc' dir='ltr'>σώματος.</span> <span class='ocrx_word' id='word_1_286' title='bbox 1595 1921 1667 1972; x_wconf 77' lang='grc' dir='ltr'><strong>Σὺ</strong></span> <span class='ocrx_word' id='word_1_287' title='bbox 1691 1919 1749 1971; x_wconf 75' lang='grc' dir='ltr'><strong>δὲ</strong></span> <span class='ocrx_word' id='word_1_288' title='bbox 1782 1918 1846 1988; x_wconf 82' lang='grc' dir='ltr'><strong>δὴ</strong></span> 
     </span>
    </p>
   </div>
   <div class='ocr_carea' id='block_1_35' title="bbox 1958 1896 3511 1991">
    <p class='ocr_par' dir='ltr' id='par_1_35' title="bbox 1958 1916 3511 1988">
     <span class='ocr_line' id='line_1_35' title="bbox 1958 1916 3511 1988; baseline 0.003 -20"><span class='ocrx_word' id='word_1_289' title='bbox 1958 1916 2238 1987; x_wconf 79' lang='lat' dir='ltr'><strong>distinguis</strong></span> <span class='ocrx_word' id='word_1_290' title='bbox 2290 1921 2535 1980; x_wconf 89' lang='lat' dir='ltr'><strong>omnino,</strong></span> <span class='ocrx_word' id='word_1_291' title='bbox 2566 1930 2619 1973; x_wconf 89' lang='lat' dir='ltr'><strong>et</strong></span> <span class='ocrx_word' id='word_1_292' title='bbox 2674 1921 2954 1973; x_wconf 81' lang='lat' dir='ltr'><strong>veritatem</strong></span> <span class='ocrx_word' id='word_1_293' title='bbox 3006 1918 3113 1973; x_wconf 90' lang='lat' dir='ltr'><strong>tuis</strong></span> <span class='ocrx_word' id='word_1_294' title='bbox 3171 1919 3511 1988; x_wconf 81' lang='lat' dir='ltr'><strong>scphismatis</strong></span> 
     </span>
    </p>
   </div>
   <div class='ocr_carea' id='block_1_36' title="bbox 282 2009 1851 2083">
    <p class='ocr_par' dir='ltr' id='par_1_36' title="bbox 282 2009 1851 2083">
     <span class='ocr_line' id='line_1_36' title="bbox 282 2009 1851 2083; baseline -0.003 -17"><span class='ocrx_word' id='word_1_295' title='bbox 282 2018 442 2071; x_wconf 74' lang='grc' dir='ltr'>πάλιν</span> <span class='ocrx_word' id='word_1_296' title='bbox 471 2014 673 2083; x_wconf 53' lang='lat' dir='ltr'><strong>sane;</strong></span> <span class='ocrx_word' id='word_1_297' title='bbox 698 2011 1022 2080; x_wconf 84' lang='grc' dir='ltr'>ὁλοτρόπως,</span> <span class='ocrx_word' id='word_1_298' title='bbox 1052 2012 1145 2064; x_wconf 75' lang='grc' dir='ltr'><strong>καὶ</strong></span> <span class='ocrx_word' id='word_1_299' title='bbox 1172 2009 1510 2083; x_wconf 77' lang='grc' dir='ltr'>κατασοφίζῃ</span> <span class='ocrx_word' id='word_1_300' title='bbox 1537 2011 1600 2062; x_wconf 88' lang='grc' dir='ltr'><strong>τὸ</strong></span> <span class='ocrx_word' id='word_1_301' title='bbox 1634 2010 1851 2080; x_wconf 81' lang='grc' dir='ltr'>ἀληθὲς,</span> 
     </span>
    </p>
   </div>
   <div class='ocr_carea' id='block_1_37' title="bbox 278 2100 1855 2180">
    <p class='ocr_par' dir='ltr' id='par_1_37' title="bbox 278 2100 1855 2180">
     <span class='ocr_line' id='line_1_37' title="bbox 278 2100 1855 2180; baseline -0.022 -6"><span class='ocrx_word' id='word_1_302' title='bbox 278 2112 379 2173; x_wconf 78' lang='grc' dir='ltr'>τὰς</span> <span class='ocrx_word' id='word_1_303' title='bbox 407 2108 507 2180; x_wconf 71' lang='grc' dir='ltr'>μὲν</span> <span class='ocrx_word' id='word_1_304' title='bbox 535 2105 729 2176; x_wconf 81' lang='grc' dir='ltr'>φύσεις</span> <span class='ocrx_word' id='word_1_305' title='bbox 753 2103 1018 2174; x_wconf 79' lang='grc' dir='ltr'><strong>χωρίζων,</strong></span> <span class='ocrx_word' id='word_1_306' title='bbox 1043 2103 1179 2156; x_wconf 81' lang='grc' dir='ltr'>ἑνῶν</span> <span class='ocrx_word' id='word_1_307' title='bbox 1206 2101 1283 2163; x_wconf 86' lang='grc' dir='ltr'><strong>δὲ,</strong></span> <span class='ocrx_word' id='word_1_308' title='bbox 1308 2102 1382 2164; x_wconf 84' lang='grc' dir='ltr'><strong>ὡς</strong></span> <span class='ocrx_word' id='word_1_309' title='bbox 1413 2101 1536 2172; x_wconf 81' lang='grc' dir='ltr'>φὴς,</span> <span class='ocrx_word' id='word_1_310' title='bbox 1567 2100 1663 2171; x_wconf 77' lang='grc' dir='ltr'><strong>τὴν</strong></span> <span class='ocrx_word' id='word_1_311' title='bbox 1688 2117 1855 2171; x_wconf 78' lang='grc' dir='ltr'>προσ-</span> 
     </span>
    </p>
   </div>
   <div class='ocr_carea' id='block_1_38' title="bbox 280 2192 1852 2273">
    <p class='ocr_par' dir='ltr' id='par_1_38' title="bbox 280 2192 1852 2273">
     <span class='ocr_line' id='line_1_38' title="bbox 280 2192 1852 2273; baseline -0.008 -18"><span class='ocrx_word' id='word_1_312' title='bbox 280 2202 529 2273; x_wconf 82' lang='grc' dir='ltr'>κύνησιν.</span> <span class='ocrx_word' id='word_1_313' title='bbox 575 2199 714 2252; x_wconf 83' lang='grc' dir='ltr'>Ἀλλ’</span> <span class='ocrx_word' id='word_1_314' title='bbox 755 2200 804 2250; x_wconf 84' lang='grc' dir='ltr'>εἰ</span> <span class='ocrx_word' id='word_1_315' title='bbox 843 2195 1098 2266; x_wconf 73' lang='grc' dir='ltr'>χωρίζεις</span> <span class='ocrx_word' id='word_1_316' title='bbox 1135 2192 1234 2256; x_wconf 86' lang='grc' dir='ltr'>τὰς</span> <span class='ocrx_word' id='word_1_317' title='bbox 1263 2193 1480 2260; x_wconf 77' lang='grc' dir='ltr'>φύσεις,</span> <span class='ocrx_word' id='word_1_318' title='bbox 1523 2207 1852 2259; x_wconf 84' lang='grc' dir='ltr'>συναποφοι-</span> 
     </span>
    </p>
   </div>
   <div class='ocr_carea' id='block_1_39' title="bbox 276 2282 1842 2365">
    <p class='ocr_par' dir='ltr' id='par_1_39' title="bbox 276 2282 1842 2365">
     <span class='ocr_line' id='line_1_39' title="bbox 276 2282 1842 2365; baseline -0.01 -17"><span class='ocrx_word' id='word_1_319' title='bbox 276 2296 497 2365; x_wconf 76' lang='grc' dir='ltr'>τήσειεν</span> <span class='ocrx_word' id='word_1_320' title='bbox 533 2293 599 2346; x_wconf 80' lang='grc' dir='ltr'>ἂν</span> <span class='ocrx_word' id='word_1_321' title='bbox 640 2292 830 2352; x_wconf 80' lang='grc' dir='ltr'>αὐταῖς</span> <span class='ocrx_word' id='word_1_322' title='bbox 873 2287 966 2340; x_wconf 80' lang='grc' dir='ltr'>καὶ</span> <span class='ocrx_word' id='word_1_323' title='bbox 1008 2285 1077 2338; x_wconf 79' lang='grc' dir='ltr'>τὰ</span> <span class='ocrx_word' id='word_1_324' title='bbox 1128 2283 1392 2355; x_wconf 73' lang='grc' dir='ltr'>ἑκατέρας</span> <span class='ocrx_word' id='word_1_325' title='bbox 1427 2282 1533 2336; x_wconf 78' lang='grc' dir='ltr'>ἴδια</span> <span class='ocrx_word' id='word_1_326' title='bbox 1568 2282 1842 2349; x_wconf 80' lang='grc' dir='ltr'>φυσικῶς·</span> 
     </span>
    </p>
   </div>
   <div class='ocr_carea' id='block_1_40' title="bbox 280 2368 1849 2451">
    <p class='ocr_par' dir='ltr' id='par_1_40' title="bbox 280 2368 1849 2451">
     <span class='ocr_line' id='line_1_40' title="bbox 280 2368 1849 2451; baseline -0.01 -12"><span class='ocrx_word' id='word_1_327' title='bbox 280 2386 463 2439; x_wconf 82' lang='grc' dir='ltr'>ἐλάσει</span> <span class='ocrx_word' id='word_1_328' title='bbox 482 2384 537 2436; x_wconf 85' lang='grc' dir='ltr'><strong>δὲ</strong></span> <span class='ocrx_word' id='word_1_329' title='bbox 575 2380 819 2451; x_wconf 74' lang='grc' dir='ltr'>διαμπὰξ</span> <span class='ocrx_word' id='word_1_330' title='bbox 849 2378 947 2446; x_wconf 80' lang='grc' dir='ltr'>τῆς</span> <span class='ocrx_word' id='word_1_331' title='bbox 969 2376 1231 2447; x_wconf 85' lang='grc' dir='ltr'>διαφορᾶς</span> <span class='ocrx_word' id='word_1_332' title='bbox 1262 2376 1313 2425; x_wconf 68' lang='grc' dir='ltr'>ὀί</span> <span class='ocrx_word' id='word_1_333' title='bbox 1326 2374 1480 2442; x_wconf 85' lang='grc' dir='ltr'>λόγος</span> <span class='ocrx_word' id='word_1_334' title='bbox 1500 2391 1515 2405; x_wconf 88' lang='grc'><strong>·</strong></span> <span class='ocrx_word' id='word_1_335' title='bbox 1543 2372 1635 2425; x_wconf 83' lang='grc' dir='ltr'>δύο</span> <span class='ocrx_word' id='word_1_336' title='bbox 1664 2372 1726 2442; x_wconf 81' lang='grc' dir='ltr'><strong>δὴ</strong></span> <span class='ocrx_word' id='word_1_337' title='bbox 1757 2368 1849 2425; x_wconf 83' lang='grc' dir='ltr'>οὖν</span> 
     </span>
    </p>
   </div>
   <div class='ocr_carea' id='block_1_41' title="bbox 272 2464 1855 2548">
    <p class='ocr_par' dir='ltr' id='par_1_41' title="bbox 272 2464 1855 2548">
     <span class='ocr_line' id='line_1_41' title="bbox 272 2464 1855 2548; baseline -0.012 -16"><span class='ocrx_word' id='word_1_338' title='bbox 272 2474 751 2548; x_wconf 66' lang='grc' dir='ltr'>ὁμολογουμένως,</span> <span class='ocrx_word' id='word_1_339' title='bbox 774 2470 919 2540; x_wconf 80' lang='grc' dir='ltr'>Πλὴν</span> <span class='ocrx_word' id='word_1_340' title='bbox 951 2466 1196 2538; x_wconf 78' lang='grc' dir='ltr'>ἐρομένῳ</span> <span class='ocrx_word' id='word_1_341' title='bbox 1224 2466 1455 2536; x_wconf 88' lang='grc' dir='ltr'>φράσον·</span> <span class='ocrx_word' id='word_1_342' title='bbox 1479 2464 1619 2517; x_wconf 86' lang='grc' dir='ltr'>Τίτὸ</span> <span class='ocrx_word' id='word_1_343' title='bbox 1648 2465 1855 2517; x_wconf 83' lang='grc' dir='ltr'>διῖστὰν</span> 
     </span>
    </p>
   </div>
   <div class='ocr_carea' id='block_1_42' title="bbox 283 2553 1858 2640">
    <p class='ocr_par' dir='ltr' id='par_1_42' title="bbox 283 2553 1858 2640">
     <span class='ocr_line' id='line_1_42' title="bbox 283 2553 1858 2640; baseline -0.01 -18"><span class='ocrx_word' id='word_1_344' title='bbox 283 2570 531 2640; x_wconf 78' lang='grc' dir='ltr'>ἀλλήλων</span> <span class='ocrx_word' id='word_1_345' title='bbox 562 2565 660 2628; x_wconf 85' lang='grc' dir='ltr'><strong>τάς</strong></span> <span class='ocrx_word' id='word_1_346' title='bbox 689 2562 900 2632; x_wconf 84' lang='grc' dir='ltr'>φύσεις,</span> <span class='ocrx_word' id='word_1_347' title='bbox 941 2562 1037 2613; x_wconf 74' lang='grc' dir='ltr'>καὶ</span> <span class='ocrx_word' id='word_1_348' title='bbox 1064 2559 1164 2626; x_wconf 79' lang='grc' dir='ltr'>τῆς</span> <span class='ocrx_word' id='word_1_349' title='bbox 1190 2557 1455 2626; x_wconf 80' lang='grc' dir='ltr'>διαφορᾶς</span> <span class='ocrx_word' id='word_1_350' title='bbox 1485 2555 1568 2618; x_wconf 82' lang='grc' dir='ltr'><strong>τίς</strong></span> <span class='ocrx_word' id='word_1_351' title='bbox 1607 2554 1673 2607; x_wconf 87' lang='grc' dir='ltr'><strong>ἂν</strong></span> <span class='ocrx_word' id='word_1_352' title='bbox 1714 2553 1800 2622; x_wconf 78' lang='grc' dir='ltr'>εἴη</span> <span class='ocrx_word' id='word_1_353' title='bbox 1828 2555 1858 2606; x_wconf 87' lang='grc' dir='ltr'>ὁ</span> 
     </span>
    </p>
   </div>
   <div class='ocr_carea' id='block_1_43' title="bbox 282 2646 1858 2729">
    <p class='ocr_par' dir='ltr' id='par_1_43' title="bbox 282 2646 1858 2729">
     <span class='ocr_line' id='line_1_43' title="bbox 282 2646 1858 2729; baseline -0.011 -14"><span class='ocrx_word' id='word_1_354' title='bbox 282 2662 515 2729; x_wconf 85' lang='grc' dir='ltr'>τρόπος;</span> <span class='ocrx_word' id='word_1_355' title='bbox 550 2656 687 2711; x_wconf 84' lang='grc' dir='ltr'>Ἀλλ’</span> <span class='ocrx_word' id='word_1_356' title='bbox 714 2658 859 2725; x_wconf 85' lang='grc' dir='ltr'>ἐρεῖς</span> <span class='ocrx_word' id='word_1_357' title='bbox 891 2671 994 2706; x_wconf 82' lang='grc' dir='ltr'><strong>που</strong></span> <span class='ocrx_word' id='word_1_358' title='bbox 1017 2652 1251 2716; x_wconf 81' lang='grc' dir='ltr'>πάντως,</span> <span class='ocrx_word' id='word_1_359' title='bbox 1275 2649 1349 2713; x_wconf 83' lang='grc' dir='ltr'>ὡς</span> <span class='ocrx_word' id='word_1_360' title='bbox 1378 2649 1463 2701; x_wconf 65' lang='lat' dir='ltr'><strong>Et:</strong></span> <span class='ocrx_word' id='word_1_361' title='bbox 1474 2664 1562 2718; x_wconf 91' lang='grc' dir='ltr'><strong>ρον</strong></span> <span class='ocrx_word' id='word_1_362' title='bbox 1587 2647 1685 2717; x_wconf 82' lang='grc' dir='ltr'><strong>μὲν</strong></span> <span class='ocrx_word' id='word_1_363' title='bbox 1716 2646 1858 2700; x_wconf 81' lang='grc' dir='ltr'>κατὰ</span> 
     </span>
    </p>
   </div>
   <div class='ocr_carea' id='block_1_44' title="bbox 284 2734 1854 2820">
    <p class='ocr_par' dir='ltr' id='par_1_44' title="bbox 284 2734 1854 2820">
     <span class='ocr_line' id='line_1_44' title="bbox 284 2734 1854 2820; baseline -0.011 -17"><span class='ocrx_word' id='word_1_364' title='bbox 284 2750 450 2820; x_wconf 77' lang='grc' dir='ltr'>φύσιν</span> <span class='ocrx_word' id='word_1_365' title='bbox 498 2749 811 2819; x_wconf 76' lang='grc' dir='ltr'>ἄνθρωπος,</span> <span class='ocrx_word' id='word_1_366' title='bbox 865 2745 1032 2814; x_wconf 67' lang='grc' dir='ltr'>ἤγουν</span> <span class='ocrx_word' id='word_1_367' title='bbox 1084 2739 1473 2811; x_wconf 81' lang='grc' dir='ltr'>ἁνθρωπότης·</span> <span class='ocrx_word' id='word_1_368' title='bbox 1533 2737 1719 2806; x_wconf 80' lang='grc' dir='ltr'>ἓτερον</span> <span class='ocrx_word' id='word_1_369' title='bbox 1775 2734 1854 2798; x_wconf 83' lang='grc' dir='ltr'>δὲ,</span> 
     </span>
    </p>
   </div>
   <div class='ocr_carea' id='block_1_45' title="bbox 279 2824 1854 2910">
    <p class='ocr_par' dir='ltr' id='par_1_45' title="bbox 279 2824 1854 2910">
     <span class='ocr_line' id='line_1_45' title="bbox 279 2824 1854 2910; baseline -0.011 -15"><span class='ocrx_word' id='word_1_370' title='bbox 279 2844 440 2906; x_wconf 83' lang='grc' dir='ltr'>Θεὸς,</span> <span class='ocrx_word' id='word_1_371' title='bbox 475 2841 596 2910; x_wconf 70' lang='grc' dir='ltr'>ἦτοι</span> <span class='ocrx_word' id='word_1_372' title='bbox 625 2838 849 2906; x_wconf 86' lang='grc' dir='ltr'>θεότης·</span> <span class='ocrx_word' id='word_1_373' title='bbox 879 2835 974 2888; x_wconf 69' lang='grc' dir='ltr'><strong>καὶ</strong></span> <span class='ocrx_word' id='word_1_374' title='bbox 1012 2834 1046 2904; x_wconf 84' lang='grc' dir='ltr'>ἡ</span> <span class='ocrx_word' id='word_1_375' title='bbox 1079 2832 1200 2903; x_wconf 81' lang='grc' dir='ltr'>μὲν,</span> <span class='ocrx_word' id='word_1_376' title='bbox 1241 2828 1587 2901; x_wconf 86' lang='grc' dir='ltr'>ἀσυγκρίτως</span> <span class='ocrx_word' id='word_1_377' title='bbox 1621 2824 1854 2897; x_wconf 80' lang='grc' dir='ltr'>θατέρας</span> 
     </span>
    </p>
   </div>
   <div class='ocr_carea' id='block_1_46' title="bbox 289 2919 1857 3005">
    <p class='ocr_par' dir='ltr' id='par_1_46' title="bbox 289 2919 1857 3005">
     <span class='ocr_line' id='line_1_46' title="bbox 289 2919 1857 3005; baseline -0.012 -18"><span class='ocrx_word' id='word_1_378' title='bbox 289 2932 684 3005; x_wconf 83' lang='grc' dir='ltr'>ὐπερηρμένη·</span> <span class='ocrx_word' id='word_1_379' title='bbox 738 2929 902 2999; x_wconf 83' lang='grc' dir='ltr'>μείων</span> <span class='ocrx_word' id='word_1_380' title='bbox 933 2943 997 2996; x_wconf 91' lang='grc' dir='ltr'><strong>γε</strong></span> <span class='ocrx_word' id='word_1_381' title='bbox 1038 2923 1143 2995; x_wconf 80' lang='grc' dir='ltr'><strong>μὴν</strong></span> <span class='ocrx_word' id='word_1_382' title='bbox 1188 2922 1367 2992; x_wconf 84' lang='grc' dir='ltr'>ὲκείνη</span> <span class='ocrx_word' id='word_1_383' title='bbox 1422 2919 1691 2983; x_wconf 79' lang='grc' dir='ltr'>τοσοῦτον,</span> <span class='ocrx_word' id='word_1_384' title='bbox 1734 2919 1857 2970; x_wconf 82' lang='grc' dir='ltr'>ὅσον</span> 
     </span>
    </p>
   </div>
   <div class='ocr_carea' id='block_1_47' title="bbox 278 3009 1856 3095">
    <p class='ocr_par' dir='ltr' id='par_1_47' title="bbox 278 3009 1856 3095">
     <span class='ocr_line' id='line_1_47' title="bbox 278 3009 1856 3095; baseline -0.01 -20"><span class='ocrx_word' id='word_1_385' title='bbox 278 3025 573 3095; x_wconf 35' lang='grc' dir='ltr'>»ἄνθρωπος</span> <span class='ocrx_word' id='word_1_386' title='bbox 600 3021 758 3075; x_wconf 80' lang='grc' dir='ltr'>Θεοῦ.</span> <span class='ocrx_word' id='word_1_387' title='bbox 779 3015 1047 3083; x_wconf 57' lang='grc' dir='ltr'>Πῶςηοῦν,</span> <span class='ocrx_word' id='word_1_388' title='bbox 1075 3015 1196 3068; x_wconf 78' lang='grc' dir='ltr'>εἰπέ</span> <span class='ocrx_word' id='word_1_389' title='bbox 1221 3031 1333 3083; x_wconf 87' lang='grc' dir='ltr'>μοι,</span> <span class='ocrx_word' id='word_1_390' title='bbox 1365 3012 1464 3082; x_wconf 82' lang='grc' dir='ltr'>μιᾷ</span> <span class='ocrx_word' id='word_1_391' title='bbox 1492 3009 1856 3082; x_wconf 83' lang='grc' dir='ltr'>προσκυνήσει</span> 
     </span>
    </p>
   </div>
   <div class='ocr_carea' id='block_1_48' title="bbox 287 3100 1854 3188">
    <p class='ocr_par' dir='ltr' id='par_1_48' title="bbox 287 3100 1854 3188">
     <span class='ocr_line' id='line_1_48' title="bbox 287 3100 1854 3188; baseline -0.011 -18"><span class='ocrx_word' id='word_1_392' title='bbox 287 3119 454 3188; x_wconf 84' lang='grc' dir='ltr'>τιμᾷν</span> <span class='ocrx_word' id='word_1_393' title='bbox 487 3115 656 3179; x_wconf 81' lang='grc' dir='ltr'>ἀξιοῖς</span> <span class='ocrx_word' id='word_1_394' title='bbox 686 3113 757 3165; x_wconf 82' lang='grc' dir='ltr'>τὰ</span> <span class='ocrx_word' id='word_1_395' title='bbox 781 3110 952 3173; x_wconf 72' lang='grc' dir='ltr'>οὕτως</span> <span class='ocrx_word' id='word_1_396' title='bbox 980 3108 1229 3177; x_wconf 83' lang='grc' dir='ltr'>ἀλλήλοις</span> <span class='ocrx_word' id='word_1_397' title='bbox 1262 3103 1547 3173; x_wconf 82' lang='grc' dir='ltr'>ἁνισοφυῆ,</span> <span class='ocrx_word' id='word_1_398' title='bbox 1584 3101 1679 3154; x_wconf 74' lang='grc' dir='ltr'>καὶ</span> <span class='ocrx_word' id='word_1_399' title='bbox 1706 3100 1854 3154; x_wconf 73' lang='grc' dir='ltr'>κατὰ</span> 
     </span>
    </p>
   </div>
   <div class='ocr_carea' id='block_1_49' title="bbox 288 3191 1924 3297">
    <p class='ocr_par' dir='ltr' id='par_1_49' title="bbox 288 3191 1924 3297">
     <span class='ocr_line' id='line_1_49' title="bbox 288 3191 1924 3297; baseline -0.012 -38"><span class='ocrx_word' id='word_1_400' title='bbox 288 3207 379 3260; x_wconf 87' lang='grc' dir='ltr'><strong>τὸν</strong></span> <span class='ocrx_word' id='word_1_401' title='bbox 411 3205 505 3257; x_wconf 76' lang='grc' dir='ltr'><strong>τοῦ</strong></span> <span class='ocrx_word' id='word_1_402' title='bbox 540 3203 659 3266; x_wconf 79' lang='grc' dir='ltr'><strong>πῶς</strong></span> <span class='ocrx_word' id='word_1_403' title='bbox 688 3200 824 3255; x_wconf 75' lang='grc' dir='ltr'>εἶναι</span> <span class='ocrx_word' id='word_1_404' title='bbox 869 3200 1049 3267; x_wconf 81' lang='grc' dir='ltr'>λόγον,</span> <span class='ocrx_word' id='word_1_405' title='bbox 1089 3195 1439 3267; x_wconf 66' lang='grc' dir='ltr'>ἁσυγκρίτοις</span> <span class='ocrx_word' id='word_1_406' title='bbox 1477 3193 1756 3263; x_wconf 81' lang='grc' dir='ltr'>διαφοραῖς</span> <span class='ocrx_word' id='word_1_407' title='bbox 1780 3191 1857 3242; x_wconf 83' lang='grc' dir='ltr'><strong>δι·</strong></span> <span class='ocrx_word' id='word_1_408' title='bbox 1880 3240 1924 3297; x_wconf 72' lang='lat' dir='ltr'><strong>c</strong></span> 
     </span>
    </p>
   </div>
   <div class='ocr_carea' id='block_1_50' title="bbox 288 3281 1855 3370">
    <p class='ocr_par' dir='ltr' id='par_1_50' title="bbox 288 3281 1855 3370">
     <span class='ocr_line' id='line_1_50' title="bbox 288 3281 1855 3370; baseline -0.013 -18"><span class='ocrx_word' id='word_1_409' title='bbox 288 3296 707 3370; x_wconf 77' lang='grc' dir='ltr'>εσχοινισμένα.;</span> <span class='ocrx_word' id='word_1_410' title='bbox 732 3291 880 3364; x_wconf 70' lang='grc' dir='ltr'><strong>’Δρα</strong></span> <span class='ocrx_word' id='word_1_411' title='bbox 904 3292 1016 3362; x_wconf 68' lang='grc' dir='ltr'>γὰρ</span> <span class='ocrx_word' id='word_1_412' title='bbox 1048 3290 1201 3359; x_wconf 79' lang='grc' dir='ltr'><strong>ἵππῳ</strong></span> <span class='ocrx_word' id='word_1_413' title='bbox 1239 3286 1481 3357; x_wconf 80' lang='grc' dir='ltr'>περιθεὶς</span> <span class='ocrx_word' id='word_1_414' title='bbox 1512 3284 1612 3353; x_wconf 80' lang='grc' dir='ltr'><strong>τὴν</strong></span> <span class='ocrx_word' id='word_1_415' title='bbox 1646 3281 1855 3351; x_wconf 86' lang='grc' dir='ltr'>ἀνθρὼ-</span> 
     </span>
    </p>
   </div>
   <div class='ocr_carea' id='block_1_51' title="bbox 292 3372 1855 3457">
    <p class='ocr_par' dir='ltr' id='par_1_51' title="bbox 292 3372 1855 3457">
     <span class='ocr_line' id='line_1_51' title="bbox 292 3372 1855 3457; baseline -0.012 -14"><span class='ocrx_word' id='word_1_416' title='bbox 292 3406 398 3444; x_wconf 71' lang='lat' dir='ltr'><strong>mn</strong></span> <span class='ocrx_word' id='word_1_417' title='bbox 433 3388 607 3454; x_wconf 82' lang='grc' dir='ltr'>δόξαν,</span> <span class='ocrx_word' id='word_1_418' title='bbox 634 3385 843 3457; x_wconf 78' lang='grc' dir='ltr'>ἐργάσῃ</span> <span class='ocrx_word' id='word_1_419' title='bbox 874 3401 925 3435; x_wconf 84' lang='grc' dir='ltr'><strong>τι</strong></span> <span class='ocrx_word' id='word_1_420' title='bbox 978 3382 1086 3433; x_wconf 85' lang='grc' dir='ltr'><strong>τῶν</strong></span> <span class='ocrx_word' id='word_1_421' title='bbox 1118 3377 1554 3447; x_wconf 86' lang='grc' dir='ltr'>ἐπαινουμένων;</span> <span class='ocrx_word' id='word_1_422' title='bbox 1592 3376 1625 3445; x_wconf 80' lang='grc' dir='ltr'>ἢ</span> <span class='ocrx_word' id='word_1_423' title='bbox 1657 3372 1855 3443; x_wconf 80' lang='grc' dir='ltr'>μᾶλλον</span> 
     </span>
    </p>
   </div>
   <div class='ocr_carea' id='block_1_52' title="bbox 286 3463 1857 3550">
    <p class='ocr_par' dir='ltr' id='par_1_52' title="bbox 286 3463 1857 3550">
     <span class='ocr_line' id='line_1_52' title="bbox 286 3463 1857 3550; baseline -0.011 -17"><span class='ocrx_word' id='word_1_424' title='bbox 286 3480 559 3550; x_wconf 71' lang='grc' dir='ltr'>ὲξυὸριείς</span> <span class='ocrx_word' id='word_1_425' title='bbox 586 3478 649 3530; x_wconf 85' lang='grc' dir='ltr'><strong>τὸ</strong></span> <span class='ocrx_word' id='word_1_426' title='bbox 678 3472 1031 3545; x_wconf 81' lang='grc' dir='ltr'>ὑπερτεροῦν,</span> <span class='ocrx_word' id='word_1_427' title='bbox 1057 3470 1262 3524; x_wconf 81' lang='grc' dir='ltr'>κατασύ</span> <span class='ocrx_word' id='word_1_428' title='bbox 1274 3484 1379 3539; x_wconf 87' lang='grc' dir='ltr'><strong>ρων</strong></span> <span class='ocrx_word' id='word_1_429' title='bbox 1407 3469 1486 3530; x_wconf 77' lang='grc' dir='ltr'><strong>εἰς</strong></span> <span class='ocrx_word' id='word_1_430' title='bbox 1512 3465 1573 3517; x_wconf 87' lang='grc' dir='ltr'><strong>τὸ</strong></span> <span class='ocrx_word' id='word_1_431' title='bbox 1602 3463 1857 3524; x_wconf 85' lang='grc' dir='ltr'>δυσκλεὲς</span> 
     </span>
    </p>
   </div>
   <div class='ocr_carea' id='block_1_53' title="bbox 290 3557 1856 3639">
    <p class='ocr_par' dir='ltr' id='par_1_53' title="bbox 290 3557 1856 3639">
     <span class='ocr_line' id='line_1_53' title="bbox 290 3557 1856 3639; baseline -0.01 -17"><span class='ocrx_word' id='word_1_432' title='bbox 290 3569 391 3639; x_wconf 83' lang='grc' dir='ltr'>τὴν</span> <span class='ocrx_word' id='word_1_433' title='bbox 414 3568 622 3638; x_wconf 80' lang='grc' dir='ltr'>ἀμείνω</span> <span class='ocrx_word' id='word_1_434' title='bbox 643 3567 836 3635; x_wconf 80' lang='grc' dir='ltr'>φύσιν;</span> <span class='ocrx_word' id='word_1_435' title='bbox 871 3564 1006 3617; x_wconf 84' lang='grc' dir='ltr'>Ἀλλ’</span> <span class='ocrx_word' id='word_1_436' title='bbox 1037 3560 1333 3632; x_wconf 75' lang='grc' dir='ltr'>ἐξηύρηταί</span> <span class='ocrx_word' id='word_1_437' title='bbox 1357 3576 1409 3613; x_wconf 87' lang='grc' dir='ltr'><strong>τι</strong></span> <span class='ocrx_word' id='word_1_438' title='bbox 1435 3557 1596 3627; x_wconf 89' lang='grc' dir='ltr'>σοφὸν</span> <span class='ocrx_word' id='word_1_439' title='bbox 1623 3558 1702 3617; x_wconf 84' lang='grc' dir='ltr'>εἰς</span> <span class='ocrx_word' id='word_1_440' title='bbox 1725 3558 1856 3610; x_wconf 77' lang='grc' dir='ltr'>ἀπο-</span> 
     </span>
    </p>
   </div>
   <div class='ocr_carea' id='block_1_54' title="bbox 290 3654 1225 3729">
    <p class='ocr_par' dir='ltr' id='par_1_54' title="bbox 290 3654 1225 3729">
     <span class='ocr_line' id='line_1_54' title="bbox 290 3654 1225 3729; baseline -0.007 -16"><span class='ocrx_word' id='word_1_441' title='bbox 290 3662 477 3728; x_wconf 83' lang='grc' dir='ltr'>λογίαν</span> <span class='ocrx_word' id='word_1_442' title='bbox 503 3659 667 3728; x_wconf 76' lang='grc' dir='ltr'>αὺτῷ.</span> <span class='ocrx_word' id='word_1_443' title='bbox 702 3658 1049 3729; x_wconf 84' lang='grc' dir='ltr'>Προσεπάγει</span> <span class='ocrx_word' id='word_1_444' title='bbox 1082 3654 1191 3722; x_wconf 87' lang='grc' dir='ltr'><strong>γάρ</strong></span> <span class='ocrx_word' id='word_1_445' title='bbox 1212 3673 1225 3683; x_wconf 86' lang='grc'><strong>·</strong></span> 
     </span>
    </p>
   </div>
   <div class='ocr_carea' id='block_1_55' title="bbox 364 3822 1855 3904">
    <p class='ocr_par' dir='ltr' id='par_1_55' title="bbox 364 3822 1855 3904">
     <span class='ocr_line' id='line_1_55' title="bbox 364 3822 1855 3904; baseline -0.009 -18"><span class='ocrx_word' id='word_1_446' title='bbox 364 3834 386 3904; x_wconf 71' lang='grc' dir='ltr'><strong>ί</strong></span> <span class='ocrx_word' id='word_1_447' title='bbox 410 3834 485 3886; x_wconf 82' lang='grc' dir='ltr'>υὺ</span> <span class='ocrx_word' id='word_1_448' title='bbox 515 3831 636 3885; x_wconf 82' lang='grc' dir='ltr'>καθ’</span> <span class='ocrx_word' id='word_1_449' title='bbox 676 3829 838 3885; x_wconf 73' lang='grc' dir='ltr'>ἑαυτὸ</span> <span class='ocrx_word' id='word_1_450' title='bbox 866 3829 996 3891; x_wconf 84' lang='grc' dir='ltr'>Θεὸς</span> <span class='ocrx_word' id='word_1_451' title='bbox 1021 3827 1083 3880; x_wconf 85' lang='grc' dir='ltr'><strong>τὸ</strong></span> <span class='ocrx_word' id='word_1_452' title='bbox 1117 3825 1355 3879; x_wconf 74' lang='grc' dir='ltr'>πλασθὲν</span> <span class='ocrx_word' id='word_1_453' title='bbox 1393 3824 1486 3877; x_wconf 63' lang='grc' dir='ltr'>ἐπὶ.</span> <span class='ocrx_word' id='word_1_454' title='bbox 1517 3824 1728 3894; x_wconf 85' lang='grc' dir='ltr'>μήτρας</span> <span class='ocrx_word' id='word_1_455' title='bbox 1747 3838 1759 3849; x_wconf 81' lang='grc'><em>’</em></span> <span class='ocrx_word' id='word_1_456' title='bbox 1795 3822 1855 3872; x_wconf 78' lang='grc' dir='ltr'>οὐ</span> 
     </span>
    </p>
   </div>
   <div class='ocr_carea' id='block_1_56' title="bbox 294 3913 1856 3984">
    <p class='ocr_par' dir='ltr' id='par_1_56' title="bbox 294 3913 1856 3984">
     <span class='ocr_line' id='line_1_56' title="bbox 294 3913 1856 3984; baseline -0.01 -6"><span class='ocrx_word' id='word_1_457' title='bbox 294 3924 421 3978; x_wconf 72' lang='grc' dir='ltr'>καθ’</span> <span class='ocrx_word' id='word_1_458' title='bbox 457 3923 617 3976; x_wconf 75' lang='grc' dir='ltr'>ἑαυτὸ</span> <span class='ocrx_word' id='word_1_459' title='bbox 661 3921 795 3983; x_wconf 82' lang='grc' dir='ltr'>Θεὸς</span> <span class='ocrx_word' id='word_1_460' title='bbox 825 3921 884 3972; x_wconf 84' lang='grc' dir='ltr'><strong>τὸ</strong></span> <span class='ocrx_word' id='word_1_461' title='bbox 926 3918 1161 3971; x_wconf 81' lang='grc' dir='ltr'>πλασθὲν</span> <span class='ocrx_word' id='word_1_462' title='bbox 1195 3919 1256 3969; x_wconf 89' lang='grc' dir='ltr'><strong>ἐκ</strong></span> <span class='ocrx_word' id='word_1_463' title='bbox 1289 3914 1385 3968; x_wconf 81' lang='grc' dir='ltr'>τοῦ</span> <span class='ocrx_word' id='word_1_464' title='bbox 1423 3914 1762 3984; x_wconf 79' lang='grc' dir='ltr'>Πνεύματος·</span> <span class='ocrx_word' id='word_1_465' title='bbox 1797 3913 1856 3964; x_wconf 82' lang='grc' dir='ltr'><strong>οὐ</strong></span> 
     </span>
    </p>
   </div>
   <div class='ocr_carea' id='block_1_57' title="bbox 293 4002 1859 4076">
    <p class='ocr_par' dir='ltr' id='par_1_57' title="bbox 293 4002 1859 4076">
     <span class='ocr_line' id='line_1_57' title="bbox 293 4002 1859 4076; baseline -0.008 -10"><span class='ocrx_word' id='word_1_466' title='bbox 293 4012 422 4067; x_wconf 86' lang='grc' dir='ltr'>καθ’</span> <span class='ocrx_word' id='word_1_467' title='bbox 447 4012 607 4065; x_wconf 85' lang='grc' dir='ltr'>έαυτὸ</span> <span class='ocrx_word' id='word_1_468' title='bbox 634 4010 766 4072; x_wconf 85' lang='grc' dir='ltr'>Θεὸς</span> <span class='ocrx_word' id='word_1_469' title='bbox 804 4010 866 4061; x_wconf 85' lang='grc' dir='ltr'><strong>τὸ</strong></span> <span class='ocrx_word' id='word_1_470' title='bbox 900 4009 1067 4076; x_wconf 84' lang='grc' dir='ltr'>ταφὲν</span> <span class='ocrx_word' id='word_1_471' title='bbox 1105 4008 1197 4059; x_wconf 71' lang='grc' dir='ltr'>ἐπὶ</span> <span class='ocrx_word' id='word_1_472' title='bbox 1236 4007 1542 4075; x_wconf 85' lang='grc' dir='ltr'>μνήματος·</span> <span class='ocrx_word' id='word_1_473' title='bbox 1585 4002 1726 4056; x_wconf 78' lang='grc' dir='ltr'>οὕτω</span> <span class='ocrx_word' id='word_1_474' title='bbox 1752 4002 1859 4071; x_wconf 84' lang='grc' dir='ltr'>γὰρ</span> 
     </span>
    </p>
   </div>
   <div class='ocr_carea' id='block_1_58' title="bbox 296 4097 1858 4175">
    <p class='ocr_par' dir='ltr' id='par_1_58' title="bbox 296 4097 1858 4175">
     <span class='ocr_line' id='line_1_58' title="bbox 296 4097 1858 4175; baseline -0.008 -16"><span class='ocrx_word' id='word_1_475' title='bbox 296 4107 363 4159; x_wconf 83' lang='grc' dir='ltr'><strong>ἂν</strong></span> <span class='ocrx_word' id='word_1_476' title='bbox 401 4099 542 4175; x_wconf 77' lang='grc' dir='ltr'>ἦμεν</span> <span class='ocrx_word' id='word_1_477' title='bbox 591 4101 1060 4174; x_wconf 83' lang='grc' dir='ltr'>ἀνθρωπολάτραι,</span> <span class='ocrx_word' id='word_1_478' title='bbox 1100 4100 1206 4151; x_wconf 74' lang='grc' dir='ltr'><strong>καὶ</strong></span> <span class='ocrx_word' id='word_1_479' title='bbox 1236 4097 1591 4168; x_wconf 83' lang='grc' dir='ltr'>νεκρολάτραι</span> <span class='ocrx_word' id='word_1_480' title='bbox 1648 4097 1858 4164; x_wconf 82' lang='grc' dir='ltr'>σαφεῖς.</span> 
     </span>
    </p>
   </div>
   <div class='ocr_carea' id='block_1_59' title="bbox 309 4185 1860 4264">
    <p class='ocr_par' dir='ltr' id='par_1_59' title="bbox 309 4185 1860 4264">
     <span class='ocr_line' id='line_1_59' title="bbox 309 4185 1860 4264; baseline -0.007 -15"><span class='ocrx_word' id='word_1_481' title='bbox 309 4196 449 4248; x_wconf 81' lang='grc' dir='ltr'>Ἀλλ’</span> <span class='ocrx_word' id='word_1_482' title='bbox 474 4194 769 4264; x_wconf 77' lang='grc' dir='ltr'>ἐπειδήπερ</span> <span class='ocrx_word' id='word_1_483' title='bbox 799 4194 856 4245; x_wconf 85' lang='grc' dir='ltr'><strong>ἐν</strong></span> <span class='ocrx_word' id='word_1_484' title='bbox 886 4190 963 4261; x_wconf 78' lang='grc' dir='ltr'>τῷ</span> <span class='ocrx_word' id='word_1_485' title='bbox 992 4189 1250 4260; x_wconf 72' lang='grc' dir='ltr'>ληφθέντι</span> <span class='ocrx_word' id='word_1_486' title='bbox 1287 4188 1437 4251; x_wconf 85' lang='grc' dir='ltr'>Θεὸς,</span> <span class='ocrx_word' id='word_1_487' title='bbox 1462 4186 1635 4241; x_wconf 83' lang='grc' dir='ltr'>ἐκτοῦ</span> <span class='ocrx_word' id='word_1_488' title='bbox 1668 4185 1860 4240; x_wconf 75' lang='grc' dir='ltr'>λαὸόν-</span> 
     </span>
    </p>
   </div>
   <div class='ocr_carea' id='block_1_60' title="bbox 297 4279 1863 4356">
    <p class='ocr_par' dir='ltr' id='par_1_60' title="bbox 297 4279 1863 4356">
     <span class='ocr_line' id='line_1_60' title="bbox 297 4279 1863 4356; baseline -0.006 -17"><span class='ocrx_word' id='word_1_489' title='bbox 297 4304 387 4350; x_wconf 85' lang='grc' dir='ltr'><strong>τος</strong></span> <span class='ocrx_word' id='word_1_490' title='bbox 418 4287 446 4338; x_wconf 83' lang='grc' dir='ltr'><strong>ὁ</strong></span> <span class='ocrx_word' id='word_1_491' title='bbox 473 4286 720 4356; x_wconf 74' lang='grc' dir='ltr'>ληφθεὶς,</span> <span class='ocrx_word' id='word_1_492' title='bbox 753 4284 827 4347; x_wconf 82' lang='grc' dir='ltr'>ὡς</span> <span class='ocrx_word' id='word_1_493' title='bbox 852 4283 929 4353; x_wconf 81' lang='grc' dir='ltr'>τῷ</span> <span class='ocrx_word' id='word_1_494' title='bbox 957 4282 1175 4336; x_wconf 77' lang='grc' dir='ltr'>λαϐόντι</span> <span class='ocrx_word' id='word_1_495' title='bbox 1208 4279 1499 4349; x_wconf 76' lang='grc' dir='ltr'>συναφθεὶς</span> <span class='ocrx_word' id='word_1_496' title='bbox 1541 4295 1863 4349; x_wconf 80' lang='grc' dir='ltr'>συγχρημα·</span> 
     </span>
    </p>
   </div>
   <div class='ocr_carea' id='block_1_61' title="bbox 295 4376 641 4447">
    <p class='ocr_par' dir='ltr' id='par_1_61' title="bbox 295 4376 641 4447">
     <span class='ocr_line' id='line_1_61' title="bbox 295 4376 641 4447; baseline -0.003 -17"><span class='ocrx_word' id='word_1_497' title='bbox 295 4378 434 4443; x_wconf 77' lang='grc' dir='ltr'>τίζει</span> <span class='ocrx_word' id='word_1_498' title='bbox 463 4376 641 4447; x_wconf 76' lang='grc' dir='ltr'>Θεό;.]</span> 
     </span>
    </p>
   </div>
   <div class='ocr_carea' id='block_1_62' title="bbox 883 4508 1276 4563">
    <p class='ocr_par' dir='ltr' id='par_1_62' title="bbox 883 4508 1276 4563">
     <span class='ocr_line' id='line_1_62' title="bbox 883 4508 1276 4563; baseline -0.008 0"><span class='ocrx_word' id='word_1_499' title='bbox 883 4510 1131 4563; x_wconf 79' lang='grc' dir='ltr'><strong>ΚΕΦΑΛ.</strong></span> <span class='ocrx_word' id='word_1_500' title='bbox 1176 4508 1276 4560; x_wconf 85' lang='lat' dir='ltr'><strong>IB&#39;.</strong></span> 
     </span>
    </p>
   </div>
   <div class='ocr_carea' id='block_1_63' title="bbox 381 4644 1863 4717">
    <p class='ocr_par' dir='ltr' id='par_1_63' title="bbox 381 4644 1863 4717">
     <span class='ocr_line' id='line_1_63' title="bbox 381 4644 1863 4717; baseline -0.003 -18"><span class='ocrx_word' id='word_1_501' title='bbox 381 4646 512 4699; x_wconf 75' lang='grc' dir='ltr'>Ἰδοὺ</span> <span class='ocrx_word' id='word_1_502' title='bbox 549 4646 615 4717; x_wconf 82' lang='grc' dir='ltr'>δὴ</span> <span class='ocrx_word' id='word_1_503' title='bbox 657 4644 818 4700; x_wconf 80' lang='grc' dir='ltr'>πάλιν</span> <span class='ocrx_word' id='word_1_504' title='bbox 858 4648 993 4716; x_wconf 81' lang='grc' dir='ltr'>ἡμῖν</span> <span class='ocrx_word' id='word_1_505' title='bbox 1024 4648 1052 4697; x_wconf 90' lang='grc' dir='ltr'>ὁ</span> <span class='ocrx_word' id='word_1_506' title='bbox 1093 4644 1191 4715; x_wconf 82' lang='grc' dir='ltr'>τὴν</span> <span class='ocrx_word' id='word_1_507' title='bbox 1240 4648 1533 4714; x_wconf 84' lang='grc' dir='ltr'>συνάφειαν</span> <span class='ocrx_word' id='word_1_508' title='bbox 1585 4644 1863 4713; x_wconf 76' lang='grc' dir='ltr'>ὀνομάζων</span> 
     </span>
    </p>
   </div>
   <div class='ocr_carea' id='block_1_64' title="bbox 290 4738 1864 4810">
    <p class='ocr_par' dir='ltr' id='par_1_64' title="bbox 290 4738 1864 4810">
     <span class='ocr_line' id='line_1_64' title="bbox 290 4738 1864 4810; baseline -0.002 -16"><span class='ocrx_word' id='word_1_509' title='bbox 290 4738 599 4810; x_wconf 71' lang='grc' dir='ltr'>πανταχοῦ,</span> <span class='ocrx_word' id='word_1_510' title='bbox 634 4741 729 4792; x_wconf 80' lang='grc' dir='ltr'><strong>καὶ</strong></span> <span class='ocrx_word' id='word_1_511' title='bbox 761 4739 825 4791; x_wconf 75' lang='grc' dir='ltr'><strong>τὰ</strong></span> <span class='ocrx_word' id='word_1_512' title='bbox 862 4739 959 4808; x_wconf 82' lang='grc' dir='ltr'><strong>τῆς</strong></span> <span class='ocrx_word' id='word_1_513' title='bbox 1004 4738 1513 4809; x_wconf 81' lang='grc' dir='ltr'>ἀνθρωπολατρείας</span> <span class='ocrx_word' id='word_1_514' title='bbox 1544 4738 1864 4808; x_wconf 81' lang='grc' dir='ltr'>ἐγκλήματα</span> 
     </span>
    </p>
   </div>
   <div class='ocr_carea' id='block_1_65' title="bbox 300 4826 1866 4900">
    <p class='ocr_par' dir='ltr' id='par_1_65' title="bbox 300 4826 1866 4900">
     <span class='ocr_line' id='line_1_65' title="bbox 300 4826 1866 4900; baseline -0.003 -15"><span class='ocrx_word' id='word_1_515' title='bbox 300 4828 511 4894; x_wconf 75' lang='grc' dir='ltr'>δεδιὼς,</span> <span class='ocrx_word' id='word_1_516' title='bbox 552 4828 667 4900; x_wconf 67' lang='grc' dir='ltr'>ἥλω</span> <span class='ocrx_word' id='word_1_517' title='bbox 700 4826 937 4896; x_wconf 86' lang='grc' dir='ltr'>γεγονὼς</span> <span class='ocrx_word' id='word_1_518' title='bbox 970 4826 1460 4898; x_wconf 83' lang='grc' dir='ltr'>ἁνθρωπολάτρης·</span> <span class='ocrx_word' id='word_1_519' title='bbox 1504 4829 1599 4880; x_wconf 74' lang='grc' dir='ltr'><strong>καὶ</strong></span> <span class='ocrx_word' id='word_1_520' title='bbox 1625 4830 1734 4889; x_wconf 84' lang='grc' dir='ltr'>τοῖς</span> <span class='ocrx_word' id='word_1_521' title='bbox 1768 4828 1866 4896; x_wconf 71' lang='grc' dir='ltr'>τῆς</span> 
     </span>
    </p>
   </div>
   <div class='ocr_carea' id='block_1_66' title="bbox 302 4917 1865 4990">
    <p class='ocr_par' dir='ltr' id='par_1_66' title="bbox 302 4917 1865 4990">
     <span class='ocr_line' id='line_1_66' title="bbox 302 4917 1865 4990; baseline -0.003 -14"><span class='ocrx_word' id='word_1_522' title='bbox 302 4920 499 4976; x_wconf 78' lang='grc' dir='ltr'>ἑαυτοῦ</span> <span class='ocrx_word' id='word_1_523' title='bbox 526 4919 846 4982; x_wconf 79' lang='grc' dir='ltr'>δυσϐουλίας</span> <span class='ocrx_word' id='word_1_524' title='bbox 889 4917 1167 4989; x_wconf 83' lang='grc' dir='ltr'>ἐνίσχηται</span> <span class='ocrx_word' id='word_1_525' title='bbox 1199 4918 1441 4990; x_wconf 85' lang='grc' dir='ltr'>βρόχοις,</span> <span class='ocrx_word' id='word_1_526' title='bbox 1484 4920 1577 4972; x_wconf 75' lang='grc' dir='ltr'>καὶ</span> <span class='ocrx_word' id='word_1_527' title='bbox 1608 4936 1865 4987; x_wconf 82' lang='grc' dir='ltr'>καταφω-</span> 
     </span>
    </p>
   </div>
   <div class='ocr_carea' id='block_1_67' title="bbox 304 5011 1869 5086">
    <p class='ocr_par' dir='ltr' id='par_1_67' title="bbox 304 5011 1869 5086">
     <span class='ocr_line' id='line_1_67' title="bbox 304 5011 1869 5086; baseline -0.001 -20"><span class='ocrx_word' id='word_1_528' title='bbox 304 5015 468 5085; x_wconf 80' lang='grc' dir='ltr'>ρᾶται</span> <span class='ocrx_word' id='word_1_529' title='bbox 493 5012 676 5065; x_wconf 83' lang='grc' dir='ltr'>πεσὼν</span> <span class='ocrx_word' id='word_1_530' title='bbox 704 5011 1061 5081; x_wconf 54' lang='grc' dir='ltr'>εἰςηάδόκιμον</span> <span class='ocrx_word' id='word_1_531' title='bbox 1088 5011 1231 5064; x_wconf 81' lang='grc' dir='ltr'>νοῦν.</span> <span class='ocrx_word' id='word_1_532' title='bbox 1268 5012 1340 5065; x_wconf 82' lang='grc' dir='ltr'>Τὸ</span> <span class='ocrx_word' id='word_1_533' title='bbox 1367 5011 1476 5083; x_wconf 83' lang='grc' dir='ltr'><strong>γάρ</strong></span> <span class='ocrx_word' id='word_1_534' title='bbox 1507 5029 1589 5065; x_wconf 91' lang='grc' dir='ltr'><strong>σοι</strong></span> <span class='ocrx_word' id='word_1_535' title='bbox 1621 5012 1750 5086; x_wconf 79' lang='grc' dir='ltr'>[τοι]</span> <span class='ocrx_word' id='word_1_536' title='bbox 1785 5030 1869 5065; x_wconf 73' lang='grc' dir='ltr'>τεο</span> 
     </span>
    </p>
   </div>
   <div class='ocr_carea' id='block_1_68' title="bbox 288 5102 1870 5175">
    <p class='ocr_par' dir='ltr' id='par_1_68' title="bbox 288 5102 1870 5175">
     <span class='ocr_line' id='line_1_68' title="bbox 288 5102 1870 5175; baseline -0.001 -17"><span class='ocrx_word' id='word_1_537' title='bbox 288 5104 432 5175; x_wconf 47' lang='grc' dir='ltr'>,χθὲν</span> <span class='ocrx_word' id='word_1_538' title='bbox 454 5107 517 5157; x_wconf 80' lang='grc' dir='ltr'><strong>ἐκ</strong></span> <span class='ocrx_word' id='word_1_539' title='bbox 542 5104 857 5175; x_wconf 80' lang='grc' dir='ltr'>μήτρας,οὐ</span> <span class='ocrx_word' id='word_1_540' title='bbox 893 5102 1381 5175; x_wconf 72' lang='grc' dir='ltr'>καθ’ἑαυτὸ,φησ“ι,</span> <span class='ocrx_word' id='word_1_541' title='bbox 1415 5103 1565 5166; x_wconf 80' lang='grc' dir='ltr'>Θεὸς.</span> <span class='ocrx_word' id='word_1_542' title='bbox 1610 5104 1696 5165; x_wconf 83' lang='grc' dir='ltr'>Ὠς</span> <span class='ocrx_word' id='word_1_543' title='bbox 1731 5104 1870 5171; x_wconf 78' lang='grc' dir='ltr'>ἄγα-</span> 
     </span>
    </p>
   </div>
   <div class='ocr_carea' id='block_1_69' title="bbox 308 5194 1869 5266">
    <p class='ocr_par' dir='ltr' id='par_1_69' title="bbox 308 5194 1869 5266">
     <span class='ocr_line' id='line_1_69' title="bbox 308 5194 1869 5266; baseline 0 -18"><span class='ocrx_word' id='word_1_544' title='bbox 308 5197 411 5266; x_wconf 83' lang='grc' dir='ltr'><strong>μαί</strong></span> <span class='ocrx_word' id='word_1_545' title='bbox 444 5211 507 5249; x_wconf 89' lang='grc' dir='ltr'><strong>σε</strong></span> <span class='ocrx_word' id='word_1_546' title='bbox 534 5196 632 5266; x_wconf 84' lang='grc' dir='ltr'>τῆς</span> <span class='ocrx_word' id='word_1_547' title='bbox 666 5194 968 5265; x_wconf 74' lang='grc' dir='ltr'>ἀγχινοίας,</span> <span class='ocrx_word' id='word_1_548' title='bbox 994 5195 1087 5248; x_wconf 68' lang='grc' dir='ltr'>καὶ</span> <span class='ocrx_word' id='word_1_549' title='bbox 1118 5197 1313 5265; x_wconf 81' lang='grc' dir='ltr'>φρενὸς</span> <span class='ocrx_word' id='word_1_550' title='bbox 1336 5196 1432 5265; x_wconf 80' lang='grc' dir='ltr'>τῆς</span> <span class='ocrx_word' id='word_1_551' title='bbox 1462 5194 1603 5248; x_wconf 76' lang='grc' dir='ltr'>οὕτω</span> <span class='ocrx_word' id='word_1_552' title='bbox 1631 5196 1869 5264; x_wconf 70' lang='grc' dir='ltr'>λεπτῆςο</span> 
     </span>
    </p>
   </div>
   <div class='ocr_carea' id='block_1_70' title="bbox 304 5285 1875 5359">
    <p class='ocr_par' dir='ltr' id='par_1_70' title="bbox 304 5285 1875 5359">
     <span class='ocr_line' id='line_1_70' title="bbox 304 5285 1875 5359; baseline 0.001 -20"><span class='ocrx_word' id='word_1_553' title='bbox 304 5288 391 5349; x_wconf 79' lang='grc' dir='ltr'><strong>τίς</strong></span> <span class='ocrx_word' id='word_1_554' title='bbox 445 5286 557 5357; x_wconf 85' lang='grc' dir='ltr'><strong>γάρ</strong></span> <span class='ocrx_word' id='word_1_555' title='bbox 596 5286 734 5348; x_wconf 82' lang='grc' dir='ltr'>ὅλως</span> <span class='ocrx_word' id='word_1_556' title='bbox 775 5288 805 5338; x_wconf 83' lang='grc' dir='ltr'><strong>ό</strong></span> <span class='ocrx_word' id='word_1_557' title='bbox 863 5285 1021 5338; x_wconf 81' lang='grc' dir='ltr'>τοῦτο</span> <span class='ocrx_word' id='word_1_558' title='bbox 1073 5286 1239 5354; x_wconf 84' lang='grc' dir='ltr'>φάναι</span> <span class='ocrx_word' id='word_1_559' title='bbox 1292 5286 1681 5357; x_wconf 81' lang='grc' dir='ltr'>τεθαρσηκώς;</span> <span class='ocrx_word' id='word_1_560' title='bbox 1723 5288 1875 5359; x_wconf 82' lang='grc' dir='ltr'>ἢτίς</span> 
     </span>
    </p>
   </div>
   <div class='ocr_carea' id='block_1_71' title="bbox 307 5376 1877 5450">
    <p class='ocr_par' dir='ltr' id='par_1_71' title="bbox 307 5376 1877 5450">
     <span class='ocr_line' id='line_1_71' title="bbox 307 5376 1877 5450; baseline 0.004 -22"><span class='ocrx_word' id='word_1_561' title='bbox 307 5378 600 5447; x_wconf 68' lang='grc' dir='ltr'>ἠγνόηκεν,</span> <span class='ocrx_word' id='word_1_562' title='bbox 628 5376 709 5430; x_wconf 80' lang='grc' dir='ltr'>ὅτι</span> <span class='ocrx_word' id='word_1_563' title='bbox 738 5376 800 5429; x_wconf 86' lang='grc' dir='ltr'><strong>τὸ</strong></span> <span class='ocrx_word' id='word_1_564' title='bbox 837 5379 1232 5448; x_wconf 81' lang='grc' dir='ltr'>γεγεννημένον</span> <span class='ocrx_word' id='word_1_565' title='bbox 1260 5380 1326 5433; x_wconf 84' lang='grc' dir='ltr'><strong>ἐκ</strong></span> <span class='ocrx_word' id='word_1_566' title='bbox 1361 5379 1459 5449; x_wconf 78' lang='grc' dir='ltr'>τῆς</span> <span class='ocrx_word' id='word_1_567' title='bbox 1486 5379 1711 5450; x_wconf 82' lang='grc' dir='ltr'>σαρκὸς,</span> <span class='ocrx_word' id='word_1_568' title='bbox 1741 5380 1877 5448; x_wconf 81' lang='grc' dir='ltr'>σάρξ</span> 
     </span>
    </p>
   </div>
   <div class='ocr_carea' id='block_1_72' title="bbox 308 5464 1877 5540">
    <p class='ocr_par' dir='ltr' id='par_1_72' title="bbox 308 5464 1877 5540">
     <span class='ocr_line' id='line_1_72' title="bbox 308 5464 1877 5540; baseline 0.003 -19"><span class='ocrx_word' id='word_1_569' title='bbox 308 5471 495 5533; x_wconf 83' lang='grc' dir='ltr'>ἐστιν;</span> <span class='ocrx_word' id='word_1_570' title='bbox 533 5468 670 5521; x_wconf 84' lang='grc' dir='ltr'>Ἀλλ’</span> <span class='ocrx_word' id='word_1_571' title='bbox 702 5464 770 5537; x_wconf 82' lang='grc' dir='ltr'>ἦν</span> <span class='ocrx_word' id='word_1_572' title='bbox 797 5468 901 5522; x_wconf 82' lang='grc' dir='ltr'>ἰδία</span> <span class='ocrx_word' id='word_1_573' title='bbox 929 5467 1023 5522; x_wconf 78' lang='grc' dir='ltr'>τοῦ</span> <span class='ocrx_word' id='word_1_574' title='bbox 1046 5469 1251 5539; x_wconf 75' lang='grc' dir='ltr'>Λόγουο</span> <span class='ocrx_word' id='word_1_575' title='bbox 1284 5471 1377 5523; x_wconf 58' lang='grc' dir='ltr'><strong>καλ⁵</strong></span> <span class='ocrx_word' id='word_1_576' title='bbox 1412 5466 1493 5536; x_wconf 74' lang='grc' dir='ltr'>εἷς</span> <span class='ocrx_word' id='word_1_577' title='bbox 1522 5474 1722 5526; x_wconf 84' lang='grc' dir='ltr'>νοεῖται</span> <span class='ocrx_word' id='word_1_578' title='bbox 1759 5474 1877 5540; x_wconf 85' lang='grc' dir='ltr'>μετ’</span> 
     </span>
    </p>
   </div>
   <div class='ocr_carea' id='block_1_73' title="bbox 310 5558 1876 5635">
    <p class='ocr_par' dir='ltr' id='par_1_73' title="bbox 310 5558 1876 5635">
     <span class='ocr_line' id='line_1_73' title="bbox 310 5558 1876 5635; baseline 0.004 -24"><span class='ocrx_word' id='word_1_579' title='bbox 310 5559 505 5629; x_wconf 72' lang='grc' dir='ltr'>αὐτῆς,</span> <span class='ocrx_word' id='word_1_580' title='bbox 534 5558 783 5631; x_wconf 83' lang='grc' dir='ltr'>καθάπερ</span> <span class='ocrx_word' id='word_1_581' title='bbox 814 5560 1007 5629; x_wconf 80' lang='grc' dir='ltr'>ἀμέλει</span> <span class='ocrx_word' id='word_1_582' title='bbox 1042 5560 1350 5629; x_wconf 82' lang='grc' dir='ltr'>φθάσαντες</span> <span class='ocrx_word' id='word_1_583' title='bbox 1410 5563 1654 5633; x_wconf 70' lang='grc' dir='ltr'>εἴπομεν,</span> <span class='ocrx_word' id='word_1_584' title='bbox 1700 5565 1795 5616; x_wconf 69' lang='grc' dir='ltr'>καὶ</span> <span class='ocrx_word' id='word_1_585' title='bbox 1843 5565 1876 5635; x_wconf 84' lang='grc' dir='ltr'><strong>ἡ</strong></span> 
     </span>
    </p>
   </div>
   <div class='ocr_carea' id='block_1_74' title="bbox 309 5649 1878 5726">
    <p class='ocr_par' dir='ltr' id='par_1_74' title="bbox 309 5649 1878 5726">
     <span class='ocr_line' id='line_1_74' title="bbox 309 5649 1878 5726; baseline 0.005 -25"><span class='ocrx_word' id='word_1_586' title='bbox 309 5649 407 5702; x_wconf 82' lang='grc' dir='ltr'>τοῦ</span> <span class='ocrx_word' id='word_1_587' title='bbox 434 5649 718 5720; x_wconf 84' lang='grc' dir='ltr'>ἀνθρώπου</span> <span class='ocrx_word' id='word_1_588' title='bbox 737 5651 882 5721; x_wconf 74' lang='grc' dir='ltr'>ψυχὴ</span> <span class='ocrx_word' id='word_1_589' title='bbox 911 5651 1047 5722; x_wconf 83' lang='grc' dir='ltr'>μετὰ</span> <span class='ocrx_word' id='word_1_590' title='bbox 1074 5651 1168 5705; x_wconf 81' lang='grc' dir='ltr'>τοῦ</span> <span class='ocrx_word' id='word_1_591' title='bbox 1194 5652 1323 5705; x_wconf 72' lang='grc' dir='ltr'>ἰδίου</span> <span class='ocrx_word' id='word_1_592' title='bbox 1351 5651 1621 5724; x_wconf 85' lang='grc' dir='ltr'>σώματος.</span> <span class='ocrx_word' id='word_1_593' title='bbox 1638 5649 1765 5726; x_wconf 67' lang='grc' dir='ltr'><strong>’Ἆρ’</strong></span> <span class='ocrx_word' id='word_1_594' title='bbox 1782 5650 1878 5710; x_wconf 73' lang='grc' dir='ltr'><strong>οὖν</strong></span> 
     </span>
    </p>
   </div>
   <div class='ocr_carea' id='block_1_75' title="bbox 382 5829 1489 5897">
    <p class='ocr_par' dir='ltr' id='par_1_75' title="bbox 382 5829 1489 5897">
     <span class='ocr_line' id='line_1_75' title="bbox 382 5829 1489 5897; baseline 0.003 -13"><span class='ocrx_word' id='word_1_595' title='bbox 382 5833 432 5865; x_wconf 82' lang='grc'><strong><em>⁸⁹</em></strong></span> <span class='ocrx_word' id='word_1_596' title='bbox 460 5830 613 5887; x_wconf 84' lang='lat' dir='ltr'><strong>Joan.</strong></span> <span class='ocrx_word' id='word_1_597' title='bbox 666 5848 741 5893; x_wconf 79' lang='lat' dir='ltr'><strong>ix,</strong></span> <span class='ocrx_word' id='word_1_598' title='bbox 784 5829 977 5887; x_wconf 77' lang='lat'><strong>55-59.</strong></span> <span class='ocrx_word' id='word_1_599' title='bbox 1054 5829 1329 5887; x_wconf 77' lang='lat' dir='ltr'><strong>“lJoan.</strong></span> <span class='ocrx_word' id='word_1_600' title='bbox 1362 5848 1401 5897; x_wconf 77' lang='grc' dir='ltr'><strong>ι,</strong></span> <span class='ocrx_word' id='word_1_601' title='bbox 1440 5833 1489 5887; x_wconf 86' lang='lat' dir='ltr'><strong>l.</strong></span> 
     </span>
    </p>
   </div>
   <div class='ocr_carea' id='block_1_76' title="bbox 667 5924 1379 5986">
    <p class='ocr_par' dir='ltr' id='par_1_76' title="bbox 667 5924 1379 5986">
     <span class='ocr_line' id='line_1_76' title="bbox 667 5924 1379 5986; baseline 0 -1"><span class='ocrx_word' id='word_1_602' title='bbox 667 5924 942 5986; x_wconf 63' lang='lat' dir='ltr'><strong>PATBOL.</strong></span> <span class='ocrx_word' id='word_1_603' title='bbox 978 5925 1091 5985; x_wconf 78' lang='lat' dir='ltr'><strong>Gn.</strong></span> <span class='ocrx_word' id='word_1_604' title='bbox 1128 5925 1379 5986; x_wconf 80' lang='lat' dir='ltr'><strong>LXXVI.</strong></span> 
     </span>
    </p>
   </div>
   <div class='ocr_carea' id='block_1_77' title="bbox 1956 2008 3509 2079">
    <p class='ocr_par' dir='ltr' id='par_1_77' title="bbox 1956 2008 3509 2079">
     <span class='ocr_line' id='line_1_77' title="bbox 1956 2008 3509 2079; baseline 0.004 -19"><span class='ocrx_word' id='word_1_605' title='bbox 1956 2008 2151 2069; x_wconf 84' lang='lat' dir='ltr'><strong>cludis,</strong></span> <span class='ocrx_word' id='word_1_606' title='bbox 2188 2020 2244 2063; x_wconf 92' lang='lat' dir='ltr'><strong>ut</strong></span> <span class='ocrx_word' id='word_1_607' title='bbox 2271 2024 2524 2065; x_wconf 86' lang='lat' dir='ltr'><strong>secernas</strong></span> <span class='ocrx_word' id='word_1_608' title='bbox 2556 2021 2771 2065; x_wconf 85' lang='lat' dir='ltr'><strong>naturas</strong></span> <span class='ocrx_word' id='word_1_609' title='bbox 2793 2054 2807 2075; x_wconf 90' lang='lat'><strong>,</strong></span> <span class='ocrx_word' id='word_1_610' title='bbox 2844 2021 2896 2066; x_wconf 93' lang='lat' dir='ltr'><strong>et</strong></span> <span class='ocrx_word' id='word_1_611' title='bbox 2924 2012 3100 2078; x_wconf 90' lang='lat' dir='ltr'><strong>uuias,</strong></span> <span class='ocrx_word' id='word_1_612' title='bbox 3127 2020 3184 2064; x_wconf 92' lang='lat' dir='ltr'><strong>ut</strong></span> <span class='ocrx_word' id='word_1_613' title='bbox 3207 2011 3318 2079; x_wconf 89' lang='lat' dir='ltr'><strong>ipse</strong></span> <span class='ocrx_word' id='word_1_614' title='bbox 3362 2026 3509 2066; x_wconf 85' lang='lat' dir='ltr'><strong>asse-</strong></span> 
     </span>
    </p>
   </div>
   <div class='ocr_carea' id='block_1_78' title="bbox 1958 2104 3502 2171">
    <p class='ocr_par' dir='ltr' id='par_1_78' title="bbox 1958 2104 3502 2171">
     <span class='ocr_line' id='line_1_78' title="bbox 1958 2104 3502 2171; baseline 0.001 -14"><span class='ocrx_word' id='word_1_615' title='bbox 1958 2104 2053 2169; x_wconf 88' lang='lat' dir='ltr'><strong>ris,</strong></span> <span class='ocrx_word' id='word_1_616' title='bbox 2081 2105 2467 2159; x_wconf 89' lang='lat' dir='ltr'><strong>adorationem.</strong></span> <span class='ocrx_word' id='word_1_617' title='bbox 2501 2105 2604 2161; x_wconf 86' lang='lat' dir='ltr'><strong>Sed</strong></span> <span class='ocrx_word' id='word_1_618' title='bbox 2629 2108 2673 2161; x_wconf 91' lang='lat' dir='ltr'><strong>si</strong></span> <span class='ocrx_word' id='word_1_619' title='bbox 2703 2106 2897 2159; x_wconf 90' lang='lat' dir='ltr'><strong>dividis</strong></span> <span class='ocrx_word' id='word_1_620' title='bbox 2926 2117 3174 2171; x_wconf 88' lang='lat' dir='ltr'><strong>naturas,</strong></span> <span class='ocrx_word' id='word_1_621' title='bbox 3200 2105 3356 2161; x_wconf 88' lang='lat' dir='ltr'><strong>simul</strong></span> <span class='ocrx_word' id='word_1_622' title='bbox 3383 2120 3502 2159; x_wconf 88' lang='lat' dir='ltr'><strong>cum</strong></span> 
     </span>
    </p>
   </div>
   <div class='ocr_carea' id='block_1_79' title="bbox 1958 2195 3512 2265">
    <p class='ocr_par' dir='ltr' id='par_1_79' title="bbox 1958 2195 3512 2265">
     <span class='ocr_line' id='line_1_79' title="bbox 1958 2195 3512 2265; baseline -0.001 -16"><span class='ocrx_word' id='word_1_623' title='bbox 1958 2195 2063 2249; x_wconf 71' lang='lat' dir='ltr'><strong>iiiis</strong></span> <span class='ocrx_word' id='word_1_624' title='bbox 2115 2197 2391 2249; x_wconf 88' lang='lat' dir='ltr'><strong>discedent</strong></span> <span class='ocrx_word' id='word_1_625' title='bbox 2433 2198 2590 2251; x_wconf 86' lang='lat' dir='ltr'><strong>etiam</strong></span> <span class='ocrx_word' id='word_1_626' title='bbox 2627 2212 2744 2265; x_wconf 67' lang='lat' dir='ltr'><strong>quae</strong></span> <span class='ocrx_word' id='word_1_627' title='bbox 2784 2198 2996 2265; x_wconf 88' lang='lat' dir='ltr'><strong>utrique</strong></span> <span class='ocrx_word' id='word_1_628' title='bbox 3026 2206 3149 2251; x_wconf 88' lang='lat' dir='ltr'><strong>sunt</strong></span> <span class='ocrx_word' id='word_1_629' title='bbox 3197 2198 3512 2251; x_wconf 86' lang='lat' dir='ltr'><strong>naturaliter</strong></span> 
     </span>
    </p>
   </div>
   <div class='ocr_carea' id='block_1_80' title="bbox 1956 2287 3510 2356">
    <p class='ocr_par' dir='ltr' id='par_1_80' title="bbox 1956 2287 3510 2356">
     <span class='ocr_line' id='line_1_80' title="bbox 1956 2287 3510 2356; baseline 0.002 -17"><span class='ocrx_word' id='word_1_630' title='bbox 1956 2287 2171 2356; x_wconf 88' lang='lat' dir='ltr'><strong>propria</strong></span> <span class='ocrx_word' id='word_1_631' title='bbox 2202 2304 2215 2350; x_wconf 93' lang='lat'>;</span> <span class='ocrx_word' id='word_1_632' title='bbox 2256 2288 2464 2342; x_wconf 90' lang='lat' dir='ltr'><strong>recedet</strong></span> <span class='ocrx_word' id='word_1_633' title='bbox 2492 2289 2651 2341; x_wconf 91' lang='lat' dir='ltr'><strong>etiam</strong></span> <span class='ocrx_word' id='word_1_634' title='bbox 2681 2288 2733 2342; x_wconf 90' lang='lat' dir='ltr'><strong>in</strong></span> <span class='ocrx_word' id='word_1_635' title='bbox 2758 2288 3063 2343; x_wconf 90' lang='lat' dir='ltr'><strong>universum</strong></span> <span class='ocrx_word' id='word_1_636' title='bbox 3098 2287 3232 2342; x_wconf 89' lang='lat' dir='ltr'><strong>ratio</strong></span> <span class='ocrx_word' id='word_1_637' title='bbox 3260 2287 3510 2342; x_wconf 81' lang='lat' dir='ltr'><strong>diﬂ&#39;eren—</strong></span> 
     </span>
    </p>
   </div>
   <div class='ocr_carea' id='block_1_81' title="bbox 1959 2376 3511 2447">
    <p class='ocr_par' dir='ltr' id='par_1_81' title="bbox 1959 2376 3511 2447">
     <span class='ocr_line' id='line_1_81' title="bbox 1959 2376 3511 2447; baseline 0.004 -18"><span class='ocrx_word' id='word_1_638' title='bbox 1959 2376 2043 2429; x_wconf 73' lang='lat' dir='ltr'><strong>tia:</strong></span> <span class='ocrx_word' id='word_1_639' title='bbox 2074 2392 2087 2428; x_wconf 89' lang='lat'><strong>:</strong></span> <span class='ocrx_word' id='word_1_640' title='bbox 2124 2376 2229 2430; x_wconf 92' lang='lat' dir='ltr'><strong>duo</strong></span> <span class='ocrx_word' id='word_1_641' title='bbox 2283 2388 2439 2431; x_wconf 91' lang='lat' dir='ltr'><strong>erunt</strong></span> <span class='ocrx_word' id='word_1_642' title='bbox 2492 2378 2655 2443; x_wconf 79' lang='lat' dir='ltr'><strong>igitur</strong></span> <span class='ocrx_word' id='word_1_643' title='bbox 2704 2378 2889 2447; x_wconf 92' lang='lat' dir='ltr'><strong>procul</strong></span> <span class='ocrx_word' id='word_1_644' title='bbox 2939 2380 3119 2434; x_wconf 88' lang='lat' dir='ltr'><strong>dubio.</strong></span> <span class='ocrx_word' id='word_1_645' title='bbox 3175 2378 3280 2435; x_wconf 90' lang='lat' dir='ltr'><strong>Sed</strong></span> <span class='ocrx_word' id='word_1_646' title='bbox 3336 2391 3511 2436; x_wconf 84' lang='lat' dir='ltr'><strong>tamen</strong></span> 
     </span>
    </p>
   </div>
   <div class='ocr_carea' id='block_1_82' title="bbox 1957 2467 3514 2541">
    <p class='ocr_par' dir='ltr' id='par_1_82' title="bbox 1957 2467 3514 2541">
     <span class='ocr_line' id='line_1_82' title="bbox 1957 2467 3514 2541; baseline 0.005 -22"><span class='ocrx_word' id='word_1_647' title='bbox 1957 2467 2163 2535; x_wconf 84' lang='lat' dir='ltr'><strong>explica</strong></span> <span class='ocrx_word' id='word_1_648' title='bbox 2204 2470 2363 2530; x_wconf 89' lang='lat' dir='ltr'><strong>mihi,</strong></span> <span class='ocrx_word' id='word_1_649' title='bbox 2407 2484 2607 2538; x_wconf 65' lang='lat' dir='ltr'><strong>quaeso,</strong></span> <span class='ocrx_word' id='word_1_650' title='bbox 2659 2471 2785 2539; x_wconf 83' lang='lat' dir='ltr'><strong>quid</strong></span> <span class='ocrx_word' id='word_1_651' title='bbox 2836 2470 2963 2524; x_wconf 90' lang='lat' dir='ltr'><strong>illud</strong></span> <span class='ocrx_word' id='word_1_652' title='bbox 2995 2471 3067 2525; x_wconf 88' lang='lat' dir='ltr'><strong>sit</strong></span> <span class='ocrx_word' id='word_1_653' title='bbox 3107 2472 3246 2541; x_wconf 90' lang='lat' dir='ltr'><strong>quod</strong></span> <span class='ocrx_word' id='word_1_654' title='bbox 3292 2483 3514 2527; x_wconf 84' lang='lat' dir='ltr'><strong>naturas</strong></span> 
     </span>
    </p>
   </div>
   <div class='ocr_carea' id='block_1_83' title="bbox 1957 2556 3511 2626">
    <p class='ocr_par' dir='ltr' id='par_1_83' title="bbox 1957 2556 3511 2626">
     <span class='ocr_line' id='line_1_83' title="bbox 1957 2556 3511 2626; baseline 0.006 -18"><span class='ocrx_word' id='word_1_655' title='bbox 1957 2557 2098 2609; x_wconf 85' lang='lat' dir='ltr'><strong>inter</strong></span> <span class='ocrx_word' id='word_1_656' title='bbox 2124 2572 2184 2610; x_wconf 90' lang='lat' dir='ltr'><strong>se</strong></span> <span class='ocrx_word' id='word_1_657' title='bbox 2219 2556 2419 2622; x_wconf 81' lang='lat' dir='ltr'><strong>divisit,</strong></span> <span class='ocrx_word' id='word_1_658' title='bbox 2460 2558 2580 2626; x_wconf 90' lang='lat' dir='ltr'><strong>quis</strong></span> <span class='ocrx_word' id='word_1_659' title='bbox 2618 2559 2746 2613; x_wconf 88' lang='lat' dir='ltr'><strong>item</strong></span> <span class='ocrx_word' id='word_1_660' title='bbox 2782 2558 3097 2615; x_wconf 75' lang='lat' dir='ltr'><strong>dill‘erentize</strong></span> <span class='ocrx_word' id='word_1_661' title='bbox 3145 2563 3352 2617; x_wconf 88' lang='lat' dir='ltr'><strong>modus.</strong></span> <span class='ocrx_word' id='word_1_662' title='bbox 3406 2561 3511 2617; x_wconf 88' lang='lat' dir='ltr'><strong>Sed</strong></span> 
     </span>
    </p>
   </div>
   <div class='ocr_carea' id='block_1_84' title="bbox 1956 2648 3509 2721">
    <p class='ocr_par' dir='ltr' id='par_1_84' title="bbox 1956 2648 3509 2721">
     <span class='ocr_line' id='line_1_84' title="bbox 1956 2648 3509 2721; baseline 0.005 -20"><span class='ocrx_word' id='word_1_663' title='bbox 1956 2648 2102 2701; x_wconf 88' lang='lat' dir='ltr'><strong>dices</strong></span> <span class='ocrx_word' id='word_1_664' title='bbox 2124 2649 2366 2711; x_wconf 89' lang='lat' dir='ltr'><strong>omnino,</strong></span> <span class='ocrx_word' id='word_1_665' title='bbox 2398 2649 2540 2703; x_wconf 75' lang='lat' dir='ltr'><strong>aliud</strong></span> <span class='ocrx_word' id='word_1_666' title='bbox 2578 2665 2698 2705; x_wconf 90' lang='lat' dir='ltr'><strong>esse</strong></span> <span class='ocrx_word' id='word_1_667' title='bbox 2728 2668 2792 2705; x_wconf 82' lang='lat' dir='ltr'><strong>ex</strong></span> <span class='ocrx_word' id='word_1_668' title='bbox 2836 2651 2947 2720; x_wconf 83' lang='lat' dir='ltr'><strong>ipsa</strong></span> <span class='ocrx_word' id='word_1_669' title='bbox 2988 2662 3175 2706; x_wconf 89' lang='lat' dir='ltr'><strong>natura</strong></span> <span class='ocrx_word' id='word_1_670' title='bbox 3217 2654 3509 2721; x_wconf 86' lang='lat' dir='ltr'><strong>hominem,</strong></span> 
     </span>
    </p>
   </div>
   <div class='ocr_carea' id='block_1_85' title="bbox 1956 2740 3509 2811">
    <p class='ocr_par' dir='ltr' id='par_1_85' title="bbox 1956 2740 3509 2811">
     <span class='ocr_line' id='line_1_85' title="bbox 1956 2740 3509 2811; baseline 0.006 -20"><span class='ocrx_word' id='word_1_671' title='bbox 1956 2752 2050 2791; x_wconf 90' lang='lat' dir='ltr'><strong>seu</strong></span> <span class='ocrx_word' id='word_1_672' title='bbox 2090 2740 2509 2803; x_wconf 87' lang='lat' dir='ltr'><strong>humanitatem,</strong></span> <span class='ocrx_word' id='word_1_673' title='bbox 2551 2742 2693 2796; x_wconf 88' lang='lat' dir='ltr'><strong>aliud</strong></span> <span class='ocrx_word' id='word_1_674' title='bbox 2734 2741 2933 2808; x_wconf 89' lang='lat' dir='ltr'><strong>Deum,</strong></span> <span class='ocrx_word' id='word_1_675' title='bbox 2976 2745 3088 2797; x_wconf 83' lang='lat' dir='ltr'><strong>sive</strong></span> <span class='ocrx_word' id='word_1_676' title='bbox 3132 2745 3509 2811; x_wconf 81' lang='lat' dir='ltr'><strong>divinitatem;</strong></span> 
     </span>
    </p>
   </div>
   <div class='ocr_carea' id='block_1_86' title="bbox 1956 2826 3514 2904">
    <p class='ocr_par' dir='ltr' id='par_1_86' title="bbox 1956 2826 3514 2904">
     <span class='ocr_line' id='line_1_86' title="bbox 1956 2826 3514 2904; baseline 0.006 -24"><span class='ocrx_word' id='word_1_677' title='bbox 1956 2826 2065 2896; x_wconf 80' lang='lat'><strong>58</strong></span> <span class='ocrx_word' id='word_1_678' title='bbox 2099 2838 2154 2882; x_wconf 89' lang='lat' dir='ltr'><strong>et</strong></span> <span class='ocrx_word' id='word_1_679' title='bbox 2195 2829 2330 2883; x_wconf 90' lang='lat' dir='ltr'><strong>hanc</strong></span> <span class='ocrx_word' id='word_1_680' title='bbox 2391 2831 2605 2899; x_wconf 87' lang='lat' dir='ltr'><strong>quidem</strong></span> <span class='ocrx_word' id='word_1_681' title='bbox 2653 2848 2773 2885; x_wconf 84' lang='lat' dir='ltr'><strong>esse</strong></span> <span class='ocrx_word' id='word_1_682' title='bbox 2811 2833 2973 2886; x_wconf 77' lang='lat' dir='ltr'><strong>altera</strong></span> <span class='ocrx_word' id='word_1_683' title='bbox 3030 2834 3514 2904; x_wconf 82' lang='lat' dir='ltr'><strong>incomparabiliter</strong></span> 
     </span>
    </p>
   </div>
   <div class='ocr_carea' id='block_1_87' title="bbox 1957 2919 3516 2994">
    <p class='ocr_par' dir='ltr' id='par_1_87' title="bbox 1957 2919 3516 2994">
     <span class='ocr_line' id='line_1_87' title="bbox 1957 2919 3516 2994; baseline 0.006 -24"><span class='ocrx_word' id='word_1_684' title='bbox 1957 2919 2282 2986; x_wconf 73' lang='lat' dir='ltr'><strong>superiorem</strong></span> <span class='ocrx_word' id='word_1_685' title='bbox 2307 2959 2321 2982; x_wconf 93' lang='lat'><strong>,</strong></span> <span class='ocrx_word' id='word_1_686' title='bbox 2350 2919 2491 2972; x_wconf 91' lang='lat' dir='ltr'><strong>illam</strong></span> <span class='ocrx_word' id='word_1_687' title='bbox 2547 2936 2736 2973; x_wconf 88' lang='lat' dir='ltr'><strong>rursus</strong></span> <span class='ocrx_word' id='word_1_688' title='bbox 2791 2930 2940 2974; x_wconf 89' lang='lat' dir='ltr'><strong>tanto</strong></span> <span class='ocrx_word' id='word_1_689' title='bbox 2983 2925 3279 2987; x_wconf 90' lang='lat' dir='ltr'><strong>minorem,</strong></span> <span class='ocrx_word' id='word_1_690' title='bbox 3319 2937 3516 2994; x_wconf 87' lang='lat' dir='ltr'><strong>quanto</strong></span> 
     </span>
    </p>
   </div>
   <div class='ocr_carea' id='block_1_88' title="bbox 1956 3008 3511 3081">
    <p class='ocr_par' dir='ltr' id='par_1_88' title="bbox 1956 3008 3511 3081">
     <span class='ocr_line' id='line_1_88' title="bbox 1956 3008 3511 3081; baseline 0.003 -21"><span class='ocrx_word' id='word_1_691' title='bbox 1956 3009 2025 3060; x_wconf 92' lang='lat' dir='ltr'><strong>sit</strong></span> <span class='ocrx_word' id='word_1_692' title='bbox 2064 3010 2222 3060; x_wconf 91' lang='lat' dir='ltr'><strong>homo</strong></span> <span class='ocrx_word' id='word_1_693' title='bbox 2251 3008 2356 3062; x_wconf 84' lang='lat' dir='ltr'><strong>Deo</strong></span> <span class='ocrx_word' id='word_1_694' title='bbox 2408 3009 2647 3063; x_wconf 79' lang='lat' dir='ltr'><strong>inferior.</strong></span> <span class='ocrx_word' id='word_1_695' title='bbox 2699 3009 2977 3075; x_wconf 83' lang='lat' dir='ltr'><strong>Quomodo</strong></span> <span class='ocrx_word' id='word_1_696' title='bbox 3013 3013 3201 3081; x_wconf 81' lang='lat' dir='ltr'><strong>igitur,</strong></span> <span class='ocrx_word' id='word_1_697' title='bbox 3234 3015 3321 3068; x_wconf 91' lang='lat' dir='ltr'><strong>dic</strong></span> <span class='ocrx_word' id='word_1_698' title='bbox 3363 3016 3511 3080; x_wconf 75' lang='lat' dir='ltr'><strong>mihi,</strong></span> 
     </span>
    </p>
   </div>
   <div class='ocr_carea' id='block_1_89' title="bbox 1957 3101 3515 3171">
    <p class='ocr_par' dir='ltr' id='par_1_89' title="bbox 1957 3101 3515 3171">
     <span class='ocr_line' id='line_1_89' title="bbox 1957 3101 3515 3171; baseline 0.004 -18"><span class='ocrx_word' id='word_1_699' title='bbox 1957 3115 2060 3153; x_wconf 91' lang='lat' dir='ltr'><strong>una</strong></span> <span class='ocrx_word' id='word_1_700' title='bbox 2085 3101 2397 3155; x_wconf 88' lang='lat' dir='ltr'><strong>adoratione</strong></span> <span class='ocrx_word' id='word_1_701' title='bbox 2426 3112 2583 3170; x_wconf 84' lang='lat' dir='ltr'><strong>putas</strong></span> <span class='ocrx_word' id='word_1_702' title='bbox 2610 3102 2938 3168; x_wconf 85' lang='lat' dir='ltr'><strong>honoranda,</strong></span> <span class='ocrx_word' id='word_1_703' title='bbox 2975 3117 3092 3171; x_wconf 75' lang='lat' dir='ltr'><strong>qua:</strong></span> <span class='ocrx_word' id='word_1_704' title='bbox 3130 3104 3270 3157; x_wconf 87' lang='lat' dir='ltr'><strong>inter</strong></span> <span class='ocrx_word' id='word_1_705' title='bbox 3294 3120 3353 3160; x_wconf 87' lang='lat' dir='ltr'><strong>se</strong></span> <span class='ocrx_word' id='word_1_706' title='bbox 3381 3106 3515 3160; x_wconf 88' lang='lat' dir='ltr'><strong>adeo</strong></span> 
     </span>
    </p>
   </div>
   <div class='ocr_carea' id='block_1_90' title="bbox 1958 3193 3516 3262">
    <p class='ocr_par' dir='ltr' id='par_1_90' title="bbox 1958 3193 3516 3262">
     <span class='ocr_line' id='line_1_90' title="bbox 1958 3193 3516 3262; baseline 0.005 -17"><span class='ocrx_word' id='word_1_707' title='bbox 1958 3202 2084 3247; x_wconf 89' lang='lat' dir='ltr'><strong>sunt</strong></span> <span class='ocrx_word' id='word_1_708' title='bbox 2141 3193 2386 3262; x_wconf 67' lang='lat' dir='ltr'><strong>inaequali</strong></span> <span class='ocrx_word' id='word_1_709' title='bbox 2428 3204 2649 3255; x_wconf 83' lang='lat' dir='ltr'><strong>natura,</strong></span> <span class='ocrx_word' id='word_1_710' title='bbox 2702 3205 2756 3247; x_wconf 91' lang='lat' dir='ltr'><strong>et</strong></span> <span class='ocrx_word' id='word_1_711' title='bbox 2805 3197 3051 3251; x_wconf 64' lang='lat' dir='ltr'><strong>essentia;</strong></span> <span class='ocrx_word' id='word_1_712' title='bbox 3122 3196 3327 3252; x_wconf 84' lang='lat' dir='ltr'><strong>ratione</strong></span> <span class='ocrx_word' id='word_1_713' title='bbox 3386 3197 3516 3253; x_wconf 77' lang='lat' dir='ltr'><strong>adeo</strong></span> 
     </span>
    </p>
   </div>
   <div class='ocr_carea' id='block_1_91' title="bbox 1959 3283 3518 3354">
    <p class='ocr_par' dir='ltr' id='par_1_91' title="bbox 1959 3283 3518 3354">
     <span class='ocr_line' id='line_1_91' title="bbox 1959 3283 3518 3354; baseline 0.004 -17"><span class='ocrx_word' id='word_1_714' title='bbox 1959 3285 2184 3338; x_wconf 67' lang='lat' dir='ltr'><strong>diversis</strong></span> <span class='ocrx_word' id='word_1_715' title='bbox 2205 3283 2518 3339; x_wconf 71' lang='lat' dir='ltr'><strong>diﬁereutiis</strong></span> <span class='ocrx_word' id='word_1_716' title='bbox 2552 3286 2799 3354; x_wconf 88' lang='lat' dir='ltr'><strong>ahjuncta</strong></span> <span class='ocrx_word' id='word_1_717' title='bbox 2828 3288 2851 3339; x_wconf 72' lang='lat'><strong>1’</strong></span> <span class='ocrx_word' id='word_1_718' title='bbox 2884 3288 2959 3341; x_wconf 82' lang='lat' dir='ltr'><strong>Au</strong></span> <span class='ocrx_word' id='word_1_719' title='bbox 2985 3303 3109 3342; x_wconf 92' lang='lat' dir='ltr'><strong>vero</strong></span> <span class='ocrx_word' id='word_1_720' title='bbox 3132 3290 3176 3343; x_wconf 87' lang='lat' dir='ltr'><strong>si</strong></span> <span class='ocrx_word' id='word_1_721' title='bbox 3203 3300 3518 3345; x_wconf 72' lang='lat' dir='ltr'><strong>ornamenta</strong></span> 
     </span>
    </p>
   </div>
   <div class='ocr_carea' id='block_1_92' title="bbox 1958 3376 3515 3451">
    <p class='ocr_par' dir='ltr' id='par_1_92' title="bbox 1958 3376 3515 3451">
     <span class='ocr_line' id='line_1_92' title="bbox 1958 3376 3515 3451; baseline 0.005 -24"><span class='ocrx_word' id='word_1_722' title='bbox 1958 3376 2190 3428; x_wconf 89' lang='lat' dir='ltr'><strong>hominis</strong></span> <span class='ocrx_word' id='word_1_723' title='bbox 2228 3391 2364 3444; x_wconf 91' lang='lat' dir='ltr'><strong>equo</strong></span> <span class='ocrx_word' id='word_1_724' title='bbox 2397 3376 2792 3446; x_wconf 87' lang='lat' dir='ltr'><strong>circumponas,</strong></span> <span class='ocrx_word' id='word_1_725' title='bbox 2829 3378 3118 3449; x_wconf 89' lang='lat' dir='ltr'><strong>quidquam</strong></span> <span class='ocrx_word' id='word_1_726' title='bbox 3157 3378 3352 3435; x_wconf 76' lang='lat' dir='ltr'><strong>emcies</strong></span> <span class='ocrx_word' id='word_1_727' title='bbox 3372 3384 3515 3451; x_wconf 80' lang='lat' dir='ltr'><strong>quod</strong></span> 
     </span>
    </p>
   </div>
   <div class='ocr_carea' id='block_1_93' title="bbox 1960 3466 3517 3537">
    <p class='ocr_par' dir='ltr' id='par_1_93' title="bbox 1960 3466 3517 3537">
     <span class='ocr_line' id='line_1_93' title="bbox 1960 3466 3517 3537; baseline 0.004 -19"><span class='ocrx_word' id='word_1_728' title='bbox 1960 3468 2030 3519; x_wconf 92' lang='lat' dir='ltr'><strong>illi</strong></span> <span class='ocrx_word' id='word_1_729' title='bbox 2064 3467 2276 3520; x_wconf 85' lang='lat' dir='ltr'><strong>laudem</strong></span> <span class='ocrx_word' id='word_1_730' title='bbox 2316 3466 2550 3521; x_wconf 72' lang='lat' dir='ltr'><strong>all‘erat?</strong></span> <span class='ocrx_word' id='word_1_731' title='bbox 2593 3485 2659 3521; x_wconf 89' lang='lat' dir='ltr'><strong>an</strong></span> <span class='ocrx_word' id='word_1_732' title='bbox 2693 3470 2866 3537; x_wconf 81' lang='lat' dir='ltr'><strong>potius</strong></span> <span class='ocrx_word' id='word_1_733' title='bbox 2896 3469 3021 3523; x_wconf 93' lang='lat' dir='ltr'><strong>illud</strong></span> <span class='ocrx_word' id='word_1_734' title='bbox 3061 3470 3408 3527; x_wconf 80' lang='lat' dir='ltr'><strong>excellentius</strong></span> <span class='ocrx_word' id='word_1_735' title='bbox 3432 3470 3517 3525; x_wconf 76' lang='lat' dir='ltr'><strong>af-</strong></span> 
     </span>
    </p>
   </div>
   <div class='ocr_carea' id='block_1_94' title="bbox 1958 3559 3518 3634">
    <p class='ocr_par' dir='ltr' id='par_1_94' title="bbox 1958 3559 3518 3634">
     <span class='ocr_line' id='line_1_94' title="bbox 1958 3559 3518 3634; baseline 0.003 -22"><span class='ocrx_word' id='word_1_736' title='bbox 1958 3559 2106 3613; x_wconf 78' lang='lat' dir='ltr'><strong>ficies</strong></span> <span class='ocrx_word' id='word_1_737' title='bbox 2138 3559 2365 3625; x_wconf 89' lang='lat' dir='ltr'><strong>injuria,</strong></span> <span class='ocrx_word' id='word_1_738' title='bbox 2389 3574 2509 3612; x_wconf 89' lang='lat' dir='ltr'><strong>cum</strong></span> <span class='ocrx_word' id='word_1_739' title='bbox 2544 3561 2963 3628; x_wconf 65' lang='lat' dir='ltr'><strong>prmstantiorem</strong></span> <span class='ocrx_word' id='word_1_740' title='bbox 2998 3572 3240 3616; x_wconf 89' lang='lat' dir='ltr'><strong>naturam</strong></span> <span class='ocrx_word' id='word_1_741' title='bbox 3287 3564 3341 3618; x_wconf 90' lang='lat' dir='ltr'><strong>iu</strong></span> <span class='ocrx_word' id='word_1_742' title='bbox 3366 3564 3518 3634; x_wconf 77' lang='lat' dir='ltr'><strong>igno-</strong></span> 
     </span>
    </p>
   </div>
   <div class='ocr_carea' id='block_1_95' title="bbox 1960 3650 3520 3725">
    <p class='ocr_par' dir='ltr' id='par_1_95' title="bbox 1960 3650 3520 3725">
     <span class='ocr_line' id='line_1_95' title="bbox 1960 3650 3520 3725; baseline 0.005 -25"><span class='ocrx_word' id='word_1_743' title='bbox 1960 3650 2178 3703; x_wconf 68' lang='lat' dir='ltr'><strong>miniam</strong></span> <span class='ocrx_word' id='word_1_744' title='bbox 2217 3650 2467 3704; x_wconf 86' lang='lat' dir='ltr'><strong>detrahas</strong></span> <span class='ocrx_word' id='word_1_745' title='bbox 2499 3650 2646 3705; x_wconf 84' lang='lat' dir='ltr'><strong>?Sed</strong></span> <span class='ocrx_word' id='word_1_746' title='bbox 2671 3662 2884 3705; x_wconf 88' lang='lat' dir='ltr'><strong>acutum</strong></span> <span class='ocrx_word' id='word_1_747' title='bbox 2908 3652 3161 3721; x_wconf 87' lang='lat' dir='ltr'><strong>quiddam</strong></span> <span class='ocrx_word' id='word_1_748' title='bbox 3190 3654 3254 3707; x_wconf 90' lang='lat' dir='ltr'><strong>ad</strong></span> <span class='ocrx_word' id='word_1_749' title='bbox 3297 3668 3520 3725; x_wconf 78' lang='lat' dir='ltr'><strong>respon-</strong></span> 
     </span>
    </p>
   </div>
   <div class='ocr_carea' id='block_1_96' title="bbox 1960 3743 2858 3809">
    <p class='ocr_par' dir='ltr' id='par_1_96' title="bbox 1960 3743 2858 3809">
     <span class='ocr_line' id='line_1_96' title="bbox 1960 3743 2858 3809; baseline -0.002 -13"><span class='ocrx_word' id='word_1_750' title='bbox 1960 3743 2190 3797; x_wconf 88' lang='lat' dir='ltr'><strong>dendum</strong></span> <span class='ocrx_word' id='word_1_751' title='bbox 2217 3743 2418 3796; x_wconf 87' lang='lat' dir='ltr'><strong>invenit</strong></span> <span class='ocrx_word' id='word_1_752' title='bbox 2448 3761 2463 3809; x_wconf 89' lang='lat'><strong>;</strong></span> <span class='ocrx_word' id='word_1_753' title='bbox 2499 3744 2645 3795; x_wconf 89' lang='lat' dir='ltr'><strong>addit</strong></span> <span class='ocrx_word' id='word_1_754' title='bbox 2678 3744 2818 3797; x_wconf 89' lang='lat' dir='ltr'><strong>enim</strong></span> <span class='ocrx_word' id='word_1_755' title='bbox 2844 3760 2858 3794; x_wconf 90' lang='lat'>:</span> 
     </span>
    </p>
   </div>
   <div class='ocr_carea' id='block_1_97' title="bbox 2032 3829 3524 3903">
    <p class='ocr_par' dir='ltr' id='par_1_97' title="bbox 2032 3829 3524 3903">
     <span class='ocr_line' id='line_1_97' title="bbox 2032 3829 3524 3903; baseline 0.005 -21"><span class='ocrx_word' id='word_1_756' title='bbox 2032 3829 2293 3899; x_wconf 73' lang='grc' dir='ltr'>[Νεετοιι.</span> <span class='ocrx_word' id='word_1_757' title='bbox 2336 3830 2450 3884; x_wconf 84' lang='lat' dir='ltr'><strong>Non</strong></span> <span class='ocrx_word' id='word_1_758' title='bbox 2478 3840 2559 3885; x_wconf 91' lang='lat' dir='ltr'><strong>est</strong></span> <span class='ocrx_word' id='word_1_759' title='bbox 2604 3847 2700 3900; x_wconf 92' lang='lat' dir='ltr'><strong>per</strong></span> <span class='ocrx_word' id='word_1_760' title='bbox 2749 3848 2807 3887; x_wconf 87' lang='lat' dir='ltr'><strong>se</strong></span> <span class='ocrx_word' id='word_1_761' title='bbox 2841 3832 2980 3887; x_wconf 90' lang='lat' dir='ltr'><strong>Deus</strong></span> <span class='ocrx_word' id='word_1_762' title='bbox 3002 3833 3141 3903; x_wconf 89' lang='lat' dir='ltr'><strong>quod</strong></span> <span class='ocrx_word' id='word_1_763' title='bbox 3174 3834 3337 3888; x_wconf 88' lang='lat' dir='ltr'><strong>estin</strong></span> <span class='ocrx_word' id='word_1_764' title='bbox 3371 3842 3524 3890; x_wconf 88' lang='lat' dir='ltr'><strong>utero</strong></span> 
     </span>
    </p>
   </div>
   <div class='ocr_carea' id='block_1_98' title="bbox 1963 3919 3521 3992">
    <p class='ocr_par' dir='ltr' id='par_1_98' title="bbox 1963 3919 3521 3992">
     <span class='ocr_line' id='line_1_98' title="bbox 1963 3919 3521 3992; baseline 0.004 -19"><span class='ocrx_word' id='word_1_765' title='bbox 1963 3919 2250 3974; x_wconf 80' lang='lat' dir='ltr'><strong>formatum</strong></span> <span class='ocrx_word' id='word_1_766' title='bbox 2292 3939 2307 3985; x_wconf 90' lang='lat'><strong>;</strong></span> <span class='ocrx_word' id='word_1_767' title='bbox 2346 3937 2448 3975; x_wconf 93' lang='lat' dir='ltr'><strong>non</strong></span> <span class='ocrx_word' id='word_1_768' title='bbox 2472 3932 2553 3977; x_wconf 91' lang='lat' dir='ltr'><strong>est</strong></span> <span class='ocrx_word' id='word_1_769' title='bbox 2574 3937 2670 3992; x_wconf 89' lang='lat' dir='ltr'><strong>per</strong></span> <span class='ocrx_word' id='word_1_770' title='bbox 2685 3923 2765 3987; x_wconf 68' lang='lat' dir='ltr'><strong>‘gse</strong></span> <span class='ocrx_word' id='word_1_771' title='bbox 2799 3924 2936 3978; x_wconf 88' lang='lat' dir='ltr'><strong>Deus</strong></span> <span class='ocrx_word' id='word_1_772' title='bbox 2964 3927 3102 3992; x_wconf 87' lang='lat' dir='ltr'><strong>quod</strong></span> <span class='ocrx_word' id='word_1_773' title='bbox 3131 3935 3212 3979; x_wconf 91' lang='lat' dir='ltr'><strong>est</strong></span> <span class='ocrx_word' id='word_1_774' title='bbox 3234 3924 3521 3980; x_wconf 80' lang='lat' dir='ltr'><strong>formatum</strong></span> 
     </span>
    </p>
   </div>
   <div class='ocr_carea' id='block_1_99' title="bbox 1962 4013 3526 4087">
    <p class='ocr_par' dir='ltr' id='par_1_99' title="bbox 1962 4013 3526 4087">
     <span class='ocr_line' id='line_1_99' title="bbox 1962 4013 3526 4087; baseline 0.004 -21"><span class='ocrx_word' id='word_1_775' title='bbox 1962 4029 1991 4066; x_wconf 88' lang='lat' dir='ltr'><strong>a</strong></span> <span class='ocrx_word' id='word_1_776' title='bbox 2020 4013 2220 4082; x_wconf 86' lang='lat' dir='ltr'><strong>Spiritu</strong></span> <span class='ocrx_word' id='word_1_777' title='bbox 2255 4032 2267 4066; x_wconf 94' lang='lat'><strong>:</strong></span> <span class='ocrx_word' id='word_1_778' title='bbox 2301 4029 2404 4066; x_wconf 92' lang='lat' dir='ltr'><strong>nou</strong></span> <span class='ocrx_word' id='word_1_779' title='bbox 2434 4023 2517 4069; x_wconf 87' lang='lat' dir='ltr'><strong>est</strong></span> <span class='ocrx_word' id='word_1_780' title='bbox 2560 4029 2654 4083; x_wconf 86' lang='lat' dir='ltr'><strong>per</strong></span> <span class='ocrx_word' id='word_1_781' title='bbox 2691 4032 2749 4069; x_wconf 87' lang='lat' dir='ltr'><strong>se</strong></span> <span class='ocrx_word' id='word_1_782' title='bbox 2788 4016 2927 4071; x_wconf 91' lang='lat' dir='ltr'><strong>Deus</strong></span> <span class='ocrx_word' id='word_1_783' title='bbox 2968 4017 3109 4087; x_wconf 92' lang='lat' dir='ltr'><strong>quod</strong></span> <span class='ocrx_word' id='word_1_784' title='bbox 3141 4018 3405 4085; x_wconf 88' lang='lat' dir='ltr'><strong>sepultum</strong></span> <span class='ocrx_word' id='word_1_785' title='bbox 3442 4027 3526 4072; x_wconf 84' lang='lat' dir='ltr'><strong>est</strong></span> 
     </span>
    </p>
   </div>
   <div class='ocr_carea' id='block_1_100' title="bbox 1954 4104 3528 4175">
    <p class='ocr_par' dir='ltr' id='par_1_100' title="bbox 1954 4104 3528 4175">
     <span class='ocr_line' id='line_1_100' title="bbox 1954 4104 3528 4175; baseline 0.006 -18"><span class='ocrx_word' id='word_1_786' title='bbox 1954 4104 2016 4157; x_wconf 12' lang='lat' dir='ltr'><strong>vin</strong></span> <span class='ocrx_word' id='word_1_787' title='bbox 2067 4117 2443 4169; x_wconf 78' lang='lat' dir='ltr'><strong>monumento,</strong></span> <span class='ocrx_word' id='word_1_788' title='bbox 2509 4106 2704 4174; x_wconf 89' lang='lat' dir='ltr'><strong>alioqui</strong></span> <span class='ocrx_word' id='word_1_789' title='bbox 2757 4123 2997 4162; x_wconf 89' lang='lat' dir='ltr'><strong>essemus</strong></span> <span class='ocrx_word' id='word_1_790' title='bbox 3055 4108 3419 4175; x_wconf 73' lang='lat' dir='ltr'><strong>hominicolze,</strong></span> <span class='ocrx_word' id='word_1_791' title='bbox 3471 4123 3528 4166; x_wconf 90' lang='lat' dir='ltr'><strong>et</strong></span> 
     </span>
    </p>
   </div>
   <div class='ocr_carea' id='block_1_101' title="bbox 1963 4193 3527 4269">
    <p class='ocr_par' dir='ltr' id='par_1_101' title="bbox 1963 4193 3527 4269">
     <span class='ocr_line' id='line_1_101' title="bbox 1963 4193 3527 4269; baseline 0.004 -22"><span class='ocrx_word' id='word_1_792' title='bbox 1963 4193 2342 4247; x_wconf 71' lang='lat' dir='ltr'><strong>cadavericolae</strong></span> <span class='ocrx_word' id='word_1_793' title='bbox 2389 4194 2685 4250; x_wconf 76' lang='lat' dir='ltr'><strong>manifesti.</strong></span> <span class='ocrx_word' id='word_1_794' title='bbox 2735 4196 2839 4251; x_wconf 86' lang='lat' dir='ltr'><strong>Sed</strong></span> <span class='ocrx_word' id='word_1_795' title='bbox 2875 4199 2999 4267; x_wconf 87' lang='lat' dir='ltr'><strong>quia</strong></span> <span class='ocrx_word' id='word_1_796' title='bbox 3033 4208 3113 4252; x_wconf 89' lang='lat' dir='ltr'><strong>est</strong></span> <span class='ocrx_word' id='word_1_797' title='bbox 3157 4198 3209 4253; x_wconf 92' lang='lat' dir='ltr'><strong>in</strong></span> <span class='ocrx_word' id='word_1_798' title='bbox 3253 4208 3527 4269; x_wconf 84' lang='lat' dir='ltr'><strong>assumpto</strong></span> 
     </span>
    </p>
   </div>
   <div class='ocr_carea' id='block_1_102' title="bbox 1964 4285 3526 4359">
    <p class='ocr_par' dir='ltr' id='par_1_102' title="bbox 1964 4285 3526 4359">
     <span class='ocr_line' id='line_1_102' title="bbox 1964 4285 3526 4359; baseline 0.006 -21"><span class='ocrx_word' id='word_1_799' title='bbox 1964 4285 2143 4353; x_wconf 87' lang='lat' dir='ltr'><strong>Deus,</strong></span> <span class='ocrx_word' id='word_1_800' title='bbox 2180 4301 2243 4340; x_wconf 79' lang='lat' dir='ltr'><strong>ex</strong></span> <span class='ocrx_word' id='word_1_801' title='bbox 2270 4297 2581 4341; x_wconf 90' lang='lat' dir='ltr'><strong>assumente</strong></span> <span class='ocrx_word' id='word_1_802' title='bbox 2629 4288 2719 4357; x_wconf 92' lang='lat' dir='ltr'><strong>qui</strong></span> <span class='ocrx_word' id='word_1_803' title='bbox 2760 4298 2840 4341; x_wconf 90' lang='lat' dir='ltr'><strong>est</strong></span> <span class='ocrx_word' id='word_1_804' title='bbox 2894 4299 3231 4359; x_wconf 87' lang='lat' dir='ltr'><strong>assumptus,</strong></span> <span class='ocrx_word' id='word_1_805' title='bbox 3274 4299 3526 4359; x_wconf 83' lang='lat' dir='ltr'><strong>tauquam</strong></span> 
     </span>
    </p>
   </div>
   <div class='ocr_carea' id='block_1_103' title="bbox 1965 4374 3372 4452">
    <p class='ocr_par' dir='ltr' id='par_1_103' title="bbox 1965 4374 3372 4452">
     <span class='ocr_line' id='line_1_103' title="bbox 1965 4374 3372 4452; baseline 0.004 -23"><span class='ocrx_word' id='word_1_806' title='bbox 1965 4378 2260 4431; x_wconf 78' lang='lat' dir='ltr'><strong>assumenti</strong></span> <span class='ocrx_word' id='word_1_807' title='bbox 2284 4374 2622 4445; x_wconf 72' lang='lat' dir='ltr'><strong>coniunctus,</strong></span> <span class='ocrx_word' id='word_1_808' title='bbox 2656 4377 2812 4432; x_wconf 89' lang='lat' dir='ltr'><strong>simul</strong></span> <span class='ocrx_word' id='word_1_809' title='bbox 2834 4378 3129 4448; x_wconf 88' lang='lat' dir='ltr'><strong>appellatur</strong></span> <span class='ocrx_word' id='word_1_810' title='bbox 3166 4381 3327 4435; x_wconf 89' lang='lat' dir='ltr'><strong>Deus.</strong></span> <span class='ocrx_word' id='word_1_811' title='bbox 3353 4378 3372 4452; x_wconf 93' lang='lat'>]</span> 
     </span>
    </p>
   </div>
   <div class='ocr_carea' id='block_1_104' title="bbox 2597 4508 2887 4566">
    <p class='ocr_par' dir='ltr' id='par_1_104' title="bbox 2597 4508 2887 4566">
     <span class='ocr_line' id='line_1_104' title="bbox 2597 4508 2887 4566; baseline -0.01 0"><span class='ocrx_word' id='word_1_812' title='bbox 2597 4510 2747 4566; x_wconf 75' lang='lat' dir='ltr'><strong>CAP.</strong></span> <span class='ocrx_word' id='word_1_813' title='bbox 2776 4508 2887 4565; x_wconf 77' lang='lat' dir='ltr'><strong>XII.</strong></span> 
     </span>
    </p>
   </div>
   <div class='ocr_carea' id='block_1_105' title="bbox 2044 4646 3527 4717">
    <p class='ocr_par' dir='ltr' id='par_1_105' title="bbox 2044 4646 3527 4717">
     <span class='ocr_line' id='line_1_105' title="bbox 2044 4646 3527 4717; baseline -0.001 -16"><span class='ocrx_word' id='word_1_814' title='bbox 2044 4647 2177 4701; x_wconf 87' lang='lat' dir='ltr'><strong>Ecce</strong></span> <span class='ocrx_word' id='word_1_815' title='bbox 2205 4646 2315 4715; x_wconf 83' lang='lat' dir='ltr'><strong>jam</strong></span> <span class='ocrx_word' id='word_1_816' title='bbox 2341 4662 2549 4701; x_wconf 90' lang='lat' dir='ltr'><strong>rursum</strong></span> <span class='ocrx_word' id='word_1_817' title='bbox 2579 4647 2734 4704; x_wconf 91' lang='lat' dir='ltr'><strong>nobis</strong></span> <span class='ocrx_word' id='word_1_818' title='bbox 2758 4648 2846 4717; x_wconf 92' lang='lat' dir='ltr'><strong>qui</strong></span> <span class='ocrx_word' id='word_1_819' title='bbox 2870 4648 3297 4717; x_wconf 85' lang='lat' dir='ltr'><strong>conjunetlouem</strong></span> <span class='ocrx_word' id='word_1_820' title='bbox 3331 4646 3527 4717; x_wconf 81' lang='lat' dir='ltr'><strong>ubique</strong></span> 
     </span>
    </p>
   </div>
   <div class='ocr_carea' id='block_1_106' title="bbox 1968 4737 3527 4803">
    <p class='ocr_par' dir='ltr' id='par_1_106' title="bbox 1968 4737 3527 4803">
     <span class='ocr_line' id='line_1_106' title="bbox 1968 4737 3527 4803; baseline 0 -14"><span class='ocrx_word' id='word_1_821' title='bbox 1968 4738 2238 4803; x_wconf 87' lang='lat' dir='ltr'><strong>nominat,</strong></span> <span class='ocrx_word' id='word_1_822' title='bbox 2287 4749 2341 4791; x_wconf 90' lang='lat' dir='ltr'><strong>et</strong></span> <span class='ocrx_word' id='word_1_823' title='bbox 2399 4739 2629 4794; x_wconf 87' lang='lat' dir='ltr'><strong>hominis</strong></span> <span class='ocrx_word' id='word_1_824' title='bbox 2680 4739 2887 4792; x_wconf 90' lang='lat' dir='ltr'><strong>colendi</strong></span> <span class='ocrx_word' id='word_1_825' title='bbox 2936 4738 3137 4792; x_wconf 82' lang='lat' dir='ltr'><strong>crimen</strong></span> <span class='ocrx_word' id='word_1_826' title='bbox 3193 4737 3527 4802; x_wconf 79' lang='lat' dir='ltr'><strong>reformidat,</strong></span> 
     </span>
    </p>
   </div>
   <div class='ocr_carea' id='block_1_107' title="bbox 1973 4829 3527 4901">
    <p class='ocr_par' dir='ltr' id='par_1_107' title="bbox 1973 4829 3527 4901">
     <span class='ocr_line' id='line_1_107' title="bbox 1973 4829 3527 4901; baseline 0.001 -19"><span class='ocrx_word' id='word_1_827' title='bbox 1973 4829 2287 4884; x_wconf 88' lang='lat' dir='ltr'><strong>hominicola</strong></span> <span class='ocrx_word' id='word_1_828' title='bbox 2320 4843 2438 4884; x_wconf 88' lang='lat' dir='ltr'><strong>esse</strong></span> <span class='ocrx_word' id='word_1_829' title='bbox 2462 4830 2818 4896; x_wconf 89' lang='lat' dir='ltr'><strong>convincitur,</strong></span> <span class='ocrx_word' id='word_1_830' title='bbox 2857 4844 3070 4900; x_wconf 70' lang='lat' dir='ltr'><strong>suaeque</strong></span> <span class='ocrx_word' id='word_1_831' title='bbox 3115 4831 3290 4901; x_wconf 69' lang='lat' dir='ltr'><strong>impiae</strong></span> <span class='ocrx_word' id='word_1_832' title='bbox 3322 4832 3527 4900; x_wconf 80' lang='lat' dir='ltr'><strong>cogita-</strong></span> 
     </span>
    </p>
   </div>
   <div class='ocr_carea' id='block_1_108' title="bbox 1973 4920 3528 4990">
    <p class='ocr_par' dir='ltr' id='par_1_108' title="bbox 1973 4920 3528 4990">
     <span class='ocr_line' id='line_1_108' title="bbox 1973 4920 3528 4990; baseline 0.002 -17"><span class='ocrx_word' id='word_1_833' title='bbox 1973 4921 2134 4974; x_wconf 81' lang='lat' dir='ltr'><strong>tionis</strong></span> <span class='ocrx_word' id='word_1_834' title='bbox 2185 4920 2391 4988; x_wconf 88' lang='lat' dir='ltr'><strong>laqueis</strong></span> <span class='ocrx_word' id='word_1_835' title='bbox 2446 4922 2746 4990; x_wconf 87' lang='lat' dir='ltr'><strong>implicatus</strong></span> <span class='ocrx_word' id='word_1_836' title='bbox 2778 4932 3025 4985; x_wconf 89' lang='lat' dir='ltr'><strong>tenetur,</strong></span> <span class='ocrx_word' id='word_1_837' title='bbox 3061 4930 3113 4976; x_wconf 90' lang='lat' dir='ltr'><strong>et</strong></span> <span class='ocrx_word' id='word_1_838' title='bbox 3136 4922 3188 4975; x_wconf 91' lang='lat' dir='ltr'><strong>iu</strong></span> <span class='ocrx_word' id='word_1_839' title='bbox 3228 4922 3528 4990; x_wconf 87' lang='lat' dir='ltr'><strong>improbum</strong></span> 
     </span>
    </p>
   </div>
   <div class='ocr_carea' id='block_1_109' title="bbox 1973 5012 3529 5083">
    <p class='ocr_par' dir='ltr' id='par_1_109' title="bbox 1973 5012 3529 5083">
     <span class='ocr_line' id='line_1_109' title="bbox 1973 5012 3529 5083; baseline -0.001 -15"><span class='ocrx_word' id='word_1_840' title='bbox 1973 5028 2188 5068; x_wconf 87' lang='lat' dir='ltr'><strong>sensum</strong></span> <span class='ocrx_word' id='word_1_841' title='bbox 2214 5012 2390 5081; x_wconf 87' lang='lat' dir='ltr'><strong>lapsus</strong></span> <span class='ocrx_word' id='word_1_842' title='bbox 2412 5014 2823 5081; x_wconf 85' lang='lat' dir='ltr'><strong>deprehenditur</strong></span> <span class='ocrx_word' id='word_1_843' title='bbox 2851 5029 2866 5065; x_wconf 91' lang='lat'>:</span> <span class='ocrx_word' id='word_1_844' title='bbox 2900 5029 3019 5065; x_wconf 90' lang='lat' dir='ltr'><strong>nam</strong></span> <span class='ocrx_word' id='word_1_845' title='bbox 3049 5013 3099 5066; x_wconf 90' lang='lat' dir='ltr'><strong>id</strong></span> <span class='ocrx_word' id='word_1_846' title='bbox 3120 5013 3261 5083; x_wconf 76' lang='lat' dir='ltr'><strong>quod</strong></span> <span class='ocrx_word' id='word_1_847' title='bbox 3287 5028 3352 5068; x_wconf 78' lang='lat' dir='ltr'><strong>ex</strong></span> <span class='ocrx_word' id='word_1_848' title='bbox 3377 5024 3529 5068; x_wconf 87' lang='lat' dir='ltr'><strong>utero</strong></span> 
     </span>
    </p>
   </div>
   <div class='ocr_carea' id='block_1_110' title="bbox 1966 5104 3534 5174">
    <p class='ocr_par' dir='ltr' id='par_1_110' title="bbox 1966 5104 3534 5174">
     <span class='ocr_line' id='line_1_110' title="bbox 1966 5104 3534 5174; baseline 0.001 -17"><span class='ocrx_word' id='word_1_849' title='bbox 1966 5114 2063 5159; x_wconf 83' lang='lat' dir='ltr'><strong>est</strong></span> <span class='ocrx_word' id='word_1_850' title='bbox 2082 5104 2320 5168; x_wconf 76' lang='lat' dir='ltr'><strong>“editum,</strong></span> <span class='ocrx_word' id='word_1_851' title='bbox 2349 5106 2556 5174; x_wconf 89' lang='lat' dir='ltr'><strong>inquit,</strong></span> <span class='ocrx_word' id='word_1_852' title='bbox 2599 5121 2702 5158; x_wconf 90' lang='lat' dir='ltr'><strong>non</strong></span> <span class='ocrx_word' id='word_1_853' title='bbox 2750 5121 2844 5174; x_wconf 86' lang='lat' dir='ltr'><strong>per</strong></span> <span class='ocrx_word' id='word_1_854' title='bbox 2873 5121 2932 5159; x_wconf 87' lang='lat' dir='ltr'><strong>se</strong></span> <span class='ocrx_word' id='word_1_855' title='bbox 2962 5104 3099 5158; x_wconf 88' lang='lat' dir='ltr'><strong>Deus</strong></span> <span class='ocrx_word' id='word_1_856' title='bbox 3124 5113 3224 5158; x_wconf 88' lang='lat' dir='ltr'><strong>est.</strong></span> <span class='ocrx_word' id='word_1_857' title='bbox 3286 5105 3534 5160; x_wconf 88' lang='lat' dir='ltr'><strong>Admiror</strong></span> 
     </span>
    </p>
   </div>
   <div class='ocr_carea' id='block_1_111' title="bbox 1980 5194 3532 5268">
    <p class='ocr_par' dir='ltr' id='par_1_111' title="bbox 1980 5194 3532 5268">
     <span class='ocr_line' id='line_1_111' title="bbox 1980 5194 3532 5268; baseline 0.001 -18"><span class='ocrx_word' id='word_1_858' title='bbox 1980 5194 2225 5265; x_wconf 88' lang='lat' dir='ltr'><strong>equidem</strong></span> <span class='ocrx_word' id='word_1_859' title='bbox 2256 5204 2398 5249; x_wconf 89' lang='lat' dir='ltr'><strong>tuam</strong></span> <span class='ocrx_word' id='word_1_860' title='bbox 2430 5196 2568 5251; x_wconf 90' lang='lat' dir='ltr'><strong>banc</strong></span> <span class='ocrx_word' id='word_1_861' title='bbox 2591 5196 2885 5259; x_wconf 88' lang='lat' dir='ltr'><strong>solertiam,</strong></span> <span class='ocrx_word' id='word_1_862' title='bbox 2916 5206 2969 5250; x_wconf 91' lang='lat' dir='ltr'><strong>et</strong></span> <span class='ocrx_word' id='word_1_863' title='bbox 2999 5196 3193 5250; x_wconf 89' lang='lat' dir='ltr'><strong>subtile</strong></span> <span class='ocrx_word' id='word_1_864' title='bbox 3222 5197 3354 5250; x_wconf 90' lang='lat' dir='ltr'><strong>adeo</strong></span> <span class='ocrx_word' id='word_1_865' title='bbox 3382 5197 3532 5268; x_wconf 79' lang='lat' dir='ltr'><strong>inge-</strong></span> 
     </span>
    </p>
   </div>
   <div class='ocr_carea' id='block_1_112' title="bbox 1981 5286 3536 5357">
    <p class='ocr_par' dir='ltr' id='par_1_112' title="bbox 1981 5286 3536 5357">
     <span class='ocr_line' id='line_1_112' title="bbox 1981 5286 3536 5357; baseline 0.002 -18"><span class='ocrx_word' id='word_1_866' title='bbox 1981 5288 2147 5342; x_wconf 87' lang='lat' dir='ltr'><strong>nium.</strong></span> <span class='ocrx_word' id='word_1_867' title='bbox 2182 5286 2319 5352; x_wconf 75' lang='lat' dir='ltr'><strong>Quis</strong></span> <span class='ocrx_word' id='word_1_868' title='bbox 2373 5290 2515 5342; x_wconf 89' lang='lat' dir='ltr'><strong>enim</strong></span> <span class='ocrx_word' id='word_1_869' title='bbox 2557 5303 2774 5357; x_wconf 87' lang='lat' dir='ltr'><strong>prorsus</strong></span> <span class='ocrx_word' id='word_1_870' title='bbox 2828 5288 2932 5343; x_wconf 89' lang='lat' dir='ltr'><strong>hoc</strong></span> <span class='ocrx_word' id='word_1_871' title='bbox 2969 5289 3149 5342; x_wconf 88' lang='lat' dir='ltr'><strong>dicere</strong></span> <span class='ocrx_word' id='word_1_872' title='bbox 3194 5296 3275 5342; x_wconf 90' lang='lat' dir='ltr'><strong>est</strong></span> <span class='ocrx_word' id='word_1_873' title='bbox 3327 5289 3536 5344; x_wconf 80' lang='lat' dir='ltr'><strong>ausus?</strong></span> 
     </span>
    </p>
   </div>
   <div class='ocr_carea' id='block_1_113' title="bbox 1978 5378 3537 5448">
    <p class='ocr_par' dir='ltr' id='par_1_113' title="bbox 1978 5378 3537 5448">
     <span class='ocr_line' id='line_1_113' title="bbox 1978 5378 3537 5448; baseline 0 -16"><span class='ocrx_word' id='word_1_874' title='bbox 1978 5389 2072 5432; x_wconf 89' lang='lat' dir='ltr'><strong>aut</strong></span> <span class='ocrx_word' id='word_1_875' title='bbox 2126 5378 2248 5448; x_wconf 86' lang='lat' dir='ltr'><strong>quis</strong></span> <span class='ocrx_word' id='word_1_876' title='bbox 2308 5379 2569 5447; x_wconf 85' lang='lat' dir='ltr'><strong>ignoravit</strong></span> <span class='ocrx_word' id='word_1_877' title='bbox 2641 5393 2871 5447; x_wconf 89' lang='lat' dir='ltr'><strong>unquam</strong></span> <span class='ocrx_word' id='word_1_878' title='bbox 2919 5380 3061 5447; x_wconf 90' lang='lat' dir='ltr'><strong>quod</strong></span> <span class='ocrx_word' id='word_1_879' title='bbox 3114 5388 3294 5433; x_wconf 91' lang='lat' dir='ltr'><strong>natum</strong></span> <span class='ocrx_word' id='word_1_880' title='bbox 3346 5387 3426 5432; x_wconf 88' lang='lat' dir='ltr'><strong>est</strong></span> <span class='ocrx_word' id='word_1_881' title='bbox 3470 5393 3537 5432; x_wconf 71' lang='lat' dir='ltr'><strong>ex</strong></span> 
     </span>
    </p>
   </div>
   <div class='ocr_carea' id='block_1_114' title="bbox 1977 5468 3534 5540">
    <p class='ocr_par' dir='ltr' id='par_1_114' title="bbox 1977 5468 3534 5540">
     <span class='ocr_line' id='line_1_114' title="bbox 1977 5468 3534 5540; baseline -0.004 -13"><span class='ocrx_word' id='word_1_882' title='bbox 1977 5487 2160 5535; x_wconf 88' lang='lat' dir='ltr'><strong>carne,</strong></span> <span class='ocrx_word' id='word_1_883' title='bbox 2192 5487 2407 5527; x_wconf 88' lang='lat' dir='ltr'><strong>carnem</strong></span> <span class='ocrx_word' id='word_1_884' title='bbox 2437 5471 2607 5525; x_wconf 86' lang='lat' dir='ltr'><strong>esse?</strong></span> <span class='ocrx_word' id='word_1_885' title='bbox 2635 5470 2737 5526; x_wconf 88' lang='lat' dir='ltr'><strong>Sed</strong></span> <span class='ocrx_word' id='word_1_886' title='bbox 2768 5482 2943 5523; x_wconf 87' lang='lat' dir='ltr'><strong>tamen</strong></span> <span class='ocrx_word' id='word_1_887' title='bbox 2974 5480 3091 5525; x_wconf 89' lang='lat' dir='ltr'><strong>erat</strong></span> <span class='ocrx_word' id='word_1_888' title='bbox 3119 5471 3327 5540; x_wconf 89' lang='lat' dir='ltr'><strong>propria</strong></span> <span class='ocrx_word' id='word_1_889' title='bbox 3353 5468 3534 5532; x_wconf 71' lang='lat' dir='ltr'><strong>Verbi,</strong></span> 
     </span>
    </p>
   </div>
   <div class='ocr_carea' id='block_1_115' title="bbox 1978 5564 3531 5634">
    <p class='ocr_par' dir='ltr' id='par_1_115' title="bbox 1978 5564 3531 5634">
     <span class='ocr_line' id='line_1_115' title="bbox 1978 5564 3531 5634; baseline -0.003 -14"><span class='ocrx_word' id='word_1_890' title='bbox 1978 5576 2033 5620; x_wconf 90' lang='lat' dir='ltr'><strong>et</strong></span> <span class='ocrx_word' id='word_1_891' title='bbox 2064 5580 2201 5621; x_wconf 87' lang='lat' dir='ltr'><strong>unus</strong></span> <span class='ocrx_word' id='word_1_892' title='bbox 2225 5580 2343 5619; x_wconf 89' lang='lat' dir='ltr'><strong>cum</strong></span> <span class='ocrx_word' id='word_1_893' title='bbox 2374 5564 2461 5619; x_wconf 91' lang='lat' dir='ltr'><strong>illa</strong></span> <span class='ocrx_word' id='word_1_894' title='bbox 2491 5564 2825 5631; x_wconf 85' lang='lat' dir='ltr'><strong>intelligitur,</strong></span> <span class='ocrx_word' id='word_1_895' title='bbox 2847 5572 2905 5615; x_wconf 94' lang='lat' dir='ltr'><strong>ut</strong></span> <span class='ocrx_word' id='word_1_896' title='bbox 2928 5564 3110 5633; x_wconf 90' lang='lat' dir='ltr'><strong>procul</strong></span> <span class='ocrx_word' id='word_1_897' title='bbox 3140 5565 3321 5630; x_wconf 91' lang='lat' dir='ltr'><strong>dubio,</strong></span> <span class='ocrx_word' id='word_1_898' title='bbox 3345 5576 3531 5634; x_wconf 89' lang='lat' dir='ltr'><strong>quem-</strong></span> 
     </span>
    </p>
   </div>
   <div class='ocr_carea' id='block_1_116' title="bbox 1976 5657 3535 5729">
    <p class='ocr_par' dir='ltr' id='par_1_116' title="bbox 1976 5657 3535 5729">
     <span class='ocr_line' id='line_1_116' title="bbox 1976 5657 3535 5729; baseline -0.003 -17"><span class='ocrx_word' id='word_1_899' title='bbox 1976 5658 2269 5713; x_wconf 84' lang='lat' dir='ltr'><strong>admodum</strong></span> <span class='ocrx_word' id='word_1_900' title='bbox 2315 5663 2558 5729; x_wconf 86' lang='lat' dir='ltr'><strong>superius</strong></span> <span class='ocrx_word' id='word_1_901' title='bbox 2603 5659 2860 5727; x_wconf 78' lang='lat' dir='ltr'><strong>diximus,</strong></span> <span class='ocrx_word' id='word_1_902' title='bbox 2890 5659 3049 5715; x_wconf 89' lang='lat' dir='ltr'><strong>etiam</strong></span> <span class='ocrx_word' id='word_1_903' title='bbox 3093 5658 3325 5713; x_wconf 84' lang='lat' dir='ltr'><strong>hominis</strong></span> <span class='ocrx_word' id='word_1_904' title='bbox 3360 5657 3535 5712; x_wconf 73' lang='lat' dir='ltr'><strong>anima</strong></span> 
     </span>
    </p>
   </div>
   <div class='ocr_carea' id='block_1_117' title="bbox 3155 5922 3187 5980">
    <p class='ocr_par' dir='ltr' id='par_1_117' title="bbox 3155 5922 3187 5980">
     <span class='ocr_line' id='line_1_117' title="bbox 3155 5922 3187 5980; baseline 0 0"><span class='ocrx_word' id='word_1_905' title='bbox 3155 5922 3187 5980; x_wconf 70' lang='grc'><strong>4</strong></span> 
     </span>
    </p>
   </div>
  </div>
