4054 6332
536 419 656 474 J07

1543 413 1599 469 S.
1641 411 1911 468 CYRILLI
1945 407 2410 463 ALEXANDRINI
2451 407 2769 464 ARCHIEP.

3675 407 3773 461 108

552 550 673 588 eum
696 548 793 590 suo
816 547 1039 603 corpore
1066 549 1084 588 :
1119 548 1246 603 ergo
1270 532 1312 588 si
1341 530 1605 602 quispiam
1623 531 1689 585 de
1716 530 1869 585 nobis
1892 542 2105 597 quoque

2210 529 2261 579 εἴ
2301 544 2381 590 τις
2415 527 2586 579 ἕλοιτο
2621 526 2711 579 καὶ
2740 526 2823 594 ἐφ’
2852 525 3005 595 ἡμῶν
3033 526 3228 587 εἰπεῖν,
3265 524 3365 577 οὐκ
3402 524 3688 595 ἄνθρωπος
3713 523 3775 576 τὸ

552 628 734 681 dicere
784 626 957 692 velit,
1021 642 1124 680 non
1186 639 1306 678 esse
1363 625 1635 679 hominem
1687 622 1858 691 ipsum
1911 636 2108 689 corpus

528 732 644 787 .per
685 734 780 779 se.
840 732 1017 772 nonne
1058 716 1391 785 superﬂuens
1440 715 1492 768 in
1533 729 1782 769 sermone
1829 723 1883 768 et
1932 727 2107 781 nugax

532 810 743 864 -merito
798 809 1052 863 dicetur?
1086 808 1266 876 Neque
1315 806 1457 859 enim
1503 807 1784 874 quisquam
1822 814 2110 874 negaturus

534 913 632 956 'est
681 903 853 970 ipsum
893 916 992 969 per
1045 915 1103 954 se
1132 914 1324 967 corpus
1358 915 1461 952 non
1504 912 1628 951 esse
1678 897 1984 959 hominem,
2017 896 2109 950 sed

548 994 726 1062 p0tius
769 992 999 1045 hominis
1041 1006 1234 1059 corpus
1272 991 1555 1044 dicisSed
1586 1006 1742 1043 nemo
1770 1000 1946 1043 tamen
1977 989 2111 1045 duas

550 1082 603 1137 in
635 1089 813 1151 partes
846 1080 1124 1144 dividens,
1162 1095 1225 1133 ac
1271 1079 1495 1133 scorsim
1537 1093 1740 1147 ponens
1778 1080 2008 1132 animam
2059 1086 2113 1132 et

551 1189 779 1243 corpus,
805 1173 998 1227 dixerit
1046 1186 1282 1240 unquam
1318 1185 1512 1237 corpus
1556 1171 1743 1224 eodem
1779 1186 1898 1223 cum
1934 1168 2109 1221 anima

550 1266 801 1335 appellari
832 1264 1045 1318 nomine
1070 1264 1134 1315 ad
1164 1278 1325 1316 unum
1360 1260 1632 1314 hominem
1656 1262 2062 1331 signiﬁcandum
2091 1276 2107 1324 ;

551 1372 725 1425 neque
764 1356 905 1409 enim
950 1364 1105 1422 aptus
1136 1354 1237 1407 erit
1265 1352 1523 1423 ejusmodi
1568 1367 1777 1417 sermo,
1804 1353 1894 1405 sed
1938 1351 2112 1421 potius

551 1448 834 1517 imperitia:
866 1446 1073 1515 plenus.
1112 1444 1214 1499 Sed
1242 1461 1361 1499 cum
1389 1455 1672 1512 utrumque
1697 1445 1989 1498 secundum
2015 1459 2110 1496 na-

554 1537 779 1592 turalem
806 1536 1052 1590 unionem
1077 1534 1413 1602 conjunxerit
1442 1537 1508 1590 ad
1539 1536 1695 1589 unius
1726 1535 1957 1589 hominis
1983 1549 2111 1588 con-

544 1631 900 1694 stitutionem,
931 1638 1040 1681 tum
1073 1628 1282 1682 demum
1337 1627 1604 1681 hominem
1650 1628 1956 1696 appellabit.
2012 1640 2111 1680 nec

542 1718 821 1775 widebitur
843 1719 1020 1787 inepte
1036 1718 1370 1787 absurdeque
1389 1719 1582 1773 dicere.
1604 1717 1853 1788 Oportuit
1875 1733 2023 1787 ergo,
2062 1716 2108 1771 si

538 1811 769 1866 omnino
793 1808 1006 1878 sapiens
1029 1810 1188 1863 homo
1207 1811 1480 1878 solersque
1495 1820 1610 1863 erat
1629 1850 1644 1875 ,
1673 1825 1867 1877 corpus
1894 1810 2106 1877 quidem

551 1903 678 1957 illud
693 1916 757 1956 ex
780 1900 1001 1955 muliere
1022 1900 1220 1963 dicere,
1248 1910 1301 1955 et
1322 1900 1541 1970 insuper
1567 1900 1741 1965 fateri,
1764 1901 1888 1953 illud
1910 1901 2111 1953 unitate

553 1991 847 2048 secundum
916 1990 1244 2062 hypostasim
1323 2006 1445 2045 cum
1510 1990 1686 2044 Verbo
1743 1992 2107 2059 conjunctum,

539 2097 720 2135 unum
785 2079 1059 2133 Christum
1126 2087 1180 2131 et
1228 2077 1429 2132 Filium
1484 2088 1538 2132 et
1590 2078 1872 2133 Dominum
1930 2080 2110 2131 absol-

552 2177 728 2237 visse,
784 2171 1037 2225 eumdem
1111 2169 1268 2224 simul
1346 2180 1405 2225 et
1457 2171 1619 2225 Deum
1696 2180 1751 2224 et
1816 2171 2107 2225 hominem.

536 2261 662 2334 ,59
682 2261 833 2317 Nunc
867 2276 997 2315 vero
1038 2263 1140 2315 hoc
1182 2263 1404 2326 omisso,
1451 2276 1700 2330 perversa
1731 2261 1971 2331 graditur
2004 2262 2109 2324 via,

530 2356 619 2408 o-de
660 2363 807 2407 recta
848 2353 1133 2418 decedens,
1182 2367 1246 2405 ac
1289 2352 1424 2406 duos
1473 2352 1627 2407 nobis
1674 2356 1800 2407 deos
1835 2352 2108 2421 praedicat,

552 2460 718 2498 unum
760 2443 1051 2498 secundum
1088 2453 1335 2496 naturam
1368 2459 1431 2497 ac
1460 2445 1763 2509 veritatem,
1796 2444 1925 2498 illud
1961 2445 2113 2497 nimi-

536 2552 673 2590 :rum
717 2549 783 2589 ex
838 2534 946 2589 Deo
998 2535 1157 2589 Patre
1205 2532 1473 2601 Verbum;
1524 2536 1689 2589 alium
1740 2552 1866 2591 vero
1917 2547 2112 2606 printer

535 2629 716 2690 .hunc,
763 2626 853 2694 qui
887 2626 1044 2680 simul
1076 2642 1195 2679 cum
1227 2641 1291 2681 eo
1336 2626 1479 2683 Deus
1512 2628 1827 2695 appellatur.
1862 2628 1933 2683 Ut
1964 2629 2109 2682 enim

536 2732 708 2772 inemo
747 2716 917 2771 nostri
973 2718 1188 2785 generis
1235 2717 1432 2770 dicitur
1464 2733 1586 2772 cum
1634 2734 1693 2772 se
1744 2720 1858 2786 ipso
1907 2730 1961 2773 et
1993 2720 2110 2774 solo

536 2809 880 2872 conversari,
924 2809 1069 2862 verbi
1098 2809 1292 2877 gratia,
1321 2808 1415 2862 sed
1460 2824 1580 2863 cunt
1628 2809 1797 2865 altero
1823 2826 2109 2867 conversa-

545 2908 658 2966 tur,
692 2914 755 2954 ac
796 2899 841 2952 si
862 2914 1027 2968 quem
1055 2913 1085 2957 e
1108 2900 1339 2954 terrenis
1371 2901 1582 2969 regibus
1601 2903 1884 2970 quisquam
1915 2904 2110 2958 dixerit

550 2992 710 3047 simul
759 3007 881 3046 cum
939 2992 1118 3060 seipso
1167 3006 1411 3061 regnare,
1440 2994 1562 3062 jure
1606 2996 1677 3048 sit
1735 2995 2010 3060 ridendus,
2056 3004 2110 3049 et

552 3083 857 3150 uugabitur,
904 3082 1029 3134 dum
1066 3082 1205 3149 quod
1256 3084 1322 3135 de
1354 3096 1461 3135 uno
1510 3082 1734 3152 soloque
1767 3084 1985 3148 dicitur,
2029 3083 2111 3138 sic

2212 620 2369 687 σῶμα
2394 618 2515 671 καθ’
2547 617 2725 681 ἑαυτὸ,
2752 618 2813 669 ού
2844 617 3093 684 περιττὸς
3122 617 3200 679 είς
3232 616 3422 683 λόγους
3454 617 3547 669 καί⁵
3574 615 3774 668 εἰκαιό-

2212 712 2379 780 μυθος
2418 709 2737 779 ὀνομάζοιτο
2784 708 2849 761 ἂν
2882 708 3142 772 εἰκότως;
3195 709 3513 776 Ἀρνήσεται
3545 707 3652 777 γὰρ
3685 707 3776 757 ού-

2208 801 2339 865 δεὶς,
2376 801 2458 852 ὅτι
2504 801 2578 869 μὴ
2608 798 2893 870 ἄνθρωπος
2929 798 2990 851 τὸ
3033 796 3193 867 σῶμα
3241 797 3361 851 καθ’
3400 798 3582 860 ἑαυτὸ,
3616 799 3776 866 σῶμα

2208 892 2265 946 δὲ
2300 894 2498 962 μᾶλλον
2527 892 2814 962 ἀνθρώπου
2862 889 3060 957 λέγοιτ’
3092 889 3175 943 ἄν,
3212 888 3358 958 Πλὴν
3394 888 3454 940 ού
3497 888 3619 956 δίχα
3656 887 3775 939 δια-

2207 985 2409 1054 τεμὼν,
2447 985 2669 1038 καὶάνὰ
2722 983 2886 1053 μέρος
2931 982 3101 1044 τιθεὶς
3128 981 3305 1051 ψυχήν
3350 998 3409 1033 τε
3453 981 3547 1034 καὶ
3591 981 3772 1050 σῶμα,

2210 1076 2344 1145 φαίη
2382 1093 2464 1138 τις
2507 1077 2594 1139 ἂν,
2643 1075 2725 1127 ὅτι
2781 1076 3181 1143 συγχρηματιεῖ
3208 1076 3269 1124 τὸ
3316 1072 3475 1142 σῶμα
3508 1076 3573 1141 τῇ
3626 1073 3775 1142 ψυχῇ

2215 1169 2354 1238 πρὸς
2400 1168 2516 1230 ἐνὸς
2563 1166 2848 1234 ἀνθρώπου
2897 1165 3159 1235 δήλωσιν*
3202 1166 3286 1234 εἴη
3329 1165 3438 1235 γὰρ
3475 1165 3539 1218 ἂν
3581 1166 3681 1216 οὐκ
3717 1167 3776 1216 ὲν

2210 1260 2400 1330 κόσμῳ
2444 1259 2811 1329 γεγενημένος
2848 1261 2875 1312 6
2903 1258 3105 1311 τοιόσδε
3150 1258 3335 1325 λόγος,
3365 1257 3562 1327 μᾶλλον
3589 1258 3644 1310 δὲ
3681 1259 3776 1309 καὶ

2209 1351 2448 1421 ἀμαθίας
2466 1350 2733 1420 ἔμπλεως.
2757 1352 2956 1420 Ἄμφω
2978 1368 3037 1416 γε
3062 1349 3167 1419 μὴν
3188 1349 3306 1401 καθ’
3324 1349 3515 1401 ἕνωσιν
3536 1350 3775 1419 φυσικὴν

2211 1444 2550 1512 συνενεγκὼν
2588 1445 2666 1507 εἰς
2702 1443 2817 1507 ἑνὸς
2864 1443 3150 1514 ἀνθρώπου
3191 1443 3481 1505 σύστασιν,
3514 1444 3633 1495 τότε
3683 1446 3776 1496 καὶ

2208 1536 2491 1606 ἄνθρωπον
2520 1535 2799 1605 όνομάσει·
2840 1535 2933 1587 acati.
2967 1534 3071 1587 κᾶν
3106 1533 3215 1604 [fon
3240 1534 3339 1586 ούκ
3366 1533 3453 1604 ἂν]
3482 1534 3622 1587 οὕτω
3649 1535 3777 1606 δόξῃ

2208 1625 2526 1694 ἀσύμφυλόν
2548 1642 2605 1678 τε
2633 1625 2726 1678 καὶ
2750 1624 2981 1687 ἀκαλλὲς
3007 1626 3198 1677 εἰπεῖν.
3216 1625 3361 1676 Ἔδει
3390 1624 3586 1687 τοίνυν,
3617 1626 3775 1693 εἰπερ

2206 1734 2291 1779 τις
2321 1712 2389 1787 ἦν
2422 1716 2558 1774 ὅλως
2586 1715 2746 1783 σοφός
2778 1732 2837 1767 τε
2870 1716 2967 1767 καὶ
2999 1714 3272 1784 νουνεχὴς,
3306 1713 3466 1783 σῶμα
3487 1716 3681 1777 εἰπεῖν,
3713 1715 3777 1767 τὸ

2210 1811 2275 1861 ὲκ
2328 1810 2582 1877 γυναικός
2604 1826 2616 1837 ·
2668 1806 3139 1878 προσομολογῆσαι
3171 1806 3226 1858 δὲ
3265 1808 3346 1859 ὅτι
3385 1809 3452 1875 τῇ
3486 1806 3604 1859 καθ’
3640 1807 3777 1858 ὑπό-

2141 1876 2183 1929 B
2215 1876 2401 1953 στασιν
2432 1898 2620 1952 ὲνώσει
2649 1876 2963 1967 συνενεχθὲν
2990 1897 3066 1967 τῷ
3093 1898 3269 1967 Λόγῳ,
3296 1898 3527 1967 Χριστὸν
3552 1898 3647 1950 ἕνα
3679 1900 3776 1950 καὶ

2211 1990 2340 2043 Υίὺν
2380 1990 2475 2042 καὶ
2514 1992 2719 2057 Κύριον
2755 1988 3113 2044 ὰποτετέλεκε
3156 1990 3247 2040 τὸν
3290 1989 3451 2040 αὐτὸν
3486 1988 3615 2041 ὄντα
3643 1989 3778 2041 Θεὸν

2212 2085 2306 2136 καὶ
2336 2083 2616 2154 ἄνθρωπον
2639 2099 2651 2113 ·
2683 2083 2799 2135 νυνὶ
2824 2083 2880 2136 δὲ
2915 2082 3074 2135 τοῦτο
3106 2081 3308 2150 μεθείς,
3331 2081 3501 2134 οἴεται
3528 2082 3637 2150 (16)
3675 2082 3777 2151 μὲν

2210 2176 2309 2245 τὴν
2337 2174 2774 2244 διεστραμμένην
2819 2174 2918 2243 τῆς
2953 2175 3032 2236 είς
3089 2174 3217 2226 εὐθὺ
3254 2173 3589 2226 διεκπίπτων
3615 2173 3731 2224 ὁδοῦ
3757 2189 3771 2200 ο

2210 2266 2303 2319 δύο
2330 2266 2384 2318 δὲ
2431 2267 2561 2335 ἡμῖν
2606 2264 2952 2335 διακηρύττει
3010 2266 3196 2327 Θεοὺς,
3229 2264 3322 2316 ’ἐνα
3381 2264 3477 2334 μὲν
3510 2265 3583 2327 ὡς
3617 2264 3777 2332 φύσει

2213 2358 2304 2410 καὶ
2329 2358 2554 2427 ἀληθείᾳ
2580 2358 2669 2409 τὸν
2717 2360 2780 2410 ὲκ
2829 2356 2962 2409 Θεοῦ
3018 2357 3228 2423 Πατρὸς
3269 2356 3468 2423 Λόγον·
3508 2358 3689 2426 ἕτερον
3718 2356 3778 2407 δὲ

2212 2452 2343 2519 παρ’
2394 2450 2595 2513 αὑτὸν,
2644 2450 2734 2501 τὸν
2786 2446 3298 2518 συγχρηματίζοντα
3350 2447 3525 2516 αὐτῷ·
3572 2449 3630 2499 ὃν
3668 2449 3779 2516 γὰρ

2210 2538 2408 2606 τρόπον
2434 2536 2604 2599 οὐδεὶς
2640 2537 2705 2590 ἂν
2734 2536 2945 2604 λέγοιτο
2992 2535 3099 2587 τῶν
3133 2536 3254 2588 καθ’
3282 2538 3427 2604 ἡμᾶς
3468 2535 3646 2604 ἑαυτῷ
3684 2540 3778 2588 καὶ

2214 2629 2358 2698 μόνῳ
2384 2628 2782 2681 συνδιαιτᾶσθαι
2806 2628 2985 2697 τυχὸν,
3018 2627 3186 2698 ἑτέρῳ
3215 2628 3269 2678 δὲ
3310 2627 3508 2696 μᾶλλον
3541 2628 3777 2681 συνδιαι·

2209 2718 2453 2787 τὴσεται.
2504 2718 2621 2772 Κᾶν
2654 2720 2706 2772 εῐ
2751 2736 2872 2772 τινα
2906 2719 3052 2786 λέγοι
3092 2719 3199 2772 τῶν
3233 2720 3324 2770 ἐπὶ
3366 2719 3470 2788 γῆς
3514 2719 3780 2788 βασιλέων

2212 2807 2630 2877 συμϐασιλεύειν
2660 2807 2855 2877 ἑαυτῷ,
2880 2808 3033 2876 ὄφλοι
3062 2809 3128 2862 ἂν
3159 2809 3387 2872 εἰκότως
3418 2810 3647 2877 γέλωτα,
3680 2813 3778 2863 καὶ

2213 2900 2495 2972 βατταριεῖ
2525 2901 2585 2955 τὸ
2621 2902 2706 2969 ἐφ’
2739 2901 2856 2963 ἑνός
2884 2918 2944 2952 τε
2981 2900 3076 2953 καὶ
3104 2901 3264 2971 μόνου
3292 2902 3460 2965 τιθεὶς
3489 2905 3583 2957 καὶ
3607 2902 3782 2969 λέγων

2209 2993 2284 3056 ὡς
2312 2994 2405 3047 ἐπὶ
2432 2994 2599 3058 δυοῖν,
2639 2994 2812 3059 οὕτως
2844 2996 3102 3049 ἀσύνετον
3134 2997 3329 3067 κομιδῆ
3359 2996 3419 3048 τὸ
3455 3012 3781 3065 συγχρημα-

2211 3086 2383 3148 τίζειν
2415 3088 2623 3139 οἴεσθαι
2671 3088 2791 3142 καθ’
2820 3089 2938 3149 ἑνός
2970 3106 3029 3141 τε
3069 3089 3162 3141 καὶ
3195 3090 3354 3158 μόνου
3383 3088 3642 3141 δύνασθαι
3674 3106 3784 3157 χω-

554 3173 704 3243 ponit
753 3182 914 3242 atque
966 3172 1282 3241 pronuntiat
1332 3182 1585 3241 tanquam
1640 3179 1705 3229 de
1748 3174 1989 3239 duobus;
2037 3176 2107 3228 ita

2216 3178 2345 3246 ρεῖν,
2377 3175 2469 3228 δύο
2499 3176 2607 3245 γάρ
2643 3194 2744 3229 που
2786 3177 3004 3239 πάντως
3051 3172 3160 3228 εἷεν
3199 3176 3297 3229 ἄν·
3325 3175 3420 3230 καὶ
3456 3178 3483 3229 6
3537 3176 3635 3244 μὲν
3662 3176 3784 3228 ἔστι

555 3265 775 3318 stultum
806 3278 935 3317 sane
971 3263 1039 3316 sit
1062 3272 1252 3332 putare
1278 3262 1380 3316 hoc
1410 3263 1607 3332 ipsum,
1635 3262 1796 3317 simul
1827 3263 2107 3333 appellari,

551 3356 618 3408 de
659 3369 766 3407 uno
810 3353 1029 3421 soloque
1071 3354 1177 3408 dici
1231 3367 1390 3422 posse
1422 3369 1436 3405 :
1467 3355 1574 3407 duo
1612 3368 1845 3423 namque
1890 3370 2112 3424 prorsus

550 3453 731 3511 erunt,
766 3452 821 3499 et
850 3444 987 3498 alter
1026 3445 1322 3499 secundum
1356 3454 1601 3498 naturam
1637 3444 1796 3511 Deus,
1823 3445 1960 3499 alter
1984 3461 2112 3501 vero

552 3537 738 3605 procul
764 3536 925 3590 dubio
955 3551 1078 3590 cum
1108 3537 1158 3590 id
1192 3536 1362 3589 solum
1396 3536 1591 3590 habeat
1618 3546 1677 3590 ut
1706 3537 1868 3591 simul
1895 3552 2015 3591 cum
2046 3553 2112 3593 eo

553 3636 778 3681 vocetur
829 3625 1002 3693 Deus,
1054 3626 1215 3695 idque
1261 3628 1596 3681 extrinsecus
1638 3636 1694 3681 et
1744 3629 2109 3697 acquisitum,

554 3732 745 3773 recens
771 3719 926 3772 nobis
953 3716 1093 3772 Deus
1137 3718 1363 3772 exstitit.
1396 3716 1531 3771 Num
1563 3734 1707 3788 ergo.
1739 3721 1994 3774 mentitur
2024 3721 2112 3775 ille

544 3819 745 3866 natura
780 3818 834 3865 et
881 3824 1005 3865 vere
1037 3810 1413 3865 universorum
1455 3810 1593 3865 Deus
1625 3826 1746 3865 cum
1784 3811 1916 3866 dicit
1950 3830 1963 3867 :
1999 3831 2017 3864 ι
2052 3812 2111 3867 Si

544 3902 787 3957 audieris
834 3917 942 3967 me,
988 3918 1091 3957 non
1139 3902 1245 3956 erit
1297 3903 1347 3955 in
1400 3912 1449 3956 te
1498 3902 1631 3957 deus
1682 3918 1892 3970 recens,
1940 3919 2113 3973 neque

543 3980 805 4050 adorabis
849 3995 1005 4049 deum
1054 3993 1286 4047 alienum
1312 3995 1391 4047 ⁸⁸⁸2
1426 4013 1443 4045 ι
1486 3994 1599 4049 Hoc
1644 3994 1690 4048 si
1722 3996 1793 4048 ita
1831 4004 1932 4061 est,
1976 4011 2110 4065 quo-

556 4080 713 4135 modo
758 4082 1046 4137 adoramus
1092 4081 1394 4148 Christum,
1445 4092 1499 4137 et
1552 4084 1629 4137 illi
1668 4082 1912 4139 ﬂectetur
1954 4100 2113 4141 omne

553 4171 736 4239 genu?
786 4173 1055 4242 quomodo
1107 4174 1267 4228 etiam
1329 4175 1477 4229 illum
1522 4178 1765 4231 venerari
1817 4177 2109 4241 conﬁteris,

545 4277 677 4316 cum
712 4271 887 4316 tamen
914 4262 1197 4329 ‘formides,
1222 4276 1282 4318 ut
1309 4265 1515 4329 dixisti,
1547 4282 1614 4320 ne
1643 4267 1964 4322 bominicola
1994 4283 2113 4325 esse

555 4354 832 4409 videaris?
860 4355 969 4411 Sed
1002 4358 1169 4411 habet
1197 4360 1387 4411 adhoc
1419 4358 1678 4427 aliquam,
1710 4369 1769 4413 ut
1795 4360 1908 4430 ipse
1939 4370 2110 4430 putat,

541 4458 763 4504 acutam
802 4449 1203 4518 responsionem
1254 4467 1423 4504 :nam
1475 4462 1734 4522 tanquam
1793 4454 2112 4524 conjunctus

2212 3265 2354 3317 κατὰ
2384 3265 2543 3331 φύσιν
2576 3266 2707 3327 Θεός
2730 3284 2741 3296 ·
2774 3267 2801 3316 6
2829 3266 2906 3328 δὲ,
2947 3267 3085 3335 τάχα
3130 3281 3233 3317 που
3273 3266 3367 3318 καὶ
3400 3266 3556 3334 μόνον
3607 3266 3668 3318 τό
3714 3282 3783 3332 γε

2214 3356 2655 3426 συγχρηματίσαι
2707 3356 2937 3424 θύραθέν
2988 3373 3048 3408 τε
3112 3355 3209 3409 καὶ
3254 3355 3544 3425 ἐπίκτητον
3617 3356 3781 3425 ἔχων,

2215 3447 2523 3519 πρόσφατος
2557 3450 2690 3517 ἡμῖν
2736 3448 3017 3518 ἀνεδείχθη
3046 3448 3199 3509 Θεός.
3240 3443 3365 3518 ’Ἆρ’
3392 3443 3485 3500 οὖν
3526 3447 3783 3516 ψεύδεται

2211 3539 2405 3607 λέγων,
2429 3543 2456 3593 6
2487 3541 2647 3608 φύσει
2679 3556 2737 3592 τε
2767 3539 2862 3593 καὶ
2882 3540 3094 3611 άληθῶς
3125 3540 3231 3593 τῶν
3264 3541 3403 3593 ὅλων
3418 3540 3579 3603 Θεός’
3613 3558 3631 3591 ι
3653 3538 3783 3592 Ἐὰν

2212 3630 2451 3704 ἀκούσῃς
2479 3649 2603 3702 μου,
2633 3632 2734 3683 οὐκ
2763 3630 2916 3684 ἔσται
2940 3634 2997 3684 ὲν
3028 3632 3110 3684 σοὶ
3146 3631 3265 3694 θεὸς
3299 3631 3631 3701 πρόσφατος,
3657 3630 3783 3683 οὐδὲ

2212 3723 2611 3791 προσκυνήσεις
2651 3721 2759 3792 θεῷ
2806 3721 3095 3794 ἀλλοτρίῳ;
3127 3741 3146 3772 ι
3204 3715 3334 3777 Εἶτα
3380 3722 3497 3784 πῶς
3540 3738 3783 3792 προσκε-

2213 3813 2527 3881 κυνήκαμεν
2557 3811 2633 3881 τῷ
2665 3810 2905 3882 Χριστῷ,
2936 3812 3030 3865 καὶ
3054 3811 3203 3881 αὐτῷ
3238 3811 3443 3882 κάμψει
3473 3812 3582 3864 πᾶν
3614 3811 3781 3879 γόνυ;

2214 3902 2330 3965 πῶς
2356 3902 2411 3955 δὲ
2454 3903 2549 3955 καὶ
2586 3903 2764 3955 σέϐειν
2818 3904 2979 3955 αὐτὸν
3008 3902 3321 3972 ὁμολογεῖς;
3362 3903 3537 3956 καίτοι
3570 3900 3779 3967 δεδιὼς,

2211 3996 2286 4058 ὡς
2319 3994 2476 4066 ἔφης,
2508 3994 2569 4048 τὸ
2601 3994 3058 4066 ἀνθρωπολάτρης
3090 3990 3226 4048 εἶναι
3263 3994 3458 4048 δοκεῖν.
3499 3994 3635 4047 Ἀλλ’
3666 3993 3781 4063 ἔχει

2212 4084 2332 4138 τινὰ
2365 4084 2615 4153 καθάπερ
2655 4080 2748 4137 οὖν
2784 4084 2959 4137 οἴεται
2997 4083 3156 4152 σοφὸν
3189 4084 3281 4135 ἐπὶ
3324 4082 3458 4153 τῷδε
3484 4083 3671 4151 λόγον’
3702 4083 3782 4147 ὡς

2212 4178 2324 4248 γὰρ
2355 4177 2433 4247 τῷ
2485 4176 2702 4230 λαϐόντι
2743 4176 3071 4245 συναφθεὶς,
3121 4175 3553 4245 συγχρηματίζει
3603 4175 3777 4237 Θεός·

2213 4268 2331 4331 πῶς
2367 4267 2575 4339 ἐλήφθη
2626 4267 2854 4338 φράσον,
2900 4265 3085 4336 ἢτίνα
3136 4266 3404 4335 συνῆπται
3444 4266 3674 4339 τρόπονς
3714 4266 3780 4319 Εἰ

2216 4361 2312 4431 μὲν
2338 4355 2431 4414 οὖν
2450 4360 2568 4413 καθ’
2590 4360 2783 4413 ἕνωσιν
2812 4358 3009 4429 ἀληθῆ,
3027 4358 3125 4429 τὴν
3149 4360 3270 4412 καθ’
3298 4358 3591 4411 ὑπόστασιν
3612 4358 3776 4424 λέγω,

2216 4450 2422 4505 παῦσαι
2461 4451 2699 4523 μερίζων
2730 4450 2790 4503 τὸ
2820 4451 3130 4521 ἡνωμένον·
3162 4449 3254 4502 ἐπὶ
3295 4448 3481 4520 καιροῦ
3512 4449 3568 4501 δὲ
3602 4446 3777 4519 οἶμαι,

551 4541 845 4595 assumenti
874 4539 1035 4595 simul
1068 4540 1370 4609 appellatur
1394 4540 1534 4595 Deus
1558 4560 1570 4594 :
1602 4543 1874 4611 quomodo
1903 4559 2109 4598 assum-

2214 4540 2483 4611 καὶπρὸς
2527 4556 2590 4608 γε
2645 4539 2801 4609 ἡμῶν
2858 4540 3135 4610 εἰρήσεται
3189 4538 3529 4609 διατέμνοντί
3580 4555 3661 4592 σοι
3718 4538 3781 4591 τὸ

542 4636 673 4698 ptus
732 4638 815 4683 est
868 4629 1159 4698 eloquere,
1210 4638 1303 4683 aut
1358 4646 1592 4699 quonam
1661 4632 1979 4702 conjunctus
2028 4644 2111 4689 est

550 4721 742 4774 modo?
773 4718 906 4773 Nam
937 4720 981 4774 si
1019 4721 1234 4790 quidem
1280 4723 1572 4776 secundum
1611 4738 1795 4776 veram
1830 4726 2106 4791 unionem,

549 4808 697 4861 illam
741 4811 1034 4864 secundum
1082 4812 1411 4883 hypostasim
1460 4814 1612 4879 dico;
1661 4816 1848 4870 desine
1893 4818 2107 4871 tandem

551 4898 760 4950 unitum
786 4898 1068 4954 dividere:
1100 4912 1154 4954 et
1189 4911 1489 4971 opportune
1517 4904 1677 4957 etiam
1723 4919 1749 4956 a
1780 4905 1933 4958 nobis
1958 4906 2106 4959 dice-

551 4997 639 5040 tur
689 4986 785 5041 tibi
840 4989 1169 5043 individuum
1220 4992 1496 5046 dividenti.
1550 5013 1568 5041 σ
1599 4992 1748 5059 Quod
1794 5011 1922 5065 ergo
1968 4995 2109 5049 Deus

546 5077 847 5149 conjunxit,
882 5080 1041 5134 homo
1074 5096 1140 5135 ne
1178 5082 1460 5137 dividat“.
1496 5103 1514 5136 ι
1546 5084 1639 5138 Sin
1685 5088 2103 5153 assuntptionem

548 5173 709 5225 istam
758 5186 852 5226 seu
904 5172 1332 5241 coniunctionem
1382 5191 1503 5231 esse
1550 5178 1685 5232 dicis
1721 5190 1999 5233 externam
2044 5195 2107 5233 ac

549 5260 851 5325 relativatn,
901 5263 1169 5329 quomodo
1214 5281 1320 5320 non
1364 5268 1613 5336 advertis.
1642 5270 1693 5322 in
1740 5270 1895 5323 nobis
1943 5271 2103 5323 etiam

544 5366 664 5407 esse
689 5351 878 5415 Deum,
914 5360 966 5406 et
993 5368 1091 5407 nos
1121 5354 1195 5409 illi
1224 5356 1472 5426 conjungi
1507 5359 1747 5422 relative,
1788 5371 1840 5413 et
1880 5361 2102 5427 partici-

615 5508 661 5542 “
694 5510 861 5564 Exod.
893 5527 979 5576 xx,
1005 5512 1073 5576 2;
1103 5513 1239 5567 [δεδι.
1271 5530 1432 5581 Lxsx,
1472 5517 1554 5569 l0.
1634 5520 1677 5548 ⁸³
1705 5518 1895 5570 Matth.
1928 5536 2035 5580 six,
2067 5521 2120 5572 ὕ.

2214 4629 2476 4700 ἄτμητον,
2517 4648 2536 4680 ‹
2576 4627 2643 4684 Ὃ
2685 4625 2776 4683 οὖν
2823 4628 2953 4693 Θεὸς
3002 4628 3335 4693 συνέζευξεν,
3369 4626 3656 4700 ἄνθρωπος
3702 4630 3781 4699 μὴ

2212 4722 2510 4792 χωριζέτω.
2548 4742 2567 4775 ι
2608 4720 2670 4775 Εἰ
2726 4722 2783 4774 δέ
2824 4739 2887 4789 γε
2919 4722 3017 4793 τὴν
3049 4721 3237 4793 λῆψιν,
3290 4723 3455 4791 ἤγουν
3506 4721 3603 4792 τὴν
3653 4738 3781 4774 συν-

2213 4814 2430 4881 άφειαν,
2485 4813 2681 4878 ἔξωθέν
2726 4831 2786 4866 τε
2835 4814 2927 4866 καὶ
2978 4814 3230 4884 σχετικὴν
3283 4808 3418 4866 εἶναι
3469 4812 3608 4884 φὴς,
3660 4814 3781 4877 πῶς

2213 4907 2507 4977 ἡγνόηκας,
2530 4907 2612 4958 ὅτι
2645 4906 2738 4959 καὶ
2765 4906 2821 4958 ἐν
2845 4907 2978 4975 ἡμῖν
3003 4907 3119 4957 ἐστι
3144 4905 3296 4970 Θεὸς,
3327 4906 3419 4957 καὶ
3442 4907 3602 4975 ἡμεῖς
3629 4904 3780 4974 αύτῷ

2215 4996 2593 5068 συναπτόμεθα
2620 4997 2904 5066 σχετικῶς,
2932 4997 3027 5050 καὶ¹
3049 4998 3292 5050 κοινωνοὶ
3315 4997 3415 5065 τῆς
3439 4996 3584 5060 θείας
3611 4997 3779 5050 αὐτοῦ

2213 5090 2516 5159 γεγόναμεν
2548 5090 2759 5159 φύσεως
2783 5107 2797 5155 ;
2831 5088 3037 5142 Ψάλλει
3068 5089 3195 5157 γοῦν
3214 5091 3242 5142 6
3271 5088 3556 5151 θεσπέσιος
3577 5087 3777 5141 Δαϐίδ*

2220 5199 2238 5230 ι
2263 5180 2556 5252 Ἐκολλήθη
2617 5183 2650 5251 ἡ
2697 5181 2839 5251 ψυχή
2881 5198 2980 5251 μου
3011 5181 3184 5234 ὀπίσω
3222 5198 3315 5233 σου
3338 5198 3352 5212 ’
3383 5199 3402 5231 ι
3454 5196 3779 5250 συγχρημα-

2213 5273 2432 5342 τιοῦμεν
2465 5270 2557 5326 οὖν
2586 5273 2695 5342 ἄρα
2722 5275 2815 5325 καὶ
2865 5276 3049 5343 ἡμεῖς,
3100 5272 3177 5342 τῷ
3221 5272 3363 5325 κατὰ
3419 5272 3580 5341 φύσιν
3638 5270 3779 5340 Θεῷ.

2214 5365 2324 5415 θεοὶ
2351 5367 2469 5416 κατ’
2503 5367 2687 5428 αὐτὸν,
2714 5365 2919 5435 κάμψει
2946 5367 3040 5418 καὶ
3062 5367 3193 5435 ἡμῖν
3217 5366 3325 5417 πᾶν
3345 5364 3494 5431 γόνυ.
3523 5363 3589 5417 Τί
3612 5378 3782 5433 προσ-

1833 5671 1990 5724 ΑΝΤ.
2032 5671 2301 5726 AGELLII
2345 5670 2574 5726 ΝΟΤλἘ.

616 5823 725 5895 (16)
769 5825 1066 5897 chcndum
1106 5830 1261 5893 ἵεται,
1300 5839 1355 5881 ιιι
1395 5830 1444 5883 in
1477 5839 1718 5884 extremo
1752 5830 1851 5885 hoc
1885 5846 1920 5883 ιι
1973 5830 2109 5887 libro

2210 5830 2291 5898 :il,
2328 5832 2484 5901 μόνος
2517 5832 2587 5886 ἴθι
2618 5832 2713 5903 τὴν
2747 5834 3200 5907 διεστραμμένην.
