4054 6332
264 451 372 509 “l9

1354 453 1727 514 ADVERSUS
1764 457 2167 514 NESTORIUM
2210 460 2335 517 LIB.
2376 459 2441 516 11.

3406 467 3508 521 H0

263 566 460 639 τέταχε
493 570 605 632 τοῖς
633 568 744 624 ἄνω
775 571 1082 643 πνεύμασιν
1108 573 1136 625 6
1163 572 1294 637 Θεὸς
1326 575 1421 627 καὶ
1451 576 1660 648 Πατὴρ,
1695 578 1831 631 διδα-

1945 595 2042 651 pes
2072 596 2171 636 nos
2199 581 2373 638 factos
2419 596 2540 637 esse
2582 582 2777 637 divinae
2818 582 2935 652 ejus
2970 584 3283 639 naturae”?
3316 585 3511 643 Psallit

263 660 755 731 σκέτω¹παρελθὼν
783 664 812 714 ό
865 663 1154 728 θεσπέσιος
1197 665 1429 729 Παῦλος.
1463 685 1483 719 t
1507 668 1677 722 Ὅταν
1706 669 1835 742 γάρ,

263 751 450 820 φησὶν,
484 753 754 825 εἰσαγάγῃ
781 753 871 807 τὸν
900 756 1247 827 πρωτότοκον
1273 758 1352 819 εἰς
1373 757 1472 828 τὴν
1492 760 1836 832 οἰκουμένην,

261 841 412 907 λέγει
435 856 449 871 ·
483 844 595 896 Καὶ
623 848 1158 916 προσκυνησάτωσαν
1206 847 1353 919 αύτῷ
1385 849 1583 915 πάντες
1617 853 1838 921 ἄγγελοι

262 931 422 986 Θεοῦ.
454 951 474 985 ι
509 934 718 988 Οὐκοῦν
751 936 1051 1007 ἐπειδήπερ
1083 938 1140 990 ὲν
1167 938 1399 1003 τούτοις,
1433 939 1496 993 τὸ
1536 941 1627 994 σὸν
1654 942 1719 1013 δὴ
1745 945 1841 998 καὶ

264 1026 429 1094 σοφὸν
468 1026 571 1079 οὐκ
612 1028 1033 1099 ὲπενήνεγκται·
1087 1030 1514 1100 προσκυνεῖσθαι
1542 1032 1599 1085 δὲ
1640 1034 1841 1103 μᾶλλον

261 1118 653 1188 προστέταχεν,
707 1119 783 1181 ὡς
826 1120 923 1174 ἕνα
957 1136 1062 1173 που
1095 1122 1334 1189 πάντως,
1366 1124 1462 1176 καὶ
1500 1123 1597 1194 οὐχ
1652 1124 1839 1197 ἕτερον

261 1208 360 1261 σὺν
390 1210 595 1281 ἑτέρῳ·
630 1209 714 1273 τίς
744 1211 868 1275 δὲ,ὁ
897 1213 1050 1284 παρὰ
1078 1212 1185 1266 τῶν
1216 1214 1462 1283 ἀγγέλων
1494 1220 1835 1288 προσκυνού-

261 1318 463 1372 μενος;
509 1303 702 1357 Καίτοι
730 1304 823 1359 τὸν
854 1307 1196 1377 πρωτότοκον
1227 1310 1259 1379 ἡ
1296 1309 1415 1363 θεία
1447 1311 1596 1380 λέγει
1621 1312 1836 1384 Γραφὴ,

258 1396 604 1465 πρωτότοκον
632 1396 689 1449 δὲ
726 1396 1044 1467 ὠνομάσθαι
1071 1399 1270 1469 φαμὲν,
1302 1400 1394 1454 τὸν
1445 1403 1510 1455 ὲκ
1552 1402 1688 1455 Θεοῦ
1723 1404 1837 1456 Πα-

254 1486 388 1558 τρὸς
417 1486 610 1554 Λόγον,
651 1488 831 1541 καίτοι
863 1488 996 1543 Θεὸν
1030 1491 1163 1544 ὄντα
1203 1491 1347 1546 κατὰ
1389 1493 1552 1562 φύσιν
1582 1494 1674 1548 καὶ
1706 1494 1837 1550 Υίὸν

251 1577 543 1648 μονογενῆ,
574 1577 670 1631 καὶ
717 1578 1053 1633 ἀσύντακτον
1092 1583 1158 1652 τῇ
1214 1582 1409 1647 κτίσει,
1456 1585 1597 1639 κατά
1633 1603 1697 1654 γε
1743 1586 1834 1641 τὸν

252 1667 356 1739 τῆς
383 1666 638 1739 θεότητος
690 1669 869 1738 λόγον,
918 1671 1002 1725 ὅτι
1028 1670 1255 1740 γέγονεν
1281 1673 1589 1746 ἄνθρωπος,
1633 1677 1729 1730 καὶ
1776 1679 1835 1732 ὲν

254 1761 474 1825 πολλοῖς
507 1762 757 1831 ἀδελφοῖς
780 1762 1146 1834 πρωτότοκος.
1165 1757 1261 1827 Εἷς
1296 1759 1389 1817 οὖν
1426 1764 1536 1835 ἄρα
1564 1765 1701 1836 πρὸς
1725 1765 1834 1819 τῶν

250 1851 370 1904 ἄνω
391 1850 716 1922 πνευμάτων
745 1852 773 1903 ό
803 1850 1297 1922 προσκυνούμενος,
1323 1853 1352 1905 ὁ
1376 1853 1440 1905 ἐκ
1463 1853 1597 1907 Θεοῦ
1622 1855 1833 1925 [ἰατρὸς

1943 682 2091 727 certe
2128 674 2316 729 beatus
2372 675 2535 729 David
2582 694 2595 729 :
2649 694 2668 726 ι
2697 674 2937 730 Adhaesit
2985 677 3163 731 anima
3218 693 3335 733 mea
3388 688 3511 749 post

1943 766 2102 833 te“;
2138 785 2157 818 ι
2198 770 2329 837 ergo
2375 782 2474 823 nos
2502 783 2715 837 quoque
2762 785 2828 825 ex
2863 770 3127 825 sententia
3177 770 3336 826 simul
3380 787 3506 826 cum

1938 856 2035 912 illo
2070 873 2137 913 ex
2186 869 2379 913 natura
2428 859 2538 914 Deo
2587 860 2662 914 dii
2712 861 2916 916 erimus
2961 872 3124 930 atque
3165 863 3502 926 vocabimur,

1941 948 2203 1019 nobisque
2230 948 2480 1006 ﬂectetur
2510 966 2671 1006 omne
2694 967 2855 1021 genu.
2888 952 3030 1019 Quid
3056 954 3382 1022 praeceperit
3410 970 3505 1009 su-

1938 1040 2085 1110 peris
2131 1041 2411 1109 spiritibus
2463 1042 2604 1097 Deus
2651 1057 2716 1099 ac
2763 1044 2962 1111 Pater,
3010 1045 3202 1099 doceat
3252 1046 3507 1115 prodiens

1939 1133 2133 1188 beatus
2164 1133 2386 1188 Paulus.
2430 1152 2449 1187 (
2478 1134 2637 1201 Cum,
2673 1135 2871 1205 inquit,
2906 1137 3197 1192 introducit
3228 1137 3506 1207 Primoge-

1939 1221 2108 1276 nitum
2144 1224 2195 1277 in
2230 1225 2417 1279 orbem
2443 1233 2600 1280 terrae
2621 1224 2751 1281 dicit
2780 1245 2794 1281 :
2831 1227 2897 1281 Et
2922 1227 3146 1282 adorent
3170 1242 3293 1282 eum
3316 1243 3505 1283 omnes

1937 1315 2112 1385 angeli
2148 1315 2243 1371 Dei
2270 1318 2336 1371 ⁸⁵.
2368 1337 2387 1371 ι
2421 1318 2593 1389 Igitur
2634 1319 2758 1388 quia
2792 1319 2847 1373 in
2888 1321 2973 1375 his
2997 1322 3175 1375 verbis
3208 1321 3337 1376 illud
3375 1338 3507 1376 sane

1937 1407 2154 1475 sapiens
2180 1417 2328 1462 tuum
2359 1420 2725 1465 commentum
2758 1427 2862 1465 non
2897 1421 2980 1467 est
3008 1413 3378 1483 subjunctum,
3409 1415 3504 1468 sed

1937 1498 2166 1555 adorare
2194 1501 2356 1570 jussit
2387 1510 2447 1556 ut
2490 1518 2654 1557 unum
2684 1505 2869 1573 procul
2904 1505 3092 1571 dubio,
3135 1515 3192 1560 et
3224 1522 3329 1561 non
3365 1508 3503 1563 alte-

1936 1605 2057 1644 rum
2099 1606 2220 1647 cum
2266 1592 2462 1659 altero,
2526 1596 2817 1663 quaerimus
2869 1597 3250 1667 quisnamjsit
3292 1597 3382 1652 ille
3409 1599 3500 1667 qui

1936 1680 2005 1734 ab
2034 1682 2242 1751 angelis
2269 1684 2379 1754 60
2404 1685 2661 1740 adoratur
2692 1704 2705 1741 :
2732 1690 2881 1757 atqui
2918 1689 3335 1759 primogenitum
3378 1705 3503 1744 eunt

1933 1769 2133 1826 divina:
2157 1772 2378 1829 Littera:
2409 1776 2597 1830 dicunt
2626 1794 2639 1830 :
2668 1778 3082 1849 primogenitum
3114 1789 3293 1834 autem
3322 1780 3505 1850 appel-

1935 1861 2104 1917 latum
2155 1866 2384 1922 dicimus
2420 1867 2551 1922 illud
2602 1884 2668 1922 ex
2719 1871 2828 1924 Deo
2874 1870 3034 1926 Patre
3062 1870 3323 1935 Verbum,
3374 1872 3504 1926 licet

250 1940 429 2009 Λόγος
464 1941 603 2012 μετὰ
628 1944 728 2013 τῆς
762 1942 898 2005 ἰδίας
930 1941 1166 2012 σαρκός·
1206 1941 1328 1994 τότε
1358 1940 1466 2012 γὰρ
1495 1942 1707 2006 τέτοκε,
1738 1945 1831 1998 καὶ

1940 1950 2084 2008 Deus
2113 1965 2260 2009 esset
2292 1971 2357 2011 ex
2385 1968 2597 2027 natura,
2627 1975 2691 2016 ac
2722 1961 2889 2017 Filius
2921 1964 3250 2032 unigenitus,
3282 1973 3333 2017 et
3359 1965 3501 2032 quod

248 2034 333 2096 ὡς
365 2033 662 2105 πρωτεύων
688 2036 747 2088 ὲν
778 2036 937 2109 πᾶσι,
962 2036 1161 2104 νοεῖται
1196 2034 1555 2106 πρωτότοκος.
1602 2035 1740 2087 Ἀλλ’
1773 2036 1830 2088 αἱ

1938 2042 2006 2096 ad
2053 2043 2272 2101 deitatis
2320 2047 2582 2104 rationem
2629 2053 2884 2121 pertinet,
2944 2068 3063 2107 cum
3113 2063 3358 2108 creatura
3411 2054 3503 2107 mi-

254 2122 360 2190 μὲν
384 2122 731 2178 θεόπνευστοι
765 2126 999 2195 Γραφαὶ,
1018 2125 1252 2194 Χριστὸν
1269 2125 1365 2178 ἕνα
1389 2126 1828 2197 διακηρύττουσι,

1937 2134 2083 2189 nime
2116 2140 2441 2205 censendus,
2474 2142 2599 2211 quia
2632 2141 2806 2197 factus
2842 2154 2926 2199 est
2965 2146 3148 2209 homo,
3183 2155 3237 2198 et
3267 2146 3318 2198 in
3362 2144 3501 2198 mul-

252 2214 351 2267 καὶ
381 2215 647 2279 Υίὸν,;καὶ
676 2216 906 2288 Κύριον·
936 2216 1031 2269 δύο
1063 2233 1126 2282 γε
1160 2216 1263 2288 μὴν
1293 2219 1323 2270 6
1352 2219 1605 2289 περιττὸς
1629 2221 1829 2285 οὑτοσὶ,

1937 2224 2006 2280 tis
2036 2226 2299 2285 fratribus
2336 2233 2730 2304 primogenitus
2752 2235 2816 2292 ⁸⁸.
2854 2235 3003 2292 Unus
3039 2248 3120 2293 est
3158 2237 3324 2305 igitur
3347 2238 3438 2305 qui
3468 2252 3499 2291 a

250 2305 351 2358 καὶ
407 2307 886 2378 προσκυνούμενον
942 2308 1225 2377 ἄνθρωπον
1274 2310 1340 2378 τῇ
1424 2310 1553 2381 ἁγίᾳ
1602 2328 1661 2365 τε
1736 2314 1831 2367 καὶ

1932 2317 2143 2384 superis
2193 2320 2472 2389 spiritibus
2528 2326 2822 2393 adoratur,
2871 2327 3000 2382 illud
3067 2343 3131 2383 ex
3185 2328 3295 2382 Deo
3342 2327 3501 2382 Patre

249 2396 525 2468 ὀμοουσίῳ
573 2399 787 2470 Τριάδι,
814 2397 1146 2469 προστιθεὶς,
1176 2397 1277 2451 οὐκ
1313 2400 1657 2470 αἰσχύνεται·
1696 2405 1831 2475 φησὶ

1934 2403 2173 2462 Verbum
2210 2425 2331 2466 cum
2364 2427 2461 2468 sua
2488 2428 2689 2482 carne;
2728 2432 2849 2471 nam
2883 2420 3056 2487 ipsum
3100 2420 3240 2487 quod
3276 2418 3496 2487 dicitur,

250 2481 367 2553 γὰρ
396 2486 585 2539 πάλιν·

1932 2498 2141 2567 genuit,
2176 2510 2252 2568 et,
2289 2502 2345 2557 in
2390 2506 2642 2562 omnibus
2672 2508 2963 2575 primatum
3014 2518 3204 2564 tenens
3225 2510 3294 2574 ",
3328 2508 3379 2562 id
3411 2508 3497 2562 in-

249 2574 518 2646 telligitur
536 2578 880 2647 primogeniti
908 2579 1144 2633 nomine.
1178 2577 1285 2634 Sed
1316 2580 1572 2657 divinitus
1595 2584 1810 2653 quidem
1835 2587 2110 2659 inspirata:
2156 2591 2372 2649 Littera:
2430 2613 2593 2652 unum
2635 2574 2907 2656 Christum
2952 2604 3282 2672 praedicant,
3329 2614 3384 2658 et
3407 2605 3499 2660 Fi-

256 2665 415 2733 lium,
446 2679 503 2724 et
542 2671 864 2737 Dominum;
912 2673 1047 2728 duos
1081 2688 1211 2728 vero
1254 2674 1342 2729 hic
1372 2686 1623 2745 nugator,
1666 2691 1723 2734 et
1756 2683 2088 2742 adorandum
2136 2689 2410 2747 hominem
2453 2704 2651 2749 sanctae
2678 2705 2734 2750 et
2763 2697 3208 2752 consubstantiali
3251 2698 3498 2755 Trinitati

247 2766 492 2836 adjicere
520 2781 625 2820 non
658 2770 949 2832 erubescit,
981 2768 1056 2823 ait
1086 2770 1228 2825 enim
1261 2786 1473 2827 rursum
1508 2790 1521 2825 :

329 2858 508 2932 [anc
538 2854 693 2923 οὗτος
726 2862 754 2913 6
782 2861 923 2915 κατὰ
950 2861 1127 2934 σάρκα
1156 2862 1251 2915 τοῦ
1288 2864 1502 2936 Ἰσραὴλ
1536 2869 1825 2941 συγγενὴς,

244 2951 283 3003 ὁ
312 2950 459 3004 κατὰ
480 2948 542 3001 τὸ
565 2950 890 3019 φαινόμενον
917 2950 1223 3021 ἄνθρωπος,
1258 2953 1286 3005 ὁ
1314 2955 1456 3008 κατὰ
1488 2955 1586 3027 τὴν
1612 2958 1827 3011 Παύλου

251 3040 440 3112 φωνὴν
465 3042 529 3093 ὲκ
554 3040 871 3110 σπέρματος
898 3042 1292 3114 γεγεννημένος
1312 3044 1494 3109 Δαϐὶδ,
1524 3048 1829 3118 παντοκρά-

248 3147 367 3201 τωρ
388 3133 454 3201 τῇ
480 3130 743 3201 συναφείᾳ
766 3130 918 3195 Θεός.
953 3132 1095 3186 Εἶτα
1120 3134 1350 3200 τούτοις
1368 3134 1573 3204 ἐπάγει
1589 3152 1603 3165 ·
1632 3138 1829 3190 Ἀκου-

250 3239 348 3277 σον
373 3222 660 3294 ἀμφότερα
682 3222 777 3276 τοῦ
796 3223 1012 3276 Παύλου
1041 3223 1430 3295 κηρύττοντος·
1457 3228 1710 3297 ὁμολογεῖ
1735 3230 1826 3284 τὸν

247 3310 541 3383 ἄνθρωπον
563 3312 849 3384 πρότερον,
885 3312 981 3367 καὶ
1012 3312 1134 3366 τότε
1165 3316 1232 3385 τῇ
1265 3314 1359 3367 τοῦ
1392 3296 1526 3370 Θεοῦ
1560 3321 1825 3393 συναφείᾳ
1852 3296 1896 3355 C

243 3403 499 3471 θεολογεϊ
519 3404 579 3456 τὸ
615 3403 971 3473 φαινόμενον·
1006 3404 1093 3458 ἴνα
1132 3405 1320 3477 μηδεὶς
1366 3407 1826 3484 ἀνθρωπολάτρην

247 3494 344 3549 τὸν
394 3496 722 3566 Χριστιανὸν
759 3496 1060 3570 ὑποπτεύῃ.
1124 3497 1454 3569 Ἀσύγχυτον
1501 3502 1680 3557 τοίνυν
1726 3503 1825 3575 τὴν

247 3588 368 3641 τῶν
400 3586 615 3655 φύσεων
667 3586 922 3657 τηρῶμεν
970 3589 1300 3658 συνάφειαν·
1350 3590 1695 3664 ὁμολογῶμεν
1733 3596 1824 3649 τὸν

247 3677 349 3729 ενα
382 3676 515 3730 Θεόν
535 3692 550 3707 ·
581 3675 827 3746 σέϐωμεν
850 3677 941 3730 τὸν
971 3680 1037 3748 τῇ
1074 3678 1195 3749 θείᾳ
1220 3680 1483 3751 συναφείᾳ
1515 3681 1594 3752 τῷ
1626 3699 1823 3738 παντο-

244 3768 479 3840 κράτορι
506 3766 624 3838 Θεῷ
649 3767 1237 3839 συμπροσκυνούμενον
1263 3770 1597 3843 ἄνθρωπον.]

848 4016 1096 4069 ΚΕΦΑΛ.
1129 4016 1225 4069 II".

318 4150 383 4203 Εἰ
414 4149 513 4220 μὲν
543 4144 636 4202 οῦν
665 4149 949 4221 ἄνθρωπον
971 4148 1251 4219 ὀνομάζων
1272 4143 1428 4202 οἶσθα
1463 4149 1599 4220 μετὰ
1628 4148 1817 4202 τούτου

2002 2874 2268 2947 [Νεετοιι.
2321 2878 2430 2936 Sed
2490 2881 2580 2937 hic
2622 2885 2916 2939 secundum
2980 2898 3198 2939 carnem
3236 2898 3497 2957 cognatus

1930 2968 2119 3036 Israel,
2152 2974 2240 3027 hic
2288 2976 2588 3030 secundum
2629 2986 2876 3032 naturam
2919 2979 3266 3048 spectabilem
3312 2982 3494 3048 homo,

1933 3063 2023 3118 hic
2057 3064 2210 3133 juxta
2245 3064 2398 3121 Pauli
2446 3081 2635 3123 vocem
2686 3078 2847 3124 natus
2885 3084 2957 3124 ex
3002 3071 3209 3125 semine
3236 3072 3402 3126 David
3427 3073 3495 3136 ⁸⁸,

1932 3151 2049 3221 ipsa
2076 3154 2459 3221 conjunctione
2498 3158 2640 3213 Deus
2668 3169 2751 3214 est
2780 3161 3139 3231 omnipotens.
3172 3162 3374 3218 Deinde
3410 3165 3493 3217 his

1932 3242 2174 3313 adjungit
2221 3244 2408 3301 :Audi
2456 3246 2680 3303 Paulum
2729 3260 3018 3322 utrumque
3070 3253 3489 3322 praedicantem:

1929 3333 2220 3404 conﬁtetur
2250 3337 2399 3407 prius
2432 3339 2728 3410 hominem,
2759 3352 2812 3397 et
2843 3342 2917 3398 ita
2951 3352 3170 3414 pr0pter
3195 3345 3365 3416 ipsam
3399 3346 3495 3403 Dei

1926 3426 2399 3497 conjunCtionem,
2447 3444 2695 3488 naturam
2736 3436 3087 3505 spectabilem
3134 3437 3226 3493 Dei
3278 3441 3496 3495 nomine

1926 3524 2230 3580 consecrat,
2281 3531 2351 3571 ne
2386 3518 2509 3587 quis
2536 3518 2905 3577 Christianum
2947 3538 3069 3578 esse
3106 3524 3492 3583 bominicolam

1924 3606 2250 3672 suspicetur.
2305 3607 2632 3665 Naturarum
2672 3613 2854 3683 itaque
2898 3615 3331 3683 conjunctionem
3377 3621 3498 3676 sine

1926 3697 2034 3752 ulla
2059 3700 2374 3755 confusione
2392 3717 2712 3769 servemus;
2737 3704 3095 3761 contiteamur
3113 3723 3277 3762 unum
3298 3709 3491 3775 Deum,

1925 3801 2249 3844 veneremur
2303 3790 2572 3845 hominem
2626 3793 2716 3861 qui
2768 3809 2833 3847 ex
2886 3796 3061 3850 divina
3117 3797 3495 3867 conjunctione

1925 3891 2044 3932 cum
2076 3881 2451 3952 omnipotente
2474 3883 2583 3939 Deo
2612 3886 2772 3939 simul
2805 3886 3103 3960 adoratur.]

2536 4017 2690 4074 CAP.
2728 4018 2867 4076 XIII.

1994 4145 2051 4201 Si
2097 4147 2312 4217 quidem
2362 4151 2528 4220 igitur
2569 4154 2843 4211 hominem
2886 4159 3185 4230 appellans,
3220 4176 3344 4218 cum
3388 4126 3493 4221 hoc

244 4242 343 4295 καὶ
376 4241 509 4293 Θεὸν
533 4241 662 4294 ὄντα
677 4241 814 4293 κατὰ
842 4239 1004 4309 φύσιν
1033 4239 1217 4304 αὐτὸν,
1246 4235 1305 4292 εὖ
1337 4239 1403 4293 ἂν
1440 4240 1572 4309 ἔχοι,
1600 4242 1695 4293 καὶ
1720 4256 1819 4292 πε-

1932 4235 2083 4291 etiam
2130 4238 2299 4293 Deum
2321 4239 2497 4309 ipsum
2532 4257 2651 4297 esse
2676 4247 2970 4303 secundum
3010 4260 3254 4308 naturam
3286 4254 3487 4311 intelli-

246 4333 551 4403 παύσομαι.
587 4333 652 4385 Εἰ
671 4332 728 4385 δὲ
747 4329 985 4403 μερίζων
1015 4331 1113 4395 τὰς
1139 4330 1348 4401 φύσεις,
1368 4332 1487 4401 οὐχὶ
1518 4331 1595 4402 τῷ
1620 4331 1819 4385 εἰδέναι

1932 4327 2026 4395 gis,
2059 4328 2199 4386 bene
2241 4331 2422 4398 habet,
2465 4342 2519 4388 et
2542 4334 2652 4404 jam
2688 4338 2848 4392 finem
2887 4339 3082 4395 faciam
3108 4360 3123 4399 :
3153 4346 3235 4399 sin
3286 4347 3485 4404 dividis

246 4427 436 4496 μόνον,
460 4426 545 4486 τίς
585 4426 683 4495 μὲν
714 4426 747 4494 ὴ
781 4423 1117 4495 ἀνθρωπεία,
1156 4424 1240 4486 τίς
1265 4423 1322 4476 δὲ
1348 4422 1414 4494 δὴ
1438 4422 1597 4476 πάλιν
1620 4424 1653 4493 ὴ
1680 4421 1817 4475 θεία.

1932 4428 2190 4487 naturas,
2241 4437 2348 4479 non
2400 4434 2457 4479 ut
2506 4425 2650 4482 scias
2706 4432 2866 4485 modo
2912 4448 3159 4502 quamam
3208 4436 3487 4506 humana,

243 4517 466 4579 Διῖστάς
487 4515 543 4568 δὲ
576 4514 777 4585 μᾶλλον
816 4515 913 4585 τῆς
943 4513 1079 4585 πρὸς
1111 4514 1336 4584 ἑνότητα
1378 4513 1701 4583 συνδρομῆς,
1726 4513 1819 4564 ἀν-

1932 4527 2107 4581 quaeve
2150 4530 2340 4573 rursus
2388 4517 2607 4586 divina,
2657 4522 2749 4576 sed
2801 4531 2861 4577 ut
2895 4524 3117 4581 diducas
3175 4527 3242 4582 ab
3284 4527 3379 4583 illo
3433 4531 3488 4585 in

246 4606 654 4679 θρωπολατρεῖς
705 4606 1183 4676 ὁμολογουμένως·
1230 4604 1323 4658 καί
1358 4621 1439 4657 σοι
1478 4605 1615 4674 πρὸς
1661 4604 1818 4674 ήμῶν

1932 4604 2183 4659 unitatem
2245 4621 2545 4676 concursu,
2605 4620 2812 4666 certum
2864 4623 2949 4669 est
2997 4624 3051 4669 te
3101 4616 3486 4673 bominicolam

243 4699 525 4771 εἰρήσεται
547 4714 559 4728 ·
590 4718 607 4748 t
629 4698 766 4760 Τοὺς
790 4698 1035 4768 καρποὺς
1065 4697 1172 4750 τῶν
1194 4697 1370 4750 πόνων
1396 4713 1488 4749 σου
1522 4697 1808 4765 φάγεσαι.»

1932 4708 2062 4759 esse,
2104 4704 2161 4750 et
2203 4696 2299 4752 tibi
2339 4712 2369 4752 a
2421 4700 2574 4754 nobis
2621 4701 2875 4756 dicetur:
2915 4720 2934 4754 ι
2963 4702 3192 4761 Fructus
3216 4706 3485 4763 laborum

244 4790 491 4861 Σκληρός
523 4789 582 4842 δὲ
610 4789 703 4843 καὶ
744 4787 1104 4858 ἁνουθέτητος
1153 4787 1250 4853 ὢν,
1286 4789 1444 4858 μόνος
1487 4788 1558 4841 ἴθι
1610 4789 1706 4859 τὴν
1735 4788 1815 4841 δι-

1932 4795 2137 4840 luorum
2180 4788 2309 4844 edes
2338 4790 2556 4860 (17)”:
2596 4809 2615 4843 ι
2648 4806 2770 4846 cum
2803 4808 2936 4849 vero
2969 4794 3045 4850 sis
3081 4798 3249 4852 durus
3278 4806 3334 4853 et
3373 4814 3489 4854 nio-

243 4877 654 4948 εστραμμένην.
701 4878 890 4947 Ἡμεῖς
924 4876 981 4929 δὲ
1024 4876 1121 4947 τὴν
1164 4876 1359 4948 εύσεὸἧ
1388 4878 1482 4931 καὶ
1517 4876 1816 4949 ἀμώμητον

1932 4876 2036 4931 nita
2091 4892 2339 4948 respuas,
2383 4880 2533 4936 solus
2563 4897 2662 4952 per
2687 4885 2828 4939 viam
2876 4900 3186 4955 perversam
3218 4890 3328 4943 abi.
3378 4890 3486 4946 Nos

246 4970 359 5022 τῶν
396 4968 565 5036 ἁγίων
603 4968 865 5038 Πατὲρων
917 4968 1321 5038 ίχνηλατοῦντες
1362 4968 1567 5040 τρίϐον,
1603 4971 1717 5031 τοῖς
1752 4986 1813 5026 τε

1932 4983 2050 5024 vero
2080 4972 2224 5040 piam
2270 4981 2327 5028 et
2354 4984 2557 5028 rectam
2597 4986 2907 5032 sanctorum
2936 4978 3156 5034 Patrum
3193 4982 3334 5037 viam
3364 4998 3489 5051 per-

244 5055 624 5118 άποστολικοῖς
684 5056 779 5109 καὶ
829 5057 1203 5125 εύαγγελικοῖς
1268 5057 1694 5129 συγγράμμασιν
1752 5057 1813 5113 εὖ

1932 5062 2282 5131 restigantes,
2342 5075 2396 5119 et
2440 5067 2755 5134 apostolicis
2796 5068 3229 5139 evangelicisque
3271 5075 3488 5142 scriptis

243 5147 393 5218 μάλα
416 5145 942 5215 παιδαγωγούμενοι,
968 5147 1100 5218 ὁμοῦ
1123 5149 1201 5219 τῷ
1230 5149 1347 5220 Θεῷ
1370 5150 1464 5202 καὶ
1492 5150 1686 5218 Πατρὶ,
1717 5153 1813 5205 καὶ

1932 5152 2123 5222 aptime
2158 5152 2432 5220 instructi,
2472 5156 2631 5211 simul
2666 5172 2805 5212 cum
2835 5157 2945 5213 Deo
2976 5169 3032 5219 et
3060 5158 3221 5216 Patre
3265 5172 3319 5217 et
3363 5178 3489 5218 san-

310 5303 359 5374 ξ’
396 5303 435 5357 ll
472 5303 617 5359 Petr.
650 5320 690 5368 ι.
720 5305 778 5360 4.
848 5306 893 5338 ⁸⁸
919 5305 1205 5374 Psal.uu,
1239 5310 1293 5365 9.

238 5374 285 5404 ”
316 5373 457 5428 Psal.
488 5390 694 5441 cum,
728 5377 782 5431 2.

1384 5311 1444 5354 ι⁶⁸
1475 5311 1639 5367 Hebr.
1680 5330 1719 5377 ι,
1752 5313 1803 5366 6.

1935 5314 2135 5371 “Rom.
2183 5332 2301 5381 vm,
2334 5316 2424 5372 29.
2471 5351 2481 5360 -
2543 5317 2586 5349 ⁸⁷
2634 5314 2843 5374 Coloss.
2890 5319 3046 5385 ι,18.
3116 5321 3161 5353 ⁸⁸
3186 5321 3340 5377 Rom.
3367 5324 3484 5388 1,5.

1509 5515 1670 5570 ANT.
1710 5517 1979 5572 AGELLII
2020 5520 2249 5575 NOT/E.

314 5671 420 5743 (l7)
446 5668 538 5722 Sic
584 5670 743 5723 habet
789 5671 1008 5726 Graecus
1062 5672 1241 5743 Cyrilli
1289 5674 1477 5727 codex.
1533 5671 1804 5727 Caeterum

234 5739 687 5813 LXXAVerlerunt
715 5744 839 5804 τοὺς
884 5743 1077 5805 πόνους
1106 5739 1215 5795 τῶν
1250 5743 1476 5813 καρπῶν
1507 5760 1598 5794 σου
1634 5745 1804 5811 φάγε-

237 5827 351 5873 σαι,
381 5811 582 5861 labores
614 5826 861 5863 manuum
894 5826 986 5865 seu
1016 5814 1310 5880 palmarum
1327 5811 1541 5864 tuarum
1570 5818 1803 5865 mandu-

236 5884 412 5944 cubis,‘
449 5887 504 5933 et
531 5880 758 5949 καρπῶν
806 5896 870 5936 eo
905 5881 1022 5936 loco
1064 5898 1166 5938 non
1199 5883 1431 5951 fructus,
1468 5883 1559 5935 sed
1598 5882 1803 5951 palmas

1920 5678 2316 5762 intellexerunt,
2348 5694 2405 5735 ut
2432 5685 2671 5762 etiam_in
2700 5685 3004 5762 Proverbiis
3027 5706 3144 5760 cap.
3171 5707 3316 5753 xxxi.
3346 5711 3485 5762 καρ-

1913 5749 2013 5802 πὸν
2045 5750 2099 5802 δὲ
2142 5752 2372 5814 ἐξέτεινε
2416 5754 2633 5823 πτωχῷ,
2674 5768 2720 5810 ει
2753 5761 2955 5827 palmas
2996 5749 3117 5817 suae
3144 5749 3377 5817 extendit
3417 5749 3485 5818 ad

1911 5836 2210 5889 pauperem.
