4054 6332
549 384 645 440 Hi

1497 384 1554 439 S.
1581 382 1854 438 CYRILLI
1888 381 2355 438 ΑιΕΧΑΝῡιιιΜ
2387 382 2708 438 ARCIIIEP.

3696 376 3800 431 “‘2

545 513 633 557 cto
681 500 909 570 Spiritu,
958 500 1114 554 unica
1170 501 1487 555 adoratioue
1534 501 1915 556 venerabimur
1951 517 2116 556 unum

2240 502 2298 573 ςῷ
2328 502 2470 571 ἁγίῳ
2500 500 2796 569 Πνεύματι,
2838 499 2935 568 μιᾷ
2963 495 3331 566 προσκυνήσει
3368 493 3671 564 τιμήσομεν
3711 493 3802 544 τὸν

548 594 834 648 Dominum
869 592 1052 647 Jesum
1081 591 1378 656 Christum,
1428 607 1522 660 per
1547 607 1709 661 quem
1754 603 1810 648 et
1853 609 1973 648 cum
2010 609 2117 662 quo

548 684 658 738 Deo
697 692 749 738 et
793 682 940 737 Patri
977 684 1148 752 gloria
1186 698 1307 738 cum
1341 694 1532 739 sancto
1578 683 1784 753 Spiritu
1833 686 1887 738 in
1920 686 2115 739 saecula

546 770 881 822 saeculorum.
916 770 1085 824 Amen
1097 809 1110 822 .

735 881 840 977 .51
887 897 1131 990 ΤΟΜ
1152 900 1290 988 US
1359 902 1911 993 TERTIUS.

619 1097 867 1166 Magnum
912 1105 996 1150 est
1046 1097 1231 1164 procul
1273 1095 1437 1150 dubio
1481 1096 1607 1151 illud
1658 1099 1873 1167 pietatis
1917 1111 2121 1170 myste-

551 1193 712 1253 rium,
740 1199 794 1243 et
823 1189 956 1257 ipsis
983 1189 1148 1243 etiam
1174 1189 1380 1243 sanctis
1409 1189 1615 1260 angelis
1645 1190 2024 1244 admirandum
2049 1192 2118 1256 ⁷⁸,

552 1285 603 1335 in
635 1296 810 1350 eoque
841 1281 1128 1335 confirmat
1151 1296 1249 1336 nos
1280 1281 1556 1350 apostolus
1580 1281 1776 1336 Paulus
1809 1299 1931 1337 cum
1957 1284 2118 1340 dicit:

555 1394 573 1425 ι
606 1371 677 1427 Ut
709 1382 892 1426 notum
941 1372 1035 1424 ﬁat
1075 1387 1218 1425 nunc
1253 1373 1646 1442 principatibus
1673 1383 1726 1427 et
1770 1376 2123 1443 potestatibus

2224 595 2320 648 ἕνα
2350 593 2554 664 Κύριον
2601 589 2808 661 Ἰησοῦν
2860 588 3094 658 Χριστόν
3114 604 3126 616 ·
3162 586 3230 638 δι’
3269 581 3331 639 οὗ
3361 585 3458 638 xui
3495 583 3613 654 μεθ’
3639 576 3700 636 οὗ
3721 583 3802 652 τῷ

2222 685 2343 757 Θεῷ
2365 685 2459 739 καὶ
2485 685 2659 753 Πατρὶ
2684 681 2810 746 δόξα
2837 681 2934 733 σὺν
2960 679 3040 750 τῷ
3074 680 3214 748 ἀγίῳ
3243 677 3540 746 Πνεύματι,
3565 676 3644 738 εἰς
3677 677 3802 736 τοὺς

2221 777 2425 842 αἰῶνας
2450 775 2558 828 τῶν
2590 771 2820 827 αἰώνων.
2858 771 3050 841 ’Δμήν.

2580 917 2962 1004 ΤΟΜΟΣ
3035 913 3448 998 ΤΡΙΤΟΣ.

2295 1097 2454 1165 Μέγα
2511 1096 2610 1167 μὲν
2661 1094 3110 1166 ὁμολογουμένως
3151 1093 3269 1144 ἐστὶ
3300 1092 3361 1144 τὸ
3395 1091 3494 1163 τῆς
3527 1088 3805 1150 εὐσεϐείας

2203 1189 2544 1261 ’μυστήριον,
2591 1187 2960 1258 τεθαύμασται
3013 1185 3070 1239 δὲ
3122 1184 3218 1238 καὶ
3278 1183 3406 1253 παρ’
3455 1184 3638 1244 αὐτοῖς
3691 1184 3803 1243 τοῖς

2225 1280 2400 1346 ἀγίοις
2444 1279 2720 1347 ἀγγέλοις,
2750 1279 2847 1330 καὶ
2897 1277 3034 1346 πρός
3081 1292 3144 1344 γε
3182 1274 3340 1327 τοῦτο
3383 1274 3529 1344 ἡμᾶς
3575 1273 3807 1342 ἐμπεδοῖ

2223 1369 2400 1437 λέγων
2426 1370 2455 1422 ὁ
2487 1368 2796 1437 σοφώτατος
2823 1367 3062 1430 Παῦλος⁶
3095 1367 3245 1419 «Ἵνα
3271 1363 3546 1438 γνωρισθῇ
3569 1363 3664 1416 νῦν
3685 1365 3806 1424 ταῖς

552 1467 603 1518 in
648 1463 963 1518 coelestibus
996 1479 1092 1532 per
1124 1463 1423 1518 Ecclesium
1472 1465 1824 1521 multiformis
1857 1467 2123 1536 sapientia

2240 1462 2422 1531 ἰρχαῖς
2451 1461 2542 1513 xui
2567 1462 2685 1523 ταῖς
2713 1459 2986 1524 ἐξουσίαις
3007 1461 3064 1510 ἐν
3086 1461 3198 1520 τοῖς
3224 1456 3564 1526 ἐπουρανίοις
3593 1455 3680 1508 διὰ
3704 1454 3803 1522 τῆς

553 1555 671 1619 Dei,
709 1556 1004 1610 secundum
1028 1555 1441 1625 praelinilionem
1478 1557 1820 1625 saeculorum,
1859 1575 2019 1628 quam
2047 1560 2125 1614 fe-

2240 1551 2583 1621 Ἐκκλησίας,
2622 1552 2655 1621 ἡ
2689 1549 3069 1612 πολυποίκιλος
3121 1547 3280 1618 σοφία
3324 1546 3418 1600 τοῦ
3467 1545 3634 1610 Θεοῦ,
3666 1547 3809 1598 κατά

552 1650 626 1701 cit
657 1647 709 1700 in
741 1645 968 1700 Domino
999 1656 1184 1701 uestro
1211 1645 1336 1701 Jesu
1368 1648 1606 1714 Christo,
1649 1650 1700 1702 in
1731 1665 1838 1719 quo
1865 1652 2126 1707 habemus

2240 1643 2482 1715 πρόθεσιν
2503 1643 2613 1695 τῶν
2640 1641 2874 1706 αἰώνων,
2902 1642 2967 1713 ἣν
2993 1641 3245 1712 ἐποίησεν
3269 1642 3326 1693 ἐν
3344 1641 3419 1708 τῷ
3439 1638 3629 1710 Κυρίῳ
3649 1639 3809 1710 ἡμῶν

556 1738 806 1793 fiduciam
837 1746 891 1790 et
917 1752 1196 1792 accessum
1235 1739 1287 1791 in
1319 1738 1642 1793 conﬁdentia
1672 1756 1768 1808 per
1804 1741 1962 1796 ﬁdem
1982 1743 2069 1798 ⁷⁸⁵,
2101 1762 2118 1794 ι

2240 1731 2411 1802 Ἰησοῦ
2439 1732 2676 1802 Χριστῷ.
2709 1735 2765 1785 ἐν
2855 1731 3049 1802 ἔχομεν
3070 1731 3170 1801 τὴν
3190 1731 3504 1803 παρρησίαν
3527 1729 3620 1782 xui
3643 1747 3809 1800 προσ-

555 1830 834 1899 Sapientia
870 1840 954 1883 est
1001 1845 1234 1896 namque
1277 1844 1487 1894 revera,
1523 1841 1578 1885 et
1612 1833 1835 1888 minime
1869 1834 2124 1899 humana,

2240 1822 2452 1893 ιγωγὴν
2483 1825 2540 1875 ἐν
2569 1821 2892 1891 πεποιθήσει
2925 1821 3012 1874 διά
3047 1820 3144 1888 τῆς
3177 1821 3428 1884 πίστεως.
3463 1839 3482 1872 ›
3510 1820 3680 1888 Σοφία
3699 1819 3810 1890 γὰρ

554 1922 647 1977 sed
696 1935 828 1976 sane
871 1922 1083 1985 divina,
1138 1933 1192 1976 et
1243 1923 1423 1977 abdita
1476 1924 1529 1976 in
1585 1927 1814 1993 quadam
1867 1927 2124 1980 ineﬂ'ubili

2240 1914 2442 1986 Ξιληθῶς
2485 1915 2580 1968 xui
2629 1916 2729 1966 οὐκ
2769 1913 3084 1986 ἀνθρωπίνη
3118 1912 3317 1966 ποθέν
3367 1912 3485 1966 θεία
3516 1913 3570 1965 δὲ
3609 1912 3812 1983 μᾶλλον

557 2012 925 2081 profunditate
950 2022 1004 2066 et
1031 2013 1618 2082 incomprehensibilita
1630 2025 1679 2069 te
1702 2015 1901 2070 Christi
1929 2027 2126 2086 mystc—

558 2105 697 2156 rimn
727 2119 742 2157 :
774 2105 958 2172 itaque
1002 2103 1187 2172 psallit
1231 2105 1421 2159 beatus
1451 2106 1616 2160 David
1649 2125 1663 2160 :
1697 2125 1716 2157 ι
1749 2107 1813 2161 Ει
1841 2109 2021 2177 posuit
2051 2119 2128 2163 te-

557 2197 751 2249 nebras
777 2194 1058 2249 latibulum
1107 2211 1287 2260 suum,
1316 2196 1370 2250 in
1405 2199 1637 2251 circuitu
1666 2196 1781 2266 ejus
1809 2201 2130 2253 tabernacu-

558 2288 666 2340 ium
696 2287 837 2353 ejus,
877 2288 1161 2340 tenebrosa
1205 2302 1344 2356 aqua
1378 2288 1429 2342 in
1467 2289 1698 2343 nubibus
1737 2291 1970 2344 aeris“.
2008 2311 2027 2342 ι
2070 2290 2128 2344 In

557 2393 668 2446 quo
695 2378 946 2432 tenebras
990 2378 1123 2430 nihil
1151 2378 1319 2442 aliud,
1365 2389 1421 2432 ut
1452 2380 1664 2448 opinor,
1703 2382 1974 2452 intelligit,
2007 2370 2126 2436 ἰιἱεί

561 2468 845 2526 obscuram
873 2467 1244 2536 intelligentiae
1271 2472 1668 2538 perceptionem
1694 2472 1744 2524 in
1772 2472 1942 2526 oculis
1963 2471 2128 2525 animi

563 2559 808 2626 caliginis
862 2559 1032 2612 instar
1079 2560 1470 2614 incurrentem.
1517 2559 1626 2616 llac
1670 2563 1735 2616 de
1782 2578 1942 2617 causa
1992 2562 2131 2616 dici-

565 2664 704 2713 mus,
762 2649 1056 2704 subtilibus
1105 2651 1541 2718 quaestionibus,
1596 2660 1653 2706 et
1695 2653 2012 2708 curiositate
2065 2653 2132 2707 ad

563 2755 722 2808 quam
771 2740 1077 2808 pertingere
1139 2755 1243 2794 non
1298 2743 1468 2810 possit
1529 2743 1925 2813 intelligentia,
1988 2744 2133 2799 nullo

565 2831 726 2884 modo
757 2831 1052 2900 indiguisse
1079 2830 1279 2886 Christi
1309 2834 1650 2902 mysterium.
1691 2837 1785 2889 sed
1818 2836 1920 2890 ﬁde
1956 2836 2135 2906 potius

563 2937 681 2991 qua:
724 2922 1042 2990 simpliciter
1068 2937 1132 2976 ac
1157 2923 1273 2977 sine
1303 2923 1410 2978 ulla
1444 2923 1656 2979 Val‘ritie
1684 2929 2006 2982 traderetur.
2044 2926 2136 2982 Sic

563 3028 615 3070 et
660 3030 756 3069 nos
788 3015 887 3083 ipsi
923 3016 1126 3070 sentire
1165 3015 1475 3080 didicimus,
1513 3026 1568 3070 et
1592 3017 1921 3072 credidimus
1954 3033 1982 3070 a
2027 3018 2137 3072 Deo

563 3119 629 3159 ac
669 3105 826 3160 Patre
857 3104 1128 3174 proprium
1166 3103 1389 3167 Filium,
1441 3105 1608 3158 Deum
1640 3107 1887 3160 eumdem
1939 3119 2136 3160 secun-

2226 2007 2321 2059 xui
2350 2009 2407 2059 ἐν
2437 2007 2770 2076 ἀπορρήτοις
2800 2004 2910 2057 τισὶ
2955 2003 3144 2074 βάθεσί
3188 2021 3247 2057 τε
3289 2005 3382 2058 xui
3410 2003 3812 2074 ἀκαταληψίαις

2228 2095 2476 2166 κειμένη,
2513 2096 2574 2148 τὸ
2612 2094 2846 2167 Χριστοῦ
2895 2097 3224 2166 μυστήριον
3261 2094 3450 2164 ψάλλει
3489 2095 3619 2162 γοῦν
3649 2097 3677 2148 ὁ
3706 2112 3813 2166 μα-

2238 2188 2428 2259 κάριος
2460 2187 2624 2240 Δαόίδ
2643 2205 2658 2218 ·
2695 2207 2712 2237 ι
2741 2188 2850 2240 Kui
2883 2187 3034 2239 ἔθετο
3068 2186 3253 2249 σκότος
3277 2185 3602 2257 ἀποκρυφὴν
3623 2184 3813 2249 αὐτοῦ,

2229 2280 2415 2350 κύκλῳ
2445 2278 2607 2332 αὐτοῦ
2651 2280 2684 2350 ἡ
2731 2277 2903 2350 σκηνὴ
2935 2277 3122 2342 αὑτοῦ,
3151 2277 3423 2330 σκοτεινὸν
3458 2277 3603 2348 ὕδωρ
3635 2277 3694 2331 ἐν
3724 2295 3817 2330 νε-

2231 2372 2424 2442 φέλαις
2465 2372 2667 2442 ἀέρων⁹
2699 2391 2716 2422 ι
2757 2371 2952 2424 σκότον
2992 2366 3146 2441 οἶμαι
3186 2370 3360 2439 λέγων
3407 2369 3560 2423 οὐδὲν
3602 2369 3813 2441 ἕτερον,

2232 2463 2371 2534 πλὴν
2407 2462 2490 2514 ὅτι
2524 2480 2626 2515 που
2662 2467 2879 2524 πάντως
2912 2461 3010 2530 τὴν
3047 2461 3155 2514 τῶν
3186 2460 3403 2513 ἐννοιῶν
3446 2460 3820 2514 δυσκάτοπτον

2231 2552 2470 2623 εὕρεσιν,
2503 2555 2614 2615 τοῖς
2667 2553 2764 2620 τῆς
2814 2552 3049 2615 διανοίας
3089 2550 3388 2622 ὀφθαλμοῖς
3436 2551 3632 2623 ἀχλύος
3660 2552 3816 2623 δίκην

2232 2645 2631 2715 ἐμπίπτουσαν.
2658 2643 2843 2714 Ταύτῃ
2872 2644 2955 2696 τοί
2996 2661 3174 2713 φαμεν
3221 2642 3549 2714 ζητημάτων
3597 2643 3814 2712 ἰσχνῶν,

2233 2737 2328 2789 καὶ
2357 2737 2675 2808 περιεργίας
2703 2738 2798 2806 τῆς
2839 2737 3093 2789 ἐπέκεινα
3128 2735 3243 2800 νοῦ,
3279 2737 3563 2808 δεδεῆσθαι
3597 2737 3696 2809 μὲν
3725 2740 3818 2790 οὕ-

2233 2829 2419 2899 δαμῶς
2457 2829 2519 2881 τὸ
2552 2830 2787 2898 Χριστοῦ
2832 2833 3162 2900 μυστήριονο
3222 2830 3458 2892 πίστεως
3508 2830 3564 2882 δὲ
3616 2831 3822 2900 μᾶλλον

2236 2920 2415 2990 ἁπλῆν
2442 2921 2536 2972 xui
2563 2919 2906 2990 ἀκακοῦργον
2938 2919 3166 2990 ἐχούσης
3192 2918 3291 2990 τὴν
3324 2920 3640 2992 παράδοσιν.
3661 2920 3822 2976 Οὕτω

2237 3013 2329 3064 xui
2363 3012 2527 3082 ἡμεῖς
2558 3010 2711 3062 αὐτοὶ
2743 3012 2957 3080 φρονεῖν
2985 3008 3361 3080 δεδιδάγμεθα,
3396 3009 3490 3062 xui
3525 3012 3821 3063 πεπιστεύ-

2237 3117 2414 3171 καμεν
2453 3103 2536 3154 ὃτι
2577 3100 2708 3152 Θεὸν
2734 3099 2861 3152 ὄντα
2891 3101 3030 3154 κοιτά
3059 3099 3219 3169 φύσιν
3246 3101 3338 3154 τὸν
3368 3101 3498 3154 ἴδιον
3525 3101 3672 3166 Υίδν,
3708 3103 3820 3156 ἀπ-

563 3197 691 3250 dum
739 3206 1014 3258 naturam,
1049 3195 1214 3248 fuisse
1257 3198 1481 3251 missum
1525 3195 1800 3250 hominem
1832 3197 2054 3262 factum,
2084 3205 2136 3252 et

2241 3195 2478 3247 έστειλεν
2521 3196 2550 3246 ό
2593 3194 2723 3257 Θεὸς
2759 3193 2852 3247 xui
2881 3195 3072 3266 Πατὴρ
3098 3193 3383 3264 ἄνθρωπον
3413 3192 3690 3262 γεγονότα,
3712 3174 3821 3247 ’καὶ

565 3303 631 3341 ex
667 3287 892 3340 muliere
932 3286 1228 3341 secundum
1270 3299 1489 3340 carnem
1519 3288 1761 3357 genitum
1787 3287 1856 3353 τ’,
1893 3297 1949 3342 ιιι
1993 3288 2044 3342 ἰιι
2076 3303 2135 3344 se

564 3380 847 3433 credentes
876 3377 1158 3444 justiiicet,
1191 3386 1248 3431 et
1289 3392 1388 3431 suo
1417 3378 1653 3447 benigno
1685 3379 2137 3435 clementissimo-

569 3485 672 3541 que
709 3480 838 3524 nutu
874 3485 905 3524 a
941 3469 1180 3539 peccatis
1224 3469 1277 3523 in
1310 3469 1617 3539 ignorantia
1654 3471 1904 3525 admissis
1940 3471 2137 3525 libera-

571 3575 672 3628 tos,
705 3577 869 3631 puros
895 3568 950 3615 et
990 3560 1370 3616 immaculatos
1418 3575 1513 3631 per
1548 3576 1608 3616 se
1643 3559 1754 3615 Deo
1785 3571 1839 3616 et
1881 3561 2026 3614 Patri
2057 3560 2140 3614 of-

572 3657 726 3718 ferat,
751 3664 803 3708 et
828 3668 922 3707 eos
946 3651 1142 3708 divinae
1167 3668 1279 3708 suae
1304 3661 1512 3707 natura:
1540 3652 1836 3722 participes
1863 3651 2136 3717 eﬂiciat",

569 3747 660 3814 qui
689 3745 849 3799 morti
886 3754 1052 3814 atque
1093 3744 1430 3814 corruptioni
1459 3755 1618 3798 erant
1639 3743 1862 3798 obnoxii
1882 3744 1928 3776 '”
1956 3761 1973 3811 ;
2004 3754 2058 3799 et
2085 3753 2143 3797 ut

572 3838 892 3905 prasdicaret
919 3835 1079 3890 catcis
1113 3834 1286 3888 visum
1311 3834 1379 3897 ⁷⁵,
1429 3842 1482 3888 et
1513 3832 1812 3887 errantium
1863 3834 2140 3886 hominum

571 3943 760 4000 greges
789 3927 854 3981 ad
884 3926 1057 3980 lucem
1085 3939 1225 3978 verae
1251 3924 1345 3978 Dei
1372 3923 1696 3992 cognitionis
1726 3923 2050 3987 traduceret,
2079 3939 2142 3979 ac

573 4022 792 4074 doceret
819 4016 942 4085 quis
971 4025 1162 4069 natura
1188 4028 1425 4083 vereque
1455 4014 1595 4068 Deus
1622 4022 1785 4078 esset,
1821 4022 1872 4068 et
1901 4015 2142 4068 omnium

577 4124 754 4165 rerum
778 4105 958 4175 upifex
989 4104 1206 4159 :l‘actus
1232 4113 1317 4158 est
1345 4103 1492 4158 enim
1521 4103 1658 4157 odor
1694 4103 2019 4173 cognitionis
2049 4102 2142 4157 Dei

575 4215 639 4256 ac
668 4198 867 4260 Patris,
890 4206 944 4250 et
985 4196 1039 4250 in
1083 4195 1195 4266 ipso
1230 4195 1612 4262 conspeximus
1639 4194 1786 4248 illum
1819 4210 1886 4250 ex
1914 4211 2021 4264 quo
2053 4209 2143 4250 se-

572 4288 808 4343 cundum
847 4295 1095 4340 naturam
1123 4291 1209 4340 est
1249 4283 1482 4353 genitus,
1519 4292 1573 4335 et
1617 4279 1908 4335 manifeste
1936 4295 2144 4350 cogno-

572 4380 750 4433 vimus
777 4376 916 4430 viam
953 4389 1073 4444 quae
1099 4387 1198 4428 nos
1232 4377 1298 4426 ad
1337 4383 1598 4426 aeternam
1638 4371 1805 4425 vitam
1836 4369 2034 4427 defert.
2069 4371 2144 4425 Ita

573 4469 738 4525 etiam
773 4466 888 4522 fore
923 4477 982 4520 ut
1017 4467 1257 4537 genitum
1297 4465 1551 4535 gregibus
1595 4463 1712 4531 ipse
1749 4461 1926 4518 Filius
1958 4463 2144 4518 illuce-

577 4566 692 4621 ret,
733 4559 926 4612 beatus
975 4556 1238 4626 propheta
1294 4555 1462 4608 Isaias
1510 4554 1668 4623 longe
1719 4563 1847 4609 ante
1892 4555 2147 4608 clamavit

579 4650 768 4704 dicens
799 4663 815 4702 :
852 4666 870 4699 ι
905 4646 998 4701 Sic
1029 4646 1159 4704 dicit
1187 4646 1446 4700 Dominus
1477 4663 1490 4698 :
1526 4644 1820 4698 Lahoravit
1850 4643 2143 4715 Egyptus,

573 4751 628 4794 et
673 4738 1068 4807 negotiationes
1117 4734 1435 4804 IEthiopum
1461 4775 1475 4799 ,
1521 4747 1576 4789 et
1608 4735 1719 4806 62
1753 4734 2001 4801 Sabaim,
2043 4736 2146 4790 viri

575 4831 832 4884 sublimes
861 4831 928 4883 ad
960 4840 1012 4883 te
1043 4828 1372 4892 transibunt,
1419 4837 1474 4882 et
1506 4828 1602 4882 tibi
1649 4828 1912 4889 servient,
1946 4837 2001 4882 et
2028 4837 2150 4897 post

577 4934 631 4973 te
675 4927 972 4990 sequentur
1023 4917 1193 4972 vincti
1245 4917 1632 4986 compedibus,
1677 4926 1733 4970 et
1780 4918 2149 4970 conabuntur

577 5014 696 5076 tibi,
723 5023 775 5068 et
810 5015 864 5065 in
900 5021 951 5066 te
979 5011 1306 5075 adorabunt,
1338 5012 1462 5080 quia
1497 5011 1550 5063 in
1586 5022 1638 5065 te
1664 5010 1804 5066 Deus.
1835 5023 1938 5075 est,
1968 5020 2020 5064 et
2041 5025 2146 5064 nou

575 5115 658 5157 est
705 5105 844 5158 Deus
879 5113 1078 5173 praeter
1123 5113 1214 5158 te:
1245 5113 1300 5156 tu
1338 5116 1398 5156 es
1441 5103 1584 5156 enim
1632 5101 1773 5156 Deus
1821 5111 1876 5155 et
1915 5102 2146 5156 nescivi-

579 5210 717 5259 mus,
765 5197 904 5248 Dens
952 5194 1116 5249 Israel
1167 5193 1490 5249 salvator".
1523 5211 1542 5244 ι
1589 5191 1801 5246 Dictum
1856 5203 1940 5246 est
1983 5193 2148 5246 etiam

578 5286 766 5356 procul
791 5287 952 5339 dubio
984 5287 1049 5340 ad
1072 5286 1292 5354 Filium,
1322 5301 1512 5341 rursus
1539 5296 1794 5354 tanquam
1819 5299 1884 5338 ex
1912 5299 2144 5354 persona

583 5379 674 5432 Dei
703 5393 766 5431 ac
801 5379 1012 5431 Patris:
1050 5397 1068 5429 ι
1101 5380 1242 5434 Ecce
1274 5380 1430 5448 posui
1461 5389 1512 5433 te
1549 5380 1600 5430 in
1637 5388 2020 5432 testamentmn
2054 5391 2148 5446 ge-

581 5470 744 5532 neris,
773 5470 824 5522 in
857 5470 1029 5525 lucem
1057 5473 1320 5548 gentium,
1353 5481 1410 5524 ut
1433 5472 1506 5524 sis
1539 5471 1591 5523 in
1620 5471 1846 5523 salutem
1880 5486 2049 5538 usque
2079 5471 2146 5523 ad

579 5572 882 5614 extremum
920 5573 1077 5615 terra:
1100 5560 1190 5631 ἦθ’.
1227 5580 1244 5612 ι
1280 5559 1488 5630 Populo
1515 5562 1659 5615 enim
1688 5576 1753 5614 ex
1785 5562 2048 5630 sanguine
2074 5575 2138 5614 ac

2237 3288 2301 3338 ἐκ
2329 3280 2584 3353 γυναικὸς
2623 3285 2764 3338 κατὰ
2794 3286 2971 3356 σάρκα
2997 3285 3412 3355 γεγεννημένον,
3441 3286 3528 3338 ἵνα
3555 3286 3823 3360 δικαιώσῃ

2237 3376 2364 3438 τοῦς
2399 3377 2478 3439 είς
2503 3375 2664 3428 αὑτὸν
2701 3377 3077 3440 πιστεύονταςο
3105 3378 3198 3430 καὶ
3228 3377 3333 3430 τῶν
3363 3378 3418 3430 ἐν
3449 3377 3642 3448 ἀγνοίᾳ
3662 3395 3824 3430 πται-

2240 3469 2487 3537 σμάτων,
2528 3470 2783 3540 χρηστοῖς
2810 3469 2902 3522 xui
2936 3470 3310 3539 ἡμερωτάτοις
3349 3468 3665 3533 ἀπαλλάξας
3695 3471 3820 3523 νεύ-

2243 3575 2394 3628 μασι,
2425 3558 2695 3628 καθαροὺς
2730 3557 2824 3611 xui
2853 3557 3115 3628 ἀμώμους
3143 3557 3528 3629 προσκομίσειε
3555 3557 3620 3610 δι’
3649 3557 3815 3611 αὐτοῦ

2239 3649 2318 3719 τῷ
2367 3649 2484 3720 Θεῷ
2527 3651 2621 3702 xui
2673 3650 2867 3720 Πατρὶ,
2900 3650 2992 3702 xui
3039 3649 3136 3718 τῆς
3186 3649 3336 3712 θείας
3372 3647 3566 3702 ἑαυτοῦ
3601 3649 3816 3717 φύσεως

2241 3743 2542 3814 ἐργάσηται
2576 3744 2889 3804 κοινωνοὺς,
2914 3743 3040 3805 τοὺς
3068 3741 3174 3794 ὑπὸ
3203 3740 3429 3794 θάνατον
3454 3742 3551 3794 xui
3577 3741 3784 3813 φθοράν
3805 3759 3818 3770 ·

2243 3832 2455 3906 κηρύξῃ
2487 3834 2543 3887 δὲ
2575 3835 2667 3886 xui
2705 3835 2926 3902 τυφλοῖς
2955 3832 3250 3902 ἀνάϐλεψιν
3273 3848 3288 3862 ο
3330 3833 3550 3894 καὶτὰς
3585 3832 3692 3885 τῶν
3723 3849 3825 3884 πε-

2246 3925 2601 3995 πλανημένων
2645 3923 2844 3992 ἀγέλας
2893 3924 2972 3986 εἰς
3013 3923 3072 3976 τὸ
3115 3924 3212 3992 τῆς
3237 3922 3472 3992 ἀληθοῦς
3498 3922 3828 3992 θεογνωσίας

2247 4013 2591 4085 μετακομίσῃ
2637 4011 2751 4080 φῶς
2776 4029 2791 4040 ⁵
2825 4012 3013 4083 διδάξῃ
3041 4028 3099 4065 τε
3129 4012 3336 4078 λοιπὸν,
3360 4011 3444 4075 τίς
3491 4013 3518 4066 ὁ
3561 4014 3718 4082 φύσει
3766 4029 3826 4065 τε

2245 4102 2340 4156 xui
2373 4102 2586 4174 ἀληθῶς
2611 4105 2728 4156 ἐστι
2753 4102 2907 4168 Θεὸς,
2939 4104 3032 4156 xui
3059 4103 3168 4156 τῶν
3187 4103 3323 4157 ὅλων
3353 4103 3706 4175 δημιουργὸς,
3731 4107 3823 4173 γέ-

2244 4212 2368 4263 γονε
2400 4196 2508 4267 γὰρ
2534 4195 2680 4266 ὀσμὴ
2717 4196 2815 4266 τῆς
2858 4195 3112 4263 γνώσεως
3159 4195 3254 4250 τοῦ
3295 4196 3427 4249 Θεοῦ
3457 4197 3547 4250 καὶ
3579 4198 3792 4269 Πατρός
3813 4216 3826 4229 ·

2246 4285 2342 4338 xui
2374 4285 2433 4338 ἐν
2461 4284 2610 4356 αῦτῷ
2637 4284 2945 4356 τεθεάμεθα
2983 4285 3096 4351 τὸν,
3125 4284 3184 4349 ἐξ
3229 4277 3292 4338 οὕ
3339 4286 3662 4358 γεγέννηται
3689 4289 3834 4342 κατά

2248 4376 2408 4445 φύσιν
2427 4391 2442 4409 ο
2483 4375 2807 4446 ἐγνώκαμέν
2845 4395 2906 4430 τε
2939 4377 3128 4446 σαφῶς
3163 4378 3260 4449 τὴν
3288 4381 3366 4441 είς
3395 4379 3539 4450 ζωὴν
3563 4383 3711 4451 ἡμᾶς
3734 4383 3830 4452 τὴν

2250 4465 2418 4519 ἀΐδιον
2455 4466 2837 4537 ἀποφέρουσαν
2868 4467 3006 4522 ὁδόν.
3035 4466 3192 4521 Οὕτω
3222 4471 3315 4522 xui
3356 4472 3474 4534 ταῖς
3514 4471 3624 4525 τῶν
3661 4471 3833 4527 ἐθνῶν

2253 4557 2477 4625 ἀγέλαις
2519 4557 2851 4628 ἐπιλάμψειν
2891 4559 2982 4612 τὸν
3011 4558 3137 4611 Υίὺν
3165 4561 3194 4613 ό
3235 4562 3502 4632 μακάριος
3547 4565 3832 4636 προφήτης

2264 4648 2494 4712 Ἡσαΐας
2522 4651 3012 4720 προανεκεκράγει,
3046 4651 3250 4720 λέγων·
3295 4674 3314 4703 ε
3345 4653 3502 4707 Οὕτω
3543 4654 3691 4724 λέγει
3716 4657 3831 4710 Κύ-

2256 4739 2730 4810 ριος,·Ἐκοπίασεν
2772 4740 3066 4810 Αἴγυπτος,
3107 4744 3199 4796 xui
3231 4743 3494 4815 ἐμπορίαι
3534 4744 3832 4809 Αἰθιόπων,

2254 4833 2342 4884 xui
2371 4832 2419 4883 oi
2449 4831 2685 4902 Σαϐαῒμ,
2707 4831 2898 4903 ἄνδρες
2918 4832 3114 4902 ὑψηλοὶ
3143 4834 3236 4886 ἐπὶ
3267 4835 3324 4887 σὲ
3345 4835 3714 4906 διαϐήσονται,
3741 4839 3833 4890 xu‘t

2257 4922 2339 4973 eoi
2368 4922 2579 4974 ἔσονται
2604 4921 2799 4988 δοῦλοι,
2835 4924 2929 4975 xui
2962 4923 3137 4976 ὀπίσω
3168 4941 3260 4976 σου
3291 4925 3716 4996 ἀκολουθήσουσι
3743 4927 3831 4980 δε-

2255 5013 2471 5082 δεμένοι
2511 5014 2853 5084 χειροπέδαις
2877 5030 2891 5045 °
2925 5016 3017 5068 xui
3046 5019 3480 5086 προσκυνήσουσί
3516 5035 3618 5080 σοι,
3653 5020 3747 5072 καὶ
3778 5023 3834 5071 ἐν

2258 5105 2339 5155 σοὶ
2386 5103 2802 5172 προσεύξονται*
2845 5106 2926 5158 ὅτι
2961 5108 3018 5160 ἐν
3052 5111 3133 5158 σοι
3177 5107 3206 5158 ὁ
3253 5107 3383 5170 Θεός
3413 5110 3563 5161 ἐστι’
3607 5111 3702 5164 καὶ
3735 5111 3834 5162 οὐκ

2254 5194 2370 5247 ἐστι
2395 5193 2526 5258 Θεὸς
2559 5194 2702 5266 πλήν
2728 5212 2844 5251 σου.
2876 5196 2948 5248 Σὺ
2975 5196 3082 5268 γὰρ
3109 5193 3160 5251 εἷ
3184 5197 3315 5263 Θεὸς
3340 5201 3434 5252 καὶ
3459 5199 3558 5252 οὐκ
3588 5200 3830 5271 ᾔδειμεν,

2251 5285 2431 5348 ὁΘεὺς
2451 5285 2546 5339 τοῦ
2588 5287 2804 5358 Ἰσραὴλ
2828 5290 3028 5359 σωτήρ.
3063 5308 3080 5340 ι
3108 5290 3336 5361 Εἴρηται
3363 5290 3422 5344 δέ
3450 5309 3552 5344 που
3580 5291 3718 5361 πρὸς
3746 5293 3836 5346 τὸν

2254 5377 2401 5438 Υίὸν,
2427 5377 2502 5439 ώς
2536 5377 2600 5430 ἐκ
2629 5377 2922 5448 προσώπου
2950 5379 3109 5433 πάλιν
3139 5379 3232 5432 τοῦ
3263 5378 3398 5434 Θεοῦ
3450 5383 3544 5435 xui
3588 5382 3829 5452 Πατρός·

2258 5487 2278 5519 ι
2301 5469 2430 5522 Ἰδοὺ
2450 5469 2672 5523 τέθεικά
2696 5486 2753 5522 σε
2775 5471 2853 5532 εἰς
2879 5470 3142 5542 διαθήκην
3171 5473 3382 5543 γένους,
3404 5476 3483 5537 είς
3505 5473 3619 5544 φώς
3641 5474 3829 5538 ἐθνῶν,

2242 5560 2338 5614 τοῦ
2387 5555 2528 5614 εἴναί
2576 5577 2635 5614 σε
2682 5563 2762 5626 εἰς
2813 5563 3089 5633 σωτηρίαν
3122 5563 3227 5627 ἕως
3261 5564 3490 5635 ἐσχάτου
3519 5567 3618 5636 τῆς
3647 5565 3770 5636 γῆς.
3807 5584 3824 5616 ι

646 5713 690 5742 ⁷ο
719 5711 1026 5792 _Titn_._ttt,
1063 5714 1150 5768 l6.
1228 5716 1296 5792 "_“‘
1321 5713 1515 5792 [:lpltes.
1548 5715 1750 5792 mh“),
1773 5714 1872 5792 με
1947 5716 1989 5746 ⁷¹
2028 5713 2136 5767 Psal

2240 5732 2335 5792 vti,
2369 5716 2492 5792 12)-Δ
2533 5717 2580 5792 ξ¹²
2616 5713 2792 5769 Galat.
2824 5733 2896 5780 tv,
2928 5720 2978 5773 4.
3060 5722 3105 5752 ⁷³
3139 5723 3181 5776 ll
3208 5724 3355 5779 l’etr.
3391 5742 3430 5792 ι,
3462 5725 3516 5778 4.
3590 5724 3640 5758 ⁷⁵
3673 5724 3826 5779 Rom.

577 5797 695 5846 νιιι,
722 5783 808 5838 ii.
886 5784 930 5815 ⁷⁸
969 5788 1069 5839 lsa.
1102 5802 1211 5850 ut,
1244 5787 1302 5849 i;
1337 5787 1466 5838 Luc.
1503 5801 1575 5849 ιν,
1609 5785 1694 5840 19.
1773 5785 1816 5815 ⁷⁸
1856 5783 1955 5838 Isu.
1995 5801 2115 5852 xu,

2262 5788 2353 5841 iz‘i.
2429 5789 2493 5817 ⁷⁸⁸
2530 5783 2632 5840 isu.
2664 5803 2807 5845 XLIX.
2839 5792 2891 5846 θ.
