4054 6332
264 330 360 385 HS

1348 336 1718 395 ADVERSUS
1755 341 2161 400 NESTORIUM
2204 346 2327 402 LIB.
2371 348 2457 403 lll.

3407 364 3507 419 1M

260 448 666 519 Νενομοθὲτηκε
701 450 797 519 μὲν
828 450 933 521 γὰρ
964 451 1054 503 τὸν
1080 451 1137 518 ὲξ
1170 452 1399 523 αἵματός
1428 473 1486 508 τε
1518 459 1610 511 καὶ
1640 462 1829 527 γένους

1936 478 2125 531 genere
2176 468 2334 522 lsrael
2392 470 2509 522 tulit
2560 469 2701 540 leges
2749 470 2882 526 Novi
2918 475 3289 543 lTestamenti,
3328 484 3511 549 priore

276 541 492 612 Ἰσραὴλ
525 541 623 613 τὴν
672 542 881 612 Καινὴν
926 544 1236 615 Διαθήκην,
1279 546 1684 621 παλαιωθείσης
1732 552 1835 621 τῆς

258 634 507 705 πρώτης·
544 635 782 705 ὲπέφανε
835 635 892 688 δὲ
942 637 1037 690 καὶ
1079 637 1242 709 μέχρι
1288 642 1577 711 τερμάτων
1604 644 1702 715 τῆς
1730 645 1836 697 ὑπ’

255 728 505 798 οὐρανὸν,
542 731 657 791 τοίς
689 728 793 782 ἀνὰ
818 730 999 781 πᾶσαν
1029 730 1213 799 χώραν
1249 748 1308 783 τε
1350 734 1443 785 καὶ
1474 734 1627 788 πόλιν
1656 736 1834 790 ἔθνεσί

256 833 314 867 τε
365 817 459 869 καὶ
512 815 679 881 λαοῖς.
708 818 1191 888 ΙΙροσκεκυνήκασι
1226 820 1334 892 γὰρ
1380 823 1549 893 αὐτῷ,
1583 824 1678 878 καὶ
1728 826 1834 897 μὴν

257 908 353 960 καὶ
403 907 624 962 ἕπονται
675 910 913 979 νοητῶς,
964 912 1263 982 ἀρρήκτοις
1309 916 1529 986 ἀγάπης
1580 919 1834 990 δεσμοῖς,

256 997 510 1070 καθάπερ
539 999 648 1052 τισὶ
678 1001 1022 1069 χειροπέδαις
1050 1004 1234 1074 ἑνισχη
1244 1005 1401 1073 μένα,
1428 1008 1518 1061 καὶ
1551 1012 1834 1080 μονονουχὶ

257 1091 486 1157 λέγοντα
534 1089 594 1142 τὸ
644 1090 732 1145 διὰ
766 1091 951 1161 φωνῆς
992 1094 1289 1165 Ἱερεμίου·
1327 1115 1346 1146 ι
1369 1098 1502 1151 Ἰδοὺ
1532 1100 1640 1153 οἵδε
1673 1104 1834 1173 ήμείς

256 1180 495 1251 ἐσόμεθά
524 1197 624 1245 σοι,
660 1181 742 1234 ὅτι
770 1184 833 1235 σὺ
861 1182 1065 1254 Κύριος
1088 1186 1116 1237 6
1141 1185 1269 1248 Θεὸς
1297 1188 1452 1257 ήμῶν
1478 1186 1545 1243 εἴ.
1577 1192 1750 1263 »Ὅρα
1776 1194 1834 1248 δέ

257 1289 349 1342 μοι
372 1270 480 1324 τῶν
503 1272 856 1342 προφητικῶν
877 1274 1093 1327 ἐννοιῶν
1108 1274 1205 1346 τὴν
1225 1278 1554 1350 ἐγρήγορσιν
1573 1300 1587 1315 ο
1616 1300 1635 1334 ‹
1666 1285 1836 1356 Προσ-

257 1363 554 1433 κυνήσουσί
588 1379 693 1425 σοι,
728 1365 880 1434 φησὶ,
911 1367 1004 1418 καὶ
1037 1368 1094 1419 ὲν
1128 1368 1206 1426 σοὶ
1235 1371 1642 1441 προσεύξονται,
1673 1377 1752 1429 ὃτι
1777 1380 1837 1431 ὲν

259 1460 343 1512 σοὶ
373 1460 506 1522 Θεός
539 1462 676 1521 ἐστι,
709 1461 803 1515 καὶ
831 1462 929 1514 οὐκ
966 1462 1081 1516 ἐστι
1108 1463 1242 1529 Θεὸς
1287 1467 1427 1539 πλήν
1477 1487 1569 1523 σου
1592 1488 1606 1503 ⁸
1647 1490 1667 1525 ι
1715 1474 1834 1547 ⁴ᾔδει

260 1556 360 1622 μὲν
398 1550 491 1608 οὖν
534 1557 1008 1628 ὁμολογουμένως,
1040 1560 1115 1624 ὡς
1156 1565 1600 1637 πνευματοφόρος
1635 1569 1729 1624 τὸν
1770 1573 1837 1625 ὲκ

255 1650 394 1702 Θεοῦ
424 1651 632 1720 Πατρὸς
662 1650 834 1719 Λόγον
864 1654 920 1706 ὲν
951 1655 1079 1723 ἡμῖν
1111 1657 1463 1728 σκηνώσαντα
1488 1659 1596 1731 lla.
1626 1663 1834 1735 σκηνώ-

255 1742 466 1813 σοντα],
500 1743 643 1795 καθά
672 1760 836 1810 φησιν
863 1746 891 1797 6
918 1747 1188 1817 μακάριος
1220 1750 1608 1825 εὐαγγελιστὴς
1647 1756 1833 1810 ’ῐωὰν-

1933 553 2045 622 jam
2088 557 2391 623 antiquato,
2435 558 2611 613 illuxit
2643 560 2803 613 etiam
2834 579 3003 630 usque
3036 567 3100 619 ad
3135 570 3393 624 terminos
3422 588 3510 626 or-

1936 644 2020 697 bis
2064 654 2330 700 terrarum
2381 649 2628 718 gentibus
2678 668 2740 706 ac
2784 656 2995 723 populis
3043 660 3137 727 qui
3191 675 3285 726 per
3322 678 3510 718 omnes

1938 736 2185 803 regiones
2222 749 2277 793 et
2320 742 2482 796 urbes
2525 754 2684 797 erant
2714 763 2727 799 :
2758 762 2880 798 nam
2923 748 3073 802 illum
3118 727 3538 817 adoraveruntﬁ'

1938 835 2104 895 atque
2140 829 2303 882 etiam
2330 830 2647 895 spiritaliter
2679 845 2999 901 sequuntur,
3029 838 3200 895 ﬁrmis
3230 842 3510 897 charitatis

1934 917 2166 973 vinculis
2224 920 2386 974 veluti
2433 922 2751 990 quibusdam
2820 928 3168 994 compedibus
3232 934 3393 997 nexi,
3444 947 3506 987 ac

1935 1011 2323 1077 propemodum
2381 1011 2512 1065 illud
2552 1012 2801 1070 Jeremite
2860 1017 3142 1074 dicentes:
3178 1039 3195 1070 ι
3230 1021 3365 1076 Ecce
3411 1024 3507 1093 ipsi

1935 1113 2036 1153 nos
2084 1102 2289 1155 erimus
2349 1104 2477 1169 tibi,
2535 1106 2657 1172 quia
2714 1116 2767 1159 tu
2828 1107 3086 1164 Dominus
3141 1110 3281 1166 Deus
3328 1125 3510 1168 noster

1933 1204 1994 1244 es
2015 1191 2082 1243 '".
2112 1210 2132 1243 ι
2155 1191 2231 1247 Ac
2246 1194 2383 1254 vide,
2417 1210 2620 1263 quaeso,
2651 1199 3079 1268 prepheticarnm
3103 1205 3497 1258 sententiarum

1934 1281 2289 1351 vigilantiam.
2328 1284 2758 1341 «Curvabuntur
2810 1290 2931 1356 tibi,
2989 1293 3195 1360 inquit,
3246 1304 3301 1347 et
3354 1296 3405 1348 in
3454 1306 3504 1349 te

1937 1371 2265 1435 adorabunt,
2319 1378 2444 1445 quia
2498 1377 2551 1430 in
2589 1387 2637 1431 te
2671 1377 2813 1433 Deus
2841 1391 2945 1444 est,
2991 1392 3045 1436 et
3091 1400 3194 1437 non
3244 1395 3329 1440 est
3369 1385 3510 1441 Deus

1935 1470 2132 1529 praeter
2161 1461 2278 1517 te"
2307 1482 2320 1518 :
2356 1483 2375 1515 ι
2412 1481 2535 1517 nam
2570 1475 2626 1520 ut
2658 1468 2847 1537 spiritu
2875 1469 3164 1526 instinctus
3189 1484 3339 1528 certo
3369 1477 3508 1531 scie-

1934 1549 2045 1616 bat,
2099 1549 2191 1605 Dei
2238 1551 2413 1609 Patris
2454 1555 2687 1610 Verbum
2737 1559 2789 1611 in
2837 1561 2991 1614 nobis
3026 1562 3412 1632 habitaturum,
3451 1576 3509 1618 ut

1934 1641 2111 1712 inquit
2150 1643 2340 1698 beatus
2368 1647 2697 1714 evangelista
2726 1646 2962 1704 Joannes
2982 1651 3068 1718 7’;
3105 1652 3205 1705 hac
3247 1655 3311 1708 de
3344 1670 3506 1709 causa

1936 1735 2055 1788 ait:
2093 1753 2111 1784 ι
2143 1736 2196 1787 In
2247 1746 2298 1788 te
2334 1737 2478 1794 Deus
2521 1746 2626 1802 est,
2679 1757 2696 1789 ›
2754 1754 2926 1808 neque
2974 1750 3151 1797 tamen
3203 1758 3391 1811 passus
3425 1757 3509 1800 est

254 1851 383 1902 νης·
413 1811 585 1905 ταύτῃ
613 1834 695 1885 τοί
729 1811 1013 1905 φησινξότι
1053 1811 1185 1891 (Ἑν
1208 1842 1289 1893 σοὶ
1311 1811 1446 1906 Θεὸς
1472 1811 1616 1898 ἐστι·
1650 1865 1668 1898 ι
1696 1847 1835 1917 πλὴν

1940 1826 2345 1881 Emmanuelem
2378 1828 2430 1881 in
2456 1829 2559 1882 duo
2583 1829 2780 1899 dividi;
2812 1832 2902 1886 sed
2928 1836 3174 1901 quamvis
3198 1835 3287 1889 ille
3321 1835 3509 1906 linige-

253 1928 357 1979 οὔκ
389 1928 469 1989 εἰς
512 1926 605 1979 δύο
636 1925 927 1995 τέμνεσθαι
956 1928 1125 1993 Θεοὺς
1158 1933 1545 2004 συγκεχώρηκε
1574 1937 1664 1990 τὸν
1703 1939 1837 2008 Ἐμ-

256 2018 499 2089 μανουήλ
518 2034 533 2048 °
563 2018 677 2070 ἀλλ’
701 2020 750 2071 εί
779 2020 872 2072 καὶ
899 2019 1120 2089 γέγονεν
1140 2022 1236 2077 ἀνθ
1245 2042 1427 2095 ρωπος
1454 2029 1481 2079 6
1502 2028 1834 2101 Μονογενὴς,

250 2112 353 2162 ἱνα
374 2109 468 2162 καὶ
490 2108 665 2173 οὕτως
690 2109 959 2180 ὡμολόγει
988 2112 1151 2165 πάλιν
1179 2113 1340 2167 αὐτόν
1359 2131 1372 2144 ·
1397 2118 1491 2169 καὶ
1516 2116 1646 2184 γοῦν
1672 2119 1835 2185 εὐθὺς

252 2203 740 2272 ¹ιτροονεειτήνεγκεν,
789 2204 870 2255 ὅτι
926 2222 943 2253 ι
975 2204 1089 2256 Οὐκ
1127 2203 1242 2256 ἔστι
1292 2204 1425 2269 Θεὸς
1473 2207 1612 2278 πλὴν
1663 2210 1778 2263 σοῦ.
1811 2231 1829 2262 ι

263 2292 549 2361 Ἐπιτήρει
590 2290 699 2362 γὰρ
731 2292 973 2363 ἀκριϐῶς
1016 2292 1117 2362 τὴν
1154 2294 1250 2346 τοῦ
1295 2296 1573 2367 προφήτου
1625 2303 1831 2372 φωνήν,

252 2383 722 2455 Προσηγορευκὼς
741 2384 873 2454 γὰρ,
887 2384 961 2447 ὼς
983 2384 1139 2455 ἔφην,
1160 2387 1241 2438 ὅτι
1258 2388 1344 2439 Ἑν
1364 2389 1444 2441 σοὶ
1469 2392 1496 2443 6
1510 2390 1640 2454 Θεός
1664 2393 1831 2460 ἐστιν,

250 2476 316 2527 οεί
354 2474 763 2545 προστέθεικεν,
793 2476 874 2527 ὅτι
903 2476 1011 2528 Καὶ
1047 2477 1146 2530 οὐκ
1176 2476 1290 2532 ἔστι
1320 2478 1450 2544 Θεὸς
1485 2481 1625 2554 πλὴν
1655 2483 1747 2537 τοῦ
1776 2486 1835 2537 ὲν

252 2568 363 2632 σοι,
397 2566 512 2620 ἀλλ’
546 2569 627 2630 εἰς
677 2567 902 2637 ἑνότητα
950 2568 1283 2635 συνενεγκὼν
1318 2573 1688 2646 οίκονομικὴν,
1721 2577 1834 2629 Οὐκ

248 2659 390 2723 ἔστι,
420 2658 575 2728 φησὶ,
607 2658 741 2721 Θεὸς
788 2658 927 2727 πλὴν
975 2657 1092 2713 σοῦ.
1124 2660 1246 2712 Ὀτι
1271 2661 1327 2714 δὲ
1354 2662 1638 2732 ἄνθρωπος
1677 2650 1834 2734 γεγό-

248 2750 360 2812 νὼς
393 2751 421 2801 6
450 2749 746 2819 μονογενὴς
774 2749 867 2801 τοῦ
902 2749 1036 2802 Θεοῦ
1065 2751 1256 2819 Λόγος,
1278 2752 1365 2806 διὰ
1390 2755 1569 2825 πάσης
1592 2758 1687 2826 τῆς
1715 2757 1834 2811 θεο-
1863 2738 1874 2749 ⁸

249 2839 520 2893 πνεύστου
567 2839 812 2911 Γραφῆς,
852 2836 927 2905 ὡς
981 2842 1111 2906 ἔπος
1155 2845 1347 2907 εἰπεῖν,
1384 2848 1831 2914 καταγγέλλεται,

246 2930 340 2981 διὰ
359 2929 624 2981 πλείστων
650 2929 748 2999 μὲν
774 2930 914 2983 ὅσων
934 2931 1141 2984 ἀκονιτὶ
1166 2934 1473 3000 καταδεῖξαι
1499 2938 1627 3007 ῥᾷον
1649 2954 1660 2966 ’
1688 2940 1795 2991 ἀπό

248 3034 357 3087 χρη
393 3016 471 3083 δὲ,
504 3011 678 3087 οἶμαι,
712 3017 850 3087 πρὸς
886 3020 946 3072 τὸ
964 3020 1136 3090 παρὸν
1155 3022 1331 3075 ἐκεῖνο
1352 3026 1702 3097 είπείν.Ἒφη
1724 3028 1834 3096 γάρ

250 3125 357 3161 που
386 3108 518 3172 Θεὸς
544 3108 678 3178 πρὸς
702 3108 792 3162 τὸν
816 3110 1085 3182 μακάριον
1110 3112 1272 3165 Δαϐίδ
1293 3130 1306 3140 ·
1346 3132 1364 3165 ι
1393 3116 1501 3168 Καὶ
1545 3115 1833 3187 ἀναστήσω

247 3201 319 3251 ὲκ
338 3198 433 3252 τοῦ
456 3199 767 3270 σπέρματός
789 3217 882 3253 σου
912 3202 1048 3271 μετά
1073 3202 1152 3266 σὲ,
1169 3202 1227 3266 ὅς
1251 3202 1404 3256 ἔσται
1426 3206 1489 3257 ὲκ
1509 3207 1606 3275 τῆς
1624 3208 1832 3272 κοιλίας

250 3310 351 3345 σου
371 3309 385 3322 ·
411 3292 505 3345 καὶ
524 3293 797 3363 ἑτοιμάσω
819 3293 915 3365 τὴν
932 3295 1207 3364 βασιλείαν
1229 3296 1393 3349 αὐτοῦ
1411 3313 1428 3330 ο
1450 3298 1610 3362 αὐτὸς
1631 3301 1834 3355 οἰκοδο-

250 3384 420 3453 μήσει
445 3379 592 3436 οἷκον
606 3384 685 3454 τῷ
706 3383 928 3454 ὀνόματί
956 3402 1078 3455 μου.
1101 3387 1209 3440 Καὶ
1225 3388 1515 3458 ἀνορθώσω
1534 3390 1623 3443 τὸν
1647 3391 1837 3463 θρόνον

247 3475 420 3529 αὐτοῦ
442 3476 546 3538 ἕως
568 3478 646 3540 εἰς
669 3477 759 3529 τὸν
778 3475 969 3533 αἰῶνα.
984 3479 1094 3531 Καὶ
1114 3476 1225 3545 ἐγὼ
1243 3478 1433 3549 ἔσομαι
1459 3481 1606 3553 αὑτῷ
1625 3484 1705 3545 είς
1724 3484 1835 3536 [Ια-

246 3568 520 3638 τέρα,καὶ
542 3568 703 3630 αὐτὸς
727 3567 879 3621 ἔσται
898 3584 987 3637 μοι
1006 3570 1085 3631 είς
1111 3568 1256 3622 Υἱόν.
1272 3589 1291 3620 ι
1311 3570 1473 3635 Ἀλλ’,
1499 3566 1673 3640 οἶμαι,
1700 3574 1831 3644 φαίη

247 3676 337 3721 τις
364 3658 452 3719 ἂν,
471 3658 571 3712 οὐκ
596 3660 688 3712 ὲπί
716 3676 781 3728 γε
798 3658 1528 3733 τῷ,Ἐμμανουὴλ,είρῆσθαι
1553 3663 1609 3717 δὲ
1634 3664 1836 3734 μᾶλλον

247 3752 346 3803 ἐπὶ
384 3750 690 3821 Σολομῶντι
720 3751 897 3809 ταυτί.
932 3751 1143 3814 Παῦλός
1172 3769 1233 3820 γε
1267 3753 1371 3825 μὴν
1420 3757 1447 3807 6
1484 3755 1820 3824 σοφώτατος,

245 3842 366 3903 τοῖς
411 3839 585 3903 οὕτως
633 3840 875 3894 ἐθέλουσι
933 3842 1095 3905 νοεῖν,
1149 3842 1489 3906 ἀντιτάξεται
1548 3847 1831 3913 γεννικῶς,

244 3931 470 4001 δέχεται
496 3932 605 4002 γὰρ
628 3931 721 3984 ἐπὶ
746 3931 965 4003 Χριστῷ
993 3934 1091 3997 τὰς
1120 3934 1332 4002 φωνάς’
1364 3935 1456 3988 καὶ
1494 3935 1655 3989 αὑτὸν
1689 3934 1833 3991 εἶναί

249 4040 387 4091 φησι
429 4024 567 4094 πρὸς
600 4023 658 4076 ὃν
696 4024 910 4094 εἴρηται
948 4026 1102 4096 παρὰ
1132 4023 1225 4078 τοῦ
1275 4025 1409 4078 Θεοῦ
1454 4027 1548 4080 καὶ
1588 4028 1822 4099 Πατρὸς,

245 4117 334 4168 ὅτι
372 4115 642 4184 ιἚσομαι
664 4116 813 4186 αὐτῷ
836 4118 913 4179 είς
942 4117 1183 4187 Πατέρα,
1227 4117 1323 4171 καὶ
1358 4117 1520 4183 αὐτὸς
1554 4118 1705 4174 ἔσται
1742 4139 1833 4192 μοι

248 4206 331 4269 ti,
384 4205 532 4259 Υἱόν.
563 4225 581 4258 ι
616 4206 739 4260 Ὅτι
781 4207 838 4261 δὲ
885 4207 1006 4262 καθ’
1044 4210 1193 4278 ἡμᾶς
1245 4208 1504 4285 γεγονὼς,
1556 4212 1833 4266 τουτέστιν

250 4299 562 4369 ἄνθρωπος,
603 4300 977 4370 ἱερουργήσειν
1008 4298 1204 4369 ἔμελλε
1243 4300 1320 4371 τῷ
1360 4300 1478 4372 Θεῷ
1509 4303 1601 4355 καὶ
1631 4304 1827 4376 Ila-cpt,

250 4388 343 4440 διὰ
395 4389 493 4457 τῆς
546 4389 625 4449 είς
673 4387 833 4441 αὐτὸν
888 4388 1124 4453 πίστεως
1180 4391 1530 4462 σεσωσμένην
1579 4393 1678 4462 τὴν
1740 4395 1830 4447 ὑπ’

1938 1920 2080 1973 nitus
2116 1921 2188 1974 sit
2211 1920 2381 1975 factus
2411 1923 2592 1987 homo,
2626 1922 2705 1976 sic
2733 1938 2946 1991 quoque
2980 1940 3143 1977 unum
3172 1942 3360 1981 rursus
3386 1943 3503 1982 esse

1937 2011 2227 2077 fatebatur,
2271 2013 2498 2081 ideoque
2550 2015 2730 2069 intulit
2772 2017 2953 2069 statim
2986 2034 3001 2070 :
3037 2036 3055 2067 ι
3090 2016 3206 2071 Νυιι
3242 2028 3325 2071 est
3367 2019 3506 2073 Deus

1936 2114 2130 2173 praeter
2172 2116 2243 2159 te.
2279 2125 2297 2155 ›
2335 2106 2576 2159 Observa
2626 2122 2858 2175 namque
2904 2108 3190 2177 diligenter
3234 2111 3505 2179 prophetae

1936 2213 2120 2249 vocem
2147 2216 2160 2252 :
2185 2214 2304 2251 cum
2334 2198 2501 2260 enim,
2532 2207 2589 2250 ut
2624 2199 2755 2263 dixi,
2784 2199 3045 2253 allocutus
3073 2210 3217 2254 esset
3249 2218 3369 2255 eum
3420 2204 3504 2256 his

1934 2288 2115 2341 verbis
2145 2307 2157 2341 :
2193 2308 2209 2339 ι
2259 2288 2313 2341 ιιι
2345 2301 2397 2341 te
2443 2301 2524 2342 est
2574 2287 2752 2355 Deus;
2781 2308 2799 2339 ι
2849 2306 2953 2343 non
3002 2290 3194 2357 adjecit
3230 2311 3243 2345 :
3276 2290 3387 2344 Non
3423 2304 3507 2347 εει

1936 2379 2076 2433 Dens
2108 2393 2304 2449 praeter
2338 2381 2487 2434 illum
2540 2381 2629 2450 qui
2673 2392 2755 2435 est
2797 2382 2846 2435 in
2896 2394 2966 2444 te,
3016 2383 3109 2436 sed
3157 2384 3208 2435 in
3246 2385 3509 2438 unitatem

1943 2471 2400 2539 dispensatoriatn
2446 2473 2819 2541 conjungendo
2845 2492 2859 2527 :
2889 2492 2905 2522 ‹
2939 2471 3053 2526 Νοιι
3095 2484 3179 2525 est
3217 2473 3399 2539 Deus,.
3424 2478 3504 2527 in-

1936 2560 2071 2627 quit,
2106 2570 2303 2625 praeter
2333 2570 2404 2614 te.
2436 2581 2452 2613 ι
2501 2562 2668 2615 Porro
2702 2562 3034 2629 unigenitum
3088 2561 3215 2614 illud
3246 2561 3334 2614 Dei
3379 2559 3518 2615 νει-ι

1933 2651 2059 2706 bna
2094 2653 2363 2706 hominem
2400 2653 2626 2717 factum,
2659 2669 2753 2721 per
2776 2667 2963 2707 omnes
2986 2652 3243 2707 divinitus
3280 2654 3511 2722 inspira-

1935 2752 2001 2795 t:e
2040 2743 2333 2812 Scriptura:
2367 2743 2599 2807 litteras,
2636 2752 2692 2796 ut
2719 2742 2793 2796 ita
2834 2743 3030 2807 (licam,
3053 2744 3358 2812 praedicari,
3390 2761 3509 2813 per-

1935 2832 2093 2888 facile
2142 2841 2224 2888 est
2277 2834 2688 2902 quamplurimis
2752 2834 2886 2887 locis
2936 2836 3255 2900 osmndere,
3307 2838 3400 2891 sed
3444 2839 3509 2891 ad

1935 2941 2172 2995 prmsens
2204 2926 2332 2980 illud
2371 2927 2574 2980 dixisse
2614 2925 2745 2979 satis
2781 2925 2904 2979 erit.
2937 2924 3078 2979 Dixit
3107 2929 3247 2981 enim
3280 2929 3416 2982 Deus
3443 2931 3517 2983 ad»

1935 3023 2149 3076 beatum
2192 3021 2357 3075 David
2389 3039 2402 3074 :
2433 3041 2449 3072 ι
2484 3020 2551 3074 Ει
2593 3020 2869 3074 suscitabo
2903 3021 2970 3073 de
3021 3022 3225 3077 semine
3258 3033 3348 3076 tuo
3390 3035 3514 3090 post

1936 3123 2010 3177 te,
2050 3115 2140 3183 qui
2185 3115 2291 3169 erit
2333 3114 2399 3168 de
2432 3124 2620 3166 ventre
2666 3120 2777 3175 tuo,
2823 3122 2878 3166 et
2921 3114 3233 3181 prmparabo
3287 3130 3509 3183 regnum

1938 3206 2053 3274 ejus
2090 3225 2103 3260 :
2133 3206 2245 3271 ipse
2280 3205 2568 3260 azdiﬁcabit
2613 3204 2830 3258 domum
2871 3205 3073 3259 nomini
3110 3219 3266 3259 meo:
3303 3217 3357 3259 et
3396 3208 3508 3259 eri-

1938 3312 2060 3366 gam
2105 3297 2299 3350 solium
2331 3295 2447 3364 ejus
2479 3309 2646 3362 usque
2676 3295 2727 3347 in
2778 3295 3032 3348 smculum
3066 3313 3078 3347 :
3111 3304 3164 3348 et
3196 3311 3294 3363 ego
3330 3310 3423 3350 ero
3457 3297 3508 3349 ei

1938 3388 1989 3442 in
2014 3387 2250 3451 Patrem,
2270 3396 2323 3440 et
2346 3386 2461 3454 ipse
2487 3386 2591 3439 erit
2613 3386 2741 3438 mihi
2762 3386 2814 3438 in
2842 3384 3036 3439 Filium
3056 3387 3122 3438 ⁸ο.
3157 3405 3174 3437 ι
3207 3387 3313 3440 Sed
3341 3388 3506 3453 dicet,

1936 3479 2162 3547 opinor,
2206 3478 2421 3547 aliquis,
2458 3478 2571 3531 haec
2608 3492 2711 3531 non
2740 3478 2792 3530 in
2836 3477 3263 3541 Emmanuelem,
3317 3481 3409 3533 sed
3457 3482 3513 3534 in

1939 3569 2048 3641 63
2105 3568 2447 3623 Salomonem
2493 3569 2634 3621 dicta
2686 3567 2872 3626 fuisse.
2921 3568 3023 3623 Sed
3079 3570 3263 3624 beatus
3314 3569 3512 3625 Paulus

1937 3661 2252 3716 hominibus
2291 3662 2362 3714 ita
2399 3660 2761 3714 sentientibus
2793 3669 3015 3714 strenue
3041 3660 3288 3724 obsistet,
3320 3661 3408 3729 qui
3446 3663 3510 3711 de

1934 3753 2155 3809 Christo
2190 3752 2288 3805 has
2319 3766 2480 3806 voces
2512 3752 2729 3820 accipit,
2768 3752 3048 3820 ipsumque
3078 3768 3200 3806 esse
3229 3753 3423 3806 asserit
3456 3754 3507 3805 in

1934 3859 2093 3915 quem
2130 3845 2332 3898 dictum
2362 3845 2431 3899 sit
2460 3860 2488 3896 a
2523 3844 2630 3897 Deo
2659 3854 2713 3898 et
2745 3842 2905 3897 Patre
2935 3861 2947 3897 :
2986 3863 3005 3895 ‹
3045 3842 3152 3897 Ero
3183 3842 3255 3897 illi
3301 3844 3353 3897 in
3408 3842 3509 3896 Pa—

1937 3948 2093 4001 trem,
2140 3945 2194 3991 et
2245 3937 2358 4004 ipse
2404 3936 2509 3989 erit
2562 3935 2691 3989 mihi
2751 3934 2804 3988 in
2857 3935 3051 3988 Filium
3078 3934 3146 3991 ⁸³.
3178 3954 3197 3986 ι
3248 3934 3508 3989 Eumdetn

1934 4046 2098 4100 porro
2126 4029 2297 4083 nostri
2326 4027 2557 4082 similem
2588 4027 2810 4091 factum,
2845 4027 2897 4081 id
2926 4035 3029 4093 est,
3056 4025 3353 4091 hominem,
3387 4025 3503 4081 fore

1936 4131 1994 4175 ut
2028 4120 2135 4173 Deo
2181 4129 2234 4173 et
2284 4118 2430 4172 Patri
2486 4117 2819 4171 sacrilicaret
2867 4116 3051 4169 orbem
3102 4124 3370 4169 terrarum
3415 4129 3509 4183 per

1936 4212 2097 4266 fidem
2140 4213 2191 4266 in
2227 4226 2285 4266 se
2319 4210 2657 4263 credentium
2697 4207 2982 4274 salvatum,
3016 4207 3311 4262 declaravit
3353 4207 3505 4269 alibi,

1937 4302 2125 4357 dicens
2166 4317 2179 4354 :
2218 4320 2236 4351 ι
2268 4300 2335 4355 Ει
2382 4298 2654 4353 suscitabo
2706 4296 2835 4350 mihi
2884 4296 3226 4350 sacerdotem
3273 4296 3506 4358 fidelem,

1935 4392 2027 4462 qui
2063 4392 2245 4447 omnia
2283 4405 2399 4459 quae
2428 4398 2556 4442 sunt
2592 4389 2644 4441 in
2675 4385 2841 4439 corde
2872 4393 2928 4438 et
2962 4386 3140 4439 anima
3176 4399 3296 4440 mea
3327 4385 3503 4448 faciet,

248 4480 503 4551 οὐρανὸν,
540 4480 781 4548 διεσάφει
808 4480 980 4549 λέγων
1006 4484 1064 4535 ὲν
1087 4482 1294 4553 ἑτέροις
1318 4500 1331 4512 ’
1373 4504 1390 4536 ι
1412 4487 1521 4539 Καὶ
1541 4487 1833 4558 ἀναστήσω

1936 4492 1991 4537 et
2031 4481 2309 4536 aediﬁcabo
2338 4481 2387 4534 ei
2427 4480 2643 4533 domum
2695 4476 2928 4540 ﬁdelem,
2982 4485 3038 4530 et
3092 4476 3341 4530 transibit
3383 4486 3507 4530 ante

248 4571 482 4641 ἐμαυτῷ
538 4571 689 4641 ἱερέα
728 4572 935 4637 πιστὸν,
980 4572 1038 4636 ὃς
1089 4574 1263 4629 πάντα
1314 4576 1383 4629 τὰ
1431 4577 1489 4630 ὲν
1528 4581 1594 4649 τῇ
1636 4580 1833 4652 καρδίᾳ

251 4679 381 4733 μου,
408 4661 504 4713 καὶ
532 4663 589 4713 ὲν
621 4664 687 4732 τῇ
735 4662 879 4733 ψυχῇ
926 4680 1026 4733 μου
1062 4665 1309 4736 ποιήσει’
1360 4667 1450 4720 καὶ
1492 4669 1832 4740 οἰκοδομήσω

247 4751 405 4821 αὐτῷ
455 4746 601 4805 οἷκον
650 4754 839 4805 πιστόν
867 4770 879 4781 ·
933 4755 1030 4807 καὶ
1076 4756 1409 4811 διελεύσεται
1453 4758 1682 4813 ἐνώπιόν
1732 4778 1833 4833 μου

247 4846 437 4906 πάσας
482 4842 580 4906 τὰς
631 4844 904 4915 ἡμέρας.»
947 4845 1135 4918 Ἀθρει
1175 4848 1237 4919 δή
1291 4866 1380 4920 μοι
1437 4850 1622 4914 πάλιν,
1654 4850 1729 4915 ὼς
1778 4854 1834 4905 ὲν

250 4935 467 5004 ἑτέροις
501 4933 691 4997 εἰπὼν,
732 4954 749 4985 ‹
780 4929 947 5000 Οὗτος
981 4937 1322 5009 οἰκοδομήσει
1358 4935 1504 4994 οἶκον
1520 4941 1596 5011 τῷ
1613 4941 1837 5012 ὀνόματί

254 5042 385 5095 μου,
419 5042 437 5073 ι
475 5022 553 5092 τῷ
590 5023 705 5093 Υἰῷ
735 5024 827 5078 τὸν
856 5020 1005 5078 οἶκον
1037 5028 1276 5098 ἐγείρειν
1298 5030 1326 5081 6
1356 5030 1544 5102 Πατὴρ
1570 5031 1837 5099 ἐπαγγέλ-

245 5106 425 5168 λέται.
458 5116 567 5167 Καὶ
596 5114 755 5167 τοῦτο
788 5115 963 5181 συνεὶς
985 5118 1013 5170 6
1043 5116 1327 5184 θεσπέσιος
1353 5122 1584 5187 Παῦλος,
1627 5125 1831 5179 Μωσέα

252 5207 357 5276 μὲν
400 5205 503 5276 ἔφη
539 5206 731 5259 πιστὸν
771 5208 829 5259 ὲν
862 5208 967 5278 ὅλῳ
1010 5211 1263 5277 γενέσθαι
1306 5212 1386 5283 τῷ
1442 5213 1575 5284 οἴκῳ
1612 5232 1734 5284 μου,
1772 5216 1835 5269 τὸ

248 5298 524 5350 οἰκετικὸν
563 5296 752 5367 ἔχοντα
785 5300 1001 5370 μέτρον,
1050 5303 1284 5372 Χριστόν
1328 5322 1392 5371 γε
1436 5306 1541 5377 μὴν
1589 5307 1664 5371 ὡς
1706 5309 1833 5361 Υίὸν

251 5390 348 5441 ἐπὶ
379 5388 469 5441 τὸν
517 5384 666 5442 οῐκον
711 5390 896 5451 αὑτοῦ,
932 5386 992 5445 οὗ
1030 5389 1176 5458 οἶκος
1205 5396 1369 5466 ἐσμὲν
1409 5400 1586 5469 ἡμεῖς.
1622 5400 1833 5468 Τρόπος

253 5482 313 5533 δὲ
357 5479 459 5550 τῆς
504 5482 814 5553 ἱερουργίας
860 5482 1029 5554 αὐτῷ,
1073 5484 1143 5537 τὰ
1188 5487 1309 5542 καθ’
1332 5490 1504 5561 ἡμᾶς·
1557 5491 1653 5560 οὐχ
1693 5485 1831 5560 αἷμα

328 5664 375 5695 "
405 5663 606 5720 Jerem.
636 5683 718 5731 ιιι,
741 5668 833 5723 22.
908 5670 952 5702 '"
980 5669 1081 5723 lsa.
1113 5685 1235 5732 ην,
1272 5669 1355 5723 14.
1434 5669 1478 5698 τ’
1508 5668 1660 5724 Joan.
1688 5685 1703 5722 ι
1728 5709 1741 5728 .
1772 5666 1854 5721 Η.

328 5776 334 5788 .
414 5736 457 5767 ⁸³
492 5735 509 5790 l
548 5735 679 5793 Rex.
710 5754 770 5793 ιι.
795 5738 881 5793 55.
994 5740 1040 5771 ⁸³
1074 5738 1114 5793 Il
1150 5739 1281 5793 Rea.
1310 5755 1345 5793 ι.
1379 5739 1462 5793 15.
1539 5740 1581 5769 ⁸⁸
1614 5738 1778 5793 Hebr.
1808 5755 1884 5793 ιιι.
1912 5737 1943 5790 2

1539 5745 1581 5769 ⁸⁵
1614 5745 1778 5793 Hebr.
1808 5755 1884 5798 ιιι.
1912 5745 1964 5790 2.

280 5735 334 5789 5.
414 5736 457 5767 ⁸³
492 5735 509 5790 l
548 5735 679 5805 Reg.
710 5754 770 5804 ιι,
795 5738 881 5795 55.
994 5740 1040 5771 ⁸³
1074 5738 1114 5793 Il
1150 5739 1281 5805 Reg.
1310 5755 1345 5801 ι.
1379 5739 1462 5793 15.

1936 4590 2023 4630 me
2069 4572 2321 4628 omnibus
2363 4571 2554 4625 diebus
2579 4571 2645 4622 θ’.
2689 4588 2708 4621 ι
2740 4567 2860 4623 Jam
2902 4568 3029 4622 illud
3068 4583 3249 4637 quaeso
3290 4582 3503 4620 rursum

1935 4664 2239 4727 considera,
2274 4663 2416 4733 quod
2464 4676 2585 4715 cum
2619 4660 2745 4713 alibi
2780 4660 3007 4714 dixisset
3036 4677 3051 4714 :
3086 4677 3104 4709 ι
3138 4658 3235 4712 llic
3274 4656 3506 4712 aediﬁca-

1937 4757 2015 4810 hit
2050 4758 2266 4810 domum
2323 4754 2525 4809 nomini
2584 4769 2705 4808 meo
2728 4753 2794 4819 ⁸³,
2825 4772 2844 4804 ι
2894 4751 3029 4806 Filio
3072 4763 3247 4806 tamen
3285 4752 3502 4805 domum

1937 4857 2249 4901 erecturum
2283 4862 2340 4901 se
2361 4844 2521 4899 Pater
2547 4845 2829 4915 pollicetur
2859 4862 2872 4897 :
2906 4846 3048 4914 quod
3085 4859 3204 4898 cum
3239 4843 3501 4913 intellige-

1937 4947 2023 4994 ret
2066 4940 2255 4993 beatus
2287 4937 2485 4992 Paulus
2506 4935 2576 5001 “,
2612 4935 2789 4989 Mosen
2839 4935 3055 5004 quidem
3090 4933 3297 4986 ﬁdelem
3340 4932 3505 4986 fuisse

1939 5033 2068 5087 dicit
2112 5032 2164 5085 in
2197 5039 2307 5085 tota
2340 5034 2499 5084 domo
2532 5043 2674 5093 mea,
2712 5026 2854 5094 quod
2901 5024 3221 5079 famulorum
3262 5024 3503 5077 ordinem

1937 5138 2000 5178 ac
2044 5138 2353 5177 mensuram
2407 5130 2646 5186 teneret;
2699 5118 2972 5174 Christum
3023 5130 3153 5169 vero
3205 5126 3263 5168 ut
3312 5114 3503 5168 Filium

1936 5230 2100 5285 super
2125 5215 2339 5269 domum
2366 5213 2507 5282 ejus,
2539 5215 2693 5282 cujus
2723 5212 2913 5266 domus
2940 5223 3126 5263 sumus
3154 5221 3270 5261 nos.
3311 5205 3499 5258 Forma

1936 5315 2113 5360 autem
2145 5306 2263 5374 ejus
2300 5303 2549 5358 sacriﬁcii
2598 5318 2685 5357 res
2718 5311 2915 5355 nostra:
2960 5309 3104 5362 sunt,
3138 5312 3240 5351 non
3287 5298 3504 5363 sanguis

1937 5406 2211 5450 taurorum
2248 5406 2304 5450 et
2332 5393 2644 5456 vitulorum,
2677 5393 2767 5446 sed
2794 5390 3031 5444 omnium
3071 5390 3347 5443 hominum
3381 5387 3500 5441 ﬁdei

1936 5487 2206 5543 confessio
2240 5505 2251 5540 :
2292 5486 2451 5555 idque
2485 5486 2768 5540 conﬁrmat
2798 5484 2987 5539 beatus
3028 5480 3226 5535 Paulus
3268 5480 3393 5535 item
3426 5483 3502 5535 sic

1952 5669 1994 5698 "°
2033 5667 2070 5724 ΙΙ
2105 5669 2231 5739 Reg.
2264 5683 2353 5731 \‘It.
2388 5667 2581 5732 12,15.
2686 5664 2727 5696 ⁸⁸
2767 5661 2808 5717 ΙΙ
2845 5662 2973 5732 Reg.
3003 5677 3093 5727 \‘tt,
3138 5663 3233 5733 li};
3271 5660 3429 5716 Hebr.
3463 5679 3498 5723 ι,
