4054 6332
543 298 643 355 113

1518 301 1577 356 S.
1621 299 1897 357 CYlllLLl
1936 298 2411 357 ALEXANDRINI
2450 300 2771 358 ARCIlIvEP.

3684 298 3789 352 HG

540 420 827 475 scribens:
864 438 885 472 ι
916 417 1098 487 Unde,
1145 420 1340 475 fratres
1380 423 1576 485 sancti,
1609 422 1910 476 vocationis
1958 421 2114 477 cmic-

2224 423 2443 493 ταύρων
2474 422 2569 476 καὶ
2618 421 2851 491 μόσχων,
2892 416 3005 471 ἀλλ’
3049 416 3082 486 ἡ
3119 414 3219 485 τῆς
3256 413 3511 469 ἁπάντων
3552 414 3790 479 πίστεως

541 510 638 564 stis
667 509 978 579 participes,
1004 511 1343 566 considerate
1366 512 1681 580 Apostolnm
1706 522 1761 567 et
1787 511 2101 566 Pontiﬁcem

2214 515 2487 588 ὁμολογία.
2545 512 2658 566 Καὶ
2701 509 3033 564 πιστώσεται
3079 507 3241 561 πάλιν
3284 506 3382 559 ὡδὶ
3426 504 3722 577 γεγραφὼς
3759 506 3791 558 6

540 602 897 657 confessionis
921 612 1118 656 nostra:
1150 601 1354 667 Jesum,
1390 604 1479 673 qui
1514 604 1689 657 ﬁdelis
1713 613 1795 657 est
1821 604 1869 656 ei
1898 602 1987 671 qui
2023 602 2095 656 fe-

541 692 617 746 cit
652 693 795 746 illum
814 694 881 748 ⁸⁸.
915 712 935 745 ι
968 694 1143 761 ipsum
1189 694 1353 764 igitur
1382 697 1675 749 asserimus
1705 711 1771 749 ex
1810 694 1919 747 Deo
1948 696 2107 750 Patre

546 782 782 838 Verbum
811 800 933 839 cum
967 796 1186 855 accepta
1219 786 1363 841 servi
1402 788 1574 840 forma
1612 796 1834 855 propter
1869 800 1966 840 nos
1991 785 2107 839 exi-

544 874 759 928 nanitus
800 889 921 929 esse
965 876 1187 943 dicitur,
1235 885 1344 929 tum
1379 875 1445 928 ad
1501 876 1852 931 humanitatis
1892 889 2107 944 quoque

544 977 848 1019 mensuram
902 965 1138 1033 seipsum
1177 964 1461 1041 deiecisse,
1504 967 1588 1020 cui
1626 980 1892 1020 mensura:
1920 980 2110 1020 conse-

541 1063 771 1120 quenter
812 1056 1098 1110 admodum
1150 1057 1422 1117 convenit.
1472 1064 1530 1110 ut
1567 1057 1764 1111 missus
1797 1070 1919 1111 esse
1956 1066 2111 1125 pute-

544 1152 650 1206 tur,
681 1153 734 1199 et
760 1145 935 1213 ipsum
974 1146 1091 1214 ejus
1130 1146 1457 1202 sacriﬁcium
1489 1148 1724 1217 supremi
1766 1147 1907 1203 illius
1935 1147 2109 1203 bono-

546 1235 617 1288 ris
643 1237 795 1304 quasi
820 1238 1135 1293 conciliator
1160 1240 1375 1308 quidam
1406 1240 1767 1294 existimetur.
1797 1238 1929 1293 Nam
1961 1240 2005 1294 si
2029 1239 2109 1293 ia-

542 1338 665 1380 ctus
718 1329 890 1383 nostri
948 1330 1162 1395 similis,
1214 1332 1457 1384 adoravit
1500 1331 1779 1386 nobiscum
1818 1342 1876 1385 ut
1928 1331 2108 1396 homo,

542 1420 789 1484 quamvis
842 1420 1029 1475 adoret
1070 1421 1242 1490 ipsum
1286 1423 1375 1475 illa
1411 1438 1642 1492 superna
1694 1434 2113 1491 sanctorumque

542 1508 833 1577 spirituum
887 1511 1212 1575 multitudo,
1259 1528 1381 1565 cum
1442 1513 1509 1568 de
1555 1514 1647 1567 illo
1698 1514 1873 1569 Moses
1920 1514 2109 1567 dicat:

550 1616 569 1648 ι
599 1595 903 1664 Laetamini,
923 1600 1066 1665 cceli,
1096 1600 1257 1654 simul
1286 1617 1406 1655 cum
1438 1603 1553 1669 ipso
1571 1603 1637 1667 ⁸⁸,
1661 1612 1713 1657 et
1741 1602 1964 1656 adorent
1988 1616 2110 1656 cum

545 1702 735 1741 omnes
764 1688 858 1743 lilii
895 1689 987 1744 Dei
1010 1690 1091 1755 ";
1124 1710 1143 1742 ι
1184 1693 1315 1761 quid
1350 1708 1569 1759 novum,
1600 1703 1654 1748 et
1686 1708 1716 1747 a
1752 1694 2113 1763 dispensatio-

2211 607 2482 679 μακάριος
2523 602 2735 663 Παῦλος
2755 617 2770 632 ·
2802 618 2821 651 ι
2843 598 3033 661 Ὅθεν,
3062 597 3284 667 ἀδελφοὶ
3338 597 3505 665 ἀγιοι,
3543 596 3791 666 κλήσεως

2188 695 2537 767 ηὲπουρανίου
2587 693 2829 763 μέτοχοι,
2879 691 3257 760 κατανοήσατε
3313 688 3405 741 τὸν
3466 686 3790 741 ’Δπόστολον

2208 792 2305 845 καὶ
2341 786 2628 858 Ἀρχιερέα
2653 784 2754 854 τῆς
2790 782 3081 852 ὁμολογίας
3128 781 3288 849 ἡμῶν
3331 779 3560 849 Ἰησοῦν,
3599 777 3791 832 πιστὸν

2208 882 2339 935 ὄντα
2374 878 2453 949 τῷ
2499 877 2785 947 ποιήσαντι
2817 873 2999 927 αὐτόν,
3034 892 3053 925 ι
3123 872 3298 925 Αὑτὸν
3338 866 3431 924 οῦν
3462 871 3571 941 ἄρα
3604 871 3787 938 φαμὲν

2209 974 2299 1026 τὸν
2328 974 2392 1025 ὲκ
2419 968 2556 1023 Θεοῦ
2590 967 2802 1037 Πατρὸς
2833 963 3028 1033 Λόγον,
3059 963 3148 1017 ὅτε
3178 963 3248 1016 δι’
3277 962 3424 1032 ἡμᾶς
3452 959 3789 1014 κεκενῶσθαι

2210 1065 2432 1133 λέγεται
2484 1060 2694 1132 μορφὴν
2718 1058 2905 1112 δούλου
2935 1055 3134 1122 λαϐὼν,
3184 1054 3305 1108 τότε
3338 1054 3433 1107 καὶ
3465 1055 3523 1105 ὲν
3550 1055 3662 1117 τοῖς
3693 1052 3793 1122 τῆς

2212 1157 2640 1228 ἀνθρωπότητος
2662 1154 2882 1224 μέτροις
2910 1149 3103 1203 ἑαυτὸν
3139 1146 3404 1210 καθεῖναι,
3433 1141 3514 1209 οἷς
3538 1144 3605 1198 ἂν
3643 1145 3792 1214 πρέ-

2212 1268 2304 1305 ποι
2349 1250 2444 1302 καὶ
2481 1247 2628 1319 μάλα
2678 1245 2926 1305 εἰκότως,
2981 1239 3169 1293 καὶτὸ
3217 1237 3551 1291 ἀπεστάλθαι
3592 1236 3793 1299 δοκεῖν,

2213 1343 2308 1397 καὶ
2359 1343 2461 1409 τῆς
2527 1336 2793 1393 ἀνωτάτω
2841 1334 3009 1403 τιμῆς
3064 1329 3314 1402 ἡγεῖσθαι
3378 1327 3635 1398 πρόξενον
3692 1328 3795 1396 τὴν

2215 1432 2546 1506 ἱερουργίαν.
2574 1431 2637 1482 Ei
2668 1429 2777 1499 γὰρ
2800 1425 3031 1494 ἐπείπερ
3064 1422 3256 1491 γέγονε
3283 1420 3405 1474 καθ’
3435 1420 3602 1490 ἡμᾶς,
3623 1434 3795 1487 προσ-

2215 1525 2486 1594 κεκύνηκε
2525 1520 2643 1591 μεθ’
2667 1517 2824 1590 ἡμῶν
2858 1518 2933 1580 ὡς
2962 1514 3250 1585 ἄνθρωπος
3272 1527 3285 1540 ·
3330 1510 3508 1563 καίτοι
3550 1524 3794 1579 προσκυ-

2217 1618 2413 1688 νούσης
2438 1613 2600 1669 αὐτὸν
2625 1614 2725 1682 τῆς
2757 1611 2868 1666 ἄνω
2891 1606 3152 1677 πληθύος,
3182 1603 3276 1657 καὶ
3304 1602 3412 1656 τῶν
3440 1599 3612 1669 ἁγίων
3636 1614 3799 1651 πνευ-

2220 1708 2426 1779 μάτων,
2456 1704 2707 1773 λέγοντός
2732 1720 2791 1754 τε
2816 1700 3061 1761 Μωσέως
3101 1696 3231 1766 περὶ
3268 1692 3456 1756 αὑτοῦ,
3502 1711 3521 1743 ι
3544 1690 3799 1759 Εὐφράν-

545 1779 631 1834 nis
660 1782 961 1837 ratiOnibus
987 1783 1242 1851 alienum,
1271 1786 1315 1840 si
1347 1787 1541 1840 summi
1573 1785 1860 1841 sacerdotii
1892 1799 2114 1840 munere

2216 1778 2365 1868 θητε,
2382 1796 2621 1866 οὐρανοὶ,
2644 1794 2759 1863 ἃμα
2774 1790 2942 1860 αὐτῷ,
2963 1789 3058 1842 καὶ
3082 1786 3614 1858 προσκυνησάτωσαν
3635 1782 3799 1837 αὐτὸν

548 1873 764 1929 functus
807 1885 918 1942 est,
959 1886 1018 1931 ut
1062 1877 1241 1946 quiin
1287 1879 1508 1934 odorem
1542 1877 1827 1933 suavitatis
1869 1879 2107 1946 seipsum

545 1980 645 2033 pro
676 1967 854 2033 nobis,
894 1976 950 2021 et
993 1984 1089 2024 nos
1132 1985 1228 2038 per
1255 1971 1491 2040 seipsum
1525 1980 1579 2026 et
1615 1971 1668 2025 in
1708 1970 1887 2039 seipso
1920 1970 2028 2024 Deo
2060 1977 2115 2023 et

545 2056 693 2111 Patri
724 2059 1017 2113 obtulerit?
1048 2079 1065 2111 ι
1094 2060 1296 2116 Christi
1334 2063 1476 2116 enim
1503 2062 1675 2116 bonus
1697 2064 1832 2115 odor
1858 2076 2062 2123 sumus,
2090 2079 2109 2112 ι

548 2159 608 2203 ιιι
636 2150 896 2220 scriptum
931 2162 1015 2207 est
1057 2153 1122 2205 ⁸⁸.
1162 2152 1266 2207 Sed
1298 2155 1412 2207 lucc
1444 2154 1667 2207 minime
1706 2152 1962 2207 decenter
1994 2165 2115 2205 esse

555 2241 696 2296 facta
735 2257 926 2299 rursus
954 2248 1202 2314 egregius
1232 2244 1319 2297 hic
1347 2244 1431 2297 vir
1456 2244 1709 2308 afﬁrmat,
1742 2259 1805 2298 ac
1834 2258 2116 2313 propemo-

548 2333 673 2386 dum
714 2334 926 2389 deridet
957 2350 1053 2391 eos
1083 2336 1171 2403 qui
1218 2336 1331 2389 haec
1361 2335 1437 2388 ita
1483 2350 1542 2390 se
1576 2335 1775 2388 habere
1807 2343 2017 2399 putant,
2051 2348 2114 2387 ac

547 2426 733 2481 divina
763 2426 989 2481 consilia
1015 2427 1176 2499 impie
1203 2427 1626 2497 reprehendens,
1654 2426 1707 2481 in
1739 2426 1881 2481 hunc
1900 2425 2115 2480 modum

551 2517 670 2573 [ιεῐὸ
695 2521 824 2575 dicit
856 2539 870 2575 :

621 2778 732 2851 64
761 2779 1019 2844 [Νεετοιι.
1062 2782 1196 2837 Cum
1218 2783 1358 2838 enim
1388 2784 1617 2839 audiunt
1638 2797 1833 2838 nomen
1864 2781 2117 2851 apostoli,

551 2869 722 2937 ipsum
761 2870 926 2925 Deum
950 2870 1185 2926 Verbum
1221 2874 1525 2944 intelligunt
1563 2872 1888 2943 apostolum.
1928 2871 2116 2927 Ponti-

551 2958 665 3013 ﬁcis
689 2962 1103 3029 appellationem
1136 2981 1259 3019 cum
1296 2965 1500 3034 legunt,
1531 2966 1873 3023 divinitatem
1905 2968 2118 3037 pontiﬁ-

550 3064 673 3103 cem
696 3050 797 3103 sibi
830 3051 1058 3121 iingunt,
1100 3069 1235 3108 nova
1272 3056 1558 3111 dementia:
1587 3060 1787 3126 specie.
1814 3060 1945 3126 Quis
1972 3062 2115 3115 enim

550 3140 775 3206 apostoli
824 3157 1019 3196 munus
1063 3157 1185 3196 cum
1234 3145 1516 3210 didicerit,
1558 3162 1661 3200 non
1708 3147 1852 3203 illico
1894 3150 2117 3204 indicari

551 3230 823 3284 hominem
879 3232 1191 3302 intelligat?
1230 3234 1362 3300 Quis
1397 3237 1665 3304 pontiﬁcis
1712 3237 2119 3308 appellationem

552 3322 811 3385 audiens,
876 3322 1181 3377 divinitatis
1234 3326 1531 3379 essentiam
1588 3327 1762 3396 ipsum
1812 3328 2118 3397 pontiﬁcem

549 3412 862 3466 existimet?
898 3411 1031 3466 Nam
1064 3414 1109 3468 si
1144 3415 1383 3483 pontifex
1410 3426 1489 3471 est
1520 3417 1631 3487 ipsa
1666 3416 1952 3484 Divinitas,
1974 3421 2123 3488 quis-

556 3519 677 3556 nam
724 3504 810 3558 ille
858 3514 940 3559 est
989 3508 1078 3573 qui
1129 3507 1475 3575 pontificatus
1522 3524 1743 3564 munere
1794 3510 2030 3565 colitur?
2075 3512 2122 3567 si

556 3592 695 3648 Deus
729 3603 809 3649 est
849 3597 940 3665 qui
987 3596 1170 3662 olI‘ert,
1206 3600 1382 3652 nullus
1426 3608 1508 3653 est
1560 3601 1646 3654 cui
1696 3601 1922 3657 oifertur
1950 3621 1964 3658 :
1996 3604 2123 3672 quid

556 3685 699 3737 enim
738 3685 1030 3742 Divinitate
1062 3689 1283 3755 dignum
1332 3690 1423 3755 sit,
1464 3700 1521 3744 ut
1561 3690 1647 3744 illa
1683 3702 1938 3761 tanquam
1981 3694 2121 3751 infe-

557 3777 667 3829 rior
704 3777 890 3847 majori
937 3777 1170 3833 olferat?
1225 3780 1324 3833 llis
1372 3783 1614 3851 adjuugil
1645 3798 1663 3836 .'
1695 3782 1978 3839 Undenatn
2023 3786 2123 3856 ipsi

556 3878 813 3936 putarunt
836 3871 1001 3924 Deum
1040 3888 1183 3927 nunc
1209 3883 1459 3927 vocatmn
1496 3891 1615 3930 esse
1648 3877 1976 3945 pontiﬁcem,
2000 3893 2124 3933 cum

556 3961 646 4014 ille
676 3961 849 4015 hostia
886 3963 951 4016 ad
976 3965 1369 4033 promotionem
1398 3982 1574 4032 suam,
1609 3977 1663 4022 ut
1688 3968 1991 4037 pontiﬁces,
2018 3984 2123 4023 non

556 4051 831 4121 indigeat?
859 4053 1081 4109 Deitatis
1121 4071 1401 4124 possessor
1447 4073 1511 4112 ex
1557 4060 1874 4116 hominibus
1912 4076 2124 4116 assum-

556 4156 680 4214 ptus
711 4162 808 4215 pro
837 4147 1142 4203 hominibus
1161 4149 1509 4205 constituitur
1548 4150 1600 4206 in
1626 4152 1711 4206 bis
1744 4168 1866 4223 qua:
1901 4162 2031 4209 sunt
2060 4152 2127 4209 ad

558 4237 777 4311 Deum]

1218 4373 1370 4430 CAP.
1410 4375 1461 4431 Ι.

626 4510 793 4580 igitur
823 4527 889 4565 ne
927 4512 1156 4565 missum
1189 4513 1406 4580 quidem
1437 4527 1559 4568 esse
1602 4513 1654 4567 in
1690 4513 1834 4569 hunc
1864 4512 2124 4569 mundum

2154 4457 2206 4517 1)

2221 1891 2422 1952 πάντες
2455 1889 2563 1941 υίοὶ
2600 1886 2735 1939 Θεοῦ
2760 1903 2772 1915 ’
2807 1904 2824 1935 ι
2856 1883 2908 1936 τί
2943 1882 3004 1936 τὸ
3039 1879 3189 1945 ξένον
3232 1879 3266 1948 ἢ
3310 1880 3425 1940 τοῖς
3458 1876 3557 1946 τῆς
3590 1876 3797 1929 οἰκονο-

2218 1982 2345 2053 μίας
2369 1981 2547 2049 λόγοις
2577 1978 2939 2049 ἀνάρμοστον,
2965 1977 3013 2028 εί
3035 1971 3448 2045 κεχρημάτικεν
3478 1966 3795 2037 ἀρχιερεὺς,

2213 2074 2290 2135 ὠς
2340 2074 2419 2136 είς
2450 2072 2629 2142 ὀσμὴν
2670 2069 2896 2131 εὐωδίας
2944 2066 3137 2120 ἑαυτόν
3185 2081 3244 2117 τε
3289 2062 3433 2132 ὑπὲρ
3475 2058 3652 2130 ἡμῶν,
3702 2056 3799 2111 καὶ

2216 2166 2361 2234 ἡμᾶς
2388 2162 2665 2225 ἀνατιθεὶς
2717 2161 2785 2215 δι’
2817 2160 3011 2214 ἑαυτοῦ
3048 2175 3107 2210 τε
3157 2157 3248 2209 καὶ
3282 2156 3340 2208 ὲν
3370 2151 3545 2223 ἑαυτῷ
3574 2152 3653 2222 τῷ
3679 2149 3800 2220 Θεῷ

2214 2254 2310 2306 καὶ
2338 2252 2547 2323 Πατρί;
2585 2269 2603 2303 ι
2630 2248 2867 2320 Χριστοῦ
2890 2248 3001 2319 γάρ
3022 2248 3194 2316 ἐσμεν
3220 2243 3416 2298 εὐωδία
3440 2240 3579 2313 (18),
3604 2259 3625 2293 ι
3658 2239 3799 2294 κατά

2214 2346 2276 2400 τὸ
2328 2343 2738 2417 γεγραμμένον.
2804 2342 2945 2395 Ἀλλ’
2988 2342 3187 2411 ἥκιστα
3240 2337 3339 2407 μὲν
3377 2337 3435 2389 ὲν
3480 2332 3673 2404 κόσμῳ
3719 2331 3802 2402 τῷ

2214 2436 2387 2491 δέοντι
2408 2433 2727 2505 πεπρᾶχθαι
2749 2432 2930 2496 ταυτὶ,
2960 2429 3351 2501 διῖσχυρίζεται
3377 2425 3537 2480 πάλιν
3565 2427 3593 2478 ό
3611 2422 3801 2492 γεννά-

2216 2528 2313 2591 δας
2358 2526 2572 2581 ούτοσί·
2616 2526 2776 2596 μόνον
2828 2523 2885 2576 δὲ
2941 2522 3064 2593 ούχὶ
3120 2516 3450 2588 καταμειδιᾷ
3500 2514 3609 2568 τῶν
3658 2512 3801 2566 οῦτω

2215 2618 2370 2674 ταῦτ’
2397 2618 2542 2688 ἔχειν
2567 2615 2968 2688 ὑπειληφότων,
3017 2612 3114 2667 καὶ
3150 2613 3266 2674 τοῖς
3295 2609 3462 2673 θείοις
3488 2606 3801 2678 σκέμμασιν

2217 2708 2446 2772 ἀνοσίως
2478 2706 2767 2777 ἐπιτιμῶν,
2801 2705 2943 2759 οὕτω
2970 2703 3073 2757 πού
3100 2719 3265 2774 φησιν
3287 2718 3301 2734 ·

2291 2799 2310 2871 [
2341 2797 2662 2853 Ἀποστόλου
2695 2797 2803 2868 γὰρ
2831 2795 3122 2857 ἀκούοντες
3150 2793 3344 2863 ὄνομα,
3370 2789 3462 2844 τὸν
3482 2788 3617 2843 Θεὸν
3631 2786 3805 2855 Λόγον

2217 2890 2430 2945 νοοῦσιν
2461 2890 2782 2944 ἀπόστολον.
2825 2886 3152 2958 Ἀρχιερέως
3182 2881 3649 2953 ἀναγινώσκοντες
3673 2880 3804 2948 κλῆ-

2222 3000 2327 3047 σιν,
2368 2981 2600 3051 θεότητα
2636 2980 2727 3033 τὸν
2771 2980 3037 3051 ἀρχιερέα
3073 2977 3458 3047 φαντάζονται,
3497 2973 3808 3045 παραδόξου

2145 3110 2189 3170 c
2222 3073 2646 3146 φρενοϐλαϐείας
2681 3072 2811 3143 ἰδέᾳ.
2859 3071 2956 3136 Τίς
2994 3072 3102 3143 γὰρ
3138 3065 3805 3170 λειτουργίανάποστόλου

2225 3167 2433 3239 μαθὼν,
2464 3168 2565 3221 οὐκ
2596 3166 2761 3229 εὐθὺς
2784 3166 3071 3237 ἄνθρωπον
3107 3163 3446 3236 μηνυόμενον
3483 3160 3662 3230 ἔγνως
3708 3158 3808 3222 Τίς

2222 3260 2525 3332 ἀρχιερέως
2562 3258 2859 3329 ὀνομασίαν
2897 3257 3133 3321 ἀκούων,
3174 3255 3431 3324 θεότητος
3477 3252 3668 3306 οὐσίαν
3713 3249 3810 3303 τὸν

2224 3352 2485 3424 ἀρχιερέα
2511 3352 2814 3422 νομίσειεν;
2850 3350 2914 3403 Ei
2940 3350 3049 3421 γὰρ
3077 3348 3368 3421 ἀρχιερεὺς
3403 3348 3436 3417 ἡ
3476 3345 3686 3413 θεότης,
3721 3342 3808 3405 τίς

2224 3446 2252 3498 ὁ
2279 3445 2430 3515 παρὰ
2467 3447 2533 3514 τῇ
2565 3446 2663 3513 τῆς
2708 3443 3121 3514 ἀρχιερωσύνης
3149 3439 3465 3511 λειτουργίᾳ
3508 3436 3808 3507 θεραπευό-

2228 3554 2386 3607 μενος
2411 3552 2425 3600 ;
2465 3537 2513 3588 εί
2543 3534 2677 3599 Θεὸς
2699 3536 2727 3588 6
2750 3534 3100 3606 προσφέρων,
3127 3532 3301 3595 οὐδεὶς
3323 3524 3367 3599 ᾧ
3394 3526 3763 3599 προσφέρεται
3786 3539 3804 3553 ’

2225 3630 2277 3683 τί
2309 3629 2418 3699 γὰρ
2444 3627 2697 3698 θεότητος
2723 3627 2894 3693 ἀξιον,
2939 3626 3005 3681 ἵν’
3036 3627 3112 3690 ὡς
3142 3625 3382 3680 ἐλάττων
3407 3619 3691 3693 προσφέρῃ
3726 3615 3812 3685 τῷ

2230 3718 2467 3789 patiam;
2511 3716 2882 3786 Προσεπάγει
2914 3716 2983 3769 δὲ
3012 3717 3247 3781 τούτοις
3269 3732 3282 3746 ·
3312 3711 3481 3766 Πόθεν
3506 3705 3599 3763 οὖν
3621 3707 3809 3768 αὐτοῖς

2225 3812 2254 3863 6
2277 3809 2410 3879 Θεὸς
2444 3808 2745 3877 κεκλῆσθαι
2778 3806 2873 3861 νῦν
2894 3808 3186 3878 ἀρχιερεὺς
3225 3803 3507 3876 ἐνομίσθη,
3557 3803 3586 3854 6
3618 3798 3809 3860 θυσίας

2228 3905 2307 3967 εἰς
2329 3901 2615 3973 προκοπὴν
2645 3898 2781 3953 ἰδίαν
2812 3898 2953 3953 κατά
2982 3897 3107 3959 τοὺς
3130 3894 3421 3966 ἀρχιερέας
3448 3893 3521 3961 μὴ
3550 3888 3764 3961 χρῄζων
3788 3903 3808 3949 ;

2225 3996 2254 4047 6
2311 3992 2576 4063 Θεότητος
2622 3990 2843 4061 κτήτωρ
2893 3987 2953 4054 ἐξ
3000 3984 3304 4056 ἀνθρώπων
3349 3983 3610 4053 ληφθεὶς,
3665 3978 3818 4048 ὑπὲρ

2228 4080 2531 4155 ἀνθρῶπων
2558 4080 2881 4135 καθίσταται
2910 4076 2979 4131 τά
3016 4076 3154 4147 πρὸς
3183 4075 3273 4129 τὸν
3300 4071 3491 4145 Θεόν.]

2885 4382 3037 4438 ΚΕΦ.
3077 4383 3156 4437 A'.

2304 4518 2514 4575 Οὐκοῦν
2542 4519 2667 4572 οὐδὲ
2699 4516 3037 4571 ἀπεστάλθαι
3065 4515 3174 4585 φὴς
3200 4515 3279 4576 είς
3306 4511 3455 4566 τόνδε
3486 4508 3577 4563 τὸν
3609 4508 3819 4578 κόσμον

556 4606 731 4673 ipsum
785 4604 877 4660 Dei
925 4603 1158 4659 Verbum
1199 4606 1437 4661 asseris?
1483 4606 1694 4675 decepit
1737 4620 1887 4675 ergo,
1946 4614 2000 4659 ut
2043 4614 2114 4659 est

2232 4617 2322 4669 τὸν
2353 4613 2445 4667 τοῦ
2479 4612 2614 4665 Θεοῦ
2643 4612 2850 4679 Λόγον;
2879 4608 3246 4677 πεφενάκικεν
3271 4600 3365 4657 οὖν
3408 4604 3539 4675 ἀρα,
3582 4600 3723 4655 κατὰ
3748 4599 3819 4653 τὸ

556 4712 914 4767 consequens,
948 4698 1193 4753 homines
1225 4714 1323 4754 suo
1353 4699 1657 4753 ministerio
1691 4708 1913 4753 vocatos
1938 4698 2114 4752 beatus

2235 4704 2402 4770 είκὸς,
2433 4706 2559 4767 τοὺς
2586 4704 2652 4756 δι’
2675 4700 2843 4755 αὐτοῦ
2865 4700 3239 4770 κεκλημένους
3267 4699 3296 4750 6
3323 4694 3634 4764 σοφώτατος
3666 4692 3818 4746 Παῦ-

557 4788 785 4852 Paulus;
814 4788 889 4841 ait
915 4790 1058 4842 enim
1085 4806 1098 4841 :
1134 4808 1151 4839 ι
1184 4789 1328 4843 Misit
1350 4790 1491 4845 Deus
1520 4790 1714 4844 Filium
1744 4805 1898 4845 suum
1925 4789 2114 4844 factum

2237 4797 2347 4859 λος·
2384 4797 2489 4866 ἔφη
2522 4795 2667 4865 γὰρ,
2700 4796 2783 4848 ὅτι
2833 4811 2853 4846 ι
2890 4789 3304 4856 Ἐξαπέστειλεν
3334 4790 3363 4841 6
3400 4788 3533 4851 Θεὸς
3560 4787 3652 4840 τὸν
3681 4785 3818 4840 Υίὸν

556 4895 621 4933 ex
654 4881 897 4943 muliere,
929 4879 1127 4934 factum
1162 4881 1263 4935 sub
1289 4883 1403 4951 lege
1424 4880 1507 4933 ’νε
1542 4902 1561 4934 ι
1594 4882 1939 4937 convincitur
1958 4882 2114 4936 etiam

2232 4886 2399 4941 αὑτοῦ
2420 4887 2710 4957 γενόμενον
2734 4886 2798 4937 ἐκ
2818 4881 3097 4952 γυναικὸς,
3129 4879 3420 4950 γενόμενον
3451 4876 3556 4930 ὑπὸ
3586 4878 3771 4946 νόμον·
3790 4894 3816 4927 ι

559 4985 650 5028 tuo
667 4974 868 5044 judicio
886 4975 1073 5029 beatus
1094 4974 1265 5029 David
1290 4985 1491 5030 temere
1513 4990 1730 5030 carmen
1755 4976 2114 5039 contexuisse,

2232 4980 2389 5051 ἁλοίη
2425 4980 2470 5032 δ’
2502 4978 2567 5032 ἂν
2612 4977 2757 5031 κατά
2796 4994 2857 5029 σε
2890 4974 2986 5029 καὶ
3014 4976 3043 5027 ό
3075 4973 3342 5044 μακάριος
3370 4969 3535 5023 Δαϐὶδ
3562 4967 3824 5040 ὲρῤαψῳ-

558 5076 612 5119 et
636 5065 1004 5121 inscrutabilia
1035 5082 1308 5136 quaerere;
1339 5068 1473 5122 dixit
1503 5068 1648 5122 enim
1673 5067 1889 5123 Patrem
1914 5069 2007 5138 qui
2041 5080 2114 5125 est

2233 5068 2415 5142 δηκὼς
2439 5070 2584 5140 εἰκῆ,
2619 5068 2715 5122 καὶ
2742 5068 2812 5121 τὰ
2849 5066 3120 5135 ἀνέφικτα
3167 5063 3378 5134 ζητῶνο
3434 5061 3543 5131 ἔφη
3571 5060 3677 5129 γάρ
3708 5076 3823 5112 που

560 5156 613 5210 in
652 5157 805 5211 cmlis
832 5168 886 5211 et
923 5157 1090 5214 Deum
1125 5158 1407 5229 alloquens
1435 5178 1447 5213 :
1481 5178 1500 5212 ι
1534 5161 1731 5216 Emitte
1773 5159 1945 5216 lucem
1978 5170 2114 5217 tuam

2236 5162 2373 5234 πρὸς
2421 5161 2513 5215 τὸν
2553 5164 2611 5215 ὲν
2655 5160 2905 5231 ούρανοῖς
2936 5157 3158 5229 Πατέρα
3190 5154 3286 5209 καὶ
3303 5153 3472 5207 Θεόν·
3538 5169 3557 5205 ι
3581 5149 3822 5216 Ἑξαπύ-

623 5312 675 5368 ’⁸⁸
712 5317 871 5392 llebr.
907 5353 984 5392 ιιι.
1012 5339 1061 5405 1,
1082 5340 1135 5395 2.
1214 5340 1260 5370 ⁸⁸
1290 5339 1445 5395 Deut.
1470 5357 1640 5406 xxx",
1670 5342 1720 5394 1.
1801 5342 1844 5373 ⁸⁷
1879 5341 2021 5398 Psal.
2049 5357 2113 5396 xc

2216 5342 2269 5398 8.
2347 5341 2392 5373 ⁸³
2428 5341 2471 5394 ll
2498 5340 2623 5393 Cor.
2654 5354 2710 5405 ιι,
2738 5339 2823 5393 15.
2902 5336 2946 5368 ⁸⁹
2974 5335 3149 5391 Galat.
3182 5349 3253 5398 Iv,
3279 5333 3331 5386 4.

1821 5491 1982 5547 ΑΝΤ.
2027 5489 2301 5551 AGELLII
2342 5489 2575 5547 NOTIE.

635 5655 748 5727 (l8)
775 5653 1174 5727 Advertendum
1218 5653 1487 5727 quomodo
1535 5652 1623 5707 hic
1666 5661 1854 5727 auctor
1902 5652 2134 5727 accipiat
2242 5649 2491 5727 εὐωδίαν,
2528 5647 2779 5720 intelligit
2822 5648 3151 5705 sacriﬁcium
3185 5645 3238 5701 in
3267 5645 3485 5700 odorem
3529 5624 3861 5700 suavitatis.

564 5721 702 5783 hunc
725 5725 865 5783 beati
896 5722 1045 5781 Pauli
1070 5721 1250 5783 locum
1267 5744 1280 5794 ;
1313 5740 1434 5782 nam
1463 5725 1658 5780 bonum
1686 5723 1930 5789 odorem,
1958 5723 2009 5778 id
2039 5730 2121 5778 est
2229 5721 2488 5777 oblatum.
