4054 6332
294 309 393 365 ΙΙῚ

1380 318 1753 377 ADVERSUS
1793 320 2198 381 NESTORIUM
2240 324 2368 380 LIB.
2410 324 2496 383 lll.

3422 333 3531 389 “8'

291 432 499 487 στειλον
531 432 592 485 τὸ
633 435 746 502 φῶς
788 451 906 503 σου,
938 437 1029 491 καὶ
1059 438 1158 508 τὴν
1189 439 1446 512 ἀλήθειάν
1496 458 1610 497 σου.
1641 462 1660 492 ι
1690 443 1754 496 Τί
1783 444 1861 507 δὲ,

1974 456 2020 497 et
2052 447 2333 501 veritatem
2361 456 2503 501 luam
2526 446 2592 499 '°'.
2620 464 2638 499 ι
2663 445 2800 513 Quid
2823 445 3041 501 autem?
3065 446 3149 503 dic
3176 447 3333 515 mihi,
3352 466 3528 508 nonne

289 526 412 578 είπέ
444 543 555 595 μοι,
588 527 710 595 οὐχὶ
747 528 843 616 κξιὶ
883 530 1044 593 αὐτὸς
1075 533 1103 583 6
1149 532 1274 595 Υἱὸς
1310 533 1670 606 ψευδοεπὴσει
1723 537 1862 605 τάχα

290 634 390 669 που
422 616 593 685 λέγων
619 633 637 649 ·
691 636 709 669 ι
742 622 816 671 υύ
861 620 968 691 γὰρ
1012 622 1345 676 ἀπέστειλενι
1375 628 1403 679 6
1449 626 1582 691 Θεὸς
1615 627 1707 680 τὸν
1737 628 1864 682 Υίὸν

288 709 367 769 εἰς
398 707 488 758 τὸν
520 707 724 777 κόσμον
755 709 841 761 ἵνα
864 711 1021 781 κρίνῃ
1054 712 1145 765 τὸν
1171 713 1396 785 κόσμον,
1432 716 1549 769 ἀλλ’
1596 718 1683 771 ἵνα
1712 721 1860 790 σωθῇ

286 798 316 848 ὁ
340 796 545 865 κόσμος
570 797 637 850 δι’
662 798 889 864 αύτοῦ;›
924 802 1034 853 Καὶ
1059 801 1247 854 πάλιν·
1298 823 1317 854 ι
1362 805 1503 873 Ἐγὼ
1526 807 1593 859 ὲκ
1623 806 1716 861 τοῦ
1750 810 1865 861 Πα-

286 888 417 958 τρὸς
445 888 688 957 ἐξῆλθον,
717 890 811 943 καὶ
837 891 989 961 ﬁxo»;
1012 911 1031 941 ι
1063 894 1271 964 Γράφει
1298 895 1355 948 δέ
1394 912 1497 948 που
1528 897 1621 949 καὶ
1649 900 1677 951 6
1704 898 1867 967 σοφὸς

300 979 551 1049 Ἰωάννης
578 982 705 1052 περὶ
732 983 898 1035 αὐτοῦ
920 1000 933 1013 ·
960 1003 976 1034 ι
1001 984 1059 1036 '0
1090 984 1381 1054 λαμϐάνων
1412 988 1576 1041 αὑτοῦ
1602 988 1700 1059 τὴν
1728 1007 1866 1059 μαρ-

289 1070 484 1139 τυρίαν
517 1073 849 1143 ἐσφράγισεν
877 1075 958 1127 ὄτι
995 1076 1023 1127 ό
1051 1076 1183 1139 Θεὸς
1211 1077 1417 1149 ἀληθής
1443 1080 1591 1133 ἐστιν
1616 1096 1629 1109 ·
1666 1080 1725 1133 ὃν
1757 1081 1865 1153 γὰρ

287 1164 610 1218 ἀπέστειλεν
656 1166 686 1218 6
736 1168 890 1233 Θεὸς,
936 1169 1004 1222 τά
1052 1170 1272 1240 ῥήματα
1320 1171 1415 1225 τοῦ
1458 1172 1593 1225 Θεοῦ
1637 1174 1810 1226 λαλεῖ.
1842 1194 1859 1225 ι

304 1254 664 1310 ’Ᾱπεστάλθαι
710 1256 768 1310 δέ
805 1276 986 1328 φαμεν
1025 1259 1117 1312 τὸν
1142 1261 1237 1314 τοῦ
1264 1262 1398 1316 Θεοῦ
1430 1264 1623 1332 Λόγον,
1670 1264 1732 1317 τὸ
1764 1265 1867 1336 τῆς

290 1344 597 1417 ἀποστολῆς
626 1346 799 1417 ὅνομά
832 1365 891 1401 τε
918 1350 1013 1402 καὶ
1042 1350 1229 1422 χρῆμα
1262 1353 1398 1422 μετά
1428 1354 1536 1407 τῶν
1564 1356 1663 1425 τῆς
1695 1356 1865 1410 κενώ-

291 1452 430 1499 σεως
457 1436 647 1506 ἔχοντα
677 1440 917 1509 μέτρων·
969 1443 1033 1493 σὺ
1071 1443 1129 1495 δὲ
1163 1445 1226 1515 δὴ
1257 1445 1433 1509 δέδιας
1477 1446 1725 1517 ἀμαθῶς,
1772 1450 1868 1503 καὶ

288 1527 443 1597 αὐτῷ
465 1529 792 1599 προσνέμειν
813 1530 1068 1602 ἐρυθριᾷς
1086 1535 1200 1586 ἀνθ’
1219 1536 1341 1588 ὅτου
1366 1538 1424 1588 τό
1444 1555 1501 1590 τε
1521 1538 1618 1607 τῆς
1640 1539 1868 1592 ἀποστο-

290 1618 412 1687 λῆς,
452 1619 545 1672 καὶ
574 1620 637 1673 τὸ
664 1621 766 1692 τῆς
787 1623 1195 1695 ἀρχιερωσύνης
1224 1627 1395 1697 ὄνομα
1422 1646 1481 1681 τε
1517 1630 1610 1682 καὶ
1645 1630 1864 1701 χρῆμα;

289 1704 441 1780 Ἀρα
475 1712 583 1781 γάρ
630 1712 1061 1785 ἀρμόσειενίῖσ.
1099 1717 1391 1789 ἁρμόσειν]
1435 1720 1758 1791 ὑπείληφας,
1792 1722 1868 1782 ὼς

1963 538 2125 591 etiam
2185 540 2300 607 ipse
2354 538 2521 593 Filius
2578 539 2869 594 mentietur
2932 537 3120 608 plane,
3176 554 3297 593 cum
3352 540 3523 597 dicit:

1969 647 1988 679 ι
2022 627 2137 681 Non
2169 630 2317 683 enim
2359 629 2505 683 misit
2533 628 2672 682 Deus
2716 627 2914 681 Filium
2960 642 3119 682 suum
3168 628 3220 682 iu
3269 632 3526 687 mundum

1966 729 2025 772 ut
2066 718 2271 783 judicet
2322 720 2605 784 mundum,
2648 719 2741 773 sed
2778 727 2837 772 ut
2878 717 3122 774 salvetur
3161 722 3397 778 mundus
3432 737 3530 793 per

1964 807 2138 876 ipsum
2166 810 2251 875 "';
2286 829 2305 861 ι
2336 820 2390 864 et
2422 810 2614 864 iterum
2647 828 2663 865 :
2701 828 2719 861 ι
2754 809 2866 879 Ego
2899 824 2963 863 ex
2993 808 3156 865 Patre
3196 812 3329 874 exii.
3359 824 3411 870 et
3437 830 3532 870 ve-

1966 901 2186 954 nio".i
2245 901 2444 956 Scribit
2488 901 2653 955 etiam
2706 901 2904 958 alicubi
2953 905 3145 960 beatus
3186 903 3424 960 Ioannes
3462 905 3531 959 de

1967 990 2083 1059 ipso
2131 1009 2144 1044 :
2197 1011 2215 1043 ι
2250 991 2352 1058 Qui
2406 993 2600 1062 accipit
2648 994 3017 1051 testimonium
3081 996 3243 1065 ejus,
3301 997 3531 1067 signavit

1966 1084 2090 1151 quia
2125 1084 2264 1138 Deus
2296 1099 2454 1139 verus
2482 1094 2599 1151 est;
2623 1100 2782 1155 quem
2824 1087 2968 1142 enim
2998 1087 3329 1153 misitDeus,
3367 1089 3528 1141 verba

1970 1176 2060 1229 Dei
2110 1174 2351 1242 loquitur
2376 1175 2445 1229 θ’.
2483 1194 2503 1229 ι
2536 1174 2758 1231 Missum
2793 1192 2954 1247 porro
3001 1180 3231 1235 dicimus
3272 1179 3363 1234 Dei
3398 1178 3532 1234 Ver-

1968 1264 2116 1329 bum,
2165 1265 2305 1333 quod
2354 1267 2685 1334 apostolatus
2733 1282 2927 1323 nomen
2967 1278 3023 1323 et
3054 1284 3166 1323 rem
3215 1270 3371 1325 simul
3405 1284 3528 1324 cum

1966 1355 2348 1410 exiuanitionis
2375 1357 2643 1412 mensuris
2674 1357 2918 1412 haberet.
2949 1359 3029 1413 'l‘u
3058 1374 3186 1414 vero
3213 1359 3377 1414 stulte
3414 1359 3529 1414 ηπ·-

1968 1446 2163 1510 midas,
2196 1458 2249 1501 et
2282 1448 2355 1502 illi
2390 1448 2627 1504 tribuere
2658 1458 2712 1503 et
2743 1465 2935 1505 numen
2965 1460 3019 1503 et
3049 1466 3160 1504 rem
3200 1450 3556 1520 apostolatus-

1971 1552 2033 1591 ac
2076 1539 2365 1592 sacerdotii
2410 1539 2594 1593 nescio
2623 1554 2725 1608 qua
2768 1541 2835 1593 de
2868 1555 3026 1593 causa
3057 1540 3349 1595 erubescis.
3386 1541 3528 1595 Num

1968 1626 2110 1678 enim
2144 1627 2315 1696 ipsum
2356 1629 2647 1683 convenire
2678 1639 2837 1698 putas
2872 1630 3069 1683 homini
3102 1630 3175 1685 illi
3209 1647 3275 1686 ex
3304 1631 3555 1686 muliere»

1972 1723 2227 1783 tanquam
2268 1716 2335 1770 ab
2374 1716 2465 1772 illo
2490 1718 2725 1784 diverso,
2763 1718 3085 1788 simplicem,
3112 1728 3169 1773 ut
3204 1720 3318 1789 ipse
3348 1729 3551 1790 putas,.

290 1800 465 1872 ἑτέρῳ
486 1802 616 1871 παρ’
652 1804 814 1858 αὐτὸν
844 1806 1116 1878 ἀνθρώπῳ
1153 1808 1231 1879 τῷ
1276 1810 1340 1863 ὲκ
1378 1813 1655 1879 γυναικὸς,
1702 1814 1865 1885 ψιλὴν

1974 1808 2401 1875 conjunctionem
2450 1808 2690 1873 habenti,
2740 1820 2795 1864 et
2831 1812 2999 1867 solius
3030 1811 3308 1883 dignitatis
3344 1825 3527 1881 aequa-

291 1890 470 1961 εχοντι
502 1894 601 1965 τὴν
628 1895 948 1964 συνάφειαν,
994 1899 1135 1952 κατὰ
1186 1900 1266 1965 σὲ,
1312 1902 1407 1955 καὶ
1445 1902 1519 1965 ὼς
1557 1906 1615 1956 ἐν
1659 1906 1862 1977 ἰσότητι

296 1984 466 2053 μόνης
493 1986 593 2055 τῆς
628 1986 818 2053 ἀξίας,
854 1989 977 2052 Πῶς
1015 1986 1106 2044 οὖν
1136 1991 1215 2043 ἔτι
1248 1991 1318 2044 τὰ
1345 1993 1466 2045 καθ’
1500 1995 1645 2065 ἡμᾶς
1668 1996 1865 2067 ὀνήσας

291 2077 486 2145 ὁρᾶται
527 2077 657 2141 Θεὸς
698 2078 775 2133 ὣν
825 2082 853 2133 6
895 2082 1086 2149 Λόγος,
1130 2086 1179 2135 εί
1213 2084 1305 2136 καὶ
1346 2087 1864 2158 προσκεκομίσμεθα

291 2165 367 2220 δι’
396 2169 585 2240 ἐτέρου
606 2170 685 2242 τῷ
713 2172 831 2243 Θεῷ
866 2174 959 2226 καὶ
993 2176 1196 2246 Πατρί;
1248 2178 1445 2230 Οὐκέτι
1473 2178 1580 2249 γὰρ
1609 2180 1676 2233 δι’
1701 2181 1864 2234 αὐτοῦ

292 2260 395 2330 τὴν
439 2264 803 2334 προσαγωγὴν
849 2266 1194 2336 ἐσχήκαμεν·
1256 2269 1393 2323 ἀλλά
1439 2271 1662 2340 γέγονεν
1708 2274 1865 2345 ἡμῶν

296 2350 527 2421 μεσίτης
552 2353 837 2424 ἄνθρωπος
863 2356 982 2409 καθ’
1018 2358 1183 2428 ἡμᾶς,
1212 2360 1271 2413 τὸ
1300 2363 1399 2431 τῆς
1425 2362 1675 2433 θεότητος
1696 2364 1867 2435 ὄνομα

293 2443 676 2499 κατάπλαστον
726 2446 887 2517 ἔχων.
951 2448 1115 2503 Ἀλλά
1158 2452 1264 2515 ναὶ,
1317 2454 1471 2524 φησὶ,
1528 2455 1757 2527 σμικρὸν
1799 2456 1867 2510 ἂν

294 2540 382 2610 εἴη
409 2540 484 2610 τῷ
514 2543 577 2594 ἐκ
602 2542 739 2595 Θεοῦ
769 2544 984 2614 Πατρδς
1028 2546 1189 2616 φύντι
1232 2547 1392 2618 Λόγῳ
1439 2548 1503 2601 τὸ
1542 2549 1866 2621 ἱερουργεῖν.

295 2631 535 2703 Σμικρὸν
566 2634 1031 2707 ὁμολογουμένως.
1062 2639 1315 2710 Συνεργῶ
1342 2638 1465 2711 [Im
1494 2641 1703 2711 συνερῶ
1720 2640 1739 2712 1
1758 2641 1868 2713 γάρ

299 2741 384 2775 σοι
418 2727 774 2795 πρεσϐεύοντι
824 2730 1056 2799 τάληθές
1083 2748 1096 2761 ·
1151 2731 1266 2785 ἀλλ’
1312 2733 1373 2785 οὐ
1407 2736 1585 2803 γυμνῇ
1638 2736 1703 2805 τῇ
1751 2734 1870 2787 θεό-

296 2829 424 2883 τητι
487 2818 823 2887 κεχρημένος
873 2820 1110 2888 ὲπέφανε
1171 2824 1283 2885 τοῖς
1330 2823 1421 2875 ἐπὶ
1450 2824 1549 2893 τῆς
1595 2823 1738 2894 γῆς·
1776 2842 1869 2894 γε-

297 2905 471 2971 γονὼς
496 2907 551 2960 δὲ
592 2909 793 2978 μᾶλλον
842 2910 1130 2981 ἄνθρωπος
1172 2913 1293 2968 καθ’
1334 2916 1501 2985 ἡμᾶς,
1542 2908 1585 2982 ᾧ
1631 2914 1774 2986 μέγα
1816 2934 1868 2969 τι

298 2999 489 3068 χρῆμα
538 3002 632 3054 καὶ
688 3000 961 3072 ἐξαίρετον
1005 3005 1318 3076 ἱερουργία·
1365 3010 1413 3061 εί
1454 3007 1512 3060 δὲ
1557 3007 1620 3080 δὴ
1667 3025 1869 3080 παραι-

294 3093 442 3188 τεῖτο
485 3090 611 3162 [ίσ.
653 3096 1009 3188 παραιτοίτο]
1041 3098 1103 3149 τὸ
1136 3099 1437 3171 ἱερουργεῖν
1482 3099 1557 3161 ὡς
1598 3099 1870 3172 ἀνθρώπῳ
1899 3130 1942 3188 C

302 3184 535 3253 πρέπον,
571 3186 736 3256 ἤγουν
770 3187 942 3259 ἑτέρῳ
972 3188 1048 3258 τῷ
1080 3188 1199 3260 [ῖσ.
1233 3191 1407 3261 ἑτέρῳ
1447 3190 1561 3263 τῳ]
1602 3195 1699 3263 τῆς
1750 3193 1872 3246 δου-

300 3273 453 3337 λείας
477 3275 654 3345 ἔχοντι
680 3279 898 3348 μέτρον,
945 3280 1062 3344 πῶς
1104 3282 1205 3334 οὐκ
1244 3284 1465 3354 ἄμεινον
1518 3284 1670 3355 παρά
1715 3286 1871 3352 πολὺ,

296 3364 393 3417 καὶ
432 3366 539 3435 πρό
572 3384 634 3435 γε
662 3368 852 3422 τούτου
891 3372 1277 3441 παραιτεῖσθαι
1298 3372 1397 3444 τὴν
1423 3374 1872 3447 ὲνανθρώπησινς

311 3456 453 3508 Ἀλλ’
498 3459 596 3511 ούκ
642 3460 949 3532 ἀπόϐλητον
982 3465 1276 3534 ἐποιήσατο
1322 3466 1389 3518 δι’
1420 3469 1567 3537 ἡμᾶς
1613 3469 1712 3540 τὴν
1754 3470 1876 3537 γέν-

296 3562 476 3616 νησιν,
504 3550 683 3603 οὑτοσί
712 3550 787 3615 δὲ,
820 3553 895 3615 ὡς
920 3553 1076 3623 ἔφην,
1099 3554 1413 3625 αἰσχύνεται
1443 3558 1678 3627 τάληθές
1698 3577 1710 3590 ·
1745 3560 1873 3613 ἄσο-

297 3637 399 3704 φόν
424 3655 482 3690 τε
512 3640 607 3692 καὶ
637 3642 1045 3715 ἀνεπιστήμονα
1067 3647 1425 3711 καταδεικνὺς
1448 3650 1658 3703 ἑαυτόν.
1685 3652 1875 3705 Καίτοι

294 3728 393 3781 τοῦ
425 3733 697 3803 μακαρίου
720 3735 933 3788 Παύλου
959 3737 1212 3805 λέγοντος
1232 3755 1244 3767 ·
1284 3758 1302 3790 ι
1328 3741 1401 3793 Οὐ
1420 3741 1528 3812 γὰρ
1554 3743 1877 3814 ἐπαισχύνο-

301 3839 404 3891 μαι
456 3823 519 3875 τὸ
576 3825 927 3894 Εύαγγέλιον,
982 3829 1215 3900 δύναμις
1268 3832 1377 3903 γὰρ
1424 3833 1560 3887 Θεοῦ
1616 3837 1762 3888 ἐστιν
1795 3839 1877 3901 είς

298 3911 575 3983 σωτηρίαν
605 3915 766 3969 παντὶ
796 3917 873 3987 τῷ
900 3920 1224 3975 πιστεύοντι.
1257 3942 1275 3974 ι
1307 3922 1615 3993 Θαυμάσειε
1642 3926 1687 3978 δ’
1708 3928 1773 3980 ἄν
1793 3946 1877 3991 τις

297 4007 393 4058 τὸν
425 4006 518 4059 τοῦ
557 4008 690 4061 Θεοῦ
735 4010 928 4078 Λόγον,
964 4016 1063 4084 τῆς
1105 4016 1364 4069 ἁπάντων
1409 4017 1569 4071 ἕνεκα
1604 4017 1875 4088 σωτηρίας

300 4097 393 4149 καὶ
427 4096 594 4167 ζωῆς,
623 4101 891 4172 τοσαύτην
923 4104 1277 4178 ἀνασχομένῳ
1320 4109 1509 4162 παθεῖν
1543 4112 1641 4180 τὴν
1683 4110 1879 4162 ταπείη

299 4204 487 4250 νωσιν,
512 4189 578 4259 ἢν
604 4190 704 4243 οὐκ
733 4187 830 4245 οἶδ’
874 4194 1021 4258 ὅπως
1061 4198 1089 4248 6
1140 4196 1249 4249 τῶν
1297 4199 1518 4252 είκαίων
1556 4202 1685 4270 ἡμῖν
1730 4200 1875 4254 διδα-

300 4280 530 4349 γμάτιιν
562 4282 809 4354 εὑρετὴς,
837 4286 931 4338 καὶ
982 4287 1141 4355 μόνον
1193 4290 1475 4359 ὁμολογεῖν
1519 4292 1873 4362 αἰσχύνεται·

302 4371 484 4424 καίτοι
507 4372 629 4425 δέον
658 4374 896 4441 ἄγασθαι
929 4375 1026 4446 μὲν
1072 4378 1164 4430 ἐπὶ
1190 4379 1400 4442 τούτοις
1444 4381 1628 4445 αὐτὸν,
1672 4382 1873 4433 ἀνακε-

1972 1898 2217 1953 litatem?
2252 1899 2532 1966 Quomodo
2576 1902 2737 1969 igitur
2760 1902 2871 1971 jam
2914 1904 3086 1974 ipsum
3116 1902 3350 1958 Verbum
3388 1901 3552 1972 quod'

1970 1988 2113 2045 Deus
2142 2002 2280 2057 erat,
2308 2001 2521 2047 nostras
2550 2008 2634 2047 res
2655 1993 2857 2062 juvisse
2884 1996 3145 2060 cernitur,
3175 1994 3219 2050 si
3253 2010 3347 2065 per
3368 1995 3551 2048 aliuma

1971 2098 2184 2152 quoque
2227 2084 2293 2137 ad
2330 2082 2497 2138 Deum
2547 2099 2612 2139 ac
2653 2084 2866 2138 Patrem
2907 2086 3123 2141 adducti
3159 2085 3385 2140 sumus?
3415 2084 3543 2139 Non-

1970 2177 2113 2231 enim
2151 2174 2264 2245 jam
2296 2190 2392 2245 per
2435 2176 2608 2246 ipsum
2646 2192 2918 2232 accessum
2957 2179 3265 2239 habuimus,
3292 2177 3399 2231 'sed
3432 2176 3534 2231 fuit

1972 2268 2235 2322 mediator
2280 2279 2467 2322 uoster
2517 2269 2677 2324 homo
2726 2270 2895 2323 nostri
2954 2270 3181 2336 similis,
3213 2268 3321 2339 65
3350 2268 3531 2322 ﬁctum

1973 2360 2182 2416 habens
2227 2360 2530 2415 divinitatis
2570 2376 2786 2416 nomen.
2835 2362 2907 2414 At
2963 2364 3129 2427 enim,
3171 2362 3369 2431 inquit,
3415 2362 3534 2415 exi-

1972 2469 2136 2523 guum
2180 2468 2313 2509 sane
2354 2463 2434 2509 est
2469 2451 2646 2508 Verbo
2694 2469 2759 2509 ex
2812 2452 2921 2509 Deo
2967 2454 3148 2521 genito
3195 2453 3535 2509 sacriﬁcandi

1972 2561 2189 2601 munus.
2222 2546 2508 2617 Exiguum,
2541 2546 2735 2611 fateor,
2776 2546 2873 2600 tibi
2912 2547 3054 2601 enim
3098 2546 3364 2601 assentior
3393 2545 3536 2601 Veri-

1976 2647 2139 2692 tatem
2189 2638 2500 2707 praedicanti
2533 2657 2545 2692 :
2578 2640 2671 2693 sed
2712 2639 2855 2693 haud
2896 2639 3034 2693 nuda
3072 2653 3223 2693 usum
3259 2638 3537 2692 divinitate

1973 2730 2060 2786 bis
2085 2730 2174 2799 qui
2206 2740 2331 2784 sunt
2364 2730 2415 2783 in
2460 2730 2619 2783 terris
2644 2729 2917 2798 apparuit,
2946 2744 3129 2784 verum
3175 2730 3334 2783 homo
3360 2729 3537 2798 potius

1974 2821 2146 2875 nostri
2172 2820 2365 2875 similis
2394 2819 2614 2884 factum,
2638 2820 2723 2873 cui
2752 2834 3000 2890 magnum
3028 2818 3280 2887 quiddam
3312 2829 3394 2873 est
3422 2820 3536 2872 exi-

1976 2912 2251 2979 miumque
2295 2908 2632 2963 sacriﬁcandi
2676 2908 2944 2974 oﬁicium;
2999 2907 3142 2977 quod
3196 2906 3243 2962 si
3294 2906 3538 2976 repudiet

1976 3002 2314 3060 sacriﬁcandi
2350 3016 2545 3055 munus
2596 3009 2656 3054 ut
2690 2999 2917 3064 homini,
2961 3000 3075 3055 sive
3113 2999 3267 3053 alteri
3302 2998 3534 3067 cuipiam

1976 3097 2253 3152 servitutis
2290 3109 2596 3149 mensuram
2634 3094 2846 3148 habenti
2879 3093 3233 3157 conveniens,
3267 3092 3537 3162 quomodo

1976 3204 2082 3244 non
2108 3188 2299 3242 melius
2321 3186 2510 3241 luisset
2548 3187 2710 3239 etiam
2743 3194 2865 3240 ante
2893 3185 2995 3239 hoc
3021 3199 3237 3249 munus,
3276 3185 3540 3238 humana-

1978 3280 2178 3333 tionem
2211 3276 2533 3345 repudiare?
2564 3275 2670 3329 Sed
2699 3285 2879 3329 nostra
2910 3289 3074 3329 causa
3115 3275 3260 3328 haud
3287 3273 3536 3341 rejicien-

1976 3370 2098 3424 dam
2138 3370 2307 3439 ipsam
2363 3369 2763 3437 generationem
2809 3368 3007 3422 duxit:
3052 3367 3152 3421 iste
3207 3377 3383 3421 tamen
3410 3405 3425 3430 ,
3477 3374 3537 3417 ut

1977 3462 2111 3526 dixi,
2143 3463 2423 3514 veritatem
2455 3461 2748 3523 erubescit,
2779 3459 2831 3513 in
2872 3474 2979 3528 quo
3011 3459 3348 3527 insipientem
3394 3472 3454 3512 se
3482 3467 3539 3513 et

1979 3554 2287 3623 imperitum
2322 3554 2576 3619 ostendit,
2619 3554 2865 3622 quamvis
2891 3554 3081 3608 beatus
3113 3552 3312 3607 Paulus
3352 3551 3534 3607 dicat:

1983 3664 1999 3695 ι
2038 3645 2153 3699 Non
2209 3646 2352 3698 enim
2413 3646 2675 3698 erubesco
2740 3644 3124 3715 Evangelium;
3171 3645 3343 3698 virtus
3394 3647 3537 3698 enim

1980 3738 2072 3792 Dei
2104 3750 2186 3792 est
2219 3738 2268 3789 iu
2312 3736 2539 3790 salutem
2576 3737 2722 3790 omni
2763 3738 3003 3792 credenti
3021 3739 3087 3792 ".
3122 3756 3139 3788 ι
3171 3735 3541 3790 Admiratione

1977 3839 2155 3882 autem
2195 3830 2411 3898 dignum
2444 3840 2525 3882 est
2566 3829 2654 3883 Dei
2678 3828 2911 3882 Verbum
2958 3829 3149 3883 salutis
3189 3844 3254 3883 ac
3279 3828 3403 3882 vitae
3431 3842 3541 3881 om-

1977 3923 2125 3975 nium
2178 3936 2339 3975 causa
2396 3931 2597 3975 tantam
2646 3922 2999 3977 humilitatem
3049 3923 3233 3978 subire
3279 3921 3536 3983 voluisse,

1977 4029 2136 4082 quam
2168 4015 2351 4067 nescio
2381 4014 2648 4083 quomodo
2692 4012 2778 4066 hic
2804 4014 3106 4082 ineptarum
3136 4014 3539 4084 disciplinarum

1978 4104 2245 4167 inventor,
2270 4104 2350 4157 vel
2372 4104 2615 4158 conﬁteri
2643 4104 2813 4159 solum
2851 4107 3120 4161 erubescit
3146 4123 3160 4159 :
3193 4122 3312 4161 cum
3334 4106 3561 4178 aequius.

1978 4196 2169 4249 fuisset
2221 4205 2498 4265 propterea
2538 4195 2710 4265 ipsum
2767 4196 3067 4262 admirari,
3119 4206 3173 4252 et
3215 4197 3375 4252 simul
3416 4212 3561 4253 eum.

1977 4288 2137 4341 beato
2182 4285 2449 4355 Propheta
2498 4286 2734 4341 clamare
2764 4306 2776 4340 :
2810 4305 2828 4338 ι
2864 4287 3108 4351 Domine,
3155 4287 3335 4343 audivi
3383 4286 3540 4342 audi-

1980 4389 2092 4431 tum
2130 4387 2298 4441 tuum,
2329 4387 2383 4431 et
2406 4378 2586 4444 timui;
2629 4378 2961 4433 consideravi
3009 4395 3170 4448 opera
3220 4390 3331 4443 tua,
3361 4389 3413 4434 et
3446 4396 3561 4435 ext--

302 4464 531 4531 κραγεῖν
579 4462 635 4514 δὲ
677 4463 812 4533 όμοῦ
857 4465 934 4536 τῷ
984 4468 1240 4539 μακαρίῳ
1285 4472 1576 4541 προφήτῃ·
1637 4470 1871 4541 «Κύριε,

1980 4468 2102 4537 pavi
2125 4468 2191 4522 ".
2224 4486 2242 4519 ι
2281 4467 2413 4521 Nam
2440 4483 2562 4522 cum
2604 4484 2795 4523 omnes
2831 4469 3049 4525 Littera:
3082 4471 3341 4525 divinitus
3369 4471 3541 4541 inspi-

301 4555 609 4624 εἰσακήκοα
634 4556 733 4626 τὴν
762 4558 932 4627 ἀκοήν
966 4576 1058 4612 σου
1091 4562 1185 4612 καὶ
1219 4560 1524 4631 ἐφοϐήθην·
1575 4563 1879 4632 κατενόησα

300 4647 373 4699 τὰ
397 4646 536 4718 ἔργα
566 4665 659 4702 σου
688 4650 782 4703 καὶ
808 4650 1057 4723 ἐξέστην.
1082 4671 1100 4703 ›
1147 4653 1362 4724 Ἐπειδὴ
1395 4653 1449 4706 δὲ
1480 4656 1696 4725 ἁπάσης
1731 4654 1878 4726 αὑτῷ

301 4738 401 4806 τῆς
459 4737 819 4792 θεοπνεύστου
880 4741 919 4793 Γ
925 4742 1104 4810 ραφῆς
1164 4742 1618 4813 ἀντεγειρομένης
1678 4744 1879 4814 τρόπον

300 4830 446 4894 τινὰ,
486 4830 581 4882 καὶ
606 4832 1013 4903 ἀντανιστώσης
1038 4833 1135 4903 τὴν
1164 4833 1443 4903 ἀλήθειαν,
1471 4835 1677 4905 ψυχρόν
1700 4853 1759 4888 τε
1785 4836 1881 4889 καὶ

302 4919 492 4981 ἀῦλον,
527 4920 622 4972 καὶ
651 4920 947 4989 οὐδαμόθεν
979 4923 1437 4993 ὲπικουρούμενον
1472 4925 1877 4995 ἁποφαινούσης

300 5011 451 5081 αὐτῷ
480 5012 572 5063 τὸν
604 5014 695 5065 ἐπὶ
723 5016 833 5076 τοῖς
869 5015 1019 5076 ἰδίοις
1041 5015 1313 5084 εὑρήμασι
1337 5015 1515 5083 λόγον,
1538 5017 1875 5089 διηπόρηκεν

300 5101 366 5151 οὐ
402 5102 641 5170 μετρίως
684 5103 795 5153 τῶν
837 5105 914 5166 είς
958 5103 1223 5174 ὀρθότητὰ
1263 5121 1323 5156 τε
1365 5106 1460 5157 καὶ
1494 5104 1748 5175 ἀλήθειαν
1788 5107 1875 5157 ὲν-

303 5192 465 5244 νοιῶν
494 5210 553 5245 τε
598 5194 693 5246 καὶ
724 5194 1060 5263 διασκέψεων
1081 5211 1094 5221 ·
1125 5194 1301 5266 ταύτῃ
1337 5213 1439 5259 τοι,
1474 5196 1569 5249 καὶ
1610 5196 1646 5249 δι
1690 5197 1878 5267 μηδεὶς

304 5283 530 5337 πώποτε
559 5286 666 5337 τῶν
695 5288 772 5349 εἰς
800 5286 1065 5357 ὀρθότητα
1092 5287 1190 5356 τὴν
1220 5288 1556 5357 δογματικὴν
1593 5306 1875 5359 μεμαρτυ-

278 5348 587 5445 ’ρημένων,
621 5376 651 5444 ἦ
682 5348 1060 5446 πεφρονηκως,
1086 5376 1118 5446 ἦ
1148 5348 1642 5444 λέγωνὰλίσκεται,
1668 5348 1877 5442 ’ταύτας

306 5470 545 5520 ποιεῖται
576 5468 670 5519 τοῦ
706 5469 863 5537 λόγου
897 5470 997 5531 τὰς
1038 5469 1318 5539 ἀφορμάς·
1353 5472 1647 5539 σκιαμαχεῖ
1689 5487 1747 5522 τε
1784 5472 1878 5523 καὶ

306 5558 631 5612 διατείνεται
673 5560 869 5630 μάτην,
900 5560 1283 5628 ἀντεξάγοντος
1325 5561 1554 5625 οὐδενὸς,
1584 5561 1615 5631 ἢ
1652 5562 1876 5630 φιλονει-

384 5745 431 5776 ⁹⁰
460 5743 599 5797 l‘sstl.
632 5760 760 5809 XLII,
792 5746 843 5799 5.

920 5746 962 5777 9‘
990 5744 1143 5801 Joan.
1178 5760 1257 5810 ιιι,
1291 5745 1372 5799 l7.
1450 5746 1493 5776 ν’
1525 5741 1675 5798 Joan.
1707 5761 1813 5808 va.
1838 5747 1925 5800 27.

1980 4566 2111 4611 rata:
2149 4556 2249 4626 ipsi
2304 4566 2689 4626 repugnarent,
2742 4568 2798 4611 et
2846 4569 3180 4627 opponerent
3227 4560 3557 4625 veritatem,

1979 4648 2201 4717 ejusque
2230 4663 2532 4703 sermonem
2557 4664 2663 4715 quo
2693 4663 2788 4703 sua
2816 4660 3118 4703 commenta
3149 4660 3349 4717 tuetur,
3386 4650 3540 4719 frigi-

1981 4741 2106 4793 dum
2134 4748 2189 4795 et
2219 4740 2388 4795 levem
2417 4749 2470 4795 et
2506 4741 2648 4794 nulla
2676 4756 2745 4795 ex
2773 4749 2923 4809 parte
2954 4740 3142 4797 fultum
3174 4744 3557 4805 ostenderent,

1982 4849 2088 4886 non
2146 4833 2400 4887 mediocri
2436 4834 2657 4902 penuria
2707 4844 2976 4888 rectarum
3027 4849 3382 4902 verarumque
3417 4850 3557 4890 senm

1980 4924 2271 4980 tcntiarum
2317 4933 2369 4977 et
2401 4925 2810 4993 inquisitionum
2850 4926 3113 4980 laboravit
3141 4942 3156 4979 :
3191 4940 3253 4979 ea
3285 4926 3349 4980 de
3381 4941 3550 4980 causa

1981 5030 2100 5084 quae
2145 5029 2302 5068 nemo
2342 5030 2575 5081 unquam
2623 5024 2775 5069 recta
2802 5015 3113 5085 dogmatum
3159 5016 3541 5069 tradendorum

1984 5109 2194 5161 ratione
2227 5106 2477 5171 celebris,
2526 5117 2615 5161 aut
2664 5108 2920 5171 sensisse,
2971 5118 3063 5162 aut
3112 5107 3315 5161 dixisse
3343 5106 3540 5177 depre-

1982 5199 2256 5261 henditur,
2291 5200 2356 5252 iis
2386 5215 2480 5267 pro
2510 5214 2818 5253 sermonum
2861 5214 3077 5253 suorum
3120 5197 3405 5252 occasione
3434 5198 3543 5251 uti-

1983 5302 2089 5356 tur,
2137 5300 2189 5343 et
2231 5306 2350 5344 cum
2395 5293 2599 5344 umbris
2639 5300 2859 5360 pugnat,
2917 5301 2970 5344 et
3016 5288 3212 5343 frustra
3262 5289 3539 5343 contendit

1984 5382 2197 5435 nemine
2237 5391 2593 5449 repugnante,
2627 5391 2719 5434 aut
2759 5381 2841 5434 his
2873 5379 2936 5433 de
2968 5380 3127 5433 rebus
3157 5378 3541 5443 cantendcnte,

1984 5470 2123 5537 quod
2154 5470 2278 5522 illud
2307 5486 2427 5523 esse
2468 5480 2594 5539 puto
2625 5484 2805 5524 aerem
2836 5470 3143 5523 verberare.
3186 5467 3330 5520 Dixit
3357 5468 3541 5522 enim:

1984 5562 2117 5627 Quis
2151 5560 2391 5629 Apostoli
2437 5574 2629 5613 munus
2659 5574 2780 5613 cum
2822 5558 3091 5616 didicerit.
3131 5574 3235 5612 non
3273 5556 3415 5611 illico
3452 5554 3539 5611 in-

2006 5749 2046 5779 ”
2080 5743 2231 5800 Joan.
2259 5757 2339 5811 ut,
2369 5744 2421 5799 5.
2498 5745 2543 5777 ⁸⁵
2569 5744 2725 5801 Rom.
2754 5759 2794 5817 ι,
2823 5746 2909 5801 16.
2984 5750 3027 5782 ³⁵
3067 5748 3261 5803 Hahae.
3292 5763 3369 5809 Ill.
3400 5746 3453 5803 ί.
