4054 6332
481 278 589 335 N9

1457 276 1514 331 S.
1558 274 1825 332 CYRlLLl
1866 277 2336 334 ALEXANDRINI
2376 280 2696 338 ARCHlEP.

3612 289 3716 346 £90

480 392 657 450 dicari
695 390 964 447 hominem
993 388 1287 459 intelligat?
1325 388 1455 455 Quis
1498 392 1765 459 pontificis
1811 392 2046 462 appella-

2168 398 2266 447 ter
2296 395 2571 459 ἐθέλοντος
2597 398 2952 466 περὶτούτων
2982 401 3161 454 αὐτῶν
3204 401 3335 474 [τσ.
3366 402 3513 474 αύτῷ
3534 403 3552 475 ]
3572 422 3584 434 ο
3620 408 3715 459 καὶ

480 487 686 541 tionem
715 484 959 547 audiens,
991 482 1287 537 divinitatis
1329 482 1619 535 essentiam
1652 484 1826 551 ipsum
1862 486 2043 553 ponti-

484 582 637 636 flcem
659 576 968 633 existimet?
992 575 1123 629 Cum
1164 588 1289 643 ergo
1321 573 1409 642 qui
1437 574 1537 626 hoc
1561 574 1725 641 dicat,
1765 590 1924 630 nemo
1950 576 2042 639 sit,

483 685 604 725 cum
634 668 851 739 quibus,
893 666 978 719 dic
1021 665 1172 729 mihi,
1207 663 1509 727 contendis,
1554 672 1608 717 et
1654 678 1766 717 rem
1804 663 2045 718 omnium

484 760 752 817 sententia
789 759 1118 818 damnatam,
1167 765 1421 822 tanquam
1472 753 1588 823 ipse
1631 754 1779 808 solus
1816 765 2046 821 evertas,

486 864 776 930 palmarem
811 855 903 910 tibi
940 856 1078 908 hanc
1108 867 1342 922 pugnam
1387 851 1625 905 futuram
1656 850 1845 920 putas?
1876 848 2050 905 Porro

488 948 757 1018 quomodo
786 946 1017 1001 inficiari
1053 946 1222 1011 possit
1254 953 1307 1000 te
1346 944 1397 999 in
1431 942 1671 997 medium
1698 942 1749 995 id
1785 941 2047 1009 proferre,

487 1041 629 1114 quod
677 1054 798 1094 cum
843 1054 873 1091 a
924 1040 1141 1091 nemine
1189 1036 1420 1098 dicatur,
1468 1042 1649 1088 tacere
1695 1034 1867 1087 satius
1909 1040 2047 1099 erat,

488 1146 647 1203 quam
695 1131 748 1184 in
801 1128 1188 1198 simpliciorum
1234 1127 1443 1180 animos
1490 1123 1757 1192 injicere?
1781 1122 1893 1194 66
1919 1122 2050 1189 Quis

490 1225 635 1279 enim
679 1230 763 1276 est
811 1223 943 1275 adeo
989 1221 1268 1283 attonitus,
1322 1227 1380 1272 ut
1414 1217 1710 1272 divinitatis
1758 1216 2049 1271 essentiam

494 1318 665 1384 ipsum
715 1311 1027 1367 Pontificem
1085 1310 1395 1364 existimet?
1445 1307 1616 1362 Homo
1666 1316 1784 1361 erat
1833 1307 2048 1369 Aaron,

492 1401 740 1473 quamvis
781 1400 1005 1469 adeptus
1040 1409 1097 1452 ut
1141 1399 1195 1452 in
1232 1398 1324 1451 illo
1365 1397 1546 1452 divino
1584 1398 1885 1451 sacerdotio
1932 1396 2051 1450 aliis

492 1491 804 1547 excelleret.
879 1490 1158 1557 Quomodo
1210 1488 1373 1558 igitur
1422 1488 1703 1556 quisquam
1756 1486 2052 1540 divinitatis

492 1585 783 1641 essentiam
823 1583 998 1652 ipsum
1052 1580 1358 1650 pontiﬁcem
1409 1579 1600 1648 putet?
1654 1587 1747 1632 aut
1786 1579 2054 1647 quomodo

496 1692 600 1732 non
650 1690 871 1745 prorsus
914 1673 1233 1729 confiteatur
1283 1671 1554 1725 hominem
1603 1669 2050 1731 commemorari,

2148 487 2324 553 τοῦτο,
2346 486 2499 559 οἶμαι
2525 490 2636 544 ἔστι
2654 492 2734 558 τὸ,
2757 495 2838 556 εἰς
2868 494 3005 564 ἀέρα
3028 495 3225 566 δέρειν.
3257 496 3401 567 Ἔφη
3431 498 3540 566 γάρ
3560 514 3571 526 ·
3619 498 3716 562 Τίς

2160 580 2483 635 Ἀποστόλου
2512 582 2856 653 λειτουργίαν
2886 584 3095 655 μαθὼν,
3124 587 3223 639 οὐκ
3244 586 3406 648 εὐθὺς
3434 588 3716 660 ἄνθρωπον

2152 672 2485 742 μηνυόμενον
2508 673 2680 742 έγνω;
2710 675 2805 737 Τίς
2825 676 3123 745 ἀρχιερέως
3155 678 3448 746 ὀνομασίαν
3483 679 3712 745 ἀκούων,

2149 762 2398 833 θεότητος
2433 765 2621 818 οὐσίαν
2654 765 2744 819 τὸν
2771 767 3030 838 ἀρχιερέα
3059 768 3364 837 νομίσειεν;
3394 770 3523 823 Ὅτε
3542 770 3717 824 τοίνυν

2148 854 2323 917 οὐδεὶς
2346 858 2374 907 6
2405 856 2561 910 τοῦτο
2591 858 2763 925 λέγων
2795 859 2931 922 ἐστὶ,
2957 860 3117 923 τίσιν,
3159 860 3279 914 εἰπέ
3326 879 3438 931 μοι,
3486 862 3718 931 φιλονει-

2150 950 2284 1009 κεῖς,
2322 948 2417 1000 καὶ
2456 950 2516 1000 τὸ
2557 952 2673 1011 ταῖς
2708 950 2960 1005 ἁπάντων
3002 951 3202 1022 ψήφοις
3249 955 3716 1024 κατεγνωσμένον.

2150 1036 2225 1099 ὡς
2278 1037 2437 1107 μόνος
2487 1039 2646 1103 αὐτὸς
2698 1042 3041 1114 ἀνατρέπων,
3112 1043 3214 1095 οἴει
3257 1044 3396 1113 τάχα
3442 1062 3565 1106 που,
3627 1048 3721 1098 καὶ

2151 1129 2328 1200 γερῶν
2354 1130 2509 1195 ἀξίαν
2539 1132 2807 1187 ποιεῖσθαι
2828 1133 2925 1204 τὴν
2956 1133 3237 1201 ἔνστασιν,
3266 1137 3460 1189 Καίτοι
3483 1134 3600 1198 πῶς
3623 1137 3722 1189 οὐκ

2152 1223 2366 1292 ἀληθὲς,
2405 1222 2481 1286 ὡς
2514 1223 2669 1277 τοῦτο
2702 1225 2953 1293 λέγοντος
2978 1226 3210 1289 οὐδενὸς,
3268 1228 3349 1289 εἰς
3377 1227 3537 1297 μέσον
3567 1227 3720 1296 ἄγεις

2152 1314 2329 1378 αὐτὸς,
2350 1314 2377 1367 ὃ
2397 1317 2605 1387 σιωπᾷν
2636 1318 2882 1386 ἄμεινον,
2913 1320 3007 1372 καὶ
3044 1319 3117 1388 μὴ
3138 1321 3258 1381 ταῖς
3288 1319 3398 1371 τῶν
3425 1320 3721 1373 ἁπλουστέ-

2156 1422 2263 1475 ρων
2280 1405 2516 1459 ἐνίεσθαι
2533 1406 2730 1477 ψυχαῖς
2755 1425 2770 1473 ;
2800 1409 2896 1471 Τίς
2912 1410 3020 1478 γὰρ
3040 1408 3211 1472 οὕτως
3233 1408 3615 1479 ὲμϐρόντητος,
3647 1410 3723 1474 ὡς

2154 1497 2403 1567 θεότητος
2435 1499 2622 1551 οὐσίαν
2641 1498 2729 1552 τὸν
2771 1499 3056 1569 Ἀρχιερέα
3077 1498 3321 1569 νομίζειν
3349 1517 3363 1565 ;
3403 1499 3723 1568 Ἀνθρωπος

2152 1582 2220 1658 ἦν
2258 1587 2486 1657 Ἀαρὼν,
2522 1586 2697 1641 καίτοι
2740 1588 2801 1640 τὸ
2845 1586 3103 1658 προύχειν
3132 1587 3238 1640 τῶν
3270 1587 3444 1641 ἀλλων
3477 1586 3534 1639 tv
3568 1588 3727 1658 ἱερω-

2157 1679 2288 1749 σύνῃ
2319 1681 2385 1749 τῇ
2420 1678 2540 1749 θείᾳ
2582 1678 2782 1749 λαχών.
2815 1678 2940 1743 Πῶς
2974 1676 3066 1732 οὖν
3098 1679 3161 1732 άν
3198 1697 3285 1743 τις
3322 1678 3509 1732 οὐσίαν
3541 1678 3726 1747 θεότη-

494 1785 617 1825 eum
665 1769 834 1823 frater
874 1766 965 1823 ille
1008 1765 1138 1820 Mosi
1188 1773 1244 1818 ut
1291 1763 1529 1834 pontifex
1569 1761 1910 1831 appellatur?
1952 1759 2054 1814 Sed

2168 1788 2249 1834 τος
2281 1770 2371 1823 τὸν
2413 1771 2671 1843 ἀρχιερέα
2696 1770 3008 1841 νομίσειεν;
3053 1772 3087 1841 ἦ
3129 1770 3244 1835 πῶς
3284 1770 3351 1825 ἂν
3388 1771 3509 1842 οὒχί
3553 1771 3727 1840 πάντη

494 1865 636 1919 enim
679 1876 802 1917 cum
847 1872 1188 1914 communem
1225 1869 1529 1910 sermonem
1588 1852 1847 1924 proferat,
1884 1862 1937 1906 et
1965 1854 2053 1921 qui

495 1956 689 2024 cuique
720 1955 787 2007 de
836 1958 1021 2005 nostro
1069 1962 1293 2002 numero
1330 1946 1595 2000 sacerdoti
1626 1945 1852 2013 quadret
1900 1953 2057 2011 atque

497 2044 802 2106 conveniat,
836 2038 1252 2110 dispensationis
1300 2052 1417 2105 qua:
1446 2039 1497 2090 in
1544 2035 1765 2090 Christo
1805 2035 2057 2104 intelligi-

497 2150 607 2202 tur,
648 2133 1018 2190 admirabilem
1068 2130 1290 2201 gloriam
1325 2127 1651 2180 labefactare
1698 2134 1949 2187 conatur,
2005 2132 2059 2177 ct

496 2230 740 2285 divinum
780 2226 910 2280 illud
942 2224 1258 2294 mysterium
1307 2229 1548 2274 nostrum
1588 2233 1651 2271 ex
1691 2217 1815 2271 imis
1840 2215 2058 2271 sedibus

499 2321 664 2377 audet
691 2327 958 2381 evertere,
994 2313 1215 2368 minime
1241 2312 1485 2381 cogitans
1510 2308 1805 2365 Ecciesiam
1833 2323 1861 2361 a
1895 2307 2057 2362 Clit-i-

498 2427 582 2469 sto
623 2426 784 2480 supra
815 2418 1022 2479 petram
1064 2420 1185 2461 esse
1215 2404 1512 2467 fundatam,
1554 2409 1606 2455 et
1640 2414 1915 2469 nunquam
1945 2396 2060 2451 fure

500 2516 556 2561 ut
589 2505 852 2558 adversus
894 2514 1011 2555 eam
1055 2504 1222 2567 porta:
1255 2494 1411 2549 inferi
1462 2491 1870 2563 praevaleant".
1906 2488 2061 2542 Dedi-

500 2602 695 2668 gnatur
722 2593 866 2648 enim
908 2603 1245 2645 communem
1283 2595 1337 2641 et
1372 2586 1612 2641 omnium
1644 2592 1787 2637 recte
1820 2574 2061 2636 sentien-

504 2690 636 2743 tium
664 2686 969 2755 opinionem
1000 2682 1150 2752 sequi
1183 2696 1199 2733 :
1231 2695 1421 2733 novam
1454 2693 1562 2733 sum
1600 2676 1885 2731 sententiae
1918 2676 2058 2729 viam

502 2778 896 2833 inconsiderate
929 2774 1074 2829 solus
1120 2771 1438 2841 ingreditur.
1484 2768 1590 2821 Nos
1638 2768 1807 2832 enim,
1859 2776 1917 2820 ut
1948 2765 2058 2835 jam

501 2867 754 2940 praefatus
800 2881 944 2934 sum,
979 2865 1105 2920 illud
1153 2880 1217 2919 ex
1253 2863 1361 2917 Deo
1404 2860 1562 2915 Patre
1600 2859 1851 2925 Verbum,
1889 2858 2064 2912 homi-

503 2975 623 3015 nem
658 2959 881 3023 factum,
915 2967 971 3013 et
1005 2958 1109 3013 sibi
1157 2964 1214 3011 et
1260 2954 1404 3009 Patri
1454 2953 1791 3008 sacrificasse
1832 2950 2063 3005 dicimus

504 3054 625 3109 fidei
659 3064 859 3108 nostra:
906 3049 1323 3114 confessionem,
1367 3056 1422 3101 et
1469 3053 1851 3114 congruentem
1888 3042 2062 3096 nulla—

502 3161 608 3218 que
636 3160 702 3201 ex
734 3153 886 3215 parte
911 3159 941 3199 a
970 3156 1218 3197 mensura
1253 3138 1634 3196 exinanitionis
1666 3137 2060 3203 discrepantem
2095 3122 2141 3182 C

502 3238 737 3310 gessisse
783 3234 1263 3305 dispensationem.
1316 3232 1421 3285 Sed
1470 3246 1577 3284 non
1624 3229 1699 3281 illi
1745 3227 1861 3280 itth
1896 3227 1966 3279 ita
2007 3239 2065 3279 se

504 3329 705 3384 habere
742 3326 1012 3387 videntur,
1044 3324 1138 3379 sed
1186 3322 1276 3375 ubi
1308 3319 1560 3386 privatim
1610 3332 1674 3370 ac
1713 3316 1940 3370 seorsim
1983 3314 2066 3367 di-

503 3420 714 3483 stinxit,
749 3430 1001 3487 tanquam
1044 3415 1181 3469 alius
1222 3415 1293 3468 sit
1332 3411 1579 3466 Christus
1628 3409 1718 3463 ille
1759 3423 1827 3463 ex
1877 3417 2065 3462 sancta

502 3508 723 3579 Virgine
773 3508 840 3561 ab
882 3507 973 3560 illo
1017 3520 1083 3558 ex
1123 3505 1230 3558 Deo
1270 3503 1429 3556 Patre
1458 3499 1656 3561 Verbo,
1694 3498 1863 3567 ipsum
1902 3497 2067 3551 fuisse

506 3602 704 3657 asserit
751 3598 1066 3669 Apostolum
1110 3606 1166 3651 et
1212 3593 1530 3649 Pontificem
1566 3590 1921 3645 confessionis
1970 3604 2068 3643 no-

506 3692 721 3757 suae",
771 3704 937 3759 seque
983 3688 1069 3758 pie
1116 3687 1475 3756 religioseque
1508 3684 1712 3738 sentire
1746 3690 1897 3750 putat
1944 3695 2065 3733 cum

508 3787 626 3838 ait:
656 3782 711 3838 Si
745 3781 887 3836 Deus
913 3790 996 3834 est
1041 3778 1127 3832 ille
1160 3778 1251 3847 qui
1295 3775 1472 3839 offert,
1506 3773 1680 3827 nullus
1709 3780 1794 3825 est
1818 3771 1902 3826 cui
1933 3769 2067 3823 ofl'e-

506 3885 658 3931 ratur
687 3891 702 3927 :
734 3872 859 3942 quid
882 3871 1025 3926 enim
1054 3868 1335 3923 divinitate
1358 3868 1574 3937 dignum
1604 3866 1697 3929 sit,
1726 3874 1783 3918 ut
1811 3876 2064 3933 tanquam

508 3970 732 4027 inferior
766 3966 953 4033 majori
991 3962 1217 4018 offerat?
1257 3961 1363 4015 Sed
1410 3961 1455 4015 si
1491 3961 1611 4029 quis
1637 3969 1780 4013 esset
1812 3958 1900 4027 qui
1934 3974 2066 4011 con-

509 4062 755 4118 tenderet
784 4074 847 4113 ac
876 4059 1099 4120 diceret,
1133 4057 1308 4124 ipsum
1342 4068 1467 4106 vere
1493 4067 1559 4104 ex
1604 4051 1709 4104 Deo
1734 4048 1891 4103 Patre
1919 4049 2069 4118 geni-

510 4165 620 4209 tum
650 4149 885 4206 Verbum
931 4147 1093 4202 etiam
1134 4155 1416 4213 antequam
1454 4144 1612 4196 homo
1664 4140 1837 4204 fieret,
1871 4139 1935 4191 ad
1978 4154 2066 4192 sa-

511 4245 734 4302 cerdotii
786 4258 982 4297 munus
1027 4254 1146 4295 esse
1188 4238 1527 4298 collocatum,
1577 4245 1634 4288 et
1677 4236 1729 4287 in
1780 4232 2067 4285 ministerii

510 4338 698 4392 ordine
752 4350 814 4391 ac
866 4347 1114 4387 mensura
1160 4329 1529 4390 constitutum,
1578 4340 1748 4393 eaque
1794 4325 1859 4376 de
1907 4336 2067 4376 causa

505 4430 628 4497 jure
686 4425 943 4497 appellari
985 4422 1289 4493 pontificem
1330 4430 1383 4472 et
1432 4416 1750 4485 apostolum,
1796 4414 2069 4481 sapienter

514 4524 696 4590 utique
724 4518 1038 4580 refutasset,
1073 4524 1128 4569 et
1156 4522 1277 4581 apte
1307 4512 1407 4564 hac
1438 4512 1502 4563 de
1538 4522 1593 4561 re
1616 4504 1923 4559 conclusam
1956 4520 2074 4559 esse

512 4615 580 4668 ab
603 4627 668 4667 eo
693 4607 1158 4664 ratiocinationem
1186 4602 1291 4655 dici
1321 4608 1520 4669 posset.
1548 4597 1661 4650 Non
1693 4596 1834 4649 enim
1871 4606 2076 4648 natura:

515 4706 588 4760 illi
636 4702 884 4757 omnibus
937 4695 1235 4752 dominanti
1286 4692 1656 4747 sacrificantes
1701 4689 1960 4751 deerant,
2018 4696 2076 4742 nt

515 4798 626 4866 ipsa
668 4793 770 4847 sibi
821 4803 1036 4845 sacrum
1084 4787 1366 4841 exhiberet
1403 4782 1740 4849 obsequium.
1792 4778 1895 4833 Sed
1943 4780 2071 4846 quia

514 4888 604 4941 ille
639 4882 959 4953 Unigenitus
984 4878 1073 4949 qui
1109 4888 1296 4931 natura
1335 4873 1475 4927 Deus
1499 4884 1638 4937 erat,
1671 4883 1724 4926 et
1751 4888 1779 4925 a
1816 4874 2069 4926 sacerdo-

517 4984 659 5036 tibus
696 4976 955 5045 obsequia
994 4987 1144 5029 sacra
1182 4969 1528 5039 suscipiebat,
1558 4968 1622 5021 ad
1650 4980 1955 5021 mensuram
1981 4978 2074 5019 eo-

515 5088 633 5128 rum
660 5069 938 5124 descendit
958 5065 1047 5135 qui
1072 5061 1375 5119 sacerdotio
1402 5060 1776 5129 fungebantur,
1800 5058 1986 5119 homo,
2017 5064 2075 5108 ut

515 5162 647 5228 dixi,
670 5160 859 5225 factus,
884 5155 1018 5211 nihil
1035 5152 1253 5208 absurdi
1277 5160 1377 5216 est,
1398 5150 1440 5205 si
1458 5153 1619 5204 etiam
1641 5150 1894 5205 sacerdos
1917 5163 2073 5201 voce—

518 5267 603 5309 tur
630 5269 660 5307 a
689 5252 860 5306 nobis.
899 5251 981 5303 An
1014 5262 1140 5301 vero
1172 5260 1276 5299 non
1317 5243 1593 5298 descendit
1625 5246 1674 5297 in
1706 5242 1874 5296 forma
1908 5240 2079 5304 servi,

517 5346 626 5418 67
666 5343 892 5398 formam
918 5339 1122 5393 scilicet
1146 5337 1284 5390 servi
1314 5336 1604 5405 accipiens,
1628 5334 1876 5405 quamvis
1904 5333 2075 5402 ﬁgura

519 5444 664 5491 esset
713 5449 777 5488 ac
824 5432 1075 5502 splendor
1118 5429 1298 5497 gloria:
1345 5427 1519 5483 Patris
1542 5429 1626 5480 ’3?
1663 5442 1885 5497 prorsus
1917 5440 2077 5479 nemo

520 5538 606 5581 est
636 5526 725 5593 qui
751 5525 815 5579 de
843 5525 942 5578 hac
966 5536 1024 5577 re
1050 5520 1273 5575 dubitet.
1305 5519 1436 5575 Cum
1472 5521 1632 5589 igitur
1662 5520 1751 5573 ille
1777 5518 2072 5572 secundum

2162 1879 2218 1916 τε
2276 1862 2368 1915 καὶ
2419 1863 2636 1925 πάντως
2695 1862 3078 1931 ὁμολογήσειεν
3132 1862 3421 1933 ἀνθρώπου
3477 1863 3728 1930 γενέσθαι

2166 1954 2404 2024 μνήμην,
2430 1953 2558 2005 ὅταν
2587 1953 2715 2022 ἡμῖν
2740 1953 2769 2005 6
2807 1952 3047 2015 Μωσέως
3074 1949 3297 2020 ἁδελφὸς
3328 1951 3403 2012 ὼς
3444 1949 3729 2019 ἀρχιερεὺς

2162 2044 2519 2114 όνομάζηται;
2564 2043 2721 2096 Ἀλλά
2751 2044 2861 2114 γὰρ
2885 2043 3064 2097 κοινόν
3092 2058 3215 2095 τινα
3239 2042 3333 2094 καὶ
3364 2041 3503 2094 κατὰ
3532 2041 3732 2103 παντὸς

2164 2135 2462 2206 ἀρχιερέως
2500 2134 2611 2189 τῶν
2652 2134 2773 2187 καθ’
2826 2136 2973 2204 ἡμᾶς
3026 2133 3171 2186 ἰόντα
3208 2149 3268 2184 τε
3313 2132 3406 2185 καὶ
3455 2131 3733 2202 πρέποντα

2165 2226 2437 2298 προτιθεὶς
2458 2226 2546 2279 τὸν
2585 2226 2761 2295 λόγον,
2800 2226 2900 2296 τῆς
2924 2225 2982 2279 ὲν
3005 2223 3228 2295 Χριστῷ
3267 2223 3559 2293 νοουμένης
3586 2223 3731 2275 οἰκο-

2166 2318 2356 2385 νομίας
2392 2317 2453 2370 τὸ
2497 2317 2798 2389 παράδοξον
2829 2316 3127 2388 παραλύειν
3170 2317 3460 2386 ἐπιχειρεῖ,
3502 2315 3595 2368 καὶ
3622 2308 3733 2367 οἷον

2165 2411 2229 2463 ἐκ
2262 2410 2475 2481 βάθρων
2506 2409 2683 2463 αὐτῶν
2705 2408 3012 2463 κατασείειν
3034 2408 3313 2479 ἀποτολμᾷ
3339 2407 3397 2460 τὸ
3419 2406 3559 2460 θεῖον
3578 2407 3610 2475 ἡ
3618 2405 3734 2475 μῶν

2171 2501 2465 2571 μυστήριον
2486 2517 2499 2530 ο
2536 2502 2636 2554 οὐκ
2665 2500 2879 2567 ἐννοῶν,
2920 2501 3003 2554 ὅτι
3030 2498 3421 2571 τεθεμελίωκεν
3442 2501 3473 2553 6
3493 2497 3735 2569 Χριστὸς

2166 2594 2258 2645 ἐπὶ
2288 2592 2490 2663 πέτραν
2511 2592 2610 2665 τὴν
2651 2592 2979 2662 Ἐκκλησίαν
2997 2608 3011 2622 ο
3042 2592 3137 2646 καὶ
3163 2591 3326 2645 πύλαι
3348 2591 3473 2663 ᾅδου
3503 2591 3563 2643 οὐ
3608 2607 3738 2642 κατ-

2168 2686 2478 2756 ισχύσουσιν
2529 2685 2718 2754 αὐτῆς.
2756 2685 2993 2739 ’Ήκιστα
3018 2685 3117 2757 μὲν
3156 2685 3264 2755 γάρ
3311 2684 3453 2749 ἀξιοῖ
3483 2686 3551 2753 τῇ
3583 2685 3736 2752 κοινῇ

2167 2776 2261 2829 καὶ
2309 2774 2564 2828 ἁπάντων
2610 2775 2716 2828 τῶν
2754 2775 2889 2845 ὀρθὰ
2934 2778 3149 2847 φρονεῖν
3196 2774 3462 2829 εἰωθότων
3507 2772 3738 2826 ἕπεσθαι

2166 2868 2314 2940 δόξῃ·
2341 2870 2654 2937 καινοτομεῖ
2700 2868 2792 2921 καὶ
2834 2869 2992 2938 μόνος
3038 2868 3413 2929 ἀϐασανίστως
3440 2865 3500 2919 τό
3526 2864 3734 2919 δοκοῦν.

2179 2960 2370 3031 Ἡμεῖς
2401 2961 2498 3029 μὲν
2528 2960 2656 3029 γὰρ,
2687 2961 2937 3032 καθάπερ
2962 2961 3059 3033 ἤδη
3087 2963 3365 3031 προεῖπον,
3383 2958 3473 3013 τὸν
3510 2960 3575 3011 ὲκ
3602 2957 3738 3011 Θεοῦ

2170 3052 2380 3123 Πατρὸς
2413 3052 2586 3120 Λόγον
2612 3051 2898 3123 ἄνθρωπον
2927 3052 3218 3119 γεγονότα,
3263 3050 3356 3104 καί
3386 3048 3739 3120 ἰερουργῆσαί

2173 3158 2351 3211 φαμεν
2384 3140 2559 3211 ἑαυτῷ
2602 3141 2693 3193 καὶ
2726 3139 2803 3212 τῷ
2842 3141 3015 3212 Πατρ)⁸
3046 3142 3142 3212 τῆς
3184 3141 3416 3202 πίστεως
3447 3139 3600 3208 ἡμῶν
3641 3139 3742 3209 τὴν

2172 3232 2480 3303 ὁμολογίαν,
2532 3232 2849 3302 πρέπουσάν
2892 3250 2951 3285 τε
2996 3234 3093 3287 καὶ
3142 3232 3263 3285 κατ’
3307 3231 3498 3284 οὐδένα
3541 3230 3742 3300 τρόπον

2172 3325 2511 3394 ἀνάρμοστον
2545 3325 2655 3387 τοῖς
2694 3324 2794 3395 τῆς
2831 3323 3112 3386 κενώσεως
3149 3322 3368 3392 μέτροις
3414 3320 3743 3392 ποιήσασθαι

2171 3418 2271 3485 τὴν
2317 3416 2648 3488 οἰκονομίαν.
2696 3415 2836 3467 Ἀλλ’
2873 3409 3115 3485 ούχῗῶδε
3170 3414 3323 3467 ταῦτ’
3362 3413 3504 3484 ἔχειν
3548 3414 3744 3482 ἐκείνῳ

2173 3508 2340 3571 δοκεῖ,
2380 3507 2487 3578 ίδίᾳ
2512 3507 2568 3561 δὲ
2612 3506 2811 3576 μᾶλλον
2842 3507 2938 3559 καὶ¹
2974 3507 3079 3559 ἀνά
3114 3504 3277 3576 μέρος
3326 3503 3633 3569 ἀπολαϐὼν,
3665 3504 3745 3568 ὼς

2170 3599 2357 3668 ἕτερον
2411 3600 2539 3651 ὄντα
2580 3598 2815 3669 Χριστὸν
2857 3596 2946 3649 τὸν
2993 3598 3058 3649 ὲκ
3096 3597 3195 3666 τῆς
3250 3596 3410 3663 άγίας
3462 3594 3745 3665 Παρθένου

2176 3690 2328 3760 παρά
2356 3706 2420 3757 γε
2456 3689 2545 3743 τὸν
2567 3690 2630 3741 ὲκ
2665 3688 2799 3742 Θεοῦ
2838 3687 3048 3758 [ἰατρὸς
3083 3688 3272 3755 Λόγον,
3306 3685 3467 3739 αὐτὸν
3490 3685 3744 3753 γενέσθαι

2175 3784 2337 3852 φησὶν
2353 3780 2675 3834 Ἀπόστολον
2694 3781 2786 3833 καὶ
2821 3779 3106 3851 Ἀρχιερέα
3136 3780 3232 3849 τῆς
3259 3778 3546 3847 ὁμολογίας
3563 3778 3744 3847 ήμῶνο

2175 3874 2346 3927 οἴεται
2382 3874 2438 3927 δὲ
2485 3875 2579 3927 καὶ
2636 3874 2745 3926 τῶν
2787 3875 2867 3937 εἰς
2913 3872 3195 3925 εὐσέϐειαν
3238 3871 3480 3942 ἡκόντων
3524 3872 3750 3936 ἐννοεῖν,

2177 3967 2352 4019 έκεῖνο
2386 3965 2558 4033 λέγων
2582 3982 2595 3995 °
2630 3966 2692 4018 Ei
2723 3964 2854 4027 Θεὸς
2878 3967 2905 4017 6
2924 3963 3270 4035 προσφέρων,
3294 3963 3467 4023 οὐδεὶς
3502 3955 3546 4030 ᾧ
3574 3978 3747 4032 προσ-

2178 4057 2437 4128 φέρεται’
2492 4058 2543 4110 τί
2593 4056 2701 4128 γὰρ
2755 4056 3005 4124 θεότητος
3054 4056 3224 4121 ἄξιον,
3278 4056 3342 4108 ἵν’
3406 4055 3481 4119 ὼς
3527 4054 3749 4109 ἔλαττον

2178 4148 2459 4220 προσφέρῃ
2498 4147 2575 4218 τῷ
2608 4146 2850 4218 μείζονι;
2894 4146 3032 4199 Ἀλλ’
3054 4147 3103 4198 εί
3129 4144 3226 4215 μέν
3250 4163 3332 4209 τις
3348 4141 3416 4216 ἦν
3437 4147 3465 4198 6
3494 4146 3749 4199 διατεινό-

2182 4239 2337 4309 μενός
2365 4256 2425 4291 τε
2449 4238 2542 4292 καὶ
2579 4238 2751 4307 λέγων
2777 4236 2939 4291 αὐτὸν
2971 4236 3185 4307 ἀληθῶς
3214 4238 3305 4290 τὸν
3356 4237 3421 4290 ἐκ
3466 4236 3598 4289 Θεοῦ
3630 4238 3750 4289 Πα-

2176 4332 2303 4403 τρὸς
2346 4331 2537 4399 Λόγον,
2574 4330 2669 4383 καὶ
2704 4329 2810 4400 πρὸ
2848 4330 2948 4400 τῆς
2986 4329 3446 4401 ὲνανθρωπήσεως
3490 4328 3751 4399 τετάχθαι

2182 4425 2312 4495 πρὸς
2344 4423 2673 4495 ἱερουργίαν,
2718 4424 2810 4476 καὶ
2835 4424 2893 4475 ὲν
2920 4420 3136 4492 μέτροις
3168 4417 3306 4475 εἶναι
3332 4421 3746 4490 λειτουργικοίς,

2180 4516 2383 4587 ταύτης
2414 4532 2471 4569 τε
2502 4516 2658 4568 ἕνεκα
2686 4516 2784 4585 τῆς
2812 4515 2990 4577 αἰτίας
3019 4512 3379 4583 ὀνομάζεσθαι
3414 4513 3524 4565 δεῖν
3559 4515 3751 4583 ἀρχιε-

2183 4608 2281 4679 ρέα
2322 4607 2419 4661 καὶ
2460 4607 2775 4660 ἀπόστολον.
2823 4605 2999 4676 Σοφὴν
3044 4605 3110 4658 ἂν
3146 4606 3437 4674 ἐποιήσατο
3476 4603 3573 4674 τὴν
3612 4604 3751 4657 ἀπό-

2179 4698 2372 4765 πληξιν
2403 4695 2524 4768 [ῑσ.
2556 4694 2877 4766 ἐπίπληξιν]
2896 4712 2907 4723 ·
2934 4695 3263 4765 πεποιῆσθαι
3282 4694 3341 4748 δὲ
3363 4695 3457 4748 καὶ
3478 4696 3535 4747 ἐν
3558 4694 3754 4764 κόσμῳ

2178 4788 2313 4858 φαίη
2360 4805 2443 4851 τις
2487 4786 2552 4841 ἂν
2584 4786 2731 4857 αὐτῷ
2768 4786 2858 4839 τὸν
2896 4787 2989 4839 ἐπὶ
3027 4786 3200 4855 τούτῳ
3246 4786 3617 4856 συλλογισμόν.
3671 4788 3750 4840 Οὐ

2177 4881 2285 4951 γάρ
2318 4876 2385 4950 ἦν
2414 4880 2471 4933 έν
2511 4878 2703 4932 σπάνει
2724 4877 2831 4931 τῶν
2861 4877 3158 4950 ἱερουργῶν
3192 4879 3226 4947 ἡ
3248 4877 3353 4931 τῶν
3382 4878 3518 4931 ὅλων
3547 4878 3751 4948 κατάρ-

2181 4990 2348 5043 χουσα
2373 4971 2551 5039 φύσις,
2588 4971 2655 5022 ἶν’
2674 4970 2731 5021 ὲν
2754 4970 2891 5039 αὐτῇ
2922 4968 3037 5041 [Ζσ.
3056 4968 3263 5040 ἑαυτῇ]
3294 4969 3748 5040 λειτουργήσειεν.

2196 5062 2414 5133 Ἐπειδὴ
2462 5062 2519 5113 δὲ
2557 5061 2716 5129 φύσει
2753 5061 2884 5126 Θεὸς
2928 5062 3186 5131 ὑπάρχων
3220 5061 3247 5113 6
3286 5061 3615 5131 Μονογενὴς,
3654 5061 3751 5113 καὶ

2182 5156 2280 5219 τὰς
2310 5155 2460 5226 παρά
2496 5155 2605 5208 τῶν
2647 5154 3030 5225 ἰερατευόντων
3060 5151 3399 5220 λειτουργίας
3443 5151 3749 5221 δεχόμενος,

2183 5249 2262 5309 είς
2298 5245 2358 5297 τὸ
2404 5245 2514 5297 τῶν
2542 5244 2888 5314 τεταγμένων
2933 5244 3011 5304 είς
3060 5240 3369 5312 ἱερουργίαν
3418 5240 3751 5309 καταπεφοί-

2184 5352 2314 5403 τηκε
2348 5334 2567 5406 μέτρον,
2604 5333 2885 5403 ἄνθρωπος
2915 5329 3176 5400 γεγονὼς,
3233 5330 3307 5395 ὡς
3340 5331 3496 5400 ἔφην,
3542 5330 3753 5398 γένοιτο

2184 5425 2249 5478 ἂν
2271 5426 2378 5478 τῶν
2408 5426 2621 5479 ἀτόπων
2652 5424 2824 5489 οὐδὲν,
2858 5425 2907 5476 εἰ
2936 5423 3149 5476 καλοῖτο
3180 5423 3315 5493 πρὸς
3350 5423 3506 5494 ἡμῶν
3534 5424 3623 5475 καὶ
3650 5424 3752 5492 ἀρ⁹

2186 5516 2419 5586 χιερεύς.
2475 5515 2542 5570 Ἥ
2595 5516 2655 5571 οὐ
2716 5516 3091 5588 καταϐέϐηκεν
3126 5518 3183 5570 tv
3230 5520 3294 5587 τῇ
3318 5515 3505 5569 δούλου
3544 5515 3746 5584 μορφῇ,

591 5707 636 5739 ’⁸
666 5704 855 5761 Matth.
882 5718 995 5771 xvi,
1018 5702 1102 5757 l6.
1178 5704 1220 5735 "
1255 5701 1416 5760 llebr.
1445 5702 1581 5768 tu,l.
1659 5700 1702 5732 "
1737 5698 1965 5771 Philipp.
1996 5714 2054 5765 n,
2085 5696 2149 5761 7;
2180 5693 2339 5751 Hebr.
2370 5711 2408 5761 I,
2432 5694 2481 5748 3.
