4054 6332
301 334 396 390 19.1

1385 320 1763 377 ADVERSUS
1801 320 2208 381 NESTORIUM
2248 322 2373 379 LIB.
2416 324 2505 380 Ill.

3463 326 3565 382 €22

303 449 516 524 μορφὴν
572 444 813 517 δηλονότι
864 442 1051 495 δούλου
1101 439 1303 505 λαϐὼν,
1348 439 1527 493 καίτοι
1592 440 1879 511 χαρακτὴρ

1991 456 2237 499 naturam
2285 447 2442 510 liber,
2480 455 2665 511 utpote
2702 446 2862 509 Deus,
2892 444 2980 500 ille
3007 443 3098 514 qui
3132 451 3247 498 erat
3299 444 3350 499 in
3394 446 3565 501 forma

300 543 564 611 ὑπάρχων
610 536 704 590 καὶ
747 533 1084 602 ἀπαύγασμα
1138 533 1235 600 τῆς
1285 528 1441 599 δόξης
1487 528 1582 581 τοῦ
1634 528 1881 598 Πατρός;

299 631 415 686 ἀλλ’
444 631 544 683 ούκ
572 626 638 681 ἂν
670 622 961 678 ὲνδοιάσειέ
990 638 1093 684 τις.
1118 620 1247 672 Ὅτε
1282 620 1463 672 τοίνυν
1493 621 1521 672 6
1553 621 1691 672 κατά
1721 617 1883 685 φύσιν

304 720 442 773 ἰδίαν
466 715 769 786 ἐλεύθερος,
798 714 873 775 ὡς
897 712 1046 774 Θεὸς,
1068 712 1096 763 6
1125 712 1181 763 ἐν
1213 712 1396 779 μορφῇ
1428 708 1524 761 καὶ
1556 708 1760 776 ἰσότητι
1791 707 1883 759 τοῦ

302 809 732 879 γεγεννηκότος,
791 804 1167 875 κεχρημάτικε
1219 800 1435 865 δοῦλος,
1487 800 1578 852 τὸν
1613 798 1724 869 [τοι.
1751 797 1884 870 τῶν]

308 905 410 958 ὑπὸ
448 902 589 970 ζυγά
618 898 863 961 δουλείας
893 896 954 948 τὸ
1003 894 1201 966 μέτρον
1230 894 1291 946 ού
1326 892 1690 961 διωθούμενος
1738 892 1885 943 οίκο-

307 994 565 1065 νομικῶς,
601 992 717 1046 ἀνθ’
743 993 865 1043 ὅτου
896 987 1072 1050 δέδιας
1102 985 1264 1039 αὑτὸν
1297 984 1390 1037 καὶ
1414 984 1673 1056 ἀρχιερέα
1700 983 1884 1036 καλεῖν

306 1086 396 1139 διὰ
432 1086 494 1139 τὸ
529 1082 902 1155 ἀνθρώπινον;
947 1077 1196 1148 καθιεροί
1240 1075 1348 1145 γὰρ
1389 1076 1538 1144 ἡμᾶς
1584 1075 1665 1136 είς
1709 1073 1885 1144 ὀσμὴν

307 1176 531 1239 εύωδίας
561 1175 651 1229 διὰ
689 1173 788 1242 τῆς
821 1170 1055 1232 πίστεως
1076 1185 1089 1198 ·
1124 1167 1314 1221 ἑαυτόν
1346 1183 1406 1219 τε
1446 1166 1585 1237 ὑπὲρ
1625 1166 1781 1236 ἡμῶν
1808 1165 1884 1228 ὼς

308 1268 685 1337 εὐοσμὼτατον
721 1265 866 1335 θῦμα
899 1261 1303 1331 προσκεκόμικε
1350 1259 1427 1328 τῷ
1467 1259 1664 1328 Πατρί.
1710 1259 1767 1311 Ὀ
1804 1258 1881 1322 δὲ,

308 1360 408 1411 οὐκ
428 1355 522 1412 οἷδ’
544 1358 569 1410 ’ό
590 1375 642 1410 τι
668 1356 864 1423 λέγων,
892 1351 1231 1423 προσεπάγει
1261 1350 1471 1412 τούτοις
1496 1348 1657 1411 εύθύς
1675 1365 1689 1378 ο
1715 1346 1885 1400 Πόθεν

306 1445 401 1502 οὖν
428 1452 457 1501 ό
487 1447 617 1511 Θεὸς
656 1448 839 1508 αὐτοῖς
879 1441 1180 1511 κεκλῆσθαι
1228 1440 1321 1493 νῦν
1371 1440 1663 1511 ἀρχιερεὺς
1701 1438 1885 1509 ἐνομί-

308 1544 477 1612 σθη,ὀ
509 1540 696 1603 θυσίας
723 1540 805 1601 είς
834 1534 1118 1607 προκοπὴν
1146 1533 1283 1587 ἰδίαν
1316 1533 1389 1603 μὴ
1421 1532 1675 1603 χρῄζων;
1707 1534 1734 1584 ὁ
1759 1532 1887 1585 Θεό⁶

306 1651 469 1705 τητος
498 1633 717 1702 κτήτωρ
755 1648 774 1680 ι
805 1630 861 1695 ἐξ
890 1626 1193 1698 ἀνθρώπων
1225 1625 1470 1695 ληφθεὶς,
1499 1623 1643 1693 ὑπὲρ
1677 1621 1886 1695 ἀνθρώ-

306 1744 426 1778 πων
455 1723 775 1776 καθίσταται
815 1722 883 1774 τὰ
916 1719 1050 1789 πρὸς
1086 1718 1177 1771 τὸν
1204 1717 1369 1783 Θεόν;
1401 1736 1419 1769 ι
1457 1715 1627 1768 Πόθεν
1668 1717 1766 1787 μὲν
1792 1712 1886 1769 οὖν

1987 546 2041 587 et
2068 536 2375 603 aequalitate
2403 539 2734 605 generantis,
2769 536 2943 589 lactus
2976 547 3059 589 est
3089 551 3300 599 servus,
3343 552 3565 592 mensu-

1987 643 2102 680 ram
2130 644 2314 681 eorum
2339 630 2429 697 qui
2476 629 2578 682 sub
2603 628 2730 699 jugo
2758 629 3039 683 servitutis
3072 638 3251 693 erant,
3285 629 3566 696 dispensa-

1988 724 2124 773 toria
2157 721 2368 775 ratione
2399 736 2503 774 non
2562 721 2904 788 dedignatus,
2950 736 3053 789 qna
3084 720 3148 772 de
3180 735 3342 773 causa
3373 713 3567 775 metuis

1987 828 2111 867 eum
2181 814 2489 881 pontilicem
2549 822 2771 881 propter
2816 812 3206 865 humanitatem
3269 811 3564 879 appellare,

1987 906 2075 973 qui
2109 913 2163 958 et
2201 920 2297 957 nos
2331 904 2492 957 oll‘ert
2530 903 2580 956 in
2613 902 2939 957 sacriﬁcium
2974 904 3305 970 odoremque
3328 903 3568 956 suavita-

1990 997 2055 1048 tis
2083 1011 2179 1064 per
2218 996 2396 1058 ﬁdem,
2429 1005 2482 1048 et
2514 994 2751 1063 seipsum
2786 993 2931 1046 Patri
2979 1008 3075 1060 pro
3104 993 3260 1047 nobis
3307 1003 3562 1063 tanquam

1987 1088 2417 1141 odoratissimam
2473 1088 2745 1140 victimam
2798 1087 3034 1140 obtulit?
3079 1086 3177 1139 Hic
3221 1102 3349 1141 vero
3398 1086 3549 1156 (quid

1988 1182 2129 1234 dicat
2183 1179 2390 1249 nescio)
2446 1178 2532 1233 his
2579 1178 2722 1232 illico
2762 1177 3059 1247 adjungit:
3117 1177 3401 1232 Undenam
3464 1178 3564 1245 ipsi

1989 1282 2289 1341 putarunt,
2346 1270 2514 1325 Deum
2571 1285 2714 1323 nunc
2763 1280 3009 1323 vocatum
3059 1284 3179 1323 esse
3230 1271 3566 1339 pontiﬁcem,

1988 1378 2110 1417 cum
2163 1362 2249 1413 ille
2288 1361 2459 1414 hostia
2494 1359 2559 1413 ad
2615 1359 3014 1427 promotiouem
3062 1375 3212 1412 suam
3267 1376 3369 1412 nou
3424 1359 3568 1412 iudi-

1987 1454 2157 1525 geat?
2195 1452 2420 1507 Deitatis
2472 1467 2760 1520 possessor
2797 1469 2815 1502 ι
2868 1467 2934 1505 ex
2982 1451 3301 1505 hominibus
3347 1468 3569 1505 assum-

1986 1557 2135 1617 ptus,
2164 1562 2261 1615 pro
2292 1547 2600 1600 hominibus
2624 1544 2973 1599 constituitur
3002 1545 3053 1597 in
3084 1544 3167 1597 his
3197 1560 3317 1612 quae
3341 1555 3466 1597 sunt
3488 1543 3557 1596 ad

1991 1638 2155 1692 Deum
2194 1638 2259 1687 θ’.
2293 1655 2311 1688 ι
2346 1636 2630 1692 Undenam
2665 1637 2831 1707 igitur
2865 1648 3032 1701 esset,
3058 1647 3113 1689 et
3146 1653 3309 1705 quam
3342 1636 3412 1689 ob
3442 1652 3572 1687 eau-

1988 1746 2104 1785 sam
2141 1730 2414 1797 Christus,
2462 1733 2563 1786 hoc
2605 1741 2707 1795 est,
2763 1731 2939 1800 ipsum
2983 1731 3071 1784 Dei
3124 1730 3356 1782 Verbum
3406 1728 3569 1783 homo

306 1814 395 1889 ἦν,
440 1818 472 1887 ἢ
515 1816 604 1868 διὰ
641 1814 798 1867 ποίαν
836 1812 1014 1865 αἰτίαν
1061 1810 1378 1880 ὠνόμασται
1413 1808 1678 1881 Χριστὸς,
1725 1824 1885 1859 τουτ-

1994 1827 2214 1885 factum,
2250 1825 2547 1893 appellatus
2577 1823 2647 1879 sit
2680 1823 2969 1892 Apostolus
2998 1832 3052 1877 et
3091 1822 3357 1887 Pontifex,
3391 1822 3570 1876 abun~

305 1912 478 1971 ἐστιν,
523 1906 805 1969 ἄνθρωπος
855 1901 1094 1972 γεγονὼς
1126 1904 1153 1955 6
1201 1900 1294 1954 τοῦ
1340 1902 1475 1954 Θεοῦ
1517 1902 1689 1969 Λόγος
1724 1900 1884 1952 Ἀπό-

305 1997 494 2061 στολος
529 1997 621 2050 καὶ
658 1996 990 2067 Ἀρχιερεὺς,
1019 1991 1261 2063 διαρκῶς
1292 1993 1422 2062 ἡμῖν
1451 1993 1479 2045 ὁ
1504 1991 1662 2059 λόγος
1689 1989 1887 2043 ἀποδέ-

300 2089 481 2159 δειχεν
512 2088 735 2158 ἀρτίως.
779 2081 947 2156 Οἶμαι
996 2083 1051 2136 δὲ
1095 2083 1205 2137 δεῖν
1242 2084 1342 2136 οὐκ
1379 2084 1741 2136 ἀϐασάνιστον
1789 2082 1885 2151 ἐᾷν

300 2181 403 2250 τὴν
440 2178 684 2249 ἀσυνήθη
728 2194 787 2229 τε
827 2179 923 2231 καὶ
956 2175 1117 2245 ξένην
1162 2176 1324 2229 αὐτοῦ
1364 2177 1567 2245 φωνήν.
1593 2171 1740 2246 Ἀρα
1777 2174 1885 2243 γὰρ

302 2272 557 2342 θεότητος
612 2270 855 2340 κτήτορα
884 2268 976 2320 τὸν
1014 2269 1079 2321 ὲκ
1110 2266 1246 2320 Θεοῦ
1292 2269 1427 2338 φησί
1458 2268 1651 2335 Λόγον,
1700 2266 1803 2320 κᾶν
1837 2252 1886 2318 εἰ

301 2363 407 2415 ἀνὰ
440 2362 603 2434 μέρος
636 2359 879 2430 βούλοιτό
907 2376 991 2422 τις
1017 2360 1157 2410 νοεῖν
1185 2358 1347 2411 αὐτὸν
1376 2360 1470 2410 καὶ
1497 2358 1619 2427 δίχα
1645 2357 1883 2428 σαρκός;

303 2451 415 2524 ἆρα
442 2455 517 2517 ὡς
551 2455 679 2524 παρ’
708 2453 867 2506 αὑτὸν
897 2451 1091 2521 ἑτέραν
1122 2450 1219 2520 τὴν
1249 2450 1478 2520 θεότητα
1517 2451 1681 2503 αὑτοῦ
1724 2450 1888 2519 διορί-

304 2546 494 2611 ζεται;
524 2542 613 2618 ἦς,
654 2547 754 2598 οὐκ
781 2542 875 2597 οἷδ’
903 2545 1071 2605 ὅπως,
1103 2542 1246 2595 καθά
1284 2558 1448 2612 φησιν
1481 2542 1664 2604 αὐτὸς,
1696 2542 1885 2610 γέγονε

305 2638 547 2707 κτήτωρ,
595 2636 671 2698 ὡς
728 2633 1208 2704 προσειλημμένης
1264 2631 1464 2695 ἔξωθεν
1511 2632 1606 2684 καὶ
1650 2633 1886 2700 ἐπισυμ-

306 2729 480 2798 ϐἀσης
508 2726 674 2798 αὐτῷ,
713 2727 890 2779 καίτοι
921 2726 1041 2796 Θεῷ
1080 2726 1222 2778 κατὰ
1249 2727 1412 2793 φύσιν
1441 2724 1540 2776 ούκ
1587 2723 1700 2776 ὄντι
1741 2723 1891 2794 αὐτῷ

308 2840 464 2885 ποτε,
481 2822 664 2874 ὁποῖόν
685 2823 798 2875 ἐστι
820 2822 880 2874 τὸ
902 2821 1053 2890 παρά
1073 2822 1174 2889 τῆς
1189 2820 1424 2890 ἀρχαίας
1448 2820 1666 2888 ἐκείνης
1690 2836 1885 2886 γυναι-

308 2916 426 2979 κὸς,
448 2916 591 2985 φημὶ
612 2914 675 2984 δὴ
706 2915 802 2985 τῆς
820 2912 983 2979 Εὔας,
999 2912 1261 2979 τεκούσης
1281 2915 1371 2964 τὸν
1397 2910 1501 2982 Σήθ
1525 2912 1636 2983 (19)
1658 2928 1671 2942 ·
1710 2931 1728 2962 ι
1772 2913 1893 2964 Ἐκ-

306 3008 559 3079 τησάμην
575 3006 855 3076 ἄνθρωπον
873 3006 963 3058 διὰ
992 3003 1086 3058 τοῦ
1121 3005 1275 3057 Θεοῦ.
1318 3005 1493 3056 Ἀλλ’»
1532 3000 1707 3074 οἶμαι,
1734 3002 1891 3056 τοῦτό

1990 1920 2054 1972 de
2101 1922 2350 1986 proximo
2398 1933 2648 1972 sermone
2701 1916 3030 1984 patefactum
3073 1925 3198 1970 est:
3252 1916 3346 1970 sed
3388 1925 3568 1969 tamen

1988 2012 2257 2065 insuetam
2297 2020 2352 2065 et
2387 2026 2583 2064 novam
2630 2011 2747 2077 ejus
2798 2023 2984 2062 vocem
3014 2023 3122 2061 non
3156 2023 3276 2061 esse
3307 2008 3423 2060 sine
3458 2007 3575 2061 dis-

1987 2104 2241 2157 cussione
2287 2102 2725 2171 praetereundam
2768 2115 2989 2155 censeo.
3030 2097 3169 2152 Num
3209 2101 3353 2152 enim
3388 2098 3570 2151 Deita-

1992 2198 2059 2250 tis
2092 2210 2461 2266 possessorem
2514 2195 2689 2264 ipsnm
2734 2209 2799 2247 ex
2834 2191 2942 2247 Deo
2968 2192 3208 2245 Verbum
3250 2192 3401 2253 dicit,
3444 2191 3567 2245 licet

1989 2303 2232 2342 seorsum
2270 2287 2399 2340 illud
2457 2285 2762 2352 intelligere
2812 2284 3097 2352 quisquam
3142 2282 3272 2336 velit
3323 2294 3379 2336 et
3422 2284 3561 2335 citra

1989 2377 2247 2434 carnem?
2278 2395 2344 2430 an
2376 2377 2544 2446 ipsius
2573 2374 2910 2427 divinitatem
2946 2384 3201 2441 tanquam
3242 2373 3310 2426 ab
3346 2376 3462 2442 ipso
3489 2376 3574 2426 di-

1989 2484 2203 2524 versam
2236 2467 2560 2536 distinguit?
2590 2466 2746 2531 cujus
2794 2466 2978 2519 nescio
3012 2479 3244 2533 quonam
3296 2465 3478 2527 modo,
3511 2474 3569 2517 nt

1992 2562 2105 2629 ipse
2132 2560 2228 2625 ait,
2265 2573 2547 2627 possessor
2582 2567 2665 2610 est
2698 2558 2893 2619 factus,
2930 2566 3181 2625 tanquam
3211 2556 3255 2609 si
3291 2557 3565 2609 extrinse-

1991 2669 2086 2707 cus
2120 2662 2342 2719 accepta
2378 2650 2468 2711 sit,
2507 2660 2561 2699 el
2598 2649 2672 2701 illi
2717 2648 3018 2711 advenerit,
3050 2638 3179 2700 licet
3209 2648 3297 2701 ille
3322 2647 3568 2714 aliquan-

1992 2744 2061 2795 do
2095 2742 2236 2793 l)eus
2268 2739 2564 2793 secundum
2599 2749 2848 2791 naturam
2888 2753 2992 2790 non
3029 2736 3208 2802 fuerit,
3247 2739 3405 2806 quale
3439 2738 3566 2790 illud

1990 2842 2074 2885 est
2101 2848 2129 2885 a
2176 2832 2355 2897 prisca
2384 2831 2473 2884 illa
2502 2831 2724 2893 femina,
2757 2831 2861 2883 Eva
2896 2831 3139 2897 inquam,
3174 2830 3399 2890 dictum,
3445 2843 3565 2881 cum

1991 2923 2123 2975 Seth
2176 2923 2341 2974 ﬁlimu
2390 2921 2549 2974 enixa
2591 2932 2784 2974 esset:
2821 2939 2837 2970 ι
2898 2920 3112 2973 Possedi
3162 2919 3431 2973 hominem
3475 2934 3571 2986 per

1991 3014 2157 3067 Deum
2190 3018 2225 3068 '.
2268 3033 2286 3066 ι
2331 3014 2435 3067 Sed
2467 3014 2539 3076 id,
2576 3014 2676 3065 nisi
2711 3012 2890 3076 fallor,
2921 3024 2972 3065 et
3002 3013 3115 3078 ipse
3143 3021 3195 3065 et
3226 3024 3416 3065 omnes
3449 3012 3567 3081 pla-

310 3102 457 3152 ἐστιν
503 3097 808 3167 ἀπόϐλητον
846 3096 1124 3158 παντελῶς
1174 3094 1323 3164 αύτῷ
1358 3113 1416 3148 τε
1462 3096 1552 3149 καί
1612 3095 1796 3147 πᾶσιν.
1825 3094 1886 3146 Τί

1997 3121 2066 3162 ne
2097 3108 2454 3174 respuendum
2485 3115 2733 3160 censent.
2770 3104 2879 3158 Cur
2912 3120 3041 3171 ergo
3078 3104 3371 3173 imprOprie
3399 3104 3575 3171 loqui-

309 3187 404 3245 οὖν
445 3190 784 3261 ἀκυρολογεϊ,
819 3191 914 3242 καὶ
947 3192 1321 3260 παραρῤιπτεῖ
1366 3190 1549 3257 φωνὰς
1598 3190 1890 3251 ἀσυνέτους

313 3279 400 3332 ἐπ’
420 3279 737 3347 ἀναγκαίοις
763 3277 904 3331 οὕτω
933 3279 1279 3349 πράγμασιν;
1304 3279 1373 3331 Ἣ
1402 3279 1501 3330 οὐκ
1527 3278 1592 3331 ἂν
1617 3278 1768 3345 ὄφλοι
1797 3277 1891 3346 γέ-

311 3374 457 3425 λωτα
490 3371 584 3424 καὶ
622 3370 1050 3439 φρενοϐλαϐείας
1083 3371 1320 3441 γραφὴν,
1357 3373 1404 3423 εί
1437 3372 1501 3441 δὴ
1535 3371 1775 3441 βούλοιτό
1809 3388 1890 3433 τις

310 3464 411 3516 ἕνα
448 3464 558 3515 τῶν
608 3462 728 3515 καθ’
766 3463 912 3531 ἡμᾶς
952 3460 1368 3532 ἀνθρωπότητος
1411 3464 1651 3533 κτήτορα
1685 3462 1885 3531 λέγειν,

310 3556 478 3623 ἤγουν
526 3554 618 3606 τὸν
652 3553 815 3606 ῖππον
863 3553 1191 3624 ίππότητος;
1234 3554 1331 3617 Τίς
1376 3551 1486 3625 ἆρα
1522 3553 1704 3607 λοιπὸν
1733 3556 1761 3607 6
1790 3554 1888 3623 τῆς

314 3646 565 3714 θεότητος
600 3647 837 3715 κτήτωρ,
877 3664 894 3695 ι
914 3646 941 3697 6
972 3644 1029 3709 ἐξ
1058 3644 1360 3714 ἀνθρώπων
1393 3645 1622 3714 ληφθεὶς
1649 3646 1718 3699 τὰ
1752 3646 1888 3717 πρὸς

314 3736 404 3787 τὸν
428 3734 559 3788 Θεὸν
586 3734 939 3799 καθίσταται;
978 3735 1125 3804 Ἐρεί
1152 3736 1291 3804 τάχα
1335 3752 1436 3787 που
1467 3734 1659 3788 διελὼν
1691 3738 1770 3800 εἰς
1797 3738 1891 3789 δύο

312 3827 406 3880 τὸν
445 3828 543 3880 ἕνα
586 3828 839 3898 Χριστὸν,
876 3828 967 3880 τὸν
997 3830 1061 3881 ὲκ
1092 3830 1189 3898 τῆς
1221 3830 1382 3897 ἁγίας
1431 3830 1712 3901 Παρθένου
1734 3847 1746 3860 ο
1792 3833 1887 3900 γέ-

313 3937 556 3990 γραπται
591 3917 698 3990 [ἵσ.
728 3919 1049 3992 τέτραπται]
1084 3922 1191 3993 γάρ
1230 3941 1346 3987 πως
1376 3925 1455 3986 εἰς
1485 3924 1641 3976 τοῦτο
1671 3926 1767 3977 καὶ
1796 3925 1888 3979 νῦν

310 4016 339 4066 6
368 4012 570 4075 σκοπὸς
595 4011 741 4082 αύτῷ
760 4029 774 4041 ·
806 4012 999 4081 κτῆσις
1023 4009 1115 4066 οὖν
1147 4013 1435 4085 ἀνθρώπου
1466 4016 1688 4084 γέγονεν
1717 4020 1749 4087 ή
1781 4017 1891 4071 θεό-

311 4121 444 4173 της,
479 4103 601 4155 εἰπέ
640 4120 758 4173 μοι,
805 4105 898 4156 καὶ
938 4103 1136 4173 συνέϐη
1181 4105 1286 4157 τινὶ
1340 4105 1447 4158 τῶν
1481 4107 1603 4159 καθ’
1631 4109 1797 4176 ἡμᾶς,
1831 4109 1890 4161 τὸ

313 4195 475 4262 φύσει
502 4211 563 4247 τε
593 4196 688 4248 καὶ
723 4194 947 4266 ἀληθείᾳ
991 4196 1245 4263 γενέσθαι
1282 4196 1434 4263 Θεὸν,
1466 4199 1560 4251 καὶ
1604 4198 1706 4269 τῆς
1745 4201 1885 4253 ἀνω-

310 4290 462 4342 τάτω
496 4288 685 4341 πασῶν
727 4288 819 4341 καὶ
854 4289 1166 4359 ύπερτάτης
1210 4290 1398 4353 οὐσίας
1445 4292 1889 4363 καταπλουτῆσαι

311 4381 414 4449 τὴν
447 4379 760 4449 ὑπεροχήνς
800 4378 1013 4446 Ἀπαγε
1050 4379 1148 4455 τῆς
1196 4379 1548 4444 δυσϐουλίας,
1594 4380 1848 4452 ἄνθρωπε
1872 4400 1883 4411 ·

1999 3214 2105 3263 tur,
2142 3210 2196 3253 et
2229 3200 2604 3269 imprudenter
2638 3213 2795 3251 voces
2848 3196 3083 3265 projic'tt,
3138 3198 3190 3249 in
3240 3197 3398 3251 rebus
3434 3197 3573 3250 adeo

1995 3293 2283 3361 gravibus?
2316 3292 2513 3344 Annon
2566 3293 2823 3344 ridendus
2851 3300 3166 3353 censeatur,
3197 3300 3251 3341 et
3283 3290 3571 3341 dementia:

1994 3386 2202 3438 crimen
2244 3385 2507 3446 incurrat,
2568 3385 2612 3438 si
2651 3385 2772 3451 quis
2812 3398 2977 3434 unum
3027 3381 3096 3435 de
3142 3391 3327 3435 nostro
3373 3394 3573 3449 genere

1992 3477 2122 3530 velit
2167 3475 2521 3528 humanitatis
2570 3489 2938 3542 possessorem
2985 3473 3186 3535 dicere,
3223 3481 3315 3523 aut
3366 3488 3563 3540 equum

1993 3568 2203 3635 equinzn
2234 3566 2485 3620 naturae?
2508 3567 2637 3631 Quis
2687 3580 2816 3632 ergo
2848 3573 2931 3618 est
2980 3564 3068 3617 ille
3101 3565 3406 3617 divinitatis
3447 3580 3572 3631 pos-

1994 3675 2198 3722 sessor,
2232 3677 2250 3709 (
2285 3659 2376 3727 qui
2409 3672 2475 3710 ex
2505 3657 2815 3711 hominibus
2850 3664 3158 3724 assmnptus
3186 3696 3201 3717 ,
3246 3670 3343 3723 pro
3392 3653 3571 3708 bomi-

1994 3751 2152 3805 nibus
2182 3751 2535 3803 constituitur
2564 3748 2616 3800 in
2649 3748 2735 3799 his
2763 3761 2883 3815 quae
2925 3756 3051 3799 Sunt
3081 3746 3146 3796 ad
3196 3744 3401 3797 Deum?
3434 3764 3452 3794 ι
3485 3744 3573 3796 Di-

1994 3851 2081 3896 cet
2111 3839 2367 3901 fortasse,
2398 3854 2563 3891 unum
2593 3837 2874 3889 Christum
2912 3836 2965 3889 in
2995 3835 3129 3889 duos
3155 3835 3423 3900 dividens,
3450 3850 3571 3888 esse

1994 3933 2138 3985 illum
2168 3947 2234 3985 ex
2262 3942 2449 3984 saneta
2493 3930 2748 3998 Virgine:
2795 3929 2898 3981 huc
2946 3927 3089 3981 enim
3122 3927 3298 3980 omnis
3332 3928 3452 3993 ejus
3484 3929 3569 3979 in-

1995 4023 2161 4077 tentio
2208 4030 2433 4087 spectat.
2470 4020 2680 4089 Ergone
2714 4018 2985 4087 possessio
3038 4018 3276 4071 hominis
3311 4019 3450 4071 facta
3484 4031 3568 4071 est

1993 4114 2104 4180 ipsa
2138 4111 2415 4173 divinitas,
2457 4126 2585 4178 rogo
2614 4118 2684 4173 te,
2714 4121 2769 4161 et
2793 4108 2952 4160 alicui
3000 4123 3031 4161 e
3064 4107 3219 4161 nobis
3257 4107 3488 4173 contigit
3512 4118 3569 4160 ut

1992 4203 2287 4258 secundum
2335 4212 2583 4255 naturam
2621 4216 2684 4254 ac
2718 4216 2841 4255 vere
2885 4200 3027 4254 Deus
3070 4200 3246 4263 ﬁeret,
3294 4208 3349 4253 et
3386 4213 3570 4254 essen-

1995 4298 2079 4348 tia:
2101 4298 2340 4349 omnium
2380 4309 2602 4347 summa:
2631 4308 2694 4347 ac
2727 4293 3195 4361 prmstantissimte
3244 4290 3568 4345 excellentia

1990 4386 2305 4439 ditaretur?
2333 4384 2445 4454 68
2470 4385 2675 4453 Apage,
2715 4384 2896 4449 homo,
2936 4383 3002 4435 ab
3030 4383 3129 4436 hac
3172 4382 3400 4437 stultitia
3430 4401 3443 4437 :
3471 4398 3570 4435 ne-

311 4471 641 4541 xextﬁcstat
669 4469 776 4541 γὰρ
808 4469 997 4534 οὐδεὶς,
1030 4472 1123 4522 καὶ
1157 4470 1231 4534 ὡς
1267 4472 1401 4524 ἰδίαν
1427 4473 1493 4525 ἂν
1523 4473 1637 4543 ἔχοι
1663 4474 1761 4545 τὴν
1789 4478 1886 4547 τῆς

1994 4490 2095 4541 que
2123 4473 2266 4526 enim
2326 4473 2611 4540 quisquam
2659 4486 2727 4525 ex
2776 4472 2862 4525 his
2911 4471 3001 4539 qui
3042 4472 3180 4524 inter
3214 4472 3392 4540 genita
3442 4487 3569 4524 cen-

310 4563 569 4632 θεότητος
599 4562 778 4631 φύσιν,
823 4562 931 4615 τῶν
962 4562 1259 4615 τελούντων
1303 4566 1362 4616 ἐν
1401 4568 1698 4635 γεννητοῖς.
1728 4568 1889 4621 ’Ἱδιον

310 4648 381 4722 ἦν
404 4651 465 4704 τὸ
496 4651 655 4722 σῶμα
678 4651 774 4705 τοῦ
806 4652 977 4721 Λόγου
998 4668 1012 4683 ⁸
1046 4654 1139 4705 καὶ
1163 4653 1237 4715 ὡς
1255 4654 1349 4705 ἕνα
1374 4653 1505 4707 Θεὸν
1536 4656 1628 4708 καὶ
1657 4656 1889 4726 Χριστὸν

310 4745 410 4798 καὶ
437 4744 564 4797 Υἰὸν
592 4745 687 4798 καὶ
714 4745 914 4815 Κύριον
941 4745 1038 4797 σὺν
1066 4745 1213 4815 αύτῴ
1240 4746 1681 4817 προσκεκύνηκεν
1710 4750 1741 4818 ἡ
1778 4750 1889 4801 κτί-

312 4850 433 4900 σις,
474 4833 572 4887 καὶ
617 4833 987 4901 δοξολογοῦσιν
1024 4835 1072 4886 οἰ
1119 4835 1372 4905 οὐρανοὶ,
1426 4837 1519 4889 καὶ
1575 4836 1671 4889 σὺν
1704 4838 1888 4902 αὐτοῖς

311 4927 509 4995 ἡμεῖς’
542 4925 616 4988 ὡς
648 4924 756 4995 γὰρ
793 4928 820 4979 6
856 4927 1140 4997 προφήτης
1180 4926 1363 4996 φησιν,
1401 4946 1418 4977 ι
1462 4927 1762 4997 Ἐκάλυψεν
1796 4931 1886 4981 ού-

313 5020 510 5088 ρανοὺς
536 5019 569 5087 ὴ
602 5019 772 5090 ἀρετὴ
803 5018 989 5083 αὑτοῦ,
1016 5019 1113 5072 καὶ
1138 5023 1236 5090 τῆς
1269 5019 1527 5082 αἰνέσεως
1560 5021 1724 5073 αὐτοῦ
1757 5021 1890 5091 πλή-

312 5123 417 5177 ρης
461 5107 495 5177 ὴ
545 5107 654 5175 γῆ,
680 5126 698 5158 ι
753 5108 850 5177 οὐχ
883 5108 959 5170 ὠς
991 5108 1278 5178 ἀνθρώπου
1341 5108 1570 5178 θεότητα
1608 5113 1891 5182 κτησαμέ-

308 5215 405 5250 νου
426 5214 441 5229 ο
474 5198 592 5260 πῶς
620 5197 748 5267 γὰρ,
778 5199 810 5268 ἢ
843 5198 1037 5263 πόθεν;
1075 5198 1190 5251 ἀλλ’
1216 5199 1290 5263 ὡς
1320 5200 1378 5251 ὲν
1423 5200 1725 5270 προσλήψει
1759 5218 1891 5271 σαρ-

310 5288 408 5348 κὸς
434 5286 724 5358 ἀνθρώπου
754 5288 1036 5356 γεγονότος
1069 5289 1162 5341 τοῦ
1192 5291 1256 5343 ὲκ
1285 5288 1420 5342 Θεοῦ
1452 5290 1665 5359 Πατρὸς
1692 5290 1887 5358 Λόγου.

322 5379 468 5434 Ἀλλ’
498 5380 639 5433 ἔστω
678 5380 840 5449 τυχὸν
867 5382 895 5434 6
923 5379 983 5446 ἐξ
1010 5380 1313 5451 ἀνθρώπων
1343 5380 1570 5451 ληφθεὶς
1588 5422 1602 5446 ,
1640 5380 1891 5451 θεότητος

381 5493 427 5524 ’³
456 5489 620 5545 Hebr.
647 5507 698 5555 v,
724 5492 776 5546 9.
856 5491 872 5521 ¹
905 5491 1040 5547 Gen.
1069 5508 1141 5557 iv,
1172 5494 1223 5548 1.
1298 5495 1317 5524 ³
1349 5492 1552 5549 llabac.
1580 5510 1662 5556 ιιι,
1686 5495 1741 5551 5.

1991 4577 2200 4628 sentur,
2254 4563 2549 4632 possidebit
2606 4570 2659 4616 et
2720 4573 2973 4631 tanquam
3031 4563 3304 4632 propriam
3354 4562 3565 4616 habebit

1994 4664 2241 4708 naturam
2299 4652 2629 4706 divinitatis.
2684 4650 2972 4719 Proprium
3026 4660 3146 4706 erat
3198 4650 3359 4705 Verbi
3394 4652 3571 4719 ipsum

1994 4762 2214 4815 corpus,
2262 4759 2317 4801 et
2348 4761 2451 4798 una
2489 4761 2611 4800 cum
2662 4746 2754 4799 illo
2792 4756 3050 4814 tanquam
3096 4760 3259 4798 unum
3307 4745 3470 4797 Deum
3515 4754 3572 4797 et

1992 4840 2265 4894 Christum
2298 4850 2352 4893 et
2397 4839 2592 4894 Filium
2624 4846 2675 4892 et
2713 4839 3002 4892 Dominum
3037 4843 3226 4891 adorat
3273 4838 3386 4906 ipsa
3414 4852 3569 4891 crea-

1998 4942 2141 4994 tura,
2173 4941 2226 4985 et
2257 4932 2382 4985 caeli
2424 4931 2748 4999 glorilicant,
2785 4940 2837 4984 et
2869 4944 2991 4983 cum
3037 4929 3168 4997 ipsis
3202 4943 3298 4981 nos
3330 4943 3568 4997 quoque.

1998 5021 2067 5075 Ut
2097 5024 2240 5076 enim
2274 5024 2349 5075 ait
2380 5024 2640 5090 propheta
2669 5039 2682 5074 :
2715 5040 2732 5071 ι
2759 5020 2988 5088 Operuit
3023 5022 3193 5075 C(Plos
3220 5021 3392 5074 virtus
3431 5022 3567 5087 ejus,

1994 5125 2049 5166 et
2078 5113 2251 5167 lanulis
2282 5115 2398 5182 ejus
2433 5115 2589 5182 plena
2628 5121 2711 5167 est.
2754 5122 2899 5166 terra
2928 5116 2948 5143 ⁸
2988 5132 2999 5167 :
3040 5132 3059 5164 ι
3092 5128 3197 5167 non
3231 5114 3372 5182 quod
3409 5113 3571 5167 homo

1994 5203 2336 5258 divinitatem
2373 5206 2715 5273 possederit:
2760 5206 2850 5273 qui
2915 5207 3056 5259 enim
3081 5246 3095 5269 ,
3124 5216 3217 5259 aut
3252 5205 3570 5258 undeuam?

1995 5295 2087 5348 sed
2116 5297 2260 5364 quod
2310 5296 2484 5364 ipsum
2521 5312 2583 5350 ex
2624 5298 2731 5351 Deo
2782 5298 2945 5352 Patre
2985 5296 3222 5351 Verbum
3276 5299 3568 5352 humanam

1997 5402 2212 5441 carnem
2241 5391 2619 5458 assumpserit.
2655 5389 2761 5444 Sed
2807 5392 2877 5445 sit
2916 5406 3069 5455 sane,
3097 5389 3185 5445 ille
3226 5404 3292 5445 ex
3330 5388 3567 5444 homini-

1566 5630 1724 5684 ANT.
1758 5631 2025 5686 AGELLIl
2058 5632 2289 5690 ΝΟΤᾹΣ.

389 5736 504 5809 (i9)
545 5735 637 5791 Vel
671 5736 800 5793 Seth
832 5753 930 5808 pro
963 5738 1096 5795 Cain
1139 5741 1379 5813 irrepsit,
1415 5744 1495 5799 vel
1534 5752 1773 5799 erratum
1808 5744 2099 5813 mcmmia‘,
2140 5754 2221 5799 est
2252 5760 2317 5800 ex
2340 5744 2477 5799 Gen.
2514 5760 2586 5812 tv,
2622 5746 2671 5811 l,
2703 5746 3095 5813 castigandum.
