4054 6332
449 347 555 404 {9.3

1483 345 1541 399 S.
1585 342 1850 399 CYRlLLl
1890 339 2359 397 ALEXANDIRNI
2400 336 2717 394 ARCIIIEP.

3604 336 3711 392 {‘2‘

457 466 559 522 bus
582 473 915 537 assumptus,
941 479 1226 537 possessor
1249 464 1564 529 divinitatis,
1584 474 1641 518 ιιι
1666 464 1759 518 tibi
1786 464 1890 533 ipsi
1912 465 2024 533 pla-

2133 461 2368 530 κτήτωρ,
2393 458 2535 511 κατά
2557 474 2621 525 γε
2641 456 2700 508 τὸ
2722 453 2868 524 αύτῷ
2896 471 2977 507 σοι
3003 452 3217 518 δοκοῦν,
3244 451 3359 516 πῶς
3380 451 3704 507 καθίσταται

456 569 542 612 cet
572 576 584 610 :
614 558 885 626 quomodo
903 558 1253 612 constituitur
1271 556 1323 611 in
1352 557 1434 610 his
1451 571 1569 623 quae
1595 566 1721 610 sunt
1742 556 1807 607 ad
1837 555 2024 618 Deum,

457 660 512 701 ιιι
531 650 766 717 pontifex
790 648 1041 702 nimirum
1059 650 1082 702 ?
1103 657 1356 702 utrumne
1372 648 1653 702 divinitate
1676 648 2026 716 nndusquatn

456 742 715 810 possedit,
752 742 858 795 Deo
889 741 1240 806 sacriﬁcabit,
1271 758 1338 794 an
1379 741 1524 794 illam
1563 741 1719 809 quasi
1753 740 2026 809 propriam

460 832 703 885 habens?
729 834 777 885 id
795 831 957 896 enim,
982 843 1037 886 ut
1058 837 1270 902 opinor,
1293 849 1397 885 non
1424 832 1626 901 aliquid
1652 832 1797 885 aliud
1817 831 2026 900 signiﬁ-

457 933 564 987 cat,
582 922 722 991 quod
744 922 1047 990 possedisse
1078 922 1293 976 dicitur.
1316 922 1373 976 Si
1396 921 1589 981 nudus,
1624 936 1726 975 non
1752 921 2024 989 possedit;

456 1012 540 1067 sin
565 1022 621 1065 ut
650 1011 794 1065 illam
822 1013 1093 1081 propriam
1121 1012 1347 1075 habens,
1367 1011 1620 1065 divinitas
1655 1010 1839 1079 procul
1864 1010 2027 1065 dubio

458 1096 570 1152 Deo
594 1098 940 1154 sacriﬁcabit.
959 1099 1095 1165 Quid
1128 1099 1289 1169 igitur
1321 1108 1537 1163 aestuas,
1555 1108 1609 1152 et
1635 1113 1847 1152 sursum
1874 1098 2029 1151 deor-

457 1205 577 1243 sum
617 1192 900 1257 perturbas
935 1190 1149 1253 omnia,
1181 1199 1235 1245 et
1273 1191 1394 1244 tidei
1434 1190 1773 1244 traditionem
1820 1189 2027 1244 adulte-

459 1296 579 1336 rare
610 1296 714 1334 non
744 1282 1066 1337 erubescis?
1110 1282 1280 1336 Habet
1310 1282 1675 1336 necessariam
1708 1296 1925 1335 causam
1963 1281 2028 1333 il-

458 1371 549 1425 lud
576 1387 643 1425 ex
698 1371 805 1426 Dco
835 1373 993 1426 Patre
1030 1374 1285 1433 Verbum,
1322 1374 1538 1427 etiamsi
1574 1373 1917 1427 sacriﬁeasse
1941 1373 2028 1426 di-

459 1472 615 1515 catur
658 1463 765 1518 Deo
800 1478 861 1517 ac
898 1463 1040 1516 Patri
1074 1482 1087 1518 :
1144 1464 1388 1518 functum
1429 1473 1512 1518 est
1549 1465 1695 1517 enim
1735 1465 2025 1517 sacerdotii

460 1568 706 1617 tonuere,
749 1571 852 1607 non
894 1556 1111 1623 quidem
1151 1557 1269 1609 sine
1299 1571 1486 1617 carne,
1519 1556 1611 1609 sed
1641 1556 1813 1608 nostri
1854 1555 2030 1608 simile

460 1648 685 1709 factum,
712 1648 909 1715 quibus
950 1648 1132 1716 gloriae
1169 1655 1252 1700 est
1284 1646 1571 1700 sacerdotii
1610 1645 1884 1700 nobilitas.
1910 1647 2027 1700 Alia

457 1755 674 1809 quoque
710 1739 917 1793 ratione
949 1739 1203 1807 perfacile
1227 1749 1306 1793 est
1335 1738 1542 1801 videre,
1579 1737 2027 1791 absurdissimum

461 1844 595 1883 sane
623 1843 743 1883 esse
772 1838 829 1883 et
874 1828 1119 1882 stultitia:
1152 1827 1390 1896 plenmn,
1428 1828 1574 1880 illum
1615 1841 1681 1881 ex
1720 1825 2029 1880 hominibus
2060 1805 2102 1859 Β

460 1930 797 1987 assumptum
857 1935 1221 1988 possessorem
1278 1920 1578 1974 divinitatis
1629 1919 1922 1989 appellare,
1978 1926 2032 1972 et

460 2011 812 2065 constitutum
846 2011 899 2065 in
932 2012 1014 2064 bis
1045 2027 1163 2079 qua?
1193 2022 1317 2064 sunt
1356 2012 1420 2065 ad
1463 2012 1628 2065 Deum
1662 2029 1674 2064 :
1710 2027 1833 2065 nam
1861 2013 1903 2064 si
1941 2026 2029 2065 as-

464 2111 710 2172 sumptus
733 2113 817 2157 est
844 2118 872 2155 a
908 2103 1037 2170 Deo,
1070 2104 1737 2172 quomodo’assumentem
1774 2118 1835 2157 se
1866 2112 2028 2156 natu-

466 2210 580 2248 ram
607 2195 894 2265 acquisivit
920 2210 985 2248 ae
1012 2194 1289 2263 possedit?
1334 2212 1457 2249 nam
1490 2196 1604 2265 ipsa
1642 2211 1729 2251 res
1755 2207 2030 2263 assmnpta

462 2286 570 2339 erit
601 2286 785 2354 procul
819 2286 983 2339 dubio
1022 2286 1352 2339 assumentis
1403 2287 1711 2354 possessio,
1761 2302 1866 2340 non
1904 2302 2031 2356 pos-

462 2377 600 2430 sidet
632 2387 998 2430 assumentem
1027 2394 1041 2429 :
1076 2376 1223 2430 verbi
1260 2376 1454 2444 gratia,
1494 2377 1738 2445 pecuniae
1762 2378 2029 2447 quispiam

462 2471 637 2523 factus
688 2478 769 2523 est
821 2482 1123 2537 possessor,
1158 2468 1239 2522 vel
1289 2468 1530 2522 scientiae
1578 2469 1870 2538 cujuslibet
1911 2471 2028 2523 rei:

463 2572 642 2610 nonne
689 2558 942 2612 omnibus
991 2558 1337 2627 perspicuum
1388 2568 1471 2613 est
1533 2574 1637 2613 non
1698 2560 1870 2629 ipstnn
1911 2575 2033 2615 esse

462 2650 858 2716 possessionem
884 2651 1148 2720 pecuniae,
1179 2659 1275 2704 aut
1312 2651 1453 2705 illius
1484 2653 1680 2705 addita:
1713 2652 1814 2706 sibi
1850 2653 2031 2707 scien-

462 2740 569 2804 tiae,
599 2743 690 2793 sed
727 2743 985 2808 possideri
1024 2742 1093 2794 ab
1122 2743 1237 2811 ipso
1272 2742 1449 2809 potius
1476 2758 1587 2796 rem
1621 2744 1943 2811 acceptam?
1977 2744 2030 2797 Id

461 2832 677 2897 quidem
708 2831 851 2885 nullo
879 2833 1056 2895 modo,
1094 2844 1151 2886 ut
1179 2834 1393 2902 opinor,
1437 2843 1521 2887 est
1565 2834 1896 2902 ambiguum.
1932 2835 2032 2903 Igi-

360 3000 361 3003 η
464 2931 552 2973 tur
595 2922 640 2974 si
698 2923 963 2976 rationem
996 2940 1098 2992 qua
1152 2924 1242 2977 ille
1293 2924 1613 2993 linigeuitus
1662 2926 1824 2980 homo
1859 2927 2032 2981 factus

460 3020 567 3076 est,
608 3013 941 3079 exquirendo
978 3015 1269 3077 curiosius,
1297 3015 1600 3070 invenimus
1636 3017 1909 3072 hominem
1944 3033 2032 3073 as-

463 3104 767 3170 sumptione
796 3105 1097 3161 divinitatis
1142 3106 1340 3160 factum
1394 3107 1598 3174 Deum,
1627 3110 1784 3163 liceat
1813 3126 1935 3163 eum
1965 3116 2028 3164 e'x

465 3205 555 3246 tuo
590 3197 921 3264 praescripto,
952 3197 1249 3251 divinitatis
1290 3214 1656 3266 possessorem
1701 3202 1976 3270 appellare
2010 3219 2025 3256 :

463 3286 629 3352 ipsius
642 3290 782 3341 enim
807 3288 944 3343 facta
961 3300 1041 3344 est
1060 3291 1172 3358 ipsa
1191 3292 1465 3345 divinitas.
1482 3293 1575 3346 Sin
1601 3292 1830 3347 Verbum
1853 3296 2027 3363 ipsum

462 3394 583 3430 cum
625 3390 768 3432 esset
820 3381 996 3445 Deus,
1047 3385 1401 3451 apprehendit
1448 3401 1629 3439 semen
1681 3388 2028 3451 Abrahaut’,

462 3482 517 3523 et
540 3486 659 3523 cum
694 3471 805 3542 69
834 3483 975 3525 esset
1011 3474 1062 3527 in
1100 3474 1271 3528 forma
1305 3476 1395 3529 Dei
1429 3485 1484 3531 et
1518 3476 1716 3540 Patris,
1752 3488 2029 3548 assumpta

463 3562 607 3615 servi
656 3563 828 3616 forma
878 3564 1055 3620 factus
1096 3579 1179 3621 est
1212 3567 1372 3621 homo
1398 3568 1440 3631 ⁸,
1480 3569 1571 3636 qui
1607 3569 1721 3623 ﬁeri
1757 3579 1939 3639 potest
1974 3579 2031 3625 ut

472 3667 577 3705 non
615 3655 684 3706 sit
710 3655 956 3723 stupidus
989 3656 1077 3721 qui
1122 3657 1305 3712 dicere
1346 3659 1494 3722 velit,
1543 3659 1595 3713 id
1638 3663 1781 3728 quod
1822 3676 2034 3716 assunt-

464 3758 613 3810 ptum
648 3754 752 3806 est,
784 3744 900 3811 ejus
934 3756 1144 3800 natura:
1177 3750 1519 3816 possessione
1564 3749 1797 3804 ditatum
1846 3767 1875 3804 a
1927 3768 2031 3820 qua

466 3836 539 3889 sit
564 3846 918 3905 assumptum,
954 3854 1017 3893 ac
1051 3855 1155 3893 non
1192 3841 1369 3908 potius
1396 3844 1673 3910 proprium
1704 3860 1824 3899 esse
1859 3847 2029 3899 susci-

467 3926 665 3994 pientis
692 3938 895 3981 natura:
917 3928 1165 3985 factum?
1191 3932 1341 3997 Quod
1368 3944 1547 3987 autem
1583 3950 1802 3989 suorum
1838 3938 2034 3991 verbo-

469 4033 587 4071 rum
630 4029 682 4073 et
725 4020 1098 4077 inventionum
1129 4026 1260 4089 vim,
1302 4026 1586 4095 ipsumque
1632 4037 1900 4096 praeterea
1949 4044 2036 4082 sa-

468 4110 700 4165 cerdodi
750 4130 945 4169 nomen
980 4117 1226 4185 imperite
1273 4120 1338 4171 ad
1389 4120 1689 4188 simplicem
1738 4120 2033 4188 hominem,

467 4202 614 4255 illum
652 4205 865 4273 inquam
900 4222 964 4262 ex
999 4207 1218 4274 femina,
1263 4211 1489 4280 redigat,
1539 4213 1867 4281 auferatque
1906 4213 2033 4268 illud

467 4298 536 4347 ab
581 4292 872 4364 Unigenito
913 4308 967 4351 et
1005 4298 1151 4354 edito
1179 4315 1246 4355 ex
1292 4301 1451 4357 Patre
1483 4303 1679 4370 Verbo,
1735 4305 1901 4359 etiam
1940 4320 2037 4375 per

466 4390 747 4455 sequentia
773 4388 1065 4445 declarabit
1093 4411 1106 4447 :
1139 4392 1218 4447 sic
1242 4409 1475 4463 namque
1501 4396 1723 4462 scripsit
1751 4411 1966 4450 rursum
2010 4414 2025 4450 :

2128 550 2197 602 τὰ
2228 549 2363 619 πρὸς
2397 548 2490 600 τὸν
2524 546 2677 610 Θεὸν,
2724 545 3014 616 ἀρχιερεὺς
3045 543 3323 613 δηλονότι,
3357 543 3559 613 πότερα
3587 540 3702 605 οὖν,

2128 640 2334 711 γυμνὸς
2363 636 2431 711 ἧς
2464 639 2732 708 ἐκτήσατο
2779 637 3031 706 θεότητος
3051 675 3065 700 ,
3104 633 3407 706 ίερατεύσει
3441 634 3518 704 τῷ
3546 634 3702 704 Θεῷ;

2128 735 2162 803 ἢ
2200 732 2401 802 ταύτην
2431 732 2532 801 ήδη
2563 747 2679 793 πως
2709 729 2842 782 ἰδίαν
2870 727 3037 797 έχων;
3068 726 3221 778 τουτὶ
3258 725 3387 795 γὰρ,
3407 720 3581 795 οἶμαι,
3611 726 3705 778 καὶ

2128 826 2313 894 ἓτερον
2360 824 2531 887 οὐδὲν,
2563 820 3024 892 κατασημαινειεν
3060 821 3126 872 ἂν
3172 819 3233 871 τὸ
3278 818 3579 888 κτήσασθαι
3610 817 3703 870 λέ-

2128 932 2247 985 γειν
2273 916 2453 969 αὐτόν.
2495 913 2633 967 Ἀλλ’
2675 914 2723 965 εί
2757 912 2855 981 μὲν
2886 911 3127 981 γυμνὸς,
3167 910 3268 963 οὐκ
3310 911 3615 981 ἐκτήσατο·
3651 909 3700 961 εί

2127 1008 2185 1061 δὲ
2214 1006 2288 1070 ὡς
2325 1006 2458 1060 ἰδίαν
2492 1006 2630 1074 ἔχων
2673 1003 2863 1072 αὐτὴν,
2905 1002 3155 1070 θεότητός
3187 999 3298 1071 [ῖσ.
3340 999 3555 1071 θεότης]
3597 1016 3695 1051 που

2130 1100 2347 1162 πάντως
2394 1096 2696 1168 ἱερατεύσει
2727 1094 2865 1164 Θεῷ.
2899 1094 2962 1145 Τί
2996 1089 3089 1146 οῦν
3135 1093 3339 1158 ἀλύεις,
3371 1095 3484 1146 ἀνω
3515 1109 3573 1145 τε
3607 1091 3698 1145 καὶ

2129 1192 2278 1245 κάτω
2303 1191 2586 1259 διακυκᾷς,
2616 1188 2709 1240 καὶ
2739 1185 3173 1256 παρασημαίνων
3200 1185 3298 1238 οὐκ
3322 1185 3574 1256 ἐρυθριᾷς
3600 1183 3697 1251 τῆς

2130 1283 2362 1345 πίστεως
2403 1281 2500 1353 τὴν
2534 1279 2861 1352 παράδοσιν;
2888 1280 3041 1349 Ἔχει,
3084 1277 3355 1348 πρόφασιν
3398 1274 3698 1344 ἀναγκαίαν

2128 1377 2157 1428 6
2187 1377 2249 1427 ἐκ
2270 1373 2404 1426 Θεοῦ
2423 1372 2633 1442 Πατρός
2659 1371 2848 1438 Λόγος,
2882 1369 2985 1422 κᾶν
3016 1368 3325 1436 ίερατεῦσαι
3350 1367 3557 1435 λέγοιτο
3578 1366 3696 1435 Θεῷ

2131 1466 2225 1520 καὶ
2251 1465 2423 1534 Πατρί
2443 1481 2455 1494 -
2490 1462 2860 1532 κεχρημάτικε
2890 1460 2999 1531 γὰρ
3031 1461 3208 1533 ἱερεὺς
3240 1461 3300 1513 οὐ
3327 1460 3448 1530 δίχα
3475 1458 3693 1529 σαρκός,

2131 1558 2251 1611 καθ’
2275 1558 2421 1628 ἡμᾶς
2449 1556 2504 1608 δὲ
2536 1554 2795 1623 γεγονὼς,
2827 1556 2902 1614 ὡς
2933 1553 3090 1622 ἔφην,
3117 1552 3209 1616 οὒς
3239 1552 3351 1624 [Ion
3382 1547 3482 1621 οἷς]
3520 1551 3610 1603 καὶ
3638 1553 3696 1604 ἐν

2130 1649 2374 1711 εὐκλείας
2419 1648 2569 1713 τάξει
2609 1647 2912 1715 λελόγισται
2951 1646 3019 1698 τά
3052 1648 3153 1715 τῆς
3203 1642 3496 1714 ἱερωσύνης
3530 1642 3696 1712 αὐχή-

2134 1758 2300 1811 ματα.
2322 1740 2431 1793 Καὶ
2459 1740 2578 1792 καθ’
2596 1738 2780 1806 ἕτερον
2810 1736 2867 1790 δέ
2896 1736 3117 1807 τρόπον,
3135 1734 3515 1803 ἀταλαίπωρον
3546 1733 3691 1795 ἰδεῖν,

2130 1832 2206 1895 ὡς
2239 1830 2351 1883 ἐστι
2379 1829 2487 1882 τῶν
2520 1831 2656 1898 ἄγαν
2700 1827 3112 1888 ἐκτοπωτάτων,
3146 1827 3239 1879 καὶ
3271 1824 3473 1895 πολλῆς
3506 1824 3699 1893 ἐπίμε-

2134 1936 2256 1972 στον
2287 1918 2570 1989 εὐηθείας,
2617 1919 2856 1987 κτήτορα
2886 1917 3138 1986 θεότητος
3178 1914 3270 1967 τὸν
3302 1914 3360 1978 ἐξ
3399 1912 3697 1984 ἀνθρώπων

2130 2012 2399 2084 ληφθέντα
2440 2010 2640 2077 λέγειν,
2672 2006 3068 2077 καθιστάμενόν
3101 2023 3161 2057 τε
3201 2004 3338 2075 πρὸς
3392 2003 3482 2055 τὸν
3523 2002 3693 2054 Θεόν·

2131 2106 2179 2157 εἰ
2209 2104 2319 2173 γὰρ
2348 2100 2553 2173 ἐλήφθη
2594 2098 2744 2168 παρὰ
2778 2098 2871 2151 τοῦ
2902 2097 3059 2162 θεοῦ,
3089 2095 3211 2149 τίνα
3249 2095 3447 2165 τρόπον
3474 2093 3570 2163 τὴν
3602 2093 3698 2145 λα-

2131 2194 2330 2249 ϐοῦσαν
2349 2193 2512 2247 αὑτὸν
2536 2191 2910 2260 κατεκτήσατο
2934 2188 3094 2257 φύσιν
3114 2204 3127 2251 ;
3149 2187 3210 2240 τὸ
3233 2186 3342 2257 γάρ
3367 2203 3449 2239 τοι
3474 2185 3696 2255 ληφθέν,

2132 2288 2283 2340 ἔσται
2312 2303 2415 2338 που
2452 2284 2651 2355 μᾶλλον
2694 2281 2785 2335 τοῦ
2829 2281 3083 2342 λαϐόντος
3113 2280 3189 2341 ὡς
3219 2279 3430 2349 κτῆσις,
3474 2279 3567 2331 καὶ
3599 2278 3701 2331 οὐκ

2132 2384 2262 2438 αὐτὸ
2287 2384 2611 2453 κεκτήσεται
2640 2380 2700 2432 τὸ
2730 2376 3119 2449 προσειληφός·
3148 2371 3256 2428 οἷον
3282 2375 3336 2427 δέ
3361 2374 3423 2444 δή
3442 2373 3495 2425 τί
3526 2389 3695 2443 φημιο

2132 2476 2371 2532 Πλούτου
2412 2491 2497 2537 τις
2541 2473 2732 2541 γέγονε
2771 2472 3009 2541 κτήτωρ,
3055 2470 3222 2539 ἤγουν
3251 2468 3561 2536 ἐπιστήμης
3602 2466 3699 2533 τῆς

2132 2570 2217 2638 ἐφ’
2250 2566 2453 2637 ὁτῳοῦν
2483 2564 2804 2635 νοουμένηςο
2842 2558 2931 2631 ἆρ’
2958 2562 3055 2630 οὐχ
3091 2560 3293 2613 ἆπασιν
3342 2559 3590 2629 ἐναργὲς,
3624 2557 3700 2619 ὡς

2131 2661 2230 2714 οὐκ
2256 2658 2416 2721 αὐτὸς
2443 2657 2594 2709 ἔσται
2620 2654 2712 2707 τοῦ
2745 2653 2974 2706 πλούτου
3008 2652 3217 2720 κτῆσις,
3248 2650 3413 2719 ἤγουν
3439 2652 3534 2717 τῆς
3567 2665 3697 2719 προ-

2131 2752 2429 2823 γενομένης
2477 2747 2599 2819 [τσ.
2641 2740 3119 2815 προσγενομένης]
3177 2739 3327 2809 αὐτῷ
3359 2739 3695 2808 ἐπιστήμης,

2133 2841 2535 2909 κατακτήσεται
2575 2835 2632 2889 δέ
2682 2834 2880 2904 μᾶλλον
2898 2832 2959 2885 τὸ
2998 2828 3501 2901 προσειλημμένον;
3535 2826 3697 2891 Ἀλλ’,

2130 2929 2307 3003 οἶμαι,
2343 2928 2501 2983 τοῦτό
2535 2929 2651 2980 ἐστι
2705 2924 2827 2979 κατ’
2877 2923 3068 2976 οὐδένα
3119 2921 3319 2992 τρόπον
3373 2920 3698 2989 ἀμφίλογον.

2134 3023 2364 3087 Οὐκοῦν,
2395 3024 2443 3073 εἰ
2482 3018 2571 3073 τὸν
2611 3020 2712 3087 τῆς
2747 3014 3211 3086 ἐνανθρωπήσεως
3242 3011 3335 3064 τοῦ
3366 3009 3702 3077 Μονογενοῦς

2135 3111 2715 3184 πολυπραγμονοῦντες
2762 3107 2982 3177 τρόπον,
3036 3104 3320 3175 ἄνθρωπον
3354 3102 3698 3172 εὑρίσκομεν,

2133 3206 2209 3266 ὡς
2248 3205 2306 3255 ἐν
2354 3199 2655 3272 προσλήψει
2697 3196 2950 3264 θεότητος
2978 3192 3237 3261 γεγονότα
3269 3191 3422 3254 θεὸν,
3460 3188 3703 3257 λεγέσθω

2133 3296 2275 3349 κατά
2320 3294 2406 3357 σὲ,
2458 3291 2710 3359 θεότητος
2765 3288 3019 3355 κτήτωρο
3057 3283 3223 3337 αὐτοῦ
3274 3283 3383 3353 γὰρ
3420 3280 3700 3350 γέγονενή

2133 3387 2340 3454 θεότης.
2370 3384 2433 3437 Εἰ
2458 3383 2514 3435 δὲ
2540 3381 2672 3443 Θεὸς
2697 3378 2771 3432 ὢν
2798 3380 2826 3431 ὁ
2852 3378 3043 3445 Λόγος,
3075 3374 3367 3429 ἐπελάϐετο
3394 3374 3701 3443 σπέρματος

2146 3478 2417 3549 Ἀϐραὰμ,
2450 3474 2543 3528 καὶ
2572 3472 2830 3542 ὑπάρχων
2856 3470 2913 3521 ἐν
2955 3470 3135 3538 μορφῇ
3166 3467 3259 3520 τοῦ
3296 3466 3430 3519 Θεοῦ
3472 3465 3700 3532 Πατρός,

2133 3569 2355 3639 γέγονεν
2396 3565 2677 3636 ἄνθρωπος
2713 3559 2923 3632 μορφήν
2966 3558 3151 3611 δούλου
3200 3556 3400 3619 λαϐὼν,
3445 3556 3561 3617 πῶς
3605 3556 3703 3607 οὐκ

2135 3660 2498 3732 ἐμϐρόντητος
2523 3651 2606 3726 εἴη
2638 3654 2724 3719 ἂν,
2753 3654 2804 3707 εἴ
2834 3668 2915 3714 τις
2948 3650 3117 3703 ’ἐλοιτο
3145 3648 3340 3717 λέγειν,
3392 3649 3473 3700 ὅτι
3514 3647 3574 3699 τὸ
3612 3646 3737 3713 λη-ο

2137 3753 2267 3822 φθέν
2311 3751 2408 3822 τὴν
2452 3748 2723 3801 λαϐοῦσαν
2770 3745 2899 3798 αὐτὸ
2959 3743 3335 3811 κατεκτήσατο
3389 3738 3570 3808 φύσιν,
3614 3736 3707 3789 καὶ

2135 3844 2256 3914 οὐχὶ
2276 3844 2333 3896 δὲ
2366 3841 2561 3911 μᾶλλον
2586 3839 2806 3907 γέγονεν
2833 3837 2960 3888 ἴδιον
2982 3834 3079 3903 τῆς
3104 3831 3373 3901 λαϐούσης
3394 3829 3557 3891 αὑτός
3583 3830 3707 3880 ’Ότι

2136 3935 2192 3988 δὲ
2218 3935 2325 3988 τῶν
2352 3933 2546 3987 ἐαυτοῦ
2572 3932 2744 3999 λόγων
2774 3946 2831 3981 τε
2863 3928 2955 3980 καὶ
2983 3926 3116 3996 εὑρη
3128 3925 3311 3995 μάτων
3338 3922 3433 3993 τὴν
3457 3921 3703 3990 δύναμιν,

2137 4027 2231 4080 καὶ
2264 4026 2368 4097 μὴν
2395 4026 2489 4077 καὶ
2520 4023 2649 4076 αὐτὸ
2677 4021 2736 4073 τὸ
2772 4020 2871 4088 τῆς
2908 4015 3317 4088 ἀρχιερωσύνης
3346 4015 3517 4083 ὄνομα
3550 4029 3705 4081 περι-

2131 4119 2348 4188 ΐστησιν
2381 4115 2606 4186 ἀμαθῶς
2639 4115 2719 4175 εἰς
2752 4111 3037 4179 ἄνθρωπον
3069 4106 3255 4168 ἁπλῶς
3291 4106 3381 4157 τὸν
3420 4105 3483 4157 ἐκ
3515 4120 3707 4172 γυναι-

2137 4209 2254 4273 κὸς,
2286 4207 2577 4276 ἀποφέρων
2609 4204 2741 4256 αὐτὸ
2777 4200 2872 4254 τοῦ
2914 4195 3253 4266 Μονογενοῦς
3279 4196 3373 4249 καὶ
3402 4197 3466 4247 ἐκ
3497 4194 3712 4264 Πατρὸς

2136 4301 2287 4363 ὄντος
2328 4298 2523 4366 Λόγου,
2567 4297 2660 4348 καὶ
2697 4294 2783 4348 διὸ.
2827 4292 2937 4347 τῶν
2985 4290 3111 4358 ἐξῆς
3142 4287 3583 4359 προσαποφανεῖο
3615 4285 3710 4353 γέ-

2138 4409 2316 4463 γραφε
2344 4390 2453 4460 γὰρ
2481 4390 2576 4442 ὡδὶ
2609 4388 2671 4460 δὴ
2706 4387 2868 4440 πάλιν
2892 4402 2907 4417 ο

542 4478 807 4571 [Nestore
850 4500 870 4533 ι
902 4482 1015 4536 Non
1044 4484 1265 4553 angelos
1295 4486 1690 4555 apprehendit,
1725 4487 1819 4542 sed
1853 4503 2032 4543 semen

2213 4484 2259 4556 [ι
2287 4485 2401 4537 Οὐκ
2448 4482 2693 4550 ἀγγέλων
2744 4475 3191 4547 ἐπιλαμϐάνεται,
3231 4469 3369 4525 ἀλλὰ
3402 4470 3712 4537 σπέρματος

472 4570 758 4624 Abraham
791 4572 1233 4640 apprehendit":
1282 4594 1300 4625 ι
1347 4591 1475 4628 num
1522 4590 1706 4630 semen
1758 4578 2034 4631 Abraham

467 4670 549 4713 est
592 4661 704 4729 ipsa
747 4662 1041 4716 divinitas?
1072 4664 1197 4717 audi
1244 4666 1408 4719 etiam
1451 4679 1765 4735 sequentem
1804 4683 2033 4723 vocem:

476 4770 495 4802 ι
529 4750 683 4806 Unde
707 4754 970 4822 oportuit,
1006 4754 1201 4822 inquit,
1239 4771 1334 4825 per
1366 4759 1548 4812 omnia
1595 4757 1856 4813 fratribus
1886 4759 2032 4813 assi-

467 4845 646 4900 milari
671 4846 732 4900 ⁶ε
772 4864 789 4897 ι
827 4862 952 4900 num
982 4847 1254 4901 divinitati
1289 4849 1497 4904 similes
1534 4849 1672 4903 ullos
1702 4851 1892 4905 habuit
1920 4850 2035 4904 fra-

471 4949 584 4993 tres
615 4938 789 5007 ipsum
815 4939 906 4995 Dei
942 4939 1173 4994 Verbum
1197 4940 1221 4993 ?
1244 4940 1377 4995 Vide
1417 4942 1579 4995 etiam
1612 4943 1754 5010 quod
1782 4941 1925 4995 illico
1954 4942 2038 4997 his

470 5030 815 5096 adiungitur:
857 5050 877 5084 ι
917 5031 984 5086 Ut
1025 5034 1337 5087 misericors
1374 5032 1529 5086 ﬁeret
1568 5042 1623 5087 et
1656 5033 1830 5088 fidelis
1861 5033 2041 5087 Ponti-

474 5122 560 5175 fex
612 5125 678 5176 ad
712 5124 875 5178 Deum
908 5143 922 5179 :
970 5126 1022 5179 in
1069 5141 1133 5180 eo
1160 5126 1306 5178 enim
1345 5126 1397 5177 in
1429 5140 1534 5193 quo
1565 5140 1756 5194 passus
1799 5137 1883 5181 est
1924 5128 2039 5194 ipse

474 5226 733 5281 tentatus,
750 5227 937 5286 potens
960 5228 1044 5272 est
1066 5229 1119 5272 et
1140 5220 1219 5272 eis
1241 5219 1331 5288 qui
1355 5228 1649 5279 tentantur,
1670 5219 1915 5273 auxiliari
1939 5221 1981 5271 ⁷.
2011 5238 2029 5270 ι

474 5302 617 5377 Ergo
639 5310 789 5377 isqui
817 5325 1008 5378 passus
1036 5322 1143 5375 est,
1176 5311 1266 5365 ille
1292 5320 1377 5365 est
1408 5310 1653 5366 Pontifex
1687 5313 2035 5378 misericors;

475 5400 699 5469 patibile
740 5412 919 5457 autem
968 5403 1141 5472 ipsum
1190 5402 1443 5471 templum
1487 5412 1593 5466 est,
1625 5419 1732 5456 non
1771 5403 1914 5457 Deus
1945 5403 2037 5469 qui

478 5491 790 5545 vivificabat
820 5493 872 5547 id
912 5494 1050 5561 quod
1087 5495 1409 5562 patiebatur.
1442 5493 1635 5548 Semen
1670 5495 1963 5558 Abraham,
1994 5494 2041 5549 is

475 5594 559 5637 est
598 5585 689 5652 qui
738 5584 853 5639 beri
910 5593 964 5638 et
1009 5585 1185 5649 hodie,
1238 5594 1299 5639 ut
1352 5584 1549 5640 Paulus
1593 5585 1667 5639 ait
1717 5585 1759 5648 ⁸,
1810 5601 1915 5639 ιιοιι
1947 5585 2035 5654 qui

552 5765 572 5795 ³
603 5764 765 5821 Hebr.
796 5782 853 5831 ιι,
888 5768 972 5821 Ιϐ.
1049 5769 1063 5797 ¹·
1100 5768 1322 5836 Philipp.
1356 5785 1413 5833 ιι,
1443 5769 1494 5832 6,
1522 5768 1573 5823 7.
1650 5768 1669 5799 ⁸
1707 5767 1868 5825 Hebr.
1894 5783 1951 5831 tt,
1984 5770 2060 5821 l6.

2151 4575 2403 4647 Ἀϐραὰμ
2431 4572 2876 4643 ἐπιλαμϐάνεται.
2908 4589 2925 4619 ι
2965 4566 3057 4640 Μὴ
3088 4564 3305 4634 σπέρμα
3332 4560 3424 4615 τοῦ
3463 4558 3713 4628 Ἀϐραὰμ

2136 4671 2169 4739 ἡ
2201 4668 2425 4737 θεότης;
2459 4665 2691 4718 ἄκουσον
2720 4664 2813 4716 καὶ
2842 4662 2940 4732 τὴν
2966 4658 3240 4729 ἐπομὲσςν
3264 4654 3447 4723 φωνήν
3466 4668 3481 4683 ο
3508 4670 3529 4703 ε
3550 4649 3715 4703 Ὅθεν

2134 4760 2351 4829 ὤφειλε,
2388 4758 2550 4828 φησι,
2586 4756 2727 4809 κατὰ
2772 4756 2949 4808 πάντα
2998 4755 3109 4815 τοῖς
3154 4748 3403 4818 ἀδελφοῖς
3442 4742 3713 4814 ὁμοιωθῆ-

2133 4869 2243 4917 ναι,
2270 4870 2287 4901 ι
2329 4851 2404 4921 μὴ
2433 4852 2498 4921 τῇ
2529 4847 2740 4918 θεότητί
2772 4864 2926 4909 τινας
2953 4847 2981 4898 6
3013 4844 3145 4907 Θεὸς
3174 4843 3345 4911 Λόγος
3378 4842 3534 4912 ἔσχε»
3562 4834 3716 4889 ἀδελ-

2136 4942 2588 5015 φοὺς,ἐοικότας;
2638 4938 2836 4992 Σκόπει
2874 4938 2968 4989 καὶ
3012 4935 3074 4987 τὸ
3118 4933 3330 4995 τούτοις
3376 4932 3537 4993 εὐθὺς
3586 4943 3719 4985 dov-

2134 5036 2467 5105 απτόμενονο
2508 5051 2526 5084 ι
2554 5033 2670 5084 Ἵνα
2713 5030 2958 5100 ἐλεήμων
2990 5027 3216 5097 γένηται
3252 5025 3347 5078 καὶ
3394 5022 3583 5084 πιστὸς
3616 5022 3717 5090 ἁρ-

2135 5127 2353 5199 χιερεὺς
2374 5124 2441 5177 τὰ
2467 5122 2604 5195 πρὸς
2627 5122 2719 5174 τὸν
2748 5120 2879 5173 Θεόν
2900 5135 2915 5149 ο
2944 5120 3001 5171 ἐν
3032 5110 3075 5185 ᾧ
3104 5117 3213 5187 γὰρ
3242 5115 3505 5169 πέπονθεν
3550 5112 3715 5175 αὐτὸς

2137 5218 2449 5291 πειρασθεὶς
2470 5257 2483 5281 ,
2519 5216 2740 5268 δύναται
2771 5215 2882 5274 τοῖς
2919 5210 3334 5281 πειραζομένοις
3378 5207 3659 5277 βοηθῆσαι.
3689 5222 3708 5253 ι

2138 5310 2346 5365 Οὐκοῦν
2372 5312 2399 5363 6
2432 5308 2619 5362 παθὼν
2664 5306 2953 5377 ἀρχιερεὺς
2991 5304 3257 5372 ἐλεήμων,
3308 5300 3545 5369 παθητὸς
3589 5297 3644 5349 δὲ
3686 5296 3716 5348 6

2139 5403 2286 5465 ναὸς,
2324 5402 2422 5470 οὐχ
2450 5402 2478 5453 ὁ
2511 5399 2773 5464 ζωοποιδς
2808 5396 2903 5449 τοῦ
2939 5394 3266 5456 πεπονθότος
3299 5392 3450 5454 Θεός.
3486 5389 3715 5458 Σπέρμα

2153 5493 2405 5563 Ἀϐραὰμ
2430 5494 2458 5545 ὁ
2489 5491 2615 5561 χθὲς
2648 5489 2743 5542 καὶ
2775 5490 3033 5557 σήμερον,
3062 5486 3205 5538 κατά
3237 5487 3336 5555 τὴν
3369 5481 3461 5534 τοῦ
3502 5478 3715 5533 Παύλου

2142 5586 2347 5656 φωνὴν,
2383 5585 2481 5654 οὐχ
2522 5585 2549 5637 ὁ
2588 5582 2783 5649 λέγων,
2819 5600 2835 5629 ι
2871 5580 3006 5649 Πρὶν
3038 5577 3286 5647 Ἀϐραὰμ
3322 5572 3575 5643 γενέσθαι
3604 5567 3717 5639 ἐγώ

2140 5770 2160 5798 ⁸
2191 5768 2317 5821 ΙΙιιι]Δ
2356 5765 2435 5820 l7.
2512 5766 2529 5794 ⁷
2564 5762 2693 5818 Ibid.
2730 5761 2809 5816 18.
2888 5760 2906 5790 ⁸
2941 5757 3097 5815 Hebr.
3129 5773 3244 5819 ιιιιι,
3278 5757 3358 5809 18.
