4054 6332
344 356 449 410 125

1465 350 1840 408 Αυνειιευε
1876 349 2281 406 NESTORIUM
2321 348 2447 405 LIB.
2486 334 2571 407 tn;

3494 350 3598 404 126

342 476 461 545 εἰμι
481 490 494 503 ·
516 493 536 526 ι
565 473 748 543 ὅμοιος
776 474 889 537 τοῖς
915 472 1164 544 ἀδελφοῖς
1192 478 1332 531 κατά
1362 474 1543 529 πάντα
1567 477 1597 529 6
1621 473 1800 545 ψυχῆς
1831 473 1923 526 ἀν-

2027 473 2163 526 dixit
2200 493 2213 529 :
2254 492 2273 524 ι
2322 472 2640 540 Priusquam
2677 469 2951 525 Abraham
2995 469 3166 538 ﬁeret,
3197 483 3298 540 ego
3334 485 3455 524 sum
3485 470 3530 523 9.
3567 487 3589 520 ι

345 568 625 639 θρωπίνης
653 569 749 620 καὶ
778 569 977 638 σαρκὸς
1004 569 1287 624 ἀναλαϐὼν
1316 569 1671 638 ἀδελφότητα,
1702 568 1799 620 καὶ
1821 566 1921 636 οὐχ

344 662 375 713 ὁ
396 660 591 731 λέγων,
622 680 639 712 ι
675 663 736 715 '0
763 660 1019 731 ἑωρακὼς
1041 661 1165 733 ἐμὲ,
1189 662 1402 734 ἑώρακε
1429 661 1521 716 τὸν
1550 659 1851 732 Πατέρα.›]

947 897 1202 953 ΚΕΦΑΛ.
1244 899 1319 954 B'.

417 1008 628 1063 Οὐκοῦν
684 1010 999 1075 ἐπελάϐετο,
1043 1012 1189 1067 καθὰ
1220 1014 1317 1067 καὶ
1356 1013 1520 1077 αὐτὸς
1568 1013 1924 1086 ὡμολόγηκεν

346 1098 573 1169 ἀρτίως,
625 1100 936 1173 σπέρματος
972 1103 1221 1175 Ἀϐραὰμ
1251 1105 1385 1169 Θεὸς
1416 1104 1491 1160 ὣν
1519 1108 1548 1160 6
1574 1108 1773 1175 Λόγος·
1805 1106 1922 1172 πῶς

346 1183 439 1242 οὖν
463 1190 543 1243 ἔτι
559 1189 812 1262 Θεότητος
834 1196 1072 1264 κτήτωρ,
1095 1196 1124 1248 6
1153 1197 1217 1248 ὲκ
1240 1196 1552 1267 σπέρματος
1583 1197 1854 1269 Ἀϐραὰμ,
1873 1201 1923 1253 εί

347 1281 697 1352 προσελήφθη
730 1283 880 1349 παρά
908 1284 1067 1347 Θεοῦ,
1096 1285 1189 1338 καὶ
1220 1286 1341 1356 οὐχὶ
1369 1287 1691 1357 προσλαϐὼν
1728 1291 1922 1360 ὁρᾶται

346 1371 442 1441 τὴν
476 1370 704 1442 θεότητα
741 1372 933 1439 αὑτός;
969 1375 1079 1428 Καὶ
1112 1375 1362 1447 θεότητος
1396 1373 1488 1430 οὖν
1520 1377 1681 1447 φύσις
1713 1380 1921 1449 ἥκιστα

347 1462 415 1515 ἂν
439 1463 524 1533 εῖη
550 1462 612 1515 τὸ
638 1464 859 1535 σπέρμα
884 1465 979 1517 τοῦ
1019 1466 1289 1538 Ἀϐραὰμ,
1322 1468 1481 1538 σῶμα
1508 1469 1564 1521 δὲ
1600 1469 1800 1539 μᾶλλον
1826 1472 1919 1524 τοῦ

346 1554 481 1605 Θεοῦ
520 1554 694 1621 Λόγου
743 1557 969 1625 γέγονε,
1032 1558 1173 1613 κατὰ
1214 1559 1312 1622 τὰς
1350 1560 1607 1630 Γραφάς,
1652 1562 1746 1616 καὶ
1793 1562 1922 1616 ἴδιον

346 1644 539 1698 αὐτοῦ·
569 1647 665 1699 καὶ
689 1647 719 1699 6
748 1648 814 1716 τῇ
849 1647 1024 1701 κτίσει
1060 1648 1200 1702 κατά
1230 1649 1389 1718 φύσιν
1418 1650 1553 1704 ἰδίαν
1586 1650 1922 1717 ἀσύντακτος

346 1734 422 1798 ὡς
449 1736 601 1800 Θεὸς,
624 1737 713 1791 ὅτε
744 1737 967 1806 γέγονεν
996 1739 1299 1812 ἄνθρωπος.
1329 1741 1386 1803 ὃς
1424 1743 1540 1794 ἐστι
1565 1741 1796 1806 κτίσεως
1827 1744 1919 1815 μὲ-

353 1843 464 1897 ρος,
505 1829 628 1881 τότε
659 1829 746 1899 δὴ,
786 1829 908 1883 τότε
936 1830 1033 1884 καὶ
1063 1830 1207 1901 μάλα
1238 1833 1491 1895 είκότως,
1533 1835 1627 1887 καὶ
1659 1835 1923 1904 ἀδελφοὺς

350 1920 498 1990 ἡμᾶς
534 1921 817 1991 ὀνομάζειν
858 1921 1021 1987 ἀξιοῖ,
1047 1922 1251 1991 λέγων·
1293 1924 1616 1994 Ἀπαγγελῶ
1656 1928 1717 1980 τὸ
1751 1927 1925 1997 ὄνομά

350 2027 446 2063 σου
480 2015 592 2075 τοῖς
628 2012 875 2081 ἀδελφοῖς
911 2031 1034 2083 μου.
1057 2014 1181 2068 Ὅτι
1210 2014 1267 2068 δὲ
1295 2015 1384 2069 διὰ
1415 2017 1474 2069 τὸ
1507 2018 1608 2086 τῆς
1638 2017 1925 2083 κενώσεως

350 2100 546 2173 μέτρον
592 2104 1065 2174 καταπεφοίτηκεν
1105 2107 1134 2158 6
1164 2109 1228 2160 ἐκ
1262 2106 1395 2159 Θεοῦ
1451 2108 1667 2181 Πατρὸς
1716 2109 1921 2179 Λόγος,

347 2194 443 2247 καὶ
486 2194 566 2258 είς
614 2211 678 2262 γε
716 2194 778 2248 τὸ
826 2195 937 2249 δεῖν
992 2198 1385 2268 κατονομάζειν
1435 2198 1699 2269 ἀδελφοὺς
1745 2202 1924 2273 ἑαυτῷ

346 2284 474 2349 τοὺς
522 2284 616 2338 ἐπὶ
665 2286 765 2357 τῆς
816 2288 953 2358 γῆς,
1013 2293 1270 2360 σαφηνιεῖ
1331 2291 1624 2364 γεγραφὼς
1671 2294 1701 2346 6
1742 2292 1921 2361 σοφώ·

347 2391 507 2439 τατος
535 2374 766 2440 Παῦλος,
796 2379 926 2447 περί
954 2396 1011 2432 τε
1036 2380 1204 2435 αὐτοῦ
1252 2383 1346 2436 καὶ
1379 2384 1538 2454 ήμῶν
1558 2401 1571 2415 ·
1606 2404 1626 2437 ι
1659 2386 1788 2438 Ὅτε
1815 2385 1925 2455 γὰρ

348 2467 588 2536 ἁγιάζων
616 2470 711 2523 καὶ
751 2472 801 2523 oi
833 2470 1204 2543 ἁγιαζόμενοι,
1233 2473 1292 2539 ἐξ
1332 2475 1449 2539 ἑνὸς
1500 2476 1731 2545 πάντες,
1763 2476 1831 2532 δι’
1855 2478 1925 2549 ἢν

348 2560 528 2616 αἰτίαν
550 2561 650 2615 οὐκ
678 2563 1062 2634 ἐπαισχύνεται
1086 2564 1348 2634 ἀδελφοὺς
1377 2567 1576 2630 αὐτοὺς
1605 2568 1811 2629 καλεῖν,
1841 2568 1924 2622 λέ-

348 2670 489 2720 γων’
526 2653 846 2723 Ἀπαγγελῶ
892 2656 952 2709 τὸ
977 2656 1147 2727 όνομά
1198 2674 1291 2710 σου
1319 2660 1431 2722 τοῖς
1458 2658 1707 2728 ἀδελφοῖς
1743 2678 1869 2730 μου.
1896 2679 1918 2713 ι

349 2745 464 2816 Πρὸ
499 2746 600 2816 μὲν
636 2747 746 2819 γὰρ
789 2748 885 2818 τῆς
932 2748 1419 2819 ὲνανθρωπήσεως,
1460 2750 1692 2821 σμικρὸν
1724 2750 1921 2824 κομιδῆ

348 2832 427 2905 τῷ
452 2838 517 2888 ὲκ
547 2835 681 2889 Θεοῦ
714 2835 874 2905 φύντι
910 2837 1067 2907 Λόγῳ
1095 2837 1155 2890 τὸ
1185 2838 1286 2908 τῆς
1319 2838 1455 2909 πρὸς
1495 2840 1527 2909 ἡ
1538 2838 1655 2908 μῶν
1692 2839 1924 2909 ἀδελφό-

348 2942 510 2996 τητος
547 2925 718 2997 ὄνομα
738 2945 750 2956 ·
782 2928 1096 2998 καθιγμένῳ
1125 2946 1190 2997 γε
1237 2929 1342 3000 μὴν
1371 2932 1451 2992 είς
1482 2931 1726 2984 ἑκούσιον
1757 2932 1925 2985 κένω-

350 3033 458 3083 σιν,
484 3017 716 3089 σμικρὸν
751 3019 850 3089 μὲν
888 3022 982 3073 καὶ
1020 3019 1185 3087 οὕτω,
1216 3021 1355 3092 πλὴν
1385 3022 1714 3093 εὐαφόρμως
1742 3022 1921 3076 εἰσϐε-

2024 565 2229 620 Similis
2258 564 2540 631 [fratribus
2591 579 2686 632 per
2721 564 2925 627 omnia,
2966 563 3057 633 qui
3112 562 3360 615 humanae
3401 562 3595 614 anima:

2019 665 2077 708 et
2100 656 2279 709 carnis
2309 654 2710 709 fraternitatem
2737 652 2997 721 suscepit,
3032 667 3139 705 non
3175 650 3265 705 ille
3292 649 3383 718 qui
3410 648 3548 717 dixit
3574 665 3590 702 :

2026 761 2047 799 ι
2079 745 2181 811 Qui
2208 745 2342 799 vidit
2371 759 2479 810 me,
2514 743 2651 798 vidit
2673 753 2726 798 et
2758 742 2975 798 Patrem
3005 742 3075 797 ‘°.
3114 761 3132 793 ι
3159 740 3187 815 1

2659 898 2811 954 CAP.
2855 896 2920 953 ll.

2093 1040 2234 1110 Ergo
2257 1038 2634 1109 apprehendit,
2667 1046 2729 1091 ut
2756 1035 3003 1107 ipseiam
3034 1044 3115 1089 est
3147 1031 3464 1097 confessus,
3496 1045 3589 1087 se-

2024 1148 2145 1187 men
2172 1129 2660 1197 Abraham,ipsnm
2686 1128 2921 1183 Verbum
2948 1126 3091 1193 quod
3130 1124 3272 1179 Deus
3296 1132 3434 1189 erat,
3461 1138 3596 1192 quo-

2025 1222 2185 1276 modo
2214 1222 2380 1290 igitur
2403 1220 2519 1287 jam
2551 1216 2852 1271 divinitatis
2894 1216 2963 1269 sit
2995 1229 3301 1283 possessor,
3336 1216 3381 1268 is
3406 1215 3496 1282 qui
3525 1229 3593 1267 ex

2023 1314 2228 1368 semine
2257 1322 2339 1366 est
2370 1310 2666 1373 Abraham,
2696 1310 2739 1363 si
2778 1323 2807 1360 a
2846 1307 2957 1362 Deo
2985 1316 3070 1362 est
3114 1316 3449 1374 assumptus,
3483 1320 3590 1359 non

2021 1404 2136 1473 ipsc
2157 1403 2490 1458 divinitatem
2519 1400 2879 1467 assumpsisse
2910 1398 3202 1452 cernitur?
3242 1396 3434 1464 Neque
3478 1396 3587 1464 igi-

2024 1506 2115 1550 tur
2141 1495 2316 1564 ipsum
2348 1507 2533 1547 semen
2564 1489 2836 1544 Abraham
2869 1488 2975 1542 ullo
3008 1488 3169 1542 modo
3192 1487 3492 1541 divinitatis
3510 1493 3597 1538 est

2024 1597 2236 1651 natura,
2278 1585 2371 1640 sed
2418 1598 2624 1654 corpus
2658 1582 2838 1652 potius
2884 1581 2977 1634 Dei
3028 1578 3185 1634 Verbi
3236 1579 3435 1633 factum
3486 1588 3596 1641 est,

2024 1678 2316 1733 secundum
2360 1676 2713 1745 Scripturas,
2755 1674 2978 1743 ejusque
3018 1672 3294 1741 pr0prium
3335 1689 3349 1724 :
3401 1678 3458 1723 et
3506 1668 3598 1723 ille

2024 1769 2115 1839 qui
2170 1782 2236 1821 ex
2286 1776 2492 1821 naturae
2538 1779 2648 1819 sum
2706 1764 2916 1817 ratione
2960 1777 3085 1816 cum
3136 1768 3384 1815 creatura
3432 1758 3594 1813 simul

2024 1856 2233 1912 censeri
2266 1871 2370 1908 non
2404 1862 2602 1923 potest,
2634 1862 2823 1923 utpote
2861 1851 3024 1912 Deus,
3058 1851 3145 1903 ubi
3178 1848 3353 1905 factus
3379 1857 3459 1902 est
3492 1847 3592 1901 ho-

2024 1964 2134 2013 mo,
2162 1948 2249 2015 qui
2290 1955 2373 2002 est
2399 1961 2521 2016 pars
2559 1946 2826 2009 universi,
2868 1954 2981 1998 tum
3033 1957 3180 1998 vero
3225 1940 3499 2010 aptissime
3539 1949 3597 1992 et

2025 2040 2219 2092 fratres
2259 2052 2356 2092 nos
2397 2036 2668 2107 appellare
2697 2035 2972 2104 dignatur,
3024 2032 3251 2085 dicens:
3287 2049 3305 2080 ι
3345 2027 3596 2082 Narrabo

2025 2145 2222 2185 nomen
2270 2140 2418 2183 tnum
2462 2125 2725 2181 fratribus
2767 2125 2904 2178 meis
2938 2123 3004 2175 “.
3042 2140 3059 2173 ι
3096 2120 3268 2176 Porro
3312 2120 3489 2189 ipsum
3525 2132 3596 2174 ex

2024 2221 2135 2275 Deo
2166 2220 2331 2275 Patre
2360 2218 2596 2274 Verbum
2625 2232 2721 2287 per
2760 2214 3150 2271 exiuanitionis
3190 2227 3501 2267 mensuram
3541 2213 3595 2266 in

2023 2311 2078 2366 id
2097 2312 2260 2366 etiam
2285 2309 2652 2372 descendisse,
2684 2305 3015 2361 uthomines
3039 2304 3138 2373 qui
3171 2303 3222 2356 in
3246 2302 3410 2356 terris
3437 2311 3597 2356 erant

2024 2404 2360 2460 sibi‘fratres
2392 2403 2620 2465 diceret,
2656 2399 3005 2468 perspicuum
3038 2396 3203 2450 faciet
3236 2395 3425 2450 beatus
3464 2393 3599 2447 Pau-

2023 2497 2130 2562 lus,
2158 2496 2249 2565 qui
2279 2496 2346 2551 de
2389 2494 2503 2563 ipso
2533 2494 2721 2562 deque‘
2744 2491 2899 2545 nobis
2927 2488 3148 2558 scripsit
3176 2506 3190 2543 :
3226 2505 3245 2539 ι
3286 2486 3386 2554 Qui
3440 2486 3587 2541 enim

2023 2588 2346 2654 sanctificat,
2377 2598 2431 2642 et
2469 2586 2562 2655 qui
2613 2584 3051 2648 sanctificantur,
3094 2597 3161 2636 ex
3214 2596 3324 2635 uno
3360 2594 3594 2635 omnes:

2023 2692 2242 2752 propter
2270 2694 2430 2749 quam
2465 2692 2689 2732 causam
2730 2691 2835 2730 non
2881 2674 3236 2729 confunditur
3266 2673 3467 2727 fratres
3497 2687 3596 2726 ens

2022 2771 2313 2843 appellare,
2340 2771 2565 2824 dicens:
2599 2766 2844 2820 Narrabo
2891 2766 2998 2836 7o
3033 2778 3233 2819 nomen
3283 2772 3436 2817 tuum
3486 2763 3595 2816 fra-

2022 2866 2194 2919 tribus
2234 2864 2367 2917 meis
2398 2863 2482 2926 “;
2524 2880 2543 2913 ι
2580 2874 2705 2913 nam
2750 2867 3041 2926 antequam
3092 2857 3255 2910 homo
3304 2854 3479 2909 factus
3505 2868 3596 2908 es-

2022 2965 2124 3020 set,
2160 2954 2411 3019 exiguum
2440 2966 2572 3005 sane
2596 2958 2715 3005 erat
2741 2949 2816 3003 illi
2852 2963 2920 3001 ex
2947 2947 3056 3000 Deo
3078 2947 3261 3016 genito
3291 2945 3470 3000 Verbo
3502 2958 3597 2998 no-

2023 3054 2148 3099 strae
2170 3040 2525 3096 fraternitatis
2544 3053 2738 3094 nomen
2762 3055 2777 3092 :
2798 3049 2853 3091 at
2878 3037 2969 3091 ubi
2999 3037 3064 3091 ad
3092 3036 3452 3090 voluntariam
3477 3035 3590 3091 exi-

349 3106 544 3211 ϐηκός·
579 3110 884 3180 μετέσχηκε
912 3110 1020 3182 γὰρ
1048 3112 1277 3182 αἵματος
1307 3113 1401 3167 καὶ
1433 3113 1654 3183 σαρκὸς,
1689 3114 1782 3166 καὶ
1810 3115 1924 3176 τοῖς

2031 3134 2365 3189 nanitionem
2411 3130 2710 3193 descendit,
2752 3129 3005 3196 exiguum
3066 3130 3146 3181 sic
3208 3142 3427 3197 quoque
3470 3125 3595 3190 fuit,

349 3200 411 3253 ὲν
443 3202 607 3271 σαρκὶ
636 3201 729 3254 καὶ
762 3202 955 3272 αἵματι
1000 3204 1405 3274 κεχρημάτικεν
1436 3203 1684 3274 ἀδελφός.
1724 3205 1788 3257 Ei
1817 3204 1928 3274 γὰρ

349 3290 633 3357 ἁγιάζεται
664 3292 782 3362 μεθ’
806 3292 962 3364 ήμῶν
997 3294 1132 3347 καθὸ
1161 3294 1383 3364 γέγονεν
1412 3294 1719 3366 ἄνθρωπος,
1750 3296 1927 3351 καίτοι

351 3383 482 3446 Θεὸς
507 3382 581 3436 ὦν
610 3384 789 3452 φύσει,
825 3386 918 3437 καὶ
950 3385 1009 3437 τὸ
1043 3386 1259 3456 πνεῦμα
1290 3387 1465 3451 διδοὺς
1492 3389 1677 3453 αὐτὸς,
1713 3390 1832 3453 πῶς
1876 3392 1927 3444 εί

350 3473 562 3542 λέγοιτο
604 3476 699 3528 καὶ
742 3476 995 3557 ἀδελφὸς,
1030 3477 1129 3529 οὐκ
1170 3480 1231 3531 ὲν
1269 3479 1458 3550 κόσμῳ
1492 3480 1678 3534 λοιπὸν
1711 3484 1927 3552 εἴρηται

350 3559 701 3637 [είρήσεται];
719 3565 922 3636 ταύτης
944 3567 1049 3639 γὰρ
1068 3567 1232 3623 ἕνεκα
1253 3568 1354 3638 τῆς
1376 3571 1558 3635 αίτίας
1586 3573 1778 3640 γέγονε
1804 3574 1927 3627 καθ’

350 3657 529 3727 ἡμᾶς,
573 3658 661 3711 ἵνα
703 3660 852 3728 ἡμᾶς
898 3660 1160 3729 ἀδελφοὺς
1212 3664 1556 3735 ἀποφήνηται
1597 3667 1690 3719 καὶ
1719 3667 1929 3721 ἐλευθέ-

350 3764 507 3820 ρους.
546 3768 565 3802 ι
595 3750 754 3803 Ὅσοι
790 3752 900 3822 γὰρ
933 3752 1125 3807 ἔλαϐον
1156 3754 1340 3819 αὑτὸν,
1378 3759 1562 3828 φησὶν,
1599 3759 1799 3814 ἔδωκεν
1830 3763 1926 3815 αύ-

346 3841 465 3904 τοῖς
488 3840 738 3904 ἐξουσίαν
769 3843 935 3896 τέκνα
972 3844 1106 3898 Θεοῦ
1134 3847 1406 3915 γενέσθαι,
1437 3852 1549 3914 τοῖς
1576 3851 1927 3906 πιστεύουσιν

348 3931 432 3995 είς
470 3931 532 3984 τὸ
563 3931 732 4003 ὄνομα
760 3933 953 3987 αὐτοῦ’
980 3936 1030 3989 οἳ
1058 3936 1159 3990 οὐκ
1185 3938 1244 4004 ἐξ
1277 3940 1543 4009 αἱμάτων,
1571 3943 1692 3996 οὐδὲ
1735 3944 1801 3996 ὲκ
1835 3942 1924 3995 Θε-

348 4023 587 4095 λήματος
618 4027 838 4095 σαρκὸς,
869 4028 990 4080 οὐδὲ
1020 4029 1085 4081 ὲκ
1114 4029 1415 4101 θελήματος
1468 4034 1678 4104 ἀνδρὸς,
1716 4035 1831 4089 ἀλλ’
1861 4038 1926 4089 ὲκ

348 4110 486 4163 Θεοῦ
535 4113 924 4184 ἐγεννήθησαν.
948 4134 966 4166 ι
1004 4117 1298 4189 Γεγένηται
1337 4120 1445 4191 γὰρ
1486 4122 1514 4173 6
1548 4124 1613 4176 ὲκ
1643 4125 1778 4178 Θεοῦ
1813 4129 1926 4180 Πα-

352 4199 484 4272 τρδς
526 4202 698 4271 Λόγος
735 4207 852 4273 μεθ’
893 4207 1053 4277 ἡμῶν
1092 4210 1235 4264 κατὰ
1268 4210 1475 4282 σάρκα,
1511 4214 1597 4267 ἵνα
1628 4217 1721 4268 καὶ
1763 4219 1926 4287 ἡμεῖς

354 4290 458 4360 τὴν
483 4291 551 4344 ὲκ
575 4290 709 4344 Θεοῦ
747 4294 1285 4368 καταπλουτήσωμεν
1312 4300 1402 4354 διὰ
1444 4302 1753 4373 πνεύματος
1798 4305 1924 4372 γέν-

354 4396 529 4451 νησιν,
553 4383 732 4436 οὐκέτι
760 4385 959 4455 σαρκὸς
986 4388 1413 4459 χρηματίζοντες
1431 4393 1620 4457 τέκνα,
1651 4413 1925 4465 μεταστοι-

2029 3228 2123 3284 sed
2149 3241 2253 3281 non
2283 3227 2418 3280 citra
2450 3222 2828 3277 rationabilem
2852 3236 3076 3277 causam
3113 3227 3391 3287 receptum
3424 3236 3437 3272 :
3473 3233 3597 3287 par-

2028 3319 2273 3388 ticipavit
2310 3317 2454 3372 enim
2503 3329 2679 3371 carne
2711 3324 2764 3369 et
2809 3312 3072 3381 sanguine
3108 3312 3174 3377 ¹³,
3200 3319 3255 3364 et
3298 3310 3383 3364 his
3417 3312 3508 3377 qui
3542 3309 3596 3363 in

2029 3426 2192 3467 carne
2220 3419 2376 3466 erant
2415 3424 2479 3463 ac
2513 3408 2811 3478 sanguine,
2845 3407 3015 3459 frater
3056 3404 3193 3458 fuit:
3225 3418 3348 3458 nam
3389 3402 3435 3457 si
3471 3418 3596 3457 san-

2027 3506 2299 3560 ctificatur
2324 3503 2604 3557 nobiscum
2631 3516 2736 3571 qua
2788 3500 2967 3553 factus
3003 3506 3087 3552 est
3133 3498 3316 3563 homo,
3349 3495 3600 3564 quamvis

2028 3605 2221 3650 natura
2262 3595 2405 3650 Deus
2451 3602 2634 3657 esset,
2672 3601 2729 3646 et
2762 3590 3014 3660 Spiritum
3066 3590 3178 3659 ipse
3214 3587 3387 3652 daret,
3420 3602 3518 3641 cur
3550 3587 3595 3641 si

2027 3697 2248 3742 vocetur
2288 3687 2450 3740 etiam
2505 3684 2691 3748 frater,
2751 3683 2974 3737 minime
3033 3680 3289 3735 decenter
3354 3679 3591 3743 dicatur,

2027 3794 2149 3834 cum
2182 3780 2281 3833 hac
2310 3779 2375 3832 de
2400 3791 2560 3830 causa
2600 3775 2777 3828 fat-tus
2817 3774 2890 3828 sit
2937 3773 3109 3827 nostri
3148 3770 3364 3838 similis,
3404 3780 3465 3824 ut
3497 3783 3597 3824 nos

2028 3872 2225 3926 fratres
2268 3886 2331 3924 ac
2376 3869 2576 3923 liberos
2627 3865 2906 3921 efﬁceret?
2954 3882 2972 3915 ι
3007 3864 3282 3932 Quotquot
3334 3860 3479 3916 enim
3518 3875 3601 3915 re-

2027 3969 2288 4030 ceperunt
2333 3974 2477 4025 eum,
2534 3958 2747 4026 inquit,
2788 3956 2934 4010 dedit
2973 3954 3054 4009 eis
3096 3961 3414 4023 potestatem
3463 3950 3600 4004 filios

2027 4053 2123 4107 Dei
2181 4051 2319 4115 ﬁeri,
2370 4050 2457 4105 his
2501 4049 2592 4118 qui
2642 4048 2870 4102 credunt
2916 4046 2971 4100 in
3031 4044 3252 4099 nomine
3302 4042 3420 4111 ejus
3457 4060 3472 4097 :
3505 4041 3596 4111 qui

2027 4160 2132 4197 non
2180 4158 2245 4197 ex
2300 4140 2677 4210 sanguinibus,
2728 4151 2903 4206 neque
2949 4150 3016 4190 ex
3062 4135 3339 4190 voluutate
3394 4134 3597 4196 carnis.

2027 4249 2203 4302 neque
2233 4249 2298 4287 ex
2333 4232 2612 4286 voluntate
2640 4229 2765 4292 viri,
2800 4228 2893 4283 sed
2938 4241 3003 4281 ex
3044 4226 3154 4281 Deo
3184 4225 3295 4280 nati
3331 4233 3458 4280 sunt
3488 4223 3553 4279 “.
3573 4241 3593 4275 ι

2026 4322 2222 4376 Natum
2258 4330 2338 4376 est
2378 4321 2521 4376 enim
2571 4318 2851 4373 nobiscum
2885 4316 3183 4372 secundum
3221 4329 3439 4368 carnem
3470 4312 3599 4367 illud

2029 4432 2094 4470 ex
2135 4416 2244 4470 Deo
2294 4414 2455 4467 Patre
2512 4412 2781 4477 Verbum,
2828 4419 2888 4463 ut
2936 4423 3033 4463 nos
3078 4420 3295 4476 quoque
3340 4405 3485 4458 illam
3531 4418 3599 4458 ex

357 4473 660 4575 (X‘EIOPpEVOt
704 4474 996 4575 δὲμᾶλλον
1044 4482 1123 4543 είς
1158 4481 1228 4534 τὰ
1273 4483 1412 4553 ὑπὲρ
1445 4483 1627 4552 φύσιν,
1676 4487 1771 4539 καὶ
1821 4489 1924 4541 υἱοὶ

2038 4510 2146 4562 Deo
2187 4521 2284 4575 per
2317 4506 2568 4574 Spiritum
2618 4500 2956 4555 nativitatem
2992 4497 3337 4567 acquiramus
3370 4510 3387 4549 :
3423 4508 3601 4562 neque

352 4560 489 4614 Θεοῦ
521 4565 947 4633 χρηματίζοντες
979 4568 1121 4622 κατὰ
1150 4570 1327 4641 χάριν.
1355 4572 1551 4641 Γέγονε
1594 4574 1702 4645 γάρ
1741 4574 1816 4640 ὡς
1846 4571 1926 4640 εἷς

348 4651 413 4717 ἐξ
440 4652 615 4723 ἡμῶν,
641 4657 669 4708 6
698 4656 840 4710 κατά
878 4658 1040 4727 φύσιν
1069 4661 1161 4714 καὶ
1201 4662 1418 4734 ἀληθῶς
1443 4664 1572 4728 Υἱὸς
1608 4666 1925 4738 μονογενὴς,

351 4744 446 4797 καὶ
466 4745 701 4816 ἀψευδὴς
721 4749 749 4800 6
783 4747 939 4816 λόγος
959 4766 974 4780 ο
1002 4750 1334 4806 πιστώσεται
1359 4754 1416 4806 δὲ
1442 4756 1578 4826 πρὸς
1603 4756 1758 4809 τοῦτο
1782 4760 1928 4829 ἡμᾶς

350 4835 382 4887 6
415 4834 699 4901 Θεσπέσιος
731 4840 963 4906 Παῦλος,
988 4842 1085 4896 ὡδί
1119 4861 1218 4897 που
1249 4845 1455 4914 λέγων’
1494 4867 1513 4900 ι
1540 4848 1661 4901 ’Ότι
1705 4849 1763 4903 δέ
1804 4853 1928 4903 ὲστε

351 4925 481 4992 υἱοὶ,
514 4929 896 4996 ἐξαπέστειλεν
922 4935 951 4987 ὁ
981 4936 1113 4999 Θεὸς
1143 4938 1201 4992 τὸ
1226 4939 1451 5010 Πνεῦμα
1478 4940 1572 4993 τοῦ
1600 4941 1732 4994 Υίοῦ
1761 4942 1925 4996 αὐτοῦ

354 5017 435 5080 εἰς
479 5019 577 5083 τὰς
611 5022 835 5092 καρδίας
868 5026 1041 5096 ὑμῶν,
1093 5029 1315 5099 κρᾶζον,
1366 5031 1564 5096 Ἀϐϐἄ,
1607 5036 1635 5087 6
1665 5036 1874 5107 Πατήρ.
1902 5055 1921 5089 ι

356 5108 421 5161 Τί
448 5111 623 5164 τοίνυν
652 5114 921 5188 ἀποϐιάζῃ
955 5119 1052 5189 τῆς
1078 5122 1390 5193 οἰκονομίας
1424 5126 1486 5178 τὸ
1539 5127 1722 5192 σοφὸν,
1752 5130 1833 5191 εἰς
1863 5129 1926 5181 τὸ

358 5199 447 5299 μη
580 5204 782 5299 κόσμιρ-
800 5207 877 5277 τῷ
925 5211 1098 5265 δέοντι
1147 5215 1474 5284 πεποιῆσθαι
1504 5217 1702 5283 δοκεῖν,
1743 5219 1834 5274 διά
1865 5237 1928 5288 γε

354 5290 449 5341 τοῦ
488 5290 689 5359 λέγειν,
710 5295 801 5364 Μὴ
842 5299 1064 5368 σπέρμα
1099 5299 1191 5351 τοῦ
1227 5301 1479 5372 Ἀϐραὰμ
1506 5305 1539 5373 ή
1573 5303 1789 5374 θεότης;
1835 5306 1927 5375 Μὴ

355 5382 421 5451 τῇ
451 5380 666 5456 θεότητι
696 5386 847 5449 τινὰς
874 5387 1031 5459 ἔσχεν
1060 5390 1320 5460 ἀδελφοὺς
1350 5395 1593 5459 ἐοικότας
1617 5415 1630 5463 ;
1658 5393 1804 5468 ’Λρα
1828 5399 1928 5451 οὐκ

358 5472 591 5544 ἐναργὴς
622 5476 933 5548 ἀποπληξία
958 5480 1116 5535 τοῦτό
1143 5500 1238 5553 γε;
1271 5486 1343 5539 Τὸ
1389 5486 1497 5558 γὰρ
1522 5488 1767 5553 ἐκτόπως
1792 5490 1927 5544 ἀνα-

2027 4601 2140 4670 jam
2184 4598 2365 4653 carnis
2410 4596 2504 4649 filii
2542 4595 2749 4659 simus,
2786 4592 2881 4647 sed
2918 4591 2970 4644 in
3009 4593 3079 4649 :ea
3124 4602 3246 4656 qua:
3285 4600 3447 4654 supra
3498 4599 3596 4638 na-

2031 4702 2207 4743 turam
2263 4696 2387 4741 sunt
2437 4686 2814 4746 immutemur,
2863 4691 2919 4735 et
2960 4680 3052 4733 filii
3093 4678 3185 4733 Dei
3231 4692 3327 4747 per
3368 4674 3597 4745 gratiam

2029 4785 2200 4836 simus
2226 4797 2240 4833 :
2268 4779 2442 4832 factus
2467 4785 2550 4831 est
2578 4775 2720 4829 enim
2756 4783 2815 4829 ut
2848 4787 2985 4827 unus
3010 4786 3041 4826 e
3069 4769 3250 4835 nobis,
3285 4767 3374 4822 ille
3404 4780 3601 4820 secun-

2029 4874 2155 4927 dum
2177 4881 2422 4924 naturam
2452 4882 2517 4921 ac
2540 4880 2667 4920 vere
2689 4863 2857 4918 Filius
2891 4862 3208 4931 unigenitus
3246 4875 3265 4915 :
3308 4857 3453 4927 quod
3474 4871 3599 4911 cum

2032 4963 2312 5017 verissime
2344 4960 2576 5022 dicatur,
2606 4958 2765 5012 fidem
2802 4965 3062 5026 praeterea
3096 4952 3252 5007 nobis
3291 4949 3420 5005 facit
3466 4949 3594 5003 bea-

2035 5068 2123 5111 tus
2151 5052 2346 5109 Paulus
2376 5052 2460 5105 his
2487 5050 2600 5104 fere
2622 5050 2802 5103 verbis
2827 5061 2842 5100 :
2878 5064 2898 5097 ι
2934 5044 3213 5112 Quoniam
3252 5049 3435 5096 autem
3464 5037 3600 5095 estis

2034 5148 2151 5211 filii,
2177 5144 2323 5200 misit
2350 5142 2502 5197 Deus
2523 5141 2785 5209 Spiritum
2829 5137 2946 5193 Filii
2978 5138 3061 5192 sui
3086 5137 3138 5191 in
3189 5133 3357 5191 corda
3405 5142 3595 5188 nostra

2031 5240 2376 5299 clamantem,
2400 5234 2551 5288 Abba
2577 5232 2737 5285 Pater
2760 5230 2826 5286 ¹⁵.
2860 5248 2879 5282 ι
2908 5228 3016 5283 Cur
3048 5227 3212 5298 igitur
3240 5223 3594 5294 sapientissi-

2032 5344 2174 5384 mam
2210 5324 2664 5395 dispensationem
2693 5336 2788 5392 per
2814 5322 2920 5375 vim
2947 5336 3013 5375 eo
3050 5321 3366 5388 dctorques,
3406 5325 3468 5371 ut
3499 5314 3600 5369 mi-

2034 5435 2134 5476 nus
2155 5419 2408 5473 decenter
2433 5424 2583 5485 gesta
2623 5428 2741 5468 esse
2766 5412 3032 5475 videatur,
3074 5410 3203 5464 dum
3234 5408 3370 5464 dicis
3398 5425 3412 5461 :
3452 5403 3591 5460 Num

2032 5523 2217 5566 semen
2260 5513 2345 5560 est
2375 5502 2647 5559 Abraham
2683 5502 2800 5572 ipsa
2831 5501 3125 5557 divinitas?
3160 5514 3286 5554 num
3322 5497 3463 5551 ullos
3506 5495 3602 5549 ha-

442 5677 632 5761 ‘f‘Joan.
660 5696 775 5761 vni,
801 5684 888 5740 58.
964 5689 1011 5759 “°
1042 5685 1195 5745 Joan.
1221 5704 1331 5755 xxv,
1357 5689 1409 5745 9.
1492 5693 1526 5723 ”
1568 5690 1706 5748 Psal.
1739 5708 1847 5761 χχι,
1873 5693 1924 5748 22

2041 5692 2082 5727 η
2112 5690 2274 5747 llcbr.
2302 5684 2603 5754 11.11.12.
2682 5680 3004 5740 “Ibid”.
3080 5680 3122 5714 ιι
3152 5678 3305 5736 Joan.
3333 5679 3481 5748 ηιξ.
3509 5668 3609 5738 15.‘

356 5731 407 5781 ῖ⁸
444 5749 615 5804 Galat.
642 5766 710 5815 iv,
738 5731 791 5805 (ξ.
