4054 6332
435 361 538 416 ιε’]

1424 361 1482 417 S.
1522 360 1804 418 CYRlLLl
1841 357 2310 414 ALEXANDRINI
2352 356 2670 414 ARCHIEP.

3589 363 3692 418 128

433 478 547 531 huit
574 474 770 530 fratres
794 475 1097 531 divinitatis
1125 475 1372 531 similes?
1402 477 1596 531 Annon
1631 478 1683 531 id
1715 486 1867 532 certe
1897 485 2014 530 stu-

2121 474 2504 540 πυνθάνεσθαι,
2539 478 2631 528 καὶ
2658 477 3014 545 ἀποκομίζειν
3045 480 3122 540 είς
3148 477 3474 548 δυσφημίας,
3505 477 3573 530 τὰ
3601 480 3690 532 οὖ-

432 588 578 655 poris
609 595 691 641 est
737 587 1102 656 apertissimi?
1135 587 1267 641 Nam
1325 589 1512 657 inepte
1558 590 1918 658 interrogare,
1953 598 2008 644 et

430 681 568 734 adeo
600 687 745 734 recta
769 687 825 734 et
860 680 1070 750 integra
1117 679 1394 747 dogmata.
1425 682 1568 749 quod
1613 683 1679 734 ad
1729 681 2010 749 dispensa-

434 771 596 826 tionis
642 770 908 825 rationem
953 772 1004 824 in
1035 770 1254 824 Christo
1293 771 2002 840 intelligendam}pertinet,

431 867 497 920 ad
549 865 915 934 blasphemias
959 866 1306 934 detorquere,
1357 867 1484 933 quid
1534 867 1682 920 aliud
1725 877 2004 935 estquam

431 972 655 1012 summa;
681 957 936 1011 amentiae
963 957 1391 1010 demonstratio?
1432 957 1817 1011 Certissimum
1849 958 2006 1026 quip-

430 1061 497 1113 pe
530 1057 636 1113 est,
671 1046 799 1101 illud
826 1045 919 1100 Dei
949 1047 1130 1102 Patris
1159 1048 1416 1112 Verbum,
1467 1047 1610 1114 quod
1643 1049 1709 1100 ad
1753 1058 2005 1102 naturam

430 1139 699 1208 corporis,
741 1139 856 1192 sive
889 1138 1247 1191 humanitatis
1283 1137 1539 1207 perfectae
1579 1139 1841 1192 rationem
1889 1141 2010 1193 atti-

439 1239 549 1291 net,
584 1229 782 1284 factum
819 1242 939 1283 esse
963 1229 1134 1283 nostri
1169 1228 1368 1292 simile,
1399 1238 1453 1282 et
1483 1244 1580 1298 per
1607 1230 1786 1282 omnia
1823 1230 2010 1284 nobis-

429 1335 574 1387 cum,
605 1335 711 1374 uno
741 1327 968 1389 excepto
1013 1328 1254 1390 peccato,
1291 1321 1636 1376 convenisse.
1679 1320 1783 1374 Sed
1820 1336 2009 1390 rogare

431 1411 560 1466 libet
582 1427 704 1466 eum
739 1414 829 1481 qui
857 1413 1034 1467 dixit:
1065 1412 1200 1465 Num
1231 1413 1329 1466 Dei
1364 1411 1599 1467 Verbum
1645 1413 1784 1468 ullos
1818 1400 2010 1468 habuit

431 1501 625 1556 fratres
649 1501 922 1554 divinitati
975 1500 1230 1556 similes?
1257 1502 1516 1570 quidnam
1547 1518 1730 1557 secum
1770 1505 1884 1573 ipse
1926 1518 2011 1558 co-

429 1590 606 1656 gitans
636 1589 827 1643 beatus
853 1588 1054 1644 Paulus
1082 1591 1302 1658 scripsit
1347 1593 1415 1644 ad
1452 1592 1712 1660 quosdam
1741 1610 1754 1645 :
1794 1610 1812 1642 ι
1845 1589 2012 1646 Filio-

431 1679 486 1740 li,
515 1694 649 1748 quos
671 1679 868 1734 iterum
898 1682 1163 1751 parturio,
1182 1684 1355 1736 donec
1380 1683 1634 1736 Christus
1661 1681 1928 1736 formetur
1954 1684 2005 1738 in

433 1770 586 1824 vobis
615 1769 679 1826 ⁸⁸.
713 1789 731 1822 ›
758 1770 898 1838 Quin
934 1772 1095 1826 etiam
1124 1772 1249 1826 alibi
1275 1773 1584 1828 hominibus
1606 1775 1693 1842 qui
1730 1790 1824 1844 per
1849 1774 2005 1828 ﬁdem

2107 584 2215 629 τως
2259 567 2396 638 ὀρθὰ
2439 569 2534 620 καὶ
2578 569 2896 638 ἀμωμήτως
2929 569 3150 638 ἔχοντα,
3185 571 3325 622 κατά
3357 585 3420 634 γε
3457 567 3550 621 τὸν
3593 571 3690 634 τῆς

2107 659 2166 710 ἐν
2207 658 2426 729 Χριστῷ
2476 659 2772 730 νοουμένης
2833 661 3144 730 οἰκονομίας
3183 661 3360 728 λόγον,
3409 662 3460 713 τί
3507 661 3690 732 ἕτερόν

2108 752 2274 811 ἐστιν,
2303 751 2334 821 ἣ
2363 753 2461 820 τῆς
2503 751 2730 804 ἁπασῶν
2771 752 3005 823 ἐσχάτης
3048 753 3445 823 ἐμϐροντησίας
3472 753 3690 808 ἀπόδει-

2109 843 2225 909 ξις;
2263 843 2743 913 Ὀμολογουμένως
2794 845 2893 913 μὲν
2941 845 3070 913 γάρ,
3109 845 3248 898 κατά
3296 844 3394 915 τὴν
3435 845 3530 898 τοῦ
3585 846 3690 898 σώ-

2112 952 2281 1004 ματος
2315 935 2500 1002 φύσιν,
2532 937 2648 1006 ἦτοι
2686 938 2777 987 τὸν
2806 931 2904 1005 τῆς
2935 936 3357 1006 ἀνθρωπότητος
3390 937 3564 1006 λόγον,
3599 956 3688 990 τε-

2107 1025 2266 1088 λείως
2312 1025 2541 1096 ὲχούσης
2588 1028 2673 1095 ἐφ’
2711 1028 2910 1098 ἑαυτῇ,
2957 1027 3179 1096 γέγονεν
3221 1030 3352 1098 ἡμῖν
3401 1028 3693 1100 παραπλή-

2109 1133 2246 1180 σιος.
2279 1119 2370 1170 καὶ
2401 1116 2541 1170 κατὰ
2572 1119 2680 1170 πᾶν
2705 1117 2882 1170 ὁτιοῦν
2909 1117 3124 1181 ἐοικὼς,
3153 1119 3275 1188 δίχα
3310 1121 3476 1190 μόνης
3507 1123 3688 1190 ἀμαρο

2105 1207 2227 1271 τίας
2252 1209 2280 1260 6
2315 1210 2377 1261 ὲκ
2410 1207 2544 1260 Θεοῦ
2576 1209 2790 1280 Πατρὺς
2819 1209 3009 1277 Λόγος.
3049 1210 3351 1281 Ἐρήσομαι
3384 1211 3441 1264 δὲ
3479 1212 3570 1265 τὸν
3605 1212 3691 1264 λέ-

2108 1317 2295 1367 γοντα,
2313 1299 2406 1371 Μὴ
2431 1303 2495 1370 τῇ
2525 1299 2738 1370 θεότητι
2769 1301 2919 1364 τινάς
2949 1302 2977 1353 6
2999 1301 3130 1364 Θεὸς
3157 1303 3330 1371 Λόγος
3356 1302 3513 1373 ἔσχεν
3541 1303 3691 1356 ἀδελ-

2112 1391 2247 1459 φοὺς
2288 1391 2566 1454 ὲοικότας;
2598 1391 2651 1443 τί
2682 1391 2746 1461 δὴ
2780 1391 2889 1462 ἄρα
2927 1391 3049 1446 καθ’
3078 1393 3270 1446 ἑαυτὸν
3299 1395 3626 1463 ὲννενοηκὼς
3661 1396 3692 1446 ό

2111 1481 2403 1548 ἱερώτατος
2442 1481 2672 1548 Παῦλος,
2708 1482 2954 1554 γέγραφὲ
2991 1501 3121 1546 τισι,
3164 1504 3180 1535 ι
3210 1485 3431 1546 Τεκνία,
3465 1484 3557 1546 οὒς
3589 1488 3691 1539 πά-

2107 1573 2191 1627 λιν
2238 1573 2430 1636 ὠδίνω,
2477 1573 2635 1646 ἄχρις
2680 1569 2740 1629 οὗ
2794 1575 3054 1645 μορφωθῇ
3105 1575 3342 1646 Χριστὸς
3389 1579 3445 1630 ὲν
3493 1578 3638 1647 ύμῖν.
3667 1596 3687 1625 ι

2108 1665 2220 1718 Καὶ
2273 1666 2377 1736 μὴν
2413 1666 2507 1719 καὶ
2552 1665 2778 1736 ἑτέρωθι
2824 1667 2938 1728 τοῖς
2987 1665 3075 1719 διά
3127 1667 3363 1730 πίστεως
3398 1667 3688 1739 τελειωμέ-

2109 1775 2219 1822 νοις
2267 1760 2327 1810 ὲν
2377 1760 2665 1829 πνεύματι,
2700 1759 2932 1828 «Ἡμεῖς
2962 1759 3018 1813 δὲ
3053 1761 3253 1823 πάντες
3306 1761 3690 1831 ἀνακεκαλυμ-

432 1860 534 1929 71
555 1859 972 1928 perficiebantur
992 1863 1044 1914 in
1065 1860 1255 1928 spiritu
1279 1879 1291 1914 :
1319 1879 1337 1911 ‹
1367 1860 1474 1915 Nos
1497 1877 1625 1916 vero
1645 1879 1835 1918 onmes
1854 1879 2009 1918 reve-

2116 1852 2261 1922 μένῳ
2290 1850 2563 1922 προσώπῳ
2599 1851 2695 1922 τὴν
2740 1852 2896 1917 δόξαν
2938 1852 3140 1923 Κυρίου
3175 1852 3690 1924 κατοπτριζόμενοι,

431 1953 535 2004 luta
569 1950 708 2006 facie
740 1952 964 2022 gloriam
1005 1952 1215 2006 Domini
1241 1955 1617 2022 speculantes,
1644 1956 1695 2008 in
1722 1955 1840 2024 ejus
1877 1956 2013 2010 ima-

430 2044 606 2111 ginem
639 2043 1093 2098 transformamur
1122 2059 1151 2098 a
1180 2045 1424 2099 claritate
1447 2047 1498 2099 in
1535 2047 1861 2115 claritatem,
1895 2059 2013 2102 lun-

429 2150 591 2204 quam
638 2151 667 2189 a
716 2134 930 2190 Domini
983 2137 1198 2204 spiritu.
1248 2138 1507 2194 Dominus
1558 2151 1738 2196 autem
1786 2143 2014 2210 spiritus

431 2233 560 2278 est:
599 2225 690 2279 ubi
721 2235 902 2280 autem
939 2228 1161 2296 spiritus
1213 2228 1445 2298 Domini,
1495 2232 1566 2286 ibi
1617 2233 1841 2287 libertas
1887 2235 1952 2288 ¹⁷.
1991 2254 2009 2285 ι

433 2312 568 2366 Num
607 2314 772 2384 igitur
804 2316 918 2371 haec
952 2317 1087 2372 dicit
1113 2317 1325 2374 Calatis
1359 2331 1614 2390 tanquam
1645 2339 1923 2392 corporem
1953 2324 2016 2377 li-

431 2404 654 2458 bertatis
687 2404 892 2460 formas
925 2422 1033 2460 non
1069 2409 1388 2465 habentibus
1417 2411 1492 2466 illi
1522 2427 1586 2467 ex
1619 2416 1824 2470 semine
1849 2415 2014 2470 David

431 2495 725 2549 secundum
773 2512 993 2551 carnem
1031 2499 1259 2565 similes,
1308 2502 1496 2557 illosve
1547 2507 1798 2571 parturit,
1845 2517 1902 2559 ut
1962 2508 2016 2561 in

431 2585 564 2652 ipsis
593 2588 990 2656 quodammodo
1035 2592 1296 2660 figuretur
1328 2601 1383 2647 et
1413 2595 1682 2662 eﬂigietur
1714 2599 2015 2653 secundum

431 2694 648 2734 carnem
672 2679 968 2736 Christus?
999 2686 1160 2754 Atqui
1188 2689 1459 2756 quomodo
1485 2704 1588 2740 non
1621 2690 1797 2758 quivis
1824 2693 2018 2760 opinor

431 2783 487 2825 et
519 2771 640 2826 sine
665 2773 830 2828 dubio
857 2775 1022 2840 dicat,
1065 2777 1376 2833 conformes
1411 2780 1510 2834 sibi
1557 2781 1703 2835 inter
1736 2799 1794 2837 se
1831 2799 2020 2839 omnes

429 2878 554 2919 esse
581 2864 674 2935 qui
706 2875 831 2920 sunt
863 2869 914 2921 in
950 2871 1133 2933 terris,
1158 2879 1214 2924 et
1263 2870 1362 2939 ipsi
1395 2888 1610 2942 quoque
1644 2874 1881 2941 Christo,
1913 2894 2019 2946 qua

435 2954 608 3008 nostri
658 2957 854 3012 similis
906 2958 1099 3022 homo.
1156 2969 1214 3014 et
1269 2961 1547 3016 nobiscum
1605 2965 2022 3022 consideratur?

430 3045 616 3111 Qualis
631 3062 760 3117 ergo
775 3049 1024 3118 eliigiatio
1041 3052 1091 3105 in
1113 3053 1217 3106 illis
1233 3054 1776 3124 exigebaturChristo
1793 3057 2024 3113 similis?

431 3149 524 3192 aut
540 3144 807 3207 quomodo
831 3158 928 3196 nos
951 3157 978 3196 a
1004 3143 1255 3199 claritate
1271 3145 1322 3197 in
1343 3145 1644 3200 claritatem
1667 3147 2023 3203 transforma-

433 3230 702 3299 mur?qua
726 3231 913 3286 relicta
933 3231 1131 3301 forma,
1151 3237 1204 3288 in
1224 3249 1384 3304 quam
1407 3235 1898 3303 transfiguratum?
1922 3238 2021 3293 Er-

433 3337 500 3391 go
532 3339 630 3376 nos
665 3322 885 3377 divinus
913 3324 1002 3380 ille
1026 3325 1216 3380 doctor
1243 3327 1496 3394 prodiens
1523 3327 1735 3391 doceat,
1773 3329 1864 3383 ille
1889 3331 2020 3384 divi-

434 3430 624 3468 norum
648 3417 902 3471 sacerdos
933 3417 1339 3487 mysteriorum,
1375 3418 1464 3471 ille
1483 3419 1671 3472 doctor
1695 3421 1932 3488 gentium
1964 3422 2018 3475 in

435 3507 540 3559 fide
567 3513 618 3558 et
641 3505 905 3559 veritate:
935 3523 952 3556 ι
982 3505 1128 3570 Quos
1145 3505 1288 3558 enim
1310 3507 1489 3566 scivit,
1517 3506 1715 3575 inquit,
1736 3516 1788 3560 et
1818 3511 2021 3576 praede-

434 3595 654 3649 stinavit
685 3595 986 3651 conformes
1023 3595 1138 3649 fieri
1172 3597 1420 3664 imaginis
1453 3596 1572 3649 Filii
1605 3599 1709 3662 sui,
1733 3600 1830 3654 hos
1853 3610 1906 3652 et
1927 3615 2019 3656 vo-

432 3688 575 3742 cavit
602 3687 668 3740 ⁸⁸.
691 3706 711 3740 ι
732 3685 896 3755 Ergo,
922 3687 1197 3740 utdudum
1224 3687 1356 3753 dixi,
1385 3702 1488 3757 qua
1520 3687 1695 3742 factus
1722 3699 1805 3743 est
1837 3690 2016 3760 homo,

435 3789 490 3833 et
529 3776 631 3833 fuit
668 3793 736 3832 ex
770 3777 978 3832 semine
1003 3777 1300 3841 Abraham,
1333 3792 1522 3832 omnes
1556 3778 1634 3832 illi
1664 3793 1855 3833 sumus
1886 3795 2018 3835 con-

436 3871 659 3924 formes.
694 3868 896 3923 Omnes
931 3868 1098 3939 igitur
1118 3884 1253 3938 quos
1281 3867 1446 3923 Pater
1475 3872 1744 3938 praescivit
1775 3872 2020 3929 homines

435 3962 524 4029 qui
548 3969 673 4014 sunt
705 3959 758 4013 in
793 3959 974 4024 terris,
1007 3967 1060 4012 et
1082 3959 1504 4028 praedestinavit,
1537 3961 1637 4015 hos
1677 3978 1798 4016 cum
1829 3977 2018 4018 vocas-

434 4063 537 4118 set,
572 4053 930 4107 sauctilicavit
971 4060 1025 4106 et
1063 4052 1384 4122 glorificavit
1431 4073 1444 4108 :
1499 4063 1663 4122 atque
1691 4071 1794 4108 non
1831 4070 2020 4111 omnes

432 4143 797 4214 praedestinati
831 4151 979 4209 sunt,
1029 4158 1137 4196 non
1172 4159 1360 4198 omnes
1397 4145 1720 4199 sanctificuti
1774 4156 1868 4200 aut
1899 4147 2014 4215 glo-

435 4233 663 4300 riﬁcati;
691 4248 798 4287 non
827 4234 988 4305 igitur
1018 4234 1120 4290 hoc
1154 4234 1328 4304 ipsum
1359 4236 1500 4303 quod
1527 4235 1663 4288 Filio
1691 4237 2004 4290 conforma-

433 4338 576 4389 mur,
595 4323 650 4377 in
667 4324 780 4378 sola
799 4323 1118 4394 intelligitur
1148 4326 1327 4379 carnis
1345 4326 1767 4380 humauitatisve
1800 4340 2013 4393 natura,

432 4415 528 4469 sed
555 4415 662 4469 alio
689 4430 901 4485 quoque
932 4416 1088 4470 modo
1115 4434 1129 4471 :
1162 4417 1322 4485 idque
1361 4419 1517 4472 nobis
1544 4418 1784 4473 declarat
1826 4421 2015 4474 beatus

431 4505 632 4562 Paulus
661 4523 780 4562 cum
816 4508 994 4562 dixit:
1026 4525 1045 4559 ι
1081 4507 1147 4561 Ει
1175 4507 1315 4562 sicut
1349 4511 1686 4578 portavimus
1719 4511 2008 4578 imaginem
2043 4538 2087 4592 υ

435 4601 654 4665 terreni,
684 4609 958 4668 portemus
985 4610 1040 4655 et
1065 4601 1355 4670 imaginem
1387 4603 1622 4658 caelestis
1659 4605 1734 4668 ¹⁹;
1765 4624 1784 4656 ›
1810 4604 2008 4658 terreni

430 4687 681 4744 videlicet
705 4689 994 4758 imaginem
1028 4689 1173 4742 illam
1210 4689 1368 4757 primi
1403 4691 1644 4757 parentis
1677 4690 1868 4753 Adam,
1895 4702 2008 4741 coe-

431 4781 585 4837 lestis
613 4792 812 4846 autem,
847 4781 990 4836 illam
1021 4783 1223 4838 Christi
1261 4783 1590 4855 intelligens.
1635 4783 1894 4851 Quaenam
1926 4793 2010 4837 est

431 4877 595 4944 igitur
624 4875 772 4944 prior
799 4874 888 4929 illa
923 4874 1082 4942 primi
1114 4874 1354 4944 parentis
1383 4875 1602 4946 imago?
1633 4876 1885 4930 nimirum
1922 4875 2008 4928 fa-

433 4967 609 5021 cilitas
651 4965 735 5018 illa
778 4967 845 5019 ad
886 4967 1242 5035 peccandum,
1291 4966 1394 5021 hoc
1425 4969 1598 5035 ipsum
1649 4966 1788 5036 quod
1845 4967 2006 5021 morti

432 5059 873 5127 rorruptionique
895 5073 1082 5113 sumus
1108 5058 1347 5113 obnoxii.
1377 5059 1505 5124 Quae
1540 5074 1727 5113 rursus
1759 5057 1846 5111 illa
1886 5073 2002 5111 c03-

433 5148 622 5204 lestis?
643 5149 786 5204 nullo
801 5150 959 5204 modo
974 5151 1167 5204 cedere
1183 5150 1346 5212 vitiis,
1369 5165 1475 5202 non
1497 5165 1657 5204 nosse
1674 5151 2006 5219 delinquere,

435 5253 541 5294 non
567 5253 688 5295 esse
711 5241 870 5297 morti
899 5250 957 5296 et
977 5241 1308 5309 corruptioni
1341 5239 1671 5308 subjectum,
1703 5241 2008 5294 sanctifica-

2112 1943 2212 2012 τὴν
2241 1941 2402 1994 αὐτοῦ
2427 1941 2609 1994 εἰκόνα
2642 1941 2753 2011 (‘26)
2786 1941 3286 2013 μεταμορφούμεθα
3308 1941 3415 1995 άπὸ
3437 1941 3590 2010 δόξης
3613 1942 3694 2004 εἰς

2112 2030 2290 2097 δόξαν,
2325 2031 2573 2100 καθάπερ
2605 2030 2713 2084 ἀπὸ
2732 2031 2937 2100 Κυρίου
2972 2031 3311 2102 πνεύματος·
3340 2034 3368 2085 6
3400 2032 3456 2086 δὲ
3489 2031 3694 2102 Κύριος

2111 2125 2174 2176 τὸ
2203 2123 2417 2193 πνεῦμά
2438 2125 2582 2177 ἐστιν
2602 2141 2614 2152 ·
2643 2117 2703 2177 οῦ
2729 2124 2785 2177 δὲ
2808 2124 2870 2177 τὸ
2900 2123 3118 2194 πνεῦμα
3142 2124 3372 2194 Κυρίου,
3405 2126 3521 2178 ἐκεῖ
3543 2125 3696 2176 ἐλευ-

2113 2214 2289 2283 θερία.
2313 2210 2463 2284 »Ἆρ’
2492 2212 2585 2266 οῦν
2621 2214 2696 2277 ὡς
2736 2215 2835 2266 ούκ
2867 2212 3047 2284 ἔχουσι
3074 2213 3340 2276 Γαλάταις
3373 2216 3470 2284 τῆς
3507 2231 3692 2284 σωμα-

2112 2305 2271 2372 τικῆς
2309 2303 2618 2375 ἐλευθερίας
2647 2306 2776 2368 τοὺς
2803 2303 3029 2367 τύπους,
3051 2304 3186 2375 πρὸς
3211 2303 3272 2357 τὸ
3296 2307 3360 2357 ὲκ
3386 2306 3699 2374 σπέρματος

2115 2394 2279 2447 Δαϐὶδ
2329 2395 2467 2448 κατὰ
2522 2395 2722 2463 σάρκα,
2754 2395 2821 2448 τὰ
2868 2395 3045 2449 τοιάδε
3101 2395 3301 2466 φησίν·
3343 2397 3588 2448 ἀνωδίνει
3637 2397 3692 2449 δὲ

2114 2487 2334 2553 αὐτοὺς,
2360 2488 2426 2538 ἵν’
2445 2487 2834 2557 ἐγχαράττοιτό
2861 2505 2978 2550 πως
3002 2486 3205 2551 αὐτοῖς,
3229 2489 3322 2541 καὶ
3342 2489 3694 2559 διαμορφοῖτο

2115 2579 2258 2633 κατὰ
2289 2578 2466 2648 σάρκα
2490 2578 2720 2647 Χριστός
2742 2595 2755 2643 ;
2791 2578 2982 2632 Καίτοι
3013 2579 3129 2641 πῶς
3149 2579 3246 2649 οὐχ
3271 2579 3416 2643 ἅπας
3435 2593 3518 2644 τις
3540 2577 3693 2650 οἶμαι

2115 2671 2212 2724 καὶ
2236 2671 2622 2741 ἀναμφιλόγως
2645 2671 2780 2742 ἐρεῖ,
2805 2672 3162 2742 συμμόρφους
3182 2671 3431 2742 ἀλλήλοις
3451 2671 3694 2735 ἅπαντας

2118 2759 2257 2816 εἶναι
2281 2764 2405 2826 τοὺς
2435 2763 2526 2815 ἐπὶ
2555 2766 2654 2833 τῆς
2677 2763 2800 2832 γῆς,
2819 2762 2912 2814 καὶ
2939 2760 3089 2828 αύτῷ
3112 2761 3167 2813 δὲ
3190 2761 3268 2831 τῷ
3292 2760 3530 2832 Χριστῷ,
3560 2762 3695 2813 καθὸ

2119 2858 2318 2909 νοεῖται
2351 2856 2471 2909 καθ’
2495 2856 2642 2925 ἡμᾶς
2675 2853 2981 2920 ἄνθρωπος,
3015 2851 3298 2922 ἄνθρωπός
3347 2852 3455 2924 [ισ.
3487 2852 3689 2923 παρέλ-

2119 2947 2228 3020 κει]
2264 2965 2321 3000 τε
2351 2948 2445 3000 καὶ
2481 2946 2598 3015 μεθ’
2634 2943 2820 3013 ἡμῶν;
2868 2943 3004 2996 Ποία
3035 2943 3098 3014 δὴ
3145 2939 3237 2996 οὖν
3267 2945 3323 2995 ἐν
3356 2944 3582 3006 ἐκείνοις
3608 2943 3694 3009 ἐξ·

2119 3042 2300 3111 ῃτεῖτο
2343 3038 2620 3107 μόρφωσις
2647 3037 2680 3105 ἡ
2714 3035 2850 3104 πρός
2879 3051 2941 3102 γε
2972 3035 3236 3105 Χριστόν;
3266 3034 3298 3105 ἢ
3342 3033 3462 3086 τίνα
3497 3034 3694 3104 τρόπον

2123 3133 2283 3200 ἡμεῖς
2324 3129 2430 3181 ἀπὸ
2475 3127 2630 3198 δόξης
2659 3128 2737 3189 είς
2764 3126 2922 3190 δόξαν
2959 3125 3493 3196 μεταμορφούμεθα;
3529 3125 3693 3178 Ποίαν

2123 3221 2352 3288 ἀφέντες
2385 3220 2618 3290 μορφὴν,
2655 3219 2732 3281 εἰς
2774 3217 2896 3271 τίνα
2935 3216 3522 3287 μεταστοιχειούμεθα;
3557 3216 3694 3268 Ούκ-

2121 3313 2216 3367 οῦν
2245 3311 2542 3366 διδασκέτω
2578 3310 2865 3382 παρελθὼν
2905 3311 2933 3364 6
2967 3311 3109 3374 θεῖος
3145 3311 3291 3381 ἡμᾶς
3319 3307 3692 3379 μυσταγωγὸς,

2119 3407 2149 3458 6
2177 3404 2284 3458 τῶν
2318 3404 2476 3457 θείων
2507 3405 2819 3475 μυπηρίων
2851 3405 3129 3475 ἱερουργός
3153 3421 3164 3434 ·
3200 3405 3228 3455 6
3251 3402 3566 3462 διδάσκαλος
3588 3401 3694 3452 τῶν

2122 3495 2290 3548 ἐθνῶν
2318 3497 2375 3548 ὲν
2397 3495 2576 3549 πίστει
2606 3497 2700 3548 καὶ
2729 3495 2958 3566 ἀληθείᾳ
2979 3511 2992 3525 ·
3034 3514 3051 3545 ι
3081 3492 3189 3556 Οὓς
3218 3491 3327 3562 γάρ
3355 3491 3515 3560 ἔγνω,
3535 3491 3690 3561 φησὶ,

2123 3589 2216 3641 καὶ
2248 3587 2519 3660 προώρισε
2555 3588 2908 3658 συμμόρφους
2946 3588 3046 3656 τῆς
3083 3585 3287 3649 εἰκόνος
3315 3585 3408 3639 τοῦ
3439 3584 3568 3636 Υῖοῦ
3596 3585 3690 3637 αὐ-

2119 3679 2235 3740 τοῦ,
2265 3678 2481 3742 τούτους
2528 3680 2622 3732 καὶ
2666 3677 2941 3732 ἐκάλεσεν.
2975 3697 2992 3729 ι
3029 3675 3258 3739 Οὐκοῦν,
3288 3677 3362 3739 ὡς
3411 3676 3548 3746 ἔφην
3597 3659 3695 3748 ἀρ-

2119 3770 2270 3833 τίως,
2297 3769 2432 3823 καθὸ
2463 3770 2683 3838 γέγονεν
2710 3770 3013 3840 ἄνθρωπος,
3046 3771 3138 3823 καὶ
3167 3764 3234 3839 ἦν
3269 3770 3331 3821 ὲκ
3380 3769 3695 3838 σπέρματος

2134 3861 2403 3933 Ἀϐραὰμ,
2435 3861 2744 3932 σύμμορφοι
2775 3861 2974 3924 πάντες
2999 3861 3164 3930 ἐσμὲν
3194 3861 3340 3931 αὐτῷ
3359 3879 3372 3892 ·
3405 3861 3611 3924 πάντας
3631 3860 3692 3931 δὴ

2119 3947 2211 4006 οὖν
2255 3951 2510 4024 [ἵσ.οὒς]
2557 3953 2653 4005 καὶ
2697 3952 2947 4023 προέγνω
2991 3952 3118 4015 τοὺς
3161 3953 3252 4005 ἐπὶ
3299 3953 3400 4020 τῆς
3434 3954 3556 4022 γῆς,
3603 3954 3696 4005 καὶ

2120 4040 2424 4114 προώρισεν
2451 4044 2480 4095 6
2519 4044 2729 4115 Πατὴρ,
2764 4045 2988 4108 τούτους
3024 4045 3328 4116 κεκληκὼς,
3362 4045 3556 4116 ἡγίασε
3602 4046 3695 4098 καὶ

2117 4135 2385 4202 ἐδόξασεν.
2405 4133 2566 4187 Ἀλλὰ
2592 4136 2698 4206 μὴν
2725 4137 2821 4206 οὐχ
2846 4137 3085 4200 ἅπαντες
3113 4135 3532 4208 προωρίσθησαν
3554 4155 3565 4166 ·
3593 4136 3689 4206 οὐχ

2119 4228 2356 4290 ἆπαντες
2386 4227 2750 4298 ὴγιάσθησαν,
2787 4228 2819 4298 ἢ
2856 4228 3258 4299 ὲδοξάσθησαν·
3293 4229 3393 4281 οὐκ
3441 4229 3546 4296 ἄρα
3595 4227 3694 4297 τῆς

2117 4319 2254 4389 πρὸς
2287 4319 2412 4373 Υίὸν
2457 4320 2803 4390 συμμορφίας
2850 4320 2910 4372 τὸ
2962 4321 3170 4390 χρῆμα,
3208 4319 3347 4373 κατά
3407 4320 3575 4389 μόνην
3627 4319 3694 4373 ἂν

2117 4415 2288 4465 νοοῖτο
2317 4410 2413 4480 τὴν
2444 4411 2541 4480 τῆς
2573 4411 2774 4480 σαρκὸς
2805 4410 2988 4479 φύσιν,
3024 4411 3191 4480 ἤγουν
3213 4411 3312 4480 τῆς
3342 4410 3694 4479 ἁνθρωπότη-

2115 4519 2227 4566 τος,
2260 4501 2394 4555 ἀλλὰ
2445 4503 2538 4555 καὶ
2589 4502 2708 4555 καθ’
2741 4502 2927 4570 ἕτερον
2966 4503 3192 4574 τρόπον’
3245 4503 3338 4555 καὶ
3380 4501 3537 4554 τοῦτο
3563 4504 3695 4572 ἡμῖν

2119 4595 2416 4666 παρίστησι
2441 4595 2614 4662 λέγων
2644 4597 2671 4647 6
2704 4597 2972 4665 μακάριος
3016 4594 3226 4656 Παῦλος
3248 4612 3260 4624 ’
3315 4615 3332 4644 ι
3357 4594 3469 4648 Καὶ
3513 4594 3696 4660 καθὼς

2118 4684 2352 4753 ὲφορέσα
2361 4701 2458 4754 μεν
2480 4684 2578 4756 τὴν
2602 4683 2785 4736 εἰκόνα
2807 4683 2901 4736 τοῦ
2927 4685 3132 4752 χοϊκοῦ,
3156 4684 3456 4755 φορέσομεν
3483 4685 3575 4737 καὶ
3596 4685 3694 4754 τὴν

2117 4775 2300 4828 εἰκόνα
2347 4774 2441 4828 τοῦ
2476 4775 2823 4846 ἐπουρανίου.
2858 4795 2874 4825 ι
2909 4775 3108 4828 Χοῖκοῦ
3147 4775 3244 4845 μὲν
3273 4775 3447 4842 λέγων
3487 4776 3689 4837 εἰκόνα,

2115 4868 2214 4937 τὴν
2245 4865 2336 4920 τοῦ
2378 4865 2720 4934 προπάτορος
2757 4863 2927 4933 Ἀδάμ
2948 4881 2961 4894 ·
2995 4864 3414 4934 ἐπουρανίου’γε
3445 4863 3570 4934 μὴν,
3596 4864 3695 4933 τὴν

2115 4962 2209 5014 τοῦ
2239 4957 2497 5030 Χριστοῦ.
2527 4956 2624 5019 Τίς
2655 4952 2748 5008 οῦν
2779 4955 2967 5027 πρώτη
3000 4957 3093 5010 τοῦ
3125 4955 3467 5026 προπάτορος
3495 4955 3692 5021 είκὼν;

2116 5052 2176 5104 τὸ
2202 5051 2520 5119 εὐπόριστον
2545 5051 2623 5112 εἰς
2648 5049 2949 5119 ἁμαρτίαν,
2978 5048 3036 5100 τὸ
3058 5047 3162 5101 ύπὺ
3187 5046 3413 5101 θάνατον
3442 5046 3694 5114 γενέσθαι

2119 5143 2212 5194 καὶ
2241 5141 2463 5212 φθοράν.
2494 5140 2628 5192 Ποία
2648 5140 2702 5192 δὲ
2734 5139 2894 5192 πάλιν
2924 5141 2956 5209 ἡ
2980 5138 3071 5191 τοῦ
3098 5139 3456 5209 ἑπουρανίου;
3484 5137 3543 5191 τὸ
3565 5139 3695 5190 κατ’

2118 5234 2308 5287 οὐδένα
2337 5232 2533 5303 τρόπον
2559 5231 2822 5300 ἡττᾶσθαι
2848 5229 3031 5284 παθῶν
3054 5247 3066 5260 ·
3091 5229 3150 5283 τὸ
3194 5228 3268 5300 μὴ
3290 5228 3485 5282 εἰδέναι
3511 5229 3614 5298 πλη
3626 5247 3693 5297 μ-

506 5414 550 5445 ¹⁶
585 5413 717 5468 Ibid.
746 5414 834 5469 i9.
912 5416 954 5446 "
986 5413 1026 5467 11
1061 5415 1182 5470 Cor.
1214 5431 1296 5479 ιιι,
1331 5415 1412 5474 l7.
1444 5415 1528 5468 18.
1609 5416 1653 5446 ⁸⁸
1683 5413 1835 5467 Rom.
1863 5414 2014 5477 vm,€

2174 5415 2216 5443 "
2248 5412 2263 5465 I
2295 5413 2418 5465 Cor.
2456 5428 2542 5472 xv.
2572 5411 2661 5466 49.

1697 5568 1854 5624 ANT.
1897 5569 2166 5624 AGELLII
2207 5568 2437 5624 NOT/E.

511 5675 620 5774 (εὖ)
647 5702 817 5760 Codd.
851 5706 960 5760 fere
984 5705 1152 5760 Graeci
1181 5707 1310 5760 Novi
1337 5707 1660 5763 Testamenti
1685 5706 1905 5764 habent.
1926 5705 2023 5774 τὴν

443 5772 616 5844 αὐτὴν
639 5775 824 5831 είκόνα
856 5778 1368 5848 μεταμορφούμεθα,
1401 5795 1505 5845 quo
1533 5778 1690 5832 modo
1724 5778 1883 5832 habet
1915 5772 2013 5828 La-

2130 5706 2238 5757 tina
2289 5703 2687 5775 interpretatio,
2739 5704 2791 5757 in
2823 5703 3056 5758 eamdem
3109 5701 3388 5772 imaginem
3433 5699 3690 5766 transfor-

2126 5793 2206 5828 ma
2219 5792 2346 5826 mur.
