4054 6332
384 409 483 462 1‘29

1488 402 1850 460 ADVERSUS
1890 401 2289 458 RESTORIUM
2335 401 2462 457 LIB.
2504 402 2594 458 Ill.

3550 401 3651 453 l50

382 530 599 599 μελεῖν·
654 526 715 579 τὸ
773 525 845 596 μὴ
896 526 1214 579 ὑποκεῖσθαι
1267 526 1481 595 θανάτῳ
1531 528 1625 578 καὶ
1672 525 1879 594 φθορᾷ·
1933 528 1959 576 ὁ

2068 524 2163 586 tio,
2205 524 2445 593 juStitia,
2475 536 2528 577 et
2579 523 2662 577 his
2695 522 2872 575 aﬂinia
2921 532 3081 591 atque
3131 520 3349 575 similia.
3388 520 3493 575 Sed
3539 525 3653 573 haec

381 617 668 686 ἁγιασμὸς,
714 618 747 686 ἡ
773 615 1087 685 δικαιοσύνη
1115 631 1127 644 ·
1164 617 1256 668 καὶ
1290 617 1387 669 ὅσα
1416 615 1625 679 τούτοις
1654 614 1860 681 ἀδελφά
1903 631 1959 665 τε

381 710 471 763 καὶ
502 708 877 779 παραπλήσια.
897 707 1058 771 Ἀλλ’,
1087 706 1261 776 οἶμαι,
1279 709 1434 761 ταυτὶ
1458 706 1816 778 πρέποιᾶντῇ
1846 706 1962 775 θεία

380 822 437 856 τε
492 805 583 856 καὶ
615 802 879 873 ἁκηράτῳ
910 800 1303 869 διακεκτῆσθαι
1339 800 1519 867 φύσει.
1558 800 1822 867 Κρεῖττον
1853 798 1962 868 γάρ

380 898 495 948 ἐστι
522 895 615 947 καὶ⁹
644 895 919 964 ἁμαρτίας
950 892 1041 944 καὶ
1073 890 1300 960 φθορᾶς,
1333 889 1605 959 ἁγιασμὸς
1634 890 1730 941 καὶ
1754 888 1961 940 δικαιο-

384 984 841 1056 σύνη.Ἀναφέρει
878 984 933 1036 δὲ
982 983 1075 1034 καὶ
1126 983 1272 1051 ἡμᾶς
1311 983 1369 1033 ὲν
1404 980 1613 1043 τούτοις
1658 982 1687 1029 6
1729 981 1791 1031 ὲκ
1826 978 1961 1031 Θεοῦ

382 1079 594 1149 Πατρὸς
623 1077 814 1145 Λόγος,
851 1079 948 1147 τῆς
994 1076 1142 1138 Θείας
1193 1074 1387 1127 ἑαυτοῦ
1419 1073 1634 1142 φύσεως
1675 1076 1964 1136 κοινωνοὺς

380 1170 693 1238 ἀποφαίνων
718 1169 805 1221 διὰ
838 1166 930 1220 τοῦ
966 1167 1276 1237 πνεύματος
1300 1182 1313 1195 °
1351 1165 1464 1235 ἔχει
1493 1166 1673 1218 τοίνυν
1704 1165 1963 1231 ἀδελφοὺς

381 1262 626 1322 ἐοικότας
661 1259 832 1330 αὐτῷ,
862 1259 956 1312 καὶ
981 1259 1080 1328 τῆς
1104 1257 1253 1320 θείας
1284 1257 1450 1311 αὐτοῦ
1493 1257 1709 1326 φύσεως
1738 1256 1964 1326 φοροῦν-

380 1371 477 1415 τας
504 1353 709 1417 εἰκόνα,
744 1351 887 1404 κατά
921 1367 985 1419 γε
1014 1352 1105 1402 τὸν
1137 1349 1232 1401 τοῦ
1266 1350 1527 1418 ήγιάσθαι
1553 1350 1755 1419 τρόπον
1777 1365 1791 1380 ⁸
1823 1348 1965 1401 οὕτω

380 1444 489 1513 γὰρ
538 1444 595 1495 ὲν
644 1444 776 1513 ἡμῖν
818 1440 1121 1511 μορφοῦται
1157 1441 1388 1510 Χριστὸς
1434 1439 1964 1509 μεταστοιχειοῦντος

380 1536 566 1605 ὥσπερ
609 1536 755 1605 ἡμᾶς
790 1533 880 1585 τοῦ
911 1533 1069 1599 ἁγίου
1102 1531 1418 1601 [Ινεύματος
1446 1533 1510 1583 ἐκ
1549 1529 1657 1583 τῶν
1687 1529 1964 1600 ἀνθρωπί-

381 1644 486 1677 νων
518 1630 596 1689 είς
622 1627 690 1679 τὰ
718 1625 911 1678 αὐτοῦ.
945 1623 1127 1693 Ταύτῃ
1155 1641 1235 1676 τοι
1264 1625 1357 1676 καὶ
1387 1623 1523 1694 πρὸς
1550 1624 1695 1692 ἡμᾶς
1732 1623 1761 1673 6
1789 1622 1968 1691 μακάο

386 1734 498 1787 ριος
535 1717 636 1786 ἔφη
675 1715 887 1779 Παῦλος
912 1733 926 1746 ο
986 1715 1215 1785 «Ὑμεῖς
1240 1714 1318 1779 δὲ,
1354 1714 1455 1767 ούκ
1499 1714 1623 1766 ἐστὲ
1671 1716 1730 1765 ὲν
1782 1714 1963 1783 σαρκὶ,

382 1809 495 1863 ἀλλ’
526 1811 583 1861 ὲν
638 1808 928 1877 πνεύματι.
964 1825 982 1856 ι
1022 1804 1232 1859 Ούκοῦν
1288 1805 1572 1875 μεθίστησι
1621 1806 1719 1875 μὲν
1766 1807 1793 1857 ὀ
1841 1805 1967 1867 Υἱὸς

2069 628 2184 665 mea
2216 612 2485 666 sententia
2520 611 2821 679 possidere,
2864 610 3058 664 divinae
3088 611 3339 664 convenit
3374 609 3653 662 immorta-

2067 703 2210 770 lique
2248 713 2452 756 naturae
2498 719 2512 755 :
2555 710 2639 755 est
2660 702 2806 755 enim
2844 701 2930 753 illa
2987 711 3208 770 peccato
3255 711 3419 767 alque
3461 714 3654 752 corru-

2067 796 2248 862 ptione
2272 796 2540 863 superior,
2567 794 2926 849 sanctificatio
2953 794 3080 848 item
3105 792 3407 860 etjustitia.
3432 792 3512 845 Ad
3538 792 3652 845 hac

2066 899 2246 939 autem
2313 902 2412 941 nos
2479 887 2584 956 72
2640 886 2803 940 etiam
2848 884 3047 939 attollit
3111 885 3285 953 ipsum
3338 882 3433 936 Dei
3481 882 3655 937 Patris

2070 977 2322 1039 Verbum,
2351 980 2476 1030 dum
2510 994 2618 1031 suae
2650 976 2845 1030 divinae
2883 988 3090 1030 naturae
3116 992 3213 1046 per
3239 976 3486 1043 spiritum
3525 989 3654 1045 par—

2070 1069 2264 1137 ticipes
2303 1067 2467 1121 efficit
2506 1087 2518 1120 :
2569 1068 2731 1121 habet
2762 1082 2892 1138 ergo
2936 1068 3133 1121 fratres
3176 1067 3276 1121 sibi
3324 1066 3551 1132 similes,
3598 1076 3654 1120 et

2064 1161 2259 1214 divina:
2302 1177 2416 1216 sua:
2465 1173 2669 1215 natura:
2715 1172 2996 1231 portantes
3044 1161 3353 1231 imaginem,
3407 1161 3550 1229 quod
3586 1161 3651 1213 ad

2064 1254 2513 1307 sanctificationis
2546 1254 2758 1306 modum
2782 1254 2997 1307 attinet.
3031 1251 3121 1307 Sic
3148 1267 3378 1320 namque
3407 1252 3655 1306 Christus

2067 1346 2333 1401 formatur
2364 1347 2415 1399 in
2450 1346 2605 1400 nobis
2635 1347 2761 1398 dum
2799 1345 3038 1413 Spiritus
3074 1354 3295 1399 sanctus
3328 1360 3426 1399 nos
3456 1346 3523 1399 ab
3550 1344 3619 1398 hu
3640 1373 3654 1383 -

2066 1439 2241 1491 manis
2287 1438 2353 1490 ad
2404 1454 2499 1491 sua
2545 1439 2761 1506 propria
2816 1435 3211 1506 quodammodo
3281 1436 3649 1490 transformat.

2068 1528 2179 1582 Hac
2205 1529 2415 1583 ratione
2443 1543 2536 1582 nos
2567 1544 2782 1597 quoque
2808 1530 2998 1580 beatus
3020 1514 3221 1580 Paulus
3240 1536 3320 1581 est
3349 1527 3650 1580 allocutus:

2073 1641 2091 1672 ι
2130 1620 2238 1675 Vos
2269 1632 2448 1675 autem
2483 1637 2585 1674 non
2610 1621 2744 1675 estis
2774 1621 2826 1674 in
2858 1634 3041 1684 carne,
3087 1620 3179 1673 sed
3213 1620 3262 1672 in
3297 1620 3486 1687 Spiritu
3523 1619 3587 1673 ’°.
3628 1637 3648 1669 ι

2068 1712 2211 1767 Nihil
2244 1728 2372 1783 ergo
2397 1728 2620 1782 prorsus
2643 1728 2673 1767 e
2699 1713 2900 1766 creatis
2926 1712 3087 1765 rebus
3116 1713 3180 1765 ad
3214 1727 3326 1765 suae
3355 1712 3652 1766 divinitatis

2069 1814 2315 1858 naturam
2358 1803 2526 1857 Filius
2559 1803 2840 1867 transfert,
2876 1803 2927 1857 id
2972 1804 3116 1857 enim
3152 1812 3234 1857 est
3281 1803 3649 1869 impossibile;

381 1899 531 1951 οὐδὲν
563 1898 888 1967 τοπαράπαν
918 1895 1028 1949 τῶν
1053 1896 1437 1966 πεποιημένων
1469 1897 1549 1958 είς
1580 1895 1677 1964 τὴν
1704 1895 1801 1964 τῆς
1832 1895 1964 1957 ἰδίας

2069 1892 2160 1948 sed
2196 1893 2524 1961 imprimitur
2557 1894 2953 1961 quodammodo
2987 1893 3037 1944 in
3079 1893 3161 1945 his
3193 1893 3286 1962 qui
3314 1893 3507 1947 divina:
3536 1894 3652 1963 ejus

381 1989 634 2060 θεότητος
659 1990 821 2057 φύσιν
841 2008 853 2018 ·
881 1989 1163 2059 ἀμήχανον
1185 1988 1293 2059 γάρ
1314 2003 1327 2017 ⁶
1353 1987 1737 2057 ἐνσημαίνεται
1767 1988 1824 2039 δέ
1849 2004 1964 2048 πως

379 2084 490 2144 τοῖς
527 2081 623 2150 τῆς
653 2080 801 2145 θείας
830 2080 1045 2149 φύσεως
1074 2079 1239 2133 αὑτοῦ
1268 2079 1517 2146 γεγονόσι
1543 2080 1841 2139 κοινωνοῖς,
1877 2076 1964 2128 διὰ

380 2174 476 2226 τοῦ
507 2176 794 2244 μετασχεῖν
824 2173 981 2241 ἁγίου
1010 2171 1349 2241 Πνεύματος,
1379 2173 1411 2240 ἠ
1445 2170 1578 2240 πρὸς
1604 2170 1764 2223 αὑτὸν
1798 2170 1965 2239 ἐμφέ-

383 2283 503 2335 ρεια
525 2266 711 2337 νοητὴ,
731 2267 824 2318 καὶ
847 2265 907 2317 τὸ
934 2265 1029 2334 τῆς
1053 2265 1292 2334 ἀρρήτου
1326 2262 1577 2332 θεότητος
1606 2261 1822 2325 κάλλος,
1844 2264 1965 2322 ταῖς

380 2357 489 2410 τῶν
538 2356 708 2424 ἁγίων
764 2355 1127 2426 ὲναστράπτει
1174 2354 1404 2423 ψυχαῖς·
1462 2352 1513 2403 τί
1564 2353 1740 2403 τοίνυν
1789 2354 1920 2421 ἡμῖν
1948 2395 1960 2415 ,

380 2451 594 2519 γυμνήν
618 2466 675 2500 τε
704 2448 793 2500 καὶ
828 2447 996 2517 μόνην
1029 2446 1126 2513 τῆς
1159 2444 1359 2514 σαρκὸς
1382 2443 1481 2514 τὴν
1509 2443 1808 2512 ἐμφέρειαν
1834 2444 1967 2494 ἁπο-

380 2546 583 2611 νὲμων,
611 2542 711 2593 ούκ
738 2539 1014 2609 ἐρυθριᾷς,
1043 2536 1142 2607 τῆς
1186 2535 1335 2598 θείας
1376 2552 1439 2587 τε
1483 2535 1578 2586 καὶ
1607 2532 1800 2603 νοητῆς
1831 2550 1963 2604 μορ-

383 2623 1055 2698 φώσεωςκατημεληκὼς,
1091 2624 1291 2694 μᾶλλον
1328 2624 1383 2676 δὲ.
1411 2623 1503 2675 καὶ
1537 2624 1768 2674 εἰσάπαν
1795 2624 1963 2691 αὐτὴν

381 2721 646 2792 ἁναιρῶν;
691 2718 829 2771 Ἀλλ’
863 2720 891 2770 6
924 2717 1021 2786 μὲν
1051 2716 1157 2767 τῶν
1185 2716 1321 2767 ὅλων
1354 2714 1557 2785 Κύριος
1584 2716 1677 2767 καὶ
1708 2715 1837 2777 Θεὸς
1870 2733 1965 2785 μο-

382 2811 624 2881 νογενὴς,
668 2809 904 2878 καθῆκεν
950 2808 1141 2860 ἑαυτὸν
1189 2806 1267 2867 εἰς
1317 2806 1544 2858 κένωσιν
1589 2806 1654 2857 δι’
1683 2806 1849 2876 ἡμᾶς,
1882 2807 1964 2858 ἵνα

378 2906 511 2974 ἡμῖν
531 2902 823 2972 χαρίσηται
846 2900 944 2970 τῆς
970 2898 1104 2967 πρὸς
1126 2898 1293 2950 αὑτὸν
1319 2896 1680 2967 ἀδελφότητος
1705 2899 1763 2949 τὸ
1799 2897 1963 2962 ἀξίω-

385 3013 481 3065 μα,
514 2994 611 3047 καὶ
645 2992 745 3062 τῆς
778 2992 1004 3060 ἐνούσης
1046 2988 1195 3058 αὐτῷ
1241 2989 1520 3057 εὐγενείας
1553 2990 1613 3041 τὸ
1644 2987 1962 3060 ἀξιέραστον

384 3087 607 3148 κάλλοςο
649 3088 677 3138 ὁ
705 3086 760 3139 δὲ
797 3084 1050 3137 ἁπάντων
1081 3083 1227 3151 ἡμᾶς
1252 3081 1358 3134 τῶν
1394 3081 1692 3135 καλλίστων
1735 3086 1963 3135 ἀποστε-

386 3178 512 3250 ρῶν,
536 3176 823 3247 ἄνθρωπον
845 3176 976 3244 ἡμῖν
1000 3171 1186 3234 ἁπλῶς
1206 3172 1433 3239 ἀδελφὸν
1456 3172 1783 3241 γεγενῆσθαί
1807 3190 1957 3242 φησι,

382 3272 475 3323 καὶ
504 3268 694 3322 πιστὸν
739 3267 815 3329 ὡς
861 3264 1054 3329 οἴεται,
1084 3264 1174 3316 τὸν
1217 3262 1274 3315 ἕν
1320 3280 1381 3331 γε
1416 3262 1625 3325 τούτοις
1661 3265 1790 3333 ἡμῖν
1825 3264 1961 3315 ἀπο·
1990 3236 2031 3293 C

383 3364 561 3428 φαίνει
590 3361 750 3427 λόγον
773 3358 1085 3429 προστιθείς
1105 3374 1116 3386 ·
1144 3357 1341 3409 Σκόπει
1364 3357 1457 3409 καὶ
1478 3357 1537 3409 τὸ
1564 3357 1773 3419 τούτοις
1804 3356 1963 3419 εὐθὺς

384 3453 807 3522 συναπτόμενον,
866 3451 1015 3503 «Ἵνα
1054 3448 1302 3519 ἐλεήμων
1354 3449 1577 3519 γένηται
1626 3449 1719 3501 καὶ
1775 3448 1965 3510 πιστὸς

394 3546 706 3615 Ἀρχιερεὺς
749 3542 817 3594 τὰ
860 3542 996 3612 πρὸς
1027 3541 1117 3593 τὸν
1151 3541 1312 3593 Θεόν·
1361 3542 1419 3591 ὲν
1540 3541 1649 3611 γὰρ
1699 3541 1965 3593 πέπονθεν

379 3640 541 3700 αὐτὸς
566 3636 904 3707 πειρασθείς,
940 3634 1163 3688 δύναται
1187 3637 1298 3697 τοῖς
1328 3633 1742 3703 πειραζομένοις
1768 3634 1964 3703 βοηθῆ-

382 3730 492 3785 Cat.
526 3751 543 3781 ι
583 3728 791 3783 Οὐκοῦν
814 3730 842 3780 ὁ
869 3726 1054 3781 παθὼν
1088 3726 1378 3797 ἀρχιερεὺς
1416 3726 1692 3796 ἐλεήμων·
1723 3726 1962 3795 παθητὸς

378 3825 434 3876 δὲ
466 3826 494 3876 6
525 3821 673 3887 ναὸς,
704 3821 803 3889 οὐχ
840 3820 868 3871 ὁ
901 3820 1163 3883 ζωοποιὸς
1192 3818 1283 3871 τοῦ
1318 3818 1648 3881 πεπονθότος
1675 3816 1961 3880 Θεός.”οτι

384 3917 482 3987 μὲν
507 3908 607 3970 οὖν
625 3910 727 3969 ὦδέ
754 3933 812 3969 τε
848 3918 1065 3987 φρονεῖν
1092 3916 1388 3986 ᾑρημένος,
1412 3917 1506 3967 καὶ
1533 3916 1639 3986 μὴν
1664 3916 1760 3968 καὶ
1785 3915 1963 3983 λέγειν

380 4008 724 4079 ἁποτολμῶν,
758 4006 1131 4075 άποδιῖστησιν
1183 4005 1343 4058 πάλιν
1393 4007 1469 4067 είς
1528 4023 1586 4057 τε
1638 4006 1966 4067 ὑποστάσεις

385 4100 580 4165 ίδικὰς,
611 4100 705 4153 καὶ
737 4101 845 4171 μὴν
886 4099 979 4151 καὶ
1021 4097 1287 4168 πρόσωπα
1335 4096 1447 4159 δύο,
1480 4100 1572 4148 τόν
1618 4113 1676 4147 τε
1721 4098 1783 4149 ἐκ
1830 4095 1963 4149 Θεοῦ

384 4193 598 4263 Πατρὸς
623 4193 814 4259 Λόγον,
847 4192 941 4243 καὶ
964 4190 1022 4243 ὃν
1039 4191 1169 4260 ἡμῖν
1195 4187 1355 4251 αὐτὸς
1385 4189 1585 4257 ἀρτίως
1608 4187 1681 4250 ὡς
1711 4188 1965 4257 θεοφόρον

383 4284 731 4353 εἰσκεκόμικε
756 4282 1061 4354 ἄνθρωπον,
1087 4280 1244 4351 εἴπερ
1269 4281 1420 4333 ἐστὶν
1443 4280 1628 4351 ἕτερός
1660 4298 1718 4331 τε
1750 4281 1840 4333 καὶ
1863 4280 1965 4332 άνὰ

386 4377 551 4448 μέρος
584 4378 613 4429 ό
650 4373 861 4438 παθὼν,
894 4375 987 4427 καὶ
1023 4374 1210 4442 ἕτερος
1254 4376 1282 4426 6
1335 4372 1616 4437 ζωοποιὸς,
1664 4372 1963 4424 ἐνδοιάσειν

383 4461 537 4536 οἶμαι
588 4464 865 4529 παντελῶς
897 4464 1105 4517 οὐδένας
1138 4463 1448 4533 Παραπαίει
1490 4462 1546 4516 δὲ
1594 4463 1685 4518 καὶ
1736 4463 1961 4533 ἑτέρως,

2073 1994 2279 2037 natura:
2311 1994 2438 2038 sunt
2475 1984 2596 2038 facti
2636 1984 2927 2051 participes
2954 1982 3019 2046 ",
3057 1984 3183 2037 dum
3214 1982 3448 2053 Spiritus
3478 1986 3649 2037 sancti

2069 2084 2354 2128 consortes
2407 2074 2566 2137 fiunt,
2622 2074 2710 2127 illa
2744 2074 3003 2142 spiritalis
3050 2073 3167 2141 ejus
3218 2075 3539 2143 similitudo,
3598 2087 3653 2130 et

2068 2164 2355 2221 ittefIahilis
2379 2165 2466 2220 illa
2498 2167 2805 2220 divinitatis
2834 2167 3040 2235 species
3073 2167 3126 2220 in
3163 2180 3475 2223 sanctorum
3511 2170 3653 2223 viro-

2069 2272 2185 2310 rum
2217 2258 2412 2310 animis
2434 2255 2620 2326 fulget.
2650 2256 2758 2311 Cur
2792 2256 2956 2326 igitur
2985 2260 3182 2311 nudam
3219 2258 3377 2314 nobis
3398 2275 3460 2314 ac
3482 2260 3651 2314 solani

2067 2349 2244 2402 carnis
2281 2348 2693 2402 similitudinem
2729 2349 2967 2403 tribuere
3011 2364 3117 2403 non
3149 2352 3444 2416 erubescis,
3474 2352 3651 2405 divina

2069 2455 2130 2493 ac
2176 2441 2402 2509 Spiritali
2447 2440 2771 2510 effigiatione
2833 2443 3100 2511 neglecta,
3164 2446 3273 2500 imo
3322 2462 3448 2500 vero
3488 2447 3651 2501 etiam

2067 2534 2289 2587 omnino
2337 2533 2587 2587 sublata?
2638 2536 2813 2605 Atque
2863 2537 2952 2590 ille
3006 2538 3223 2606 quidem
3277 2539 3651 2594 universorum

2069 2623 2329 2678 Dominus
2375 2634 2430 2679 et
2471 2623 2615 2679 Deus
2664 2628 3001 2696 unigenitus,
3045 2630 3393 2699 semetipsum
3439 2642 3657 2701 propter

2069 2733 2165 2770 nos
2197 2718 2263 2769 ad
2298 2718 2723 2772 exinanitionem
2754 2719 2990 2783 demisit,
3018 2729 3075 2773 ut
3113 2721 3269 2775 nobis
3294 2720 3657 2778 fraternitatis

2066 2826 2178 2862 sine
2220 2810 2563 2879 dignitatem,
2600 2820 2653 2865 et
2699 2811 2876 2865 insita:
2922 2812 3021 2866 sibi
3066 2813 3367 2869 nobilitatis
3394 2825 3657 2885 exoptan-

2068 2903 2188 2955 dam
2227 2902 2683 2970 pulchritudinem
2727 2902 3018 2971 largiretur
3057 2921 3069 2956 :
3110 2904 3200 2957 hic
3246 2919 3377 2959 vero
3403 2906 3658 2961 omnibus

2068 3011 2164 3050 nos
2199 2997 2360 3048 rebus
2404 2995 2838 3063 praeclarissimis
2882 2996 3138 3064 spolians,
3186 2997 3459 3052 hominem
3503 2999 3659 3052 nobis

2066 3087 2365 3154 simplicem
2401 3085 2598 3139 factum
2622 3101 2744 3140 esse
2774 3085 2997 3138 fratrem
3027 3087 3183 3153 dicit,
3211 3096 3264 3141 et
3284 3087 3386 3142 fide
3416 3089 3653 3157 dignam,

2067 3187 2125 3230 ut
2173 3179 2287 3246 ipse
2329 3185 2500 3244 putat,
2550 3177 2635 3230 his
2672 3177 2736 3230 de
2792 3178 2953 3230 rebus
3006 3178 3273 3231 rationem
3320 3180 3654 3247 pronuntiat,

2066 3270 2266 3323 addens
2303 3287 2315 3322 ι
2354 3266 2489 3321 Vide
2515 3269 2677 3321 etiam
2706 3268 2847 3336 quod
2875 3268 3018 3322 illico
3048 3270 3131 3323 his
3169 3270 3499 3341 adjungitur,
3527 3292 3545 3323 ι
3576 3274 3644 3327 Ut

2067 3360 2373 3414 misericors
2402 3359 2557 3414 ﬁeret
2583 3371 2637 3413 et
2669 3360 2842 3414 fidelis
2867 3360 3116 3415 Pontifex
3152 3365 3218 3415 ad
3257 3363 3423 3417 Deum
3462 3382 3475 3418 :
3511 3364 3656 3419 ineo

2065 3452 2206 3504 enim
2250 3454 2303 3505 in
2350 3467 2456 3519 quo
2506 3467 2697 3521 passus
2731 3461 2814 3506 est
2862 3455 2975 3524 ipse
3024 3464 3282 3519 tentatus,
3338 3465 3527 3523 potens
3572 3468 3656 3512 est

2065 3544 2214 3596 eteis
2234 3546 2325 3612 qui
2348 3553 2646 3609 tentantur,
2677 3546 2928 3599 auxiliari
2952 3548 3018 3600 ”.
3050 3565 3068 3598 ι
3097 3545 3238 3618 Ergo
3269 3549 3314 3602 is
3341 3549 3432 3616 qui
3463 3563 3655 3618 passm

2064 3646 2166 3701 est,
2222 3636 2470 3690 Pontifex
2521 3647 2604 3691 est
2654 3636 2742 3691 ille
2793 3639 3103 3693 misericors
3152 3640 3423 3707 :patibile
3474 3649 3652 3693 autem

2066 3727 2241 3796 ipsum
2282 3727 2535 3797 templum
2590 3740 2697 3793 est,
2749 3744 2853 3782 non
2902 3728 3046 3785 Deus
3093 3731 3182 3801 qui
3234 3731 3549 3785 viviﬁcnbat
3600 3732 3653 3785 id

2066 3822 2206 3886 quod
2244 3820 2571 3888 patiebatur.
2611 3820 2781 3890 Igitur
2811 3822 2896 3875 cui
2930 3822 3011 3877 sic
3044 3823 3248 3877 sentire
3286 3822 3452 3877 libeat
3493 3834 3657 3893 atque

2066 3911 2226 3965 etiam
2256 3912 2436 3965 dicere
2462 3912 2678 3973 audeat,
2710 3912 2839 3980 quin
2882 3928 3069 3968 rursus
3096 3914 3146 3967 in
3176 3914 3494 3984 hypostases
3527 3932 3655 3984 pru-

2066 4005 2231 4070 prias.
2270 4013 2433 4073 atque
2463 4006 2625 4057 etiam
2653 4004 2703 4056 in
2730 4004 2865 4059 duas
2899 4020 3159 4074 personas
3191 4008 3396 4061 dividat
3428 4007 3554 4062 illud
3585 4024 3651 4063 ex

2068 4095 2177 4149 Deo
2211 4096 2370 4150 Patre
2404 4096 2664 4162 Verbum,
2697 4108 2750 4150 et
2796 4097 2943 4150 illum
2972 4113 3133 4166 quem
3179 4099 3333 4153 nobis
3364 4100 3562 4154 dudum
3599 4111 3655 4151 ut

2067 4186 2327 4241 tleiferum
2358 4187 2632 4241 hominem
2675 4189 2881 4242 induxit
2929 4188 3234 4261 (siquidem
3284 4192 3530 4247 diversus
3571 4203 3654 4247 est

2068 4287 2123 4331 et
2152 4279 2432 4347 sejunctus
2467 4278 2514 4332 is
2558 4280 2647 4348 qui
2694 4295 2888 4347 passus
2909 4288 3011 4345 est,
3042 4281 3111 4335 ab
3135 4298 3200 4335 eo
3230 4284 3320 4351 qui
3356 4284 3651 4354 vivificat),

2068 4372 2155 4438 qui
2192 4372 2427 4441 ambigat
2460 4372 2734 4426 neminem
2770 4388 2995 4441 prorsus
3025 4373 3142 4428 fore
3172 4375 3428 4429 arbitror.
3464 4374 3568 4429 Sed
3600 4389 3651 4429 et

2067 4464 2170 4516 alia
2210 4479 2425 4533 quoque
2458 4465 2667 4519 ratione
2709 4465 2929 4525 insanit,
2974 4467 3167 4519 hausto
3195 4482 3261 4520 ex
3293 4468 3444 4522 vinea
3482 4468 3654 4523 Sodo-

384 4557 477 4610 τὸν
506 4553 567 4620 ἐξ
591 4554 840 4625 ἀμπέλου
869 4554 1119 4623 Σοδόμων
1147 4549 1287 4607 οἶνον
1330 4553 1691 4619 ἐκπεπωκὼς,
1722 4554 1816 4605 καὶ
1864 4571 1962 4607 κα-

2068 4571 2278 4608 morum
2312 4556 2455 4618 vino,
2488 4566 2543 4608 et
2590 4555 2799 4610 erroris
2842 4557 3109 4611 ebrietate
3157 4561 3399 4623 madens,
3440 4574 3504 4614 ac
3541 4559 3652 4615 fer—

382 4648 671 4720 ταμεθύων
810 4648 1007 4720 πλάνῃ,
1040 4649 1135 4702 καὶ
1166 4648 1308 4718 τάχα
1340 4664 1442 4700 που
1475 4647 1607 4717 μηδὲ
1641 4645 1797 4710 εἰδὼς
1821 4646 1849 4699 ὅ
1878 4648 1958 4699 λὲς

382 4759 502 4809 γει·
540 4739 643 4793 ποῦ
669 4741 776 4812 γὰρ
805 4738 1122 4809 ὠνόμασται
1150 4740 1278 4804 Θεὸς
1309 4738 1406 4791 τοῦ
1434 4738 1691 4806 Χριστοῦ,
1726 4740 1965 4792 καταπέ·

383 4850 555 4904 φρικα
583 4816 642 4885 ὸὲ
668 4832 862 4900 λέγων,
894 4833 922 4884 ὁ
953 4833 1018 4883 ἑκ
1059 4830 1195 4883 Θεοῦ
1230 4832 1441 4901 Πατρὸς
1475 4831 1642 4898 Λόγοι,
1668 4848 1682 4896 ;
1734 4825 1827 4890 Εἷς
1854 4830 1963 4901 γὰρ

382 4926 587 4996 Κύριος
618 4923 825 4994 Ἰησοῦς
855 4922 1115 4993 Χριστὸς,
1139 4923 1233 4975 καὶ
1264 4923 1364 4993 μία
1392 4924 1623 4992 πίστιςὴ
1654 4924 1732 4985 είς
1761 4924 1922 4976 αὐτόν
1944 4940 1957 4953 ο

379 5017 476 5084 οὐχ
500 5016 573 5076 ὡς
605 5015 683 5074 εἰς
707 5011 799 5063 δύο
828 5015 920 5065 καὶ
944 5011 1046 5063 ἀνὰ
1071 5012 1257 5083 μέρος,
1285 5012 1398 5063 ἀλλ’
1426 5013 1501 5075 ὼς
1524 5013 1593 5064 δι’
1617 5012 1732 5075 ἐνὸς
1770 5012 1962 5081 βαπτί-

383 5121 610 5177 σματος,
645 5105 723 5168 είς
760 5103 886 5155 Υίὸν
934 5104 1029 5156 ἕνα
1079 5104 1173 5155 καὶ
1223 5104 1354 5156 Θεὸν
1402 5105 1496 5156 καὶ
1528 5104 1732 5175 Κύριον
1776 5104 1868 5157 τὸν
1898 5106 1963 5156 ὲκ

379 5196 517 5251 Θεοῦ
568 5195 779 5266 Πατρὸς
827 5194 1021 5262 Λόγον,
1052 5194 1147 5247 καὶ
1176 5195 1264 5248 ὅτε
1296 5194 1516 5263 γέγονεν
1549 5195 1863 5266 ἄνθρωπος·
1899 5196 1960 5247 ού

379 5290 489 5362 γὰρ
532 5290 616 5342 ὅτι
659 5290 849 5355 γέγονε
893 5286 1016 5339 καθ’
1043 5289 1212 5357 ἡμᾶς,
1244 5287 1306 5339 τὸ
1352 5283 1493 5340 εἶναι
1534 5287 1666 5349 Θεὸς
1707 5288 1960 5340 ἀπολέσει

378 5380 579 5435 ποθέν’
614 5379 737 5434 οὒτε
770 5381 877 5451 μὴν
905 5380 987 5433 ὅτι
1012 5377 1143 5441 Θεὸς
1189 5377 1329 5432 κατὰ
1371 5380 1534 5447 φύσιν
1566 5380 1734 5441 ἐστὶν,
1767 5381 1964 5452 όμοίω-

382 5490 467 5524 σιν
500 5470 879 5542 ἀπαράδεκτον
916 5470 1047 5539 ἔχει,
1082 5469 1197 5521 καί
1227 5470 1291 5521 τὸ
1337 5469 1623 5539 ἄνθρωπος
1654 5465 1793 5522 εἶναι
1824 5485 1965 5539 παρα

382 5566 704 5633 αιτήσεται·
772 5561 1050 5631 μεμένηκε
1096 5561 1191 5625 δὲ,
1239 5560 1431 5632 ὥσπερ
1478 5563 1536 5612 ἐν
1587 5550 1963 5632 ἀνθρωπότητι

382 5656 534 5719 Θεὸς,
566 5655 710 5707 οὕτω
730 5652 820 5705 καὶ
848 5655 906 5704 ὲν
936 5652 1095 5719 φύσει
1124 5669 1182 5704 τε
1210 5653 1305 5704 καί
1335 5653 1575 5723 ὑπεροχῇ
1597 5650 1846 5721 θεότητος
1867 5650 1963 5717 ὢν,

459 5837 504 5867 ’⁹
537 5836 691 5889 ιὶοιιι.
719 5850 836 5901 vm,
864 5836 916 5891 9.
996 5834 1037 5864 ²¹
1076 5831 1118 5886 ll
1152 5831 1307 5889 Pctr.
1338 5848 1375 5901 ι,
1402 5830 1456 5887 Δ.

1534 5833 1577 5862 η
1616 5832 1775 5888 llcbr.
1807 5849 1867 5901 ιι,
1893 5832 1979 5896 ιτ,
2010 5833 2091 5887 l8.

2070 4658 2213 4703 tasse
2257 4649 2386 4703 illud
2439 4648 2613 4718 ipsum
2655 4649 2798 4717 quod
2848 4648 2982 4702 dicit
3029 4650 3295 4703 nesciens.
3356 4649 3456 4705 Ubi
3505 4653 3651 4704 enim

2068 4755 2305 4808 unquam
2341 4738 2547 4793 dictum
2580 4748 2683 4803 est,
2714 4738 2855 4794 Deus
2881 4738 3080 4795 Christi
3108 4739 3339 4809 (horreo
3372 4739 3650 4808 referens)

2066 4831 2241 4897 ipsum
2278 4828 2368 4883 Dei
2401 4828 2575 4882 Patris
2602 4830 2880 4885 Verbum?
2912 4827 3065 4885 Unus
3094 4843 3177 4885 est
3208 4831 3354 4885 enim
3389 4831 3651 4886 Dominus

2063 4920 2219 4976 Jesus
2246 4920 2516 4985 Christus,
2554 4931 2608 4976 et
2638 4938 2742 4975 una
2772 4931 2854 4976 est
2885 4923 2938 4975 in
2971 4937 3095 4976 eum
3133 4922 3266 4978 fides
3294 4922 3363 4988 ’³,
3390 4939 3495 4977 ιιοιι
3527 4935 3649 4979 tan-

2067 5030 2227 5080 quant
2263 5015 2315 5066 in
2344 5015 2480 5066 duos
2507 5029 2570 5066 ac
2610 5029 2859 5077 seorsum,
2899 5014 2994 5068 sed
3044 5023 3299 5083 tanquam
3342 5030 3438 5084 per
3481 5032 3649 5069 unum

2068 5106 2392 5169 baptismum
2439 5105 2490 5156 in
2537 5102 2643 5173 73
2681 5121 2844 5157 unqu
2894 5104 3086 5157 Filium
3140 5116 3196 5160 et
3241 5108 3407 5161 Deum
3446 5119 3501 5163 et
3548 5110 3651 5163 Do-

2071 5197 2297 5255 minum,
2346 5196 2521 5263 ipsum
2569 5212 2632 5248 ex
2682 5196 2792 5250 Deo
2837 5194 2998 5249 Patre
3046 5197 3317 5263 Verbum,
3364 5209 3473 5253 tum
3515 5215 3651 5268 quo-

2068 5302 2173 5355 que
2208 5303 2332 5341 eum
2376 5288 2579 5342 factum
2625 5300 2711 5342 est
2745 5291 2907 5343 homo
2939 5307 2952 5343 :
2988 5306 3165 5360 neque
3204 5293 3349 5345 enim
3391 5294 3518 5362 quia
3561 5310 3651 5347 no-

2068 5380 2165 5431 stri
2210 5380 2405 5433 similis
2460 5379 2633 5433 factus
2675 5389 2794 5445 est,
2850 5382 3064 5437 amittet
3114 5383 3221 5437 ullo
3282 5387 3443 5439 modo
3506 5390 3649 5456 quod

2069 5469 2212 5523 Deus
2257 5481 2394 5534 erat,
2444 5487 2619 5541 neque
2655 5487 2718 5527 ex
2753 5488 2819 5527 eo
2864 5478 3005 5542 quod
3036 5475 3180 5529 Deus
3225 5488 3307 5529 est
3351 5480 3649 5533 secundum

2072 5574 2321 5617 naturam
2375 5564 2783 5620 similitudinem
2831 5568 2978 5623 nullo
3026 5568 3187 5623 modo
3226 5568 3473 5638 suscipit,
3507 5581 3562 5624 et
3594 5582 3653 5624 ut

2076 5655 2239 5709 homo
2289 5656 2358 5709 sit
2412 5654 2677 5725 refugiet;
2732 5658 2824 5713 sed
2884 5668 2945 5719 ut,
2996 5660 3047 5714 in
3105 5660 3443 5717 humanitate
3505 5661 3653 5718 Deus

2170 5832 2216 5863 ’³
2244 5832 2444 5897 Ephcs.
2474 5849 2547 5895 ιν⁸
2575 5834 2629 5891 Pi,
