4054 6332
444 439 543 497 131

1481 441 1539 496 S.
1579 438 1856 495 CYRILLI
1894 436 2368 495 ALEXANDRINI
2406 438 2727 496 ARCHIEP.

3605 436 3705 491 13?.

443 565 662 632 mansit,
680 564 764 621 sic
791 565 843 620 in
864 574 1052 618 natura
1074 578 1288 632 quoque
1314 574 1369 617 et
1394 564 1706 633 praestantia
1732 561 2028 617 divinitatis

2135 561 2413 632 ἅνθρωπος
2443 562 2597 615 οὐδὲν
2620 557 2781 634 ἧττόν
2808 562 3184 632 ἐστιν.¹’Ᾱμφω
3206 560 3269 631 δὴ
3291 554 3385 613 οὖν
3411 560 3468 612 ὲν
3501 558 3701 627 ταύτῷ,

445 656 615 712 nihilo
645 658 823 711 minus
857 664 941 710 est
972 656 1151 709 homo.
1188 653 1489 723 Utrumque
1529 654 1694 725 igitur
1720 654 1774 708 in
1809 654 2027 717 eodem,

444 757 500 801 et
538 762 677 800 unus
703 748 955 815 idemque
978 745 1123 801 Deus
1156 754 1210 800 et
1242 747 1403 800 homo
1440 755 1524 800 est
1562 745 1895 801 Emmanuel.
1926 743 2032 799 Sed

447 837 550 893 iste
580 839 752 892 bonus
773 839 876 905 vir,
908 836 1106 905 rejecto
1136 839 1557 907 dispensationis
1587 839 1746 891 modo
1775 846 2030 905 tanquam

447 945 635 1000 parum
672 930 918 999 pulchro,
954 933 1134 983 aufert
1166 945 1195 983 a
1245 931 1351 985 Deo
1395 928 1568 984 Verbo
1603 944 1724 998 qua:
1765 940 1890 983 sunt
1934 928 2032 981 hu-

448 1035 628 1083 mana,
664 1029 723 1073 ut
749 1019 862 1087 jam
888 1020 1034 1073 nulla
1059 1035 1123 1074 ex
1148 1029 1304 1089 parte
1333 1020 1496 1075 rebus
1527 1020 1726 1074 nostris
1750 1020 2031 1074 utilitatem

446 1110 942 1181 aliquamattulisse
963 1122 1235 1167 cernatur.
1269 1112 1384 1167 Non
1422 1113 1591 1177 enim,
1623 1114 1819 1182 inquit,
1857 1113 2029 1183 ipsum

448 1205 615 1261 fuisse
649 1206 1060 1261 misericordem
1090 1215 1143 1262 et
1175 1206 1384 1262 ﬁdelem
1419 1206 1731 1277 pontiﬁcem
1763 1206 1917 1269 dicit,
1955 1203 2033 1258 id-

445 1310 550 1366 que
593 1311 789 1351 munus
822 1312 980 1365 passo
1025 1297 1205 1363 potius
1239 1296 1428 1349 tribuit
1475 1307 1726 1365 tanquam
1767 1295 1835 1350 ab
1860 1310 1926 1351 eo
1953 1294 2035 1347 di-

446 1402 623 1441 verso.
662 1386 919 1453 Quamvis
962 1387 1051 1456 qui
1101 1387 1486 1457 mysteriorum
1520 1387 1737 1456 Sapiens
1769 1401 1888 1440 esse
1917 1400 2035 1438 ma~

451 1476 627 1545 gister
656 1477 806 1543 velit,
857 1475 1126 1544 quomodo
1160 1491 1265 1529 non
1312 1491 1435 1530 eum
1481 1477 1720 1545 oportuit
1768 1489 1925 1529 voces
1971 1488 2034 1529 ac

446 1568 749 1621 sententias
783 1581 1060 1621 sacrarum
1094 1566 1420 1621 Litterarum
1466 1575 1725 1620 accurate
1754 1566 2030 1635 colligere,

447 1667 611 1727 atque
643 1659 887 1727 cogitare
915 1672 1044 1714 vere
1088 1672 1211 1713 esse
1245 1658 1353 1712 Deo
1400 1659 1618 1728 dignum
1669 1657 1773 1713 hoc
1817 1673 2030 1722 munus,

448 1763 505 1807 et
538 1768 644 1807 non
679 1753 912 1808 alienum
946 1768 975 1806 a
1004 1753 1215 1807 ratione
1239 1767 1358 1821 qua:
1383 1753 1499 1821 ejus
1519 1750 1872 1805 exinanitioni
1901 1765 2032 1805 con-

447 1843 617 1907 venit,
645 1858 873 1912 eamque
906 1844 1098 1902 decet?
1129 1843 1180 1897 Id
1217 1858 1323 1912 qua
1352 1843 1560 1896 ratione
1593 1855 1779 1895 verum
1809 1842 1900 1906 sit,
1920 1841 2030 1911 jam

2134 654 2226 705 καὶ
2250 647 2331 716 εἷς
2356 670 2415 705 τε
2445 653 2576 716 Θεὸς
2610 655 2701 706 καὶ
2730 653 3016 725 ἄνθρωπος
3060 654 3090 705 6
3127 650 3493 722 Ἐμμανουήλ.
3511 648 3648 701 Ἀλλ’
3675 649 3705 699 6

2131 747 2368 817 χρηστὸς
2392 747 2572 800 οὑτοσὶ
2599 749 2698 818 τῆς
2726 747 3038 817 οἰκονομίας
3065 746 3153 800 τὸν
3177 747 3373 817 τρόπον
3395 744 3470 807 ὡς
3497 741 3704 811 ἀκαλλῆ

2130 838 2589 909 παραιτούμενος,
2623 838 2888 908 ἀποφέρει
2912 839 3005 892 τοῦ
3037 839 3172 891 Θεοῦ
3201 837 3373 904 Λόγου
3399 836 3467 888 τὰ
3500 833 3706 904 ἀνθρώ-

2131 947 2281 996 πινα,
2314 931 2379 982 ἵν’
2408 930 2581 1001 ὁρῷτο
2613 930 2796 984 λοιπὸν
2829 931 2950 984 κατ’
2972 930 3162 984 οὐδένα
3186 929 3386 1000 τρόπον
3418 927 3615 996 ὀνήσας
3637 923 3707 977 τά

2130 1020 2251 1074 καθ’
2282 1023 2449 1093 ἡμᾶς.
2483 1023 2557 1074 Οὐ
2591 1022 2701 1093 γάρ
2724 1022 2807 1075 τοί
2848 1039 3013 1092 φησιν
3043 1021 3204 1075 αὑτὸν
3229 1018 3497 1090 ἐλεήμονά
3521 1034 3581 1069 τε
3611 1016 3707 1069 καὶ

2132 1113 2319 1166 πιστὸν
2360 1114 2622 1184 ἀρχιερέα
2648 1114 2937 1181 γενέσθαι·
2968 1113 3265 1185 προσνέμει
3301 1111 3359 1164 δὲ
3399 1109 3597 1181 μᾶλλον
3630 1109 3707 1170 ὡς

2130 1203 2300 1274 ἑτέρῳ
2350 1205 2481 1275 παρ’
2512 1204 2671 1259 αὑτὸν
2719 1204 2780 1258 τὸ
2829 1208 3016 1275 χρῆμα
3057 1203 3134 1273 τῷ
3168 1201 3480 1255 πεπονθότι.
3515 1198 3706 1252 Καίτοι

2130 1295 2248 1358 πῶς
2278 1296 2378 1348 οὐκ
2410 1296 2516 1348 ἔδει
2550 1297 2908 1367 μυσταγωγὸν
2951 1290 3091 1349 εἶναι
3125 1293 3346 1347 θέλοντα
3377 1290 3560 1359 σοφὸς,
3595 1287 3704 1341 τῶν

2132 1386 2191 1438 ὲν
2238 1388 2304 1456 τῇ
2357 1386 2699 1458 θεοπνεύστῳ
2746 1389 2785 1440 Γ
2792 1390 2934 1458 ραφῇ
2988 1387 3181 1457 φωνῶν
3226 1402 3285 1438 τε
3331 1385 3425 1437 καὶ
3489 1379 3704 1434 ἐννοιῶν

2131 1476 2336 1548 ἀκριῧῆ
2372 1478 2643 1531 ποιεῖσθαι
2682 1479 2778 1548 τὴν
2820 1480 3093 1550 ἄθροισιν⁶
3137 1478 3335 1531 ἐννοεῖν
3373 1492 3456 1539 τε,
3485 1474 3566 1526 ὃτι
3612 1471 3707 1524 καί⁸

2132 1567 2436 1638 θεοπρεπὲς
2468 1570 2685 1638 ἀληθῶς
2712 1570 2771 1623 τὸ
2805 1571 2995 1642 χρῆμά
3016 1573 3152 1633 ἐστι,
3172 1569 3266 1622 καὶ
3287 1568 3387 1621 οὐκ
3415 1566 3518 1630 ἔξω
3546 1564 3705 1632 λόγου

2130 1657 2225 1711 τοῦ
2264 1662 2331 1731 τῇ
2359 1660 2582 1714 κενώσει
2606 1662 2903 1733 πρέποντός
2935 1680 2993 1716 τε
3021 1663 3115 1715 καὶ
3142 1661 3419 1725 ἐοικότος;
3456 1656 3565 1709 Καὶ
3584 1656 3704 1707 τίνα

2130 1751 2330 1822 τρόπον
2377 1753 2611 1824 ἐροῦμεν
2657 1753 3119 1825 βραχυλογοῦντες
3169 1754 3245 1816 ὼς
3289 1752 3388 1806 ἔνι.
3417 1754 3705 1819 Κατεχρη-

2135 1844 2386 1915 σμῲδησε
2419 1845 2519 1915 μὲν
2543 1846 2651 1916 γὰρ
2670 1846 2743 1909 ὡς
2774 1850 2803 1900 6
2832 1846 2937 1899 τῶν
2965 1846 3100 1899 ὅλων
3128 1845 3260 1908 Θεὸς
3287 1847 3398 1906 τοῖς
3421 1841 3706 1913 ἀρχαιοτέ-

448 1935 689 1989 dicemus
734 1950 893 2003 quam
945 1935 1283 1989 brevissime.
1330 1932 1464 1987 Nam
1518 1933 1607 1987 ille
1651 1935 2028 1986 universorum

2139 1952 2249 2006 ροις
2278 1937 2367 1989 τὸν
2400 1937 2583 2008 νόμον,
2620 1938 3042 2008 μεσολαϐοῦντος
3070 1937 3330 1998 Μωσέως.
3349 1934 3488 1987 Ἀλλ’
3517 1933 3616 1985 οὐκ
3638 1927 3706 2002 ἦν

454 2024 592 2078 Deus
622 2025 816 2093 priscis
840 2024 945 2078 illis
974 2026 1288 2080 hominibus
1309 2026 1481 2093 legem
1510 2025 1697 2086 edidit,
1734 2025 2029 2092 interprete

450 2113 632 2183 Mose;
666 2117 758 2170 sed
786 2132 889 2170 non
916 2127 1034 2171 erat
1064 2132 1128 2171 ea
1156 2117 1236 2171 vis
1266 2116 1419 2184 legis,
1441 2124 1498 2168 ut
1524 2116 1615 2185 qui
1645 2114 1840 2169 vellent
1865 2115 2028 2169 etiam

450 2215 670 2275 possent
714 2205 920 2274 integre
951 2204 1095 2274 quod
1130 2204 1325 2258 bonum
1355 2214 1435 2257 est
1464 2205 1723 2273 perlicere
1773 2221 1787 2257 :
1830 2221 1849 2253 ι
1887 2202 2029 2257 Nihil

450 2296 594 2348 enim
623 2296 689 2348 ad
724 2296 1016 2364 perlectum
1051 2296 1274 2349 adduxit
1298 2295 1446 2346 ’δ-η.
1483 2313 1501 2345 ι
1536 2295 1641 2349 Sed
1668 2309 1842 2364 neque
1874 2296 2029 2364 culpa

451 2383 663 2437 vacavit
701 2384 829 2437 illud
877 2385 1026 2455 prius
1071 2394 1451 2439 testamentum
1504 2403 1518 2439 :
1578 2385 2029 2439 ministrationetn

450 2489 669 2545 quoque
698 2475 1067 2529 damnationis
1099 2475 1328 2544 appellat
1360 2492 1477 2530 eam
1507 2476 1696 2531 beatus
1734 2476 2027 2543 Paulus";

448 2565 696 2618 eumdem
731 2566 891 2619 audio
937 2565 1119 2620 dicere
1151 2584 1164 2619 :
1204 2584 1223 2617 ι
1259 2567 1477 2621 Scimus
1508 2567 1651 2637 quod
1695 2583 2030 2637 quaecunque

451 2656 535 2711 lex
565 2658 822 2727 loquitur,
858 2659 941 2711 his
976 2659 1065 2726 qui
1100 2659 1151 2711 in
1183 2659 1298 2729 lege
1329 2670 1456 2714 sunt
1481 2662 1739 2730 loquitur,
1778 2672 1836 2715 ut
1868 2676 2031 2717 mune

450 2762 514 2803 os
537 2750 873 2813 obstruatur,
904 2758 957 2802 et
986 2750 1232 2804 subditus
1263 2753 1352 2805 ﬁat
1388 2753 1565 2806 Omnis
1607 2754 1843 2808 mundus
1875 2753 1982 2808 Deo
2011 2772 2026 2809 :

450 2841 707 2910 quOniam
733 2855 798 2894 ex
819 2840 1073 2909 operibus
1092 2839 1227 2909 legis
1248 2856 1352 2895 non
1368 2842 1693 2911 justiﬁcatur
1710 2846 1885 2899 omnis
1903 2859 2031 2899 caro

433 2947 648 2986 °coram
681 2932 771 2986 illo
791 2933 870 2996 ²⁷;
903 2951 922 2983 ›
959 2934 1043 2987 lex
1076 2937 1217 2987 enim
1254 2934 1387 2988 iram
1408 2944 1661 3003 operatur
1678 2936 1744 3003 ⁸⁸,
1773 2946 1827 2991 et
1849 2937 2029 2991 littera

449 3024 648 3079 occidit
683 3043 697 3078 :
731 3033 787 3078 et
822 3032 881 3077 ut
924 3024 1121 3080 alicubi
1152 3024 1286 3080 dicit
1326 3026 1467 3079 idem
1495 3027 1538 3058 ¹⁹
1567 3044 1580 3081 :
1618 3045 1637 3078 ι
1668 3027 1879 3082 lrritant
1909 3029 2031 3097 quis

453 3117 655 3172 faciens
678 3117 850 3186 legem
874 3116 1030 3185 Mosi,
1054 3116 1174 3171 sine
1201 3117 1306 3171 ulla
1331 3118 1681 3173 miseratione
1708 3120 1917 3174 duobus
1940 3120 2029 3175 vel

454 3212 625 3266 tribus
653 3210 886 3266 testibus
916 3214 1141 3264 moritur
1163 3209 1230 3262 ³⁰.
1262 3227 1281 3260 ι
1313 3208 1448 3264 Cum
1477 3223 1606 3280 ergo
1637 3211 1724 3265 lex
1750 3211 2031 3265 damnaret

451 3311 764 3373 peccantes,
798 3310 852 3354 et
884 3311 1184 3357 extremum
1220 3315 1603 3369 nonnunquam
1634 3301 1955 3371 supplicium
1980 3303 2032 3356 in

452 3403 865 3449 contemnentes
882 3393 1218 3454 decerneret,
1242 3401 1295 3445 et
1315 3390 1460 3446 nullo
1486 3392 1643 3447 modo
1661 3394 2031 3458 miseraretur,

452 3485 724 3555 quomodo
762 3498 871 3538 non
906 3491 1025 3538 erat
1069 3485 1373 3538 necessaria
1419 3484 1728 3539 hominibus
1778 3484 1832 3537 in
1875 3486 2033 3540 terris

454 3574 737 3646 agentibus
780 3573 870 3628 illa
920 3572 1203 3629 clementis
1248 3584 1305 3629 et
1350 3574 1717 3629 misericordis
1762 3575 2033 3645 pontiﬁcis

452 3667 773 3734 declaratio,
811 3665 904 3735 qui
948 3665 1234 3722 maledicto
1278 3666 1436 3720 ﬁnem
1469 3666 1789 3736 imponeret,
1838 3668 2032 3737 praeci-

449 3759 712 3827 deretque
747 3757 1060 3823 vindictam,
1109 3768 1161 3812 et
1206 3773 1299 3812 eos
1346 3758 1438 3828 qui
1488 3767 1861 3828 peccaverant,
1918 3760 2033 3814 cle-

452 3850 618 3902 menti
663 3847 879 3917 gratia,
929 3845 1273 3917 benigneque
1346 3856 1478 3901 nutu
1523 3848 1820 3902 liberaret?
1865 3867 1885 3901 ι
1922 3848 2033 3920 Ege

450 3939 622 4004 enim,
648 3938 844 4008 inquit,
872 3954 988 3993 sum
1015 3938 1103 4007 qui
1138 3940 1289 3993 deleo
1320 3939 1636 4008 iniquitates
1664 3949 1803 4004 tuas,
1838 3950 1892 3995 et
1924 3956 2030 3996 non

453 4030 778 4086 recordabor
806 4028 873 4080 “.
925 4027 1223 4097 JustiﬁcatiI
1257 4044 1490 4098 namque
1535 4044 1721 4084 sumus
1769 4029 1894 4098 ﬁde,
1925 4046 2031 4086 non

448 4137 513 4176 ev
552 4121 805 4190 operibus
836 4118 985 4189 legis,
1008 4118 1126 4191 74
1158 4131 1215 4173 ιιι
1242 4121 1500 4190 scriptum
1536 4121 1705 4177 est".
1736 4140 1755 4174 ι
1784 4121 1843 4177 In
1868 4136 2029 4193 quem

450 4215 614 4284 igitur
655 4212 940 4268 credentes
984 4212 1387 4278 justilicamur?
1432 4228 1613 4269 nonne
1659 4214 1713 4269 in
1762 4230 1885 4270 eum
1938 4216 2033 4285 qui

450 4314 669 4376 propter
701 4322 799 4361 nos
832 4314 1062 4359 mortem
1107 4305 1401 4360 secundum
1433 4322 1653 4361 carnem
1684 4322 1875 4376 passus
1905 4308 2035 4363 est?

452 4413 558 4452 non
592 4399 643 4451 in
672 4413 837 4451 unum
876 4397 1161 4451 Dominum
1189 4394 1371 4452 Jesum
1413 4395 1728 4451 Christum?
1758 4412 1860 4452 non
1889 4414 2034 4453 mor-

451 4499 559 4543 tem
599 4489 715 4558 ejus
745 4491 1151 4551 annuntiantes,
1184 4496 1241 4541 et
1275 4488 1737 4543 resurrectionem
1768 4489 2035 4545 conﬁten-

2135 2028 2193 2079 ὲν
2221 2027 2372 2097 νόμῳ
2400 2027 2461 2080 τὸ
2490 2027 2747 2080 δύνασθαι
2776 2027 3072 2099 κατορθοῦν
3098 2030 3209 2090 τοῖς
3251 2026 3525 2080 ἐθέλουσιν
3553 2025 3706 2094 ἀμω-

2138 2118 2323 2187 μήτως
2343 2119 2403 2171 τὸ
2424 2118 2625 2187 ἀγαθόν
2645 2137 2657 2149 ·
2689 2138 2706 2170 ι
2720 2120 3048 2172 Τετελείωκε
3066 2119 3173 2190 γὰρ
3194 2118 3399 2171 οὐδέν.»
3424 2115 3563 2168 Ἀλλ’
3587 2114 3708 2167 οὐδὲ

2136 2206 2425 2277 ἄμεμπτος
2446 2204 2513 2276 ἦν
2530 2212 2562 2278 ἡ
2594 2208 2782 2279 πρώτη
2817 2209 3070 2280 διαθήκη.
3091 2208 3425 2278 Κατάκριμα
3455 2207 3509 2259 δὲ
3532 2207 3709 2259 διακο-

2136 2297 2255 2360 νίας
2281 2296 2415 2367 (20')
2434 2298 2714 2369 ὠνόμαζεν
2732 2299 2903 2369 αὐτὴν
2918 2303 2945 2353 6
2966 2301 3240 2368 πάνσοφος
3263 2298 3472 2360 Παῦλος
3488 2314 3501 2327 ο
3528 2295 3709 2350 ἀκούω

2135 2385 2191 2437 δὲ
2217 2386 2465 2453 λέγοντος
2484 2405 2496 2418 ·
2539 2406 2556 2439 ι
2588 2389 2821 2458 Οἴδαμεν
2857 2390 2938 2442 ὅτι
2967 2390 3108 2443 ὃσαό
3129 2390 3292 2459 νόμος
3315 2388 3486 2455 λέγει,
3512 2389 3623 2449 τοῖς
3653 2388 3710 2438 ὲν

2134 2475 2212 2546 τῷ
2241 2477 2390 2548 νόμῳ
2419 2477 2584 2545 λέγει,
2619 2478 2703 2531 ἵνα
2732 2480 2838 2531 πᾶν
2880 2482 3051 2549 στόμα
3081 2482 3287 2549 φραγῇ,
3322 2478 3418 2531 καὶ
3460 2477 3711 2540 ὑπόδικος

2136 2565 2357 2635 γένηται
2385 2568 2492 2627 πᾶς
2520 2568 2548 2618 6
2576 2567 2776 2636 κόσμος
2803 2567 2881 2638 τῷ
2906 2568 3025 2638 Θεῷ
3044 2584 3057 2598 ·
3082 2568 3216 2621 διότι
3245 2568 3302 2634 ἐξ
3337 2567 3514 2638 ἔργων
3544 2566 3708 2636 νόμου

2135 2657 2197 2710 ού
2225 2655 2644 2728 δικαιωθήσεται
2660 2659 2808 2710 πᾶσα
2827 2658 2965 2729 σὰρξ
2994 2658 3223 2712 ἐνώπιον
3242 2659 3426 2712 αὐτοῦ.
3454 2678 3471 2708 ι
3495 2659 3710 2728 Κατερ-

2135 2752 2359 2821 γάζεται
2393 2752 2501 2823 γὰρ
2534 2754 2562 2806 6
2593 2752 2755 2822 νόμος
2782 2755 2862 2817 είς
2882 2752 3071 2824 ὀργὴν,
3102 2752 3196 2805 καὶ
3222 2749 3284 2804 τὸ
3311 2750 3544 2821 γράμμα
3572 2752 3710 2801 ἀπο-

2137 2846 2354 2899 κτείνει·
2375 2845 2469 2898 καὶ
2489 2844 2563 2908 ὥς
2580 2846 2681 2899 πού
2696 2863 2857 2916 φησιν
2880 2846 3060 2908 αὐτός’
3090 2865 3107 2896 ι
3140 2844 3432 2912 Ἀθετήσας
3447 2859 3527 2904 τις
3551 2843 3711 2911 νόμον

2135 2938 2398 3002 Μωσέως,
2427 2938 2597 3009 χωρίς
2629 2938 2948 3011 οἰκτιρμῶν.
2986 2939 3080 2991 ἐπὶ
3108 2937 3260 2990 δυσὶν
3297 2936 3329 3006 ἦ
3358 2934 3537 3006 τρισὶν
3573 2934 3700 3004 μάρι

2139 3048 2290 3084 τυσιν
2323 3030 2672 3101 ἀποθνήσκει.
2703 3051 2722 3083 ι
2758 3032 3188 3104 Κατακρίνοντος
3214 3031 3393 3084 τοίνυν
3424 3028 3517 3082 τοῦ
3545 3028 3709 3098 νόμου

2137 3122 2265 3185 τοὺς
2291 3121 2725 3193 ἁμαρτάνοντας,
2752 3123 2847 3176 καὶ
2871 3123 2971 3193 τὴν
3001 3122 3237 3193 ἐσχάτην
3262 3121 3376 3174 ἐσθ’
3399 3121 3487 3176 ὅτε
3517 3121 3710 3190 ποινὴν

2138 3208 2516 3280 καθορίζοντος
2542 3210 2651 3263 τῶν
2679 3212 3051 3283 ἠμεληκότων,
3086 3212 3181 3265 καὶ
3219 3211 3338 3264 κατ’
3368 3210 3555 3265 οὐδένα
3588 3211 3712 3281 τρό-

2140 3315 2243 3351 πον
2273 3299 2657 3369 οἰκτείραντος,
2689 3299 2805 3364 πῶς
2826 3302 2925 3353 οὐκ
2944 3300 3216 3370 ἀναγκαία
3238 3303 3349 3363 τοῖς
3376 3300 3468 3354 ἐπὶ
3486 3299 3586 3370 τῆς
3604 3299 3711 3369 γῆς

2138 3392 2172 3462 ἡ
2192 3391 2287 3444 τοῦ
2308 3393 2739 3463 φιλοικτίρμονος
2759 3392 2853 3446 καὶ
2875 3391 3163 3464 ὲλεήμονος
3185 3391 3398 3462 ἀληθῶς
3413 3390 3712 3463 ἀρχιερέως

2140 3483 2414 3549 ἀνάδειξις
2455 3480 2560 3554 ἦν;
2592 3483 2859 3547 παύοντος
2904 3483 3003 3554 μὲν
3034 3484 3132 3555 τὴν
3166 3484 3340 3555 ἀράν⁶
3375 3483 3710 3538 ἀνακόπτον-

2138 3591 2230 3637 τος
2253 3574 2310 3627 δὲ
2337 3576 2433 3645 τὴν
2463 3575 2618 3646 δίκην
2639 3591 2653 3605 ο
2690 3576 2782 3628 καὶ
2819 3575 3252 3638 ἀπαλλάττοντος
3294 3576 3420 3639 τοὺς
3465 3577 3715 3647 ἡμαρτη-

2140 3665 2323 3731 κότας,
2356 3664 2716 3735 ἀμνησικάκῳ
2747 3664 2948 3735 χάριτι,
2990 3666 3225 3728 καὶτοῖς
3271 3663 3330 3731 ἐξ
3375 3667 3713 3737 ἡμερότητος

2139 3756 2429 3827 νεύμασινς
2474 3775 2492 3808 ι
2515 3755 2657 3826 Ἐγὼ
2706 3758 2834 3829 γὰρ,
2870 3758 3056 3828 φησιν,
3088 3757 3204 3827 είμὶ
3234 3759 3262 3811 6
3288 3756 3583 3826 ὲξαλείφων
3613 3757 3713 3820 τὰς

2139 3849 2370 3921 ἀνομίας
2420 3868 2535 3914 σου,
2581 3854 2675 3905 καὶ
2742 3853 2802 3905 οὐ
2852 3853 2925 3924 μὴ
2974 3852 3373 3925 μνησθήσομαι.
3424 3830 3714 3906 Ᾰεδικαιιῖι·

2144 3940 2285 4011 μεθα
2303 3941 2411 4012 γὰρ
2435 3942 2492 3994 ὲν
2516 3942 2697 3995 πίστει
2730 3943 2821 3995 καὶ
2841 3944 2940 3995 οὐκ
2961 3942 3023 4007 ἐξ
3039 3942 3214 4014 ἔργων
3236 3942 3424 4014 νόμου,
3446 3961 3465 3993 ι
3492 3942 3631 3995 κατὰ
3651 3940 3714 3995 τὸ

2137 4035 2545 4106 γεγραμμένον.
2596 4035 2693 4098 Εἰς
2727 4035 2849 4089 τίνα
2883 4034 2945 4106 δὴ
2980 4030 3069 4088 οῦν
3101 4033 3449 4098 πιστεύοντες
3478 4033 3714 4087 δικαιου-

2143 4126 2318 4197 μεθα;
2344 4128 2443 4180 οὐκ
2475 4129 2553 4191 εἰς
2581 4127 2671 4180 τὸν
2702 4126 2939 4179 παθόντα
2969 4126 3033 4180 δι’
3064 4128 3211 4198 ἡμᾶς
3245 4126 3335 4178 τὸν
3363 4125 3501 4179 κατὰ
3534 4126 3713 4197 σάρκα

2141 4218 2398 4287 θάνατον;
2428 4220 2528 4272 οὑκ
2560 4220 2638 4283 είς
2662 4220 2760 4273 ἕνα
2784 4220 2987 4290 Κύριον
3021 4219 3228 4291 Ἰησοῦν
3253 4218 3514 4291 Χριστόνς
3538 4219 3598 4271 οὐ
3621 4218 3712 4271 τὸν

2140 4310 2368 4365 θάνατον
2390 4311 2554 4365 αὐτοῦ
2580 4312 3060 4380 καταγγέλλοντες,
3088 4313 3183 4365 καὶ
3205 4311 3590 4381 ὁμολογοῦντες
3611 4308 3713 4380 τὴν

2139 4404 2433 4457 ἀνάστασιν
2466 4402 2880 4475 λελυτρὼμεθα;
2912 4404 2975 4457 Ei
3024 4402 3124 4473 μὲν
3169 4397 3263 4456 οὖν
3308 4402 3387 4465 εἰς
3426 4401 3711 4470 ἄνθρωπον

2140 4493 2247 4547 τῶν
2279 4494 2401 4548 καθ’
2421 4496 2570 4565 ἡμᾶς
2599 4496 2696 4549 ἕνα
2718 4492 3183 4564 πεπιστεύκαμεν,
3216 4492 3310 4546 καὶ
3342 4493 3462 4563 οὐχὶ
3488 4492 3551 4563 δὴ
3582 4491 3714 4562 μᾶλ-

452 4592 531 4635 tes
554 4582 819 4651 redempti
863 4580 1089 4636 sumus?
1120 4581 1175 4635 Si
1215 4579 1375 4649 igitur
1411 4579 1464 4633 in
1498 4580 1766 4636 hominem
1801 4597 1968 4636 unum
1999 4596 2030 4637 e

2140 4586 2230 4641 λον
2257 4590 2337 4652 είς
2366 4587 2518 4656 Θεὸν,
2556 4587 3032 4659 ἀνθρωπολατρεία
3066 4586 3128 4639 τὸ
3159 4586 3369 4657 χρῆμα,
3407 4585 3501 4638 καὶ
3526 4584 3712 4654 ἕτερον

452 4675 605 4728 nobis
644 4674 988 4737 credidimus,
1032 4688 1092 4726 ac
1127 4688 1230 4725 non
1263 4673 1439 4741 potius
1477 4673 1528 4725 in
1575 4673 1764 4737 Deum,
1793 4673 2030 4728 hominis

2136 4678 2288 4732 οὐδὲν
2321 4678 2783 4750 ὁμολογουμένως.
2808 4679 2871 4731 Εἰ
2896 4678 2953 4731 δὲ
2975 4676 3106 4729 Θεὸν
3132 4672 3271 4731 εἶναι
3294 4675 3387 4729 τὸν
3408 4673 3713 4727 πεπονθότα

448 4767 694 4820 adoratio
724 4767 829 4821 erit
864 4781 924 4820 ea
970 4779 1055 4819 res
1098 4764 1215 4818 sine
1251 4762 1435 4828 dubio,
1464 4773 1519 4817 et
1556 4763 1688 4817 nihil
1730 4764 1895 4819 aliud.
1927 4765 2025 4820 Sin

2139 4769 2305 4842 σαρκὶ
2338 4770 2686 4841 πιστεύομεν,
2716 4770 2775 4833 ὃς
2807 4770 2901 4824 καὶ
2938 4769 3156 4838 γέγονεν
3196 4766 3353 4838 ἡμῶν
3382 4765 3670 4837 ἀρχιερεύς
3693 4782 3708 4795 ⁸

454 4858 600 4912 illum
635 4873 798 4913 carne
827 4873 1046 4927 passum
1086 4856 1253 4909 Deum
1282 4871 1400 4909 esse
1424 4854 1712 4918 credimus,
1742 4857 1830 4925 qui
1866 4858 2029 4913 etiam

2138 4861 2531 4934 πεπλανήμεθα
2563 4862 2661 4932 μὲν
2691 4861 2812 4915 κατ’
2842 4860 3032 4914 οὐδένα
3063 4860 3261 4931 τρόπον
3282 4874 3297 4889 ·
3333 4857 3617 4928 ἄνθρωπον
3652 4855 3711 4909 δὲ

452 4961 637 5004 noster
667 4951 922 5004 sacerdos
955 4948 1026 5003 sit
1053 4947 1249 5010 factus,
1284 4945 1432 5000 nullo
1464 4948 1624 5000 modo
1648 4949 1697 5000 itt
1722 4964 1913 5004 errore
1936 4965 2029 5004 su-

2137 4952 2399 5021 γεγονότα
2430 4953 2522 5007 τὸν
2561 4954 2627 5006 ὲκ
2662 4951 2797 5005 Θεοῦ
2830 4951 3003 5019 Λόγον
3035 4948 3496 5018 ὲπιγινώσκομεν·
3536 4945 3713 5016 πρόιτ-

453 5059 595 5107 mus,
626 5043 718 5096 sed
768 5043 941 5110 ipsum
987 5056 1052 5095 ex
1096 5039 1208 5092 Deo
1244 5038 1477 5092 Verbum
1515 5039 1786 5092 hominem
1826 5039 2026 5096 factum

2137 5061 2287 5096 τεται
2315 5043 2371 5095 δὲ
2395 5042 2535 5095 οὓτω
2571 5042 2709 5113 πρὸς
2739 5041 2895 5111 ἡμῶν
2923 5043 2959 5109 ἡ
2990 5039 3173 5101 πίστις
3201 5040 3280 5099 είς
3309 5037 3462 5100 Θεὸν,
3495 5035 3584 5088 τὸν
3607 5033 3713 5097 ἔξω

454 5136 796 5207 agnoscimus
822 5153 837 5188 :
865 5136 1054 5201 sicque
1082 5147 1111 5186 a
1142 5131 1296 5185 nobis
1328 5130 1460 5184 ﬁdes
1495 5132 1547 5185 in
1586 5131 1749 5185 Deum
1776 5132 2030 5198 exigitur,

2135 5136 2350 5189 τιθέντα
2406 5135 2602 5205 δίκης,
2657 5134 2751 5188 καὶ
2800 5131 3083 5203 ἁμαρτιῶν
3132 5127 3713 5189 ἀπαλλάττοντατοὺς

450 5231 540 5298 qui
588 5243 686 5281 nos
719 5244 745 5279 a
793 5227 1031 5281 vindicta
1066 5225 1281 5289 eximit,
1326 5234 1383 5278 et
1432 5234 1774 5293 peccatorum
1825 5224 2030 5294 laqueis

2135 5226 2421 5290 ὲναλόντας
2444 5228 2653 5291 αὐταῖς.
2685 5246 2701 5278 ι
2726 5226 2879 5295 Ἔχει
2908 5225 3016 5296 γὰρ
3046 5224 3292 5289 ἐξουσίαν
3318 5225 3347 5275 6
3370 5222 3483 5284 υἱὸς
3508 5219 3598 5273 τοῦ
3619 5221 3711 5273 ἀνι

468 5407 471 5409 ’
518 5405 647 5445 ἰι-⁸⁵
685 5404 846 5457 llebr.
871 5418 969 5467 vtt,
1022 5404 1105 5458 l9.
1183 5402 1232 5433 "
1263 5401 1300 5455 ll
1330 5401 1582 5465 Cor.ttt,
1625 5400 1679 5454 7.

1754 5402 1799 5433 ’⁷
1832 5401 1987 5458 Rom.
2016 5420 2028 5457 ι

2151 5405 2232 5469 19,
2273 5405 2364 5458 9.0.
2440 5405 2487 5436 ’⁸
2510 5403 2666 5458 Rom.
2692 5419 2766 5472 tv,
2798 5403 2879 5458 l5.
2956 5402 3059 5470 ²⁹,ΙΙ
3083 5403 3210 5459 Cor.
3238 5419 3314 5467 In,
3339 5400 3392 5454 6.
3471 5400 3515 5430 ⁸ο
3550 5398 3686 5452 lleh.

452 5492 479 5529 ιι
499 5517 513 5542 ,
535 5476 627 5530 28.
702 5474 745 5506 ³¹
780 5475 881 5528 lsa.
909 5489 1063 5541 mu,
1083 5472 1177 5528 25.
1256 5475 1299 5505 ³³
1329 5472 1504 5527 Galat.
1531 5488 1591 5537 ιι,
1622 5473 1706 5525 16.

1723 5624 1882 5680 ANT.
1926 5622 2196 5678 AGELLll
2237 5621 2465 5677 sons.
2500 5585 2509 5595 ’

522 5794 657 5864 (20‘)
686 5794 910 5846 Videtur
937 5792 1116 5860 lapsus
1144 5790 1358 5857 notarii,
1382 5805 1503 5845 cum
1530 5786 1703 5844 Graeci
1729 5787 1883 5843 codd.
1930 5784 2030 5841 Νοι

452 5864 641 5919 Latina
668 5866 832 5919 editio
868 5864 1101 5919 vulgata.

2135 5784 2428 5841 'estamenti
2472 5783 2729 5851 habeant,
2768 5782 3013 5839 διακονία
3054 5786 3461 5857 κατακρίσεως,
3497 5795 3549 5841 et
3579 5786 3707 5841 item

498 5867 641 5921 atina
668 5866 832 5919 editio
868 5866 1101 5933 vulgata.
