4054 6332
324 388 452 446 ’135

1458 384 1830 440 ADVERSUS
1868 384 2271 444 NESTORIUM
2315 386 2446 441 LIB.
2491 385 2575 437 lll.

3500 384 3602 440 154

337 507 557 575 θρώπου
587 506 681 559 καὶ
710 505 805 559 ἐπὶ
828 505 929 573 τῆς
955 505 1057 575 γῆς
1088 504 1307 574 ἀφιέναι
1341 504 1634 575 ἁμαρτίας,
1667 524 1685 555 ι
1715 505 1790 567 ὦς
1815 522 1917 557 που

2031 509 2328 575 implicatos
2360 506 2567 565 ,liheral
2599 524 2610 558 :
2651 525 2667 555 ι
2694 504 2864 558 llabet
2896 505 3041 559 enim
3072 512 3389 574 potestatem
3436 503 3604 562 Filius

337 602 433 651 καὶ
466 597 628 660 αὐτός
652 613 815 667 φησιν
836 612 849 625 ·
886 594 1346 667 ἀντιπαραθέντες
1378 595 1556 647 τοίνυν
1584 599 1649 667 τῇ
1670 596 1759 648 διὰ
1783 598 1915 665 Χρι-

340 690 464 742 στοῦ
489 689 734 759 σωτηρίᾳ
765 690 858 741 καὶ
884 689 1088 758 χάριτι,
1112 688 1211 757 τῆς
1238 688 1491 756 νομικῆς.
1516 688 1815 757 ἀποτομῑας
1838 689 1916 741 ἶν’

335 782 510 843 οὕτως
559 781 696 832 εἴπω
730 780 792 831 τὸ
840 779 1066 848 ἀπηνὲς,
1113 778 1381 847 ἐλεήμονά
1419 795 1601 848 φαμεν
1652 778 1913 850 ἀρχιερέα

336 871 586 939 γενέσθαι
612 866 978 941 ΧριστόνΪΗν
1015 870 1115 939 μὲν
1140 868 1249 938 γάρ
1282 870 1374 921 καὶ
1402 868 1516 921 ἐστι
1544 868 1677 931 Θεὸς
1712 869 1916 937 ἀγαθὸς

335 964 401 1031 τῇ
431 960 610 1031 φύσει,
639 960 1032 1030 φιλοικτίρμων
1057 976 1116 1011 τε
1150 958 1242 1011 καὶ
1270 959 1514 1028 ἐλεήμων
1535 959 1657 1012 ἀεί·
1696 960 1789 1011 καὶ
1816 960 1917 1012 ούκ

337 1056 395 1107 ἐν
426 1055 603 1124 χρόνῳ
629 1052 788 1106 τοῦτο
810 1053 1050 1120 γέγονεν,
1082 1051 1194 1104 ἀλλ’
1218 1053 1297 1113 είς
1326 1052 1473 1121 ήμᾶς
1506 1050 1715 1122 ἐδείχθη
1744 1051 1918 1104 τοιοῦ-

339 1162 452 1209 τος.
483 1144 914 1214 Κατωνόμασται
943 1144 999 1197 δέ
1029 1142 1235 1206 πιστὸς,
1265 1144 1340 1206 ὡς
1372 1143 1546 1214 μένων
1573 1144 1601 1196 ὅ
1630 1145 1778 1195 ἐστιν
1806 1142 1914 1208 ἀεὶ,

338 1236 480 1289 κατά
530 1251 593 1303 γε
640 1234 700 1286 τὸ
747 1232 1038 1304 εἰρημένον
1088 1235 1181 1286 καὶ
1218 1234 1304 1286 ἐπ’
1334 1233 1498 1286 αὐτοῦ
1532 1234 1624 1286 τοῦ
1660 1235 1872 1305 Πατρός
1900 1254 1913 1264 ·

343 1346 361 1377 ι
396 1326 593 1389 Πιστὸς
638 1326 695 1378 δὲ
724 1328 751 1378 6
783 1325 935 1388 Θεὸς,
965 1324 1024 1387 ὂς
1065 1326 1165 1378 οὐκ
1208 1326 1357 1378 ἐάσει
1401 1327 1546 1395 ἡμᾶς
1594 1327 1917 1397 πειραθῆναι

339 1421 477 1490 ὑπὲρ
504 1418 531 1470 ὃ
558 1416 850 1487 δυνάμεθα.
884 1435 903 1468 ι
947 1416 1154 1469 Οὐκοῦν
1184 1417 1429 1486 ἐλεήμων
1469 1417 1577 1487 ἄρα
1605 1418 1699 1469 καὶ
1728 1416 1918 1479 πιστὸς

351 1510 663 1579 ’Δρχιερεὺς
697 1510 774 1569 είς
797 1509 943 1577 ἡμᾶς
973 1508 1194 1576 γέγονεν
1226 1511 1254 1561 6
1300 1510 1671 1581 Ἐμμανουήλ·
1700 1510 1774 1574 ώς
1806 1509 1916 1581 γὰρ

338 1602 369 1654 6
410 1600 618 1663 Παῦλός
652 1616 838 1669 φησιν,
872 1617 889 1649 ι
924 1600 986 1651 Οί
1037 1600 1135 1668 μὲν
1177 1599 1422 1663 πλείονές
1467 1603 1601 1653 εἰσιν
1644 1602 1918 1671 ἀρχιερεῖς

341 1693 642 1762 γεγονότες,
678 1692 765 1743 διά
797 1690 875 1755 τὸ,
911 1690 1123 1761 Θανάτῳ
1156 1690 1459 1743 κωλύεσθαι
1489 1692 1825 1762 παραμένειν
1846 1710 1858 1722 ·
1890 1693 1919 1744 6

342 1786 432 1849 δὲ,
458 1784 546 1838 διὰ
589 1783 649 1836 τὸ
682 1783 865 1853 μένειν
906 1782 1069 1835 αὑτὸν
1106 1783 1187 1845 είς
1227 1782 1319 1835 τὸν
1346 1783 1536 1843 αἰῶνα,
1568 1783 1919 1854 ἀπαράϐατον

2023 602 2258 655 hominis
2280 600 2442 654 etiam
2472 602 2523 653 in
2556 609 2696 653 terra
2730 599 3031 653 dimittendi
3068 609 3322 666 peccata;
3353 618 3371 649 ι
3404 610 3461 653 ut
3490 601 3604 668 ipse

2022 691 2154 744 dicit
2181 691 2374 745 alicubi
2402 691 2467 743 ³³.
2502 690 2635 744 Cum
2668 690 2836 760 igitur
2869 689 3058 757 legalis
3088 690 3415 757 severitatis,
3447 700 3504 744 ut
3530 694 3602 744 ita

2024 782 2227 849 dicam,
2276 782 2627 836 acerbitatem
2688 796 2810 835 cum
2864 780 3063 836 Christi
3112 781 3288 835 salute
3335 792 3390 834 et
3432 783 3602 849 gratia

2024 887 2423 942 comparamus,
2454 873 2686 927 dicimus
2719 872 3122 927 misericordem
3164 872 3479 927 Pontiticem
3520 872 3602 926 fa—

2024 975 2167 1019 ctum
2203 965 2372 1020 fuisse
2400 964 2700 1020 Christum.
2731 963 2856 1018 Fuit
2889 965 3030 1019 enim
3065 975 3120 1019 et
3146 974 3230 1019 est
3262 964 3400 1018 Deus
3434 965 3607 1020 bonus

2024 1069 2090 1109 ex
2119 1064 2335 1121 natura,
2374 1055 2611 1109 clemens
2648 1054 2774 1109 item
2810 1069 3023 1124 semper
3057 1070 3119 1108 ac
3154 1055 3484 1119 misericors,
3514 1070 3609 1109 ne-

2023 1159 2129 1213 que
2156 1146 2276 1200 talis
2303 1146 2356 1199 in
2391 1154 2633 1213 tempore
2663 1146 2858 1210 evasit,
2911 1145 3005 1200 sed
3039 1145 3302 1214 ejusmodi
3346 1155 3430 1201 est
3478 1160 3606 1214 erga

2026 1252 2124 1291 nos
2166 1246 2437 1292 ostensus.
2479 1238 2792 1306 Appellatus
2838 1246 2922 1291 est
2951 1245 3129 1290 autem
3176 1237 3368 1299 fidelis,
3417 1246 3476 1291 ut
3515 1239 3606 1306 qui

2024 1336 2240 1381 maneat
2287 1342 2499 1395 semper
2547 1330 2687 1397 quod
2722 1337 2823 1392 est,
2873 1335 2932 1379 ut
2961 1329 3123 1380 etiam
3176 1329 3242 1382 de
3290 1329 3407 1396 ipso
3452 1327 3609 1383 Patre

2025 1418 2227 1473 dictum
2253 1429 2336 1472 est
2364 1436 2376 1471 :
2408 1437 2426 1468 ι
2448 1418 2649 1472 Fidelis
2673 1429 2853 1473 autem
2884 1422 3049 1483 Deus,
3074 1421 3163 1487 qui
3196 1436 3300 1475 non
3334 1422 3610 1491 permittet

2026 1524 2126 1565 nos
2155 1512 2353 1565 tentari
2390 1526 2551 1579 supra
2594 1526 2754 1575 quam
2796 1527 3083 1580 possumus
3126 1512 3192 1566 ".
3226 1532 3246 1565 ι
3284 1513 3424 1585 Ergo
3447 1515 3611 1569 mise-

2026 1602 2199 1657 ricors
2219 1612 2271 1657 et
2291 1602 2461 1657 fidelis
2489 1603 2741 1657 Pontifex
2764 1604 2815 1657 in
2844 1620 2941 1658 nos
2968 1604 3142 1660 factus
3162 1614 3246 1659 est
3271 1606 3609 1661 Emmanuel.

2025 1692 2099 1746 Ut
2131 1694 2274 1746 enim
2313 1693 2511 1748 Paulus
2545 1696 2621 1748 ait
2652 1712 2664 1748 :
2705 1714 2723 1746 ι
2760 1696 2946 1751 Plures
2974 1696 3100 1750 facti
3136 1706 3262 1751 sunt
3301 1700 3610 1754 sacerdotes

2025 1798 2089 1837 eo
2111 1787 2252 1853 quod
2278 1796 2447 1838 morte
2478 1786 2897 1854 prohiberentur
2923 1802 3240 1857 permanere
3266 1808 3279 1843 :
3315 1791 3404 1844 hic
3428 1800 3609 1845 autem

344 1877 457 1947 ἔχει
490 1877 587 1945 τὴν
619 1873 947 1944 ἱερωσύνηνο
976 1871 1098 1925 ὅθεν
1127 1871 1222 1925 καὶ
1247 1870 1441 1934 σώζειν
1467 1874 1545 1935 εἰς
1572 1872 1633 1925 τὸ
1662 1873 1923 1936 παντελὲς

2031 1891 2090 1930 eo
2127 1879 2268 1945 quod
2314 1887 2532 1933 maneat
2576 1879 2628 1931 in
2678 1889 2967 1945 aeternum,
3011 1884 3399 1949 sempiternum
3448 1883 3614 1936 habet

342 1973 565 2024 δύναται
608 1971 734 2032 τοὺς
783 1966 1255 2039 προσερχομένους
1307 1966 1377 2019 δι’
1423 1966 1589 2020 αὑτοῦ
1644 1966 1722 2034 τῷ
1767 1965 1921 2035 Θεῷο

345 2064 577 2117 πάντοτε
622 2062 729 2126 ζῶν
760 2064 838 2125 είς
876 2061 937 2113 τὸ
970 2058 1318 2128 ἐντυγχάνειν
1352 2058 1492 2127 ὑπὲρ
1519 2057 1715 2109 αὐτῶν.
1749 2076 1767 2108 ι
1803 2058 1926 2109 Ὀτι

344 2159 403 2212 δὲ
433 2156 709 2228 μεμένηκε
733 2155 864 2219 Θεὸς
890 2157 917 2208 6
945 2156 1008 2207 ἐκ
1030 2152 1239 2223 Πατρὸς
1260 2153 1450 2222 Λόγος,
1484 2152 1660 2205 καίτοι
1684 2152 1927 2220 γεγονὼς

348 2251 546 2320 ἱερεὺς,
574 2248 715 2302 κατά
745 2248 804 2301 τὸ
830 2246 1238 2318 γεγραμμένον,
1266 2246 1356 2299 διὰ
1382 2245 1443 2298 τὸ
1470 2245 1677 2316 πρέπον
1698 2248 1762 2315 τῇ
1791 2244 1930 2315 μετὰ

347 2341 551 2411 σαρκὸς
604 2339 887 2409 οἰκονομία
938 2338 1128 2408 σχῆμά
1171 2354 1233 2389 τε
1278 2337 1373 2390 καὶ
1427 2337 1644 2407 μέτρον,
1674 2337 1929 2407 ἀποχρῶν

345 2434 477 2502 ήμῖν
509 2432 590 2492 εἰς
628 2428 998 2500 πληροφορίαν
1025 2432 1053 2482 6
1079 2427 1173 2480 τοῦ
1214 2428 1485 2499 μακαρίου
1522 2428 1733 2480 Παύλου
1773 2428 1930 2496 γεγέ-

353 2539 506 2593 ιηται
550 2521 896 2589 Λόγος.Ἔφη
938 2522 1049 2589 γὰρ
1097 2519 1294 2571 πάλιν·
1333 2538 1351 2570 ι
1385 2519 1694 2586 Κεφάλαιον
1734 2518 1791 2570 δὲ
1838 2518 1930 2570 ἐπὶ

345 2616 459 2676 τοῖς
503 2611 833 2682 εἰρημένοις,
866 2610 1103 2662 τοιοῦτον
1138 2608 1335 2680 ἔχομεν
1365 2611 1641 2679 ἀρχιερέα,
1669 2609 1726 2672 ὂς
1769 2609 1930 2662 ἐκάθ-

350 2721 463 2756 ισεν
493 2704 551 2755 ἐν
585 2702 733 2772 δεξιᾷ
765 2701 858 2753 τοῦ
890 2701 1080 2771 θρόνου
1127 2702 1225 2771 τῆς
1274 2700 1660 2770 μεγαλωσύνης
1711 2703 1769 2753 ἐν
1816 2703 1929 2763 τοῖς

346 2796 615 2865 οὐρανοῖς,
645 2794 751 2846 τῶν
780 2793 949 2861 ἁγίων
991 2792 1307 2862 λειτουργὸς
1334 2792 1426 2844 καὶ
1465 2791 1566 2861 τῆς
1597 2793 1799 2862 σκηνῆς
1831 2794 1930 2864 τῆς

344 2886 643 2956 ἀληθινῆς,
673 2886 740 2956 ήν
771 2884 969 2955 ἔπηξεν
998 2885 1027 2936 6
1065 2884 1267 2953 Κύριος
1298 2883 1396 2935 κα)⁹
1442 2884 1541 2935 οῦκ
1576 2883 1878 2953 ἄνθρωπος.
1904 2904 1922 2935 ι

354 2978 543 3048 Ἀθρει
576 2978 639 3048 δὴ
666 2973 779 3041 οὖν,
808 2976 961 3047 ἄθρει
1004 2976 1096 3029 τὸν
1139 2978 1203 3027 ἐκ
1223 2974 1354 3027 Θεοῦ
1384 2973 1557 3043 φύντα
1589 2974 1780 3042 Λόγον,
1814 2974 1929 3027 δια-

348 3071 628 3139 πρέποντα
664 3070 762 3139 μὲν
803 3069 876 3132 ὡς
906 3068 1037 3121 Θεὸν
1080 3070 1199 3129 ταῖς
1242 3066 1576 3138 ὑπερτάταις
1620 3066 1927 3131 εύκλείαις,

349 3162 447 3214 καὶ
475 3164 532 3215 ἐν
561 3163 670 3224 τοῖς
695 3161 792 3232 τῆς
825 3160 1077 3232 θεότητος
1112 3158 1327 3222 θώκοις,
1352 3157 1738 3230 ἱερουργοῦντα
1761 3160 1817 3211 δέ
1838 3160 1929 3212 τὸν

348 3253 512 3306 αὐτὸν
552 3253 626 3314 ώς
656 3253 971 3323 ἄνθρωπον·
1009 3251 1103 3304 καὶ
1144 3252 1242 3304 οὐκ
1286 3251 1528 3318 ἐπίγειον
1572 3248 1693 3302 τινὰ
1743 3251 1931 3304 θυσίαν

348 3344 789 3414 προσκομίζοντα
823 3342 896 3413 τῷ
925 3342 1119 3412 Πατρὶ,
1151 3342 1301 3394 θείαν
1331 3340 1386 3395 δὲ
1433 3340 1632 3409 μᾶλλον
1684 3342 1778 3394 καὶ
1809 3359 1932 3413 νοη-

350 3434 472 3505 τὴν,
496 3436 588 3487 καὶ
616 3435 820 3505 σκηνὴν
843 3432 1029 3505 ῶσπερ
1057 3433 1217 3500 ἁγίαν
1248 3431 1437 3503 ἔχοντα
1464 3434 1555 3485 τὸν
1585 3434 1833 3505 οὐρανόν.
1856 3436 1930 3488 Οὐ

352 3527 465 3596 γὰρ
499 3526 639 3579 κατὰ
666 3526 827 3594 νόμον
864 3525 1081 3593 ἐντολῆς
1121 3525 1381 3595 σαρκίνης
1410 3524 1633 3593 γέγονεν
1671 3527 1699 3578 6
1741 3528 1931 3597 ἀρχιε-

356 3619 506 3690 ρεὺς,
535 3616 670 3670 ἀλλά
716 3616 858 3670 κατά
904 3616 1133 3686 δύναμιν
1186 3616 1334 3685 ζωῆς
1377 3615 1737 3679 ἀκαταλύτου,
1792 3618 1933 3670 καθά

352 3710 688 3778 γέγραπται.
720 3707 916 3771 Πιστὸς
949 3703 1040 3760 οὖν
1069 3709 1176 3778 ἄρα
1211 3708 1304 3760 καὶ
1334 3707 1478 3760 κατά
1506 3708 1680 3771 τοῦτο,
1708 3711 1931 3773 καὶτοῖς

352 3799 673 3870 προσιοῦσιν
713 3799 991 3870 ἐχέγγυος,
1026 3799 1104 3862 εἷς
1137 3816 1201 3867 γε
1233 3798 1293 3851 τὸ
1336 3797 1598 3851 δύνασθαι
1636 3801 1729 3852 καὶ
1786 3801 1931 3870 μάλα

356 3891 556 3962 ῥαδίως
596 3891 880 3953 διασώζειν
917 3890 1147 3953 αὐτούς’
1200 3889 1391 3959 αἵματι
1423 3890 1533 3961 γὰρ
1576 3890 1656 3961 τῷ
1692 3890 1804 3961 ἰδίῳ
1838 3891 1933 3945 καὶ

358 3985 460 4054 μιᾷ
487 3984 773 4053 προσφορᾷ
799 3981 1149 4033 τετελείωκεν
1172 3982 1248 4043 εἰς
1272 3979 1333 4032 τὸ
1355 3980 1597 4049 διηνεκὲς
1623 3981 1747 4043 τοὺς
1774 3983 1934 4050 ἁγια-

354 4072 640 4145 ζομένους.
675 4075 837 4126 Τουτὶ
882 4074 990 4143 γὰρ
1039 4070 1193 4141 οἶμαι
1239 4072 1433 4141 δηλοῦν
1481 4073 1571 4125 τὸν
1622 4074 1766 4145 ἱερὸν
1802 4076 1934 4145 ήμῖν

354 4165 587 4232 λέγοντα
616 4162 827 4215 Παῦλον
847 4176 861 4191 ’
897 4182 914 4212 ι
939 4162 1025 4213 Ἐν
1054 4154 1099 4227 ᾧ
1131 4160 1239 4229 γὰρ
1267 4158 1531 4211 πέπονθεν
1557 4159 1717 4222 αὐτὸς
1743 4177 1934 4230 πειρα-

359 4252 544 4315 σθεὶς,
596 4252 819 4304 δύναται
872 4253 981 4313 τοῖς
1032 4248 1446 4320 πειραζομένοις
1497 4247 1780 4319 βοηθῆσαι.
1814 4268 1831 4299 ι
1869 4248 1933 4301 Τί

355 4344 536 4399 τοίνυν
563 4346 693 4414 ήμῖν
722 4343 829 4395 τῶν
857 4345 936 4405 εἰς
959 4341 1239 4394 εὐσέὸειαν
1262 4340 1557 4410 ἀφειδήσας
1582 4342 1819 4404 ἐννοιῶν,
1841 4341 1935 4395 καὶ

356 4437 469 4490 τῶν
502 4438 582 4498 είς
611 4436 879 4506 ὀρθότητα
914 4435 1009 4487 καὶ
1040 4433 1296 4502 ἀλήθειαν
1329 4434 1700 4504 ἀποφοιτήσας
1738 4434 1932 4503 λόγων,

372 4531 432 4582 ’0
465 4528 668 4595 παθὼν,
698 4529 881 4599 φησὶν,
920 4527 1205 4597 ἀρχιερεὺς
1248 4526 1492 4596 ἐλεήμων
1515 4544 1528 4556 ·
1564 4526 1803 4597 παθητὸς
1828 4528 1884 4579 δὲ
1903 4528 1933 4580 6

358 4621 509 4685 ναὸς,
538 4621 636 4690 οὐχ
658 4622 686 4672 ὁ
717 4617 975 4683 ζωοποιὸς
997 4615 1091 4668 τοῦ
1116 4616 1445 4678 πεπονθότος
1478 4616 1643 4682 Θεός;
1674 4617 1796 4670 ’Ότι
1840 4617 1937 4687 μὲν

360 4708 455 4766 οὖν
488 4711 651 4782 σαρκὶ
684 4709 952 4763 πέπονθεν
982 4707 1122 4761 ἑκὼν
1144 4708 1211 4760 δι’
1241 4709 1387 4777 ἡμᾶς
1415 4709 1443 4760 6
1467 4706 1559 4760 τοῦ
1583 4706 1717 4760 Θεοῦ
1744 4708 1937 4775 Λόγος,

363 4804 422 4855 ἐν
464 4802 574 4871 ίδίῳ
602 4800 778 4871 καιρῷ
822 4800 1162 4871 δειχθήσεται
1183 4814 1196 4828 ’
1230 4796 1312 4851 ὅτι
1342 4797 1399 4850 δὲ
1436 4797 1648 4868 μερίζει
1681 4797 1772 4849 τὸν
1798 4797 1940 4866 ἁμέ·-

366 4911 571 4965 ριστον,
602 4893 697 4946 καὶ
725 4892 818 4945 δύο
850 4892 1139 4963 πρεσϐεύει
1166 4891 1432 4962 Χριστοὺς
1455 4892 1520 4959 τῇ
1548 4889 1653 4941 τῶν
1682 4888 1825 4941 ἰδίων
1854 4891 1943 4940 ἐν.

360 4985 521 5039 νοιῶν
543 4985 788 5055 δυνάμει,
814 4984 915 5037 κᾶν
941 4986 990 5036 εἰ
1025 4984 1204 5052 φαίνοι
1232 4982 1291 5034 τό
1319 4998 1419 5033 που
1446 4980 1679 5048 Χριστὸν
1721 4979 1817 5031 ἐνα
1851 4979 1940 5032 λέ-

361 5094 498 5146 γων,
532 5077 681 5130 οὐδὲν
711 5072 873 5149 ἧττον
913 5075 1301 5146 ἐλεγχθήσεται
1354 5072 1450 5126 καὶ
1489 5070 1579 5124 διὰ
1621 5071 1729 5123 τῶν
1780 5071 1940 5135 εὐθὺς

361 5166 810 5236 ἐπενηνεγμένων
831 5182 842 5194 ·
870 5164 975 5233 ἔφη
998 5164 1106 5235 γὰρ
1141 5164 1302 5218 πάλιν
1318 5181 1331 5193 ·

438 5257 495 5331 [ι
524 5259 753 5328 Σπέρμα
802 5256 1051 5326 Ἀϐραὰμ
1091 5257 1120 5308 6
1157 5256 1281 5325 χθὲς
1326 5255 1419 5308 καὶ
1449 5256 1687 5326 σήμερον
1708 5294 1721 5317 ,
1753 5272 1771 5303 ι
1800 5252 1943 5306 κατά

363 5353 462 5423 τὴν
488 5351 582 5403 τοῦ
611 5349 824 5403 Παύλου
855 5348 1059 5419 φωνὴν,
1085 5349 1181 5418 οὐχ
1202 5347 1229 5397 6
1250 5348 1442 5416 λέγων,
1474 5368 1491 5397 ‹
1517 5349 1652 5417 Πρὶν
1690 5344 1942 5416 ’Λϐραὰμ

364 5441 640 5510 γενέσθαι,
694 5438 805 5508 ἐγώ
849 5441 1029 5510 είμι.»
1083 5441 1302 5509 Ὅμοιος
1342 5441 1455 5501 τοῖς
1503 5438 1750 5507 ἀδελφοῖς
1806 5436 1947 5489 κατά

365 5537 565 5599 πάντα,
618 5532 856 5603 δίψυχῆς
897 5529 1243 5603 ἀνθρωπίνης
1289 5530 1385 5582 καὶ
1417 5529 1619 5600 σαρκὸς
1658 5526 1945 5581 ἀναλαϐὼν

438 5716 483 5747 ³³
516 5714 645 5767 Luc.
671 5727 721 5775 v,
746 5713 837 5769 24.
913 5713 959 5744 ³⁸
993 5713 1012 5765 l
1042 5711 1168 5767 Cor.
1194 5725 1247 5772 ι,
1275 5708 1358 5763 15.
1434 5708 1477 5739 ³⁸
1510 5707 1670 5763 llehr.
1697 5724 1798 5767 vn,
1818 5706 1928 5761 25-?

2087 5706 2131 5739 ³⁸
2166 5706 2328 5764 Hebr.
2355 5722 2466 5774 Vtu,
2495 5708 2544 5771 l,
2569 5706 2623 5760 9..

2028 1969 2425 2033 sacerdotium;
2467 1970 2609 2025 unde
2643 1983 2696 2024 et
2726 1972 2939 2025 salvare
2988 1974 3039 2025 in
3074 1985 3389 2041 perpetuum
3438 1985 3613 2044 potest

2029 2061 2350 2114 accedentes
2387 2075 2481 2128 per
2513 2061 2685 2127 ipsum
2730 2062 2794 2114 all
2842 2061 3031 2128 Deum,
3072 2079 3287 2132 semper
3322 2066 3511 2120 vivens
3544 2066 3613 2120 ad

2029 2148 2480 2218 interpellandum
2535 2167 2631 2219 pro
2663 2153 2740 2206 eis
2775 2151 2840 2206 ³⁸.
2886 2172 2904 2204 ι
2954 2150 3122 2206 Porro
3164 2154 3289 2206 illud
3335 2170 3401 2207 ex
3450 2154 3614 2210 l‘atre

2032 2241 2265 2295 Verbum
2296 2243 2563 2295 mansisse
2602 2240 2790 2306 Deum,
2830 2245 3076 2312 quamvis
3109 2243 3284 2299 factus
3329 2246 3400 2298 sit
3429 2261 3612 2301 sacer-

2032 2334 2149 2397 dos,
2187 2342 2243 2387 ut
2290 2333 2548 2402 scriptmn
2581 2342 2684 2400 est,
2719 2346 2939 2403 propter
2978 2336 3223 2390 habitum
3265 2346 3428 2406 atque
3463 2356 3614 2394 men-

2029 2442 2213 2480 suram
2258 2424 2331 2479 illi
2374 2440 2494 2479 cum
2538 2439 2702 2481 carne
2745 2425 3135 2494 dispensationi
3175 2429 3611 2494 convenientem,

2031 2518 2176 2572 beati
2224 2517 2376 2572 Pauli
2423 2520 2585 2572 verba
2628 2529 2754 2573 sunt
2798 2520 2864 2572 ad
2900 2520 3055 2573 fidem
3106 2520 3404 2574 faciendam
3439 2523 3612 2575 satis:

2031 2610 2167 2662 dixit
2202 2610 2344 2662 enim
2385 2625 2598 2662 rursum
2628 2627 2641 2663 :
2676 2617 2697 2661 ι
2724 2609 3030 2678 Capitulum
3061 2625 3188 2663 vero
3209 2626 3371 2678 super
3394 2611 3476 2664 his
3495 2627 3616 2681 quae

2032 2700 2171 2753 dicta
2209 2708 2355 2761 sunt,
2398 2700 2558 2752 talem
2597 2701 2856 2753 habemus
2899 2698 3217 2754 Pontilicem
3262 2701 3353 2768 qui
3388 2702 3527 2755 sedit
3560 2702 3613 2756 in

2031 2792 2253 2844 dextera
2280 2792 2421 2845 sedis
2454 2792 2840 2861 magnitudinis
2869 2792 2923 2843 in
2959 2790 3133 2855 cmlis,
3173 2804 3484 2847 sanctorum
3515 2794 3616 2847 Ini-

2033 2883 2225 2942 nister.
2271 2892 2324 2937 et
2354 2882 2690 2937 tabernaculi
2738 2884 2875 2951 veri,
2907 2885 3053 2953 quod
3108 2884 3225 2937 lixit
3274 2885 3530 2940 Dominus
3561 2895 3617 2939 et

2033 2988 2137 3027 non
2172 2974 2332 3026 homo
2361 2973 2426 3027 ³⁸.
2470 2991 2488 3023 ι
2529 2974 2660 3027 Vide
2696 2973 2859 3042 igitur
2895 2988 3076 3041 quaeso
3116 2972 3243 3027 illud
3276 2991 3340 3027 ex
3379 2973 3488 3029 Deo
3525 2992 3618 3043 ge-

2033 3066 2203 3119 nitum
2235 3062 2468 3118 Verbum
2498 3080 2619 3117 cum
2664 3066 3111 3133 praestantissima
3149 3065 3315 3134 gloria
3361 3077 3616 3137 tanquam

2034 3158 2172 3211 Deus
2194 3152 2485 3226 praecellat,
2501 3166 2557 3210 et
2575 3155 2624 3208 in
2646 3154 2771 3209 sede
2788 3155 3081 3209 divinitatis
3100 3156 3355 3223 emineat,
3369 3162 3617 3217 eumdem

1960 3236 2001 3293 (ἶ
2035 3250 2336 3304 sacerdotio
2362 3247 2512 3319 fungi
2541 3260 2794 3317 tanquam
2822 3248 3094 3304 hominem
3122 3266 3135 3278 ι
3160 3264 3332 3317 neque
3351 3261 3615 3307 terremur

2033 3343 2267 3411 aliquam
2294 3342 2565 3395 victimam
2593 3339 2741 3394 Patri
2777 3339 2993 3405 offerre,
3022 3340 3128 3411 75
3162 3342 3254 3396 sed
3282 3343 3516 3399 divinam
3553 3360 3619 3400 ac

2031 3429 2352 3498 spiritalem,
2382 3440 2437 3484 et
2465 3445 2562 3497 pro
2590 3439 2778 3485 sancto
2804 3431 3151 3485 tabernaculo
3174 3432 3369 3486 ctelum
3396 3435 3617 3492 habere.

2030 3520 2152 3575 Non
2187 3524 2333 3576 enim
2367 3523 2665 3578 secundum
2699 3520 2870 3591 legem
2910 3523 3147 3578 mandati
3180 3524 3417 3581 carnalis
3445 3526 3621 3583 fact-is

2030 3628 2112 3668 est
2134 3615 2412 3677 sacerdos,
2448 3614 2542 3669 sed
2565 3615 2858 3669 secundum
2885 3615 3136 3669 virtutem
3162 3616 3283 3671 vitae
3300 3618 3617 3684 insolubilis,

2032 3717 2091 3760 ut
2145 3706 2408 3776 scriptum
2462 3714 2545 3761 est
2583 3706 2653 3763 ³⁷.
2718 3706 2920 3760 Fidelis
2968 3716 3054 3761 est
3102 3707 3264 3776 igitur
3313 3711 3476 3763 etiam
3519 3712 3621 3767 hac

2032 3797 2264 3861 ratione,
2311 3807 2368 3852 et
2402 3797 2788 3852 accedentibus
2830 3796 3115 3865 fidejussor
3141 3799 3207 3853 ad
3243 3800 3471 3856 salutem
3514 3803 3623 3858 illis

2032 3900 2087 3944 et
2115 3891 2333 3958 quidem
2362 3888 2617 3944 facillime
2638 3893 3000 3960 praestandam
3031 3908 3044 3946 :
3073 3891 3337 3961 sanguine
3355 3893 3498 3947 enim
3523 3910 3624 3949 suo

2034 3991 2089 4036 et
2111 3997 2214 4035 una
2240 3980 2516 4036 oblatione
2545 3985 2937 4037 consummavit
2960 3983 3012 4035 in
3031 3992 3292 4037 :eternum
3310 3986 3623 4041 sanctifica-

2037 4083 2153 4128 tos:
2185 4072 2240 4127 id
2268 4088 2500 4142 namque
2531 4074 2686 4128 nobis
2715 4074 2927 4128 beatum
2948 4072 3173 4127 Paulum
3197 4074 3501 4145 significare
3527 4094 3625 4147 pu—

2036 4175 2111 4229 to.
2131 4182 2250 4219 cum
2277 4166 2403 4219 dicit
2430 4182 2441 4217 :
2473 4184 2490 4217 ι
2523 4165 2576 4221 ln
2595 4181 2701 4235 quo
2727 4166 2869 4220 enim
2897 4180 3086 4234 passus
3112 4176 3199 4219 est
3223 4167 3334 4233 ipse
3360 4176 3620 4234 tentatus,

2035 4269 2226 4328 potens
2247 4268 2326 4313 est
2352 4258 2430 4312 eis
2458 4258 2548 4328 qui
2580 4266 2877 4320 tentantur,
2898 4258 3147 4312 auxiliari
3181 4258 3245 4312 ³⁸.
3277 4277 3297 4308 ι
3328 4260 3435 4314 Cur
3462 4261 3624 4331 igitur

2034 4350 2235 4420 pietate
2273 4349 2664 4403 sententiarum
2701 4346 2971 4416 neglecta,
3010 4356 3066 4401 et
3096 4362 3125 4401 a
3174 4350 3336 4403 rectis
3368 4353 3624 4420 verisque

2036 4438 2382 4494 sermonibus
2419 4438 2741 4505 abscedens,
2773 4438 2877 4504 Qui
2905 4453 3095 4507 passus
3123 4448 3225 4504 est,
3258 4440 3450 4508 inquit,
3479 4438 3624 4495 Pon-

2042 4530 2170 4585 tifex
2203 4539 2289 4583 est
2329 4529 2419 4583 ille
2465 4528 2794 4595 misericors,
2842 4529 3063 4599 patihile
3108 4545 3239 4585 vero
3276 4531 3445 4599 ipsmn
3489 4541 3624 4586 tem-

2041 4620 2211 4691 plum,
2244 4636 2349 4674 non
2392 4619 2480 4674 ille
2524 4619 2829 4674 vivificator
2860 4622 3001 4690 passi
3048 4621 3225 4675 Deus?
3254 4621 3431 4675 Carne
3461 4622 3625 4691 igitur

2041 4720 2235 4781 sponte
2272 4721 2492 4782 propter
2523 4725 2621 4766 nos
2646 4725 2863 4779 passum
2891 4725 3011 4766 esse
3040 4711 3211 4778 ipsum
3239 4711 3329 4766 Dei
3361 4710 3620 4779 Verbum,

2041 4818 2141 4859 suo
2174 4813 2414 4871 tempore
2449 4803 2907 4857 demonstrabitur
2946 4820 2961 4856 :
2994 4803 3087 4857 sed
3130 4803 3460 4857 individuum
3487 4805 3624 4858 divi-

2044 4896 2193 4957 dere,
2221 4895 2460 4963 duosque
2492 4894 2738 4949 Christos
2768 4908 2836 4948 ex
2867 4894 2917 4948 vi
2963 4909 3184 4949 suarum
3231 4896 3621 4968 sententiarum

2044 4985 2360 5054 praedicare,
2376 4985 2588 5038 tametsi
2614 4985 2937 5053 quandoque
2960 5000 3124 5037 unum
3142 4984 3419 5040 Christum
3441 4988 3624 5042 dicere

2046 5074 2319 5137 videatur,
2354 5072 2705 5127 nihilominus
2731 5089 2798 5127 ex
2823 5074 2908 5128 his
2930 5086 3051 5143 qua:
3076 5071 3257 5125 statim
3285 5074 3465 5140 infert,
3494 5089 3624 5129 con-

2048 5162 2293 5218 vincetur
2322 5180 2335 5216 :
2361 5163 2496 5216 dixit
2525 5166 2667 5218 enim
2701 5179 2907 5218 rursus.
2938 5181 2953 5218 :

2120 5254 2384 5327 [Νεετοιι.
2416 5272 2435 5305 ι
2462 5254 2658 5310 Semen
2692 5254 2967 5309 Abraham
2999 5255 3043 5310 is
3071 5263 3156 5309 est
3190 5255 3281 5323 qui
3310 5254 3425 5308 heri
3456 5264 3539 5308 est
3570 5264 3626 5310 et

2050 5346 2232 5412 hodie,
2262 5366 2282 5399 ι
2312 5356 2369 5400 ut
2392 5346 2593 5401 Paulus
2612 5345 2792 5409 ait’”,
2814 5361 2918 5399 non
2946 5347 3033 5414 qui
3060 5346 3193 5401 dixit
3221 5363 3234 5399 :
3264 5366 3282 5397 ι
3307 5345 3623 5415 Priusquam

2049 5440 2321 5494 Abraham
2358 5440 2533 5505 ﬁeret,
2566 5456 2665 5508 ego
2690 5454 2807 5493 sum
2836 5439 2901 5493 ³⁹.
2929 5457 2948 5491 ι
2983 5436 3188 5492 Similis
3226 5437 3485 5490 fratribus
3530 5451 3628 5505 per

2050 5532 2232 5587 omnia
2248 5531 2316 5597 "°,
2338 5534 2429 5602 qui
2460 5533 2706 5586 humana:
2734 5531 3004 5601 animazct
3022 5531 3204 5585 carnis
3229 5528 3623 5584 lraternitatent

2726 5708 2766 5738 ³⁷
2808 5706 2976 5763 llehr.
3004 5720 3098 5775 vn,
3120 5705 3212 5761 23.
3289 5705 3333 5736 ³⁸
3376 5704 3537 5759 llebr.
3560 5716 3631 5772 tt,

368 5790 458 5844 18.
532 5785 594 5816 ³⁸⁹
636 5783 795 5839 llebr.
824 5785 997 5849 xm,8.
1075 5782 1116 5813 "
1149 5780 1302 5835 Joan.
1331 5794 1445 5844 vm,
1471 5779 1559 5832 58.
1634 5779 1678 5809 ιο
1718 5778 1879 5831 llebr.
1905 5793 1965 5844 ιι,
1988 5777 2077 5832 77.
2144 5802 2145 5805 η
