4054 6332
490 432 592 485 155

1525 420 1581 475 S.
1622 418 1900 474 CYRILLI
1936 413 2405 472 ALEXANDRINI
2444 411 2762 467 ARCHIEP.

489 548 753 619 suscepit,
785 562 891 601 non
920 547 1010 602 ille
1056 546 1146 614 qui
1197 544 1372 597 dixit:
1418 562 1436 595 ι
1478 542 1577 609 Qui
1609 541 1743 595 vidit
1792 557 1898 604 me,
1924 540 2060 593 vidit

2163 537 2519 605 ἀδελφότητα,
2537 536 2633 605 οὐχ
2653 535 2681 586 6
2695 535 2869 601 λέγων
2894 550 2909 565 ο
2948 534 3004 586 Ὀ
3020 532 3274 604 ἑωρακὼς
3294 535 3409 604 ἐμὲ,
3431 531 3638 604 ἑώρακε
3654 533 3745 585 τὸν

489 654 543 696 et
565 643 780 696 Patrem
812 641 880 694 δι.
907 659 925 691 ι
963 638 1162 693 Missus
1193 646 1275 690 est
1302 644 1483 687 autem
1518 633 1605 687 ille
1640 633 1794 685 nobis
1830 633 2065 685 consub-

490 733 794 796 stantialis,
845 742 898 785 et
923 740 1116 783 unctus
1157 737 1236 780 est
1266 725 1573 793 praedicans
1606 724 1837 793 captivis
1875 723 2065 775 remis-

490 824 695 877 sionem
730 830 785 876 et
830 821 989 875 caecis
1037 819 1212 871 visum
1234 817 1279 848 δ’
1326 834 1343 866 ι
1385 816 1620 883 Spiritus
1661 815 1805 867 enim
1853 812 2063 867 Domini

489 930 651 983 super
690 928 774 966 me
795 952 810 975 ,
841 921 1063 980 propter
1091 909 1233 978 quod
1275 908 1429 960 unxit
1460 921 1564 959 me.
1600 903 1648 975 ι]

1149 1043 1303 1100 CAP.
1348 1042 1435 1096 Ill.

567 1181 769 1235 Dividit
804 1195 934 1251 ergo
964 1194 1177 1232 rursum
1212 1179 1265 1231 in
1301 1178 1454 1237 duos.
1484 1185 1541 1229 ut
1566 1174 1910 1244 perspicuum
1942 1182 2061 1227 est:

491 1275 637 1343 atqui
673 1274 943 1341 quomodo
996 1286 1102 1325 non
1143 1269 1485 1324 cnnvinceris
1524 1267 1775 1320 animalis
1827 1280 1968 1328 esse,
2015 1274 2069 1318 et

491 1366 739 1434 Spiritum
784 1380 889 1417 non
919 1363 1143 1424 habere,
1189 1372 1248 1414 ιιι
1303 1361 1379 1414 ait
1428 1359 1518 1412 illc
1552 1358 1854 1411 Salvatoris
1894 1356 2066 1410 nostri

492 1455 826 1524 discipulus?
866 1452 971 1507 Sed
1006 1457 1088 1507 vis
1114 1465 1263 1505 certe
1296 1451 1409 1516 ipsa
1440 1449 1686 1503 veritatis
1722 1449 1828 1501 tuis
1865 1446 2066 1507 verbis,

490 1552 638 1617 oqui
674 1549 742 1600 ita
800 1546 993 1607 sentis,
1046 1551 1332 1611 repugnat.
1381 1539 1490 1593 Nos
1546 1540 1687 1594 enim
1739 1540 2067 1592 aﬂirmamus

496 1644 669 1708 ipsum
701 1655 765 1692 ex
801 1640 912 1692 Deo
942 1637 1105 1689 Patre
1152 1633 1385 1687 Verbum
1414 1631 1836 1700 apprehendisse
1881 1644 2065 1683 semen

493 1732 791 1791 Abraham,
823 1740 876 1781 et
905 1744 1058 1782 suum
1111 1724 1305 1779 fecisse
1349 1739 1548 1792 corpus
1578 1723 1759 1775 anima
1808 1720 2065 1774 rationali

494 1823 799 1893 praeditum,
834 1822 985 1885 illud,
1022 1820 1275 1887 inquam,
1303 1832 1368 1869 ex
1410 1825 1593 1869 sancta
1650 1813 1867 1884 Virgine
1917 1828 2067 1867 sum-

2169 629 2409 698 Πατέρα.
2444 648 2462 677 ι
2544 626 2845 696 Ἀπεστάλη
2898 626 2953 677 δὲ
3006 628 3032 678 ὀ
3086 627 3216 695 ἡμῖν
3281 625 3598 696 ὀμοούσιος,
3653 627 3741 677 xui

2168 721 2448 789 κέχρισται
2477 718 2763 789 κηρύττων
2780 715 3143 786 αἰχμαλώτοις
3166 718 3381 784 ἄφεσιν,
3409 718 3503 770 xui
3525 716 3741 785 τυφλοῖς

2167 808 2481 877 ἀνάϐλεψιν.
2521 827 2537 859 ι
2562 806 2787 876 Πνεῦμα
2822 807 2930 878 γὰρ
2957 806 3163 876 Κυρίου
3194 808 3281 860 ἐπ’
3316 809 3437 875 ἐμὲ,
3475 800 3536 860 οὗ
3559 808 3740 859 ἕνεκεν

2167 898 2351 968 ἔχρισέ
2396 915 2482 968 με.
2520 918 2535 948 ›
2570 898 2583 969 j

2772 1035 3020 1087 ΚΕΦᾹΛ.
3072 1035 3143 1088 I".

2238 1168 2469 1238 Διορίζει
2498 1163 2591 1221 οὖν
2622 1170 2702 1230 εἰς
2745 1168 2840 1221 δύο
2876 1169 2940 1238 δὴ
2983 1169 3164 1233 πάλιν,
3211 1169 3307 1222 xui
3345 1170 3488 1241 μάλα
3519 1172 3735 1238 σαφῶςο

2167 1254 2286 1310 εἶτα
2342 1259 2459 1321 πῶς
2492 1260 2591 1311 οὐκ
2638 1260 2920 1330 ἐλήλεγξαι
2959 1260 3188 1330 ψυχικὸς
3229 1262 3319 1314 καὶ
3388 1262 3602 1332 πνεῦμα
3667 1266 3740 1333 μὴ

2168 1349 2327 1418 ἔχων,
2375 1351 2519 1403 καθὰ
2564 1368 2696 1419 φησι
2750 1351 2843 1403 τοῦ
2879 1352 3132 1422 Σωτῆρος
3176 1353 3203 1403 6
3259 1353 3540 1423 μαθητής;
3603 1355 3741 1407 Ἀλλ’

2168 1440 2262 1508 ἦτε
2295 1439 2305 1509 |
2336 1441 2419 1493 ἵσ.
2458 1441 2491 1510 ἦ
2534 1440 2638 1512 γε]
2671 1441 2765 1511 τῆς
2799 1443 3054 1512 ἀληθείας
3097 1443 3324 1514 δύναμις
3358 1449 3469 1509 τοῖς
3517 1450 3647 1511 σοῖς,
3696 1441 3741 1500 ὦ

2167 1522 2341 1592 οὗτος,
2372 1531 2712 1594 ἀντιτάξεται
2739 1532 2934 1599 λόγοις.
2964 1532 3416 1603 Διῖσχυριζόμεθα
3449 1536 3553 1606 γὰρ
3582 1538 3743 1589 αὑτὸν

2168 1623 2259 1673 τὸν
2295 1625 2356 1674 ἐκ
2391 1622 2524 1674 Θεοῦ
2568 1624 2779 1694 Πατρός
2824 1624 2994 1692 Λόγον
3040 1626 3390 1679 ἐπιλαϐέσθαι
3435 1629 3743 1699 σπέρματος

2181 1713 2450 1783 Ἀϐραὰμ,
2501 1715 2591 1767 xui
2641 1716 2770 1767 ἴδιον
2813 1717 3139 1786 ποιήσασθαι
3189 1717 3347 1788 σῶμα
3389 1718 3563 1790 ψυχὴν
3607 1719 3744 1789 ἔχων

2170 1805 2290 1877 [Ῑσ.
2330 1806 2484 1878 ἔχον]
2536 1807 2631 1877 τὴν
2669 1808 2914 1879 λογικὴν,
2958 1810 3110 1863 τὸέκ
3140 1812 3237 1881 τῆς
3264 1811 3423 1878 ἁγίας
3469 1813 3741 1882 Παρθένου

493 1887 643 1979 ptum
683 1927 696 1962 :
732 1912 912 1976 itaque
945 1922 1039 1976 per
1076 1922 1257 1960 veram
1288 1905 1539 1957 unionem
1567 1918 1736 1957 unum
1785 1904 2060 1956 eumdem-

2167 1900 2368 1967 ληφθὲν
2398 1900 2575 1969 σῶμα.
2618 1901 2726 1953 Kui
2752 1902 2814 1970 δὴ
2855 1901 2976 1954 καθ’
3006 1903 3198 1956 ἕνωσιν
3221 1904 3415 1975 ἀληθῆ,
3448 1905 3541 1957 ἕνα
3567 1923 3625 1957 τε
3650 1908 3742 1958 xui

492 2017 596 2070 que
623 2002 850 2053 dicimus
880 2013 1003 2053 esse
1035 1998 1183 2051 illum
1228 1997 1343 2051 heri
1371 2008 1427 2051 et
1450 1997 1610 2051 hodie
1665 2004 1721 2049 et
1756 1996 1807 2047 in
1840 1994 2061 2058 saecula,

492 2094 581 2163 qui
620 2093 912 2146 secundum
966 2091 1303 2143 divinitatem
1346 2099 1466 2143 erat
1510 2098 1637 2141 ante
1685 2086 1981 2149 Abraham,
2009 2097 2065 2139 et

492 2188 580 2257 qui
622 2196 804 2255 postea
856 2183 1034 2237 factus
1094 2192 1178 2237 est
1211 2184 1397 2245 homo,
1450 2192 1505 2234 et
1547 2181 1953 2249 generationem
1999 2194 2064 2231 ex

494 2280 720 2333 muliere
775 2277 966 2329 subiit.
1034 2274 1147 2327 Non
1205 2287 1337 2341 ergo
1394 2271 1653 2325 mentitur
1704 2286 1826 2323 cum
1880 2270 2061 2324 dicit:

497 2389 516 2419 ι
553 2371 725 2421 Amen
760 2368 883 2421 dico
915 2367 1068 2419 vobis
1094 2403 1108 2428 ,
1162 2366 1478 2434 priusquam
1536 2364 1813 2416 Abraham
1874 2361 2061 2425 fieret,

490 2476 591 2530 ego
622 2476 760 2513 sum.
808 2476 829 2509 ι
870 2455 976 2511 Sed
1006 2457 1123 2510 iste
1148 2471 1370 2525 prorsus
1404 2471 1509 2508 non
1536 2454 2062 2523 intelligitquiduam

492 2552 621 2604 illttd
649 2551 739 2614 sit,
776 2550 891 2602 heri
917 2558 970 2602 et
1016 2548 1181 2600 hodie
1227 2555 1281 2600 et
1311 2547 1363 2599 in
1421 2546 1619 2600 saecula
1647 2564 1660 2599 :
1691 2545 1799 2614 76
1855 2560 1975 2597 nam
2008 2554 2067 2596 ut

489 2653 751 2696 maternum
787 2655 912 2694 esse
958 2649 1013 2693 et
1047 2639 1236 2692 eodem
1290 2638 1449 2692 modo
1508 2640 1708 2692 habere
1756 2643 2060 2692 secundum

494 2743 765 2794 naturam,
798 2745 972 2799 neque
1024 2730 1388 2793 conversioni,
1435 2731 1834 2797 ntutationique
1884 2729 2066 2795 subja-

486 2835 614 2875 cere
643 2820 734 2872 Dei
772 2817 1003 2872 Verbum
1036 2821 1368 2881 ostenderet,
1411 2821 1575 2872 etiam
1612 2821 1657 2873 si
1695 2822 1869 2873 l'actus
1895 2822 2055 2872 homo

490 2912 603 2975 sit,
660 2919 874 2977 tempus
912 2924 1072 2963 Omne
1128 2908 1383 2962 distinxit
1431 2910 1484 2963 in
1536 2909 1634 2962 tria
1689 2922 1974 2979 tempora,
2009 2920 2063 2963 et

491 3002 628 3065 heri,
663 3002 726 3053 de
775 3001 1046 3068 prieterilo
1085 3000 1261 3065 dixit;
1297 3002 1362 3055 de
1414 3002 1663 3069 przeseuti
1693 3040 1709 3064 ,
1749 3003 1906 3055 hodie
1944 3019 1958 3065 ;
1999 3005 2064 3055 de

484 3094 709 3154 .l'uturo,
742 3093 793 3145 in
824 3090 1078 3145 saaculum
1127 3110 1141 3143 :
1177 3092 1281 3144 iste
1328 3107 1458 3145 vero
1495 3092 1798 3160 imperitus,
1837 3093 1953 3145 heri
2005 3103 2062 3145 et

486 3187 649 3240 hodie
681 3195 934 3254 tanquam
966 3185 1030 3238 de
1062 3185 1336 3237 c0ntmuni
1372 3184 1589 3237 homine
1614 3186 1682 3236 ab
1709 3198 1774 3237 eo
1807 3183 2046 3246 dicatur,

482 3278 810 3346 insipienter
848 3276 1085 3328 aliirmat
1112 3315 1127 3339 ,
1190 3290 1294 3328 non
1349 3275 1656 3343 intelligens
1696 3289 1921 3341 prorsus
1968 3290 2061 3326 au-

488 3363 775 3429 tiquiorem
804 3362 950 3415 illum
997 3372 1051 3415 et
1084 3363 1317 3429 priorem
1354 3377 1448 3415 sua
1502 3362 1669 3430 ipsius
1710 3364 2059 3429 generatione

487 3470 517 3507 a
552 3468 613 3507 se
636 3453 995 3523 pronuntiari,
1027 3453 1295 3520 siquidem
1328 3459 1447 3506 erat
1469 3453 1694 3505 omnino
1720 3454 1885 3505 etiam
1916 3453 2058 3516 heri,

484 3548 627 3614 quod
653 3546 907 3614 praeteriti
933 3544 1193 3611 temporis
1208 3544 1659 3611 signiﬁcationem
1682 3544 1863 3596 habet.
1891 3542 2060 3596 Porro

489 3653 595 3691 non
646 3652 765 3691 esse
799 3638 963 3689 alium
1008 3635 1157 3689 illum
1209 3636 1323 3687 heri
1377 3643 1431 3687 et
1462 3635 1620 3687 hodie
1666 3630 1854 3687 Iesum
1902 3633 2061 3689 Chri-

486 3741 652 3792 stum,
683 3729 848 3781 aliuut
885 3742 1011 3781 vero
1038 3744 1160 3781 eum
1191 3728 1281 3796 qui
1312 3726 1440 3779 dicit
1473 3743 1487 3777 :
1519 3744 1536 3774 ι
1568 3726 1867 3793 Antequam
1890 3727 2059 3778 Μινα-

488 3824 610 3875 liam
639 3823 810 3883 lieret,
842 3834 940 3889 ego
974 3835 1118 3881 sum,
1146 3837 1164 3869 ι
1195 3819 1287 3872 sed
1317 3834 1478 3870 unum
1505 3828 1559 3870 et
1591 3818 1838 3870 eumdem
1872 3832 2061 3871 secun-

486 3912 613 3964 dum
642 3926 826 3965 veram
858 3911 1134 3973 unionem,
1167 3924 1289 3962 cum
1330 3908 1472 3962 Deus
1508 3906 1741 3960 Verbum
1782 3907 1854 3959 sit
1901 3908 2060 3959 homo

482 4006 664 4057 Iactus
708 4002 876 4055 nostri
914 4000 1145 4064 similis,
1204 4012 1259 4053 et
1285 4015 1396 4053 suae
1445 4010 1647 4052 naturae
1696 3999 2057 4052 conditionem

486 4096 632 4147 illam
664 4110 767 4163 qua
795 4094 1063 4162 principio
1098 4094 1359 4160 temporis
1388 4102 1560 4158 caret,
1617 4093 1853 4146 servarit
1888 4094 2055 4145 etiam

484 4205 606 4241 cum
639 4188 812 4242 factus
851 4197 935 4241 est
962 4202 1113 4248 caro,
1176 4186 1429 4240 facillime
1465 4186 1694 4255 quisque
1750 4200 1818 4239 ex
1882 4186 2057 4239 sacris

478 4278 685 4332 litteris
724 4277 1032 4345 perspiciet.
1082 4275 1171 4327 Ait
1198 4277 1341 4329 enim
1391 4274 1633 4329 Joannes
1667 4277 1859 4329 beatus
1891 4288 2059 4327 evan-

482 4371 676 4439 gelista
703 4372 769 4422 de
789 4368 1030 4423 omnium
1062 4368 1344 4422 Salvatore
1368 4366 1589 4422 Christo
1628 4386 1641 4420 :
1677 4367 1921 4422 Joannes
1971 4376 2054 4421 te-

476 4457 799 4510 stimonium
823 4456 1072 4525 perhibet
1089 4458 1153 4509 de
1173 4457 1310 4523 ipso,
1338 4467 1390 4510 et
1408 4455 1628 4521 clamat,
1650 4458 1835 4511 dicens
1860 4473 1875 4509 :
1902 4473 1921 4506 c
1953 4456 2057 4522 Qui

487 4558 607 4613 post
630 4564 713 4601 me
743 4550 910 4612 venit,
944 4557 1070 4601 ante
1100 4564 1185 4600 me
1214 4549 1389 4603 faetus
1421 4557 1504 4601 est
1533 4589 1552 4613 ,
1602 4548 1729 4618 quia
1776 4550 1926 4617 prior
1973 4562 2058 4603 me

477 4650 601 4694 erat
621 4640 719 4705 ⁶³;ι
742 4652 797 4694 et
821 4639 1019 4692 iterum
1048 4657 1060 4692 :
1096 4657 1113 4689 ι
1140 4639 1325 4693 Altera
1347 4640 1433 4694 die
1461 4640 1603 4693 videt
1630 4637 1812 4692 Iesum
1837 4640 2057 4694 venien-

485 4742 591 4783 tem
620 4731 686 4782 ad
718 4744 797 4791 se,
833 4738 890 4782 et
916 4729 991 4782 ait
1024 4746 1038 4781 :
1073 4728 1208 4783 Ecce
1240 4730 1426 4797 Agnus
1454 4730 1568 4792 Dei,
1606 4730 1695 4797 qui
1748 4728 1886 4782 tollit
1932 4744 2059 4797 pec-

480 4832 664 4874 catum
706 4821 925 4884 mundi;
953 4820 1039 4874 hic
1076 4831 1162 4874 est
1199 4821 1266 4875 de
1288 4835 1393 4890 quo
1432 4821 1541 4874 dixi
1574 4836 1587 4872 :
1618 4820 1745 4874 Post
1774 4836 1860 4873 me
1908 4822 2060 4875 venit

483 4916 567 4966 vir
598 4914 689 4984 qui
718 4923 845 4967 ante
878 4928 964 4967 me
998 4913 1172 4967 factus
1206 4922 1308 4979 est,
1336 4914 1462 4983 quia
1495 4914 1644 4982 prior
1674 4928 1761 4967 me
1784 4924 1901 4967 erat
1923 4913 1988 4965 “.
2031 4932 2049 4964 ι

406 5034 407 5039 ι
460 5007 648 5059 .Vides
673 5007 836 5074 igitur
876 5018 1062 5075 aperte
1103 5006 1557 5073 quemadmodum
1597 5006 1936 5060 admirabilis
1968 5006 2057 5060 ille

480 5096 726 5165 Baptista
764 5097 1039 5150 hominem
1087 5097 1232 5149 dicat
1260 5095 1469 5159 Iesum,
1500 5105 1555 5150 et
1599 5107 1722 5164 post
1758 5098 1965 5160 venire,
1999 5108 2056 5149 ιιι

484 5188 833 5257 posteriorem
864 5198 993 5241 natu
1028 5198 1081 5241 et
1106 5199 1226 5255 post
1272 5188 1484 5255 ipsum,
1536 5189 1685 5257 prius
1717 5197 1894 5241 tamen
1935 5203 2055 5241 esse

482 5282 735 5347 coepisse,
768 5280 1024 5347 priusque
1049 5279 1324 5332 exstitisse
1367 5297 1379 5332 :
1425 5280 1475 5333 id
1514 5280 1691 5343 enim,
1731 5290 1790 5332 ut
1827 5281 2046 5348 opinor,

482 5370 770 5438 signiticet,
808 5387 826 5419 ι
861 5370 996 5435 Quia
1039 5370 1188 5437 prior
1222 5383 1308 5422 me
1338 5380 1475 5433 erat,
1510 5380 1563 5423 et
1588 5381 1713 5424 ante
1746 5387 1830 5423 me
1873 5371 2050 5425 factus

483 5473 586 5516 Csl.
625 5480 643 5513 ι
680 5462 838 5531 Atqui
863 5463 906 5515 si
946 5464 1105 5515 homo
1140 5469 1247 5525 est,
1275 5462 1545 5531 quomodo
1580 5463 1731 5531 prius
1780 5464 2058 5519 exstitisse

487 5554 826 5621 intelligitur,
859 5563 952 5605 aut
984 5553 1134 5622 prius
1172 5567 1293 5607 esse
1335 5554 1565 5621 coepisse
1610 5554 1812 5608 dicitur
1853 5568 1918 5608 eo
1968 5556 2058 5623 qui

488 5658 725 5714 tempore
756 5647 903 5714 prior
936 5655 1075 5709 erat,
1117 5654 1172 5699 et
1211 5646 1362 5714 prior
1416 5656 1543 5698 natu
1593 5649 1889 5701 secundum
1923 5649 2059 5717 Icar-

556 5823 599 5849 ’”¹
634 5825 784 5874 Joan.
815 5837 922 5885 xw,
947 5822 999 5875 9.
1078 5822 1123 5852 “
1156 5820 1260 5874 lsa.
1291 5837 1418 5889 an,
1454 5824 1495 5887 l,
1518 5823 1580 5890 2;
1616 5822 1746 5878 Luc.
1776 5838 1847 5888 tv,
1876 5822 1961 5880 18,
1991 5823 2111 5883 1οη

2168 1991 2259 2042 τὸν
2299 1992 2462 2043 αὐτὸν
2496 1988 2634 2045 εἷναί
2676 2011 2855 2061 φαμεν
2883 1995 2973 2046 τὸν
3003 1995 3125 2065 χθὲς
3157 1999 3249 2050 xui
3280 1999 3516 2067 σήμερον
3545 2000 3637 2051 xui
3662 2000 3742 2061 είς

2168 2083 2295 2145 τοὺς
2319 2082 2541 2149 αἰῶνας,
2573 2083 2701 2137 ὄντα
2722 2102 2779 2136 τε
2812 2085 2917 2156 πρὸ
2967 2085 3216 2156 Ἀϐραὰμ
3251 2087 3465 2150 θεῖκῶς,
3484 2089 3741 2156 γεγονότα

2165 2174 2222 2226 δὲ
2256 2176 2348 2227 xui
2380 2176 2516 2244 μετὰ
2547 2176 2704 2228 τοῦτο
2736 2176 3037 2247 ἄνθρωπον,
3073 2178 3166 2230 xui
3190 2177 3438 2246 γέννησιν
3455 2180 3742 2247 ὑπομεῖναι

2166 2268 2263 2337 τὴν
2310 2268 2372 2319 ἐκ
2425 2268 2703 2335 γυναικός.
2746 2268 2954 2321 Οὐκοῦν
3002 2271 3062 2321 οὐ
3116 2269 3471 2339 ψευδοεπήσει
3531 2270 3738 2339 λέγων’

2174 2380 2191 2411 ι
2239 2362 2409 2431 Ἀμὴν
2463 2361 2606 2427 λέγω
2647 2362 2795 2431 ὑμῖν,
2845 2363 2974 2429 πρὶν
3030 2361 3281 2432 Ἀϐραὰμ
3338 2362 3587 2429 γενέσθαι
3633 2362 3743 2430 ἐγώ

2166 2455 2297 2521 εἰμι.
2332 2471 2347 2502 ι
2400 2452 2536 2503 Ἀλλ’
2580 2452 2641 2504 οὐ
2702 2452 2947 2521 συνίησιν
2978 2452 3133 2515 ὅλως,
3187 2452 3215 2504 6
3255 2452 3308 2504 τί
3364 2453 3496 2505 ποτέ
3534 2454 3650 2505 ἐστι
3682 2453 3744 2505 τὸ

2167 2543 2291 2611 χθὲς
2329 2542 2422 2594 xui
2480 2544 2753 2613 σήμερον,
2794 2543 2888 2594 xui
2936 2544 3015 2604 εἰς
3053 2544 3178 2605 τοὺς
3222 2541 3455 2604 αἰῶνας·
3510 2543 3594 2595 ἵνα
3636 2544 3743 2613 γὰρ

2168 2630 2333 2683 ἀΐδιον
2369 2630 2516 2694 ὄντα,
2567 2633 2660 2683 καὶ
2702 2631 2963 2695 ὡσαύτως
3015 2632 3205 2700 ἔχοντα
3247 2633 3389 2687 κατὰ
3429 2632 3606 2702 φύσιν,
3648 2636 3742 2687 καὶ

2166 2723 2370 2791 τροπῆς
2405 2722 2611 2791 ἀμείνω
2651 2723 2744 2774 xui
2790 2722 3091 2791 μεταϐολῆς
3132 2723 3221 2775 τὸν
3266 2724 3359 2776 τοῦ
3394 2724 3529 2777 Θεοῦ
3573 2742 3740 2778 κατα-

2164 2812 2313 2882 δείξῃ
2346 2814 2537 2877 Λόγον,
2572 2812 2674 2865 κᾶν
2696 2815 2747 2864 εἰ
2785 2814 3003 2881 γέγονεν
3049 2814 3349 2884 ἄνθρωπος,
3406 2819 3487 2878 είς
3518 2817 3739 2888 καιροὺς

2170 2906 2266 2974 μὲν
2294 2906 2545 2975 διέστησε
2594 2908 2743 2975 τρεῖς
2773 2906 2861 2959 τὸν
2896 2906 3108 2959 ἅπαντα
3138 2907 3328 2977 χρόνον
3352 2923 3365 2937 ·
3401 2907 3580 2978 τίθησι
3602 2908 3653 2961 δὲ
3678 2909 3739 2962 τδ

2169 2994 2267 3063 μὲν
2307 2992 2454 3062 χθὲς,
2488 2995 2579 3045 ἐπὶ
2617 2995 2709 3047 τοῦ
2756 2996 3166 3065 παρῳχηκότος,
3214 2996 3307 3047 ἐπὶ
3337 2997 3394 3050 δέ
3423 3014 3485 3065 γε
3519 2998 3611 3051 τοῦ
3650 3000 3739 3050 ἐν-

2171 3086 2487 3155 εστηκότος,
2545 3088 2607 3139 τὸ
2652 3090 2924 3158 σήμερον·
2976 3090 3068 3141 xui
3108 3089 3199 3141 ἐπὶ
3232 3090 3536 3159 μέλλοντος,
3564 3090 3623 3144 τὸ
3658 3092 3739 3154 είς

2109 3230 2130 3250 η
2165 3178 2367 3241 αἰῶνας
2394 3196 2408 3209 ·
2440 3179 2467 3230 ὀ
2500 3179 2555 3231 δὲ
2580 3180 2835 3251 ἄγροικος
2868 3181 3073 3247 οὑτοσὶ,
3105 3182 3166 3235 τὸ
3203 3182 3327 3252 χθὲς
3358 3185 3451 3236 xui
3479 3185 3735 3255 σήμερον,

2163 3270 2238 3331 ὡς
2266 3272 2351 3321 ἐπ’
2392 3270 2685 3342 ἀνθρώπου
2712 3272 2928 3341 λέγεται
2960 3277 3093 3344 παρ’
3130 3274 3294 3327 αὐτοῦ
3340 3273 3520 3327 κοινοῦ
3558 3292 3738 3345 παρα-

2161 3362 2331 3429 λόγως
2360 3361 2561 3432 [λείπει
2591 3364 2713 3435 τι]·
2767 3366 2865 3417 οὐκ
2893 3366 3108 3432 ἐννοῶν,
3146 3367 3228 3419 ὅτι
3273 3366 3641 3439 πρεσϐύτερόν
3679 3385 3738 3421 τε

2162 3456 2256 3506 καὶ
2303 3457 2723 3527 προϋπάρχοντα
2757 3458 2854 3527 τῆς
2889 3458 3081 3511 ἐαυτοῦ
3129 3462 3433 3529 γεννήσεως
3473 3461 3740 3529 ἀποφανεῖ

2164 3546 2340 3615 πάντη
2372 3564 2430 3598 τε
2468 3551 2561 3599 καὶ
2592 3549 2827 3612 πάντως,
2870 3549 3028 3620 εἴπερ
3056 3545 3123 3621 ἦν
3157 3552 3294 3614 ὅλως
3329 3554 3422 3605 xui
3468 3552 3607 3605 κατὰ
3639 3552 3739 3617 τὴν

2162 3633 2308 3702 χθὲς,
2342 3636 2479 3704 ὅπερ
2513 3636 2628 3688 ἐστὶ
2662 3636 2756 3689 τοῦ
2796 3639 3189 3708 παρῳχηκότος
3232 3640 3426 3710 καιροῦ
3475 3659 3739 3712 σημαντι-

2164 3726 2274 3777 κόν.
2311 3726 2433 3777 Ὅτι
2460 3726 2556 3795 μὲν
2585 3726 2683 3795 οὐχ
2711 3727 2899 3795 ἕτερος
2932 3730 2959 3780 6
2986 3729 3111 3797 χθὲς
3136 3730 3228 3781 xui
3256 3732 3492 3801 σήμερον
3534 3731 3737 3801 Ἰησοῦς

2162 3818 2417 3885 Χριστὸς,
2453 3817 2638 3887 ἕτερος
2666 3817 2721 3870 δὲ
2764 3819 2792 3869 6
2842 3819 3032 3886 λέγων,
3074 3839 3090 3870 ι
3123 3822 3259 3891 Πρὶν
3291 3823 3539 3893 Ἀϐραὰμ
3589 3824 3740 3889 γενέ-

2163 3911 2307 3972 σθαι,
2347 3909 2457 3977 ἐγώ
2485 3912 2619 3978 εἰμι,
2652 3930 2669 3959 ι
2709 3910 2822 3963 ἀλλ’
2853 3906 2934 3974 εἷς
2958 3930 3015 3964 τε
3038 3914 3131 3965 xui
3155 3916 3182 3966 6
3216 3914 3375 3977 αὐτὸς
3402 3916 3522 3968 καθ’
3544 3917 3739 3969 ἕνωσιν

2162 4002 2333 4072 ἀληθῆ
2362 4000 2649 4071 ἀνθρώπου
2681 4002 2802 4054 καθ’
2826 4006 2975 4073 ἡμᾶς
2999 4006 3283 4073 γεγονότος
3313 4005 3406 4059 τοῦ
3428 4008 3622 4075 Λόγου,
3645 4009 3740 4062 xui

2161 4097 2226 4163 τῇ
2255 4094 2362 4163 ἰδία
2393 4092 2551 4162 φύσει
2582 4095 2971 4163 τετηρηκότος,
3018 4097 3111 4148 xui
3134 4098 3222 4149 ὅτε
3257 4098 3446 4165 γέγονε
3481 4097 3635 4168 σὰρξ,
3679 4098 3741 4149 τὸ

2161 4185 2395 4254 ἄναρχον
2424 4187 2479 4236 ἐν
2511 4186 2706 4254 χρόνῳ,
2759 4185 3100 4257 καταθρήσαι
3147 4206 3227 4251 τις
3264 4188 3350 4252 ἂν,
3397 4190 3488 4242 καὶ
3520 4190 3741 4243 ἀταλαι-

2162 4275 2358 4345 πώρως
2406 4276 2600 4345 κομιδῆ
2649 4275 2737 4329 διά
2783 4293 2847 4344 γε
2890 4277 2984 4346 τῆς
3027 4278 3384 4332 θεοπνεύστου
3427 4281 3678 4351 Γραφῆς·
3709 4280 3738 4334 6

2162 4383 2293 4436 φησι
2323 4365 2372 4437 [ὃ
2404 4365 2709 4437 παρέλκει]
2733 4367 2830 4437 μὲν
2853 4367 2961 4437 γὰρ
2988 4369 3016 4419 6
3040 4369 3305 4439 μακάριος
3344 4369 3735 4439 εὐαγγελιστὴς

2173 4457 2424 4524 Ἰωάννης
2457 4460 2584 4527 περὶ
2617 4458 2712 4510 τοῦ
2749 4459 2964 4513 πάντων
2996 4460 3153 4530 ἡμῶν
3182 4460 3434 4531 Σωτῆρος
3459 4460 3729 4531 Χριστοῦ’

2089 4582 2135 4642 D
2173 4548 2426 4618 Ἰωάννης
2460 4552 2729 4619 μαρτυρεί
2752 4552 2879 4620 περὶ
2912 4549 3097 4616 αὐτοῦ,
3130 4549 3224 4602 xui
3261 4552 3499 4621 κέκραγε
3525 4550 3730 4617 λέγων·

2166 4657 2186 4689 σ
2224 4639 2281 4692 '0
2306 4639 2481 4692 ὀπίσω
2515 4656 2616 4709 μου
2656 4640 2968 4711 ἐρχόμενος,
3014 4639 3322 4712 ἔμπροσθέν
3360 4659 3461 4711 μου
3490 4641 3734 4709 γέγονεν,

2162 4730 2242 4782 ὅτι
2273 4730 2486 4800 πρῶτός
2512 4748 2612 4801 μου
2632 4724 2752 4800 ἦν’»
2788 4732 2881 4783 xui
2910 4731 3070 4785 πάλιν
3094 4748 3104 4759 ·
3137 4732 3243 4802 «Τῇ
3265 4733 3524 4803 ἐπαύριον
3547 4731 3736 4802 βλέπει

2162 4821 2251 4872 τὸν
2293 4821 2499 4889 Ἰησοῦν
2533 4821 2828 4891 ἐρχόμενον
2859 4822 2996 4893 πρὸς
3037 4822 3198 4875 αὐτὸν
3220 4823 3315 4875 xui
3351 4822 3535 4890 λέγει’
3569 4824 3675 4877 Ἴδε
3708 4826 3738 4878 6

2177 4912 2368 4982 Ἀμνὸς
2405 4910 2498 4965 τοῦ
2533 4913 2668 4966 Θεοῦ
2695 4916 2724 4966 6
2753 4913 2922 4983 αἴρων
2955 4913 3054 4983 τὴν
3084 4914 3357 4986 ἁμαρτίαν
3381 4914 3474 4968 τοῦ
3503 4915 3730 4985 κόσμου·

2164 5000 2316 5066 οὗτός
2348 5006 2462 5057 ἐστι
2501 4990 2627 5077 περὶ
2661 4997 2722 5056 οῦ
2749 5005 2859 5073 ἐγὼ
2899 5000 3083 5071 εἷπον,
3127 5005 3331 5058 Ὀπίσω
3372 5023 3474 5076 μου
3515 5006 3735 5076 ἔρχεται

2164 5097 2324 5166 ἀνὴρ,
2371 5095 2429 5159 ὃς
2474 5094 2782 5167 ἔμπροσθέν
2828 5114 2929 5166 μου
2968 5096 3211 5164 γέγονεν,
3252 5098 3332 5150 ὅτι
3370 5096 3585 5167 πρῶτός
3629 5113 3731 5167 μου

2162 5182 2248 5256 ἦν.
2282 5206 2299 5237 ι
2338 5186 2497 5256 Ὁρᾷς
2523 5182 2615 5236 οῦν
2642 5184 2751 5255 ἄρα
2793 5186 2886 5237 xui
2924 5184 3070 5254 μάλα
3098 5202 3283 5254 σαφως
3310 5185 3402 5238 τὸν
3444 5184 3734 5238 θεσπέσιον

2166 5278 2476 5348 Βατετιστὴν
2514 5277 2687 5347 ἄνδρα
2728 5277 2954 5345 λέγοντα
2996 5277 3087 5331 τὸν
3139 5277 3365 5348 Ἰησοῦν,
3407 5277 3501 5331 xui
3556 5278 3736 5331 ὀπίσω

2165 5371 2265 5441 μὲν
2325 5370 2637 5440 ἐρχόμενον,
2695 5368 2768 5430 ὠς
2824 5368 3049 5437 ὀψιγενῆ
3112 5386 3169 5420 τε
3216 5369 3309 5422 xui
3365 5370 3481 5440 μετ’
3533 5369 3732 5422 αὐτόν·

2162 5462 2586 5534 προῦπάρχοντὰ
2617 5477 2679 5526 γε
2727 5459 2831 5529 μὴν
2878 5459 3061 5525 αὑτοῦ,
3113 5460 3204 5512 xui
3244 5460 3731 5531 προῦφεστηκόταο

2162 5556 2311 5627 δηλοῖ
2352 5554 2461 5626 γὰρ
2492 5551 2644 5622 οἶμαι
2678 5554 2847 5617 τουτὶ,
2892 5552 2971 5614 τὸ,
3015 5572 3033 5603 ι
3062 5553 3185 5605 Ὅτι
3237 5554 3449 5624 πρῶτός
3499 5571 3599 5624 μου
3643 5550 3735 5625 ἦν,

2164 5648 2258 5699 xui
2284 5645 2591 5717 ἔμπροσθέν
2621 5662 2724 5715 μου
2755 5644 2996 5713 γέγονεν.
3025 5663 3043 5694 ι
3077 5642 3206 5697 Εἶτα
3242 5646 3376 5710 πῶς,
3406 5647 3562 5717 εἴπερ
3586 5647 3738 5701 ἐστὶν

2153 5823 2197 5893 ξπ
2238 5821 2383 5875 Ιηζιη.
2416 5836 2450 5885 1,
2484 5818 2565 5873 15.
2594 5894 2609 5899 ’
2634 5821 2690 5897 ,⁵⁸
2728 5822 2859 5875 Ibid.
2884 5821 2974 5888 ἓξ),
3000 5821 3090 5877 50.

3648 409 3747 465 156
3840 492 3841 495 η
