4054 6332
281 387 382 440 ΠἹ

275 502 437 574 ἀνὴρ,
474 501 905 573 προῦφεστηκὼς
931 504 1152 568 νοεῖται,
1185 504 1280 557 καὶ
1307 503 1678 576 προῦπάρχων
1709 503 1864 570 λέγε-

270 607 366 644 ται
393 590 488 643 τοῦ
522 591 910 661 προειληφότος
942 592 1086 646 κατὰ
1119 592 1215 654 τὸν,
1241 594 1454 666 χρόνον,
1490 593 1582 648 καὶ
1624 594 1863 664 πρεσϐυ-

270 681 439 750 τέραν
464 679 679 750 ἔχοντος
719 682 818 752 τὴν
849 683 988 736 κατά
1014 683 1192 754 σάρκα
1242 681 1496 755 γέννησιν
1544 683 1749 762 aurati;
1801 683 1865 760 Εἰ

274 771 377 841 μὲν
421 773 529 842 γάρ
572 773 666 824 ὲπί
719 790 864 846 τινος
921 774 1030 840 τῶν
1078 776 1199 849 καθ’
1261 777 1410 849 ἡμᾶς
1455 779 1607 846 τουτὶ
1657 775 1868 845 λέγοιτο

269 862 459 932 τυχὸν,
487 864 822 936 ἀπορήσειεν
847 863 934 930 ἂν,
959 862 1132 944 οἶμαι,
1159 848 1254 924 καὶ
1271 867 1603 920 ἁπαστισοῦν
1629 869 1707 944 εἰς
1731 868 1867 924 ἀπο-

269 953 486 1022 λογίαν·
511 956 602 1008 ἐπὶ
622 956 679 1008 δέ
705 974 764 1024 γε
787 956 882 1021 τοῦ
906 939 1305 1030 πάντων-ημῶν
1331 959 1482 1029 Σωτῆ
1493 977 1582 1029 ρος
1602 939 1860 1030 Χριστοῦ,

271 1045 337 1097 τὸ
369 1045 620 1116 ἐμποδὼν
649 1047 808 1102 οὐδέν
831 1064 844 1077 ⁸
877 1049 1174 1102 οἰκειοῦται
1213 1050 1311 1118 μὲν
1343 1050 1450 1122 γὰρ
1471 1052 1499 1102 ὁ
1528 1052 1591 1103 ἐκ
1607 1051 1742 1104 Θεοῦ
1763 1053 1863 1122 τῆς

275 1137 414 1200 ἰδίας
442 1139 644 1208 σαρκὸς
678 1139 777 1210 τὴν
825 1140 1078 1213 γέννησιν
1100 1159 1114 1171 ·
1155 1142 1296 1214 πλὴν
1332 1143 1433 1196 οὐκ
1467 1143 1736 1213 ἠγνόηκεν
1780 1146 1862 1196 ὅτι

269 1231 382 1283 τῶν
437 1231 648 1285 αἰώνων
697 1234 816 1287 ἐστὶ
845 1217 850 1220 ξ
879 1236 1130 1306 ποιητὴς,
1187 1235 1283 1289 καὶ
1324 1227 1738 1306 προῦκφέστηκεν
1787 1235 1862 1302 ὡς

269 1323 426 1386 Θεὸς,
454 1324 546 1375 καί.
568 1323 647 1394 τῷ
675 1325 789 1396 ἰδίῳ
813 1309 992 1395 Πατρὶ
1020 1310 1309 1390 συναῖδιος.
1327 1329 1402 1380 Οὐ
1424 1326 1533 1399 γάρ
1553 1328 1635 1393 τοί
1657 1344 1858 1398 φαμεν,

268 1414 354 1467 ὅτι
385 1417 450 1485 τῇ
497 1417 750 1486 γεννήσει
791 1416 885 1470 τοῦ
937 1418 1066 1470 ἰδίου
1113 1401 1367 1489 σώματος
1412 1412 1706 1494 σύγχρονον
1750 1418 1861 1496 ἔχει

269 1504 372 1573 τὴν
404 1502 664 1577 ὓπαρξιν,
694 1505 810 1558 ἀλλ’
831 1501 921 1576 ἦν,
949 1507 1023 1568 ὡς
1049 1507 1207 1576 ἔφην,
1241 1509 1306 1560 ἐκ
1339 1510 1438 1584 τῆς
1477 1509 1570 1562 τοῦ
1605 1507 1740 1562 Θεοῦ
1766 1509 1862 1562 καὶ

270 1595 487 1666 Πατρὸς
533 1597 721 1659 οὐσίας
779 1597 1106 1668 ἀπορῤήτως
1178 1601 1596 1671 γεγεννημένος.
1653 1599 1862 1668 Οὐκοῦν

268 1686 412 1757 ἔχων
442 1688 502 1740 τὸ
529 1683 665 1740 εἶναι
699 1690 804 1758 πρὸ
850 1690 1102 1761 ’Λϐραὰμ
1137 1690 1211 1754 ὡς
1236 1690 1389 1755 Θεὸς,
1424 1693 1528 1750 κᾶν
1558 1694 1606 1745 εἰ
1637 1693 1859 1761 γέγονεν

265 1780 578 1850 ἄνθρωπος,
626 1783 725 1833 οὐκ
751 1772 815 1834 ἂν
845 1767 1204 1852 διαψεύσαιτο
1221 1785 1415 1852 λέγων,
1440 1787 1517 1849 ὡς
1541 1780 1622 1856 εἷς
1645 1785 1860 1855 ἀληθῶς

1399 382 1772 464 ADVERSUS
1807 381 2212 454 NESTORIUM
2253 382 2382 448 ΗΒ.
2426 379 2512 448 ιιι.

1890 523 1940 592 Α
1969 519 2090 562 nem
2117 503 2139 556 ?
2167 503 2298 558 Nam
2323 505 2367 558 si
2402 505 2467 558 de
2499 502 2678 574 aliquo
2707 513 2951 582 nostrum
2984 502 3086 580 hoc
3117 502 3350 576 fortasse
3373 507 3539 572 dicat,

3443 386 3542 442 158

1968 595 2243 678 neminem
2273 604 2410 666 puto,
2436 593 2564 678 quid
2601 573 2933 668 respondeat
2957 573 3274 670 habiturum
3306 611 3319 648 :
3353 596 3447 680 sed
3487 596 3539 652 in

1966 686 2209 766 omnium
2247 693 2493 768 nostrum
2519 683 2801 765 _Sal,vatore
2827 684 3048 762 Christo
3075 686 3214 766 nihil,
3230 686 3485 760 impediet
3523 706 3537 742 :

1968 790 2090 852 nam
2122 773 2294 843 ipsum
2333 772 2427 827 Dei
2485 773 2724 848 Verbum
2752 788 2862 828 suae
2917 774 3101 849 carnis
3133 775 3539 852 generationem

1965 849 2067 920 Sibi
2109 875 2362 950 tanquam
2393 863 2668 948 propriam
2712 865 2954 946 vindicat
2985 880 2996 912 :
3035 879 3134 932 nec
3170 849 3349 945 tamen
3385 867 3541 942 igno-

1967 956 2110 1034 ravit
2152 957 2304 1026 illum
2337 969 2460 1020 esse
2487 957 2821 1036 conditorem
2872 955 3225 1038 saiculoruiu,
3286 966 3342 1034 et
3392 959 3542 1036 prius

1965 1048 2274 1122 exstitisse,
2311 1057 2502 1128 utpote
2536 1048 2734 1130 Deum,
2781 1057 2835 1106 et
2865 1063 2967 1130 suo.
2996 1047 3148 1128 i’atri
3183 1059 3536 1112 coaeternum.

1969 1138 2154 1212 Neque
2201 1138 2345 1204 enim
2381 1138 2531 1192 illum
2567 1139 2799 1210 d‘icimus
2850 1155 3079 1216 corpore
3137 1141 3406 1218 nativitati
3444 1159 3539 1200 co-

1964 1245 2136 1284 savum
2191 1231 2394 1286 habere
2442 1229 2654 1284 initium
2710 1231 3074 1310 subsistentia;
3101 1274 3116 1300 ,
3291 1219 3443 1300 erat,
3477 1242 3540 1290 ut

1966 1322 2100 1387 dixi,
2134 1337 2198 1375 ex
2232 1322 2343 1390 ipsa
2389 1321 2484 1394 Dei
2688 1331 2741 1398 et
2786 1322 2964 1405 Patris.
3007 1326 3245 1404 essentia
3293 1327 3540 1404 ineffabi-

1965 1415 2088 1468 liter
2111 1415 2342 1480 genitus.
2384 1412 2528 1483 Ergo
2557 1429 2679 1495 cum
2710 1415 2780 1470 sit
2804 1425 2934 1488 ante
2967 1417 3248 1492 Abraham
3279 1429 3338 1496 ut
3373 1420 3536 1492 Deus,

1967 1501 2184 1564 tametsi
2216 1499 2395 1558 factus
2436 1503 2507 1562 sit
2562 1503 2746 1570 homo,
2787 1519 2892 1564 non
2951 1507 3248 1584 mentietur
3288 1508 3479 1582 dicens
3519 1529 3534 1564 :

1969 1610 1987 1642 ι
2027 1592 2331 1662 Antequam
2353 1603 2498 1650 esset
2520 1594 2820 1676 Abraham,
2846 1611 2946 1676 ego
2971 1612 3113 1668 sum,
3145 1617 3166 1674 ε
3195 1607 3252 1672 ut
3279 1601 3370 1676 qui
3399 1617 3538 1670 unus

1964 1697 2094 1752 vere
2134 1684 2202 1754 sit
2236 1683 2407 1755 Filius
2455 1694 2508 1738 et
2559 1687 2838 1766 Dominus.
2883 1686 3070 1766 Neque
3117 1703 3249 1760 vero
3296 1690 3537 1766 mireris,

1965 1779 2008 1830 si
2048 1778 2153 1844 hoc
2189 1777 2363 1846 ipsum
2410 1777 2554 1847 quod
2602 1790 2685 1844 est
2720 1789 2846 1859 ante
2888 1780 3158 1858 Abraham
3190 1796 3301 1850 suae
3331 1790 3540 1856 natura:

268 1872 366 1925 καὶ
402 1873 527 1936 Υἱὸς
558 1873 651 1926 καὶ
681 1873 903 1944 Κύριος·
946 1892 964 1925 t
991 1876 1127 1946 Πρὶν
1178 1876 1430 1946 Ἀϐραὰμ
1452 1855 1724 1944 γενέσθαι,
1748 1876 1856 1946 ἐγώ

1964 1869 2151 1936 tribuit
2184 1855 2341 1924 z'sed
2371 1868 2497 1923 illud
2535 1870 2712 1937 potius
2746 1855 3157 1948 reputa,.quod,
3184 1871 3310 1929 licet
3341 1887 3540 1943 corpus

269 1966 414 2033 εἰμι.
447 1983 466 2013 ι
506 1966 614 2018 Καὶ
659 1965 732 2035 μή
773 1983 852 2018 τοι
895 1965 1184 2037 θαυμάσῃς
1231 1968 1282 2019 εἰ
1327 1970 1397 2038 τῇ
1446 1967 1550 2044 ἰδίᾳ
1592 1969 1856 2041 τετίμηκε

271 2052 293 2128 [
316 2056 405 2109 ἰσ.
451 2055 749 2128 νενέμηκε]
808 2056 967 2125 φύσει
990 2057 1050 2110 τὸ
1074 2053 1214 2110 εἶναι
1241 2058 1346 2129 πρὸ
1369 2057 1618 2130 ’Λϐραάμ
1642 2077 1655 2090 ·
1683 2061 1858 2116 διαλο-

268 2146 430 2213 γίζου
461 2146 518 2198 δὲ
553 2145 772 2216 μᾶλλον,
817 2147 900 2200 ὅτι
941 2147 1115 2200 καίτοι
1152 2149 1212 2200 τὸ
1262 2147 1424 2218 σῶμα
1463 2149 1642 2208 λαϐὼν
1668 2153 1734 2208 ἐκ
1757 2153 1857 2219 τῆς

269 2237 435 2305 ἁγίας
467 2237 765 2305 Παρθένου,
814 2238 918 2308 ἔφη
962 2240 1100 2310 πρὸς
1130 2241 1221 2293 τὸν
1249 2241 1560 2314 Νικόδημον
1585 2259 1598 2272 ⁸
1641 2262 1659 2294 t
1691 2245 1752 2297 Εἰ
1789 2247 1856 2296 τὰ

269 2329 492 2395 ἐπίγεια
510 2325 660 2382 εἷπον
679 2331 832 2400 ὑμῖν,
859 2330 952 2384 καὶ
975 2333 1037 2384 οὐ
1067 2333 1351 2386 πιστεύετε
1370 2349 1386 2363 ⁸
1425 2334 1559 2396 πῶς,
1594 2335 1687 2388 ἐὰν
1719 2336 1857 2390 εἴπω

270 2421 410 2490 ὑμῖν
448 2419 518 2473 τὰ
545 2421 866 2490 ἐπουράνια,
901 2424 1254 2490 πιστεύσετε;
1293 2425 1402 2492 Καὶ
1456 2424 1629 2490 οὐδεὶς
1663 2427 1856 2484 ἀναϐέ-

270 2510 443 2579 ϐηκεν
472 2512 549 2573 εἰς
573 2510 662 2563 τὸν
683 2511 932 2580 οὐρανὸν,
958 2514 1006 2564 εἰ
1037 2513 1111 2582 μὴ
1144 2515 1172 2566 ὁ
1201 2515 1264 2567 ὲκ
1303 2513 1398 2567 τοῦ
1430 2514 1660 2584 οὐρανοῦ
1688 2533 1856 2570 κατα-

270 2603 394 2666 ϐὰς,
425 2602 454 2653 ὁ
483 2602 608 2665 Υἱὸς
637 2602 734 2655 τοῦ
763 2602 1054 2674 ἀνθρώπου
1079 2621 1092 2633 ο
1117 2623 1134 2655 ι
1165 2604 1342 2656 καίτοι
1363 2604 1737 2675 κεχρημάτικε
1767 2607 1856 2657 καὶ

271 2693 403 2755 Υἱὸς
427 2693 737 2764 ἀνθρώπου,
776 2694 1056 2764 γεννηθεὶς
1085 2697 1149 2747 ὲκ
1183 2695 1452 2762 γυναικὸς
1483 2697 1623 2748 κατά
1655 2697 1851 2766 σάρκα.

269 2782 647 2852 Ψευδοεπήσει
668 2783 732 2854 δὴ
747 2781 860 2848 οὖν,
893 2784 1515 2855 καταϐεϐηκέναιλέγων
1546 2785 1604 2850 ἐξ
1626 2786 1854 2856 οὐρανοῦ

271 2874 364 2926 τὸν
414 2873 542 2925 Υἱὺν
599 2872 725 2934 τοῦ,
777 2875 1091 2944 ἀνθρώπου,
1151 2875 1430 2928 τουτέστιν
1493 2875 1722 2942 ὲαυτόν;
1780 2876 1854 2945 μὴ

272 2965 483 3032 γένοιτο
510 2979 522 2992 ·
574 2965 671 3017 καὶ
704 2967 813 3034 γάρ
841 2966 988 3017 ἐστιν
1028 2966 1190 3030 αὐτὸς
1219 2969 1253 3036 ἡ
1300 2965 1546 3037 ἀλήθεια.
1597 2967 1719 3029 Πῶς
1761 2955 1854 3020 οὖν

271 3056 480 3111 ἄνωθεν
507 3059 535 3108 ὁ
561 3057 685 3119 Υἱὸς
713 3057 805 3109 τοῦ
838 3056 1129 3128 ἀνθρώπου
1157 3059 1317 3110 νοοίτ⁹
1344 3058 1410 3111 ἂν
1427 3059 1651 3120 εἰκότως
1678 3074 1691 3122 ;
1729 3058 1852 3111 Ὀτι

271 3145 405 3208 Θεὸς
439 3144 515 3197 ὢν
548 3147 577 3197 ὁ
611 3146 803 3214 Λόγος,
830 3147 923 3198 καί⁵
947 3148 1011 3199 ἐκ
1033 3146 1133 3216 τῆς
1153 3147 1414 3200 ἀνωτάτω
1436 3147 1622 3200 πασῶν
1645 3146 1850 3210 οὐσίας,

1966 1959 2266 2030 accepisset
2295 1974 2326 2014 e
2359 1970 2547 2014 sancta
2583 1949 2828 2034 Virgine,
2858 1959 2996 2038 dixit
3030 1962 3097 2024 ad
3131 1962 3484 2038 Nicodentum
3519 1983 3533 2018 :

1974 2070 1991 2102 ι
2020 2053 2075 2107 Si
2107 2039 2322 2108 terrena
2358 2051 2466 2106 dixi
2510 2040 2663 2108 vobis
2689 2063 2744 2108 et
2777 2035 2888 2116 non,
2927 2054 3172 2132 creditis,
3197 2035 3464 2133 quoinpdo
3493 2058 3538 2128 si

1965 2144 2157 2206 dixero
2189 2145 2340 2208 vobis
2381 2144 2646 2210 etelestia,
2685 2145 2957 2206 credetis?
2993 2145 3059 2200 Et
3086 2161 3244 2202 nemo
3293 2147 3540 2222 ascendit

1971 2238 2022 2288 in
2065 2235 2286 2302 coelum,
2335 2235 2436 2290 nisi
2475 2235 2568 2305 qui
2615 2237 2681 2290 de
2724 2236 2862 2314 ctelo
2900 2237 3186 2314 descendit
3224 2236 3393 2300 Filius
3435 2240 3536 2298 ho-

1967 2328 2220 2394 minis“;
2259 2347 2277 2380 ι
2307 2327 2454 2399 alqui
2488 2327 2786 2398 appellatus
2817 2339 2899 2390 est
2923 2327 3090 2404 Filius
3113 2329 3370 2402 hominis,
3398 2345 3534 2400 qua-

1968 2430 2126 2473 tenus
2158 2405 2242 2474 est
2263 2434 2329 2472 ex
2353 2418 2578 2474 muliere
2605 2418 2900 2482 secundum
2932 2433 3174 2490 carnem.
3209 2417 3345 2494 Quid
3373 2420 3539 2500 ergo?

1965 2513 2326 2566 mentieturne
2409 2526 2532 2568 cum
2590 2511 2741 2576 dicit,
2787 2511 2981 2564 Filium
3025 2512 3280 2575 hominis,
3334 2513 3385 2566 id
3429 2521 3535 2576 est,

1965 2604 2200 2678 seipsutn
2237 2603 2587 2661 tiescendisse
2621 2603 2687 2658 de
2729 2603 2906 2658 caelo?
2939 2604 3079 2674 absit
3106 2621 3117 2654 :
3142 2587 3224 2658 est
3259 2587 3400 2674 enim
3448 2604 3536 2678 illa

1965 2693 2080 2762 ipsa
2118 2693 2341 2749 veritas.
2379 2694 2660 2761 Quomodo
2687 2695 2854 2772 igitur
2884 2709 3118 2765 superne
3160 2679 3539 2773 Filius‘homi-

1965 2786 2048 2840 uis
2080 2787 2429 2842 descendisse
2461 2786 2684 2858 intelligi
2717 2789 3101 2842 convenienter
3140 2788 3358 2858 potest?
3384 2789 3534 2871 quia,

1963 2893 2083 2932 cum
2118 2875 2258 2931 Deus
2287 2885 2434 2931 esset
2499 2875 2729 2932 Verbum
2778 2887 2832 2940 et
2878 2891 2943 2930 ex
3001 2876 3089 2930 illa
3129 2891 3377 2948 suprema
3417 2893 3538 2936 om-

1966 2967 2112 3019 nium
2147 2967 2402 3031 essentia,
2433 2967 2786 3042 descendisse
2808 2967 3007 3036 dicitur
3033 2976 3086 3021 et
3127 2967 3360 3042 fortnam
3387 2955 3535 3042 servi

1965 3053 2264 3120 accepisse.
2298 3053 2502 3107 Deinde
2535 3039 2817 3124 nobiscum
2860 3054 3104 3128 loquitur
3131 3070 3235 3109 non
3260 3039 3534 3140 tanquani

1965 3144 2163 3195 nudum
2192 3143 2369 3197 adhuc
2397 3143 2659 3208 Verbum,
2689 3145 2782 3198 sed
2819 3155 3072 3215 tanquam
3109 3145 3270 3220 homo
3295 3160 3325 3200 e
3357 3143 3533 3236 nobis,

273 3234 710 3304 καταϐεϐηκέναι
747 3233 982 3301 λέγεται,
1027 3234 1122 3286 καὶ
1165 3233 1352 3285 δούλου
1397 3233 1610 3304 μορφὴν
1657 3233 1856 3286 ἀναλα-

1961 3240 2014 3283 et
2049 3235 2136 3299 qui
2171 3247 2307 3285 unus
2330 3233 2440 3299 jam
2473 3250 2594 3286 cum
2628 3236 2778 3287 unita
2811 3235 2912 3288 sibi
2961 3252 3125 3290 carne
3170 3236 3524 3308 intelligatur.

273 3326 412 3380 ϐεἰν.
445 3321 578 3380 Εἶτα
605 3325 912 3394 διαλέγεται
947 3326 1083 3396 πρὸς
1113 3326 1280 3394 ημᾶς,
1325 3325 1424 3394 οὐχ
1452 3325 1528 3388 ὼς
1553 3324 1758 3393 γυμνὸς
1778 3324 1856 3374 ἔτι

271 3421 470 3487 Λόγος,
501 3419 613 3472 ἀλλ’
651 3419 726 3482 ὡς
749 3419 1036 3490 ἄνθρωπος
1067 3418 1187 3472 καθ’
1217 3419 1388 3488 ἡμᾶς,
1421 3417 1514 3469 καὶ
1543 3416 1617 3480 ὡς
1648 3411 1730 3478 εἷς
1757 3415 1856 3485 ἤδη

268 3511 564 3581 νοούμενος
589 3511 727 3581 μετὰ
751 3511 849 3580 τῆς
876 3509 1168 3579 ἐνωθείσης
1206 3509 1274 3562 αὐ
1287 3507 1353 3578 τῷ
1388 3506 1589 3578 σαρκός
1623 3523 1636 3537 ο
1669 3506 1857 3574 ὥσπερ

269 3603 331 3656 δὲ
359 3604 448 3656 διὰ
487 3603 543 3655 τὸ
573 3605 638 3672 τῇ
673 3601 900 3656 κενώσει
947 3601 1176 3671 πρέπον,
1233 3597 1534 3652 οἰκειοῦται
1581 3598 1756 3651 πάντα
1789 3599 1858 3652 τὰ

268 3695 369 3747 τοῦ
413 3694 544 3746 ἰδίου
588 3694 860 3762 σώματος,
899 3693 1075 3745 καίτοι
1106 3693 1204 3761 τὴν
1237 3690 1396 3760 φύσιν
1424 3687 1715 3758 ἀσώματος
1757 3689 1852 3753 ὢν,

270 3786 419 3840 οὕτω
458 3786 551 3838 καὶ
579 3786 784 3840 ἄνωθεν
813 3783 888 3837 ὢν
914 3783 1077 3846 αὐτὸς
1121 3783 1217 3836 καὶ
1255 3781 1316 3844 ἐξ
1342 3780 1594 3852 οὐρανοῦ,
1624 3781 1684 3832 τὸ
1715 3781 1852 3832 ἄνω-

274 3878 369 3931 θεν
412 3880 567 3948 ήκειν
615 3877 880 3947 ἀπονέμει
929 3875 1090 3930 πάλιν
1142 3875 1320 3944 ἑαυτῷ
1367 3874 1460 3927 καὶ
1495 3874 1584 3926 ὅτε
1636 3873 1856 3940 γέγονεν

272 3967 585 4043 ἄνθρωπος,
615 3970 718 4024 κᾶν
745 3971 795 4026 εἰ
825 3970 1148 4038 γεγέννηται
1181 3967 1321 4020 κατὰ
1350 3968 1528 4037 σάρκα
1559 3965 1676 4034 μεθ’
1701 3966 1856 4034 ἡμῶν

272 4065 338 4116 ὲκ
377 4062 654 4129 γυναικός.
693 4061 888 4128 Γέγονε
921 4059 1103 4113 τοίνυν
1142 4060 1250 4112 ῐδια
1294 4059 1392 4128 μὲν
1434 4056 1529 4110 τοῦ
1560 4056 1754 4124 Λόγου,
1787 4055 1854 4108 τὰ

270 4154 372 4223 τῆς
397 4151 810 4222 άνθρωπὸτητος
833 4167 844 4178 ’
880 4150 987 4202 ῐδια
1016 4150 1073 4202 δὲ
1103 4148 1264 4201 πάλιν
1289 4149 1385 4217 τῆς
1415 4144 1850 4216 ἀνθρωπὸτητος,

272 4248 344 4297 τά
377 4243 542 4298 αὐτοῦ
575 4242 669 4296 τοῦ
701 4243 896 4309 Λόγου.
936 4235 1030 4304 Εἷς
1064 4241 1174 4310 γὰρ
1200 4239 1342 4293 οὓτω
1377 4242 1576 4291 νοεῖται
1619 4237 1854 4305 Χριστὸς

273 4337 371 4391 καὶ
395 4337 520 4398 Υἱὸς
556 4334 647 4387 καὶ
676 4334 900 4404 Κύριος.
939 4333 1158 4402 Ἐπειδη
1188 4332 1244 4384 δὲ
1271 4331 1660 4402 προστέθεικεν
1685 4331 1713 4381 ὁ
1735 4348 1853 4383 και-

273 4429 500 4496 νοτόμος
529 4427 733 4486 οὑτοσὶ,
765 4426 849 4478 ὅτι
883 4444 902 4475 ‹
949 4425 1177 4494 ’Όμοιος
1227 4425 1342 4484 τοῖς
1401 4422 1649 4489 ἀδελφοῖς
1713 4422 1854 4473 κατά

273 4521 474 4579 πάντα,
509 4536 527 4566 ι
565 4519 594 4569 ὁ
627 4517 804 4587 ψυχῆς
832 4516 1178 4587 ἀνθρωπίνης
1207 4514 1301 4567 καὶ
1327 4512 1528 4583 σαρκὸς
1571 4511 1852 4572 ἀναλαϐὼν

271 4610 628 4679 ἀδελφότητα,
658 4610 757 4679 οὐχ
792 4609 820 4661 ὁ
841 4607 1036 4675 λέγων,
1069 4625 1086 4656 t
1108 4607 1166 4658 '0
1206 4604 1466 4675 ἑωρακὼς
1494 4606 1612 4674 ἐμὲ,
1641 4603 1853 4674 ἑώρακε

268 4706 365 4757 τὸν
400 4702 653 4772 Πατέραο
681 4719 698 4750 ι
727 4699 860 4770 φέρε
888 4698 952 4768 δὴ
975 4699 1138 4752 πάλιν
1168 4699 1196 4750 ὃ
1221 4697 1272 4749 τί
1303 4697 1433 4748 ποτέ
1463 4699 1608 4750 ἐστιν
1635 4697 1663 4748 ὃ
1690 4713 1854 4767 φησιν

270 4799 330 4849 ὲν
380 4794 592 4857 τούτοις
645 4793 720 4855 ὡς
773 4792 853 4844 ἔνι
897 4791 1382 4862 περιαθρήσωμεν.
1420 4791 1542 4842 Ὀτι
1593 4790 1691 4859 μὲν
1744 4791 1854 4861 γὰρ

268 4885 435 4939 εἰκών
475 4887 590 4938 ἐστι
641 4883 734 4938 καί
775 4882 1062 4954 χαρακτὴρ
1117 4880 1210 4933 τοῦ
1251 4881 1386 4932 Θεοῦ
1433 4881 1526 4932 καὶ
1565 4880 1776 4950 Πατρὸς
1827 4883 1857 4933 ὁ

269 4978 420 5040 Υἱὸς,
452 4977 827 5046 διωμολόγηκε
853 4975 948 5027 καὶ
977 4973 1161 5034 αὑτός.
1205 4973 1300 5034 Τίς
1325 4973 1369 5024 δ’
1402 4972 1468 5024 ἂν
1496 4971 1583 5040 εἰη
1611 4971 1794 5024 λοιπὸν
1824 4975 1853 5024 ὁ

267 5069 448 5137 ψυχῆς
484 5067 830 5136 ἀνθρωπίνης
880 5065 974 5117 καὶ
1024 5062 1276 5132 σώματος
1305 5061 1594 5116 ἀναλαόὼν
1621 5061 1848 5128 ἁδελφό-

265 5175 430 5228 τητα,
461 5157 620 5226 δῆλον
648 5157 704 5218 δὲ
736 5159 816 5208 ὅτι
843 5155 942 5225 τὴν
971 5155 1108 5223 πρὸς
1131 5155 1294 5224 ἡμᾶς,
1319 5151 1614 5204 διδασκέτω
1647 5149 1849 5220 παρελ-

268 5253 398 5306 θών,
431 5254 506 5305 Οὐ
547 5253 656 5322 γάρ
690 5269 792 5304 που
821 5249 955 5318 φαίη
981 5267 1062 5310 τις
1092 5247 1155 5301 ἂν
1183 5248 1256 5308 ὡς
1288 5247 1315 5298 ὁ
1347 5245 1468 5299 καθ’
1492 5245 1638 5314 ἡμᾶς
1663 5245 1850 5310 φαινό-

273 5363 434 5417 μενος
477 5345 780 5414 άνθρωπος,
826 5339 955 5402 οἷον,
1005 5339 1290 5410 Βαρνάϐας
1332 5337 1514 5406 τυχὸν,
1549 5337 1581 5406 ἢ
1616 5335 1848 5398 Παῦλος,

267 5440 438 5508 ἤγουν
469 5437 654 5504 ⁶ἐτερός
681 5453 762 5498 τις
790 5435 897 5488 τῶν
922 5434 1218 5486 τελούντων
1242 5434 1298 5483 ἐν
1323 5429 1652 5500 ἀνθρώποις,
1673 5427 1852 5498 ψυχῆς

266 5531 618 5600 ἀνθρωπίνης
646 5529 740 5580 καὶ
774 5525 1023 5594 σώματος
1066 5524 1460 5593 ἀνθρωπὸτητα
1483 5519 1603 5591 [ἵσ.
1631 5519 1853 5587 ἀδελφό-

266 5621 443 5692 τητα]
505 5619 686 5674 λαϐεῖν
711 5620 911 5687 λέγοιτ’
951 5619 1039 5682 ἂν,
1083 5619 1158 5680 ὡς
1195 5615 1384 5685 ἔτερόν
1417 5632 1468 5667 τι
1505 5612 1658 5684 παρά
1694 5613 1852 5665 τοῦτο

338 5801 382 5830 ⁸⁵
418 5796 909 5858 Joau.ttt,l2,15.
987 5795 1032 5823 ⁵⁵
1070 5793 1228 5847 Ilebr.
1258 5809 1319 5860 tt,
1355 5793 1432 5846 Π.

510 5891 778 5949 Ρηιιοιι.
815 5889 930 5947 GR.
972 5888 1225 5947 LXXVI.

1962 3321 2033 3376 Ut
2066 3333 2251 3376 autem
2303 3334 2523 3393 pmpter
2569 3323 2620 3378 id
2668 3327 2810 3394 quod
2844 3327 3197 3382 exinanitioui
3238 3321 3532 3400 convenit,

1959 3416 2139 3469 omnia
2173 3418 2256 3468 sui
2289 3417 2535 3486 corporis
2568 3425 2823 3487 tanquam
2861 3419 2960 3473 sibi
2994 3421 3210 3490 propria
3264 3408 3534 3490 vindicat,

1961 3507 2088 3561 licet
2115 3522 2180 3560 ex
2237 3518 2428 3561 natttra
2485 3510 2554 3561 sit
2599 3510 2990 3578 incorporeus;
3037 3511 3110 3565 ita
3162 3528 3375 3588 quoque
3408 3530 3534 3586 eunt

1961 3598 2079 3665 ipse
2111 3615 2346 3667 superne
2378 3601 2449 3655 sit
2482 3610 2537 3654 et
2571 3617 2601 3654 e
2636 3601 2796 3666 coelo,
2835 3604 2933 3657 hoc
2967 3603 3141 3672 ipsum
3172 3598 3532 3676 superneve-

1961 3688 2078 3741 nire
2105 3688 2216 3742 sibi
2255 3689 2354 3758 ipsi
2387 3706 2600 3744 rursum
2638 3692 2825 3745 tribuit
2871 3701 2982 3748 tum
3026 3710 3240 3770 quoque
3273 3713 3394 3751 cum
3447 3697 3532 3753 fa-

1958 3790 2079 3834 ctus
2106 3793 2190 3835 est
2225 3783 2406 3846 homo,
2440 3783 2565 3837 licet
2620 3793 2780 3838 natus
2826 3786 2895 3839 sit
2925 3787 3204 3858 nobiscum
3237 3791 3530 3864 secundum

1958 3885 2176 3924 carnem
2197 3888 2260 3925 ex
2293 3873 2539 3928 muliere.
2569 3871 2730 3927 Facta
2762 3885 2890 3928 sunt
2916 3875 3078 3945 igitur
3105 3875 3262 3933 Verbi
3290 3881 3531 3949 propria,

1959 3976 2077 4028 qum
2135 3971 2257 4015 sunt
2334 3962 2739 4027 humanitatis,
2806 3979 3129 4034 rursumque
3179 3962 3533 4042 humanitatis

1963 4051 2207 4117 propria,
2237 4066 2358 4120 qua:
2389 4062 2514 4106 sunt
2554 4051 2722 4121 ipsius
2764 4049 2948 4108 Verbi.
2998 4053 3090 4109 Sic
3123 4047 3362 4126 namque
3395 4073 3534 4113 unus

1957 4141 2209 4196 Christus
2244 4153 2298 4195 et
2324 4141 2491 4196 Filius
2521 4153 2574 4197 et
2612 4143 2873 4199 Dominus
2901 4145 3243 4216 intelligitur.
3277 4146 3383 4211 Sed
3405 4150 3534 4222 quia

1958 4235 2044 4288 hic
2062 4244 2288 4287 novator
2306 4233 2532 4304 adjecit:
2558 4235 2794 4290 «Similis
2813 4237 3068 4292 fratribus
3099 4254 3193 4308 per
3213 4242 3398 4296 omnia
3428 4243 3530 4307 ",r

1955 4326 2044 4393 qui
2067 4327 2312 4379 humanze
2333 4325 2524 4380 anima:
2548 4328 2836 4396 carnisque
2862 4329 3257 4384 fraternitatem
3273 4333 3535 4401 suscepit,

1957 4431 2062 4470 non
2108 4415 2197 4469 ille
2251 4415 2344 4485 qui
2395 4417 2530 4470 dixit
2581 4433 2648 4470 τι
2684 4419 2784 4485 Qui
2829 4421 2962 4474 vidit
2997 4436 3101 4486 me,
3139 4421 3278 4476 vidit
3327 4433 3380 4478 et
3426 4421 3532 4476 Pa-

1962 4518 2097 4562 trem
2121 4509 2164 4540 "
2185 4525 2200 4562 :
2225 4527 2243 4558 ι
2275 4524 2374 4576 age
2396 4509 2507 4578 jam
2547 4525 2732 4588 rursus
2764 4511 2890 4579 quid
2923 4513 3133 4567 tandem
3161 4513 3213 4568 in
3248 4515 3332 4570 his
3357 4515 3534 4582 verbis

1959 4601 2063 4654 sibi
2091 4599 2242 4666 velit,
2277 4611 2333 4653 ut
2366 4600 2548 4656 licebit
2579 4603 3008 4657 consideremus.
3040 4604 3118 4658 Ae
3171 4605 3368 4660 Filium
3412 4622 3534 4662 esse

1959 4693 2051 4747 Dei
2083 4706 2137 4747 et
2160 4693 2338 4748 Patris
2370 4695 2660 4762 imaginem
2685 4705 2739 4748 et
2777 4693 3027 4763 figuram,
3054 4695 3169 4764 ipse
3199 4711 3414 4766 quoque
3449 4695 3534 4749 fa-

1961 4794 2144 4838 tetur:
2179 4786 2433 4855 quisquis
2468 4800 2631 4854 porro
2665 4787 2916 4839 humanae
2951 4785 3147 4838 anima:
3182 4786 3533 4853 corporisque

1960 4877 2360 4931 fraternitatem
2415 4877 2760 4945 susceperit,
2812 4875 2954 4929 illaut
2980 4875 3186 4930 scilicet
3212 4890 3314 4943 qua
3352 4865 3534 4929 nobisé

1959 4983 2081 5022 cum
2125 4967 2392 5038 jungitur,
2435 4969 2662 5037 prodeat
2727 4983 2792 5022 ac
2827 4969 2993 5022 dicat.
3037 4965 3323 5035 Nunquam
3387 4968 3532 5019 enim

1958 5059 2243 5127 quisquam
2293 5059 2470 5122 dicet,
2511 5058 2783 5112 hominem
2835 5059 2924 5128 qui
2970 5057 3140 5110 nostri
3176 5057 3368 5111 similis
3415 5072 3534 5110 esse

1956 5153 2223 5213 cernitur,
2255 5150 2403 5204 verbi
2434 5151 2627 5220 gratia,
2648 5148 2956 5204 Barnabam
2995 5149 3243 5211 fortasse,
3277 5149 3360 5201 vel
3393 5147 3532 5200 Pau-

1961 5242 2093 5306 lum,
2127 5251 2220 5295 aut
2257 5241 2423 5294 alium
2448 5241 2756 5310 quempiam
2785 5241 2874 5308 qui
2907 5251 3198 5294 censeatur
3248 5240 3389 5292 inter
3435 5238 3534 5290 ho-

1961 5333 2158 5397 mines,
2185 5331 2291 5387 diei
2321 5346 2478 5401 posse
2509 5333 2759 5385 humana:
2803 5333 2998 5384 anima.-
3042 5328 3400 5398 corporisque
3433 5325 3535 5378 fra-

1963 5427 2272 5481 ternitatem
2305 5426 2617 5495 suscepisse
2644 5466 2660 5492 ,
2691 5425 2843 5494 quasi
2879 5425 2925 5477 is
2955 5423 3102 5476 aliud
3149 5421 3405 5490 quiddam
3457 5418 3530 5470 sit

1961 5518 2028 5574 ab
2058 5518 2161 5573 hoc
2193 5517 2490 5580 diversum,
2522 5519 2664 5586 quod
2694 5524 2879 5586 postea
2911 5514 3216 5578 susceperit
3253 5529 3267 5566 :
3300 5514 3394 5566 sed
3419 5508 3532 5579 78

1962 5608 2145 5678 potius
2171 5617 2276 5672 est,
2310 5608 2436 5663 dum
2463 5607 2514 5662 in
2540 5621 2605 5662 eo
2661 5616 2845 5660 manet
2892 5606 3036 5675 quod
3079 5614 3209 5660 est:
3253 5619 3357 5659 non
3403 5615 3536 5669 ergo

1515 5791 1554 5820 ⁵⁸⁷
1595 5789 1746 5844 Juau.
1775 5805 1883 5854 xw,
1913 5789 1967 5842 9.
