4054 6332
544 393 642 450 159

1517 384 1578 441 S.
1620 382 1895 440 CYRILLI
1932 377 2407 439 ALEXANDRINI
2447 377 2767 436 ABCHIEP.

3688 381 3788 434 HD

541 518 701 570 homo
724 511 919 583 aliquis
947 510 1058 581 jam
1087 508 1379 571 exslstcns,
1411 506 1661 577 accipere
1698 506 1930 576 idipsum
1961 505 2107 574 quod

2212 500 2491 573 ὑπάρχων,
2526 496 2627 555 εἷθ’
2672 501 2816 555 οὕτω
2859 502 3076 557 λαϐών·
3126 503 3241 557 ἔστι
3274 504 3331 558 δὲ
3374 505 3575 575 μᾶλλον
3616 505 3674 557 ἓν
3726 524 3791 573 γε

538 615 644 670 est,
682 604 835 674 quasi
866 602 1011 655 aliud
1065 599 1320 668 quiddam
1376 611 1407 650 a
1459 611 1518 652 se
1566 596 1864 663 diversum,
1904 595 2107 651 intelli-

540 696 742 766 gendus
774 701 895 749 est:
933 692 1025 748 sed
1051 691 1230 761 potius
1258 688 1336 743 illi
1386 702 1453 743 ex
1498 688 1609 743 Deo
1660 688 1843 758 genito
1876 685 2056 743 Verbo
2086 723 2105 751 ,

538 788 630 857 qui
675 783 969 840 secundum
1017 795 1129 835 sua:
1179 786 1386 833 natura:
1435 778 1677 832 rationes
1726 777 2009 832 nobiscum
2050 775 2106 830 in

537 875 781 932 eumdem
812 887 1032 929 censum
1077 869 1273 926 referri
1300 883 1407 924 non
1456 878 1660 938 potest,
1714 868 1971 923 convenit
2005 867 2107 921 hu-

538 983 710 1023 manat
742 967 934 1020 animae
957 974 1013 1020 et
1052 963 1296 1032 corporis
1338 964 1731 1017 fraternitatem
1765 976 1869 1030 qua
1918 960 2105 1015 nobis-

537 1057 656 1116 cum
681 1059 957 1130 jungatur,
990 1055 1285 1125 accepisse.
1327 1054 1391 1109 Et
1426 1055 1552 1109 huic
1584 1064 1783 1109 nostra:
1823 1053 2106 1108 sententiae

540 1163 650 1205 tum
698 1151 812 1220 ipsa
844 1149 1094 1203 veritatis
1148 1146 1288 1200 ratio
1340 1146 1739 1215 patrocinatur,
1793 1154 1903 1199 tum
1938 1145 2103 1198 etiam

536 1245 757 1312 integrae
789 1240 911 1295 fidei
943 1239 1184 1293 traditio.
1227 1236 1452 1291 Constat
1483 1250 1613 1305 ergo
1647 1236 1700 1289 in
1730 1235 1899 1288 forma
1930 1236 2021 1291 Dei
2047 1243 2102 1290 et

535 1334 711 1390 Patris
739 1333 904 1387 Deum
937 1329 1168 1385 Verbum
1194 1329 1417 1383 fratrem
1450 1329 1605 1383 nobis
1634 1328 1834 1381 factum
1863 1343 1984 1382 esse
2008 1343 2106 1396 per

537 1425 742 1492 omnia,
775 1425 1027 1479 humana:
1058 1421 1251 1474 anima?
1277 1418 1596 1489 etcorporis
1620 1417 1965 1472 fraternitate
1980 1433 2101 1472 sus-

535 1529 692 1587 cepta
745 1530 922 1584 neque
967 1512 1227 1568 mentitur
1271 1524 1392 1564 cum
1444 1509 1520 1564 ait
1565 1525 1576 1558 :
1618 1528 1636 1561 ι
1678 1509 1775 1576 Qui
1820 1510 1951 1562 vidit
1996 1522 2102 1575 me,

533 1607 668 1663 vidit
699 1617 754 1661 et
776 1605 1017 1660 Patrem.
1056 1621 1075 1655 ι
1108 1600 1241 1655 Nam
1273 1601 1318 1655 si
1348 1599 1470 1669 quis
1501 1608 1747 1653 nostrum
1777 1598 1841 1652 ad
1864 1611 1983 1653 eam
2014 1614 2104 1651 us-

533 1714 639 1771 que
665 1696 1050 1765 cogitationum
1075 1690 1404 1748 dementiam
1433 1691 1615 1761 lapsus
1635 1698 1804 1754 esset,
1851 1698 1908 1743 ut
1942 1697 2097 1759 puta-

533 1803 616 1848 ret
642 1791 806 1846 etiam
840 1788 1013 1858 ipsum
1049 1786 1140 1857 qui
1163 1786 1214 1839 in
1241 1783 1396 1839 caelis
1447 1791 1530 1837 est
1576 1782 1789 1836 Patrem
1826 1797 1891 1836 ac
1926 1780 2097 1835 Deum

531 1898 597 1938 eo
630 1880 1010 1949 dejicieuduni,
1046 1885 1105 1931 ut
1151 1875 1372 1930 omnino
1405 1882 1647 1928 nostram
1688 1871 2100 1927 similitudinem
2136 1858 2176 1913 Β

533 1976 750 2037 habeat,
805 1984 1122 2040 corpoream
1165 1966 1446 2031 nimirum,
1494 1974 1640 2019 recte
1686 1972 1979 2029 metueret,
2011 1976 2099 2028 ne,

532 2068 658 2122 dum
692 2064 940 2121 Christus
974 2060 1144 2115 dicit:
1182 2077 1200 2110 ‹
1254 2056 1357 2124 Qui
1403 2056 1538 2110 vidit
1575 2070 1682 2122 me,
1741 2055 1955 2107 viditet
1998 2052 2102 2106 Pa-

535 2172 696 2222 trem,
736 2175 753 2208 ι
792 2156 965 2224 ipsum
1019 2164 1237 2221 quoque
1286 2163 1352 2204 ex
1398 2162 1505 2218 quo
1558 2156 1642 2202 est
1684 2147 1864 2215 specie
1917 2157 2103 2200 nostra

532 2266 654 2307 esse
684 2259 737 2305 et
764 2248 964 2317 figuras
1008 2241 1255 2313 corporis
1304 2241 1505 2294 habere
1553 2238 1946 2307 suspicaretur.
1995 2235 2104 2290 Sed

532 2346 656 2415 quia
697 2342 862 2399 etiam
901 2338 1070 2394 Filius
1110 2334 1345 2391 hominis
1379 2332 1577 2394 factus,
1636 2333 1739 2384 hoc
1783 2330 1924 2400 quod
1961 2330 2103 2384 Deus

530 2444 648 2491 erat
675 2431 933 2496 servavit,
965 2438 1019 2485 et
1052 2442 1162 2482 suae
1185 2434 1389 2480 naturae
1420 2422 1877 2491 pulchritudinem
1908 2422 2104 2475 immn-

534 2526 752 2582 tabilem
784 2522 999 2585 retinet,
1034 2518 1181 2573 nullo
1212 2516 1369 2571 modo
1418 2517 1647 2569 verebor
1696 2516 1920 2593 dicere,’
1949 2514 2103 2567 illum

532 2632 654 2674 esse
681 2615 847 2671 etiam
877 2612 1111 2669 similem
1140 2608 1298 2663 nobis
1327 2620 1433 2677 qua
1462 2605 1623 2659 homo
1646 2617 1751 2667 est,
1796 2613 1854 2657 ut
1877 2619 1975 2658 nos
2005 2619 2099 2658 su-

534 2725 653 2766 mus
690 2722 757 2762 ex
789 2706 967 2761 anima
995 2700 1155 2758 simul
1205 2711 1259 2755 ct
1305 2712 1555 2766 corpore,
1610 2697 1858 2765 quamvis
1910 2706 2105 2750 natura

532 2804 605 2858 sit
646 2801 806 2867 Deus,
852 2808 907 2854 et
936 2799 1105 2869 ﬁgura
1146 2798 1465 2853 substantia:
1498 2796 1776 2853 Genitoris
1827 2796 1894 2850 ⁸⁸.
1953 2794 2104 2851 Unus

531 2894 699 2965 igitur
733 2893 981 2961 idemque
1011 2890 1204 2946 similis
1234 2900 1317 2945 est
1349 2889 1608 2943 fratribus
1643 2889 1945 2943 secundum
1979 2905 2103 2943 car-

531 2999 653 3040 nem
679 2993 733 3039 et
762 2984 818 3039 in
856 2998 950 3038 sua
987 2991 1180 3039 natura
1204 2996 1306 3051 qua
1343 2982 1483 3035 Deus
1511 2990 1618 3044 est,
1673 2982 1847 3051 ipsum
1890 2996 2106 3049 quoque

530 3076 748 3133 Patrem
794 3076 1050 3131 ostendit.
1109 3073 1206 3128 Hic
1263 3089 1393 3128 vero
1442 3074 1493 3126 id
1540 3090 1645 3128 non
1701 3073 1951 3143 intelligit
1998 3073 2105 3127 ullo

2206 594 2287 665 τῷ
2320 592 2461 648 εἶναι
2486 593 2631 647 τοῦθ’
2654 595 2790 666 ὅπερ
2816 596 2986 650 ἐστίν.
3033 595 3243 650 Οὐκοῦν
3270 598 3371 650 οὑκ
3398 596 3687 668 ἄνθρωπός
3710 615 3795 660 τις

2208 687 2493 759 ὑπάρχων,
2551 687 2627 751 ὡς
2681 688 2867 759 ἕτερόν
2912 706 2966 742 τι
3019 690 3147 759 παρ’
3202 688 3421 756 ἑαυτὸν,
3488 690 3674 744 λαϐεῖν
3726 691 3792 742 ἂν

2207 782 2378 833 νοοῖτο
2402 778 2462 832 τὸ
2494 774 2630 833 εἶναι
2659 780 2688 832 ὅ
2715 782 2833 834 ἐστι
2858 798 2872 812 ο
2921 782 3122 853 πρέποι
3162 782 3206 835 δ’
3254 782 3319 836 ἂν
3374 783 3576 853 μᾶλλον
3606 784 3685 855 τῷ
3722 787 3792 837 ἐκ

2207 867 2342 922 Θεοῦ
2365 868 2521 939 φύντι
2544 869 2721 939 Λόγῳ,
2755 869 2817 923 τὸ
2849 870 3189 926 ἀσύντακτον
3220 873 3394 943 ἔχοντι
3442 873 3580 943 πρὸς
3618 874 3791 943 ἡμᾶς,

2207 961 2350 1016 κατά
2385 978 2448 1031 γε
2475 964 2600 1024 τοὺς
2633 962 2733 1033 τῆς
2782 963 2919 1027 ἰδίας
2952 964 3166 1033 φύσεως
3208 964 3423 1033 λόγους,
3470 964 3650 1035 ψυχῆς
3699 966 3793 1016 ἀν-

2209 1052 2490 1123 θρωπίνης
2534 1052 2630 1105 καὶ
2662 1051 2913 1122 σώματος
2956 1055 3054 1125 τὴν
3086 1055 3223 1126 πρὸς
3263 1057 3413 1125 ἡμᾶς
3458 1055 3792 1125 ἀδελφότητα

2208 1142 2414 1198 λαϐεῖν.
2443 1144 2552 1196 Καὶ
2577 1145 2712 1215 πρός
2746 1161 2809 1212 γε
2847 1145 3005 1198 τοῦτο
3029 1147 3158 1216 ἡμῖν
3187 1146 3216 1197 6
3246 1146 3344 1216 τῆς
3386 1146 3643 1218 ἀληθείας
3694 1149 3791 1200 ἐπ-

2207 1236 2709 1305 αγωνιεῖταιλόγος,
2726 1238 2821 1291 καὶ
2847 1239 2945 1308 τῆς
2966 1239 3266 1309 ἀμωμήτου
3292 1239 3526 1303 πίστεως
3553 1243 3586 1311 ή
3613 1241 3791 1312 παράο

2207 1331 2372 1395 δοσις.
2410 1332 2649 1401 Ἀραρεν
2684 1328 2776 1385 οὖν
2804 1332 2887 1385 ὃτι
2923 1334 2981 1384 ὲν
3016 1335 3197 1403 μορφῇ
3240 1333 3335 1386 τοῦ
3369 1332 3504 1386 Θεοῦ
3553 1335 3648 1388 καί
3683 1335 3792 1387 Πα-

2206 1423 2354 1494 τρὸς,
2381 1423 2513 1487 Θεὸς
2545 1425 2719 1492 Λόγος
2759 1424 2989 1493 ἀδελφὸς
3020 1428 3153 1496 ἡμῖν
3194 1428 3336 1480 κατὰ
3367 1427 3546 1481 πάντα
3578 1429 3790 1498 γέγονε,

2204 1514 2382 1584 ψυχῆς
2425 1513 2774 1585 ἀνθρωπίνης
2804 1516 2901 1569 καὶ
2942 1515 3194 1586 σώματος
3224 1517 3558 1590 ἀδελφότητα
3586 1519 3788 1583 λαϐὼν,

2207 1603 2303 1656 καὶ
2346 1603 2445 1657 οὑκ
2497 1604 2563 1658 ἂν
2602 1604 2951 1669 διαψεύσαιτο
3000 1607 3195 1676 λέγων,
3243 1627 3262 1660 ‹
3286 1609 3343 1662 '0
3378 1610 3637 1680 ἑωρακὼς
3668 1612 3789 1681 ἐμὲ,

2207 1694 2419 1768 ἑώρακε
2449 1696 2541 1751 τὸν
2580 1697 2819 1768 Πατέρα.
2845 1718 2863 1749 ›
2916 1699 2979 1751 El
3024 1699 3123 1769 μὲν
3150 1698 3260 1769 γάρ
3286 1718 3369 1764 τις
3403 1702 3511 1754 τῶν
3541 1704 3599 1755 ἐν
3638 1705 3789 1773 ἡμῖν,

2206 1789 2453 1859 ἀμαθίας
2499 1792 2579 1853 είς
2617 1790 2776 1844 τοῦτο
2806 1791 3142 1847 κατώλισθεν
3181 1794 3421 1861 ἐννοιῶν,
3469 1796 3544 1858 ὡς
3587 1797 3793 1849 οἴεσθαι

2206 1883 2299 1936 καὶ
2323 1882 2483 1936 αὑτὸν
2503 1882 2596 1936 τὸν
2626 1884 2683 1935 ἐν
2708 1886 2821 1946 τοῖς
2843 1885 3092 1954 οὐρανοῖς
3118 1886 3335 1957 Πατέρα
3356 1888 3450 1941 καὶ
3474 1887 3606 1941 Θεὸν
3628 1906 3795 1941 κατα-

2206 1973 2527 2045 κομίζεσθαι
2582 1977 2713 2042 δεῖν,
2756 1976 2835 2040 εἴς
2875 1994 2940 2047 γε
2988 1978 3049 2031 τὸ
3082 1980 3300 2048 χρῆναι,
3346 1981 3511 2050 φημἰ,
3543 1980 3641 2051 τὴν
3671 1981 3794 2034 καθ’

2205 2069 2353 2137 ἡμᾶς
2376 2068 2634 2139 ὁμοίωσιν
2679 2069 2845 2140 ἔχειν,
2892 2070 3051 2140 δῆλον
3080 2072 3136 2124 δὲ
3172 2072 3254 2125 ὃτι
3304 2073 3404 2142 τὴν
3448 2076 3793 2145 σωματικὴν,

2205 2159 2382 2231 ὀρθῶς
2425 2161 2638 2226 ἐδεδίει,
2691 2162 2767 2232 μὴ
2813 2163 2921 2232 ἄρα
2966 2181 3068 2216 που
3118 2163 3366 2232 λέγοντος
3407 2164 3502 2217 τοῦ
3535 2166 3795 2235 Χριστοῦ,

2212 2271 2230 2304 ι
2272 2252 2331 2304 Ὀ
2358 2251 2619 2323 ἑωρακὼς
2657 2253 2777 2323 ἐμὲ,
2810 2252 3022 2323 ἑώρακε
3048 2254 3139 2308 τὸν
3171 2256 3414 2327 Πατέρα,
3447 2276 3465 2308 ι
3509 2260 3605 2310 καὶ
3628 2259 3792 2312 αὑτὸν

2207 2344 2572 2414 ὑποτοπήσειε
2596 2344 2687 2397 τὸν
2716 2345 2774 2411 ἐξ
2812 2340 2984 2416 οὗπέρ
3011 2347 3180 2411 ἐστιν,
3215 2348 3273 2401 ὲν
3305 2348 3434 2400 εῖδει
3463 2366 3521 2401 τε
3541 2345 3677 2401 εἶναι
3716 2349 3795 2420 τῷ

2206 2434 2328 2487 καθ’
2363 2436 2530 2506 ἡμᾶς,
2582 2436 2676 2490 καὶ
2720 2438 2779 2489 ὲν
2820 2439 2933 2500 τοῖς
2981 2438 3124 2491 κατὰ
3158 2437 3317 2507 σῶμα
3368 2442 3794 2509 σχηματισμοῖς.

2219 2527 2437 2599 Ἐπειδὴ
2487 2527 2545 2581 δὲ
2588 2529 2681 2581 καὶ
2731 2528 2858 2593 Υίὸς
2910 2527 3200 2597 ἀνθρώπου
3229 2529 3487 2597 γεγονὼς,
3543 2531 3604 2583 τὸ
3658 2528 3797 2584 εἶναι

2206 2621 2339 2685 Θεὸς
2388 2620 2702 2687 διεσώσατο,
2754 2623 2849 2675 καὶ
2882 2622 2945 2675 τὸ
2995 2622 3096 2693 τῆς
3138 2624 3277 2687 ἰδίας
3335 2624 3550 2692 φύσεως
3603 2624 3796 2689 κάλλος

2206 2713 2624 2783 άπαραποίητον
2647 2714 2782 2784 ἔχει,
2808 2715 3209 2784 κατοκνήσαιμ’
3234 2715 3299 2768 ἂν
3324 2716 3572 2787 οὐδαμῶς
3598 2719 3793 2781 εἰπεῖν,

2206 2802 2289 2855 ὅτι
2323 2803 2417 2856 καὶ
2449 2804 2550 2874 τὴν
2584 2805 2721 2875 πρὸς
2760 2806 2910 2875 ἡμᾶς
2948 2806 3206 2875 ὁμοίωσιν
3248 2807 3382 2877 ἔχει,
3436 2808 3579 2861 κατά
3626 2825 3686 2875 γε
3738 2808 3799 2861 τὸ

2207 2892 2346 2949 εἶναι
2371 2896 2493 2949 καθ’
2527 2897 2674 2967 ἡμᾶς
2701 2896 3009 2967 ἄνθρωπος,
3036 2901 3065 2951 6
3098 2901 3161 2952 ἐκ
3190 2899 3369 2969 ψυχῆς
3400 2902 3492 2953 καὶ
3518 2899 3793 2969 σώματος,

2208 2990 2385 3042 καίτοι
2417 2990 2548 3048 Θεὸς
2580 2989 2656 3042 ὣν
2681 2989 2841 3059 φύσει
2874 2991 2969 3043 καὶ
3005 2992 3294 3061 χαρακτὴρ
3324 2995 3421 3063 τῆς
3444 2993 3800 3057 ὑποστάσεως

2206 3079 2300 3133 τοῦ
2332 3081 2744 3150 γεγεννηκότος.
2782 3077 2875 3144 Εἷς
2907 3077 2998 3134 οὖν
3046 3081 3157 3152 ἄρα
3202 3084 3295 3134 καὶ
3334 3085 3359 3136 6
3391 3083 3570 3146 αὐτὸς,
3616 3100 3797 3154 παρα-

532 3170 737 3234 modo,
798 3168 892 3223 sed
944 3179 1143 3222 rectam
1195 3180 1493 3233 puramque
1547 3164 1787 3233 mysterii
1840 3163 2103 3216 rationem

2213 3172 2444 3240 πλήσιος
2475 3173 2573 3238 μὲν
2599 3175 2713 3233 τοῖς
2742 3170 2990 3239 ἀδελφοῖς
3027 3172 3166 3224 κατὰ
3203 3174 3401 3241 σάρκα,
3437 3171 3697 3225 δεικνύων
3740 3172 3801 3225 δὲ

533 3262 868 3324 adulterans,
905 3259 1068 3313 alium
1094 3256 1249 3310 nobis
1281 3266 1335 3309 et
1368 3256 1532 3307 alium
1567 3254 1771 3306 inducit
1797 3252 2104 3315 Christum,

532 3364 588 3411 et
628 3352 975 3411 Judaieorum
1025 3350 1313 3404 criminum
1367 3347 1574 3415 laqueis
1610 3357 1824 3413 captus,
1872 3344 1963 3397 ubi
2013 3344 2106 3407 sit,

533 3451 589 3496 et
618 3455 724 3510 quo
769 3438 1034 3492 malorum
1071 3437 1282 3488 venerit
1319 3436 1539 3488 minime
1572 3435 1757 3487 sentit.
1799 3434 2109 3488 Audiebant

533 3533 678 3589 enim
704 3530 795 3601 qui
831 3531 895 3583 de
921 3542 1116 3598 genere
1153 3522 1315 3579 Israel
1345 3534 1528 3588 erant,
1561 3526 1725 3577 Deum
1774 3525 2106 3579 clamantem

532 3641 630 3697 per
655 3625 941 3695 quemdam
1000 3629 1311 3673 sanctorum
1351 3619 1737 3687 prophetarum
1798 3619 1864 3672 de
1894 3619 2110 3691 Emma-

534 3718 708 3773 nuel:
747 3733 765 3767 ‹
802 3714 869 3768 Ει
912 3722 998 3777 tu,
1045 3710 1354 3764 Bctlilehem
1409 3712 1599 3763 donius
1648 3709 1961 3778 Ephratha,
2012 3710 2111 3763 ini-

534 3812 682 3866 nima
730 3823 789 3863 es
839 3812 891 3861 in
948 3805 1184 3859 millibus
1228 3803 1361 3856 Juda
1400 3822 1414 3856 :
1452 3818 1517 3855 ex
1558 3812 1607 3856 te
1655 3802 1784 3854 mihi
1841 3803 2011 3855 exibit
2057 3813 2113 3855 ut

535 3902 608 3958 sit
640 3901 891 3972 princeps
919 3898 971 3952 in
1002 3895 1187 3957 Israel,
1224 3904 1277 3948 et
1304 3894 1482 3948 exitus
1530 3892 1645 3962 ejus
1685 3908 1712 3944 a
1747 3891 2011 3960 principio
2043 3907 2109 3945 ex

536 3993 731 4050 diebus
760 3990 1082 4045 aeternitatis
1116 3988 1180 4039 ³⁵³.
1219 4006 1238 4037 ι
1276 3986 1340 4039 Et
1360 4000 1589 4039 rursus:
1626 4002 1645 4033 ‹
1688 3983 2109 4038 Generationem

533 4084 653 4153 ejus
696 4083 818 4152 quis
863 4079 1182 4134 enarrahit?
1229 4078 1352 4146 quia
1410 4075 1618 4129 tollitur
1674 4076 1739 4129 de
1803 4085 1945 4129 terra
1999 4075 2108 4128 vita

534 4178 653 4247 ejus
680 4176 746 4228 δ’.
774 4194 792 4225 ι
833 4171 1029 4226 Deinde
1058 4185 1178 4224 cum
1230 4184 1456 4238 prorsus
1492 4168 1638 4221 nullo
1693 4166 1854 4221 modo
1908 4179 2109 4237 myste-

532 4274 676 4327 rium
729 4267 1093 4336 iutelligerent
1124 4304 1139 4328 ,
1195 4276 1370 4331 neque
1413 4261 1618 4315 scirent
1648 4260 1822 4328 illum,
1863 4261 2110 4328 quamvis

533 4362 678 4417 Deus
697 4368 842 4416 esset
874 4374 939 4411 ex
958 4366 1148 4409 natura
1175 4364 1229 4408 et
1254 4352 1618 4408 subsistentia:
1643 4368 1753 4406 suze
1784 4353 1997 4406 initium
2029 4354 2110 4406 iii-

534 4454 645 4527 79
680 4450 887 4507 visibile
910 4457 964 4502 et
998 4444 1541 4514 incomprehensibile
1564 4445 1809 4509 haberet,
1856 4455 2107 4499 vocatum

2213 3264 2307 3315 καὶ
2322 3262 2485 3316 αὑτὸν
2502 3264 2559 3315 ἐν
2580 3263 2686 3334 ἰδίᾳ
2708 3264 2868 3333 φύσει
2891 3264 2984 3316 τὸν
3009 3264 3329 3333 Γεννήτορα,
3351 3264 3491 3317 κατά
3512 3281 3600 3331 γε,
3628 3281 3700 3333 φη
3711 3266 3797 3333 μὶ,

2216 3356 2278 3409 τὸ
2322 3352 2463 3410 εἶναι
2504 3356 2665 3419 Θεός·
2704 3357 2731 3407 ὁ
2769 3356 2825 3407 δὲ
2868 3357 3028 3409 τοῦτο
3082 3357 3179 3426 μὲν
3230 3356 3290 3408 οὑ
3344 3355 3558 3424 συνίησί
3586 3356 3753 3409 ποθεν
3778 3370 3798 3386 ·

2221 3448 2657 3518 παρασημαίνων
2682 3448 2738 3500 δὲ
2770 3448 2957 3518 ὥσπερ
2979 3449 3068 3501 τὸν
3094 3449 3266 3519 ὀρθῶς
3291 3466 3349 3501 τε
3379 3450 3469 3501 καὶ
3494 3448 3802 3519 ἀκιὸδήλως

2213 3542 2405 3611 ἔχοντα
2431 3541 2523 3594 τοῦ
2562 3542 2861 3611 μυστηρίου
2896 3541 3073 3608 λόγον,
3110 3543 3297 3610 ἕτερον
3323 3542 3455 3611 ἡμῖν
3482 3541 3577 3593 καὶ
3611 3540 3802 3610 ἕτερον

2212 3633 2518 3703 εἰσκομίζει
2549 3635 2782 3704 Χριστόν
2807 3651 2819 3662 ·
2857 3635 2949 3686 καὶ
2978 3636 3091 3695 τοῖς
3126 3633 3432 3695 Ἰουδαϊκοῖς
3453 3633 3802 3703 ἐγκλήμασιν

2213 3726 2472 3788 ἐναλοὺς,
2518 3726 2639 3778 οὐδὲ
2691 3726 2921 3795 ὃποιπὲρ
2982 3727 3128 3789 ἐστι,
3180 3726 3274 3778 καὶ
3335 3725 3401 3777 ἵν’
3450 3726 3573 3796 ἣκει
3610 3724 3803 3777 κακῶν

2213 3818 2547 3871 αἰσθάνεται.
2592 3819 2825 3870 Ἤκουον
2846 3818 2941 3885 μὲν
2990 3818 3097 3887 γὰρ
3138 3818 3185 3868 οί
3222 3817 3279 3883 ἐξ
3298 3817 3526 3886 αἵματος
3560 3816 3800 3887 Ἰσραὴλ,

2213 3910 2350 3964 Θεοῦ
2390 3910 2810 3981 διακεκραγότος
2856 3910 2922 3961 δι’
2969 3909 3086 3972 ἐνὸς
3130 3910 3236 3961 τῶν
3278 3909 3450 3978 ἁγίων
3502 3908 3802 3979 προφητῶν

2216 4005 2341 4072 περὶ
2368 4001 2461 4055 τοῦ
2509 4001 2857 4072 Ἐμμανουήλ
2877 4017 2889 4030 ·
2929 4022 2946 4052 ί
2976 4002 3086 4054 Καὶ
3106 4002 3193 4064 σὺ,
3227 4001 3494 4071 Βηθλεὲμ,
3531 3999 3677 4062 οἶκος
3702 4000 3801 4053 τοῦ

2227 4091 2492 4162 Ἐφφαθά,
2523 4090 2800 4158 ὀλιγοστὸς
2828 4085 2880 4142 εἷ
2918 4091 3010 4143 τοῦ
3040 4086 3182 4143 εἶναι
3218 4091 3275 4141 ἐν
3307 4091 3541 4159 χιλιάσιν
3584 4091 3752 4143 Ἰούδα
3781 4108 3799 4121 ο

2214 4186 2279 4237 ἐκ
2308 4183 2402 4238 σοῦ
2433 4201 2523 4254 μοι
2558 4182 2899 4247 ἐξελεύσεται
2944 4183 3036 4235 τοῦ
3072 4179 3211 4235 εἶναι
3251 4184 3334 4244 εἰς
3362 4181 3598 4252 ἄρχοντα
3631 4182 3689 4233 ἐν
3718 4180 3803 4249 τῷ

2228 4278 2475 4347 Ἰσροιήλ⁹
2525 4276 2619 4331 καὶ
2656 4278 2713 4330 αἱ
2744 4276 2911 4343 ἔξοδοι
2947 4275 3110 4329 αὑτοῦ
3158 4276 3251 4327 ἀπ’
3283 4276 3458 4345 ἀρχῆς
3487 4275 3543 4340 ἑξ
3573 4275 3802 4344 ἡμερῶν

2214 4370 2426 4433 αἰῶνος.
2442 4388 2460 4421 ι
2479 4370 2589 4423 Καὶ
2606 4368 2787 4422 πάλιν
2808 4388 2825 4419 ι
2840 4369 2950 4439 Τὴν
2971 4367 3162 4435 γενεὰν
3184 4366 3348 4420 αὑτοῦ
3365 4367 3445 4428 τίς
3458 4368 3801 4436 διηγήσεταις

2215 4465 2296 4517 ὅτι
2327 4464 2540 4534 αἴρεται
2565 4462 2673 4515 άπὸ
2698 4463 2795 4532 τῆς
2814 4464 2918 4533 γῆς
2942 4463 2972 4530 ἡ
2992 4459 3103 4531 ζωὴ
3120 4459 3341 4513 αὑτοῦ.»
3367 4453 3499 4511 Εἶτα
3523 4457 3802 4518 συνιέντες

534 4564 655 4601 esse
683 4553 863 4598 tamen
890 4538 1317 4603 Bethleemitain,
1352 4544 1537 4604 utpote
1570 4550 1633 4589 ex
1665 4536 1845 4590 radice
1869 4535 2021 4590 Jesse
2048 4550 2108 4589 ac

2220 4555 2472 4625 οὐδαμῶς
2500 4555 2562 4607 τὸ
2597 4555 2913 4624 μυστήριον,
2956 4551 3079 4605 οὕτε
3122 4551 3229 4622 μὴν
3258 4551 3457 4614 εἰδότες
3487 4551 3567 4603 ὃτι
3618 4551 3803 4603 καίτοι

537 4638 786 4702 David",
813 4636 885 4689 ibi
900 4632 1195 4688 secundum
1218 4644 1435 4683 carnem
1453 4629 1718 4696 genitum,
1737 4629 1875 4681 inter
1900 4643 1958 4682 se
1975 4629 2117 4682 dice-

538 4733 669 4787 bant
696 4749 709 4785 :
742 4749 758 4782 ι
804 4727 994 4782 Nonne
1020 4726 1109 4779 hic
1133 4732 1210 4777 est
1245 4738 1404 4792 quem
1433 4724 1749 4789 quaerebant
1784 4719 2115 4774 interficere?

538 4823 681 4880 Ecce
704 4822 876 4892 palam
931 4818 1189 4886 loquitur,
1221 4825 1276 4868 et
1328 4813 1461 4867 nihil
1517 4813 1570 4867 ei
1616 4814 1840 4866 dicunt:
1878 4812 2117 4880 nunquid

541 4910 1196 4988 cognoveruntprincipes
1224 4907 1350 4975 quia
1396 4907 1484 4960 hic
1540 4917 1625 4962 est
1669 4905 1965 4961 Christus?
2010 4904 2117 4959 Sed

541 5014 686 5066 hunc
710 5008 914 5062 scimus
937 5004 1076 5057 unde
1093 5005 1197 5055 sit:
1234 5001 1487 5054 Christus
1519 5009 1696 5052 autem
1729 5013 1851 5052 cum
1880 4999 2115 5064 venerit,

542 5119 701 5160 nemo
719 5102 823 5157 scit
857 5098 997 5153 unde
1025 5095 1184 5150 sit".
1222 5112 1240 5144 ι
1289 5092 1592 5147 Audiebant
1647 5093 1817 5155 enim,
1875 5102 1931 5145 ut
1978 5091 2112 5156 dixi,

543 5196 863 5265 prophetam
894 5191 1078 5244 dicere
1120 5186 1407 5258 perspicue
1440 5201 1453 5237 :
1496 5203 1514 5236 ι
1543 5183 1962 5238 Generationem
1996 5183 2113 5252 ejus

546 5288 669 5359 quis
712 5281 1037 5339 cnarrabit?
1072 5298 1090 5331 ι
1127 5288 1203 5345 et,
1256 5277 1401 5347 quod
1466 5278 1668 5339 exitus,
1709 5276 1758 5329 id
1782 5285 1885 5342 est,
1916 5291 2111 5331 essen-

545 5405 633 5457 tia:
672 5399 880 5453 initium
907 5406 1035 5451 ante
1061 5393 1243 5449 omnia
1295 5389 1491 5445 Saecula
1545 5388 1786 5442 haberet.
1828 5386 1947 5441 Jam
1991 5401 2119 5442 vero

541 5502 779 5565 quantus
807 5489 970 5543 tuerit
988 5486 1293 5540 Judaaorum
1320 5493 1531 5552 stupor,
1567 5496 1777 5535 rursum
1806 5482 2117 5535 consideres

542 5587 727 5640 velint.
750 5584 884 5637 Cum
920 5582 1064 5635 enim
1090 5577 1334 5632 dicerent
1362 5596 1375 5630 :
1411 5594 1428 5627 ι
1465 5574 1713 5629 Christus
1737 5588 1856 5627 cum
1886 5574 2114 5636 venerit,

546 5693 704 5736 nemo
725 5676 829 5731 scit
896 5674 1039 5727 unde
1098 5670 1190 5733 sit,
1233 5687 1251 5720 ι
1289 5682 1474 5722 rursus
1524 5668 1664 5720 inter
1714 5680 1772 5720 se
1822 5665 2114 5720 dicebant:

615 5861 660 5895 ⁸⁸
700 5858 864 5916 Hebr.
895 5872 929 5922 ι,
955 5856 987 5908 5
1082 5850 1128 5883 ⁴⁹
1165 5849 1323 5906 Micli.
1353 5864 1401 5913 ν,
1435 5846 1487 5900 2.

1563 5848 1610 5878 ⁸ο
1645 5844 1743 5900 lsa.
1771 5860 1884 5911 Lm,
1911 5846 1961 5902 8.
2016 5908 2039 5917 ὑ
2066 5844 2109 5875 ⁵³
2151 5844 2251 5899 lsa.
2284 5857 2357 5905 XI,
2390 5843 2435 5895 l.

2221 4645 2351 4708 Θεὸς
2378 4644 2454 4698 ὢν
2484 4643 2663 4713 φύσει,
2717 4646 2811 4696 καὶ⁸
2858 4643 2956 4712 τῆς
2995 4640 3281 4713 ὑπάρξεως
3323 4640 3421 4710 τὴν
3459 4641 3637 4710 ἀρχὴν
3691 4640 3805 4693 άπ-

2222 4736 2389 4790 οπτόν
2418 4753 2478 4787 τε
2510 4737 2602 4788 καὶ
2645 4734 3029 4804 ἀκατάληπτον
3071 4733 3230 4803 ἔχων,
3262 4733 3639 4802 κεχρημάτικε
3691 4731 3806 4799 Βη-

2223 4829 2534 4898 θλεεμίτης,
2570 4826 2643 4889 ὡς
2675 4828 2738 4879 ἐκ
2769 4826 2927 4897 ῥίζης
2968 4826 3165 4878 Ἰεσσαὶ
3197 4826 3290 4878 καὶ
3317 4822 3500 4885 Δαόὶδ,
3524 4825 3639 4877 ἐκεῖ
3672 4840 3805 4891 γεν-

2221 4922 2405 4991 νηθεὶς
2431 4920 2570 4974 κατὰ
2615 4919 2810 4991 σάρκα,
2843 4918 2978 4988 πρὸς
3008 4916 3271 4987 ἀλλήλους
3314 4916 3550 4985 ἔφασκον
3572 4931 3587 4944 ⁸
3625 4934 3643 4965 ι
3689 4915 3810 4985 Οὐχ

2228 5011 2383 5077 οὗτός
2438 5015 2589 5067 ἐστιν
2626 5012 2685 5065 ὃν
2749 5011 3002 5081 ζητοῦσιν
3046 5011 3403 5073 ἀποκτεῖναι;
3442 5009 3545 5061 Ἴδε
3586 5010 3812 5078 παρῤη-

2226 5109 2317 5179 σίᾳ
2355 5107 2528 5172 λαλεῖ,
2566 5104 2660 5158 καὶ
2691 5103 2841 5156 οὐδὲν
2890 5102 3037 5173 αὑτῷ
3067 5102 3285 5170 λέγουσι
3312 5116 3324 5129 ⁸
3362 5102 3435 5171 μή
3470 5116 3600 5152 ποτε
3630 5098 3811 5166 ἔγνω-

2223 5218 2324 5254 σαν
2367 5200 2417 5252 oi.
2460 5199 2740 5268 ἄρχοντες,
2775 5197 2857 5248 ὅτι
2887 5189 3039 5257 οὗτός
3070 5196 3220 5247 ἐστιν
3262 5195 3290 5245 ὁ
3318 5192 3583 5262 Χριστός;
3642 5190 3815 5243 Ἀλλὰ

2216 5293 2403 5347 τοῦτον
2430 5292 2651 5361 οἴδαμεν
2675 5289 2837 5342 πόθεν
2864 5288 3009 5341 ἐστίν
3031 5303 3043 5316 ·
3076 5289 3104 5340 6
3132 5287 3191 5341 δὲ
3212 5286 3447 5357 Χριστὸς
3476 5286 3608 5338 ὅταν
3637 5284 3813 5355 ἕρκη-ο

2216 5399 2327 5447 ται,
2355 5381 2528 5443 οὐδεὶς
2564 5379 2823 5448 γινώσκει
2857 5377 3019 5431 πόθεν
3042 5376 3208 5431 ἐστίν.
3234 5395 3253 5429 ι
3286 5378 3520 5430 ’Ἤκουον
3553 5375 3685 5447 γάρ,
3730 5376 3812 5439 ὡς

2216 5473 2375 5543 ἔφην,
2413 5471 2508 5525 τοῦ
2550 5471 2829 5540 προφήτου
2879 5469 3128 5537 λέγοντος
3167 5468 3449 5541 ἐναργῶςο
3498 5489 3516 5518 ι
3557 5468 3671 5537 Τὴν
3708 5483 3809 5533 γε-

2222 5565 2349 5618 νεὰν
2370 5560 2532 5616 αὑτοῦ
2551 5561 2630 5624 τίς
2649 5561 2966 5631 διηγήσεται
2990 5575 3004 5625 ;
3029 5582 3048 5609 ι
3070 5559 3163 5613 καὶ
3187 5559 3269 5612 ὅτι
3297 5558 3394 5622 τὰς
3422 5557 3653 5624 ἐξόδους,
3685 5557 3811 5625 ἦτοι

2224 5658 2322 5729 τὴν
2349 5653 2582 5726 ὓπαρξιν
2614 5653 2720 5723 πρὸ
2756 5651 2955 5714 παντὸς
2981 5649 3175 5715 αἰῶνος
3214 5649 3348 5721 ἔχει.
3380 5648 3571 5721 Ἀθρει
3613 5648 3678 5720 δή
3715 5664 3814 5719 μοι

2516 5840 2560 5871 δ’
2597 5836 2753 5892 Joan.
2786 5852 2877 5901 \‘Il,
2908 5835 3095 5890 25-27.
