4054 6332
306 437 406 493 ιιι
1386 449 1755 508 ADVERSUS
1790 447 2191 507 NESTORIUM
2236 451 2366 508 LIB.
2409 452 2497 507 Ill.
3443 458 3544 512 ΗΒ.

299 558 466 613 πάλιν
498 560 600 629 τῆς
642 562 917 618 Ἰουδαίων
942 566 1341 641 ὲμδροντησίας
1377 574 1438 626 τὸ
1469 573 1696 643 μέγεθος
1716 588 1730 600 ·
1769 574 1842 640 φά

1946 624 1949 630 ,
1983 592 2001 624 ‹
2040 572 2136 627 llic
2158 584 2240 629 est
2272 590 2395 632 vere
2433 576 2692 645 propheta
2723 590 2737 628 :
2772 574 2863 631 alii
2892 589 3020 630 vero
3052 574 3322 643 dicebant,
3347 576 3541 645 inquit,

299 667 528 715 σκοντες
558 652 668 724 γάρ
692 672 706 687 ·
742 673 761 706 ι
810 657 867 709 ὐ
898 658 1133 728 Χριστὸς
1156 662 1285 717 ὅταν
1312 663 1556 736 ἔρχηται,
1583 664 1758 727 οὐδεὶς
1786 682 1841 732 γι

1978 665 2074 719 llic
2114 677 2198 721 est
2242 667 2519 731 Christus;
2572 667 2657 721 alii
2699 667 2947 722 dicebant
2980 685 2994 721 :
3022 665 3159 720 Num
3205 682 3269 722 ex
3327 667 3541 723 Galilaea

297 741 499 795 νώσκει
527 744 692 797 πόθεν
716 746 866 799 ἐστί’
905 767 924 800 ι
966 750 1126 803 πάλιν
1170 756 1308 824 πρὸς
1347 756 1609 828 ἀλλήλους
1651 756 1834 825 ἔλεγον

1974 758 2223 811 Christus
2262 758 2445 812 venit?
2470 772 2645 812 nonne
2686 758 2967 829 Scriptura
3006 760 3155 823 dicit,
3188 761 3327 827 quod
3364 775 3426 814 ex
3458 775 3542 814 se-

305 852 326 883 α
360 828 526 898 Οὗτός
557 837 707 890 ἐστιν
734 838 949 909 ἀληθῶς
983 842 1012 894 6
1045 847 1328 918 προφήτης
1353 865 1367 879 ’
1396 848 1546 903 ἄλλοι
1571 850 1631 904 δὲ
1663 848 1844 918 ἔλεγον

1974 850 2113 902 mine
2138 849 2298 902 David
2327 861 2379 904 et
2399 853 2464 904 de
2482 849 2793 905 Bethlehem
2818 828 3064 915 castello,
3099 852 3185 906 ubi
3211 861 3328 907 erat
3350 853 3538 916 David,

294 928 484 995 φησιν,
512 927 597 981 ὅτι
626 929 800 993 Αὐτός
823 933 969 986 ἐστιν
995 935 1023 987 6
1062 937 1295 1008 Χριστός
1316 956 1328 967 ·
1368 943 1416 994 oi
1450 942 1506 994 δὲ
1535 941 1743 1011 ἔλεγονο
1778 942 1844 997 Mi

1971 940 2218 995 Christus
2250 942 2394 995 venit
2416 941 2576 995 "'5‘?
2604 962 2622 994 ι
2659 941 2816 996 Vides
2852 953 2909 995 ut
2940 942 3233 1007 insaniunt,
3263 945 3390 999 dum
3420 945 3539 1013 ejus

292 1016 407 1088 γὰρ
452 1019 519 1072 ὲκ
561 1022 662 1106 τῆς
710 1022 1003 1089 Γαλιλαίας
1048 1029 1077 1081 6
1108 1030 1344 1099 Χριστὸς
1382 1032 1633 1104 ἔρχεται;
1682 1035 1844 1105 οὐχὶι

1974 1041 2219 1087 naturam
2252 1034 2404 1087 initio
2427 1044 2721 1098 carentem,
2750 1034 2893 1103 quod
2926 1034 2991 1088 ad
3025 1034 3360 1089 divinitatem
3406 1037 3536 1090 atti-

293 1107 488 1179 Γραφὴ
531 1105 685 1165 εἶπεν
712 1113 794 1167 ὄτι
822 1117 887 1167 ὲκ
921 1117 1237 1188 σπέρματος
1273 1123 1458 1186 Δαϐιδ,
1487 1125 1581 1178 καὶ
1624 1126 1732 1179 ἀπὸ
1764 1105 1870 1197 Br}?

292 1198 462 1271 θλεὲμ
489 1202 593 1273 τῆς
634 1204 849 1276 κώμης,
898 1208 1033 1262 ὃπου
1069 1206 1137 1281 ἦν
1166 1213 1348 1280 Δαϐὶδ,
1389 1217 1417 1267 6
1451 1217 1682 1288 Χριστὸς
1708 1218 1868 1289 ἔρχε-

290 1310 417 1357 ται;
460 1313 478 1344 ι
542 1295 704 1367 Ὁρᾷς
750 1294 845 1351 οῦν
890 1300 1039 1365 ὅπως
1087 1305 1180 1357 καὶ
1213 1308 1637 1377 καταμεθῦουσι,
1674 1312 1765 1364 καὶ
1807 1313 1867 1365 τὸ

288 1384 527 1455 ἄναρχον
560 1385 776 1452 θεῖκῶς,
812 1389 904 1443 καὶ
937 1390 1035 1461 τὴν
1074 1395 1131 1447 ὲν
1169 1396 1345 1466 χρόνῳ
1388 1399 1637 1469 γέννησιν
1677 1419 1866 1471 σαρκι-

288 1477 398 1544 κὴν
430 1478 818 1548 ὁμολογοῦντες
853 1486 1052 1552 αὐτοῦς
1121 1489 1259 1541 Ἀλλ’
1306 1492 1406 1544 οὐκ
1449 1491 1515 1546 ἂν
1562 1495 1642 1556 είς
1694 1495 1865 1558 οὕτως

290 1568 563 1633 ἐκτύπους
604 1572 999 1644 ἀπεκομίζοντο
1053 1578 1394 1645 δυσϐουλίας,
1456 1585 1613 1656 εῖπερ
1670 1586 1865 1656 ᾔδεσαν

284 1658 524 1730 ἀληθῶς,
559 1663 639 1715 ὅτι
677 1664 809 1729 Θεὸς
840 1666 915 1720 ὢν
960 1671 988 1722 6
1012 1672 1202 1739 Λόγος,
1232 1676 1296 1727 ὲκ
1330 1674 1486 1746 ῥίζης
1525 1677 1625 1748 τῆς
1669 1678 1864 1733 Ἰεσσαὶ

282 1750 383 1803 καὶ
407 1751 589 1818 Δαδιδ,
625 1754 719 1807 καὶ
747 1756 847 1826 τῆς
870 1760 1031 1827 ἁγίας
1063 1762 1339 1833 Παρθένου
1362 1767 1630 1838 προῆλθεν
1657 1769 1864 1841 ἄνθρω-

282 1859 406 1908 πος,
454 1844 767 1916 ὠνόμασται
797 1849 854 1903 δὲ
901 1853 996 1906 καὶ
1028 1853 1415 1927 Βηθλεεμίτης,
1448 1861 1477 1913 6
1523 1863 1628 1931 γῆς
1675 1879 1735 1915 τε
1770 1864 1863 1917 καὶ

278 1933 514 2004 οὐρανοῦ
566 1938 661 1990 καὶ
706 1939 814 1995 τῶν
861 1941 998 1996 ὅλων
1029 1947 1336 2019 Δεσπότηςο
1376 1969 1395 2001 ‹
1447 1950 1862 2023 Συνεπτώχευσε

278 2024 391 2096 γὰρ
423 2028 554 2097 ἡμῖν
585 2029 838 2096 πλούσιος
868 2033 966 2099 ὣν,
1008 2055 1028 2089 ι
1068 2038 1208 2092 κατὰ
1251 2040 1314 2093 τὸ
1351 2045 1751 2113 γεγραμμένον.
1800 2048 1865 2105 Τί

278 2116 570 2207 τοιγαροῦν
610 2124 731 2185 ταῖς
753 2124 865 2178 τῶν
911 2127 1179 2182 Ἰουδαίων
1210 2130 1518 2201 τερθρείαις
1555 2135 1717 2188 αὐτὸν
1749 2135 1859 2207 [ἵσ.

278 2206 501 2298 σαυτὸν]
542 2211 723 2274 ἐνιεὶς,
763 2216 1115 2286 πεφρόντικάς
1153 2235 1214 2271 τε
1279 2221 1374 2273 καὶ
1420 2222 1598 2291 λέγεις
1630 2224 1666 2279 ἃ
1723 2206 1861 2298 μήτε

277 2296 439 2367 θέμις
473 2302 667 2370 εἰπεῖν,
702 2306 836 2377 μήτε
883 2308 989 2379 μὴν
1036 2312 1238 2365 ἐννοεῖν
1270 2311 1535 2384 ἀζήμιον;
1569 2316 1705 2370 Ἕνα
1739 2296 1860 2389 μεθ’

276 2390 437 2459 ἡμῶν
465 2392 714 2463 ὁμολόγει
748 2398 1013 2470 Χριστόν⁸
1045 2402 1139 2455 καὶ
1171 2403 1247 2474 μὴ
1290 2403 1593 2475 διατέμνων
1644 2410 1724 2473 εἰς
1767 2410 1861 2463 δύο

273 2477 338 2548 δὴ
389 2481 550 2535 πάλιν
582 2484 759 2539 ἐκεῖνο
786 2487 946 2556 λέγε·
994 2491 1295 2565 Ἀπεστάλη
1329 2496 1358 2547 6
1395 2497 1521 2568 ἡμῖν
1554 2499 1855 2568 ὁμοούσιος,

275 2572 371 2623 καὶ
414 2573 695 2644 κέχρισται
743 2578 1028 2650 κηρύττων
1078 2584 1449 2654 αἰχμαλώτοις
1494 2589 1708 2658 ἄφεσιν,
1763 2593 1858 2646 καὶ

270 2660 495 2728 τυφλοῖς
531 2665 848 2735 ἀνάϐλεψιν.
905 2666 1040 2725 Εἶτα
1087 2674 1210 2726 ὅποι
1259 2677 1391 2730 ποτὲ
1436 2678 1697 2748 βαδιεῖται
1748 2681 1856 2735 τῶν

274 2750 554 2822 θεηγόρων
588 2757 617 2807 6
648 2755 822 2824 λόγος,
857 2759 906 2811 οἳ
943 2765 1293 2831 μυσταγωγοὶ
1324 2767 1577 2834 γεγόνασι
1622 2769 1721 2839 τῆς
1764 2771 1854 2823 ὑπ’

272 2843 537 2913 οὐρανόν;
570 2847 743 2901 Αὑτὸν
773 2850 882 2921 γὰρ
912 2851 1306 2926 διακεκρὰγασι
1345 2857 1438 2910 τὸν
1465 2860 1530 2912 ἐκ
1569 2860 1703 2914 Θεοῦ
1738 2862 1852 2914 Πα-

270 2934 402 3003 τρὸς
429 2936 618 3002 Λόγον,
655 2940 883 3011 Σωτῆρα
927 2943 1035 2996 τῶν
1063 2944 1201 2999 ὅλων
1230 2948 1481 3015 γενέσθαι
1513 2951 1607 3003 καὶ
1628 2952 1851 3025 Λυτρω-

269 3026 393 3095 τὴν,
422 3025 519 3095 οὐχ
546 3027 623 3090 ὼς
651 3030 938 3101 ἀνθρώπου
973 3035 1349 3103 μεσιτεύοντος
1381 3042 1510 3111 παρ’
1536 3042 1698 3096 αὐτὸν
1736 3047 1852 3099 ἑτε-

272 3132 392 3185 ρου,
411 3118 662 3191 καθάπερ
694 3122 885 3192 ἀμέλει
919 3126 1012 3178 καὶ
1044 3128 1073 3179 6
1092 3127 1316 3199 Μωσῆς,
1335 3131 1391 3182 ὲν
1420 3132 1550 3185 εῖδει
1567 3134 1624 3187 δὲ
1650 3137 1850 3205 μᾶλλον

269 3207 367 3316 ’καὶ
414 3210 719 3316 ὁμοιώματι
766 3215 1069 3316 τσωματικῷ
1117 3217 1255 3286 πρὸς
1297 3220 1447 3289 ἡμᾶς
1496 3226 1845 3295 καθιγμένον.
1877 3259 1917 3316 C

266 3296 571 3368 Κέχρισται
599 3300 710 3370 γὰρ
736 3295 890 3366 οὗτος
916 3305 997 3368 εἰς
1042 3307 1328 3379 Ἀρχιερέα
1353 3312 1444 3363 καὶ
1488 3314 1807 3371 Ἀπόστολον
1828 3336 1844 3353 °

265 3389 364 3443 καὶ
396 3389 524 3457 γοῦν
570 3392 841 3457 Ἰουδαίοις
869 3397 1124 3466 ἐπετίμα,
1153 3399 1355 3468 λέγων·
1393 3421 1411 3453 ι
1448 3405 1559 3458 Οὐκ
1604 3407 1719 3462 ἔστι
1749 3428 1843 3478 γε·

263 3481 589 3551 γραμμένον
616 3484 673 3537 ὲν
703 3484 781 3556 τῷ
809 3486 956 3557 νόμῳ
983 3489 1159 3559 ὑμῶν’
1192 3492 1332 3559 Ἐγὼ
1345 3491 1499 3547 εἶπα·
1524 3497 1647 3551 Θεοί
1678 3501 1800 3554 ἐστε
1824 3520 1839 3567 ;

260 3572 329 3625 El
363 3574 605 3638 ἐκείνους
646 3573 766 3629 εἷπε
809 3578 962 3644 θεοὺς
994 3582 1131 3652 πρὸς
1172 3582 1267 3647 οὓς
1303 3588 1333 3638 6
1377 3586 1533 3656 λόγος
1580 3591 1673 3643 τοῦ
1707 3592 1840 3646 Θεοῦ

259 3664 505 3732 ἐγένετο,
536 3668 629 3721 καὶ
656 3671 718 3721 οὐ
746 3670 971 3726 δύναται
1002 3674 1227 3745 λυθῆναι
1274 3680 1308 3748 ἡ
1338 3679 1548 3753 Γραφὴ,
1579 3683 1637 3735 ὃν
1665 3687 1694 3738 6
1728 3687 1840 3741 Πα-

258 3755 370 3826 τὴρ
414 3757 607 3827 ήγίασε
651 3761 746 3813 καὶ
783 3765 1101 3818 ἀπέστειλεν
1149 3769 1230 3831 εἰς
1278 3770 1368 3821 τὸν
1416 3772 1650 3848 κόσμον,
1684 3776 1840 3845 ὑμεῖς

260 3848 478 3918 λέγετε,
510 3852 591 3905 ὅτι
626 3854 998 3926 Βλασφημεῖς,
1046 3858 1127 3911 ὅτι
1163 3854 1350 3915 εἷπον·
1390 3863 1515 3926 Υἱὸς
1562 3866 1657 3919 τοῦ
1701 3866 1836 3922 Θεοῦ

258 3944 415 4011 είμι;
453 3962 472 3992 ι
523 3944 662 3996 Ἀνθ’
710 3947 832 3998 ὅτου
864 3948 921 3999 δὲ
968 3948 1030 4021 δὴ
1071 3967 1162 4003 τον
1194 3952 1385 4006 ἑαυτὸν
1418 3956 1654 4010 καθέντα
1702 3961 1836 4029 πρὸς

258 4032 493 4085 κένωσιν
544 4034 631 4087 ἵνα
680 4035 830 4108 σώσῃ
870 4037 969 4107 τὴν
1018 4039 1109 4093 ὑπ’
1136 4041 1386 4111 οὐρανὸν,
1430 4046 1539 4097 τῶν
1570 4050 1651 4111 είς
1690 4052 1835 4119 ἡμᾶς

256 4125 561 4194 γεγονότων
590 4125 1095 4198 θεοπρεπεστάτων,
1123 4133 1220 4186 καὶ
1247 4133 1591 4203 ἀξιαγάστων
1618 4140 1833 4211 ἀληθῶς

256 4217 703 4289 κατορθωμάτων
730 4221 1108 4294 ὲκπέμψομεν,
1130 4226 1465 4281 ἀπεστάλθαι
1491 4228 1738 4300 λέγοντες
1757 4233 1833 4297 ὡς

254 4310 443 4381 ἕτερόν
471 4328 590 4363 τινα
620 4312 752 4383 παρ’
780 4314 943 4368 αὐτὸν
974 4316 1107 4385 ἡμῖν
1137 4317 1456 4387 όμοούσιονς
1492 4322 1683 4376 Καίτοι
1714 4325 1833 4389 πῶς

252 4401 355 4454 οὐκ
378 4401 600 4471 ἄμεινον
628 4404 821 4468 εἰπεῖν,
854 4405 950 4458 καὶ
978 4406 1084 4478 μὴν
1119 4410 1212 4462 καὶ
1241 4410 1457 4465 ἑλέσθαι
1488 4417 1723 4483 φρονεῖν,
1754 4416 1830 4481 ὡς

250 4492 585 4549 ἁπέσταλταί
602 4512 661 4548 τε
690 4498 784 4550 καὶ
805 4497 1030 4566 γέγονεν
1051 4502 1181 4570 ἡμῖν
1201 4503 1502 4573 ὁμοούσιος,
1528 4508 1825 4573 τουτέστιν,

1972 1134 2084 1187 net,
2110 1134 2165 1179 et
2183 1125 2453 1180 carnalem
2478 1124 2530 1178 in
2565 1132 2805 1193 tempore
2827 1126 3225 1193 generationem
3271 1125 3540 1181 fatentur?

1971 1216 2075 1270 Sed
2102 1231 2371 1287 nunquam
2406 1217 2458 1270 in
2489 1230 2595 1271 tam
2616 1216 2878 1271 absurdas
2901 1217 3215 1287 ineptasque
3241 1220 3539 1273 sententias

1968 1307 2183 1362 abducti
2200 1318 2402 1374 essent,
2426 1309 2472 1364 si
2502 1323 2627 1363 vere
2648 1308 3057 1373 intellexissent,
3078 1311 3248 1378 ipsum
3276 1308 3533 1373 Verbum,

1967 1412 2089 1449 cum
2136 1405 2280 1451 esset
2326 1398 2488 1461 Deus,
2528 1413 2594 1453 ex
2650 1398 2835 1453 radice
2860 1397 3014 1453 Jesse
3052 1407 3108 1452 et
3157 1400 3322 1453 David
3380 1412 3431 1453 et
3466 1416 3534 1454 ex

1968 1498 2157 1542 sancta
2205 1489 2423 1559 Virgine
2456 1490 2729 1546 hominem
2785 1491 3069 1559 prodiisse,
3100 1491 3535 1560 appellatumque

1965 1594 2083 1635 esse
2118 1580 2521 1636 Bethleemitam
2552 1583 2726 1650 ipsum
2748 1592 2923 1649 terrm,
2948 1583 3070 1636 coeli
3132 1584 3534 1637 universorum-

1964 1686 2069 1740 que
2085 1670 2392 1729 Dominum.
2420 1691 2438 1725 ι
2457 1673 2745 1729 Nobiscum
2774 1676 2916 1729 enim
2939 1676 3094 1729 simul
3121 1691 3319 1743 egenus
3345 1686 3427 1730 est
3456 1676 3534 1729 fa-

1963 1774 2107 1827 ctus,
2135 1778 2256 1817 cum
2283 1764 2433 1819 dives
2449 1774 2645 1829 esset,»
2670 1775 2726 1818 ut
2751 1766 3009 1836 scriptum
3027 1777 3110 1822 est
3129 1766 3194 1819 ⁵⁸.
3219 1765 3536 1836 Quidigitur

1965 1852 2018 1906 iu
2042 1852 2348 1909 Judaaorum
2376 1870 2544 1925 nugas
2575 1866 2624 1910 te
2649 1860 2761 1925 ipse
2793 1858 3038 1925 conjicis,
3075 1868 3125 1912 et
3160 1874 3220 1912 ea
3255 1860 3421 1912 sentis
3470 1875 3534 1911 ac

1895 1929 1938 1984 Β
1966 1943 2121 2005 dicis,
2140 1958 2257 2011 qua:
2293 1959 2464 2014 neque
2491 1945 2666 2014 eloqui
2696 1946 2777 2000 l'as
2799 1957 2903 2010 est,
2935 1955 2989 2000 et
3036 1948 3351 2003 damnosum
3385 1949 3529 2016 cogi-

1967 2034 2122 2088 tare?
2151 2032 2324 2088 Unum
2360 2037 2637 2091 nobiscum
2686 2039 2985 2094 consistere
3031 2040 3323 2108 Christum,
3357 2056 3533 2110 neque

1966 2127 2018 2180 in
2047 2127 2152 2181 duo
2180 2144 2392 2182 rursum
2429 2129 2675 2185 dividens
2696 2132 2845 2186 dicas
2876 2145 2890 2185 τ
2922 2132 3119 2188 Missus
3151 2145 3232 2189 est
3257 2135 3345 2189 ille
3376 2136 3529 2189 nobis

1961 2218 2460 2285 c0nsubstantialis,
2489 2230 2543 2276 et
2600 2234 2795 2277 unctus
2841 2235 2924 2278 est
2970 2226 3265 2292 praedicans
3305 2229 3528 2295 captivis

1964 2308 2287 2375 libertatem,
2336 2320 2392 2366 et
2443 2312 2601 2367 caecis
2642 2313 2813 2366 visum
2845 2314 2910 2367 ⁸⁸.
2941 2316 3099 2383 Atqui
3153 2332 3259 2384 quo
3310 2318 3524 2370 tandem

1960 2400 2113 2455 ibunt
2138 2402 2506 2473 theologorum
2532 2405 2717 2469 verba,
2740 2406 2830 2474 qui
2868 2407 3116 2461 doctores
3145 2407 3294 2461 orbis
3352 2417 3526 2461 terra-

1960 2508 2077 2546 rum
2115 2493 2364 2548 fneruut?
2385 2494 2562 2565 Ipsum
2588 2513 2821 2566 namque
2850 2513 2915 2551 ex
2937 2499 3046 2553 Deo
3076 2499 3235 2554 Patre
3290 2500 3522 2555 Verbum

1959 2584 2293 2643 Salvatorem
2316 2602 2380 2643 ac
2402 2589 2816 2659 Redemptorem
2841 2594 3081 2646 omnium
3101 2595 3527 2661 praedicaverunt

1960 2693 2064 2730 non
2096 2680 2251 2748 quasi
2284 2680 2445 2735 homo
2475 2682 2542 2735 ah
2558 2696 2624 2736 eo
2655 2682 2899 2737 diversus
2925 2682 3239 2751 interiectus
3291 2686 3357 2738 sit
3408 2700 3523 2739 me-

1955 2769 2150 2833 diator,
2201 2779 2255 2823 ut
2316 2770 2474 2839 plane
2524 2771 2720 2836 Moses,
2773 2774 2866 2828 sed
2914 2776 3090 2842 potius
3120 2777 3263 2843 quod
3288 2778 3374 2830 ille
3406 2778 3524 2847 ipse

1956 2862 2136 2929 specie
2158 2876 2221 2916 ac
2248 2862 2601 2918 similitudine
2623 2879 2883 2934 corporea
2915 2866 2981 2919 ad
3028 2883 3127 2921 nos
3160 2869 3516 2922 descenderit.

1957 2952 2053 3010 llic
2091 2970 2321 3022 namque
2356 2956 2408 3009 in
2436 2956 2750 3025 Apostolutn
2779 2968 2833 3011 et
2861 2957 3264 3014 Pontillcemcst
3288 2973 3517 3017 unctus:

1955 3047 2137 3116 itaque
2168 3046 2380 3103 Judatos
2407 3047 2761 3114 coarguebat,
2788 3046 2973 3101 dicens
3011 3064 3025 3101 :
3099 3068 3117 3099 ‹
3156 3047 3341 3103 Nonne
3392 3053 3519 3104 scri-

1954 3151 2100 3209 ptum
2122 3143 2274 3195 estin
2310 3143 2427 3212 lege
2453 3147 2626 3198 vestra
2662 3153 2679 3197 ς
2712 3138 2821 3207 Ego
2838 3139 2970 3202 dixi,
3004 3138 3083 3193 Dii
3124 3142 3291 3193 estis?
3322 3141 3376 3195 Si
3404 3142 3521 3196 illos

1952 3232 2086 3285 dixit
2108 3235 2255 3296 deos,
2285 3235 2350 3285 ad
2373 3249 2508 3301 quos
2542 3250 2720 3288 sermo
2758 3231 2845 3289 Dei
2877 3231 3050 3289 factus
3081 3241 3181 3297 est,
3212 3243 3265 3287 et
3294 3249 3394 3287 non
3430 3251 3521 3303 po-

1956 3331 2059 3374 test
2098 3322 2231 3374 solvi
2258 3320 2565 3391 Scriptura;
2617 3326 2907 3395 80quem
2960 3326 3119 3383 Pater
3160 3324 3519 3387 sanctiﬁcavit

1951 3420 2005 3465 et
2050 3412 2194 3464 misit
2244 3411 2294 3462 in
2346 3412 2637 3477 mundum,
2701 3430 2794 3468 vos
2853 3416 3085 3471 dicitis:
3128 3417 3514 3487 Blasphemas‘,

1948 3503 2072 3570 quia
2095 3503 2227 3565 dixi,
2262 3502 2425 3561 Filius
2455 3504 2544 3558 Dei
2570 3522 2689 3560 sum
2720 3507 2808 3558 '7?
2841 3526 2859 3559 ι
2896 3508 3008 3572 Qua
3079 3525 3204 3565 vero
3251 3513 3315 3566 de
3350 3530 3515 3568 causa

1950 3594 2095 3646 illum
2118 3595 2206 3660 qui
2236 3610 2296 3646 se
2321 3595 2387 3647 ad
2417 3595 2837 3649 exiuanitionem
2869 3600 3087 3653 demisit
3120 3611 3173 3653 ut
3194 3604 3378 3656 orbem
3407 3614 3515 3658 ter-

1949 3700 2130 3738 rarum
2156 3685 2361 3737 salvum
2407 3686 2627 3747 faceret,
2677 3704 2706 3741 a
2764 3691 2922 3742 rebus
2949 3708 3076 3761 erga
3111 3710 3205 3748 uos
3257 3698 3515 3752 divinitus

1946 3776 2102 3843 plane
2135 3784 2189 3828 et
2222 3777 2611 3831 admirabiliter
2640 3782 2805 3847 gestis
2863 3784 3231 3851 excludemus,
3291 3792 3512 3846 missum

1944 3868 2111 3921 fuisse
2135 3868 2375 3922 dicentes
2408 3867 2556 3921 illum
2590 3870 2745 3924 nobis
2775 3873 3314 3945 consubstantialem,
3350 3887 3507 3950 quasi

1943 3960 2104 4011 alium
2138 3958 2295 4012 abeo
2323 3959 2633 4013 diversum?
2663 3964 2826 4031 Atqui
2862 3980 3039 4021 nonne
3060 3970 3228 4023 satius
3277 3985 3394 4028 erat
3431 3976 3512 4030 di-

1941 4062 2084 4111 cere,
2122 4047 2230 4101 imo
2251 4062 2376 4101 vero
2402 4061 2469 4101 ex
2498 4050 2680 4105 animo
2726 4054 2949 4120 sentire,
3001 4058 3221 4110 missum
3282 4061 3500 4129 quidem

1939 4154 2059 4193 esse
2085 4139 2306 4193 illumet
2339 4137 2540 4194 factum
2611 4144 3127 4200 consubstantialem
3180 4150 3353 4218 nobis,
3406 4154 3508 4210 hoc

1939 4241 2042 4297 est,
2065 4231 2370 4296 hominem;
2403 4232 2497 4286 sed
2526 4235 2790 4289 mansisse
2810 4244 2985 4290 tamen
3012 4239 3108 4307 ipsi
3137 4240 3242 4295 Deo
3272 4259 3338 4298 ac
3365 4245 3508 4302 Patri

1938 4322 2478 4386 consubstantialem,
2512 4339 2615 4393 qua
2643 4336 2697 4379 et
2727 4328 3015 4395 cogitatur,
3049 4341 3103 4386 et
3155 4346 3292 4403 erat,
3324 4349 3380 4391 et
3430 4352 3511 4394 est

1939 4411 2112 4467 Deus?
2147 4413 2238 4467 Est
2278 4428 2533 4481 namque,
2575 4423 2680 4481 est,
2725 4417 2963 4484 inquam,
3003 4424 3141 4488 quod
3180 4436 3314 4489 erat,
3345 4429 3505 4481 etiam

1937 4520 2056 4559 cum
2082 4506 2371 4575 assumpsit
2402 4517 2646 4561 naturam
2681 4509 2991 4576 humanam,
3047 4523 3102 4568 et
3129 4519 3371 4573 eamdem
3418 4536 3507 4574 es-

250 4584 572 4655 ᾶνθρωπος·
619 4588 902 4659 όμοούσιος
947 4591 1005 4645 δὲ
1052 4594 1381 4666 μεμενηκὼς
1430 4598 1712 4670 καὶ.εαὺτῷ
1751 4600 1830 4671 τῷ

1946 4596 2162 4651 sentiam
2194 4597 2399 4652 habens
2423 4613 2543 4653 cum
2569 4598 2730 4653 Patre
2757 4602 2844 4668 qui
2872 4612 2956 4656 est
3016 4605 3066 4658 in
3103 4609 3254 4662 caelis
3283 4625 3346 4663 ac
3374 4611 3502 4676 Deo,

249 4674 371 4745 Θεῷ
420 4678 513 4731 καὶ
546 4679 741 4750 Πατρὶ,
791 4680 927 4734 καθὸ
970 4682 1064 4736 καὶ
1104 4686 1321 4751 νοεῖται,
1366 4688 1461 4743 καὶ
1494 4685 1563 4761 ἦν
1609 4708 1691 4755 τε,
1734 4693 1830 4746 καὶ

247 4768 366 4822 ἔστι
397 4769 562 4835 Θεός;
595 4770 711 4825 ἔστι
738 4774 867 4845 γὰρ,
900 4774 1087 4828 Ἔστιν
1112 4774 1141 4828 ὃ
1174 4771 1264 4847 ἦν,
1291 4778 1385 4831 καὶ
1417 4781 1740 4852 προσλαϐὼν
1766 4782 1829 4836 τὸ

246 4860 621 4932 ἀνθρώπινον,
675 4864 816 4934 ἔχων
877 4864 935 4918 δὲ
986 4865 1085 4937 τὴν
1138 4870 1441 4941 ταυτότητα
1492 4872 1592 4942 τῆς
1638 4873 1827 4938 οὐσίας

245 4952 386 5025 πρὸς
421 4954 513 5007 τὸν
543 4956 603 5008 ὲν
645 4958 758 5020 τοῖς
783 4956 1026 5027 οὐρανοῖς
1066 4959 1284 5031 Πατέρα
1316 4963 1409 5014 καὶ
1437 4961 1589 5024 Θεὸν,
1622 4964 1822 5018 ἐπελά-

244 5044 370 5098 ϐετο
402 5044 580 5115 σοφῶς
609 5048 703 5101 καὶ
737 5048 837 5118 τῆς
866 5049 1003 5119 πρὸς
1030 5050 1175 5119 ἡμᾶς
1206 5051 1522 5123 ὁμοιότητος
1540 5071 1555 5085 ·
1584 5054 1820 5110 τέθειται

240 5137 298 5191 δὲ
323 5138 419 5192 καὶ
449 5138 695 5208 μεσίτης,
727 5140 960 5193 συνδέων
979 5141 1044 5195 δι’
1065 5142 1258 5196 ἑαυτοῦ
1284 5144 1421 5215 πρὸς
1444 5147 1672 5217 ἑνότητα
1696 5164 1818 5217 σχε-

240 5230 400 5301 τικὴν
447 5229 517 5282 τὰ
550 5234 661 5294 τοῖς
699 5230 801 5301 τῆς
835 5231 1050 5300 φύσεως
1094 5233 1274 5300 λόγοις
1321 5236 1625 5305 ὀλοτρόπως
1656 5237 1819 5307 ἀλλή-

240 5318 349 5372 λων
385 5319 709 5391 διῃρημένα.
751 5321 946 5387 Γέγονε
991 5322 1120 5392 γὰρ,
1159 5323 1290 5385 Θεὸς
1321 5323 1397 5377 ὢν
1441 5325 1623 5394 φύσει,
1676 5328 1818 5383 κατὰ

238 5412 503 5483 ἀλήθειαν
558 5412 863 5483 ἄνθρωπος,
912 5414 999 5466 ἴνα
1044 5416 1137 5467 καὶ
1183 5417 1343 5487 ἡμεῖς
1388 5419 1817 5489 χρηματίσωμεν

236 5506 418 5568 γένος,
446 5499 628 5552 οὐκέτι
650 5501 742 5553 τοῦ
770 5502 1007 5571 πρώτου,
1035 5506 1303 5570 τουτέστι,
1324 5507 1419 5560 τοῦ
1449 5507 1652 5578 χοϊκοῦ,
1679 5509 1817 5580 πρὸς

232 5591 295 5643 ὃν
322 5593 538 5659 εἴρηται
587 5592 737 5661 παρὰ
785 5592 943 5660 Θεοῦ,
994 5615 1011 5645 ι
1054 5596 1129 5665 Γῆ
1156 5596 1227 5663 εἶ,
1286 5598 1376 5651 καὶ
1421 5600 1501 5662 είς
1548 5600 1651 5671 γῆν
1701 5602 1810 5654 ἀπ-

232 5681 454 5751 ελεύσῃ,
476 5700 493 5732 ι
513 5680 607 5733 τοῦ
640 5683 731 5734 καὶ
776 5684 854 5747 εἰς
898 5682 1125 5739 θάνατον
1154 5688 1639 5759 παραπέμποντος*
1670 5690 1809 5745 ἀλλὰ

1932 4684 2168 4753 suscepit
2196 4687 2425 4755 sapienti
2450 4688 2677 4742 consilio
2708 4700 2945 4745 nostram
2980 4707 3195 4763 quoque
3252 4699 3506 4755 similitu-

1931 4776 2131 4840 dinem,
2158 4777 2287 4845 quin
2310 4780 2475 4831 etiam
2527 4780 2735 4847 positus
2794 4790 2878 4837 est
2924 4787 3208 4853 mediator,
3259 4793 3348 4859 qui
3403 4810 3501 4863 per

1928 4868 2165 4935 seipsum
2191 4871 2257 4923 ad
2294 4869 2646 4939 respectivatn
2683 4873 2943 4928 unitatem
2975 4877 3254 4946 colligaret
3278 4898 3342 4937 ea
3374 4901 3499 4954 qua:

1927 4968 2134 5013 naturae
2173 4960 2469 5017 rationibus
2493 4965 2707 5034 penitus
2729 4977 2882 5020 erant
2908 4969 3046 5024 inter
3087 4986 3145 5026 se
3206 4975 3493 5045 disjuucta.

1928 5048 2061 5104 Nam
2087 5052 2177 5121 qui
2210 5053 2349 5109 Deus
2372 5064 2491 5109 erat
2517 5070 2583 5110 ex
2616 5066 2828 5122 natura,
2860 5057 3034 5116 factus
3084 5077 3166 5118 est
3200 5066 3361 5123 homo
3407 5087 3496 5126 se-

1926 5143 2161 5197 cundum
2193 5145 2499 5211 veritatem,
2526 5157 2585 5202 ut
2608 5162 2703 5202 nos
2736 5164 2952 5220 quoque
2979 5154 3149 5209 simus
3194 5172 3361 5228 genus
3388 5178 3494 5218 non

1911 5232 2025 5301 jam
2061 5236 2204 5291 illius
2228 5238 2412 5306 primi,
2440 5239 2542 5293 hoc
2591 5249 2694 5307 est,
2732 5245 2952 5309 terreni,
3011 5247 3076 5300 ad
3105 5263 3262 5317 quem
3288 5252 3490 5309 dictum

1918 5336 2005 5380 est
2042 5342 2070 5381 a
2101 5328 2228 5382 Deo.
2269 5347 2289 5381 c
2356 5328 2524 5385 Terra
2576 5346 2656 5396 es,
2681 5344 2735 5389 et
2788 5336 2840 5391 in
2887 5344 3091 5392 terram
3122 5342 3225 5396 ibis
3244 5343 3312 5410 ⁸⁸,
3352 5362 3371 5395 ι
3397 5347 3489 5415 qui

1917 5417 2082 5471 etiam
2120 5420 2504 5475 transmittitin
2536 5434 2797 5489 mortem;
2838 5428 2931 5481 sed
2955 5428 3100 5484 illius
3144 5433 3365 5487 secundi
3396 5436 3488 5503 qui

1916 5520 2000 5563 est
2020 5525 2254 5580 superne
2273 5521 2328 5568 et
2357 5529 2388 5568 e
2422 5515 2581 5579 coelo,
2607 5516 2837 5583 Christi,
2875 5519 3118 5587 inquam,
3156 5526 3246 5593 qui
3280 5542 3377 5581 nos
3422 5529 3489 5583 ad

1917 5601 2280 5657 immortalem
2310 5604 2475 5660 vitam
2501 5609 2737 5673 reduxit,
2768 5618 2822 5664 et
2866 5620 3113 5667 naturam
3164 5618 3324 5671 morti
3385 5619 3488 5673 ob-

1910 5694 2151 5761 noxiam,
2181 5694 2360 5755 ell'ecit
2390 5698 2871 5772 incorruptibilem,
2902 5715 2956 5760 et
2986 5708 3224 5776 peccatis
3258 5711 3488 5764 exsolvit

260 5859 382 5892 ιη’-⁸³
424 5859 578 5917 Juan.
614 5862 895 5927 Vinio-£2.
939 5862 1047 5918 “ll
1087 5863 1211 5920 Cor.
1252 5867 1435 5930 τηυξ).
1512 5867 1557 5899 ³⁸
1596 5866 1698 5921 lsa.
1733 5883 1844 5934 LXI,

1979 5867 2110 5926 Luc.
2139 5886 2212 5940 t.-,
2250 5873 2334 5929 i9.
2413 5874 2458 5905 ³⁷
2495 5873 2648 5931 Joan.
2684 5894 2738 5944 χ,
2772 5878 2954 5933 51-56.
3034 5883 3076 5911 ⁵⁵³
3117 5882 3247 5936 Ονη.
3281 5899 3361 5946 Ill,
3400 5883 3486 5943 l9.
