4054 6332
552 463 655 516 H3

1548 444 1606 501 S.
1648 437 1911 496 CYRILLI
1953 428 2416 490 ALEXANDRINI
2455 424 2770 481 AllClll'EP.

3674 416 3775 467 ΗΔ

553 576 757 648 peccati
786 571 992 641 laqueis
1025 567 1373 636 implicatam.
1396 564 1487 617 Sic
1510 577 1643 616 sane
1680 561 1795 628 ipse
1836 558 1996 611 Pater
2022 556 2103 609 al-

2232 550 2300 602 τοῦ
2331 546 2604 615 δευτέρου,
2653 542 2743 596 τοῦ
2776 539 2982 595 ἄνωθεν
3026 555 3118 591 και
3149 536 3209 601 ἐξ
3235 533 3486 605 ούρανοῦ,
3526 533 3668 602 φημὶ
3710 533 3776 600 δὴ

2236 640 2251 648 υ
2413 635 2439 646 ~
2561 634 2585 644 α
2697 633 2710 648 I
2788 630 2813 648 ν
2866 630 2877 648 \
2967 630 2990 648 γ(
3029 630 3077 648 γε
3097 647 3107 648 κ
3137 628 3228 648 AS.-.
3275 628 3368 648 3.--;
3390 642 3542 648 _.._--.
3575 624 3743 648 L.._--l

551 647 787 739 loquitur
804 662 995 717 Filium
1023 679 1036 715 :
1060 674 1085 711 r
1106 659 1242 713 Ecce
1256 657 1373 711 dedi
1394 664 1444 708 te
1463 654 1539 725 [in
1563 652 1737 706 fmilus
1766 647 2028 719 generis,]
2052 649 2103 701 in

554 760 726 812 lucem
755 755 1010 821 gentium,
1032 751 1341 820 utaperires
1366 747 1549 802 oculos
1582 758 1870 804 siccorum,
1898 750 1957 795 ut
1977 741 2107 795 edu-

554 863 706 906 ceres
732 848 938 901 vinctos
956 859 1022 898 ex
1059 841 1309 898 vmculis.
1330 849 1385 893 et
1420 853 1488 891 ex
1528 838 1686 891 domo
1735 834 1970 888 carceris
2026 845 2110 885 se-

520 936 523 941 ’
554 944 744 997 dentes
767 941 818 993 in
839 931 1073 992 tenebris
1099 930 1164 987 π.
1204 950 1224 985 ι
1258 924 1330 987 Et
1349 934 1541 987 iterum
1578 943 1671 998 per
1696 927 1848 982 Isaia:
1876 941 2060 981 vocem
2090 942 2105 979 :

560 1051 580 1085 ι
622 1030 947 1086 Benedicent
969 1042 1052 1081 me
1086 1027 1271 1081 bestia:
1301 1024 1436 1094 agri,
1471 1023 1663 1077 sirenze
1688 1029 1742 1074 et
1819 1020 1940 1073 tiliae
1965 1032 2109 1073 stru-

556 1126 839 1179 tliionum:
875 1119 1000 1188 quia
1023 1117 1144 1173 dedi
1177 1117 1230 1170 in
1260 1116 1475 1170 deserto
1498 1128 1718 1182 aquam,
1746 1121 1801 1166 et
1833 1113 2025 1167 ﬂuvios
2059 1112 2111 1164 in

558 1224 699 1268 terra
730 1212 1011 1279 inaquosa,
1046 1219 1103 1261 ut
1140 1216 1321 1276 potum
1348 1206 1533 1259 darem
1566 1205 1749 1276 generi
1779 1218 1899 1258 meo
1916 1205 2110 1267 electo,

559 1303 753 1373 populo
771 1316 930 1371 quem
958 1299 1219 1370 acquisivit
1261 1308 1316 1351 ut
1342 1298 1564 1351 virtutes
1599 1309 1747 1352 meas
1773 1306 1956 1350 narret
1984 1295 2049 1347 ⁸ο.
2088 1313 2106 1345 ι

559 1395 711 1461 Quod
734 1408 851 1448 cum
875 1391 1040 1461 probe
1065 1389 1385 1457 intelligeret
1406 1388 1595 1443 beatus
1620 1387 1830 1451 Petrus,
1847 1387 1911 1440 iis
1940 1387 2028 1455 qui
2047 1400 2116 1440 ex

562 1485 807 1556 gentibus
837 1496 933 1552 per
960 1481 1116 1535 ﬁdem
1152 1483 1221 1533 ad
1245 1494 1425 1533 veram
1459 1478 1550 1533 Dei
1607 1477 1965 1548 cognitionem
2025 1491 2118 1530 vo-

562 1576 668 1630 cati
707 1581 861 1628 eran‘t
891 1572 1155 1633 scribens,
1182 1572 1299 1623 ait:
1336 1590 1355 1621 ς
1396 1569 1500 1623 Vos
1550 1579 1729 1622 autem
1789 1582 1955 1635 genus
2008 1568 2118 1622 ele-

564 1676 730 1727 ctum,
767 1663 943 1733 regale
972 1662 1355 1724 sacerdotium,
1395 1675 1529 1730 gens
1553 1669 1764 1723 sancta,
1813 1659 2039 1729 populus
2063 1659 2117 1713 in

568 1758 1000 1829 acquisitionem,
1027 1754 1327 1808 utvirtutes
1358 1752 1691 1806 annuntietis
1720 1751 1857 1819 ejus,
1897 1752 1986 1821 qui
2022 1765 2120 1806 vos

567 1854 634 1905 de
666 1849 900 1904 tenebris
921 1847 1133 1901 vocavit
1154 1845 1207 1897 in
1235 1844 1551 1898 admirabile
1576 1842 1758 1897 lumen
1808 1858 1962 1898 suum
1988 1861 2002 1896 :
2028 1843 2119 1911 qui

572 1940 857 2010 aliquando
895 1952 996 1992 non
1026 1934 1271 2007 populus,
1326 1948 1468 1987 nunc
1520 1941 1698 1987 autem
1739 1932 1964 2001 populus
1993 1931 2058 1983 “.
2096 1950 2115 1982 ι

570 2031 720 2097 Quod
751 2031 797 2083 si
847 2026 1292 2095 quemadmodum
1355 2025 1448 2078 tibi
1510 2025 1611 2094 ipsi
1696 2033 1752 2076 et
1812 2024 2014 2078 sentire
2069 2033 2125 2076 et

571 2125 751 2179 dicere
826 2121 1015 2190 placet,
1096 2118 1291 2172 missus
1385 2128 1465 2170 est
1530 2117 1620 2169 ille
1688 2116 1843 2169 nobis
1894 2114 2126 2169 consub-

572 2214 857 2278 stantialis,
907 2228 1011 2266 non
1078 2212 1179 2279 ipsi
1244 2209 1415 2276 Patri,
1461 2209 1607 2261 nullo
1681 2206 1840 2261 modo
1889 2221 1989 2261 nos
2044 2205 2127 2258 fa-

572 2308 641 2361 cti
708 2320 892 2360 sumus
948 2303 1143 2357 divinae
1194 2311 1396 2354 natum
1426 2308 1741 2354 consortes:
1804 2299 2126 2363 mansimus,

570 2397 676 2469 81
710 2405 767 2450 ut
823 2394 954 2461 dixi,
1006 2401 1060 2448 et
1098 2392 1273 2447 adhuc
1341 2404 1525 2446 sumus
1572 2406 1738 2458 genus
1778 2390 1917 2443 illius
1946 2389 2125 2459 primi,

573 2491 662 2557 qui
695 2489 747 2541 in
781 2485 1206 2540 maledictionem
1239 2498 1302 2537 ac
1329 2493 1557 2537 mortem
1590 2481 1929 2542 transmittit,
1948 2491 2001 2534 et
2029 2481 2127 2535 sub

574 2575 778 2646 peccati
803 2582 1027 2628 reatum.
1050 2570 1209 2626 Stulti
1232 2584 1360 2640 ergo
1382 2570 1511 2624 facti
1565 2584 1769 2632 sumus,
1797 2580 1849 2624 et
1883 2570 1949 2622 iis
1988 2583 2129 2622 nunc

575 2680 785 2737 quoque
810 2662 1155 2718 nihilominus
1181 2670 1445 2723 tenemur,
1512 2659 1565 2713 in
1597 2660 1792 2727 quibus
1845 2659 1974 2711 olim
2010 2673 2132 2712 era-

578 2771 699 2811 mus
737 2765 862 2808 ante
887 2753 1027 2807 illius
1057 2752 1368 2807 adventum.
1393 2749 1673 2815 Quomodo
1711 2749 2000 2817 igiturjam
2033 2763 2129 2801 ve-

579 2856 692 2901 tera
744 2844 1095 2907 transierunt,
1129 2852 1184 2897 et
1240 2856 1366 2896 ecce
1400 2840 1538 2894 facta
1586 2848 1716 2892 sunt
1751 2854 1885 2893 nova
1916 2839 2003 2892 "7
2030 2838 2133 2893 Ubi

578 2952 707 2992 vero
736 2935 863 2990 illud
896 2950 911 2986 :
947 2952 966 2984 ι
1002 2932 1059 2988 Si
1091 2933 1213 3001 quis
1246 2933 1300 2986 in
1328 2930 1566 2993 Christo,
1603 2945 1738 2984 nova
1789 2928 2127 2983 creatura?»

582 3030 687 3084 Sed
718 3026 990 3083 erubescis
1025 3027 1188 3080 Deum
1211 3022 1459 3079 conﬁteri
1509 3021 1735 3076 similem
1770 3022 1942 3085 nobis,
1965 3020 2136 3074 homi-

582 3137 701 3174 nem
726 3120 922 3174 l'actum
960 3119 1128 3186 ipsum
1164 3116 1258 3169 Dei
1304 3114 1575 3169 Verbum?
1604 3114 1854 3181 lncrepas
1911 3126 2041 3181 ergo
2083 3112 2139 3166 il-

2208 635 2465 709 Χριστοῦ,
2495 634 2588 687 τοῦ
2617 633 2752 703 πρὸς
2783 630 2926 701 ζωὴν
2964 630 3109 699 ἡμᾶς
3133 628 3229 697 τὴν
3267 628 3543 696 ἀκήρατον
3570 624 3778 691 ἀναφέ-

2214 745 2416 800 ροντος,
2450 725 2547 779 καὶ
2576 723 2851 793 ἄφθαρτον
2880 719 3267 786 ἀποφαίνοντος
3310 716 3372 768 τὸ
3402 715 3616 783 θανάτῳ
3643 714 3781 767 κάτ-

2210 836 2353 889 οχον,
2389 817 2485 869 καὶ
2505 813 2935 872 ἁπαλλάττοντος
2976 808 3259 879 ἁμαρτιῶν
3286 808 3346 860 τὸ
3370 807 3471 876 τῆς
3507 804 3782 875 ἁμαρτίας

2213 910 2426 980 βρόχοις
2455 906 2863 975 ἐνειλημμένον.
2888 901 3043 955 Οὕτω
3072 918 3175 954 που
3198 901 3333 971 πρὸς
3353 901 3442 953 τὸν
3466 900 3592 951 Υἰὸν
3617 900 3786 959 αὑτός

2214 1017 2377 1071 φησιν
2421 1000 2449 1050 ὁ
2481 998 2704 1067 Πατήρ⁹
2744 1012 2763 1045 ι
2816 994 2945 1047 Ἰδοὺ
2977 992 3183 1045 δέδωκά
3234 1009 3294 1044 σε
3331 993 3410 1054 είς
3444 991 3559 1058 φῶς
3589 990 3783 1048 ἐθνῶν,

2213 1090 2419 1153 ἀνοῖξαι
2448 1087 2757 1157 ὀφθαλμοὺς
2772 1084 3007 1152 τυφλῶν,
3036 1084 3322 1151 ἐξαγαγεῖν
3358 1085 3423 1136 ἐκ
3454 1083 3666 1152 δεσμῶν
3700 1083 3788 1135 δε-

2213 1181 2500 1251 δεμένους,
2562 1180 2654 1231 καὶ
2707 1178 2767 1241 ἐξ
2822 1176 2970 1229 οἴκου
3029 1176 3275 1245 φυλακῆς
3325 1174 3667 1244 καθημένους
3734 1173 3789 1224 ἐν

2216 1273 2396 1326 σκότει
2413 1310 2428 1324 .
2456 1291 2474 1323 ι
2496 1272 2606 1325 Καὶ
2634 1270 2793 1323 πάλιν
2820 1268 2906 1321 διὰ
2931 1269 3113 1338 φωνῆς
3149 1268 3402 1320 Ἡσαΐουλ
3439 1286 3456 1317 t
3492 1267 3790 1336 Εὐλογήσει

2220 1381 2286 1434 με
2332 1364 2399 1415 τά
2451 1361 2613 1433 θηρία
2660 1361 2753 1413 τοῦ
2804 1359 3007 1429 ἀγροῦ,
3054 1359 3301 1427 σειρῆνες
3352 1358 3443 1410 καὶ
3495 1357 3792 1426 θυγατέρες

2220 1453 2496 1527 στρουθῶν
2516 1472 2529 1485 ⁸
2560 1455 2642 1506 ὅτι
2666 1453 2844 1505 ἔδωκα
2881 1456 2938 1504 ἐν
2972 1454 3035 1521 τῇ
3067 1453 3261 1521 ἐρήμῳ
3290 1449 3451 1520 ὕδωρ,
3501 1451 3593 1502 καὶ
3623 1467 3791 1502 ποτα-

2221 1546 2353 1616 μοὺς
2381 1546 2437 1596 ἐν
2467 1546 2539 1613 γῇ
2584 1541 2814 1612 ἀνύδρῳ,
2866 1541 3080 1594 ποτίσαι
3111 1542 3171 1593 τὸ
3206 1542 3360 1608 γένος
3393 1557 3493 1608 μου
3543 1540 3602 1593 τὸ
3637 1542 3792 1593 ἐκλε-

2220 1636 2344 1688 κτόν
2369 1653 2381 1665 ⁸
2422 1634 2567 1698 λαὸν,
2603 1634 2663 1685 ὃν
2692 1634 3163 1703 περιεποιησάμην
3205 1633 3301 1695 τὰς
3335 1633 3534 1702 ἀρετάς
3580 1650 3683 1702 μου
3715 1635 3792 1685 δι-

2219 1726 2487 1797 ηγεῖσθαι.
2516 1744 2534 1774 ι
2577 1726 2641 1776 Ὂ
2676 1725 2740 1795 δὴ
2767 1726 2860 1776 καὶ
2894 1725 3090 1787 συνιεὶς
3114 1720 3173 1776 εὖ
3210 1724 3373 1794 μάλα,
3397 1727 3506 1788 τοῖς
3528 1724 3587 1788 ἐξ
3619 1724 3794 1777 ἐθνῶν

2221 1820 2308 1872 διὰ
2356 1818 2589 1879 πίστεως
2639 1816 3030 1885 κεκλημένοις,
3098 1818 3179 1879 είς
3235 1816 3561 1885 θεογνωσίαν
3613 1815 3794 1886 ἀληθῆ

2222 1908 2422 1979 γράφει
2446 1907 2540 1961 καί
2573 1923 2734 1977 φησιν
2763 1909 2790 1959 ὁ
2820 1904 3101 1970 θεσπέσιος
3149 1907 3351 1975 Πέτρος
3375 1924 3388 1937 ·
3428 1927 3446 1957 ι
3509 1908 3697 1976 Ὑμεῖς
3738 1906 3796 1959 δὲ

2220 2001 2377 2068 γένος
2411 1998 2682 2062 ἐκλεκτὸν,
2733 1997 3003 2066 βασίλειον
3045 1999 3375 2068 ἱεράτευμα,
3417 1998 3566 2061 ἔθνος
3615 2000 3793 2067 ἅγιον,

2223 2093 2347 2155 λαὸς
2397 2094 2475 2154 εἰς
2521 2090 2904 2162 περιποίησιν,
2940 2091 3028 2143 ἵνα
3072 2091 3169 2153 τὰς
3207 2091 3407 2160 ἀρετὰς
3445 2090 3797 2160 ἐξαγγείλητε

2222 2182 2315 2236 τοῦ
2362 2185 2425 2236 ἐκ
2471 2182 2692 2243 σκότους
2746 2182 2888 2249 ὑμᾶς
2919 2180 3207 2243 καλοῦντος
3253 2182 3345 2234 ἐπὶ
3390 2183 3450 2233 τὸ
3488 2182 3799 2251 θαυμαστὸν

2224 2273 2388 2326 αὑτοῦ
2416 2273 2552 2340 φῶς,
2572 2273 2625 2325 οῖ
2653 2289 2781 2325 ποτε
2803 2273 2863 2324 ού
2884 2273 3033 2338 λαὸς,
3061 2273 3155 2326 νῦν
3179 2274 3235 2325 δὲ
3261 2274 3440 2335 λαός.»
3473 2276 3535 2326 Εἰ
3557 2275 3614 2327 δὲ
3637 2275 3800 2328 καθά.

2226 2382 2333 2435 περ
2377 2363 2525 2435 αὐτῷ
2574 2381 2655 2416 σοι
2702 2364 2848 2416 δοκεῖ
2901 2366 2996 2417 καὶ
3037 2369 3255 2434 φρονεῖν
3303 2371 3395 2419 καὶ
3434 2366 3630 2434 λέγειν,
3697 2370 3803 2420 άπ-

2228 2455 2427 2526 εστάλη
2455 2458 2483 2507 ό
2519 2457 2648 2524 ἡμῖν
2678 2455 2977 2525 ὁμοούσιος,
3005 2457 3185 2510 οὐκέτι
3213 2458 3270 2510 δὲ
3301 2459 3390 2511 καὶ
3421 2458 3569 2528 αύτῷ
3586 2460 3663 2529 τῷ
3686 2461 3803 2513 Πα-

2229 2550 2336 2615 τρὶ,
2369 2546 2489 2600 κατ’
2531 2546 2718 2598 οὐδένα
2746 2547 2947 2617 τρόπον
2978 2548 3135 2617 ἡμεῖς
3162 2548 3306 2611 θείας
3337 2549 3548 2618 φύσεως
3574 2552 3805 2619 γεγόνα-

2234 2655 2331 2707 μεν
2387 2638 2663 2691 κοινωνοί·
2717 2640 3121 2709 μεμενήκαμεν,
3171 2641 3246 2703 ὡς
3292 2640 3446 2713 ἔφην,
3491 2644 3585 2694 καὶ
3636 2644 3805 2713 ἐσμὲν

2233 2731 2312 2782 ἐτι
2343 2732 2496 2798 γένος
2527 2728 2617 2782 τοῦ
2651 2730 2890 2799 πρώτου,
2928 2731 3020 2783 τοῦ
3054 2733 3511 2802 παραπέμποντος
3555 2736 3634 2797 εἰς
3664 2736 3808 2804 ἀρὰν

2233 2825 2326 2877 καὶ
2359 2824 2608 2887 θάνατον,
2646 2824 2738 2876 καὶ
2772 2822 2875 2875 ὑπὸ
2904 2823 3091 2894 ποινὴν
3137 2826 3425 2896 ἁμαρτίας.
3473 2828 3809 2897 Μεματαιώ-

2238 2918 2376 2986 μεθα.
2409 2917 2473 2986 δὴ
2515 2914 2628 2981 οὖν,
2669 2916 2763 2970 καὶ
2792 2918 2957 2986 ἐσμὲν
2985 2917 3137 2969 οὐδὲν
3174 2915 3335 2989 ἦττον
3378 2920 3472 2973 καὶ
3503 2920 3596 2973 νῦν
3623 2924 3681 2974 ὲν
3728 2917 3810 2983 οἷς

2233 3004 2377 3078 ἦμεν
2421 3009 2609 3071 πάλαι,
2639 3010 2734 3060 καὶ
2764 3010 2869 3078 πρὸ
2897 3011 2993 3079 τῆς
3021 3010 3332 3079 ἐπιδημίας.
3362 3012 3485 3073 Πῶς
3512 3008 3602 3064 οὖν
3626 3013 3708 3064 ἔτι
3742 3014 3813 3064 τὰ

2237 3102 2438 3169 ἀρχαῖα
2481 3100 2772 3171 παρῆλθεν,
2820 3103 2909 3153 καὶ
2955 3102 3064 3154 ἰδοὺ
3103 3102 3290 3170 γέγονε
3324 3106 3522 3169 καινάς
3564 3105 3673 3157 Ποῦ
3715 3107 3811 3157 δέ·

583 3213 713 3277 lum,
744 3224 840 3265 nec
869 3210 1143 3278 sapienter
1173 3206 1506 3261 consultasse
1534 3205 1671 3260 dicis
1704 3206 1844 3271 quod
1869 3219 1926 3256 se
1962 3205 2129 3270 ipsum

2243 3208 2261 3237 ‹
2304 3191 2369 3240 Εἰ
2389 3207 2469 3249 τις
2518 3192 2576 3239 ὲν
2607 3189 2845 3257 Χριστῷ,
2880 3192 3039 3257 καινὴ
3071 3191 3274 3253 κτίσις;
3318 3210 3333 3239 ι
3398 3193 3534 3244 Ἀλλ’
3579 3195 3812 3265 αἰσχύνῃ

582 3311 800 3372 propter
834 3316 931 3355 nos
971 3297 1266 3353 exinanivit
1296 3297 1362 3350 ⁸³.
1390 3296 1591 3351 Audies
1634 3296 1795 3364 igitur
1826 3295 2093 3348 dicentem
2120 3310 2133 3345 :

590 3414 609 3447 ι
645 3394 785 3447 Vade
810 3402 928 3461 post
955 3406 1060 3456 me,
1084 3388 1305 3449 Satana,
1330 3388 1640 3442 scandalum
1700 3402 1759 3441 es
1820 3386 1974 3451 mihi,
2014 3388 2140 3454 quia

586 3506 691 3545 non
716 3489 859 3556 sapis
891 3501 951 3540 ea
983 3497 1101 3553 qua:
1119 3480 1208 3538 Dei
1242 3480 1486 3548 sunt,sed
1512 3495 1574 3535 ea
1601 3495 1718 3550 qua:
1736 3480 2010 3535 hominum
2039 3481 2137 3535 ⁸⁵.»

590 3583 843 3637 Scrutare
870 3579 1147 3633 nobiscum
1183 3591 1367 3632 sacras
1396 3575 1651 3630 Litteras.
1684 3575 1944 3643 Apparuit
1968 3590 2144 3643 quon-

589 3676 710 3727 dam
740 3671 899 3724 etiam
927 3668 1245 3738 patriarcha:
1266 3664 1432 3723 Jacob
1461 3667 1525 3720 de
1548 3665 1730 3719 Laban
1759 3665 1962 3720 aedibus
2022 3682 2147 3735 pro-

592 3760 873 3824 ﬁciscenti,
914 3758 1160 3826 cumjam
1188 3758 1253 3811 ad
1284 3758 1399 3826 ipsa
1425 3754 1597 3810 Jaboc
1634 3756 1765 3809 vada
1790 3758 2145 3823 pervenisset,

592 3853 731 3906 sicut
759 3848 1015 3917 scriptum
1049 3855 1131 3901 est
1160 3862 1175 3898 :
1213 3863 1231 3896 ι
1255 3843 1495 3897 Relictus
1518 3849 1600 3896 est
1625 3842 1766 3897 enim
1785 3840 1949 3895 Jacob
1979 3843 2144 3904 solus,

593 3951 647 3996 et
672 3941 974 3994 luctabatur
1014 3937 1098 3991 vir
1138 3950 1259 3991 cum
1298 3936 1412 4004 ipso
1445 3949 1615 4004 usque
1647 3948 1822 3988 mane.
1870 3933 2013 3986 Vidit
2053 3948 2147 3985 au-

598 4043 703 4088 tem
721 4033 860 4102 quod
890 4046 1012 4087 eum
1044 4044 1299 4099 superare
1322 4042 1426 4081 non
1462 4035 1666 4096 posset,
1695 4037 1749 4080 et
1779 4026 1951 4096 tetigit
1970 4025 2154 4078 latitu-

597 4126 777 4179 dinem
820 4122 1039 4177 l'emoris
1078 4120 1217 4188 ejus,
1253 4128 1308 4172 et
1353 4120 1622 4173 emarcuit
1669 4118 1895 4171 latitudo
1934 4117 2155 4171 femoris

598 4217 783 4283 Jacob,
824 4217 947 4271 dum
980 4223 1244 4284 pugnaret
1271 4227 1392 4267 cum
1427 4212 1590 4281 ipso:
1625 4212 1761 4265 dixit
1799 4219 1977 4264 autem
2021 4209 2095 4263 illi
2138 4227 2151 4261 :

601 4310 824 4365 Dimitte
854 4321 958 4371 me,
996 4305 1240 4360 ascendit
1268 4304 1414 4358 enim
1437 4303 1727 4358 diluculum
1751 4319 1764 4354 :
1792 4302 1884 4356 ille
1908 4314 2041 4354 vero
2070 4300 2157 4354 di-

602 4401 720 4455 xit:
752 4398 869 4453 Non
900 4406 951 4452 te
978 4397 1240 4452 dimittam
1293 4394 1396 4449 nisi
1419 4393 1758 4449 benedixeris
1786 4393 1914 4446 milii
1946 4392 2012 4445 “.
2044 4409 2062 4443 ι
2096 4390 2162 4444 Et

604 4500 726 4563 post
766 4490 867 4544 alia
909 4501 1142 4544 rursus:
1184 4505 1203 4538 ι
1246 4486 1310 4540 Et
1360 4485 1577 4539 vocavit
1621 4482 1788 4539 Jacob
1835 4498 2030 4537 nomen
2060 4482 2159 4536 loci

2240 3278 2372 3331 Θεὸν
2404 3278 2681 3347 ὁμολογεῖν
2716 3279 2835 3331 καθ’
2865 3281 3011 3349 ἡμᾶς
3052 3281 3337 3350 γενόμενον
3379 3283 3684 3353 ἄνθρωπον,
3723 3288 3815 3337 τὸν

2240 3370 2334 3423 τοῦ
2379 3368 2515 3422 Θεοῦ
2556 3370 2762 3438 Λόγον;
2815 3371 3195 3442 Ἐπιπλήττεις
3239 3371 3332 3427 οὗν
3387 3376 3567 3437 αὐτὸν,
3614 3378 3707 3429 καὶ
3752 3378 3813 3430 ού

2244 3463 2384 3534 σοφὰ
2425 3463 2805 3534 βεϐουλεῦσθαι
2856 3466 2983 3533 φὴς,
3036 3466 3117 3518 ὅτι
3158 3468 3461 3521 κεκένωκεν
3508 3470 3698 3522 ἑαυτὸν
3748 3470 3814 3522 δι’

2243 3560 2410 3628 ἡμᾶς.
2447 3555 2653 3609 Οὐκοῦν
2703 3554 2909 3629 ἀκούσῃ
2964 3555 3244 3625 λέγοντος·
3299 3578 3319 3610 ‹
3374 3560 3591 3626 Ὕπαγε
3641 3560 3816 3611 ὀπίσω

2250 3667 2372 3720 μου,
2397 3651 2630 3715 Σατανᾶ,
2684 3649 2976 3702 σκάνδαλόν
3015 3666 3116 3719 μου
3146 3648 3213 3715 εἴ,
3251 3653 3329 3704 ὅτι
3374 3652 3433 3703 οὐ
3487 3654 3700 3722 φρονεῖς
3751 3654 3817 3704 τά

2245 3743 2337 3795 τοῦ
2358 3741 2515 3805 Θεοῦ,
2534 3742 2669 3795 ἀλλὰ
2693 3742 2761 3793 τὰ
2791 3742 2897 3794 τῶν
2927 3741 3244 3812 ἀνθρώπων.
3289 3762 3306 3793 ι
3348 3745 3667 3813 Ἐρεύνησον
3701 3745 3816 3813 μεθ’

2250 3832 2405 3902 ἡμῶν
2448 3832 2545 3901 τὴν
2581 3832 2933 3884 θεόπνευστον
2968 3831 3208 3902 Γραφήν.
3255 3833 3430 3904 Ὠφθη
3462 3834 3588 3885 ποτὲ
3621 3836 3712 3885 καὶ
3745 3832 3820 3901 τῷ

2252 3925 2563 3995 πατριάρχῃ
2614 3924 2803 3976 Ἰακὼὸ
2844 3924 2940 3994 τῆς
2976 3924 3073 3994 μὲν
3102 3924 3193 3976 τοῦ
3224 3926 3407 3977 Λάϐαν
3442 3926 3623 3989 ἑστίας
3654 3927 3821 3978 ἀπαί-

2256 4034 2424 4088 ροντι,
2461 4017 2595 4084 πρὸς
2628 4018 2819 4081 αὑταῖς
2863 4017 2920 4069 δέ
2966 4018 3209 4085 γεγονότι
3258 4021 3376 4080 ταῖς
3408 4019 3684 4071 διαϐάσεσι
3728 4016 3820 4069 τοῦ

2268 4106 2482 4172 Ίαὸὼκ,
2518 4110 2664 4161 καθὰ
2695 4107 3021 4178 γέγραπται·
3065 4126 3084 4158 t
3139 4108 3464 4179 ’Υπελείφθη
3488 4108 3595 4178 γὰρ
3634 4104 3823 4160 Ἰακὼϐ

2259 4200 2451 4271 μόνος,
2507 4201 2603 4253 καὶ
2655 4199 2909 4253 ἐπάλαιεν
2962 4199 3246 4270 ἄνθρωπος
3306 4201 3418 4269 μετ’
3473 4197 3674 4261 αὑτοῦ,
3722 4197 3824 4256 ἕως

2258 4294 2425 4361 πρωΐ.
2457 4288 2578 4345 Οἵδε
2606 4292 2720 4363 [ἵσ.
2757 4288 2887 4363 εἶδε]
2915 4291 2990 4355 δὲ,
3021 4292 3101 4344 ὃτι
3132 4292 3192 4343 οὐ
3229 4291 3447 4344 δύναται
3478 4291 3610 4359 πρὸς
3645 4290 3825 4347 αὑτὸν,

2260 4386 2352 4439 καὶ
2385 4385 2561 4455 ἥψατο
2596 4384 2690 4437 τοῦ
2722 4384 2955 4447 πλάτους
2987 4383 3080 4435 τοῦ
3117 4383 3291 4453 μηροῦ
3325 4383 3509 4444 αὑτοῦ,
3543 4383 3637 4434 καὶ
3675 4381 3830 4452 ἐνάρο

2262 4494 2398 4548 κησε
2427 4477 2490 4530 τὸ
2519 4476 2719 4538 πλάτος
2759 4475 2852 4528 τοῦ
2890 4475 3065 4546 μηροῦ
3114 4473 3329 4537 Ἰακὼϐ,
3373 4474 3430 4526 ἐν
3465 4472 3541 4543 τῷ
3586 4473 3830 4524 παλαίειν

607 4585 751 4639 illius
783 4598 799 4636 :
828 4581 1045 4650 Species
1079 4577 1208 4644 Del;
1241 4577 1423 4646 aspexi
1446 4577 1589 4632 enim
1620 4575 1788 4630 Deum
1809 4574 1949 4629 facie
1985 4574 2050 4627 ad
2080 4573 2129 4627 fa

2232 4574 2239 4609 l
2269 4570 2429 4624 αὐτὸν
2470 4568 2585 4639 μετ’
2618 4568 2803 4621 αὑτοῦ.
2860 4566 2995 4621 Εἷπε
3043 4566 3100 4619 δὲ
3134 4565 3308 4636 αὐτῷ’
3349 4566 3689 4618 Ἀπὸστειλόν
3721 4583 3789 4633 με
3816 4576 3829 4589 ’

608 4676 769 4740 ciem,
800 4680 855 4727 et
883 4671 1027 4727 salva
1089 4670 1231 4724 facta
1290 4677 1375 4724 est
1422 4667 1602 4721 anima
1631 4681 1771 4723 mea.
1823 4666 2054 4720 Exortus
2079 4680 2129 4719 es

2270 4660 2435 4730 ἀνέϐη
2473 4660 2580 4730 γὰρ
2629 4662 2657 4713 ὁ
2698 4658 2925 4730 ὄρθρος·
2976 4660 3004 4710 ὁ
3048 4658 3103 4710 δὲ
3150 4654 3334 4711 εἶπεν·
3378 4658 3452 4710 Οὐ
3486 4658 3557 4725 μή
3596 4672 3656 4707 σε
3702 4657 3835 4707 ἁπο-

610 4775 785 4821 autem
812 4764 884 4819 illi
908 4763 990 4818 sol
1018 4776 1138 4816 cum
1169 4759 1550 4829 pertransisset
1580 4756 1826 4826 Speciem
1866 4756 1960 4810 Dei
2022 4755 2090 4810 ⁸⁸.

2269 4752 2483 4813 στείλω,
2522 4753 2615 4803 ἐὰν
2652 4752 2726 4821 μὴ
2763 4767 2830 4820 με
2865 4750 3182 4821 εὐλογήσῃς.
3211 4769 3228 4801 ι
3262 4750 3370 4801 Καὶ
3402 4747 3711 4817 μεθ’,ἕτερα
3736 4748 3838 4798 πά-

610 4855 851 4923 lntellige
879 4852 1059 4922 igitur,
1077 4864 1184 4903 non
1213 4857 1272 4901 ιιι
1310 4848 1683 4916 incorporeum
1740 4856 1796 4901 et
1826 4844 2129 4915 impalpabil

2270 4844 2386 4897 λινο
2440 4861 2459 4893 ο
2513 4844 2621 4897 Καὶ
2664 4843 2919 4895 ἐκάλεσεν
2964 4841 3156 4894 Ἰακὼό
3203 4841 3262 4893 τὸ
3309 4841 3478 4909 δνομα
3532 4838 3625 4893 τοῦ
3674 4839 3838 4891 τόπου

618 4946 848 5000 Verbum
873 4955 1133 5011 apparere
1163 4939 1484 5008 patriarcha.
1504 4952 1568 4991 eo
1619 4947 1860 5006 tempore
1911 4938 2129 4991 voluisSt

2270 4936 2500 4997 ἐκείνου,
2526 4929 2676 4994 Εἶδος
2711 4933 2844 4986 Θεσῦ
2864 4948 2875 4961 ·
2908 4928 3061 4984 Εἶδον
3096 4931 3204 5001 γὰρ
3230 4929 3362 4983 Θεὸν
3388 4931 3677 5001 πρόσωπον
3706 4929 3839 4999 πρὸς

616 5048 675 5090 ut
708 5036 783 5090 illi
816 5034 1057 5103 mysterii
1104 5042 1285 5102 typum
1336 5038 1780 5100 praemonstraret
1812 5047 1825 5084 :
1862 5029 1957 5084 sed
2013 5029 2129 5082 hom

2273 5026 2581 5098 πρόσωπον,
2618 5025 2710 5077 καὶ
2736 5022 2912 5092 ἐσώθη
2943 5039 3042 5091 μου
3076 5025 3107 5093 ἡ
3133 5024 3300 5093 ψυχή.
3331 5023 3592 5076 Ἀνέτειλε
3618 5021 3674 5074 δὲ
3698 5020 3845 5089 αὐτῷ

619 5135 735 5182 erat
752 5128 840 5195 qui
865 5126 1188 5188 luctabatur,
1218 5130 1273 5175 et
1298 5131 1464 5174 totam
1492 5120 1547 5173 in
1563 5134 1629 5173 ea
1664 5134 1721 5173 re
1744 5128 1955 5173 noctein
1993 5127 2129 5172 trans

2276 5121 2305 5172 ὁ
2335 5120 2504 5191 ἥλιος,
2551 5118 2712 5188 ἡνίκα
2746 5115 2985 5185 παρῆλθε
3012 5117 3073 5168 τὸ
3115 5112 3255 5179 εἶδος
3281 5115 3373 5168 τοῦ
3416 5115 3574 5168 Θεοῦ.
3629 5134 3647 5164 t
3684 5116 3844 5173 Σύνε;

622 5218 772 5289 egit:
829 5215 1173 5271 illucescente
1198 5222 1376 5266 autem
1433 5212 1539 5277 die,
1590 5220 1751 5281 atque
1794 5224 1985 5263 aurora
2015 5210 2129 5263 θάνε

2278 5208 2370 5265 οὖν
2402 5211 2567 5276 ὅπως,
2620 5209 2717 5278 οὐχ
2763 5208 2837 5271 ὼς
2884 5207 3172 5276 ἁσώματός
3218 5223 3275 5259 τε
3307 5207 3401 5259 καὶ
3429 5206 3645 5275 ἀναφὴς
3676 5206 3845 5272 Λόγος

625 5313 823 5373 niente,
865 5326 883 5359 ‹
914 5308 1156 5367 ,Βὶωἱιιο
1209 5319 1315 5370 me,
1352 5323 1371 5356 ι
1435 5304 1649 5371 inquit;
1699 5302 1839 5369 quod
1903 5300 2129 5355 evidenti

2280 5302 2432 5374 ἠξίου
2465 5301 2747 5370 φαίνεσθαι
2783 5299 2860 5370 τῷ
2889 5300 3201 5373 πατριάρχῃ
3250 5300 3590 5369 τοτηνικάδε,
3630 5300 3718 5350 τὸν
3754 5296 3845 5348 τοῦ

624 5408 744 5456 erat
774 5414 803 5453 a
827 5399 965 5453 lucta
998 5394 1457 5453 desistentis.Jam
1481 5410 1601 5462 qua:
1651 5392 1722 5446 sit
1772 5392 2016 5463 mysterii
2045 5401 2129 5446 rat

2288 5392 2583 5463 μυστηρίου
2613 5391 2778 5444 τύπον
2828 5390 3242 5460 προαναιραίνων
3280 5389 3462 5456 αὐτῷ’
3505 5389 3624 5442 ἀλλ’
3656 5384 3721 5457 ἦν
3761 5387 3848 5438 ἇν-

630 5495 810 5547 dicere
835 5505 1054 5545 necesse
1079 5498 1163 5545 est
1192 5508 1204 5543 :
1234 5502 1355 5543 cum
1389 5487 1471 5540 his
1498 5486 1640 5539 enim
1668 5485 1756 5553 qui
1796 5486 1846 5536 in
1883 5493 2036 5537 nocte
2055 5492 2109 5537 et

2286 5482 2501 5552 θρωπος
2548 5482 2577 5532 ό
2624 5479 2881 5544 παλαίων,
2921 5480 3013 5531 καὶ
3043 5479 3171 5549 ὃλην
3214 5480 3291 5539 εἰς
3336 5477 3491 5530 τοῦτο
3538 5477 3848 5544 δαπανήσας

638 5583 871 5640 tenebris
901 5583 1118 5650 degunt,
1141 5594 1367 5650 quorum
1394 5577 1589 5631 animis
1606 5585 1657 5629 et
1703 5575 1958 5628 cordibus
2013 5573 2129 5641 cali;

2286 5574 2384 5643 τὴν
2422 5572 2619 5626 νύκτα·
2658 5571 2795 5639 πλὴν
2838 5569 3233 5639 διαυγαζούσης
3279 5569 3517 5638 ἡμέρας,
3565 5568 3761 5637 ὄρθρου
3794 5578 3849 5614 τε

1323 5778 1366 5808 ⁵⁸
1404 5777 1502 5829 lsa.
1546 5789 1696 5832 xuii,
1723 5772 1811 5831 ‘20,
1846 5773 1935 5824 ει.

1252 5848 1293 5878 ⁸⁵
1334 5847 1471 5900 Gen.
1506 5860 1674 5898 xxxii.
1710 5844 1899 5894 22-20.

2047 5771 2087 5801 ⁶¹
2128 5771 2148 5823 1
2187 5768 2332 5822 Petr.
2373 5784 2433 5829 it,
2463 5768 2514 5833 9,
2550 5766 2633 5820 10.

2001 5843 2043 5871 ⁵⁸
2085 5844 2211 5893 iltttl.
2243 5842 2333 5899 δυ,
2367 5842 2427 5891 51

702 5787 745 5817 ⁸⁸
787 5784 886 5836 lsa.
918 5794 1051 5843 mi,
1081 5778 1134 5842 6,
1169 5778 1217 5830 7.

2748 5766 2793 5796 ”
2833 5766 2871 5819 11
2913 5766 3035 5821 Cor.
3079 5782 3127 5825 ν,
3172 5764 3253 5817 l7.
3367 5762 3411 5793 ⁸³
3452 5761 3752 5831 Philipp.tt,
3795 5758 3841 5809 7.

636 5859 677 5889 “
716 5855 901 5909 Matth.
932 5866 1039 5905 xu.
1086 5849 1175 5903 ‘25.
