4054 6332
315 352 417 409 “5

315 562 381 636 ἣν
409 562 657 634 ὲναργῶς
703 562 1062 626 καταλύοντος
1094 563 1192 634 τὴν
1236 565 1434 636 πάλην.
1475 567 1586 622 Καὶ
1621 567 1707 630 τίς
1735 566 1890 620 ὁ-τοῦ

315 656 620 728 μυστηρίου
661 654 817 722 λόγος
837 693 852 717 ,
900 657 1075 708 εἰπεῖν
1123 656 1449 724 ἀναγκαῖον·
1497 661 1610 722 τοῖς
1645 660 1756 729 ιμὲν
1784 660 1893 732 γὰρ

316 749 393 810 ὡς
421 749 479 800 ὲν
514 747 669 799 νυκτὶ
697 747 792 798 καὶ
831 747 1014 798 σκότει
1040 746 1366 811 διατελοῦσι,
1398 749 1492 804 καὶ
1517 749 1685 821 ἀχλὺν
1711 750 1894 822 έχουσι

319 839 418 905 τὴν
473 840 669 909 νοητὴν
715 839 796 900 εἰς
833 838 957 891 νοῦν
1007 839 1102 891 καὶ
1155 839 1403 910 καρδίαν,
1449 839 1600 895 οὔπω
1644 859 1706 896 τε
1757 846 1896 900 νοεῖν

325 927 570 996 ἰσχύουσι
603 927 665 980 τὸ
711 927 799 981 ἐπ’
842 927 992 998 αὐτῷ
1033 931 1358 1001 μυστήριον,
1400 932 1652 987 παλαίειν
1687 951 1750 988 τε
1804 936 1898 992 καὶ

325 1018 596 1088 μάχεσθαι
625 1019 718 1072 καὶ
749 1021 905 1090 νικᾷν
938 1019 1058 1084 ἔθος
1088 1022 1236 1093 αῦτῷ
1254 1040 1268 1055 ο
1307 1026 1418 1088 τοῖς
1443 1041 1506 1094 γε
1538 1026 1646 1098 μὴν
1670 1027 1733 1081 ἐν
1758 1030 1900 1098 φωτὶ

321 1115 595 1180 γεγονόσι,
623 1113 718 1168 καὶ
745 1115 819 1176 ὡς
858 1116 918 1167 ἐν
961 1114 1143 1186 ὗρθρῳ
1168 1115 1245 1186 τῷ
1269 1115 1466 1187 νοητῷ,
1499 1119 1594 1173 καὶ
1619 1119 1898 1191 νενοηκόσι

323 1201 384 1258 εὖ
419 1205 652 1274 μάλα-τὸ
680 1206 996 1275 μυστήριον,
1022 1207 1122 1260 οὐκ
1155 1207 1511 1262 ·ὲπιπαλαίειν
1536 1210 1696 1276 ἀξιοῖ,
1725 1211 1901 1264 διανέ-

327 1313 418 1364 μει
457 1295 513 1349 δὲ
557 1297 756 1366 μᾶλλον
800 1297 1044 1364 εὐλογίας
1093 1302 1484 1369 πνευματικὰς.
1537 1302 1763 1368 Οὐκοῦν,
1798 1303 1902 1356 κᾶν

317 1388 425 1456 ,ὀψὲ
472 1389 569 1441 καὶ
627 1389 780 1458 μόλις
841 1390 1103 1458 είσγένοιο
1147 1393 1240 1444 καὶ
1275 1392 1436 1456 αὐτὸς
1476 1392 1596 1462 μεθ’
1645 1393 1798 1462 ἡμῶν
1844 1397 1902 1447 ὲν

327 1478 487 1543 φωτὶ,
519 1477 615 1530 κα)⁸
645 1473 755 1531 οἷον
784 1479 1069 1552 ένδρθρῳ,
1112 1482 1450 1537 πεπαύσεται
1483 1499 1565 1537 σοι
1597 1485 1904 1554 μαχόμενος

326 1571 359 1622 6
387 1569 594 1633 πάντας
622 1570 807 1624 νικῶν.
840 1571 949 1624 Θέα
976 1572 1031 1624 δὲ
1061 1573 1208 1637 ὅπως
1239 1573 1524 1645 ἀνθρώπου
1563 1577 1902 1644 παλαίοντος,

329 1662 359 1711 6
394 1661 679 1725 θεσπέσιος
721 1662 915 1716 Ἰακὼϐ
953 1665 1256 1734 ἑωρακέναι
1303 1667 1435 1737 φησὶ
1461 1667 1551 1720 τὸν
1579 1666 1711 1721 Θεὸν
1739 1668 1907 1740 πρόσ-

329 1768 478 1803 ωπον
528 1751 663 1821 πρὸς
696 1754 1002 1823 πρόσωπον.
1062 1755 1419 1825 Προστέθεικε
1483 1759 1538 1812 δὲ
1579 1758 1907 1830 τό-Γράμμα

330 1841 392 1893 τὸ
443 1841 609 1911 ἱερὸν,
672 1843 753 1895 ὅτι
815 1862 834 1894 ‹
905 1843 1199 1900 ῗΑνέτειλεν
1243 1847 1391 1917 αὐτῷ
1447 1850 1475 1902 6
1520 1849 1691 1920 ἥλιος,
1743 1850 1904 1920 ἡνίκα

313 1931 576 2002 ¹»παρῆλθε
612 1933 671 1986 τὸ
713 1927 853 1997 εἶδος
905 1935 1000 1988 τοῦ
1045 1936 1200 1990 Θεοῦ.
1258 1957 1277 1988 ι
1336 1940 1479 1992 ’Δνθ⁹
1526 1941 1648 1994 ὅτου
1691 1941 1755 2013 δὴ
1813 1938 1904 1995 οὖν

334 2022 662 2096 ὲπερυθριᾷς
696 2026 809 2087 τοῖς
848 2025 949 2095 τῆς
993 2027 1276 2092 κενώσεως
1326 2030 1564 2101 μέτροις,
1591 2032 1767 2086 καίτοι
1814 2033 1906 2087 τὸν

337 2115 401 2166 ὲκ
428 2113 564 2166 Θεοῦ
605 2115 816 2185 Πατρὸς
844 2117 1016 2185 Λόγον
1045 2121 1395 2192 σαρκωθῆναί
1421 2141 1480 2175 τε
1509 2125 1603 2176 καὶ
1635 2127 1906 2196 ὲνανθρω-

337 2205 532 2275 πῆσαι,
558 2209 776 2272 παντὸς,
796 2204 970 2280 οἶμαι,
989 2211 1240 2279 λέγοντος
1257 2213 1350 2267 τοῦ
1376 2216 1468 2268 καὶ
1496 2215 1662 2288 ὀρθὴν
1694 2217 1907 2288 ἔχοντος

339 2296 542 2360 πίστιν,
587 2297 676 2348 καὶ
717 2296 1099 2366 βασανίζοντος
1137 2301 1378 2371 ἀκριϐῶς
1409 2302 1508 2372 τῆς
1553 2303 1908 2357 θεοπνεύστου

340 2385 562 2456 Γραφῆς
592 2387 682 2439 τὸν
719 2389 953 2454 σκοπὸν;
999 2391 1055 2443 ὐ
1085 2393 1260 2445 τοίνυν
1291 2395 1422 2463 ἡμῖν
1446 2394 1749 2464 ὁμοούσιος.
1776 2395 1912 2448 καθὸ

341 2479 563 2545 γέγονεν
587 2479 898 2549 ἄνθρωπος’
932 2482 1026 2535 καὶ
1053 2483 1201 2553 αὐ·ιῷ
1224 2484 1281 2537 δὲ
1311 2485 1389 2556 τῷ
1415 2487 1610 2554 Πατρὶ,
1641 2465 1782 2540 καθὰ
1819 2503 1914 2556 με-

345 2569 547 2640 μένηκε
571 2572 664 2624 κα)⁸
697 2572 1075 2644 ἁνθρωπότητι
1094 2576 1203 2629 -Ζσ,
1234 2577 1294 2629 ὲν
1320 2577 1721 2649 ἀνθρωπότητι]
1759 2578 1912 2642 Θεὸς,

342 2661 621 2733 ἀπεστάλη
677 2664 966 2735 κηρύσσων
1016 2667 1382 2737 αἰχμαλώτοις
1430 2669 1644 2736 ἄφεσιν,
1685 2669 1778 2722 καὶ
1827 2687 1917 2721 τυ-

345 2753 497 2822 φλοῖς
541 2757 853 2827 ἀνάϐλεψιν,
888 2759 1137 2813 ἰάσασθαί
1167 2778 1226 2813 τε
1258 2761 1384 2824 τοὺς
1416 2761 1917 2832 συντετριμμένους
1955 2777 1964 2784 ·

343 2849 442 2916 τὴν
491 2849 736 2920 καρδίαν,
777 2851 1002 2904 καλέσαι
1037 2851 1094 2904 δὲ
1143 2851 1237 2904 καὶ
1285 2852 1529 2906 ἐνιαυτὸν
1577 2853 1780 2922 Κυρίου
1831 2853 1918 2906 δε-

347 2941 494 2993 κτόν.
553 2943 726 2995 Αὐτοῦ
767 2942 881 3013 γὰρ
935 2943 1095 3012 μόνου
1152 2943 1247 2996 καὶ
1289 2944 1385 3012 οὐχ
1433 2943 1619 3013 ἐτέρου
1669 2944 1812 3005 τινὸς
1851 2944 1921 2998 τὰ

345 3033 526 3085 τοιάδε
565 3035 788 3101 γέγονεν
822 3037 901 3098 είς
930 3037 1076 3105 ἡμᾶς
1118 3033 1678 3105 κατορθώματα’,κα“ι
1717 3034 1920 3088 πιστώ-

348 3123 500 3177 σεταί
547 3142 631 3187 τις
664 3123 771 3178 τῶν
818 3126 992 3194 ἁγίων
1043 3127 1358 3196 προφητῶν,
1385 3124 1529 3179 οὕτω
1550 3125 1723 3192 λέγων
1744 3142 1756 3154 ·
1802 3144 1821 3176 ε
1846 3125 1922 3177 Οὐ

348 3213 610 3283 πρέσϐυς,
680 3214 779 3266 οὐκ
813 3215 1062 3282 ἄγγελος,
1098 3215 1212 3269 ἀλλ’
1281 3215 1442 3278 αὐτὸς
1487 3218 1517 3268 6
1552 3215 1755 3285 Κύριος
1788 3215 1923 3267 ἔσω-

351 3318 445 3354 σεν
473 3303 619 3372 ἡμᾶς
641 3319 654 3330 ·
697 3321 714 3352 ι
751 3303 779 3353 6
806 3302 900 3355 καὶ
929 3301 1303 3371 ἐναργέστατα
1335 3301 1536 3368 λέγων·
1582 3319 1600 3350 t
1639 3298 1736 3352 Διὰ
1767 3299 1925 3353 τοῦτο

351 3391 621 3459 γνώσεται
663 3394 691 3444 6
738 3391 866 3453 λαός
922 3408 1020 3460 μου
1065 3391 1126 3442 τὸ
1169 3391 1339 3460 ὄνομα
1386 3407 1488 3460 μου
1534 3390 1591 3441 ὲν
1637 3392 1702 3460 τῇ
1745 3390 1928 3460 ἡμέρᾳ

352 3484 536 3554 ἐκείνῃ
557 3501 571 3514 ·
605 3481 766 3548 αὐτὸς
795 3487 823 3536 6
871 3482 1066 3546 λαλῶν,
1104 3483 1356 3552 πάρειμι.
1401 3503 1417 3533 ι
1465 3483 1654 3535 Καίτοι
1683 3482 1820 3547 πῶς,
1852 3481 1928 3533 εῖ-

354 3594 460 3647 περ
493 3572 562 3647 ἦν
594 3594 677 3640 τις
711 3573 995 3646 ἄνθρωπος
1024 3575 1213 3638 ἁπλῶς
1249 3578 1278 3628 6
1307 3575 1732 3644 ἀπεσταλμένος,
1769 3574 1929 3636 αὐτὸς

354 3668 422 3720 ἂν
455 3670 642 3730 νοοῖτο,
680 3668 776 3720 καὶ
811 3667 901 3720 τὸν
937 3667 1104 3719 πάλαι
1140 3668 1254 3729 τοῖς
1299 3667 1675 3736 ἀρχαιοτέροις
1725 3682 1928 3734 κεχρη-

354 3757 711 3828 σμῳδημένον
758 3757 997 3825 λαλήσας
1052 3757 1243 3826 νόμον;
1306 3759 1379 3810 Οὐ
1427 3756 1535 3826 γάρ
1580 3773 1632 3807 τι
1669 3754 1776 3826 [ian
1822 3754 1928 3826 τοι]

354 3851 540 3922 προὼν
573 3851 646 3914 ὡς
686 3850 970 3921 ἄνθρωπος
1013 3850 1340 3921 γεγενῆσθαι
1376 3850 1572 3916 λέγοιτ’
1608 3851 1694 3911 ἂν,
1733 3848 1819 3900 ἵνα
1855 3849 1930 3917 μὴ

352 3940 456 4009 τῆς
500 3939 582 4003 είς
605 3937 668 3994 τὸ
709 3935 849 3992 εἶναι
880 3939 1134 4007 παρόδου,
1167 3938 1550 4010 πρεσϐυτέραν
1583 3938 1721 4007 ἔχων
1758 3935 1933 4005 ὁρῷτο

354 4033 454 4101 τὴν
494 4030 744 4101 ὓπαρξινο
782 4031 896 4084 ἀλλ’
943 4031 1018 4092 ὼς
1052 4029 1184 4092 Θεὸς
1227 4027 1629 4098 προῦπὰρχων,
1669 4027 1932 4094 λελάληκε

359 4123 460 4202 μὲν
485 4123 577 4174 τὸν
604 4122 786 4191 νόμον,
815 4122 1064 4193 παρεῖναι
1086 4119 1140 4172 δέ
1166 4135 1297 4187 φησι
1326 4117 1488 4181 ξένως
1516 4134 1574 4168 τε
1625 4118 1717 4169 καὶ
1773 4117 1934 4168 ὰσυν-

1371 352 1745 408 ADVERSUS
1780 351 2190 412 NESTORIUM
2225 354 2363 410 LIB.
2395 354 2485 411 ΙΙΙ.

311 469 714 540 γεγενημένου,
767 468 849 533 τὸ,
887 488 905 520 ι
953 470 1291 524 Ἀπόστειλον
1334 489 1424 541 με,
1468 491 1486 524 ι
1531 475 1712 544 φησὶν,
1757 474 1893 545 ὅπερ

2020 475 2259 546 ;piritalis
2291 473 2464 530 oﬁ‘usa
2481 483 2564 528 est
2589 481 2644 526 et
2679 470 2915 525 nondum
2944 469 3061 536 ejus
3090 467 3404 536 mysterium
3466 482 3561 518 va-
3669 499 3673 522 τ

1993 568 2106 623 lent
2133 567 2465 638 intelligere,
2497 563 2691 624 luctari
2712 575 3068 633 .pugnareque
3101 559 3191 615 ille
3239 567 3296 614 et
3343 558 3564 612 vincere
3673 579 3678 636 ρ

1993 659 2131 716 solet
2160 674 2176 710 :
2205 673 2325 712 cum
2359 657 2444 712 his
2476 670 2606 710 vero
2627 654 2726 722 qui
2751 653 2805 708 in
2827 653 2950 708 luce
2969 661 3098 706 sunt
3115 659 3171 706 et
3215 648 3444 719 spiritali
3470 648 3553 702 di-

1995 749 2456 820 luculo,etq)robe
2484 745 2797 818 mysterium
2828 742 3155 813 intelligunt,
3178 757 3285 795 non
3313 740 3412 794 sibi
3440 754 3563 794 esse

1994 840 2343 911 pugnandum
2363 845 2587 899 .censet,
2635 835 2736 890 sed
2771 834 2947 904 potius
2970 829 3240 900 spiritales
3270 829 3378 884 illis
3399 830 3562 883 bene-
3670 854 3677 865 ν

1999 931 2264 987 dictiones
2282 927 2488 992 tribuit.
2504 925 2572 981 Si
2598 927 2760 996 igitur
2785 924 2868 979 vel
2887 938 3008 978 sero
3032 923 3247 978 tandem
3277 920 3562 976 nobiscum

1997 1020 2288 1076 ein-lumine
2322 1014 2852 1077 versatusl'neris,.et
2907 1022 3158 1081 tanquam
3215 1009 3270 1066 in
3304 1007 3564 1075 diluculo,

1995 1112 2146 1171 .illico
2177 1118 2354 1166 tecum
2407 1123 2646 1179 pugnare
2708 1107 2933 1162 desistet
2983 1103 3075 1175 qui
3139 1101 3306 1156 vincit
3343 1111 3564 1154 omnes.

2002 1205 2174 1260 Velim
2200 1212 2387 1259 autem
2417 1201 2756 1262 consideres,
2797 1207 3068 1267 pugnante
3117 1193 3344 1254 homine
3364 1190 3566 1246 dixisse

1993 1297 2221 1352 beatum
2241 1291 2414 1350 Jacob
2430 1305 2491 1346 se
2511 1290 2708 1346 vidisse
2740 1287 2906 1342 Deum
2936 1283 3072 1341 facie
3101 1285 3167 1338 ad
3197 1281 3429 1348 faciem;
3455 1277 3566 1349 82

1996 1385 2209 1442 addidit
2234 1384 2396 1440 etiam
2419 1394 2573 1440 sacra
2595 1377 2914 1447 Scriptura:
2951 1392 2972 1426 ι
3022 1372 3192 1432 Ortus
3233 1381 3316 1428 est
3365 1369 3440 1424 illi
3487 1368 3568 1424 sol

2003 1476 2220 1546 quando
2271 1470 2590 1543 pertransiit
2613 1467 2865 1538 Speciem
2931 1465 3045 1520 Dei.
3083 1483 3101 1516 ι
3141 1462 3269 1528 :Qua
3322 1475 3456 1532 ergo
3498 1459 3567 1512 de

1999 1582 2168 1624 causa
2195 1562 2472 1622 erubescis
2493 1561 2558 1616 de
2581 1557 2969 1614 exinanitionis
2992 1567 3268 1618 mensura,
3291 1568 3411 1607 cum
3439 1549 3568 1604 illud

2000 1675 2072 1726 ex
2109 1658 2216 1712 Deo
2242 1655 2401 1709 Patre
2428 1651 2662 1708 Verbum
2720 1651 3054 1702 incarnatum
3091 1645 3261 1699 fuisse
3315 1651 3371 1697 et
3400 1641 3573 1697 homi-

2010 1767 2130 1804 nem
2151 1749 2370 1812 factum,
2390 1755 2451 1799 ut
2479 1744 2688 1812 opinor,
2728 1740 2990 1810 praedicet.
3004 1736 3253 1807 quisquis
3277 1743 3482 1796 rectam
3510 1731 3574 1785 (i-

1942 1825 1981 1880 B
2012 1845 2130 1898 dem
2163 1848 2330 1902 tenet,
2352 1847 2407 1890 et
2432 1844 2683 1891 accurate
2721 1845 2996 1887 sacrarum
3059 1827 3386 1884 Litterarum
3439 1838 3565 1894 pro-

1997 1935 2243 2006 positum
2280 1928 2549 2000 exquirit?
2577 1926 2667 1981 llle
2696 1924 2858 1993 igitur
2890 1917 3368 1978 consubstantialis
3402 1915 3577 1979 nobis,

1999 2042 2116 2096 qua
2133 2025 2312 2080 factus
2329 2031 2412 2078 est
2441 2021 2621 2079 homo,
2652 2027 2706 2074 et
2741 2015 2838 2086 ipsi
2861 2014 3054 2074 itidem
3088 2011 3252 2075 Patri,
3283 2024 3384 2078 qua
3417 2007 3575 2063 etiam

2015 2121 2069 2176 in
2101 2119 2212 2187 ipSa
2229 2113 2564 2176 humanitate
2602 2108 2744 2163 Deus
2765 2105 2984 2169 mansit,
3024 2103 3220 2170 missus
3248 2110 3330 2156 est
3389 2096 3580 2166 praedi-

2016 2224 2139 2265 care
2167 2205 2394 2276 captivis
2427 2200 2824 2260 remissionem,
2859 2204 2912 2252 et
2943 2193 3101 2248 caecis
3131 2191 3327 2254 visum,
3381 2195 3436 2242 et
3468 2200 3579 2240 me-

1997 2301 2132 2360 deri
2158 2298 2402 2358 contritis
2439 2295 2623 2360 corde,
2655 2301 2709 2348 et
2741 2289 2976 2344 indicere
3003 2299 3203 2340 annum
3254 2279 3464 2338 Domini
3492 2292 3574 2332 ac-

2018 2390 2334 2461 ceptabilem
2361 2387 2403 2420 ⁸⁷
2440 2402 2455 2437 :
2488 2385 2655 2455 ipsius
2687 2377 3144 2448 namqnesolius,
3196 2388 3300 2430 non
3354 2367 3581 2437 alicujus

2021 2480 2246 2537 alterius
2279 2470 2780 2544 fueruntejusmodi
2826 2465 3084 2536 praeclara
3141 2468 3287 2532 gesta
3327 2471 3454 2528 erga
3485 2471 3584 2510 nos

2023 2582 2350 2647 perpetrata.
2376 2569 2473 2624 Cui
2508 2568 2586 2622 rei
2622 2566 2780 2619 ﬁdem
2839 2561 3001 2614 faciet
3052 2555 3273 2626 quidem
3299 2567 3328 2606 a
3384 2547 3589 2606 sanctis

2024 2639 2322 2736 prophetis,
2347 2661 2439 2731 qui
2472 2659 2600 2713 dicit
2629 2674 2643 2710 :
2669 2675 2688 2707 ι
2721 2653 2834 2709 Non
2892 2651 3119 2719 legatus,
3181 2659 3286 2701 non
3348 2639 3585 2710 angelus,

2025 2735 2118 2816 Sed
2157 2756 2270 2824 ipse
2289 2750 2547 2806 Dominus
2571 2745 2914 2800 salvavitnos
2937 2741 3015 2807 '3;
3056 2757 3074 2790 ι
3114 2737 3201 2806 qui
3238 2735 3400 2790 etiam
3432 2746 3585 2800 aper—

2031 2849 2237 2903 tissime
2275 2843 2446 2897 dicit:
2482 2859 2500 2892 ι
2533 2838 2758 2906 Propter
2831 2835 2934 2888 hoc
2979 2831 3115 2886 sciet
3163 2826 3390 2898 populus
3434 2839 3585 2878 meus

2029 2954 2222 2994 nomen
2253 2950 2431 2989 meum
2456 2934 2507 2987 in
2544 2932 2630 2986 die
2657 2929 2767 2994 illa,
2796 2926 2920 2995 quia
2949 2939 3049 2993 ego
3083 2922 3197 2990 ipse
3219 2919 3309 2987 qui
3335 2916 3592 2985 loquebar

2031 3036 2217 3085 adsum
2247 3027 2311 3078 θ’.
2353 3043 2372 3075 ι
2412 3021 2574 3090 Atqui
2599 3021 2642 3073 si
2672 3018 2758 3072 ille
2797 3016 2993 3070 missus
3026 3013 3189 3067 homo
3217 3008 3412 3077 aliquis
3439 3020 3590 3058 com-

2031 3117 2212 3172 munis
2233 3124 2396 3180 esset,
2429 3110 2698 3181 quomodo
2721 3107 2836 3176 ipse
2859 3105 3002 3159 idem
3027 3115 3146 3158 esse
3180 3097 3592 3167 intelligeretur,

2029 3207 2122 3276 qui
2161 3205 2434 3260 veteribus
2467 3200 2569 3256 illis
2599 3199 2768 3268 legem
2796 3195 2922 3251 olim
2940 3191 3142 3248 edidit?
3176 3187 3358 3258 Neque
3422 3187 3592 3248 enim,

2029 3300 2074 3354 si
2099 3306 2154 3350 ut
2186 3297 2348 3350 homo
2379 3293 2527 3362 prius
2564 3299 2730 3354 esset,
2785 3290 2946 3342 homo
2993 3285 3167 3338 factus
3207 3295 3327 3336 esse
3360 3293 3594 3348 unquam

2030 3389 2132 3443 dici
2161 3395 2363 3456 posset,
2394 3399 2460 3439 ne
2481 3380 2884 3439 sulisistentiam
2924 3374 3284 3443 antiquiorem
3314 3369 3465 3424 initio
3491 3382 3596 3437 quo

2031 3494 2153 3534 esse
2186 3477 2373 3546 etrapit,
2403 3475 2600 3530 habere
2625 3472 2906 3526 videatur:
2943 3467 3037 3522 sed
3099 3478 3218 3518 cum
3256 3460 3597 3533 praeexsiste-

2034 3580 2114 3625 ret
2147 3578 2203 3621 ut
2229 3568 2387 3631 Deus,
2415 3567 2622 3620 locutus
2639 3563 2852 3629 quidem
2883 3568 2968 3613 est
3027 3557 3218 3628 legem,
3268 3569 3326 3608 se
3355 3566 3484 3605 vero
3507 3549 3599 3603 ad-

2031 3675 2150 3718 esse
2198 3661 2274 3714 ait
2318 3674 2456 3712 novo
2504 3658 2823 3721 insuetoque
2883 3651 3062 3714 modo,
3109 3662 3232 3702 cum
3300 3644 3474 3697 factus
3518 3647 3602 3693 cst

2033 3755 2213 3809 homo.
2237 3749 2423 3820 Atqui,
2452 3748 2646 3816 inquit,
2680 3745 2861 3801 omnia
2918 3740 3152 3810 complet
3187 3737 3444 3799 Verbum,
3477 3749 3597 3787 cum

2007 3915 2012 3917 ν
2034 3843 2106 3898 sit
2132 3843 2305 3898 Deus:
2330 3839 2597 3908 quomodo
2626 3838 2787 3906 igitur
2815 3834 2977 3888 etiam
2997 3834 3195 3886 missus
3217 3827 3340 3883 est?
3366 3841 3484 3879 nam
3509 3823 3599 3876 ubi

2034 3948 2140 3988 non
2188 3940 2306 3985 erat
2343 3929 2432 3999 qui
2464 3926 2693 3996 complet
2723 3922 2942 3977 omnia?
2979 3920 3115 3987 Quid
3151 3932 3299 3986 ergo,
3325 3916 3412 3970 dic
3443 3915 3596 3975 mihi,

2036 4023 2272 4079 divinam
2303 4029 2664 4087 sanctamque
2700 4014 3015 4069 Trinitatem
3064 4017 3466 4065 coarctatamne
3507 4021 3605 4072 pu-

2036 4117 2292 4178 tabimus,
2318 4130 2386 4166 an
2407 4128 2503 4183 per
2541 4109 2722 4166 omnia
2748 4105 2958 4162 dilatari
3011 4113 3065 4158 et
3091 4102 3270 4157 omnia
3298 4099 3606 4168 complere?

3460 348 3558 401 HG
3650 398 3669 410 .,

365 4189 514 4282 ﬁber;
551 4214 640 4267 ὅτε
670 4189 914 4279 νγέγονεν
961 4210 1280 4280 ἄνθρωπος·
1315 4207 1449 4261 ἀλλὰ
1498 4206 1607 4268 ναὶ,
1658 4206 1814 4276 φησὶ,
1865 4206 1920 4259 τὸ

2039 4210 2093 4265 Id
2116 4210 2161 4266 si
2203 4210 2274 4262 ita
2310 4216 2412 4267 est,
2444 4203 2711 4274 qtlumodo
2737 4214 2960 4268 magnus
2988 4196 3079 4250 ille
3104 4193 3302 4256 Muses,
3327 4208 3448 4246 cum
3487 4189 3608 4258 qui-

360 4305 543 4357 πάντα
579 4303 775 4373 πληροῖ
811 4303 941 4364 Θεὸς
971 4301 1047 4354 ὢν
1091 4303 1118 4354 6
1160 4301 1331 4367 Λόγος
1353 4317 1365 4330 ·
1398 4299 1514 4362 πῶς
1561 4295 1654 4352 οὖν
1690 4297 1797 4368 ἄρα
1842 4299 1920 4349 κα¹

2038 4304 2161 4357 dam
2193 4317 2221 4353 c
2246 4298 2440 4367 priscis
2473 4293 2781 4349 hominibus
2813 4289 3002 4343 turrim
3019 4287 3351 4341 aediﬁcarent
3373 4284 3437 4337 ad
3493 4297 3606 4338 cat-

364 4396 681 4466 ἁπεστάλης
719 4393 822 4446 ποῦ
853 4392 962 4463 γὰρ
993 4393 1093 4445 οῦκ
1114 4387 1180 4461 ἦν
1205 4393 1233 4442 6
1263 4392 1435 4444 πάντα
1467 4389 1724 4460 πληρῶνς
1757 4389 1823 4440 Τί
1853 4388 1908 4440 δὲ

2042 4395 2150 4448 lum
2180 4405 2348 4458 usque
2378 4389 2799 4457 .pertingentem,
2841 4381 3053 4435 induxit
3089 4377 3353 4433 dicentem
3383 4374 3550 4429 Deum
3591 4390 3605 4426 :

364 4488 487 4540 εἰπέ
520 4503 629 4555 μοι,
664 4485 762 4556 τὴν
785 4484 934 4537 θείαν
969 4483 1064 4537 καὶ
1093 4482 1373 4552 ὁμοοὺσιον
1401 4480 1607 4550 Τριὰδα
1647 4478 1920 4531 συνεστάλ

2047 4505 2062 4535 ι
2104 4483 2316 4544 Venite,
2344 4481 2734 4534 descendamus
2755 4483 2810 4528 et
2852 4470 3244 4527 confundamus
3297 4467 3370 4522 ibi
3401 4465 3611 4534 linguas

367 4579 456 4631 θαι
503 4577 766 4646 δώσομεν,
816 4576 848 4648 ἢ
918 4573 1343 4644 κατευρύνεσθαί
1396 4589 1456 4624 τε
1494 4572 1601 4628 τῶν
1648 4571 1804 4637 ὅλων,
1839 4571 1920 4625 καί

2043 4590 2230 4630 eorum
2265 4573 2349 4624 ⁷⁸⁸3
2385 4593 2404 4623 ο
2449 4571 2692 4636 Quanam
2723 4564 3076 4619 descensione
3103 4575 3238 4629 opus
3263 4557 3496 4612 habebat
3519 4556 3609 4609 illa

368 4673 546 4724 πάντα
593 4668 864 4740 πληροῦν;
918 4663 1050 4720 Εἶτα
1101 4665 1219 4728 πῶς
1265 4667 1399 4734 ἡμῖν
1442 4667 1471 4718 6
1507 4664 1677 4734 μέγας
1709 4663 1937 4731 Μωσῆς,

367 4763 451 4813 ὅτε
489 4760 578 4811 τὸν
605 4758 957 4828 οὐρανομήκη
989 4757 1197 4827 πύργον
1245 4753 1594 4824 ὰνεδείμαντό
1641 4769 1785 4814 τινες
1829 4751 1937 4803 τῶν

371 4850 763 4921 ἀρχαιοτέρων,
788 4849 1132 4918 είσκεκόμικε
1159 4847 1382 4913 λέγοντα
1410 4847 1501 4898 τὸν
1523 4843 1680 4898 Θεόν’
1708 4862 1726 4895 t
1753 4842 1940 4906 Δεῦτε,

376 4944 469 4995 καὶ
507 4941 844 5002 καταϐάντες
881 4941 1198 5010 συγχέωμεν
1247 4939 1362 4990 ἐκεῖ
1404 4937 1501 4999 τὰς
1547 4934 1796 5005 γλώσσας
1844 4935 1948 4990 αὐαι·

373 5034 516 5098 τῶν;
561 5052 578 5084 ι
615 5033 781 5094 Ποίας
828 5031 996 5083 ὲδεῖτο
1024 5029 1374 5092 καταϐάσεως
1419 5031 1452 5099 ἡ
1481 5027 1707 5098 οὐρανόν
1743 5043 1804 5080 τε
1848 5025 1944 5079 καὶ¹

377 5128 480 5194 γῆν
517 5125 911 5192 ἁναπιμπλᾶσα
967 5124 1155 5190 φύσις;
1203 5122 1516 5191 Γέγραπται
1565 5119 1620 5172 δὲ
1677 5119 1770 5172 καὶ
1819 5117 1945 5188 περὶ

375 5217 469 5270 τοῦ
507 5217 660 5284 ἁγίου
698 5215 1032 5283 Πνεῦματος,
1056 5215 1138 5267 ὃτι
1167 5232 1185 5262 ‹
1230 5212 1452 5282 Πνεῦμα
1499 5212 1704 5283 Κυρίου
1739 5210 1952 5278 πεπλή-

379 5324 522 5377 ρωκε
558 5307 653 5376 τὴν
677 5305 1020 5375 οἰκουμένην.
1048 5324 1064 5355 ι
1088 5305 1294 5358 sane:
1313 5305 1406 5357 καί
1436 5321 1598 5374 φησιν
1633 5305 1661 5356 6
1683 5302 1952 5372 μακάριος

381 5397 542 5450 Δαϐὶδ
575 5397 703 5466 περὶ
743 5396 850 5449 τῶν
880 5397 938 5448 ἐν
971 5398 1041 5465 γῇ
1088 5395 1352 5466 κειμένων
1383 5395 1517 5464 πρὸς
1547 5395 1637 5448 τὸν
1667 5396 1950 5459 ζωοποιεῖν

385 5490 637 5560 ἰσχύοντα
668 5488 798 5542 Θεόν
819 5505 833 5520 ⁸
871 5507 888 5542 ι
935 5487 1342 5552 Ἐξαποστελεῖς
1377 5487 1436 5540 τὸ
1480 5487 1704 5558 Πνεῦμὰ
1732 5503 1824 5540 σου
1855 5485 1948 5540 καὶ

455 5690 499 5720 ’τ
541 5687 640 5744 lsa.
671 5704 782 5752 ut,
835 5691 886 5748 1,
935 5687 998 5753 2;
1031 5683 1162 5744 Luc.
1221 5701 1293 5752 Iv,
1346 5684 1429 5750 18,
1467 5686 1548 5740 19.

381 5760 427 5791 ’⁸⁸
465 5758 609 5814 Ρε;ι1.
649 5773 765 5824 cm,
793 5756 880 5813 30.
925 5779 938 5792 -

1656 5685 1698 5716 θ’
1737 5687 1841 5741 lsa.
1874 5698 2026 5750 Lxm,
2055 5681 2106 5737 9.

2045 4681 2165 4734 qua;
2189 4662 2383 4719 ctelum
2417 4676 2481 4716 ac
2525 4668 2698 4712 terras
2724 4653 2956 4724 complet
2986 4650 3210 4705 natura?
3233 4647 3504 4714 Scriptum
3527 4655 3610 4698 est

2047 4757 2206 4812 etiam
2231 4757 2297 4812 de
2325 4761 2513 4808 sancto
2530 4749 2730 4820 Spiritu
2766 4767 2778 4802 :
2812 4765 2830 4797 ι
2871 4744 3108 4815 Spiritus
3157 4740 3367 4796 Domini
3393 4739 3616 4808 replevit

2049 4851 2236 4903 orbem
2264 4857 2531 4900 terrarum
2556 4844 2621 4895 τί.
2659 4861 2676 4893 ι
2715 4838 2905 4894 Psallit
2935 4845 3196 4906 praeterea
3216 4833 3402 4887 beatus
3421 4829 3608 4893 David,

2052 4954 2117 4994 ac
2140 4942 2205 4993 de
2232 4937 2313 4990 his
2345 4935 2433 5004 qui
2477 4935 2531 4987 in
2581 4931 2740 4984 terris
2773 4937 2899 4982 sunt
2925 4927 3104 4995 positi,
3129 4938 3249 4979 cum
3299 4921 3407 4973 Deo
3437 4919 3614 4986 loqui-

2051 5043 2156 5096 tur,
2190 5031 2279 5099 qui
2309 5027 2579 5080 vivilicare
2608 5031 2783 5091 potest
2813 5037 2830 5074 :
2869 5038 2888 5070 ι
2915 5017 3136 5071 Emittes
3164 5013 3420 5082 Spiritum
3443 5020 3613 5072 tuum,

2051 5132 2106 5177 et
2135 5119 2481 5181 crcabuntur,
2517 5123 2569 5168 et
2593 5110 2876 5167 renovabis
2899 5109 3088 5163 faciem
3124 5116 3279 5158 terra:
3300 5103 3380 5166 7';
3436 5120 3454 5153 ο
3485 5116 3618 5167 quo-

2053 5215 2212 5270 modo
2239 5210 2468 5264 mittitur
2505 5208 2595 5276 qui
2641 5204 2874 5273 complet
2921 5197 3240 5257 omnia?Ne
3304 5196 3462 5265 igitur
3499 5207 3616 5246 tan-

2049 5316 2209 5371 quam
2287 5307 2501 5352 acutum
2559 5293 2813 5362 quiddam
2863 5299 2917 5344 et
2993 5285 3412 5355 inexpugnabile
3486 5296 3614 5350 pru-

2045 5391 2293 5462 ponendo
2360 5388 2524 5451 illud,
2609 5399 2674 5438 et
2732 5383 2840 5436 Deo
2923 5378 3082 5433 Patre
3155 5375 3415 5439 Verbum,
3492 5387 3615 5426 cum

2045 5484 2225 5540 omnia
2317 5479 2486 5550 possit
2572 5474 2892 5544 complere,
2953 5469 3099 5524 nullo
3193 5467 3350 5521 modo
3430 5465 3614 5530 mitti,

2214 5678 2262 5710 ⁶’
2298 5676 2398 5732 lsa.
2452 5690 2549 5742 LII,
2578 5673 2627 5726 6.
2732 5670 2776 5700 ⁷⁰
2817 5667 2952 5723 Gen.
2983 5684 3057 5732 xl,
3088 5669 3140 5721 7.
3243 5667 3283 5697 "
3328 5665 3454 5734 Sap.
3490 5678 3531 5729 ι,
3559 5662 3614 5717 7.
