  <div class='ocr_page' id='page_1' title='image "/cluster/home/n/w/nwhite01/storage/ocr_20150623/76/nnc1.0046980067/079.png"; bbox 0 0 4054 6332; ppageno 0'>
   <div class='ocr_carea' id='block_1_1' title="bbox 482 332 583 389">
    <p class='ocr_par' dir='ltr' id='par_1_1' title="bbox 482 332 583 389">
     <span class='ocr_line' id='line_1_1' title="bbox 482 332 583 389; baseline 0 -1"><span class='ocrx_word' id='word_1_1' title='bbox 482 332 583 389; x_wconf 74' lang='lat' dir='ltr'><strong>M7</strong></span> 
     </span>
    </p>
   </div>
   <div class='ocr_carea' id='block_1_2' title="bbox 1476 332 3739 393">
    <p class='ocr_par' dir='ltr' id='par_1_2' title="bbox 1476 332 3739 393">
     <span class='ocr_line' id='line_1_2' title="bbox 1476 332 3739 393; baseline 0 -4"><span class='ocrx_word' id='word_1_2' title='bbox 1476 334 1534 390; x_wconf 91' lang='lat' dir='ltr'><strong>S.</strong></span> <span class='ocrx_word' id='word_1_3' title='bbox 1576 332 1853 391; x_wconf 79' lang='lat' dir='ltr'><strong>CYRILLI</strong></span> <span class='ocrx_word' id='word_1_4' title='bbox 1892 333 2363 391; x_wconf 80' lang='lat' dir='ltr'><strong>ALEXANDRIM</strong></span> <span class='ocrx_word' id='word_1_5' title='bbox 2401 336 2721 393; x_wconf 79' lang='lat' dir='ltr'><strong>ARCHIEP.</strong></span> <span class='ocrx_word' id='word_1_6' title='bbox 3644 334 3739 389; x_wconf 77' lang='lat' dir='ltr'><strong>HS</strong></span> 
     </span>
    </p>
   </div>
   <div class='ocr_carea' id='block_1_3' title="bbox 478 452 2070 528">
    <p class='ocr_par' dir='ltr' id='par_1_3' title="bbox 478 452 2052 523">
     <span class='ocr_line' id='line_1_3' title="bbox 478 452 2052 523; baseline 0.001 -16"><span class='ocrx_word' id='word_1_7' title='bbox 478 454 589 523; x_wconf 76' lang='lat'><strong>83</strong></span> <span class='ocrx_word' id='word_1_8' title='bbox 621 453 834 508; x_wconf 90' lang='lat' dir='ltr'><strong>coneris</strong></span> <span class='ocrx_word' id='word_1_9' title='bbox 884 453 1169 508; x_wconf 90' lang='lat' dir='ltr'><strong>veritatem</strong></span> <span class='ocrx_word' id='word_1_10' title='bbox 1202 452 1499 518; x_wconf 82' lang='lat' dir='ltr'><strong>inﬁrmare,</strong></span> <span class='ocrx_word' id='word_1_11' title='bbox 1536 462 1591 507; x_wconf 91' lang='lat' dir='ltr'><strong>et</strong></span> <span class='ocrx_word' id='word_1_12' title='bbox 1631 453 1878 523; x_wconf 88' lang='lat' dir='ltr'><strong>mysterii</strong></span> <span class='ocrx_word' id='word_1_13' title='bbox 1941 454 2052 508; x_wconf 89' lang='lat' dir='ltr'><strong>vim</strong></span> 
     </span>
    </p>
   </div>
   <div class='ocr_carea' id='block_1_4' title="bbox 2175 452 3739 528">
    <p class='ocr_par' dir='ltr' id='par_1_4' title="bbox 2175 454 3739 528">
     <span class='ocr_line' id='line_1_4' title="bbox 2175 454 3739 528; baseline -0.003 -18"><span class='ocrx_word' id='word_1_14' title='bbox 2175 457 2582 528; x_wconf 82' lang='grc' dir='ltr'>ιτισθήσονται,</span> <span class='ocrx_word' id='word_1_15' title='bbox 2639 458 2733 509; x_wconf 81' lang='grc' dir='ltr'>καὶ</span> <span class='ocrx_word' id='word_1_16' title='bbox 2792 456 3125 518; x_wconf 81' lang='grc' dir='ltr'>ἁνακαινιετς</span> <span class='ocrx_word' id='word_1_17' title='bbox 3176 454 3238 507; x_wconf 77' lang='grc' dir='ltr'>τὸ</span> <span class='ocrx_word' id='word_1_18' title='bbox 3296 454 3587 524; x_wconf 81' lang='grc' dir='ltr'>πρόσωπον</span> <span class='ocrx_word' id='word_1_19' title='bbox 3640 454 3739 521; x_wconf 72' lang='grc' dir='ltr'>τῆς</span> 
     </span>
    </p>
   </div>
   <div class='ocr_carea' id='block_1_5' title="bbox 479 545 2057 617">
    <p class='ocr_par' dir='ltr' id='par_1_5' title="bbox 479 545 2057 617">
     <span class='ocr_line' id='line_1_5' title="bbox 479 545 2057 617; baseline -0.001 -15"><span class='ocrx_word' id='word_1_20' title='bbox 479 559 725 603; x_wconf 77' lang='lat' dir='ltr'><strong>evertere</strong></span> <span class='ocrx_word' id='word_1_21' title='bbox 763 567 776 615; x_wconf 92' lang='lat'><strong>;</strong></span> <span class='ocrx_word' id='word_1_22' title='bbox 810 548 904 603; x_wconf 90' lang='lat' dir='ltr'><strong>sed</strong></span> <span class='ocrx_word' id='word_1_23' title='bbox 933 546 1061 602; x_wconf 86' lang='lat' dir='ltr'><strong>illud</strong></span> <span class='ocrx_word' id='word_1_24' title='bbox 1114 546 1293 617; x_wconf 88' lang='lat' dir='ltr'><strong>potius</strong></span> <span class='ocrx_word' id='word_1_25' title='bbox 1323 546 1522 614; x_wconf 79' lang='lat' dir='ltr'><strong>cogita,</strong></span> <span class='ocrx_word' id='word_1_26' title='bbox 1562 559 1650 602; x_wconf 86' lang='lat' dir='ltr'><strong>res</strong></span> <span class='ocrx_word' id='word_1_27' title='bbox 1690 546 1902 601; x_wconf 86' lang='lat' dir='ltr'><strong>divinas</strong></span> <span class='ocrx_word' id='word_1_28' title='bbox 1952 545 2057 600; x_wconf 91' lang='lat' dir='ltr'><strong>dici</strong></span> 
     </span>
    </p>
   </div>
   <div class='ocr_carea' id='block_1_6' title="bbox 481 636 2055 707">
    <p class='ocr_par' dir='ltr' id='par_1_6' title="bbox 481 636 2055 707">
     <span class='ocr_line' id='line_1_6' title="bbox 481 636 2055 707; baseline -0.003 -12"><span class='ocrx_word' id='word_1_29' title='bbox 481 641 698 707; x_wconf 87' lang='lat' dir='ltr'><strong>quidem</strong></span> <span class='ocrx_word' id='word_1_30' title='bbox 733 642 967 694; x_wconf 88' lang='lat' dir='ltr'><strong>humano</strong></span> <span class='ocrx_word' id='word_1_31' title='bbox 997 654 1166 702; x_wconf 89' lang='lat' dir='ltr'><strong>more,</strong></span> <span class='ocrx_word' id='word_1_32' title='bbox 1206 639 1285 693; x_wconf 92' lang='lat' dir='ltr'><strong>sic</strong></span> <span class='ocrx_word' id='word_1_33' title='bbox 1313 650 1493 692; x_wconf 90' lang='lat' dir='ltr'><strong>autem</strong></span> <span class='ocrx_word' id='word_1_34' title='bbox 1527 653 1556 691; x_wconf 93' lang='lat' dir='ltr'><strong>a</strong></span> <span class='ocrx_word' id='word_1_35' title='bbox 1598 637 1754 693; x_wconf 90' lang='lat' dir='ltr'><strong>nobis</strong></span> <span class='ocrx_word' id='word_1_36' title='bbox 1801 636 2055 705; x_wconf 78' lang='lat' dir='ltr'><strong>intelligi,</strong></span> 
     </span>
    </p>
   </div>
   <div class='ocr_carea' id='block_1_7' title="bbox 482 726 2053 799">
    <p class='ocr_par' dir='ltr' id='par_1_7' title="bbox 482 726 2053 799">
     <span class='ocr_line' id='line_1_7' title="bbox 482 726 2053 799; baseline -0.004 -16"><span class='ocrx_word' id='word_1_37' title='bbox 482 742 539 783; x_wconf 90' lang='lat' dir='ltr'><strong>ut</strong></span> <span class='ocrx_word' id='word_1_38' title='bbox 574 730 717 784; x_wconf 82' lang='lat' dir='ltr'><strong>Deus</strong></span> <span class='ocrx_word' id='word_1_39' title='bbox 748 731 861 799; x_wconf 85' lang='lat' dir='ltr'><strong>ipse</strong></span> <span class='ocrx_word' id='word_1_40' title='bbox 888 728 1036 784; x_wconf 90' lang='lat' dir='ltr'><strong>solus</strong></span> <span class='ocrx_word' id='word_1_41' title='bbox 1069 729 1192 794; x_wconf 87' lang='lat' dir='ltr'><strong>scit,</strong></span> <span class='ocrx_word' id='word_1_42' title='bbox 1227 738 1282 783; x_wconf 93' lang='lat' dir='ltr'><strong>et</strong></span> <span class='ocrx_word' id='word_1_43' title='bbox 1314 736 1372 782; x_wconf 94' lang='lat' dir='ltr'><strong>ut</strong></span> <span class='ocrx_word' id='word_1_44' title='bbox 1413 728 1490 782; x_wconf 88' lang='lat' dir='ltr'><strong>illi</strong></span> <span class='ocrx_word' id='word_1_45' title='bbox 1537 726 1716 783; x_wconf 76' lang='lat' dir='ltr'><strong>facere</strong></span> <span class='ocrx_word' id='word_1_46' title='bbox 1754 727 1922 784; x_wconf 90' lang='lat' dir='ltr'><strong>moris</strong></span> <span class='ocrx_word' id='word_1_47' title='bbox 1950 737 2053 782; x_wconf 90' lang='lat' dir='ltr'><strong>est.</strong></span> 
     </span>
    </p>
   </div>
   <div class='ocr_carea' id='block_1_8' title="bbox 483 817 2056 887">
    <p class='ocr_par' dir='ltr' id='par_1_8' title="bbox 483 817 2056 887">
     <span class='ocr_line' id='line_1_8' title="bbox 483 817 2056 887; baseline -0.002 -14"><span class='ocrx_word' id='word_1_48' title='bbox 483 820 589 873; x_wconf 80' lang='lat' dir='ltr'><strong>Sed</strong></span> <span class='ocrx_word' id='word_1_49' title='bbox 615 820 737 887; x_wconf 86' lang='lat' dir='ltr'><strong>quia</strong></span> <span class='ocrx_word' id='word_1_50' title='bbox 764 819 1071 873; x_wconf 88' lang='lat' dir='ltr'><strong>unctionem</strong></span> <span class='ocrx_word' id='word_1_51' title='bbox 1114 830 1170 873; x_wconf 92' lang='lat' dir='ltr'><strong>ut</strong></span> <span class='ocrx_word' id='word_1_52' title='bbox 1205 834 1317 872; x_wconf 88' lang='lat' dir='ltr'><strong>rem</strong></span> <span class='ocrx_word' id='word_1_53' title='bbox 1367 818 1618 887; x_wconf 75' lang='lat' dir='ltr'><strong>exiguam</strong></span> <span class='ocrx_word' id='word_1_54' title='bbox 1675 826 1731 873; x_wconf 90' lang='lat' dir='ltr'><strong>et</strong></span> <span class='ocrx_word' id='word_1_55' title='bbox 1776 817 2056 881; x_wconf 89' lang='lat' dir='ltr'><strong>humilem,</strong></span> 
     </span>
    </p>
   </div>
   <div class='ocr_carea' id='block_1_9' title="bbox 483 907 2060 979">
    <p class='ocr_par' dir='ltr' id='par_1_9' title="bbox 483 907 2060 979">
     <span class='ocr_line' id='line_1_9' title="bbox 483 907 2060 979; baseline -0.001 -16"><span class='ocrx_word' id='word_1_56' title='bbox 483 907 831 976; x_wconf 69' lang='lat' dir='ltr'><strong>etUnigeniti</strong></span> <span class='ocrx_word' id='word_1_57' title='bbox 861 909 1031 978; x_wconf 78' lang='lat' dir='ltr'><strong>gloria</strong></span> <span class='ocrx_word' id='word_1_58' title='bbox 1079 910 1233 979; x_wconf 82' lang='lat' dir='ltr'><strong>longe</strong></span> <span class='ocrx_word' id='word_1_59' title='bbox 1278 909 1550 979; x_wconf 84' lang='lat' dir='ltr'><strong>indignam</strong></span> <span class='ocrx_word' id='word_1_60' title='bbox 1597 917 1770 977; x_wconf 90' lang='lat' dir='ltr'><strong>putat,</strong></span> <span class='ocrx_word' id='word_1_61' title='bbox 1796 923 1916 977; x_wconf 79' lang='lat' dir='ltr'><strong>age,</strong></span> <span class='ocrx_word' id='word_1_62' title='bbox 1959 908 2060 963; x_wconf 90' lang='lat' dir='ltr'><strong>hac</strong></span> 
     </span>
    </p>
   </div>
   <div class='ocr_carea' id='block_1_10' title="bbox 484 999 2059 1074">
    <p class='ocr_par' dir='ltr' id='par_1_10' title="bbox 484 999 2059 1074">
     <span class='ocr_line' id='line_1_10' title="bbox 484 999 2059 1074; baseline -0.005 -14"><span class='ocrx_word' id='word_1_63' title='bbox 484 1007 549 1060; x_wconf 90' lang='lat' dir='ltr'><strong>de</strong></span> <span class='ocrx_word' id='word_1_64' title='bbox 584 1021 641 1060; x_wconf 89' lang='lat' dir='ltr'><strong>re</strong></span> <span class='ocrx_word' id='word_1_65' title='bbox 662 1021 783 1074; x_wconf 77' lang='lat' dir='ltr'><strong>qua:</strong></span> <span class='ocrx_word' id='word_1_66' title='bbox 812 1019 1051 1059; x_wconf 83' lang='lat' dir='ltr'><strong>consona</strong></span> <span class='ocrx_word' id='word_1_67' title='bbox 1083 1014 1210 1059; x_wconf 82' lang='lat' dir='ltr'><strong>sunt</strong></span> <span class='ocrx_word' id='word_1_68' title='bbox 1239 1005 1505 1069; x_wconf 90' lang='lat' dir='ltr'><strong>dicamus,</strong></span> <span class='ocrx_word' id='word_1_69' title='bbox 1533 1009 1591 1055; x_wconf 92' lang='lat' dir='ltr'><strong>ut</strong></span> <span class='ocrx_word' id='word_1_70' title='bbox 1620 999 1864 1057; x_wconf 88' lang='lat' dir='ltr'><strong>scandali</strong></span> <span class='ocrx_word' id='word_1_71' title='bbox 1892 1012 2059 1053; x_wconf 86' lang='lat' dir='ltr'><strong>occa-</strong></span> 
     </span>
    </p>
   </div>
   <div class='ocr_carea' id='block_1_11' title="bbox 485 1091 2059 1167">
    <p class='ocr_par' dir='ltr' id='par_1_11' title="bbox 485 1091 2059 1167">
     <span class='ocr_line' id='line_1_11' title="bbox 485 1091 2059 1167; baseline -0.005 -16"><span class='ocrx_word' id='word_1_72' title='bbox 485 1099 665 1151; x_wconf 82' lang='lat' dir='ltr'><strong>siones</strong></span> <span class='ocrx_word' id='word_1_73' title='bbox 699 1097 1055 1167; x_wconf 76' lang='lat' dir='ltr'><strong>praedicamus</strong></span> <span class='ocrx_word' id='word_1_74' title='bbox 1084 1116 1096 1152; x_wconf 90' lang='lat'>:</span> <span class='ocrx_word' id='word_1_75' title='bbox 1127 1097 1268 1167; x_wconf 77' lang='lat' dir='ltr'><strong>Ergo</strong></span> <span class='ocrx_word' id='word_1_76' title='bbox 1295 1095 1341 1150; x_wconf 90' lang='lat' dir='ltr'><strong>si</strong></span> <span class='ocrx_word' id='word_1_77' title='bbox 1388 1094 1552 1150; x_wconf 87' lang='lat' dir='ltr'><strong>homo</strong></span> <span class='ocrx_word' id='word_1_78' title='bbox 1592 1108 1697 1149; x_wconf 92' lang='lat' dir='ltr'><strong>non</strong></span> <span class='ocrx_word' id='word_1_79' title='bbox 1731 1102 1815 1148; x_wconf 90' lang='lat' dir='ltr'><strong>est</strong></span> <span class='ocrx_word' id='word_1_80' title='bbox 1860 1091 2059 1155; x_wconf 77' lang='lat' dir='ltr'><strong>factus,</strong></span> 
     </span>
    </p>
   </div>
   <div class='ocr_carea' id='block_1_12' title="bbox 485 1188 2062 1258">
    <p class='ocr_par' dir='ltr' id='par_1_12' title="bbox 485 1188 2062 1258">
     <span class='ocr_line' id='line_1_12' title="bbox 485 1188 2062 1258; baseline -0.003 -15"><span class='ocrx_word' id='word_1_81' title='bbox 485 1189 717 1244; x_wconf 89' lang='lat' dir='ltr'><strong>humana</strong></span> <span class='ocrx_word' id='word_1_82' title='bbox 787 1190 1021 1258; x_wconf 82' lang='lat' dir='ltr'><strong>reiiciat,</strong></span> <span class='ocrx_word' id='word_1_83' title='bbox 1069 1188 1534 1257; x_wconf 83' lang='lat' dir='ltr'><strong>dispensationem</strong></span> <span class='ocrx_word' id='word_1_84' title='bbox 1589 1195 1801 1243; x_wconf 89' lang='lat' dir='ltr'><strong>recuset</strong></span> <span class='ocrx_word' id='word_1_85' title='bbox 1840 1194 1901 1240; x_wconf 88' lang='lat' dir='ltr'><strong>ut</strong></span> <span class='ocrx_word' id='word_1_86' title='bbox 1940 1198 2062 1255; x_wconf 70' lang='lat' dir='ltr'><strong>quae</strong></span> 
     </span>
    </p>
   </div>
   <div class='ocr_carea' id='block_1_13' title="bbox 486 1277 2063 1353">
    <p class='ocr_par' dir='ltr' id='par_1_13' title="bbox 486 1277 2063 1353">
     <span class='ocr_line' id='line_1_13' title="bbox 486 1277 2063 1353; baseline -0.004 -17"><span class='ocrx_word' id='word_1_87' title='bbox 486 1284 751 1338; x_wconf 89' lang='lat' dir='ltr'><strong>minorem</strong></span> <span class='ocrx_word' id='word_1_88' title='bbox 789 1284 933 1337; x_wconf 93' lang='lat' dir='ltr'><strong>illum</strong></span> <span class='ocrx_word' id='word_1_89' title='bbox 963 1283 1147 1349; x_wconf 77' lang='lat' dir='ltr'><strong>faciat,</strong></span> <span class='ocrx_word' id='word_1_90' title='bbox 1177 1293 1231 1338; x_wconf 89' lang='lat' dir='ltr'><strong>et</strong></span> <span class='ocrx_word' id='word_1_91' title='bbox 1264 1300 1293 1336; x_wconf 91' lang='lat' dir='ltr'><strong>a</strong></span> <span class='ocrx_word' id='word_1_92' title='bbox 1322 1297 1575 1353; x_wconf 87' lang='lat' dir='ltr'><strong>suprema</strong></span> <span class='ocrx_word' id='word_1_93' title='bbox 1610 1281 1696 1336; x_wconf 91' lang='lat' dir='ltr'><strong>illa</strong></span> <span class='ocrx_word' id='word_1_94' title='bbox 1732 1280 1901 1351; x_wconf 79' lang='lat' dir='ltr'><strong>gloria</strong></span> <span class='ocrx_word' id='word_1_95' title='bbox 1934 1277 2063 1333; x_wconf 87' lang='lat' dir='ltr'><strong>divi-</strong></span> 
     </span>
    </p>
   </div>
   <div class='ocr_carea' id='block_1_14' title="bbox 485 1374 2062 1445">
    <p class='ocr_par' dir='ltr' id='par_1_14' title="bbox 485 1374 2062 1445">
     <span class='ocr_line' id='line_1_14' title="bbox 485 1374 2062 1445; baseline -0.002 -18"><span class='ocrx_word' id='word_1_96' title='bbox 485 1389 663 1443; x_wconf 88' lang='lat' dir='ltr'><strong>naque</strong></span> <span class='ocrx_word' id='word_1_97' title='bbox 706 1374 1026 1431; x_wconf 86' lang='lat' dir='ltr'><strong>excellentia</strong></span> <span class='ocrx_word' id='word_1_98' title='bbox 1061 1376 1131 1429; x_wconf 91' lang='lat' dir='ltr'><strong>sit</strong></span> <span class='ocrx_word' id='word_1_99' title='bbox 1170 1375 1328 1445; x_wconf 82' lang='lat' dir='ltr'><strong>longe</strong></span> <span class='ocrx_word' id='word_1_100' title='bbox 1382 1384 1586 1429; x_wconf 91' lang='lat' dir='ltr'><strong>remota</strong></span> <span class='ocrx_word' id='word_1_101' title='bbox 1620 1393 1631 1427; x_wconf 92' lang='lat'><strong>:</strong></span> <span class='ocrx_word' id='word_1_102' title='bbox 1670 1374 1864 1443; x_wconf 79' lang='lat' dir='ltr'><strong>exigua</strong></span> <span class='ocrx_word' id='word_1_103' title='bbox 1911 1387 2062 1425; x_wconf 86' lang='lat' dir='ltr'><strong>nam-</strong></span> 
     </span>
    </p>
   </div>
   <div class='ocr_carea' id='block_1_15' title="bbox 485 1465 2064 1537">
    <p class='ocr_par' dir='ltr' id='par_1_15' title="bbox 485 1465 2064 1537">
     <span class='ocr_line' id='line_1_15' title="bbox 485 1465 2064 1537; baseline 0.001 -19"><span class='ocrx_word' id='word_1_104' title='bbox 485 1481 591 1534; x_wconf 85' lang='lat' dir='ltr'><strong>que</strong></span> <span class='ocrx_word' id='word_1_105' title='bbox 614 1476 741 1520; x_wconf 93' lang='lat' dir='ltr'><strong>sunt</strong></span> <span class='ocrx_word' id='word_1_106' title='bbox 764 1467 862 1537; x_wconf 87' lang='lat' dir='ltr'><strong>ipsi</strong></span> <span class='ocrx_word' id='word_1_107' title='bbox 896 1466 1068 1522; x_wconf 86' lang='lat' dir='ltr'><strong>Verbo</strong></span> <span class='ocrx_word' id='word_1_108' title='bbox 1098 1470 1287 1521; x_wconf 87' lang='lat' dir='ltr'><strong>nostra’</strong></span> <span class='ocrx_word' id='word_1_109' title='bbox 1317 1467 1521 1520; x_wconf 89' lang='lat' dir='ltr'><strong>omnia.</strong></span> <span class='ocrx_word' id='word_1_110' title='bbox 1557 1465 1663 1521; x_wconf 92' lang='lat' dir='ltr'><strong>Sed</strong></span> <span class='ocrx_word' id='word_1_111' title='bbox 1695 1466 1821 1535; x_wconf 88' lang='lat' dir='ltr'><strong>quia</strong></span> <span class='ocrx_word' id='word_1_112' title='bbox 1847 1466 2064 1535; x_wconf 84' lang='lat' dir='ltr'><strong>sapien-</strong></span> 
     </span>
    </p>
   </div>
   <div class='ocr_carea' id='block_1_16' title="bbox 486 1559 2061 1632">
    <p class='ocr_par' dir='ltr' id='par_1_16' title="bbox 486 1559 2061 1632">
     <span class='ocr_line' id='line_1_16' title="bbox 486 1559 2061 1632; baseline 0.001 -19"><span class='ocrx_word' id='word_1_113' title='bbox 486 1561 557 1613; x_wconf 86' lang='lat' dir='ltr'><strong>tia</strong></span> <span class='ocrx_word' id='word_1_114' title='bbox 588 1561 800 1628; x_wconf 88' lang='lat' dir='ltr'><strong>plennm</strong></span> <span class='ocrx_word' id='word_1_115' title='bbox 844 1572 928 1616; x_wconf 90' lang='lat' dir='ltr'><strong>est</strong></span> <span class='ocrx_word' id='word_1_116' title='bbox 962 1562 1065 1615; x_wconf 89' lang='lat' dir='ltr'><strong>hoc</strong></span> <span class='ocrx_word' id='word_1_117' title='bbox 1102 1563 1444 1632; x_wconf 89' lang='lat' dir='ltr'><strong>mysterium,</strong></span> <span class='ocrx_word' id='word_1_118' title='bbox 1496 1576 1669 1629; x_wconf 87' lang='lat' dir='ltr'><strong>neque</strong></span> <span class='ocrx_word' id='word_1_119' title='bbox 1695 1560 1771 1615; x_wconf 92' lang='lat' dir='ltr'><strong>illi</strong></span> <span class='ocrx_word' id='word_1_120' title='bbox 1804 1559 2061 1630; x_wconf 87' lang='lat' dir='ltr'><strong>rejicieu-</strong></span> 
     </span>
    </p>
   </div>
   <div class='ocr_carea' id='block_1_17' title="bbox 488 1652 2060 1723">
    <p class='ocr_par' dir='ltr' id='par_1_17' title="bbox 488 1652 2060 1723">
     <span class='ocr_line' id='line_1_17' title="bbox 488 1652 2060 1723; baseline 0 -18"><span class='ocrx_word' id='word_1_121' title='bbox 488 1652 612 1705; x_wconf 87' lang='lat' dir='ltr'><strong>dum</strong></span> <span class='ocrx_word' id='word_1_122' title='bbox 637 1654 1026 1706; x_wconf 83' lang='lat' dir='ltr'><strong>exinanitionis</strong></span> <span class='ocrx_word' id='word_1_123' title='bbox 1066 1670 1225 1723; x_wconf 90' lang='lat' dir='ltr'><strong>opus,</strong></span> <span class='ocrx_word' id='word_1_124' title='bbox 1276 1670 1373 1708; x_wconf 90' lang='lat' dir='ltr'><strong>cur</strong></span> <span class='ocrx_word' id='word_1_125' title='bbox 1405 1670 1465 1707; x_wconf 81' lang='lat' dir='ltr'><strong>ea</strong></span> <span class='ocrx_word' id='word_1_126' title='bbox 1495 1668 1616 1722; x_wconf 60' lang='lat' dir='ltr'><strong>quas</strong></span> <span class='ocrx_word' id='word_1_127' title='bbox 1664 1662 1811 1707; x_wconf 88' lang='lat' dir='ltr'><strong>recte</strong></span> <span class='ocrx_word' id='word_1_128' title='bbox 1843 1655 2060 1717; x_wconf 86' lang='lat' dir='ltr'><strong>habent,</strong></span> 
     </span>
    </p>
   </div>
   <div class='ocr_carea' id='block_1_18' title="bbox 487 1742 2067 1814">
    <p class='ocr_par' dir='ltr' id='par_1_18' title="bbox 487 1742 2067 1814">
     <span class='ocr_line' id='line_1_18' title="bbox 487 1742 2067 1814; baseline 0.001 -18"><span class='ocrx_word' id='word_1_129' title='bbox 487 1744 751 1799; x_wconf 88' lang='lat' dir='ltr'><strong>audacter</strong></span> <span class='ocrx_word' id='word_1_130' title='bbox 781 1760 1025 1809; x_wconf 87' lang='lat' dir='ltr'><strong>accusas,</strong></span> <span class='ocrx_word' id='word_1_131' title='bbox 1060 1755 1114 1799; x_wconf 91' lang='lat' dir='ltr'><strong>et</strong></span> <span class='ocrx_word' id='word_1_132' title='bbox 1150 1745 1295 1814; x_wconf 92' lang='lat' dir='ltr'><strong>quod</strong></span> <span class='ocrx_word' id='word_1_133' title='bbox 1346 1745 1490 1798; x_wconf 92' lang='lat' dir='ltr'><strong>illius</strong></span> <span class='ocrx_word' id='word_1_134' title='bbox 1531 1742 1739 1811; x_wconf 85' lang='lat' dir='ltr'><strong>judicio</strong></span> <span class='ocrx_word' id='word_1_135' title='bbox 1789 1757 2067 1799; x_wconf 85' lang='lat' dir='ltr'><strong>commen-</strong></span> 
     </span>
    </p>
   </div>
   <div class='ocr_carea' id='block_1_19' title="bbox 490 1828 2143 1902">
    <p class='ocr_par' dir='ltr' id='par_1_19' title="bbox 490 1828 2143 1902">
     <span class='ocr_line' id='line_1_19' title="bbox 490 1828 2143 1902; baseline -0.002 -13"><span class='ocrx_word' id='word_1_136' title='bbox 490 1837 670 1902; x_wconf 86' lang='lat' dir='ltr'><strong>datur,</strong></span> <span class='ocrx_word' id='word_1_137' title='bbox 730 1848 789 1891; x_wconf 89' lang='lat' dir='ltr'><strong>ut</strong></span> <span class='ocrx_word' id='word_1_138' title='bbox 852 1837 1166 1891; x_wconf 87' lang='lat' dir='ltr'><strong>indecorum</strong></span> <span class='ocrx_word' id='word_1_139' title='bbox 1236 1836 1555 1891; x_wconf 88' lang='lat' dir='ltr'><strong>aversaris?</strong></span> <span class='ocrx_word' id='word_1_140' title='bbox 1590 1834 1787 1891; x_wconf 82' lang='lat' dir='ltr'><strong>Vidisti</strong></span> <span class='ocrx_word' id='word_1_141' title='bbox 1846 1828 2143 1889; x_wconf 90' lang='lat' dir='ltr'><strong>unctumB</strong></span> 
     </span>
    </p>
   </div>
   <div class='ocr_carea' id='block_1_20' title="bbox 488 1927 2065 1995">
    <p class='ocr_par' dir='ltr' id='par_1_20' title="bbox 488 1927 2065 1995">
     <span class='ocr_line' id='line_1_20' title="bbox 488 1927 2065 1995; baseline 0.001 -15"><span class='ocrx_word' id='word_1_142' title='bbox 488 1927 725 1982; x_wconf 87' lang='lat' dir='ltr'><strong>humano</strong></span> <span class='ocrx_word' id='word_1_143' title='bbox 788 1943 939 1983; x_wconf 88' lang='lat' dir='ltr'><strong>more</strong></span> <span class='ocrx_word' id='word_1_144' title='bbox 981 1928 1154 1984; x_wconf 87' lang='lat' dir='ltr'><strong>?vide</strong></span> <span class='ocrx_word' id='word_1_145' title='bbox 1223 1930 1473 1983; x_wconf 91' lang='lat' dir='ltr'><strong>eumdem</strong></span> <span class='ocrx_word' id='word_1_146' title='bbox 1528 1927 1785 1983; x_wconf 86' lang='lat' dir='ltr'><strong>divinitus</strong></span> <span class='ocrx_word' id='word_1_147' title='bbox 1846 1941 2065 1995; x_wconf 76' lang='lat' dir='ltr'><strong>ungere.</strong></span> 
     </span>
    </p>
   </div>
   <div class='ocr_carea' id='block_1_21' title="bbox 491 2017 2070 2090">
    <p class='ocr_par' dir='ltr' id='par_1_21' title="bbox 491 2017 2070 2090">
     <span class='ocr_line' id='line_1_21' title="bbox 491 2017 2070 2090; baseline 0 -17"><span class='ocrx_word' id='word_1_148' title='bbox 491 2018 767 2088; x_wconf 88' lang='lat' dir='ltr'><strong>Scriptum</strong></span> <span class='ocrx_word' id='word_1_149' title='bbox 801 2029 886 2076; x_wconf 90' lang='lat' dir='ltr'><strong>est</strong></span> <span class='ocrx_word' id='word_1_150' title='bbox 909 2021 1052 2074; x_wconf 91' lang='lat' dir='ltr'><strong>enim</strong></span> <span class='ocrx_word' id='word_1_151' title='bbox 1075 2037 1090 2074; x_wconf 88' lang='lat'><strong>:</strong></span> <span class='ocrx_word' id='word_1_152' title='bbox 1116 2040 1134 2072; x_wconf 80' lang='grc' dir='ltr'><strong>ι</strong></span> <span class='ocrx_word' id='word_1_153' title='bbox 1171 2020 1566 2076; x_wconf 92' lang='lat' dir='ltr'><strong>Testimonium</strong></span> <span class='ocrx_word' id='word_1_154' title='bbox 1600 2020 1875 2090; x_wconf 82' lang='lat' dir='ltr'><strong>perhibuit</strong></span> <span class='ocrx_word' id='word_1_155' title='bbox 1904 2017 2070 2075; x_wconf 84' lang='lat' dir='ltr'><strong>Joan-</strong></span> 
     </span>
    </p>
   </div>
   <div class='ocr_carea' id='block_1_22' title="bbox 487 2110 2067 2181">
    <p class='ocr_par' dir='ltr' id='par_1_22' title="bbox 487 2110 2067 2181">
     <span class='ocr_line' id='line_1_22' title="bbox 487 2110 2067 2181; baseline -0.001 -16"><span class='ocrx_word' id='word_1_156' title='bbox 487 2126 605 2174; x_wconf 86' lang='lat' dir='ltr'><strong>nes,</strong></span> <span class='ocrx_word' id='word_1_157' title='bbox 647 2111 888 2165; x_wconf 89' lang='lat' dir='ltr'><strong>dicens:</strong></span> <span class='ocrx_word' id='word_1_158' title='bbox 936 2112 1072 2177; x_wconf 85' lang='lat' dir='ltr'><strong>Quia</strong></span> <span class='ocrx_word' id='word_1_159' title='bbox 1131 2112 1239 2165; x_wconf 91' lang='lat' dir='ltr'><strong>vidi</strong></span> <span class='ocrx_word' id='word_1_160' title='bbox 1300 2111 1565 2181; x_wconf 89' lang='lat' dir='ltr'><strong>Spiritum</strong></span> <span class='ocrx_word' id='word_1_161' title='bbox 1648 2110 2067 2165; x_wconf 89' lang='lat' dir='ltr'><strong>descendentem</strong></span> 
     </span>
    </p>
   </div>
   <div class='ocr_carea' id='block_1_23' title="bbox 492 2202 2071 2273">
    <p class='ocr_par' dir='ltr' id='par_1_23' title="bbox 492 2202 2071 2273">
     <span class='ocr_line' id='line_1_23' title="bbox 492 2202 2071 2273; baseline 0.001 -18"><span class='ocrx_word' id='word_1_162' title='bbox 492 2202 646 2269; x_wconf 89' lang='lat' dir='ltr'><strong>quasi</strong></span> <span class='ocrx_word' id='word_1_163' title='bbox 693 2202 1017 2267; x_wconf 88' lang='lat' dir='ltr'><strong>columbam,</strong></span> <span class='ocrx_word' id='word_1_164' title='bbox 1066 2214 1119 2259; x_wconf 88' lang='lat' dir='ltr'><strong>et</strong></span> <span class='ocrx_word' id='word_1_165' title='bbox 1168 2212 1472 2258; x_wconf 90' lang='lat' dir='ltr'><strong>manentem</strong></span> <span class='ocrx_word' id='word_1_166' title='bbox 1534 2217 1699 2273; x_wconf 89' lang='lat' dir='ltr'><strong>super</strong></span> <span class='ocrx_word' id='word_1_167' title='bbox 1759 2203 1980 2272; x_wconf 91' lang='lat' dir='ltr'><strong>ipsum;</strong></span> <span class='ocrx_word' id='word_1_168' title='bbox 2017 2212 2071 2256; x_wconf 91' lang='lat' dir='ltr'><strong>et</strong></span> 
     </span>
    </p>
   </div>
   <div class='ocr_carea' id='block_1_24' title="bbox 494 2295 2070 2365">
    <p class='ocr_par' dir='ltr' id='par_1_24' title="bbox 494 2295 2070 2365">
     <span class='ocr_line' id='line_1_24' title="bbox 494 2295 2070 2365; baseline 0 -18"><span class='ocrx_word' id='word_1_169' title='bbox 494 2308 596 2364; x_wconf 85' lang='lat' dir='ltr'><strong>ego</strong></span> <span class='ocrx_word' id='word_1_170' title='bbox 619 2295 926 2349; x_wconf 89' lang='lat' dir='ltr'><strong>nesciebam</strong></span> <span class='ocrx_word' id='word_1_171' title='bbox 955 2312 1100 2359; x_wconf 90' lang='lat' dir='ltr'><strong>eum,</strong></span> <span class='ocrx_word' id='word_1_172' title='bbox 1127 2296 1219 2350; x_wconf 91' lang='lat' dir='ltr'><strong>sed</strong></span> <span class='ocrx_word' id='word_1_173' title='bbox 1247 2297 1337 2365; x_wconf 87' lang='lat' dir='ltr'><strong>qui</strong></span> <span class='ocrx_word' id='word_1_174' title='bbox 1376 2296 1527 2349; x_wconf 90' lang='lat' dir='ltr'><strong>misit</strong></span> <span class='ocrx_word' id='word_1_175' title='bbox 1578 2312 1664 2349; x_wconf 90' lang='lat' dir='ltr'><strong>me</strong></span> <span class='ocrx_word' id='word_1_176' title='bbox 1694 2295 1975 2365; x_wconf 79' lang='lat' dir='ltr'><strong>baptizare</strong></span> <span class='ocrx_word' id='word_1_177' title='bbox 2015 2296 2070 2348; x_wconf 92' lang='lat' dir='ltr'><strong>in</strong></span> 
     </span>
    </p>
   </div>
   <div class='ocr_carea' id='block_1_25' title="bbox 495 2386 2070 2458">
    <p class='ocr_par' dir='ltr' id='par_1_25' title="bbox 495 2386 2070 2458">
     <span class='ocr_line' id='line_1_25' title="bbox 495 2386 2070 2458; baseline 0.001 -19"><span class='ocrx_word' id='word_1_178' title='bbox 495 2402 657 2455; x_wconf 88' lang='lat' dir='ltr'><strong>aqua,</strong></span> <span class='ocrx_word' id='word_1_179' title='bbox 684 2386 769 2441; x_wconf 93' lang='lat' dir='ltr'><strong>ille</strong></span> <span class='ocrx_word' id='word_1_180' title='bbox 791 2388 920 2441; x_wconf 91' lang='lat' dir='ltr'><strong>mihi</strong></span> <span class='ocrx_word' id='word_1_181' title='bbox 954 2388 1326 2458; x_wconf 78' lang='lat' dir='ltr'><strong>dixit:Super</strong></span> <span class='ocrx_word' id='word_1_182' title='bbox 1366 2403 1525 2457; x_wconf 86' lang='lat' dir='ltr'><strong>quem</strong></span> <span class='ocrx_word' id='word_1_183' title='bbox 1554 2388 1762 2443; x_wconf 85' lang='lat' dir='ltr'><strong>.videris</strong></span> <span class='ocrx_word' id='word_1_184' title='bbox 1810 2387 2070 2456; x_wconf 88' lang='lat' dir='ltr'><strong>Spiritum</strong></span> 
     </span>
    </p>
   </div>
   <div class='ocr_carea' id='block_1_26' title="bbox 497 2478 2069 2548">
    <p class='ocr_par' dir='ltr' id='par_1_26' title="bbox 497 2478 2069 2548">
     <span class='ocr_line' id='line_1_26' title="bbox 497 2478 2069 2548; baseline 0.001 -18"><span class='ocrx_word' id='word_1_185' title='bbox 497 2478 917 2533; x_wconf 83' lang='lat' dir='ltr'><strong>descendentem</strong></span> <span class='ocrx_word' id='word_1_186' title='bbox 951 2489 1007 2533; x_wconf 88' lang='lat' dir='ltr'><strong>et</strong></span> <span class='ocrx_word' id='word_1_187' title='bbox 1037 2490 1345 2534; x_wconf 87' lang='lat' dir='ltr'><strong>manentem</strong></span> <span class='ocrx_word' id='word_1_188' title='bbox 1370 2494 1535 2548; x_wconf 89' lang='lat' dir='ltr'><strong>super</strong></span> <span class='ocrx_word' id='word_1_189' title='bbox 1567 2494 1714 2543; x_wconf 89' lang='lat' dir='ltr'><strong>eum,</strong></span> <span class='ocrx_word' id='word_1_190' title='bbox 1745 2480 1835 2533; x_wconf 91' lang='lat' dir='ltr'><strong>hic</strong></span> <span class='ocrx_word' id='word_1_191' title='bbox 1860 2490 1943 2534; x_wconf 92' lang='lat' dir='ltr'><strong>est</strong></span> <span class='ocrx_word' id='word_1_192' title='bbox 1978 2479 2069 2548; x_wconf 92' lang='lat' dir='ltr'><strong>qui</strong></span> 
     </span>
    </p>
   </div>
   <div class='ocr_carea' id='block_1_27' title="bbox 496 2570 2070 2642">
    <p class='ocr_par' dir='ltr' id='par_1_27' title="bbox 496 2570 2070 2642">
     <span class='ocr_line' id='line_1_27' title="bbox 496 2570 2070 2642; baseline 0 -17"><span class='ocrx_word' id='word_1_193' title='bbox 496 2572 735 2639; x_wconf 77' lang='lat' dir='ltr'><strong>liaptizat</strong></span> <span class='ocrx_word' id='word_1_194' title='bbox 765 2572 817 2626; x_wconf 91' lang='lat' dir='ltr'><strong>in</strong></span> <span class='ocrx_word' id='word_1_195' title='bbox 855 2570 1057 2642; x_wconf 90' lang='lat' dir='ltr'><strong>Spiritu</strong></span> <span class='ocrx_word' id='word_1_196' title='bbox 1092 2583 1324 2639; x_wconf 90' lang='lat' dir='ltr'><strong>sancto;</strong></span> <span class='ocrx_word' id='word_1_197' title='bbox 1360 2581 1415 2627; x_wconf 87' lang='lat' dir='ltr'><strong>et</strong></span> <span class='ocrx_word' id='word_1_198' title='bbox 1449 2573 1577 2636; x_wconf 90' lang='lat' dir='ltr'><strong>vidi,</strong></span> <span class='ocrx_word' id='word_1_199' title='bbox 1606 2582 1659 2626; x_wconf 91' lang='lat' dir='ltr'><strong>et</strong></span> <span class='ocrx_word' id='word_1_200' title='bbox 1706 2573 2070 2627; x_wconf 88' lang='lat' dir='ltr'><strong>testimonium</strong></span> 
     </span>
    </p>
   </div>
   <div class='ocr_carea' id='block_1_28' title="bbox 496 2663 2074 2734">
    <p class='ocr_par' dir='ltr' id='par_1_28' title="bbox 496 2663 2074 2734">
     <span class='ocr_line' id='line_1_28' title="bbox 496 2663 2074 2734; baseline 0 -18"><span class='ocrx_word' id='word_1_201' title='bbox 496 2665 761 2732; x_wconf 85' lang='lat' dir='ltr'><strong>perhibui,</strong></span> <span class='ocrx_word' id='word_1_202' title='bbox 789 2668 914 2734; x_wconf 86' lang='lat' dir='ltr'><strong>quia</strong></span> <span class='ocrx_word' id='word_1_203' title='bbox 938 2665 1023 2719; x_wconf 87' lang='lat' dir='ltr'><strong>hic</strong></span> <span class='ocrx_word' id='word_1_204' title='bbox 1043 2677 1126 2719; x_wconf 89' lang='lat' dir='ltr'><strong>est</strong></span> <span class='ocrx_word' id='word_1_205' title='bbox 1166 2664 1334 2718; x_wconf 87' lang='lat' dir='ltr'><strong>Filius</strong></span> <span class='ocrx_word' id='word_1_206' title='bbox 1378 2664 1469 2718; x_wconf 88' lang='lat' dir='ltr'><strong>Dei</strong></span> <span class='ocrx_word' id='word_1_207' title='bbox 1497 2665 1637 2720; x_wconf 70' lang='grc'><strong>⁷³³⁷⁸.</strong></span> <span class='ocrx_word' id='word_1_208' title='bbox 1674 2682 1695 2716; x_wconf 74' lang='grc' dir='ltr'><strong>ι</strong></span> <span class='ocrx_word' id='word_1_209' title='bbox 1721 2663 1857 2730; x_wconf 87' lang='lat' dir='ltr'><strong>Quid</strong></span> <span class='ocrx_word' id='word_1_210' title='bbox 1889 2664 2074 2718; x_wconf 87' lang='lat' dir='ltr'><strong>enim?</strong></span> 
     </span>
    </p>
   </div>
   <div class='ocr_carea' id='block_1_29' title="bbox 496 2753 2071 2825">
    <p class='ocr_par' dir='ltr' id='par_1_29' title="bbox 496 2753 2071 2825">
     <span class='ocr_line' id='line_1_29' title="bbox 496 2753 2071 2825; baseline -0.004 -14"><span class='ocrx_word' id='word_1_211' title='bbox 496 2756 923 2811; x_wconf 87' lang='lat' dir='ltr'><strong>humanitatisne</strong></span> <span class='ocrx_word' id='word_1_212' title='bbox 965 2771 1101 2825; x_wconf 89' lang='lat' dir='ltr'><strong>opus</strong></span> <span class='ocrx_word' id='word_1_213' title='bbox 1144 2772 1265 2810; x_wconf 90' lang='lat' dir='ltr'><strong>esse</strong></span> <span class='ocrx_word' id='word_1_214' title='bbox 1311 2754 1448 2810; x_wconf 84' lang='lat' dir='ltr'><strong>dicis</strong></span> <span class='ocrx_word' id='word_1_215' title='bbox 1503 2755 1781 2824; x_wconf 86' lang='lat' dir='ltr'><strong>baptizare</strong></span> <span class='ocrx_word' id='word_1_216' title='bbox 1820 2769 1979 2823; x_wconf 90' lang='lat' dir='ltr'><strong>posse</strong></span> <span class='ocrx_word' id='word_1_217' title='bbox 2017 2753 2071 2806; x_wconf 91' lang='lat' dir='ltr'><strong>in</strong></span> 
     </span>
    </p>
   </div>
   <div class='ocr_carea' id='block_1_30' title="bbox 494 2845 2071 2914">
    <p class='ocr_par' dir='ltr' id='par_1_30' title="bbox 494 2845 2071 2914">
     <span class='ocr_line' id='line_1_30' title="bbox 494 2845 2071 2914; baseline -0.003 -13"><span class='ocrx_word' id='word_1_218' title='bbox 494 2846 702 2914; x_wconf 89' lang='lat' dir='ltr'><strong>Spiritu</strong></span> <span class='ocrx_word' id='word_1_219' title='bbox 752 2857 945 2902; x_wconf 90' lang='lat' dir='ltr'><strong>sancto</strong></span> <span class='ocrx_word' id='word_1_220' title='bbox 1001 2847 1341 2902; x_wconf 86' lang='lat' dir='ltr'><strong>credentes?</strong></span> <span class='ocrx_word' id='word_1_221' title='bbox 1404 2845 1565 2914; x_wconf 86' lang='lat' dir='ltr'><strong>Atqui</strong></span> <span class='ocrx_word' id='word_1_222' title='bbox 1644 2845 1914 2914; x_wconf 86' lang='lat' dir='ltr'><strong>quomodo</strong></span> <span class='ocrx_word' id='word_1_223' title='bbox 1966 2859 2071 2898; x_wconf 94' lang='lat' dir='ltr'><strong>non</strong></span> 
     </span>
    </p>
   </div>
   <div class='ocr_carea' id='block_1_31' title="bbox 492 2935 2074 3007">
    <p class='ocr_par' dir='ltr' id='par_1_31' title="bbox 492 2935 2074 3007">
     <span class='ocr_line' id='line_1_31' title="bbox 492 2935 2074 3007; baseline -0.003 -14"><span class='ocrx_word' id='word_1_224' title='bbox 492 2939 719 2993; x_wconf 72' lang='lat' dir='ltr'><strong>stultum</strong></span> <span class='ocrx_word' id='word_1_225' title='bbox 767 2940 840 2995; x_wconf 91' lang='lat' dir='ltr'><strong>sit</strong></span> <span class='ocrx_word' id='word_1_226' title='bbox 886 2949 1078 3007; x_wconf 92' lang='lat' dir='ltr'><strong>putare</strong></span> <span class='ocrx_word' id='word_1_227' title='bbox 1130 2938 1245 2993; x_wconf 69' lang='lat' dir='ltr'><strong>haec</strong></span> <span class='ocrx_word' id='word_1_228' title='bbox 1284 2939 1357 2992; x_wconf 90' lang='lat' dir='ltr'><strong>ita</strong></span> <span class='ocrx_word' id='word_1_229' title='bbox 1405 2953 1465 2991; x_wconf 91' lang='lat' dir='ltr'><strong>se</strong></span> <span class='ocrx_word' id='word_1_230' title='bbox 1509 2937 1708 2991; x_wconf 88' lang='lat' dir='ltr'><strong>habere</strong></span> <span class='ocrx_word' id='word_1_231' title='bbox 1738 2936 1762 2989; x_wconf 88' lang='lat'><strong>?</strong></span> <span class='ocrx_word' id='word_1_232' title='bbox 1792 2935 2074 3002; x_wconf 85' lang='lat' dir='ltr'><strong>Quomodo</strong></span> 
     </span>
    </p>
   </div>
   <div class='ocr_carea' id='block_1_32' title="bbox 492 3027 2073 3100">
    <p class='ocr_par' dir='ltr' id='par_1_32' title="bbox 492 3027 2073 3100">
     <span class='ocr_line' id='line_1_32' title="bbox 492 3027 2073 3100; baseline -0.003 -15"><span class='ocrx_word' id='word_1_233' title='bbox 492 3032 660 3097; x_wconf 85' lang='lat' dir='ltr'><strong>enim,</strong></span> <span class='ocrx_word' id='word_1_234' title='bbox 693 3032 837 3100; x_wconf 91' lang='lat' dir='ltr'><strong>quod</strong></span> <span class='ocrx_word' id='word_1_235' title='bbox 873 3032 1050 3085; x_wconf 90' lang='lat' dir='ltr'><strong>minus</strong></span> <span class='ocrx_word' id='word_1_236' title='bbox 1082 3041 1187 3094; x_wconf 88' lang='lat' dir='ltr'><strong>est,</strong></span> <span class='ocrx_word' id='word_1_237' title='bbox 1244 3029 1714 3099; x_wconf 82' lang='lat' dir='ltr'><strong>participationem</strong></span> <span class='ocrx_word' id='word_1_238' title='bbox 1774 3030 1848 3083; x_wconf 89' lang='lat' dir='ltr'><strong>rei</strong></span> <span class='ocrx_word' id='word_1_239' title='bbox 1914 3027 2073 3097; x_wconf 81' lang='lat' dir='ltr'><strong>longe</strong></span> 
     </span>
    </p>
   </div>
   <div class='ocr_carea' id='block_1_33' title="bbox 2163 543 3739 621">
    <p class='ocr_par' dir='ltr' id='par_1_33' title="bbox 2163 543 3739 621">
     <span class='ocr_line' id='line_1_33' title="bbox 2163 543 3739 621; baseline -0.001 -21"><span class='ocrx_word' id='word_1_240' title='bbox 2163 551 2297 621; x_wconf 78' lang='grc' dir='ltr'>γῆς·</span> <span class='ocrx_word' id='word_1_241' title='bbox 2340 569 2358 600; x_wconf 74' lang='grc' dir='ltr'><strong>ι</strong></span> <span class='ocrx_word' id='word_1_242' title='bbox 2396 550 2512 613; x_wconf 87' lang='grc' dir='ltr'><strong>πῶς</strong></span> <span class='ocrx_word' id='word_1_243' title='bbox 2547 548 2997 615; x_wconf 80' lang='grc' dir='ltr'>ἐξαποστέλλεται</span> <span class='ocrx_word' id='word_1_244' title='bbox 3025 547 3087 600; x_wconf 84' lang='grc' dir='ltr'>τὸ</span> <span class='ocrx_word' id='word_1_245' title='bbox 3126 547 3305 601; x_wconf 88' lang='grc' dir='ltr'>πάντα</span> <span class='ocrx_word' id='word_1_246' title='bbox 3332 543 3602 617; x_wconf 88' lang='grc' dir='ltr'>πληροῦν;</span> <span class='ocrx_word' id='word_1_247' title='bbox 3648 545 3739 616; x_wconf 85' lang='grc' dir='ltr'><strong>Μὴ</strong></span> 
     </span>
    </p>
   </div>
   <div class='ocr_carea' id='block_1_34' title="bbox 2164 633 3741 710">
    <p class='ocr_par' dir='ltr' id='par_1_34' title="bbox 2164 633 3741 710">
     <span class='ocr_line' id='line_1_34' title="bbox 2164 633 3741 710; baseline -0.005 -17"><span class='ocrx_word' id='word_1_248' title='bbox 2164 640 2347 693; x_wconf 80' lang='grc' dir='ltr'><strong>τοίνυν</strong></span> <span class='ocrx_word' id='word_1_249' title='bbox 2390 639 2466 702; x_wconf 89' lang='grc' dir='ltr'><strong>ώς</strong></span> <span class='ocrx_word' id='word_1_250' title='bbox 2510 640 2673 710; x_wconf 84' lang='grc' dir='ltr'>σοφόν</span> <span class='ocrx_word' id='word_1_251' title='bbox 2724 656 2785 692; x_wconf 90' lang='grc' dir='ltr'><strong>τε</strong></span> <span class='ocrx_word' id='word_1_252' title='bbox 2840 638 2935 691; x_wconf 77' lang='grc' dir='ltr'>καὶ</span> <span class='ocrx_word' id='word_1_253' title='bbox 2988 635 3192 691; x_wconf 82' lang='grc' dir='ltr'>δυσανά</span> <span class='ocrx_word' id='word_1_254' title='bbox 3225 636 3297 707; x_wconf 82' lang='grc'><strong>(1)</strong></span> <span class='ocrx_word' id='word_1_255' title='bbox 3329 633 3603 705; x_wconf 68' lang='grc' dir='ltr'>προτιθεὶς</span> <span class='ocrx_word' id='word_1_256' title='bbox 3648 634 3741 686; x_wconf 85' lang='grc' dir='ltr'>τὸν</span> 
     </span>
    </p>
   </div>
   <div class='ocr_carea' id='block_1_35' title="bbox 2165 726 3741 802">
    <p class='ocr_par' dir='ltr' id='par_1_35' title="bbox 2165 726 3741 802">
     <span class='ocr_line' id='line_1_35' title="bbox 2165 726 3741 802; baseline -0.006 -16"><span class='ocrx_word' id='word_1_257' title='bbox 2165 733 2343 787; x_wconf 90' lang='grc' dir='ltr'>πάντα</span> <span class='ocrx_word' id='word_1_258' title='bbox 2382 731 2621 802; x_wconf 81' lang='grc' dir='ltr'>πληροῦν</span> <span class='ocrx_word' id='word_1_259' title='bbox 2662 729 2949 802; x_wconf 84' lang='grc' dir='ltr'>ἰσχύοντα,</span> <span class='ocrx_word' id='word_1_260' title='bbox 2987 728 3081 783; x_wconf 82' lang='grc' dir='ltr'>τὸν</span> <span class='ocrx_word' id='word_1_261' title='bbox 3130 729 3195 781; x_wconf 88' lang='grc' dir='ltr'><strong>ἐκ</strong></span> <span class='ocrx_word' id='word_1_262' title='bbox 3231 726 3366 781; x_wconf 92' lang='grc' dir='ltr'>Θεοῦ</span> <span class='ocrx_word' id='word_1_263' title='bbox 3396 726 3608 797; x_wconf 85' lang='grc' dir='ltr'>Πατρὸς</span> <span class='ocrx_word' id='word_1_264' title='bbox 3636 726 3741 779; x_wconf 89' lang='grc' dir='ltr'><strong>Λό-</strong></span> 
     </span>
    </p>
   </div>
   <div class='ocr_carea' id='block_1_36' title="bbox 2166 815 3737 894">
    <p class='ocr_par' dir='ltr' id='par_1_36' title="bbox 2166 815 3737 894">
     <span class='ocr_line' id='line_1_36' title="bbox 2166 815 3737 894; baseline -0.006 -16"><span class='ocrx_word' id='word_1_265' title='bbox 2166 841 2284 894; x_wconf 87' lang='grc' dir='ltr'>γον,</span> <span class='ocrx_word' id='word_1_266' title='bbox 2320 824 2608 892; x_wconf 79' lang='grc' dir='ltr'><strong>ἀνέφικτον</strong></span> <span class='ocrx_word' id='word_1_267' title='bbox 2638 823 2781 893; x_wconf 84' lang='grc' dir='ltr'>ἐχειν</span> <span class='ocrx_word' id='word_1_268' title='bbox 2810 822 2911 890; x_wconf 86' lang='grc' dir='ltr'>τὴν</span> <span class='ocrx_word' id='word_1_269' title='bbox 2942 819 3230 890; x_wconf 83' lang='grc' dir='ltr'>ἐπιστολὴν</span> <span class='ocrx_word' id='word_1_270' title='bbox 3258 817 3364 891; x_wconf 85' lang='grc' dir='ltr'><strong>[ῑσ.</strong></span> <span class='ocrx_word' id='word_1_271' title='bbox 3389 815 3737 888; x_wconf 83' lang='grc' dir='ltr'>ἀποστολὴν],</span> 
     </span>
    </p>
   </div>
   <div class='ocr_carea' id='block_1_37' title="bbox 2168 908 3739 989">
    <p class='ocr_par' dir='ltr' id='par_1_37' title="bbox 2168 908 3739 989">
     <span class='ocr_line' id='line_1_37' title="bbox 2168 908 3739 989; baseline -0.007 -17"><span class='ocrx_word' id='word_1_272' title='bbox 2168 916 2466 989; x_wconf 82' lang='grc' dir='ltr'><strong>παραλύειν</strong></span> <span class='ocrx_word' id='word_1_273' title='bbox 2488 916 2709 984; x_wconf 76' lang='grc' dir='ltr'><strong>ἐπείγου</strong></span> <span class='ocrx_word' id='word_1_274' title='bbox 2732 915 2794 968; x_wconf 88' lang='grc' dir='ltr'>τὸ</span> <span class='ocrx_word' id='word_1_275' title='bbox 2823 913 3042 986; x_wconf 80' lang='grc' dir='ltr'>ἀληθὲς,</span> <span class='ocrx_word' id='word_1_276' title='bbox 3076 913 3171 967; x_wconf 59' lang='grc' dir='ltr'><strong>καὶ⁵</strong></span> <span class='ocrx_word' id='word_1_277' title='bbox 3191 912 3291 982; x_wconf 84' lang='grc' dir='ltr'>τὴν</span> <span class='ocrx_word' id='word_1_278' title='bbox 3319 910 3414 964; x_wconf 89' lang='grc' dir='ltr'><strong>τοῦ</strong></span> <span class='ocrx_word' id='word_1_279' title='bbox 3442 908 3739 981; x_wconf 77' lang='grc' dir='ltr'>μυστηρίου</span> 
     </span>
    </p>
   </div>
   <div class='ocr_carea' id='block_1_38' title="bbox 2166 1005 3742 1083">
    <p class='ocr_par' dir='ltr' id='par_1_38' title="bbox 2166 1005 3742 1083">
     <span class='ocr_line' id='line_1_38' title="bbox 2166 1005 3742 1083; baseline -0.004 -18"><span class='ocrx_word' id='word_1_280' title='bbox 2166 1011 2399 1083; x_wconf 90' lang='grc' dir='ltr'>δύναμιν</span> <span class='ocrx_word' id='word_1_281' title='bbox 2420 1010 2747 1082; x_wconf 78' lang='grc' dir='ltr'><strong>ἀνατρέπειν</strong></span> <span class='ocrx_word' id='word_1_282' title='bbox 2766 1025 2781 1040; x_wconf 77' lang='grc'><strong>⁸</strong></span> <span class='ocrx_word' id='word_1_283' title='bbox 2802 1008 2969 1063; x_wconf 78' lang='grc' dir='ltr'><strong>ἐννόει</strong></span> <span class='ocrx_word' id='word_1_284' title='bbox 2987 1008 3042 1062; x_wconf 88' lang='grc' dir='ltr'><strong>δέ</strong></span> <span class='ocrx_word' id='word_1_285' title='bbox 3065 1007 3286 1078; x_wconf 81' lang='grc' dir='ltr'>μᾶλλον,</span> <span class='ocrx_word' id='word_1_286' title='bbox 3304 1006 3385 1060; x_wconf 85' lang='grc' dir='ltr'>ὅτι</span> <span class='ocrx_word' id='word_1_287' title='bbox 3405 1005 3621 1074; x_wconf 87' lang='grc' dir='ltr'>λέγεται</span> <span class='ocrx_word' id='word_1_288' title='bbox 3645 1005 3742 1075; x_wconf 83' lang='grc' dir='ltr'>μὲν</span> 
     </span>
    </p>
   </div>
   <div class='ocr_carea' id='block_1_39' title="bbox 2176 1094 3743 1175">
    <p class='ocr_par' dir='ltr' id='par_1_39' title="bbox 2176 1094 3743 1175">
     <span class='ocr_line' id='line_1_39' title="bbox 2176 1094 3743 1175; baseline -0.007 -16"><span class='ocrx_word' id='word_1_289' title='bbox 2176 1104 2532 1175; x_wconf 78' lang='grc' dir='ltr'>ἀνθρωπίνως</span> <span class='ocrx_word' id='word_1_290' title='bbox 2584 1102 2653 1157; x_wconf 81' lang='grc' dir='ltr'>τὰ</span> <span class='ocrx_word' id='word_1_291' title='bbox 2693 1102 2824 1173; x_wconf 71' lang='grc' dir='ltr'>περὶ</span> <span class='ocrx_word' id='word_1_292' title='bbox 2865 1100 3037 1154; x_wconf 84' lang='grc' dir='ltr'><strong>Θεοῦ·</strong></span> <span class='ocrx_word' id='word_1_293' title='bbox 3083 1102 3286 1154; x_wconf 82' lang='grc' dir='ltr'>νοεῖται</span> <span class='ocrx_word' id='word_1_294' title='bbox 3335 1098 3392 1152; x_wconf 83' lang='grc' dir='ltr'>δὲ</span> <span class='ocrx_word' id='word_1_295' title='bbox 3427 1097 3571 1150; x_wconf 79' lang='grc' dir='ltr'>οὕτω</span> <span class='ocrx_word' id='word_1_296' title='bbox 3607 1094 3743 1166; x_wconf 78' lang='grc' dir='ltr'>πρὸς</span> 
     </span>
    </p>
   </div>
   <div class='ocr_carea' id='block_1_40' title="bbox 2168 1188 3744 1267">
    <p class='ocr_par' dir='ltr' id='par_1_40' title="bbox 2168 1188 3744 1267">
     <span class='ocr_line' id='line_1_40' title="bbox 2168 1188 3744 1267; baseline -0.007 -16"><span class='ocrx_word' id='word_1_297' title='bbox 2168 1196 2339 1267; x_wconf 78' lang='grc' dir='ltr'>ἡμᾶς,</span> <span class='ocrx_word' id='word_1_298' title='bbox 2361 1195 2437 1260; x_wconf 87' lang='grc' dir='ltr'><strong>ώς</strong></span> <span class='ocrx_word' id='word_1_299' title='bbox 2462 1196 2529 1250; x_wconf 85' lang='grc' dir='ltr'>ἂν</span> <span class='ocrx_word' id='word_1_300' title='bbox 2550 1194 2711 1259; x_wconf 85' lang='grc' dir='ltr'>αὑτός</span> <span class='ocrx_word' id='word_1_301' title='bbox 2745 1211 2804 1247; x_wconf 93' lang='grc' dir='ltr'><strong>τε</strong></span> <span class='ocrx_word' id='word_1_302' title='bbox 2827 1193 2993 1265; x_wconf 76' lang='grc' dir='ltr'>εἰδείη</span> <span class='ocrx_word' id='word_1_303' title='bbox 3016 1192 3111 1246; x_wconf 72' lang='grc' dir='ltr'>καὶ</span> <span class='ocrx_word' id='word_1_304' title='bbox 3145 1191 3328 1262; x_wconf 85' lang='grc' dir='ltr'><strong>μόνος,</strong></span> <span class='ocrx_word' id='word_1_305' title='bbox 3347 1189 3442 1244; x_wconf 76' lang='grc' dir='ltr'>καὶ</span> <span class='ocrx_word' id='word_1_306' title='bbox 3458 1190 3593 1260; x_wconf 83' lang='grc' dir='ltr'>δρᾷν</span> <span class='ocrx_word' id='word_1_307' title='bbox 3622 1188 3744 1252; x_wconf 78' lang='grc' dir='ltr'>ἔθος</span> 
     </span>
    </p>
   </div>
   <div class='ocr_carea' id='block_1_41' title="bbox 2168 1278 3745 1359">
    <p class='ocr_par' dir='ltr' id='par_1_41' title="bbox 2168 1278 3745 1359">
     <span class='ocr_line' id='line_1_41' title="bbox 2168 1278 3745 1359; baseline -0.007 -16"><span class='ocrx_word' id='word_1_308' title='bbox 2168 1287 2338 1359; x_wconf 81' lang='grc' dir='ltr'>αὐτῷ.</span> <span class='ocrx_word' id='word_1_309' title='bbox 2379 1287 2598 1357; x_wconf 83' lang='grc' dir='ltr'>Ἐπειδὴ</span> <span class='ocrx_word' id='word_1_310' title='bbox 2629 1286 2686 1341; x_wconf 82' lang='grc' dir='ltr'>δὲ</span> <span class='ocrx_word' id='word_1_311' title='bbox 2714 1286 2790 1347; x_wconf 87' lang='grc' dir='ltr'>ὼς</span> <span class='ocrx_word' id='word_1_312' title='bbox 2820 1284 2993 1356; x_wconf 84' lang='grc' dir='ltr'>βραχὺ</span> <span class='ocrx_word' id='word_1_313' title='bbox 3022 1282 3117 1337; x_wconf 78' lang='grc' dir='ltr'>καὶ</span> <span class='ocrx_word' id='word_1_314' title='bbox 3145 1281 3507 1352; x_wconf 89' lang='grc' dir='ltr'>ἀνθρώπινον,</span> <span class='ocrx_word' id='word_1_315' title='bbox 3532 1278 3745 1349; x_wconf 83' lang='grc' dir='ltr'>καὶτῆς</span> 
     </span>
    </p>
   </div>
   <div class='ocr_carea' id='block_1_42' title="bbox 2168 1372 3742 1448">
    <p class='ocr_par' dir='ltr' id='par_1_42' title="bbox 2168 1372 3742 1448">
     <span class='ocr_line' id='line_1_42' title="bbox 2168 1372 3742 1448; baseline -0.007 -13"><span class='ocrx_word' id='word_1_316' title='bbox 2168 1381 2263 1436; x_wconf 92' lang='grc' dir='ltr'><strong>τοῦ</strong></span> <span class='ocrx_word' id='word_1_317' title='bbox 2296 1378 2634 1448; x_wconf 84' lang='grc' dir='ltr'>Μονογενοῦς</span> <span class='ocrx_word' id='word_1_318' title='bbox 2677 1377 2834 1445; x_wconf 80' lang='grc' dir='ltr'>ἀξίας</span> <span class='ocrx_word' id='word_1_319' title='bbox 2872 1375 3206 1448; x_wconf 81' lang='grc' dir='ltr'><strong>ἡττώμενον,</strong></span> <span class='ocrx_word' id='word_1_320' title='bbox 3237 1374 3492 1445; x_wconf 80' lang='grc' dir='ltr'>ἀμέτρως</span> <span class='ocrx_word' id='word_1_321' title='bbox 3529 1372 3742 1443; x_wconf 86' lang='grc' dir='ltr'>δέχεται</span> 
     </span>
    </p>
   </div>
   <div class='ocr_carea' id='block_1_43' title="bbox 2169 1462 3745 1544">
    <p class='ocr_par' dir='ltr' id='par_1_43' title="bbox 2169 1462 3745 1544">
     <span class='ocr_line' id='line_1_43' title="bbox 2169 1462 3745 1544; baseline -0.007 -17"><span class='ocrx_word' id='word_1_322' title='bbox 2169 1473 2268 1544; x_wconf 85' lang='grc' dir='ltr'>τὴν</span> <span class='ocrx_word' id='word_1_323' title='bbox 2291 1472 2486 1544; x_wconf 84' lang='grc' dir='ltr'>χρῆσιν</span> <span class='ocrx_word' id='word_1_324' title='bbox 2513 1470 2623 1543; x_wconf 82' lang='grc' dir='ltr'><strong>[ἵσ.</strong></span> <span class='ocrx_word' id='word_1_325' title='bbox 2654 1467 2879 1541; x_wconf 88' lang='grc' dir='ltr'>χρίσιν],</span> <span class='ocrx_word' id='word_1_326' title='bbox 2912 1468 3044 1541; x_wconf 86' lang='grc' dir='ltr'>φέρε</span> <span class='ocrx_word' id='word_1_327' title='bbox 3065 1468 3135 1521; x_wconf 86' lang='grc' dir='ltr'><strong>τὰ</strong></span> <span class='ocrx_word' id='word_1_328' title='bbox 3155 1467 3339 1521; x_wconf 86' lang='grc' dir='ltr'>είκότα</span> <span class='ocrx_word' id='word_1_329' title='bbox 3363 1465 3455 1520; x_wconf 74' lang='grc' dir='ltr'>καὶ</span> <span class='ocrx_word' id='word_1_330' title='bbox 3480 1466 3560 1529; x_wconf 83' lang='grc' dir='ltr'>εἰς</span> <span class='ocrx_word' id='word_1_331' title='bbox 3588 1462 3745 1518; x_wconf 91' lang='grc' dir='ltr'>τοῦτο</span> 
     </span>
    </p>
   </div>
   <div class='ocr_carea' id='block_1_44' title="bbox 2170 1556 3745 1637">
    <p class='ocr_par' dir='ltr' id='par_1_44' title="bbox 2170 1556 3745 1637">
     <span class='ocr_line' id='line_1_44' title="bbox 2170 1556 3745 1637; baseline -0.005 -18"><span class='ocrx_word' id='word_1_332' title='bbox 2170 1566 2436 1637; x_wconf 88' lang='grc' dir='ltr'>λέγωμεν,</span> <span class='ocrx_word' id='word_1_333' title='bbox 2469 1565 2567 1629; x_wconf 85' lang='grc' dir='ltr'>τὰς</span> <span class='ocrx_word' id='word_1_334' title='bbox 2618 1564 2714 1617; x_wconf 90' lang='grc' dir='ltr'><strong>τοῦ</strong></span> <span class='ocrx_word' id='word_1_335' title='bbox 2765 1563 3059 1617; x_wconf 84' lang='grc' dir='ltr'><strong>σκανδάλου</strong></span> <span class='ocrx_word' id='word_1_336' title='bbox 3093 1561 3311 1623; x_wconf 86' lang='grc' dir='ltr'>λύοντες</span> <span class='ocrx_word' id='word_1_337' title='bbox 3363 1558 3639 1630; x_wconf 86' lang='grc' dir='ltr'>ἀφορμάς.</span> <span class='ocrx_word' id='word_1_338' title='bbox 3680 1556 3745 1611; x_wconf 87' lang='grc' dir='ltr'><strong>Εί</strong></span> 
     </span>
    </p>
   </div>
   <div class='ocr_carea' id='block_1_45' title="bbox 2174 1648 3749 1729">
    <p class='ocr_par' dir='ltr' id='par_1_45' title="bbox 2174 1648 3749 1729">
     <span class='ocr_line' id='line_1_45' title="bbox 2174 1648 3749 1729; baseline -0.006 -17"><span class='ocrx_word' id='word_1_339' title='bbox 2174 1660 2274 1729; x_wconf 84' lang='grc' dir='ltr'>μὲν</span> <span class='ocrx_word' id='word_1_340' title='bbox 2301 1654 2395 1712; x_wconf 84' lang='grc' dir='ltr'><strong>οῦν</strong></span> <span class='ocrx_word' id='word_1_341' title='bbox 2422 1658 2483 1710; x_wconf 89' lang='grc' dir='ltr'>οὐ</span> <span class='ocrx_word' id='word_1_342' title='bbox 2506 1657 2728 1726; x_wconf 84' lang='grc' dir='ltr'>γέγονεν</span> <span class='ocrx_word' id='word_1_343' title='bbox 2755 1655 3059 1725; x_wconf 78' lang='grc' dir='ltr'>ἄνθρωπος,</span> <span class='ocrx_word' id='word_1_344' title='bbox 3084 1651 3424 1707; x_wconf 80' lang='grc' dir='ltr'>ἀποσειέσθω</span> <span class='ocrx_word' id='word_1_345' title='bbox 3442 1650 3511 1704; x_wconf 81' lang='grc' dir='ltr'>τὰ</span> <span class='ocrx_word' id='word_1_346' title='bbox 3539 1648 3749 1721; x_wconf 86' lang='grc' dir='ltr'>ἀνθρώ-</span> 
     </span>
    </p>
   </div>
   <div class='ocr_carea' id='block_1_46' title="bbox 2172 1738 3747 1820">
    <p class='ocr_par' dir='ltr' id='par_1_46' title="bbox 2172 1738 3747 1820">
     <span class='ocr_line' id='line_1_46' title="bbox 2172 1738 3747 1820; baseline -0.007 -19"><span class='ocrx_word' id='word_1_347' title='bbox 2172 1767 2327 1813; x_wconf 89' lang='grc' dir='ltr'>πινα,</span> <span class='ocrx_word' id='word_1_348' title='bbox 2377 1748 2751 1820; x_wconf 87' lang='grc' dir='ltr'>παραιτείσθω</span> <span class='ocrx_word' id='word_1_349' title='bbox 2798 1746 2897 1819; x_wconf 84' lang='grc' dir='ltr'>τὴν</span> <span class='ocrx_word' id='word_1_350' title='bbox 2931 1744 3265 1815; x_wconf 79' lang='grc' dir='ltr'>οἰκονομίαν,</span> <span class='ocrx_word' id='word_1_351' title='bbox 3298 1742 3372 1805; x_wconf 92' lang='grc' dir='ltr'><strong>ώς</strong></span> <span class='ocrx_word' id='word_1_352' title='bbox 3417 1743 3476 1795; x_wconf 87' lang='grc' dir='ltr'><strong>ἐν</strong></span> <span class='ocrx_word' id='word_1_353' title='bbox 3524 1738 3747 1810; x_wconf 80' lang='grc' dir='ltr'>μειώσει</span> 
     </span>
    </p>
   </div>
   <div class='ocr_carea' id='block_1_47' title="bbox 2170 1830 3751 1906">
    <p class='ocr_par' dir='ltr' id='par_1_47' title="bbox 2170 1830 3751 1906">
     <span class='ocr_line' id='line_1_47' title="bbox 2170 1830 3751 1906; baseline -0.008 -12"><span class='ocrx_word' id='word_1_354' title='bbox 2170 1841 2415 1895; x_wconf 82' lang='grc' dir='ltr'>τιθεῖσαν</span> <span class='ocrx_word' id='word_1_355' title='bbox 2452 1838 2638 1903; x_wconf 83' lang='grc' dir='ltr'>αὐτόν,</span> <span class='ocrx_word' id='word_1_356' title='bbox 2672 1839 2768 1892; x_wconf 82' lang='grc' dir='ltr'>καί</span> <span class='ocrx_word' id='word_1_357' title='bbox 2795 1838 2894 1906; x_wconf 83' lang='grc' dir='ltr'>τῆς</span> <span class='ocrx_word' id='word_1_358' title='bbox 2923 1836 3184 1892; x_wconf 85' lang='grc' dir='ltr'>ἀνωτάτω</span> <span class='ocrx_word' id='word_1_359' title='bbox 3215 1832 3373 1903; x_wconf 81' lang='grc' dir='ltr'>δόξης</span> <span class='ocrx_word' id='word_1_360' title='bbox 3403 1832 3496 1885; x_wconf 76' lang='grc' dir='ltr'>καὶ</span> <span class='ocrx_word' id='word_1_361' title='bbox 3524 1830 3751 1899; x_wconf 84' lang='grc' dir='ltr'>θεοπρε-</span> 
     </span>
    </p>
   </div>
   <div class='ocr_carea' id='block_1_48' title="bbox 2171 1921 3749 2002">
    <p class='ocr_par' dir='ltr' id='par_1_48' title="bbox 2171 1921 3749 2002">
     <span class='ocr_line' id='line_1_48' title="bbox 2171 1921 3749 2002; baseline -0.006 -18"><span class='ocrx_word' id='word_1_362' title='bbox 2171 1931 2308 1994; x_wconf 93' lang='grc' dir='ltr'>ποῦς</span> <span class='ocrx_word' id='word_1_363' title='bbox 2330 1931 2603 2002; x_wconf 85' lang='grc' dir='ltr'>ὑπεροχῆς</span> <span class='ocrx_word' id='word_1_364' title='bbox 2630 1930 2859 1983; x_wconf 88' lang='grc' dir='ltr'>κατόπιν</span> <span class='ocrx_word' id='word_1_365' title='bbox 2884 1930 3055 1981; x_wconf 84' lang='grc' dir='ltr'>ἱεῖσαν</span> <span class='ocrx_word' id='word_1_366' title='bbox 3075 1943 3088 1955; x_wconf 94' lang='grc'>·</span> <span class='ocrx_word' id='word_1_367' title='bbox 3119 1924 3328 1997; x_wconf 88' lang='grc' dir='ltr'>σμικρά</span> <span class='ocrx_word' id='word_1_368' title='bbox 3350 1923 3459 1994; x_wconf 86' lang='grc' dir='ltr'>γὰρ</span> <span class='ocrx_word' id='word_1_369' title='bbox 3488 1922 3564 1993; x_wconf 83' lang='grc' dir='ltr'>τῷ</span> <span class='ocrx_word' id='word_1_370' title='bbox 3590 1921 3749 1992; x_wconf 85' lang='grc' dir='ltr'>Λόγῳ</span> 
     </span>
    </p>
   </div>
   <div class='ocr_carea' id='block_1_49' title="bbox 2170 2015 3751 2094">
    <p class='ocr_par' dir='ltr' id='par_1_49' title="bbox 2170 2015 3751 2094">
     <span class='ocr_line' id='line_1_49' title="bbox 2170 2015 3751 2094; baseline -0.007 -16"><span class='ocrx_word' id='word_1_371' title='bbox 2170 2025 2238 2078; x_wconf 87' lang='grc' dir='ltr'>τὰ</span> <span class='ocrx_word' id='word_1_372' title='bbox 2271 2025 2392 2078; x_wconf 86' lang='grc' dir='ltr'>καθ’</span> <span class='ocrx_word' id='word_1_373' title='bbox 2419 2026 2587 2094; x_wconf 87' lang='grc' dir='ltr'>ἡμᾶς.</span> <span class='ocrx_word' id='word_1_374' title='bbox 2618 2022 2838 2094; x_wconf 81' lang='grc' dir='ltr'>Ἐπειδὴ</span> <span class='ocrx_word' id='word_1_375' title='bbox 2868 2022 2927 2075; x_wconf 84' lang='grc' dir='ltr'>δὲ</span> <span class='ocrx_word' id='word_1_376' title='bbox 2981 2020 3144 2091; x_wconf 85' lang='grc' dir='ltr'>σοφὸν</span> <span class='ocrx_word' id='word_1_377' title='bbox 3190 2016 3405 2087; x_wconf 82' lang='grc' dir='ltr'>ἀληθῶς</span> <span class='ocrx_word' id='word_1_378' title='bbox 3438 2015 3498 2069; x_wconf 83' lang='grc' dir='ltr'>τὸ</span> <span class='ocrx_word' id='word_1_379' title='bbox 3530 2016 3751 2086; x_wconf 84' lang='grc' dir='ltr'>μυστή-</span> 
     </span>
    </p>
   </div>
   <div class='ocr_carea' id='block_1_50' title="bbox 2174 2106 3751 2188">
    <p class='ocr_par' dir='ltr' id='par_1_50' title="bbox 2174 2106 3751 2188">
     <span class='ocr_line' id='line_1_50' title="bbox 2174 2106 3751 2188; baseline -0.004 -20"><span class='ocrx_word' id='word_1_380' title='bbox 2174 2133 2310 2188; x_wconf 88' lang='grc' dir='ltr'>ριον,</span> <span class='ocrx_word' id='word_1_381' title='bbox 2334 2117 2428 2169; x_wconf 68' lang='grc' dir='ltr'>καὶ</span> <span class='ocrx_word' id='word_1_382' title='bbox 2459 2117 2559 2169; x_wconf 76' lang='grc' dir='ltr'><strong>οὐκ</strong></span> <span class='ocrx_word' id='word_1_383' title='bbox 2582 2114 2887 2186; x_wconf 88' lang='grc' dir='ltr'>ἀπόϐλητον</span> <span class='ocrx_word' id='word_1_384' title='bbox 2920 2112 3069 2184; x_wconf 77' lang='grc' dir='ltr'>αὐτῷ</span> <span class='ocrx_word' id='word_1_385' title='bbox 3092 2112 3155 2165; x_wconf 77' lang='grc' dir='ltr'>τὸ</span> <span class='ocrx_word' id='word_1_386' title='bbox 3179 2112 3278 2182; x_wconf 84' lang='grc' dir='ltr'>τῆς</span> <span class='ocrx_word' id='word_1_387' title='bbox 3304 2108 3587 2171; x_wconf 81' lang='grc' dir='ltr'>κενώσεως</span> <span class='ocrx_word' id='word_1_388' title='bbox 3612 2106 3751 2179; x_wconf 80' lang='grc' dir='ltr'><strong>χρῆο</strong></span> 
     </span>
    </p>
   </div>
   <div class='ocr_carea' id='block_1_51' title="bbox 2176 2200 3750 2278">
    <p class='ocr_par' dir='ltr' id='par_1_51' title="bbox 2176 2200 3750 2278">
     <span class='ocr_line' id='line_1_51' title="bbox 2176 2200 3750 2278; baseline -0.005 -18"><span class='ocrx_word' id='word_1_389' title='bbox 2176 2226 2273 2278; x_wconf 87' lang='grc' dir='ltr'><strong>μα,</strong></span> <span class='ocrx_word' id='word_1_390' title='bbox 2296 2206 2348 2260; x_wconf 88' lang='grc' dir='ltr'><strong>τί</strong></span> <span class='ocrx_word' id='word_1_391' title='bbox 2373 2208 2480 2270; x_wconf 85' lang='grc' dir='ltr'>τοῖς</span> <span class='ocrx_word' id='word_1_392' title='bbox 2507 2205 2683 2278; x_wconf 84' lang='grc' dir='ltr'>ὀρθῶς</span> <span class='ocrx_word' id='word_1_393' title='bbox 2705 2205 2910 2275; x_wconf 75' lang='grc' dir='ltr'>ἔχουσι,</span> <span class='ocrx_word' id='word_1_394' title='bbox 2937 2202 3322 2275; x_wconf 75' lang='grc' dir='ltr'>ῥιψοκινδύνως</span> <span class='ocrx_word' id='word_1_395' title='bbox 3351 2201 3630 2271; x_wconf 82' lang='grc' dir='ltr'>ἐπιτιμᾷς,</span> <span class='ocrx_word' id='word_1_396' title='bbox 3654 2200 3750 2254; x_wconf 78' lang='grc' dir='ltr'><strong>καὶ</strong></span> 
     </span>
    </p>
   </div>
   <div class='ocr_carea' id='block_1_52' title="bbox 2171 2290 3752 2367">
    <p class='ocr_par' dir='ltr' id='par_1_52' title="bbox 2171 2290 3752 2367">
     <span class='ocr_line' id='line_1_52' title="bbox 2171 2290 3752 2367; baseline -0.005 -16"><span class='ocrx_word' id='word_1_397' title='bbox 2171 2300 2233 2351; x_wconf 88' lang='grc' dir='ltr'>τὸ</span> <span class='ocrx_word' id='word_1_398' title='bbox 2260 2300 2381 2361; x_wconf 84' lang='grc' dir='ltr'>ταῖς</span> <span class='ocrx_word' id='word_1_399' title='bbox 2433 2297 2598 2350; x_wconf 87' lang='grc' dir='ltr'>αὐτοῦ</span> <span class='ocrx_word' id='word_1_400' title='bbox 2652 2297 2852 2367; x_wconf 78' lang='grc' dir='ltr'>ψήφοις</span> <span class='ocrx_word' id='word_1_401' title='bbox 2913 2293 3366 2364; x_wconf 85' lang='grc' dir='ltr'>στεφανούμενον,</span> <span class='ocrx_word' id='word_1_402' title='bbox 3410 2292 3487 2356; x_wconf 85' lang='grc' dir='ltr'>ὡς</span> <span class='ocrx_word' id='word_1_403' title='bbox 3517 2290 3752 2354; x_wconf 82' lang='grc' dir='ltr'>ἀκαλλὲς</span> 
     </span>
    </p>
   </div>
   <div class='ocr_carea' id='block_1_53' title="bbox 2172 2381 3753 2461">
    <p class='ocr_par' dir='ltr' id='par_1_53' title="bbox 2172 2381 3753 2461">
     <span class='ocr_line' id='line_1_53' title="bbox 2172 2381 3753 2461; baseline -0.006 -17"><span class='ocrx_word' id='word_1_404' title='bbox 2172 2390 2498 2461; x_wconf 81' lang='grc' dir='ltr'>ἀποτρέπῃ;</span> <span class='ocrx_word' id='word_1_405' title='bbox 2538 2385 2689 2451; x_wconf 82' lang='grc' dir='ltr'>Εἶδες</span> <span class='ocrx_word' id='word_1_406' title='bbox 2732 2389 3018 2459; x_wconf 82' lang='grc' dir='ltr'>χριόμενον</span> <span class='ocrx_word' id='word_1_407' title='bbox 3049 2385 3443 2458; x_wconf 83' lang='grc' dir='ltr'>ἀνθρωπίνως;</span> <span class='ocrx_word' id='word_1_408' title='bbox 3506 2384 3610 2455; x_wconf 84' lang='grc' dir='ltr'><strong>δρα</strong></span> <span class='ocrx_word' id='word_1_409' title='bbox 3659 2381 3753 2437; x_wconf 79' lang='grc' dir='ltr'>τὸν</span> 
     </span>
    </p>
   </div>
   <div class='ocr_carea' id='block_1_54' title="bbox 2173 2478 3755 2553">
    <p class='ocr_par' dir='ltr' id='par_1_54' title="bbox 2173 2478 3755 2553">
     <span class='ocr_line' id='line_1_54' title="bbox 2173 2478 3755 2553; baseline -0.003 -17"><span class='ocrx_word' id='word_1_410' title='bbox 2173 2483 2335 2536; x_wconf 80' lang='grc' dir='ltr'>αὐτὸν</span> <span class='ocrx_word' id='word_1_411' title='bbox 2364 2483 2461 2536; x_wconf 70' lang='grc' dir='ltr'>καὶ</span> <span class='ocrx_word' id='word_1_412' title='bbox 2508 2482 2731 2553; x_wconf 85' lang='grc' dir='ltr'>χρίοντα</span> <span class='ocrx_word' id='word_1_413' title='bbox 2769 2480 2999 2543; x_wconf 82' lang='grc' dir='ltr'>θεῖκῶς·</span> <span class='ocrx_word' id='word_1_414' title='bbox 3030 2480 3337 2551; x_wconf 88' lang='grc' dir='ltr'>γέγραπται</span> <span class='ocrx_word' id='word_1_415' title='bbox 3374 2478 3504 2550; x_wconf 83' lang='grc' dir='ltr'>γὰρ,</span> <span class='ocrx_word' id='word_1_416' title='bbox 3541 2480 3623 2531; x_wconf 80' lang='grc' dir='ltr'>ὅτι</span> <span class='ocrx_word' id='word_1_417' title='bbox 3657 2478 3755 2532; x_wconf 78' lang='grc' dir='ltr'>καὶ</span> 
     </span>
    </p>
   </div>
   <div class='ocr_carea' id='block_1_55' title="bbox 2181 2569 3754 2647">
    <p class='ocr_par' dir='ltr' id='par_1_55' title="bbox 2181 2569 3754 2647">
     <span class='ocr_line' id='line_1_55' title="bbox 2181 2569 3754 2647; baseline -0.003 -20"><span class='ocrx_word' id='word_1_418' title='bbox 2181 2597 2198 2627; x_wconf 81' lang='grc' dir='ltr'><strong>ι</strong></span> <span class='ocrx_word' id='word_1_419' title='bbox 2235 2576 2651 2647; x_wconf 87' lang='grc' dir='ltr'>Ἐμαρτύρησεν</span> <span class='ocrx_word' id='word_1_420' title='bbox 2691 2574 2965 2644; x_wconf 83' lang='grc' dir='ltr'>Ἰωάννης,</span> <span class='ocrx_word' id='word_1_421' title='bbox 2990 2573 3194 2641; x_wconf 78' lang='grc' dir='ltr'>λέγων’</span> <span class='ocrx_word' id='word_1_422' title='bbox 3232 2573 3355 2625; x_wconf 86' lang='grc' dir='ltr'>’Ότι</span> <span class='ocrx_word' id='word_1_423' title='bbox 3391 2570 3655 2641; x_wconf 81' lang='grc' dir='ltr'>τεθέαμαι</span> <span class='ocrx_word' id='word_1_424' title='bbox 3690 2569 3754 2623; x_wconf 81' lang='grc' dir='ltr'>τὸ</span> 
     </span>
    </p>
   </div>
   <div class='ocr_carea' id='block_1_56' title="bbox 2174 2664 3753 2740">
    <p class='ocr_par' dir='ltr' id='par_1_56' title="bbox 2174 2664 3753 2740">
     <span class='ocr_line' id='line_1_56' title="bbox 2174 2664 3753 2740; baseline -0.004 -18"><span class='ocrx_word' id='word_1_425' title='bbox 2174 2670 2399 2740; x_wconf 79' lang='grc' dir='ltr'>Πνεῦμα</span> <span class='ocrx_word' id='word_1_426' title='bbox 2434 2669 2764 2722; x_wconf 89' lang='grc' dir='ltr'>καταϐαῖνον</span> <span class='ocrx_word' id='word_1_427' title='bbox 2799 2667 2932 2719; x_wconf 70' lang='grc' dir='ltr'>ὡσεὶ</span> <span class='ocrx_word' id='word_1_428' title='bbox 2974 2665 3327 2737; x_wconf 85' lang='grc' dir='ltr'>περιστερὰν,</span> <span class='ocrx_word' id='word_1_429' title='bbox 3352 2665 3445 2717; x_wconf 72' lang='grc' dir='ltr'>καὶ</span> <span class='ocrx_word' id='word_1_430' title='bbox 3476 2664 3637 2733; x_wconf 91' lang='grc' dir='ltr'>μένον</span> <span class='ocrx_word' id='word_1_431' title='bbox 3664 2664 3753 2715; x_wconf 87' lang='grc' dir='ltr'><strong>ἐπ’</strong></span> 
     </span>
    </p>
   </div>
   <div class='ocr_carea' id='block_1_57' title="bbox 2173 2754 3756 2830">
    <p class='ocr_par' dir='ltr' id='par_1_57' title="bbox 2173 2754 3756 2830">
     <span class='ocr_line' id='line_1_57' title="bbox 2173 2754 3756 2830; baseline -0.004 -15"><span class='ocrx_word' id='word_1_432' title='bbox 2173 2762 2337 2815; x_wconf 81' lang='grc' dir='ltr'>αὐτόν</span> <span class='ocrx_word' id='word_1_433' title='bbox 2358 2778 2371 2791; x_wconf 88' lang='grc'><strong>·</strong></span> <span class='ocrx_word' id='word_1_434' title='bbox 2405 2760 2559 2826; x_wconf 86' lang='grc' dir='ltr'>κάγὼ</span> <span class='ocrx_word' id='word_1_435' title='bbox 2585 2760 2686 2813; x_wconf 83' lang='grc' dir='ltr'>οὐκ</span> <span class='ocrx_word' id='word_1_436' title='bbox 2715 2760 2862 2830; x_wconf 81' lang='grc' dir='ltr'>ᾔδειν</span> <span class='ocrx_word' id='word_1_437' title='bbox 2885 2760 3048 2812; x_wconf 78' lang='grc' dir='ltr'>αὐτόν</span> <span class='ocrx_word' id='word_1_438' title='bbox 3069 2774 3084 2790; x_wconf 79' lang='grc' dir='ltr'><strong>ο</strong></span> <span class='ocrx_word' id='word_1_439' title='bbox 3112 2758 3226 2811; x_wconf 85' lang='grc' dir='ltr'>ἀλλ’</span> <span class='ocrx_word' id='word_1_440' title='bbox 3247 2761 3276 2812; x_wconf 90' lang='grc' dir='ltr'><strong>ό</strong></span> <span class='ocrx_word' id='word_1_441' title='bbox 3310 2757 3533 2828; x_wconf 79' lang='grc' dir='ltr'>πέμψας</span> <span class='ocrx_word' id='word_1_442' title='bbox 3562 2773 3628 2827; x_wconf 90' lang='grc' dir='ltr'><strong>με</strong></span> <span class='ocrx_word' id='word_1_443' title='bbox 3659 2754 3756 2826; x_wconf 85' lang='grc' dir='ltr'><strong>βα-</strong></span> 
     </span>
    </p>
   </div>
   <div class='ocr_carea' id='block_1_58' title="bbox 2174 2845 3758 2921">
    <p class='ocr_par' dir='ltr' id='par_1_58' title="bbox 2174 2845 3758 2921">
     <span class='ocr_line' id='line_1_58' title="bbox 2174 2845 3758 2921; baseline -0.004 -16"><span class='ocrx_word' id='word_1_444' title='bbox 2174 2852 2385 2917; x_wconf 79' lang='grc' dir='ltr'>πτίζειν</span> <span class='ocrx_word' id='word_1_445' title='bbox 2411 2854 2469 2906; x_wconf 89' lang='grc' dir='ltr'><strong>ἐν</strong></span> <span class='ocrx_word' id='word_1_446' title='bbox 2492 2852 2663 2916; x_wconf 77' lang='grc' dir='ltr'>ὕδατι,</span> <span class='ocrx_word' id='word_1_447' title='bbox 2681 2851 2885 2915; x_wconf 87' lang='grc' dir='ltr'>ἐκεῖνός</span> <span class='ocrx_word' id='word_1_448' title='bbox 2909 2868 2999 2921; x_wconf 88' lang='grc' dir='ltr'><strong>μοι</strong></span> <span class='ocrx_word' id='word_1_449' title='bbox 3027 2846 3179 2904; x_wconf 78' lang='grc' dir='ltr'>εἶπεν</span> <span class='ocrx_word' id='word_1_450' title='bbox 3197 2866 3212 2882; x_wconf 77' lang='grc' dir='ltr'>ο</span> <span class='ocrx_word' id='word_1_451' title='bbox 3245 2850 3359 2919; x_wconf 82' lang='grc' dir='ltr'><strong>Ἐφ’</strong></span> <span class='ocrx_word' id='word_1_452' title='bbox 3376 2849 3435 2902; x_wconf 88' lang='grc' dir='ltr'>ὃν</span> <span class='ocrx_word' id='word_1_453' title='bbox 3464 2848 3529 2902; x_wconf 85' lang='grc' dir='ltr'>ἂν</span> <span class='ocrx_word' id='word_1_454' title='bbox 3559 2847 3673 2920; x_wconf 73' lang='grc' dir='ltr'>ἴδῃς</span> <span class='ocrx_word' id='word_1_455' title='bbox 3692 2845 3758 2899; x_wconf 77' lang='grc' dir='ltr'>τὸ</span> 
     </span>
    </p>
   </div>
   <div class='ocr_carea' id='block_1_59' title="bbox 2175 2931 3757 3014">
    <p class='ocr_par' dir='ltr' id='par_1_59' title="bbox 2175 2931 3757 3014">
     <span class='ocr_line' id='line_1_59' title="bbox 2175 2931 3757 3014; baseline -0.003 -19"><span class='ocrx_word' id='word_1_456' title='bbox 2175 2942 2399 3014; x_wconf 83' lang='grc' dir='ltr'>Πνεῦμα</span> <span class='ocrx_word' id='word_1_457' title='bbox 2427 2942 2754 2997; x_wconf 87' lang='grc' dir='ltr'>καταϐαῖνον</span> <span class='ocrx_word' id='word_1_458' title='bbox 2780 2942 2874 2996; x_wconf 81' lang='grc' dir='ltr'><strong>καί</strong></span> <span class='ocrx_word' id='word_1_459' title='bbox 2891 2942 3049 3012; x_wconf 89' lang='grc' dir='ltr'>μένον</span> <span class='ocrx_word' id='word_1_460' title='bbox 3072 2941 3161 2993; x_wconf 80' lang='grc' dir='ltr'><strong>ἐπ’</strong></span> <span class='ocrx_word' id='word_1_461' title='bbox 3187 2940 3368 3005; x_wconf 80' lang='grc' dir='ltr'>αὑτὸν,</span> <span class='ocrx_word' id='word_1_462' title='bbox 3387 2931 3542 3003; x_wconf 83' lang='grc' dir='ltr'>οῦτός</span> <span class='ocrx_word' id='word_1_463' title='bbox 3558 2939 3705 2992; x_wconf 84' lang='grc' dir='ltr'>ἐστιν</span> <span class='ocrx_word' id='word_1_464' title='bbox 3726 2939 3757 2991; x_wconf 82' lang='grc' dir='ltr'><strong>ὁ</strong></span> 
     </span>
    </p>
   </div>
   <div class='ocr_carea' id='block_1_60' title="bbox 2177 3031 3758 3105">
    <p class='ocr_par' dir='ltr' id='par_1_60' title="bbox 2177 3031 3758 3105">
     <span class='ocr_line' id='line_1_60' title="bbox 2177 3031 3758 3105; baseline -0.003 -17"><span class='ocrx_word' id='word_1_465' title='bbox 2177 3035 2455 3105; x_wconf 78' lang='grc' dir='ltr'>βαπτίζων</span> <span class='ocrx_word' id='word_1_466' title='bbox 2484 3036 2543 3089; x_wconf 91' lang='grc' dir='ltr'><strong>ἐν</strong></span> <span class='ocrx_word' id='word_1_467' title='bbox 2575 3034 2652 3104; x_wconf 85' lang='grc' dir='ltr'>τῷ</span> <span class='ocrx_word' id='word_1_468' title='bbox 2671 3034 2952 3104; x_wconf 89' lang='grc' dir='ltr'>Πνεύματι</span> <span class='ocrx_word' id='word_1_469' title='bbox 2981 3032 3058 3104; x_wconf 80' lang='grc' dir='ltr'>τῷ</span> <span class='ocrx_word' id='word_1_470' title='bbox 3081 3033 3249 3103; x_wconf 85' lang='grc' dir='ltr'>ἁγίῳ·</span> <span class='ocrx_word' id='word_1_471' title='bbox 3283 3032 3379 3085; x_wconf 72' lang='grc' dir='ltr'>καὶ</span> <span class='ocrx_word' id='word_1_472' title='bbox 3397 3031 3638 3103; x_wconf 80' lang='grc' dir='ltr'>ἑώρακα,</span> <span class='ocrx_word' id='word_1_473' title='bbox 3660 3031 3758 3087; x_wconf 79' lang='grc' dir='ltr'>καὶ</span> 
     </span>
    </p>
   </div>
   <div class='ocr_carea' id='block_1_61' title="bbox 493 3119 2070 3222">
    <p class='ocr_par' dir='ltr' id='par_1_61' title="bbox 493 3119 2070 3193">
     <span class='ocr_line' id='line_1_61' title="bbox 493 3119 2070 3193; baseline -0.003 -17"><span class='ocrx_word' id='word_1_474' title='bbox 493 3124 718 3193; x_wconf 86' lang='lat' dir='ltr'><strong>majoris</strong></span> <span class='ocrx_word' id='word_1_475' title='bbox 762 3123 1082 3193; x_wconf 77' lang='lat' dir='ltr'><strong>largietur?</strong></span> <span class='ocrx_word' id='word_1_476' title='bbox 1115 3122 1249 3176; x_wconf 83' lang='lat' dir='ltr'><strong>Illud</strong></span> <span class='ocrx_word' id='word_1_477' title='bbox 1295 3123 1459 3175; x_wconf 85' lang='lat' dir='ltr'><strong>etiam</strong></span> <span class='ocrx_word' id='word_1_478' title='bbox 1518 3119 1832 3175; x_wconf 88' lang='lat' dir='ltr'><strong>consideres</strong></span> <span class='ocrx_word' id='word_1_479' title='bbox 1887 3119 2070 3183; x_wconf 84' lang='lat' dir='ltr'><strong>velim,</strong></span> 
     </span>
    </p>
   </div>
   <div class='ocr_carea' id='block_1_62' title="bbox 2175 3119 3753 3222">
    <p class='ocr_par' dir='ltr' id='par_1_62' title="bbox 2178 3120 3753 3199">
     <span class='ocr_line' id='line_1_62' title="bbox 2178 3120 3753 3199; baseline -0.003 -19"><span class='ocrx_word' id='word_1_480' title='bbox 2178 3127 2604 3199; x_wconf 84' lang='grc' dir='ltr'>μεμαρτύρηκα,</span> <span class='ocrx_word' id='word_1_481' title='bbox 2652 3127 2734 3179; x_wconf 84' lang='grc' dir='ltr'>ὅτι</span> <span class='ocrx_word' id='word_1_482' title='bbox 2790 3120 2945 3189; x_wconf 72' lang='grc' dir='ltr'>οὗτός</span> <span class='ocrx_word' id='word_1_483' title='bbox 2992 3127 3140 3179; x_wconf 89' lang='grc' dir='ltr'>ἐστιν</span> <span class='ocrx_word' id='word_1_484' title='bbox 3177 3125 3206 3177; x_wconf 86' lang='grc' dir='ltr'>ὁ</span> <span class='ocrx_word' id='word_1_485' title='bbox 3238 3123 3366 3187; x_wconf 83' lang='grc' dir='ltr'>Υίὸς</span> <span class='ocrx_word' id='word_1_486' title='bbox 3408 3122 3500 3177; x_wconf 89' lang='grc' dir='ltr'><strong>τοῦ</strong></span> <span class='ocrx_word' id='word_1_487' title='bbox 3543 3122 3701 3176; x_wconf 87' lang='grc' dir='ltr'>Θεοῦ.</span> <span class='ocrx_word' id='word_1_488' title='bbox 3730 3140 3753 3175; x_wconf 75' lang='grc' dir='ltr'><strong>ι</strong></span> 
     </span>
    </p>
   </div>
   <div class='ocr_carea' id='block_1_63' title="bbox 496 3212 2073 3286">
    <p class='ocr_par' dir='ltr' id='par_1_63' title="bbox 496 3212 2073 3286">
     <span class='ocr_line' id='line_1_63' title="bbox 496 3212 2073 3286; baseline -0.006 -14"><span class='ocrx_word' id='word_1_489' title='bbox 496 3217 643 3272; x_wconf 77' lang='lat' dir='ltr'><strong>illum</strong></span> <span class='ocrx_word' id='word_1_490' title='bbox 672 3219 846 3286; x_wconf 83' lang='lat' dir='ltr'><strong>ipsum</strong></span> <span class='ocrx_word' id='word_1_491' title='bbox 883 3232 1048 3286; x_wconf 91' lang='lat' dir='ltr'><strong>super</strong></span> <span class='ocrx_word' id='word_1_492' title='bbox 1084 3230 1245 3284; x_wconf 89' lang='lat' dir='ltr'><strong>quem</strong></span> <span class='ocrx_word' id='word_1_493' title='bbox 1280 3212 1516 3283; x_wconf 85' lang='lat' dir='ltr'><strong>Spiritus</strong></span> <span class='ocrx_word' id='word_1_494' title='bbox 1547 3213 1829 3266; x_wconf 86' lang='lat' dir='ltr'><strong>advolasse</strong></span> <span class='ocrx_word' id='word_1_495' title='bbox 1873 3213 2073 3265; x_wconf 92' lang='lat' dir='ltr'><strong>dicitur</strong></span> 
     </span>
    </p>
   </div>
   <div class='ocr_carea' id='block_1_64' title="bbox 497 3304 2071 3380">
    <p class='ocr_par' dir='ltr' id='par_1_64' title="bbox 497 3304 2071 3380">
     <span class='ocr_line' id='line_1_64' title="bbox 497 3304 2071 3380; baseline -0.007 -14"><span class='ocrx_word' id='word_1_496' title='bbox 497 3323 551 3366; x_wconf 76' lang='lat' dir='ltr'><strong>et</strong></span> <span class='ocrx_word' id='word_1_497' title='bbox 583 3312 845 3367; x_wconf 88' lang='lat' dir='ltr'><strong>mansisse</strong></span> <span class='ocrx_word' id='word_1_498' title='bbox 869 3325 1032 3380; x_wconf 89' lang='lat' dir='ltr'><strong>super</strong></span> <span class='ocrx_word' id='word_1_499' title='bbox 1061 3324 1208 3372; x_wconf 90' lang='lat' dir='ltr'><strong>eum,</strong></span> <span class='ocrx_word' id='word_1_500' title='bbox 1238 3308 1291 3360; x_wconf 87' lang='lat' dir='ltr'><strong>in</strong></span> <span class='ocrx_word' id='word_1_501' title='bbox 1329 3305 1531 3375; x_wconf 91' lang='lat' dir='ltr'><strong>Spiritu</strong></span> <span class='ocrx_word' id='word_1_502' title='bbox 1561 3315 1752 3359; x_wconf 91' lang='lat' dir='ltr'><strong>sancto</strong></span> <span class='ocrx_word' id='word_1_503' title='bbox 1774 3304 2071 3371; x_wconf 88' lang='lat' dir='ltr'><strong>baptizare,</strong></span> 
     </span>
    </p>
   </div>
   <div class='ocr_carea' id='block_1_65' title="bbox 495 3394 2075 3472">
    <p class='ocr_par' dir='ltr' id='par_1_65' title="bbox 495 3394 2075 3472">
     <span class='ocr_line' id='line_1_65' title="bbox 495 3394 2075 3472; baseline -0.006 -15"><span class='ocrx_word' id='word_1_504' title='bbox 495 3404 638 3472; x_wconf 91' lang='lat' dir='ltr'><strong>quod</strong></span> <span class='ocrx_word' id='word_1_505' title='bbox 670 3403 918 3457; x_wconf 85' lang='lat' dir='ltr'><strong>videlicet</strong></span> <span class='ocrx_word' id='word_1_506' title='bbox 950 3410 1005 3455; x_wconf 95' lang='lat' dir='ltr'><strong>ut</strong></span> <span class='ocrx_word' id='word_1_507' title='bbox 1029 3401 1168 3454; x_wconf 91' lang='lat' dir='ltr'><strong>Deus</strong></span> <span class='ocrx_word' id='word_1_508' title='bbox 1197 3400 1481 3454; x_wconf 86' lang='lat' dir='ltr'><strong>credentes</strong></span> <span class='ocrx_word' id='word_1_509' title='bbox 1521 3412 1618 3451; x_wconf 91' lang='lat' dir='ltr'><strong>suo</strong></span> <span class='ocrx_word' id='word_1_510' title='bbox 1650 3394 1853 3465; x_wconf 90' lang='lat' dir='ltr'><strong>Spiritu</strong></span> <span class='ocrx_word' id='word_1_511' title='bbox 1879 3409 2075 3464; x_wconf 90' lang='lat' dir='ltr'><strong>perun-</strong></span> 
     </span>
    </p>
   </div>
   <div class='ocr_carea' id='block_1_66' title="bbox 493 3486 2074 3562">
    <p class='ocr_par' dir='ltr' id='par_1_66' title="bbox 493 3486 2074 3562">
     <span class='ocr_line' id='line_1_66' title="bbox 493 3486 2074 3562; baseline -0.005 -15"><span class='ocrx_word' id='word_1_512' title='bbox 493 3504 585 3561; x_wconf 76' lang='lat' dir='ltr'><strong>gat</strong></span> <span class='ocrx_word' id='word_1_513' title='bbox 609 3512 624 3560; x_wconf 90' lang='lat'><strong>;</strong></span> <span class='ocrx_word' id='word_1_514' title='bbox 658 3494 839 3562; x_wconf 92' lang='lat' dir='ltr'><strong>itaque</strong></span> <span class='ocrx_word' id='word_1_515' title='bbox 859 3493 1054 3547; x_wconf 83' lang='lat' dir='ltr'><strong>revixit</strong></span> <span class='ocrx_word' id='word_1_516' title='bbox 1080 3506 1111 3545; x_wconf 90' lang='lat' dir='ltr'><strong>e</strong></span> <span class='ocrx_word' id='word_1_517' title='bbox 1145 3491 1392 3552; x_wconf 91' lang='lat' dir='ltr'><strong>mortuis,</strong></span> <span class='ocrx_word' id='word_1_518' title='bbox 1423 3499 1477 3544; x_wconf 90' lang='lat' dir='ltr'><strong>et</strong></span> <span class='ocrx_word' id='word_1_519' title='bbox 1501 3488 1797 3542; x_wconf 85' lang='lat' dir='ltr'><strong>insulllavit</strong></span> <span class='ocrx_word' id='word_1_520' title='bbox 1826 3488 1879 3540; x_wconf 93' lang='lat' dir='ltr'><strong>in</strong></span> <span class='ocrx_word' id='word_1_521' title='bbox 1908 3486 2074 3540; x_wconf 89' lang='lat' dir='ltr'><strong>disci-</strong></span> 
     </span>
    </p>
   </div>
   <div class='ocr_carea' id='block_1_67' title="bbox 493 3578 2069 3651">
    <p class='ocr_par' dir='ltr' id='par_1_67' title="bbox 493 3578 2069 3651">
     <span class='ocr_line' id='line_1_67' title="bbox 493 3578 2069 3651; baseline -0.004 -16"><span class='ocrx_word' id='word_1_522' title='bbox 493 3582 672 3651; x_wconf 88' lang='lat' dir='ltr'><strong>pulos,</strong></span> <span class='ocrx_word' id='word_1_523' title='bbox 723 3584 947 3638; x_wconf 87' lang='lat' dir='ltr'><strong>dicens:</strong></span> <span class='ocrx_word' id='word_1_524' title='bbox 977 3599 996 3633; x_wconf 84' lang='grc' dir='ltr'><strong>ι</strong></span> <span class='ocrx_word' id='word_1_525' title='bbox 1051 3581 1295 3650; x_wconf 78' lang='lat' dir='ltr'><strong>Accipite</strong></span> <span class='ocrx_word' id='word_1_526' title='bbox 1342 3580 1606 3649; x_wconf 90' lang='lat' dir='ltr'><strong>Spiritum</strong></span> <span class='ocrx_word' id='word_1_527' title='bbox 1647 3587 1895 3633; x_wconf 91' lang='lat' dir='ltr'><strong>sanctum</strong></span> <span class='ocrx_word' id='word_1_528' title='bbox 1926 3578 2015 3643; x_wconf 84' lang='grc'><strong>’⁵;</strong></span> <span class='ocrx_word' id='word_1_529' title='bbox 2050 3595 2069 3628; x_wconf 75' lang='grc' dir='ltr'><strong>ι</strong></span> 
     </span>
    </p>
   </div>
   <div class='ocr_carea' id='block_1_68' title="bbox 494 3669 2073 3744">
    <p class='ocr_par' dir='ltr' id='par_1_68' title="bbox 494 3669 2073 3744">
     <span class='ocr_line' id='line_1_68' title="bbox 494 3669 2073 3744; baseline -0.001 -19"><span class='ocrx_word' id='word_1_530' title='bbox 494 3690 657 3744; x_wconf 83' lang='lat' dir='ltr'><strong>quem</strong></span> <span class='ocrx_word' id='word_1_531' title='bbox 706 3675 796 3742; x_wconf 92' lang='lat' dir='ltr'><strong>qui</strong></span> <span class='ocrx_word' id='word_1_532' title='bbox 839 3682 1181 3742; x_wconf 88' lang='lat' dir='ltr'><strong>acceperant,</strong></span> <span class='ocrx_word' id='word_1_533' title='bbox 1218 3672 1513 3726; x_wconf 89' lang='lat' dir='ltr'><strong>dicebant:</strong></span> <span class='ocrx_word' id='word_1_534' title='bbox 1550 3689 1569 3721; x_wconf 78' lang='grc' dir='ltr'><strong>ι</strong></span> <span class='ocrx_word' id='word_1_535' title='bbox 1618 3669 1725 3725; x_wconf 87' lang='lat' dir='ltr'><strong>Nos</strong></span> <span class='ocrx_word' id='word_1_536' title='bbox 1754 3679 1933 3723; x_wconf 90' lang='lat' dir='ltr'><strong>autem</strong></span> <span class='ocrx_word' id='word_1_537' title='bbox 1967 3684 2073 3723; x_wconf 91' lang='lat' dir='ltr'><strong>non</strong></span> 
     </span>
    </p>
   </div>
   <div class='ocr_carea' id='block_1_69' title="bbox 494 3761 2073 3837">
    <p class='ocr_par' dir='ltr' id='par_1_69' title="bbox 494 3761 2073 3837">
     <span class='ocr_line' id='line_1_69' title="bbox 494 3761 2073 3837; baseline -0.004 -16"><span class='ocrx_word' id='word_1_538' title='bbox 494 3769 747 3837; x_wconf 73' lang='lat' dir='ltr'><strong>Spiritum</strong></span> <span class='ocrx_word' id='word_1_539' title='bbox 802 3767 963 3837; x_wconf 84' lang='lat' dir='ltr'><strong>hujus</strong></span> <span class='ocrx_word' id='word_1_540' title='bbox 990 3768 1175 3821; x_wconf 91' lang='lat' dir='ltr'><strong>mundi</strong></span> <span class='ocrx_word' id='word_1_541' title='bbox 1207 3766 1539 3836; x_wconf 85' lang='lat' dir='ltr'><strong>accepimus,</strong></span> <span class='ocrx_word' id='word_1_542' title='bbox 1564 3765 1658 3819; x_wconf 89' lang='lat' dir='ltr'><strong>sed</strong></span> <span class='ocrx_word' id='word_1_543' title='bbox 1682 3763 1945 3832; x_wconf 89' lang='lat' dir='ltr'><strong>Spiritum</strong></span> <span class='ocrx_word' id='word_1_544' title='bbox 1981 3761 2073 3831; x_wconf 91' lang='lat' dir='ltr'><strong>qui</strong></span> 
     </span>
    </p>
   </div>
   <div class='ocr_carea' id='block_1_70' title="bbox 495 3857 2073 3927">
    <p class='ocr_par' dir='ltr' id='par_1_70' title="bbox 495 3857 2073 3927">
     <span class='ocr_line' id='line_1_70' title="bbox 495 3857 2073 3927; baseline -0.003 -12"><span class='ocrx_word' id='word_1_545' title='bbox 495 3876 562 3915; x_wconf 78' lang='lat' dir='ltr'><strong>ex</strong></span> <span class='ocrx_word' id='word_1_546' title='bbox 594 3861 702 3914; x_wconf 84' lang='lat' dir='ltr'><strong>Deo</strong></span> <span class='ocrx_word' id='word_1_547' title='bbox 724 3869 827 3925; x_wconf 91' lang='lat' dir='ltr'><strong>est,</strong></span> <span class='ocrx_word' id='word_1_548' title='bbox 860 3868 916 3913; x_wconf 91' lang='lat' dir='ltr'><strong>ut</strong></span> <span class='ocrx_word' id='word_1_549' title='bbox 949 3861 1186 3916; x_wconf 92' lang='lat' dir='ltr'><strong>sciamus</strong></span> <span class='ocrx_word' id='word_1_550' title='bbox 1218 3875 1339 3927; x_wconf 63' lang='lat' dir='ltr'><strong>quae</strong></span> <span class='ocrx_word' id='word_1_551' title='bbox 1375 3874 1403 3912; x_wconf 92' lang='lat' dir='ltr'><strong>a</strong></span> <span class='ocrx_word' id='word_1_552' title='bbox 1455 3860 1565 3912; x_wconf 90' lang='lat' dir='ltr'><strong>Deo</strong></span> <span class='ocrx_word' id='word_1_553' title='bbox 1601 3857 1797 3911; x_wconf 89' lang='lat' dir='ltr'><strong>donata</strong></span> <span class='ocrx_word' id='word_1_554' title='bbox 1824 3866 1953 3911; x_wconf 92' lang='lat' dir='ltr'><strong>sunt</strong></span> <span class='ocrx_word' id='word_1_555' title='bbox 1975 3872 2073 3911; x_wconf 88' lang='lat' dir='ltr'><strong>no-</strong></span> 
     </span>
    </p>
   </div>
   <div class='ocr_carea' id='block_1_71' title="bbox 497 3949 2073 4015">
    <p class='ocr_par' dir='ltr' id='par_1_71' title="bbox 497 3949 2073 4015">
     <span class='ocr_line' id='line_1_71' title="bbox 497 3949 2073 4015; baseline -0.003 -9"><span class='ocrx_word' id='word_1_556' title='bbox 497 3953 582 4007; x_wconf 83' lang='lat' dir='ltr'><strong>bis</strong></span> <span class='ocrx_word' id='word_1_557' title='bbox 604 3952 673 4004; x_wconf 77' lang='grc'><strong>⁷⁸.</strong></span> <span class='ocrx_word' id='word_1_558' title='bbox 712 3971 729 4004; x_wconf 75' lang='grc' dir='ltr'><strong>ι</strong></span> <span class='ocrx_word' id='word_1_559' title='bbox 758 3951 960 4006; x_wconf 85' lang='lat' dir='ltr'><strong>Scribit</strong></span> <span class='ocrx_word' id='word_1_560' title='bbox 993 3953 1156 4005; x_wconf 92' lang='lat' dir='ltr'><strong>etiam</strong></span> <span class='ocrx_word' id='word_1_561' title='bbox 1186 3952 1381 4006; x_wconf 90' lang='lat' dir='ltr'><strong>beatus</strong></span> <span class='ocrx_word' id='word_1_562' title='bbox 1415 3949 1655 4005; x_wconf 89' lang='lat' dir='ltr'><strong>Paulus:</strong></span> <span class='ocrx_word' id='word_1_563' title='bbox 1692 3967 1710 4001; x_wconf 81' lang='grc' dir='ltr'><strong>ι</strong></span> <span class='ocrx_word' id='word_1_564' title='bbox 1748 3949 1849 4015; x_wconf 91' lang='lat' dir='ltr'><strong>Qui</strong></span> <span class='ocrx_word' id='word_1_565' title='bbox 1891 3958 2073 4002; x_wconf 90' lang='lat' dir='ltr'><strong>autem</strong></span> 
     </span>
    </p>
   </div>
   <div class='ocr_carea' id='block_1_72' title="bbox 498 4039 2074 4113">
    <p class='ocr_par' dir='ltr' id='par_1_72' title="bbox 498 4039 2074 4113">
     <span class='ocr_line' id='line_1_72' title="bbox 498 4039 2074 4113; baseline -0.003 -16"><span class='ocrx_word' id='word_1_566' title='bbox 498 4044 551 4097; x_wconf 92' lang='lat' dir='ltr'><strong>in</strong></span> <span class='ocrx_word' id='word_1_567' title='bbox 581 4058 743 4097; x_wconf 80' lang='lat' dir='ltr'><strong>carne</strong></span> <span class='ocrx_word' id='word_1_568' title='bbox 789 4053 934 4111; x_wconf 88' lang='lat' dir='ltr'><strong>sunt,</strong></span> <span class='ocrx_word' id='word_1_569' title='bbox 978 4042 1090 4099; x_wconf 88' lang='lat' dir='ltr'><strong>Deo</strong></span> <span class='ocrx_word' id='word_1_570' title='bbox 1117 4044 1329 4113; x_wconf 89' lang='lat' dir='ltr'><strong>placere</strong></span> <span class='ocrx_word' id='word_1_571' title='bbox 1359 4057 1465 4096; x_wconf 92' lang='lat' dir='ltr'><strong>non</strong></span> <span class='ocrx_word' id='word_1_572' title='bbox 1496 4050 1738 4111; x_wconf 90' lang='lat' dir='ltr'><strong>possunt.</strong></span> <span class='ocrx_word' id='word_1_573' title='bbox 1765 4039 1873 4095; x_wconf 83' lang='lat' dir='ltr'><strong>Vos</strong></span> <span class='ocrx_word' id='word_1_574' title='bbox 1895 4049 2074 4093; x_wconf 88' lang='lat' dir='ltr'><strong>autem</strong></span> 
     </span>
    </p>
   </div>
   <div class='ocr_carea' id='block_1_73' title="bbox 498 4128 2078 4203">
    <p class='ocr_par' dir='ltr' id='par_1_73' title="bbox 498 4128 2078 4203">
     <span class='ocr_line' id='line_1_73' title="bbox 498 4128 2078 4203; baseline -0.004 -14"><span class='ocrx_word' id='word_1_575' title='bbox 498 4151 606 4189; x_wconf 93' lang='lat' dir='ltr'><strong>non</strong></span> <span class='ocrx_word' id='word_1_576' title='bbox 665 4136 797 4189; x_wconf 90' lang='lat' dir='ltr'><strong>estis</strong></span> <span class='ocrx_word' id='word_1_577' title='bbox 826 4135 879 4189; x_wconf 92' lang='lat' dir='ltr'><strong>in</strong></span> <span class='ocrx_word' id='word_1_578' title='bbox 915 4150 1099 4200; x_wconf 90' lang='lat' dir='ltr'><strong>carne,</strong></span> <span class='ocrx_word' id='word_1_579' title='bbox 1149 4135 1245 4189; x_wconf 90' lang='lat' dir='ltr'><strong>sed</strong></span> <span class='ocrx_word' id='word_1_580' title='bbox 1288 4136 1338 4187; x_wconf 91' lang='lat' dir='ltr'><strong>in</strong></span> <span class='ocrx_word' id='word_1_581' title='bbox 1382 4132 1597 4203; x_wconf 89' lang='lat' dir='ltr'><strong>spiritu,</strong></span> <span class='ocrx_word' id='word_1_582' title='bbox 1656 4131 1920 4199; x_wconf 89' lang='lat' dir='ltr'><strong>siquidem</strong></span> <span class='ocrx_word' id='word_1_583' title='bbox 1956 4128 2078 4198; x_wconf 91' lang='lat' dir='ltr'><strong>Spi-</strong></span> 
     </span>
    </p>
   </div>
   <div class='ocr_carea' id='block_1_74' title="bbox 498 4220 2077 4292">
    <p class='ocr_par' dir='ltr' id='par_1_74' title="bbox 498 4220 2077 4292">
     <span class='ocr_line' id='line_1_74' title="bbox 498 4220 2077 4292; baseline -0.005 -11"><span class='ocrx_word' id='word_1_584' title='bbox 498 4227 638 4281; x_wconf 84' lang='lat' dir='ltr'><strong>ritus</strong></span> <span class='ocrx_word' id='word_1_585' title='bbox 669 4228 761 4282; x_wconf 92' lang='lat' dir='ltr'><strong>Dei</strong></span> <span class='ocrx_word' id='word_1_586' title='bbox 799 4227 1009 4282; x_wconf 91' lang='lat' dir='ltr'><strong>habitat</strong></span> <span class='ocrx_word' id='word_1_587' title='bbox 1049 4227 1102 4279; x_wconf 90' lang='lat' dir='ltr'><strong>in</strong></span> <span class='ocrx_word' id='word_1_588' title='bbox 1137 4226 1309 4280; x_wconf 85' lang='lat' dir='ltr'><strong>vobis.</strong></span> <span class='ocrx_word' id='word_1_589' title='bbox 1344 4225 1400 4278; x_wconf 89' lang='lat' dir='ltr'><strong>Si</strong></span> <span class='ocrx_word' id='word_1_590' title='bbox 1443 4225 1565 4292; x_wconf 86' lang='lat' dir='ltr'><strong>quis</strong></span> <span class='ocrx_word' id='word_1_591' title='bbox 1597 4231 1779 4277; x_wconf 89' lang='lat' dir='ltr'><strong>autem</strong></span> <span class='ocrx_word' id='word_1_592' title='bbox 1812 4220 2077 4290; x_wconf 90' lang='lat' dir='ltr'><strong>Spiritum</strong></span> 
     </span>
    </p>
   </div>
   <div class='ocr_carea' id='block_1_75' title="bbox 499 4311 2076 4383">
    <p class='ocr_par' dir='ltr' id='par_1_75' title="bbox 499 4311 2076 4383">
     <span class='ocr_line' id='line_1_75' title="bbox 499 4311 2076 4383; baseline -0.005 -10"><span class='ocrx_word' id='word_1_593' title='bbox 499 4319 701 4373; x_wconf 84' lang='lat' dir='ltr'><strong>Christi</strong></span> <span class='ocrx_word' id='word_1_594' title='bbox 731 4334 834 4371; x_wconf 90' lang='lat' dir='ltr'><strong>non</strong></span> <span class='ocrx_word' id='word_1_595' title='bbox 860 4317 1041 4383; x_wconf 86' lang='lat' dir='ltr'><strong>habet,</strong></span> <span class='ocrx_word' id='word_1_596' title='bbox 1067 4318 1156 4372; x_wconf 90' lang='lat' dir='ltr'><strong>hic</strong></span> <span class='ocrx_word' id='word_1_597' title='bbox 1183 4334 1291 4372; x_wconf 89' lang='lat' dir='ltr'><strong>non</strong></span> <span class='ocrx_word' id='word_1_598' title='bbox 1317 4328 1401 4371; x_wconf 88' lang='lat' dir='ltr'><strong>est</strong></span> <span class='ocrx_word' id='word_1_599' title='bbox 1427 4316 1544 4382; x_wconf 83' lang='lat' dir='ltr'><strong>ejus</strong></span> <span class='ocrx_word' id='word_1_600' title='bbox 1570 4316 1640 4371; x_wconf 82' lang='grc'><strong>⁷⁷.</strong></span> <span class='ocrx_word' id='word_1_601' title='bbox 1664 4333 1683 4367; x_wconf 72' lang='grc' dir='ltr'><strong>ι</strong></span> <span class='ocrx_word' id='word_1_602' title='bbox 1718 4316 1895 4383; x_wconf 87' lang='lat' dir='ltr'><strong>Atque</strong></span> <span class='ocrx_word' id='word_1_603' title='bbox 1909 4311 2076 4366; x_wconf 89' lang='lat' dir='ltr'><strong>etiam</strong></span> 
     </span>
    </p>
   </div>
   <div class='ocr_carea' id='block_1_76' title="bbox 500 4404 2079 4481">
    <p class='ocr_par' dir='ltr' id='par_1_76' title="bbox 500 4404 2079 4481">
     <span class='ocr_line' id='line_1_76' title="bbox 500 4404 2079 4481; baseline -0.006 -16"><span class='ocrx_word' id='word_1_604' title='bbox 500 4411 628 4465; x_wconf 85' lang='lat' dir='ltr'><strong>alibi</strong></span> <span class='ocrx_word' id='word_1_605' title='bbox 676 4428 689 4464; x_wconf 89' lang='lat'><strong>:</strong></span> <span class='ocrx_word' id='word_1_606' title='bbox 742 4429 759 4461; x_wconf 83' lang='grc' dir='ltr'><strong>ι</strong></span> <span class='ocrx_word' id='word_1_607' title='bbox 827 4411 1152 4481; x_wconf 90' lang='lat' dir='ltr'><strong>Quicunque</strong></span> <span class='ocrx_word' id='word_1_608' title='bbox 1197 4411 1392 4477; x_wconf 88' lang='lat' dir='ltr'><strong>spiritu</strong></span> <span class='ocrx_word' id='word_1_609' title='bbox 1428 4408 1520 4463; x_wconf 90' lang='lat' dir='ltr'><strong>Dei</strong></span> <span class='ocrx_word' id='word_1_610' title='bbox 1547 4416 1801 4477; x_wconf 82' lang='lat' dir='ltr'><strong>aguntur,</strong></span> <span class='ocrx_word' id='word_1_611' title='bbox 1859 4404 1913 4459; x_wconf 87' lang='lat' dir='ltr'><strong>hi</strong></span> <span class='ocrx_word' id='word_1_612' title='bbox 1951 4413 2079 4457; x_wconf 91' lang='lat' dir='ltr'><strong>sunt</strong></span> 
     </span>
    </p>
   </div>
   <div class='ocr_carea' id='block_1_77' title="bbox 2175 3212 3759 3289">
    <p class='ocr_par' dir='ltr' id='par_1_77' title="bbox 2175 3212 3759 3289">
     <span class='ocr_line' id='line_1_77' title="bbox 2175 3212 3759 3289; baseline -0.002 -19"><span class='ocrx_word' id='word_1_613' title='bbox 2175 3216 2322 3288; x_wconf 68' lang='lat' dir='ltr'><strong>&#39;Apa</strong></span> <span class='ocrx_word' id='word_1_614' title='bbox 2350 3218 2459 3288; x_wconf 83' lang='grc' dir='ltr'><strong>γὰρ</strong></span> <span class='ocrx_word' id='word_1_615' title='bbox 2494 3217 2909 3289; x_wconf 82' lang='grc' dir='ltr'>ἀνθρωπότητος</span> <span class='ocrx_word' id='word_1_616' title='bbox 2930 3217 3088 3288; x_wconf 76' lang='grc' dir='ltr'>ἔργον</span> <span class='ocrx_word' id='word_1_617' title='bbox 3132 3212 3270 3269; x_wconf 84' lang='grc' dir='ltr'>εἷναι</span> <span class='ocrx_word' id='word_1_618' title='bbox 3316 3216 3422 3285; x_wconf 84' lang='grc' dir='ltr'>φὴς</span> <span class='ocrx_word' id='word_1_619' title='bbox 3461 3215 3522 3268; x_wconf 81' lang='grc' dir='ltr'>τὸ</span> <span class='ocrx_word' id='word_1_620' title='bbox 3564 3214 3759 3285; x_wconf 80' lang='grc' dir='ltr'>βαπτίο</span> 
     </span>
    </p>
   </div>
   <div class='ocr_carea' id='block_1_78' title="bbox 2177 3302 3756 3374">
    <p class='ocr_par' dir='ltr' id='par_1_78' title="bbox 2177 3302 3756 3374">
     <span class='ocr_line' id='line_1_78' title="bbox 2177 3302 3756 3374; baseline -0.004 -13"><span class='ocrx_word' id='word_1_621' title='bbox 2177 3310 2291 3373; x_wconf 77' lang='grc' dir='ltr'>ζειν</span> <span class='ocrx_word' id='word_1_622' title='bbox 2325 3308 2586 3361; x_wconf 85' lang='grc' dir='ltr'>δύνασθαι</span> <span class='ocrx_word' id='word_1_623' title='bbox 2618 3310 2743 3370; x_wconf 83' lang='grc' dir='ltr'>τοὺς</span> <span class='ocrx_word' id='word_1_624' title='bbox 2778 3306 3135 3369; x_wconf 80' lang='grc' dir='ltr'>πιστεύοντας</span> <span class='ocrx_word' id='word_1_625' title='bbox 3182 3306 3239 3358; x_wconf 91' lang='grc' dir='ltr'><strong>ἐν</strong></span> <span class='ocrx_word' id='word_1_626' title='bbox 3274 3304 3413 3374; x_wconf 86' lang='grc' dir='ltr'>ἀγίῳ</span> <span class='ocrx_word' id='word_1_627' title='bbox 3440 3302 3756 3371; x_wconf 84' lang='grc' dir='ltr'>Πνεύματι;</span> 
     </span>
    </p>
   </div>
   <div class='ocr_carea' id='block_1_79' title="bbox 2178 3394 3758 3469">
    <p class='ocr_par' dir='ltr' id='par_1_79' title="bbox 2178 3394 3758 3469">
     <span class='ocr_line' id='line_1_79' title="bbox 2178 3394 3758 3469; baseline -0.004 -17"><span class='ocrx_word' id='word_1_628' title='bbox 2178 3402 2356 3453; x_wconf 89' lang='grc' dir='ltr'>καίτοι</span> <span class='ocrx_word' id='word_1_629' title='bbox 2385 3399 2499 3462; x_wconf 89' lang='grc' dir='ltr'><strong>πῶς</strong></span> <span class='ocrx_word' id='word_1_630' title='bbox 2525 3401 2625 3451; x_wconf 80' lang='grc' dir='ltr'>οὐκ</span> <span class='ocrx_word' id='word_1_631' title='bbox 2659 3398 2853 3469; x_wconf 72' lang='grc' dir='ltr'>εὔηθες</span> <span class='ocrx_word' id='word_1_632' title='bbox 2880 3400 2941 3452; x_wconf 86' lang='grc' dir='ltr'>τὸ</span> <span class='ocrx_word' id='word_1_633' title='bbox 2977 3398 3121 3451; x_wconf 77' lang='grc' dir='ltr'>οὕτω</span> <span class='ocrx_word' id='word_1_634' title='bbox 3159 3397 3304 3467; x_wconf 77' lang='grc' dir='ltr'>ἔχειν</span> <span class='ocrx_word' id='word_1_635' title='bbox 3327 3394 3535 3449; x_wconf 77' lang='grc' dir='ltr'>οἴεσθαι</span> <span class='ocrx_word' id='word_1_636' title='bbox 3560 3395 3758 3459; x_wconf 62' lang='lat' dir='ltr'><strong>cauti;</strong></span> 
     </span>
    </p>
   </div>
   <div class='ocr_carea' id='block_1_80' title="bbox 2176 3486 3763 3563">
    <p class='ocr_par' dir='ltr' id='par_1_80' title="bbox 2176 3486 3763 3563">
     <span class='ocr_line' id='line_1_80' title="bbox 2176 3486 3763 3563; baseline -0.001 -18"><span class='ocrx_word' id='word_1_637' title='bbox 2176 3493 2302 3556; x_wconf 90' lang='grc' dir='ltr'><strong>Πῶς</strong></span> <span class='ocrx_word' id='word_1_638' title='bbox 2333 3492 2442 3563; x_wconf 85' lang='grc' dir='ltr'>γὰρ</span> <span class='ocrx_word' id='word_1_639' title='bbox 2476 3496 2537 3545; x_wconf 80' lang='grc' dir='ltr'>τὸ</span> <span class='ocrx_word' id='word_1_640' title='bbox 2581 3495 2730 3563; x_wconf 89' lang='grc' dir='ltr'>μεῖον</span> <span class='ocrx_word' id='word_1_641' title='bbox 2771 3492 2871 3559; x_wconf 84' lang='grc' dir='ltr'>τὴν</span> <span class='ocrx_word' id='word_1_642' title='bbox 2904 3491 3001 3544; x_wconf 85' lang='grc' dir='ltr'><strong>τοῦ</strong></span> <span class='ocrx_word' id='word_1_643' title='bbox 3034 3488 3366 3561; x_wconf 80' lang='grc' dir='ltr'>προύχοντος</span> <span class='ocrx_word' id='word_1_644' title='bbox 3406 3486 3763 3557; x_wconf 74' lang='grc' dir='ltr'>ἀσυγκρίτως</span> 
     </span>
    </p>
   </div>
   <div class='ocr_carea' id='block_1_81' title="bbox 2177 3576 3762 3655">
    <p class='ocr_par' dir='ltr' id='par_1_81' title="bbox 2177 3576 3762 3655">
     <span class='ocr_line' id='line_1_81' title="bbox 2177 3576 3762 3655; baseline -0.005 -18"><span class='ocrx_word' id='word_1_645' title='bbox 2177 3589 2445 3654; x_wconf 88' lang='grc' dir='ltr'>χαριεῖται</span> <span class='ocrx_word' id='word_1_646' title='bbox 2473 3583 2717 3655; x_wconf 84' lang='grc' dir='ltr'>μέθεξιν;</span> <span class='ocrx_word' id='word_1_647' title='bbox 2749 3584 2937 3654; x_wconf 83' lang='grc' dir='ltr'>Ἀθρει</span> <span class='ocrx_word' id='word_1_648' title='bbox 2958 3582 3011 3635; x_wconf 85' lang='grc' dir='ltr'>δὲ</span> <span class='ocrx_word' id='word_1_649' title='bbox 3044 3583 3127 3635; x_wconf 80' lang='grc' dir='ltr'>ὅτι</span> <span class='ocrx_word' id='word_1_650' title='bbox 3153 3581 3311 3643; x_wconf 78' lang='grc' dir='ltr'>αὐτὸς</span> <span class='ocrx_word' id='word_1_651' title='bbox 3328 3582 3555 3642; x_wconf 86' lang='grc' dir='ltr'>ἐκεῖνος,</span> <span class='ocrx_word' id='word_1_652' title='bbox 3587 3579 3673 3647; x_wconf 78' lang='grc' dir='ltr'><strong>ἐφ’</strong></span> <span class='ocrx_word' id='word_1_653' title='bbox 3702 3576 3762 3630; x_wconf 83' lang='grc' dir='ltr'>ὃν</span> 
     </span>
    </p>
   </div>
   <div class='ocr_carea' id='block_1_82' title="bbox 2177 3666 3759 3745">
    <p class='ocr_par' dir='ltr' id='par_1_82' title="bbox 2177 3666 3759 3745">
     <span class='ocr_line' id='line_1_82' title="bbox 2177 3666 3759 3745; baseline -0.005 -19"><span class='ocrx_word' id='word_1_654' title='bbox 2177 3675 2527 3745; x_wconf 80' lang='grc' dir='ltr'>καταπτῆναι</span> <span class='ocrx_word' id='word_1_655' title='bbox 2553 3676 2614 3727; x_wconf 80' lang='grc' dir='ltr'>τὸ</span> <span class='ocrx_word' id='word_1_656' title='bbox 2643 3674 2867 3744; x_wconf 83' lang='grc' dir='ltr'>Πνεῦμα</span> <span class='ocrx_word' id='word_1_657' title='bbox 2896 3675 3134 3742; x_wconf 85' lang='grc' dir='ltr'>λέγεται,</span> <span class='ocrx_word' id='word_1_658' title='bbox 3168 3670 3345 3743; x_wconf 84' lang='grc' dir='ltr'>μεῖναί</span> <span class='ocrx_word' id='word_1_659' title='bbox 3370 3687 3429 3724; x_wconf 91' lang='grc' dir='ltr'><strong>τε</strong></span> <span class='ocrx_word' id='word_1_660' title='bbox 3460 3669 3547 3721; x_wconf 78' lang='grc' dir='ltr'>ἐπ’</span> <span class='ocrx_word' id='word_1_661' title='bbox 3574 3666 3759 3728; x_wconf 84' lang='grc' dir='ltr'>αὑτὸν,</span> 
     </span>
    </p>
   </div>
   <div class='ocr_carea' id='block_1_83' title="bbox 2178 3761 3763 3837">
    <p class='ocr_par' dir='ltr' id='par_1_83' title="bbox 2178 3761 3763 3837">
     <span class='ocr_line' id='line_1_83' title="bbox 2178 3761 3763 3837; baseline -0.003 -19"><span class='ocrx_word' id='word_1_662' title='bbox 2178 3766 2238 3818; x_wconf 85' lang='grc' dir='ltr'><strong>ἐν</strong></span> <span class='ocrx_word' id='word_1_663' title='bbox 2268 3767 2408 3836; x_wconf 85' lang='grc' dir='ltr'>ἁγίῳ</span> <span class='ocrx_word' id='word_1_664' title='bbox 2446 3766 2699 3835; x_wconf 79' lang='grc' dir='ltr'>βαπτίζει</span> <span class='ocrx_word' id='word_1_665' title='bbox 2731 3767 3009 3837; x_wconf 89' lang='grc' dir='ltr'>Πνεύματι</span> <span class='ocrx_word' id='word_1_666' title='bbox 3035 3807 3049 3831; x_wconf 93' lang='grc'><strong>,</strong></span> <span class='ocrx_word' id='word_1_667' title='bbox 3085 3765 3399 3836; x_wconf 87' lang='grc' dir='ltr'>καταχρίων</span> <span class='ocrx_word' id='word_1_668' title='bbox 3430 3762 3487 3817; x_wconf 80' lang='grc' dir='ltr'>δὲ</span> <span class='ocrx_word' id='word_1_669' title='bbox 3521 3761 3763 3833; x_wconf 85' lang='grc' dir='ltr'>δηλονότι</span> 
     </span>
    </p>
   </div>
   <div class='ocr_carea' id='block_1_84' title="bbox 2177 3853 3764 3929">
    <p class='ocr_par' dir='ltr' id='par_1_84' title="bbox 2177 3853 3764 3929">
     <span class='ocr_line' id='line_1_84' title="bbox 2177 3853 3764 3929; baseline -0.003 -19"><span class='ocrx_word' id='word_1_670' title='bbox 2177 3859 2305 3920; x_wconf 83' lang='grc' dir='ltr'>τοὺς</span> <span class='ocrx_word' id='word_1_671' title='bbox 2335 3860 2690 3921; x_wconf 84' lang='grc' dir='ltr'>πιστεύοντας</span> <span class='ocrx_word' id='word_1_672' title='bbox 2723 3860 2797 3922; x_wconf 90' lang='grc' dir='ltr'><strong>ώς</strong></span> <span class='ocrx_word' id='word_1_673' title='bbox 2842 3860 2975 3921; x_wconf 82' lang='grc' dir='ltr'>Θεὸς</span> <span class='ocrx_word' id='word_1_674' title='bbox 3027 3858 3107 3929; x_wconf 84' lang='grc' dir='ltr'>τῷ</span> <span class='ocrx_word' id='word_1_675' title='bbox 3166 3858 3281 3928; x_wconf 78' lang='grc' dir='ltr'>ἰδίῳ</span> <span class='ocrx_word' id='word_1_676' title='bbox 3316 3856 3596 3925; x_wconf 86' lang='grc' dir='ltr'>Πνεύματι</span> <span class='ocrx_word' id='word_1_677' title='bbox 3618 3870 3632 3884; x_wconf 73' lang='grc' dir='ltr'><strong>ο</strong></span> <span class='ocrx_word' id='word_1_678' title='bbox 3666 3853 3764 3907; x_wconf 81' lang='grc' dir='ltr'>καὶ</span> 
     </span>
    </p>
   </div>
   <div class='ocr_carea' id='block_1_85' title="bbox 2179 3952 3764 4026">
    <p class='ocr_par' dir='ltr' id='par_1_85' title="bbox 2179 3952 3764 4026">
     <span class='ocr_line' id='line_1_85' title="bbox 2179 3952 3764 4026; baseline -0.003 -19"><span class='ocrx_word' id='word_1_679' title='bbox 2179 3955 2312 4023; x_wconf 90' lang='grc' dir='ltr'>γοῦν</span> <span class='ocrx_word' id='word_1_680' title='bbox 2343 3955 2544 4008; x_wconf 87' lang='grc' dir='ltr'>ἀνεϐίω</span> <span class='ocrx_word' id='word_1_681' title='bbox 2577 3956 2677 4024; x_wconf 86' lang='grc' dir='ltr'>μὲν</span> <span class='ocrx_word' id='word_1_682' title='bbox 2712 3958 2774 4007; x_wconf 78' lang='grc' dir='ltr'><strong>ἐκ</strong></span> <span class='ocrx_word' id='word_1_683' title='bbox 2808 3954 3042 4026; x_wconf 78' lang='grc' dir='ltr'>νεκρῶν,</span> <span class='ocrx_word' id='word_1_684' title='bbox 3082 3954 3385 4024; x_wconf 77' lang='grc' dir='ltr'>ἐνεφύσησε</span> <span class='ocrx_word' id='word_1_685' title='bbox 3409 3952 3467 4005; x_wconf 83' lang='grc' dir='ltr'>δὲ</span> <span class='ocrx_word' id='word_1_686' title='bbox 3499 3953 3611 4014; x_wconf 90' lang='grc' dir='ltr'>τοῖς</span> <span class='ocrx_word' id='word_1_687' title='bbox 3653 3966 3764 4020; x_wconf 90' lang='grc' dir='ltr'>μα-</span> 
     </span>
    </p>
   </div>
   <div class='ocr_carea' id='block_1_86' title="bbox 2182 4042 3763 4117">
    <p class='ocr_par' dir='ltr' id='par_1_86' title="bbox 2182 4042 3763 4117">
     <span class='ocr_line' id='line_1_86' title="bbox 2182 4042 3763 4117; baseline -0.003 -19"><span class='ocrx_word' id='word_1_688' title='bbox 2182 4047 2393 4116; x_wconf 88' lang='grc' dir='ltr'>θηταῖς,</span> <span class='ocrx_word' id='word_1_689' title='bbox 2434 4047 2641 4115; x_wconf 87' lang='grc' dir='ltr'>λέγων·</span> <span class='ocrx_word' id='word_1_690' title='bbox 2674 4068 2691 4097; x_wconf 81' lang='grc' dir='ltr'><strong>ι</strong></span> <span class='ocrx_word' id='word_1_691' title='bbox 2715 4048 2922 4102; x_wconf 83' lang='grc' dir='ltr'>Λάϐετε</span> <span class='ocrx_word' id='word_1_692' title='bbox 2956 4045 3180 4117; x_wconf 86' lang='grc' dir='ltr'>Πνεῦμα</span> <span class='ocrx_word' id='word_1_693' title='bbox 3216 4046 3405 4113; x_wconf 76' lang='grc' dir='ltr'>ἀγιονο</span> <span class='ocrx_word' id='word_1_694' title='bbox 3441 4063 3458 4095; x_wconf 77' lang='grc' dir='ltr'><strong>ι</strong></span> <span class='ocrx_word' id='word_1_695' title='bbox 3496 4045 3547 4095; x_wconf 90' lang='grc' dir='ltr'><strong>οἱ</strong></span> <span class='ocrx_word' id='word_1_696' title='bbox 3574 4043 3631 4095; x_wconf 85' lang='grc' dir='ltr'>δὲ</span> <span class='ocrx_word' id='word_1_697' title='bbox 3664 4042 3763 4095; x_wconf 87' lang='grc' dir='ltr'>λα-</span> 
     </span>
    </p>
   </div>
   <div class='ocr_carea' id='block_1_87' title="bbox 2181 4130 3764 4204">
    <p class='ocr_par' dir='ltr' id='par_1_87' title="bbox 2181 4130 3764 4204">
     <span class='ocr_line' id='line_1_87' title="bbox 2181 4130 3764 4204; baseline -0.001 -19"><span class='ocrx_word' id='word_1_698' title='bbox 2181 4134 2368 4197; x_wconf 88' lang='grc' dir='ltr'>ϐόντες</span> <span class='ocrx_word' id='word_1_699' title='bbox 2399 4135 2592 4203; x_wconf 78' lang='grc' dir='ltr'><strong>φασίν⁸</strong></span> <span class='ocrx_word' id='word_1_700' title='bbox 2631 4153 2650 4187; x_wconf 79' lang='grc' dir='ltr'><strong>ι</strong></span> <span class='ocrx_word' id='word_1_701' title='bbox 2674 4135 2863 4204; x_wconf 83' lang='grc' dir='ltr'>Ἡμεῖς</span> <span class='ocrx_word' id='word_1_702' title='bbox 2895 4134 2954 4187; x_wconf 81' lang='grc' dir='ltr'><strong>δέ</strong></span> <span class='ocrx_word' id='word_1_703' title='bbox 2987 4134 3048 4186; x_wconf 87' lang='grc' dir='ltr'>οὐ</span> <span class='ocrx_word' id='word_1_704' title='bbox 3096 4133 3159 4186; x_wconf 82' lang='grc' dir='ltr'>τὸ</span> <span class='ocrx_word' id='word_1_705' title='bbox 3179 4132 3395 4202; x_wconf 91' lang='grc' dir='ltr'>πνεῦμα</span> <span class='ocrx_word' id='word_1_706' title='bbox 3428 4130 3523 4185; x_wconf 91' lang='grc' dir='ltr'><strong>τοῦ</strong></span> <span class='ocrx_word' id='word_1_707' title='bbox 3554 4131 3764 4201; x_wconf 89' lang='grc' dir='ltr'>κόσμου</span> 
     </span>
    </p>
   </div>
   <div class='ocr_carea' id='block_1_88' title="bbox 2180 4223 3767 4297">
    <p class='ocr_par' dir='ltr' id='par_1_88' title="bbox 2180 4223 3767 4297">
     <span class='ocr_line' id='line_1_88' title="bbox 2180 4223 3767 4297; baseline -0.002 -19"><span class='ocrx_word' id='word_1_708' title='bbox 2180 4227 2470 4297; x_wconf 80' lang='grc' dir='ltr'>ἐλάϐομεν,</span> <span class='ocrx_word' id='word_1_709' title='bbox 2500 4227 2635 4281; x_wconf 86' lang='grc' dir='ltr'><strong>ἀλλά</strong></span> <span class='ocrx_word' id='word_1_710' title='bbox 2666 4227 2724 4280; x_wconf 81' lang='grc' dir='ltr'>τὸ</span> <span class='ocrx_word' id='word_1_711' title='bbox 2754 4226 2977 4297; x_wconf 88' lang='grc' dir='ltr'>Πνεῦμα</span> <span class='ocrx_word' id='word_1_712' title='bbox 3002 4226 3063 4279; x_wconf 82' lang='grc' dir='ltr'>τὸ</span> <span class='ocrx_word' id='word_1_713' title='bbox 3094 4228 3159 4279; x_wconf 84' lang='grc' dir='ltr'><strong>ἐκ</strong></span> <span class='ocrx_word' id='word_1_714' title='bbox 3187 4225 3282 4279; x_wconf 92' lang='grc' dir='ltr'><strong>τοῦ</strong></span> <span class='ocrx_word' id='word_1_715' title='bbox 3309 4224 3468 4288; x_wconf 86' lang='grc' dir='ltr'>Θεοῦ,</span> <span class='ocrx_word' id='word_1_716' title='bbox 3498 4224 3585 4277; x_wconf 80' lang='grc' dir='ltr'>ἵνα</span> <span class='ocrx_word' id='word_1_717' title='bbox 3611 4223 3767 4276; x_wconf 80' lang='grc' dir='ltr'>εἰδῶ-</span> 
     </span>
    </p>
   </div>
   <div class='ocr_carea' id='block_1_89' title="bbox 2185 4313 3767 4389">
    <p class='ocr_par' dir='ltr' id='par_1_89' title="bbox 2185 4313 3767 4389">
     <span class='ocr_line' id='line_1_89' title="bbox 2185 4313 3767 4389; baseline -0.003 -18"><span class='ocrx_word' id='word_1_718' title='bbox 2185 4337 2283 4389; x_wconf 90' lang='grc' dir='ltr'><strong>μεν</strong></span> <span class='ocrx_word' id='word_1_719' title='bbox 2306 4321 2375 4373; x_wconf 85' lang='grc' dir='ltr'><strong>τά</strong></span> <span class='ocrx_word' id='word_1_720' title='bbox 2404 4321 2469 4371; x_wconf 88' lang='grc' dir='ltr'><strong>ἐκ</strong></span> <span class='ocrx_word' id='word_1_721' title='bbox 2489 4318 2584 4372; x_wconf 85' lang='grc' dir='ltr'><strong>τοῦ</strong></span> <span class='ocrx_word' id='word_1_722' title='bbox 2615 4318 2751 4371; x_wconf 88' lang='grc' dir='ltr'>Θεοῦ</span> <span class='ocrx_word' id='word_1_723' title='bbox 2777 4317 3107 4388; x_wconf 83' lang='grc' dir='ltr'>χαρισθέντα</span> <span class='ocrx_word' id='word_1_724' title='bbox 3134 4318 3287 4385; x_wconf 84' lang='grc' dir='ltr'>ἡμῖν.</span> <span class='ocrx_word' id='word_1_725' title='bbox 3316 4335 3335 4366; x_wconf 74' lang='grc' dir='ltr'><strong>ι</strong></span> <span class='ocrx_word' id='word_1_726' title='bbox 3364 4314 3570 4385; x_wconf 84' lang='grc' dir='ltr'>Γράφει</span> <span class='ocrx_word' id='word_1_727' title='bbox 3588 4313 3645 4367; x_wconf 83' lang='grc' dir='ltr'>δὲ</span> <span class='ocrx_word' id='word_1_728' title='bbox 3671 4313 3767 4367; x_wconf 78' lang='grc' dir='ltr'>καὶ</span> 
     </span>
    </p>
   </div>
   <div class='ocr_carea' id='block_1_90' title="bbox 2180 4404 3767 4476">
    <p class='ocr_par' dir='ltr' id='par_1_90' title="bbox 2180 4404 3767 4476">
     <span class='ocr_line' id='line_1_90' title="bbox 2180 4404 3767 4476; baseline -0.002 -17"><span class='ocrx_word' id='word_1_729' title='bbox 2180 4409 2209 4459; x_wconf 91' lang='grc' dir='ltr'>ὁ</span> <span class='ocrx_word' id='word_1_730' title='bbox 2238 4406 2550 4476; x_wconf 82' lang='grc' dir='ltr'>σοφώτατος</span> <span class='ocrx_word' id='word_1_731' title='bbox 2585 4408 2798 4471; x_wconf 88' lang='grc' dir='ltr'>Παῦλος</span> <span class='ocrx_word' id='word_1_732' title='bbox 2820 4425 2831 4437; x_wconf 84' lang='grc'><em>’</em></span> <span class='ocrx_word' id='word_1_733' title='bbox 2875 4428 2892 4459; x_wconf 83' lang='grc' dir='ltr'><strong>ι</strong></span> <span class='ocrx_word' id='word_1_734' title='bbox 2914 4408 2977 4460; x_wconf 87' lang='grc' dir='ltr'>Οί</span> <span class='ocrx_word' id='word_1_735' title='bbox 3026 4406 3083 4459; x_wconf 83' lang='grc' dir='ltr'>δὲ</span> <span class='ocrx_word' id='word_1_736' title='bbox 3129 4407 3187 4459; x_wconf 90' lang='grc' dir='ltr'><strong>ἐν</strong></span> <span class='ocrx_word' id='word_1_737' title='bbox 3219 4404 3384 4476; x_wconf 75' lang='grc' dir='ltr'>σαρκὶ</span> <span class='ocrx_word' id='word_1_738' title='bbox 3425 4404 3598 4467; x_wconf 79' lang='grc' dir='ltr'>ὅντες,</span> <span class='ocrx_word' id='word_1_739' title='bbox 3643 4404 3767 4476; x_wconf 80' lang='grc' dir='ltr'>Θεῷ</span> 
     </span>
    </p>
   </div>
   <div class='ocr_carea' id='block_1_91' title="bbox 499 4498 2070 4574">
    <p class='ocr_par' dir='ltr' id='par_1_91' title="bbox 499 4499 2070 4574">
     <span class='ocr_line' id='line_1_91' title="bbox 499 4499 2070 4574; baseline -0.006 -15"><span class='ocrx_word' id='word_1_740' title='bbox 499 4502 596 4559; x_wconf 67' lang='lat' dir='ltr'><strong>liii</strong></span> <span class='ocrx_word' id='word_1_741' title='bbox 632 4502 723 4557; x_wconf 89' lang='lat' dir='ltr'><strong>Dei</strong></span> <span class='ocrx_word' id='word_1_742' title='bbox 750 4504 816 4557; x_wconf 80' lang='grc'><strong>⁷⁸.</strong></span> <span class='ocrx_word' id='word_1_743' title='bbox 857 4523 875 4554; x_wconf 77' lang='grc' dir='ltr'><strong>ι</strong></span> <span class='ocrx_word' id='word_1_744' title='bbox 912 4504 1050 4574; x_wconf 76' lang='lat' dir='ltr'><strong>Ergo</strong></span> <span class='ocrx_word' id='word_1_745' title='bbox 1080 4518 1201 4557; x_wconf 91' lang='lat' dir='ltr'><strong>cum</strong></span> <span class='ocrx_word' id='word_1_746' title='bbox 1232 4502 1436 4556; x_wconf 89' lang='lat' dir='ltr'><strong>videris</strong></span> <span class='ocrx_word' id='word_1_747' title='bbox 1460 4516 1584 4556; x_wconf 91' lang='lat' dir='ltr'><strong>eum</strong></span> <span class='ocrx_word' id='word_1_748' title='bbox 1617 4499 1838 4570; x_wconf 80' lang='lat' dir='ltr'><strong>praprio</strong></span> <span class='ocrx_word' id='word_1_749' title='bbox 1859 4506 2070 4551; x_wconf 91' lang='lat' dir='ltr'><strong>unctum</strong></span> 
     </span>
    </p>
   </div>
   <div class='ocr_carea' id='block_1_92' title="bbox 2175 4498 3763 4574">
    <p class='ocr_par' dir='ltr' id='par_1_92' title="bbox 2185 4498 3763 4571">
     <span class='ocr_line' id='line_1_92' title="bbox 2185 4498 3763 4571; baseline -0.003 -18"><span class='ocrx_word' id='word_1_750' title='bbox 2185 4500 2381 4570; x_wconf 89' lang='grc' dir='ltr'>ἀρέσαι</span> <span class='ocrx_word' id='word_1_751' title='bbox 2410 4502 2472 4554; x_wconf 82' lang='grc' dir='ltr'>οὐ</span> <span class='ocrx_word' id='word_1_752' title='bbox 2509 4501 2784 4554; x_wconf 89' lang='grc' dir='ltr'>δύνανται.</span> <span class='ocrx_word' id='word_1_753' title='bbox 2842 4501 3031 4571; x_wconf 87' lang='grc' dir='ltr'>Ὑμεῖς</span> <span class='ocrx_word' id='word_1_754' title='bbox 3078 4500 3135 4553; x_wconf 88' lang='grc' dir='ltr'><strong>δέ</strong></span> <span class='ocrx_word' id='word_1_755' title='bbox 3179 4500 3279 4552; x_wconf 81' lang='grc' dir='ltr'>οὐκ</span> <span class='ocrx_word' id='word_1_756' title='bbox 3320 4498 3443 4551; x_wconf 81' lang='grc' dir='ltr'>ἐστὲ</span> <span class='ocrx_word' id='word_1_757' title='bbox 3482 4500 3540 4552; x_wconf 86' lang='grc' dir='ltr'><strong>ἐν</strong></span> <span class='ocrx_word' id='word_1_758' title='bbox 3576 4499 3763 4569; x_wconf 79' lang='grc' dir='ltr'>σαρκὶ,</span> 
     </span>
    </p>
   </div>
   <div class='ocr_carea' id='block_1_93' title="bbox 509 4590 2079 4661">
    <p class='ocr_par' dir='ltr' id='par_1_93' title="bbox 509 4590 2079 4661">
     <span class='ocr_line' id='line_1_93' title="bbox 509 4590 2079 4661; baseline -0.003 -14"><span class='ocrx_word' id='word_1_759' title='bbox 509 4594 742 4661; x_wconf 87' lang='lat' dir='ltr'><strong>Spiritu,</strong></span> <span class='ocrx_word' id='word_1_760' title='bbox 773 4602 1046 4648; x_wconf 91' lang='lat' dir='ltr'><strong>memento</strong></span> <span class='ocrx_word' id='word_1_761' title='bbox 1092 4592 1239 4648; x_wconf 92' lang='lat' dir='ltr'><strong>illius</strong></span> <span class='ocrx_word' id='word_1_762' title='bbox 1297 4594 1350 4647; x_wconf 90' lang='lat' dir='ltr'><strong>in</strong></span> <span class='ocrx_word' id='word_1_763' title='bbox 1412 4608 1579 4648; x_wconf 90' lang='lat' dir='ltr'><strong>carne</strong></span> <span class='ocrx_word' id='word_1_764' title='bbox 1630 4590 2079 4661; x_wconf 90' lang='lat' dir='ltr'><strong>dispensationis,</strong></span> 
     </span>
    </p>
   </div>
   <div class='ocr_carea' id='block_1_94' title="bbox 502 4682 2081 4759">
    <p class='ocr_par' dir='ltr' id='par_1_94' title="bbox 502 4682 2081 4759">
     <span class='ocr_line' id='line_1_94' title="bbox 502 4682 2081 4759; baseline -0.004 -16"><span class='ocrx_word' id='word_1_765' title='bbox 502 4686 615 4759; x_wconf 68' lang='grc'><strong>84</strong></span> <span class='ocrx_word' id='word_1_766' title='bbox 669 4697 723 4742; x_wconf 92' lang='lat' dir='ltr'><strong>et</strong></span> <span class='ocrx_word' id='word_1_767' title='bbox 760 4688 936 4757; x_wconf 79' lang='lat' dir='ltr'><strong>cogita</strong></span> <span class='ocrx_word' id='word_1_768' title='bbox 970 4687 1261 4740; x_wconf 92' lang='lat' dir='ltr'><strong>humanam</strong></span> <span class='ocrx_word' id='word_1_769' title='bbox 1296 4694 1547 4739; x_wconf 91' lang='lat' dir='ltr'><strong>naturam</strong></span> <span class='ocrx_word' id='word_1_770' title='bbox 1585 4704 1599 4739; x_wconf 89' lang='lat'><strong>:</strong></span> <span class='ocrx_word' id='word_1_771' title='bbox 1633 4698 1755 4738; x_wconf 91' lang='lat' dir='ltr'><strong>cum</strong></span> <span class='ocrx_word' id='word_1_772' title='bbox 1780 4682 1984 4737; x_wconf 86' lang='lat' dir='ltr'><strong>videris</strong></span> <span class='ocrx_word' id='word_1_773' title='bbox 2014 4683 2081 4736; x_wconf 91' lang='lat' dir='ltr'><strong>ab</strong></span> 
     </span>
    </p>
   </div>
   <div class='ocr_carea' id='block_1_95' title="bbox 500 4770 2081 4845">
    <p class='ocr_par' dir='ltr' id='par_1_95' title="bbox 500 4770 2081 4845">
     <span class='ocr_line' id='line_1_95' title="bbox 500 4770 2081 4845; baseline -0.003 -17"><span class='ocrx_word' id='word_1_774' title='bbox 500 4792 566 4829; x_wconf 90' lang='lat' dir='ltr'><strong>eo</strong></span> <span class='ocrx_word' id='word_1_775' title='bbox 610 4774 875 4845; x_wconf 88' lang='lat' dir='ltr'><strong>Spiritum</strong></span> <span class='ocrx_word' id='word_1_776' title='bbox 908 4775 1048 4839; x_wconf 87' lang='lat' dir='ltr'><strong>dari,</strong></span> <span class='ocrx_word' id='word_1_777' title='bbox 1085 4790 1207 4829; x_wconf 91' lang='lat' dir='ltr'><strong>cum</strong></span> <span class='ocrx_word' id='word_1_778' title='bbox 1257 4774 1361 4828; x_wconf 88' lang='lat' dir='ltr'><strong>hoc</strong></span> <span class='ocrx_word' id='word_1_779' title='bbox 1400 4772 1560 4828; x_wconf 91' lang='lat' dir='ltr'><strong>simul</strong></span> <span class='ocrx_word' id='word_1_780' title='bbox 1618 4771 1889 4825; x_wconf 89' lang='lat' dir='ltr'><strong>admirare</strong></span> <span class='ocrx_word' id='word_1_781' title='bbox 1933 4770 2081 4825; x_wconf 90' lang='lat' dir='ltr'><strong>illum</strong></span> 
     </span>
    </p>
   </div>
   <div class='ocr_carea' id='block_1_96' title="bbox 502 4866 2083 4922">
    <p class='ocr_par' dir='ltr' id='par_1_96' title="bbox 502 4866 2083 4922">
     <span class='ocr_line' id='line_1_96' title="bbox 502 4866 2083 4922; baseline -0.002 -1"><span class='ocrx_word' id='word_1_782' title='bbox 502 4868 666 4921; x_wconf 86' lang='lat' dir='ltr'><strong>etiam</strong></span> <span class='ocrx_word' id='word_1_783' title='bbox 727 4868 779 4920; x_wconf 91' lang='lat' dir='ltr'><strong>in</strong></span> <span class='ocrx_word' id='word_1_784' title='bbox 830 4867 1166 4921; x_wconf 83' lang='lat' dir='ltr'><strong>humanitate</strong></span> <span class='ocrx_word' id='word_1_785' title='bbox 1211 4866 1399 4922; x_wconf 90' lang='lat' dir='ltr'><strong>Deum.</strong></span> <span class='ocrx_word' id='word_1_786' title='bbox 1434 4866 1541 4920; x_wconf 91' lang='lat' dir='ltr'><strong>Sed</strong></span> <span class='ocrx_word' id='word_1_787' title='bbox 1578 4867 1679 4919; x_wconf 88' lang='lat' dir='ltr'><strong>iste</strong></span> <span class='ocrx_word' id='word_1_788' title='bbox 1709 4866 2083 4920; x_wconf 90' lang='lat' dir='ltr'><strong>contentiosus</strong></span> 
     </span>
    </p>
   </div>
   <div class='ocr_carea' id='block_1_97' title="bbox 502 4957 1637 5025">
    <p class='ocr_par' dir='ltr' id='par_1_97' title="bbox 502 4957 1637 5025">
     <span class='ocr_line' id='line_1_97' title="bbox 502 4957 1637 5025; baseline -0.002 -15"><span class='ocrx_word' id='word_1_789' title='bbox 502 4957 638 5011; x_wconf 86' lang='lat' dir='ltr'><strong>nihil</strong></span> <span class='ocrx_word' id='word_1_790' title='bbox 675 4960 864 5012; x_wconf 89' lang='lat' dir='ltr'><strong>horum</strong></span> <span class='ocrx_word' id='word_1_791' title='bbox 889 4970 1166 5025; x_wconf 87' lang='lat' dir='ltr'><strong>reputans,</strong></span> <span class='ocrx_word' id='word_1_792' title='bbox 1196 4959 1275 5011; x_wconf 88' lang='lat' dir='ltr'><strong>sic</strong></span> <span class='ocrx_word' id='word_1_793' title='bbox 1303 4972 1491 5011; x_wconf 90' lang='lat' dir='ltr'><strong>rursus</strong></span> <span class='ocrx_word' id='word_1_794' title='bbox 1513 4958 1588 5009; x_wconf 91' lang='lat' dir='ltr'><strong>ait</strong></span> <span class='ocrx_word' id='word_1_795' title='bbox 1622 4974 1637 5009; x_wconf 89' lang='lat'><strong>:</strong></span> 
     </span>
    </p>
   </div>
   <div class='ocr_carea' id='block_1_98' title="bbox 2188 4591 3763 4664">
    <p class='ocr_par' dir='ltr' id='par_1_98' title="bbox 2188 4591 3763 4664">
     <span class='ocr_line' id='line_1_98' title="bbox 2188 4591 3763 4664; baseline -0.001 -19"><span class='ocrx_word' id='word_1_796' title='bbox 2188 4592 2303 4645; x_wconf 76' lang='grc' dir='ltr'>ἀλλ’</span> <span class='ocrx_word' id='word_1_797' title='bbox 2334 4594 2391 4645; x_wconf 85' lang='grc' dir='ltr'><strong>ἐν</strong></span> <span class='ocrx_word' id='word_1_798' title='bbox 2417 4592 2715 4662; x_wconf 88' lang='grc' dir='ltr'>Πνεύματι,</span> <span class='ocrx_word' id='word_1_799' title='bbox 2746 4594 2902 4663; x_wconf 80' lang='grc' dir='ltr'>εἴπερ</span> <span class='ocrx_word' id='word_1_800' title='bbox 2938 4592 3165 4664; x_wconf 91' lang='grc' dir='ltr'>Πνεῦμα</span> <span class='ocrx_word' id='word_1_801' title='bbox 3200 4591 3333 4644; x_wconf 87' lang='grc' dir='ltr'>Θεοῦ</span> <span class='ocrx_word' id='word_1_802' title='bbox 3359 4593 3497 4644; x_wconf 84' lang='grc' dir='ltr'>οἰκεῖ</span> <span class='ocrx_word' id='word_1_803' title='bbox 3526 4593 3583 4645; x_wconf 86' lang='grc' dir='ltr'><strong>ἐν</strong></span> <span class='ocrx_word' id='word_1_804' title='bbox 3616 4591 3763 4661; x_wconf 84' lang='grc' dir='ltr'>ὑμῖν.</span> 
     </span>
    </p>
   </div>
   <div class='ocr_carea' id='block_1_99' title="bbox 2188 4675 3769 4755">
    <p class='ocr_par' dir='ltr' id='par_1_99' title="bbox 2188 4675 3769 4755">
     <span class='ocr_line' id='line_1_99' title="bbox 2188 4675 3769 4755; baseline -0.003 -20"><span class='ocrx_word' id='word_1_805' title='bbox 2188 4684 2251 4735; x_wconf 81' lang='lat' dir='ltr'><strong>Ei</strong></span> <span class='ocrx_word' id='word_1_806' title='bbox 2284 4683 2340 4735; x_wconf 87' lang='grc' dir='ltr'><strong>δέ</strong></span> <span class='ocrx_word' id='word_1_807' title='bbox 2370 4700 2454 4747; x_wconf 89' lang='grc' dir='ltr'><strong>τις</strong></span> <span class='ocrx_word' id='word_1_808' title='bbox 2484 4682 2707 4754; x_wconf 90' lang='grc' dir='ltr'>Πνεῦμα</span> <span class='ocrx_word' id='word_1_809' title='bbox 2744 4682 2984 4755; x_wconf 86' lang='grc' dir='ltr'>Χριστοῦ</span> <span class='ocrx_word' id='word_1_810' title='bbox 3014 4683 3114 4735; x_wconf 87' lang='grc' dir='ltr'><strong>ούκ</strong></span> <span class='ocrx_word' id='word_1_811' title='bbox 3142 4682 3278 4752; x_wconf 74' lang='grc' dir='ltr'>ἔχει,</span> <span class='ocrx_word' id='word_1_812' title='bbox 3308 4675 3459 4745; x_wconf 71' lang='grc' dir='ltr'>οὗτος</span> <span class='ocrx_word' id='word_1_813' title='bbox 3492 4680 3594 4733; x_wconf 81' lang='grc' dir='ltr'><strong>οὐκ</strong></span> <span class='ocrx_word' id='word_1_814' title='bbox 3621 4679 3769 4731; x_wconf 77' lang='grc' dir='ltr'>ἐστιν</span> 
     </span>
    </p>
   </div>
   <div class='ocr_carea' id='block_1_100' title="bbox 2186 4770 3774 4847">
    <p class='ocr_par' dir='ltr' id='par_1_100' title="bbox 2186 4770 3774 4847">
     <span class='ocr_line' id='line_1_100' title="bbox 2186 4770 3774 4847; baseline -0.004 -18"><span class='ocrx_word' id='word_1_815' title='bbox 2186 4774 2373 4829; x_wconf 82' lang='grc' dir='ltr'>αὐτοῦ.</span> <span class='ocrx_word' id='word_1_816' title='bbox 2405 4793 2423 4826; x_wconf 76' lang='grc' dir='ltr'><strong>ι</strong></span> <span class='ocrx_word' id='word_1_817' title='bbox 2450 4776 2559 4830; x_wconf 80' lang='grc' dir='ltr'><strong>Καὶ</strong></span> <span class='ocrx_word' id='word_1_818' title='bbox 2583 4777 2688 4847; x_wconf 84' lang='grc' dir='ltr'>μὴν</span> <span class='ocrx_word' id='word_1_819' title='bbox 2718 4776 2812 4828; x_wconf 78' lang='grc' dir='ltr'>καὶ</span> <span class='ocrx_word' id='word_1_820' title='bbox 2836 4777 3062 4846; x_wconf 79' lang='grc' dir='ltr'>ἑτέρωθι</span> <span class='ocrx_word' id='word_1_821' title='bbox 3082 4793 3094 4805; x_wconf 89' lang='grc'><strong>·</strong></span> <span class='ocrx_word' id='word_1_822' title='bbox 3125 4794 3143 4827; x_wconf 82' lang='grc' dir='ltr'><strong>ι</strong></span> <span class='ocrx_word' id='word_1_823' title='bbox 3170 4776 3322 4827; x_wconf 84' lang='grc' dir='ltr'>Ὅσοι</span> <span class='ocrx_word' id='word_1_824' title='bbox 3351 4772 3462 4842; x_wconf 84' lang='grc' dir='ltr'><strong>γὰρ</strong></span> <span class='ocrx_word' id='word_1_825' title='bbox 3494 4770 3774 4842; x_wconf 79' lang='grc' dir='ltr'>Πνεύματι</span> 
     </span>
    </p>
   </div>
   <div class='ocr_carea' id='block_1_101' title="bbox 2134 4864 3772 4936">
    <p class='ocr_par' dir='ltr' id='par_1_101' title="bbox 2134 4864 3772 4936">
     <span class='ocr_line' id='line_1_101' title="bbox 2134 4864 3772 4936; baseline -0.003 -17"><span class='ocrx_word' id='word_1_826' title='bbox 2134 4915 2147 4929; x_wconf 84' lang='grc'><strong>,</strong></span> <span class='ocrx_word' id='word_1_827' title='bbox 2186 4867 2323 4920; x_wconf 88' lang='grc' dir='ltr'>Θεοῦ</span> <span class='ocrx_word' id='word_1_828' title='bbox 2362 4868 2608 4936; x_wconf 80' lang='grc' dir='ltr'>ἄγονται,</span> <span class='ocrx_word' id='word_1_829' title='bbox 2652 4864 2796 4923; x_wconf 74' lang='grc' dir='ltr'>οὗτοί</span> <span class='ocrx_word' id='word_1_830' title='bbox 2842 4871 2980 4922; x_wconf 80' lang='grc' dir='ltr'>εἰσιν</span> <span class='ocrx_word' id='word_1_831' title='bbox 3013 4870 3120 4922; x_wconf 73' lang='grc' dir='ltr'>υἱοὶ</span> <span class='ocrx_word' id='word_1_832' title='bbox 3157 4866 3314 4921; x_wconf 86' lang='grc' dir='ltr'>Θεοῦ.</span> <span class='ocrx_word' id='word_1_833' title='bbox 3340 4887 3358 4917; x_wconf 71' lang='grc' dir='ltr'><strong>ι</strong></span> <span class='ocrx_word' id='word_1_834' title='bbox 3392 4865 3601 4919; x_wconf 82' lang='grc' dir='ltr'>Οὐκοῦν</span> <span class='ocrx_word' id='word_1_835' title='bbox 3641 4866 3772 4917; x_wconf 82' lang='grc' dir='ltr'>ὅταν</span> 
     </span>
    </p>
   </div>
   <div class='ocr_carea' id='block_1_102' title="bbox 2188 4958 3772 5033">
    <p class='ocr_par' dir='ltr' id='par_1_102' title="bbox 2188 4958 3772 5033">
     <span class='ocr_line' id='line_1_102' title="bbox 2188 4958 3772 5033; baseline -0.001 -23"><span class='ocrx_word' id='word_1_836' title='bbox 2188 4958 2303 5029; x_wconf 78' lang='grc' dir='ltr'>ἴδῃς</span> <span class='ocrx_word' id='word_1_837' title='bbox 2330 4960 2492 5012; x_wconf 79' lang='grc' dir='ltr'>αὐτὸν</span> <span class='ocrx_word' id='word_1_838' title='bbox 2525 4960 2602 5031; x_wconf 82' lang='grc' dir='ltr'><strong>τῷ</strong></span> <span class='ocrx_word' id='word_1_839' title='bbox 2636 4962 2748 5033; x_wconf 84' lang='grc' dir='ltr'>ἰδίῳ</span> <span class='ocrx_word' id='word_1_840' title='bbox 2777 4963 3061 5032; x_wconf 80' lang='grc' dir='ltr'>χριόμενον</span> <span class='ocrx_word' id='word_1_841' title='bbox 3093 4961 3392 5031; x_wconf 91' lang='grc' dir='ltr'>Πνεύματι,</span> <span class='ocrx_word' id='word_1_842' title='bbox 3427 4960 3772 5031; x_wconf 86' lang='grc' dir='ltr'>διαμέμνησο</span> 
     </span>
    </p>
   </div>
   <div class='ocr_carea' id='block_1_103' title="bbox 502 5050 3773 5127">
    <p class='ocr_par' dir='ltr' id='par_1_103' title="bbox 502 5050 3773 5127">
     <span class='ocr_line' id='line_1_103' title="bbox 502 5050 3773 5127; baseline 0 -26"><span class='ocrx_word' id='word_1_843' title='bbox 502 5050 605 5115; x_wconf 75' lang='grc' dir='ltr'>τῆς</span> <span class='ocrx_word' id='word_1_844' title='bbox 634 5050 771 5118; x_wconf 87' lang='grc' dir='ltr'><strong>μετά</strong></span> <span class='ocrx_word' id='word_1_845' title='bbox 802 5050 1003 5122; x_wconf 81' lang='grc' dir='ltr'>σαρκὸς</span> <span class='ocrx_word' id='word_1_846' title='bbox 1031 5051 1363 5120; x_wconf 78' lang='grc' dir='ltr'>οἰκονομίας,</span> <span class='ocrx_word' id='word_1_847' title='bbox 1394 5051 1488 5104; x_wconf 70' lang='grc' dir='ltr'>καὶ</span> <span class='ocrx_word' id='word_1_848' title='bbox 1539 5051 1899 5121; x_wconf 75' lang='grc' dir='ltr'>καταλογίζου</span> <span class='ocrx_word' id='word_1_849' title='bbox 1961 5052 2024 5104; x_wconf 80' lang='grc' dir='ltr'>τὸ</span> <span class='ocrx_word' id='word_1_850' title='bbox 2089 5051 2466 5121; x_wconf 75' lang='grc' dir='ltr'>ἀνθρώπινονο</span> <span class='ocrx_word' id='word_1_851' title='bbox 2498 5058 2627 5109; x_wconf 80' lang='grc' dir='ltr'>ὅταν</span> <span class='ocrx_word' id='word_1_852' title='bbox 2704 5058 2821 5127; x_wconf 74' lang='grc' dir='ltr'>ἴδῃς</span> <span class='ocrx_word' id='word_1_853' title='bbox 2872 5057 2932 5111; x_wconf 80' lang='grc' dir='ltr'><strong>τὸ</strong></span> <span class='ocrx_word' id='word_1_854' title='bbox 2971 5056 3195 5127; x_wconf 86' lang='grc' dir='ltr'>Πνεῦμα</span> <span class='ocrx_word' id='word_1_855' title='bbox 3243 5056 3474 5118; x_wconf 87' lang='grc' dir='ltr'>διδόντα,</span> <span class='ocrx_word' id='word_1_856' title='bbox 3521 5052 3773 5122; x_wconf 78' lang='grc' dir='ltr'>θαύμαζε</span> 
     </span>
    </p>
   </div>
   <div class='ocr_carea' id='block_1_104' title="bbox 508 5145 3771 5223">
    <p class='ocr_par' dir='ltr' id='par_1_104' title="bbox 508 5145 3771 5223">
     <span class='ocr_line' id='line_1_104' title="bbox 508 5145 3771 5223; baseline -0.001 -26"><span class='ocrx_word' id='word_1_857' title='bbox 508 5146 648 5215; x_wconf 89' lang='grc' dir='ltr'><strong>μετά</strong></span> <span class='ocrx_word' id='word_1_858' title='bbox 673 5146 865 5199; x_wconf 87' lang='grc' dir='ltr'>τούτου</span> <span class='ocrx_word' id='word_1_859' title='bbox 894 5147 986 5199; x_wconf 86' lang='grc' dir='ltr'>τὸν</span> <span class='ocrx_word' id='word_1_860' title='bbox 1006 5148 1102 5201; x_wconf 75' lang='grc' dir='ltr'>καὶ</span> <span class='ocrx_word' id='word_1_861' title='bbox 1135 5149 1193 5199; x_wconf 91' lang='grc' dir='ltr'><strong>ἐν</strong></span> <span class='ocrx_word' id='word_1_862' title='bbox 1222 5146 1604 5218; x_wconf 86' lang='grc' dir='ltr'>ἀνθρωπότητι</span> <span class='ocrx_word' id='word_1_863' title='bbox 1667 5147 1820 5202; x_wconf 86' lang='grc' dir='ltr'>Θεόν.</span> <span class='ocrx_word' id='word_1_864' title='bbox 1856 5146 1997 5199; x_wconf 84' lang='grc' dir='ltr'>Ἀλλ’</span> <span class='ocrx_word' id='word_1_865' title='bbox 2064 5146 2219 5200; x_wconf 82' lang='grc' dir='ltr'>οὐδὲν</span> <span class='ocrx_word' id='word_1_866' title='bbox 2258 5151 2366 5205; x_wconf 87' lang='grc' dir='ltr'><strong>τῶν</strong></span> <span class='ocrx_word' id='word_1_867' title='bbox 2403 5152 2662 5207; x_wconf 87' lang='grc' dir='ltr'>τοιούτων</span> <span class='ocrx_word' id='word_1_868' title='bbox 2729 5152 3182 5223; x_wconf 80' lang='grc' dir='ltr'>ὑπολογιζόμενος</span> <span class='ocrx_word' id='word_1_869' title='bbox 3217 5153 3245 5205; x_wconf 89' lang='grc' dir='ltr'><strong>ό</strong></span> <span class='ocrx_word' id='word_1_870' title='bbox 3290 5151 3507 5221; x_wconf 86' lang='grc' dir='ltr'>δύσερις</span> <span class='ocrx_word' id='word_1_871' title='bbox 3561 5145 3771 5207; x_wconf 74' lang='grc' dir='ltr'>οὑτοσὶ,</span> 
     </span>
    </p>
   </div>
   <div class='ocr_carea' id='block_1_105' title="bbox 505 5234 1007 5309">
    <p class='ocr_par' dir='ltr' id='par_1_105' title="bbox 505 5234 1007 5309">
     <span class='ocr_line' id='line_1_105' title="bbox 505 5234 1007 5309; baseline 0 -16"><span class='ocrx_word' id='word_1_872' title='bbox 505 5242 671 5295; x_wconf 82' lang='grc' dir='ltr'>πάλιν</span> <span class='ocrx_word' id='word_1_873' title='bbox 694 5234 796 5294; x_wconf 81' lang='grc' dir='ltr'><strong>ὧδέ</strong></span> <span class='ocrx_word' id='word_1_874' title='bbox 820 5258 1007 5309; x_wconf 79' lang='grc' dir='ltr'>φησιν’</span> 
     </span>
    </p>
   </div>
   <div class='ocr_carea' id='block_1_106' title="bbox 577 5331 2068 5405">
    <p class='ocr_par' dir='ltr' id='par_1_106' title="bbox 577 5331 2068 5405">
     <span class='ocr_line' id='line_1_106' title="bbox 577 5331 2068 5405; baseline 0.002 -20"><span class='ocrx_word' id='word_1_875' title='bbox 577 5331 839 5404; x_wconf 75' lang='grc' dir='ltr'>[Νεετοιι.</span> <span class='ocrx_word' id='word_1_876' title='bbox 864 5334 958 5387; x_wconf 86' lang='lat' dir='ltr'><strong>Hic</strong></span> <span class='ocrx_word' id='word_1_877' title='bbox 983 5334 1071 5387; x_wconf 91' lang='lat' dir='ltr'><strong>ille</strong></span> <span class='ocrx_word' id='word_1_878' title='bbox 1091 5335 1261 5389; x_wconf 83' lang='lat' dir='ltr'><strong>ﬁdelis</strong></span> <span class='ocrx_word' id='word_1_879' title='bbox 1282 5336 1390 5389; x_wconf 89' lang='lat' dir='ltr'><strong>Deo</strong></span> <span class='ocrx_word' id='word_1_880' title='bbox 1418 5334 1594 5388; x_wconf 80' lang='lat' dir='ltr'><strong>factus</strong></span> <span class='ocrx_word' id='word_1_881' title='bbox 1613 5334 1850 5403; x_wconf 76' lang='lat' dir='ltr'><strong>pontifex</strong></span> <span class='ocrx_word' id='word_1_882' title='bbox 1872 5334 2068 5405; x_wconf 82' lang='lat' dir='ltr'><strong>(factus</strong></span> 
     </span>
    </p>
   </div>
   <div class='ocr_carea' id='block_1_107' title="bbox 502 5427 2064 5497">
    <p class='ocr_par' dir='ltr' id='par_1_107' title="bbox 502 5427 2064 5497">
     <span class='ocr_line' id='line_1_107' title="bbox 502 5427 2064 5497; baseline 0 -17"><span class='ocrx_word' id='word_1_883' title='bbox 502 5437 586 5480; x_wconf 52' lang='lat' dir='ltr'><strong>est</strong></span> <span class='ocrx_word' id='word_1_884' title='bbox 617 5427 791 5493; x_wconf 89' lang='lat' dir='ltr'><strong>enim,</strong></span> <span class='ocrx_word' id='word_1_885' title='bbox 818 5443 921 5480; x_wconf 88' lang='lat' dir='ltr'><strong>non</strong></span> <span class='ocrx_word' id='word_1_886' title='bbox 944 5430 1012 5483; x_wconf 89' lang='lat' dir='ltr'><strong>ab</strong></span> <span class='ocrx_word' id='word_1_887' title='bbox 1039 5439 1243 5483; x_wconf 68' lang='lat' dir='ltr'><strong>azterno</strong></span> <span class='ocrx_word' id='word_1_888' title='bbox 1269 5428 1439 5491; x_wconf 83' lang='lat' dir='ltr'><strong>erat);</strong></span> <span class='ocrx_word' id='word_1_889' title='bbox 1470 5428 1556 5482; x_wconf 92' lang='lat' dir='ltr'><strong>hic</strong></span> <span class='ocrx_word' id='word_1_890' title='bbox 1582 5428 1865 5497; x_wconf 87' lang='lat' dir='ltr'><strong>paulatim,</strong></span> <span class='ocrx_word' id='word_1_891' title='bbox 1893 5428 2064 5482; x_wconf 61' lang='lat' dir='ltr'><strong>hatre-</strong></span> 
     </span>
    </p>
   </div>
   <div class='ocr_carea' id='block_1_108' title="bbox 2248 5326 3772 5407">
    <p class='ocr_par' dir='ltr' id='par_1_108' title="bbox 2248 5326 3772 5407">
     <span class='ocr_line' id='line_1_108' title="bbox 2248 5326 3772 5407; baseline -0.003 -20"><span class='ocrx_word' id='word_1_892' title='bbox 2248 5326 2440 5407; x_wconf 82' lang='grc' dir='ltr'>[Οῦτος</span> <span class='ocrx_word' id='word_1_893' title='bbox 2472 5336 2501 5387; x_wconf 90' lang='grc' dir='ltr'>ὁ</span> <span class='ocrx_word' id='word_1_894' title='bbox 2547 5333 2737 5396; x_wconf 82' lang='grc' dir='ltr'>πιστὸς</span> <span class='ocrx_word' id='word_1_895' title='bbox 2774 5334 2853 5403; x_wconf 82' lang='grc' dir='ltr'>τῷ</span> <span class='ocrx_word' id='word_1_896' title='bbox 2905 5332 3026 5400; x_wconf 84' lang='grc' dir='ltr'>Θεῷ</span> <span class='ocrx_word' id='word_1_897' title='bbox 3074 5332 3437 5404; x_wconf 85' lang='grc' dir='ltr'>γεγενημένος</span> <span class='ocrx_word' id='word_1_898' title='bbox 3479 5330 3772 5402; x_wconf 80' lang='grc' dir='ltr'>ἀρχιερεὺς</span> 
     </span>
    </p>
   </div>
   <div class='ocr_carea' id='block_1_109' title="bbox 2175 5417 3777 5503">
    <p class='ocr_par' dir='ltr' id='par_1_109' title="bbox 2175 5417 3777 5503">
     <span class='ocr_line' id='line_1_109' title="bbox 2175 5417 3777 5503; baseline -0.004 -26"><span class='ocrx_word' id='word_1_899' title='bbox 2175 5424 2415 5496; x_wconf 87' lang='grc' dir='ltr'>(ἐγένετο</span> <span class='ocrx_word' id='word_1_900' title='bbox 2439 5425 2569 5495; x_wconf 85' lang='grc' dir='ltr'>γὰρ,</span> <span class='ocrx_word' id='word_1_901' title='bbox 2594 5424 2694 5478; x_wconf 81' lang='grc' dir='ltr'>οὐκ</span> <span class='ocrx_word' id='word_1_902' title='bbox 2722 5424 2932 5494; x_wconf 84' lang='grc' dir='ltr'>άῐδίως)</span> <span class='ocrx_word' id='word_1_903' title='bbox 2974 5419 3070 5495; x_wconf 80' lang='grc' dir='ltr'>ἦν,</span> <span class='ocrx_word' id='word_1_904' title='bbox 3117 5417 3273 5486; x_wconf 71' lang='grc' dir='ltr'>οὗτος</span> <span class='ocrx_word' id='word_1_905' title='bbox 3306 5423 3335 5474; x_wconf 89' lang='grc' dir='ltr'><strong>ό</strong></span> <span class='ocrx_word' id='word_1_906' title='bbox 3377 5422 3516 5477; x_wconf 88' lang='grc' dir='ltr'><strong>κατά</strong></span> <span class='ocrx_word' id='word_1_907' title='bbox 3548 5419 3777 5503; x_wconf 54' lang='grc' dir='ltr'>μικρὸν,</span> 
     </span>
    </p>
   </div>
   <div class='ocr_carea' id='block_1_110' title="bbox 575 5579 3309 5653">
    <p class='ocr_par' dir='ltr' id='par_1_110' title="bbox 575 5579 3309 5653">
     <span class='ocr_line' id='line_1_110' title="bbox 575 5579 3309 5653; baseline -0.002 -14"><span class='ocrx_word' id='word_1_908' title='bbox 575 5588 693 5618; x_wconf 67' lang='lat'><strong>7&quot;&quot;</strong></span> <span class='ocrx_word' id='word_1_909' title='bbox 730 5586 884 5641; x_wconf 87' lang='lat' dir='ltr'><strong>Joan.</strong></span> <span class='ocrx_word' id='word_1_910' title='bbox 922 5605 960 5653; x_wconf 86' lang='lat' dir='ltr'><strong>I,</strong></span> <span class='ocrx_word' id='word_1_911' title='bbox 993 5586 1082 5641; x_wconf 74' lang='grc'><strong>52.</strong></span> <span class='ocrx_word' id='word_1_912' title='bbox 1159 5586 1205 5617; x_wconf 79' lang='grc'><strong>⁷⁵</strong></span> <span class='ocrx_word' id='word_1_913' title='bbox 1246 5584 1399 5641; x_wconf 85' lang='lat' dir='ltr'><strong>Joan.</strong></span> <span class='ocrx_word' id='word_1_914' title='bbox 1435 5600 1524 5653; x_wconf 77' lang='lat' dir='ltr'><strong>xx,</strong></span> <span class='ocrx_word' id='word_1_915' title='bbox 1573 5585 1665 5639; x_wconf 69' lang='lat'><strong>22.</strong></span> <span class='ocrx_word' id='word_1_916' title='bbox 1743 5586 1789 5615; x_wconf 76' lang='grc'><strong>⁷⁸</strong></span> <span class='ocrx_word' id='word_1_917' title='bbox 1828 5582 1847 5636; x_wconf 93' lang='lat' dir='ltr'><strong>l</strong></span> <span class='ocrx_word' id='word_1_918' title='bbox 1887 5586 2013 5639; x_wconf 79' lang='lat' dir='ltr'><strong>Cor.</strong></span> <span class='ocrx_word' id='word_1_919' title='bbox 2062 5599 2120 5650; x_wconf 83' lang='lat' dir='ltr'><strong>lt,</strong></span> <span class='ocrx_word' id='word_1_920' title='bbox 2157 5581 2243 5639; x_wconf 67' lang='grc'><strong>19.</strong></span> <span class='ocrx_word' id='word_1_921' title='bbox 2318 5583 2362 5614; x_wconf 80' lang='grc' dir='ltr'><strong><em>ττ</em></strong></span> <span class='ocrx_word' id='word_1_922' title='bbox 2404 5582 2561 5639; x_wconf 83' lang='lat' dir='ltr'><strong>Rom.</strong></span> <span class='ocrx_word' id='word_1_923' title='bbox 2595 5598 2711 5649; x_wconf 86' lang='lat' dir='ltr'><strong>vm,</strong></span> <span class='ocrx_word' id='word_1_924' title='bbox 2750 5581 2803 5648; x_wconf 86' lang='lat'><strong>8,</strong></span> <span class='ocrx_word' id='word_1_925' title='bbox 2839 5584 2889 5639; x_wconf 87' lang='lat'><strong>9.</strong></span> <span class='ocrx_word' id='word_1_926' title='bbox 2968 5583 3014 5613; x_wconf 77' lang='lat'><strong>&#39;°</strong></span> <span class='ocrx_word' id='word_1_927' title='bbox 3052 5580 3183 5637; x_wconf 86' lang='lat' dir='ltr'><strong>ibid.</strong></span> <span class='ocrx_word' id='word_1_928' title='bbox 3223 5579 3309 5635; x_wconf 83' lang='lat' dir='ltr'><strong>l5.</strong></span> 
     </span>
    </p>
   </div>
   <div class='ocr_carea' id='block_1_111' title="bbox 580 5740 2070 5815">
    <p class='ocr_par' dir='ltr' id='par_1_111' title="bbox 580 5741 2070 5815">
     <span class='ocr_line' id='line_1_111' title="bbox 580 5741 2070 5815; baseline -0.001 -19"><span class='ocrx_word' id='word_1_929' title='bbox 580 5745 656 5815; x_wconf 62' lang='lat' dir='ltr'><strong>tl)</strong></span> <span class='ocrx_word' id='word_1_930' title='bbox 703 5744 838 5813; x_wconf 76' lang='lat' dir='ltr'><strong>Lege</strong></span> <span class='ocrx_word' id='word_1_931' title='bbox 888 5743 1236 5813; x_wconf 75' lang='grc' dir='ltr'>δυσάντητον,</span> <span class='ocrx_word' id='word_1_932' title='bbox 1274 5741 1689 5811; x_wconf 73' lang='lat' dir='ltr'><strong>inexpugnabile,</strong></span> <span class='ocrx_word' id='word_1_933' title='bbox 1740 5751 1797 5796; x_wconf 86' lang='lat' dir='ltr'><strong>ut</strong></span> <span class='ocrx_word' id='word_1_934' title='bbox 1825 5742 1956 5798; x_wconf 87' lang='lat' dir='ltr'><strong>vidit</strong></span> <span class='ocrx_word' id='word_1_935' title='bbox 2000 5742 2070 5797; x_wconf 87' lang='lat' dir='ltr'><strong>inl</strong></span> 
     </span>
    </p>
   </div>
   <div class='ocr_carea' id='block_1_112' title="bbox 2175 5740 2477 5815">
    <p class='ocr_par' dir='ltr' id='par_1_112' title="bbox 2182 5740 2477 5796">
     <span class='ocr_line' id='line_1_112' title="bbox 2182 5740 2477 5796; baseline 0.003 -2"><span class='ocrx_word' id='word_1_936' title='bbox 2182 5755 2287 5796; x_wconf 88' lang='lat' dir='ltr'><strong>res.</strong></span> <span class='ocrx_word' id='word_1_937' title='bbox 2321 5740 2477 5795; x_wconf 80' lang='grc' dir='ltr'>Ευιτ.</span> 
     </span>
    </p>
   </div>
  </div>
