4054 6332
336 316 438 371 H3

1396 322 1767 380 ADVERSUS
1805 321 2207 380 NESTORIUM
2242 325 2372 381 LIB.
2411 325 2494 380 Ill.

3472 316 3574 376 £50

332 440 600 512 αἱρετικέ,
649 443 730 505 εἰς
760 442 1062 515 ἀρχιερέως
1121 447 1397 518 προκόψας
1430 447 1665 517 ἀξίωμα.
1712 448 1907 501 ’Δκουε

2028 446 2138 511 ,ice,
2166 448 2231 502 ad
2274 446 2545 516 pontiﬁcis
2586 443 2899 513 dignitatem
2926 436 3261 510 progressus.
3293 438 3427 491 Audi
3467 437 3578 493 cla-

341 533 682 602 σαφεστέρας
709 550 790 587 σοι
817 535 1117 606 διαϐοὼσης
1143 541 1324 609 φωνῆς
1343 555 1355 567 ·
1382 558 1400 590 ι
1433 541 1528 601 ’ος
1551 540 1608 591 ἐν
1634 540 1752 601 ταῖς
1777 537 1910 608 ἠμέ-

339 640 481 691 ραις,
511 624 667 692 φησὶ.
696 625 797 693 τῆς
837 626 1037 695 σαρκὸς
1069 627 1253 691 αὐτοῦ,
1288 628 1497 698 δεήσεις
1523 646 1583 681 τε
1615 630 1706 683 καὶ
1733 629 1912 699 ἱκετη-

338 713 460 781 ρίας
502 713 639 783 πρὸς
685 714 775 767 τὸν
804 714 1101 784 δυνάμενον
1129 716 1324 780 σώζειν
1352 718 1513 770 αὑτὸν
1550 721 1615 771 ἐκ
1659 718 1911 782 θανάτου,

339 804 479 873 μετά
514 805 759 875 κραυγῆς
811 807 1038 878 ἰσχυρᾶς
1087 810 1180 861 καὶ
1226 809 1474 880 δακρύων
1522 808 1909 880 προσενέγκας,

340 896 437 948 καὶ
486 896 864 961 εἰσακουσθεὶς
903 900 1009 953 ἀπὸ
1056 901 1155 970 τῆς
1194 902 1511 966 εὐλαϐείας·
1540 921 1558 954 ι
1607 902 1808 972 καίπερ
1839 901 1915 954 ὢν

344 989 489 1053 Υἱὸς,
511 989 712 1059 ἔμαθεν
738 992 829 1060 ἀφ’
853 986 928 1045 ὧν
959 992 1128 1046 ἔπαθε
1152 994 1250 1065 τὴν
1285 994 1553 1064 ὑπακοὴν,
1590 995 1683 1047 καὶ
1707 993 1916 1046 τελειωο

340 1081 474 1144 θεὶς,
522 1082 740 1150 ἐγένετο
766 1086 877 1146 τοῖς
917 1084 1285 1137 ὑπακούουσιν
1331 1085 1480 1156 αὑτῷ
1530 1088 1696 1139 πᾶσιν
1745 1086 1916 1148 αἴτιος

341 1172 617 1242 σωτηρίας
673 1174 1033 1229 ἀκαταλύτου.
1079 1176 1390 1231 Τελειοῦται
1427 1180 1609 1231 καὶτὸ
1654 1181 1795 1233 κατά
1824 1198 1915 1251 μι-

341 1264 475 1332 κρὸν
500 1265 830 1333 προκόπτον,
855 1268 1097 1337 αἱρετικέ
1116 1286 1129 1297 ’
1155 1272 1283 1329 περὶ
1313 1262 1374 1322 οὗ
1402 1271 1499 1324 καὶ
1528 1272 1781 1341 Ἰωάννης
1804 1272 1916 1341 (‘21)

341 1357 402 1406 ἑν
431 1357 543 1417 τοῖς
576 1357 926 1425 Εὐαγγελίοις
954 1358 1052 1430 βοᾷ
1075 1375 1088 1389 ’
1136 1380 1153 1411 ‹
1192 1360 1398 1430 Ἰησοῦς
1432 1362 1768 1433 προέκοπτεν
1799 1362 1919 1433 ὴλί-

342 1446 439 1517 κίᾳ
462 1447 557 1499 καὶ
584 1448 768 1519 σοφίᾳ,
797 1451 891 1503 καὶ
913 1450 1095 1521 χάριτι
1116 1468 1128 1480 ·
1157 1470 1175 1504 ι
1196 1447 1277 1515 οἷς
1302 1454 1567 1524 σύμφωνα
1592 1455 1688 1507 atati.
1712 1455 1920 1518 Παῦλος

344 1538 737 1609 φθεγγόμενος,
777 1559 795 1592 ‹
843 1541 1179 1607 Τελειωθεὶς,
1226 1545 1412 1614 φησὶν,
1440 1547 1653 1613 ἐγένετο
1678 1548 1789 1609 τοῖς
1821 1547 1921 1598 ὑπ-

344 1628 638 1684 ακούουσιν
688 1631 837 1701 αύτῷ
874 1634 1063 1698 πᾶσιν,
1118 1635 1291 1696 αῖτιος
1339 1636 1609 1705 σωτηρίας
1664 1636 1916 1688 αἰωνίου·

343 1724 810 1792 προσαγορευθεὶς
860 1724 965 1777 ὑπὸ
1019 1724 1113 1778 τοῦ
1151 1726 1285 1779 Θεοῦ
1319 1728 1609 1797 ἀρχιερεὺς
1640 1729 1782 1780 κατὰ
1824 1728 1921 1797 τὴν

345 1814 501 1879 τάξιν
542 1816 909 1884 Μελχισεδέκ*
952 1836 969 1867 ι
1009 1812 1161 1882 οὗτος
1210 1820 1237 1871 6
1282 1820 1452 1889 Μωσῇ
1491 1819 1632 1872 κατὰ
1676 1820 1767 1873 τὸν
1823 1821 1919 1890 τῆς

348 1908 686 1978 στρατηγίας
748 1911 1169 1979 συγκρινόμενος
1224 1910 1425 1962 τύπον·
1472 1912 1499 1962 6
1551 1910 1767 1980 σπέρμα
1824 1911 1920 1963 τοῦ

360 1998 613 2069 Ἀϐραὰμ
652 2000 988 2069 κεκλημένος
1012 2017 1023 2028 °
1069 2001 1096 2052 6
1144 2001 1283 2054 κατά
1314 2003 1491 2055 πάντα
1532 2005 1645 2066 τοῖς
1673 2001 1921 2071 ἀδελφοῖς

347 2090 731 2159 παραπλήσιος
753 2108 765 2119 ’
804 2093 831 2142 ό
867 2091 1041 2161 χρόνῳ
1074 2093 1365 2161 γενόμενος
1409 2094 1734 2164 ἀρχιερεύς*
1777 2096 1805 2146 6
1835 2093 1922 2145 διὰ

351 2181 691 2251 παθημάτων
725 2183 1029 2247 τελειωθείς
1050 2201 1061 2213 ·
1094 2186 1122 2237 6
1154 2187 1211 2237 ἐν
1241 2179 1284 2252 ᾧ
1314 2186 1580 2237 πέπονθεν
1609 2185 1771 2247 αὐτὸς
1804 2202 1923 2236 πει-

354 2272 573 2341 ρασθεὶς
612 2273 906 2343 δυνάμενος
936 2278 1049 2338 τοῖς
1096 2277 1514 2346 πειραζομένοις
1557 2276 1855 2346 βοηθῆσαγ
1897 2278 1926 2329 6

353 2362 497 2415 κατά
529 2364 629 2434 τὴν
672 2364 822 2428 τάξιν
858 2366 1194 2436 Μελχισεδὲκ
1233 2366 1522 2437 ἀρχιερεὺς
1563 2365 1922 2435 κεκλημένος.

350 2457 416 2509 Τί
444 2452 535 2510 οὖν
566 2458 988 2529 ἀνθερμηνεύεις
1032 2459 1107 2527 τῷ
1164 2459 1378 2528 Παύλῳ,
1435 2460 1525 2511 τὸν
1571 2458 1756 2528 ἀπαθῆ
1795 2457 1925 2509 Θεὸν

352 2547 522 2615 Λόγον
577 2548 805 2617 ἐπιγείῳ
863 2548 1203 2617 καταμιγνὺς
1251 2547 1491 2619 σώματι,
1548 2548 1643 2601 καὶ
1686 2546 1925 2616 παθητὸν

352 2640 611 2710 ἀρχιερέα
639 2640 807 2692 ποιῶν
830 2646 871 2711 ;]

956 2777 1203 2829 ΚΕΦΑΛ.
1259 2780 1328 2828 Δ’.

436 2913 522 2975 Ὠς
552 2912 925 2981 ἀκμαιοτάτην
947 2953 959 2971 ,
991 2906 1035 2964 ὦ
1063 2915 1180 2965 ’τᾶν
1200 2953 1213 2975 ,
1236 2912 1329 2964 καὶ
1350 2911 1492 2980 μάλα
1536 2911 1787 2981 νεανικὴν
1820 2912 1927 2962 τῶν

356 3006 456 3074 τῆς
487 3005 771 3067 εὐσεϐείας
803 3004 1087 3074 δογμάτων
1135 3005 1377 3072 ἐποιήσω
1424 3006 1521 3073 τὴν
1554 3004 1926 3073 καταδρομήν.

2013 538 2208 592 riorem
2260 538 2352 592 tibi
2404 538 2742 592 insonantem
2791 546 2974 587 vocem
3012 545 3073 583 ε(
3114 528 3213 597 Qui
3258 529 3313 583 in
3366 528 3574 593 diebus,

2013 626 2207 696 inquit,
2238 628 2420 682 carnis
2448 642 2558 681 suae
2587 640 2775 695 preces
2821 621 3345 693 supplicationesque
3366 618 3430 671 ad
3454 632 3573 672 eum

2012 719 2103 787 qui
2136 726 2318 787 posset
2339 732 2459 770 eum
2491 718 2695 772 salvum
2718 715 2897 770 facere
2925 729 2953 767 a
2973 722 3167 777 morte,
3196 726 3317 766 cum
3345 710 3579 763 clamore

2015 810 2188 864 valido
2222 820 2275 864 et
2310 811 2565 880 lacrymis
2613 808 2867 868 offerens,
2910 814 2963 858 et
3011 802 3298 857 exauditus
3349 814 3446 871 pro
3482 815 3577 853 sua

2016 903 2315 957 reverentia
2348 904 2393 934 "
2426 919 2441 965 ;
2476 921 2493 952 ι
2527 910 2579 955 et
2608 900 2819 969 quidem
2851 913 2971 951 cum
2995 903 3141 950 esset
3169 894 3356 959 Filius,
3394 891 3579 947 didicit

2016 993 2083 1045 ah
2114 992 2196 1046 his
2225 1008 2343 1061 qua:
2374 1007 2565 1061 passus
2600 1000 2681 1044 est
2730 988 3110 1047 obedientiam,
3142 993 3197 1039 et
3236 995 3577 1038 consumma-

2019 1094 2123 1149 tus,
2158 1083 2331 1138 factus
2361 1092 2445 1138 est
2490 1080 2991 1150 obtemperantibus
3041 1076 3143 1131 sibi
3181 1089 3343 1130 causa
3391 1071 3582 1129 salutis

2018 1185 2251 1229 aeternae.
2292 1174 2706 1229 Consummatur
2723 1179 2901 1225 autem
2930 1170 2981 1222 id
3010 1168 3151 1237 quod
3173 1165 3431 1237 paulatim
3456 1178 3584 1233 pro-

2020 1266 2153 1329 ficit,
2188 1264 2439 1319 hmretice
2469 1282 2483 1328 ;
2518 1266 2582 1318 de
2613 1280 2719 1333 quo
2746 1262 2984 1316 Joannes
3028 1262 3080 1314 in
3134 1257 3439 1327 Evangeliis
3467 1254 3581 1309 cla-

2021 1366 2133 1409 mat
2164 1370 2177 1409 :
2213 1375 2231 1408 ι
2260 1354 2415 1410 Jesus
2442 1356 2758 1425 proﬁciebat
2795 1362 2952 1408 aetate
2992 1360 3044 1408 et
3082 1350 3345 1419 sapientia
3379 1357 3433 1402 et
3460 1362 3585 1416 gra-

2024 1447 2094 1500 tia
2117 1447 2204 1498 ⁸⁰ε
2270 1466 2289 1499 ι
2342 1446 2546 1513 Quibus
2598 1446 2778 1499 verbis
2829 1458 3065 1497 consona
3114 1440 3309 1495 Paulus
3351 1440 3582 1495 dicens:

2028 1558 2045 1589 ι
2082 1538 2524 1599 Consummatus,
2546 1538 2738 1605 inquit,
2788 1536 2963 1589 factus
2988 1545 3071 1588 est
3092 1532 3342 1587 omnibus
3369 1530 3582 1586 obtem-

2025 1631 2341 1697 perantibus
2379 1631 2480 1683 sibi
2529 1646 2691 1683 causa
2730 1628 2919 1682 salutis
2965 1634 3203 1688 eterna»,
3230 1623 3525 1693 appellatus
3554 1636 3583 1674 a

2027 1718 2136 1772 Deo
2164 1719 2415 1773 sacerdos
2436 1720 2730 1773 secundum
2753 1717 2998 1772 ordinem
3033 1712 3487 1770 Melchisedech“
3514 1729 3531 1779 ;
3562 1733 3583 1763 ι

1953 1787 1995 1841 Β
2026 1810 2113 1864 hic
2142 1810 2229 1863 ille
2250 1826 2368 1863 cum
2399 1808 2546 1863 Mose
2573 1810 2714 1878 quod
2744 1808 2810 1862 ad
2850 1807 3079 1861 ducendi
3109 1804 3382 1860 exercitus
3407 1814 3587 1874 typum

2026 1910 2392 1969 comparatus,
2422 1900 2507 1954 ille
2540 1914 2721 1954 semen
2778 1900 3047 1952 Abraham
3110 1907 3354 1960 vocatus,
3383 1895 3473 1951 ille
3497 1910 3593 1963 per

2024 1992 2204 2044 omnia
2238 1992 2429 2046 similis
2459 1993 2719 2045 fratribus
2750 1991 2795 2023 ⁸⁸
2826 2010 2840 2057 ;
2875 1990 2964 2043 ille
2997 2000 3236 2059 tempore
3270 1989 3444 2043 factus
3462 2002 3595 2057 pon-

2027 2081 2178 2147 tifex,
2240 2082 2327 2136 ille
2354 2097 2448 2152 per
2493 2083 2773 2151 passiones
2826 2090 3250 2146 consummatus,
3308 2078 3396 2133 ille
3426 2078 3515 2147 (lui
3539 2077 3593 2131 in

2026 2188 2132 2241 quo
2163 2188 2353 2241 passus
2384 2183 2467 2227 est
2519 2174 2635 2241 ipse
2686 2180 2941 2235 tentatus,
2980 2179 3157 2239 potest
3190 2168 3411 2225 tentatis
3440 2167 3595 2222 auxi-

2026 2263 2164 2326 liari,
2202 2265 2290 2318 ille
2314 2265 2609 2331 secundum
2650 2264 2895 2318 ordinem
2938 2260 3324 2315 Melchisedech
3358 2257 3594 2329 pontifex

2028 2354 2347 2425 appellatus.
2383 2356 2519 2422 Quid
2549 2355 2710 2425 igitur
2758 2354 3018 2408 adversus
3048 2351 3270 2405 Paulum
3323 2350 3592 2420 interpre-

2032 2446 2184 2511 taris,
2217 2446 2657 2514 impassibileque
2690 2444 2781 2498 Dei
2824 2441 3061 2497 Verbum
3116 2450 3334 2496 terreno
3384 2439 3597 2511 corpori

2030 2537 2347 2603 permisces,
2384 2547 2436 2589 et
2482 2535 2793 2604 passibilem
2825 2534 3161 2589 sacerdotem
3192 2532 3324 2589 facis
3347 2531 3404 2603 ?]

2678 2779 2828 2832 CAP.
2857 2780 2946 2835 IV.

2104 2912 2340 2966 Fortiter
2370 2928 2521 2975 sane,
2572 2914 2656 2965 vir
2706 2915 2939 2984 egregie,
2983 2924 3039 2968 ct
3066 2914 3351 2968 admodum
3383 2921 3603 2969 strenue

2041 3003 2093 3054 in
2132 3005 2380 3073 dogmata
2407 3003 2623 3071 pictatis
2675 3006 3041 3060 incursionem
3093 3006 3245 3060 facis.
3302 3005 3378 3059 Ac
3411 3005 3603 3059 beatus

355 3098 468 3150 Καὶ
503 3099 529 3150 6
558 3098 657 3168 μὲν
697 3097 982 3157 θεσπέσιος
1016 3096 1249 3165 Βαροὺχ,
1296 3095 1386 3147 τὸν
1435 3094 1527 3147 τοῦ
1564 3094 1697 3146 Θεοῦ
1740 3095 1927 3163 Λόγον,

2037 3093 2251 3158 (μίιΙριη
2278 3092 2509 3155 Baruch,
2546 3094 2633 3146 Dci
2669 3093 2903 3148 \‘erbum
2936 3094 3044 3160 jam
3070 3093 3342 3147 hominem
3377 3091 3599 3151 factum,

354 3188 817 3258 ἐνηνθρωπηκότα
837 3189 893 3239 δὲ
914 3189 1035 3257 ἤδη,
1061 3189 1153 3238 καὶ
1180 3188 1237 3238 ἐν
1264 3188 1518 3246 ὁμοιώσει
1543 3188 1607 3256 τῇ
1634 3186 1752 3237 καθ’
1783 3187 1932 3256 ἡμᾶς

358 3277 638 3345 πεφηνότα
665 3277 1043 3339 καταδεικνὺς,
1084 3297 1100 3327 ε
1128 3269 1313 3339 Οὗτος,
1336 3277 1520 3344 φησὶν,
1541 3276 1569 3326 6
1590 3276 1721 3338 Θεὸς
1752 3275 1926 3345 ἡμῶν,

354 3368 419 3419 οὐ
447 3368 827 3437 λογισθήσεται
877 3367 1062 3435 ἕτερος
1109 3367 1244 3435 πρὸς
1276 3368 1469 3419 αὐτόν·
1520 3366 1707 3435 ἐξεῦρε
1752 3368 1931 3418 πᾶσαν

354 3457 474 3511 ὁδὸν
504 3460 834 3528 ἐπιστήμης,
870 3459 958 3510 καὶ
1004 3457 1199 3510 ἔδωκεν
1234 3459 1401 3526 αὐτὴν
1438 3457 1626 3511 Ἰακὼϐ
1669 3457 1744 3527 τῷ
1784 3457 1931 3509 παιδὶ

355 3548 547 3613 αὐτοῦ,
571 3550 666 3601 καὶ
702 3548 918 3618 Ἰσραὴλ
961 3548 1040 3617 τῷ
1086 3548 1429 3616 ἠγαπημένῳ
1474 3547 1563 3599 ὑπ’
1598 3546 1760 3599 αὐτοῦ
1791 3564 1804 3576 ·
1840 3548 1933 3599 καὶ¹

360 3640 676 3711 μεταταῦτα
719 3642 811 3693 ἐπί
850 3641 947 3709 τῆς
995 3641 1097 3710 γῆς
1126 3638 1302 3707 ὤφθη,
1351 3640 1445 3691 καὶ
1474 3641 1585 3700 τοῖς
1629 3636 1933 3707 ἀνθρώποις

360 3733 807 3802 συνανεστράφη.
825 3751 842 3781 ι
872 3732 942 3782 Σὺ
970 3730 1026 3782 δὲ
1050 3722 1314 3792 τὸ,οῦτος,
1335 3731 1427 3781 καὶ
1451 3729 1593 3799 μάλα
1620 3730 1931 3793 πλειστάκις

358 3822 679 3890 ἀναφωνῶν,
709 3822 990 3891 μονονουχὶ
1021 3823 1114 3874 καὶ
1147 3823 1302 3890 χεῖρα
1340 3821 1652 3889 προτείνων,
1678 3821 1801 3874 τίνα
1822 3825 1932 3884 τοῖς

358 3915 751 3968 πεπιστευκόσι
778 3914 1040 3982 καθίστης
1070 3912 1295 3983 ἐναργῆ,
1320 3912 1413 3964 καὶ
1446 3912 1552 3981 μὴν
1584 3912 1676 3964 καὶ
1704 3912 1933 3981 ὁρᾶσθαι

356 4010 556 4070 ποιεῖς,
607 4008 700 4059 καὶ
723 4007 785 4076 δὴ
813 4006 906 4058 καὶ
939 4004 1209 4074 προκόψαι
1241 4003 1345 4072 φὴς
1372 4005 1452 4066 εἰς
1474 4003 1734 4073 ἀρχιερέα
1764 4022 1934 4057 κατα-

358 4098 572 4171 ϐραχύς
632 4098 793 4159 Ἀλλ’,
834 4093 985 4165 οἶμαί
1011 4113 1139 4161 που,
1174 4096 1389 4157 πάντως
1439 4096 1679 4159 ἐκεῖνον,
1736 4094 1796 4147 ὃν
1840 4096 1935 4147 καὶ

358 4193 587 4259 ἔναγχος
620 4188 1167 4259 παραδειγματίζων,
1214 4186 1451 4253 ἔφασκεν
1490 4186 1600 4256 [Ῑσ.
1636 4186 1895 4259 ἔφασκες]
1917 4204 1932 4218 ·

359 4282 570 4337 Οὐκοῦν
608 4284 636 4333 6
666 4280 871 4343 παθὼν,
917 4278 1207 4348 ἀρχιερεὺς
1256 4277 1537 4347 ἐλεήμων,
1587 4278 1683 4345 οὺχ
1727 4280 1754 4329 6
1799 4277 1936 4340 ζωο.

364 4374 517 4435 ποιὸς
549 4373 642 4425 τοῦ
674 4370 1003 4433 πεπονθότος
1035 4369 1185 4431 Θεός.
1214 4369 1441 4438 Σπέρμα
1480 4369 1729 4439 Ἀϐραάμ
1755 4370 1782 4419 ὁ
1811 4369 1936 4438 χθὲς

2032 3183 2169 3236 etin
2220 3195 2404 3238 nostra
2453 3185 2805 3240 similitudine
2867 3196 3213 3254 apparentem
3263 3181 3599 3238 ostendens:

2040 3295 2057 3327 ι
2090 3276 2185 3330 llic
2229 3288 2331 3341 est,
2390 3279 2581 3345 inquit,
2635 3281 2774 3333 Dens
2828 3291 3028 3343 noster,
3087 3295 3190 3332 non
3249 3278 3604 3333 :cstimabitur

2035 3369 2172 3421 alius
2225 3371 2290 3420 ad
2352 3385 2498 3431 eum,
2552 3370 2757 3425 invenit
2801 3387 3013 3424 omnem
3069 3370 3209 3423 viam
3261 3369 3521 3431 scientiae,
3552 3375 3606 3423 et

2036 3460 2185 3514 dedit
2216 3460 2361 3513 illam
2390 3459 2558 3514 Jacob
2588 3476 2755 3528 puero
2787 3479 2906 3521 suo.
2953 3473 3002 3514 et
3036 3461 3195 3515 Israel
3228 3460 3422 3514 dilecto
3460 3474 3560 3514 suo
3591 3478 3603 3512 :

2034 3560 2229 3619 etpost
2256 3552 2368 3605 htcc
2398 3551 2447 3603 in
2480 3553 2639 3605 terris
2680 3554 2826 3605 visus
2878 3562 2981 3615 est,
3018 3562 3070 3605 ct
3113 3568 3232 3605 cum
3289 3551 3603 3605 hominibus

2036 3653 2388 3696 conversatus
2414 3643 2479 3693 ⁸³.
2523 3662 2538 3693 ι
2593 3643 2669 3695 Tn
2726 3660 2876 3708 vero,
2920 3660 3102 3697 vocem
3154 3643 3260 3706 hic,
3298 3653 3350 3696 ct
3392 3642 3605 3710 quidem

2035 3731 2228 3800 sacpius
2277 3732 2578 3795 intendens,
2621 3748 2685 3785 ac
2727 3733 3111 3802 propemodum
3167 3748 3381 3784 manum
3435 3732 3609 3784 inten—

2037 3823 2193 3885 dens,
2250 3838 2536 3890 quemnam
2583 3823 2929 3878 credentibus
2974 3824 3240 3887 ostendis,
3290 3834 3343 3875 et
3388 3821 3609 3891 subjicis

2035 3913 2226 3977 oculis,
2281 3923 2445 3982 atque
2469 3914 2631 3967 etiam
2662 3915 2918 3983 paulatim
2952 3930 3295 3983 progressum
3332 3917 3396 3967 ad
3430 3930 3608 3969 sacer-

2035 4004 2240 4057 dotium
2273 4005 2468 4057 asseris
2501 4005 2697 4058 ?lllnm
2745 4020 2968 4075 prorsus
3010 4006 3246 4060 arbitror
3290 4005 3398 4075 85
3450 4022 3607 4075 quem

2040 4094 2236 4148 dudum
2267 4098 2558 4150 ostendens
2592 4097 2777 4150 aiebas
2816 4114 2830 4151 :
2864 4096 3030 4164 Igitur
3057 4096 3145 4150 ille
3173 4096 3473 4166 quipassus
3502 4105 3607 4158 est,

2036 4186 2275 4255 pontlfex
2323 4198 2405 4239 est
2441 4188 2769 4252 misericors,
2826 4204 2928 4240 non
2978 4188 3063 4241 ille
3124 4188 3262 4256 passi
3309 4188 3611 4242 viviticator

2043 4279 2202 4331 Deus.
2231 4278 2426 4331 Semen
2476 4278 2746 4331 Abraham
2772 4280 2857 4334 ille
2889 4280 3001 4333 heri
3033 4290 3087 4335 et
3116 4280 3293 4342 hodie,
3327 4290 3385 4334 ut
3416 4280 3613 4335 Paulus

2038 4370 2261 4429 dicit”.
2284 4386 2388 4423 non
2414 4370 2501 4423 ille
2530 4372 2619 4439 qni
2640 4372 2808 4424 dixit:
2844 4391 2861 4422 ι
2892 4374 3195 4441 Antequam
3215 4372 3488 4427 Abraham
3520 4375 3613 4429 fie-

361 4467 457 4519 κα“ι
491 4466 746 4535 σήμερον,
774 4462 915 4514 κατὰ
940 4461 1036 4531 τὴν
1060 4461 1153 4512 τοῦ
1189 4460 1397 4512 Παύλου
1426 4460 1607 4529 φωνὴν
1627 4501 1641 4525 ,
1672 4462 1767 4530 οὐχ
1794 4461 1822 4512 6
1851 4461 1927 4512 λέ-

2045 4470 2146 4525 ret,
2170 4477 2269 4530 ego
2296 4478 2412 4514 sum
2441 4463 2505 4515 “.
2532 4483 2548 4513 ι
2585 4461 2790 4517 Similis
2824 4477 2906 4517 est
2934 4463 3191 4517 fratribus
3222 4479 3316 4532 per
3356 4467 3535 4519 omnia
3569 4467 3613 4521 is

360 4574 493 4623 γωνο
529 4574 545 4605 ι
586 4556 723 4626 Πρὶν
767 4553 1016 4623 Ἀϐραὰμ
1055 4551 1332 4620 γενέσθαι,
1361 4551 1470 4619 ἐγώ
1497 4555 1634 4620 εἰμι.
1664 4572 1680 4602 ι
1712 4554 1935 4622 ’Όμοιος

361 4653 474 4711 τοῖς
504 4648 751 4716 ἀδελφοῖς
786 4646 924 4699 κατά
952 4646 1148 4706 πάντα,
1194 4647 1222 4697 ό
1261 4643 1442 4713 ψυχῆς
1472 4644 1817 4713 ἀνθρωπίνης
1846 4646 1938 4697 καὶ

361 4742 564 4810 σαρκὸς
615 4737 899 4791 ἀναλαϐὼν
950 4736 1318 4804 ἀδελφότητα,
1352 4735 1448 4803 οὐχ
1491 4738 1518 4786 6
1567 4735 1775 4801 λέγων·
1820 4756 1837 4785 ‹
1881 4737 1937 4787 Ὀ

361 4826 624 4898 ἑωρακὼς
669 4827 789 4895 ἐμὲ,
831 4824 1043 4893 ἑώρακε
1092 4825 1183 4875 τὸν
1233 4824 1470 4892 Πατέρα.
1509 4842 1527 4873 ι
1572 4824 1678 4875 Καὶ
1714 4825 1793 4876 ὅτι
1840 4826 1938 4894 μὲν

360 4919 455 4971 τοῦ
487 4917 815 4978 πεπονθότος
847 4916 978 4968 Θεὸν
1012 4916 1101 4966 τὸν
1152 4916 1413 4978 ζωοποιὸν
1456 4913 1551 4964 τοῦ
1596 4914 1731 4966 Θεοῦ
1765 4916 1935 4986 Λόγον

363 5009 629 5078 ὑπάρχειν
668 5004 1165 5072 διαϐεϐαιούμενος,
1196 5005 1302 5065 τοῖς
1320 5004 1417 5070 τῆς
1458 5000 1702 5069 ἀφύκτου
1730 5002 1935 5072 δυσφη-

366 5101 496 5172 μίας
521 5101 829 5169 ἐγκλήμασι
853 5097 1073 5149 σεαυτὸν
1102 5095 1283 5156 ἐνιεὶς,
1315 5094 1579 5162 ἠδίκηκας
1597 5092 1657 5145 ού
1682 5095 1934 5164 μετρίως,

432 5244 479 5272 τ’
524 5241 683 5292 llehr.
721 5253 772 5295 ν,
807 5238 859 5290 7.
963 5236 1008 5264 ¹⁰
1051 5232 1181 5292 lmo,
1219 5229 1348 5282 Luc.
1383 5248 1440 5288 ιι.
1472 5232 1558 5283 52.

1660 5231 1703 5261 ει
1750 5231 1908 5284 Hebr.
1948 5248 1997 5293 v,
2033 5233 2085 5299 9,
2116 5234 2201 5287 to.

361 5314 430 5345 u-
463 5311 624 5367 ιιριπ⁸
654 5323 768 5372 χιιι,
802 5307 855 5361 8.
933 5305 979 5335 “
1014 5302 1168 5357 Joan.
1204 5316 1318 5363 vm,
1372 5302 1459 5355 58.
1538 5302 1581 5332 ⁸⁸
1619 5301 1773 5355 Joan.
1810 5317 1915 5362 xw.
1944 5302 1995 5356 9.

2037 4553 2126 4620 qni
2167 4553 2413 4605 humanae
2450 4555 2643 4606 anima:
2690 4564 2742 4608 et
2772 4556 2952 4607 carnis
2990 4556 3389 4607 fraternitatem
3428 4572 3613 4610 susce-

2041 4648 2137 4713 pit,
2165 4664 2266 4696 non
2301 4647 2393 4714 qui
2424 4646 2596 4700 dicit:
2640 4666 2656 4695 ι
2714 4648 2818 4711 Qui
2876 4649 3005 4700 vidit
3059 4666 3163 4709 me,
3224 4649 3357 4701 vidit
3404 4658 3458 4700 et
3512 4648 3613 4701 Pa-

2037 4739 2266 4790 trem”.
2316 4758 2333 4786 ι
2402 4738 2575 4807 Atque
2623 4740 2771 4791 ineo
2814 4740 2953 4807 quod
2995 4740 3196 4792 asscris
3252 4740 3415 4792 Deum
3470 4742 3612 4807 passi

2039 4845 2158 4883 esse
2199 4830 2374 4894 ipsum
2412 4831 2691 4884 vivificaris
2736 4832 2823 4883 Dei
2874 4830 3131 4890 Verbum.
3193 4840 3243 4885 te
3286 4833 3614 4888 inevitabilis

2043 4920 2389 4988 blasphemiae
2411 4923 2614 4974 crimen
2636 4924 2950 4982 incurrisse,
2976 4923 3317 4991 graviterque
3339 4939 3611 4993 peceassc,

2043 5010 2243 5064 eﬂicaci
2303 5012 2508 5063 ratione
2566 5014 2992 5067 demonstratum
3053 5022 3152 5065 est.
3208 5014 3371 5067 Miror
3429 5024 3610 5081 autem

2047 5103 2187 5169 quod
2241 5112 2451 5155 tuarum
2503 5120 2690 5157 vocum
2719 5104 2937 5167 oblitus,
2968 5104 3221 5171 paulatim
3263 5120 3610 5175 progressum

2310 5237 2355 5267 ⁸³
2395 5236 2556 5291 Hebr.
2584 5252 2644 5301 ll,
2688 5238 2773 5290 l7.
2914 5237 2958 5270 ⁸³
2998 5237 3208 5293 Baruch
3262 5255 3321 5294 ιιι
3350 5280 3366 5305 ,
3421 5241 3605 5296 36-58.

1642 5420 1724 5472 AN
1736 5420 1796 5473 Τ.
1840 5420 2115 5476 AGELLII
2152 5420 2381 5476 NOTAE.

437 5571 551 5634 (2t)
591 5569 679 5623 Vel
712 5568 1042 5622 notariorum
1070 5578 1221 5618 error
1251 5572 1351 5626 est,
1385 5563 1490 5634 vel;
1516 5565 1699 5633 lapsus
1724 5572 1807 5618 est
1828 5561 1938 5618 Ne-

365 5632 589 5698 storius.
616 5640 705 5707 qui
739 5639 899 5691 verba
930 5639 1043 5689 haec
1074 5634 1229 5707 [mete
1256 5649 1377 5702 cap.
1407 5649 1444 5707 tt
1468 5632 1657 5707 Joaiini
1691 5634 1933 5707 ascribit.

366 5712 473 5766 Sed
519 5704 648 5780 quia
698 5711 839 5763 hunc
869 5708 1073 5775 lapsum
1103 5706 1156 5760 in
1188 5718 1281 5758 sua
1338 5704 1659 5759 refutatione
1703 5704 1939 5774 Cyrillus

2045 5580 2151 5619 non
2188 5566 2455 5636 coarguit,
2482 5574 2533 5617 et
2563 5564 2778 5636 beatum
2804 5562 3004 5636 Lucam
3038 5575 3312 5621 auctorem
3346 5564 3610 5636 agnoscit,

2044 5637 2271 5691 notariis
2312 5634 2543 5690 fortasse
2569 5634 2771 5705 justius
2809 5634 3127 5690 ascribetur.
