4054 6332
465 275 563 343 tsi

1448 289 1507 345 s.
1547 272 1823 344 CYBILLI
1863 267 2334 344 ALEXANDRIINI
2370 287 2685 345 ARCHIEP.

3608 271 3710 325 1:52

462 397 528 459 ad
569 404 839 475 pontificis
874 405 1216 476 dignitatem,
1277 408 1458 462 dicere
1511 410 1673 465 simul
1717 420 1774 465 et
1827 411 2031 467 Sentir'e

2144 405 2394 480 άποχρῶν
2420 405 2552 481 ἡμῖν
2585 409 2806 476 διέδειξε
2849 407 3025 474 λόγος.
3057 400 3332 472 Θαυμάζω
3353 389 3438 456 ίδὲι,
3483 393 3564 446 ὅτι
3600 392 3707 443 τῶν

463 498 650 563 audes,
687 500 847 568 quem
895 497 1066 554 ’etiam
1105 497 1277 554 Deu‘m
1307 501 1429 558 esSe
1449 503 1658 557 asSeris
1684 495 2030 574 omnipoten-

463 599 592 645 t'em.
616 589 747 644 Nam
767 587 1156 661 p‘rO‘p‘oisita'tibi
1183 592 1418 663 Epis’tola
1441 592 1506 648 ad
1530 589 1788 651 Hebraeos
1805 585 2030 666 scripta,

461 683 666 737 teneris
706 679 912 738 'tli'xisse
940 683 1084 739 :'Sed
1125 685 1214 740 hic
1270 675 1486 742 lsraelis
1520 693 1796 758 cognatus
1842 690 2032 742 secun-

460 775 588 828 du’m
619 764 863 850 caratam,
896 773 1199 832 ’séc'un‘dum
1231 779 1614 848 a'spectabilem
1647 774 1894 834 naturam
1927 781 2030 834 lto-

462 866 569 930 n'to,
599 868 674 920 ex
721 859 938 922 'sem‘ine
984 860 1161 922 Da'vid
1202 869 1379 924 factus
1443 871 1739 926 secundum
1789 885 2030 937 carnem,

461 953 573 1023 ipsa
643 954 1040 1027 eonj'unctione
1109 961 1254 1018 Deus
1311 965 1679 1034 omnipotens.
1751 957 2035 1033 Quomodo

461 1043 627 1111 igitur
657 1043 975 1127 p‘rdgr'essu's
1013 1056 1118 1114 est,
1171 1047 1234 1104 u‘t
1259 1047 1469 1108 temere
1496 1045 1777 1119 fabularis,
1813 1037 1878 1110 ad
1902 1059 2036 1126 pori-

461 1135 620 1189 tificis
653 1131 1142 1206 dignitatem,'cu‘m
1181 1141 1327 1200 Deus
1361 1145 1431 1200 sit
1456 1146 1801 1216 omnipotens
1819 1141 2034 1202 tuorum

461 1227 674 1296 quoque
713 1223 1009 1286 vei-borum
1053 1236 1426 1292 testimonio?
1471 1238 1535 1292 Et
1590 1239 1840 1308 quantvi's
1876 1240 2033 1293 illam

460 1311 773 1386 ignobilem,
836 1331 893 1376 et
919 1331 947 1376 a
985 1315 1037 1377 te
1065 1315 1180 1381 solo
1223 1317 1408 1383 nescio
1452 1331 1721 1400 quomodo
1762 1323 2038 1402 ekeogitao

448 1409 570 1460 ‘tttih
602 1409 1038 1479 conjunCtionem
1065 1417 1484 1485 commemores,
1511 1422 1734 1476 missum
1766 1407 2036 1478 idl'f'aciat'n

458 1500 524 1553 ad
569 1495 846 1570 praesens;
888 1499 1024 1561 'illitd
1069 1504 1253 1564 tamen
1296 1509 1644 1582 efllagitabo,
1691 1523 1750 1568 ut
1799 1511 2038 1571 secundo

459 1589 621 1680 causa
652 1583 860 1647 feratur
891 1597 1087 1663 oratio,
1121 1607 1176 1652 et
1199 1598 1265 1652 ad
1289 1595 1523 1670 'scop‘um
1554 1600 1656 1656 sibi
1709 1600 2039 1656 convenien-

452 1681 651 1732 tem'e‘t
675 1689 718 1732 'a
758 1679 1036 1752 preposito
1073 1686 1216 1740 haud
1244 1682 1477 1742 alienum
1508 1689 1710 1743 tendat.
1737 1687 1872 1744 Num
1896 1693 2037 1761 quod

2139 480 2473 562 ἰδίωναὺτὸς
2503 498 2899 568 ἀμνημονήσας
2938 492 3154 563 φωνῶν,
3189 484 3332 542 κατὰ
3369 480 3540 557 βραχὺ
3573 497 3708 550 προ⁶

2122 585 2413 654 ἐλθεῖνέῑς
2444 585 2749 663 ἆρχιερέως
2777 587 2996 657 ἀξίωμα
3033 585 3197 654 φάναι
3224 597 3282 634 τε
3303 579 3460 650 ὁμοῦ,
3486 580 3580 632 καὶ
3605 576 3709 646 μὴν

2135 675 2230 735 καὶ
2261 683 2476 751 φρονεῖν
2498 673 2777 746 άξισῖς,’δν
2811 670 2904 731 καὶ
2924 673 3058 728 Θεὸν
3093 669 3230 726 εἶναι
3262 671 3368 742 φὴς
3403 666 3711 736 παντοκρά-

2134 769 2288 849 τορα.
2318 765 2695 843 Προκέιμένης
2726 768 2836 840 γάρ
2863 782 2945 820 σοι
2973 766 3075 836 τῆς
3109 763 3383 834 Ἑϐραίοις
3408 757 3712 830 γραφείσης

2148 857 2484 933 Ἐπιστολῆς,
2518 863 2714 933 ἁλίσκῃ
2744 861 2918 929 λέγων
2947 876 2960 889 ·
2992 858 3132 911 Ἀλλ’
3152 851 3305 918 οὗτος
3325 854 3354 906 ὁ
3370 851 3512 906 κατὰ
3533 852 3712 919 σάρκα

2131 951 2227 1006 τοῦ
2263 950 2477 1023 Ἰσραὴλ
2495 948 2782 1020 συγγενὴς,
2797 949 2974 1003 ὁκατὰ
2993 948 3053 1001 τὸ
3068 941 3389 1016 φαινόμενον
3407 939 3712 1012 ἄνθρωπος,

2128 1045 2163 1096 ὁ
2193 1043 2335 1098 κατὰ
2359 1043 2455 1114 τὴν
2476 1040 2698 1096 Παύλου
2735 1042 2949 1112 φωνὴν,
3002 1041 3067 1092 ὲκ
3107 1038 3422 1107 σπέρματος
3456 1048 3712 1101 γεγεννη-

2127 1137 2298 1206 μένος
2339 1135 2525 1202 Δαόὶδ,
2567 1129 2969 1204 παντοκράτωρ
2998 1133 3066 1202 τῇ
3105 1125 3373 1198 συναφείᾳ
3402 1125 3554 1186 Θεός.
3592 1120 3714 1182 Πῶς

2136 1229 2218 1281 ἐτι
2252 1227 2523 1300 προέκοψε
2567 1227 2712 1280 κατά
2739 1223 2840 1298 τὴν
2875 1219 3257 1295 ε’ἰκαιομυθίαν
3301 1223 3382 1284 είς
3407 1217 3715 1290 ’ἀρχιερέως

2123 1303 2374 1392 ’άξῐωμα,
2407 1321 2584 1375 καίτοι
2624 1317 2757 1384 Θεὸς
2800 1318 3199 1389 παντοκράτωρ
3237 1315 3331 1368 καὶ
3379 1311 3468 1366 διὰ
3492 1311 3591 1381 τῆς
3618 1309 3716 1376 σῆς

2139 1413 2322 1482 φωνῆς
2352 1411 2832 1483 μαρτυρούμενοςς
2857 1404 2985 1464 ¹Κᾶν
3012 1408 3110 1479 τὴν
3137 1397 3331 1473 ἀκλεᾶ,
3353 1404 3446 1460 καὶ
3472 1404 3592 1487 την,
3617 1403 3716 1455 οὐκ

2137 1487 2232 1559 οἶδ’
2251 1506 2422 1569 ὅπως,
2447 1503 2819 1576 ἐξευρημένην
2847 1502 2996 1572 αὐτῷ
3032 1519 3114 1555 σοι
3141 1501 3234 1554 καὶ
3260 1498 3716 1571 μόνῳσυνάφειαν

2139 1595 2434 1664 ὀνομάζῃς,
2469 1597 2702 1668 παρήσω
2736 1589 2890 1646 νυνί·
2923 1591 3064 1663 πλὴν
3097 1587 3389 1662 ἐρήσομαι,
3421 1587 3564 1641 κατὰ
3592 1579 3717 1657 ροῦν

2145 1687 2276 1740 ἰέναι
2301 1686 2389 1738 τὸν
2413 1686 2560 1756 αύτῷ
2585 1685 2863 1756 πρέποντά
2883 1701 2944 1736 τε
2975 1685 3067 1738 καὶ
3088 1681 3450 1754 προκείμενον
3469 1677 3548 1748 τῷ
3577 1678 3718 1746 λόγῳ

459 1769 525 1822 ad
587 1771 958 1828 ’sa‘cerdotEUm
1013 1789 1371 1843 promovetur
1408 1773 1752 1851 ét'gloriam,
1802 1775 1910 1836 non
1963 1786 2030 1838 ad

2144 1777 2334 1830 τκοπὸν
2345 1779 2466 1847 ’ἐφιε
2476 1777 2540 1842 ίς·
2559 1761 2816 1848 Ἀρόύχὶ
2827 1777 2885 1829 τὸ
2898 1773 3203 1848 προκόπτον
3220 1775 3296 1836 εἰς
3317 1773 3360 1825 is
3370 1771 3613 1842 ρωσύνην
3627 1769 3720 1820 καὶ

457 1857 683 1918 meliora
734 1868 1239 1939 praestantiamque
1266 1872 1492 1939 gradum
1527 1872 1678 1938 facit,
1711 1883 1803 1928 aut
1852 1874 2036 1930 incre-

455 1958 700 2009 mentum
744 1959 910 2014 su‘mit
936 1959 958 2013 ?
980 1970 1036 2015 et
1063 1957 1310 2031 quisnam
1343 1961 1502 2035 hujus
1534 1965 2038 2022 sententiae‘verita-

460 2051 570 2099 tem
632 2059 732 2102 suo
786 2047 1045 2122 suﬂragio
1087 2059 1200 2108 'non
1264 2056 1510 2124 probet?
1547 2055 1715 2124 Majas
1767 2051 1853 2112 est
1892 2057 2037 2128 ergo

447 2135 749 2219 sacerdotii
779 2144 994 2206 munus,
1025 2157 1187 2213 quam
1227 2143 1394 2201 Deum
1418 2161 1539 2203 esse
1563 2147 1987 2217 omnipotentem
2021 2164 2034 2202 ;

450 2225 561 2282 hoc
595 2219 761 2284 'si‘it‘a
798 2223 918 2296 “est,
965 2237 1236 2314 quomOdo
1278 2239 1369 2307 qui
1422 2233 1730 2296 sacerdotio
1771 2240 2036 2311 fungitur,

447 2319 737 2398 ministrat
788 2334 848 2378 et
897 2321 1040 2379 astat
1075 2335 1134 2382 ut
1188 2329 1445 2386 minister
1473 2325 1604 2399 Deo,
1638 2329 2040 2387 ’etutfaniulus

447 2409 708 2478 'Do'ih’iito,
763 2415 964 2472 solitas
1005 2434 1068 2474 ac
1106 2415 1279 2476 sta'tas
1337 2422 1642 2479 oblationes
1695 2423 1952 2489 offerens.
1985 2436 2040 2478 ει

459 2503 668 2559 ltostia's
698 2507 1003 2578 imponens,
1041 2512 1132 2566 ill‘e
1155 2525 1284 2567 vero
1321 2522 1573 2584 tanquam
1595 2530 1846 2584 suprema
1877 2531 2040 2569 orna-

463 2607 549 2650 tus
583 2597 757 2668 gloria
793 2601 1274 2671 admittithostias,
1298 2617 1354 2661 et
1395 2607 1691 2662 honoratur
1736 2609 2041 2678 obsequio?

459 2685 616 2755 Illud,
649 2693 864 2762 opinor,
894 2696 1060 2760 dices,
1098 2697 1733 2773 Deumomnipotentom
1791 2701 2038 2756 eumdem

460 2781 668 2836 factum
726 2799 847 2840 esse
904 2789 1239 2856 pontificem.
1297 2789 1438 2861 Ergo
1489 2793 1800 2848 exinanitus
1845 2802 1949 2857 est,
1985 2802 2042 2849 et

461 2875 703 2942 selp‘s'um
738 2876 1062 2942 huniiliavit,
1102 2882 1170 2936 ad
1201 2883 1410 2938 minora
1448 2899 1508 2939 se
1553 2885 1834 2954 dejiciens.
1891 2887 2040 2955 Quo.

462 2966 622 3020 modo
661 2967 824 3037 igitur
853 2972 919 3024 ad
957 2971 1272 3041 dignitatem
1322 2990 1641 3046 progressus
1676 2989 1758 3033 est
1788 2982 2042 3034 sacerdos

464 3049 1027 3117 factus'?‘Recordare
1075 3064 1190 3134 jam
1234 3081 1421 3123 rursus
1460 3077 1675 3122 tuorum
1708 3073 1992 3124 verborum
2025 3089 2039 3136 ;

2137 1867 2316 1934 δόξαν,
2348 1869 2445 1941 τὴν
2463 1871 2545 1934 είς
2567 1865 2635 1924 τὰ
2659 1869 2975 1940 ἀμείνωκαὶ
2987 1865 3292 1939 προύχοντα
3318 1865 3550 1919 ποιεῖται
3575 1862 3722 1932 βάδι-

2141 1979 2244 2027 σιν,
2258 1962 2426 2032 ἤγουν
2443 1959 2682 2015 ἐπίδοσιν
2696 1961 2910 2029 ;Καίτοι
2929 1951 3044 2022 πῶς
3062 1959 3162 2029 οὐχ
3177 1954 3719 2025 ἀπαστισοῦνὲπιψη-

2140 2053 2428 2124 φιεῖταιτῴ
2447 2053 2588 2125 λόγῳ
2599 2054 2660 2106 τὸ
2674 2052 2888 2124 ἀληθῶς
2903 2051 3011 2123 [ἔον.
3027 2046 3272 2123 ἀληθές];
3289 2051 3489 2112 Μεῖζον
3505 2044 3598 2102 οὖν
3614 2047 3723 2119 ἄρα

2139 2143 2234 2197 τοῦ
2258 2141 2395 2198 εἶναι
2406 2145 2538 2198 Θεὸν
2555 2143 2991 2215 παντοκράτορά,
3007 2134 3103 2213 τῆς
3123 2141 3422 2214 ἱερωσύνης
3440 2141 3498 2194 τὸ
3510 2141 3719 2210 χρῆμα.

2139 2233 2273 2291 Εἶτα
2294 2239 2431 2301 πῶς,
2459 2239 2487 2290 6
2516 2237 2613 2308 μὲν
2641 2235 2889 2309 ἱερᾶσθαι
2928 2233 3111 2306 λαχὼν
3127 2234 3432 2306 λειτουργεῖ
3465 2233 3561 2286 καὶ
3582 2249 3725 2302 παρ-

2139 2323 2369 2399 έστηκεν
2386 2329 2462 2389 ὡς
2475 2330 2574 2382 λάτ
2582 2347 2680 2400 ρης
2692 2328 2830 2399 Θεῷ.
2847 2329 2942 2382 καὶ
2954 2327 3030 2390 ὡς
3040 2327 3258 2396 οἰκέτης
3274 2325 3538 2396 Δεσπότῃ,
3562 2340 3729 2394 προσ-

2141 2419 2382 2490 κομίξων
2402 2419 2470 2473 τὰ
2485 2420 2869 2491 νενομισμένα,
2890 2418 3186 2484 καὶθυσὶας
3210 2416 3502 2480 ἀνατιθείς·
3528 2416 3622 2470 ὁδε
3647 2415 3725 2479 ὡς

2141 2512 2265 2584 δόξῃ
2291 2515 2356 2583 τῇ
2379 2512 2662 2583 ὑπερτάτῃ
2683 2512 3121 2581 κατεστεμμένος
3136 2511 3492 2582 προσδέχεται
3517 2508 3616 2571 τὰς
3629 2509 3727 2560 (iu--

2145 2603 2287 2667 σίας,
2318 2604 2411 2656 καὶ
2439 2604 2670 2673 τιμᾶται
2687 2602 3121 2674 θεραπευόμενος
3140 2620 3154 2669 ;
3173 2601 3311 2655 Ἀλλ’
3328 2602 3527 2664 έκεῖνο,
3547 2596 3723 2668 οἶμαι,

2145 2698 2271 2767 φής·
2307 2697 2386 2750 ὅτι
2403 2696 2536 2760 Θεὸς
2549 2697 2949 2766 παντοκράτωρ
2965 2698 3249 2768 ὑπάρχων,
3265 2698 3294 2750 ὁ
3311 2695 3473 2756 αὐτὸς
3500 2693 3726 2761 γέγονεν

2143 2788 2298 2856 ἁρχιε
2309 2787 2452 2856 ρεύς.
2477 2787 2769 2840 Κεκένωκε
2786 2786 2848 2859 δὴ
2871 2783 2984 2850 οὖν,
3005 2790 3099 2841 καὶ
3111 2788 3510 2840 τεταπείνωκεν
3537 2784 3729 2838 ἑαυτὸν

2144 2879 2331 2942 καθεὶς
2344 2882 2399 2932 έν
2421 2879 2616 2951 μείοσι.
2639 2878 2762 2942 Πῶς
2781 2873 2872 2931 οὖν
2887 2877 2968 2932 ἔτι
2986 2879 3287 2949 προέκοψεν
3309 2880 3388 2940 εἰς
3401 2876 3617 2946 ἀξίωμα
3635 2893 3730 2943 γε-

2144 2969 2316 3037 γονὼς
2345 2971 2559 3042 ἱερεύς;
2591 2971 2946 3042 Διαμέμνησο
2968 2972 3033 3042 δὴ
3074 2970 3236 3024 πάλιν
3266 2969 3375 3022 τῶν
3399 2968 3594 3021 σαυτοῦ
3645 2967 3734 3019 λό-

2144 3079 2255 3130 γων
2277 3080 2291 3094 ·
2325 3062 2461 3133 ἔφης
2488 3063 2596 3133 γὰρ
2622 3062 2796 3127 οὕτως
2833 3067 2891 3117 ὲν
2911 3066 3023 3126 τοῖς
3051 3063 3309 3135 ἀνωτέρω
3345 3061 3519 3132 βραχύ
3547 3077 3560 3090 ·
3582 3061 3646 3112 Εἰ
3673 3059 3734 3111 δὲ

464 3149 543 3203 sic
577 3145 808 3221 namque
841 3155 1000 3222 paulo
1023 3158 1276 3225 superius
1330 3160 1512 3215 dixisti
1553 3177 1567 3214 :
1603 3160 1757 3227 Quod
1779 3163 1824 3216 si
1851 3177 2036 3216 sacer-

2145 3155 2432 3225 ἀρχιερεὺς
2466 3157 2499 3226 ἡ
2525 3156 2746 3226 Θεότης,
2771 3157 2852 3219 τίς
2876 3157 2904 3208 6
2928 3155 3080 3226 παρὰ
3100 3159 3165 3226 τῇ
3193 3155 3294 3223 τῆς
3322 3151 3734 3224 ἀρχιερωσύνης

465 3235 565 3295 dos
600 3250 682 3296 est
724 3243 836 3313 ipsa
870 3245 1154 3310 Divinitas,
1198 3249 1448 3316 quisnam
1487 3259 1570 3304 est
1625 3250 1715 3319 qui
1753 3243 2042 3306 sacerdotii

464 3325 724 3402 obsequio
746 3337 957 3390 colitur
987 3338 1010 3391 ?
1040 3339 1087 3393 si
1121 3338 1262 3394 Deus
1291 3350 1374 3394 est
1401 3341 1492 3410 qui
1524 3339 1703 3405 offert,
1758 3357 1916 3395 nenm
1963 3352 2046 3396 est

465 3424 554 3478 cui
598 3426 712 3498 86
743 3426 1025 3483 oii’eratur.
1049 3429 1188 3496 Quid
1219 3431 1363 3486 enim
1389 3432 1462 3486 sit
1488 3431 1776 3486 Divinitate
1800 3433 2044 3501 dignum,

467 3516 633 3570 utilla
673 3526 927 3587 tanquam
962 3519 1190 3575 inferior
1217 3522 1404 3588 majori
1439 3522 1633 3576 ofl‘erat
1663 3523 1685 3574 ?
1722 3523 1866 3578 Siste
1907 3539 2048 3578 nunc

469 3607 660 3663 saltem
709 3610 762 3664 in
802 3611 910 3666 tuis
961 3612 1132 3682 ipsius
1172 3614 1398 3670 vocibus
1433 3633 1447 3681 ;
1481 3615 1574 3670 sed
1617 3616 1666 3669 id
1703 3614 1881 3670 facere
1907 3633 2050 3670 nun—

469 3713 630 3766 quam
660 3701 882 3768 poteris,
918 3715 1041 3756 cum
1105 3704 1252 3757 omni
1301 3714 1461 3758 vento
1510 3707 1943 3771 circumferaris,
1995 3714 2049 3760 et

470 3798 523 3844 te
548 3791 688 3844 ultro
711 3791 958 3861 citroque
989 3793 1184 3863 jaetari
1216 3810 1323 3850 non
1361 3799 1593 3862 sentias,
1640 3813 1783 3854 nunc
1837 3805 1899 3854 ex
1942 3797 2048 3852 illis

468 3883 535 3936 ad
584 3882 720 3948 lucc,
776 3887 921 3940 nunc
971 3887 1211 3941 vicissim
1240 3902 1308 3942 ex
1358 3888 1443 3944 bis
1481 3891 1547 3943 ad
1576 3889 1663 3943 illa
1695 3891 2046 3957 transiliens;

466 3990 648 4047 neque
695 3977 805 4033 ullo
841 3981 1003 4034 modo
1048 3980 1391 4050 pertimescis
1417 3983 1568 4050 illud,
1596 3987 1739 4053 quod
1779 3994 1863 4040 εει
1897 3984 2048 4040 Pauli

465 4084 602 4124 voce
659 4069 906 4125 dictum:
942 4089 961 4124 1
1003 4071 1057 4126 Si
1085 4075 1228 4127 enim
1269 4089 1390 4143 qua:
1416 4075 1684 4141 destruxi,
1717 4075 1833 4131 haec
1861 4093 2051 4132 rursus

468 4159 698 4224 aedifico,
724 4163 1198 4230 praevaricatorem
1224 4165 1486 4234 meipsum
1504 4167 1779 4223 constituo
1803 4169 1868 4224 ⁸⁸.
1904 4187 1923 4220 1
1944 4168 2051 4224 Sed

465 4249 699 4306 fortasse
728 4253 969 4307 dicturus
995 4269 1055 4308 es
1080 4253 1210 4308 illud
1235 4274 1247 4309 :
1285 4253 1419 4310 Cum
1452 4264 1502 4310 lu
1534 4256 1649 4325 ipse
1674 4260 1872 4329 ubique
1901 4260 2054 4314 Chri-

457 4353 613 4400 ‘stum
651 4333 815 4398 unum
861 4355 917 4401 et
950 4346 1145 4400 Filium
1197 4345 1259 4401 'et
1303 4348 1586 4402 Dominum
1640 4365 1764 4406 esse
1813 4351 2053 4407 afﬁrmes

466 4441 599 4496 illud
638 4455 706 4496 ex
765 4441 874 4497 Deo
917 4441 1089 4498 Patre
1138 4443 1370 4499 Verbum
1403 4459 1526 4498 cum
1554 4461 1650 4499 sua
1682 4461 1866 4512 carne,
1907 4462 2047 4515 quo-

467 4535 631 4591 modo
659 4536 860 4592 asseris
916 4536 1225 4605 pontificem
1254 4535 1490 4605 positum
1526 4536 1696 4592 fuisse
1723 4547 1778 4592 et
1831 4549 2049 4607 aposto-

468 4627 578 4681 lum
599 4669 613 4691 ,
648 4627 722 4681 ita
753 4635 832 4694 ut,
860 4642 982 4682 cum
1013 4627 1064 4684 id
1101 4628 1272 4694 dicas,
1303 4641 1408 4682 non
1444 4642 1711 4682 summam
1733 4631 1849 4697 ejus
1871 4629 2048 4699 digiti-

469 4728 636 4773 tatem
669 4719 872 4774 afﬁcias
901 4720 1228 4774 contumelia
1262 4721 1285 4772 ?
1321 4720 1477 4786 Quia,
1529 4722 1771 4789 inquam,
1797 4722 1879 4775 vir
1909 4721 2050 4790 opti-

468 4825 578 4876 me,
603 4812 940 4882 unigenitum
967 4812 1094 4866 illud
1125 4813 1215 4867 Dei
1251 4812 1480 4868 Verbum
1523 4813 1724 4868 factum
1752 4824 1837 4869 est
1865 4815 2047 4878 homo,

469 4913 526 4960 et
575 4907 866 4961 sacerdotii
910 4921 1104 4960 munus
1166 4906 1518 4961 humanitatis
1570 4922 1876 4962 mensuram
1905 4908 2047 4961 haud

470 4998 719 5062 dedecet,
750 5008 807 5051 ut
842 4999 969 5055 item
1025 5000 1168 5068 quod
1227 4999 1425 5055 missus
1474 5014 1597 5054 esse
1639 5000 1854 5054 dicitur.
1908 4999 2050 5054 Con-

473 5088 744 5143 f'usionem
777 5089 922 5143 enim
971 5089 1316 5158 contempsit,
1346 5099 1404 5143 ut
1438 5089 1630 5145 beatus
1645 5089 1845 5143 Paulus
1885 5089 2048 5154 ait",

471 5180 719 5234 cumbis
775 5181 937 5234 etiam
987 5179 1204 5235 utiliora
1235 5189 1288 5234 et
1340 5181 1642 5251 indigniora
1695 5194 1913 5252 propter
1956 5197 2052 5236 nos

472 5270 780 5340 pertulerit.
803 5271 958 5325 Dedit
985 5271 1129 5326 enim
1166 5273 1386 5328 dorsum
1417 5273 1471 5326 in
1511 5273 1746 5342 ﬂagella,
1774 5283 1830 5327 et
1856 5273 2051 5328 faciem

472 5375 624 5414 suam
660 5377 767 5416 non
801 5361 1001 5415 avertit
1033 5376 1064 5414 a
1087 5362 1408 5418 confusione
1438 5375 1717 5432 sputorum
1751 5364 1796 5395 ³⁸
1822 5403 1837 5429 ,
1885 5375 1936 5417 et
1958 5363 2053 5418 Ju-

474 5456 714 5510 daeorum
744 5456 1099 5511 contumelias
1127 5456 1394 5526 patienter
1423 5457 1695 5512 sustinuit.
1719 5457 1825 5512 Sed
1855 5457 2056 5528 refugis

475 5548 814 5602 sacerdotem
841 5548 1116 5604 dicere.ut
1153 5549 1240 5618 qui
1271 5548 1338 5603 sit
1361 5549 1544 5602 Deus?
1575 5549 1816 5604 Admitte
1837 5549 2050 5620 dispen-

2145 3242 2460 3314 λειτουργίᾳ
2513 3243 2990 3314 θεραπευόμενος;
3023 3247 3071 3297 εί
3121 3244 3254 3307 Θεὸς
3307 3246 3334 3295 6
3383 3242 3729 3313 προσφέρων,

2147 3331 2320 3394 οὐδεὶς
2351 3325 2396 3400 ᾧ
2427 3336 2831 3404 προσφέρεται·
2857 3334 2909 3386 τί
2936 3334 3044 3404 γὰρ
3078 3334 3343 3404 Θεότητος
3373 3333 3543 3398 ἄξιον,
3569 3331 3635 3385 ἵν’
3657 3331 3734 3394 ὡς

2147 3426 2384 3479 ἐλάττων
2431 3429 2717 3501 προσφέρῃ
2747 3428 2825 3497 τῷ
2867 3429 3111 3499 μείζονι;
3147 3429 3314 3499 Στῆθι
3351 3427 3446 3482 νῦν
3483 3427 3574 3482 καὶ
3601 3425 3733 3495 γοῦν

2147 3523 2204 3572 ἐν
2232 3523 2361 3582 ταῖς
2394 3520 2588 3573 ἑαυτοῦ
2621 3523 2826 3589 φωναῖς
2849 3538 2862 3551 ο
2900 3520 3036 3576 ἀλλὰ
3061 3519 3218 3573 τοῦτο
3250 3520 3370 3591 μὲν,
3403 3520 3502 3589 οὐχ
3531 3513 3640 3581 οἷός
3671 3533 3733 3570 τε

2150 3611 2248 3683 ἔσῃ
2299 3611 2462 3680 δρᾷν·
2504 3611 2778 3682 περιφέρῃ
2817 3610 2874 3662 δὲ
2926 3610 3113 3681 ὥσπερ
3166 3611 3354 3680 ἀνέμῳ
3407 3609 3601 3672 παντὶ,
3637 3610 3734 3661 καὶ

2147 3703 2638 3774 διαρριπτούμενος
2670 3705 2769 3755 οὐκ
2799 3703 3054 3774 αἰσθάνῃ,
3101 3703 3229 3756 ποτὲ
3272 3703 3390 3772 μὲν,
3421 3702 3483 3766 ἐξ
3510 3701 3734 3754 ἐκείνων

2151 3797 2230 3860 εἰς
2264 3795 2473 3860 ταῦτα,
2505 3797 2635 3850 ποτὲ
2669 3797 2725 3849 δὲ
2762 3796 2924 3849 πάλιν
2954 3799 3019 3848 ὲκ
3057 3795 3261 3848 τούτων
3294 3798 3372 3860 εἰς
3417 3796 3601 3848 ἐκεῖνα
3642 3811 3738 3865 με·-

2151 3888 2410 3957 ταπηδῶν
2433 3905 2447 3917 ο
2475 3888 2653 3952 δέδιας
2701 3888 2759 3941 δὲ
2802 3889 2923 3941 κατ’
2957 3887 3150 3941 οὐδένα
3185 3886 3385 3957 τρόπον
3419 3887 3478 3940 τὸ
3522 3887 3610 3942 διὰ
3636 3887 3736 3956 τῆς

2151 3983 2246 4034 τοῦ
2277 3982 2486 4036 Παύλου
2506 3985 2688 4056 φωνῆς
2706 4001 2719 4015 ο
2753 4006 2772 4037 1
2804 3986 2865 4037 El
2888 3985 2998 4056 γὰρ
3022 3983 3056 4037 ἃ
3083 3985 3387 4051 κατέλυσα,
3424 3983 3598 4038 ταῦτα
3625 3984 3734 4037 πά-

2152 4075 2235 4130 λιν
2282 4078 2646 4150 οἰκοδομήσω,
2702 4077 3030 4151 παραϐάτην
3076 4080 3318 4150 ἐμαυτὸν
3353 4082 3675 4134 συνιστάνω.
3711 4101 3730 4131 1

2165 4168 2340 4239 Ἐρεῖς
2390 4169 2447 4222 δὲ
2489 4171 2618 4233 ἴσως
2651 4171 2854 4224 ὲκεῖνο’
2911 4173 3150 4241 Χριστὸν
3201 4172 3296 4225 ἕνα
3342 4172 3436 4224 καὶ
3472 4170 3599 4224 Υίὸν
3643 4172 3739 4225 καὶ

2154 4258 2360 4328 Κύριον
2395 4259 2865 4332 διισχυριζόμενος
2898 4256 3037 4315 εἷναι
3073 4261 3345 4332 πανταχοῦ
3383 4262 3475 4315 τὸν
3510 4263 3573 4315 ὲκ
3599 4260 3736 4314 Θεοῦ

2156 4355 2366 4426 Πατρὸς
2397 4353 2589 4421 Λόγον,
2633 4353 2770 4424 μετὰ
2808 4354 2907 4424 τῆς
2937 4355 3072 4417 ἰδίας
3118 4355 3342 4425 σαρκὸς,
3381 4354 3498 4418 πῶς
3530 4354 3594 4425 δὴ
3630 4353 3738 4424 φὴς

2085 4487 2126 4541 D
2157 4447 2234 4510 είς
2265 4445 2528 4518 ἀρχιερέα
2581 4443 2859 4498 τεθεῖσθαι
2905 4446 3000 4498 καὶ
3050 4444 3381 4511 άπόστολον;
3411 4441 3530 4498 εἶτα
3575 4445 3736 4499 τοῦτο

2156 4538 2348 4605 λέγων,
2383 4538 2480 4607 ούχ
2512 4535 2765 4608 ὑδριεῖ[ς]
2793 4537 2890 4607 τῆς
2920 4537 3067 4600 θείας
3097 4536 3264 4590 αὑτοῦ
3289 4536 3445 4606 δόξης
3475 4537 3536 4591 τὸ
3570 4538 3738 4608 ὑπερ-

2159 4628 2322 4700 φερὲς
2348 4626 2596 4697 ἀξίωμα;
2631 4630 2771 4691 Ὅτι,
2803 4622 2847 4680 ὦ
2897 4627 3160 4698 βέλτιστε,
3193 4629 3359 4699 φαίην
3400 4629 3485 4693 ἂν,
3515 4629 3738 4697 γέγονεν

2158 4721 2442 4789 ἄνθρωπος
2467 4720 2494 4770 ὁ
2525 4719 2820 4788 μονογενὴς
2849 4719 2942 4772 τοῦ
2970 4719 3106 4772 Θεοῦ
3141 4721 3335 4788 Λόγος,
3362 4720 3457 4772 καὶ
3484 4723 3596 4783 τοῖς
3640 4721 3742 4790 τῆς

2161 4811 2577 4881 ἀνθρωπότητος
2629 4811 2882 4882 μέτροις,
2915 4812 3015 4864 οὐκ
3069 4812 3408 4882 ἀνάρμοστον
3446 4811 3510 4864 ἂν
3541 4812 3627 4882 εἴη
3678 4814 3741 4864 τὸ

2161 4905 2350 4973 χρῆμα
2377 4903 2475 4972 τῆς
2523 4901 2841 4974 ἱερωσύνης,
2903 4902 2997 4954 καὶ
3039 4901 3144 4972 μὴν
3175 4903 3270 4955 καὶ
3309 4901 3370 4954 τὸ
3400 4901 3739 4955 ἀπεστάλθαι

2158 4997 2339 5063 λέγειν
2372 4996 2554 5051 αὐτόν.
2595 4994 2985 5066 Κατεφρόνησε
3017 4993 3124 5065 γὰρ
3174 4994 3454 5064 αἰσχύνης,
3477 4994 3552 5056 ὡς
3591 4995 3619 5045 ὁ
3647 4992 3741 5046 θε-
3771 5043 3781 5072 δ

2162 5086 2381 5148 σπέσιος
2408 5086 2608 5156 γράφει
2633 5085 2861 5149 Παῦλος,
2895 5085 2990 5137 καὶ
3020 5084 3088 5136 τὰ
3123 5083 3202 5135 ἑτι
3234 5083 3370 5153 μείω
3391 5101 3448 5135 τε
3489 5085 3578 5135 καὶ
3629 5086 3736 5136 ἀπ·
3772 5079 3777 5087 ’

2160 5178 2434 5248 ηχέστερα
2463 5177 2528 5229 δι’
2555 5179 2700 5247 ἡμᾶς
2729 5177 3049 5247 ὑπομείνας.
3071 5177 3284 5228 Δέδωκε
3317 5175 3426 5246 γὰρ
3451 5176 3541 5228 τὸν
3572 5175 3739 5227 νῶτον

2158 5273 2238 5334 εἰς
2271 5272 2560 5341 μάστιγας,
2587 5272 2647 5323 τὸ
2679 5271 2737 5323 δὲ
2769 5272 3061 5344 πρόσωπον
3088 5269 3252 5323 αὐτοῦ
3286 5271 3385 5322 ούκ
3411 5270 3736 5340 ἀπεστράφη

2159 5364 2269 5416 ἀπὸ
2309 5364 2572 5434 αἰσχύνης
2595 5365 3025 5434 έμπτυσμάτων,
3057 5363 3273 5428 καὶτὰς
3307 5363 3574 5415 Ἰουδαίων
3593 5378 3739 5431 παρ-

2159 5454 2329 5519 οινίας
2357 5455 2653 5526 τληπαθῶς
2684 5455 2960 5525 ἠνέσχετο.
2995 5453 3132 5506 Ἀλλ’
3155 5453 3254 5505 οὐκ
3281 5453 3450 5517 ἀξιοῖς
3481 5452 3628 5524 ίερέα
3657 5452 3742 5504 λέ·

2161 5563 2279 5615 γειν
2315 5547 2390 5610 ὼς
2414 5546 2730 5618 ὑπάρχοντα
2753 5545 2921 5614 Θεόν,
2949 5546 3118 5617 Δέχου
3147 5547 3246 5618 τῆς
3270 5546 3581 5616 οἰκονομίας
3612 5545 3737 5608 τοὺς

546 5732 591 5763 ⁸⁸
629 5732 808 5787 Galat.
861 5748 920 5796 ιι,
958 5733 1039 5786 18.
1119 5732 1162 5762 ⁸⁷
1206 5731 1370 5787 Hebr.
1410 5746 1506 5795 xu,
1541 5729 1590 5784 2.
1669 5730 1714 5760 ⁸⁸
1756 5730 1854 5786 lsa.
1892 5747 1940 5796 1.,
1976 5731 2037 5796 fi;

2144 5730 2259 5785 tlth.
2293 5748 2438 5798 mm,
2477 5734 2563 5788 67.
