4054 6332
335 357 439 412 155

1395 364 1773 422 ADVERSUS
1808 364 2214 422 NESTORIUM
2255 364 2385 421 LIB.
2421 366 2506 423 lll.

3490 370 3593 424 154

328 482 556 550 λόγους·
602 482 909 552 διαλογίζου
966 486 1066 558 τὴν
1093 487 1359 543 κένωσιν·
1414 490 1513 561 τὴν
1564 492 1643 554 εἰς
1675 493 1774 562 τὴν
1816 489 1905 544 ’τοῐ

2019 491 2244 545 sationis
2305 490 2596 555 rationem,
2657 488 2830 558 cogita
2885 487 3331 551 exinanitionem,
3365 488 3591 543 descen-

329 572 516 626 δούλου
546 575 760 646 μορφὴν
789 578 1201 649 καταφοίτησιν.
1233 582 1306 634 Οὐ
1332 580 1396 650 δὴ
1424 583 1695 653 προκόψαι
1727 582 1908 652 φαμὲν

331 667 424 719 καὶ
449 667 531 730 εἰς
556 667 773 745 ἀξίωμα
801 669 1030 740 δραμεῖν
1073 672 1164 723 τὸν
1198 672 1291 726 τοῦ
1342 674 1479 727 Θεοῦ
1520 675 1715 744 Λόγον,
1745 677 1793 728 εἰ
1817 693 1910 729 κε-

329 759 673 829 χρημάτικεν
712 762 868 831 ἡμῶν
911 763 1234 835 ἀρχιερεὺς,
1266 765 1592 821 καθικέσθαι
1621 768 1677 820 δὲ
1708 769 1909 838 μᾶλλον

330 851 425 904 καὶ
451 852 541 904 διὰ
578 852 770 906 τούτου
810 855 947 925 πρὸς
980 856 1214 909 κένωσιν
1233 874 1244 885 ·
1272 858 1404 911 ἐπεὶ
1439 860 1553 923 πῶς
1584 862 1905 928 κεκένωται,

329 942 423 995 καὶ
444 940 921 1013 [τεῖταπεινῶσθαι
936 946 1153 1015 λέγεται
1168 949 1363 1008 ,καίτοι
1377 950 1437 1003 τὸ
1454 950 1727 1020 ἄτρεπτον
1746 953 1907 1022 ἔχων,

329 1037 426 1089 καὶ
453 1038 718 1108 ὑπάρχων
751 1041 809 1092 ἐν
845 1042 1027 1111 μορφῇ
1056 1042 1147 1094 καὶ
1179 1042 1386 1112 ἰσότητι
1413 1045 1555 1097 κατὰ
1585 1048 1693 1099 πᾶν
1730 1045 1909 1100 ὁτιοῦν

328 1126 468 1196 πρὸς
493 1126 585 1180 τὸν
626 1128 822 1181 ἑαυτοῦ
857 1130 896 1181 Γ
898 1132 1200 1201 εννήτορα;
1243 1132 1359 1196 πῶς
1402 1134 1459 1186 δέ
1504 1137 1597 1189 καὶ
1635 1137 1907 1208 προέκοψε

327 1218 474 1271 κατά
502 1218 697 1290 βραχὺ,
736 1222 831 1274 καὶ
871 1222 1052 1286 τοῦτο,
1090 1224 1234 1278 καθὰ
1263 1226 1367 1297 φὴς
1405 1227 1588 1291 αὐτὸς,
1619 1230 1698 1291 εἰς
1719 1230 1781 1283 τὸ
1808 1231 1909 1302 τῆς

325 1311 742 1383 ἀρχιερωσύνης
784 1314 1041 1384 ἁξίωμα;
1090 1315 1250 1370 ποίαν
1302 1319 1384 1381 εἰς
1418 1318 1576 1373 τοῦτο
1620 1321 1908 1393 δεχόμενος

323 1403 426 1474 τὴν
466 1404 745 1472 ὲπὶδοσιν;
780 1407 841 1459 El
878 1407 976 1477 μὲν
1029 1404 1124 1462 οὖν
1166 1408 1267 1477 τὴν
1317 1409 1600 1479 σώματος,
1638 1414 1907 1485 ἐρήσομαι

326 1494 517 1549 πάλιν·
549 1491 701 1567 ’Δρα
725 1498 835 1570 γὰρ
873 1500 905 1569 ἡ
947 1499 1197 1571 σώματος
1220 1501 1448 1574 αὔξησις
1494 1504 1633 1575 πρὸς
1676 1506 1775 1576 τὴν
1808 1509 1908 1577 τῆς

330 1586 633 1657 ἱερωσύνης
654 1590 1189 1661 άνακομίζειδὸξαν;
1227 1593 1437 1647 Οὐκοῦν
1471 1594 1610 1649 ἔστω
1635 1596 1693 1650 τὸ
1716 1598 1906 1669 χρῆμα

327 1679 512 1731 κοινόν
532 1697 547 1710 ·
582 1682 677 1733 καὶ
710 1683 739 1733 6
772 1682 864 1745 σὸς
903 1683 1084 1736 οὑτοσὶ
1109 1684 1248 1737 κατὰ
1277 1685 1476 1749 παντὸς
1504 1687 1600 1740 ἰτω
1632 1688 1788 1755 λόγος
1808 1691 1904 1743 τοῦ

326 1772 734 1842 προκόπτοντος
797 1774 1156 1843 σωματικῶς·
1210 1776 1346 1830 ἀλλὰ
1411 1777 1517 1847 μὴν
1569 1780 1669 1849 οὐχ
1731 1779 1903 1835 ἅπασι

326 1864 443 1925 τοῖς
458 1865 548 1925 ἐἰς
600 1861 828 1933 αὔξησιν
863 1864 963 1935 τὴν
1002 1866 1320 1937 σωματικὴν
1364 1868 1658 1939 ἀναφοιτᾷν
1689 1870 1906 1924 εἰωθόσι

326 1952 391 2005 τὺ
444 1954 690 2024 ἱερᾶσθαι
746 1953 985 2024 πρέπει·
1023 1954 1144 2018 πῶς
1179 1950 1273 2008 οὖν
1334 1957 1468 2025 ἡμῖν
1514 1958 1593 2020 εἰς
1634 1957 1905 2024 ἀπόδειξιν

325 2038 404 2097 ὧν
454 2045 590 2116 ἔφης
630 2047 953 2117 παρατιθεὶς
1002 2048 1105 2101 οὐκ
1142 2047 1433 2119 ἐρυθριᾷς,
1474 2049 1537 2103 τὸ
1588 2051 1676 2103 διὰ
1721 2051 1906 2121 φωνῆς

323 2137 615 2207 εἰρημένον
648 2136 743 2190 τοῦ
788 2136 1077 2191 θεσπεσίου
1110 2139 1295 2192 Λουκᾶ
1320 2156 1332 2168 ·
1388 2158 1408 2191 ι
1447 2141 1653 2211 Ἰησοῦς
1690 2141 1746 2194 δὲ
1774 2159 1906 2211 προ-

320 2228 553 2281 έκοπτεν
577 2228 763 2299 ἡλικίᾳ
789 2229 884 2282 καὶ
916 2230 1077 2302 σοφίᾳ
1098 2232 1191 2284 καὶ
1212 2233 1397 2302 χάριτι
1420 2250 1435 2299 ;
1466 2252 1485 2284 ›
1520 2234 1659 2287 Ἀλλ’
1689 2234 1765 2297 ὡς
1791 2233 1901 2306 [ἴσ.

320 2320 428 2393 είς]
466 2322 659 2390 σοφίαν
690 2321 800 2391 φὴς
830 2322 1086 2390 γενέσθαι
1128 2323 1225 2395 τὴν
1259 2326 1524 2380 ἐπίδοσιν·
1560 2328 1738 2382 καίτοι
1786 2329 1905 2394 πῶς

320 2411 481 2463 τοῦτο
514 2410 616 2464 οὐκ
663 2410 912 2477 ἀμαθές;
963 2412 1417 2485 Πεπιστεύκαμεν
1461 2415 1569 2485 γὰρ
1616 2418 1681 2470 ὲκ
1713 2418 1905 2487 νηδύος

312 2504 495 2574 αὐτῆς
542 2504 639 2557 καὶ
688 2505 901 2574 μήτρας
943 2503 1041 2575 τῆς
1087 2505 1422 2579 παρθενικῆς
1467 2508 1598 2562 Θεὸν
1630 2510 1758 2564 ὄντα
1813 2511 1903 2565 τὸν

335 2596 703 2665 Ἐμμανουὴλ,
742 2596 1029 2666 ἄνθρωπον
1070 2599 1373 2667 προελθεῖν,
1412 2600 1591 2672 πλήρη
1619 2619 1719 2655 που
1769 2604 1904 2657 πάν-

316 2704 429 2751 τως
457 2688 646 2757 σοφίας
677 2692 773 2741 καὶ
805 2689 1029 2760 χάριτος
1065 2690 1165 2759 τῆς
1200 2692 1427 2763 ἐνούσης
1460 2694 1609 2765 αὖτῷ
1637 2697 1900 2762 φυσικῶς.

320 2783 488 2837 Ποίαν
513 2778 607 2836 οὖν
626 2782 930 2847 ἐπιδέξαι-ιο
952 2782 1049 2853 τὴν
1072 2784 1314 2838 ἐπίδοσιν
1339 2785 1367 2836 6
1393 2788 1450 2837 ἐν
1544 2788 1743 2851 πάντες
1767 2791 1903 2842 εἰσὶν

305 2876 371 2927 -οί
409 2876 673 2945 θησαυροὶ
718 2876 819 2944 τῆς
849 2875 1057 2943 σοφίας,
1089 2877 1117 2929 6
1142 2876 1242 2945 τῆς
1283 2876 1490 2929 ἄνωθεν
1519 2880 1740 2949 χάριτος
1776 2898 1903 2935 συν-

309 2968 485 3039 δοτὴρ
517 2966 596 3037 τῷ
635 2967 753 3039 Θεῷ
791 2968 885 3021 καὶ
914 2968 1122 3039 Πατρί;
1154 2967 1281 3031 Πῶς
1309 2965 1401 3022 οὖν
1424 2970 1533 3039 ἄρα
1572 2973 1902 3041 προκόπτειν

319 3061 575 3133 εἰρηταις
607 3060 1078 3131 Συμμετροῦντος,
1103 3060 1179 3125 ὥς
1211 3079 1275 3128 γε
1302 3058 1476 3132 οἶμαι,
1517 3063 1607 3116 τοῦ
1643 3064 1778 3118 Θεοῦ
1802 3068 1901 3120 Λό-

320 3171 442 3223 γου,
476 3156 543 3223 τῇ
571 3151 664 3206 τοῦ
717 3153 847 3206 ἰδίου
882 3152 1137 3222 σώματος
1166 3154 1304 3226 αὔξῃ
1332 3173 1393 3209 τε
1432 3157 1527 3209 καὶ
1563 3158 1768 3229 ἡλικίᾳ,
1792 3161 1900 3213 τῶν

2012 598 2241 652 sumque
2287 584 2353 636 ad
2409 581 2549 635 servi
2604 580 2855 634 formam.
2905 580 3019 633 Non
3080 581 3243 649 igitur
3296 580 3591 649 profecisse

2012 678 2263 740 dicimus,
2323 682 2377 728 et
2435 675 2502 726 ad
2548 672 2866 738 dignitatem
2918 672 3233 740 pervenisse
3284 673 3456 740 ipsum
3499 673 3587 725 Dei

2018 769 2271 831 Verbum,
2302 783 2422 822 cum
2454 760 2697 836 pentifex
2735 776 2918 818 noster
2949 774 3033 818 est
3062 763 3257 829 factus,
3294 765 3385 817 sed
3406 765 3590 832 potius

2012 862 2175 916 etiam
2209 875 2273 914 ex
2302 859 2404 913 hac
2444 868 2599 926 parte
2632 857 2700 910 ad
2730 856 3162 910 exinanitionem
3206 855 3585 908 descendisse:

2012 954 2233 1023 alioqui,
2287 952 2556 1022 quomodo
2591 951 2901 1004 exinanitus
2934 958 2988 1002 et
3023 947 3340 1001 humiliatus
3369 946 3588 1010 dicitur,

2011 1062 2133 1101 cmn
2165 1053 2311 1099 esset
2363 1040 2723 1096 innnutahilis
2751 1048 2805 1092 et
2837 1040 2890 1092 in
2929 1037 3100 1091 forma
3132 1036 3247 1102 Dei,
3284 1045 3337 1089 et
3369 1036 3590 1103 aequali-

2008 1148 2175 1191 tatem
2199 1137 2453 1189 omnibus
2485 1134 2538 1187 in
2576 1133 2737 1185 rebus
2756 1138 2877 1185 cum
2909 1146 3005 1183 suo
3031 1128 3287 1185 Genitore
3312 1125 3590 1182 servaret?

2011 1229 2284 1299 quomodo
2313 1228 2475 1281 etiam
2520 1223 2775 1293 paulatim
2806 1221 3058 1291 profecit,
3081 1222 3263 1289 idque,
3304 1229 3359 1272 ut
3397 1229 3451 1271 tu
3484 1218 3585 1282 ais,

2011 1321 2077 1373 ad
2108 1318 2396 1373 sacerdotii
2428 1316 2744 1385 dignitatem
2777 1316 2800 1367 ’ἰ
2828 1314 2987 1383 quale
3013 1315 3077 1367 ad
3103 1328 3221 1366 eam
3255 1327 3367 1366 rem
3410 1312 3589 1365 incre-

2012 1421 2255 1466 mentum
2289 1413 2495 1477 accepit
2524 1409 2548 1461 ’ἰ
2580 1408 2711 1461 Nam
2755 1410 2798 1462 si
2845 1407 3090 1476 corporis
3150 1408 3322 1471 dicas,
3386 1406 3587 1475 rogabo

2011 1518 2252 1557 rursus:
2301 1501 2438 1555 Num
2477 1501 2724 1570 corporis
2777 1510 3126 1566 augmentum
3182 1501 3247 1551 ad
3297 1497 3586 1552 sacerdotii

2010 1598 2234 1668 gloriam
2271 1596 2516 1665 perducit
2547 1593 2571 1646 ?
2606 1594 2746 1661 Ergo
2786 1593 3094 1645 communis
3129 1592 3201 1643 sit
3233 1605 3295 1644 ea
3332 1589 3584 1658 dignitas,

2009 1702 2062 1744 et
2090 1691 2203 1743 bare
2234 1700 2323 1740 tua
2380 1688 2520 1740 ratio
2573 1701 2668 1754 per
2727 1698 2915 1738 omnes
2945 1692 3033 1734 eat
3096 1680 3188 1749 qui
3235 1679 3590 1748 corporaliter

2010 1793 2299 1850 augentur,
2358 1778 2509 1848 atqui
2571 1793 2676 1830 non
2732 1775 2985 1829 omnibus
3030 1773 3117 1841 qui
3155 1773 3220 1826 ad
3280 1772 3586 1825 auctionem

1940 1864 1983 1917 Β
2009 1871 2346 1942 corporalem
2384 1869 2670 1939 pervenire
2693 1868 2889 1928 solent,
2925 1866 3227 1919 sacerdotio
3269 1862 3416 1933 fungi
3459 1879 3589 1918 con-

2012 1964 2159 2019 venit
2188 1983 2200 2017 :
2232 1963 2505 2032 quomodo
2541 1960 2704 2030 igitur
2739 1958 2803 2012 ad
2840 1958 2927 2012 illa
2973 1974 3093 2027 quze
3150 1957 3331 2010 dixisti
3363 1955 3592 2010 demon-

2009 2056 2258 2122 stranda,
2283 2070 2346 2109 ea
2383 2053 2579 2107 afferre
2604 2068 2707 2105 non
2728 2051 3005 2105 erubescis
3061 2064 3179 2117 quae
3223 2047 3404 2101 verbis
3445 2048 3587 2102 beati

1996 2147 2170 2201 Lucae
2204 2147 2345 2199 dicta
2373 2154 2499 2199 sunt
2530 2159 2543 2197 :
2580 2160 2596 2191 ι
2637 2139 2795 2194 Jesus
2841 2149 3019 2193 autem
3071 2137 3386 2207 proliciebat
3431 2146 3591 2188 artata

1992 2251 2061 2294 et
2116 2222 2381 2309 sapientia
2437 2244 2491 2288 et
2546 2234 2718 2302 gratia
2747 2232 2792 2263 ⁸⁸
2822 2232 2844 2285 ?
2874 2250 2891 2283 ι
2930 2230 2999 2283 At
3025 2231 3168 2283 enim
3221 2229 3273 2281 in
3324 2227 3588 2297 sapientia

2006 2330 2355 2384 factumesse
2399 2328 2797 2380 incrementum
2831 2323 3013 2377 dicis:
3060 2319 3276 2373 tametsi
3322 2318 3591 2386 quomodo

1994 2424 2114 2494 87
2139 2424 2187 2476 id
2220 2438 2322 2476 non
2345 2420 2564 2475 stultum
2591 2418 2698 2471 sit?
2718 2417 2992 2470 credimus
3010 2414 3155 2471 enim
3180 2429 3245 2465 ex
3269 2414 3382 2480 ipso
3403 2421 3591 2463 ventre

2006 2529 2169 2586 atque
2213 2526 2366 2567 utero
2404 2513 2667 2581 virgineo,
2705 2509 2880 2579 ipsum
2907 2504 3247 2566 Emmanuel,
3292 2518 3412 2557 cum
3450 2501 3591 2555 Deus

1992 2616 2169 2668 esset,
2202 2605 2477 2658 h0ntiuettt
2518 2601 2803 2670 prodiisse,
2839 2598 3054 2668 plenum
3092 2595 3276 2665 procul
3309 2593 3471 2647 dubio
3506 2607 3592 2645 sa-

2006 2694 2208 2765 pientia
2241 2705 2293 2746 et
2321 2692 2495 2763 gratia
2530 2706 2651 2760 qua:
2684 2690 2756 2743 illi
2802 2688 3122 2742 naturaliter
3167 2687 3361 2740 inerat.
3414 2684 3594 2750 Quod-

2006 2805 2129 2842 nam
2174 2787 2336 2856 igitur
2366 2787 2409 2838 is
2443 2784 2834 2837 incrementum
2866 2780 3185 2847 susciperet,
3225 2780 3276 2830 in
3317 2791 3423 2845 quo
3469 2783 3593 2829 sunt

2003 2896 2191 2935 omnes
2224 2877 2457 2931 thesauri
2495 2874 2773 2943 sapientia:
2799 2875 2870 2936 °°,
2898 2874 2988 2941 qui
3030 2886 3275 2938 Sttpel‘ttm
3302 2867 3489 2937 gratiae
3516 2867 3591 2919 si-

2006 2972 2112 3026 tnul
2147 2986 2266 3025 cum
2300 2969 2408 3021 Deo
2441 2977 2496 3020 et
2532 2965 2693 3019 Patre
2720 2963 2950 3032 largitor
2978 2968 3060 3015 est
3080 2960 3102 3012 ?
3125 2958 3406 3023 Quomodo
3432 2955 3594 3019 igitur

2002 3063 2267 3133 prolicere
2316 3061 2493 3115 dictus
2527 3058 2648 3113 est?
2698 3055 2767 3110 Ut
2814 3070 2913 3126 ego
2966 3053 3220 3115 arbitror,
3270 3048 3394 3117 quia
3455 3047 3594 3099 Deus

2008 3153 2272 3215 Verbum,
2310 3166 2408 3221 pro
2436 3151 2777 3203 incremento
2802 3155 2857 3197 et
2879 3151 3039 3197 attate
3063 3139 3427 3206 suicorporis,
3459 3135 3596 3188 divi-

320 3217 551 3300 ἐνόντων
574 3244 723 3314 αὐτῷ
744 3217 1229 3317 θεοπρεπεστάτων
1250 3217 1471 3315 άγαθῶν
1617 3217 1895 3319 ἐκφανσιν.

2006 3261 2195 3299 norum
2240 3244 2451 3296 illorum
2492 3242 2755 3294 bonorum
2803 3251 2920 3304 qua!
2954 3234 3054 3289 sibi
3084 3235 3318 3293 inerant,
3362 3227 3594 3281 manife-

334 3337 635 3405 Ἐννοῶμεν
684 3335 789 3405 γὰρ
813 3336 915 3396 ὃτι,
962 3338 1140 3390 καίτοι
1192 3340 1312 3392 καθ’
1356 3343 1501 3410 ἡμᾶς
1540 3343 1779 3410 γεγονὼς
1806 3344 1900 3397 ἄν..

320 3431 562 3501 θρωπος,
605 3428 889 3482 λανθάνειν
934 3429 1265 3494 ἐσπούδαζεν
1309 3433 1368 3485 ἐν
1399 3434 1598 3503 ἀρχαῖς
1621 3475 1634 3495 .
1668 3436 1762 3488 καὶ
1790 3432 1901 3489 οἷον

324 3521 570 3591 ἀψοφητὶ
612 3521 708 3574 καὶ
736 3521 1115 3591 σεσιγημένως
1144 3522 1241 3593 τὴν
1278 3523 1371 3577 τοῦ
1404 3526 1704 3595 μυστηρίου
1740 3527 1901 3579 δύνα-

310 3631 419 3684 ¹μιν
460 3613 602 3668 κατὰ
644 3614 816 3684 βραχὺ
861 3612 1264 3683 διοικούμενος·
1297 3616 1392 3669 καὶ
1436 3616 1572 3686 πρός
1628 3634 1690 3686 γε
1746 3619 1903 3673 τοῦτο

319 3708 471 3776 ἡμᾶς
516 3705 678 3769 αὐτὸς
724 3707 753 3758 6
781 3706 915 3770 Θεὸς
949 3708 1043 3760 καὶ
1074 3708 1264 3778 Πατὴρ
1321 3708 1655 3763 πιστώσεται
1689 3710 1860 3777 λέγων
1885 3729 1899 3743 ·

312 3818 345 3849 ν(
396 3798 595 3851 Ἰακὼϐ
625 3800 655 3850 ὁ
696 3801 823 3863 παῖς
866 3816 990 3868 μου,
1031 3799 1396 3869 ἀντιλήψομαι
1442 3801 1643 3855 αὑτοῦ·
1690 3803 1905 3874 Ἰσραὴλ

315 3898 348 3950 6
393 3895 649 3957 ἐκλεκτός
698 3911 821 3963 μου,
880 3894 1241 3966 προσεδέξατο
1288 3895 1451 3949 αὐτὸν
1502 3898 1534 3967 ή
1580 3896 1725 3968 ψυχή
1764 3916 1901 3967 μου·

318 3989 501 4041 ἔδωκα
532 3988 595 4041 τὸ
613 3987 834 4056 πνεῦμά
875 4004 972 4055 μου
995 3988 1081 4039 ἐπ’
1114 3987 1278 4041 αὐτόν
1300 4004 1311 4015 ·
1346 3988 1526 4057 κρίσιν
1556 3992 1669 4053 τοῖς
1700 3990 1905 4044 ἔθνεσιν

318 4078 550 4142 ἐξοίσει·
575 4077 635 4129 οὐ
680 4076 1032 4146 κεκράξεται,
1065 4077 1185 4130 οὐδὲ
1220 4078 1443 4140 ἀνοίσει,
1475 4078 1596 4131 οὐδὲ
1632 4081 1907 4151 ἀκουσθή-

319 4171 537 4237 σεταιὴ
582 4167 734 4238 φωνὴ
782 4167 947 4223 αὑτοῦ
987 4165 1123 4233 ἔξω·
1156 4169 1401 4237 κάλαμον
1446 4170 1907 4242 συντεθλασμένον

317 4260 384 4311 οὐ
411 4258 721 4329 συντρίψει·
752 4259 846 4312 καὶ
880 4258 1024 4311 λίνον
1048 4258 1352 4328 τυφόμενον
1397 4259 1457 4310 οὐ
1484 4260 1687 4315 σϐέσει.
1724 4280 1742 4313 ι
1781 4263 1908 4316 Ἐπ-

319 4350 490 4419 ετίμα
515 4352 573 4403 δέ
608 4368 710 4404 που
749 4350 843 4404 καὶ
886 4351 1072 4414 αὐτοῖς
1114 4354 1225 4414 τοῖς
1255 4350 1433 4418 ἁγίοις
1454 4354 1791 4419 ἀποστόλοις,
1822 4357 1908 4410 ἵνα

325 4446 404 4515 μὴ
438 4445 673 4514 φανερὸν
703 4442 865 4496 αὐτὸν
900 4442 1148 4497 ποιῶσιν.
1184 4442 1392 4495 Οὐκοῦν
1420 4444 1635 4515 ἐδείχθη
1676 4446 1741 4500 ἂν
1768 4447 1908 4502 ἆπα-

2001 3337 2289 3392 stationem
2350 3333 2803 3387 admetiebautur.
2853 3327 3275 3381 Consideremus
3327 3322 3470 3374 enim
3530 3319 3597 3371 il-

2004 3429 2139 3490 lum,
2179 3425 2428 3495 quamvis
2463 3425 2622 3476 homo
2644 3421 2755 3490 jam
2788 3418 2956 3472 nostri
2990 3415 3186 3469 similis
3228 3412 3402 3466 factus
3431 3420 3594 3464 esset.

2004 3518 2161 3573 initio
2217 3518 2385 3571 latere
2443 3514 2753 3575 studuisse,
2818 3511 2983 3564 veluti
3057 3509 3174 3561 sine
3239 3506 3469 3574 strepitu
3531 3517 3597 3555 ac

2007 3611 2172 3665 tacite
2245 3607 2503 3677 paulatim
2567 3602 2812 3674 mysterii
2882 3602 2988 3654 vim
3059 3600 3434 3667 disponentem
3482 3612 3496 3648 :
3544 3611 3598 3650 et

2004 3701 2073 3755 ad
2124 3700 2282 3766 hujus
2338 3698 2412 3751 rei
2463 3696 2624 3749 iidem
2681 3695 2818 3747 Deus
2870 3707 2933 3745 ac
2982 3690 3142 3742 Pater
3177 3687 3333 3741 nobis
3367 3686 3470 3739 erit
3517 3684 3599 3737 lu-

2007 3794 2191 3862 cuples
2222 3801 2414 3846 auctor
2459 3804 2579 3844 cum
2614 3788 2746 3842 dicit
2779 3805 2793 3839 :
2833 3803 2851 3836 ι
2884 3783 3050 3838 Jacob
3107 3796 3241 3852 puer
3272 3790 3443 3841 meus,
3476 3793 3596 3831 sus-

1996 3887 2204 3955 cipiam
2249 3898 2371 3937 eum
2420 3880 2653 3948 :;lsrael
2696 3878 2903 3932 electus
2950 3892 3133 3939 meus,
3179 3874 3437 3941 suscipiet
3471 3886 3594 3924 eum

2008 3977 2186 4031 anima
2224 3989 2338 4028 mea
2366 3991 2378 4025 :
2403 3972 2526 4026 dedi
2559 3969 2808 4039 Spiritum
2832 3983 3023 4020 meum.
3044 3980 3212 4033 super
3265 3978 3389 4016 eum
3420 3960 3595 4029 :judi-

2008 4070 2150 4124 cium
2194 4067 2448 4136 gentibus
2494 4063 2731 4134 proferet
2775 4078 2788 4114 :
2828 4076 2933 4113 nou
2970 4057 3246 4120 clamabit,
3291 4069 3467 4123 neque
3498 4068 3596 4107 vo-

1998 4160 2343 4224 ciferabitur,
2374 4171 2546 4225 neque
2569 4156 2826 4208 audietur
2848 4167 2951 4204 vox
2979 4150 3093 4217 ejus
3120 4148 3251 4203 foris
3284 4166 3296 4201 :
3327 4146 3595 4199 calamum

2010 4261 2330 4322 quassatum
2382 4264 2487 4302 non
2539 4255 2810 4309 conteret,
2853 4252 2909 4297 et
2958 4243 3123 4295 linum
3176 4239 3444 4307 fumigans
3490 4252 3596 4290 non

2009 4343 2318 4411 exstinguet
2343 4340 2411 4393 ’³.
2451 4358 2468 4391 ι
2504 4338 2819 4406 Increpabat
2847 4335 3010 4387 etiam
3045 4332 3192 4401 ipsos
3220 4341 3438 4384 sanctos
3471 4343 3598 4395 apo-

2002 4434 2198 4499 stolos,
2237 4450 2302 4488 ne
2327 4448 2448 4486 eum
2492 4430 2837 4484 manifestum
2880 4426 3140 4480 facerent.
3174 4423 3313 4491 Ergo
3344 4437 3475 4474 nova
3513 4436 3598 4474 res

318 4554 411 4589 σιν
438 4536 603 4606 άηθές
628 4553 685 4588 τε
712 4535 901 4605 χρῆμα
935 4535 1030 4588 καί¹
1060 4533 1229 4599 ξένον,
1258 4538 1352 4588 καὶ
1380 4540 1700 4608 περιεργίας
1736 4539 1904 4607 ἄξιον,

2011 4537 2067 4580 et
2101 4526 2313 4579 insolita
2344 4531 2558 4577 ostensa
2592 4529 2756 4582 esset,
2788 4530 2842 4573 et
2875 4535 2995 4587 quae
3026 4516 3294 4571 curiosius
3330 4522 3471 4567 esset
3501 4529 3597 4564 ex-

317 4631 373 4682 εί
404 4628 602 4698 βρέφος
630 4628 706 4680 ὢν
740 4626 843 4689 ἔτι,
880 4626 1161 4696 θεοπρεπῆ
1188 4627 1288 4697 τῆς
1328 4629 1519 4698 σοφίας
1553 4632 1789 4684 ἐποιεῖτο
1808 4633 1907 4704 τὴν

317 4721 548 4785 ἔνδειξιν
567 4740 579 4751 ·
612 4720 757 4775 κατά
785 4721 956 4792 βραχὺ
984 4722 1041 4774 δὲ
1074 4724 1169 4773 καὶ
1194 4722 1471 4790 ἀναλόγως
1497 4726 1561 4793 τῇ
1595 4724 1689 4777 τοῦ
1721 4723 1908 4794 σώμα-

316 4830 412 4874 τος
458 4812 647 4884 ἡλικίᾳ
696 4812 1049 4882 κατευρύνων
1104 4812 1294 4882 αὐτὴν,
1355 4814 1570 4883 ἐμφανῆ
1624 4830 1685 4865 τε
1735 4812 1905 4867 ἅπασι

318 4901 620 4966 καθιστῶν,
645 4901 977 4972 προκόπτειν
1011 4901 1077 4954 ἂν
1096 4901 1325 4968 λέγοιτο.
1354 4903 1448 4955 καὶ
1480 4904 1626 4972 μάλα
1658 4904 1902 4967 εἰκότως.

317 4993 447 5056 Πῶς
474 4989 570 5046 οὖν
596 4994 703 5064 ἄρα
738 4992 881 5046 κατά
913 4995 1106 5064 μικρὸν
1138 4993 1441 5063 προέκοψεν
1470 4997 1550 5058 εἰς
1580 4998 1901 5066 ἱερωσύνην,

2013 4618 2295 4688 quirenda,
2318 4617 2362 4670 si
2393 4615 2568 4668 adhuc
2592 4614 2768 4667 infans
2792 4614 3029 4667 divinam
3056 4610 3335 4679 sapientia:
3362 4607 3597 4676 speciem

2012 4712 2339 4766 ostendisset
2366 4709 2433 4763 θ’.
2466 4706 2571 4762 Sed
2598 4721 2720 4760 cum
2747 4704 3003 4772 paulatim
3032 4704 3176 4757 illam
3203 4712 3257 4756 ct
3286 4715 3381 4769 pro
3404 4713 3598 4767 corpo-

2017 4818 2121 4856 rea:
2149 4803 2322 4855 tetatis
2348 4801 2557 4855 ratione
2591 4798 2969 4867 amplificaret,
3000 4794 3356 4861 omnibusque
3385 4791 3598 4859 perspi-

2013 4910 2169 4949 cuam
2224 4894 2462 4955 faceret,
2514 4893 2900 4945 convenienter
2952 4886 3243 4941 admodum
3301 4882 3600 4953 profecisse

2013 4989 2117 5042 dici
2167 4996 2365 5055 potest.
2405 4984 2685 5051 Quomodo
2740 4984 2905 5053 igitur
2953 4980 3213 5051 paulatim
3266 4978 3495 5046 profecit
3543 4978 3597 5031 iu

316 5088 461 5138 κατὰ
496 5085 717 5156 ἀρετὴν,
753 5088 876 5138 εἰπέ
923 5103 1033 5155 μοι,
1072 5085 1449 5156 τελειούμενος
1472 5103 1490 5151 ⁴;
1535 5083 1655 5140 εἶτα
1702 5088 1820 5152 πῶς
1844 5088 1905 5142 ἂν

2009 5079 2404 5143 sacerdotium,
2452 5078 2505 5130 in
2541 5077 2830 5139 virtutene,
2882 5088 3011 5143 rogo
3046 5081 3117 5135 te,
3152 5068 3602 5125 consummatus?

315 5176 353 5245 ἦ
388 5176 551 5229 πόθεν
571 5177 864 5229 ἐνδοιάσειέ
888 5195 994 5241 τις,
1019 5179 1100 5232 ὅτι
1126 5178 1185 5230 τὸ
1212 5178 1548 5249 ἡμαρτηκὸς,
1577 5180 1670 5231 τοῦ
1692 5179 1912 5243 τελείως

2010 5171 2152 5240 quod
2189 5172 2230 5225 si
2264 5180 2370 5235 est,
2405 5185 2508 5238 qua
2542 5170 2756 5221 ratione
2789 5166 3076 5235 quisquam
3106 5162 3365 5231 ambiget,
3403 5161 3544 5229 quod
3568 5174 3599 5212 a

318 5266 538 5335 ἔχοντος
572 5270 711 5321 κατὰ
742 5270 963 5341 ἀρετὴν,
998 5270 1102 5322 ὑπὸ
1151 5270 1339 5341 μῶμον
1367 5269 1541 5333 ἔσται,
1574 5274 1668 5324 καὶ
1696 5272 1796 5324 οὐκ
1830 5274 1905 5334 εἰς

2013 5260 2340 5330 perfectione
2392 5261 2608 5314 virtutis
2662 5262 2850 5324 abest,
2905 5258 2955 5310 id
3018 5269 3140 5309 esse
3187 5252 3596 5322 reprehensioni

320 5359 469 5412 ἅπαν
512 5358 963 5429 τεθαυμασμένον
988 5402 1000 5426 ,
1036 5362 1233 5431 μᾶλλον
1260 5362 1315 5414 δὲ
1354 5363 1494 5431 τάχα
1531 5382 1631 5417 που
1674 5365 1768 5416 καὶ
1807 5366 1911 5418 ὑπὸ

319 5452 541 5520 γραφὴν
596 5453 907 5522 ἁμαρτίαςς
956 5454 1114 5506 Ἀλλά
1175 5454 1283 5523 μὴν
1330 5453 1549 5525 ἀληθὲς,
1594 5455 1671 5519 ὡς
1704 5457 1767 5509 οὐ
1807 5474 1905 5509 πε-

319 5542 551 5613 ποίηκεν
591 5544 888 5613 ἁμαρτίαν,
916 5544 1035 5597 οὐδὲ
1075 5544 1269 5609 εὑρέθη
1295 5544 1442 5609 δόλος
1480 5547 1539 5600 ἐν
1575 5548 1644 5618 τῷ
1678 5547 1904 5617 στόματι

2013 5354 2327 5417 obnoxium,
2377 5367 2550 5421 neque
2587 5367 2684 5419 per
2710 5352 2891 5403 omnia
2932 5347 3285 5412 laudandum,
3331 5345 3440 5399 imo
3473 5360 3600 5400 vero

2013 5446 2177 5501 etiam
2208 5445 2441 5499 fortasse
2470 5445 2536 5498 de
2564 5444 2774 5513 peccati
2805 5443 3031 5496 crimine
3054 5441 3402 5509 culpandum.
3433 5438 3597 5507 Atqui

2010 5554 2200 5594 verum
2234 5549 2317 5593 est
2350 5554 2454 5592 non
2502 5537 2696 5592 fecisse
2741 5546 3042 5604 peccatum,
3096 5551 3270 5602 neque
3320 5534 3596 5585 inventum

394 5740 438 5769 θ’
482 5737 611 5795 Luc.
656 5755 717 5808 tt,
754 5740 841 5795 52.
918 5742 963 5773 ’°
1004 5741 1211 5796 Coloss.
1248 5758 1306 5806 ll,
1343 5742 1391 5796 '5.
1476 5743 1522 5774 ⁹¹
1563 5743 1669 5799 lsa.
1710 5759 1842 5808 xm,
1876 5742 2006 5807 1-5;
2046 5739 2239 5796 Matth.
2271 5756 2372 5805 xu,
2414 5739 2599 5796 l8-20.
2678 5740 2724 5771 "
2766 5738 2952 5793 Matth.
2991 5753 3100 5797 xvi,
3139 5736 3245 5801 2');
3281 5736 3447 5791 Marc.
3480 5751 3596 5802 \‘lll,

324 5810 390 5863 50
