4054 6332
491 310 591 367 155

1505 318 1562 373 S.
1605 318 1882 373 CYRILIJ
1924 320 2395 377 ALEXANDRINI
2432 323 2750 379 ARCHIEP.

3646 316 3747 373 150

488 432 655 487 fuisse
685 431 863 487 dolum
892 433 945 488 in
972 448 1066 489 ore
1091 435 1226 502 eius,
1260 444 1318 491 ut
1359 436 1619 507 scriptum
1648 448 1734 494 est
1769 440 1835 492 ’³.
1872 439 2063 494 Perfe-

2182 442 2355 506 ιῦτοῦ,
2399 444 2541 497 καθὰ
2589 444 2914 514 γέγραπται.
2967 443 3289 506 Παντέλειος
3328 436 3422 495 οῦν
3466 441 3496 493 ὁ
3542 434 3746 490 τοιόσδε

486 523 762 577 ctissimus
803 539 932 593 ergo
978 537 1096 580 erat
1139 530 1284 581 omni
1339 544 1403 582 ex
1441 538 1595 597 parte
1640 530 1908 599 ejusmodi
1958 530 2061 595 vir,

488 633 661 684 neque
690 618 795 672 ullo
824 621 986 674 modo
1016 622 1307 691 quidquam
1341 623 1413 676 illi
1446 625 1634 678 deerat
1670 627 1737 679 ad
1764 626 2065 681 absolutam

489 708 890 778 perfectamque
929 712 1201 768 virtutem.
1253 714 1482 781 Quando
1525 726 1704 773 autem
1748 718 1846 773 fuit
1890 720 2068 774 minus

490 801 543 853 in
587 801 784 855 virtute
814 802 1108 871 perfectus,
1136 807 1229 876 qui
1259 808 1422 861 etiam
1459 810 1510 862 in
1544 818 1698 865 utero
1738 813 1880 866 Deus
1908 811 2068 867 erat?

489 892 553 945 de
580 908 685 959 quo
715 894 876 947 etiam
922 898 1181 965 propheta
1229 898 1362 954 dicit
1400 900 1565 956 Isaias
1602 920 1615 956 :
1652 922 1671 955 ι
1704 902 1963 975 Butyrum
2012 911 2067 959 et

489 984 591 1035 mel
623 986 903 1041 comedet:
940 998 1228 1058 antequam
1259 992 1396 1045 sciat
1423 992 1505 1045 vel
1527 994 1689 1064 eligat
1717 995 1877 1058 mala,
1908 995 2069 1066 eliget

488 1075 684 1129 bonum
710 1077 797 1132 ’δι
838 1096 857 1129 ι
897 1081 1017 1147 quia
1054 1092 1343 1150 antequam
1406 1086 1540 1139 sciat
1575 1101 1708 1155 puer
1740 1088 1937 1142 b0nnm
1976 1097 2069 1143 aut

489 1170 710 1235 malum,
750 1175 1071 1239 repugnabit
1138 1178 1491 1246 improbitati,
1531 1190 1592 1235 ut
1637 1182 1801 1250 eligat
1839 1183 2063 1236 bonum.

488 1260 764 1315 Undenam
788 1262 950 1327 igitur
976 1265 1067 1318 tibi
1100 1270 1337 1336 suppetit
1365 1272 1578 1326 virtutis
1609 1273 2068 1343 imperfectionem

487 1351 539 1402 in
568 1351 783 1404 Christo
809 1353 924 1423 88
951 1355 1362 1412 demonstrare?
1387 1374 1560 1428 quave
1586 1362 1671 1417 ille
1696 1368 2070 1435 progressione

489 1443 711 1510 indiget,
748 1446 837 1511 qui
867 1449 1000 1499 adeo
1030 1460 1114 1500 est
1145 1449 1450 1517 absolutus,
1482 1462 1541 1506 ut
1572 1455 1839 1510 universa:
1870 1457 2072 1526 impro-

487 1532 641 1585 bitati
696 1544 976 1601 repugnet,
1034 1536 1393 1607 praeferatque
1436 1542 1538 1607 illi,
1590 1544 1696 1597 imo
1741 1562 1870 1601 vero
1901 1548 2068 1603 solam

487 1623 652 1692 eligat
681 1625 973 1678 virtutem?
1007 1625 1110 1680 Sed
1153 1632 1339 1684 nescio
1368 1647 1470 1700 qua
1517 1634 1723 1688 ratione
1752 1637 1842 1705 qui
1878 1641 2071 1692 asserit

489 1730 553 1767 ac
585 1716 759 1770 dicit:
798 1718 895 1770 llic
925 1720 1014 1785 qui
1065 1721 1321 1789 paulatim
1367 1724 1593 1790 profecit
1635 1728 1701 1780 ad
1736 1729 1929 1781 summi
1975 1744 2065 1782 sa-

489 1807 713 1859 cerdotii
756 1808 1093 1877 dignitatem,
1135 1822 1188 1867 et
1237 1815 1301 1865 ad
1351 1830 1447 1868 sua
1498 1818 1658 1870 verba
1706 1820 2073 1873 confirmanda

489 1900 714 1968 protulit
756 1901 883 1953 illud
926 1920 939 1956 :
980 1921 999 1953 ι
1028 1903 1186 1958 Jesns
1220 1915 1398 1960 autem
1448 1908 1766 1975 proficiebat
1812 1920 1971 1964 :etate
2022 1923 2076 1965 et

488 1991 755 2058 sapientia
804 2002 858 2044 et
906 1995 1114 2060 gratia;
1151 2014 1170 2045 ι
1227 1999 1612 2064 propemodum
1664 2016 1758 2054 sua
1806 2002 1969 2071 verba
2019 2013 2076 2055 ut

492 2098 680 2150 parum
731 2085 984 2137 decenter
1019 2086 1159 2139 dicta
1208 2090 1599 2155 condemnatis,
1646 2101 1700 2145 et
1728 2108 1912 2146 eorum
1940 2094 2076 2148 obli-

493 2184 580 2228 tus
603 2191 720 2242 quae
748 2176 882 2230 bene
914 2178 1112 2231 habere
1140 2191 1443 2248 putaverat,
1478 2184 1830 2249 perfectionis
1860 2187 2075 2240 modum

492 2264 594 2317 alia
624 2268 832 2319 ratione
864 2268 1167 2322 absolutum
1215 2270 1385 2325 fuisse
1423 2272 1674 2340 afﬁrmat,
1706 2276 1894 2331 dicens
1923 2292 1938 2329 :
1980 2276 2077 2331 llic

493 2358 581 2411 ille
619 2360 874 2427 temporis
907 2376 1128 2415 accessu
1167 2361 1343 2416 factus
1388 2345 1652 2431 pontifex.
1692 2366 1781 2419 ille
1816 2381 1918 2435 per
1946 2382 2075 2437 pas-

494 2450 674 2504 siones
701 2464 1132 2508 consummatus.
1175 2453 1367 2509 Nonne
1400 2457 1499 2511 hoc
1539 2459 1808 2528 perspicui
1841 2460 2079 2527 stuporis

493 2552 605 2606 est;
640 2542 746 2593 imo
781 2558 909 2596 vero
935 2560 1159 2598 summa:
1189 2548 1440 2600 versutia:
1462 2547 1754 2602 indicium?
1791 2548 1920 2603 Nam
1946 2566 2077 2604 con—

495 2640 899 2689 summatns'est
920 2637 1138 2704 quidem
1166 2655 1259 2705 per
1290 2616 1571 2707 passiones
1604 2640 1859 2694 Dominus
1893 2652 2079 2698 noster

493 2724 653 2801 .iesus
681 2727 931 2780 Christus
957 2748 969 2783 :
993 2732 1093 2782 iste
1127 2745 1272 2794 vero,
1310 2732 1664 2786 lit-etntodnm
1694 2750 1796 2801 quo
1832 2744 1914 2788 est
1946 2751 2076 2788 con-

495 2827 796 2870 snmtnatus
862 2835 965 2873 non
1021 2821 1252 2890 ignoret,
1306 2823 1693 2891 simpliciorum
1749 2827 1959 2881 animos
2012 2828 2077 2882 ad

497 2919 733 2962 remotos
778 2912 1037 2975 quosdam
1083 2914 1472 2983 cogitationum
1510 2915 1784 2971 anfractus
1834 2920 2074 2976 abducit.

493 3010 549 3053 et
578 3000 871 3068 profecisse
924 3004 1052 3057 dicit
1085 3005 1134 3057 in
1164 3008 1522 3072 sacerdmem,
1552 3022 1606 3061 et
1636 3010 1687 3061 in
1728 3011 1828 3065 hoc
1871 3014 1921 3063 in
1953 3028 2076 3065 eum

2168 534 2303 604 πρὸς
2339 537 2447 588 πᾶν
2476 535 2672 597 ὁτιοῦν,
2707 537 2800 587 καὶ
2837 536 2957 587 κατ’
3011 534 3202 587 οὐδένα
3223 533 3425 604 τρόπον
3449 529 3515 584 ἂν
3544 529 3657 598 ἔχοι
3687 526 3746 578 τὸ

2168 627 2347 689 ἐνδεὲς
2386 626 2481 679 τοῦ
2517 628 2717 696 ἀρτίως
2757 627 2970 696 ἔχοντος
3017 626 3097 689 είς
3142 624 3480 696 κατόρθωσιν
3522 619 3741 689 ἀρετῆς.

2170 716 2305 769 Πότε
2335 716 2388 768 δὲ
2415 711 2482 785 ἦν
2515 716 2575 767 οὐ
2616 714 2817 778 τέλειος
2858 718 2937 777 είς
2963 714 3023 766 τὸ
3060 712 3262 781 ἀγαθὸν
3288 713 3316 764 6
3342 712 3436 765 καὶ
3467 712 3525 763 ὲν
3563 711 3743 779 μήτρᾳ

2168 807 2321 871 Θεὸς,
2349 807 2477 877 περὶ
2501 799 2562 861 οῦ
2587 806 2681 860 καὶ
2702 809 2729 859 6
2755 808 3039 877 προφήτης
3069 805 3234 874 φησὶν
3270 804 3498 865 Ἡσαΐας
3522 819 3533 831 ·
3567 822 3585 853 ι
3615 799 3743 853 Βού-

2140 916 2332 966 ¹τυρον
2366 901 2459 952 καὶ
2492 899 2611 969 μέλι
2643 899 2894 967 φάγεται·
2929 896 3093 968 πρινὴ
3115 895 3315 965 γνῶναι
3347 894 3509 948 αὐτὸν
3542 893 3575 963 ἢ
3613 908 3745 962 προ-

2170 991 2385 1045 ελέσθαι
2436 991 2668 1060 πονηρὰ,
2708 988 2984 1053 ὲκλέξεται
3025 988 3086 1041 τὸ
3113 987 3347 1056 ἀγαθόν;
3381 1005 3399 1037 ι
3421 985 3554 1039 διότι
3581 982 3744 1054 πρινὴ

2169 1083 2373 1151 γνῶναι
2402 1084 2464 1136 τὸ
2502 1082 2710 1136 παιδίον
2756 1080 2977 1148 ἀγαθὸν,
3014 1081 3045 1149 ἦ
3078 1079 3268 1142 κακὸν,
3321 1076 3539 1131 ἀπειθεί
3578 1092 3744 1145 πονη-

2172 1176 2295 1247 ρίᾳ,
2322 1175 2414 1228 τοῦ
2448 1173 2771 1239 ἐκλέξασθαι
2799 1173 2858 1225 τὸ
2888 1172 3111 1240 ἀγαθόν.
3153 1170 3262 1224 Ποῦ
3292 1171 3472 1222 τοίνυν
3510 1168 3574 1223 ἂν
3616 1168 3744 1240 ἔχῃς

2170 1266 2433 1331 ἐπιδεῖξαι
2476 1265 2711 1335 Χριστοῦ
2753 1264 2813 1317 τὸ
2854 1264 3041 1327 ἀτελὲς
3084 1264 3164 1315 ἐτι
3226 1262 3360 1333 πρὸς
3404 1261 3464 1313 τὸ
3502 1260 3741 1326 ἀγαθόν;

2170 1359 2203 1429 ἢ
2238 1360 2395 1420 ποίας
2435 1358 2499 1412 ἂν
2524 1357 2697 1410 δέοιτο
2739 1355 3038 1427 προκοπῆς,
3070 1358 3098 1409 6
3139 1355 3310 1416 οὕτως
3342 1352 3541 1423 ἀρτίως
3585 1349 3744 1419 ἔχων,

2169 1450 2245 1512 ὡς
2276 1449 2460 1520 ἁπάσῃ
2492 1450 2591 1519 μὲν
2630 1448 2877 1503 ἀπειθεῖν
2916 1446 3172 1516 πονηρίᾳ,
3212 1445 3533 1515 προτάττειν
3565 1443 3622 1495 δὲ
3655 1442 3748 1495 αὺ-

2171 1540 2290 1610 τῆς,
2322 1541 2416 1592 καὶ
2463 1539 2570 1609 μὴν
2603 1540 2696 1591 καὶ
2726 1539 2884 1608 μόνον
2931 1537 3204 1607 αἱρεῖσθαι
3238 1535 3298 1587 τὸ
3329 1534 3564 1602 ἀγαθόν;
3610 1530 3748 1585 Ἀλλ’

2171 1633 2271 1685 οὐκ
2303 1628 2399 1684 οἷδ’
2427 1631 2574 1693 ὅπως
2598 1632 2625 1682 6
2655 1628 3128 1697 διαϐεϐαιούμενός
3149 1645 3206 1679 τε
3235 1626 3329 1679 καὶ
3355 1626 3551 1693 λέγων,
3580 1617 3749 1684 Οῦτος

2176 1725 2203 1776 ὁ
2226 1721 2364 1775 κατά
2396 1720 2591 1793 μικρὸν
2638 1720 2918 1791 προκόψας
2946 1722 3025 1783 είς
3054 1718 3353 1791 ἀρχιερέως
3393 1716 3626 1786 ἀξίωμα,
3657 1713 3751 1767 καὶ

2178 1814 2531 1883 παρενεγκὼν
2581 1815 2661 1875 είς
2706 1812 2980 1879 ἀπόδειξιν
3031 1812 3140 1863 τῶν
3193 1809 3385 1863 ἑαυτοῦ
3425 1807 3620 1875 λόγων,
3665 1804 3745 1862 τὸ.

2185 1928 2204 1959 ‹
2234 1908 2440 1978 Ἰησοῦς
2468 1908 2524 1960 δὲ
2555 1908 2889 1977 προέκοπτεν
2916 1904 3100 1975 ἡλικίᾳ
3121 1904 3214 1956 καὶ
3231 1902 3394 1972 σοφίᾳ
3411 1899 3747 1968 καὶχάριτι,ι

2182 2002 2462 2072 μονονουχὶ
2511 2000 2620 2053 τῶν
2664 1999 2860 2054 ἑαυτοῦ
2905 1998 3079 2066 λόγων
3136 1994 3439 2065 καθορίζων
3481 1992 3542 2044 τὸ
3591 1992 3754 2060 ἀτερ-

2180 2095 2276 2157 πὲς
2295 2094 2400 2165 [ἵσ.
2425 2091 2711 2165 ἀπρεπὲς],
2733 2093 2826 2144 καὶ
2848 2085 2920 2143 ὧν
2938 2086 2996 2143 εὖ
3016 2089 3159 2159 ἔχειν
3176 2087 3473 2155 ὑπείληφεν
3489 2085 3568 2146 είς
3583 2081 3755 2151 λήθην

2178 2184 2514 2254 ὑπενεχθεὶς,
2542 2183 2633 2235 τὸν
2658 2183 2759 2251 τῆς
2800 2180 3129 2241 τελειώσεως
3164 2177 3361 2247 τρόπον
3402 2174 3599 2244 ἑτέρως
3623 2172 3755 2241 ἡμῖν

2179 2276 2494 2347 πεπρᾶχθαι
2538 2274 2926 2346 διισχυρίζεται
2968 2272 3142 2339 λέγων
3162 2286 3175 2298 ’
3214 2262 3380 2330 Οὗτος
3404 2266 3434 2318 6
3457 2264 3632 2335 χρόνῳ
3658 2278 3758 2330 γε·

2178 2367 2480 2436 γενημένος
2526 2365 2831 2437 ἀρχιερεὺς,
2862 2362 2999 2416 όδιά
3038 2358 3379 2429 παθημάτων
3424 2352 3753 2414 τελειωθείς.

2176 2455 2301 2528 Ἆρ’
2325 2459 2425 2511 οῦκ
2448 2458 2681 2526 ἐναργὴς
2698 2454 3010 2525 ἀποπληξίαι
3036 2452 3191 2507 τοῦτό
3218 2469 3277 2521 γε
3302 2470 3315 2515 ;
3349 2450 3547 2521 μᾶλλον
3573 2448 3630 2500 δὲ
3650 2446 3752 2515 οὐχ

2180 2552 2397 2621 ἀπάσης
2429 2548 2775 2620 ῥᾳδιουργίας
2803 2547 3053 2616 ἑλεγχος;
3109 2543 3461 2598 Τετελείωται
3507 2541 3606 2610 μὲν
3647 2538 3757 2608 γὰρ

2177 2644 2265 2701 διὰ
2294 2643 2629 2713 παθημάτων
2668 2643 2696 2695 6
2743 2640 2944 2710 Κύριος
2991 2637 3148 2708 ἡμῶν
3187 2634 3394 2706 Ἰησοῦς
3428 2631 3691 2703 Χριστός’
3727 2630 3759 2681 6

2177 2737 2256 2797 δὲ,
2290 2737 2465 2789 καίτοι
2492 2734 2587 2788 τοῦ
2625 2731 2945 2786 τελειῶσθαι
2971 2726 3406 2802 [τετελειῶσθαι]
3436 2726 3529 2778 τὸν
3555 2723 3760 2795 τρόπον

2178 2829 2280 2882 οὐκ
2306 2825 2612 2897 ἡγνοηκὼς,
2635 2826 2725 2879 τὸν
2752 2824 2860 2878 τῶν
2883 2822 3265 2892 ἁπλουστέρων
3286 2816 3609 2889 ἀποκομίζει
3635 2812 3762 2868 νοῦν

2178 2924 2258 2985 είς
2285 2920 2547 2981 ἐκτύπους
2576 2918 2727 2980 τινὰς
2790 2915 3008 2969 ἐννοιῶν
3053 2911 3429 2984 περιαγωγὰς,
3482 2908 3579 2961 καὶ
3630 2922 3761 2976 προ-

2178 3012 2343 3081 κόψαι
2376 3011 2541 3081 φησὶν
2562 3012 2638 3073 εἰς
2663 3009 2945 3080 ἀρχιερέα,
2966 3006 3059 3061 καὶ
3087 3002 3403 3059 τελειῶσθαι
3431 3001 3566 3072 πρὸς
3581 2998 3763 3064 τοῦτο,

497 3104 925 3147 consummatum
976 3096 1162 3159 fuisse,
1206 3099 1348 3166 quod
1382 3115 1503 3153 cum
1539 3100 1713 3154 factus
1747 3114 1847 3163 est,
1882 3105 2078 3157 dicitur

2182 3104 2291 3165 τὸν,
2315 3104 2395 3156 ὅτι
2421 3102 2577 3155 τοῦτο
2600 3102 2813 3169 γέγονε,
2845 3098 3179 3153 κεκενῶσθαι
3214 3096 3522 3165 λεγόμενον.
3554 3094 3765 3183 Ὥσπερ

495 3188 823 3242 exinanitus.
882 3189 1000 3243 Jam
1064 3206 1192 3245 vero
1253 3202 1506 3260 tanquam
1565 3194 1698 3247 satis
1752 3194 2081 3248 ostendisset

497 3280 672 3349 ipsum
705 3281 795 3335 Dei
835 3281 1065 3336 Verbum
1099 3300 1273 3352 neque
1308 3300 1527 3339 carnem
1562 3285 1761 3339 factum
1797 3301 1938 3351 esse,
1978 3303 2075 3341 ue-

499 3386 605 3440 que
637 3373 908 3428 hominem
942 3390 1005 3428 ex
1046 3376 1270 3430 muliere
1295 3379 1579 3445 prodiisse,
1608 3393 1702 3432 eos
1737 3379 1826 3447 qui
1873 3381 1952 3435 sic
1995 3394 2084 3433 sa-

501 3464 655 3532 piunt
689 3465 949 3533 increpat,
979 3467 1207 3523 dicens:
1243 3468 1380 3534 Quid
1405 3486 1534 3538 ergo
1568 3471 1827 3525 adversus
1856 3470 2081 3527 Paulum

503 3555 901 3621 interpretaris,
930 3559 1056 3611 dum
1093 3559 1423 3628 impassibile
1469 3565 1559 3618 Dei
1597 3564 1831 3617 Verbum
1869 3575 2084 3620 terreno

504 3647 779 3703 immisces
823 3653 1056 3717 corpori,
1102 3661 1155 3705 et
1189 3654 1501 3720 passibilem
1553 3656 1861 3724 pontificem
1911 3658 2087 3714 facis?

504 3739 643 3792 Audi
679 3741 842 3807 igitur
872 3758 900 3794 a
935 3743 1109 3808 nobis,
1140 3747 1338 3813 quibus
1376 3746 1537 3800 etiam
1580 3750 1798 3801 charior
1830 3757 1913 3802 est
1940 3749 2084 3802 veri—

507 3843 629 3888 tas:
659 3849 759 3887 cur
801 3850 1050 3904 perverse
1096 3837 1315 3894 Paulum
1359 3842 1756 3911 interpretaris,
1804 3845 1913 3898 imo
1957 3860 2087 3901 vero

507 3928 785 3981 universas
818 3929 1050 3985 Litteras
1072 3947 1256 3986 sacras
1281 3934 1650 3997 calunmiaris,
1680 3937 1803 3987 dum
1834 3936 1926 3990 Dei
1954 3937 2091 3991 Ver-

508 4021 634 4073 bum
673 4035 700 4072 a
739 4022 916 4073 carnis
949 4021 1356 4089 dispensatione
1403 4026 1678 4089 subducis,
1725 4035 1779 4080 et
1816 4029 2085 4082 hominem

511 4110 667 4164 nobis
702 4113 842 4166 nuda
867 4113 1245 4181 conjunctione
1274 4117 1618 4171 honestatum
1651 4120 1883 4185 praeficis
1910 4136 2089 4174 sacer-

511 4204 711 4268 dotem,
756 4205 879 4258 licet
924 4208 1168 4259 eumdem
1213 4209 1403 4263 audias
1444 4209 1760 4279 pontificem
1806 4211 1988 4275 simul,
2035 4222 2089 4266 et

512 4311 630 4345 cum
665 4294 773 4349 Deo
816 4304 869 4349 et
900 4296 1062 4350 Patre
1107 4298 1158 4351 in
1201 4300 1388 4353 eodem
1425 4300 1560 4354 solio
1592 4304 1984 4368 considentem,
2032 4314 2092 4359 ttt

512 4386 668 4452 paulo
725 4396 849 4440 ante
899 4388 1166 4453 diximus;
1215 4406 1337 4444 nam
1386 4390 1584 4447 Paulus
1638 4393 1815 4446 dixit:
1855 4412 1872 4444 ι
1904 4394 2088 4448 Talem

2183 3193 2237 3245 δὲ
2261 3191 2500 3261 διαρκῶς
2547 3192 2854 3260 ἀποφήνας,
2882 3191 2964 3243 ὅτι
3018 3188 3150 3258 μηδὲ
3194 3186 3384 3255 γέγονε
3427 3182 3563 3253 σὰρξ
3607 3184 3635 3235 6
3665 3178 3765 3232 τοῦ

2184 3284 2321 3337 Θεοῦ
2357 3284 2547 3351 Λόγος,
2580 3285 2714 3353 μήτε
2750 3283 2855 3353 μὴν
2886 3280 3125 3353 προῆλθε
3159 3279 3441 3348 ἄνθρωπος
3473 3278 3535 3328 ἐκ
3571 3291 3766 3343 γυναι-

2186 3375 2304 3439 κὸς,
2334 3377 2447 3437 τοῖς
2477 3374 2542 3427 τὰ
2582 3375 2757 3429 τοιάδε
2794 3375 3012 3447 φρονεῖν
3051 3371 3349 3443 ᾑρημένοις
3391 3370 3638 3439 ἐπιτιμᾷ,
3672 3367 3769 3420 καί

2187 3484 2349 3535 φησι·
2390 3465 2570 3520 Ίίοῦν
2611 3468 2993 3539 ἀνθερμηνεύῃ
3039 3466 3117 3539 τῷ
3168 3464 3390 3536 Παύλῳ,
3442 3462 3534 3521 τὸν
3579 3459 3769 3541 ἀπαθῆ

2186 3559 2318 3612 Θεὸν
2344 3560 2516 3627 Λόγον
2564 3562 2789 3630 ἐπιγείῳ
2820 3563 3160 3630 καταμιγνὺς
3198 3561 3432 3631 σώματι,
3459 3560 3553 3613 καὶ
3584 3561 3765 3633 παθη-

2187 3652 2277 3704 τὸν
2307 3653 2567 3723 ἀρχιερέα
2608 3653 2810 3717 ποιῶνς
2843 3654 3051 3707 Οὐκοῦν
3086 3655 3247 3707 ἄκουε
3287 3654 3379 3706 καὶ
3420 3654 3556 3724 πρὸς
3585 3653 3762 3724 ἡμῶν,

2186 3736 2266 3804 οἷς
2295 3742 2355 3810 δὴ
2385 3742 2477 3793 καὶ
2508 3742 2704 3810 μᾶλλον
2732 3742 3016 3812 ἡιάλήθεια
3036 3743 3163 3811 φίλη
3184 3759 3197 3771 ·
3231 3743 3294 3794 Τί
3326 3743 3765 3813 παρερμηνεύεις

2186 3834 2277 3885 τὸν
2332 3833 2575 3897 Παῦλον,
2632 3834 2830 3902 μᾶλλον
2884 3834 2938 3885 δὲ
2989 3834 3206 3886 ἃπασαν
3256 3839 3609 3904 συκοφαντεῖς
3664 3836 3764 3904 τὴν

2190 3926 2541 3977 θεόπνευστον
2569 3925 2807 3993 Γραφὴν,
2843 3924 3128 3990 ὑπεξάγων
3158 3925 3255 3991 τῆς
3291 3924 3427 3993 μετά
3460 3924 3659 3995 σαρκὸς
3684 3926 3764 3977 οἱ·

2190 4018 2445 4086 κονομίας
2464 4016 2554 4067 τὸν
2570 4016 2662 4067 τοῦ
2681 4014 2814 4067 Θεοῦ
2830 4016 3019 4081 Λόγον,
3044 4016 3138 4068 καὶ
3161 4015 3444 4085 ἄνθρωπον
3490 4017 3620 4085 ἡμῖν
3642 4032 3737 4067 συν
3754 4043 3767 4056 -

2191 4110 2359 4179 αφείᾳ
2387 4109 2514 4178 ψιλῇ
2545 4108 2852 4176 τιμώμενον
2878 4108 3100 4176 ὲφιστᾷς
3147 4107 3318 4177 ἱερέα,
3348 4107 3522 4160 καίτοι
3554 4108 3645 4159 τὸν
3672 4107 3769 4159 αὐ-

2190 4203 2280 4255 τὸν
2308 4201 2521 4255 ἀκούων
2555 4199 2816 4271 ἀρχιερέα
2846 4216 2903 4251 τε
2931 4199 3066 4269 ὁμοῦ
3107 4200 3199 4251 καὶ
3226 4198 3514 4270 σύνθρονον
3542 4198 3666 4251 ὄντα
3690 4197 3767 4268 τῷ

2191 4294 2310 4363 Θεῷ
2360 4294 2451 4346 καὶ
2478 4293 2670 4361 Πατρὶ,
2707 4292 2954 4361 καθάπερ
3000 4292 3101 4361 ἤδη
3154 4291 3458 4361 φθάσαντες
3506 4292 3763 4361 εἴπομενς

2194 4383 2298 4452 ἔφη
2331 4384 2438 4454 γὰρ
2458 4385 2484 4435 ὁ
2503 4383 2731 4445 Παῦλος,
2760 4385 2840 4435 ὅτι
2860 4402 2877 4433 ι
2902 4383 3151 4436 Τοιοῦτον
3181 4383 3376 4452 ἔχομεν
3406 4384 3686 4453 ἀρχιερέα,
3710 4384 3769 4445 ὃς

515 4477 773 4529 habemus
829 4477 1161 4543 pontificem,
1216 4481 1304 4545 qui
1364 4480 1502 4533 sedit
1558 4481 1608 4533 in
1671 4481 1894 4535 dextera
1941 4482 2079 4537 sedis

2190 4477 2442 4529 ἐκάθισεν
2471 4478 2529 4527 ὲν
2578 4474 2729 4543 δεξιᾷ
2767 4474 2860 4527 τοῦ
2890 4474 3080 4545 θρόνου
3127 4475 3227 4544 τῆς
3272 4473 3659 4543 μεγαλωσύνης
3710 4475 3768 4526 ἐν

516 4566 899 4631 magnitudinis
920 4566 972 4618 in
999 4566 1152 4619 caelis
1174 4568 1256 4620 ⁸δῖ
1280 4589 1299 4620 ι
1334 4567 1467 4620 Nam
1499 4570 1608 4638 ipse
1640 4569 1937 4637 impatibile
1965 4571 2090 4626 illud

513 4674 575 4709 ex
612 4656 720 4708 Deo
756 4657 913 4710 Patre
946 4655 1203 4723 Verbum,
1235 4660 1409 4714 cuivis
1443 4661 1628 4730 utique
1674 4672 1923 4730 apertum
1961 4674 2044 4717 est
2073 4684 2086 4718 :

514 4763 726 4807 passum
769 4762 894 4801 vero
923 4762 1087 4801 carne
1119 4764 1214 4816 pro
1247 4750 1400 4803 nobis
1438 4751 1547 4819 ipsa
1585 4766 1684 4805 vox
1717 4753 2089 4823 theologorum

516 4854 638 4891 rere
668 4839 771 4891 dici
812 4840 1169 4896 confirmabit.
1200 4840 1350 4906 Quod
1382 4843 1424 4895 si
1466 4844 1553 4895 Dei
1583 4842 1819 4898 Verbum
1855 4846 2038 4901 aufers
2060 4863 2088 4899 ιι

518 4939 730 4981 terreno
767 4945 1015 4998 corpore,
1062 4933 1308 4985 universa
1355 4934 1419 4984 ad
1471 4934 1693 4988 nihilum
1742 4937 2030 4991 concident
2077 4957 2088 4992 :

517 5035 637 5071 nam
680 5020 723 5072 si
772 5021 933 5075 homo
971 5022 1144 5077 factus
1193 5040 1295 5076 non
1329 5034 1434 5086 est,
1487 5042 1551 5079 ne
1583 5036 1828 5080 mortuus
1870 5029 2088 5098 quidem

516 5121 599 5163 est
623 5125 719 5177 pro
750 5113 933 5178 nobis;
969 5115 1089 5167 etsi
1127 5114 1284 5168 morti
1316 5116 1593 5183 proprium
1631 5134 1827 5185 corpus
1859 5137 1963 5173 non
1995 5122 2090 5175 de—

518 5202 612 5259 dit.
651 5206 919 5271 quomodo
966 5206 1163 5259 dicitur
1209 5209 1604 5276 primogenitus
1630 5226 1695 5263 ex
1734 5213 1960 5265 mortuis
2006 5213 2052 5243 "
2076 5214 2097 5252 7

521 5294 660 5363 Ergo
684 5311 856 5361 neque
884 5306 1126 5355 mortuus
1152 5309 1254 5364 est,
1282 5316 1454 5369 neque
1480 5300 1592 5370 89
1613 5303 1907 5356 resurrexit
1935 5303 2095 5358 Chri-

521 5396 657 5441 stus.
708 5385 935 5440 Prodeat
968 5404 1098 5458 ergo
1145 5389 1197 5442 in
1250 5392 1483 5445 medium
1534 5394 1725 5445 beatus
1764 5392 1983 5458 Paulus,
2038 5405 2094 5450 et

522 5477 716 5533 clamet
750 5493 813 5532 ac
845 5480 1027 5535 dicat:
1073 5499 1091 5533 ι
1122 5482 1176 5537 Si
1203 5483 1397 5538 mortui
1434 5499 1538 5538 non
1576 5498 1881 5555 resurgunt,
1919 5502 2094 5556 neque

522 5570 773 5625 Christus
817 5573 1143 5641 resurrexit;
1190 5589 1324 5629 vana
1371 5586 1455 5630 est
1504 5576 1636 5631 fides
1670 5588 1871 5644 vestra,
1915 5579 2093 5635 adhuc

590 5756 637 5789 ’³
677 5755 776 5810 lsa.
814 5771 928 5823 ιλιι,
960 5728 1025 5825 fi;
1066 5756 1082 5812 l
1121 5756 1261 5814 Petr.
1299 5772 1357 5824 ιι,
1386 5755 1476 5811 22.
1554 5756 1599 5793 9³
1636 5754 1740 5813 Isa.
1766 5772 1859 5825 tm,
1898 5756 1984 5827 15,
2023 5758 2079 5815 ιε

2184 5757 2228 5791 ’⁸
2272 5753 2435 5813 llcbr.
2472 5770 2586 5820 vui,
2616 5753 2665 5809 l.

2194 4570 2304 4630 τοῖς
2330 4567 2612 4636 οὐρανοῖς
2642 4584 2660 4617 ι
2692 4567 2812 4619 ’Ότι
2841 4565 2940 4635 μὲν
2972 4566 3079 4635 γὰρ
3102 4565 3316 4634 ἀπαθὴς
3347 4567 3375 4617 6
3404 4566 3469 4617 ὲκ
3494 4564 3629 4617 Θεοῦ
3662 4565 3772 4617 Πα-

2193 4661 2321 4729 τρός
2356 4661 2546 4725 Λόγος,
2582 4659 2746 4712 παντί
2798 4676 2901 4711 που
2928 4657 3084 4726 δῆλον
3128 4658 3194 4711 ἂν
3238 4658 3320 4729 εἴη
3357 4657 3653 4727 δήπουθεν
3690 4658 3773 4709 ὅτι

2192 4748 2250 4800 δὲ
2281 4749 2546 4800 πέπονθεν
2580 4748 2721 4817 ὑπὲρ
2764 4750 2794 4817 ἡ
2808 4747 2924 4817 μῶν
2956 4747 3142 4816 σαρκὶ,
3190 4748 3590 4815 κατασφραγιεί
3639 4744 3774 4816 πρὸς

2192 4840 2450 4907 ἀλήθειαν
2476 4840 2507 4907 ἡ
2529 4838 2638 4890 τῶν
2673 4838 2949 4908 θεηγόρων
2975 4838 3146 4906 φωνή.
3174 4838 3234 4888 Εἰ
3270 4836 3327 4889 δὲ
3351 4837 3653 4907 ἀποφέρεις
3673 4837 3774 4888 6.6-

2192 4933 2281 4995 τὸς
2310 4932 2551 4999 ἐπιγείου
2596 4931 2845 4999 σώματος
2873 4931 2963 4982 τὸν
3004 4932 3067 4982 ἐκ
3104 4930 3238 4982 Θεοῦ
3265 4930 3455 4995 Λόγον,
3494 4927 3773 4999 οἰχήσεταί

2196 5042 2277 5076 σοι
2312 5024 2372 5075 τὸ
2402 5023 2620 5093 σύμπαν
2654 5023 2733 5085 εἰς
2766 5021 2826 5073 τὸ
2858 5022 3054 5090 μηδέν’
3089 5023 3136 5072 εἰ
3171 5020 3280 5090 γὰρ
3313 5021 3386 5089 μὴ
3429 5020 3649 5088 γέγονεν
3675 5020 3773 5074 ἇν-

2194 5116 2432 5186 θρωπος,
2483 5116 2601 5168 οὐδὲ
2646 5114 2913 5168 ἀπέθανεν
2968 5114 3107 5183 ὑπὲρ
3138 5112 3326 5183 ἡμῶν·
3360 5112 3454 5166 καὶ
3500 5115 3546 5165 εί
3579 5111 3653 5181 μὴ
3681 5110 3773 5164 δέ-

2193 5210 2330 5262 δωκε
2359 5210 2437 5278 τῷ
2482 5208 2695 5278 θανάτῳ
2727 5208 2788 5260 τὸ
2823 5207 2953 5260 ίδιον
3003 5206 3181 5274 σῶμα,
3213 5205 3329 5268 πῶς
3368 5202 3507 5257 εἶναι
3556 5204 3775 5272 λέγεται

2201 5301 2543 5371 πρωτότοκος
2568 5302 2629 5351 ἐκ
2657 5299 2896 5365 νεκρῶν;
2932 5295 3141 5349 Οὐκοῦν
3176 5294 3297 5348 οὔτε
3329 5294 3618 5357 ἀπέθανεν,
3648 5292 3774 5346 οὔτε

2199 5391 2399 5444 ἀνεϐίω
2445 5391 2700 5461 Χριστός.
2739 5392 2864 5442 Ἴτω
2895 5388 2958 5458 δὴ
2987 5384 3077 5440 οὖν
3116 5389 3196 5451 εἰς
3227 5387 3390 5457 μέσον
3426 5388 3454 5439 6
3488 5386 3775 5449 θεσπέσιος

2200 5483 2430 5548 Παῦλος,
2490 5483 2930 5552 ἀνακεκραγέτω,
2986 5480 3191 5547 λέγων·
3246 5498 3263 5529 ι
3312 5478 3372 5531 Εἰ
3429 5477 3612 5547 νεκροὶ
3674 5477 3774 5529 οὐκ

2198 5578 2525 5648 ἐγείρονται,
2558 5575 2678 5629 οὐδὲ
2732 5573 2961 5645 Χριστὸς
3003 5573 3331 5641 ὲγήγερται”
3362 5571 3410 5622 εἰ
3445 5568 3499 5622 δὲ
3542 5569 3773 5639 Χριστὸς

2742 5744 2785 5786 ⁸⁸
2822 5748 3029 5808 Coloss.
3061 5764 3100 5814 ι,
3138 5747 3222 5802 18.
