4054 6332
326 350 426 407 157

1382 358 1757 416 ADVERSUS
1795 361 2197 420 NESTOlilUM
2238 365 2363 422 LIB.
2409 366 2495 421 Ill.

3492 364 3591 420 158

322 472 424 525 οὐκ
483 471 799 543 ἐγήγερται,
848 476 1053 545 ματαία
1104 477 1137 545 ἡ
1175 476 1357 541 πίστις
1409 477 1599 549 ὑμῶν’
1655 480 1735 533 ἔτι
1786 482 1893 535 ἐστὶ

2012 485 2143 537 estis
2175 485 2226 538 in
2270 485 2507 555 peccatis
2544 485 2756 537 vestris.
2804 481 2948 552 Ergo
3001 481 3095 550 qui
3144 480 3479 534 dormierunt
3535 481 3589 533 in

322 566 381 616 ἐν
404 567 525 627 ταῖς
560 566 854 636 ἁμαρτίαις
873 567 1049 638 ὑμῶν.
1085 564 1231 640 Ἀρα
1264 570 1359 624 καὶ
1385 572 1435 624 οἱ
1457 573 1811 644 κοιμηθέντες
1844 574 1902 629 ἐν

323 658 546 728 Χριστῷ
602 658 910 724 ἀπώλοντο;
955 680 975 713 ι
1023 661 1165 715 Ἀλλ’
1209 664 1507 735 ἐγήγερται
1558 666 1792 735 Χριστὸς
1838 668 1902 720 ἐκ

322 750 560 821 νεκρῶν·
595 752 785 819 γέγονε
814 752 922 823 γὰρ
961 752 1249 824 ἄνθρωπος
1273 759 1301 809 6
1336 758 1627 829 μονογενὴς
1648 758 1743 811 τοῦ
1766 758 1901 812 Θεοῦ

323 841 517 908 Λόγος,
554 842 648 894 καὶ
674 842 863 912 γήϊνον
891 843 1051 914 σῶμα
1079 845 1280 908 λαϐὼν,
1305 848 1511 911 ἐνώσας
1537 866 1595 901 τε
1620 848 1741 901 καθ’
1767 849 1900 902 ὑπό-

323 951 514 988 στασιν
557 935 751 1006 ἐαυτῷ,
787 935 971 1007 χάριτι
1011 937 1166 1003 Θεοῦ,
1214 940 1355 995 κατὰ
1386 940 1447 994 τὸ
1493 942 1899 1012 γεγραμμένον,

324 1027 464 1099 ὑπὲρ
491 1027 689 1091 παντὸς
716 1028 980 1097 ἐγεύσατο
1005 1029 1237 1084 θανάτου
1259 1051 1271 1063 ·
1305 1033 1680 1104 κεχρημάτικε
1714 1033 1770 1086 δέ
1806 1033 1903 1087 καὶ

322 1119 546 1189 ἀπαρχὴ
579 1121 687 1173 τῶν
716 1123 1154 1191 κεκοιμημένων,
1182 1124 1554 1194 ἐγηγερμένος
1578 1125 1643 1178 ἐκ
1666 1124 1898 1195 νεκρῶν.

334 1207 607 1280 Ἀσφαλὴς
642 1205 735 1263 οὖν
782 1210 889 1279 ἄρα
919 1211 1013 1264 καὶ
1049 1211 1110 1264 ού
1162 1212 1364 1282 ματαία
1415 1213 1598 1265 λοιπὸν
1636 1214 1668 1284 ή
1718 1214 1901 1278 πίστις

318 1302 352 1369 ή
363 1300 500 1368 μῶν,
532 1302 598 1369 ἢν
623 1300 699 1365 ὡς
736 1302 983 1374 ἄγκυραν
1011 1303 1207 1374 ἔχομεν
1240 1304 1339 1374 τῆς
1370 1304 1550 1375 ψυχῆς
1585 1306 1802 1375 ἀσφαλῆ
1843 1324 1902 1359 τε

319 1391 415 1442 καὶ
454 1389 698 1459 βεϐαίαν,
732 1392 875 1446 κατά
918 1394 978 1447 τὸ
1007 1395 1414 1465 γεγραμμένον.
1446 1396 1655 1467 Ὥσπερ
1680 1397 1735 1449 δὲ
1782 1399 1902 1450 κατ’

315 1483 508 1536 οὐδένα
536 1486 736 1555 τρόπον
760 1486 1040 1557 ἠδικηκὼς
1071 1488 1170 1556 τῆς
1204 1488 1342 1558 μετά
1370 1489 1571 1559 σαρκὸς
1591 1492 1901 1561 οἰκονομίας

312 1575 443 1638 τοὺς
470 1574 682 1642 λόγους,
711 1576 803 1630 διά
830 1594 894 1646 γε
942 1579 1036 1632 τοῦ
1084 1580 1251 1648 φάναι
1296 1582 1473 1646 ταυτὶ,
1507 1584 1601 1634 καὶ
1644 1581 1752 1635 τῶν
1801 1583 1900 1653 τῆς

311 1665 573 1736 ἀληθείας
604 1668 891 1738 δογμάτων
940 1672 1155 1743 ἀκρατῆ
1186 1689 1246 1724 τε
1269 1674 1362 1725 καὶ
1386 1673 1769 1745 βδελυρότατον
1799 1692 1897 1727 κα-

312 1756 507 1823 ταχέαι
548 1756 639 1809 τὸν
667 1757 880 1827 ἔμετον,
920 1760 1007 1829 ἐφ’
1054 1760 1248 1831 ἑτέραν
1287 1760 1507 1830 ἔρχεται
1551 1760 1893 1827 δυσϐουλίαν,

314 1846 520 1914 μᾶλλον
548 1847 604 1900 δὲ
637 1848 953 1903 δυσσέϐειαν
989 1852 1218 1923 ἐναργῆ,
1252 1853 1345 1906 καί
1372 1870 1536 1923 φησιν
1556 1871 1568 1883 ·

389 1937 410 2007 [
441 1938 630 2002 Ὀντος
663 1935 756 1995 οῦν
793 1943 927 2011 ἡμῖν
956 1942 1148 1996 τούτου
1195 1943 1357 2014 μόνου
1402 1944 1723 2015 ἀρχιερέως,
1756 1962 1895 2014 συμ-

308 2030 544 2096 παθοῦς,
584 2035 677 2086 καὶ
724 2034 1041 2102 συγγενοῦς,
1078 2036 1171 2089 καὶ
1205 2037 1447 2106 βεϐαίου,
1484 2040 1582 2106 τῆς
1619 2039 1698 2099 είς
1731 2037 1895 2090 αὐτὸν

313 2123 394 2193 μὴ
464 2126 880 2195 παρατρέπεσθε
944 2127 1211 2191 πίστεως·
1258 2129 1419 2191 αὐτὸς
1469 2127 1579 2199 γὰρ
1637 2131 1767 2198 ἡμῖν
1796 2128 1895 2199 τῆς

309 2216 732 2288 ἐπηγγελμένης
759 2218 1010 2287 εὐλογίας
1041 2222 1106 2273 ἐκ
1140 2221 1453 2293 σπέρματος
1489 2220 1739 2291 Ἀϐραὰμ
1790 2223 1895 2275 ἀπ-

307 2309 544 2379 εστάλη,
579 2310 653 2373 ὡς
697 2312 839 2381 ὑπὲρ
891 2312 1088 2366 ἑαυτοῦ
1120 2313 1213 2366 καὶ
1258 2313 1352 2366 τοῦ
1404 2313 1614 2382 γένους,
1652 2314 1752 2386 τὴν
1797 2313 1890 2368 τοῦ

310 2398 565 2469 σώματος
598 2399 788 2456 Θυσίαν
820 2402 1284 2473 συνεπαγόμενος.
1315 2401 1337 2474 ]

907 2512 1158 2566 ΚΕΦΛΛ.
1202 2514 1277 2567 Ε’.

392 2597 680 2669 Ἀρχιερέα
712 2600 889 2653 τοίνυν
933 2603 1065 2672 ἡμῖν
1110 2604 1373 2674 συμπαθῆ
1421 2621 1481 2658 τε
1516 2607 1609 2659 καὶ
1650 2607 1889 2678 συγγενῆ

305 2690 402 2742 καὶ
443 2690 677 2759 βέϐαιον,
717 2692 811 2744 καὶ
854 2694 1079 2764 προσέτι
1126 2694 1285 2763 μόνον
1334 2697 1539 2750 ἐκεῖνον
1573 2696 1711 2752 εἶναι
1759 2700 1888 2769 φὴς,

304 2782 367 2834 ὃν
400 2782 603 2853 ἀρτίως
634 2785 764 2854 ἡμῖν
789 2786 817 2836 6
848 2786 937 2848 σὸς
970 2787 1217 2858 ἐναργῶς
1245 2788 1502 2856 διεδίδαξε
1530 2789 1685 2859 λόγος
1707 2806 1723 2822 ⁸
1753 2789 1890 2861 ἔφης

304 2872 416 2942 γάρ
435 2888 449 2901 ·
488 2872 714 2942 Σπέρμα
749 2874 999 2946 Ἀϐραὰμ
1019 2878 1049 2929 ὁ
1073 2876 1202 2945 χθὲς
1228 2878 1322 2931 καί
1353 2879 1593 2949 σήμερον
1620 2878 1763 2933 κατά
1788 2882 1889 2950 τὴν

300 2964 398 3017 τοῦ
451 2964 664 3018 Παύλου
692 2968 908 3036 φωνήν·
941 2968 1041 3038 οὐχ
1083 2970 1111 3020 ό
1159 2968 1363 3037 λέγων’
1401 2988 1418 3020 ι
1467 2971 1601 3041 Πρὶν
1640 2972 1889 3044 Ἀϐραὰμ

300 3056 558 3125 γενέσθαι
587 3059 696 3126 ἐγώ
719 3061 835 3129 είμι
855 3076 867 3089 ’
884 3078 901 3109 ι
929 3061 1115 3130 ὅμοιος
1139 3063 1250 3124 τοῖς
1268 3061 1516 3130 ἀδελφοῖς
1532 3062 1675 3116 κατά
1688 3064 1884 3128 πάντα,

301 3152 330 3203 6
356 3150 536 3220 ψυχῆς
582 3152 930 3221 ἀνθρωπίνης
968 3153 1066 3206 καὶ
1100 3154 1304 3225 σαρκὸς
1337 3156 1623 3210 ἀναλαϐὼν
1665 3156 1888 3225 ἀδελφό-

2009 572 2245 640 Christo,
2295 576 2574 644 perierunt
2596 573 2734 626 9"?»
2784 572 2889 628 Sed
2942 572 3237 627 resurrexit
3270 570 3516 625 Christus
3558 584 3589 624 a

2011 667 2259 731 mortuis,
2288 669 2409 736 quia
2442 668 2644 720 factum
2674 675 2757 720 est
2786 666 2948 719 homo
2980 662 3107 717 illud
3136 662 3469 729 unigenitum
3493 659 3589 716 Dei

2010 756 2270 822 Verbum,
2306 769 2379 820 et,
2421 767 2636 826 smnpto
2669 766 2885 811 terreno
2913 768 3143 823 corpore
3176 755 3437 821 unitoque
3485 750 3588 805 sibi

2006 851 2302 903 secundum
2357 850 2714 921 hypostasitn,
2757 849 2930 918 gratia
2992 848 3106 909 Dei,
3142 846 3282 900 sicut
3326 844 3587 914 scriptum

2008 948 2115 1002 est,
2149 956 2243 1007 pro
2271 942 2521 994 omnibus
2556 941 2789 1008 gustarit
2815 947 3043 991 mortem
3071 953 3084 989 :
3113 935 3284 989 factus
3310 943 3392 989 est
3423 933 3587 988 etiam

2010 1031 2263 1099 primitiae
2289 1030 2674 1085 dormientium
2697 1028 2765 1097 ³⁸,
2796 1045 2916 1084 cum
2958 1028 3347 1082 resurrexisset
3377 1041 3407 1080 a
3443 1040 3588 1079 mor-

2011 1123 2137 1177 tuis.
2174 1122 2355 1177 Firtna
2392 1122 2578 1191 igitur,
2624 1139 2727 1175 non
2764 1137 2900 1175 vana
2926 1129 3008 1175 est
3034 1120 3142 1188 jam
3196 1119 3329 1173 lides
3374 1128 3584 1181 nostra,

2007 1230 2170 1282 quam
2216 1214 2359 1269 velut
2397 1215 2689 1267 anchoratn
2747 1214 3006 1267 habemus
3060 1212 3253 1264 animae
3303 1221 3471 1264 tutam
3523 1224 3588 1262 ac

2005 1308 2237 1367 (inuam,
2271 1316 2327 1358 ut
2391 1314 2474 1361 est
2503 1304 2557 1359 in
2607 1306 2777 1360 sacris
2811 1305 3031 1359 Litteris
3054 1304 3098 1335 9°
3155 1303 3273 1357 Jam
3313 1317 3436 1357 vero
3462 1318 3583 1356 cum

2003 1398 2118 1452 haec
2142 1398 2360 1461 dixerit,
2390 1407 2444 1453 et
2483 1399 2533 1451 in
2567 1399 2815 1467 dogmata
2857 1398 3101 1452 veritatis
3135 1396 3583 1464 intemperantem

2000 1501 2055 1541 et
2078 1488 2471 1542 exsecrandum
2500 1490 2553 1543 in
2590 1489 2783 1559 primis
2816 1490 3073 1542 vomitum
3119 1487 3387 1549 eil’uderit,
3426 1487 3581 1555 quasi

2002 1578 2150 1634 nullo
2178 1580 2335 1633 modo
2366 1581 2600 1633 rationes
2635 1580 2778 1635 illius
2809 1595 2931 1634 cum
2966 1592 3128 1632 carne
3164 1578 3581 1647 dispensationis

2001 1672 2278 1736 violasset,
2302 1672 2368 1724 ad
2396 1672 2553 1725 aliam
2579 1672 2867 1734 insaniam,
2904 1672 3011 1725 imo
3044 1686 3171 1725 vero
3198 1681 3443 1740 apertam
3482 1669 3584 1723 itit-

2002 1766 2257 1835 pietatem
2286 1766 2502 1829 transit,
2528 1774 2581 1819 et
2619 1766 2731 1819 ait:

2069 1943 2334 2015 [ΝΕετοιι.
2369 1943 2501 1998 Cum
2530 1943 2692 2013 igitur
2724 1940 2873 1997 solus
2914 1942 2997 1995 hic
3045 1938 3201 1995 nobis
3239 1950 3311 1993 su
3340 1937 3579 2008 pontifex

1997 2036 2331 2102 misericors,
2363 2046 2415 2090 et
2440 2045 2719 2104 cognatus,
2748 2044 2802 2089 et
2827 2035 3039 2098 lirnms,
3063 2043 3250 2087 cavete
3277 2048 3343 2086 ne
3369 2031 3435 2085 ab
3461 2032 3579 2101 ejus

1996 2128 2100 2182 lide
2132 2127 2509 2182 dimoveamini
2540 2146 2553 2181 :
2590 2127 2704 2196 ipse
2739 2139 2971 2194 namque
2995 2125 3149 2178 nobis
3182 2126 3461 2192 promissa:
3490 2126 3581 2177 be-

1993 2221 2322 2274 nedictionis
2345 2236 2410 2274 ex
2437 2220 2643 2275 semine
2667 2218 2937 2273 Abraham
2967 2225 3049 2271 est
3076 2217 3292 2281 missus,
3322 2227 3575 2284 tanquam

1993 2328 2092 2383 pro
2124 2314 2304 2381 seipso
2334 2323 2387 2367 et
2417 2328 2514 2382 pro
2542 2326 2739 2382 genere
2765 2326 2862 2364 suo
2893 2309 3140 2377 corporis
3165 2307 3246 2364 sui
3300 2306 3576 2361 victimam

1992 2406 2155 2461 simul
2183 2405 2436 2460 alierens.
2465 2403 2484 2477 ]

2656 2517 2807 2573 CAP.
2847 2516 2913 2571 γ.

2063 2612 2206 2681 Ergo
2243 2611 2563 2667 Pontiﬁcem
2607 2610 3038 2672 misericordem,
3076 2617 3131 2662 et
3170 2614 3487 2675 cognatum,
3520 2612 3577 2659 ει

1991 2703 2226 2769 ﬁrmum,
2274 2713 2327 2758 et
2379 2715 2638 2773 praeterea
2686 2703 2881 2769 solum,
2930 2702 3077 2756 illum
3122 2714 3242 2755 esse
3289 2699 3369 2753 ais
3411 2712 3575 2767 quem

1990 2812 2161 2865 nuper
2185 2796 2336 2851 nobis
2355 2808 2541 2867 aperte
2565 2808 2650 2849 tua
2677 2796 2915 2851 ostendit
2940 2795 3113 2848 oratio
3138 2807 3151 2856 ;
3178 2790 3359 2845 dixisti
3389 2790 3530 2844 enim
3556 2806 3571 2841 :

1991 2888 2185 2943 Semen
2217 2890 2490 2945 Abraham
2540 2888 2629 2942 ille
2660 2887 2774 2941 heri
2809 2895 2858 2939 et
2903 2885 3061 2939 hodie
3092 2884 3243 2952 juxta
3290 2881 3439 2934 Pauli
3483 2894 3577 2933 vo-

1989 2996 2104 3035 cem
2126 2984 2165 3047 ¹,
2188 2998 2290 3036 non
2319 2982 2406 3037 ille
2425 2981 2514 3050 qui
2538 2980 2709 3034 dixit:
2738 2999 2756 3030 ι
2776 2979 3080 3047 Antequam
3101 2975 3370 3030 Abraham
3399 2973 3572 3034 ﬂeret,

1989 3091 2088 3145 ego
2131 3091 2248 3130 sum
2276 3078 2331 3139 ²;
2367 3095 2385 3128 ι
2424 3074 2620 3130 similis
2656 3072 2917 3127 fratribus
2964 3083 3060 3139 per
3105 3066 3327 3122 omnia“
3367 3065 3456 3119 ille
3481 3064 3571 3130 qui

1990 3170 2185 3223 anima:
2223 3170 2471 3222 humana:
2501 3167 2793 3233 carnisque
2828 3161 3227 3217 fraternitatem
3254 3157 3571 3225 assumpsit;

300 3260 472 3312 τητα·
499 3243 595 3313 οὐχ
621 3247 649 3297 ό
686 3244 859 3311 λέγων
881 3261 894 3275 ·
932 3264 951 3295 ι
1000 3246 1056 3299 'O
1088 3246 1349 3317 ἑωρακὼς
1389 3248 1509 3316 ἐμὲ,
1553 3250 1764 3319 ἑώρακε
1793 3250 1884 3303 τὸν

1994 3278 2095 3317 non
2127 3262 2216 3331 qui
2260 3261 2431 3316 dicit:
2477 3277 2495 3310 ι
2525 3259 2625 3325 Qui
2657 3258 2792 3311 vidit
2819 3270 2928 3319 me.
2962 3254 3096 3308 vi'dit
3123 3262 3177 3307 et
3203 3251 3418 3305 Patrem
3444 3248 3467 3280 ⁸
3494 3266 3506 3301 :
3547 3268 3566 3300 ι

302 3337 555 3408 Πατέρα·
601 3356 619 3390 ι
653 3339 930 3409 ἀπεστάλη
979 3341 1007 3393 6
1038 3341 1169 3411 ἡμῖν
1214 3340 1517 3410 όμοούσιος,
1555 3343 1650 3395 καὶ
1697 3342 1882 3412 κέκρι-

304 3444 429 3481 σται
478 3428 768 3498 κηρύσσων
822 3431 1191 3501 αἰχμαλώτοις
1238 3431 1461 3500 ἄφεσιν,
1512 3434 1605 3487 καὶ
1658 3434 1881 3503 τυφλοῖς

300 3519 618 3588 ἀνάϐλεψιν.
664 3516 833 3586 Οὗτος
879 3518 972 3575 οῦν
1005 3523 1113 3594 ἄρα
1146 3522 1240 3576 καὶ
1293 3524 1560 3594 συγγενὴς
1588 3524 1655 3577 ἂν
1710 3528 1882 3578 νοοῖτο

298 3613 416 3670 τοῖς
443 3613 537 3665 ἐπὶ
564 3613 665 3682 τῆς
684 3614 806 3685 γῆς,
851 3616 946 3667 καὶ
973 3616 1070 3686 οὐχ
1097 3616 1173 3679 ὡς
1208 3616 1273 3669 σὺ
1308 3616 1433 3687 φὴς,
1460 3618 1487 3669 ὁ
1512 3616 1684 3685 λέγων
1706 3636 1719 3649 ·
1749 3636 1767 3669 ι
1822 3619 1881 3672 'O

302 3704 566 3774 ἑωρακὼς
608 3706 731 3774 ἐμὲ,
762 3705 975 3778 ἑώρακε
1009 3708 1100 3761 τὸν
1132 3708 1370 3780 Πατέρα.
1394 3729 1412 3760 ›
1443 3712 1505 3763 Εἰ
1534 3710 1634 3780 μὲν
1661 3711 1770 3783 γὰρ
1802 3712 1883 3774 είς

301 3794 363 3848 ἓν
390 3796 557 3865 ἄμφω
582 3797 856 3866 συλλέγων
883 3799 1004 3851 καθ’
1025 3799 1217 3853 ἕνωσιν
1238 3800 1436 3871 ἀληθῆ,
1458 3801 1554 3854 ἕνα
1578 3800 1695 3871 μεθ’
1726 3801 1882 3872 ἡμῶν

300 3889 579 3958 ὁμολογεῖς
636 3890 785 3956 Υίὺν,
817 3890 1123 3961 πεποίηκας
1157 3893 1334 3963 μάτην
1386 3893 1493 3962 ἰδίᾳ
1541 3910 1599 3945 τε
1636 3894 1729 3945 καὶ
1777 3892 1883 3947 άνά

304 3981 471 4051 μέρος
501 3983 758 4052 ἑκάτερον
800 3983 1111 4054 ἀποφέρων,
1142 3984 1472 4038 ὑποστάσεσί
1500 4002 1558 4038 τε
1587 3984 1683 4038 καὶ
1711 4001 1882 4055 προσ-

299 4070 473 4135 ώποις
518 4073 724 4137 διιστὰς
753 4074 1099 4145 ἀλλοτρόπως
1119 4093 1131 4105 ·
1167 4075 1287 4145 οὐχὶ
1315 4075 1375 4128 τὸ
1407 4074 1516 4147 [τσ.
1551 4076 1653 4148 τῷ]
1678 4077 1882 4129 εἰδέναι

302 4163 466 4233 μόνον
489 4165 570 4217 ὅτι
598 4165 799 4235 σαρκὸς
854 4165 952 4234 μὲν
994 4166 1155 4235 φύσις
1185 4168 1347 4238 ἐτέρα
1382 4169 1534 4239 παρὰ
1576 4169 1676 4237 τὴν
1705 4169 1877 4234 θείαν,

298 4255 506 4326 συνόδῳ
534 4272 598 4323 γε
636 4256 742 4325 μὴν
776 4258 844 4328 τῇ
876 4257 997 4311 καθ’
1040 4258 1235 4311 ἕνωσιν
1264 4258 1461 4330 ἀληθῆ,
1504 4259 1611 4313 ἰδία
1656 4261 1880 4328 γέγονεν

1985 3354 2183 3408 missus
2213 3361 2295 3407 est
2324 3352 2413 3405 ille
2444 3352 2601 3405 nobis
2634 3346 3135 3408 eonsubstantialis,
3167 3352 3222 3397 et
3260 3351 3452 3395 unctus
3487 3349 3573 3394 est

1983 3445 2281 3513 praulicans
2311 3443 2541 3512 captivis
2590 3442 2933 3503 libertatem,
2975 3447 3031 3493 et
3073 3436 3232 3491 caecis
3280 3434 3452 3488 visum
3474 3433 3564 3488 ⁸.»

1985 3534 2083 3589 Ηίε
2107 3548 2235 3604 ergo
2256 3535 2421 3587 etiam
2449 3542 2716 3602 cognatus
2746 3529 3064 3599 intelligitur
3094 3527 3179 3582 bis
3210 3526 3299 3595 qui
3336 3526 3387 3578 in
3411 3524 3571 3579 terris

1984 3638 2132 3691 sunt,
2165 3642 2272 3680 non
2309 3636 2368 3679 ut
2407 3635 2460 3679 ιιι
2517 3625 2735 3691 asseris,
2776 3623 2865 3679 ille
2896 3623 2986 3693 qui
3021 3621 3159 3676 dicit
3199 3638 3211 3674 :
3253 3638 3271 3671 ι
3300 3619 3400 3685 ()ui
3437 3618 3569 3672 vidit

1984 3733 2092 3783 me,
2127 3718 2265 3772 vidit
2307 3724 2361 3770 et
2406 3715 2645 3772 Patrem.
2684 3734 2704 3767 ι
2742 3714 2875 3769 Nam
2920 3714 2966 3768 si
3009 3723 3294 3779 utrumque
3324 3711 3377 3765 in
3403 3726 3566 3763 unum

1982 3826 2079 3881 per
2103 3825 2286 3865 veram
2312 3810 2563 3864 unionem
2589 3806 2911 3876 colligendo,
2940 3821 3104 3858 unum
3133 3804 3413 3858 nobiseum
3436 3816 3568 3857 con-

1984 3902 2155 3957 ﬁteris
2184 3902 2351 3955 Deum
2396 3900 2618 3965 Filium,
2664 3898 2837 3953 fecisti
2882 3907 3086 3951 temere
3126 3906 3185 3950 ut
3223 3895 3473 3964 privatim
3502 3910 3567 3949 ac

1983 3996 2212 4049 seorsim
2255 3994 2576 4047 alterutrum
2622 3990 2965 4059 adjungeres,
3006 3996 3059 4043 et
3100 3986 3484 4057 hypostasibus
3511 3995 3567 4041 et

1984 4084 2230 4155 personis
2261 4083 2478 4136 diverso
2509 4081 2668 4135 modo
2703 4078 3087 4147 distingueres,
3134 4091 3235 4129 non
3279 4084 3339 4128 ut
3366 4073 3566 4127 intelli-

1982 4187 2139 4244 geres
2181 4172 2556 4225 tantummodo
2596 4168 2755 4222 aliam
2797 4167 3013 4235 quidem
3071 4180 3194 4220 esse
3241 4165 3424 4219 carnis
3466 4180 3563 4216 na-

1983 4274 2159 4317 turam
2189 4277 2217 4315 a
2246 4262 2447 4319 divina.
2486 4259 2578 4313 sed
2605 4272 2701 4326 per
2724 4271 2905 4310 veram
2937 4256 3189 4309 unionem
3217 4269 3335 4309 esse
3368 4253 3562 4307 iactam

295 4343 489 4413 αὐτῆς.
524 4346 585 4397 Εἰ
622 4346 680 4398 δὲ
716 4345 1029 4416 ἀσύμϐατός
1057 4346 1167 4418 [τον.
1198 4348 1536 4421 ἀσύμϐατον]
1576 4351 1708 4421 ἡμῖν
1740 4350 1881 4404 κατὰ

1994 4354 2124 4408 illius
2166 4353 2463 4422 propriam.
2499 4350 2593 4403 Sin
2628 4348 2797 4403 videri
2844 4348 3068 4402 studens
3096 4346 3244 4400 nullo
3277 4345 3436 4401 modo
3463 4360 3563 4398 no-

294 4434 400 4506 τὴν
430 4435 587 4500 δόξαν
619 4437 849 4505 ὁρᾶσθαι
898 4438 1087 4502 θέλων,
1121 4439 1213 4493 καὶ⁵
1251 4441 1684 4512 παραιτούμενος
1740 4459 1874 4495 πανο

1994 4446 2187 4499 biseum
2215 4444 2266 4497 in
2303 4442 2569 4497 sententia
2597 4440 2893 4495 convenire
2923 4438 3022 4510 (l),
3059 4446 3113 4492 et
3149 4439 3350 4508 ubique
3383 4437 3564 4491 unita-

292 4528 441 4599 ταχῆ
478 4529 579 4601 τὴν
607 4530 820 4595 ἕνωσιν,
852 4531 1038 4602 ἕτερον
1069 4528 1209 4586 εἶναι
1240 4532 1345 4603 φὴς
1393 4533 1487 4586 καὶ
1514 4533 1701 4605 ἕτερον
1725 4550 1740 4565 ·
1780 4534 1877 4588 καὶ

1994 4546 2087 4590 tem
2124 4535 2416 4605 refugiens,
2446 4533 2671 4587 alterum
2701 4543 2863 4601 atque
2915 4531 3140 4585 alterum
3183 4545 3302 4583 esse
3339 4530 3559 4593 asseris,

290 4620 389 4673 τὸν
440 4621 559 4691 μὲν,
588 4624 651 4675 ἐκ
676 4621 811 4674 Θεοῦ
852 4624 1214 4694 γεγεννῆσθαι
1249 4625 1492 4694 Πατρὸς’
1523 4625 1615 4679 τὸν
1642 4626 1719 4691 δὲ,
1754 4643 1878 4695 συγ-

1994 4638 2035 4683 at
2063 4643 2225 4681 unum
2257 4642 2321 4681 ex
2367 4627 2473 4680 Deo
2514 4624 2626 4694 90
2674 4623 2834 4677 Patre
2870 4623 3131 4692 genitum,
3177 4621 3407 4675 alterum
3465 4636 3560 4676 eo-

292 4709 431 4779 γενῆ
446 4727 513 4763 τε
539 4711 806 4781 ὑπάρχειν
824 4714 957 4783 ἡμῖν
978 4715 1073 4766 καλ⁴
1092 4713 1377 4783 όμοούσιον
1396 4730 1409 4744 ·
1447 4713 1566 4778 πῶς
1587 4714 1651 4785 δὴ
1678 4715 1875 4785 χρῆναι

1994 4728 2204 4788 gnatum
2231 4733 2352 4772 esse
2380 4717 2537 4771 nobis
2562 4714 3194 4777 et'eonsuhstantialem,
3219 4725 3428 4780 expone
3455 4710 3559 4763 nii-

292 4802 403 4872 φὴς
430 4804 529 4872 τῆς
555 4805 635 4865 εἰς
666 4803 829 4857 αὐτὸν
862 4805 937 4876 μὴ
977 4806 1433 4877 παρατρέπεσθαι
1462 4807 1719 4873 πίστεως,
1752 4807 1874 4861 εἰπέ

1994 4812 2057 4875 :ii,
2087 4826 2293 4880 quaeso,
2340 4825 2573 4880 quonam
2601 4808 2759 4863 modo
2780 4807 2928 4861 dicas
2949 4822 3051 4859 non
3081 4803 3283 4859 esseab
3318 4802 3433 4871 ejus
3455 4801 3561 4857 ﬁde

296 4911 411 4963 μοι,
447 4894 541 4949 καὶ
568 4897 802 4966 συγγενῆ
834 4896 1218 4967 πιστεύσομεν,
1256 4898 1485 4966 ἀφέντες
1507 4898 1597 4951 τὸν
1622 4897 1870 4967 λέγονται

1994 4904 2375 4967 leclinandum,
2422 4914 2476 4957 et
2518 4910 2802 4971 cognatum
2850 4900 3157 4962 credemus,
3201 4896 3292 4950 illo
3334 4895 3559 4948 dimisso

298 5004 319 5035 ι
354 4986 490 5055 Πρὶν
529 4985 781 5057 Ἀϐραὰμ
815 4986 1086 5054 γενέσθαι,
1139 4988 1249 5057 ἐγώ
1286 4991 1422 5059 ειμι.
1460 5008 1478 5040 ι
1525 4989 1874 5061 Ἐπιγραψώ-

1994 4996 2068 5061 lui
2115 4997 2191 5048 ait
2230 5015 2243 5050 :
2276 5013 2295 5047 ι
2331 4998 2633 5064 Antequam
2670 4994 2944 5048 Abraham
2978 4991 3152 5055 ﬁeret,
3205 5004 3305 5057 ego
3356 5003 3497 5041 sum.
3529 5004 3551 5037 ι

297 5075 439 5147 μεθα
464 5075 597 5129 Θεὸν
626 5077 717 5132 τὸν
746 5076 924 5147 ψυχῆς
969 5078 1317 5150 ἀνθρωπίνης
1350 5079 1444 5134 καὶ
1489 5080 1692 5151 σαρκὸς
1741 5081 1873 5134 dva-

1994 5084 2129 5139 ‘llum
2165 5085 2500 5140 ascribemus
2535 5083 2690 5138 nobis
2739 5083 2907 5137 Deum
2950 5081 3042 5151 qui
3082 5079 3277 5133 animm
3309 5076 3557 5130 humana:

291 5165 528 5220 λαϐόντα
574 5166 711 5237 πρὸς
760 5167 905 5237 ἡμᾶς
950 5167 1307 5238 ἀδελφότητα,
1358 5170 1624 5238 παρέντες
1657 5169 1745 5223 τὸν
1794 5170 1875 5222 λέ⁶

1994 5176 2267 5245 :arnisque
2311 5176 2592 5231 nobiscum
2652 5174 3054 5229 fraternitatem
3110 5169 3370 5235 suscepit,
3418 5166 3556 5232 abji-

292 5274 481 5325 γοντα’
524 5277 542 5309 ι
598 5258 658 5310 Ὀ
704 5256 964 5328 ἑωρακὼς
1013 5260 1133 5329 ἐμὲ,
1175 5258 1389 5331 ἑώρακε
1426 5261 1519 5315 τὸν
1564 5260 1805 5333 Πατέρα.
1846 5280 1866 5313 ι

1994 5266 2179 5322 :ientes
2210 5281 2331 5321 eum
2365 5266 2457 5335 qui
2495 5266 2629 5319 dixit
2660 5282 2674 5320 :
2716 5283 2737 5317 ι
2766 5264 2865 5331 Qui
2901 5264 3032 5317 vidit
3063 5276 3170 5325 me,
3208 5259 3337 5313 vidit
3364 5268 3418 5312 et
3454 5256 3555 5310 Pa-

293 5350 489 5403 Καίτοι
529 5350 692 5419 φησιν
725 5348 920 5412 αὐτός’
958 5368 977 5401 ι
1017 5350 1173 5404 Οὕτω
1200 5352 1308 5423 γὰρ
1357 5352 1645 5424 ἠγάπησεν
1682 5357 1711 5409 ό
1739 5355 1873 5419 Θεὸς

1994 5374 2148 5426 rem;
2189 5377 2207 5410 ι
2246 5359 2499 5428 quamvis
2545 5358 2661 5427 ipse
2706 5356 2905 5412 dixerit
2946 5372 2959 5408 :
2994 5372 3012 5406 ι
3046 5354 3138 5407 Sic
3187 5353 3327 5407 Deus
3370 5350 3554 5404 dilexit

290 5442 385 5495 τὸν
412 5443 636 5514 κόσμον,
667 5441 808 5496 ὥστε
840 5442 934 5497 τὸν
968 5444 1096 5499 Υἱὸν
1124 5444 1290 5499 αὑτοῦ
1320 5446 1414 5500 τὸν
1443 5451 1706 5520 μονογενῆ
1746 5448 1873 5503 ἔδω·

1994 5449 2263 5517 mundum,
2289 5458 2349 5504 ut
2372 5448 2568 5505 Filium
2596 5464 2752 5505 suum
2790 5447 3124 5517 unigenitum
3158 5445 3330 5509 daret,
3356 5453 3412 5497 ut
3437 5458 3555 5497 om-

365 5582 668 5658 "C_or_.xv,
704 5583 786 5652 ιθ,
819 5582 905 5658 ιβ.
963 5583 1009 5658 ⁸-⁸
1036 5583 1069 5658 _I
1108 5583 1233 5640 Cor.
1269 5600 1347 5658 ιι,
1377 5584 1471 5658 Ξθ.
1494 5654 1515 5658 _
1544 5587 1591 5619 "
1631 5586 1794 5642 Hebr.
1834 5603 1906 5653 vt,
1943 5589 2031 5645 i9.
2112 5589 2127 5619 ⁸
2172 5588 2337 5646 Hebr.
2369 5605 2489 5658 xm,
2526 5588 2580 5644 8.
2657 5591 2677 5621 ³
2716 5586 2875 5643 Joan.
2906 5602 3023 5654 vnt,
3060 5586 3148 5644 53.
3226 5586 3244 5617 ³
3288 5583 3450 5638 llebr.
3484 5596 3550 5652 ιι,

295 5653 384 5709 17.
460 5654 483 5685 ⁸
519 5653 673 5710 Joan.
707 5671 818 5721 xw,
847 5653 902 5711 9.
973 5655 995 5686 ⁸
1036 5654 1137 5710 lsa.
1165 5670 1274 5721 ιιι,
1316 5657 1369 5721 1,
1399 5656 1464 5723 2;
1493 5654 1623 5713 Luc.
1658 5672 1733 5725 ιν,
1771 5658 1975 5718 18.19.

368 5792 443 5861 (l)
481 5790 594 5848 Vel.
632 5791 727 5848 Sin
763 5792 946 5849 volens
982 5793 1126 5850 nullo
1155 5795 1312 5852 modo
1344 5796 1483 5853 inter
1506 5810 1567 5853 se
1594 5796 1648 5854 in
1680 5796 1851 5869 gloria
1889 5798 2201 5856 convenire.
