4054 6332
527 355 633 412 159

1523 354 1583 408 S.
1627 349 1898 406 εγω-ιιι
1939 345 2407 402 ALEXANDRINI
2447 343 2768 400 ARCH-IEP.

3701 337 3799 393 ιυο

529 471 612 524 nis
640 468 728 537 qui
759 468 932 524 credit
969 470 1022 524 in
1061 471 1260 540 ipsum,
1302 484 1407 524 non
1436 480 1644 540 pereat,
1675 469 1768 524 sed
1802 471 2000 523 "habeat
2039 468 2095 521 vi

2220 483 2338 527 κεν,
2371 466 2458 518 ἵνα
2498 469 2607 529 πᾶς
2641 468 2670 519 ὁ
2717 464 2993 518 πιστεύων
3028 465 3109 526 είς
3152 462 3337 526 αὐτὸν,
3385 462 3460 532 μὴ
3509 461 3800 533 ἀπόληται,

531 572 636 611 tam
667 568 924 612 aeternam
953 559 1007 626 ⁶;
1041 579 1060 610 ›
1085 570 1138 615 et
1164 577 1378 614 rurstuu
1408 581 1420 616 :
1461 580 1480 612 ι
1501 561 1600 628 Qui
1632 560 1805 614 credit
1838 561 1888 613 in
1916 560 2110 628 ipsum,

529 650 975 716 nnn'judieatur;
1000 651 1090 719 qui
1126 660 1306 705 autem
1341 669 1444 705 non
1477 652 1668 715 credit,
1697 650 1808 717 jam
1841 650 2114 719 judicatus

526 755 640 804 est,
690 741 813 810 quia
865 757 969 796 non
1022 743 1252 797 credidit
1301 743 1352 797 in
1408 745 1625 798 nomine
1673 744 1934 812 uuigeuiti
1989 743 2113 798 Filii

528 831 620 886 Dei
653 833 695 886 ".
729 851 748 884 ι
788 831 924 886 Num
973 847 1102 902 ergo
1140 835 1370 889 seorsim
1401 851 1464 888 ac
1497 835 1646 890 solus
1680 834 1769 889 ille
1798 851 1865 889 ex
1906 835 2112 889 semine

527 924 800 978 Abraham
843 939 962 978 csse
1017 925 1340 993 intelligitur
1373 928 1706 995 unigenitus,
1759 942 1879 981 cum
1927 938 2112 997 aperte

530 1016 807 1082 scripserit
836 1015 1073 1072 Joannes
1121 1035 1134 1072 :
1193 1036 1212 1070 ι
1249 1017 1568 1087 Unigenitus
1605 1019 1774 1074 Filius
1815 1021 1904 1090 qui
1943 1033 2025 1074 est
2059 1021 2109 1076 in

529 1105 648 1159 sinu
681 1106 879 1168 Patris,
909 1108 996 1163 ille
1024 1109 1302 1162 enarravit
1328 1109 1383 1174 ⁸;
1418 1128 1436 1160 ι
1459 1123 1526 1162 ‘ac
1551 1120 1810 1178 praeterea
1837 1110 1938 1163 alia
1958 1127 2109 1180 quo-

527 1212 633 1266 que
660 1212 812 1251 sacra
852 1198 1132 1268 Scriptura
1169 1218 1182 1254 :
1219 1220 1236 1251 ι
1269 1201 1402 1255 Cum
1436 1210 1614 1256 autem
1657 1201 1958 1257 introducit
1989 1203 2110 1258 Pri-

527 1289 860 1355 mngenitum
897 1291 948 1344 in
993 1291 1178 1346 orbem
1207 1301 1366 1346 terrae
1410 1293 1542 1348 dicit
1581 1312 1595 1347 :
1633 1293 1699 1347 Et
1727 1296 1952 1349 adorent
1985 1311 2106 1351 eum

525 1389 716 1431 Omnes
747 1379 920 1448 angeli
965 1381 1138 1445 Dei";
1173 1400 1191 1432 ι
1228 1381 1618 1450 pritnogeuitus
1661 1395 1842 1438 autem
1889 1401 2109 1455 prorsus

525 1480 607 1522 est
651 1470 738 1525 ille
777 1473 828 1525 iu
880 1474 1058 1527 multis
1107 1474 1388 1539 fratribus,
1429 1493 1533 1531 non
1574 1479 1662 1533 ille
1701 1480 1849 1533 solus
1886 1496 1952 1534 cx
1993 1483 2109 1537 solo

526 1559 636 1614 Deo
661 1577 724 1617 ac
753 1563 910 1618 Patre
937 1567 1172 1634 genitus.
1207 1565 1500 1637 Sequimur
1530 1571 1674 1625 enim
1711 1572 1926 1626 interim
1965 1583 2106 1641 tuas,

524 1653 609 1704 vir
649 1656 885 1723 egregie.
936 1658 1333 1726 distinctiones,
1377 1675 1442 1714 ac
1484 1675 1795 1730 speetamus
1837 1667 2106 1732 consulto,

522 1757 631 1810 quo
664 1748 872 1801 tandem
903 1751 1058 1804 verba
1093 1753 1402 1808 deveniau‘t.
1446 1753 1588 1825 Ergo
1634 1757 1775 1827 (jam
1809 1761 1952 1812 enim
1983 1776 2106 1814 ora-

2217 559 2332 610 ἀλλ’
2360 558 2457 628 ἔχῃ
2493 558 2637 628 ζωὴν
2667 556 2915 610 αἰώνιον·
2960 575 2977 606 ι
3027 555 3121 608 καὶ
3160 555 3343 619 πάλιν,
3375 573 3392 605 t
3442 555 3502 607 '0
3532 552 3804 608 πιστεύων

2202 651 2296 712 -είς
2323 651 2507 708 αὑτὸν,
2541 651 2603 701 ού
2656 650 2900 719 κρίνεται
2925 663 2939 676 ’
2967 650 2996 700 6
3023 647 3079 700 δὲ
3129 646 3204 717 μὴ
3251 645 3543 707 πιστεύων,
3581 645 3682 717 ἤδη
3712 645 3807 698 κέ-

2216 759 2397 811 κριται
2418 759 2429 770 ·
2461 744 2544 796 ὅτι
2592 742 2666 810 μὴ
2696 741 3064 793 πεπίστευκεν
3093 740 3174 800 εἰς
3199 738 3260 790 τὸ
3295 738 3464 807 ὄνομα
3494 736 3602 790 τοῦ
3641 753 3801 806 μονο-

2214 831 2403 899 γενοῦς
2423 831 2553 885 Υίοῦ
2575 831 2672 884 τοῦ
2699 829 2856 884 Θεοῦ.
2872 849 2890 881 ι
2915 825 3044 900 Ἆρ’
3069 825 3160 883 οὖν
3185 829 3452 900 ὑπάρχειν
3475 830 3672 884 νοεῖται
3706 845 3804 896 μο-

2214 922 2440 992 νογενὴς
2470 921 2576 992 ἰδίᾳ
2607 939 2667 974 τε
2710 922 2804 973 καὶ
2835 921 2994 990 μόνος
3025 921 3053 972 6
3074 921 3140 972 ὲκ
3175 921 3490 988 σπέρματος
3525 917 3801 988 Ἀϐραὰμ,

2215 1013 2389 1066 καίτοι
2441 1013 2776 1082 γεγραφότος
2812 1011 3059 1064 Ἰωάννου
3097 1009 3286 1078 σαφῶς
3310 1029 3323 1042 ο
3353 1029 3371 1062 t
3424 1008 3803 1079 Ὀμονογενὴς

2215 1105 2362 1170 Υἱὸς,
2394 1106 2422 1157 6
2451 1105 2526 1157 ὣν
2565 1107 2644 1168 είς
2677 1103 2768 1157 τὸν
2810 1104 3008 1156 κόλπον
3050 1101 3144 1155 τοῦ
3179 1100 3409 1170 Πατρός,
3461 1102 3668 1163 ἐκεῖνος
3705 1099 3803 1164 -ὲξ-

2213 1198 2487 1266 ηγήσατοο
2527 1215 2546 1247 ι
2599 1195 2693 1248 καὶ
2730 1195 2836 1265 μὴν
2870 1195 2962 1247 καὶ
2995 1194 3187 1264 ἐτέρου
3229 1194 3562 1264 Γράμματος
3608 1192 3754 1263 ἱεροῦ
3781 1208 3794 1221 ·

2218 1286 2246 1338 ι’
2276 1289 2444 1342 Ὅταν
2481 1288 2537 1340 δὲ
2571 1289 2840 1357 εἰσαγάγῃ
2881 1286 2972 1340 τὸν
2999 1286 3352 1358 Πρωτότοκον
3380 1288 3460 1349 εἰς
3493 1284 3590 1356 τὴν
3620 1286 3800 1338 οίκουο

2209 1380 2412 1450 μένην,
2466 1379 2644 1447 λέγει·
2682 1380 2792 1432 Καὶ
2817 1377 3360 1448 προσκυνησάτωσαν
3404 1376 3554 1446 αύτῷ
3599 1375 3800 1437 πάντες

2211 1470 2432 1538 ἄγγελοι
2460 1469 2615 1523 Θεοῦ.
2647 1489 2664 1520 ι
2693 1469 3044 1540 Πρωτότοκος
3066 1467 3123 1521 δὲ
3150 1468 3328 1537 πάντη
3351 1484 3410 1520 τε
3437 1466 3532 1520 καὶ
3585 1468 3798 1528 πάντως

2213 1565 2298 1634 εἴη
2328 1563 2395 1618 ἂν
2427 1567 2456 1618 6
2480 1565 2538 1617 ιν
2575 1564 2787 1627 πολλοῖς
2831 1563 3100 1630 ἀδελφοῖς,
3127 1563 3227 1632 οὐχ
3270 1563 3298 1614 6
3336 1561 3492 1631 μόνος
3522 1561 3586 1614 ἐκ
3638 1559 3797 1626 μόνου

2211 1657 2608 1728 γεγεννημένος
2641 1655 2735 1709 τοῦ
2764 1653 2900 1707 Θεοῦ
2947 1654 3042 1707 καὶ
3090 1652 3324 1724 Πατρός.
3368 1652 3645 1724 Ἐψομεθα
3691 1652 3800 1724 γάρ

2210 1749 2351 1812 τέως
2381 1752 2502 1811 ταῖς
2538 1751 2676 1812 σαῖς,
2708 1742 2753 1801 ὦ
2783 1740 2961 1810 οὗτος,
2993 1745 3334 1810 διαστολαῖς,
3367 1744 3800 1818 καραδοκοῦντες

525 1834 724 1889 tionem
767 1839 831 1890 ad
880 1840 1026 1892 initia
1069 1845 1372 1913 revocabo)
1413 1847 1502 1914 qui
1549 1847 1796 1903 humana:
1823 1852 2016 1907 anima)
2054 1866 2095 1906 et

2211 1841 2572 1912 οἰκονομικῶς
2609 1841 2733 1893 ὅποι
2782 1841 2913 1892 ποτὲ
2947 1841 3078 1910 ἡμῖν
3118 1838 3492 1891 διεκπαίουσιν
3535 1838 3586 1890 oi
3626 1836 3795 1905 λόγοι.

521 1929 703 1982 Carnis
729 1929 1128 1987 fraternitatem
1163 1937 1446 1991 nobiScum
1472 1941 1732 2009 suscepit,
1756 1951 1810 1995 et
1839 1950 2000 1997 natus
2022 1957 2109 2000 est

520 2033 587 2070 ex
628 2021 834 2075 semine
871 2025 1166 2090 Abraham,
1221 2029 1265 2080 is
1314 2030 1706 2097 primogenitus
1745 2034 1852 2087 erit
1898 2037 2100 2104 utique,

521 2120 579 2162 ιιι
609 2110 661 2164 in
695 2113 878 2167 multis
901 2115 1162 2174 fratribus
1199 2137 1212 2173 :
1242 2118 1331 2174 ille
1361 2136 1488 2175 vero
1519 2124 1570 2174 in
1617 2125 1736 2177 sinu
1783 2127 1874 2180 Dei
1905 2136 1961 2180 et
1998 2127 2104 2180 Pa-

521 2201 641 2265 tris,
680 2205 988 2272 unigenitus
1031 2205 1183 2265 'Deus
1231 2209 1492 2267 Verbum.
1554 2215 1715 2284 Atqui
1773 2234 1892 2273 cum
1947 2234 2101 2275 sacra

521 2291 797 2363 Scriptura
831 2298 974 2351 dicat
1017 2299 1067 2354 in
1097 2300 1293 2356 Filium
1336 2303 1425 2358 Dei
1460 2305 1794 2374 unigenitum
1831 2326 1951 2366 esse
1980 2326 2101 2366 cre-

516 2381 775 2448 dendum,
812 2399 915 2452 qua
951 2387 1018 2442 de
1051 2404 1211 2443 causa
1257 2392 1413 2448 nobis
1447 2407 1735 2464 cognatum
1769 2409 1932 2469 atque
1967 2417 2102 2457 con-

516 2471 928 2529 substantialem
969 2493 1090 2531 cum
1134 2487 1506 2551 proposueris,
1539 2489 1674 2544 dicis
1706 2507 1811 2545 non
1847 2505 2102 2561 oportere

514 2563 582 2614 ab
605 2561 722 2631 ejus
753 2566 1013 2621 dimoveri
1031 2569 1152 2625 -fide
1175 2573 1197 2624 ?
1234 2573 1375 2644 Ergo
1399 2592 1622 2634 necesse
1646 2594 1730 2637 est
1771 2585 2100 2655 conjungere

516 2651 568 2704 iu
595 2667 759 2707 unum
795 2657 1078 2714 Dominum
1105 2673 1156 2714 et
1185 2662 1486 2732 Christum,
1517 2651 1904 2738 conjunctione
1933 2651 2098 2731 nimi-

513 2757 632 2795 rum
659 2749 955 2802 secundum
987 2751 1322 2822 hypostasin,
1359 2767 1418 2811 ut
1447 2759 1500 2813 in
1531 2765 1721 2818 eodem
1766 2767 2099 2838 intelligatur

513 2833 842 2903 unigenitus,
883 2851 937 2893 et
966 2843 1359 2912 primogenitus
1417 2851 1598 2919 idem;
1643 2871 1708 2910 eo
1744 2861 1884 2926 quod
1921 2833 2094 2928 ipsum

510 2939 575 2980 ex
619 2927 726 2983 Deo
775 2931 933 2986 Patre
966 2934 1198 2992 Verbum
1231 2955 1352 2995 cum
1403 2956 1548 3001 esset
1587 2963 1653 3002 ex
1704 2963 1897 3006 natura
1924 2927 2092 3019 Dens,

512 3024 712 3079 factum
745 3035 826 3082 est
861 3031 1022 3086 homo
1055 3038 1226 3091 nostri
1253 3039 1470 3106 similis,
1503 3053 1558 3097 et
1591 3059 1654 3097 ex
1676 3047 1900 3103 semine
1921 3051 2091 3103 Abra-

491 3117 656 3170 iham.
699 3118 922 3175 Etenim
970 3138 1187 3181 acutum
1217 3133 1320 3185 sibi
1354 3137 1609 3202 quiddam
1643 3138 1914 3194 invenisse
1941 3146 2091 3197 vide—
2119 3169 2162 3226 ρ

512 3219 612 3271 tur,
646 3212 930 3282 itaque-sic
964 3234 1149 3275 rursus
1171 3224 1253 3275 'ait
1285 3242 1298 3277 :

579 3479 840 3552 [Nssrom
881 3485 1205 3543 Meministis
1251 3499 1430 3546 autem
1477 3509 1699 3563 prorsus
1745 3513 1930 3553 eorum
1971 3517 2090 3569 quae

505 3589 650 3641 saepe
675 3576 785 3628 dixi
812 3577 982 3642 vobis,
1012 3594 1134 3632 cum
1165 3584 1299 3636 duas
1325 3583 1377 3636 in
1407 3584 1625 3640 Christo
1651 3599 1870 3644 naturas
1899 3593 2090 3647 distin-

505 3680 724 3735 guerent
757 3687 770 3723 :
803 3671 922 3723 duae
943 3674 1267 3737 suut‘euim,
1299 3676 1344 3729 si
1372 3687 1619 3731 naturam
1653 3690 1894 3748 spectes;
1929 3684 1973 3738 si
2010 3688 2090 3739 di-

503 3759 784 3822 gnitatem,
813 3761 1039 3829 simplex
1069 3781 1083 3815 :
1121 3775 1437 3820 naturarum
1472 3768 1615 3822 enim
1646 3773 1948 3828 auctoritas
1979 3792 2085 3830 una

501 3861 586 3906 est
633 3863 853 3922 propter
895 3855 1374 3925 conjunctionem,
1428 3861 1535 3931 91
1599 3866 1810 3919 naturis
1867 3871 2084 3932 quidem

503 3961 717 4014 semper
753 3947 805 4002 in
834 3961 932 4003 suo
958 3951 1148 4005 ordine
1191 3957 1654 4020 permanentibus,
1697 3959 1790 4012 sed
1825 3960 2088 4028 dignitate

503 4039 811 4110 conjuncta,
843 4049 901 4094 ut
928 4041 1040 4106 jam
1084 4043 1218 4106 dixi,
1251 4044 1302 4096 in
1341 4047 1717 4101 auctoritatem
1745 4050 1982 4109 unicam.
2011 4053 2029 4124 J

1154 4180 1306 4236 CAP.
1346 4180 1434 4237 VI.

575 4307 680 4365 Sed
704 4309 862 4366 facile
877 4323 1104 4381 prorsus
1128 4315 1506 4379 intellexisses,
1541 4319 1584 4372 si
1613 4320 1824 4375 divinas
1851 4321 2086 4378 Litteras

487 4402 651 4472 sequi
677 4404 995 4470 statuisses,
1017 4421 1144 4475 quae
1175 4423 1337 4462 unum
1363 4410 1552 4463 dicunt
1579 4410 1865 4466 Dominum
1898 4413 2082 4469 Jesum

2195 1933 2418 1988 Ὀύκοῦν
2452 1932 2795 2002 (ἀνακομίσω
2827 1931 2936 2003 γὰρ
2964 1931 3058 1984 τὸν
3087 1931 3244 1998 λόγον
3276 1931 3356 1992 εἰς
3379 1929 3438 1982 τὸ
3468 1929 3564 1982 ἀπ’
3594 1929 3795 1999 ἀρχῆς)

2206 2030 2235 2081 6
2261 2026 2444 2096 ψυχῆς
2479 2024 2828 2096 ἀνθρωπίνης
2872 2025 2967 2077 καὶ
3006 2023 3207 2094 σαρκὸς
3242 2022 3380 2093 πρὸς
3407 2023 3557 2092 ἡμᾶς
3597 2021 3798 2076 ἀναλα-

2208 2117 2319 2170 ϐὼν
2339 2117 2698 2187 ἀδελφότητα,
2727 2114 2970 2184 γεγονὼς
2995 2114 3053 2167 δὲ
3077 2116 3142 2167 ὲκ
3170 2113 3484 2182 σπέρματος
3525 2112 3796 2182 Ἀϐραὰμ,

2205 2209 2549 2280 πρωτότοκος
2575 2208 2660 2277 εἴη
2687 2207 2753 2260 ἂν
2785 2206 2862 2266 ὡς
2883 2207 2940 2258 ἐν
2973 2206 3189 2268 πολλοῖς
3221 2205 3474 2273 ἀδελφοῖς
3499 2220 3513 2234 ο
3538 2205 3567 2256 ὃ
3589 2221 3652 2272 γε
3690 2203 3796 2274 μὴν

2204 2301 2264 2353 ἐν
2293 2300 2478 2368 κόλπῳ
2504 2298 2598 2352 τοῦ
2629 2297 2765 2352 Θεοῦ
2793 2298 2888 2351 καὶ
2919 2297 3156 2368 Πατρδς,
3195 2297 3490 2367 μονογενὴς
3523 2294 3657 2349 Θεοῦ
3688 2296 3794 2349 Λό-

2203 2409 2316 2459 γος.
2343 2386 2475 2444 Εἶτα
2506 2393 2603 2462 τῆς
2635 2389 2997 2442 θεοπνεύστου
3030 2389 3281 2459 Γραφῆς,
3311 2389 3393 2451 εἰς
3428 2387 3519 2440 τὸν
3552 2388 3678 2440 Υἱὸν
3698 2387 3792 2440 τοῦ

2202 2483 2337 2536 Θεοῦ
2364 2484 2454 2536 τὸν
2504 2481 2772 2553 μονογενῆ
2819 2480 3020 2551 χρῆναι
3058 2479 3325 2552 λεγούσης
3380 2480 3654 2532 ποιεῖσθαι
3693 2479 3794 2547 τὴν

2204 2579 2409 2640 πίστιν,
2445 2579 2533 2629 τὸν
2567 2575 2805 2645 συγγενῆ
2847 2593 2906 2628 τε
2935 2575 3032 2628 καὶ
3061 2576 3195 2644 ἡμῖν
3221 2573 3529 2644 ὀμοούσιον,
3565 2571 3792 2626 ἀνθότου

2201 2669 2542 2738 παρατιθεὶς,
2578 2670 2650 2738 μὴ
2679 2667 2743 2738 δὴ
2789 2668 2986 2738 χρῆναι
3024 2667 3133 2738 φὴς
3166 2666 3265 2737 τῆς
3303 2669 3385 2730 είς
3419 2665 3582 2719 αὐτὸν
3613 2682 3796 2734 παρα-

2198 2761 2499 2833 τρέπεσθαι
2539 2762 2808 2826 πίστεως;
2844 2760 3054 2814 Οὐκοῦν
3084 2761 3302 2830 ἀνάγκη
3336 2760 3547 2812 συνδεῖν
3581 2760 3657 2821 εἰς
3696 2758 3793 2809 ἐνα

2185 2855 2407 2925 -Κύριον
2438 2855 2533 2908 καὶ
2581 2855 2848 2927 Χριστόν·
2893 2857 3012 2908 κατ’
3045 2854 3258 2925 ἔνδησιν
3319 2854 3374 2907 δὲ
3417 2853 3660 2924 δηλονότι
3693 2852 3792 2923 τὴν

2197 2947 2322 3001 καθ’
2353 2949 2672 3009 ὑπόστασιν,
2709 2947 2799 3002 ἵνα
2826 2949 2882 3000 ὲν
2927 2946 3112 3017 ταυτῷ
3153 2949 3326 3000 νοοῖτο
3367 2945 3664 3016 μονογενὴς
3697 2947 3792 2998 καὶ

2196 3040 2542 3110 πρωτότοκος
2570 3040 2598 3092 6
2626 3039 2809 3104 αὐτὸς,
2850 3038 2987 3092 καθὸ
3013 3038 3174 3108 φύσει
3203 3038 3336 3102 Θεὸς
3378 3038 3642 3108 ὑπάρχων
3661 3041 3690 3090 6
3727 3041 3790 3090 ὲκ

2196 3131 2333 3184 Θεοῦ
2369 3131 2581 3201 Πατρός
2618 3133 2814 3198 Λόγος,
2865 3131 3091 3199 γέγονεν
3133 3130 3418 3201 ἄνθρωπος
3444 3129 3567 3184 καθ’
3616 3131 3786 3199 ἡμᾶς,

2196 3227 2289 3277 καὶ
2323 3227 2387 3278 ὲκ
2436 3225 2749 3294 σπέρματος
2801 3225 3079 3295 Ἀϐραάμ.
3135 3223 3295 3278 Ἀλλά
3341 3224 3449 3294 γὰρ
3491 3222 3791 3294 ἐξηύρηταί

2197 3335 2246 3368 τι
2275 3316 2437 3386 σοφὸν
2468 3317 2639 3386 αὐτῷ,
2678 3316 2930 3388 καθάπερ
2971 3313 3065 3369 οὖν
3111 3315 3285 3370 οἴεται
3329 3315 3422 3369 καί
3457 3332 3618 3384 φησιν
3644 3313 3789 3366 οὕτω

2177 3407 2358 3460 πάλιν
2389 3422 2403 3436 ⁶

2264 3499 2596 3570 [Μέμνησθε
2627 3501 2685 3554 δέ
2734 3517 2838 3552 που
2873 3499 3091 3562 πάντως
3121 3499 3218 3552 καὶ
3267 3499 3335 3552 τὰ
3382 3497 3644 3560 πολλάκις
3687 3514 3782 3566 μοι

2192 3593 2331 3662 πρὸς
2361 3593 2506 3661 ὑμᾶς
2531 3592 2821 3662 εἰρημένα,
2853 3591 2953 3654 τὰς
2984 3591 3180 3652 διπλᾶς
3211 3590 3348 3662 πρὸς
3384 3590 3474 3643 τὸν
3503 3588 3784 3657 Δεσπότην

2190 3683 2430 3752 Χριστὸν
2463 3683 2794 3753 διακρίνοντι
2825 3681 3018 3749 φύσεις
3042 3697 3054 3710 ο
3089 3680 3276 3734 διπλαῖ
3307 3681 3406 3751 μὲν
3437 3681 3542 3752 γὰρ
3585 3684 3652 3752 τῇ
3685 3680 3785 3749 φύ-
3836 3695 3844 3704 ·

2193 3785 2294 3830 σει,
2323 3771 2388 3839 τῇ
2423 3769 2480 3821 δὲ
2511 3769 2640 3839 ἀξίᾳ.
2689 3769 2977 3839 μοναδικαί
2999 3786 3012 3798 ·
3047 3771 3081 3839 ἡ
3122 3770 3231 3840 γὰρ
3279 3769 3386 3823 τῶν
3419 3772 3634 3840 φύσεων
3681 3771 3782 3825 αύ-

2192 3859 2398 3922 θεντία,
2427 3859 2516 3912 διὰ
2546 3861 2648 3931 τὴν
2680 3861 2998 3929 συνάφειαν,
3031 3861 3129 3930 μία
3150 3878 3164 3892 ·
3201 3861 3307 3914 τῶν
3340 3861 3440 3932 μὲν
3477 3862 3694 3934 φύσεων
3724 3866 3782 3917 ὲν

2191 3955 2258 4024 τῇ
2297 3953 2476 4025 οἰκείᾳ
2499 3953 2652 4019 τάξει
2684 3953 2771 4006 διά
2812 3952 3014 4016 παντὸς
3057 3953 3334 4022 μενουσῶν
3354 3969 3367 3980 ·
3393 3953 3491 4024 τῆς
3531 3953 3590 4006 δὲ
3623 3954 3784 4020 ἀξίας

2194 4045 2564 4116 συνημμένης,
2589 4046 2664 4110 ὠς
2695 4047 2977 4115 προεῖπον,
3013 4045 3094 4108 είς
3119 4044 3406 4100 αὐθεντίαν
3439 4045 3781 4118 μοναδικήν.]

2792 4184 3041 4236 meum.
3087 4185 3178 4250 (τ’.

2266 4319 2406 4371 Ἀλλ’
2435 4315 2579 4388 ἦσθά
2614 4336 2715 4372 που
2771 4320 2992 4384 πάντως
3032 4320 3300 4391 εὐμαθὴς,
3331 4326 3396 4392 τῇ
3437 4323 3780 4396 θεοπνεύστῳ

2191 4409 2380 4480 Γραφῇ
2441 4408 2863 4461 κατακολουθεῖν
2911 4412 3206 4480 ᾑρημένος,
3249 4411 3344 4465 ἕνα
3391 4412 3625 4486 λεγούσῃ
3665 4414 3780 4467 Κύ-

478 4496 805 4562 'Christum,
833 4512 938 4552 non
982 4497 1325 4568 sejungentes
1377 4501 1521 4554 illum
1555 4519 1620 4556 ex
1667 4509 1874 4559 semine
1909 4508 2080 4560 Abra-

2199 4519 2306 4571 ριον
2353 4501 2561 4571 Ἰησοῦν
2603 4501 2856 4570 Χριστὸν,
2898 4503 2992 4554 καὶ
3040 4504 3141 4555 οὐκ
3193 4505 3297 4557 ἀνὰ
3354 4506 3520 4576 μέρος
3564 4507 3779 4579 τιθείσῃ

500 4589 646 4652 ham,
665 4597 719 4641 et
735 4587 862 4642 illud
879 4605 940 4642 ex
964 4591 1070 4644 Deo
1086 4590 1246 4644 Patre
1273 4589 1522 4645 Verbum.
1545 4595 1623 4645 Ad
1647 4595 1759 4648 haec
1775 4596 1900 4649 illud
1920 4598 2082 4652 etiam

497 4680 842 4735 considerare
862 4683 1135 4750 oportuit:
1167 4681 1266 4735 alia
1289 4695 1371 4738 est
1399 4685 1540 4738 enim
1573 4702 1656 4740 res
1673 4688 1946 4753 divinitas,
1976 4690 2078 4744 alia

497 4773 913 4828 nostrze'similis
937 4775 1278 4838 humanitas,
1306 4780 1448 4845 quod
1475 4779 1540 4831 ad
1576 4781 1839 4835 rationem
1881 4783 2080 4837 attinet

497 4878 614 4929 quae
633 4866 841 4919 naturis
869 4867 1005 4919 iuest
1029 4885 1041 4921 :
1065 4882 1356 4936 congressu
1378 4880 1558 4922 autem
1579 4873 1872 4926 secumlum
1892 4889 2076 4928 veram

498 4957 769 5021 unionem,
787 4973 925 5012 unus
951 4969 1028 5013 est
1058 4976 1121 5013 ex
1142 4962 1386 5030 utrisque
1400 4960 1673 5025 Christus,
1699 4976 1754 5017 ut
1776 4979 1917 5033 saepe
1935 4967 2079 5021 dixi-

500 5063 652 5103 mus:
680 5050 1060 5120 ltypostasibus
1089 5067 1232 5116 vero,
1267 5063 1405 5106 nt-tu
1439 5056 1539 5112 ais.
1573 5055 1623 5105 in
1653 5057 1758 5110 duo
1791 5057 1998 5119 divisis,
2026 5068 2081 5112 et

500 5141 726 5194 seorsim
759 5157 824 5195 ac
853 5143 1098 5211 privatim
1148 5146 1412 5199 exsistere
1453 5146 1736 5200 intellectis
1759 5189 1771 5212 ,
1801 5150 2076 5215 quomodo

2192 4595 2284 4646 τὸν
2316 4595 2380 4646 ὲκ
2405 4594 2721 4664 σπέρματος
2767 4593 3042 4664 Ἀϐραὰμ,
3068 4595 3160 4648 καὶ
3192 4597 3282 4648 τὸν
3315 4599 3377 4650 ἐκ
3407 4598 3542 4650 Θεοῦ
3566 4600 3777 4670 Πατρὸς

2191 4685 2386 4752 Λόγον.
2424 4685 2532 4737 Καὶ
2571 4685 2708 4754 πρός
2747 4701 2812 4750 γε
2845 4685 2911 4754 δὴ
2958 4685 3150 4755 τούτῳ,
3187 4687 3408 4740 κάκεῖνο
3443 4688 3776 4743 διανοεῖσθαι

2188 4781 2292 4848 χρὴ
2313 4793 2325 4805 ο
2354 4776 2542 4845 ἕτερον
2582 4776 2679 4840 μὲν
2716 4776 2825 4846 γάρ
2859 4793 2911 4828 τι
2935 4776 3128 4846 χρῆμα
3175 4777 3387 4847 θεότης,
3436 4779 3622 4850 ἕτερον
3649 4779 3710 4832 δὲ
3736 4783 3771 4852 ή

2188 4868 2310 4920 καθ’
2339 4869 2487 4936 ἡμᾶς
2510 4867 2894 4937 ἀνθρωπότης,
2921 4868 3063 4921 κατά
3098 4886 3162 4936 γε
3184 4871 3277 4922 τὸν
3304 4871 3491 4925 ἐνόντα
3516 4876 3636 4936 ταῖς
3667 4873 3772 4942 φύ-

2190 4976 2306 5011 σεσι
2337 4959 2494 5027 λόγον
2514 4977 2525 4988 ·
2578 4959 2848 5028 συμϐάσει
2879 4959 2939 5012 δὲ
2966 4962 3031 5030 τῇ
3073 4960 3195 5013 καθ’
3234 4961 3430 5016 ἕνωσιν
3458 4964 3661 5035 ἀληθῆ,
3690 4961 3773 5030 εἷς

2187 5048 2247 5112 ἐξ
2291 5049 2495 5119 ἀμφοῖν
2535 5050 2562 5100 6
2595 5049 2849 5120 Χριστὸς,
2881 5050 3022 5103 καθά
3069 5051 3386 5116 πλειστάκις
3434 5056 3772 5126 εἰρήκαμενο

2185 5141 2295 5194 τῶν
2320 5159 2382 5209 γε
2421 5141 2526 5212 μὴν
2545 5141 2919 5205 ὑποστάσεων,
2949 5143 3024 5206 ὡς
3055 5145 3118 5196 σὺ
3143 5143 3271 5215 φὴς,
3305 5146 3653 5218 διῃρημένων
3689 5151 3774 5214 εἰς

501 5247 819 5301 cungressus
841 5235 892 5288 in
913 5251 1072 5288 unam
1097 5252 1382 5305 personam
1412 5238 1523 5303 tiet,
1552 5238 1651 5291 nisi
1678 5240 2085 5296 unumal—terius

2199 5235 2296 5294 ἰύο,
2339 5236 2434 5287 καὶ
2474 5233 2782 5302 νοουμένων
2812 5235 3080 5305 ὑπάρχειν
3111 5237 3218 5290 ἀνὰ
3256 5237 3424 5308 μέρος
3463 5257 3520 5293 τε
3548 5242 3640 5295 καὶ
3675 5241 3774 5295 ἰδι-

502 5341 623 5380 esse
671 5329 1063 5395 quodammodo
1115 5331 1387 5398 proprium
1429 5331 1639 5386 dicatur
1666 5371 1680 5395 ,
1715 5343 1774 5386 ut
1815 5334 2077 5387 nimirum

504 5416 753 5470 humana:
797 5417 987 5471 anima:
1015 5420 1287 5488 proprium
1340 5421 1655 5491 intelligitur
1699 5425 1816 5491 ejus
1861 5441 2082 5495 corpus,

503 5505 751 5575 quamvis
804 5507 1029 5562 diversae
1077 5511 1147 5563 sit
1178 5511 1246 5564 ab
1294 5526 1357 5564 ea
1398 5523 1603 5566 natura:
1641 5530 1655 5568 :
1697 5531 1870 5584 neque
1937 5516 2082 5570 enim

506 5600 645 5654 idem
665 5610 746 5653 est
775 5603 949 5654 anima
974 5611 1026 5654 et
1047 5617 1262 5669 corpus.
1301 5602 1406 5658 Sed
1429 5606 1570 5660 dicet
1595 5604 1824 5660 fortasse
1853 5607 2044 5676 aliquis
2069 5626 2082 5662 :

580 5781 600 5812 ‘
637 5781 793 5838 Juatt.
841 5797 921 5848 tit,
957 5780 1040 5837 i6.
1118 5783 1137 5814 ⁷
1180 5783 1309 5840 ibid.
1349 5783 1428 5838 l8.
1511 5785 1529 5816 ⁸
1570 5782 1724 5840 Joau.
1757 5802 1793 5853 t,
1838 5785 1920 5840 l8.

2186 5326 2320 5389 κῶς,
2355 5327 2471 5389 πῶς
2507 5327 2570 5379 ἂν
2605 5326 2815 5394 γένοιτο
2855 5327 3128 5397 σύμϐασις
3169 5329 3249 5392 είς
3281 5332 3573 5400 πρόσωπον
3601 5334 3681 5398 ἓν,
3717 5336 3771 5387 εί

2190 5419 2266 5489 μὴ
2292 5420 2400 5489 ἄρα
2425 5437 2542 5482 πως
2575 5420 2704 5472 ἴδιον
2745 5420 2803 5470 ἓν
2845 5419 2963 5482 ἐνὸς
2991 5419 3234 5487 λέγοιτο’
3279 5421 3531 5494 καθάπερ
3575 5425 3769 5494 ἀμέλει

2185 5513 2286 5580 τῆς
2316 5511 2603 5582 ἀνθρώπου
2633 5510 2812 5581 ψυχῆς
2847 5511 2975 5563 ἴδιον
3007 5511 3071 5564 ἂν
3101 5515 3272 5565 νοοῖτο
3299 5513 3359 5566 τὸ
3385 5515 3542 5586 σῶμα
3575 5517 3765 5586 αὐτῆς,

2192 5604 2369 5657 καίτοι
2404 5601 2538 5674 πρὸς
2576 5601 2742 5672 αὐτὴν
2770 5601 3011 5672 ὑπάρχον
3043 5603 3329 5674 ὲτεροφυές
3355 5620 3368 5634 ”
3405 5605 3464 5658 οὑ
3507 5607 3614 5677 γάρ
3662 5624 3764 5660 που

2001 5788 2019 5818 τ’
2065 5786 2228 5843 llcbt'.
2268 5802 2302 5852 t,
2337 5786 2390 5838 6.
