4054 6332
266 391 366 443 Nil

1374 363 1748 422 ADVERSUS
1788 359 2198 418 NESTORIUM
2239 358 2372 413 LIB.
2415 355 2504 412 lll.
2587 325 2599 343 ⁸

3457 351 3562 405 16?.

262 505 465 562 ταυτὸν
515 503 583 558 ἂν
617 501 702 572 εἴη
732 498 879 569 ψυχή
925 513 984 549 τε
1017 495 1113 549 καὶ
1157 493 1338 562 σῶμα.
1386 488 1528 543 Ἀλλ’
1577 489 1708 550 ἴσως
1753 487 1901 557 ἐρεῖ,

2006 483 2254 551 luomodo
2290 480 2381 534 illa
2417 489 2603 533 sancta
2637 485 2690 530 ct
2741 475 3018 532 adoranda
3063 473 3304 530 Trinitas
3341 471 3397 527 in
3451 480 3564 526 tres

265 616 371 662 τις,
403 594 532 657 Πῶς
554 595 588 664 ή
618 591 746 659 ἁγία
771 591 864 642 καὶ
885 583 1340 659 προσκυνουμένη
1369 581 1541 652 Τριάς
1561 579 1859 649 διορίζεται

271 691 373 762 μὲν
405 689 485 750 εἰς
506 687 655 756 τρεῖς
691 680 1043 741 ὑποστάσεις,
1079 675 1208 745 μίαν
1233 673 1292 726 δὲ
1319 672 1574 740 θεότητος
1605 667 1862 724 ἀποτελεῖ

268 784 475 854 quam;
509 779 655 841 Ὅτι,
709 774 874 842 φαίην
926 773 1014 834 ἂν,
1045 770 1116 839 τῇ
1161 766 1269 818 τῶν
1300 764 1518 834 φύσεων
1549 762 1659 834 [ῖσ.
1694 777 1864 833 προσο

267 870 461 933 ώπων,
495 867 558 934 ἢ,
578 859 952 932 ὑποστάσεων]
967 858 1222 927 διαφορᾷ,
1249 857 1312 908 τὸ
1350 855 1549 909 ταυτὸν
1581 853 1661 916 είς
1677 852 1864 905 οὐσίαν

269 958 594 1028 ἀναγκαίως
625 956 915 1025 ἑπόμενον,
947 953 1028 1015 είς
1061 951 1193 1020 μίαν
1237 948 1503 1017 Θεότητος
1542 942 1866 1015 ἀνακομίζει

273 1053 439 1122 φύσιν
468 1048 576 1103 τῶν
599 1045 966 1100 πιστευόντων
1023 1042 1114 1094 τὸν
1143 1039 1270 1094 νοῦν
1295 1055 1308 1068 '
1335 1038 1429 1091 ἐπὶ
1448 1038 1507 1091 δέ
1540 1053 1604 1105 γε
1655 1037 1868 1105 Ἐμμα-

274 1145 461 1214 νουήλ,
481 1142 673 1210 ἐπειδὴ
692 1139 882 1208 θεότης
908 1137 994 1189 ’έτε
1004 1134 1094 1204 ρόν
1115 1151 1168 1186 τι
1188 1131 1337 1202 παρά
1358 1130 1456 1200 τὴν
1471 1125 1871 1198 ἀνθρωπότητά

279 1242 451 1300 ἐστιν,
495 1236 544 1288 εί
571 1234 646 1304 μή
677 1249 876 1302 φαμεν.
917 1228 1045 1280 ἴδιον
1070 1224 1327 1295 γενέσθαι
1361 1223 1421 1276 τὸ
1451 1221 1606 1291 σῶμα
1635 1218 1729 1272 τοῦ
1767 1218 1871 1272 Λό-

279 1347 378 1398 γου
409 1326 533 1382 καθ’
549 1326 744 1378 ἕνωσιν
770 1321 968 1392 ἀληθῆ.
993 1320 1111 1382 πῶς
1143 1318 1209 1372 ἃν
1233 1317 1291 1368 ἓν
1324 1314 1669 1369 ἀποτελεῖται
1702 1304 1873 1380 πρόσ-

280 1437 456 1482 ωπον,
503 1418 566 1470 τὸ
628 1416 830 1486 ἀμφοῖν
882 1411 1148 1480 ἑκατέρας
1201 1409 1332 1478 ἡμῖν
1377 1404 1728 1464 ὑποστάσεως
1783 1417 1876 1468 φε-

285 1511 492 1583 ρούσης
533 1507 664 1561 ἴδιον
697 1506 772 1569 ὡς
822 1504 924 1557 ἀνὰ
971 1501 1138 1572 μέρος
1195 1497 1498 1568 κειμένης;
1541 1495 1653 1548 Καὶ
1706 1495 1755 1546 εἰ
1804 1491 1878 1561 μὴ

282 1605 514 1672 γέγονεν
564 1601 695 1652 ῖδιον
750 1595 811 1649 τὸ
867 1593 1073 1664 ληφθὲν
1127 1590 1222 1644 τοῦ
1271 1586 1719 1661 προσειληφότος,
1779 1585 1880 1636 οὑκ

284 1695 516 1763 ἀρκέσει
554 1691 822 1759 συνάφεια
871 1685 1015 1740 κατὰ
1061 1683 1278 1737 σύνοδον
1332 1680 1540 1744 ἁπλῶς,
1587 1679 1686 1747 τὴν
1719 1678 1796 1743 ὡς
1822 1678 1880 1729 ὲν

285 1786 418 1858 ἀξίᾳ.
444 1801 504 1837 τε
534 1783 672 1853 μόνῃ
697 1779 791 1833 καὶ
822 1776 1102 1846 αὑθεντίᾳ,
1151 1774 1240 1827 τὸν
1278 1772 1376 1826 ἓνα
1415 1771 1508 1826 καὶ
1558 1770 1717 1840 μόνον
1751 1770 1882 1838 ἡμῖν

1964 578 2284 652 hypostases
2358 569 2740 637 distinguitur,
2792 579 2846 622 et
2900 582 3062 627 unam
3116 577 3292 622 tamen
3347 564 3567 620 deitatis

1963 667 2198 726 absolvit,
2244 673 2495 719 naturam
2531 662 2552 716 ?
2583 660 2753 728 Quia,
2809 675 2925 714 mea
2977 659 3200 733 quidem
3253 655 3566 720 sententia,

1965 777 2087 816 cum
2114 759 2300 814 eadem
2329 755 2565 812 essentia
2601 752 2907 808 necessario
2931 763 3288 816 personarum
3312 745 3570 808 dideren-
3615 757 3630 774 '

1969 857 2098 908 tiam
2129 861 2421 920 sequatur,
2449 847 2786 901 credentium
2836 842 3254 911 intelligentiam,
3297 839 3364 896 ad
3402 853 3566 896 unam

1972 944 2278 998 Divinitatis
2300 951 2547 996 naturam
2578 936 2826 1008 perducit
2860 952 2872 985 :
2906 937 2958 988 in
2983 932 3335 991 Eumtanuele
3367 939 3568 993 autem,

1977 1039 2104 1108 quia
2142 1037 2316 1096 deitas
2345 1033 2488 1086 aliud
2531 1032 2787 1101 quiddam
2837 1038 2920 1084 est
2950 1029 3022 1087 ab.
3057 1026 3427 1088 humanitate,
3471 1023 3570 1076 nisi

1974 1131 2272 1184 dixerimus
2332 1130 2608 1196 proprium
2667 1125 2868 1176 factum
2919 1120 3087 1178 fuisse
3143 1134 3342 1191 corpus
3400 1116 3573 1184 ipsius

1975 1221 2136 1276 Verbi
2164 1236 2259 1290 per
2296 1233 2474 1272 veram
2500 1217 2775 1276 unionem,
2801 1213 3070 1280 quomodo
3101 1225 3206 1262 una
3254 1210 3574 1264 absolvetur

1977 1327 2046 1365 ex
2073 1322 2308 1378 utroque
2341 1321 2568 1376 persona
2593 1346 2608 1368 ,
2639 1318 2762 1358 cum
2798 1301 3057 1355 alterutra
3110 1297 3413 1360 substantia
3450 1309 3577 1366 pro-

1979 1402 2152 1472 priam
2191 1402 2407 1467 utrique
2453 1399 2624 1460 ferat,
2655 1407 2841 1464 utpote
2902 1391 3132 1446 seorsim
3175 1389 3348 1460 posita
3411 1395 3577 1454 atque

1981 1493 2273 1561 seiuncta?
2326 1493 2438 1546 Etsi
2487 1491 2538 1545 id
2561 1490 2703 1560 quod
2744 1496 3018 1554 sumptum
3059 1493 3170 1548 est,
3208 1497 3313 1536 non
3343 1481 3416 1536 sit
3454 1492 3580 1548 pro-

1985 1589 2162 1658 prium
2205 1584 2537 1640 assumeutis
2569 1583 2769 1635 factum
2797 1619 2812 1642 ,
2840 1593 2944 1630 non
2974 1579 3110 1632 satis
3137 1574 3241 1634 erit
3269 1571 3588 1638 coniunctio,

1984 1696 2082 1749 per
2142 1677 2444 1746 simplicem
2536 1673 2818 1744 dignitatis
2891 1668 3060 1722 solius
3125 1677 3180 1720 et
3248 1661 3591 1722 auctoritatis

1987 1771 2278 1827 coitionem
2305 1808 2320 1834 ,
2357 1768 2422 1821 ad
2455 1782 2620 1821 untuu
2669 1779 2730 1818 ac
2764 1762 2936 1817 solum
2989 1758 3146 1820 nobis
3175 1757 3454 1812 Christum
3491 1754 3588 1807 ab.

284 1841 914 1944 dédtsléoat-kpwzbv,
962 1841 1066 1920 τὸν-
1101 1867 1262 1920 αὑτὸν
1311 1866 1442 1917 ὄντα
1491 1863 1624 1916 Θεὸν
1659 1861 1797 1931 ὁμοῦ
1827 1879 1886 1914 τε

2006 1862 2330 1927 ιοΙνοιιιΙιιιιι,
2369 1858 2463 1928 qui
2496 1857 2636 1912 idem
2671 1853 2830 1909 simul
2863 1855 3003 1907 Dens
3032 1853 3099 1910 sit
3123 1860 3177 1904 et
3203 1851 3385 1902 homo.
3437 1846 3593 1908 Tum;

287 1971 392 2024 καὶ
423 1967 731 2038 ἄνθρωπον.
763 1963 896 2016 Τότε
941 1962 1071 2030 γὰρ,
1101 1961 1221 2012 τότε
1263 1961 1356 2011 καὶ
1385 1956 1529 2025 μάλα
1565 1953 1781 2027 [λείπει
1806 1970 1885 2017 τι,

291 2063 386 2114 ἵσ.
441 2061 737 2122 ἀναγκαῖον
767 2054 788 2126 l
816 2056 913 2125 τῆς
958 2056 1035 2116 εἰς
1084 2053 1245 2105 αὑτὸν
1300 2046 1751 2120 παρατρέπεσθαι
1801 2045 1889 2098 πί-

294 2167 491 2212 στεως,
523 2149 628 2202 κᾶν
675 2150 723 2199 εἰ
767 2149 832 2198 ὲκ
869 2145 1185 2216 σπέρματος
1234 2141 1483 2212 Ἀϐραὰμ
1527 2141 1700 2192 νοοῖτο
1748 2135 1891 2189 κατὰ

292 2245 400 2312 τὴν
431 2242 628 2311 σάρκα.
662 2241 892 2308 Ἕτερον
921 2238 978 2289 δὲ
1023 2238 1118 2289 καὶ
1151 2236 1338 2306 ἕτερον
1360 2229 1501 2286 εἷναι
1527 2232 1724 2300 λέγων,
1771 2224 1893 2282 εἶτα

299 2335 423 2397 πῶς
474 2332 582 2404 [ἵσ.
614 2329 714 2401 τῷ]
749 2330 818 2382 ὲκ
865 2329 1182 2399 σπέρματος
1221 2325 1472 2394 Ἀϐραὰμ
1520 2319 1892 2397 προσκομίζε-

300 2425 428 2479 σθαι
450 2425 561 2476 δεῖν
595 2422 694 2492 τὴν
743 2422 927 2472 πίστιν
954 2417 1469 2486 διαϐεϐαιούμενος,
1500 2415 1610 2468 ἴσθι
1651 2430 1755 2476 τοι,
1801 2411 1896 2464 καὶ

305 2515 455 2587 μάλα
488 2512 697 2582 σαφῶς,
730 2513 830 2582 τῆς
861 2509 1057 2564 ἑαυτοῦ
1089 2509 1332 2578 κεφαλῆς
1379 2507 1448 2559 τὰ
1477 2507 1576 2576 τῆς
1611 2505 1896 2575 ἀνθρωπο-

301 2606 530 2677 ὶατρίας
577 2605 862 2674 καταχέων
895 2603 1252 2671 ἐγκλήματα·
1292 2599 1472 2653 καίτοι
1521 2595 1897 2666 παραιτούμε-

305 2717 419 2763 νος,
452 2699 547 2750 καὶ¹
577 2697 696 2749 λίαν
715 2695 914 2767 ὀρθῶς,
945 2695 1006 2747 τὸ
1035 2692 1500 2764 ἁνθρωπολάτρης
1523 2687 1663 2743 εἶναι
1687 2690 1891 2742 δοκεῖν.

322 2790 465 2841 Ἀλλ’
489 2787 647 2854 ὀλίγα
677 2787 877 2856 κομιδῇ
906 2785 999 2838 τοῦ
1024 2786 1222 2854 χρῆναι
1252 2783 1466 2853 φρονεῖν
1499 2780 1567 2833 τὰ
1598 2779 1785 2832 εἰκότα
1807 2795 1901 2830 πε-

311 2879 624 2951 φρονηκὼς,
655 2878 983 2945 συκοφαντεῖ
1034 2877 1129 2927 καὶ
1155 2874 1356 2944 ἑτέρως
1397 2873 1457 2925 τὸ
1494 2871 1638 2941 μέγα
1667 2869 1766 2938 τῆς
1808 2869 1901 2920 ιεὺ⁴

314 2973 532 3035 σεϐείας
562 2974 880 3042 μυστήριον.
899 2968 1184 3039 Ἐπιφέρει
1228 2968 1338 3036 γὰρ
1377 2965 1568 3028 εὐθύς·
1598 2964 1768 3024 Αὑτὸς
1793 2961 1902 3031 γὰρ

311 3067 449 3136 ἡμῖν
500 3063 600 3133 τῆς
668 3045 1087 3132 ὲτέηγγελμένης
1161 3059 1413 3126 εὐλογίας
1471 3058 1536 3110 ἐκ
1588 3056 1904 3125 σπέρματος

1991 1958 2134 2013 enim
2187 1953 2431 2026 profecto
2481 1952 2549 2004 ab
2591 1947 2709 2016 ejus
2761 1947 2864 2000 lidc
2892 1943 3154 2002 dimoveri
3209 1955 3432 1996 necesse
3481 1950 3586 2002 est,

1991 2051 2156 2106 etiam
2220 2049 2266 2104 si
2318 2064 2384 2101 ex
2424 2043 2631 2100 semine
2688 2039 2962 2094 Abraham
3021 2034 3316 2096 secundum
3359 2047 3586 2088 carnem

1995 2143 2350 2212 intelligatur.
2410 2139 2547 2192 Cum
2594 2147 2724 2186 vero
2759 2130 2926 2188 alium
2968 2137 3025 2186 et
3053 2128 3216 2182 alium
3245 2140 3366 2180 esse
3417 2124 3593 2192 dicas,

1995 2236 2259 2292 deindein
2293 2233 2444 2286 illum
2477 2230 2567 2301 qui
2592 2238 2677 2284 est
2709 2242 2776 2281 ex
2804 2225 3013 2284 semine
3055 2223 3248 2286 David,
3278 2221 3436 2277 [idem
3465 2232 3592 2274 esse

1998 2328 2332 2384 allen-endam
2363 2322 2631 2384 aﬂirmes,
2666 2333 2717 2374 te
2750 2322 2804 2374 in
2829 2329 2977 2371 tuum
3015 2315 3181 2385 ipsius
3200 2322 3362 2381 caput
3386 2311 3594 2365 crimen

1998 2419 2234 2477 hominis
2272 2416 2483 2470 colendi
2521 2412 2892 2478 adorandique
2920 2408 3190 2471 conjicere
3223 2411 3372 2457 certo
3423 2401 3593 2465 scias,

2001 2514 2216 2570 tametsi
2245 2519 2390 2568 recte
2411 2509 2698 2564 admodum
2725 2505 2965 2573 refugias
2988 2517 3055 2555 ne
3075 2496 3399 2556 hominit-ola
3420 2495 3599 2550 videa-

2000 2609 2098 2663 ris.
2127 2606 2234 2661 Sed
2265 2619 2456 2674 parum
2479 2601 2771 2658 admodum
2802 2610 3000 2652 curans
3030 2594 3094 2647 de
3123 2602 3266 2646 recta
3300 2587 3598 2655 sententia,

2003 2697 2162 2751 aliter
2199 2709 2412 2762 quoque
2465 2691 2830 2747 Calumniator
2886 2686 3016 2740 illud
3068 2696 3322 2749 Inagnum
3379 2679 3602 2747 pietatis

2003 2797 2425 2842 sacramentum.
2482 2782 2714 2848 Suhjicit
2772 2779 2916 2834 enim
2959 2777 3104 2830 illico
3146 2789 3162 2826 :
3201 2772 3317 2842 Ipse
3369 2783 3603 2838 namque

2005 2880 2161 2936 nobis
2190 2877 2470 2952 promissae
2515 2871 2916 2930 benedictionis
2947 2884 3014 2923 ex
3047 2865 3256 2922 semine
3283 2863 3391 2935 92
3424 2861 3603 2915 Abra-

2008 2975 2132 3028 ham
2154 2982 2237 3028 est
2267 2973 2469 3025 missus
2493 3008 2509 3032 ,
2551 2978 2809 3034 tanquam
2859 2976 2960 3031 pro
2989 2959 3170 3027 seipse
3198 2967 3246 3014 et
3279 2969 3476 3025 genere
3506 2969 3606 3006 suo

2008 3065 2253 3132 corporis
2298 3062 2380 3115 sui
2420 3060 2695 3113 victimam
2734 3057 2891 3110 simul
2945 3052 3198 3108 aﬁerens.
3238 3049 3449 3117 Ergone
3491 3046 3608 3113 ipse

343 3155 583 3226 Λϐραάμ
620 3155 924 3223 ἀπεστάλη,
949 3153 1024 3215 ὡς
1063 3152 1204 3223 ὑπὲρ
1244 3150 1435 3204 ἑαυτοῦ
1463 3150 1558 3202 καὶ⁸
1591 3147 1686 3200 τοῦ
1712 3147 1901 3215 γένους

2010 3167 2225 3225 quoque
2253 3152 2500 3206 Christus
2534 3147 2712 3201 laetus
2735 3155 2818 3200 est
2861 3145 2963 3200 sub
3003 3150 3226 3210 peccato
3248 3178 3263 3200 ,
3297 3151 3392 3208 per
3441 3151 3605 3204 quem

317 3250 421 3314 τὴν
440 3246 537 3298 τοῦ
566 3245 812 3314 σώματος
840 3243 1032 3296 θυσίαν
1067 3241 1531 3311 συνεπαγόμενος.
1568 3238 1690 3306 Ὑφ’
1719 3238 1904 3306 ἁμαρ-

317 3340 442 3394 τίαι·
475 3335 566 3390 οὖν
593 3333 700 3407 ἆρα
734 3337 828 3388 καὶ
857 3335 1019 3398 αὐτὸς
1063 3335 1288 3402 γέγονεν
1316 3336 1346 3386 ὁ
1383 3332 1640 3404 Χριστὸς,
1672 3333 1737 3384 δι’
1765 3325 1826 3384 οὑ
1850 3331 1914 3383 τὸ

321 3429 447 3485 καθ’
497 3427 776 3500 magna)
823 3428 921 3495 τῆς
965 3424 1239 3496 ἁμαρτίας
1288 3425 1661 3494 ὲμφράττεται
1713 3421 1912 3492 στόμα,

323 3523 467 3576 κατὰ
507 3521 604 3592 τὴν
631 3519 723 3572 τοῦ
749 3519 1059 3580 Ψάλὶοντος
1097 3517 1314 3587 φωνήν;
1343 3512 1455 3586 ἆρα
1481 3517 1576 3569 καὶ
1619 3513 1784 3568 αὑτοῦ
1817 3512 1912 3566 τοῦ

325 3613 503 3682 φωτὸς
536 3613 629 3664 τοῦ
683 3609 939 3681 ἀληθινοῦ
992 3609 1054 3662 τὸ
1097 3607 1197 3678 τῆς
1249 3606 1530 3678 ἐπαράτου
1578 3606 1916 3676 φαυλότητος

323 3707 504 3778 ἧψατο
538 3705 758 3770 σκότοςς
802 3698 912 3774 ἆρα
955 3701 1073 3771 μεθ’
1114 3700 1271 3770 ἡμῶν
1318 3699 1514 3770 ἐδεήθη
1557 3698 1652 3750 τοῦ
1684 3697 1913 3768 λυτρου-

330 3799 498 3869 μένου
525 3797 624 3851 καὶ
650 3795 918 3859 σώζοντος
953 3795 981 3846 ὁ
1007 3791 1074 3845 δι’
1119 3787 1178 3845 οὗ
1209 3793 1358 3845 πᾶσα
1388 3789 1659 3860 λύτρωσις
1687 3789 1784 3842 καὶ
1812 3806 1918 3843 σω-

326 3890 528 3961 τηρίας
551 3888 735 3952 ἐλπίς;
780 3887 988 3956 Πρέποι
1016 3886 1060 3939 δ’
1093 3884 1158 3937 ἂν
1184 3883 1355 3954 αὑτῷ,
1383 3884 1526 3936 κατά
1561 3898 1626 3949 γε
1653 3881 1714 3934 τὸ
1744 3880 1916 3944 εἰκὸς,

334 3982 455 4053 μεθ’
487 3981 644 4053 ἡμῶν
687 3979 980 4050 ἀναφέρειν
1009 3979 1076 4030 τὰ
1111 3980 1463 4047 χαριστήρια,
1500 3973 1636 4026 Θεοῦ
1670 3973 1919 4041 λέγοντος

329 4074 728 4147 ἀμνησικακως
752 4090 764 4102 ο
800 4091 818 4123 ι
853 4070 996 4138 Ἐγώ
1015 4073 1130 4140 εἰμι
1153 4071 1181 4122 ὁ
1202 4067 1500 4135 ἐξαλείφων
1522 4067 1621 4128 τὰς
1643 4065 1921 4136 ἁμαρτίας

335 4186 456 4231 σου,
486 4168 581 4219 καὶ
603 4167 665 4219 οὑ
703 4165 777 4236 μὴ
813 4164 1231 4234 μνησθήσομαιο
1267 4180 1286 4212 ›
1327 4158 1802 4230 καταγορεύσειδὲ
1826 4158 1923 4211 καὶ

333 4258 528 4323 αὑτοῦ,
561 4256 704 4310 καθὰ
735 4257 828 4310 καὶ
854 4257 887 4326 ἡ
899 4255 1034 4326 μῶν,
1057 4255 1085 4306 ὁ
1117 4254 1216 4324 τῆς
1243 4251 1518 4323 ἁμαρτίας
1548 4252 1752 4321 πατήρ.
1791 4246 1924 4303 Εἶτα

334 4349 458 4411 πῶς
485 4349 550 4400 οὑ
577 4346 962 4417 ψευδοεπήσει,
989 4343 1184 4413 λέγων’
1227 4362 1244 4393 ι
1280 4342 1542 4414 Ἔρχεται
1570 4342 1598 4392 ὁ
1623 4343 1806 4413 ἄρχων
1831 4339 1922 4393 τοῦ

335 4439 536 4500 αἰῶνος
565 4436 777 4498 τούτου,
814 4435 908 4487 καὶ
945 4435 1004 4485 έν
1031 4432 1156 4502 ἐμοὶ
1181 4432 1407 4502 εὑρήσει
1450 4431 1637 4498 οὑδέν;
1674 4451 1692 4482 ι
1729 4430 1926 4484 Δεδυσ-

2013 3262 2079 3305 os
2127 3246 2296 3313 ipsum
2356 3240 2561 3310 peccati
2597 3239 2883 3290 adversum
2920 3248 3019 3288 nos
3062 3229 3397 3291 obstruitur,
3426 3236 3486 3281 ιιι
3528 3233 3612 3280 est

2016 3341 2070 3394 in
2127 3334 2360 3390 Psalmis
2401 3331 2445 3362 ¹⁶
2480 3331 2503 3385 ?
2539 3344 2743 3394 ergone
2806 3328 2977 3396 ipsam
3026 3336 3242 3392 quoque
3297 3319 3471 3372 lucem
3515 3332 3609 3368 ve-

2017 3444 2132 3482 ram
2191 3424 2544 3486 exsecranda:
2596 3418 2898 3490 iniquitatis
2948 3413 3186 3470 tenebrae
3219 3404 3616 3477 contigerunt?

2017 3535 2218 3591 ergone
2267 3518 2550 3576 uobiscum
2586 3513 2910 3582 iredimente
2976 3517 3141 3574 atque
3201 3502 3446 3557 salvante
3477 3513 3614 3566 opus

2020 3611 2209 3665 habuit
2246 3608 2354 3671 ille,
2390 3623 2486 3676 per
2525 3619 2684 3675 quem
2731 3611 2812 3656 est
2861 3597 3042 3656 omnis
3083 3593 3383 3662 redemptio
3413 3601 3465 3644 et
3493 3604 3616 3657 spes

2019 3704 2210 3762 salutis
2240 3700 2554 3756 ?Convenit
2587 3695 2751 3763 igitur
2779 3691 2955 3753 eidem
2983 3729 2998 3751 .
3028 3697 3087 3744 ut
3121 3696 3206 3742 εει
3253 3696 3615 3751 consequens,

2022 3796 2302 3852 nobiscmn
2352 3791 2552 3848 olferre
2611 3788 2908 3857 gratiarum
2967 3782 3250 3844 actiones,
3303 3793 3426 3832 cum
3475 3776 3618 3829 Deus

2021 3889 2165 3943 dicat
2197 3885 2397 3941 oblitus
2434 3882 2642 3951 injuriae
2673 3899 2685 3934 :
2732 3897 2750 3930 ι
2799 3877 2908 3945 Ego
2939 3890 3056 3928 smn
3097 3871 3188 3942 qui
3226 3871 3381 3925 deleo
3415 3869 3619 3937 iniqui-

2026 3991 2164 4034 tates
2236 3991 2388 4042 tuas,
2444 3986 2500 4030 et
2579 3989 2684 4028 non
2772 3966 3220 4031 recordabor“;
3263 3983 3282 4016 ι
3346 3964 3625 4020 accusabit

2024 4073 2188 4128 etiam
2246 4070 2443 4138 ipsum,
2506 4075 2566 4121 ιιι
2611 4079 2710 4119 nos
2745 4069 2988 4126 accusat,
3034 4058 3124 4113 ille
3183 4068 3336 4128 pater
3389 4053 3620 4124 peccati,

2026 4162 2177 4230 Quod
2203 4161 2250 4216 si
2283 4163 2354 4215 ita
2386 4169 2488 4225 est,
2525 4156 2795 4226 quomodo
2821 4169 2927 4209 non
2971 4150 3263 4206 mentietur
3289 4163 3412 4203 cum
3442 4147 3574 4200 dicit
3605 4163 3621 4205 ε

2033 4273 2053 4310 ι
2091 4253 2252 4308 Venit
2288 4252 2540 4320 princeps
2591 4246 2775 4301 mundi
2820 4243 2998 4310 hujus,
3052 4253 3107 4296 et
3151 4241 3202 4293 in
3255 4253 3340 4293 me
3384 4236 3624 4290 inveniet

2029 4343 2164 4402 nihil
2193 4344 2234 4374 ¹²
2269 4343 2292 4397 ?
2333 4361 2352 4395 ι
2403 4341 2544 4395 Olim
2579 4335 2938 4395 contumelias
2989 4333 3042 4386 in
3096 4347 3219 4387 eum
3276 4329 3627 4398 conjecerunt

2029 4438 2193 4492 etiam
2273 4433 2347 4488 illi
2430 4431 2736 4503 Synagogaa
2797 4425 3108 4482 Judzeorum
3160 4421 3416 4492 praesides
3453 4435 3467 4474 :
3502 4433 3626 4474 nam

338 4526 634 4600 φημήκασί
665 4541 798 4578 ποτε
847 4524 968 4576 κατ’
1013 4521 1201 4587 αὑτοῦ,
1236 4523 1332 4575 καὶ
1362 4525 1458 4591 τῆς
1497 4520 1764 4574 Ἰουδαίων
1804 4536 1900 4574 συν

2033 4544 2154 4586 cum
2217 4526 2434 4582 invidiae
2491 4522 2694 4578 aculeis
2751 4518 3257 4579 exstimularentur,
3299 4512 3444 4582 quod
3485 4527 3626 4583 pra:-

338 4618 572 4688 αγωγῆς
620 4617 671 4669 οἱ
699 4614 1133 4686 προεστηκότεςο
1164 4612 1353 4684 ἐπειδὴ
1390 4615 1498 4683 γὰρ
1537 4615 1648 4675 τοῖς
1671 4611 1767 4664 τοῦ
1797 4611 1927 4681 φθό-

341 4728 438 4764 νου
472 4709 648 4778 βέ).εσι
683 4704 1098 4775 κατετρὺχοντο,
1133 4702 1602 4775 τεθεραπευμένον
1649 4704 1929 4773 ἀδοκήτως

343 4799 582 4868 ὁρῶντες
633 4797 724 4849 τὸν
749 4797 813 4848 ὲκ
847 4793 1072 4863 γενετῆς
1117 4793 1338 4861 τυφλὸν,
1389 4794 1618 4855 ἀνοσίως
1652 4794 1926 4861 ἔφασκον

354 4913 375 4944 ι
407 4893 506 4954 Δὸς
549 4890 704 4954 δόξαν
741 4887 819 4959 τῷ
846 4885 996 4955 Θεῷ·
1037 4887 1202 4955 ἡμεῖς
1249 4884 1491 4953 οἴδαμεν,
1519 4885 1599 4956 ὅτι
1628 4880 1781 4946 οὗτος
1834 4883 1929 4936 ἄν·

349 4984 569 5052 θρωπος
618 4980 939 5053 ἁμαρτωλός
969 4982 1137 5030 ἐστιν.
1175 4998 1192 5028 ι
1233 4980 1290 5032 ’0
1333 4978 1390 5030 δέ
1436 4994 1500 5046 γε
1557 4977 1758 5048 Κύριος
1780 4976 1937 5046 ἡμῶν

363 5074 571 5146 Ἰησοῦς
597 5073 854 5145 Χριστὸς,
897 5070 1403 5144 ἀθυροστομοῦντας
1441 5069 1681 5140 ἐλέγχων
1710 5068 1936 5140 διαρρή-

350 5169 451 5240 δην
480 5169 683 5238 ἔφασκε
706 5187 718 5199 ·
749 5189 767 5220 ι
805 5169 903 5231 Τίς
945 5165 1006 5233 ἐξ
1036 5168 1190 5238 ὑμῶν
1234 5167 1448 5236 ἐλέγχει
1479 5182 1547 5235 με
1592 5163 1722 5234 περὶ
1753 5164 1935 5233 ἀμαρ-

353 5264 507 5329 τίας;
536 5265 600 5317 Εί
631 5263 686 5316 δὲ
711 5262 971 5333 ἀλήθειαν
1004 5261 1168 5330 λέγω,
1195 5260 1335 5314 διατί
1373 5262 1530 5329 ὑμεῖς
1555 5258 1616 5310 οὑ
1647 5255 1936 5310 πιστεύετέ

361 5373 481 5428 μοις
517 5375 536 5407 ι
568 5356 776 5410 Οὐκοῦν
799 5357 848 5408 εἰ
897 5354 1302 5426 προσκεκόμικε
1329 5353 1427 5423 τὴν
1466 5352 1676 5415 θυσίαν,
1709 5349 1852 5420 ὑπέρ
1881 5366 1942 5402 τε

2036 4631 2120 4676 ter
2151 4619 2458 4689 opinionem
2486 4626 2732 4670 curatum
2785 4611 3041 4668 videbant
3092 4607 3242 4664 illum
3281 4621 3310 4658 a
3348 4604 3629 4658 nativitate

2039 4725 2278 4776 ca-cutn,
2333 4708 2496 4777 impie
2547 4705 2846 4762 dicebant:
2892 4721 2910 4758 ι
2955 4701 3030 4754 Da
3081 4699 3308 4769 gloriam
3341 4696 3500 4761 Deo;
3532 4710 3629 4750 nos

2039 4803 2263 4866 scimus,
2311 4803 2435 4870 quia
2490 4800 2592 4852 iste
2641 4798 2802 4852 homo
2847 4803 3098 4864 peccator
3121 4802 3203 4846 est
3235 4791 3278 4820 ³³
3306 4827 3321 4843 .
3351 4807 3370 4843 ι
3406 4788 3476 4841 At
3501 4802 3631 4840 vero

2041 4895 2303 4948 Dominus
2353 4901 2538 4946 noster
2587 4888 2744 4944 Jesus
2783 4889 3032 4944 Christus
3078 4883 3422 4937 oblocutores
3471 4893 3625 4932 coar-

2038 5001 2229 5062 gueus,
2263 4993 2448 5054 aperte
2479 4981 2692 5037 dicebat
2723 4996 2739 5033 :
2775 4997 2793 5028 ι
2827 4977 2960 5044 Quis
3010 4989 3077 5030 ex
3119 4974 3273 5026 vobis
3327 4968 3508 5038 arguit
3549 4980 3634 5020 me.

2040 5082 2106 5136 de
2154 5076 2422 5147 peccato?
2467 5074 2522 5128 Si
2582 5073 2867 5128 veritatem
2923 5069 3066 5132 dico,
3101 5079 3271 5135 quare
3308 5076 3412 5115 non
3453 5058 3635 5114 credi-

2039 5168 2110 5222 tis
2139 5167 2270 5220 tnihi
2311 5165 2355 5196 ιλ
2385 5166 2409 5218 Ἰ
2436 5183 2454 5216 ι
2482 5163 2650 5234 Igitur
2699 5161 2744 5215 si
2779 5160 2976 5215 obtulit
3021 5156 3253 5211 hostiam
3308 5166 3414 5206 oon
3459 5147 3633 5202 solum

2045 5272 2144 5326 pro
2176 5257 2365 5320 nobis,
2399 5271 2584 5310 verum
2612 5254 2777 5309 etiam
2812 5267 2911 5321 pro
2940 5265 3000 5305 se
3033 5251 3172 5319 ipso,
3207 5246 3393 5314 utique
3447 5257 3633 5296 neces-

2047 5349 2194 5404 sario
2219 5349 2306 5402 illa
2333 5346 2561 5418 indiguit
2582 5387 2597 5413 ,
2629 5354 2686 5398 ιιι
2707 5344 2869 5400 etiam
2898 5357 2996 5396 nos
3026 5340 3118 5409 qui
3149 5339 3247 5392 sub
3268 5337 3398 5408 jugo
3425 5332 3635 5405 peccati

434 5510 478 5543 “
523 5511 660 5566 Psal.
693 5527 800 5575 ενι,
837 5511 928 5564 42.
1009 5511 1049 5540 ¹¹
1091 5509 1190 5565 lsa.
1221 5525 1375 5576 thtt,
1409 5507 1498 5561 9.3.
1579 5508 1622 5538 ¹¹
1661 5505 1794 5560 .luan
1832 5522 1901 5560 xu

2008 5506 2084 5561 0..
2164 5504 2208 5536 ⁸³
2246 5502 2404 5558 Joau.
2432 5520 2508 5571 is,
2547 5502 2640 5557 2L
2720 5502 2763 5533 ιδ
2801 5499 2962 5563 Joan.
3002 5515 3121 5563 vni,
3153 5499 3245 5553 46.

1626 5662 1784 5719 ΛΝΤ.
1826 5661 2102 5717 AGELLII
2144 5660 2377 5718 NOTAE.

440 5807 553 5879 (2‘2)
588 5805 810 5861 Videtur
839 5805 1140 5875 legendum,
1179 5819 1238 5856 το
1271 5800 1392 5856 καῖΐ
1423 5799 1597 5871 ἡμῶν.
