  <div class='ocr_page' id='page_1' title='image "/cluster/home/n/w/nwhite01/storage/ocr_20150623/76/nnc1.0046980067/087.png"; bbox 0 0 4054 6332; ppageno 0'>
   <div class='ocr_carea' id='block_1_1' title="bbox 429 353 536 410">
    <p class='ocr_par' dir='ltr' id='par_1_1' title="bbox 429 353 536 410">
     <span class='ocr_line' id='line_1_1' title="bbox 429 353 536 410; baseline 0 0"><span class='ocrx_word' id='word_1_1' title='bbox 429 353 536 410; x_wconf 76' lang='grc'><strong>165</strong></span> 
     </span>
    </p>
   </div>
   <div class='ocr_carea' id='block_1_2' title="bbox 1422 342 2673 400">
    <p class='ocr_par' dir='ltr' id='par_1_2' title="bbox 1422 342 2673 400">
     <span class='ocr_line' id='line_1_2' title="bbox 1422 342 2673 400; baseline -0.001 0"><span class='ocrx_word' id='word_1_2' title='bbox 1422 346 1482 400; x_wconf 92' lang='lat' dir='ltr'><strong>S.</strong></span> <span class='ocrx_word' id='word_1_3' title='bbox 1522 342 1797 399; x_wconf 80' lang='lat' dir='ltr'><strong>CYRILLI</strong></span> <span class='ocrx_word' id='word_1_4' title='bbox 1840 343 2314 399; x_wconf 78' lang='lat' dir='ltr'><strong>ALEXANDRINI</strong></span> <span class='ocrx_word' id='word_1_5' title='bbox 2352 342 2673 399; x_wconf 80' lang='lat' dir='ltr'><strong>ARCIIIEP.</strong></span> 
     </span>
    </p>
   </div>
   <div class='ocr_carea' id='block_1_3' title="bbox 3593 343 3695 396">
    <p class='ocr_par' dir='ltr' id='par_1_3' title="bbox 3593 343 3695 396">
     <span class='ocr_line' id='line_1_3' title="bbox 3593 343 3695 396; baseline -0.01 0"><span class='ocrx_word' id='word_1_6' title='bbox 3593 343 3695 396; x_wconf 61' lang='lat'><strong>16$</strong></span> 
     </span>
    </p>
   </div>
   <div class='ocr_carea' id='block_1_4' title="bbox 427 460 2020 553">
    <p class='ocr_par' dir='ltr' id='par_1_4' title="bbox 427 460 2009 535">
     <span class='ocr_line' id='line_1_4' title="bbox 427 460 2009 535; baseline -0.006 -10"><span class='ocrx_word' id='word_1_7' title='bbox 427 481 633 525; x_wconf 82' lang='lat' dir='ltr'><strong>sumus.</strong></span> <span class='ocrx_word' id='word_1_8' title='bbox 665 466 844 535; x_wconf 81' lang='lat' dir='ltr'><strong>Argue</strong></span> <span class='ocrx_word' id='word_1_9' title='bbox 877 462 1042 533; x_wconf 89' lang='lat' dir='ltr'><strong>igitur</strong></span> <span class='ocrx_word' id='word_1_10' title='bbox 1071 461 1221 516; x_wconf 93' lang='lat' dir='ltr'><strong>illum</strong></span> <span class='ocrx_word' id='word_1_11' title='bbox 1250 460 1317 515; x_wconf 91' lang='lat' dir='ltr'><strong>de</strong></span> <span class='ocrx_word' id='word_1_12' title='bbox 1352 471 1571 531; x_wconf 90' lang='lat' dir='ltr'><strong>peccato</strong></span> <span class='ocrx_word' id='word_1_13' title='bbox 1608 480 1621 515; x_wconf 89' lang='lat'><strong>:</strong></span> <span class='ocrx_word' id='word_1_14' title='bbox 1658 461 1703 515; x_wconf 90' lang='lat' dir='ltr'><strong>si</strong></span> <span class='ocrx_word' id='word_1_15' title='bbox 1727 461 2009 515; x_wconf 88' lang='lat' dir='ltr'><strong>nobiscum</strong></span> 
     </span>
    </p>
   </div>
   <div class='ocr_carea' id='block_1_5' title="bbox 2124 460 3695 553">
    <p class='ocr_par' dir='ltr' id='par_1_5' title="bbox 2124 461 3695 534">
     <span class='ocr_line' id='line_1_5' title="bbox 2124 461 3695 534; baseline 0.004 -20"><span class='ocrx_word' id='word_1_16' title='bbox 2124 461 2272 533; x_wconf 77' lang='grc' dir='ltr'>ἡμῶν</span> <span class='ocrx_word' id='word_1_17' title='bbox 2303 461 2504 526; x_wconf 87' lang='grc' dir='ltr'>αὑτῶν,</span> <span class='ocrx_word' id='word_1_18' title='bbox 2544 462 2639 515; x_wconf 76' lang='grc' dir='ltr'>καὶ</span> <span class='ocrx_word' id='word_1_19' title='bbox 2673 463 2899 533; x_wconf 76' lang='grc' dir='ltr'><strong>προσέτι</strong></span> <span class='ocrx_word' id='word_1_20' title='bbox 2938 463 3033 515; x_wconf 71' lang='grc' dir='ltr'>καὶ</span> <span class='ocrx_word' id='word_1_21' title='bbox 3060 462 3277 527; x_wconf 74' lang='grc' dir='ltr'>ἑαυτοῦ,</span> <span class='ocrx_word' id='word_1_22' title='bbox 3314 462 3561 534; x_wconf 82' lang='grc' dir='ltr'>δεδέηταί</span> <span class='ocrx_word' id='word_1_23' title='bbox 3593 486 3695 522; x_wconf 81' lang='grc' dir='ltr'><strong>που</strong></span> 
     </span>
    </p>
   </div>
   <div class='ocr_carea' id='block_1_6' title="bbox 429 552 2007 621">
    <p class='ocr_par' dir='ltr' id='par_1_6' title="bbox 429 552 2007 621">
     <span class='ocr_line' id='line_1_6' title="bbox 429 552 2007 621; baseline -0.004 -8"><span class='ocrx_word' id='word_1_24' title='bbox 429 556 774 618; x_wconf 82' lang='lat' dir='ltr'><strong>sacriﬁcavit,</strong></span> <span class='ocrx_word' id='word_1_25' title='bbox 797 555 1022 609; x_wconf 79' lang='lat' dir='ltr'><strong>ostende</strong></span> <span class='ocrx_word' id='word_1_26' title='bbox 1051 553 1206 607; x_wconf 86' lang='lat' dir='ltr'><strong>simul</strong></span> <span class='ocrx_word' id='word_1_27' title='bbox 1236 552 1397 605; x_wconf 90' lang='lat' dir='ltr'><strong>etiam</strong></span> <span class='ocrx_word' id='word_1_28' title='bbox 1423 553 1703 606; x_wconf 87' lang='lat' dir='ltr'><strong>nobiscum</strong></span> <span class='ocrx_word' id='word_1_29' title='bbox 1733 567 2007 621; x_wconf 82' lang='lat' dir='ltr'><strong>peccasse.</strong></span> 
     </span>
    </p>
   </div>
   <div class='ocr_carea' id='block_1_7' title="bbox 429 643 2007 715">
    <p class='ocr_par' dir='ltr' id='par_1_7' title="bbox 429 643 2007 715">
     <span class='ocr_line' id='line_1_7' title="bbox 429 643 2007 715; baseline -0.006 -10"><span class='ocrx_word' id='word_1_30' title='bbox 429 653 620 705; x_wconf 88' lang='lat' dir='ltr'><strong>Pastor</strong></span> <span class='ocrx_word' id='word_1_31' title='bbox 638 648 726 702; x_wconf 90' lang='lat' dir='ltr'><strong>ille</strong></span> <span class='ocrx_word' id='word_1_32' title='bbox 747 648 917 701; x_wconf 90' lang='lat' dir='ltr'><strong>bonus</strong></span> <span class='ocrx_word' id='word_1_33' title='bbox 942 660 1036 715; x_wconf 91' lang='lat' dir='ltr'><strong>pro</strong></span> <span class='ocrx_word' id='word_1_34' title='bbox 1053 660 1285 713; x_wconf 91' lang='lat' dir='ltr'><strong>quonam</strong></span> <span class='ocrx_word' id='word_1_35' title='bbox 1314 644 1491 711; x_wconf 84' lang='lat' dir='ltr'><strong>posuit</strong></span> <span class='ocrx_word' id='word_1_36' title='bbox 1517 644 1749 696; x_wconf 90' lang='lat' dir='ltr'><strong>animam</strong></span> <span class='ocrx_word' id='word_1_37' title='bbox 1774 658 1923 697; x_wconf 90' lang='lat' dir='ltr'><strong>suam</strong></span> <span class='ocrx_word' id='word_1_38' title='bbox 1943 643 2007 709; x_wconf 85' lang='lat'><strong>“‘,</strong></span> 
     </span>
    </p>
   </div>
   <div class='ocr_carea' id='block_1_8' title="bbox 393 722 2008 809">
    <p class='ocr_par' dir='ltr' id='par_1_8' title="bbox 393 722 2008 809">
     <span class='ocr_line' id='line_1_8' title="bbox 393 722 2008 809; baseline -0.005 -14"><span class='ocrx_word' id='word_1_39' title='bbox 393 722 525 809; x_wconf 45' lang='lat' dir='ltr'><strong>opro</strong></span> <span class='ocrx_word' id='word_1_40' title='bbox 556 754 646 804; x_wconf 88' lang='lat' dir='ltr'><strong>se,</strong></span> <span class='ocrx_word' id='word_1_41' title='bbox 681 755 746 792; x_wconf 90' lang='lat' dir='ltr'><strong>an</strong></span> <span class='ocrx_word' id='word_1_42' title='bbox 778 753 876 807; x_wconf 94' lang='lat' dir='ltr'><strong>pro</strong></span> <span class='ocrx_word' id='word_1_43' title='bbox 912 737 1024 791; x_wconf 87' lang='lat' dir='ltr'><strong>suis</strong></span> <span class='ocrx_word' id='word_1_44' title='bbox 1052 735 1295 789; x_wconf 89' lang='lat' dir='ltr'><strong>ovibus?</strong></span> <span class='ocrx_word' id='word_1_45' title='bbox 1324 734 1505 788; x_wconf 86' lang='lat' dir='ltr'><strong>Audio</strong></span> <span class='ocrx_word' id='word_1_46' title='bbox 1541 734 1689 787; x_wconf 87' lang='lat' dir='ltr'><strong>Illum</strong></span> <span class='ocrx_word' id='word_1_47' title='bbox 1742 735 2008 788; x_wconf 89' lang='lat' dir='ltr'><strong>dicentem</strong></span> 
     </span>
    </p>
   </div>
   <div class='ocr_carea' id='block_1_9' title="bbox 430 826 2005 896">
    <p class='ocr_par' dir='ltr' id='par_1_9' title="bbox 430 826 2005 896">
     <span class='ocr_line' id='line_1_9' title="bbox 430 826 2005 896; baseline -0.004 -13"><span class='ocrx_word' id='word_1_48' title='bbox 430 836 493 885; x_wconf 74' lang='lat' dir='ltr'><strong>tle</strong></span> <span class='ocrx_word' id='word_1_49' title='bbox 525 831 679 885; x_wconf 91' lang='lat' dir='ltr'><strong>nobis</strong></span> <span class='ocrx_word' id='word_1_50' title='bbox 712 848 725 883; x_wconf 91' lang='lat'>:</span> <span class='ocrx_word' id='word_1_51' title='bbox 766 847 783 881; x_wconf 75' lang='grc' dir='ltr'><strong>ι</strong></span> <span class='ocrx_word' id='word_1_52' title='bbox 811 826 912 882; x_wconf 83' lang='lat' dir='ltr'><strong>Pro</strong></span> <span class='ocrx_word' id='word_1_53' title='bbox 945 828 1073 896; x_wconf 85' lang='lat' dir='ltr'><strong>ipsis</strong></span> <span class='ocrx_word' id='word_1_54' title='bbox 1110 842 1211 894; x_wconf 73' lang='lat' dir='ltr'><strong>ego</strong></span> <span class='ocrx_word' id='word_1_55' title='bbox 1250 826 1529 880; x_wconf 77' lang='lat' dir='ltr'><strong>sanctiﬁco</strong></span> <span class='ocrx_word' id='word_1_56' title='bbox 1571 827 1832 894; x_wconf 90' lang='lat' dir='ltr'><strong>meipsum</strong></span> <span class='ocrx_word' id='word_1_57' title='bbox 1862 826 1906 856; x_wconf 81' lang='grc'><strong>¹⁸</strong></span> <span class='ocrx_word' id='word_1_58' title='bbox 1935 841 1951 893; x_wconf 88' lang='grc'><strong>;</strong></span> <span class='ocrx_word' id='word_1_59' title='bbox 1986 843 2005 876; x_wconf 69' lang='grc' dir='ltr'><strong>ι</strong></span> 
     </span>
    </p>
   </div>
   <div class='ocr_carea' id='block_1_10' title="bbox 429 916 2013 991">
    <p class='ocr_par' dir='ltr' id='par_1_10' title="bbox 429 916 2013 991">
     <span class='ocr_line' id='line_1_10' title="bbox 429 916 2013 991; baseline -0.005 -13"><span class='ocrx_word' id='word_1_60' title='bbox 429 936 515 987; x_wconf 85' lang='lat' dir='ltr'><strong>et,</strong></span> <span class='ocrx_word' id='word_1_61' title='bbox 550 934 607 977; x_wconf 94' lang='lat' dir='ltr'><strong>ut</strong></span> <span class='ocrx_word' id='word_1_62' title='bbox 633 922 806 991; x_wconf 85' lang='lat' dir='ltr'><strong>inquit</strong></span> <span class='ocrx_word' id='word_1_63' title='bbox 837 920 1237 978; x_wconf 83' lang='lat' dir='ltr'><strong>beatusPaulus</strong></span> <span class='ocrx_word' id='word_1_64' title='bbox 1268 937 1281 973; x_wconf 92' lang='lat'>:</span> <span class='ocrx_word' id='word_1_65' title='bbox 1312 938 1331 971; x_wconf 77' lang='grc' dir='ltr'><strong>ι</strong></span> <span class='ocrx_word' id='word_1_66' title='bbox 1368 916 1554 973; x_wconf 78' lang='lat' dir='ltr'><strong>Gratia</strong></span> <span class='ocrx_word' id='word_1_67' title='bbox 1590 918 1681 972; x_wconf 94' lang='lat' dir='ltr'><strong>Dei</strong></span> <span class='ocrx_word' id='word_1_68' title='bbox 1712 934 1807 989; x_wconf 89' lang='lat' dir='ltr'><strong>pro</strong></span> <span class='ocrx_word' id='word_1_69' title='bbox 1840 918 2013 972; x_wconf 82' lang='lat' dir='ltr'><strong>omni-</strong></span> 
     </span>
    </p>
   </div>
   <div class='ocr_carea' id='block_1_11' title="bbox 432 1008 2013 1081">
    <p class='ocr_par' dir='ltr' id='par_1_11' title="bbox 432 1008 2013 1081">
     <span class='ocr_line' id='line_1_11' title="bbox 432 1008 2013 1081; baseline -0.006 -11"><span class='ocrx_word' id='word_1_70' title='bbox 432 1018 531 1070; x_wconf 86' lang='lat' dir='ltr'><strong>bus</strong></span> <span class='ocrx_word' id='word_1_71' title='bbox 582 1014 818 1081; x_wconf 81' lang='lat' dir='ltr'><strong>gustavit</strong></span> <span class='ocrx_word' id='word_1_72' title='bbox 856 1024 1083 1066; x_wconf 90' lang='lat' dir='ltr'><strong>mortem</strong></span> <span class='ocrx_word' id='word_1_73' title='bbox 1118 1012 1159 1042; x_wconf 81' lang='grc'><strong>¹⁷</strong></span> <span class='ocrx_word' id='word_1_74' title='bbox 1195 1028 1210 1075; x_wconf 89' lang='grc'>;</span> <span class='ocrx_word' id='word_1_75' title='bbox 1251 1029 1269 1061; x_wconf 74' lang='grc' dir='ltr'><strong>ι</strong></span> <span class='ocrx_word' id='word_1_76' title='bbox 1317 1021 1367 1063; x_wconf 90' lang='lat' dir='ltr'><strong>et</strong></span> <span class='ocrx_word' id='word_1_77' title='bbox 1415 1010 1608 1064; x_wconf 88' lang='lat' dir='ltr'><strong>iterum</strong></span> <span class='ocrx_word' id='word_1_78' title='bbox 1647 1028 1659 1062; x_wconf 77' lang='grc' dir='ltr'>ε</span> <span class='ocrx_word' id='word_1_79' title='bbox 1704 1029 1723 1060; x_wconf 72' lang='grc' dir='ltr'><strong>ι</strong></span> <span class='ocrx_word' id='word_1_80' title='bbox 1761 1008 2013 1062; x_wconf 77' lang='lat' dir='ltr'><strong>Traditus</strong></span> 
     </span>
    </p>
   </div>
   <div class='ocr_carea' id='block_1_12' title="bbox 431 1100 2015 1174">
    <p class='ocr_par' dir='ltr' id='par_1_12' title="bbox 431 1100 2015 1174">
     <span class='ocr_line' id='line_1_12' title="bbox 431 1100 2015 1174; baseline -0.005 -15"><span class='ocrx_word' id='word_1_81' title='bbox 431 1115 515 1161; x_wconf 88' lang='lat' dir='ltr'><strong>est</strong></span> <span class='ocrx_word' id='word_1_82' title='bbox 565 1114 783 1174; x_wconf 84' lang='lat' dir='ltr'><strong>propter</strong></span> <span class='ocrx_word' id='word_1_83' title='bbox 829 1103 1024 1158; x_wconf 90' lang='lat' dir='ltr'><strong>delicta</strong></span> <span class='ocrx_word' id='word_1_84' title='bbox 1078 1112 1299 1163; x_wconf 86' lang='lat' dir='ltr'><strong>nostra,</strong></span> <span class='ocrx_word' id='word_1_85' title='bbox 1332 1110 1387 1154; x_wconf 93' lang='lat' dir='ltr'><strong>et</strong></span> <span class='ocrx_word' id='word_1_86' title='bbox 1442 1100 1744 1154; x_wconf 80' lang='lat' dir='ltr'><strong>resurrexit</strong></span> <span class='ocrx_word' id='word_1_87' title='bbox 1796 1108 2015 1169; x_wconf 87' lang='lat' dir='ltr'><strong>pr0pter</strong></span> 
     </span>
    </p>
   </div>
   <div class='ocr_carea' id='block_1_13' title="bbox 426 1190 2015 1266">
    <p class='ocr_par' dir='ltr' id='par_1_13' title="bbox 426 1190 2015 1266">
     <span class='ocr_line' id='line_1_13' title="bbox 426 1190 2015 1266; baseline -0.004 -16"><span class='ocrx_word' id='word_1_88' title='bbox 426 1196 869 1266; x_wconf 81' lang='lat' dir='ltr'><strong>justiﬁcationem</strong></span> <span class='ocrx_word' id='word_1_89' title='bbox 931 1203 1173 1247; x_wconf 72' lang='lat' dir='ltr'><strong>nosuam</strong></span> <span class='ocrx_word' id='word_1_90' title='bbox 1215 1193 1258 1223; x_wconf 79' lang='grc'>¹³</span> <span class='ocrx_word' id='word_1_91' title='bbox 1294 1209 1308 1256; x_wconf 91' lang='grc'><strong>;</strong></span> <span class='ocrx_word' id='word_1_92' title='bbox 1356 1211 1374 1243; x_wconf 71' lang='grc' dir='ltr'><strong>ι</strong></span> <span class='ocrx_word' id='word_1_93' title='bbox 1412 1203 1467 1246; x_wconf 93' lang='lat' dir='ltr'><strong>et</strong></span> <span class='ocrx_word' id='word_1_94' title='bbox 1495 1194 1633 1246; x_wconf 90' lang='lat' dir='ltr'><strong>sicut</strong></span> <span class='ocrx_word' id='word_1_95' title='bbox 1663 1192 1793 1245; x_wconf 90' lang='lat' dir='ltr'><strong>dicit</strong></span> <span class='ocrx_word' id='word_1_96' title='bbox 1847 1190 2015 1243; x_wconf 92' lang='lat' dir='ltr'><strong>Isaias</strong></span> 
     </span>
    </p>
   </div>
   <div class='ocr_carea' id='block_1_14' title="bbox 434 1283 2015 1357">
    <p class='ocr_par' dir='ltr' id='par_1_14' title="bbox 434 1283 2015 1357">
     <span class='ocr_line' id='line_1_14' title="bbox 434 1283 2015 1357; baseline -0.004 -16"><span class='ocrx_word' id='word_1_97' title='bbox 434 1289 693 1357; x_wconf 89' lang='lat' dir='ltr'><strong>propheta</strong></span> <span class='ocrx_word' id='word_1_98' title='bbox 728 1301 747 1339; x_wconf 90' lang='lat'><strong><em>:</em></strong></span> <span class='ocrx_word' id='word_1_99' title='bbox 784 1304 801 1336; x_wconf 74' lang='grc' dir='ltr'><strong>ι</strong></span> <span class='ocrx_word' id='word_1_100' title='bbox 841 1283 1134 1352; x_wconf 84' lang='lat' dir='ltr'><strong>Disciplina</strong></span> <span class='ocrx_word' id='word_1_101' title='bbox 1184 1284 1331 1354; x_wconf 83' lang='lat' dir='ltr'><strong>pacis</strong></span> <span class='ocrx_word' id='word_1_102' title='bbox 1362 1294 1565 1338; x_wconf 67' lang='lat' dir='ltr'><strong>nostra:</strong></span> <span class='ocrx_word' id='word_1_103' title='bbox 1600 1299 1762 1352; x_wconf 87' lang='lat' dir='ltr'><strong>super</strong></span> <span class='ocrx_word' id='word_1_104' title='bbox 1786 1298 1930 1349; x_wconf 89' lang='lat' dir='ltr'><strong>eum,</strong></span> <span class='ocrx_word' id='word_1_105' title='bbox 1961 1292 2015 1336; x_wconf 91' lang='lat' dir='ltr'><strong>et</strong></span> 
     </span>
    </p>
   </div>
   <div class='ocr_carea' id='block_1_15' title="bbox 433 1373 2016 1444">
    <p class='ocr_par' dir='ltr' id='par_1_15' title="bbox 433 1373 2016 1444">
     <span class='ocr_line' id='line_1_15' title="bbox 433 1373 2016 1444; baseline -0.003 -13"><span class='ocrx_word' id='word_1_106' title='bbox 433 1378 606 1433; x_wconf 84' lang='lat' dir='ltr'><strong>livore</strong></span> <span class='ocrx_word' id='word_1_107' title='bbox 637 1376 758 1444; x_wconf 86' lang='lat' dir='ltr'><strong>ejus</strong></span> <span class='ocrx_word' id='word_1_108' title='bbox 790 1376 967 1431; x_wconf 90' lang='lat' dir='ltr'><strong>sanati</strong></span> <span class='ocrx_word' id='word_1_109' title='bbox 997 1391 1183 1429; x_wconf 90' lang='lat' dir='ltr'><strong>sumus</strong></span> <span class='ocrx_word' id='word_1_110' title='bbox 1215 1375 1259 1406; x_wconf 82' lang='grc'><strong>¹⁹</strong></span> <span class='ocrx_word' id='word_1_111' title='bbox 1293 1392 1307 1441; x_wconf 86' lang='grc'>;</span> <span class='ocrx_word' id='word_1_112' title='bbox 1352 1393 1370 1425; x_wconf 69' lang='grc' dir='ltr'><strong>ι</strong></span> <span class='ocrx_word' id='word_1_113' title='bbox 1408 1390 1514 1427; x_wconf 91' lang='lat' dir='ltr'><strong>non</strong></span> <span class='ocrx_word' id='word_1_114' title='bbox 1560 1376 1673 1443; x_wconf 86' lang='lat' dir='ltr'><strong>ipse</strong></span> <span class='ocrx_word' id='word_1_115' title='bbox 1708 1389 1818 1427; x_wconf 68' lang='lat' dir='ltr'><strong>suae</strong></span> <span class='ocrx_word' id='word_1_116' title='bbox 1848 1373 2016 1443; x_wconf 89' lang='lat' dir='ltr'><strong>ipsius</strong></span> 
     </span>
    </p>
   </div>
   <div class='ocr_carea' id='block_1_16' title="bbox 434 1466 2017 1539">
    <p class='ocr_par' dir='ltr' id='par_1_16' title="bbox 434 1466 2017 1539">
     <span class='ocr_line' id='line_1_16' title="bbox 434 1466 2017 1539; baseline -0.004 -15"><span class='ocrx_word' id='word_1_117' title='bbox 434 1470 611 1524; x_wconf 88' lang='lat' dir='ltr'><strong>carnis</strong></span> <span class='ocrx_word' id='word_1_118' title='bbox 671 1468 923 1539; x_wconf 90' lang='lat' dir='ltr'><strong>passione</strong></span> <span class='ocrx_word' id='word_1_119' title='bbox 982 1468 1157 1522; x_wconf 89' lang='lat' dir='ltr'><strong>obiter</strong></span> <span class='ocrx_word' id='word_1_120' title='bbox 1206 1478 1287 1521; x_wconf 91' lang='lat' dir='ltr'><strong>est</strong></span> <span class='ocrx_word' id='word_1_121' title='bbox 1330 1478 1574 1520; x_wconf 84' lang='lat' dir='ltr'><strong>curatus.</strong></span> <span class='ocrx_word' id='word_1_122' title='bbox 1624 1466 1879 1519; x_wconf 87' lang='lat' dir='ltr'><strong>Traditus</strong></span> <span class='ocrx_word' id='word_1_123' title='bbox 1936 1475 2017 1519; x_wconf 89' lang='lat' dir='ltr'><strong>est</strong></span> 
     </span>
    </p>
   </div>
   <div class='ocr_carea' id='block_1_17' title="bbox 433 1557 2017 1631">
    <p class='ocr_par' dir='ltr' id='par_1_17' title="bbox 433 1557 2017 1631">
     <span class='ocr_line' id='line_1_17' title="bbox 433 1557 2017 1631; baseline -0.003 -16"><span class='ocrx_word' id='word_1_124' title='bbox 433 1571 655 1631; x_wconf 85' lang='lat' dir='ltr'><strong>propter</strong></span> <span class='ocrx_word' id='word_1_125' title='bbox 702 1560 900 1614; x_wconf 89' lang='lat' dir='ltr'><strong>delicta</strong></span> <span class='ocrx_word' id='word_1_126' title='bbox 945 1570 1161 1621; x_wconf 91' lang='lat' dir='ltr'><strong>nostra,</strong></span> <span class='ocrx_word' id='word_1_127' title='bbox 1199 1575 1303 1611; x_wconf 90' lang='lat' dir='ltr'><strong>non</strong></span> <span class='ocrx_word' id='word_1_128' title='bbox 1355 1566 1572 1627; x_wconf 84' lang='lat' dir='ltr'><strong>prOpter</strong></span> <span class='ocrx_word' id='word_1_129' title='bbox 1617 1572 1709 1611; x_wconf 84' lang='lat' dir='ltr'><strong>sua</strong></span> <span class='ocrx_word' id='word_1_130' title='bbox 1751 1574 1763 1623; x_wconf 95' lang='lat'><strong>;</strong></span> <span class='ocrx_word' id='word_1_131' title='bbox 1798 1557 2017 1611; x_wconf 87' lang='lat' dir='ltr'><strong>minime</strong></span> 
     </span>
    </p>
   </div>
   <div class='ocr_carea' id='block_1_18' title="bbox 433 1646 2017 1718">
    <p class='ocr_par' dir='ltr' id='par_1_18' title="bbox 433 1646 2017 1718">
     <span class='ocr_line' id='line_1_18' title="bbox 433 1646 2017 1718; baseline -0.004 -12"><span class='ocrx_word' id='word_1_132' title='bbox 433 1654 674 1707; x_wconf 89' lang='lat' dir='ltr'><strong>omnium</strong></span> <span class='ocrx_word' id='word_1_133' title='bbox 717 1672 727 1706; x_wconf 93' lang='lat'><strong>:</strong></span> <span class='ocrx_word' id='word_1_134' title='bbox 771 1662 1018 1705; x_wconf 89' lang='lat' dir='ltr'><strong>naturam</strong></span> <span class='ocrx_word' id='word_1_135' title='bbox 1058 1666 1287 1718; x_wconf 85' lang='lat' dir='ltr'><strong>namque</strong></span> <span class='ocrx_word' id='word_1_136' title='bbox 1316 1650 1549 1704; x_wconf 88' lang='lat' dir='ltr'><strong>hominis</strong></span> <span class='ocrx_word' id='word_1_137' title='bbox 1569 1664 1758 1701; x_wconf 86' lang='lat' dir='ltr'><strong>omnes</strong></span> <span class='ocrx_word' id='word_1_138' title='bbox 1784 1646 2017 1701; x_wconf 83' lang='lat' dir='ltr'><strong>fatemur</strong></span> 
     </span>
    </p>
   </div>
   <div class='ocr_carea' id='block_1_19' title="bbox 434 1740 2017 1807">
    <p class='ocr_par' dir='ltr' id='par_1_19' title="bbox 434 1740 2017 1807">
     <span class='ocr_line' id='line_1_19' title="bbox 434 1740 2017 1807; baseline -0.003 -10"><span class='ocrx_word' id='word_1_139' title='bbox 434 1757 501 1797; x_wconf 82' lang='lat' dir='ltr'><strong>ex</strong></span> <span class='ocrx_word' id='word_1_140' title='bbox 531 1742 619 1795; x_wconf 85' lang='lat' dir='ltr'><strong>illa</strong></span> <span class='ocrx_word' id='word_1_141' title='bbox 653 1742 706 1795; x_wconf 91' lang='lat' dir='ltr'><strong>in</strong></span> <span class='ocrx_word' id='word_1_142' title='bbox 749 1742 919 1795; x_wconf 85' lang='lat' dir='ltr'><strong>Adam</strong></span> <span class='ocrx_word' id='word_1_143' title='bbox 954 1741 1381 1807; x_wconf 77' lang='lat' dir='ltr'><strong>transgressione</strong></span> <span class='ocrx_word' id='word_1_144' title='bbox 1404 1742 1454 1793; x_wconf 92' lang='lat' dir='ltr'><strong>in</strong></span> <span class='ocrx_word' id='word_1_145' title='bbox 1491 1740 1920 1793; x_wconf 89' lang='lat' dir='ltr'><strong>maledictionem</strong></span> <span class='ocrx_word' id='word_1_146' title='bbox 1952 1752 2017 1792; x_wconf 89' lang='lat' dir='ltr'><strong>ac</strong></span> 
     </span>
    </p>
   </div>
   <div class='ocr_carea' id='block_1_20' title="bbox 436 1830 2015 1897">
    <p class='ocr_par' dir='ltr' id='par_1_20' title="bbox 436 1830 2015 1897">
     <span class='ocr_line' id='line_1_20' title="bbox 436 1830 2015 1897; baseline -0.003 -9"><span class='ocrx_word' id='word_1_147' title='bbox 436 1843 668 1888; x_wconf 87' lang='lat' dir='ltr'><strong>mortem</strong></span> <span class='ocrx_word' id='word_1_148' title='bbox 729 1832 894 1886; x_wconf 81' lang='lat' dir='ltr'><strong>fuisse</strong></span> <span class='ocrx_word' id='word_1_149' title='bbox 941 1833 1268 1897; x_wconf 89' lang='lat' dir='ltr'><strong>devolutam,</strong></span> <span class='ocrx_word' id='word_1_150' title='bbox 1301 1833 1367 1884; x_wconf 88' lang='lat' dir='ltr'><strong>ad</strong></span> <span class='ocrx_word' id='word_1_151' title='bbox 1400 1832 1514 1885; x_wconf 51' lang='lat' dir='ltr'><strong>haec</strong></span> <span class='ocrx_word' id='word_1_152' title='bbox 1546 1830 1821 1885; x_wconf 87' lang='lat' dir='ltr'><strong>laborasse</strong></span> <span class='ocrx_word' id='word_1_153' title='bbox 1854 1833 2015 1885; x_wconf 88' lang='lat' dir='ltr'><strong>etiam</strong></span> 
     </span>
    </p>
   </div>
   <div class='ocr_carea' id='block_1_21' title="bbox 435 1923 2021 1995">
    <p class='ocr_par' dir='ltr' id='par_1_21' title="bbox 435 1923 2021 1995">
     <span class='ocr_line' id='line_1_21' title="bbox 435 1923 2021 1995; baseline -0.001 -16"><span class='ocrx_word' id='word_1_154' title='bbox 435 1924 700 1980; x_wconf 80' lang='lat' dir='ltr'><strong>facilitate</strong></span> <span class='ocrx_word' id='word_1_155' title='bbox 766 1927 1021 1995; x_wconf 90' lang='lat' dir='ltr'><strong>peccandi</strong></span> <span class='ocrx_word' id='word_1_156' title='bbox 1086 1925 1138 1978; x_wconf 93' lang='lat' dir='ltr'><strong>in</strong></span> <span class='ocrx_word' id='word_1_157' title='bbox 1190 1938 1390 1988; x_wconf 88' lang='lat' dir='ltr'><strong>carne,</strong></span> <span class='ocrx_word' id='word_1_158' title='bbox 1424 1933 1481 1977; x_wconf 90' lang='lat' dir='ltr'><strong>ut</strong></span> <span class='ocrx_word' id='word_1_159' title='bbox 1527 1923 1847 1993; x_wconf 83' lang='lat' dir='ltr'><strong>justiﬁcatio</strong></span> <span class='ocrx_word' id='word_1_160' title='bbox 1891 1924 2021 1995; x_wconf 81' lang='lat' dir='ltr'><strong>legis</strong></span> 
     </span>
    </p>
   </div>
   <div class='ocr_carea' id='block_1_22' title="bbox 436 2017 2020 2090">
    <p class='ocr_par' dir='ltr' id='par_1_22' title="bbox 436 2017 2020 2090">
     <span class='ocr_line' id='line_1_22' title="bbox 436 2017 2020 2090; baseline -0.002 -17"><span class='ocrx_word' id='word_1_161' title='bbox 436 2018 545 2090; x_wconf 80' lang='lat'><strong>93</strong></span> <span class='ocrx_word' id='word_1_162' title='bbox 581 2017 894 2088; x_wconf 88' lang='lat' dir='ltr'><strong>impleretur</strong></span> <span class='ocrx_word' id='word_1_163' title='bbox 926 2018 981 2071; x_wconf 90' lang='lat' dir='ltr'><strong>in</strong></span> <span class='ocrx_word' id='word_1_164' title='bbox 1031 2018 1209 2082; x_wconf 90' lang='lat' dir='ltr'><strong>nobis,</strong></span> <span class='ocrx_word' id='word_1_165' title='bbox 1258 2019 1349 2086; x_wconf 90' lang='lat' dir='ltr'><strong>qui</strong></span> <span class='ocrx_word' id='word_1_166' title='bbox 1405 2032 1511 2071; x_wconf 92' lang='lat' dir='ltr'><strong>non</strong></span> <span class='ocrx_word' id='word_1_167' title='bbox 1552 2020 1848 2071; x_wconf 88' lang='lat' dir='ltr'><strong>secundum</strong></span> <span class='ocrx_word' id='word_1_168' title='bbox 1895 2033 2020 2072; x_wconf 88' lang='lat' dir='ltr'><strong>car-</strong></span> 
     </span>
    </p>
   </div>
   <div class='ocr_carea' id='block_1_23' title="bbox 441 2110 2019 2179">
    <p class='ocr_par' dir='ltr' id='par_1_23' title="bbox 441 2110 2019 2179">
     <span class='ocr_line' id='line_1_23' title="bbox 441 2110 2019 2179; baseline -0.002 -13"><span class='ocrx_word' id='word_1_169' title='bbox 441 2128 563 2166; x_wconf 80' lang='lat' dir='ltr'><strong>nem</strong></span> <span class='ocrx_word' id='word_1_170' title='bbox 601 2111 964 2176; x_wconf 85' lang='lat' dir='ltr'><strong>ambulamus,</strong></span> <span class='ocrx_word' id='word_1_171' title='bbox 1009 2111 1101 2164; x_wconf 87' lang='lat' dir='ltr'><strong>sed</strong></span> <span class='ocrx_word' id='word_1_172' title='bbox 1149 2110 1445 2164; x_wconf 89' lang='lat' dir='ltr'><strong>secundum</strong></span> <span class='ocrx_word' id='word_1_173' title='bbox 1495 2110 1740 2179; x_wconf 90' lang='lat' dir='ltr'><strong>spiritum</strong></span> <span class='ocrx_word' id='word_1_174' title='bbox 1770 2110 1859 2161; x_wconf 76' lang='grc' dir='ltr'><strong>²⁰τ</strong></span> <span class='ocrx_word' id='word_1_175' title='bbox 1897 2126 2019 2163; x_wconf 90' lang='lat' dir='ltr'><strong>nam</strong></span> 
     </span>
    </p>
   </div>
   <div class='ocr_carea' id='block_1_24' title="bbox 440 2202 2020 2272">
    <p class='ocr_par' dir='ltr' id='par_1_24' title="bbox 440 2202 2020 2272">
     <span class='ocr_line' id='line_1_24' title="bbox 440 2202 2020 2272; baseline -0.001 -17"><span class='ocrx_word' id='word_1_176' title='bbox 440 2214 726 2272; x_wconf 83' lang='lat' dir='ltr'><strong>propterea</strong></span> <span class='ocrx_word' id='word_1_177' title='bbox 784 2202 1111 2256; x_wconf 86' lang='lat' dir='ltr'><strong>novissimus</strong></span> <span class='ocrx_word' id='word_1_178' title='bbox 1162 2202 1330 2254; x_wconf 84' lang='lat' dir='ltr'><strong>Adam</strong></span> <span class='ocrx_word' id='word_1_179' title='bbox 1386 2210 1469 2255; x_wconf 91' lang='lat' dir='ltr'><strong>est</strong></span> <span class='ocrx_word' id='word_1_180' title='bbox 1527 2202 1857 2270; x_wconf 87' lang='lat' dir='ltr'><strong>appellatus,</strong></span> <span class='ocrx_word' id='word_1_181' title='bbox 1915 2217 2020 2255; x_wconf 92' lang='lat' dir='ltr'><strong>non</strong></span> 
     </span>
    </p>
   </div>
   <div class='ocr_carea' id='block_1_25' title="bbox 441 2293 2020 2364">
    <p class='ocr_par' dir='ltr' id='par_1_25' title="bbox 441 2293 2020 2364">
     <span class='ocr_line' id='line_1_25' title="bbox 441 2293 2020 2364; baseline 0.001 -17"><span class='ocrx_word' id='word_1_182' title='bbox 441 2295 587 2364; x_wconf 91' lang='lat' dir='ltr'><strong>quod</strong></span> <span class='ocrx_word' id='word_1_183' title='bbox 620 2293 820 2363; x_wconf 86' lang='lat' dir='ltr'><strong>prioris</strong></span> <span class='ocrx_word' id='word_1_184' title='bbox 860 2293 1005 2347; x_wconf 92' lang='lat' dir='ltr'><strong>illius</strong></span> <span class='ocrx_word' id='word_1_185' title='bbox 1036 2294 1183 2347; x_wconf 86' lang='lat' dir='ltr'><strong>vitiis</strong></span> <span class='ocrx_word' id='word_1_186' title='bbox 1230 2293 1512 2358; x_wconf 82' lang='lat' dir='ltr'><strong>laborarit,</strong></span> <span class='ocrx_word' id='word_1_187' title='bbox 1542 2297 1634 2347; x_wconf 88' lang='lat' dir='ltr'><strong>sed</strong></span> <span class='ocrx_word' id='word_1_188' title='bbox 1666 2295 1808 2363; x_wconf 89' lang='lat' dir='ltr'><strong>quod</strong></span> <span class='ocrx_word' id='word_1_189' title='bbox 1846 2296 1898 2347; x_wconf 91' lang='lat' dir='ltr'><strong>in</strong></span> <span class='ocrx_word' id='word_1_190' title='bbox 1932 2311 2020 2348; x_wconf 89' lang='lat' dir='ltr'><strong>se-</strong></span> 
     </span>
    </p>
   </div>
   <div class='ocr_carea' id='block_1_26' title="bbox 442 2385 2022 2457">
    <p class='ocr_par' dir='ltr' id='par_1_26' title="bbox 442 2385 2022 2457">
     <span class='ocr_line' id='line_1_26' title="bbox 442 2385 2022 2457; baseline 0.001 -18"><span class='ocrx_word' id='word_1_191' title='bbox 442 2385 579 2456; x_wconf 84' lang='lat' dir='ltr'><strong>ipso,</strong></span> <span class='ocrx_word' id='word_1_192' title='bbox 615 2396 671 2439; x_wconf 90' lang='lat' dir='ltr'><strong>et</strong></span> <span class='ocrx_word' id='word_1_193' title='bbox 695 2386 909 2454; x_wconf 87' lang='lat' dir='ltr'><strong>quidem</strong></span> <span class='ocrx_word' id='word_1_194' title='bbox 940 2387 1135 2455; x_wconf 89' lang='lat' dir='ltr'><strong>primo,</strong></span> <span class='ocrx_word' id='word_1_195' title='bbox 1166 2386 1401 2440; x_wconf 85' lang='lat' dir='ltr'><strong>hominis</strong></span> <span class='ocrx_word' id='word_1_196' title='bbox 1424 2397 1673 2440; x_wconf 88' lang='lat' dir='ltr'><strong>naturam</strong></span> <span class='ocrx_word' id='word_1_197' title='bbox 1710 2396 2022 2457; x_wconf 85' lang='lat' dir='ltr'><strong>transgres-</strong></span> 
     </span>
    </p>
   </div>
   <div class='ocr_carea' id='block_1_27' title="bbox 441 2476 2021 2546">
    <p class='ocr_par' dir='ltr' id='par_1_27' title="bbox 441 2476 2021 2546">
     <span class='ocr_line' id='line_1_27' title="bbox 441 2476 2021 2546; baseline 0 -15"><span class='ocrx_word' id='word_1_198' title='bbox 441 2477 611 2531; x_wconf 88' lang='lat' dir='ltr'><strong>sionis</strong></span> <span class='ocrx_word' id='word_1_199' title='bbox 632 2476 777 2531; x_wconf 88' lang='lat' dir='ltr'><strong>illius</strong></span> <span class='ocrx_word' id='word_1_200' title='bbox 801 2480 1001 2531; x_wconf 83' lang='lat' dir='ltr'><strong>veteris</strong></span> <span class='ocrx_word' id='word_1_201' title='bbox 1026 2479 1253 2531; x_wconf 89' lang='lat' dir='ltr'><strong>crimine</strong></span> <span class='ocrx_word' id='word_1_202' title='bbox 1284 2477 1523 2531; x_wconf 68' lang='lat' dir='ltr'><strong>liberat-it</strong></span> <span class='ocrx_word' id='word_1_203' title='bbox 1556 2495 1569 2530; x_wconf 93' lang='lat'><strong>:</strong></span> <span class='ocrx_word' id='word_1_204' title='bbox 1600 2479 1847 2546; x_wconf 88' lang='lat' dir='ltr'><strong>quamvis</strong></span> <span class='ocrx_word' id='word_1_205' title='bbox 1877 2481 2021 2531; x_wconf 89' lang='lat' dir='ltr'><strong>enim</strong></span> 
     </span>
    </p>
   </div>
   <div class='ocr_carea' id='block_1_28' title="bbox 442 2558 2023 2631">
    <p class='ocr_par' dir='ltr' id='par_1_28' title="bbox 442 2558 2023 2631">
     <span class='ocr_line' id='line_1_28' title="bbox 442 2558 2023 2631; baseline -0.001 -9"><span class='ocrx_word' id='word_1_206' title='bbox 442 2567 532 2622; x_wconf 90' lang='lat' dir='ltr'><strong>illa</strong></span> <span class='ocrx_word' id='word_1_207' title='bbox 560 2567 721 2621; x_wconf 76' lang='lat' dir='ltr'><strong>fuerit</strong></span> <span class='ocrx_word' id='word_1_208' title='bbox 759 2568 809 2621; x_wconf 92' lang='lat' dir='ltr'><strong>in</strong></span> <span class='ocrx_word' id='word_1_209' title='bbox 863 2558 1031 2621; x_wconf 80' lang='lat' dir='ltr'><strong>Adam</strong></span> <span class='ocrx_word' id='word_1_210' title='bbox 1088 2568 1364 2631; x_wconf 86' lang='lat' dir='ltr'><strong>damnata,</strong></span> <span class='ocrx_word' id='word_1_211' title='bbox 1416 2577 1472 2620; x_wconf 93' lang='lat' dir='ltr'><strong>at</strong></span> <span class='ocrx_word' id='word_1_212' title='bbox 1515 2578 1663 2621; x_wconf 89' lang='lat' dir='ltr'><strong>certe</strong></span> <span class='ocrx_word' id='word_1_213' title='bbox 1713 2568 1765 2621; x_wconf 89' lang='lat' dir='ltr'><strong>in</strong></span> <span class='ocrx_word' id='word_1_214' title='bbox 1803 2567 2023 2622; x_wconf 83' lang='lat' dir='ltr'><strong>Christo</strong></span> 
     </span>
    </p>
   </div>
   <div class='ocr_carea' id='block_1_29' title="bbox 442 2659 2023 2730">
    <p class='ocr_par' dir='ltr' id='par_1_29' title="bbox 442 2659 2023 2730">
     <span class='ocr_line' id='line_1_29' title="bbox 442 2659 2023 2730; baseline -0.001 -15"><span class='ocrx_word' id='word_1_215' title='bbox 442 2661 828 2730; x_wconf 83' lang='lat' dir='ltr'><strong>probatissima</strong></span> <span class='ocrx_word' id='word_1_216' title='bbox 850 2669 901 2712; x_wconf 90' lang='lat' dir='ltr'><strong>et</strong></span> <span class='ocrx_word' id='word_1_217' title='bbox 939 2659 1210 2729; x_wconf 86' lang='lat' dir='ltr'><strong>imprimis</strong></span> <span class='ocrx_word' id='word_1_218' title='bbox 1236 2659 1573 2713; x_wconf 83' lang='lat' dir='ltr'><strong>admirabilis</strong></span> <span class='ocrx_word' id='word_1_219' title='bbox 1615 2663 1886 2729; x_wconf 77' lang='lat' dir='ltr'><strong>apparuit.</strong></span> <span class='ocrx_word' id='word_1_220' title='bbox 1929 2659 2023 2713; x_wconf 90' lang='lat' dir='ltr'><strong>Est</strong></span> 
     </span>
    </p>
   </div>
   <div class='ocr_carea' id='block_1_30' title="bbox 442 2752 2017 2822">
    <p class='ocr_par' dir='ltr' id='par_1_30' title="bbox 442 2752 2017 2822">
     <span class='ocr_line' id='line_1_30' title="bbox 442 2752 2017 2822; baseline 0 -17"><span class='ocrx_word' id='word_1_221' title='bbox 442 2767 575 2822; x_wconf 84' lang='lat' dir='ltr'><strong>ergo</strong></span> <span class='ocrx_word' id='word_1_222' title='bbox 595 2752 686 2806; x_wconf 89' lang='lat' dir='ltr'><strong>ille</strong></span> <span class='ocrx_word' id='word_1_223' title='bbox 712 2753 927 2822; x_wconf 89' lang='lat' dir='ltr'><strong>quidem</strong></span> <span class='ocrx_word' id='word_1_224' title='bbox 953 2761 1221 2814; x_wconf 84' lang='lat' dir='ltr'><strong>terrenus,</strong></span> <span class='ocrx_word' id='word_1_225' title='bbox 1249 2752 1500 2804; x_wconf 81' lang='lat' dir='ltr'><strong>Christus</strong></span> <span class='ocrx_word' id='word_1_226' title='bbox 1526 2766 1653 2804; x_wconf 83' lang='lat' dir='ltr'><strong>vero</strong></span> <span class='ocrx_word' id='word_1_227' title='bbox 1678 2754 1917 2806; x_wconf 69' lang='lat' dir='ltr'><strong>cmlestis</strong></span> <span class='ocrx_word' id='word_1_228' title='bbox 1937 2753 1981 2782; x_wconf 79' lang='lat'>“</span> <span class='ocrx_word' id='word_1_229' title='bbox 2004 2769 2017 2805; x_wconf 89' lang='lat'><strong>:</strong></span> 
     </span>
    </p>
   </div>
   <div class='ocr_carea' id='block_1_31' title="bbox 441 2843 2019 2914">
    <p class='ocr_par' dir='ltr' id='par_1_31' title="bbox 441 2843 2019 2914">
     <span class='ocr_line' id='line_1_31' title="bbox 441 2843 2019 2914; baseline -0.003 -14"><span class='ocrx_word' id='word_1_230' title='bbox 441 2854 497 2900; x_wconf 86' lang='lat' dir='ltr'><strong>et</strong></span> <span class='ocrx_word' id='word_1_231' title='bbox 520 2845 649 2899; x_wconf 87' lang='lat' dir='ltr'><strong>licet.</strong></span> <span class='ocrx_word' id='word_1_232' title='bbox 679 2843 824 2914; x_wconf 88' lang='lat' dir='ltr'><strong>lapsa</strong></span> <span class='ocrx_word' id='word_1_233' title='bbox 856 2843 927 2898; x_wconf 87' lang='lat' dir='ltr'><strong>sit</strong></span> <span class='ocrx_word' id='word_1_234' title='bbox 957 2843 1009 2897; x_wconf 88' lang='lat' dir='ltr'><strong>iu</strong></span> <span class='ocrx_word' id='word_1_235' title='bbox 1052 2843 1142 2896; x_wconf 89' lang='lat' dir='ltr'><strong>illo</strong></span> <span class='ocrx_word' id='word_1_236' title='bbox 1172 2844 1376 2912; x_wconf 85' lang='lat' dir='ltr'><strong>priore,</strong></span> <span class='ocrx_word' id='word_1_237' title='bbox 1411 2851 1465 2893; x_wconf 88' lang='lat' dir='ltr'><strong>et</strong></span> <span class='ocrx_word' id='word_1_238' title='bbox 1500 2844 1566 2896; x_wconf 89' lang='lat' dir='ltr'><strong>ad</strong></span> <span class='ocrx_word' id='word_1_239' title='bbox 1600 2844 2019 2897; x_wconf 82' lang='lat' dir='ltr'><strong>inobedientiam</strong></span> 
     </span>
    </p>
   </div>
   <div class='ocr_carea' id='block_1_32' title="bbox 440 2935 2021 3014">
    <p class='ocr_par' dir='ltr' id='par_1_32' title="bbox 440 2935 2021 3014">
     <span class='ocr_line' id='line_1_32' title="bbox 440 2935 2021 3014; baseline -0.001 -24"><span class='ocrx_word' id='word_1_240' title='bbox 440 2935 673 3005; x_wconf 85' lang='lat' dir='ltr'><strong>dejecta,</strong></span> <span class='ocrx_word' id='word_1_241' title='bbox 699 2936 843 3004; x_wconf 89' lang='lat' dir='ltr'><strong>quod</strong></span> <span class='ocrx_word' id='word_1_242' title='bbox 872 2944 956 2988; x_wconf 91' lang='lat' dir='ltr'><strong>est</strong></span> <span class='ocrx_word' id='word_1_243' title='bbox 998 2943 1299 3003; x_wconf 90' lang='lat' dir='ltr'><strong>peccatum,</strong></span> <span class='ocrx_word' id='word_1_244' title='bbox 1334 2943 1511 2987; x_wconf 89' lang='lat' dir='ltr'><strong>tamen</strong></span> <span class='ocrx_word' id='word_1_245' title='bbox 1550 2943 1749 3014; x_wconf 72' lang='lat' dir='ltr'><strong>statum</strong></span> <span class='ocrx_word' id='word_1_246' title='bbox 1782 2950 1810 2986; x_wconf 85' lang='lat' dir='ltr'><strong>a</strong></span> <span class='ocrx_word' id='word_1_247' title='bbox 1844 2943 2021 2988; x_wconf 83' lang='lat' dir='ltr'><strong>trans-</strong></span> 
     </span>
    </p>
   </div>
   <div class='ocr_carea' id='block_1_33' title="bbox 441 3026 2020 3099">
    <p class='ocr_par' dir='ltr' id='par_1_33' title="bbox 441 3026 2020 3099">
     <span class='ocr_line' id='line_1_33' title="bbox 441 3026 2020 3099; baseline -0.001 -16"><span class='ocrx_word' id='word_1_248' title='bbox 441 3028 723 3099; x_wconf 84' lang='lat' dir='ltr'><strong>gressione</strong></span> <span class='ocrx_word' id='word_1_249' title='bbox 766 3027 991 3081; x_wconf 89' lang='lat' dir='ltr'><strong>liberum</strong></span> <span class='ocrx_word' id='word_1_250' title='bbox 1030 3028 1081 3081; x_wconf 93' lang='lat' dir='ltr'><strong>in</strong></span> <span class='ocrx_word' id='word_1_251' title='bbox 1117 3026 1334 3081; x_wconf 90' lang='lat' dir='ltr'><strong>Christo</strong></span> <span class='ocrx_word' id='word_1_252' title='bbox 1366 3027 1642 3090; x_wconf 83' lang='lat' dir='ltr'><strong>servavit,</strong></span> <span class='ocrx_word' id='word_1_253' title='bbox 1675 3036 1729 3080; x_wconf 93' lang='lat' dir='ltr'><strong>et</strong></span> <span class='ocrx_word' id='word_1_254' title='bbox 1765 3038 2020 3097; x_wconf 87' lang='lat' dir='ltr'><strong>tauquam</strong></span> 
     </span>
    </p>
   </div>
   <div class='ocr_carea' id='block_1_34' title="bbox 442 3120 2023 3191">
    <p class='ocr_par' dir='ltr' id='par_1_34' title="bbox 442 3120 2023 3191">
     <span class='ocr_line' id='line_1_34' title="bbox 442 3120 2023 3191; baseline -0.003 -14"><span class='ocrx_word' id='word_1_255' title='bbox 442 3123 498 3177; x_wconf 91' lang='lat' dir='ltr'><strong>in</strong></span> <span class='ocrx_word' id='word_1_256' title='bbox 529 3122 699 3177; x_wconf 91' lang='lat' dir='ltr'><strong>altero</strong></span> <span class='ocrx_word' id='word_1_257' title='bbox 732 3121 900 3175; x_wconf 91' lang='lat' dir='ltr'><strong>nostri</strong></span> <span class='ocrx_word' id='word_1_258' title='bbox 930 3122 1145 3191; x_wconf 75' lang='lat' dir='ltr'><strong>generis</strong></span> <span class='ocrx_word' id='word_1_259' title='bbox 1186 3120 1345 3175; x_wconf 89' lang='lat' dir='ltr'><strong>initio</strong></span> <span class='ocrx_word' id='word_1_260' title='bbox 1374 3135 1404 3173; x_wconf 89' lang='lat' dir='ltr'><strong>a</strong></span> <span class='ocrx_word' id='word_1_261' title='bbox 1440 3121 1646 3188; x_wconf 89' lang='lat' dir='ltr'><strong>peccati</strong></span> <span class='ocrx_word' id='word_1_262' title='bbox 1684 3120 1904 3175; x_wconf 89' lang='lat' dir='ltr'><strong>vulnere</strong></span> <span class='ocrx_word' id='word_1_263' title='bbox 1940 3122 2023 3173; x_wconf 92' lang='lat' dir='ltr'><strong>in-</strong></span> 
     </span>
    </p>
   </div>
   <div class='ocr_carea' id='block_1_35' title="bbox 2120 553 3699 626">
    <p class='ocr_par' dir='ltr' id='par_1_35' title="bbox 2120 553 3699 626">
     <span class='ocr_line' id='line_1_35' title="bbox 2120 553 3699 626; baseline 0.004 -19"><span class='ocrx_word' id='word_1_264' title='bbox 2120 553 2336 616; x_wconf 85' lang='grc' dir='ltr'>πάντως</span> <span class='ocrx_word' id='word_1_265' title='bbox 2382 554 2697 621; x_wconf 80' lang='grc' dir='ltr'><strong>ἀναγκαίως</strong></span> <span class='ocrx_word' id='word_1_266' title='bbox 2743 555 2935 624; x_wconf 79' lang='grc' dir='ltr'>αὐτῆς,</span> <span class='ocrx_word' id='word_1_267' title='bbox 2983 554 3124 607; x_wconf 79' lang='grc' dir='ltr'>καθὰ</span> <span class='ocrx_word' id='word_1_268' title='bbox 3176 559 3270 609; x_wconf 71' lang='grc' dir='ltr'>καὶ</span> <span class='ocrx_word' id='word_1_269' title='bbox 3303 558 3460 626; x_wconf 78' lang='grc' dir='ltr'>ἡμεῖς</span> <span class='ocrx_word' id='word_1_270' title='bbox 3505 561 3551 611; x_wconf 85' lang='grc' dir='ltr'>οἱ</span> <span class='ocrx_word' id='word_1_271' title='bbox 3595 561 3699 614; x_wconf 85' lang='grc' dir='ltr'>ὑπὸ</span> 
     </span>
    </p>
   </div>
   <div class='ocr_carea' id='block_1_36' title="bbox 2119 645 3700 721">
    <p class='ocr_par' dir='ltr' id='par_1_36' title="bbox 2119 645 3700 721">
     <span class='ocr_line' id='line_1_36' title="bbox 2119 645 3700 721; baseline 0.004 -24"><span class='ocrx_word' id='word_1_272' title='bbox 2119 645 2282 714; x_wconf 80' lang='grc' dir='ltr'>ζυγὸν</span> <span class='ocrx_word' id='word_1_273' title='bbox 2312 646 2609 717; x_wconf 84' lang='grc' dir='ltr'>ἁμαρτίας.</span> <span class='ocrx_word' id='word_1_274' title='bbox 2649 646 2908 713; x_wconf 81' lang='grc' dir='ltr'>Ἔλεγξον</span> <span class='ocrx_word' id='word_1_275' title='bbox 2941 646 3118 699; x_wconf 85' lang='grc' dir='ltr'>τοίνυν</span> <span class='ocrx_word' id='word_1_276' title='bbox 3158 648 3322 701; x_wconf 84' lang='grc' dir='ltr'>αὑτὸν</span> <span class='ocrx_word' id='word_1_277' title='bbox 3366 649 3493 720; x_wconf 69' lang='grc' dir='ltr'>περὶ</span> <span class='ocrx_word' id='word_1_278' title='bbox 3520 652 3700 721; x_wconf 85' lang='grc' dir='ltr'>ἁμαρ-</span> 
     </span>
    </p>
   </div>
   <div class='ocr_carea' id='block_1_37' title="bbox 2117 737 3700 812">
    <p class='ocr_par' dir='ltr' id='par_1_37' title="bbox 2117 737 3700 812">
     <span class='ocr_line' id='line_1_37' title="bbox 2117 737 3700 812; baseline 0.003 -22"><span class='ocrx_word' id='word_1_279' title='bbox 2117 738 2238 800; x_wconf 89' lang='grc' dir='ltr'>τίας</span> <span class='ocrx_word' id='word_1_280' title='bbox 2261 753 2274 766; x_wconf 87' lang='grc'><strong>·</strong></span> <span class='ocrx_word' id='word_1_281' title='bbox 2309 739 2357 790; x_wconf 83' lang='grc' dir='ltr'><strong>εί</strong></span> <span class='ocrx_word' id='word_1_282' title='bbox 2386 738 2581 791; x_wconf 79' lang='grc' dir='ltr'><strong>τέθυκε</strong></span> <span class='ocrx_word' id='word_1_283' title='bbox 2604 738 2659 790; x_wconf 79' lang='grc' dir='ltr'>δὲ</span> <span class='ocrx_word' id='word_1_284' title='bbox 2694 737 2812 808; x_wconf 87' lang='grc' dir='ltr'>μεθ’</span> <span class='ocrx_word' id='word_1_285' title='bbox 2842 738 3019 809; x_wconf 84' lang='grc' dir='ltr'>ήμῶν,</span> <span class='ocrx_word' id='word_1_286' title='bbox 3057 738 3227 804; x_wconf 83' lang='grc' dir='ltr'>δεῖξον</span> <span class='ocrx_word' id='word_1_287' title='bbox 3258 741 3387 810; x_wconf 81' lang='grc' dir='ltr'>ἡμῖν</span> <span class='ocrx_word' id='word_1_288' title='bbox 3422 758 3700 812; x_wconf 81' lang='grc' dir='ltr'>συνημαρ-</span> 
     </span>
    </p>
   </div>
   <div class='ocr_carea' id='block_1_38' title="bbox 2118 828 3701 900">
    <p class='ocr_par' dir='ltr' id='par_1_38' title="bbox 2118 828 3701 900">
     <span class='ocr_line' id='line_1_38' title="bbox 2118 828 3701 900; baseline 0.001 -18"><span class='ocrx_word' id='word_1_289' title='bbox 2118 829 2345 899; x_wconf 86' lang='grc' dir='ltr'>τηκότα.</span> <span class='ocrx_word' id='word_1_290' title='bbox 2376 829 2590 900; x_wconf 75' lang='grc' dir='ltr'>Ποιμήν</span> <span class='ocrx_word' id='word_1_291' title='bbox 2615 829 2874 899; x_wconf 81' lang='grc' dir='ltr'><strong>ὑπάρχων</strong></span> <span class='ocrx_word' id='word_1_292' title='bbox 2902 828 3122 897; x_wconf 82' lang='grc' dir='ltr'>ἀγαθὸς,</span> <span class='ocrx_word' id='word_1_293' title='bbox 3151 830 3290 900; x_wconf 81' lang='grc' dir='ltr'>ὑπὲρ</span> <span class='ocrx_word' id='word_1_294' title='bbox 3316 831 3458 893; x_wconf 90' lang='grc' dir='ltr'>τίνος</span> <span class='ocrx_word' id='word_1_295' title='bbox 3488 831 3701 884; x_wconf 84' lang='grc' dir='ltr'>τέθεικε</span> 
     </span>
    </p>
   </div>
   <div class='ocr_carea' id='block_1_39' title="bbox 2120 920 3701 993">
    <p class='ocr_par' dir='ltr' id='par_1_39' title="bbox 2120 920 3701 993">
     <span class='ocr_line' id='line_1_39' title="bbox 2120 920 3701 993; baseline 0.001 -20"><span class='ocrx_word' id='word_1_296' title='bbox 2120 920 2218 991; x_wconf 78' lang='grc' dir='ltr'>τὴν</span> <span class='ocrx_word' id='word_1_297' title='bbox 2256 921 2391 973; x_wconf 85' lang='grc' dir='ltr'>ίδίαν</span> <span class='ocrx_word' id='word_1_298' title='bbox 2429 921 2639 991; x_wconf 76' lang='grc' dir='ltr'>ψυχήνς</span> <span class='ocrx_word' id='word_1_299' title='bbox 2669 921 2809 989; x_wconf 80' lang='grc' dir='ltr'>ὑπὲρ</span> <span class='ocrx_word' id='word_1_300' title='bbox 2841 920 3032 973; x_wconf 75' lang='grc' dir='ltr'>ἑαυτοῦ</span> <span class='ocrx_word' id='word_1_301' title='bbox 3081 922 3300 990; x_wconf 78' lang='grc' dir='ltr'>μᾶλλον,</span> <span class='ocrx_word' id='word_1_302' title='bbox 3332 924 3363 993; x_wconf 82' lang='grc' dir='ltr'>ἢ</span> <span class='ocrx_word' id='word_1_303' title='bbox 3398 924 3537 993; x_wconf 86' lang='grc' dir='ltr'>ὑπὲρ</span> <span class='ocrx_word' id='word_1_304' title='bbox 3591 923 3701 975; x_wconf 83' lang='grc' dir='ltr'><strong>τῶν</strong></span> 
     </span>
    </p>
   </div>
   <div class='ocr_carea' id='block_1_40' title="bbox 2123 1011 3703 1084">
    <p class='ocr_par' dir='ltr' id='par_1_40' title="bbox 2123 1011 3703 1084">
     <span class='ocr_line' id='line_1_40' title="bbox 2123 1011 3703 1084; baseline 0.001 -19"><span class='ocrx_word' id='word_1_305' title='bbox 2123 1012 2446 1081; x_wconf 71' lang='grc' dir='ltr'>προῦάτων;</span> <span class='ocrx_word' id='word_1_306' title='bbox 2478 1012 2689 1064; x_wconf 76' lang='grc' dir='ltr'>Ἀκούω</span> <span class='ocrx_word' id='word_1_307' title='bbox 2714 1011 2962 1079; x_wconf 87' lang='grc' dir='ltr'>λέγοντος</span> <span class='ocrx_word' id='word_1_308' title='bbox 2991 1013 3116 1080; x_wconf 69' lang='grc' dir='ltr'>περὶ</span> <span class='ocrx_word' id='word_1_309' title='bbox 3148 1012 3331 1081; x_wconf 79' lang='grc' dir='ltr'>ἡμῶν·</span> <span class='ocrx_word' id='word_1_310' title='bbox 3364 1031 3383 1063; x_wconf 85' lang='grc'><strong>(</strong></span> <span class='ocrx_word' id='word_1_311' title='bbox 3414 1013 3582 1084; x_wconf 84' lang='grc' dir='ltr'><strong>’Υπὲρ</strong></span> <span class='ocrx_word' id='word_1_312' title='bbox 3606 1015 3703 1066; x_wconf 82' lang='grc' dir='ltr'><strong>αὑ·</strong></span> 
     </span>
    </p>
   </div>
   <div class='ocr_carea' id='block_1_41' title="bbox 2120 1103 3703 1175">
    <p class='ocr_par' dir='ltr' id='par_1_41' title="bbox 2120 1103 3703 1175">
     <span class='ocr_line' id='line_1_41' title="bbox 2120 1103 3703 1175; baseline -0.001 -17"><span class='ocrx_word' id='word_1_313' title='bbox 2120 1106 2229 1158; x_wconf 83' lang='grc' dir='ltr'><strong>τῶν</strong></span> <span class='ocrx_word' id='word_1_314' title='bbox 2260 1104 2371 1173; x_wconf 82' lang='grc' dir='ltr'><strong>ἐγὼ</strong></span> <span class='ocrx_word' id='word_1_315' title='bbox 2398 1105 2609 1174; x_wconf 79' lang='grc' dir='ltr'><strong>ἁγιάζω</strong></span> <span class='ocrx_word' id='word_1_316' title='bbox 2654 1105 2889 1175; x_wconf 79' lang='grc' dir='ltr'>ἐμαυτόν</span> <span class='ocrx_word' id='word_1_317' title='bbox 2911 1122 2925 1137; x_wconf 73' lang='grc' dir='ltr'><strong>ο</strong></span> <span class='ocrx_word' id='word_1_318' title='bbox 2970 1124 2987 1155; x_wconf 75' lang='grc' dir='ltr'><strong>ι</strong></span> <span class='ocrx_word' id='word_1_319' title='bbox 3023 1104 3118 1157; x_wconf 78' lang='grc' dir='ltr'><strong>καὶ</strong></span> <span class='ocrx_word' id='word_1_320' title='bbox 3151 1103 3294 1157; x_wconf 87' lang='grc' dir='ltr'>καθά</span> <span class='ocrx_word' id='word_1_321' title='bbox 3346 1123 3508 1175; x_wconf 76' lang='grc' dir='ltr'>φησιν</span> <span class='ocrx_word' id='word_1_322' title='bbox 3550 1107 3577 1156; x_wconf 88' lang='grc' dir='ltr'>ὁ</span> <span class='ocrx_word' id='word_1_323' title='bbox 3616 1106 3703 1158; x_wconf 86' lang='grc' dir='ltr'><strong>θε-</strong></span> 
     </span>
    </p>
   </div>
   <div class='ocr_carea' id='block_1_42' title="bbox 2124 1195 3701 1266">
    <p class='ocr_par' dir='ltr' id='par_1_42' title="bbox 2124 1195 3701 1266">
     <span class='ocr_line' id='line_1_42' title="bbox 2124 1195 3701 1266; baseline 0 -17"><span class='ocrx_word' id='word_1_324' title='bbox 2124 1198 2343 1261; x_wconf 82' lang='grc' dir='ltr'>σπέσιος</span> <span class='ocrx_word' id='word_1_325' title='bbox 2395 1198 2626 1259; x_wconf 81' lang='grc' dir='ltr'><strong>Παῦλος,</strong></span> <span class='ocrx_word' id='word_1_326' title='bbox 2661 1216 2678 1247; x_wconf 74' lang='grc' dir='ltr'><strong>ι</strong></span> <span class='ocrx_word' id='word_1_327' title='bbox 2717 1196 2916 1266; x_wconf 86' lang='grc' dir='ltr'>Χάριτι</span> <span class='ocrx_word' id='word_1_328' title='bbox 2955 1195 3088 1248; x_wconf 77' lang='grc' dir='ltr'>Θεοῦ</span> <span class='ocrx_word' id='word_1_329' title='bbox 3122 1196 3262 1265; x_wconf 82' lang='grc' dir='ltr'>ὑπὲρ</span> <span class='ocrx_word' id='word_1_330' title='bbox 3304 1196 3501 1259; x_wconf 77' lang='grc' dir='ltr'>παντὸς</span> <span class='ocrx_word' id='word_1_331' title='bbox 3546 1195 3701 1264; x_wconf 79' lang='grc' dir='ltr'>ἐγεύ-</span> 
     </span>
    </p>
   </div>
   <div class='ocr_carea' id='block_1_43' title="bbox 2126 1287 3701 1358">
    <p class='ocr_par' dir='ltr' id='par_1_43' title="bbox 2126 1287 3701 1358">
     <span class='ocr_line' id='line_1_43' title="bbox 2126 1287 3701 1358; baseline 0 -16"><span class='ocrx_word' id='word_1_332' title='bbox 2126 1306 2257 1343; x_wconf 91' lang='grc' dir='ltr'>σατο</span> <span class='ocrx_word' id='word_1_333' title='bbox 2305 1289 2575 1342; x_wconf 82' lang='grc' dir='ltr'>θανάτου⁶</span> <span class='ocrx_word' id='word_1_334' title='bbox 2621 1309 2639 1340; x_wconf 69' lang='grc' dir='ltr'><strong><em>ο</em></strong></span> <span class='ocrx_word' id='word_1_335' title='bbox 2695 1288 2791 1341; x_wconf 75' lang='grc' dir='ltr'>καὶ</span> <span class='ocrx_word' id='word_1_336' title='bbox 2845 1287 3042 1353; x_wconf 86' lang='grc' dir='ltr'>πάλιν,</span> <span class='ocrx_word' id='word_1_337' title='bbox 3088 1308 3106 1338; x_wconf 85' lang='grc'><strong><em>‹</em></strong></span> <span class='ocrx_word' id='word_1_338' title='bbox 3159 1288 3435 1358; x_wconf 75' lang='grc' dir='ltr'>Παρεδόθη</span> <span class='ocrx_word' id='word_1_339' title='bbox 3493 1288 3579 1341; x_wconf 77' lang='grc' dir='ltr'>διὰ</span> <span class='ocrx_word' id='word_1_340' title='bbox 3632 1289 3701 1342; x_wconf 80' lang='grc' dir='ltr'>τὰ</span> 
     </span>
    </p>
   </div>
   <div class='ocr_carea' id='block_1_44' title="bbox 2125 1377 3701 1450">
    <p class='ocr_par' dir='ltr' id='par_1_44' title="bbox 2125 1377 3701 1450">
     <span class='ocr_line' id='line_1_44' title="bbox 2125 1377 3701 1450; baseline -0.001 -19"><span class='ocrx_word' id='word_1_341' title='bbox 2125 1378 2547 1450; x_wconf 80' lang='grc' dir='ltr'><strong>παραπτώματα</strong></span> <span class='ocrx_word' id='word_1_342' title='bbox 2582 1377 2756 1449; x_wconf 75' lang='grc' dir='ltr'>ἡμῶν,</span> <span class='ocrx_word' id='word_1_343' title='bbox 2788 1378 2882 1430; x_wconf 73' lang='grc' dir='ltr'>καὶ</span> <span class='ocrx_word' id='word_1_344' title='bbox 2922 1377 3131 1448; x_wconf 76' lang='grc' dir='ltr'>ἠγέρθη</span> <span class='ocrx_word' id='word_1_345' title='bbox 3169 1377 3255 1430; x_wconf 75' lang='grc' dir='ltr'><strong>διὰ</strong></span> <span class='ocrx_word' id='word_1_346' title='bbox 3297 1379 3394 1447; x_wconf 73' lang='grc' dir='ltr'>τὴν</span> <span class='ocrx_word' id='word_1_347' title='bbox 3420 1377 3701 1430; x_wconf 79' lang='grc' dir='ltr'><strong>δικαίωσιν</strong></span> 
     </span>
    </p>
   </div>
   <div class='ocr_carea' id='block_1_45' title="bbox 2124 1467 3703 1539">
    <p class='ocr_par' dir='ltr' id='par_1_45' title="bbox 2124 1467 3703 1539">
     <span class='ocr_line' id='line_1_45' title="bbox 2124 1467 3703 1539; baseline 0.001 -19"><span class='ocrx_word' id='word_1_348' title='bbox 2124 1469 2280 1539; x_wconf 77' lang='grc' dir='ltr'>ἡμῶν</span> <span class='ocrx_word' id='word_1_349' title='bbox 2299 1484 2312 1498; x_wconf 91' lang='grc'><strong>·</strong></span> <span class='ocrx_word' id='word_1_350' title='bbox 2354 1488 2371 1519; x_wconf 74' lang='grc' dir='ltr'><strong>ι</strong></span> <span class='ocrx_word' id='word_1_351' title='bbox 2404 1469 2498 1520; x_wconf 74' lang='grc' dir='ltr'><strong>καὶ</strong></span> <span class='ocrx_word' id='word_1_352' title='bbox 2524 1468 2665 1521; x_wconf 88' lang='grc' dir='ltr'>καθά</span> <span class='ocrx_word' id='word_1_353' title='bbox 2685 1484 2847 1537; x_wconf 79' lang='grc' dir='ltr'>φησιν</span> <span class='ocrx_word' id='word_1_354' title='bbox 2868 1470 2895 1519; x_wconf 98' lang='lat'><strong>6</strong></span> <span class='ocrx_word' id='word_1_355' title='bbox 2924 1471 3207 1538; x_wconf 76' lang='grc' dir='ltr'><strong>προφήτης</strong></span> <span class='ocrx_word' id='word_1_356' title='bbox 3242 1467 3488 1532; x_wconf 81' lang='grc' dir='ltr'><strong>Ἡσαΐας,</strong></span> <span class='ocrx_word' id='word_1_357' title='bbox 3523 1486 3541 1518; x_wconf 79' lang='lat' dir='ltr'><strong>t</strong></span> <span class='ocrx_word' id='word_1_358' title='bbox 3579 1470 3703 1522; x_wconf 85' lang='grc' dir='ltr'>Παι-</span> 
     </span>
    </p>
   </div>
   <div class='ocr_carea' id='block_1_46' title="bbox 2123 1557 3698 1630">
    <p class='ocr_par' dir='ltr' id='par_1_46' title="bbox 2123 1557 3698 1630">
     <span class='ocr_line' id='line_1_46' title="bbox 2123 1557 3698 1630; baseline 0.003 -17"><span class='ocrx_word' id='word_1_359' title='bbox 2123 1561 2240 1613; x_wconf 82' lang='grc' dir='ltr'>δεία</span> <span class='ocrx_word' id='word_1_360' title='bbox 2289 1561 2509 1630; x_wconf 80' lang='grc' dir='ltr'><strong>εἰρήνης</strong></span> <span class='ocrx_word' id='word_1_361' title='bbox 2546 1558 2701 1629; x_wconf 83' lang='grc' dir='ltr'>ἡμῶν</span> <span class='ocrx_word' id='word_1_362' title='bbox 2757 1560 2843 1610; x_wconf 78' lang='grc' dir='ltr'><strong>ἐπ’</strong></span> <span class='ocrx_word' id='word_1_363' title='bbox 2888 1559 3072 1621; x_wconf 74' lang='grc' dir='ltr'>αὑτὸν,</span> <span class='ocrx_word' id='word_1_364' title='bbox 3121 1557 3199 1627; x_wconf 80' lang='grc' dir='ltr'>τῷ</span> <span class='ocrx_word' id='word_1_365' title='bbox 3252 1557 3479 1628; x_wconf 75' lang='grc' dir='ltr'>μώλωπι</span> <span class='ocrx_word' id='word_1_366' title='bbox 3534 1559 3698 1612; x_wconf 66' lang='grc' dir='ltr'>αὑτοῦ</span> 
     </span>
    </p>
   </div>
   <div class='ocr_carea' id='block_1_47' title="bbox 2123 1649 3703 1722">
    <p class='ocr_par' dir='ltr' id='par_1_47' title="bbox 2123 1649 3703 1722">
     <span class='ocr_line' id='line_1_47' title="bbox 2123 1649 3703 1722; baseline 0 -19"><span class='ocrx_word' id='word_1_367' title='bbox 2123 1654 2285 1722; x_wconf 80' lang='grc' dir='ltr'>ἡμεῖς</span> <span class='ocrx_word' id='word_1_368' title='bbox 2331 1650 2596 1721; x_wconf 85' lang='grc' dir='ltr'>ίάθημεν·</span> <span class='ocrx_word' id='word_1_369' title='bbox 2638 1669 2655 1701; x_wconf 73' lang='grc' dir='ltr'><strong>ι</strong></span> <span class='ocrx_word' id='word_1_370' title='bbox 2698 1651 2797 1702; x_wconf 79' lang='grc' dir='ltr'><strong>οὑκ</strong></span> <span class='ocrx_word' id='word_1_371' title='bbox 2847 1651 3008 1712; x_wconf 64' lang='grc' dir='ltr'>αὑτὸς</span> <span class='ocrx_word' id='word_1_372' title='bbox 3037 1650 3097 1703; x_wconf 85' lang='grc' dir='ltr'>τὸ</span> <span class='ocrx_word' id='word_1_373' title='bbox 3128 1649 3236 1721; x_wconf 84' lang='grc' dir='ltr'><strong>[ἵσ.</strong></span> <span class='ocrx_word' id='word_1_374' title='bbox 3280 1649 3380 1721; x_wconf 82' lang='grc' dir='ltr'>τῷ]</span> <span class='ocrx_word' id='word_1_375' title='bbox 3436 1650 3534 1720; x_wconf 81' lang='grc' dir='ltr'>τῆς</span> <span class='ocrx_word' id='word_1_376' title='bbox 3567 1652 3703 1714; x_wconf 86' lang='grc' dir='ltr'>ἰδίας</span> 
     </span>
    </p>
   </div>
   <div class='ocr_carea' id='block_1_48' title="bbox 2128 1741 3705 1813">
    <p class='ocr_par' dir='ltr' id='par_1_48' title="bbox 2128 1741 3705 1813">
     <span class='ocr_line' id='line_1_48' title="bbox 2128 1741 3705 1813; baseline 0.001 -19"><span class='ocrx_word' id='word_1_377' title='bbox 2128 1742 2328 1813; x_wconf 84' lang='grc' dir='ltr'>σαρκὸς</span> <span class='ocrx_word' id='word_1_378' title='bbox 2351 1741 2870 1813; x_wconf 86' lang='grc' dir='ltr'>παραθεραπεύεται</span> <span class='ocrx_word' id='word_1_379' title='bbox 2900 1741 3083 1794; x_wconf 86' lang='grc' dir='ltr'>πάθει.</span> <span class='ocrx_word' id='word_1_380' title='bbox 3109 1741 3388 1811; x_wconf 85' lang='grc' dir='ltr'>Παρεδόθη</span> <span class='ocrx_word' id='word_1_381' title='bbox 3409 1741 3496 1794; x_wconf 84' lang='grc' dir='ltr'><strong>διά</strong></span> <span class='ocrx_word' id='word_1_382' title='bbox 3517 1743 3583 1795; x_wconf 87' lang='grc' dir='ltr'>τὰ</span> <span class='ocrx_word' id='word_1_383' title='bbox 3607 1761 3705 1795; x_wconf 88' lang='grc' dir='ltr'>πα-</span> 
     </span>
    </p>
   </div>
   <div class='ocr_carea' id='block_1_49' title="bbox 2052 1832 3702 1927">
    <p class='ocr_par' dir='ltr' id='par_1_49' title="bbox 2052 1832 3702 1927">
     <span class='ocr_line' id='line_1_49' title="bbox 2052 1832 3702 1927; baseline 0 -42"><span class='ocrx_word' id='word_1_384' title='bbox 2052 1874 2093 1927; x_wconf 80' lang='lat' dir='ltr'><strong>B</strong></span> <span class='ocrx_word' id='word_1_385' title='bbox 2130 1832 2472 1904; x_wconf 84' lang='grc' dir='ltr'>ραπτώματα</span> <span class='ocrx_word' id='word_1_386' title='bbox 2513 1832 2670 1901; x_wconf 80' lang='grc' dir='ltr'>ἡμῶν</span> <span class='ocrx_word' id='word_1_387' title='bbox 2693 1847 2705 1859; x_wconf 87' lang='lat'><strong><em>°</em></strong></span> <span class='ocrx_word' id='word_1_388' title='bbox 2735 1833 2793 1884; x_wconf 84' lang='grc' dir='ltr'><strong>οὑ</strong></span> <span class='ocrx_word' id='word_1_389' title='bbox 2823 1832 2912 1884; x_wconf 89' lang='grc' dir='ltr'><strong>διά</strong></span> <span class='ocrx_word' id='word_1_390' title='bbox 2943 1849 3004 1899; x_wconf 87' lang='grc' dir='ltr'><strong>γε</strong></span> <span class='ocrx_word' id='word_1_391' title='bbox 3037 1832 3106 1885; x_wconf 81' lang='grc' dir='ltr'>τὰ</span> <span class='ocrx_word' id='word_1_392' title='bbox 3150 1833 3344 1885; x_wconf 79' lang='grc' dir='ltr'>ἑαυτοῦ</span> <span class='ocrx_word' id='word_1_393' title='bbox 3364 1848 3377 1860; x_wconf 85' lang='grc'>⁶</span> <span class='ocrx_word' id='word_1_394' title='bbox 3413 1832 3610 1884; x_wconf 87' lang='grc' dir='ltr'>πολλοῦ</span> <span class='ocrx_word' id='word_1_395' title='bbox 3638 1850 3702 1900; x_wconf 89' lang='grc' dir='ltr'><strong>γε</strong></span> 
     </span>
    </p>
   </div>
   <div class='ocr_carea' id='block_1_50' title="bbox 2124 1924 3703 1994">
    <p class='ocr_par' dir='ltr' id='par_1_50' title="bbox 2124 1924 3703 1994">
     <span class='ocr_line' id='line_1_50' title="bbox 2124 1924 3703 1994; baseline -0.001 -17"><span class='ocrx_word' id='word_1_396' title='bbox 2124 1927 2217 1978; x_wconf 80' lang='grc' dir='ltr'><strong>καὶ</strong></span> <span class='ocrx_word' id='word_1_397' title='bbox 2239 1925 2348 1977; x_wconf 89' lang='grc' dir='ltr'>δεῖ·</span> <span class='ocrx_word' id='word_1_398' title='bbox 2378 1926 2772 1994; x_wconf 76' lang='grc' dir='ltr'><strong>κατενήνεκται</strong></span> <span class='ocrx_word' id='word_1_399' title='bbox 2802 1925 2898 1993; x_wconf 84' lang='grc' dir='ltr'>μὲν</span> <span class='ocrx_word' id='word_1_400' title='bbox 2930 1925 3038 1994; x_wconf 85' lang='grc' dir='ltr'>γὰρ</span> <span class='ocrx_word' id='word_1_401' title='bbox 3068 1924 3515 1993; x_wconf 73' lang='grc' dir='ltr'><strong>ὁμολογουμένως</strong></span> <span class='ocrx_word' id='word_1_402' title='bbox 3548 1927 3581 1993; x_wconf 78' lang='grc' dir='ltr'>ἡ</span> <span class='ocrx_word' id='word_1_403' title='bbox 3613 1927 3703 1977; x_wconf 86' lang='grc' dir='ltr'>άν-</span> 
     </span>
    </p>
   </div>
   <div class='ocr_carea' id='block_1_51' title="bbox 2124 2016 3703 2086">
    <p class='ocr_par' dir='ltr' id='par_1_51' title="bbox 2124 2016 3703 2086">
     <span class='ocr_line' id='line_1_51' title="bbox 2124 2016 3703 2086; baseline -0.001 -17"><span class='ocrx_word' id='word_1_404' title='bbox 2124 2016 2344 2086; x_wconf 85' lang='grc' dir='ltr'>θρώπου</span> <span class='ocrx_word' id='word_1_405' title='bbox 2374 2016 2534 2086; x_wconf 82' lang='grc' dir='ltr'><strong>φύσις</strong></span> <span class='ocrx_word' id='word_1_406' title='bbox 2559 2019 2621 2069; x_wconf 82' lang='grc' dir='ltr'>ὲκ</span> <span class='ocrx_word' id='word_1_407' title='bbox 2647 2019 2743 2086; x_wconf 80' lang='grc' dir='ltr'>τῆς</span> <span class='ocrx_word' id='word_1_408' title='bbox 2773 2019 2830 2068; x_wconf 83' lang='grc' dir='ltr'>ὲν</span> <span class='ocrx_word' id='word_1_409' title='bbox 2869 2017 3038 2085; x_wconf 70' lang='grc' dir='ltr'>Ἀδάμ</span> <span class='ocrx_word' id='word_1_410' title='bbox 3070 2017 3433 2084; x_wconf 81' lang='grc' dir='ltr'>παραϐάσεως</span> <span class='ocrx_word' id='word_1_411' title='bbox 3460 2020 3536 2078; x_wconf 81' lang='grc' dir='ltr'>εἰς</span> <span class='ocrx_word' id='word_1_412' title='bbox 3565 2017 3703 2085; x_wconf 74' lang='grc' dir='ltr'>ἀρὰν</span> 
     </span>
    </p>
   </div>
   <div class='ocr_carea' id='block_1_52' title="bbox 2124 2107 3704 2179">
    <p class='ocr_par' dir='ltr' id='par_1_52' title="bbox 2124 2107 3704 2179">
     <span class='ocr_line' id='line_1_52' title="bbox 2124 2107 3704 2179; baseline -0.001 -17"><span class='ocrx_word' id='word_1_413' title='bbox 2124 2110 2219 2162; x_wconf 77' lang='grc' dir='ltr'><strong>καὶ</strong></span> <span class='ocrx_word' id='word_1_414' title='bbox 2247 2109 2476 2162; x_wconf 87' lang='grc' dir='ltr'>θάνατον</span> <span class='ocrx_word' id='word_1_415' title='bbox 2498 2124 2510 2138; x_wconf 78' lang='grc' dir='ltr'><strong><em>ο</em></strong></span> <span class='ocrx_word' id='word_1_416' title='bbox 2546 2108 2975 2179; x_wconf 78' lang='grc' dir='ltr'>κατηρρώστησε</span> <span class='ocrx_word' id='word_1_417' title='bbox 3002 2107 3057 2159; x_wconf 85' lang='grc' dir='ltr'>δὲ</span> <span class='ocrx_word' id='word_1_418' title='bbox 3096 2107 3234 2178; x_wconf 85' lang='grc' dir='ltr'>πρὸς</span> <span class='ocrx_word' id='word_1_419' title='bbox 3265 2107 3474 2170; x_wconf 77' lang='grc' dir='ltr'><strong>τούτοις</strong></span> <span class='ocrx_word' id='word_1_420' title='bbox 3524 2109 3615 2161; x_wconf 73' lang='grc' dir='ltr'><strong>καὶ</strong></span> <span class='ocrx_word' id='word_1_421' title='bbox 3643 2110 3704 2161; x_wconf 87' lang='grc' dir='ltr'>τὸ</span> 
     </span>
    </p>
   </div>
   <div class='ocr_carea' id='block_1_53' title="bbox 2123 2199 3703 2270">
    <p class='ocr_par' dir='ltr' id='par_1_53' title="bbox 2123 2199 3703 2270">
     <span class='ocr_line' id='line_1_53' title="bbox 2123 2199 3703 2270; baseline 0 -18"><span class='ocrx_word' id='word_1_422' title='bbox 2123 2200 2432 2262; x_wconf 79' lang='grc' dir='ltr'>εὔκολονείς</span> <span class='ocrx_word' id='word_1_423' title='bbox 2456 2200 2729 2269; x_wconf 83' lang='grc' dir='ltr'>ἁμαρτίαν</span> <span class='ocrx_word' id='word_1_424' title='bbox 2748 2201 2805 2251; x_wconf 74' lang='grc' dir='ltr'>ἐν</span> <span class='ocrx_word' id='word_1_425' title='bbox 2826 2203 2889 2268; x_wconf 81' lang='grc' dir='ltr'>τῇ</span> <span class='ocrx_word' id='word_1_426' title='bbox 2907 2200 3100 2270; x_wconf 90' lang='grc' dir='ltr'>σαρκί·</span> <span class='ocrx_word' id='word_1_427' title='bbox 3129 2200 3215 2251; x_wconf 86' lang='grc' dir='ltr'><strong>ἶνα</strong></span> <span class='ocrx_word' id='word_1_428' title='bbox 3236 2199 3294 2251; x_wconf 81' lang='grc' dir='ltr'>τὸ</span> <span class='ocrx_word' id='word_1_429' title='bbox 3313 2199 3585 2269; x_wconf 80' lang='grc' dir='ltr'><strong>δικαίωμα</strong></span> <span class='ocrx_word' id='word_1_430' title='bbox 3610 2201 3703 2253; x_wconf 80' lang='grc' dir='ltr'>τοῦ</span> 
     </span>
    </p>
   </div>
   <div class='ocr_carea' id='block_1_54' title="bbox 2124 2291 3702 2363">
    <p class='ocr_par' dir='ltr' id='par_1_54' title="bbox 2124 2291 3702 2363">
     <span class='ocr_line' id='line_1_54' title="bbox 2124 2291 3702 2363; baseline 0 -19"><span class='ocrx_word' id='word_1_431' title='bbox 2124 2293 2291 2363; x_wconf 81' lang='grc' dir='ltr'>νόμου</span> <span class='ocrx_word' id='word_1_432' title='bbox 2320 2292 2585 2362; x_wconf 79' lang='grc' dir='ltr'>πληρωθῇ</span> <span class='ocrx_word' id='word_1_433' title='bbox 2612 2293 2669 2342; x_wconf 77' lang='grc' dir='ltr'>ἐν</span> <span class='ocrx_word' id='word_1_434' title='bbox 2692 2292 2823 2360; x_wconf 73' lang='grc' dir='ltr'>ἡμῖν</span> <span class='ocrx_word' id='word_1_435' title='bbox 2850 2294 2960 2353; x_wconf 84' lang='grc' dir='ltr'>τοῖς</span> <span class='ocrx_word' id='word_1_436' title='bbox 2989 2291 3062 2361; x_wconf 81' lang='grc' dir='ltr'>μὴ</span> <span class='ocrx_word' id='word_1_437' title='bbox 3092 2291 3235 2343; x_wconf 80' lang='grc' dir='ltr'>κατὰ</span> <span class='ocrx_word' id='word_1_438' title='bbox 3255 2292 3434 2361; x_wconf 82' lang='grc' dir='ltr'>σάρκα</span> <span class='ocrx_word' id='word_1_439' title='bbox 3472 2309 3702 2361; x_wconf 87' lang='grc' dir='ltr'>περιπα-</span> 
     </span>
    </p>
   </div>
   <div class='ocr_carea' id='block_1_55' title="bbox 2122 2382 3704 2455">
    <p class='ocr_par' dir='ltr' id='par_1_55' title="bbox 2122 2382 3704 2455">
     <span class='ocr_line' id='line_1_55' title="bbox 2122 2382 3704 2455; baseline 0 -18"><span class='ocrx_word' id='word_1_440' title='bbox 2122 2383 2478 2451; x_wconf 45' lang='lat' dir='ltr'><strong>mammam:</strong></span> <span class='ocrx_word' id='word_1_441' title='bbox 2500 2384 2639 2435; x_wconf 80' lang='grc' dir='ltr'>κατὰ</span> <span class='ocrx_word' id='word_1_442' title='bbox 2664 2383 3302 2453; x_wconf 82' lang='grc' dir='ltr'>πνεῦμα.Κεχρημάτικε</span> <span class='ocrx_word' id='word_1_443' title='bbox 3324 2382 3431 2455; x_wconf 82' lang='grc' dir='ltr'><strong>γὰρ</strong></span> <span class='ocrx_word' id='word_1_444' title='bbox 3446 2384 3531 2436; x_wconf 79' lang='grc' dir='ltr'>διὰ</span> <span class='ocrx_word' id='word_1_445' title='bbox 3557 2385 3704 2437; x_wconf 75' lang='grc' dir='ltr'>τοῦτο</span> 
     </span>
    </p>
   </div>
   <div class='ocr_carea' id='block_1_56' title="bbox 2124 2474 3705 2545">
    <p class='ocr_par' dir='ltr' id='par_1_56' title="bbox 2124 2474 3705 2545">
     <span class='ocr_line' id='line_1_56' title="bbox 2124 2474 3705 2545; baseline -0.001 -17"><span class='ocrx_word' id='word_1_446' title='bbox 2124 2476 2217 2529; x_wconf 78' lang='lat' dir='ltr'><strong>xai</strong></span> <span class='ocrx_word' id='word_1_447' title='bbox 2246 2475 2473 2545; x_wconf 80' lang='grc' dir='ltr'>ἔσχατος</span> <span class='ocrx_word' id='word_1_448' title='bbox 2515 2474 2686 2544; x_wconf 84' lang='grc' dir='ltr'>Ἀδάμ</span> <span class='ocrx_word' id='word_1_449' title='bbox 2706 2490 2719 2503; x_wconf 88' lang='grc'><strong>·</strong></span> <span class='ocrx_word' id='word_1_450' title='bbox 2744 2477 2804 2525; x_wconf 77' lang='grc' dir='ltr'>οὐ</span> <span class='ocrx_word' id='word_1_451' title='bbox 2838 2477 2906 2526; x_wconf 81' lang='grc' dir='ltr'><strong>τά</strong></span> <span class='ocrx_word' id='word_1_452' title='bbox 2938 2474 3031 2526; x_wconf 78' lang='grc' dir='ltr'>τοῦ</span> <span class='ocrx_word' id='word_1_453' title='bbox 3068 2474 3285 2544; x_wconf 84' lang='grc' dir='ltr'>πρώτου</span> <span class='ocrx_word' id='word_1_454' title='bbox 3313 2478 3489 2528; x_wconf 81' lang='grc' dir='ltr'>νοσεῖν</span> <span class='ocrx_word' id='word_1_455' title='bbox 3518 2476 3705 2545; x_wconf 82' lang='grc' dir='ltr'>ἀνεχό-</span> 
     </span>
    </p>
   </div>
   <div class='ocr_carea' id='block_1_57' title="bbox 2127 2565 3703 2637">
    <p class='ocr_par' dir='ltr' id='par_1_57' title="bbox 2127 2565 3703 2637">
     <span class='ocr_line' id='line_1_57' title="bbox 2127 2565 3703 2637; baseline 0.002 -19"><span class='ocrx_word' id='word_1_456' title='bbox 2127 2583 2305 2637; x_wconf 86' lang='grc' dir='ltr'>μενος,</span> <span class='ocrx_word' id='word_1_457' title='bbox 2342 2565 2699 2619; x_wconf 82' lang='grc' dir='ltr'>ἀπαλλάττων</span> <span class='ocrx_word' id='word_1_458' title='bbox 2743 2566 2799 2618; x_wconf 81' lang='grc' dir='ltr'>δὲ</span> <span class='ocrx_word' id='word_1_459' title='bbox 2850 2566 3047 2635; x_wconf 80' lang='grc' dir='ltr'>μᾶλλον</span> <span class='ocrx_word' id='word_1_460' title='bbox 3096 2566 3172 2629; x_wconf 87' lang='grc' dir='ltr'>ὡς</span> <span class='ocrx_word' id='word_1_461' title='bbox 3215 2569 3272 2619; x_wconf 85' lang='grc' dir='ltr'>ἐν</span> <span class='ocrx_word' id='word_1_462' title='bbox 3300 2567 3478 2636; x_wconf 78' lang='grc' dir='ltr'>ἐαυτῷ</span> <span class='ocrx_word' id='word_1_463' title='bbox 3511 2585 3568 2618; x_wconf 90' lang='grc' dir='ltr'><strong>τε</strong></span> <span class='ocrx_word' id='word_1_464' title='bbox 3611 2569 3703 2621; x_wconf 73' lang='grc' dir='ltr'><strong>καὶ</strong></span> 
     </span>
    </p>
   </div>
   <div class='ocr_carea' id='block_1_58' title="bbox 2126 2657 3702 2730">
    <p class='ocr_par' dir='ltr' id='par_1_58' title="bbox 2126 2657 3702 2730">
     <span class='ocr_line' id='line_1_58' title="bbox 2126 2657 3702 2730; baseline 0.002 -21"><span class='ocrx_word' id='word_1_465' title='bbox 2126 2657 2325 2729; x_wconf 71' lang='grc' dir='ltr'>πρώτῳ</span> <span class='ocrx_word' id='word_1_466' title='bbox 2378 2657 2475 2727; x_wconf 81' lang='grc' dir='ltr'>τὴν</span> <span class='ocrx_word' id='word_1_467' title='bbox 2517 2657 2808 2729; x_wconf 84' lang='grc' dir='ltr'>ἀνθρώπου</span> <span class='ocrx_word' id='word_1_468' title='bbox 2858 2658 3019 2727; x_wconf 86' lang='grc' dir='ltr'>φύσιν</span> <span class='ocrx_word' id='word_1_469' title='bbox 3062 2659 3170 2711; x_wconf 87' lang='grc' dir='ltr'>τῶν</span> <span class='ocrx_word' id='word_1_470' title='bbox 3219 2660 3284 2711; x_wconf 77' lang='grc' dir='ltr'>ἐκ</span> <span class='ocrx_word' id='word_1_471' title='bbox 3336 2660 3702 2730; x_wconf 82' lang='grc' dir='ltr'>παραϐάσεως</span> 
     </span>
    </p>
   </div>
   <div class='ocr_carea' id='block_1_59' title="bbox 2122 2750 3703 2823">
    <p class='ocr_par' dir='ltr' id='par_1_59' title="bbox 2122 2750 3703 2823">
     <span class='ocr_line' id='line_1_59' title="bbox 2122 2750 3703 2823; baseline 0 -19"><span class='ocrx_word' id='word_1_472' title='bbox 2122 2751 2353 2821; x_wconf 82' lang='grc' dir='ltr'>ἀρχαίας</span> <span class='ocrx_word' id='word_1_473' title='bbox 2383 2750 2596 2817; x_wconf 69' lang='grc' dir='ltr'>ἐκείνης</span> <span class='ocrx_word' id='word_1_474' title='bbox 2631 2751 2971 2820; x_wconf 84' lang='grc' dir='ltr'>αίτιαμάτων</span> <span class='ocrx_word' id='word_1_475' title='bbox 2993 2768 3005 2779; x_wconf 89' lang='grc'>·</span> <span class='ocrx_word' id='word_1_476' title='bbox 3054 2750 3412 2821; x_wconf 83' lang='grc' dir='ltr'>κατεγνώσθη</span> <span class='ocrx_word' id='word_1_477' title='bbox 3462 2754 3561 2821; x_wconf 81' lang='grc' dir='ltr'>μὲν</span> <span class='ocrx_word' id='word_1_478' title='bbox 3594 2752 3703 2823; x_wconf 84' lang='grc' dir='ltr'>γὰρ</span> 
     </span>
    </p>
   </div>
   <div class='ocr_carea' id='block_1_60' title="bbox 2126 2842 3705 2915">
    <p class='ocr_par' dir='ltr' id='par_1_60' title="bbox 2126 2842 3705 2915">
     <span class='ocr_line' id='line_1_60' title="bbox 2126 2842 3705 2915; baseline 0.003 -20"><span class='ocrx_word' id='word_1_479' title='bbox 2126 2844 2333 2912; x_wconf 79' lang='grc' dir='ltr'>Ἀδάμ’</span> <span class='ocrx_word' id='word_1_480' title='bbox 2398 2843 2514 2894; x_wconf 86' lang='grc' dir='ltr'>ἀλλ’</span> <span class='ocrx_word' id='word_1_481' title='bbox 2558 2842 2717 2913; x_wconf 72' lang='grc' dir='ltr'>ὤφθη</span> <span class='ocrx_word' id='word_1_482' title='bbox 2759 2843 3106 2915; x_wconf 86' lang='grc' dir='ltr'>δοκιμωτάτη</span> <span class='ocrx_word' id='word_1_483' title='bbox 3139 2846 3234 2897; x_wconf 75' lang='grc' dir='ltr'>καὶ</span> <span class='ocrx_word' id='word_1_484' title='bbox 3275 2843 3606 2913; x_wconf 83' lang='grc' dir='ltr'>άξιάγαστος</span> <span class='ocrx_word' id='word_1_485' title='bbox 3645 2848 3705 2899; x_wconf 81' lang='grc' dir='ltr'>ὲν</span> 
     </span>
    </p>
   </div>
   <div class='ocr_carea' id='block_1_61' title="bbox 2122 2931 3707 3008">
    <p class='ocr_par' dir='ltr' id='par_1_61' title="bbox 2122 2931 3707 3008">
     <span class='ocr_line' id='line_1_61' title="bbox 2122 2931 3707 3008; baseline 0.003 -21"><span class='ocrx_word' id='word_1_486' title='bbox 2122 2934 2368 3005; x_wconf 84' lang='grc' dir='ltr'>Χριστῷ.</span> <span class='ocrx_word' id='word_1_487' title='bbox 2402 2934 2598 2997; x_wconf 85' lang='grc' dir='ltr'>Χοῖκὺς</span> <span class='ocrx_word' id='word_1_488' title='bbox 2641 2931 2735 2989; x_wconf 80' lang='grc' dir='ltr'>οὖν</span> <span class='ocrx_word' id='word_1_489' title='bbox 2773 2939 3013 3002; x_wconf 78' lang='grc' dir='ltr'>ἐκεῖνος,</span> <span class='ocrx_word' id='word_1_490' title='bbox 3061 2938 3385 3007; x_wconf 76' lang='grc' dir='ltr'>ἐπουράνιος</span> <span class='ocrx_word' id='word_1_491' title='bbox 3421 2938 3477 2990; x_wconf 81' lang='grc' dir='ltr'>δὲ</span> <span class='ocrx_word' id='word_1_492' title='bbox 3509 2942 3537 2991; x_wconf 85' lang='lat'><strong>6</strong></span> <span class='ocrx_word' id='word_1_493' title='bbox 3571 2940 3707 3008; x_wconf 83' lang='grc' dir='ltr'><strong>Χρι-</strong></span> 
     </span>
    </p>
   </div>
   <div class='ocr_carea' id='block_1_62' title="bbox 2127 3026 3708 3100">
    <p class='ocr_par' dir='ltr' id='par_1_62' title="bbox 2127 3026 3708 3100">
     <span class='ocr_line' id='line_1_62' title="bbox 2127 3026 3708 3100; baseline 0.003 -22"><span class='ocrx_word' id='word_1_494' title='bbox 2127 3026 2269 3089; x_wconf 84' lang='grc' dir='ltr'>στός.</span> <span class='ocrx_word' id='word_1_495' title='bbox 2307 3027 2416 3078; x_wconf 75' lang='grc' dir='ltr'><strong>Καὶ</strong></span> <span class='ocrx_word' id='word_1_496' title='bbox 2460 3028 2730 3099; x_wconf 79' lang='grc' dir='ltr'>ἐνετράπη</span> <span class='ocrx_word' id='word_1_497' title='bbox 2786 3029 2883 3098; x_wconf 72' lang='grc' dir='ltr'>μὲν</span> <span class='ocrx_word' id='word_1_498' title='bbox 2928 3031 2983 3080; x_wconf 86' lang='grc' dir='ltr'>ὲν</span> <span class='ocrx_word' id='word_1_499' title='bbox 3028 3028 3105 3098; x_wconf 81' lang='grc' dir='ltr'>τῷ</span> <span class='ocrx_word' id='word_1_500' title='bbox 3140 3029 3361 3100; x_wconf 84' lang='grc' dir='ltr'>πρώτῳ,</span> <span class='ocrx_word' id='word_1_501' title='bbox 3404 3047 3708 3100; x_wconf 88' lang='grc' dir='ltr'>κατακομι-</span> 
     </span>
    </p>
   </div>
   <div class='ocr_carea' id='block_1_63' title="bbox 2128 3117 3707 3191">
    <p class='ocr_par' dir='ltr' id='par_1_63' title="bbox 2128 3117 3707 3191">
     <span class='ocr_line' id='line_1_63' title="bbox 2128 3117 3707 3191; baseline 0.004 -23"><span class='ocrx_word' id='word_1_502' title='bbox 2128 3117 2313 3169; x_wconf 87' lang='grc' dir='ltr'>σθεῖσα</span> <span class='ocrx_word' id='word_1_503' title='bbox 2346 3118 2483 3188; x_wconf 76' lang='grc' dir='ltr'>πρὸς</span> <span class='ocrx_word' id='word_1_504' title='bbox 2513 3119 2819 3190; x_wconf 84' lang='grc' dir='ltr'>παρακοὴν,</span> <span class='ocrx_word' id='word_1_505' title='bbox 2866 3121 3003 3189; x_wconf 85' lang='grc' dir='ltr'>ὅπερ</span> <span class='ocrx_word' id='word_1_506' title='bbox 3036 3121 3185 3172; x_wconf 74' lang='grc' dir='ltr'>ἐστὶν</span> <span class='ocrx_word' id='word_1_507' title='bbox 3234 3123 3478 3191; x_wconf 86' lang='grc' dir='ltr'>ἁμαρτία</span> <span class='ocrx_word' id='word_1_508' title='bbox 3500 3139 3512 3152; x_wconf 87' lang='grc'><strong>·</strong></span> <span class='ocrx_word' id='word_1_509' title='bbox 3548 3127 3707 3191; x_wconf 86' lang='grc' dir='ltr'>τετή-</span> 
     </span>
    </p>
   </div>
   <div class='ocr_carea' id='block_1_64' title="bbox 441 3208 2020 3285">
    <p class='ocr_par' dir='ltr' id='par_1_64' title="bbox 441 3213 2020 3285">
     <span class='ocr_line' id='line_1_64' title="bbox 441 3213 2020 3285; baseline -0.001 -16"><span class='ocrx_word' id='word_1_510' title='bbox 441 3224 592 3285; x_wconf 84' lang='lat' dir='ltr'><strong>tegra</strong></span> <span class='ocrx_word' id='word_1_511' title='bbox 626 3214 909 3284; x_wconf 87' lang='lat' dir='ltr'><strong>apparuit,</strong></span> <span class='ocrx_word' id='word_1_512' title='bbox 944 3223 999 3267; x_wconf 90' lang='lat' dir='ltr'><strong>et</strong></span> <span class='ocrx_word' id='word_1_513' title='bbox 1042 3213 1420 3267; x_wconf 86' lang='lat' dir='ltr'><strong>maledictione</strong></span> <span class='ocrx_word' id='word_1_514' title='bbox 1464 3213 1922 3281; x_wconf 82' lang='lat' dir='ltr'><strong>damnationeque</strong></span> <span class='ocrx_word' id='word_1_515' title='bbox 1967 3222 2020 3267; x_wconf 90' lang='lat' dir='ltr'><strong>et</strong></span> 
     </span>
    </p>
   </div>
   <div class='ocr_carea' id='block_1_65' title="bbox 2124 3208 3709 3285">
    <p class='ocr_par' dir='ltr' id='par_1_65' title="bbox 2130 3208 3709 3281">
     <span class='ocr_line' id='line_1_65' title="bbox 2130 3208 3709 3281; baseline 0.004 -23"><span class='ocrx_word' id='word_1_516' title='bbox 2130 3224 2266 3277; x_wconf 89' lang='grc' dir='ltr'>ρηκε</span> <span class='ocrx_word' id='word_1_517' title='bbox 2295 3208 2350 3261; x_wconf 86' lang='grc' dir='ltr'>δὲ</span> <span class='ocrx_word' id='word_1_518' title='bbox 2389 3210 2453 3262; x_wconf 84' lang='grc' dir='ltr'>τὸ</span> <span class='ocrx_word' id='word_1_519' title='bbox 2495 3209 2851 3279; x_wconf 80' lang='grc' dir='ltr'>ἀπαράϐατον</span> <span class='ocrx_word' id='word_1_520' title='bbox 2882 3211 2940 3263; x_wconf 79' lang='grc' dir='ltr'>ὲν</span> <span class='ocrx_word' id='word_1_521' title='bbox 2985 3211 3225 3281; x_wconf 83' lang='grc' dir='ltr'>Χριστῷ,</span> <span class='ocrx_word' id='word_1_522' title='bbox 3274 3211 3366 3264; x_wconf 74' lang='grc' dir='ltr'><strong>καὶ</strong></span> <span class='ocrx_word' id='word_1_523' title='bbox 3399 3211 3473 3275; x_wconf 82' lang='grc' dir='ltr'>ὡς</span> <span class='ocrx_word' id='word_1_524' title='bbox 3515 3214 3573 3265; x_wconf 79' lang='grc' dir='ltr'>ὲν</span> <span class='ocrx_word' id='word_1_525' title='bbox 3602 3215 3709 3265; x_wconf 87' lang='grc' dir='ltr'><strong>ἀπ-</strong></span> 
     </span>
    </p>
   </div>
   <div class='ocr_carea' id='block_1_66' title="bbox 445 3304 2018 3375">
    <p class='ocr_par' dir='ltr' id='par_1_66' title="bbox 445 3304 2018 3375">
     <span class='ocr_line' id='line_1_66' title="bbox 445 3304 2018 3375; baseline -0.003 -13"><span class='ocrx_word' id='word_1_526' title='bbox 445 3317 616 3363; x_wconf 87' lang='lat' dir='ltr'><strong>tnorte</strong></span> <span class='ocrx_word' id='word_1_527' title='bbox 641 3316 803 3374; x_wconf 87' lang='lat' dir='ltr'><strong>atque</strong></span> <span class='ocrx_word' id='word_1_528' title='bbox 825 3306 1172 3375; x_wconf 92' lang='lat' dir='ltr'><strong>corruptione</strong></span> <span class='ocrx_word' id='word_1_529' title='bbox 1201 3304 1486 3359; x_wconf 89' lang='lat' dir='ltr'><strong>valentior.</strong></span> <span class='ocrx_word' id='word_1_530' title='bbox 1516 3304 1813 3357; x_wconf 82' lang='lat' dir='ltr'><strong>Continuat</strong></span> <span class='ocrx_word' id='word_1_531' title='bbox 1837 3313 2018 3358; x_wconf 88' lang='lat' dir='ltr'><strong>autem</strong></span> 
     </span>
    </p>
   </div>
   <div class='ocr_carea' id='block_1_67' title="bbox 444 3395 2023 3465">
    <p class='ocr_par' dir='ltr' id='par_1_67' title="bbox 444 3395 2023 3465">
     <span class='ocr_line' id='line_1_67' title="bbox 444 3395 2023 3465; baseline -0.004 -10"><span class='ocrx_word' id='word_1_532' title='bbox 444 3414 545 3455; x_wconf 87' lang='lat' dir='ltr'><strong>nos</strong></span> <span class='ocrx_word' id='word_1_533' title='bbox 587 3402 777 3452; x_wconf 88' lang='lat' dir='ltr'><strong>beatus</strong></span> <span class='ocrx_word' id='word_1_534' title='bbox 809 3397 1030 3461; x_wconf 84' lang='lat' dir='ltr'><strong>Paulus,</strong></span> <span class='ocrx_word' id='word_1_535' title='bbox 1062 3396 1154 3463; x_wconf 87' lang='lat' dir='ltr'><strong>qui</strong></span> <span class='ocrx_word' id='word_1_536' title='bbox 1200 3395 1278 3449; x_wconf 88' lang='lat' dir='ltr'><strong>sic</strong></span> <span class='ocrx_word' id='word_1_537' title='bbox 1329 3396 1592 3465; x_wconf 89' lang='lat' dir='ltr'><strong>scripsit:</strong></span> <span class='ocrx_word' id='word_1_538' title='bbox 1629 3415 1647 3446; x_wconf 86' lang='grc'><em>‹</em></span> <span class='ocrx_word' id='word_1_539' title='bbox 1686 3396 1836 3449; x_wconf 85' lang='lat' dir='ltr'><strong>Sicut</strong></span> <span class='ocrx_word' id='word_1_540' title='bbox 1878 3398 2023 3451; x_wconf 90' lang='lat' dir='ltr'><strong>enim</strong></span> 
     </span>
    </p>
   </div>
   <div class='ocr_carea' id='block_1_68' title="bbox 443 3488 2023 3561">
    <p class='ocr_par' dir='ltr' id='par_1_68' title="bbox 443 3488 2023 3561">
     <span class='ocr_line' id='line_1_68' title="bbox 443 3488 2023 3561; baseline -0.004 -14"><span class='ocrx_word' id='word_1_541' title='bbox 443 3507 542 3561; x_wconf 90' lang='lat' dir='ltr'><strong>per</strong></span> <span class='ocrx_word' id='word_1_542' title='bbox 572 3490 990 3545; x_wconf 89' lang='lat' dir='ltr'><strong>inobedientiam</strong></span> <span class='ocrx_word' id='word_1_543' title='bbox 1021 3490 1179 3541; x_wconf 89' lang='lat' dir='ltr'><strong>unius</strong></span> <span class='ocrx_word' id='word_1_544' title='bbox 1214 3488 1448 3542; x_wconf 89' lang='lat' dir='ltr'><strong>hominis</strong></span> <span class='ocrx_word' id='word_1_545' title='bbox 1476 3498 1789 3557; x_wconf 85' lang='lat' dir='ltr'><strong>peccatores</strong></span> <span class='ocrx_word' id='word_1_546' title='bbox 1818 3489 2023 3542; x_wconf 92' lang='lat' dir='ltr'><strong>consti-</strong></span> 
     </span>
    </p>
   </div>
   <div class='ocr_carea' id='block_1_69' title="bbox 446 3580 2023 3650">
    <p class='ocr_par' dir='ltr' id='par_1_69' title="bbox 446 3580 2023 3650">
     <span class='ocr_line' id='line_1_69' title="bbox 446 3580 2023 3650; baseline -0.001 -14"><span class='ocrx_word' id='word_1_547' title='bbox 446 3584 542 3636; x_wconf 90' lang='lat' dir='ltr'><strong>tuti</strong></span> <span class='ocrx_word' id='word_1_548' title='bbox 575 3592 701 3635; x_wconf 91' lang='lat' dir='ltr'><strong>snnt</strong></span> <span class='ocrx_word' id='word_1_549' title='bbox 736 3581 922 3635; x_wconf 90' lang='lat' dir='ltr'><strong>multi:</strong></span> <span class='ocrx_word' id='word_1_550' title='bbox 956 3581 1029 3633; x_wconf 88' lang='lat' dir='ltr'><strong>ita</strong></span> <span class='ocrx_word' id='word_1_551' title='bbox 1060 3590 1114 3632; x_wconf 90' lang='lat' dir='ltr'><strong>et</strong></span> <span class='ocrx_word' id='word_1_552' title='bbox 1150 3596 1244 3650; x_wconf 89' lang='lat' dir='ltr'><strong>per</strong></span> <span class='ocrx_word' id='word_1_553' title='bbox 1273 3581 1437 3634; x_wconf 89' lang='lat' dir='ltr'><strong>unius</strong></span> <span class='ocrx_word' id='word_1_554' title='bbox 1493 3580 1857 3635; x_wconf 85' lang='lat' dir='ltr'><strong>obedientiam</strong></span> <span class='ocrx_word' id='word_1_555' title='bbox 1892 3581 2023 3650; x_wconf 87' lang='lat' dir='ltr'><strong>justi</strong></span> 
     </span>
    </p>
   </div>
   <div class='ocr_carea' id='block_1_70' title="bbox 444 3672 2025 3741">
    <p class='ocr_par' dir='ltr' id='par_1_70' title="bbox 444 3672 2025 3741">
     <span class='ocr_line' id='line_1_70' title="bbox 444 3672 2025 3741; baseline -0.002 -12"><span class='ocrx_word' id='word_1_556' title='bbox 444 3675 848 3729; x_wconf 85' lang='lat' dir='ltr'><strong>constituentur</strong></span> <span class='ocrx_word' id='word_1_557' title='bbox 883 3672 1035 3726; x_wconf 90' lang='lat' dir='ltr'><strong>multi</strong></span> <span class='ocrx_word' id='word_1_558' title='bbox 1076 3673 1142 3725; x_wconf 80' lang='lat'><strong>“.</strong></span> <span class='ocrx_word' id='word_1_559' title='bbox 1180 3691 1198 3723; x_wconf 75' lang='grc' dir='ltr'><strong>ι</strong></span> <span class='ocrx_word' id='word_1_560' title='bbox 1230 3672 1440 3740; x_wconf 84' lang='lat' dir='ltr'><strong>lndiget</strong></span> <span class='ocrx_word' id='word_1_561' title='bbox 1488 3672 1651 3740; x_wconf 80' lang='lat' dir='ltr'><strong>igitur</strong></span> <span class='ocrx_word' id='word_1_562' title='bbox 1700 3672 1875 3725; x_wconf 78' lang='lat' dir='ltr'><strong>bestia</strong></span> <span class='ocrx_word' id='word_1_563' title='bbox 1926 3686 2025 3741; x_wconf 91' lang='lat' dir='ltr'><strong>pro</strong></span> 
     </span>
    </p>
   </div>
   <div class='ocr_carea' id='block_1_71' title="bbox 444 3764 2024 3834">
    <p class='ocr_par' dir='ltr' id='par_1_71' title="bbox 444 3764 2024 3834">
     <span class='ocr_line' id='line_1_71' title="bbox 444 3764 2024 3834; baseline -0.001 -14"><span class='ocrx_word' id='word_1_564' title='bbox 444 3767 557 3821; x_wconf 88' lang='lat' dir='ltr'><strong>suis</strong></span> <span class='ocrx_word' id='word_1_565' title='bbox 616 3766 827 3820; x_wconf 90' lang='lat' dir='ltr'><strong>delictis</strong></span> <span class='ocrx_word' id='word_1_566' title='bbox 879 3766 1127 3834; x_wconf 91' lang='lat' dir='ltr'><strong>quisquis</strong></span> <span class='ocrx_word' id='word_1_567' title='bbox 1182 3764 1386 3832; x_wconf 91' lang='lat' dir='ltr'><strong>peccati</strong></span> <span class='ocrx_word' id='word_1_568' title='bbox 1451 3773 1600 3816; x_wconf 87' lang='lat' dir='ltr'><strong>reatu</strong></span> <span class='ocrx_word' id='word_1_569' title='bbox 1657 3772 1908 3817; x_wconf 89' lang='lat' dir='ltr'><strong>tenetur:</strong></span> <span class='ocrx_word' id='word_1_570' title='bbox 1967 3773 2024 3818; x_wconf 87' lang='lat' dir='ltr'><strong>et</strong></span> 
     </span>
    </p>
   </div>
   <div class='ocr_carea' id='block_1_72' title="bbox 444 3853 2023 3923">
    <p class='ocr_par' dir='ltr' id='par_1_72' title="bbox 444 3853 2023 3923">
     <span class='ocr_line' id='line_1_72' title="bbox 444 3853 2023 3923; baseline -0.004 -13"><span class='ocrx_word' id='word_1_571' title='bbox 444 3856 638 3911; x_wconf 87' lang='lat' dir='ltr'><strong>obtulit</strong></span> <span class='ocrx_word' id='word_1_572' title='bbox 661 3860 896 3923; x_wconf 90' lang='lat' dir='ltr'><strong>seipsum</strong></span> <span class='ocrx_word' id='word_1_573' title='bbox 931 3855 1181 3908; x_wconf 84' lang='lat' dir='ltr'><strong>Christus</strong></span> <span class='ocrx_word' id='word_1_574' title='bbox 1215 3868 1313 3920; x_wconf 89' lang='lat' dir='ltr'><strong>pro</strong></span> <span class='ocrx_word' id='word_1_575' title='bbox 1346 3867 1543 3922; x_wconf 84' lang='lat' dir='ltr'><strong>genere</strong></span> <span class='ocrx_word' id='word_1_576' title='bbox 1568 3853 1865 3906; x_wconf 89' lang='lat' dir='ltr'><strong>secundum</strong></span> <span class='ocrx_word' id='word_1_577' title='bbox 1898 3868 2023 3905; x_wconf 88' lang='lat' dir='ltr'><strong>car-</strong></span> 
     </span>
    </p>
   </div>
   <div class='ocr_carea' id='block_1_73' title="bbox 446 3945 2024 4017">
    <p class='ocr_par' dir='ltr' id='par_1_73' title="bbox 446 3945 2024 4017">
     <span class='ocr_line' id='line_1_73' title="bbox 446 3945 2024 4017; baseline -0.005 -12"><span class='ocrx_word' id='word_1_578' title='bbox 446 3966 586 4015; x_wconf 89' lang='lat' dir='ltr'><strong>nem,</strong></span> <span class='ocrx_word' id='word_1_579' title='bbox 644 3951 744 4004; x_wconf 89' lang='lat' dir='ltr'><strong>hoc</strong></span> <span class='ocrx_word' id='word_1_580' title='bbox 778 3960 880 4014; x_wconf 90' lang='lat' dir='ltr'><strong>est,</strong></span> <span class='ocrx_word' id='word_1_581' title='bbox 932 3963 1028 4017; x_wconf 91' lang='lat' dir='ltr'><strong>pro</strong></span> <span class='ocrx_word' id='word_1_582' title='bbox 1076 3949 1251 4011; x_wconf 92' lang='lat' dir='ltr'><strong>nobis,</strong></span> <span class='ocrx_word' id='word_1_583' title='bbox 1304 3963 1410 4002; x_wconf 87' lang='lat' dir='ltr'><strong>non</strong></span> <span class='ocrx_word' id='word_1_584' title='bbox 1463 3958 1643 4000; x_wconf 85' lang='lat' dir='ltr'><strong>autem</strong></span> <span class='ocrx_word' id='word_1_585' title='bbox 1679 3961 1776 4013; x_wconf 92' lang='lat' dir='ltr'><strong>pro</strong></span> <span class='ocrx_word' id='word_1_586' title='bbox 1821 3945 2024 4014; x_wconf 88' lang='lat' dir='ltr'><strong>scipso,</strong></span> 
     </span>
    </p>
   </div>
   <div class='ocr_carea' id='block_1_74' title="bbox 445 4036 2026 4110">
    <p class='ocr_par' dir='ltr' id='par_1_74' title="bbox 445 4036 2026 4110">
     <span class='ocr_line' id='line_1_74' title="bbox 445 4036 2026 4110; baseline -0.005 -13"><span class='ocrx_word' id='word_1_587' title='bbox 445 4059 567 4098; x_wconf 91' lang='lat' dir='ltr'><strong>cum</strong></span> <span class='ocrx_word' id='word_1_588' title='bbox 608 4051 831 4110; x_wconf 84' lang='lat' dir='ltr'><strong>peccato</strong></span> <span class='ocrx_word' id='word_1_589' title='bbox 869 4043 1115 4109; x_wconf 88' lang='lat' dir='ltr'><strong>superior</strong></span> <span class='ocrx_word' id='word_1_590' title='bbox 1150 4049 1328 4102; x_wconf 88' lang='lat' dir='ltr'><strong>esset,</strong></span> <span class='ocrx_word' id='word_1_591' title='bbox 1366 4048 1552 4109; x_wconf 87' lang='lat' dir='ltr'><strong>utpote</strong></span> <span class='ocrx_word' id='word_1_592' title='bbox 1590 4041 1729 4093; x_wconf 85' lang='lat' dir='ltr'><strong>Deus</strong></span> <span class='ocrx_word' id='word_1_593' title='bbox 1762 4054 1773 4089; x_wconf 86' lang='lat'>;</span> <span class='ocrx_word' id='word_1_594' title='bbox 1819 4052 1941 4091; x_wconf 89' lang='lat' dir='ltr'><strong>nam</strong></span> <span class='ocrx_word' id='word_1_595' title='bbox 1979 4036 2026 4091; x_wconf 91' lang='lat' dir='ltr'><strong>si</strong></span> 
     </span>
    </p>
   </div>
   <div class='ocr_carea' id='block_1_75' title="bbox 446 4122 2026 4202">
    <p class='ocr_par' dir='ltr' id='par_1_75' title="bbox 446 4122 2026 4202">
     <span class='ocr_line' id='line_1_75' title="bbox 446 4122 2026 4202; baseline -0.006 -16"><span class='ocrx_word' id='word_1_596' title='bbox 446 4141 663 4202; x_wconf 91' lang='lat' dir='ltr'><strong>propter</strong></span> <span class='ocrx_word' id='word_1_597' title='bbox 709 4146 767 4185; x_wconf 90' lang='lat' dir='ltr'><strong>se</strong></span> <span class='ocrx_word' id='word_1_598' title='bbox 816 4141 899 4185; x_wconf 90' lang='lat' dir='ltr'><strong>est</strong></span> <span class='ocrx_word' id='word_1_599' title='bbox 934 4130 1274 4195; x_wconf 86' lang='lat' dir='ltr'><strong>immolatus,</strong></span> <span class='ocrx_word' id='word_1_600' title='bbox 1315 4142 1444 4197; x_wconf 88' lang='lat' dir='ltr'><strong>ergo</strong></span> <span class='ocrx_word' id='word_1_601' title='bbox 1485 4142 1590 4180; x_wconf 91' lang='lat' dir='ltr'><strong>non</strong></span> <span class='ocrx_word' id='word_1_602' title='bbox 1633 4125 1731 4180; x_wconf 87' lang='lat' dir='ltr'><strong>soli</strong></span> <span class='ocrx_word' id='word_1_603' title='bbox 1774 4139 1871 4178; x_wconf 92' lang='lat' dir='ltr'><strong>nos</strong></span> <span class='ocrx_word' id='word_1_604' title='bbox 1908 4122 2026 4191; x_wconf 91' lang='lat' dir='ltr'><strong>ejus</strong></span> 
     </span>
    </p>
   </div>
   <div class='ocr_carea' id='block_1_76' title="bbox 445 4215 2027 4294">
    <p class='ocr_par' dir='ltr' id='par_1_76' title="bbox 445 4215 2027 4294">
     <span class='ocr_line' id='line_1_76' title="bbox 445 4215 2027 4294; baseline -0.006 -15"><span class='ocrx_word' id='word_1_605' title='bbox 445 4225 706 4294; x_wconf 85' lang='lat' dir='ltr'><strong>sanguine</strong></span> <span class='ocrx_word' id='word_1_606' title='bbox 739 4223 902 4291; x_wconf 88' lang='lat' dir='ltr'><strong>empti</strong></span> <span class='ocrx_word' id='word_1_607' title='bbox 930 4237 1116 4276; x_wconf 92' lang='lat' dir='ltr'><strong>sumus</strong></span> <span class='ocrx_word' id='word_1_608' title='bbox 1139 4221 1207 4288; x_wconf 80' lang='lat'><strong>“,</strong></span> <span class='ocrx_word' id='word_1_609' title='bbox 1242 4222 1538 4275; x_wconf 89' lang='lat' dir='ltr'><strong>secundum</strong></span> <span class='ocrx_word' id='word_1_610' title='bbox 1569 4217 1901 4286; x_wconf 88' lang='lat' dir='ltr'><strong>Scriptttras,</strong></span> <span class='ocrx_word' id='word_1_611' title='bbox 1931 4215 2027 4269; x_wconf 81' lang='lat' dir='ltr'><strong>sed</strong></span> 
     </span>
    </p>
   </div>
   <div class='ocr_carea' id='block_1_77' title="bbox 446 4308 2026 4384">
    <p class='ocr_par' dir='ltr' id='par_1_77' title="bbox 446 4308 2026 4384">
     <span class='ocr_line' id='line_1_77' title="bbox 446 4308 2026 4384; baseline -0.007 -13"><span class='ocrx_word' id='word_1_612' title='bbox 446 4319 723 4372; x_wconf 89' lang='lat' dir='ltr'><strong>nobiscum</strong></span> <span class='ocrx_word' id='word_1_613' title='bbox 754 4317 859 4370; x_wconf 92' lang='lat' dir='ltr'><strong>erit</strong></span> <span class='ocrx_word' id='word_1_614' title='bbox 889 4314 1050 4369; x_wconf 89' lang='lat' dir='ltr'><strong>simul</strong></span> <span class='ocrx_word' id='word_1_615' title='bbox 1094 4315 1209 4384; x_wconf 90' lang='lat' dir='ltr'><strong>ipse</strong></span> <span class='ocrx_word' id='word_1_616' title='bbox 1262 4314 1605 4382; x_wconf 86' lang='lat' dir='ltr'><strong>redemptus;</strong></span> <span class='ocrx_word' id='word_1_617' title='bbox 1653 4324 1829 4379; x_wconf 88' lang='lat' dir='ltr'><strong>neque</strong></span> <span class='ocrx_word' id='word_1_618' title='bbox 1870 4308 2026 4377; x_wconf 80' lang='lat' dir='ltr'><strong>juxta</strong></span> 
     </span>
    </p>
   </div>
   <div class='ocr_carea' id='block_1_78' title="bbox 445 4403 2029 4474">
    <p class='ocr_par' dir='ltr' id='par_1_78' title="bbox 445 4403 2029 4474">
     <span class='ocr_line' id='line_1_78' title="bbox 445 4403 2029 4474; baseline -0.006 -11"><span class='ocrx_word' id='word_1_619' title='bbox 445 4408 595 4463; x_wconf 74' lang='lat' dir='ltr'><strong>Isaia:</strong></span> <span class='ocrx_word' id='word_1_620' title='bbox 620 4423 832 4473; x_wconf 87' lang='lat' dir='ltr'><strong>vocem,</strong></span> <span class='ocrx_word' id='word_1_621' title='bbox 870 4407 1126 4461; x_wconf 89' lang='lat' dir='ltr'><strong>Dominus</strong></span> <span class='ocrx_word' id='word_1_622' title='bbox 1164 4404 1389 4459; x_wconf 89' lang='lat' dir='ltr'><strong>tradidit</strong></span> <span class='ocrx_word' id='word_1_623' title='bbox 1435 4406 1608 4474; x_wconf 91' lang='lat' dir='ltr'><strong>ipsum</strong></span> <span class='ocrx_word' id='word_1_624' title='bbox 1643 4403 1881 4471; x_wconf 87' lang='lat' dir='ltr'><strong>peccatis</strong></span> <span class='ocrx_word' id='word_1_625' title='bbox 1930 4415 2029 4454; x_wconf 92' lang='lat' dir='ltr'><strong>no-</strong></span> 
     </span>
    </p>
   </div>
   <div class='ocr_carea' id='block_1_79' title="bbox 2127 3298 3707 3375">
    <p class='ocr_par' dir='ltr' id='par_1_79' title="bbox 2127 3298 3707 3375">
     <span class='ocr_line' id='line_1_79' title="bbox 2127 3298 3707 3375; baseline 0.005 -26"><span class='ocrx_word' id='word_1_626' title='bbox 2127 3300 2269 3367; x_wconf 83' lang='grc' dir='ltr'>αρχῇ</span> <span class='ocrx_word' id='word_1_627' title='bbox 2297 3298 2527 3370; x_wconf 82' lang='grc' dir='ltr'><strong>δευτέρᾳ</strong></span> <span class='ocrx_word' id='word_1_628' title='bbox 2564 3299 2658 3351; x_wconf 81' lang='grc' dir='ltr'>τοῦ</span> <span class='ocrx_word' id='word_1_629' title='bbox 2692 3300 2905 3368; x_wconf 82' lang='grc' dir='ltr'>γένους,</span> <span class='ocrx_word' id='word_1_630' title='bbox 2940 3299 3096 3370; x_wconf 77' lang='grc' dir='ltr'>ὤφθη</span> <span class='ocrx_word' id='word_1_631' title='bbox 3141 3319 3199 3353; x_wconf 88' lang='grc' dir='ltr'><strong>τε</strong></span> <span class='ocrx_word' id='word_1_632' title='bbox 3235 3302 3483 3372; x_wconf 81' lang='grc' dir='ltr'>ἄτρωτος</span> <span class='ocrx_word' id='word_1_633' title='bbox 3524 3305 3707 3375; x_wconf 84' lang='grc' dir='ltr'>ἀμαρ-</span> 
     </span>
    </p>
   </div>
   <div class='ocr_carea' id='block_1_80' title="bbox 2127 3387 3709 3461">
    <p class='ocr_par' dir='ltr' id='par_1_80' title="bbox 2127 3387 3709 3461">
     <span class='ocr_line' id='line_1_80' title="bbox 2127 3387 3709 3461; baseline 0.004 -21"><span class='ocrx_word' id='word_1_634' title='bbox 2127 3387 2292 3451; x_wconf 84' lang='grc' dir='ltr'>τίαις,</span> <span class='ocrx_word' id='word_1_635' title='bbox 2329 3388 2424 3441; x_wconf 74' lang='grc' dir='ltr'>καὶ</span> <span class='ocrx_word' id='word_1_636' title='bbox 2451 3389 2717 3457; x_wconf 83' lang='grc' dir='ltr'>κρείττων</span> <span class='ocrx_word' id='word_1_637' title='bbox 2745 3391 2884 3461; x_wconf 83' lang='grc' dir='ltr'>ἀρᾶς</span> <span class='ocrx_word' id='word_1_638' title='bbox 2909 3392 3003 3442; x_wconf 77' lang='grc' dir='ltr'><strong>καὶ</strong></span> <span class='ocrx_word' id='word_1_639' title='bbox 3039 3390 3195 3460; x_wconf 83' lang='grc' dir='ltr'>δίκης</span> <span class='ocrx_word' id='word_1_640' title='bbox 3226 3393 3320 3443; x_wconf 76' lang='grc' dir='ltr'>καὶ</span> <span class='ocrx_word' id='word_1_641' title='bbox 3350 3392 3581 3446; x_wconf 87' lang='grc' dir='ltr'>θανάτου</span> <span class='ocrx_word' id='word_1_642' title='bbox 3614 3396 3709 3447; x_wconf 77' lang='grc' dir='ltr'>καὶ</span> 
     </span>
    </p>
   </div>
   <div class='ocr_carea' id='block_1_81' title="bbox 2129 3481 3705 3554">
    <p class='ocr_par' dir='ltr' id='par_1_81' title="bbox 2129 3481 3705 3554">
     <span class='ocr_line' id='line_1_81' title="bbox 2129 3481 3705 3554; baseline 0.004 -22"><span class='ocrx_word' id='word_1_643' title='bbox 2129 3481 2356 3551; x_wconf 82' lang='grc' dir='ltr'>φθορᾶς.</span> <span class='ocrx_word' id='word_1_644' title='bbox 2390 3483 2768 3553; x_wconf 88' lang='grc' dir='ltr'>Προσεμπεδοῖ</span> <span class='ocrx_word' id='word_1_645' title='bbox 2800 3484 2855 3536; x_wconf 86' lang='grc' dir='ltr'>δὲ</span> <span class='ocrx_word' id='word_1_646' title='bbox 2886 3485 3033 3553; x_wconf 77' lang='grc' dir='ltr'>ἡμᾶς</span> <span class='ocrx_word' id='word_1_647' title='bbox 3059 3487 3087 3537; x_wconf 89' lang='lat'><strong>6</strong></span> <span class='ocrx_word' id='word_1_648' title='bbox 3124 3484 3433 3554; x_wconf 80' lang='grc' dir='ltr'>σοφώτατος</span> <span class='ocrx_word' id='word_1_649' title='bbox 3461 3486 3669 3548; x_wconf 84' lang='grc' dir='ltr'>Παῦλος</span> <span class='ocrx_word' id='word_1_650' title='bbox 3689 3528 3705 3548; x_wconf 90' lang='grc'><strong>,</strong></span> 
     </span>
    </p>
   </div>
   <div class='ocr_carea' id='block_1_82' title="bbox 2127 3571 3707 3648">
    <p class='ocr_par' dir='ltr' id='par_1_82' title="bbox 2127 3571 3707 3648">
     <span class='ocr_line' id='line_1_82' title="bbox 2127 3571 3707 3648; baseline 0.005 -25"><span class='ocrx_word' id='word_1_651' title='bbox 2127 3571 2225 3623; x_wconf 74' lang='grc' dir='ltr'><strong>ὡδὶ</strong></span> <span class='ocrx_word' id='word_1_652' title='bbox 2251 3572 2545 3642; x_wconf 85' lang='grc' dir='ltr'>γεγραφώς</span> <span class='ocrx_word' id='word_1_653' title='bbox 2568 3588 2581 3601; x_wconf 88' lang='grc'><strong>·</strong></span> <span class='ocrx_word' id='word_1_654' title='bbox 2623 3592 2641 3624; x_wconf 73' lang='grc' dir='ltr'><strong>ε</strong></span> <span class='ocrx_word' id='word_1_655' title='bbox 2677 3574 2890 3645; x_wconf 82' lang='grc' dir='ltr'>’Ὠσπερ</span> <span class='ocrx_word' id='word_1_656' title='bbox 2919 3575 3027 3645; x_wconf 84' lang='grc' dir='ltr'><strong>γάρ</strong></span> <span class='ocrx_word' id='word_1_657' title='bbox 3055 3575 3143 3627; x_wconf 84' lang='grc' dir='ltr'>διὰ</span> <span class='ocrx_word' id='word_1_658' title='bbox 3174 3576 3273 3645; x_wconf 83' lang='grc' dir='ltr'>τῆς</span> <span class='ocrx_word' id='word_1_659' title='bbox 3304 3578 3590 3648; x_wconf 84' lang='grc' dir='ltr'>παρακοῆς</span> <span class='ocrx_word' id='word_1_660' title='bbox 3612 3578 3707 3631; x_wconf 79' lang='grc' dir='ltr'>τοῦ</span> 
     </span>
    </p>
   </div>
   <div class='ocr_carea' id='block_1_83' title="bbox 2127 3664 3705 3738">
    <p class='ocr_par' dir='ltr' id='par_1_83' title="bbox 2127 3664 3705 3738">
     <span class='ocr_line' id='line_1_83' title="bbox 2127 3664 3705 3738; baseline 0.004 -22"><span class='ocrx_word' id='word_1_661' title='bbox 2127 3664 2245 3727; x_wconf 82' lang='grc' dir='ltr'>ἐνὸς</span> <span class='ocrx_word' id='word_1_662' title='bbox 2274 3664 2565 3736; x_wconf 85' lang='grc' dir='ltr'>ἀνθρώπου</span> <span class='ocrx_word' id='word_1_663' title='bbox 2618 3667 2938 3737; x_wconf 75' lang='grc' dir='ltr'>ἁμαρτωλοὶ</span> <span class='ocrx_word' id='word_1_664' title='bbox 2985 3670 3397 3738; x_wconf 84' lang='grc' dir='ltr'>κατεστάθησαν</span> <span class='ocrx_word' id='word_1_665' title='bbox 3425 3672 3475 3722; x_wconf 77' lang='lat' dir='ltr'><strong>oi</strong></span> <span class='ocrx_word' id='word_1_666' title='bbox 3501 3671 3705 3735; x_wconf 70' lang='grc' dir='ltr'>πολλοὶ,</span> 
     </span>
    </p>
   </div>
   <div class='ocr_carea' id='block_1_84' title="bbox 2125 3755 3711 3830">
    <p class='ocr_par' dir='ltr' id='par_1_84' title="bbox 2125 3755 3711 3830">
     <span class='ocr_line' id='line_1_84' title="bbox 2125 3755 3711 3830; baseline 0.005 -21"><span class='ocrx_word' id='word_1_667' title='bbox 2125 3755 2269 3809; x_wconf 76' lang='grc' dir='ltr'>οὕτω</span> <span class='ocrx_word' id='word_1_668' title='bbox 2297 3760 2393 3811; x_wconf 72' lang='grc' dir='ltr'>καὶ</span> <span class='ocrx_word' id='word_1_669' title='bbox 2446 3758 2535 3811; x_wconf 86' lang='grc' dir='ltr'>διὰ</span> <span class='ocrx_word' id='word_1_670' title='bbox 2582 3761 2681 3830; x_wconf 83' lang='grc' dir='ltr'>τῆς</span> <span class='ocrx_word' id='word_1_671' title='bbox 2715 3761 2963 3830; x_wconf 79' lang='grc' dir='ltr'>ὑπακοῆς</span> <span class='ocrx_word' id='word_1_672' title='bbox 3006 3760 3098 3813; x_wconf 78' lang='grc' dir='ltr'><strong>τοῦ</strong></span> <span class='ocrx_word' id='word_1_673' title='bbox 3144 3762 3281 3827; x_wconf 80' lang='grc' dir='ltr'>ἑνὸς,</span> <span class='ocrx_word' id='word_1_674' title='bbox 3317 3763 3509 3816; x_wconf 88' lang='grc' dir='ltr'>δίκαιοι</span> <span class='ocrx_word' id='word_1_675' title='bbox 3543 3781 3711 3817; x_wconf 80' lang='grc' dir='ltr'>κατα-</span> 
     </span>
    </p>
   </div>
   <div class='ocr_carea' id='block_1_85' title="bbox 2129 3850 3709 3927">
    <p class='ocr_par' dir='ltr' id='par_1_85' title="bbox 2129 3850 3709 3927">
     <span class='ocr_line' id='line_1_85' title="bbox 2129 3850 3709 3927; baseline 0.006 -26"><span class='ocrx_word' id='word_1_676' title='bbox 2129 3850 2487 3922; x_wconf 80' lang='grc' dir='ltr'>σταθήσονται</span> <span class='ocrx_word' id='word_1_677' title='bbox 2529 3855 2576 3905; x_wconf 80' lang='grc' dir='ltr'>οἱ</span> <span class='ocrx_word' id='word_1_678' title='bbox 2613 3854 2817 3907; x_wconf 86' lang='grc' dir='ltr'>πολλοί.</span> <span class='ocrx_word' id='word_1_679' title='bbox 2855 3874 2871 3904; x_wconf 77' lang='grc' dir='ltr'><strong>ι</strong></span> <span class='ocrx_word' id='word_1_680' title='bbox 2911 3858 3092 3907; x_wconf 88' lang='grc' dir='ltr'>Δεῖται</span> <span class='ocrx_word' id='word_1_681' title='bbox 3132 3855 3195 3927; x_wconf 83' lang='grc' dir='ltr'>δὴ</span> <span class='ocrx_word' id='word_1_682' title='bbox 3230 3851 3321 3908; x_wconf 80' lang='grc' dir='ltr'>οὖν</span> <span class='ocrx_word' id='word_1_683' title='bbox 3357 3857 3568 3923; x_wconf 82' lang='grc' dir='ltr'>θυσίας,</span> <span class='ocrx_word' id='word_1_684' title='bbox 3610 3859 3709 3927; x_wconf 80' lang='grc' dir='ltr'>τῆς</span> 
     </span>
    </p>
   </div>
   <div class='ocr_carea' id='block_1_86' title="bbox 2128 3943 3710 4017">
    <p class='ocr_par' dir='ltr' id='par_1_86' title="bbox 2128 3943 3710 4017">
     <span class='ocr_line' id='line_1_86' title="bbox 2128 3943 3710 4017; baseline 0.005 -23"><span class='ocrx_word' id='word_1_685' title='bbox 2128 3943 2267 4013; x_wconf 84' lang='grc' dir='ltr'>ὑπέρ</span> <span class='ocrx_word' id='word_1_686' title='bbox 2297 3960 2360 4013; x_wconf 91' lang='grc' dir='ltr'><strong>γε</strong></span> <span class='ocrx_word' id='word_1_687' title='bbox 2385 3945 2492 3996; x_wconf 80' lang='grc' dir='ltr'>τῶν</span> <span class='ocrx_word' id='word_1_688' title='bbox 2524 3946 2669 3999; x_wconf 89' lang='grc' dir='ltr'>ίδίων</span> <span class='ocrx_word' id='word_1_689' title='bbox 2693 3946 3213 4017; x_wconf 86' lang='grc' dir='ltr'>πλημμελημάτων,</span> <span class='ocrx_word' id='word_1_690' title='bbox 3235 3950 3340 4012; x_wconf 82' lang='grc' dir='ltr'>πᾶς</span> <span class='ocrx_word' id='word_1_691' title='bbox 3363 3950 3520 4012; x_wconf 77' lang='grc' dir='ltr'>εἴτις</span> <span class='ocrx_word' id='word_1_692' title='bbox 3552 3951 3710 4017; x_wconf 69' lang='grc' dir='ltr'>γέγοο</span> 
     </span>
    </p>
   </div>
   <div class='ocr_carea' id='block_1_87' title="bbox 2126 4036 3710 4113">
    <p class='ocr_par' dir='ltr' id='par_1_87' title="bbox 2126 4036 3710 4113">
     <span class='ocr_line' id='line_1_87' title="bbox 2126 4036 3710 4113; baseline 0.003 -25"><span class='ocrx_word' id='word_1_693' title='bbox 2126 4053 2216 4089; x_wconf 92' lang='grc' dir='ltr'><strong>νεν</strong></span> <span class='ocrx_word' id='word_1_694' title='bbox 2248 4036 2527 4107; x_wconf 85' lang='grc' dir='ltr'>ἁμαρτίας</span> <span class='ocrx_word' id='word_1_695' title='bbox 2560 4038 2739 4107; x_wconf 75' lang='grc' dir='ltr'>ἔνοχος</span> <span class='ocrx_word' id='word_1_696' title='bbox 2765 4056 2777 4069; x_wconf 90' lang='grc'><strong>·</strong></span> <span class='ocrx_word' id='word_1_697' title='bbox 2811 4042 2903 4092; x_wconf 76' lang='grc' dir='ltr'><strong>καὶ</strong></span> <span class='ocrx_word' id='word_1_698' title='bbox 2947 4041 3355 4113; x_wconf 75' lang='grc' dir='ltr'>προσκεκομικε</span> <span class='ocrx_word' id='word_1_699' title='bbox 3390 4045 3489 4111; x_wconf 83' lang='grc' dir='ltr'>μὲν</span> <span class='ocrx_word' id='word_1_700' title='bbox 3519 4042 3710 4094; x_wconf 75' lang='grc' dir='ltr'>ἑαυτὸν</span> 
     </span>
    </p>
   </div>
   <div class='ocr_carea' id='block_1_88' title="bbox 2126 4128 3709 4205">
    <p class='ocr_par' dir='ltr' id='par_1_88' title="bbox 2126 4128 3709 4205">
     <span class='ocr_line' id='line_1_88' title="bbox 2126 4128 3709 4205; baseline 0.002 -23"><span class='ocrx_word' id='word_1_701' title='bbox 2126 4131 2153 4182; x_wconf 92' lang='lat'><strong>6</strong></span> <span class='ocrx_word' id='word_1_702' title='bbox 2184 4128 2416 4199; x_wconf 81' lang='grc' dir='ltr'>Χριστὸς</span> <span class='ocrx_word' id='word_1_703' title='bbox 2444 4130 2583 4201; x_wconf 79' lang='grc' dir='ltr'>ὑπὲρ</span> <span class='ocrx_word' id='word_1_704' title='bbox 2616 4130 2711 4183; x_wconf 83' lang='grc' dir='ltr'>τοῦ</span> <span class='ocrx_word' id='word_1_705' title='bbox 2759 4131 2903 4184; x_wconf 82' lang='grc' dir='ltr'>κατὰ</span> <span class='ocrx_word' id='word_1_706' title='bbox 2937 4133 3119 4205; x_wconf 88' lang='grc' dir='ltr'>σάρκα</span> <span class='ocrx_word' id='word_1_707' title='bbox 3146 4134 3339 4201; x_wconf 80' lang='grc' dir='ltr'>γένους</span> <span class='ocrx_word' id='word_1_708' title='bbox 3363 4173 3378 4198; x_wconf 86' lang='lat'><strong>,</strong></span> <span class='ocrx_word' id='word_1_709' title='bbox 3408 4135 3709 4197; x_wconf 81' lang='grc' dir='ltr'>τουτέστιν,</span> 
     </span>
    </p>
   </div>
   <div class='ocr_carea' id='block_1_89' title="bbox 2127 4220 2517 4291">
    <p class='ocr_par' dir='ltr' id='par_1_89' title="bbox 2127 4220 2517 4291">
     <span class='ocr_line' id='line_1_89' title="bbox 2127 4220 2517 4291; baseline 0 -18"><span class='ocrx_word' id='word_1_710' title='bbox 2127 4220 2270 4291; x_wconf 83' lang='grc' dir='ltr'>ὑπὲρ</span> <span class='ocrx_word' id='word_1_711' title='bbox 2327 4222 2486 4290; x_wconf 82' lang='grc' dir='ltr'>ἡμῶν</span> <span class='ocrx_word' id='word_1_712' title='bbox 2507 4240 2517 4250; x_wconf 92' lang='grc'><strong>·</strong></span> 
     </span>
    </p>
   </div>
   <div class='ocr_carea' id='block_1_90' title="bbox 2129 4313 3711 4386">
    <p class='ocr_par' dir='ltr' id='par_1_90' title="bbox 2129 4313 3711 4386">
     <span class='ocr_line' id='line_1_90' title="bbox 2129 4313 3711 4386; baseline 0.001 -21"><span class='ocrx_word' id='word_1_713' title='bbox 2129 4313 2404 4384; x_wconf 84' lang='grc' dir='ltr'>ἁμαρτίας</span> <span class='ocrx_word' id='word_1_714' title='bbox 2451 4314 2734 4384; x_wconf 82' lang='grc' dir='ltr'>ὑπάρχων,</span> <span class='ocrx_word' id='word_1_715' title='bbox 2781 4314 2856 4377; x_wconf 82' lang='grc' dir='ltr'>ὡς</span> <span class='ocrx_word' id='word_1_716' title='bbox 2917 4314 3070 4377; x_wconf 82' lang='grc' dir='ltr'>Θεὸς.</span> <span class='ocrx_word' id='word_1_717' title='bbox 3118 4316 3180 4368; x_wconf 77' lang='lat' dir='ltr'><strong>Ei</strong></span> <span class='ocrx_word' id='word_1_718' title='bbox 3214 4316 3340 4386; x_wconf 70' lang='grc' dir='ltr'>γὰρ</span> <span class='ocrx_word' id='word_1_719' title='bbox 3380 4316 3598 4369; x_wconf 72' lang='grc' dir='ltr'>τέθυται</span> <span class='ocrx_word' id='word_1_720' title='bbox 3643 4315 3711 4367; x_wconf 86' lang='grc' dir='ltr'>δι’</span> 
     </span>
    </p>
   </div>
   <div class='ocr_carea' id='block_1_91' title="bbox 2128 4405 3713 4479">
    <p class='ocr_par' dir='ltr' id='par_1_91' title="bbox 2128 4405 3713 4479">
     <span class='ocr_line' id='line_1_91' title="bbox 2128 4405 3713 4479; baseline 0.003 -22"><span class='ocrx_word' id='word_1_721' title='bbox 2128 4406 2344 4472; x_wconf 79' lang='grc' dir='ltr'>ἑαυτὸν,</span> <span class='ocrx_word' id='word_1_722' title='bbox 2397 4405 2496 4475; x_wconf 85' lang='grc' dir='ltr'>οὐχ</span> <span class='ocrx_word' id='word_1_723' title='bbox 2547 4408 2708 4477; x_wconf 81' lang='grc' dir='ltr'>ἡμεῖς</span> <span class='ocrx_word' id='word_1_724' title='bbox 2759 4406 3149 4477; x_wconf 78' lang='grc' dir='ltr'>ὴγοράσθημεν</span> <span class='ocrx_word' id='word_1_725' title='bbox 3202 4409 3353 4479; x_wconf 79' lang='grc' dir='ltr'>μόνοι</span> <span class='ocrx_word' id='word_1_726' title='bbox 3396 4408 3472 4479; x_wconf 84' lang='grc' dir='ltr'>τῷ</span> <span class='ocrx_word' id='word_1_727' title='bbox 3518 4409 3713 4478; x_wconf 83' lang='grc' dir='ltr'>αἵματι</span> 
     </span>
    </p>
   </div>
   <div class='ocr_carea' id='block_1_92' title="bbox 448 4492 2020 4571">
    <p class='ocr_par' dir='ltr' id='par_1_92' title="bbox 448 4492 2020 4567">
     <span class='ocr_line' id='line_1_92' title="bbox 448 4492 2020 4567; baseline -0.004 -14"><span class='ocrx_word' id='word_1_728' title='bbox 448 4500 579 4554; x_wconf 83' lang='lat' dir='ltr'><strong>stris</strong></span> <span class='ocrx_word' id='word_1_729' title='bbox 607 4498 685 4565; x_wconf 73' lang='lat'><strong>“,</strong></span> <span class='ocrx_word' id='word_1_730' title='bbox 719 4501 809 4553; x_wconf 86' lang='lat' dir='ltr'><strong>sed</strong></span> <span class='ocrx_word' id='word_1_731' title='bbox 842 4514 939 4567; x_wconf 88' lang='lat' dir='ltr'><strong>pro</strong></span> <span class='ocrx_word' id='word_1_732' title='bbox 971 4498 1082 4552; x_wconf 90' lang='lat' dir='ltr'><strong>suis</strong></span> <span class='ocrx_word' id='word_1_733' title='bbox 1112 4496 1272 4552; x_wconf 90' lang='lat' dir='ltr'><strong>etiam</strong></span> <span class='ocrx_word' id='word_1_734' title='bbox 1306 4506 1391 4552; x_wconf 90' lang='lat' dir='ltr'><strong>est</strong></span> <span class='ocrx_word' id='word_1_735' title='bbox 1420 4498 1597 4550; x_wconf 91' lang='lat' dir='ltr'><strong>datus.</strong></span> <span class='ocrx_word' id='word_1_736' title='bbox 1633 4494 1738 4549; x_wconf 91' lang='lat' dir='ltr'><strong>Ubi</strong></span> <span class='ocrx_word' id='word_1_737' title='bbox 1767 4492 1911 4548; x_wconf 82' lang='lat' dir='ltr'><strong>enim</strong></span> <span class='ocrx_word' id='word_1_738' title='bbox 1945 4501 2020 4547; x_wconf 91' lang='lat' dir='ltr'><strong>esl</strong></span> 
     </span>
    </p>
   </div>
   <div class='ocr_carea' id='block_1_93' title="bbox 2124 4492 3713 4571">
    <p class='ocr_par' dir='ltr' id='par_1_93' title="bbox 2131 4498 3713 4571">
     <span class='ocr_line' id='line_1_93' title="bbox 2131 4498 3713 4571; baseline 0 -18"><span class='ocrx_word' id='word_1_739' title='bbox 2131 4499 2319 4561; x_wconf 72' lang='grc' dir='ltr'>αὑτοῦ,</span> <span class='ocrx_word' id='word_1_740' title='bbox 2372 4500 2513 4551; x_wconf 81' lang='grc' dir='ltr'>κατὰ</span> <span class='ocrx_word' id='word_1_741' title='bbox 2546 4498 2645 4562; x_wconf 80' lang='grc' dir='ltr'>τὰς</span> <span class='ocrx_word' id='word_1_742' title='bbox 2692 4499 2950 4570; x_wconf 82' lang='grc' dir='ltr'>Γραφάς·</span> <span class='ocrx_word' id='word_1_743' title='bbox 2982 4500 3097 4553; x_wconf 75' lang='grc' dir='ltr'>ἀλλ’</span> <span class='ocrx_word' id='word_1_744' title='bbox 3132 4500 3219 4571; x_wconf 85' lang='grc' dir='ltr'><strong>εῖη</strong></span> <span class='ocrx_word' id='word_1_745' title='bbox 3249 4501 3293 4553; x_wconf 88' lang='grc' dir='ltr'>δ’</span> <span class='ocrx_word' id='word_1_746' title='bbox 3320 4500 3385 4555; x_wconf 82' lang='grc' dir='ltr'>ἂν</span> <span class='ocrx_word' id='word_1_747' title='bbox 3415 4502 3509 4555; x_wconf 70' lang='grc' dir='ltr'>καὶ</span> <span class='ocrx_word' id='word_1_748' title='bbox 3549 4502 3713 4564; x_wconf 80' lang='grc' dir='ltr'>αὐτὸς</span> 
     </span>
    </p>
   </div>
   <div class='ocr_carea' id='block_1_94' title="bbox 449 4561 2020 4662">
    <p class='ocr_par' dir='ltr' id='par_1_94' title="bbox 449 4588 2020 4659">
     <span class='ocr_line' id='line_1_94' title="bbox 449 4588 2020 4659; baseline -0.005 -13"><span class='ocrx_word' id='word_1_749' title='bbox 449 4592 623 4647; x_wconf 85' lang='lat' dir='ltr'><strong>hostia</strong></span> <span class='ocrx_word' id='word_1_750' title='bbox 647 4602 701 4645; x_wconf 92' lang='lat' dir='ltr'><strong>et</strong></span> <span class='ocrx_word' id='word_1_751' title='bbox 728 4591 953 4654; x_wconf 91' lang='lat' dir='ltr'><strong>oblatio,</strong></span> <span class='ocrx_word' id='word_1_752' title='bbox 989 4588 1059 4643; x_wconf 90' lang='lat' dir='ltr'><strong>ibi</strong></span> <span class='ocrx_word' id='word_1_753' title='bbox 1102 4603 1326 4659; x_wconf 87' lang='lat' dir='ltr'><strong>prorsus</strong></span> <span class='ocrx_word' id='word_1_754' title='bbox 1371 4588 1624 4642; x_wconf 85' lang='lat' dir='ltr'><strong>remissio</strong></span> <span class='ocrx_word' id='word_1_755' title='bbox 1653 4595 2020 4656; x_wconf 89' lang='lat' dir='ltr'><strong>peccatorum.</strong></span> 
     </span>
    </p>
   </div>
   <div class='ocr_carea' id='block_1_95' title="bbox 2124 4561 3713 4662">
    <p class='ocr_par' dir='ltr' id='par_1_95' title="bbox 2133 4590 3713 4662">
     <span class='ocr_line' id='line_1_95' title="bbox 2133 4590 3713 4662; baseline 0.001 -19"><span class='ocrx_word' id='word_1_756' title='bbox 2133 4593 2265 4662; x_wconf 73' lang='grc' dir='ltr'>ἡμῖν</span> <span class='ocrx_word' id='word_1_757' title='bbox 2297 4590 2803 4660; x_wconf 79' lang='grc' dir='ltr'>συνηγορασμένος,</span> <span class='ocrx_word' id='word_1_758' title='bbox 2831 4592 3016 4645; x_wconf 81' lang='grc' dir='ltr'>οὐκέτι</span> <span class='ocrx_word' id='word_1_759' title='bbox 3051 4593 3191 4645; x_wconf 85' lang='grc' dir='ltr'>κατὰ</span> <span class='ocrx_word' id='word_1_760' title='bbox 3226 4595 3325 4662; x_wconf 76' lang='grc' dir='ltr'>τὴν</span> <span class='ocrx_word' id='word_1_761' title='bbox 3351 4593 3444 4646; x_wconf 82' lang='grc' dir='ltr'>τοῦ</span> <span class='ocrx_word' id='word_1_762' title='bbox 3489 4594 3713 4646; x_wconf 79' lang='grc' dir='ltr'>Ἡσαΐου</span> 
     </span>
    </p>
   </div>
   <div class='ocr_carea' id='block_1_96' title="bbox 451 4676 2027 4754">
    <p class='ocr_par' dir='ltr' id='par_1_96' title="bbox 451 4676 2027 4754">
     <span class='ocr_line' id='line_1_96' title="bbox 451 4676 2027 4754; baseline -0.006 -16"><span class='ocrx_word' id='word_1_763' title='bbox 451 4683 670 4753; x_wconf 83' lang='lat' dir='ltr'><strong>Decepit</strong></span> <span class='ocrx_word' id='word_1_764' title='bbox 702 4683 869 4754; x_wconf 79' lang='lat' dir='ltr'><strong>igitur</strong></span> <span class='ocrx_word' id='word_1_765' title='bbox 907 4692 1075 4736; x_wconf 88' lang='lat' dir='ltr'><strong>totum</strong></span> <span class='ocrx_word' id='word_1_766' title='bbox 1117 4682 1303 4736; x_wconf 88' lang='lat' dir='ltr'><strong>orbem</strong></span> <span class='ocrx_word' id='word_1_767' title='bbox 1345 4689 1612 4733; x_wconf 88' lang='lat' dir='ltr'><strong>terrarum</strong></span> <span class='ocrx_word' id='word_1_768' title='bbox 1656 4680 1847 4732; x_wconf 89' lang='lat' dir='ltr'><strong>beatus</strong></span> <span class='ocrx_word' id='word_1_769' title='bbox 1882 4676 2027 4729; x_wconf 83' lang='lat' dir='ltr'><strong>Pau-</strong></span> 
     </span>
    </p>
   </div>
   <div class='ocr_carea' id='block_1_97' title="bbox 448 4771 2030 4844">
    <p class='ocr_par' dir='ltr' id='par_1_97' title="bbox 448 4771 2030 4844">
     <span class='ocr_line' id='line_1_97' title="bbox 448 4771 2030 4844; baseline -0.004 -15"><span class='ocrx_word' id='word_1_770' title='bbox 448 4776 553 4841; x_wconf 89' lang='lat' dir='ltr'><strong>lus,</strong></span> <span class='ocrx_word' id='word_1_771' title='bbox 579 4776 671 4844; x_wconf 91' lang='lat' dir='ltr'><strong>qui</strong></span> <span class='ocrx_word' id='word_1_772' title='bbox 704 4778 769 4829; x_wconf 90' lang='lat' dir='ltr'><strong>de</strong></span> <span class='ocrx_word' id='word_1_773' title='bbox 801 4774 893 4829; x_wconf 93' lang='lat' dir='ltr'><strong>illo</strong></span> <span class='ocrx_word' id='word_1_774' title='bbox 916 4774 1134 4843; x_wconf 88' lang='lat' dir='ltr'><strong>scripsit</strong></span> <span class='ocrx_word' id='word_1_775' title='bbox 1164 4789 1178 4826; x_wconf 91' lang='lat'><strong>:</strong></span> <span class='ocrx_word' id='word_1_776' title='bbox 1223 4792 1241 4824; x_wconf 75' lang='grc' dir='ltr'><strong>ι</strong></span> <span class='ocrx_word' id='word_1_777' title='bbox 1272 4772 1418 4826; x_wconf 89' lang='lat' dir='ltr'><strong>Talis</strong></span> <span class='ocrx_word' id='word_1_778' title='bbox 1448 4772 1592 4825; x_wconf 90' lang='lat' dir='ltr'><strong>enim</strong></span> <span class='ocrx_word' id='word_1_779' title='bbox 1622 4773 1777 4826; x_wconf 91' lang='lat' dir='ltr'><strong>nobis</strong></span> <span class='ocrx_word' id='word_1_780' title='bbox 1802 4771 2030 4825; x_wconf 89' lang='lat' dir='ltr'><strong>decebat</strong></span> 
     </span>
    </p>
   </div>
   <div class='ocr_carea' id='block_1_98' title="bbox 449 4861 2024 4937">
    <p class='ocr_par' dir='ltr' id='par_1_98' title="bbox 449 4861 2024 4937">
     <span class='ocr_line' id='line_1_98' title="bbox 449 4861 2024 4937; baseline -0.004 -17"><span class='ocrx_word' id='word_1_781' title='bbox 449 4880 508 4922; x_wconf 81' lang='grc' dir='ltr'><strong>ιιι</strong></span> <span class='ocrx_word' id='word_1_782' title='bbox 538 4877 681 4921; x_wconf 88' lang='lat' dir='ltr'><strong>esset</strong></span> <span class='ocrx_word' id='word_1_783' title='bbox 729 4866 1002 4937; x_wconf 77' lang='lat' dir='ltr'><strong>pontifex,</strong></span> <span class='ocrx_word' id='word_1_784' title='bbox 1055 4875 1299 4929; x_wconf 90' lang='lat' dir='ltr'><strong>sanctus,</strong></span> <span class='ocrx_word' id='word_1_785' title='bbox 1359 4865 1638 4930; x_wconf 83' lang='lat' dir='ltr'><strong>innocens,</strong></span> <span class='ocrx_word' id='word_1_786' title='bbox 1692 4861 2024 4932; x_wconf 90' lang='lat' dir='ltr'><strong>impollutus,</strong></span> 
     </span>
    </p>
   </div>
   <div class='ocr_carea' id='block_1_99' title="bbox 448 4955 2023 5031">
    <p class='ocr_par' dir='ltr' id='par_1_99' title="bbox 448 4955 2023 5031">
     <span class='ocr_line' id='line_1_99' title="bbox 448 4955 2023 5031; baseline -0.004 -16"><span class='ocrx_word' id='word_1_787' title='bbox 448 4970 761 5031; x_wconf 83' lang='lat' dir='ltr'><strong>segregatus</strong></span> <span class='ocrx_word' id='word_1_788' title='bbox 785 4977 811 5012; x_wconf 94' lang='lat' dir='ltr'><strong>a</strong></span> <span class='ocrx_word' id='word_1_789' title='bbox 840 4959 1239 5030; x_wconf 90' lang='lat' dir='ltr'><strong>peccatoribus,</strong></span> <span class='ocrx_word' id='word_1_790' title='bbox 1264 4968 1319 5011; x_wconf 89' lang='lat' dir='ltr'><strong>et</strong></span> <span class='ocrx_word' id='word_1_791' title='bbox 1346 4958 1614 5012; x_wconf 82' lang='lat' dir='ltr'><strong>excelsior</strong></span> <span class='ocrx_word' id='word_1_792' title='bbox 1636 4957 1789 5011; x_wconf 65' lang='lat' dir='ltr'><strong>caelis</strong></span> <span class='ocrx_word' id='word_1_793' title='bbox 1815 4955 2023 5019; x_wconf 81' lang='lat' dir='ltr'><strong>factus;</strong></span> 
     </span>
    </p>
   </div>
   <div class='ocr_carea' id='block_1_100' title="bbox 448 5048 2023 5121">
    <p class='ocr_par' dir='ltr' id='par_1_100' title="bbox 448 5048 2023 5121">
     <span class='ocr_line' id='line_1_100' title="bbox 448 5048 2023 5121; baseline 0 -20"><span class='ocrx_word' id='word_1_794' title='bbox 448 5054 537 5121; x_wconf 90' lang='lat' dir='ltr'><strong>qui</strong></span> <span class='ocrx_word' id='word_1_795' title='bbox 572 5068 677 5104; x_wconf 90' lang='lat' dir='ltr'><strong>non</strong></span> <span class='ocrx_word' id='word_1_796' title='bbox 730 5053 892 5106; x_wconf 88' lang='lat' dir='ltr'><strong>habet</strong></span> <span class='ocrx_word' id='word_1_797' title='bbox 934 5051 1175 5121; x_wconf 90' lang='lat' dir='ltr'><strong>quotidie</strong></span> <span class='ocrx_word' id='word_1_798' title='bbox 1225 5050 1623 5115; x_wconf 90' lang='lat' dir='ltr'><strong>necessitatem,</strong></span> <span class='ocrx_word' id='word_1_799' title='bbox 1670 5048 2023 5119; x_wconf 91' lang='lat' dir='ltr'><strong>quemadmo-</strong></span> 
     </span>
    </p>
   </div>
   <div class='ocr_carea' id='block_1_101' title="bbox 448 5141 2025 5212">
    <p class='ocr_par' dir='ltr' id='par_1_101' title="bbox 448 5141 2025 5212">
     <span class='ocr_line' id='line_1_101' title="bbox 448 5141 2025 5212; baseline -0.001 -18"><span class='ocrx_word' id='word_1_800' title='bbox 448 5143 574 5195; x_wconf 92' lang='lat' dir='ltr'><strong>dum</strong></span> <span class='ocrx_word' id='word_1_801' title='bbox 621 5143 952 5204; x_wconf 86' lang='lat' dir='ltr'><strong>sacerdotes,</strong></span> <span class='ocrx_word' id='word_1_802' title='bbox 990 5142 1139 5212; x_wconf 87' lang='lat' dir='ltr'><strong>prius</strong></span> <span class='ocrx_word' id='word_1_803' title='bbox 1174 5157 1269 5211; x_wconf 90' lang='lat' dir='ltr'><strong>pro</strong></span> <span class='ocrx_word' id='word_1_804' title='bbox 1306 5142 1418 5195; x_wconf 88' lang='lat' dir='ltr'><strong>suis</strong></span> <span class='ocrx_word' id='word_1_805' title='bbox 1448 5141 1658 5196; x_wconf 88' lang='lat' dir='ltr'><strong>delictis</strong></span> <span class='ocrx_word' id='word_1_806' title='bbox 1694 5142 1897 5195; x_wconf 88' lang='lat' dir='ltr'><strong>hostias</strong></span> <span class='ocrx_word' id='word_1_807' title='bbox 1940 5142 2025 5194; x_wconf 78' lang='lat' dir='ltr'><strong>of-</strong></span> 
     </span>
    </p>
   </div>
   <div class='ocr_carea' id='block_1_102' title="bbox 450 5233 2026 5304">
    <p class='ocr_par' dir='ltr' id='par_1_102' title="bbox 450 5233 2026 5304">
     <span class='ocr_line' id='line_1_102' title="bbox 450 5233 2026 5304; baseline 0.001 -17"><span class='ocrx_word' id='word_1_808' title='bbox 450 5234 612 5299; x_wconf 79' lang='lat' dir='ltr'><strong>ferre,</strong></span> <span class='ocrx_word' id='word_1_809' title='bbox 649 5234 841 5287; x_wconf 84' lang='lat' dir='ltr'><strong>deinde</strong></span> <span class='ocrx_word' id='word_1_810' title='bbox 870 5250 965 5302; x_wconf 90' lang='lat' dir='ltr'><strong>pro</strong></span> <span class='ocrx_word' id='word_1_811' title='bbox 996 5234 1173 5304; x_wconf 84' lang='lat' dir='ltr'><strong>populi</strong></span> <span class='ocrx_word' id='word_1_812' title='bbox 1207 5253 1219 5287; x_wconf 91' lang='lat'>:</span> <span class='ocrx_word' id='word_1_813' title='bbox 1260 5235 1360 5287; x_wconf 86' lang='lat' dir='ltr'><strong>ltoc</strong></span> <span class='ocrx_word' id='word_1_814' title='bbox 1386 5236 1530 5288; x_wconf 85' lang='lat' dir='ltr'><strong>ettitn</strong></span> <span class='ocrx_word' id='word_1_815' title='bbox 1562 5235 1689 5287; x_wconf 82' lang='lat' dir='ltr'><strong>fecit</strong></span> <span class='ocrx_word' id='word_1_816' title='bbox 1722 5233 1889 5289; x_wconf 85' lang='lat' dir='ltr'><strong>semel</strong></span> <span class='ocrx_word' id='word_1_817' title='bbox 1937 5250 2026 5289; x_wconf 91' lang='lat' dir='ltr'><strong>se-</strong></span> 
     </span>
    </p>
   </div>
   <div class='ocr_carea' id='block_1_103' title="bbox 450 5327 2029 5395">
    <p class='ocr_par' dir='ltr' id='par_1_103' title="bbox 450 5327 2029 5395">
     <span class='ocr_line' id='line_1_103' title="bbox 450 5327 2029 5395; baseline 0 -15"><span class='ocrx_word' id='word_1_818' title='bbox 450 5328 624 5395; x_wconf 90' lang='lat' dir='ltr'><strong>ipsum</strong></span> <span class='ocrx_word' id='word_1_819' title='bbox 652 5328 906 5381; x_wconf 78' lang='lat' dir='ltr'><strong>oiI‘erens.</strong></span> <span class='ocrx_word' id='word_1_820' title='bbox 940 5327 1049 5380; x_wconf 81' lang='lat' dir='ltr'><strong>Lex</strong></span> <span class='ocrx_word' id='word_1_821' title='bbox 1070 5328 1211 5380; x_wconf 88' lang='lat' dir='ltr'><strong>enim</strong></span> <span class='ocrx_word' id='word_1_822' title='bbox 1241 5328 1486 5382; x_wconf 88' lang='lat' dir='ltr'><strong>homines</strong></span> <span class='ocrx_word' id='word_1_823' title='bbox 1516 5328 1802 5382; x_wconf 90' lang='lat' dir='ltr'><strong>constituit</strong></span> <span class='ocrx_word' id='word_1_824' title='bbox 1829 5342 2029 5381; x_wconf 90' lang='lat' dir='ltr'><strong>sacer-</strong></span> 
     </span>
    </p>
   </div>
   <div class='ocr_carea' id='block_1_104' title="bbox 449 5417 2030 5487">
    <p class='ocr_par' dir='ltr' id='par_1_104' title="bbox 449 5417 2030 5487">
     <span class='ocr_line' id='line_1_104' title="bbox 449 5417 2030 5487; baseline 0 -15"><span class='ocrx_word' id='word_1_825' title='bbox 449 5420 602 5473; x_wconf 86' lang='lat' dir='ltr'><strong>dotes</strong></span> <span class='ocrx_word' id='word_1_826' title='bbox 633 5419 1002 5471; x_wconf 86' lang='lat' dir='ltr'><strong>inlirmitatem</strong></span> <span class='ocrx_word' id='word_1_827' title='bbox 1038 5420 1302 5472; x_wconf 72' lang='lat' dir='ltr'><strong>habentes</strong></span> <span class='ocrx_word' id='word_1_828' title='bbox 1334 5436 1347 5470; x_wconf 88' lang='lat'><strong>:</strong></span> <span class='ocrx_word' id='word_1_829' title='bbox 1379 5434 1558 5473; x_wconf 92' lang='lat' dir='ltr'><strong>sermo</strong></span> <span class='ocrx_word' id='word_1_830' title='bbox 1592 5430 1774 5473; x_wconf 90' lang='lat' dir='ltr'><strong>autem</strong></span> <span class='ocrx_word' id='word_1_831' title='bbox 1799 5417 2030 5487; x_wconf 90' lang='lat' dir='ltr'><strong>jurisju-</strong></span> 
     </span>
    </p>
   </div>
   <div class='ocr_carea' id='block_1_105' title="bbox 450 5508 2031 5581">
    <p class='ocr_par' dir='ltr' id='par_1_105' title="bbox 450 5508 2031 5581">
     <span class='ocr_line' id='line_1_105' title="bbox 450 5508 2031 5581; baseline 0.001 -17"><span class='ocrx_word' id='word_1_832' title='bbox 450 5510 603 5564; x_wconf 84' lang='lat' dir='ltr'><strong>randi</strong></span> <span class='ocrx_word' id='word_1_833' title='bbox 636 5511 777 5577; x_wconf 87' lang='lat' dir='ltr'><strong>quod</strong></span> <span class='ocrx_word' id='word_1_834' title='bbox 810 5518 930 5575; x_wconf 89' lang='lat' dir='ltr'><strong>post</strong></span> <span class='ocrx_word' id='word_1_835' title='bbox 963 5509 1135 5578; x_wconf 87' lang='lat' dir='ltr'><strong>legem</strong></span> <span class='ocrx_word' id='word_1_836' title='bbox 1173 5519 1278 5576; x_wconf 88' lang='lat' dir='ltr'><strong>est,</strong></span> <span class='ocrx_word' id='word_1_837' title='bbox 1308 5508 1503 5565; x_wconf 81' lang='lat' dir='ltr'><strong>Filium</strong></span> <span class='ocrx_word' id='word_1_838' title='bbox 1533 5510 1586 5565; x_wconf 92' lang='lat' dir='ltr'><strong>in</strong></span> <span class='ocrx_word' id='word_1_839' title='bbox 1615 5521 1876 5567; x_wconf 62' lang='lat' dir='ltr'><strong>aeternum</strong></span> <span class='ocrx_word' id='word_1_840' title='bbox 1906 5525 2031 5581; x_wconf 89' lang='lat' dir='ltr'><strong>per-</strong></span> 
     </span>
    </p>
   </div>
   <div class='ocr_carea' id='block_1_106' title="bbox 1047 5711 1565 5774">
    <p class='ocr_par' dir='ltr' id='par_1_106' title="bbox 1047 5711 1565 5774">
     <span class='ocr_line' id='line_1_106' title="bbox 1047 5711 1565 5774; baseline 0.004 -11"><span class='ocrx_word' id='word_1_841' title='bbox 1047 5712 1089 5743; x_wconf 84' lang='grc'><strong>¹⁶</strong></span> <span class='ocrx_word' id='word_1_842' title='bbox 1127 5711 1282 5767; x_wconf 79' lang='lat' dir='ltr'><strong>Joan.</strong></span> <span class='ocrx_word' id='word_1_843' title='bbox 1320 5729 1448 5774; x_wconf 76' lang='lat' dir='ltr'><strong>xvtt,</strong></span> <span class='ocrx_word' id='word_1_844' title='bbox 1484 5713 1565 5765; x_wconf 74' lang='lat' dir='ltr'><strong>l9.</strong></span> 
     </span>
    </p>
   </div>
   <div class='ocr_carea' id='block_1_107' title="bbox 925 5783 1958 5849">
    <p class='ocr_par' dir='ltr' id='par_1_107' title="bbox 925 5783 1958 5849">
     <span class='ocr_line' id='line_1_107' title="bbox 925 5783 1958 5849; baseline 0.002 -14"><span class='ocrx_word' id='word_1_845' title='bbox 925 5784 965 5813; x_wconf 85' lang='grc'><strong>³¹</strong></span> <span class='ocrx_word' id='word_1_846' title='bbox 1011 5783 1025 5835; x_wconf 95' lang='grc' dir='ltr'><strong>Ι</strong></span> <span class='ocrx_word' id='word_1_847' title='bbox 1065 5784 1191 5837; x_wconf 74' lang='lat' dir='ltr'><strong>Cor.</strong></span> <span class='ocrx_word' id='word_1_848' title='bbox 1223 5801 1311 5849; x_wconf 64' lang='grc' dir='ltr'><strong>λγ,</strong></span> <span class='ocrx_word' id='word_1_849' title='bbox 1344 5785 1430 5837; x_wconf 73' lang='grc'><strong>47.</strong></span> <span class='ocrx_word' id='word_1_850' title='bbox 1510 5788 1552 5814; x_wconf 85' lang='grc'>”</span> <span class='ocrx_word' id='word_1_851' title='bbox 1594 5784 1749 5839; x_wconf 80' lang='lat' dir='ltr'><strong>Iiom.</strong></span> <span class='ocrx_word' id='word_1_852' title='bbox 1790 5800 1837 5848; x_wconf 76' lang='grc' dir='ltr'><strong>ν,</strong></span> <span class='ocrx_word' id='word_1_853' title='bbox 1878 5786 1958 5839; x_wconf 66' lang='grc' dir='ltr'><strong>ιε).</strong></span> 
     </span>
    </p>
   </div>
   <div class='ocr_carea' id='block_1_108' title="bbox 522 5709 967 5772">
    <p class='ocr_par' dir='ltr' id='par_1_108' title="bbox 522 5709 967 5772">
     <span class='ocr_line' id='line_1_108' title="bbox 522 5709 967 5772; baseline -0.004 -7"><span class='ocrx_word' id='word_1_854' title='bbox 522 5712 565 5743; x_wconf 80' lang='grc'>¹⁸</span> <span class='ocrx_word' id='word_1_855' title='bbox 602 5709 756 5765; x_wconf 75' lang='lat' dir='ltr'><strong>Joatt.</strong></span> <span class='ocrx_word' id='word_1_856' title='bbox 794 5728 846 5772; x_wconf 67' lang='grc' dir='ltr'><strong>κ,</strong></span> <span class='ocrx_word' id='word_1_857' title='bbox 881 5711 967 5765; x_wconf 66' lang='lat' dir='ltr'><strong>lii.</strong></span> 
     </span>
    </p>
   </div>
   <div class='ocr_carea' id='block_1_109' title="bbox 448 5783 845 5850">
    <p class='ocr_par' dir='ltr' id='par_1_109' title="bbox 448 5783 845 5850">
     <span class='ocr_line' id='line_1_109' title="bbox 448 5783 845 5850; baseline -0.013 -12"><span class='ocrx_word' id='word_1_858' title='bbox 448 5783 604 5838; x_wconf 78' lang='lat' dir='ltr'><strong>Boni.</strong></span> <span class='ocrx_word' id='word_1_859' title='bbox 648 5799 762 5850; x_wconf 79' lang='lat' dir='ltr'><strong>vnt,</strong></span> <span class='ocrx_word' id='word_1_860' title='bbox 797 5785 845 5837; x_wconf 67' lang='grc'><strong>4.</strong></span> 
     </span>
    </p>
   </div>
   <div class='ocr_carea' id='block_1_110' title="bbox 1646 5713 2317 5839">
    <p class='ocr_par' dir='ltr' id='par_1_110' title="bbox 1646 5713 2317 5839">
     <span class='ocr_line' id='line_1_110' title="bbox 1646 5713 2317 5779; baseline -0.004 -13"><span class='ocrx_word' id='word_1_861' title='bbox 1646 5714 1688 5745; x_wconf 69' lang='grc'>’⁷</span> <span class='ocrx_word' id='word_1_862' title='bbox 1733 5713 1895 5767; x_wconf 76' lang='lat' dir='ltr'><strong>llclir.</strong></span> <span class='ocrx_word' id='word_1_863' title='bbox 1942 5730 2001 5779; x_wconf 87' lang='lat' dir='ltr'><strong>tl,</strong></span> <span class='ocrx_word' id='word_1_864' title='bbox 2035 5714 2088 5768; x_wconf 85' lang='lat'><strong>9.</strong></span> <span class='ocrx_word' id='word_1_865' title='bbox 2170 5713 2213 5743; x_wconf 81' lang='lat'><strong>“‘</strong></span> <span class='ocrx_word' id='word_1_866' title='bbox 2255 5713 2317 5764; x_wconf 75' lang='lat' dir='ltr'><strong>Is:</strong></span> 
     </span>
     <span class='ocr_line' id='line_1_111' title="bbox 1646 5784 2317 5839; baseline 0.001 -2"><span class='ocrx_word' id='word_1_867' title='bbox 1646 5802 1749 5839; x_wconf 86' lang='lat' dir='ltr'><strong>om.</strong></span> <span class='ocrx_word' id='word_1_868' title='bbox 1790 5800 1837 5839; x_wconf 76' lang='grc' dir='ltr'>ν.</span> <span class='ocrx_word' id='word_1_869' title='bbox 1878 5786 1958 5839; x_wconf 66' lang='grc' dir='ltr'><strong>ιε).</strong></span> <span class='ocrx_word' id='word_1_870' title='bbox 2038 5784 2083 5815; x_wconf 80' lang='grc'>³³</span> <span class='ocrx_word' id='word_1_871' title='bbox 2123 5784 2253 5839; x_wconf 83' lang='lat' dir='ltr'><strong>ibid.</strong></span> <span class='ocrx_word' id='word_1_872' title='bbox 2285 5785 2317 5838; x_wconf 80' lang='lat'><strong>9</strong></span> 
     </span>
    </p>
   </div>
   <div class='ocr_carea' id='block_1_111' title="bbox 2133 4682 3714 4754">
    <p class='ocr_par' dir='ltr' id='par_1_111' title="bbox 2133 4682 3714 4754">
     <span class='ocr_line' id='line_1_112' title="bbox 2133 4682 3714 4754; baseline 0.001 -19"><span class='ocrx_word' id='word_1_873' title='bbox 2133 4687 2339 4752; x_wconf 76' lang='grc' dir='ltr'>φωνὴν,</span> <span class='ocrx_word' id='word_1_874' title='bbox 2392 4702 2409 4733; x_wconf 74' lang='grc' dir='ltr'>σ</span> <span class='ocrx_word' id='word_1_875' title='bbox 2442 4682 2644 4752; x_wconf 81' lang='grc' dir='ltr'>Κύριος</span> <span class='ocrx_word' id='word_1_876' title='bbox 2699 4682 3013 4753; x_wconf 85' lang='grc' dir='ltr'>παρέδωκεν</span> <span class='ocrx_word' id='word_1_877' title='bbox 3062 4685 3225 4737; x_wconf 84' lang='grc' dir='ltr'>αὑτὸν</span> <span class='ocrx_word' id='word_1_878' title='bbox 3264 4689 3381 4747; x_wconf 91' lang='grc' dir='ltr'>ταῖς</span> <span class='ocrx_word' id='word_1_879' title='bbox 3414 4686 3714 4754; x_wconf 81' lang='grc' dir='ltr'>ἁμαρτίαις</span> 
     </span>
    </p>
   </div>
   <div class='ocr_carea' id='block_1_112' title="bbox 2132 4771 3710 4847">
    <p class='ocr_par' dir='ltr' id='par_1_112' title="bbox 2132 4771 3710 4847">
     <span class='ocr_line' id='line_1_113' title="bbox 2132 4771 3710 4847; baseline 0 -19"><span class='ocrx_word' id='word_1_880' title='bbox 2132 4777 2291 4847; x_wconf 79' lang='grc' dir='ltr'>ἡμῶν</span> <span class='ocrx_word' id='word_1_881' title='bbox 2312 4794 2324 4806; x_wconf 84' lang='grc'><em>’</em></span> <span class='ocrx_word' id='word_1_882' title='bbox 2365 4794 2384 4827; x_wconf 68' lang='grc' dir='ltr'><strong>ι</strong></span> <span class='ocrx_word' id='word_1_883' title='bbox 2420 4774 2627 4828; x_wconf 84' lang='grc' dir='ltr'>δέδοται</span> <span class='ocrx_word' id='word_1_884' title='bbox 2653 4774 2710 4827; x_wconf 82' lang='grc' dir='ltr'>δὲ</span> <span class='ocrx_word' id='word_1_885' title='bbox 2741 4776 2944 4845; x_wconf 84' lang='grc' dir='ltr'>μᾶλλον</span> <span class='ocrx_word' id='word_1_886' title='bbox 2971 4777 3065 4830; x_wconf 77' lang='grc' dir='ltr'><strong>καὶ</strong></span> <span class='ocrx_word' id='word_1_887' title='bbox 3094 4777 3233 4847; x_wconf 85' lang='grc' dir='ltr'>ὑπὲρ</span> <span class='ocrx_word' id='word_1_888' title='bbox 3266 4778 3377 4829; x_wconf 81' lang='grc' dir='ltr'>τῶν</span> <span class='ocrx_word' id='word_1_889' title='bbox 3416 4778 3589 4830; x_wconf 77' lang='grc' dir='ltr'>ἰδίων.</span> <span class='ocrx_word' id='word_1_890' title='bbox 3634 4771 3710 4829; x_wconf 74' lang='grc' dir='ltr'><strong>Οὖ</strong></span> 
     </span>
    </p>
   </div>
   <div class='ocr_carea' id='block_1_113' title="bbox 2131 4868 3711 4939">
    <p class='ocr_par' dir='ltr' id='par_1_113' title="bbox 2131 4868 3711 4939">
     <span class='ocr_line' id='line_1_114' title="bbox 2131 4868 3711 4939; baseline 0.001 -18"><span class='ocrx_word' id='word_1_891' title='bbox 2131 4868 2241 4939; x_wconf 82' lang='grc' dir='ltr'><strong>γάρ</strong></span> <span class='ocrx_word' id='word_1_892' title='bbox 2269 4868 2403 4932; x_wconf 75' lang='grc' dir='ltr'>ὅλως</span> <span class='ocrx_word' id='word_1_893' title='bbox 2449 4868 2609 4921; x_wconf 91' lang='grc' dir='ltr'>θυσία</span> <span class='ocrx_word' id='word_1_894' title='bbox 2655 4870 2751 4921; x_wconf 74' lang='grc' dir='ltr'>καὶ</span> <span class='ocrx_word' id='word_1_895' title='bbox 2786 4868 3121 4939; x_wconf 79' lang='grc' dir='ltr'>προσαγωγὴ</span> <span class='ocrx_word' id='word_1_896' title='bbox 3150 4910 3164 4933; x_wconf 95' lang='grc'><strong>,</strong></span> <span class='ocrx_word' id='word_1_897' title='bbox 3202 4872 3318 4922; x_wconf 80' lang='grc' dir='ltr'>ἐκεῖ</span> <span class='ocrx_word' id='word_1_898' title='bbox 3359 4889 3460 4923; x_wconf 87' lang='grc' dir='ltr'><strong>που</strong></span> <span class='ocrx_word' id='word_1_899' title='bbox 3494 4873 3711 4933; x_wconf 87' lang='grc' dir='ltr'>πάντως</span> 
     </span>
    </p>
   </div>
   <div class='ocr_carea' id='block_1_114' title="bbox 2131 4959 3712 5033">
    <p class='ocr_par' dir='ltr' id='par_1_114' title="bbox 2131 4959 3712 5033">
     <span class='ocr_line' id='line_1_115' title="bbox 2131 4959 3712 5033; baseline 0.001 -19"><span class='ocrx_word' id='word_1_900' title='bbox 2131 4962 2225 5014; x_wconf 78' lang='grc' dir='ltr'><strong>καὶ</strong></span> <span class='ocrx_word' id='word_1_901' title='bbox 2253 4962 2447 5029; x_wconf 80' lang='grc' dir='ltr'>ἄφεσις</span> <span class='ocrx_word' id='word_1_902' title='bbox 2469 4961 2776 5033; x_wconf 82' lang='grc' dir='ltr'>ἁμαρτιῶν.</span> <span class='ocrx_word' id='word_1_903' title='bbox 2803 4963 3176 5030; x_wconf 74' lang='grc' dir='ltr'>Πειρενάκικεν</span> <span class='ocrx_word' id='word_1_904' title='bbox 3201 4959 3294 5015; x_wconf 77' lang='grc' dir='ltr'><strong>οὖν</strong></span> <span class='ocrx_word' id='word_1_905' title='bbox 3323 4965 3430 5031; x_wconf 84' lang='grc' dir='ltr'><strong>ἄρα</strong></span> <span class='ocrx_word' id='word_1_906' title='bbox 3459 4966 3584 5025; x_wconf 69' lang='grc' dir='ltr'>τοὺς</span> <span class='ocrx_word' id='word_1_907' title='bbox 3609 4961 3712 5015; x_wconf 84' lang='grc' dir='ltr'><strong>ἀνὰ</strong></span> 
     </span>
    </p>
   </div>
   <div class='ocr_carea' id='block_1_115' title="bbox 2134 5052 3713 5124">
    <p class='ocr_par' dir='ltr' id='par_1_115' title="bbox 2134 5052 3713 5124">
     <span class='ocr_line' id='line_1_116' title="bbox 2134 5052 3713 5124; baseline -0.004 -15"><span class='ocrx_word' id='word_1_908' title='bbox 2134 5058 2316 5109; x_wconf 83' lang='grc' dir='ltr'>πᾶσαν</span> <span class='ocrx_word' id='word_1_909' title='bbox 2360 5055 2460 5124; x_wconf 82' lang='grc' dir='ltr'>τὴν</span> <span class='ocrx_word' id='word_1_910' title='bbox 2491 5056 2580 5107; x_wconf 83' lang='grc' dir='ltr'><strong>ὑπ’</strong></span> <span class='ocrx_word' id='word_1_911' title='bbox 2622 5054 2851 5124; x_wconf 73' lang='grc' dir='ltr'>οὐρανὸν</span> <span class='ocrx_word' id='word_1_912' title='bbox 2894 5056 2922 5106; x_wconf 90' lang='lat'><strong>6</strong></span> <span class='ocrx_word' id='word_1_913' title='bbox 2969 5053 3257 5115; x_wconf 83' lang='grc' dir='ltr'>θεσπέσιος</span> <span class='ocrx_word' id='word_1_914' title='bbox 3303 5052 3547 5116; x_wconf 74' lang='grc' dir='ltr'>Παῦλος,</span> <span class='ocrx_word' id='word_1_915' title='bbox 3584 5053 3713 5120; x_wconf 78' lang='grc' dir='ltr'>περὶ</span> 
     </span>
    </p>
   </div>
   <div class='ocr_carea' id='block_1_116' title="bbox 2134 5141 3712 5216">
    <p class='ocr_par' dir='ltr' id='par_1_116' title="bbox 2134 5141 3712 5216">
     <span class='ocr_line' id='line_1_117' title="bbox 2134 5141 3712 5216; baseline -0.004 -16"><span class='ocrx_word' id='word_1_916' title='bbox 2134 5146 2301 5201; x_wconf 77' lang='grc' dir='ltr'>αὑτοῦ</span> <span class='ocrx_word' id='word_1_917' title='bbox 2330 5144 2655 5216; x_wconf 79' lang='grc' dir='ltr'>γεγραφώς’</span> <span class='ocrx_word' id='word_1_918' title='bbox 2696 5164 2713 5195; x_wconf 77' lang='grc' dir='ltr'><strong>ι</strong></span> <span class='ocrx_word' id='word_1_919' title='bbox 2750 5143 3004 5205; x_wconf 78' lang='grc' dir='ltr'>Τοιοῦτος</span> <span class='ocrx_word' id='word_1_920' title='bbox 3032 5144 3141 5213; x_wconf 82' lang='grc' dir='ltr'><strong>γάρ</strong></span> <span class='ocrx_word' id='word_1_921' title='bbox 3176 5144 3308 5213; x_wconf 83' lang='grc' dir='ltr'>ἡμῖν</span> <span class='ocrx_word' id='word_1_922' title='bbox 3345 5141 3583 5212; x_wconf 80' lang='grc' dir='ltr'>ἔπρεπεν</span> <span class='ocrx_word' id='word_1_923' title='bbox 3613 5143 3712 5211; x_wconf 80' lang='grc' dir='ltr'><strong>ἁρ-</strong></span> 
     </span>
    </p>
   </div>
   <div class='ocr_carea' id='block_1_117' title="bbox 2131 5233 3717 5309">
    <p class='ocr_par' dir='ltr' id='par_1_117' title="bbox 2131 5233 3717 5309">
     <span class='ocr_line' id='line_1_118' title="bbox 2131 5233 3717 5309; baseline -0.004 -18"><span class='ocrx_word' id='word_1_924' title='bbox 2131 5238 2370 5309; x_wconf 80' lang='grc' dir='ltr'>χιερεὺς,</span> <span class='ocrx_word' id='word_1_925' title='bbox 2401 5239 2566 5303; x_wconf 80' lang='grc' dir='ltr'>ὅσιος,</span> <span class='ocrx_word' id='word_1_926' title='bbox 2600 5236 2828 5299; x_wconf 78' lang='grc' dir='ltr'>ἄκακος,</span> <span class='ocrx_word' id='word_1_927' title='bbox 2860 5235 3147 5306; x_wconf 85' lang='grc' dir='ltr'>ἀμίαντος,</span> <span class='ocrx_word' id='word_1_928' title='bbox 3177 5234 3580 5304; x_wconf 86' lang='grc' dir='ltr'>κεχωρισμένος</span> <span class='ocrx_word' id='word_1_929' title='bbox 3606 5233 3717 5285; x_wconf 81' lang='grc' dir='ltr'><strong>ἀπὸ</strong></span> 
     </span>
    </p>
   </div>
   <div class='ocr_carea' id='block_1_118' title="bbox 2130 5326 3716 5401">
    <p class='ocr_par' dir='ltr' id='par_1_118' title="bbox 2130 5326 3716 5401">
     <span class='ocr_line' id='line_1_119' title="bbox 2130 5326 3716 5401; baseline -0.003 -18"><span class='ocrx_word' id='word_1_930' title='bbox 2130 5331 2240 5383; x_wconf 85' lang='grc' dir='ltr'>τῶν</span> <span class='ocrx_word' id='word_1_931' title='bbox 2282 5329 2643 5401; x_wconf 82' lang='grc' dir='ltr'>ἁμαρτωλῶν,</span> <span class='ocrx_word' id='word_1_932' title='bbox 2674 5329 2768 5382; x_wconf 73' lang='grc' dir='ltr'>καὶ</span> <span class='ocrx_word' id='word_1_933' title='bbox 2797 5328 3127 5397; x_wconf 71' lang='grc' dir='ltr'>ὑψηλότερος</span> <span class='ocrx_word' id='word_1_934' title='bbox 3157 5326 3263 5379; x_wconf 84' lang='grc' dir='ltr'>τῶν</span> <span class='ocrx_word' id='word_1_935' title='bbox 3286 5326 3532 5396; x_wconf 83' lang='grc' dir='ltr'>οὐρανῶν</span> <span class='ocrx_word' id='word_1_936' title='bbox 3564 5326 3716 5395; x_wconf 86' lang='grc' dir='ltr'>γενό-</span> 
     </span>
    </p>
   </div>
   <div class='ocr_carea' id='block_1_119' title="bbox 2137 5415 3715 5491">
    <p class='ocr_par' dir='ltr' id='par_1_119' title="bbox 2137 5415 3715 5491">
     <span class='ocr_line' id='line_1_120' title="bbox 2137 5415 3715 5491; baseline -0.004 -17"><span class='ocrx_word' id='word_1_937' title='bbox 2137 5437 2326 5491; x_wconf 88' lang='grc' dir='ltr'>μενος·</span> <span class='ocrx_word' id='word_1_938' title='bbox 2352 5421 2409 5484; x_wconf 83' lang='grc' dir='ltr'>ὃς</span> <span class='ocrx_word' id='word_1_939' title='bbox 2432 5421 2533 5473; x_wconf 87' lang='grc' dir='ltr'><strong>οὑκ</strong></span> <span class='ocrx_word' id='word_1_940' title='bbox 2565 5418 2679 5490; x_wconf 77' lang='grc' dir='ltr'>ἔχει</span> <span class='ocrx_word' id='word_1_941' title='bbox 2722 5418 2842 5472; x_wconf 82' lang='grc' dir='ltr'>καθ’</span> <span class='ocrx_word' id='word_1_942' title='bbox 2884 5417 3095 5488; x_wconf 79' lang='grc' dir='ltr'>ἡμέραν</span> <span class='ocrx_word' id='word_1_943' title='bbox 3126 5417 3392 5486; x_wconf 84' lang='grc' dir='ltr'>ἀνάγκην,</span> <span class='ocrx_word' id='word_1_944' title='bbox 3437 5415 3626 5485; x_wconf 82' lang='grc' dir='ltr'>ὥσπερ</span> <span class='ocrx_word' id='word_1_945' title='bbox 3664 5416 3715 5468; x_wconf 78' lang='lat' dir='ltr'><strong>oi</strong></span> 
     </span>
    </p>
   </div>
   <div class='ocr_carea' id='block_1_120' title="bbox 2133 5505 3716 5583">
    <p class='ocr_par' dir='ltr' id='par_1_120' title="bbox 2133 5505 3716 5583">
     <span class='ocr_line' id='line_1_121' title="bbox 2133 5505 3716 5583; baseline -0.003 -19"><span class='ocrx_word' id='word_1_946' title='bbox 2133 5511 2445 5583; x_wconf 83' lang='grc' dir='ltr'>ἀρχιερεῖς,</span> <span class='ocrx_word' id='word_1_947' title='bbox 2476 5508 2742 5581; x_wconf 87' lang='grc' dir='ltr'>πρότερον</span> <span class='ocrx_word' id='word_1_948' title='bbox 2776 5508 2915 5579; x_wconf 83' lang='grc' dir='ltr'>ὑπὲρ</span> <span class='ocrx_word' id='word_1_949' title='bbox 2944 5506 3053 5559; x_wconf 84' lang='grc' dir='ltr'><strong>τῶν</strong></span> <span class='ocrx_word' id='word_1_950' title='bbox 3106 5506 3250 5559; x_wconf 84' lang='grc' dir='ltr'>ἰδίων</span> <span class='ocrx_word' id='word_1_951' title='bbox 3301 5505 3716 5577; x_wconf 85' lang='grc' dir='ltr'>ἁμαρτημάτων</span> 
     </span>
    </p>
   </div>
   <div class='ocr_carea' id='block_1_121' title="bbox 3126 5707 3538 5771">
    <p class='ocr_par' dir='ltr' id='par_1_121' title="bbox 3126 5707 3538 5771">
     <span class='ocr_line' id='line_1_122' title="bbox 3126 5707 3538 5771; baseline -0.002 -8"><span class='ocrx_word' id='word_1_952' title='bbox 3126 5711 3166 5740; x_wconf 77' lang='grc'><strong>¹⁹</strong></span> <span class='ocrx_word' id='word_1_953' title='bbox 3209 5711 3310 5763; x_wconf 73' lang='lat' dir='ltr'><strong>Isa.</strong></span> <span class='ocrx_word' id='word_1_954' title='bbox 3345 5725 3456 5771; x_wconf 85' lang='lat' dir='ltr'><strong>Lttl,</strong></span> <span class='ocrx_word' id='word_1_955' title='bbox 3482 5707 3538 5762; x_wconf 80' lang='grc'><strong>5.</strong></span> 
     </span>
    </p>
   </div>
   <div class='ocr_carea' id='block_1_122' title="bbox 2424 5781 3337 5851">
    <p class='ocr_par' dir='ltr' id='par_1_122' title="bbox 2424 5781 3337 5851">
     <span class='ocr_line' id='line_1_123' title="bbox 2424 5781 3337 5851; baseline -0.004 -15"><span class='ocrx_word' id='word_1_956' title='bbox 2424 5784 2468 5814; x_wconf 67' lang='grc'>⁸⁸</span> <span class='ocrx_word' id='word_1_957' title='bbox 2503 5782 2608 5836; x_wconf 81' lang='lat' dir='ltr'><strong>lsa.</strong></span> <span class='ocrx_word' id='word_1_958' title='bbox 2638 5798 2752 5846; x_wconf 87' lang='lat' dir='ltr'><strong>LIII,</strong></span> <span class='ocrx_word' id='word_1_959' title='bbox 2799 5782 2891 5851; x_wconf 47' lang='lat' dir='ltr'><strong>lii;</strong></span> <span class='ocrx_word' id='word_1_960' title='bbox 2941 5783 2955 5835; x_wconf 92' lang='grc' dir='ltr'><strong>Ι</strong></span> <span class='ocrx_word' id='word_1_961' title='bbox 3004 5784 3109 5835; x_wconf 73' lang='lat' dir='ltr'><strong>Cor</strong></span> <span class='ocrx_word' id='word_1_962' title='bbox 3166 5797 3254 5845; x_wconf 70' lang='grc' dir='ltr'>λν,</span> <span class='ocrx_word' id='word_1_963' title='bbox 3286 5781 3337 5833; x_wconf 77' lang='lat'><strong>5.</strong></span> 
     </span>
    </p>
   </div>
   <div class='ocr_carea' id='block_1_123' title="bbox 2170 5710 3044 5775">
    <p class='ocr_par' dir='ltr' id='par_1_123' title="bbox 2170 5710 3044 5775">
     <span class='ocr_line' id='line_1_124' title="bbox 2170 5710 3044 5775; baseline -0.001 -11"><span class='ocrx_word' id='word_1_964' title='bbox 2170 5713 2213 5743; x_wconf 82' lang='lat'><strong>“‘</strong></span> <span class='ocrx_word' id='word_1_965' title='bbox 2255 5710 2361 5767; x_wconf 81' lang='lat' dir='ltr'><strong>Isa.</strong></span> <span class='ocrx_word' id='word_1_966' title='bbox 2394 5728 2509 5766; x_wconf 84' lang='lat' dir='ltr'><strong>LIII.</strong></span> <span class='ocrx_word' id='word_1_967' title='bbox 2546 5711 2614 5775; x_wconf 79' lang='lat'><strong>5;</strong></span> <span class='ocrx_word' id='word_1_968' title='bbox 2648 5710 2801 5765; x_wconf 73' lang='lat' dir='ltr'><strong>linitt.</strong></span> <span class='ocrx_word' id='word_1_969' title='bbox 2842 5727 2915 5773; x_wconf 87' lang='lat' dir='ltr'><strong>tv,</strong></span> <span class='ocrx_word' id='word_1_970' title='bbox 2954 5710 3044 5763; x_wconf 66' lang='lat'><strong>“23$.</strong></span> 
     </span>
    </p>
   </div>
   <div class='ocr_carea' id='block_1_124' title="bbox 2593 4221 3799 4297">
    <p class='ocr_par' dir='ltr' id='par_1_124' title="bbox 2593 4221 3799 4297">
     <span class='ocr_line' id='line_1_125' title="bbox 2593 4221 3799 4297; baseline 0.003 -24"><span class='ocrx_word' id='word_1_971' title='bbox 2593 4222 2733 4291; x_wconf 81' lang='grc' dir='ltr'>ὑπὲρ</span> <span class='ocrx_word' id='word_1_972' title='bbox 2801 4221 2998 4275; x_wconf 77' lang='grc' dir='ltr'>ἑαυτοῦ</span> <span class='ocrx_word' id='word_1_973' title='bbox 3062 4222 3137 4286; x_wconf 87' lang='grc' dir='ltr'>δὲ,</span> <span class='ocrx_word' id='word_1_974' title='bbox 3186 4224 3392 4285; x_wconf 83' lang='grc' dir='ltr'>οὐκέτι,</span> <span class='ocrx_word' id='word_1_975' title='bbox 3446 4224 3711 4295; x_wconf 86' lang='grc' dir='ltr'>κρείττων</span> <span class='ocrx_word' id='word_1_976' title='bbox 3794 4292 3799 4297; x_wconf 26' lang='grc' dir='ltr'><em>ι</em></span> 
     </span>
    </p>
   </div>
  </div>
