4054 6332
328 374 430 429 165

1388 368 1758 425 ADVERSUS
1796 368 2203 427 NESTORIUM
2239 371 2367 428 LIB.
2411 370 2498 427 Ill.

3470 378 3573 432 166

324 492 513 554 θυσίας
543 490 858 561 ἀναφέρειν,
885 489 1078 543 ἔπειτα
1114 488 1225 542 τῶν
1266 488 1360 543 τοῦ
1389 490 1519 543 λαοῦ
1540 508 1553 520 ·
1593 490 1752 543 τοῦτο
1788 490 1896 563 γὰρ

2008 491 2199 548 fectum
2227 494 2293 547 ’⁵.
2334 512 2353 545 ι
2399 492 2680 559 Quomodo
2729 493 2893 562 igitur
2936 503 3159 549 sanctus
3205 504 3289 549 est
3334 498 3572 564 pontifex

323 584 579 653 ἐποίησεν
611 582 830 651 ἐφάπαξ
857 581 1050 635 ἑαυτὸν
1074 580 1467 652 προσενέγκας.
1507 583 1565 634 '0
1596 582 1756 652 νόμος
1790 582 1898 652 γάρ

323 676 649 748 ἀνθρώπους
680 674 1001 744 καθίστησιν
1027 674 1304 743 ἀρχιερεῖς
1332 672 1552 743 ἔχοντας
1580 673 1860 736 ἀσθενείας
1880 689 1895 705 ο

324 770 353 822 6
380 768 541 837 λόγος
574 768 631 820 δὲ
662 767 761 837 τῆς
790 764 1138 836 ὁρκωμοσίας
1168 765 1266 835 τῆς
1297 765 1434 834 μετὰ
1459 765 1548 818 τὸν
1578 765 1900 836 νόμον,Υἰὸν

324 861 404 923 εἰς
449 859 541 912 τὸν
591 857 764 912 αἰῶνα
802 856 1239 927 τετελειωμένον.
1278 875 1296 907 ι
1328 856 1451 920 Πῶς
1489 853 1580 910 οὖν
1625 858 1767 920 ὅσιος
1795 860 1896 929 ἀρ-

324 951 543 1022 χιερεὺς
569 952 597 1003 6
630 949 868 1018 Χριστός
895 965 910 1013 ;
944 948 976 1017 ἢ
1007 948 1148 1001 κατὰ
1174 947 1295 1000 τίνα
1321 949 1520 1019 τρόπον
1551 948 1757 1011 ἄκακος
1805 949 1901 1001 καὶ

323 1044 605 1115 ἀμίαντος,
638 1044 687 1094 εἰ
716 1042 893 1094 δέεται
928 1038 1046 1110 μεθ’
1073 1039 1230 1110 ἡμῶν
1252 1042 1349 1110 τῆς
1381 1039 1567 1104 θυσίας
1602 1058 1901 1112 προσκεκο-

330 1135 569 1206 μημένος
620 1132 743 1205 [ἵσ.
792 1131 1383 1205 προσκεκομισμένης]
1427 1134 1507 1196 εἰς
1554 1134 1746 1202 ἄφεσιν
1792 1133 1900 1187 τῶν

331 1224 845 1296 πλημμελημάτων,
892 1224 986 1278 καὶ
1035 1226 1114 1286 εἰς
1147 1223 1428 1278 δικαίωσιν
1454 1224 1562 1276 τῶν
1589 1224 1902 1294 ἡμαρτηκό-

328 1334 469 1383 των;
496 1316 621 1379 Πῶς
650 1315 981 1387 κεχώρισται
999 1314 1105 1367 τῶν
1135 1314 1492 1386 ἁμαρτωλῶν,
1520 1317 1568 1367 εἰ
1597 1316 1900 1368 δικαιοῦται

330 1413 429 1466 σὺν
463 1412 669 1476 αὐτοῖς,
701 1410 801 1480 οὐχ
832 1411 1021 1480 ἐτέρου
1050 1426 1145 1461 του
1205 1409 1364 1479 χάριν
1387 1409 1485 1479 τῆς
1511 1408 1700 1471 θυσίας
1728 1425 1898 1479 προσ-

327 1501 736 1572 κεκομισμένης
762 1542 778 1566 ,
828 1501 860 1570 ἢ
904 1500 1111 1554 τούτων
1144 1501 1352 1568 αύτῶν;
1388 1502 1660 1572 Θαυμάζω
1702 1502 1780 1566 δέ,
1817 1504 1900 1554 ὅτι

326 1594 753 1665 διακεκραγότος
794 1594 889 1647 τοῦ
939 1594 1179 1659 Παύλου,
1226 1595 1318 1647 καὶ
1354 1594 1499 1665 μάλα
1549 1593 1756 1661 σαφῶς,
1801 1594 1901 1646 οὐκ

328 1682 473 1737 εἶναι
513 1684 894 1755 παραπλήσιον
932 1686 1045 1748 τοῖς
1078 1685 1218 1756 ὑπὲρ
1255 1685 1362 1737 τῶν
1405 1685 1550 1737 ἰδίων
1584 1684 1901 1755 πλημμελη-

331 1776 519 1847 μάτων
546 1777 939 1848 προσκομίζειν
963 1776 1430 1848 κεκελευσμένοις,
1458 1776 1646 1830 ἔπειτα
1672 1777 1778 1830 τῶν
1802 1776 1897 1829 τοῦ

326 1865 462 1921 λαοῦ
489 1866 835 1936 πρεσϐεύειν,
873 1868 934 1921 ού
962 1868 1138 1931 δέδιας
1162 1907 1177 1931 ,
1207 1864 1289 1931 οἷς
1314 1867 1417 1938 ἔφη
1447 1868 1704 1921 τάναντία
1733 1869 1899 1937 φάναι

328 1975 389 2013 τε
422 1958 628 2029 τολμᾷς
675 1957 810 2030 [τοῦ
841 1958 993 2021 λαοῦ,
1040 1958 1364 2031 πρεσϐεύειν
1390 1960 1448 2012 ού
1474 1960 1649 2023 δέδιας
1677 1955 1757 2023 οἷς
1795 1961 1898 2032 ἔφη

327 2050 590 2103 τάναντία
614 2089 630 2114 ,
670 2052 836 2120 φάναι
870 2067 927 2103 τε
962 2050 1167 2122 τολμᾷς
1191 2050 1241 2123 ],
1295 2051 1418 2105 καθ’
1467 2053 1761 2123 ὁμοιότητα
1801 2054 1901 2123 τὴν

330 2141 578 2204 ἐκείνων,
613 2140 662 2193 οἳ
708 2139 848 2194 κατά
872 2140 1034 2210 νόμον
1076 2142 1364 2209 γεγόνασιν
1396 2144 1579 2213 ἰερεῖς,
1619 2145 1709 2197 καὶ
1737 2143 1901 2197 αὐτὸν

331 2232 473 2302 ὑπὲρ
520 2232 713 2284 ἑαυτου
763 2232 1062 2301 προσάγειν
1123 2232 1334 2287 θυσίαν.
1394 2234 1503 2286 Καὶ
1551 2234 1709 2301 είπερ
1756 2234 1901 2286 ἐστὶν

331 2321 551 2393 ἀληθὲς,
568 2321 643 2384 ὡς
668 2323 697 2374 6
717 2322 879 2392 νόμος
910 2323 1009 2393 μὲν
1036 2323 1357 2395 καθίστησιν
1377 2326 1654 2397 ἀρχιερεῖς
1679 2326 1903 2397 ἔχοντας

332 2412 615 2474 ἀσθενείας
633 2429 647 2443 ·
678 2413 708 2464 6
730 2411 887 2481 λόγος
925 2412 980 2466 δὲ
1008 2414 1110 2483 τῆς
1142 2416 1487 2486 ὁρκωμοσίας
1516 2419 1614 2487 τῆς
1650 2419 1789 2489 μετὰ
1813 2419 1904 2471 τὸν

332 2505 520 2575 νόμον,
551 2504 681 2558 Υἰὸν
727 2505 807 2568 εἰς
857 2504 946 2558 τὸν
989 2505 1160 2558 αἰῶνα
1202 2505 1649 2577 τετελειωμένονο
1700 2509 1752 2561 τί
1792 2511 1905 2572 τοῖς

332 2592 578 2647 ἀσθενεῖν
606 2592 822 2646 εἰωθόσι
852 2596 1027 2647 ποιεῖν
1056 2593 1164 2665 [ἷσ.
1203 2594 1399 2665 ποιεῖς]
1427 2596 1778 2667 συναρίθμιον
1815 2598 1905 2650 τὸν

332 2686 431 2757 τῆς
463 2684 687 2739 ἐκείνων
731 2683 969 2755 πληθύος
1000 2685 1358 2757 ἐξῃρημένον,
1390 2688 1484 2740 καὶ
1518 2687 1616 2759 τὴν
1649 2689 1789 2761 ὑπὲρ
1822 2691 1907 2743 νό-

336 2793 438 2848 μον
480 2776 673 2847 ἔχοντα
698 2778 999 2842 τελείωσιν,
1048 2779 1261 2832 οἴκοθέν
1302 2798 1359 2833 τε
1410 2782 1505 2834 καὶ
1533 2782 1676 2835 κατά
1721 2784 1903 2853 φύσιν,

334 2866 496 2937 εἴπερ
523 2869 671 2920 ἐστὶν
698 2867 825 2931 Υἰὸς
857 2867 1092 2937 ἀληθῶς,
1125 2870 1220 2921 καὶ
1245 2869 1332 2923 διὰ
1363 2870 1522 2924 τοῦτο
1558 2872 1722 2938 Θεός;
1760 2874 1910 2927 Ἵδω-

338 2974 443 3027 μεν
470 2957 528 3009 δέ
549 2957 644 3010 καὶ
674 2958 738 3011 ἐκ
765 2956 858 3011 τοῦ
891 2960 1118 3029 νομικοῦ
1149 2961 1242 3013 καὶ
1262 2962 1618 3034 ἀρχαιοτέρου
1647 2966 1910 3037 γράμμα·

334 3064 453 3113 τος,
489 3049 611 3101 τίνα
644 3049 709 3119 δὴ
746 3048 949 3119 τρόπον
996 3051 1087 3103 καὶ
1134 3051 1273 3121 ὑπὲρ
1322 3052 1484 3105 τίνων
1528 3055 1909 3125 εἰσκεκόμικεν

337 3140 531 3193 ἐαυτὸν
553 3142 581 3193 ό
620 3140 969 3212 Ἐμμανουὴλ
991 3144 1068 3205 εἰς
1096 3141 1271 3213 ὀσμὴν
1298 3144 1522 3207 εύωδίας
1551 3144 1629 3215 τῷ
1674 3146 1791 3216 Θεῷ
1816 3150 1909 3201 καὶ

338 3230 536 3300 Πατρί.
577 3230 712 3283 Σκιά
754 3231 853 3300 μὲν
908 3232 1017 3301 γὰρ
1056 3233 1499 3303 ὁμολογουμένως
1545 3238 1573 3288 6
1619 3238 1780 3305 νόμος
1820 3235 1907 3309 ἦν,

338 3319 481 3390 πλὴν
511 3319 859 3374 ὑποτύπωσιν
888 3320 1001 3391 ἔχει
1028 3323 1330 3394 μυστηρίου
1364 3325 1456 3377 τοῦ
1492 3326 1635 3379 κατά
1655 3329 1910 3398 Χριστὸν,

339 3408 438 3461 καὶ
468 3409 567 3478 τῆς
591 3408 844 3479 ἀληθείας
870 3410 1049 3463 ὠδίνει
1073 3412 1173 3483 τὴν
1205 3414 1504 3482 μόρφωσιν.
1522 3417 1629 3468 Καὶ
1653 3420 1781 3485 γοῦν
1808 3420 1911 3492 ἔφη

341 3517 447 3553 που
496 3500 729 3571 Χριστὸς
777 3504 887 3565 τοῖς
923 3503 1197 3568 Ἰουδαίοις
1248 3506 1569 3576 προσλαλῶν
1591 3526 1605 3540 ο
1643 3528 1661 3560 i
1692 3510 1754 3562 Εἰ
1790 3512 1913 3564 ἐπι-

342 3590 562 3644 στεύετε
589 3593 760 3663 Μωσῇ
788 3636 806 3658 ,
851 3594 1166 3647 ἐπιστεύετε
1204 3594 1270 3648 ἂν
1296 3596 1417 3665 ἐμοί
1438 3613 1450 3625 ·
1484 3599 1611 3668 περί
1639 3600 1747 3671 γάρ
1777 3602 1911 3671 ἐμοῦ

340 3686 549 3747 ἐκεῖνος
591 3684 817 3755 ἔγραψε.
848 3704 865 3735 i
900 3685 1024 3749 Πῶς
1050 3682 1141 3739 οὖν
1167 3685 1274 3756 ἄρα
1311 3688 1571 3743 τεθύκασι
1598 3690 1689 3744 τὸν
1719 3693 1909 3762 ἀμνὸν,

344 3772 627 3845 μέλλοντες
680 3775 779 3845 τῆς
826 3777 1138 3844 Αἰγυπτίων
1184 3778 1440 3848 ἀπαίρειν
1479 3782 1527 3833 οξ
1575 3782 1634 3848 ἐξ
1684 3784 1914 3853 αἵματος

354 3865 608 3935 ’ῐσραήλ;
658 3865 798 3936 ὑπὲρ
827 3867 1037 3920 ἑαυτῶν
1076 3864 1185 3939 ἆρα
1215 3869 1308 3921 καὶ
1341 3870 1538 3940 μόνων,
1591 3872 1622 3942 ἢ
1652 3875 1744 3926 καὶ
1774 3876 1912 3947 ὑπὲρ

343 3959 590 4033 [ε]αὐτοῦ
612 3961 702 4015 τοῦ
722 3960 896 4030 ἀμνοῦ
915 3978 928 4027 ;
951 3963 1113 4025 Τίνας
1133 3962 1422 4040 ἐλυτροῦτο
1436 3965 1525 4018 διὰ
1541 3965 1633 4019 τοῦ
1653 3968 1911 4037 αἴματος;

341 4046 453 4120 ἆρα
478 4050 602 4113 τοὺς
632 4049 735 4102 ὑπὸ
762 4050 925 4119 ζυγὸν
953 4051 1215 4115 δουλείας,
1256 4055 1347 4105 καὶ
1375 4054 1652 4108 δύσοιστον
1678 4058 1914 4130 ἀνατλᾷν

343 4136 455 4209 [Ion
490 4138 848 4209 ἀνατλάντας]
882 4138 979 4211 τὴν
1008 4141 1069 4192 ἐκ
1092 4141 1200 4192 τῶν
1230 4142 1544 4209 Αἰγυπτίων
1578 4144 1911 4212 πλεονεξίαν,

341 4228 375 4299 ἢ
409 4230 501 4282 καί
530 4229 757 4295 ἐαυτόν;
792 4229 936 4294 τίνος
969 4231 1228 4284 ἀπεσόϐει
1252 4232 1343 4285 τὸν
1376 4233 1738 4305 όλοθρευτήν;
1773 4237 1914 4291 τίσιν

342 4318 579 4388 ἔφασκεν
619 4322 646 4373 6
683 4321 789 4375 τῶν
842 4321 979 4375 ὅλων
1018 4322 1149 4387 Θεὸς
1171 4363 1186 4387 ,
1224 4342 1242 4376 ι
1280 4326 1390 4378 Καὶ
1426 4327 1627 4398 ὄψομαι
1656 4331 1717 4383 τὸ
1752 4326 1911 4403 αἷμα,

343 4410 438 4464 καὶ
468 4414 727 4475 σκεπάσω
750 4413 928 4483 ὐμᾶς;
961 4432 979 4465 ι
1008 4409 1116 4484 ἀρα
1146 4417 1258 4479 τοῖς
1290 4416 1628 4489 δεδεημένοις
1659 4423 1758 4493 τῆς
1785 4427 1913 4496 παρ’

1999 583 2284 640 Christus?
2326 585 2409 639 vel
2441 585 2709 653 quomodo
2754 585 3014 640 innocens
3050 594 3104 640 et
3142 585 3487 655 impollutus,
3533 592 3575 640 si

2000 675 2285 730 nobiscum
2315 675 2517 746 indiget
2544 678 2719 731 hostia
2752 693 2846 747 pro
2874 679 3109 746 peccatis
3146 679 3483 734 remittendis
3528 698 3573 731 ei

2002 765 2067 819 ad
2112 776 2425 834 peccatores
2458 766 2834 833 justiﬁcandos
2875 766 3124 821 oblatus?
3166 767 3447 833 Quomodo
3493 783 3578 821 se-

2002 864 2252 925 gregatus
2278 870 2306 908 a
2341 857 2735 924 peccatoribus,
2765 858 2809 911 si
2838 872 2941 909 una
2970 872 3090 909 cum
3122 860 3249 926 ipsis
3286 858 3396 930 94
3419 860 3549 926 justi

2002 947 2273 1011 licabitur,
2314 962 2436 1000 cum
2487 948 2664 1001 hostia
2692 962 2797 1000 non
2843 948 2943 1001 alia
2990 952 3054 1003 de
3085 964 3245 1003 causa
3296 951 3577 1016 oll'eratiir,

2001 1054 2160 1106 quam
2185 1054 2280 1108 pro
2316 1039 2431 1093 imis
2469 1039 2638 1106 ipsis?
2682 1040 2846 1093 Miror
2886 1048 3065 1094 autem
3105 1045 3268 1110 quod,
3312 1045 3579 1097 i-lamuute

2000 1129 2187 1193 Paulo,
2215 1140 2267 1183 et
2293 1132 2508 1199 quidem
2542 1132 2907 1197 apertissime,
2942 1148 3047 1185 non
3079 1148 3199 1186 esse
3229 1134 3373 1186 illiilli
3407 1150 3576 1201 pchI-

2002 1221 2182 1275 milem
2245 1222 2328 1275 his
2369 1222 2564 1291 quibus
2602 1236 2700 1291 pro
2742 1224 2858 1275 suis
2898 1223 3107 1277 delictis
3146 1224 3348 1278 hostias
3386 1225 3579 1279 otl'erre

2001 1314 2073 1368 sit
2097 1314 2336 1383 jussum,
2393 1316 2587 1369 deinde
2619 1331 2715 1383 pro
2745 1316 2959 1369 delictis
2998 1318 3214 1386 populi,
3252 1332 3356 1371 non
3389 1320 3578 1372 timeas

2001 1403 2271 1457 contraria
2296 1403 2590 1470 praedicare
2623 1403 2686 1455 iis
2715 1418 2832 1470 qua}
2875 1403 2962 1455 ille
3002 1404 3157 1466 dixit,
3189 1404 3279 1455 sed
3332 1417 3581 1455 asserere

2001 1494 2222 1557 audeas,
2251 1506 2346 1561 pro
2379 1491 2590 1544 illorum
2626 1492 2981 1545 similitudine
3028 1492 3118 1557 qui
3172 1490 3466 1542 secundum
3502 1488 3579 1541 le-

2001 1598 2119 1654 gem
2150 1582 2367 1637 fuerunt
2390 1582 2717 1645 sacerdotes,
2741 1582 2901 1635 etiam
2935 1583 3104 1649 ipsum
3135 1596 3229 1648 pro
3257 1596 3318 1634 se
3348 1580 3576 1634 hostiam

2001 1675 2215 1730 ollerre.
2261 1673 2329 1726 Et
2381 1675 2425 1726 si
2463 1688 2647 1725 verum
2678 1684 2759 1726 est
2792 1673 2904 1741 lege
2956 1672 3214 1726 constitui
3266 1675 3579 1724 sacerdotes

1932 1776 1938 1782 '
2005 1767 2264 1819 habentes
2300 1761 2686 1823 inﬁrmitatem.
2731 1777 2979 1815 sermone
3010 1773 3187 1815 autem
3221 1759 3580 1830 jurisjurandi

1932 1859 1971 1911 Β
2001 1857 2142 1924 quod
2175 1865 2294 1923 post
2327 1853 2496 1922 legem
2527 1862 2631 1914 est,
2659 1850 2853 1904 Filium
2880 1852 2932 1905 in
2960 1861 3224 1905 aeternum
3254 1852 3576 1918 perfectum,

2002 1962 2100 2000 cur
2129 1946 2180 2000 in
2221 1960 2407 1999 eorum
2452 1960 2677 1998 numero
2724 1944 2815 2012 qui
2869 1944 3066 1996 intirmi
3119 1957 3238 1996 esse
3281 1957 3578 1996 c0nsueve-

2004 2049 2150 2106 runt,
2182 2053 2434 2093 recenses
2463 2038 2634 2104 illum,
2662 2041 2729 2093 ab
2762 2053 2951 2092 eorum
2989 2039 3144 2091 turba
3169 2046 3451 2106 exceptum
3474 2074 3490 2099 ,
3523 2044 3580 2089 et

2003 2131 2335 2201 perfectione
2378 2146 2499 2200 qua:
2530 2146 2692 2199 supra
2739 2130 2909 2200 legem
2956 2138 3037 2183 est
3076 2138 3130 2182 et
3183 2129 3472 2183 intrinseCa
3526 2135 3582 2180 et

2004 2224 2299 2279 secundum
2339 2235 2585 2277 naturam
2634 2222 2796 2275 insita
2851 2221 3166 2290 praeditum,
3199 2234 3320 2273 cum
3355 2219 3424 2273 sit
3452 2231 3583 2271 vere

2004 2315 2192 2379 Filius,
2233 2325 2287 2369 et
2337 2317 2405 2369 ob
2459 2330 2577 2369 eam
2625 2328 2843 2367 causam
2899 2311 3076 2365 Deus?
3126 2312 3233 2366 Sed
3296 2312 3579 2365 videamus

2004 2408 2167 2462 etiam
2203 2423 2267 2462 ex
2297 2407 2450 2475 legali
2479 2415 2532 2459 et
2570 2406 2735 2460 veteri
2768 2405 3010 2473 scripto,
3045 2405 3496 2472 quemadmodum
3528 2412 3585 2455 et

2006 2515 2103 2569 pro
2136 2500 2331 2568 quibus
2372 2500 2479 2552 Deo
2506 2507 2560 2551 et
2591 2498 2736 2550 l’atri
2780 2496 3016 2564 seipsuin
3064 2495 3322 2548 obtulerit
3364 2494 3584 2547 Emma-

2007 2592 2131 2646 nuel
2184 2593 2238 2645 in
2285 2594 2504 2645 odorem
2546 2590 2915 2644 suavitatis".
2965 2587 3166 2642 Umbra
3214 2600 3447 2656 namque
3495 2585 3583 2639 lex

2006 2694 2123 2739 erat
2163 2684 2348 2753 procul
2381 2684 2564 2746 dubio,
2598 2685 2690 2737 sed
2738 2692 2916 2734 tamen
2963 2678 3164 2733 Christi
3213 2678 3454 2748 mysterii
3502 2676 3585 2730 iii-

2009 2777 2384 2831 forinatiouem
2440 2772 2603 2826 habet
2646 2773 2725 2835 ’⁷,
2783 2786 2846 2824 ac
2901 2755 3143 2823 veritatis
3201 2768 3579 2821 formationem

2010 2870 2258 2939 parturit.
2291 2868 2474 2935 Itaque
2501 2864 2774 2923 Christus,
2809 2880 2930 2915 cum
2961 2862 3174 2916 Judams
3197 2862 3584 2929 alloqueretiir,

2009 2959 2145 3012 dixit
2179 2977 2193 3011 :
2230 2974 2248 3006 ι
2286 2955 2341 3008 Si
2369 2953 2667 3008 crederetis
2698 2951 2850 3011 Mosi.
2881 2950 3174 3003 crederetis
3209 2951 3371 3002 etiam
3408 2949 3538 3001 mihi
3568 2966 3582 3002 :

2012 3052 2075 3103 de
2106 3065 2188 3103 me
2212 3049 2355 3103 enim
2394 3047 2480 3101 ille
2500 3046 2721 3116 scripsit
2749 3044 2816 3096 ".
2850 3062 2867 3093 ι
2902 3044 3180 3107 Quomodo
3218 3041 3380 3110 igitur
3415 3038 3588 3093 Israe-

2015 3142 2119 3195 lita:
2149 3143 2215 3194 de
2238 3139 2616 3210 JEgyptioruni
2648 3136 2808 3191 terris
2841 3134 3119 3203 migraturi
3160 3148 3357 3201 agnum
3393 3134 3587 3184 imum-

2018 3233 2303 3288 laverunt?
2347 3249 2469 3285 nuin
2502 3245 2596 3298 pro
2629 3245 2685 3283 se
2735 3228 2864 3295 ipsis
2902 3236 3130 3291 tantum,
3166 3242 3232 3278 an
3283 3226 3444 3278 etiam
3492 3237 3589 3291 pro

2015 3326 2130 3394 ipso
2160 3323 2340 3393 agno?
2370 3337 2629 3390 quosnam
2680 3319 2980 3373 redimebat
3023 3334 3117 3387 per
3166 3332 3320 3370 suum
3372 3316 3591 3384 sangui-

2017 3415 2176 3469 nem?
2206 3430 2330 3467 uuin
2360 3428 2452 3467 eos
2476 3413 2566 3482 qui
2601 3413 2700 3464 sub
2724 3410 2854 3479 jugo
2885 3410 3164 3463 servitutis
3187 3418 3362 3474 erant,
3390 3417 3444 3462 et
3469 3424 3593 3477 gra-

2015 3507 2236 3560 vissimo
2264 3503 2652 3574 premebantur
2680 3501 3061 3571 ASgyptiorum
3097 3502 3393 3565 dominatu,
3431 3516 3496 3552 an
3533 3514 3593 3553 se

2015 3598 2190 3668 ipsum
2217 3597 2380 3651 etiam
2402 3595 2425 3647 ?
2450 3609 2479 3647 a
2501 3609 2738 3663 quonam
2766 3592 3044 3647 avertebat
3067 3592 3594 3662 jexterminatorem?

2015 3689 2275 3758 quibusve
2314 3686 2448 3741 dixit
2480 3686 2568 3739 ille
2607 3684 2748 3738 Deus
2788 3685 3164 3738 universorum
3197 3701 3210 3736 :
3254 3701 3271 3733 ι
3305 3682 3367 3736 Et
3398 3683 3592 3736 videbo

2016 3781 2354 3850 sanguinem,
2384 3789 2438 3833 et
2470 3786 2747 3847 protegam
2780 3791 2875 3830 vos
2901 3776 2985 3828 '9?
3019 3795 3035 3827 i
3072 3774 3208 3828 Num
3240 3775 3323 3828 his
3352 3775 3438 3843 qui
3470 3790 3595 3841 pro-

2020 3876 2251 3929 tectione
2298 3871 2631 3939 indigebant,
2681 3886 2747 3922 an
2795 3868 2894 3937 ipsi
2942 3868 3105 3920 etiam
3157 3867 3338 3935 agno?
3373 3866 3591 3919 Hostius

2016 3966 2158 4020 euiin
2197 3979 2291 4034 pro
2318 3973 2539 4032 peccato
2568 3958 2946 4023 immolandas,
2981 3958 3034 4012 in
3076 3958 3191 4028 lege
3237 3967 3492 4026 tauquam
3538 3959 3587 4011 in

2019 4058 2197 4113 tabula
2226 4053 2542 4125 designabat
2570 4052 2709 4106 Deus
2740 4067 2803 4105 ac
2832 4051 3013 4115 Pater,
3051 4051 3226 4104 adhuc
3260 4051 3589 4103 adumbratis

2017 4148 2220 4205 Christi
2255 4146 2610 4217 mysterium;
2649 4142 2783 4196 dixit
2822 4151 3001 4197 autem
3053 4142 3130 4197 sic
3165 4142 3231 4195 ad
3278 4140 3477 4197 Mosen.
3506 4158 3594 4193 Sa-

2017 4254 2232 4294 crorum
2264 4239 2609 4306 interpretem
2645 4249 2660 4287 :
2698 4255 2716 4285 (
2754 4234 2809 4288 Si
2846 4249 2975 4287 vero
3007 4236 3257 4287 universa
3294 4248 3594 4303 congrega-

2020 4332 2095 4385 tio
2124 4330 2352 4383 liliorum
2383 4328 2547 4381 Israel
2585 4326 2913 4397 ignoraverit
2943 4340 3045 4378 non
3075 4333 3264 4393 sponte
3286 4364 3303 4391 ,
3332 4336 3386 4378 et
3419 4325 3595 4378 latue-

2018 4423 2090 4477 rit
2141 4421 2364 4476 verbum
2406 4418 2591 4474 oculos
2625 4418 2940 4488 Synagogae,
2972 4425 3028 4470 et
3057 4415 3286 4469 fecerint
3328 4431 3491 4469 unum
3528 4416 3596 4469 ab

342 4504 509 4558 αὑτοῦ
552 4505 779 4578 σκέπης,
826 4506 994 4576 ἤγουν
1020 4508 1112 4560 καὶ
1139 4508 1289 4579 αύτῷ
1320 4511 1398 4581 τῷ
1426 4513 1618 4583 ἀμνῷ;
1653 4516 1907 4571 Διετύπου

2008 4513 2271 4586 |omnibus
2314 4510 2581 4564 mandatis
2629 4507 2842 4562 Domini
2885 4506 3026 4575 quod
3071 4520 3175 4558 non
3207 4504 3328 4568 ﬁet,
3371 4514 3425 4559 et
3464 4505 3595 4558 deli-

346 4596 445 4666 μὲν
473 4596 581 4686 γὰρ
608 4597 707 4661 τὰς
741 4598 880 4669 ὑπὲρ
927 4602 1034 4653 τῶν
1074 4601 1361 4673 ἁμαρτιῶν
1405 4606 1675 4660 ποιεῖσθαι
1704 4608 1914 4675 θυσίας,

343 4686 593 4758 καθάπερ
638 4688 696 4740 ἐν
739 4687 928 4741 πίνακι
973 4688 1051 4759 τῷ
1100 4690 1271 4761 νόμῳ,
1319 4694 1675 4763 σκιαγραφῶν
1730 4696 1809 4749 έτι
1854 4699 1918 4751 τδ

341 4775 581 4845 Χριστοῦ
619 4777 915 4848 μυστήριον
942 4781 971 4831 6
1000 4779 1133 4843 Θεὸς
1159 4782 1254 4834 καί
1288 4784 1478 4855 Πατήρ
1498 4800 1513 4815 ο
1554 4785 1657 4855 ἔφη
1692 4786 1746 4840 δὲ
1775 4787 1917 4842 οὕτω

345 4866 481 4937 πρὸς
514 4866 604 4919 τὸν
652 4868 977 4939 ἱεροφάντην
1018 4871 1222 4924 Μωσέα
1244 4889 1256 4901 ·
1295 4891 1313 4923 ι
1366 4873 1494 4927 Ἐὰν
1528 4875 1584 4927 δὲ
1617 4879 1765 4931 πᾶσα
1793 4896 1917 4932 συν-

344 4956 537 5028 αγωγὴ
573 4959 703 5011 υἰῶν
753 4960 968 5031 Ἰσραὴλ
1016 4962 1260 5037 ἀγνοήσῃ
1305 4966 1574 5031 ἀκουσίως
1598 5008 1612 5033 ,
1654 4971 1746 5022 καί
1777 4970 1914 5042 λάθῃ

348 5055 502 5124 ῥῆμα
535 5053 593 5120 ἐξ
624 5053 921 5125 ὀφθαλμῶν
964 5056 1062 5127 τῆς
1106 5059 1467 5131 Συναγωγῆς,
1504 5064 1596 5115 καὶ
1644 5067 1916 5136 ποιήσωσι

350 5144 477 5214 μίαν
506 5144 611 5197 ἀπὸ
642 5145 831 5199 πασῶν
856 5145 964 5198 τῶν
992 5148 1223 5202 ἐντολῶν
1258 5152 1351 5203 τοῦ
1382 5152 1608 5225 Κυρίου,
1643 5155 1675 5225 ἢ
1713 5154 1823 5226 [Ζσ.

347 5236 408 5288 οὐ
457 5235 833 5306 ποιηθήσεται,
902 5239 996 5291 καὶ
1047 5239 1500 5313 πλημμελήσωσι,
1557 5245 1650 5297 καὶ
1700 5247 1915 5319 γνωσθῇ

347 5325 529 5387 αὐτοῖς
558 5325 591 5395 ή
624 5324 886 5394 ἁμαρτία,
916 5324 984 5395 ἢν
1015 5326 1258 5398 ἥμαρτον
1279 5331 1417 5402 αὐτῇ
1440 5347 1453 5360 ο
1484 5333 1577 5385 καὶ
1601 5334 1913 5408 προσάξειή

351 5415 640 5487 συναγωγὴ
667 5416 867 5486 μόσχον
895 5418 958 5469 ἐκ
987 5416 1124 5486 βοῶν
1154 5420 1383 5491 ἄμωμον
1412 5424 1541 5494 περὶ
1561 5424 1855 5495 ἁμαρτίας.
1896 5445 1914 5479 ι

349 5508 483 5562 Τίνα
530 5506 587 5560 δέ
634 5510 835 5576 τρόπον
879 5508 950 5561 τὰ
990 5508 1090 5580 τῆς
1138 5510 1330 5577 θυσίας
1373 5514 1732 5570 ἐπιτελεῖσθαι
1786 5518 1915 5590 χρὴ,

2019 4605 2255 4675 querint,
2287 4611 2339 4656 et
2373 4610 2556 4654 notum
2588 4599 2788 4653 factum
2822 4596 2983 4652 fuerit
3014 4596 3119 4651 illis
3141 4606 3419 4665 peccatum
3452 4602 3595 4662 quod

2019 4704 2404 4765 peccaverunt;
2461 4700 2513 4746 ct
2569 4689 2798 4744 adducet
2864 4687 3213 4757 congregatio
3253 4685 3477 4739 vitulum
3531 4702 3597 4740 ex

2020 4787 2192 4841 bobus
2266 4781 2671 4838 immaculatum
2727 4796 2827 4849 pro
2858 4788 3082 4849 peccato
3118 4778 3186 4831 ³ο.
3228 4796 3245 4828 ι
3288 4777 3393 4831 Sed
3449 4789 3591 4847 posi-

2018 4892 2244 4947 eaquam
2296 4877 2546 4945 exposuit
2590 4889 2822 4942 quonam
2876 4873 3034 4926 modo
3082 4871 3256 4924 hostia
3311 4871 3383 4924 sit
3462 4886 3594 4923 cou-

2025 4968 2365 5032 summnnda,
2424 4968 2698 5037 subjungit
2758 4973 2811 5019 et
2860 4964 2970 5017 ait:
3039 4980 3059 5014 i
3096 4961 3163 5016 Et
3217 4961 3598 5031 pmpitiabitur

2020 5062 2129 5133 95
2186 5076 2284 5131 pro
2338 5060 2469 5130 ipsis
2513 5059 2791 5119 sacerdos,
2826 5067 2880 5109 et
2933 5055 3239 5109 remittetur
3277 5054 3356 5107 eis
3407 5068 3587 5120 pecca

2025 5165 2136 5209 tum
2165 5154 2230 5207 ³¹.
2275 5171 2292 5204 ι
2330 5150 2449 5206 Jam
2496 5166 2625 5220 ergo
2650 5150 2961 5204 consideres
3003 5147 3200 5211 velim,
3244 5145 3424 5198 aﬂ‘erri
3474 5146 3596 5215 qui-

2026 5249 2145 5303 dem
2189 5245 2415 5300 vitulum
2456 5245 2508 5298 iu
2551 5253 2675 5313 typo
2710 5240 2915 5296 Christi
2952 5238 3094 5292 illius
3136 5236 3508 5299 mundissimi,
3544 5244 3600 5290 et

2024 5338 2290 5394 maculam
2322 5336 2522 5391 nullam
2548 5337 2820 5399 habentis,
2852 5334 2945 5387 sed
2986 5331 3274 5387 afferentes
3305 5346 3333 5383 a
3358 5330 3469 5384 suis
3490 5330 3599 5384 cri-

2028 5428 2264 5483 minibus
2296 5426 2547 5490 liberari,
2592 5442 2697 5479 non
2734 5423 2957 5478 vitulum
3001 5438 3239 5491 prorsus.
3285 5420 3597 5474 liumolatus

2028 5534 2261 5590 namque
2289 5529 2373 5574 est
2402 5534 2507 5573 non
2548 5532 2645 5588 pro
2684 5531 2765 5580 se,
2797 5525 2856 5569 ut
2891 5524 2945 5569 tu
2980 5514 3136 5579 dicis,
3172 5514 3265 5570 sed
3312 5528 3409 5581 pro
3448 5512 3599 5567 infir-

422 5702 1027 5783 "_ilebr:_vii,_:25:%8.
1104 5706 1151 5738 ”
1191 5706 1387 5777 Ephes.
1422 5725 1473 5778 ν,
1502 5710 1556 5766 2.
1599 5713 1643 5745 ’⁷
1686 5712 1851 5772 llcbr.
1881 5731 1907 5769 χ

2008 5754 2019 5769 .
2096 5715 2141 5748 ³⁸³
2181 5713 2338 5772 Joau.
2381 5732 2432 5783 ν,
2482 5713 2569 5769 46.
2646 5712 2692 5746 ’⁸
2728 5709 2901 5769 Exod.
2938 5710 3153 5779 xu,15.
3234 5710 3278 5741 ³⁸
3320 5708 3593 5776 chit.lv,

357 5778 443 5840 Ii,
482 5776 560 5828 li.
651 5774 694 5805 ³⁸
744 5775 876 5829 ibid.
906 5774 999 5827 ΞΟ.
