4054 6332
458 349 559 404 167

1461 347 1518 399 S.
1562 343 1842 404 CYRILLI
1883 341 2355 399 ALEXANDBINI
2393 341 2712 400 ARCHIEP.

3627 334 3730 388 168

459 467 582 530 mis,
613 478 711 534 pro
753 461 950 533 quibus
991 460 1182 531 iegalis
1227 461 1318 518 ille
1368 462 1609 544 pontifex
1661 461 1892 518 faciebat
1931 476 2051 531 pre-

2170 459 2386 514 itemtbv.
2429 455 2490 513 εὖ
2545 459 2727 530 μάλα,
2775 456 3154 530 προσεπάγει,
3200 452 3296 506 καί
3342 467 3504 522 φησι·
3562 469 3578 499 ι
3621 451 3734 504 Καὶ

458 572 592 612 ces:
645 565 702 610 ut
732 571 923 608 rursus
963 554 1366 608 animadvertas
1397 555 1720 614 advocatum
1758 554 1904 614 illum
1949 568 2050 622 pro

458 648 616 702 nobis
643 646 842 700 factum
869 647 936 710 ³²,
972 645 1430 715 innocentemque
1475 655 1529 700 et
1573 655 1823 699 sanctum
1871 645 2049 713 ponti-

459 740 652 800 ﬁcem,
693 745 1033 804 segregatum
1087 752 1116 790 a
1169 723 1545 804 peccatoribus
1593 735 1659 792 ³³.
1706 735 1875 807 Igitur
1923 749 2045 790 cum

456 845 640 882 sermo
670 827 969 882 adversarii
1021 829 1258 896 undique
1305 827 1642 882 absurditate
1680 827 1908 893 laboret,
1953 841 2049 880 nos

459 919 772 988 pontiﬁcem
797 931 851 973 et
889 920 1195 989 apostolum
1224 919 1586 974 confessionis
1615 931 1813 980 nostrae
1846 918 2048 974 factum

459 1028 580 1065 esse
611 1012 842 1065 dicimus
874 1011 1052 1081 ipsum
1090 1028 1156 1065 ex
1202 1011 1310 1066 Deo
1358 1011 1519 1064 Patre
1555 1009 1790 1064 Verbum
1819 1009 1884 1074 ³⁸,
1921 1027 2047 1065 cum

462 1105 638 1157 factus
678 1104 860 1166 homo,
899 1119 959 1157 se
983 1105 1050 1157 ad
1083 1105 1512 1157 r-xinanitionem
1551 1102 1748 1173 dejecit
1777 1101 1842 1165 ³³,
1872 1111 1926 1156 et
1956 1117 2051 1156 no-

461 1206 572 1256 stra
607 1196 923 1266 assumpsit,
959 1207 1017 1250 ut
1045 1197 1283 1267 seipsum
1319 1199 1481 1250 etiam
1515 1212 1612 1266 pro
1643 1195 1896 1250 omnibus
1929 1194 2053 1249 υσθ-

460 1306 586 1344 rens
616 1288 763 1342 Patri
804 1291 856 1344 in
897 1291 1124 1346 odorem
1175 1293 1462 1345 suavitatis
1494 1291 1562 1353 “,
1613 1291 1920 1359 arquirerel
1963 1304 2054 1342 or-

461 1383 584 1437 bem
639 1394 928 1449 terrarum,
983 1385 1252 1440 eximeret
1289 1385 1570 1440 veteribus
1624 1383 1820 1454 culpis,
1881 1380 2052 1454 gratia

457 1475 788 1542 justiliraret
823 1493 917 1545 per
953 1478 1112 1532 [idem
1146 1480 1214 1540 ³⁷,
1258 1479 1448 1532 mortis
1489 1489 1652 1547 atque
1689 1474 2054 1545 corruptionis

465 1572 703 1624 victores
730 1568 992 1632 ellieeret,
1035 1586 1224 1626 sacros
1263 1575 1426 1626 etiam
1464 1581 1628 1640 atque
1664 1570 2052 1632 sanctiﬁcatos,

465 1671 520 1714 et
552 1662 604 1716 in
637 1664 783 1715 omni
819 1663 1039 1718 virtutis
1077 1681 1274 1735 genere
1306 1664 1579 1734 perfectos
1611 1664 1881 1727 redderet,
1907 1661 2054 1715 illum

467 1753 808 1813 Salvatorem
841 1771 904 1808 ac
935 1753 1359 1824 Redemptorem
1394 1757 1737 1818 conﬁtentes,
1764 1769 1862 1824 per
1892 1768 2053 1822 quem

2149 553 2461 618 ἐξιλάσεται
2489 551 2618 622 περί
2655 549 2834 616 αὐτῶν
2863 551 2890 602 6
2921 549 3123 620 ἱερεὺς,
3149 546 3245 610 καὶ
3269 544 3605 615 ἀφεθήσεται
3635 545 3734 596 αὐ-

2149 647 2261 708 τοῖς
2299 645 2334 716 ὴ
2365 642 2629 714 ἁμαρτία.
2667 661 2687 705 ι
2721 641 2912 712 Ἀθρει
2940 638 3008 710 δὴ
3030 635 3144 703 οὖν,
3175 637 3260 707 ὅτι
3296 632 3736 707 προσεκομίξετο

2153 735 2253 816 μὲν
2292 738 2321 789 6
2375 736 2576 808 μόσχος
2609 735 2670 795 ὲν
2699 733 2857 801 τύπῳ
2885 730 3123 803 Χριστοῦ
3168 727 3261 781 τοῦ
3302 725 3606 795 πανάγνου,
3637 725 3736 785 καὶ

2154 812 2346 901 μῶμον
2383 827 2477 880 τοῦ
2517 825 2628 898 (‘25)
2684 823 2760 896 μὴ
2807 822 3055 894 ἔχοντος·
3091 820 3497 892 ἀπηλλάττοντο
3529 815 3586 868 δὲ
3625 812 3736 866 τῶν

2154 917 2302 974 ἰδίων
2349 915 2687 986 αἰτιαμάτων
2719 916 2766 967 οἱ
2798 911 3295 986 προσκομίξοντες,
3335 909 3430 961 καὶ
3474 904 3590 968 οὔτι
3631 921 3737 957 που

2156 1010 2302 1083 μάλα
2347 1010 2375 1061 6
2423 1008 2642 1079 μόσχος.
2674 1006 2908 1060 Τέθυται
2937 1005 3046 1075 γὰρ
3093 1004 3193 1070 οὐχ
3235 1003 3377 1071 ὑπέρ
3421 1016 3484 1068 γε
3535 997 3737 1068 μᾶλλον

2153 1102 2530 1167 ἐαυτοῦ,καθά
2561 1102 2625 1154 σὺ
2654 1100 2781 1170 φὴς,
2795 1099 2910 1154 ἀλλῖ
2937 1098 3075 1168 ὑπέρ
3102 1114 3164 1164 γε
3188 1094 3299 1163 τῶν
3327 1092 3737 1176 ἠισθενη-κότων,

2153 1198 2294 1268 ὑπὲρ
2317 1189 2391 1251 ὧν
2418 1197 2653 1250 ἐποιεῖτο
2675 1177 2774 1259 τὰς
2795 1192 2947 1260 λιτᾲς
2978 1192 3006 1242 6
3035 1190 3176 1256 κατά
3203 1188 3403 1259 νόμους
3419 1183 3736 1257 ἀρχιερεύς.

2155 1293 2244 1350 ἵνα
2298 1290 2462 1345 πάλιν
2503 1291 2691 1359 ὲννοῇς
2732 1288 2823 1342 τὸν
2872 1284 3014 1356 ὑπὲρ
3046 1282 3206 1354 ἡμῶν
3250 1278 3516 1350 γεγονότα
3560 1276 3743 1348 παρά-

2155 1385 2375 1455 κλητον,
2395 1382 2627 1453 ἀμωμόν
2648 1397 2707 1433 τε
2731 1379 2827 1433 καὶ
2853 1379 2999 1442 ὅσιον
3027 1366 3311 1448 ἀρχιερέα,
3331 1370 3742 1444 κεχωρισμένον

2155 1477 2265 1532 τῶν
2295 1474 2662 1547 ἁμαρτωλῶν.
2693 1471 3039 1542 Πανταχόθεν
3073 1464 3363 1538 τοιγαροῦν
3387 1465 3744 1537 ὴρῤωστηκό-

2156 1585 2249 1632 τος
2285 1567 2380 1621 τοῦ
2405 1567 2565 1635 λόγου
2609 1564 2670 1618 τὸ
2707 1561 2944 1626 ἀκαλλὲς
2975 1561 3054 1632 τῷ
3083 1559 3151 1614 δι’
3177 1557 3447 1627 ἐναντίας,
3479 1553 3746 1626 ἀρχιερέα

2158 1657 2256 1710 καὶ
2304 1654 2604 1709 ἀπόστολον
2634 1652 2734 1722 τῆς
2764 1649 3055 1721 ὁμολογίας
3081 1645 3238 1718 ἡμῶν
3280 1643 3532 1714 γενέσθαι
3562 1641 3747 1712 φαμὲν

2159 1747 2325 1802 αὐτὸν
2369 1747 2462 1800 τὸν
2509 1747 2571 1808 ὲκ
2599 1743 2735 1797 Θεοῦ
2777 1733 2994 1813 [ἰατρὸς
3039 1739 3235 1808 Λόγον,
3265 1738 3355 1790 ὅτε
3384 1736 3610 1808 γέγονεν
3649 1731 3749 1788 ἀν·

466 1857 522 1904 et
548 1863 669 1899 cum
697 1863 803 1914 quo
845 1847 952 1902 Deo
979 1859 1034 1904 et
1063 1849 1212 1904 Patri
1253 1851 1424 1921 gloria
1455 1865 1581 1904 cum
1615 1859 1805 1904 sancto
1847 1846 2051 1917 Spiritu

2170 1840 2401 1912 θρωπος,
2433 1837 2622 1902 καθεὶς
2652 1834 2844 1889 ἑαυτὸν
2875 1830 3242 1901 εἰς’κένωσιν,
3266 1829 3361 1883 καὶ
3392 1829 3450 1882 ὲν
3480 1828 3592 1896 τοῖς
3622 1823 3746 1878 καθ’

467 1937 520 1990 in
544 1937 758 1993 sarcula.
807 1941 1002 1998 Amen.
1892 1916 1900 1917 ί

2170 1935 2331 2006 ἡμᾶς,
2361 1933 2449 1984 ἵνα
2474 1931 2568 1984 καί⁹
2592 1929 2733 2000 ὑπὲρ
2760 1927 2978 1981 πάντων
3000 1925 3076 1988 εἰς
3103 1921 3279 2010 ὀσμὴν
3300 1919 3526 1984 εὐωδίας
3552 1916 3745 1987 ἑαυτὸν

467 2034 688 2101 ἀναθεὶς
715 2037 792 2109 τῷ
827 2039 1035 2109 Πατρὶ,
1067 2037 1488 2108 κατακτήσηται,
1535 2035 1635 2107 τὴν
1681 2036 1773 2088 ὑπ’
1824 2031 2077 2104 οὐρανὸν,
2121 2030 2376 2099 ἐξέληται
2413 2028 2524 2080 τῶν
2557 2025 2802 2096 ἀρχαίων
2864 2021 3230 2091 αἰτιιαμάτων,
3259 2013 3525 2083 δικαιώσῃ
3553 2013 3620 2109 τῇ
3649 2009 3750 2109 χά-

473 2143 580 2195 ριτι
627 2132 718 2184 διὰ
765 2103 1032 2195 πίστεως,
1090 2103 1324 2185 θανάτου
1378 2103 1475 2184 καὶ
1531 2103 1736 2201 φθορᾶς
1794 2103 2051 2197 ἀποφήνῃ
2128 2122 2442 2194 κρείττονας
2473 2161 2488 2183 9
2539 2117 2717 2190 ἱερούς
2764 2133 2825 2170 τε
2877 2115 2975 2172 καὶ
3021 2109 3412 2201 ἡγιασμένοιζςν
3488 2105 3584 2158 καὶ
3639 2103 3749 2201 imi!

470 2187 610 2286 εἶδος
654 2226 856 2294 ἀρετῆς
905 2221 965 2278 εὖ
992 2187 1147 2294 ⁷μάλα
1181 2187 1652 2294 κατωρθωκότίας,
1696 2187 1930 2291 έωτῆρα
1968 2187 2098 2273 ’καὶ
2169 2187 2476 2286 λυτρωτὴν
2522 2187 2919 2282 ὁμολογοῦντας
2951 2207 3149 2264 αὐτόν·
3192 2205 3260 2260 δι’
3302 2196 3366 2262 οῦ
3407 2201 3503 2263 καὶ
3535 2198 3653 2271 μεθ’
3685 2187 3747 2248 οὗ

468 2317 548 2386 τῷ
585 2316 705 2386 Θεῷ
737 2318 831 2370 καὶ
867 2317 1039 2388 Πατρί
1074 2319 1107 2387 ἡ
1137 2315 1284 2384 δόξα,
1336 2318 1434 2370 σὺν
1470 2315 1613 2386 ἁγίῳ
1660 2314 1940 2384 ΙΙνεύματι
1978 2314 2058 2377 είς
2095 2312 2222 2374 τοὺς
2251 2308 2473 2370 αἰῶνας.
2519 2305 2712 2375 Ἀμήν.

721 2468 1124 2560 TO'MUS
1208 2468 1798 2571 QUARTUS.

545 2643 738 2698 Beatus
769 2641 966 2695 Paulus
1010 2656 1131 2694 cum
1163 2640 1299 2709 legis
1333 2654 1578 2694 umbram
1631 2639 1772 2693 haud
1812 2638 2056 2693 inutilem

475 2735 788 2791 hominibus
823 2734 909 2800 pie
937 2733 1120 2787 vivere
1165 2733 1578 2786 instituentibus
1623 2733 1933 2786 ostenderet
1957 2771 1970 2792 ,
2004 2743 2060 2784 ct

471 2845 534 2884 ea
567 2844 686 2896 quae
734 2827 862 2880 olim
913 2827 1106 2895 priscis
1149 2827 1459 2880 hominibus
1505 2826 1879 2894 contigissent,
1915 2824 2061 2876 velut

477 2919 714 2975 tabulam
756 2916 1046 2988 quamdam
1088 2927 1142 2971 et
1191 2933 1369 2972 rerum
1409 2918 1680 2972 veriorum
1738 2916 2061 2984 descriptio-

2427 2445 2813 2534 ΤΟΜΟΣ
2885 2438 3481 2538 ΤΕΤΑΡΤΟΣ.

2245 2632 2307 2686 Ὀ
2339 2628 2626 2690 θεσπέσιος
2672 2623 2907 2687 Παῦλος,
2959 2623 3060 2675 οὐκ
3090 2619 3355 2688 ἀσυντελῆ
3396 2617 3533 2687 πρὸς
3560 2616 3748 2686 ὄνησιν

2163 2729 2276 2789 τοῖς
2319 2723 2565 2777 εὐσεϐεῖν
2593 2719 2913 2791 ᾑρημένοις,
2956 2717 3055 2788 τὴν
3089 2713 3146 2767 ἓν
3179 2730 3242 2780 γε
3286 2711 3363 2782 τῷ
3407 2711 3558 2781 νόμῳ
3589 2711 3749 2762 σκιὰν

2168 2818 2512 2886 ἀποφαίνων,
2563 2813 2659 2865 καὶ
2707 2809 2813 2880 μὴν
2867 2809 2961 2860 καὶ
3004 2807 3072 2859 τὰ
3121 2804 3291 2858 πάλαι
3338 2805 3452 2865 τοῖς
3500 2800 3748 2871 ἀρχαίοις

2170 2928 2232 2962 συ
2243 2907 2578 2977 μισεϐηκότα,
2608 2902 2858 2970 καθάπερ
2884 2899 3004 2952 τινὰ
3047 2899 3253 2949 πίνακα
3275 2896 3368 2947 καί
3395 2892 3608 2964 γραφὴν
3638 2891 3750 2944 τῶν

474 3027 598 3066 nem
672 3011 914 3066 onmimn
984 3010 1180 3064 animis
1253 3011 1598 3079 apertissime
1671 3018 2058 3080 proponeret:

2170 3001 2429 3072 ἀληθεστέ
2441 3017 2549 3069 ρων
2579 2999 2699 3058 ταῖς
2731 2994 2986 3046 ἁπάντων
3012 2991 3272 3052 διανοίαις
3313 2983 3372 3040 εὖ
3401 2985 3544 3056 μάλα
3571 3001 3752 3053 παραυ

480 3123 499 3156 ι
541 3105 687 3169 Haec,
732 3103 927 3171 inquit,
956 3103 1137 3156 omnia
1179 3103 1229 3155 in
1280 3104 1449 3173 ligura
1497 3103 1889 3171 contingebant
1932 3101 2060 3165 illis,

477 3199 676 3265 scripta
727 3205 853 3250 sunt
894 3206 1072 3248 autem
1128 3195 1195 3247 ad
1249 3193 1644 3261 correptionem
1697 3202 1960 3256 nostram,
2009 3191 2061 3242 in

476 3307 614 3360 quos
651 3292 784 3342 lines
827 3288 1147 3340 smcnlorum
1193 3287 1526 3338 devenerunt
1556 3283 1618 3334 ³⁸.
1660 3302 1676 3333 ι
1720 3283 1832 3350 Age
1878 3281 2061 3351 igitur,

477 3399 542 3436 ex
581 3382 838 3451 legalibus
877 3378 1096 3432 Litleris
1127 3379 1412 3444 desmnpto
1453 3376 1569 3428 loco
1610 3374 1890 3438 dicamus,
1925 3374 2065 3427 lilios

478 3472 644 3528 lsrael
667 3471 795 3524 ulint
827 3486 890 3523 ex
923 3466 1302 3538 [Egyptiorum
1339 3466 1499 3520 terris
1545 3465 1872 3519 excedentes
1895 3503 1908 3526 ,
1942 3478 2062 3516 cum

482 3567 534 3619 in
577 3575 774 3618 terram
811 3558 1188 3630 promissionis
1232 3565 1619 3628 properarent,
1662 3555 1714 3609 in
1752 3569 1936 3608 eremo
1986 3553 2065 3608 (li—

479 3663 728 3712 versatos
763 3652 930 3708 fuisse
958 3670 971 3706 :
1003 3665 1239 3721 cumque
1286 3661 1562 3721 gestorum
1600 3651 1651 3702 in
1698 3647 1929 3718 {Egypto
1969 3648 2070 3700 mi-

482 3747 788 3803 raculorum
822 3744 1067 3798 infelices
1091 3742 1267 3808 obliti,
1300 3753 1354 3794 et
1392 3743 1655 3794 memoria
1691 3739 1978 3794 cltaritatis
2013 3739 2066 3792 in

481 3840 652 3894 Deum
700 3837 906 3906 abiecta
949 3835 1114 3904 impie
1145 3842 1572 3898 murmurarenl,
1619 3847 1649 3885 a
1698 3832 2066 3902 serpentibus,

482 3939 543 3985 ut
577 3932 837 3999 scriptum
874 3938 980 3990 est,
1020 3928 1298 3998 perierunt
1325 3925 1391 3978 ⁸³.
1431 3923 1537 3978 Sed
1584 3939 1796 3978 morsus
1828 3939 2068 3978 venena-

483 4032 660 4076 tarum
686 4021 921 4074 ferarum
947 4015 1298 4086 emigiebant,
1332 4029 1454 4067 cum
1492 4014 1582 4067 Dei
1609 4014 1850 4067 omnium
1880 4013 2068 4064 Salva-

485 4113 621 4167 toris
646 4109 868 4166 oraculo
915 4111 1152 4162 monitus
1185 4106 1358 4161 Moses
1384 4114 1689 4174 serpentem
1723 4103 1828 4158 illis
1856 4118 2069 4158 aeneum

485 4203 681 4258 erexit.
704 4200 817 4280 96
842 4217 859 4250 ι
891 4198 1001 4253 Fac
1029 4199 1146 4263 tibi,
1204 4197 1402 4267 inquit,
1465 4207 1798 4266 serpentem,
1843 4206 1897 4250 et
1931 4209 2071 4265 pone

487 4295 634 4350 illum
685 4295 736 4347 in
781 4293 1041 4360 signum:
1092 4299 1148 4344 et
1196 4291 1323 4354 erit,
1364 4288 1408 4342 si
1466 4288 1819 4342 momorderit
1847 4299 2072 4355 serpens

2171 3070 2373 3153 τιθείς·
2440 3107 2456 3138 ι
2483 3085 2668 3138 Ταῦτα
2713 3083 2769 3134 δὲ
2811 3080 2941 3152 lio.
2987 3079 3204 3141 λείπει,
3254 3072 3451 3145 φησ“ι,]
3507 3070 3754 3131 τυπικῶς

2175 3181 2491 3236 συνέϐαινεν
2561 3175 2820 3236 ὲκείνοιςτ
2871 3169 3090 3241 ἐγράφη
3154 3168 3210 3220 δὲ
3273 3166 3409 3235 πρὸς
3469 3161 3755 3216 νουθεσίαν

2173 3275 2350 3346 ἡμῶν,
2392 3274 2472 3333 εἰς
2519 3268 2612 3332 οὓς
2653 3267 2722 3320 τὰ
2767 3264 2894 3334 τέλη
2944 3263 3052 3316 τῶν
3098 3260 3311 3314 αἰώνων
3364 3261 3696 3327 κατήντηκε.
3731 3274 3750 3305 ι

2171 3367 2308 3435 Φέρε
2335 3362 2400 3433 δὴ
2432 3357 2524 3413 οὖν
2565 3361 2629 3411 ὲκ
2669 3354 2910 3427 νομικῶν
2937 3351 3289 3423 Γραμμάτων
3317 3348 3548 3410 ἑλόντες,
3580 3346 3756 3414 λέγω-

2175 3456 2388 3527 μεν,ὼς
2413 3451 2801 3522 κατηυλίζοντο
2831 3448 2930 3519 μὲν
2953 3447 3146 3518 ἐρήμῳ
3169 3443 3299 3495 ποτε
3320 3441 3422 3511 τῆς
3439 3439 3758 3515 Αἰγυπτίων

2175 3550 2508 3618 ἀπαίροντες
2539 3547 2587 3598 οἰ
2615 3543 2674 3607 ἐξ
2710 3540 2952 3613 Ἰσραὴλ,
3000 3539 3094 3591 καὶ
3123 3540 3203 3600 εἰς
3248 3535 3347 3606 τὴν
3376 3535 3479 3605 τῆς
3519 3536 3760 3601 ἐπαγγεο

2174 3643 2294 3705 λίας
2329 3638 2742 3698 διασπεύδοντες
2779 3633 2912 3703 γῆν·
2945 3629 3131 3700 ἐπειδὴ
3162 3629 3220 3682 δὲ
3249 3626 3359 3680 τῶν
3394 3629 3452 3680 ὲν
3494 3624 3759 3694 Αἰγύπτῳ

2178 3736 2471 3806 θαυμάτων
2505 3727 2949 3801 ἀμνημονοῦντες
2996 3724 3046 3776 οἱ
3090 3721 3355 3783 τάλανες,
3406 3719 3502 3772 καὶ
3541 3718 3640 3787 τῆς
3679 3719 3760 3779 εἰς

2177 3829 2312 3884 Θεὸν
2348 3829 2570 3896 ἀγάπης
2599 3818 3111 3892 ἀμνημονήσαντες,
3131 3810 3480 3881 διεγόγγυζον
3505 3809 3757 3870 ἀνοσίως,

2179 3923 2284 3976 ὑπὸ
2312 3920 2422 3974 τῶν
2455 3918 2633 3986 ὄφεων
2667 3911 2986 3966 ἀπώλλυντο
3011 3951 3025 3974 ,
3061 3905 3206 3960 κατὰ
3253 3906 3314 3958 τὸ
3352 3904 3757 3975 γεγραμμένον.

2180 4012 2416 4080 Διέδρων
2447 4026 2510 4077 γε
2543 4007 2650 4078 μὴν
2683 4005 2751 4057 τὰ
2794 4003 2902 4056 τῶν
2938 4000 3158 4055 ἰοϐόλων
3186 3999 3478 4068 δήγματα,
3513 3994 3602 4048 τὸν
3636 3994 3762 4062 ὄφιν

2180 4104 2362 4165 αὐτοῖς
2407 4100 2498 4154 τὸν
2551 4095 2787 4168 χαλκοῦν
2827 4089 3310 4160 ἀναστηλώσαντος
3359 4087 3453 4141 τοῦ
3494 4085 3760 4152 Μωσέως,

2178 4197 2274 4250 τοῦ
2301 4197 2518 4250 πάντων
2540 4193 2794 4260 Σωτῆρος
2817 4185 2952 4240 Θεοῦ
2975 4182 3529 4256 κεχρησμῳδηκότοςο
3556 4199 3573 4230 ι
3598 4180 3764 4250 Ποίη-

2183 4307 2276 4342 σον
2306 4285 2489 4357 σαυτῷ
2515 4285 2659 4354 ὅφιν,
2682 4283 2777 4336 καὶ
2799 4281 2889 4342 θὲς
2921 4277 3084 4331 αὐτὸν
3113 4275 3205 4327 ἐπὶ
3233 4277 3477 4345 σημεῖον·
3494 4273 3587 4324 καὶ
3609 4273 3763 4323 ἔσται

489 4385 787 4454 lminiuem,
827 4384 1077 4452 quisquis
1106 4397 1319 4436 morsus
1354 4381 1536 4442 fuerit,
1574 4378 1764 4433 videns
1803 4379 1952 4432 illum
1992 4379 2063 4430 vi-

2180 4380 2274 4434 ἐὰν
2301 4378 2442 4449 δάκῃ
2467 4377 2590 4446 ὄφις
2620 4373 2717 4428 ἀνθ
2729 4387 2930 4445 ρωπον,
2964 4370 3071 4433 πᾶς
3106 4370 3133 4421 6
3162 4366 3490 4437 δεδηγμένος
3523 4364 3646 4426 ἰδὼν
3668 4365 3765 4416 αὑ-

489 4490 575 4530 vet
599 4476 664 4530 ⁸ο.
701 4494 719 4526 ι
753 4471 880 4529 Haec
929 4488 1058 4543 ergo
1105 4470 1275 4542 ﬁgura
1326 4471 1644 4541 mysterium
1693 4468 1894 4522 Christi
1933 4475 2072 4524 erat.

487 4570 621 4622 tium
655 4566 800 4619 enim
840 4567 980 4619 Deus
1029 4573 1178 4618 esset
1207 4562 1540 4631 unigenitum
1588 4559 1678 4612 Dei
1721 4559 1951 4613 Verbum
1975 4600 1988 4625 ,
2023 4570 2076 4613 et

489 4671 584 4722 per
625 4666 876 4712 naturam
909 4655 1109 4707 bonum
1163 4667 1227 4705 ex
1267 4653 1405 4704 bono
1451 4651 1647 4715 Patre,
1682 4650 1952 4720 particeps
1997 4649 2078 4702 fa-

488 4758 634 4799 ctum
685 4756 769 4801 est
816 4744 1100 4813 sanguinis
1128 4753 1183 4798 et
1233 4746 1436 4805 carnis,
1475 4745 1576 4796 hoc
1615 4753 1714 4805 est,
1758 4744 1958 4797 factum
1997 4753 2080 4798 est

492 4841 674 4903 homo,
709 4851 765 4894 et
797 4839 952 4893 nobis
982 4838 1074 4908 qui
1107 4839 1230 4892 mali
1263 4854 1510 4903 eramus,
1543 4836 1718 4892 amnis
1744 4879 1760 4905 ,
1808 4849 2079 4908 quatenus

492 4943 640 4984 certe
680 4934 840 4986 homo
879 4930 1050 4985 nostri
1083 4930 1280 4986 similis
1316 4928 1462 4983 fuit:
1508 4931 1740 4998 positum
1787 4939 1871 4984 est
1912 4930 2078 4984 etiam

493 5023 546 5077 in
597 5023 848 5088 sublime,
906 5024 1009 5077 hoc
1048 5033 1155 5087 est,
1211 5037 1427 5076 crucem
1483 5021 1696 5090 pertulit
1749 5022 1800 5076 in
1832 5021 1998 5092 ligno,
2026 5031 2083 5077 et

495 5124 722 5167 mortem
764 5118 1064 5168 secundum
1099 5128 1343 5178 carnem,
1387 5101 1489 5168 etsi
1534 5114 1731 5167 revixrt
1769 5113 1858 5167 die
1895 5112 2079 5181 tertia,

494 5206 704 5260 calcato
742 5209 930 5262 mortis
964 5209 1191 5278 imperio
1220 5209 1284 5262 “.
1327 5207 1462 5261 Cum
1493 5210 1656 5279 igitur
1681 5211 1944 5266 adversus
1972 5212 2083 5266 dis-

496 5301 870 5365 pensationem
924 5302 1107 5355 carnis
1166 5303 1492 5357 stultissime
1567 5303 1952 5372 obloquimur,
2028 5311 2082 5358 et

566 5441 610 5470 ³¹
650 5440 809 5493 Joan.
841 5455 901 5501 ιι,
934 5441 984 5497 1.

1064 5441 1110 5472 ³³
1153 5440 1314 5495 I-Iebr.
1358 5459 1452 5507 vn,
1480 5442 1572 5497 26.
1650 5443 1695 5474 "‘
1739 5442 1904 5498 llebr.
1938 5457 2020 5508 ιιι,
2055 5445 2104 5497 1.

497 5511 542 5541 ³⁸
584 5511 600 5564 Ι
644 5513 770 5565 (lor.
815 5527 866 5576 Χ,
906 5511 991 5565 11.

2180 4471 2272 4525 τὸν
2304 4470 2551 4540 ζήσεται.
2595 4486 2613 4518 ι
2647 4464 2964 4538 Μυστήριον
2988 4461 3044 4514 δὲ
3072 4460 3182 4532 ἀρα
3211 4459 3270 4512 τὸ
3299 4457 3439 4510 κατά
3469 4456 3702 4528 Χριστὸν
3730 4458 3765 4527 ἡ

2180 4564 2426 4626 τύπωσις
2450 4557 2535 4631 ἦν.
2556 4561 2688 4624 Θεὸς
2711 4561 2820 4634 γὰρ
2847 4563 3108 4638 ὑπάρχων
3136 4564 3164 4615 6
3195 4559 3492 4632 μονογενὴς
3510 4557 3605 4612 τοῦ
3628 4557 3767 4614 Θεοῦ

2181 4655 2378 4726 Λόγος,
2423 4655 2518 4708 καὶ
2567 4654 2625 4720 ἐξ
2664 4653 2871 4723 ἀγαθοῦ
2903 4655 3118 4726 Πατρὸς
3165 4653 3368 4722 ἀγαθὸς
3409 4651 3552 4706 κατὰ
3582 4651 3768 4720 φύσιν,

2186 4746 2452 4819 μετέσχεν
2475 4747 2711 4817 αἵματος
2737 4746 2832 4804 καὶ
2859 4747 3080 4819 σαρκὸς,
3127 4745 3396 4814 τουτέστι,
3429 4745 3652 4813 γέγονεν
3676 4744 3770 4796 ἇν-

2185 4841 2423 4912 θρωπος,
2451 4842 2581 4912 ἡμῖν
2611 4857 2669 4893 τε
2701 4843 2813 4904 τοῖς
2844 4843 3100 4912 πονηροῖς
3121 4839 3523 4910 παραπλήσιος,
3543 4838 3686 4890 κατὰ
3705 4853 3769 4902 γε

2182 4933 2244 4986 τὸ
2268 4928 2409 4986 εἶναι
2435 4933 2558 4986 καθ’
2591 4934 2739 5004 ἡμᾶς
2785 4931 3073 5003 ἅνθρωπος
3115 4932 3380 5001 δηλονότι.
3423 4929 3673 4994 Τέθειται
3712 4929 3770 4980 δὲ

2184 5028 2278 5081 καὶ
2305 5027 2390 5098 ἐφ’
2425 5027 2631 5099 ὑψηλοῦ
2653 5046 2666 5058 ο
2705 5029 2975 5093 τουτέστι,
3007 5028 3244 5098 σταυρὸν
3288 5024 3486 5095 ἀνέτλη
3535 5023 3626 5076 τὸν
3675 5023 3770 5074 ἐπὶ

2187 5119 2367 5186 ξῦλου,
2399 5122 2493 5175 καὶ
2539 5121 2630 5174 τὸν
2662 5122 2804 5176 κατά
2855 5121 3035 5193 σάρκα
3065 5121 3315 5186 θάνατον.
3345 5121 3394 5173 εἰ
3441 5117 3534 5176 καὶ
3568 5115 3771 5170 ἀνεϐίω

2185 5213 2485 5284 τριήμερος
2509 5253 2524 5276 ,
2553 5213 2613 5266 τὸ
2648 5213 2741 5266 τοῦ
2769 5212 3005 5268 θανάτου
3042 5213 3292 5283 πατήσας
3345 5212 3566 5282 κράτος.
3598 5210 3770 5260 Ὅταν

2185 5307 2367 5362 τοίνυν
2401 5308 2465 5361 ὲκ
2497 5307 2698 5382 πολλῆς
2726 5307 2866 5376 ἄγαν
2895 5308 3187 5370 ἀσυνεσίας
3209 5343 3223 5370 ,
3266 5309 3363 5375 τῆς
3400 5305 3538 5377 μετὰ
3566 5301 3770 5374 σαρκὸς

2186 5445 2233 5516 ³⁸,
2271 5445 2505 5516 Philipp.
2538 5461 2599 5510 tt,
2627 5447 2658 5498 7
2757 5449 2803 5480 “
2844 5447 3044 5516 Ephes.
3079 5463 3131 5508 v,
3160 5446 3218 5498 2.
3295 5444 3340 5476 ³⁷
3385 5444 3562 5513 Ephes
3621 5455 3680 5510 ιι,
3714 5437 3770 5494 8.

1069 5512 1112 5544 ³³
1155 5511 1314 5568 Num.
1349 5531 1461 5580 xu,
1500 5515 1533 5568 li
1558 5529 1754 5584 seqq.;
1791 5515 1809 5568 l
1846 5515 1974 5573 Cor.
2008 5531 2060 5579 κ,

2223 5515 2268 5548 ’⁸ο
2312 5511 2470 5571 Num;
2512 5535 2624 5582 xu,
2661 5518 2717 5586 8,
2754 5517 2808 5573 9.
2887 5511 2931 5550 εί
2972 5517 3138 5573 Hebr.
3187 5533 3248 5583 ιι,
3289 5516 3375 5570 14.

1763 5668 1921 5725 ΛΝΤ.
1964 5669 2242 5727 AGELLll
2284 5671 2492 5729 NOTJE

570 5803 680 5876 (25)
707 5802 866 5858 Forte
901 5803 1090 5875 μῶμόν
1117 5822 1216 5858 που
