  <div class='ocr_page' id='page_1' title='image "/cluster/home/n/w/nwhite01/storage/ocr_20150623/76/nnc1.0046980067/090.png"; bbox 0 0 4054 6332; ppageno 0'>
   <div class='ocr_carea' id='block_1_1' title="bbox 263 311 366 371">
    <p class='ocr_par' dir='ltr' id='par_1_1' title="bbox 263 311 366 371">
     <span class='ocr_line' id='line_1_1' title="bbox 263 311 366 371; baseline 0.019 -2"><span class='ocrx_word' id='word_1_1' title='bbox 263 311 366 371; x_wconf 76' lang='grc'><strong>169</strong></span> 
     </span>
    </p>
   </div>
   <div class='ocr_carea' id='block_1_2' title="bbox 1337 312 2437 375">
    <p class='ocr_par' dir='ltr' id='par_1_2' title="bbox 1337 312 2437 375">
     <span class='ocr_line' id='line_1_2' title="bbox 1337 312 2437 375; baseline 0.005 -6"><span class='ocrx_word' id='word_1_2' title='bbox 1337 312 1702 373; x_wconf 74' lang='lat' dir='ltr'><strong>ADVERSUS</strong></span> <span class='ocrx_word' id='word_1_3' title='bbox 1743 313 2144 374; x_wconf 76' lang='lat' dir='ltr'><strong>NESTORIUM</strong></span> <span class='ocrx_word' id='word_1_4' title='bbox 2180 318 2307 373; x_wconf 83' lang='lat' dir='ltr'><strong>LIB.</strong></span> <span class='ocrx_word' id='word_1_5' title='bbox 2350 319 2437 375; x_wconf 93' lang='lat' dir='ltr'><strong>IV.</strong></span> 
     </span>
    </p>
   </div>
   <div class='ocr_carea' id='block_1_3' title="bbox 3394 324 3494 380">
    <p class='ocr_par' dir='ltr' id='par_1_3' title="bbox 3394 324 3494 380">
     <span class='ocr_line' id='line_1_3' title="bbox 3394 324 3494 380; baseline 0.03 -3"><span class='ocrx_word' id='word_1_6' title='bbox 3394 324 3494 380; x_wconf 69' lang='lat'><strong>{70</strong></span> 
     </span>
    </p>
   </div>
   <div class='ocr_carea' id='block_1_4' title="bbox 260 431 1837 509">
    <p class='ocr_par' dir='ltr' id='par_1_4' title="bbox 260 431 1833 506">
     <span class='ocr_line' id='line_1_4' title="bbox 260 431 1833 506; baseline 0.002 -21"><span class='ocrx_word' id='word_1_7' title='bbox 260 431 572 503; x_wconf 78' lang='grc' dir='ltr'><strong>οἰκονομίας</strong></span> <span class='ocrx_word' id='word_1_8' title='bbox 607 432 1102 505; x_wconf 74' lang='grc' dir='ltr'>καταγογγύζοντες</span> <span class='ocrx_word' id='word_1_9' title='bbox 1130 473 1144 496; x_wconf 96' lang='grc'><strong>,</strong></span> <span class='ocrx_word' id='word_1_10' title='bbox 1182 434 1276 485; x_wconf 74' lang='grc' dir='ltr'><strong>καὶ</strong></span> <span class='ocrx_word' id='word_1_11' title='bbox 1312 434 1370 485; x_wconf 80' lang='grc' dir='ltr'><strong>τὸ</strong></span> <span class='ocrx_word' id='word_1_12' title='bbox 1396 435 1629 497; x_wconf 77' lang='grc' dir='ltr'>ἀκαλλὲς</span> <span class='ocrx_word' id='word_1_13' title='bbox 1665 436 1833 506; x_wconf 78' lang='grc' dir='ltr'>αὐτῆς</span> 
     </span>
    </p>
   </div>
   <div class='ocr_carea' id='block_1_5' title="bbox 1942 431 3499 509">
    <p class='ocr_par' dir='ltr' id='par_1_5' title="bbox 1942 435 3499 507">
     <span class='ocr_line' id='line_1_5' title="bbox 1942 435 3499 507; baseline 0.002 -18"><span class='ocrx_word' id='word_1_14' title='bbox 1942 446 2149 506; x_wconf 89' lang='lat' dir='ltr'><strong>turpem</strong></span> <span class='ocrx_word' id='word_1_15' title='bbox 2184 438 2327 493; x_wconf 86' lang='lat' dir='ltr'><strong>illam</strong></span> <span class='ocrx_word' id='word_1_16' title='bbox 2357 444 2607 507; x_wconf 94' lang='lat' dir='ltr'><strong>putantes</strong></span> <span class='ocrx_word' id='word_1_17' title='bbox 2649 435 3018 492; x_wconf 88' lang='lat' dir='ltr'><strong>erubescimus</strong></span> <span class='ocrx_word' id='word_1_18' title='bbox 3050 445 3141 491; x_wconf 86' lang='lat' dir='ltr'><strong>aut</strong></span> <span class='ocrx_word' id='word_1_19' title='bbox 3173 439 3372 492; x_wconf 83' lang='lat' dir='ltr'><strong>sentire</strong></span> <span class='ocrx_word' id='word_1_20' title='bbox 3410 448 3499 492; x_wconf 87' lang='lat' dir='ltr'><strong>aut</strong></span> 
     </span>
    </p>
   </div>
   <div class='ocr_carea' id='block_1_6' title="bbox 262 521 1833 596">
    <p class='ocr_par' dir='ltr' id='par_1_6' title="bbox 262 521 1833 596">
     <span class='ocr_line' id='line_1_6' title="bbox 262 521 1833 596; baseline 0.001 -20"><span class='ocrx_word' id='word_1_21' title='bbox 262 523 669 593; x_wconf 74' lang='grc' dir='ltr'>καθορίζοντες,</span> <span class='ocrx_word' id='word_1_22' title='bbox 691 521 1074 593; x_wconf 80' lang='grc' dir='ltr'><strong>αἰσχυνώμεθα</strong></span> <span class='ocrx_word' id='word_1_23' title='bbox 1106 525 1321 593; x_wconf 79' lang='grc' dir='ltr'>φρονεῖν</span> <span class='ocrx_word' id='word_1_24' title='bbox 1350 525 1383 594; x_wconf 80' lang='grc' dir='ltr'>ἦ</span> <span class='ocrx_word' id='word_1_25' title='bbox 1410 524 1833 596; x_wconf 73' lang='grc' dir='ltr'>λέγειν,ἀνθρωο</span> 
     </span>
    </p>
   </div>
   <div class='ocr_carea' id='block_1_7' title="bbox 262 612 1835 684">
    <p class='ocr_par' dir='ltr' id='par_1_7' title="bbox 262 612 1835 684">
     <span class='ocr_line' id='line_1_7' title="bbox 262 612 1835 684; baseline 0 -16"><span class='ocrx_word' id='word_1_26' title='bbox 262 632 365 668; x_wconf 85' lang='grc' dir='ltr'>πον</span> <span class='ocrx_word' id='word_1_27' title='bbox 412 612 663 683; x_wconf 68' lang='grc' dir='ltr'>γενέσθαι</span> <span class='ocrx_word' id='word_1_28' title='bbox 702 614 824 669; x_wconf 86' lang='grc' dir='ltr'>καθ’</span> <span class='ocrx_word' id='word_1_29' title='bbox 870 616 1015 684; x_wconf 79' lang='grc' dir='ltr'>ἡμᾶς</span> <span class='ocrx_word' id='word_1_30' title='bbox 1052 615 1142 666; x_wconf 84' lang='grc' dir='ltr'><strong>τὸν</strong></span> <span class='ocrx_word' id='word_1_31' title='bbox 1193 615 1285 668; x_wconf 86' lang='grc' dir='ltr'><strong>τοῦ</strong></span> <span class='ocrx_word' id='word_1_32' title='bbox 1329 615 1464 667; x_wconf 82' lang='grc' dir='ltr'>Θεοῦ</span> <span class='ocrx_word' id='word_1_33' title='bbox 1509 616 1701 684; x_wconf 80' lang='grc' dir='ltr'>Λόγον,</span> <span class='ocrx_word' id='word_1_34' title='bbox 1742 618 1835 669; x_wconf 72' lang='grc' dir='ltr'><strong>καὶ</strong></span> 
     </span>
    </p>
   </div>
   <div class='ocr_carea' id='block_1_8' title="bbox 261 706 1835 779">
    <p class='ocr_par' dir='ltr' id='par_1_8' title="bbox 261 706 1835 779">
     <span class='ocr_line' id='line_1_8' title="bbox 261 706 1835 779; baseline -0.001 -19"><span class='ocrx_word' id='word_1_35' title='bbox 261 708 528 776; x_wconf 64' lang='grc' dir='ltr'>ἐωθῆναι</span> <span class='ocrx_word' id='word_1_36' title='bbox 576 707 740 778; x_wconf 80' lang='grc' dir='ltr'>σαρκὶ</span> <span class='ocrx_word' id='word_1_37' title='bbox 788 708 930 759; x_wconf 87' lang='grc' dir='ltr'><strong>κατά</strong></span> <span class='ocrx_word' id='word_1_38' title='bbox 988 706 1276 776; x_wconf 84' lang='grc' dir='ltr'>ἀλήθειαν,</span> <span class='ocrx_word' id='word_1_39' title='bbox 1312 707 1434 759; x_wconf 85' lang='grc' dir='ltr'>τότε</span> <span class='ocrx_word' id='word_1_40' title='bbox 1482 712 1575 761; x_wconf 74' lang='grc' dir='ltr'><strong>καὶ</strong></span> <span class='ocrx_word' id='word_1_41' title='bbox 1620 708 1835 779; x_wconf 80' lang='grc' dir='ltr'>δράκων</span> 
     </span>
    </p>
   </div>
   <div class='ocr_carea' id='block_1_9' title="bbox 261 798 1836 869">
    <p class='ocr_par' dir='ltr' id='par_1_9' title="bbox 261 798 1836 869">
     <span class='ocr_line' id='line_1_9' title="bbox 261 798 1836 869; baseline 0.002 -18"><span class='ocrx_word' id='word_1_42' title='bbox 261 799 409 869; x_wconf 79' lang='grc' dir='ltr'>ἡμᾶς</span> <span class='ocrx_word' id='word_1_43' title='bbox 434 800 463 851; x_wconf 94' lang='lat'><strong>6</strong></span> <span class='ocrx_word' id='word_1_44' title='bbox 484 798 790 868; x_wconf 85' lang='grc' dir='ltr'>ἀρχέκακος</span> <span class='ocrx_word' id='word_1_45' title='bbox 827 799 1135 859; x_wconf 80' lang='grc' dir='ltr'><strong>ἀποκτενεῖ,</strong></span> <span class='ocrx_word' id='word_1_46' title='bbox 1153 798 1251 867; x_wconf 82' lang='grc' dir='ltr'>τῆς</span> <span class='ocrx_word' id='word_1_47' title='bbox 1284 799 1479 852; x_wconf 82' lang='grc' dir='ltr'>ἑαυτοῦ</span> <span class='ocrx_word' id='word_1_48' title='bbox 1510 800 1836 866; x_wconf 82' lang='grc' dir='ltr'>δυστροπιίας</span> 
     </span>
    </p>
   </div>
   <div class='ocr_carea' id='block_1_10' title="bbox 264 888 1834 960">
    <p class='ocr_par' dir='ltr' id='par_1_10' title="bbox 264 888 1834 960">
     <span class='ocr_line' id='line_1_10' title="bbox 264 888 1834 960; baseline -0.001 -18"><span class='ocrx_word' id='word_1_49' title='bbox 264 892 344 942; x_wconf 82' lang='grc' dir='ltr'>ἰὸν</span> <span class='ocrx_word' id='word_1_50' title='bbox 377 890 568 960; x_wconf 84' lang='grc' dir='ltr'>ὥσπερ</span> <span class='ocrx_word' id='word_1_51' title='bbox 592 888 716 942; x_wconf 83' lang='grc' dir='ltr'>τινὰ</span> <span class='ocrx_word' id='word_1_52' title='bbox 741 892 862 951; x_wconf 84' lang='grc' dir='ltr'>ταῖς</span> <span class='ocrx_word' id='word_1_53' title='bbox 904 889 1204 959; x_wconf 77' lang='grc' dir='ltr'><strong>ἡμετέραις</strong></span> <span class='ocrx_word' id='word_1_54' title='bbox 1233 888 1492 953; x_wconf 78' lang='grc' dir='ltr'>διανοίαις</span> <span class='ocrx_word' id='word_1_55' title='bbox 1535 892 1697 953; x_wconf 73' lang='grc' dir='ltr'>ἐνιεὶς</span> <span class='ocrx_word' id='word_1_56' title='bbox 1736 890 1834 960; x_wconf 82' lang='grc' dir='ltr'>τὴν</span> 
     </span>
    </p>
   </div>
   <div class='ocr_carea' id='block_1_11' title="bbox 262 975 1833 1050">
    <p class='ocr_par' dir='ltr' id='par_1_11' title="bbox 262 975 1833 1050">
     <span class='ocr_line' id='line_1_11' title="bbox 262 975 1833 1050; baseline -0.002 -19"><span class='ocrx_word' id='word_1_57' title='bbox 262 980 562 1050; x_wconf 74' lang='grc' dir='ltr'>πλάνησιν·</span> <span class='ocrx_word' id='word_1_58' title='bbox 604 975 1007 1046; x_wconf 76' lang='grc' dir='ltr'>διαφευξόμεθα</span> <span class='ocrx_word' id='word_1_59' title='bbox 1058 975 1152 1039; x_wconf 83' lang='grc' dir='ltr'><strong>δὲ,</strong></span> <span class='ocrx_word' id='word_1_60' title='bbox 1204 976 1296 1029; x_wconf 78' lang='grc' dir='ltr'>καὶ</span> <span class='ocrx_word' id='word_1_61' title='bbox 1350 976 1420 1028; x_wconf 75' lang='grc' dir='ltr'>τὰ</span> <span class='ocrx_word' id='word_1_62' title='bbox 1474 976 1574 1045; x_wconf 78' lang='grc' dir='ltr'>τῆς</span> <span class='ocrx_word' id='word_1_63' title='bbox 1627 976 1833 1029; x_wconf 81' lang='grc' dir='ltr'>ἐκείνου</span> 
     </span>
    </p>
   </div>
   <div class='ocr_carea' id='block_1_12' title="bbox 264 1066 1835 1142">
    <p class='ocr_par' dir='ltr' id='par_1_12' title="bbox 264 1066 1835 1142">
     <span class='ocr_line' id='line_1_12' title="bbox 264 1066 1835 1142; baseline -0.004 -16"><span class='ocrx_word' id='word_1_64' title='bbox 264 1072 587 1142; x_wconf 79' lang='grc' dir='ltr'>σκαιότητος</span> <span class='ocrx_word' id='word_1_65' title='bbox 621 1066 1057 1140; x_wconf 87' lang='grc' dir='ltr'>διακρουσόμεθα</span> <span class='ocrx_word' id='word_1_66' title='bbox 1090 1066 1284 1137; x_wconf 74' lang='grc' dir='ltr'>βλάϐη,</span> <span class='ocrx_word' id='word_1_67' title='bbox 1330 1068 1437 1130; x_wconf 80' lang='grc' dir='ltr'>τοῖς</span> <span class='ocrx_word' id='word_1_68' title='bbox 1485 1068 1580 1137; x_wconf 85' lang='grc' dir='ltr'>τῆς</span> <span class='ocrx_word' id='word_1_69' title='bbox 1612 1066 1835 1137; x_wconf 82' lang='grc' dir='ltr'>καρδίας</span> 
     </span>
    </p>
   </div>
   <div class='ocr_carea' id='block_1_13' title="bbox 261 1157 1834 1234">
    <p class='ocr_par' dir='ltr' id='par_1_13' title="bbox 261 1157 1834 1234">
     <span class='ocr_line' id='line_1_13' title="bbox 261 1157 1834 1234; baseline -0.004 -17"><span class='ocrx_word' id='word_1_70' title='bbox 261 1165 508 1234; x_wconf 72' lang='grc' dir='ltr'>ὄμμασιν</span> <span class='ocrx_word' id='word_1_71' title='bbox 552 1160 847 1232; x_wconf 75' lang='grc' dir='ltr'>ἐνορῶντες</span> <span class='ocrx_word' id='word_1_72' title='bbox 878 1158 958 1229; x_wconf 80' lang='grc' dir='ltr'>τῷ</span> <span class='ocrx_word' id='word_1_73' title='bbox 983 1159 1139 1226; x_wconf 83' lang='grc' dir='ltr'>όφει·</span> <span class='ocrx_word' id='word_1_74' title='bbox 1175 1157 1445 1220; x_wconf 82' lang='grc' dir='ltr'>τουτέστι,</span> <span class='ocrx_word' id='word_1_75' title='bbox 1494 1159 1555 1210; x_wconf 80' lang='grc' dir='ltr'><strong>τὸ</strong></span> <span class='ocrx_word' id='word_1_76' title='bbox 1598 1158 1834 1228; x_wconf 77' lang='grc' dir='ltr'>Χριστοῦ</span> 
     </span>
    </p>
   </div>
   <div class='ocr_carea' id='block_1_14' title="bbox 266 1250 1834 1327">
    <p class='ocr_par' dir='ltr' id='par_1_14' title="bbox 266 1250 1834 1327">
     <span class='ocr_line' id='line_1_14' title="bbox 266 1250 1834 1327; baseline -0.006 -17"><span class='ocrx_word' id='word_1_77' title='bbox 266 1258 567 1327; x_wconf 76' lang='grc' dir='ltr'>μυστήριον</span> <span class='ocrx_word' id='word_1_78' title='bbox 614 1252 832 1325; x_wconf 84' lang='grc' dir='ltr'>ἀκριδεί</span> <span class='ocrx_word' id='word_1_79' title='bbox 873 1251 1083 1321; x_wconf 64' lang='grc' dir='ltr'>διανοίᾳ</span> <span class='ocrx_word' id='word_1_80' title='bbox 1137 1250 1661 1320; x_wconf 81' lang='grc' dir='ltr'>κατασκεπτόμενοι.</span> <span class='ocrx_word' id='word_1_81' title='bbox 1701 1250 1834 1302; x_wconf 85' lang='grc' dir='ltr'>Τότε</span> 
     </span>
    </p>
   </div>
   <div class='ocr_carea' id='block_1_15' title="bbox 265 1340 1837 1420">
    <p class='ocr_par' dir='ltr' id='par_1_15' title="bbox 265 1340 1837 1420">
     <span class='ocr_line' id='line_1_15' title="bbox 265 1340 1837 1420; baseline -0.006 -18"><span class='ocrx_word' id='word_1_82' title='bbox 265 1351 393 1420; x_wconf 84' lang='grc' dir='ltr'>γάρ,</span> <span class='ocrx_word' id='word_1_83' title='bbox 424 1349 543 1400; x_wconf 87' lang='grc' dir='ltr'>τότε</span> <span class='ocrx_word' id='word_1_84' title='bbox 573 1346 897 1417; x_wconf 78' lang='grc' dir='ltr'>φρονοῦντες</span> <span class='ocrx_word' id='word_1_85' title='bbox 920 1343 1075 1414; x_wconf 83' lang='grc' dir='ltr'>ὀρθά,</span> <span class='ocrx_word' id='word_1_86' title='bbox 1104 1342 1493 1404; x_wconf 84' lang='grc' dir='ltr'>ἀνενδοιάστως</span> <span class='ocrx_word' id='word_1_87' title='bbox 1515 1340 1837 1412; x_wconf 79' lang='grc' dir='ltr'>όμολογήσο·</span> 
     </span>
    </p>
   </div>
   <div class='ocr_carea' id='block_1_16' title="bbox 266 1432 1827 1510">
    <p class='ocr_par' dir='ltr' id='par_1_16' title="bbox 266 1432 1827 1510">
     <span class='ocr_line' id='line_1_16' title="bbox 266 1432 1827 1510; baseline -0.004 -19"><span class='ocrx_word' id='word_1_88' title='bbox 266 1458 367 1510; x_wconf 86' lang='grc' dir='ltr'><strong>μεν</strong></span> <span class='ocrx_word' id='word_1_89' title='bbox 387 1441 470 1493; x_wconf 77' lang='grc' dir='ltr'><strong>ὅτι</strong></span> <span class='ocrx_word' id='word_1_90' title='bbox 501 1438 688 1506; x_wconf 83' lang='grc' dir='ltr'>γέγονε</span> <span class='ocrx_word' id='word_1_91' title='bbox 722 1436 861 1507; x_wconf 79' lang='grc' dir='ltr'>σὰρξ</span> <span class='ocrx_word' id='word_1_92' title='bbox 888 1438 917 1489; x_wconf 98' lang='lat'><strong>6</strong></span> <span class='ocrx_word' id='word_1_93' title='bbox 944 1434 1037 1488; x_wconf 88' lang='grc' dir='ltr'><strong>τοῦ</strong></span> <span class='ocrx_word' id='word_1_94' title='bbox 1065 1433 1201 1487; x_wconf 84' lang='grc' dir='ltr'>Θεοῦ</span> <span class='ocrx_word' id='word_1_95' title='bbox 1223 1434 1416 1501; x_wconf 84' lang='grc' dir='ltr'>Λόγος,</span> <span class='ocrx_word' id='word_1_96' title='bbox 1440 1432 1535 1485; x_wconf 72' lang='grc' dir='ltr'><strong>καὶ</strong></span> <span class='ocrx_word' id='word_1_97' title='bbox 1556 1432 1827 1504; x_wconf 81' lang='grc' dir='ltr'>προῆλθεν</span> 
     </span>
    </p>
   </div>
   <div class='ocr_carea' id='block_1_17' title="bbox 263 1524 1837 1599">
    <p class='ocr_par' dir='ltr' id='par_1_17' title="bbox 263 1524 1837 1599">
     <span class='ocr_line' id='line_1_17' title="bbox 263 1524 1837 1599; baseline -0.004 -16"><span class='ocrx_word' id='word_1_98' title='bbox 263 1533 328 1583; x_wconf 82' lang='grc' dir='ltr'>ὲκ</span> <span class='ocrx_word' id='word_1_99' title='bbox 366 1529 625 1599; x_wconf 84' lang='grc' dir='ltr'>γυναικὸς</span> <span class='ocrx_word' id='word_1_100' title='bbox 657 1528 797 1599; x_wconf 84' lang='grc' dir='ltr'>μετὰ</span> <span class='ocrx_word' id='word_1_101' title='bbox 820 1526 916 1579; x_wconf 91' lang='grc' dir='ltr'><strong>τοῦ</strong></span> <span class='ocrx_word' id='word_1_102' title='bbox 952 1528 1131 1597; x_wconf 83' lang='grc' dir='ltr'>μεῖναι</span> <span class='ocrx_word' id='word_1_103' title='bbox 1154 1525 1309 1589; x_wconf 83' lang='grc' dir='ltr'>Θεὸς,</span> <span class='ocrx_word' id='word_1_104' title='bbox 1338 1526 1431 1578; x_wconf 75' lang='grc' dir='ltr'>καὶ</span> <span class='ocrx_word' id='word_1_105' title='bbox 1451 1525 1596 1577; x_wconf 80' lang='grc' dir='ltr'>ἔστιν</span> <span class='ocrx_word' id='word_1_106' title='bbox 1620 1527 1648 1577; x_wconf 91' lang='lat'><strong>6</strong></span> <span class='ocrx_word' id='word_1_107' title='bbox 1677 1524 1837 1587; x_wconf 82' lang='grc' dir='ltr'>αὐτὸς</span> 
     </span>
    </p>
   </div>
   <div class='ocr_carea' id='block_1_18' title="bbox 260 1615 1836 1691">
    <p class='ocr_par' dir='ltr' id='par_1_18' title="bbox 260 1615 1836 1691">
     <span class='ocr_line' id='line_1_18' title="bbox 260 1615 1836 1691; baseline -0.005 -16"><span class='ocrx_word' id='word_1_108' title='bbox 260 1622 397 1686; x_wconf 87' lang='grc' dir='ltr'>Θεός</span> <span class='ocrx_word' id='word_1_109' title='bbox 424 1639 483 1674; x_wconf 91' lang='grc' dir='ltr'><strong>τε</strong></span> <span class='ocrx_word' id='word_1_110' title='bbox 522 1620 657 1691; x_wconf 84' lang='grc' dir='ltr'>ὁμοῦ</span> <span class='ocrx_word' id='word_1_111' title='bbox 704 1621 799 1673; x_wconf 70' lang='grc' dir='ltr'>καὶ</span> <span class='ocrx_word' id='word_1_112' title='bbox 829 1618 1111 1688; x_wconf 84' lang='grc' dir='ltr'>ἄνθρωπος</span> <span class='ocrx_word' id='word_1_113' title='bbox 1132 1634 1145 1648; x_wconf 87' lang='grc'><strong>·</strong></span> <span class='ocrx_word' id='word_1_114' title='bbox 1197 1617 1322 1670; x_wconf 75' lang='grc' dir='ltr'>οὕτε</span> <span class='ocrx_word' id='word_1_115' title='bbox 1350 1619 1458 1678; x_wconf 84' lang='grc' dir='ltr'>τοῖς</span> <span class='ocrx_word' id='word_1_116' title='bbox 1493 1617 1591 1687; x_wconf 84' lang='grc' dir='ltr'><strong>τῆς</strong></span> <span class='ocrx_word' id='word_1_117' title='bbox 1626 1615 1836 1686; x_wconf 88' lang='grc' dir='ltr'>ἀνθρω-</span> 
     </span>
    </p>
   </div>
   <div class='ocr_carea' id='block_1_19' title="bbox 266 1707 1841 1783">
    <p class='ocr_par' dir='ltr' id='par_1_19' title="bbox 266 1707 1841 1783">
     <span class='ocr_line' id='line_1_19' title="bbox 266 1707 1841 1783; baseline -0.003 -19"><span class='ocrx_word' id='word_1_118' title='bbox 266 1714 499 1783; x_wconf 76' lang='grc' dir='ltr'>πότητος</span> <span class='ocrx_word' id='word_1_119' title='bbox 537 1712 759 1781; x_wconf 84' lang='grc' dir='ltr'>μέτροις</span> <span class='ocrx_word' id='word_1_120' title='bbox 786 1709 1128 1780; x_wconf 72' lang='grc' dir='ltr'>ἐπερυθριῶν</span> <span class='ocrx_word' id='word_1_121' title='bbox 1173 1709 1262 1764; x_wconf 87' lang='grc' dir='ltr'><strong>διά</strong></span> <span class='ocrx_word' id='word_1_122' title='bbox 1297 1727 1356 1761; x_wconf 91' lang='grc' dir='ltr'><strong>τε</strong></span> <span class='ocrx_word' id='word_1_123' title='bbox 1391 1708 1510 1780; x_wconf 69' lang='lat' dir='ltr'><strong>lla.</strong></span> <span class='ocrx_word' id='word_1_124' title='bbox 1545 1708 1635 1762; x_wconf 87' lang='grc' dir='ltr'><strong>διά</strong></span> <span class='ocrx_word' id='word_1_125' title='bbox 1659 1707 1744 1780; x_wconf 85' lang='grc' dir='ltr'>γε]</span> <span class='ocrx_word' id='word_1_126' title='bbox 1780 1708 1841 1761; x_wconf 80' lang='grc' dir='ltr'><strong>τὸ</strong></span> 
     </span>
    </p>
   </div>
   <div class='ocr_carea' id='block_1_20' title="bbox 1937 528 3502 598">
    <p class='ocr_par' dir='ltr' id='par_1_20' title="bbox 1937 528 3502 598">
     <span class='ocr_line' id='line_1_20' title="bbox 1937 528 3502 598; baseline 0.001 -16"><span class='ocrx_word' id='word_1_127' title='bbox 1937 530 2119 583; x_wconf 79' lang='lat' dir='ltr'><strong>dicere</strong></span> <span class='ocrx_word' id='word_1_128' title='bbox 2156 531 2325 598; x_wconf 88' lang='lat' dir='ltr'><strong>ipsum</strong></span> <span class='ocrx_word' id='word_1_129' title='bbox 2360 529 2450 584; x_wconf 89' lang='lat' dir='ltr'><strong>Dei</strong></span> <span class='ocrx_word' id='word_1_130' title='bbox 2479 528 2710 583; x_wconf 82' lang='lat' dir='ltr'><strong>Verbum</strong></span> <span class='ocrx_word' id='word_1_131' title='bbox 2754 528 2953 583; x_wconf 81' lang='lat' dir='ltr'><strong>factum</strong></span> <span class='ocrx_word' id='word_1_132' title='bbox 2986 542 3107 584; x_wconf 88' lang='lat' dir='ltr'><strong>esse</strong></span> <span class='ocrx_word' id='word_1_133' title='bbox 3146 529 3313 583; x_wconf 90' lang='lat' dir='ltr'><strong>nostri</strong></span> <span class='ocrx_word' id='word_1_134' title='bbox 3351 530 3502 583; x_wconf 81' lang='lat' dir='ltr'><strong>simi-</strong></span> 
     </span>
    </p>
   </div>
   <div class='ocr_carea' id='block_1_21' title="bbox 1939 617 3502 681">
    <p class='ocr_par' dir='ltr' id='par_1_21' title="bbox 1939 617 3502 681">
     <span class='ocr_line' id='line_1_21' title="bbox 1939 617 3502 681; baseline -0.001 -9"><span class='ocrx_word' id='word_1_135' title='bbox 1939 620 2040 673; x_wconf 90' lang='lat' dir='ltr'><strong>lem</strong></span> <span class='ocrx_word' id='word_1_136' title='bbox 2074 619 2370 681; x_wconf 83' lang='lat' dir='ltr'><strong>hominem,</strong></span> <span class='ocrx_word' id='word_1_137' title='bbox 2404 626 2457 672; x_wconf 90' lang='lat' dir='ltr'><strong>et</strong></span> <span class='ocrx_word' id='word_1_138' title='bbox 2506 618 2656 671; x_wconf 85' lang='lat' dir='ltr'><strong>carni</strong></span> <span class='ocrx_word' id='word_1_139' title='bbox 2713 617 3004 671; x_wconf 85' lang='lat' dir='ltr'><strong>secundum</strong></span> <span class='ocrx_word' id='word_1_140' title='bbox 3062 618 3346 671; x_wconf 89' lang='lat' dir='ltr'><strong>veritatem</strong></span> <span class='ocrx_word' id='word_1_141' title='bbox 3382 618 3502 671; x_wconf 88' lang='lat' dir='ltr'><strong>uni-</strong></span> 
     </span>
    </p>
   </div>
   <div class='ocr_carea' id='block_1_22' title="bbox 1937 708 3502 779">
    <p class='ocr_par' dir='ltr' id='par_1_22' title="bbox 1937 708 3502 779">
     <span class='ocr_line' id='line_1_22' title="bbox 1937 708 3502 779; baseline -0.003 -14"><span class='ocrx_word' id='word_1_142' title='bbox 1937 720 2072 773; x_wconf 91' lang='lat' dir='ltr'><strong>tum,</strong></span> <span class='ocrx_word' id='word_1_143' title='bbox 2122 722 2232 764; x_wconf 91' lang='lat' dir='ltr'><strong>tum</strong></span> <span class='ocrx_word' id='word_1_144' title='bbox 2276 710 2505 778; x_wconf 87' lang='lat' dir='ltr'><strong>denique</strong></span> <span class='ocrx_word' id='word_1_145' title='bbox 2547 711 2709 763; x_wconf 79' lang='lat' dir='ltr'><strong>draco</strong></span> <span class='ocrx_word' id='word_1_146' title='bbox 2754 708 2840 763; x_wconf 88' lang='lat' dir='ltr'><strong>ille</strong></span> <span class='ocrx_word' id='word_1_147' title='bbox 2893 709 3155 763; x_wconf 88' lang='lat' dir='ltr'><strong>malorum</strong></span> <span class='ocrx_word' id='word_1_148' title='bbox 3202 710 3354 779; x_wconf 84' lang='lat' dir='ltr'><strong>origo</strong></span> <span class='ocrx_word' id='word_1_149' title='bbox 3404 723 3502 762; x_wconf 86' lang='lat' dir='ltr'><strong>nos</strong></span> 
     </span>
    </p>
   </div>
   <div class='ocr_carea' id='block_1_23' title="bbox 1936 798 3502 867">
    <p class='ocr_par' dir='ltr' id='par_1_23' title="bbox 1936 798 3502 867">
     <span class='ocr_line' id='line_1_23' title="bbox 1936 798 3502 867; baseline -0.003 -14"><span class='ocrx_word' id='word_1_150' title='bbox 1936 800 2166 863; x_wconf 88' lang='lat' dir='ltr'><strong>occidet,</strong></span> <span class='ocrx_word' id='word_1_151' title='bbox 2203 799 2256 853; x_wconf 92' lang='lat' dir='ltr'><strong>in</strong></span> <span class='ocrx_word' id='word_1_152' title='bbox 2309 810 2524 854; x_wconf 87' lang='lat' dir='ltr'><strong>nostros</strong></span> <span class='ocrx_word' id='word_1_153' title='bbox 2563 800 2770 852; x_wconf 87' lang='lat' dir='ltr'><strong>animos</strong></span> <span class='ocrx_word' id='word_1_154' title='bbox 2817 798 3167 867; x_wconf 82' lang='lat' dir='ltr'><strong>malignitatis</strong></span> <span class='ocrx_word' id='word_1_155' title='bbox 3195 810 3305 853; x_wconf 74' lang='lat' dir='ltr'><strong>sua:</strong></span> <span class='ocrx_word' id='word_1_156' title='bbox 3344 799 3502 851; x_wconf 89' lang='lat' dir='ltr'><strong>sedu-</strong></span> 
     </span>
    </p>
   </div>
   <div class='ocr_carea' id='block_1_24' title="bbox 1937 886 3503 957">
    <p class='ocr_par' dir='ltr' id='par_1_24' title="bbox 1937 886 3503 957">
     <span class='ocr_line' id='line_1_24' title="bbox 1937 886 3503 957; baseline -0.004 -12"><span class='ocrx_word' id='word_1_157' title='bbox 1937 892 2173 945; x_wconf 86' lang='lat' dir='ltr'><strong>ctionetn</strong></span> <span class='ocrx_word' id='word_1_158' title='bbox 2204 888 2355 956; x_wconf 89' lang='lat' dir='ltr'><strong>quasi</strong></span> <span class='ocrx_word' id='word_1_159' title='bbox 2389 902 2652 943; x_wconf 81' lang='lat' dir='ltr'><strong>venenum</strong></span> <span class='ocrx_word' id='word_1_160' title='bbox 2696 887 3022 953; x_wconf 80' lang='lat' dir='ltr'><strong>infundens;</strong></span> <span class='ocrx_word' id='word_1_161' title='bbox 3051 886 3370 957; x_wconf 72' lang='lat' dir='ltr'><strong>effugiemus</strong></span> <span class='ocrx_word' id='word_1_162' title='bbox 3407 900 3503 940; x_wconf 85' lang='lat' dir='ltr'><strong>au-</strong></span> 
     </span>
    </p>
   </div>
   <div class='ocr_carea' id='block_1_25' title="bbox 1940 978 3499 1048">
    <p class='ocr_par' dir='ltr' id='par_1_25' title="bbox 1940 978 3499 1048">
     <span class='ocr_line' id='line_1_25' title="bbox 1940 978 3499 1048; baseline -0.003 -14"><span class='ocrx_word' id='word_1_163' title='bbox 1940 989 2069 1046; x_wconf 89' lang='lat' dir='ltr'><strong>tem,</strong></span> <span class='ocrx_word' id='word_1_164' title='bbox 2127 990 2183 1034; x_wconf 91' lang='lat' dir='ltr'><strong>et</strong></span> <span class='ocrx_word' id='word_1_165' title='bbox 2234 979 2437 1033; x_wconf 91' lang='lat' dir='ltr'><strong>illatam</strong></span> <span class='ocrx_word' id='word_1_166' title='bbox 2492 978 2561 1032; x_wconf 91' lang='lat' dir='ltr'><strong>ab</strong></span> <span class='ocrx_word' id='word_1_167' title='bbox 2617 978 2759 1032; x_wconf 93' lang='lat' dir='ltr'><strong>illius</strong></span> <span class='ocrx_word' id='word_1_168' title='bbox 2802 979 3158 1048; x_wconf 84' lang='lat' dir='ltr'><strong>perversitate</strong></span> <span class='ocrx_word' id='word_1_169' title='bbox 3211 978 3499 1047; x_wconf 88' lang='lat' dir='ltr'><strong>perniciem</strong></span> 
     </span>
    </p>
   </div>
   <div class='ocr_carea' id='block_1_26' title="bbox 1937 1068 3503 1139">
    <p class='ocr_par' dir='ltr' id='par_1_26' title="bbox 1937 1068 3503 1139">
     <span class='ocr_line' id='line_1_26' title="bbox 1937 1068 3503 1139; baseline -0.001 -16"><span class='ocrx_word' id='word_1_170' title='bbox 1937 1071 2275 1135; x_wconf 89' lang='lat' dir='ltr'><strong>amoliemur,</strong></span> <span class='ocrx_word' id='word_1_171' title='bbox 2311 1071 2356 1124; x_wconf 84' lang='lat' dir='ltr'><strong>si</strong></span> <span class='ocrx_word' id='word_1_172' title='bbox 2387 1071 2565 1125; x_wconf 89' lang='lat' dir='ltr'><strong>cordis</strong></span> <span class='ocrx_word' id='word_1_173' title='bbox 2594 1070 2777 1124; x_wconf 90' lang='lat' dir='ltr'><strong>oculos</strong></span> <span class='ocrx_word' id='word_1_174' title='bbox 2812 1070 2864 1122; x_wconf 90' lang='lat' dir='ltr'><strong>in</strong></span> <span class='ocrx_word' id='word_1_175' title='bbox 2913 1079 3216 1139; x_wconf 88' lang='lat' dir='ltr'><strong>serpentem</strong></span> <span class='ocrx_word' id='word_1_176' title='bbox 3255 1068 3503 1136; x_wconf 83' lang='lat' dir='ltr'><strong>conjece-</strong></span> 
     </span>
    </p>
   </div>
   <div class='ocr_carea' id='block_1_27' title="bbox 1941 1162 3499 1233">
    <p class='ocr_par' dir='ltr' id='par_1_27' title="bbox 1941 1162 3499 1233">
     <span class='ocr_line' id='line_1_27' title="bbox 1941 1162 3499 1233; baseline -0.002 -15"><span class='ocrx_word' id='word_1_177' title='bbox 1941 1166 2129 1230; x_wconf 89' lang='lat' dir='ltr'><strong>rimus,</strong></span> <span class='ocrx_word' id='word_1_178' title='bbox 2163 1164 2264 1219; x_wconf 90' lang='lat' dir='ltr'><strong>hoc</strong></span> <span class='ocrx_word' id='word_1_179' title='bbox 2293 1172 2395 1227; x_wconf 81' lang='lat' dir='ltr'><strong>est,</strong></span> <span class='ocrx_word' id='word_1_180' title='bbox 2413 1164 2458 1218; x_wconf 92' lang='lat' dir='ltr'><strong>si</strong></span> <span class='ocrx_word' id='word_1_181' title='bbox 2481 1163 2681 1217; x_wconf 83' lang='lat' dir='ltr'><strong>Christi</strong></span> <span class='ocrx_word' id='word_1_182' title='bbox 2708 1162 3020 1232; x_wconf 87' lang='lat' dir='ltr'><strong>mysterium</strong></span> <span class='ocrx_word' id='word_1_183' title='bbox 3054 1162 3297 1233; x_wconf 84' lang='lat' dir='ltr'><strong>diligenti</strong></span> <span class='ocrx_word' id='word_1_184' title='bbox 3326 1164 3499 1216; x_wconf 90' lang='lat' dir='ltr'><strong>anim-</strong></span> 
     </span>
    </p>
   </div>
   <div class='ocr_carea' id='block_1_28' title="bbox 1938 1254 3502 1324">
    <p class='ocr_par' dir='ltr' id='par_1_28' title="bbox 1938 1254 3502 1324">
     <span class='ocr_line' id='line_1_28' title="bbox 1938 1254 3502 1324; baseline -0.003 -13"><span class='ocrx_word' id='word_1_185' title='bbox 1938 1259 2254 1312; x_wconf 86' lang='lat' dir='ltr'><strong>adversionc</strong></span> <span class='ocrx_word' id='word_1_186' title='bbox 2292 1257 2851 1321; x_wconf 82' lang='lat' dir='ltr'><strong>considcraverimus._</strong></span> <span class='ocrx_word' id='word_1_187' title='bbox 2880 1254 3017 1309; x_wconf 85' lang='lat' dir='ltr'><strong>Tum</strong></span> <span class='ocrx_word' id='word_1_188' title='bbox 3060 1256 3293 1324; x_wconf 88' lang='lat' dir='ltr'><strong>denique</strong></span> <span class='ocrx_word' id='word_1_189' title='bbox 3354 1266 3502 1308; x_wconf 90' lang='lat' dir='ltr'><strong>recte</strong></span> 
     </span>
    </p>
   </div>
   <div class='ocr_carea' id='block_1_29' title="bbox 1939 1347 3503 1408">
    <p class='ocr_par' dir='ltr' id='par_1_29' title="bbox 1939 1347 3503 1408">
     <span class='ocr_line' id='line_1_29' title="bbox 1939 1347 3503 1408; baseline -0.005 0"><span class='ocrx_word' id='word_1_190' title='bbox 1939 1354 2240 1408; x_wconf 89' lang='lat' dir='ltr'><strong>sentientes</strong></span> <span class='ocrx_word' id='word_1_191' title='bbox 2297 1351 2444 1405; x_wconf 82' lang='lat' dir='ltr'><strong>muni</strong></span> <span class='ocrx_word' id='word_1_192' title='bbox 2499 1351 2837 1405; x_wconf 75' lang='lat' dir='ltr'><strong>dubitatione</strong></span> <span class='ocrx_word' id='word_1_193' title='bbox 2893 1358 3095 1403; x_wconf 86' lang='lat' dir='ltr'><strong>remota</strong></span> <span class='ocrx_word' id='word_1_194' title='bbox 3130 1347 3503 1402; x_wconf 89' lang='lat' dir='ltr'><strong>conlitebimur</strong></span> 
     </span>
    </p>
   </div>
   <div class='ocr_carea' id='block_1_30' title="bbox 1940 1438 3501 1512">
    <p class='ocr_par' dir='ltr' id='par_1_30' title="bbox 1940 1438 3501 1512">
     <span class='ocr_line' id='line_1_30' title="bbox 1940 1438 3501 1512; baseline -0.003 -16"><span class='ocrx_word' id='word_1_195' title='bbox 1940 1443 2115 1512; x_wconf 87' lang='lat' dir='ltr'><strong>ipsum</strong></span> <span class='ocrx_word' id='word_1_196' title='bbox 2156 1441 2248 1496; x_wconf 91' lang='lat' dir='ltr'><strong>Dei</strong></span> <span class='ocrx_word' id='word_1_197' title='bbox 2284 1439 2516 1493; x_wconf 87' lang='lat' dir='ltr'><strong>Verbum</strong></span> <span class='ocrx_word' id='word_1_198' title='bbox 2559 1439 2757 1493; x_wconf 80' lang='lat' dir='ltr'><strong>factum</strong></span> <span class='ocrx_word' id='word_1_199' title='bbox 2789 1453 2911 1493; x_wconf 77' lang='lat' dir='ltr'><strong>esse</strong></span> <span class='ocrx_word' id='word_1_200' title='bbox 2949 1453 3194 1501; x_wconf 90' lang='lat' dir='ltr'><strong>carnem,</strong></span> <span class='ocrx_word' id='word_1_201' title='bbox 3224 1448 3279 1491; x_wconf 90' lang='lat' dir='ltr'><strong>et</strong></span> <span class='ocrx_word' id='word_1_202' title='bbox 3320 1438 3390 1491; x_wconf 87' lang='lat' dir='ltr'><strong>ita</strong></span> <span class='ocrx_word' id='word_1_203' title='bbox 3434 1452 3501 1491; x_wconf 70' lang='lat' dir='ltr'><strong>ex</strong></span> 
     </span>
    </p>
   </div>
   <div class='ocr_carea' id='block_1_31' title="bbox 1940 1528 3504 1600">
    <p class='ocr_par' dir='ltr' id='par_1_31' title="bbox 1940 1528 3504 1600">
     <span class='ocr_line' id='line_1_31' title="bbox 1940 1528 3504 1600; baseline -0.003 -14"><span class='ocrx_word' id='word_1_204' title='bbox 1940 1532 2162 1587; x_wconf 85' lang='lat' dir='ltr'><strong>muliere</strong></span> <span class='ocrx_word' id='word_1_205' title='bbox 2206 1532 2491 1600; x_wconf 80' lang='lat' dir='ltr'><strong>prodiissc,</strong></span> <span class='ocrx_word' id='word_1_206' title='bbox 2522 1542 2580 1583; x_wconf 89' lang='lat' dir='ltr'><strong>ut</strong></span> <span class='ocrx_word' id='word_1_207' title='bbox 2640 1540 2882 1584; x_wconf 87' lang='lat' dir='ltr'><strong>maneret</strong></span> <span class='ocrx_word' id='word_1_208' title='bbox 2941 1528 3103 1593; x_wconf 90' lang='lat' dir='ltr'><strong>Deus,</strong></span> <span class='ocrx_word' id='word_1_209' title='bbox 3148 1529 3504 1598; x_wconf 86' lang='lat' dir='ltr'><strong>eumdemque</strong></span> 
     </span>
    </p>
   </div>
   <div class='ocr_carea' id='block_1_32' title="bbox 1942 1620 3502 1689">
    <p class='ocr_par' dir='ltr' id='par_1_32' title="bbox 1942 1620 3502 1689">
     <span class='ocr_line' id='line_1_32' title="bbox 1942 1620 3502 1689; baseline -0.001 -13"><span class='ocrx_word' id='word_1_210' title='bbox 1942 1622 2109 1677; x_wconf 90' lang='lat' dir='ltr'><strong>Deum</strong></span> <span class='ocrx_word' id='word_1_211' title='bbox 2141 1623 2297 1675; x_wconf 88' lang='lat' dir='ltr'><strong>simul</strong></span> <span class='ocrx_word' id='word_1_212' title='bbox 2324 1632 2379 1676; x_wconf 91' lang='lat' dir='ltr'><strong>et</strong></span> <span class='ocrx_word' id='word_1_213' title='bbox 2413 1620 2685 1676; x_wconf 85' lang='lat' dir='ltr'><strong>hominem</strong></span> <span class='ocrx_word' id='word_1_214' title='bbox 2717 1634 2857 1685; x_wconf 89' lang='lat' dir='ltr'><strong>esse,</strong></span> <span class='ocrx_word' id='word_1_215' title='bbox 2886 1636 3060 1689; x_wconf 88' lang='lat' dir='ltr'><strong>neque</strong></span> <span class='ocrx_word' id='word_1_216' title='bbox 3095 1622 3162 1674; x_wconf 86' lang='lat' dir='ltr'><strong>de</strong></span> <span class='ocrx_word' id='word_1_217' title='bbox 3192 1620 3502 1675; x_wconf 85' lang='lat' dir='ltr'><strong>humanita—</strong></span> 
     </span>
    </p>
   </div>
   <div class='ocr_carea' id='block_1_33' title="bbox 1943 1712 3504 1782">
    <p class='ocr_par' dir='ltr' id='par_1_33' title="bbox 1943 1712 3504 1782">
     <span class='ocr_line' id='line_1_33' title="bbox 1943 1712 3504 1782; baseline 0.001 -16"><span class='ocrx_word' id='word_1_218' title='bbox 1943 1713 2011 1767; x_wconf 90' lang='lat' dir='ltr'><strong>tis</strong></span> <span class='ocrx_word' id='word_1_219' title='bbox 2044 1714 2310 1767; x_wconf 89' lang='lat' dir='ltr'><strong>mensuris</strong></span> <span class='ocrx_word' id='word_1_220' title='bbox 2343 1714 2751 1767; x_wconf 83' lang='lat' dir='ltr'><strong>erubescentem</strong></span> <span class='ocrx_word' id='word_1_221' title='bbox 2790 1722 3007 1782; x_wconf 88' lang='lat' dir='ltr'><strong>propter</strong></span> <span class='ocrx_word' id='word_1_222' title='bbox 3047 1712 3382 1767; x_wconf 79' lang='lat' dir='ltr'><strong>excellentiae</strong></span> <span class='ocrx_word' id='word_1_223' title='bbox 3425 1712 3504 1767; x_wconf 84' lang='lat' dir='ltr'><strong>di-</strong></span> 
     </span>
    </p>
   </div>
   <div class='ocr_carea' id='block_1_34' title="bbox 261 1795 1837 1878">
    <p class='ocr_par' dir='ltr' id='par_1_34' title="bbox 261 1804 1837 1878">
     <span class='ocr_line' id='line_1_34' title="bbox 261 1804 1837 1878; baseline -0.002 -18"><span class='ocrx_word' id='word_1_224' title='bbox 261 1808 362 1878; x_wconf 83' lang='grc' dir='ltr'><strong>τῆς</strong></span> <span class='ocrx_word' id='word_1_225' title='bbox 408 1807 681 1878; x_wconf 74' lang='grc' dir='ltr'>ὑπεροχῆς</span> <span class='ocrx_word' id='word_1_226' title='bbox 728 1804 973 1876; x_wconf 79' lang='grc' dir='ltr'>ἀξίωμα’</span> <span class='ocrx_word' id='word_1_227' title='bbox 1021 1804 1149 1857; x_wconf 85' lang='grc' dir='ltr'>οῦτε</span> <span class='ocrx_word' id='word_1_228' title='bbox 1195 1806 1302 1875; x_wconf 83' lang='grc' dir='ltr'>μὴν</span> <span class='ocrx_word' id='word_1_229' title='bbox 1345 1805 1446 1874; x_wconf 82' lang='grc' dir='ltr'><strong>τῆς</strong></span> <span class='ocrx_word' id='word_1_230' title='bbox 1502 1805 1837 1875; x_wconf 80' lang='grc' dir='ltr'>θεοπρεποῦς</span> 
     </span>
    </p>
   </div>
   <div class='ocr_carea' id='block_1_35' title="bbox 1942 1795 3504 1878">
    <p class='ocr_par' dir='ltr' id='par_1_35' title="bbox 1942 1804 3504 1874">
     <span class='ocr_line' id='line_1_35' title="bbox 1942 1804 3504 1874; baseline 0.001 -18"><span class='ocrx_word' id='word_1_231' title='bbox 1942 1806 2220 1874; x_wconf 87' lang='lat' dir='ltr'><strong>guitatem,</strong></span> <span class='ocrx_word' id='word_1_232' title='bbox 2255 1820 2426 1873; x_wconf 84' lang='lat' dir='ltr'><strong>neque</strong></span> <span class='ocrx_word' id='word_1_233' title='bbox 2458 1820 2644 1858; x_wconf 87' lang='lat' dir='ltr'><strong>rursus</strong></span> <span class='ocrx_word' id='word_1_234' title='bbox 2686 1805 2883 1858; x_wconf 80' lang='lat' dir='ltr'><strong>diviuze</strong></span> <span class='ocrx_word' id='word_1_235' title='bbox 2929 1804 3072 1858; x_wconf 85' lang='lat' dir='ltr'><strong>illius</strong></span> <span class='ocrx_word' id='word_1_236' title='bbox 3125 1805 3409 1874; x_wconf 86' lang='lat' dir='ltr'><strong>potestatis</strong></span> <span class='ocrx_word' id='word_1_237' title='bbox 3450 1817 3504 1858; x_wconf 84' lang='lat' dir='ltr'><strong>et</strong></span> 
     </span>
    </p>
   </div>
   <div class='ocr_carea' id='block_1_36' title="bbox 265 1896 1837 1967">
    <p class='ocr_par' dir='ltr' id='par_1_36' title="bbox 265 1896 1837 1967">
     <span class='ocr_line' id='line_1_36' title="bbox 265 1896 1837 1967; baseline -0.002 -16"><span class='ocrx_word' id='word_1_238' title='bbox 265 1896 536 1964; x_wconf 74' lang='grc' dir='ltr'>ἐξουσίας,</span> <span class='ocrx_word' id='word_1_239' title='bbox 588 1899 681 1951; x_wconf 73' lang='grc' dir='ltr'><strong>καὶ</strong></span> <span class='ocrx_word' id='word_1_240' title='bbox 726 1897 1036 1967; x_wconf 83' lang='grc' dir='ltr'>ὑπερτάτης</span> <span class='ocrx_word' id='word_1_241' title='bbox 1065 1897 1316 1960; x_wconf 83' lang='grc' dir='ltr'>εὐκλείας</span> <span class='ocrx_word' id='word_1_242' title='bbox 1360 1898 1718 1967; x_wconf 80' lang='grc' dir='ltr'>ἐστερημένος</span> <span class='ocrx_word' id='word_1_243' title='bbox 1750 1896 1837 1949; x_wconf 75' lang='grc' dir='ltr'><strong>διὰ</strong></span> 
     </span>
    </p>
   </div>
   <div class='ocr_carea' id='block_1_37' title="bbox 263 1982 1834 2060">
    <p class='ocr_par' dir='ltr' id='par_1_37' title="bbox 263 1982 1834 2060">
     <span class='ocr_line' id='line_1_37' title="bbox 263 1982 1834 2060; baseline -0.004 -15"><span class='ocrx_word' id='word_1_244' title='bbox 263 1994 325 2045; x_wconf 88' lang='grc' dir='ltr'><strong>τὸ</strong></span> <span class='ocrx_word' id='word_1_245' title='bbox 358 1991 719 2059; x_wconf 86' lang='grc' dir='ltr'>ἀνθρώπινον.</span> <span class='ocrx_word' id='word_1_246' title='bbox 766 1990 829 2044; x_wconf 79' lang='lat' dir='ltr'><strong>Oi</strong></span> <span class='ocrx_word' id='word_1_247' title='bbox 876 1990 934 2042; x_wconf 84' lang='grc' dir='ltr'><strong>δὲ</strong></span> <span class='ocrx_word' id='word_1_248' title='bbox 981 1989 1045 2060; x_wconf 86' lang='grc' dir='ltr'>δὴ</span> <span class='ocrx_word' id='word_1_249' title='bbox 1087 1989 1156 2042; x_wconf 86' lang='grc' dir='ltr'><strong>τά</strong></span> <span class='ocrx_word' id='word_1_250' title='bbox 1205 1987 1383 2041; x_wconf 80' lang='grc' dir='ltr'>τοιάδε</span> <span class='ocrx_word' id='word_1_251' title='bbox 1432 1986 1730 2060; x_wconf 79' lang='grc' dir='ltr'>διακρίνειν</span> <span class='ocrx_word' id='word_1_252' title='bbox 1775 1982 1834 2039; x_wconf 80' lang='grc' dir='ltr'>εὖ</span> 
     </span>
    </p>
   </div>
   <div class='ocr_carea' id='block_1_38' title="bbox 266 2077 1835 2153">
    <p class='ocr_par' dir='ltr' id='par_1_38' title="bbox 266 2077 1835 2153">
     <span class='ocr_line' id='line_1_38' title="bbox 266 2077 1835 2153; baseline -0.004 -17"><span class='ocrx_word' id='word_1_253' title='bbox 266 2083 414 2153; x_wconf 80' lang='grc' dir='ltr'>μάλα</span> <span class='ocrx_word' id='word_1_254' title='bbox 456 2081 864 2153; x_wconf 84' lang='grc' dir='ltr'>κατηθισμένοι,</span> <span class='ocrx_word' id='word_1_255' title='bbox 890 2080 958 2133; x_wconf 83' lang='grc' dir='ltr'>δι’</span> <span class='ocrx_word' id='word_1_256' title='bbox 982 2081 1186 2151; x_wconf 82' lang='grc' dir='ltr'>ἀμφοῖν</span> <span class='ocrx_word' id='word_1_257' title='bbox 1233 2080 1327 2131; x_wconf 84' lang='grc' dir='ltr'><strong>τὸν</strong></span> <span class='ocrx_word' id='word_1_258' title='bbox 1368 2078 1486 2142; x_wconf 70' lang='grc' dir='ltr'>ἕνα,</span> <span class='ocrx_word' id='word_1_259' title='bbox 1514 2079 1607 2130; x_wconf 80' lang='grc' dir='ltr'><strong>καὶ</strong></span> <span class='ocrx_word' id='word_1_260' title='bbox 1652 2078 1711 2129; x_wconf 85' lang='grc' dir='ltr'><strong>τὸ</strong></span> <span class='ocrx_word' id='word_1_261' title='bbox 1749 2077 1835 2130; x_wconf 79' lang='grc' dir='ltr'>ἐπ’</span> 
     </span>
    </p>
   </div>
   <div class='ocr_carea' id='block_1_39' title="bbox 266 2169 1833 2245">
    <p class='ocr_par' dir='ltr' id='par_1_39' title="bbox 266 2169 1833 2245">
     <span class='ocr_line' id='line_1_39' title="bbox 266 2169 1833 2245; baseline -0.005 -17"><span class='ocrx_word' id='word_1_262' title='bbox 266 2176 416 2245; x_wconf 84' lang='grc' dir='ltr'>αὐτῷ</span> <span class='ocrx_word' id='word_1_263' title='bbox 453 2174 749 2245; x_wconf 86' lang='grc' dir='ltr'>μυστήριον</span> <span class='ocrx_word' id='word_1_264' title='bbox 784 2172 978 2242; x_wconf 80' lang='grc' dir='ltr'>ἰσχνῶς</span> <span class='ocrx_word' id='word_1_265' title='bbox 1012 2173 1104 2225; x_wconf 70' lang='grc' dir='ltr'><strong>καὶ</strong></span> <span class='ocrx_word' id='word_1_266' title='bbox 1128 2169 1511 2241; x_wconf 80' lang='grc' dir='ltr'>ὲξητασμένως</span> <span class='ocrx_word' id='word_1_267' title='bbox 1544 2170 1833 2232; x_wconf 79' lang='grc' dir='ltr'>συνιέντες,</span> 
     </span>
    </p>
   </div>
   <div class='ocr_carea' id='block_1_40' title="bbox 265 2260 1834 2334">
    <p class='ocr_par' dir='ltr' id='par_1_40' title="bbox 265 2260 1834 2334">
     <span class='ocr_line' id='line_1_40' title="bbox 265 2260 1834 2334; baseline -0.005 -15"><span class='ocrx_word' id='word_1_268' title='bbox 265 2267 545 2334; x_wconf 85' lang='grc' dir='ltr'>λέγουσιν·</span> <span class='ocrx_word' id='word_1_269' title='bbox 585 2284 603 2316; x_wconf 78' lang='grc' dir='ltr'><strong>ι</strong></span> <span class='ocrx_word' id='word_1_270' title='bbox 637 2266 703 2317; x_wconf 81' lang='grc' dir='ltr'>Ὠ</span> <span class='ocrx_word' id='word_1_271' title='bbox 733 2264 895 2334; x_wconf 83' lang='grc' dir='ltr'>βάθος</span> <span class='ocrx_word' id='word_1_272' title='bbox 940 2262 1172 2315; x_wconf 86' lang='grc' dir='ltr'>πλούτου</span> <span class='ocrx_word' id='word_1_273' title='bbox 1210 2262 1301 2315; x_wconf 82' lang='grc' dir='ltr'><strong>καὶ</strong></span> <span class='ocrx_word' id='word_1_274' title='bbox 1332 2261 1523 2330; x_wconf 80' lang='grc' dir='ltr'>σοφίας</span> <span class='ocrx_word' id='word_1_275' title='bbox 1574 2260 1666 2313; x_wconf 80' lang='grc' dir='ltr'><strong>καὶ</strong></span> <span class='ocrx_word' id='word_1_276' title='bbox 1701 2260 1834 2328; x_wconf 83' lang='grc' dir='ltr'>γνώ-</span> 
     </span>
    </p>
   </div>
   <div class='ocr_carea' id='block_1_41' title="bbox 266 2350 1840 2425">
    <p class='ocr_par' dir='ltr' id='par_1_41' title="bbox 266 2350 1840 2425">
     <span class='ocr_line' id='line_1_41' title="bbox 266 2350 1840 2425; baseline -0.004 -15"><span class='ocrx_word' id='word_1_277' title='bbox 266 2376 404 2421; x_wconf 86' lang='grc' dir='ltr'>σεως</span> <span class='ocrx_word' id='word_1_278' title='bbox 432 2356 589 2422; x_wconf 88' lang='grc' dir='ltr'>Θεοῦ,</span> <span class='ocrx_word' id='word_1_279' title='bbox 620 2356 697 2419; x_wconf 85' lang='grc' dir='ltr'><strong>ὡς</strong></span> <span class='ocrx_word' id='word_1_280' title='bbox 723 2355 1120 2425; x_wconf 83' lang='grc' dir='ltr'>ἀνεξερεύνητα</span> <span class='ocrx_word' id='word_1_281' title='bbox 1150 2353 1218 2405; x_wconf 83' lang='grc' dir='ltr'>τὰ</span> <span class='ocrx_word' id='word_1_282' title='bbox 1243 2351 1485 2423; x_wconf 80' lang='grc' dir='ltr'>κρίματα</span> <span class='ocrx_word' id='word_1_283' title='bbox 1517 2350 1705 2416; x_wconf 84' lang='grc' dir='ltr'>αὑτοῦ,</span> <span class='ocrx_word' id='word_1_284' title='bbox 1745 2351 1840 2403; x_wconf 73' lang='grc' dir='ltr'><strong>καὶ</strong></span> 
     </span>
    </p>
   </div>
   <div class='ocr_carea' id='block_1_42' title="bbox 265 2441 1837 2517">
    <p class='ocr_par' dir='ltr' id='par_1_42' title="bbox 265 2441 1837 2517">
     <span class='ocr_line' id='line_1_42' title="bbox 265 2441 1837 2517; baseline -0.006 -14"><span class='ocrx_word' id='word_1_285' title='bbox 265 2448 668 2517; x_wconf 78' lang='grc' dir='ltr'>ἀνεξιχνίαστοι</span> <span class='ocrx_word' id='word_1_286' title='bbox 691 2449 747 2500; x_wconf 81' lang='grc' dir='ltr'>αἱ</span> <span class='ocrx_word' id='word_1_287' title='bbox 773 2447 882 2499; x_wconf 76' lang='grc' dir='ltr'>ὁδοὶ</span> <span class='ocrx_word' id='word_1_288' title='bbox 909 2444 1100 2499; x_wconf 82' lang='grc' dir='ltr'>αὐτοῦ.</span> <span class='ocrx_word' id='word_1_289' title='bbox 1138 2444 1233 2506; x_wconf 83' lang='grc' dir='ltr'><strong>Τίς</strong></span> <span class='ocrx_word' id='word_1_290' title='bbox 1264 2443 1373 2513; x_wconf 85' lang='grc' dir='ltr'>γὰρ</span> <span class='ocrx_word' id='word_1_291' title='bbox 1401 2444 1541 2511; x_wconf 83' lang='grc' dir='ltr'><strong>ἔγνω</strong></span> <span class='ocrx_word' id='word_1_292' title='bbox 1573 2441 1698 2497; x_wconf 88' lang='grc' dir='ltr'>νοῦν</span> <span class='ocrx_word' id='word_1_293' title='bbox 1723 2444 1837 2496; x_wconf 83' lang='grc' dir='ltr'><strong>Κυ-</strong></span> 
     </span>
    </p>
   </div>
   <div class='ocr_carea' id='block_1_43' title="bbox 267 2531 1841 2609">
    <p class='ocr_par' dir='ltr' id='par_1_43' title="bbox 267 2531 1841 2609">
     <span class='ocr_line' id='line_1_43' title="bbox 267 2531 1841 2609; baseline -0.005 -17"><span class='ocrx_word' id='word_1_294' title='bbox 267 2540 420 2609; x_wconf 84' lang='grc' dir='ltr'>ρίου;</span> <span class='ocrx_word' id='word_1_295' title='bbox 455 2557 474 2589; x_wconf 75' lang='grc' dir='ltr'><strong>ι</strong></span> <span class='ocrx_word' id='word_1_296' title='bbox 522 2538 660 2591; x_wconf 78' lang='grc' dir='ltr'>Ἀλλ’</span> <span class='ocrx_word' id='word_1_297' title='bbox 711 2537 812 2589; x_wconf 79' lang='grc' dir='ltr'><strong>οὐκ</strong></span> <span class='ocrx_word' id='word_1_298' title='bbox 854 2531 951 2590; x_wconf 76' lang='grc' dir='ltr'>οἷδ’</span> <span class='ocrx_word' id='word_1_299' title='bbox 1001 2536 1148 2598; x_wconf 75' lang='grc' dir='ltr'>ὅπως</span> <span class='ocrx_word' id='word_1_300' title='bbox 1196 2534 1271 2597; x_wconf 85' lang='grc' dir='ltr'>ὡς</span> <span class='ocrx_word' id='word_1_301' title='bbox 1319 2534 1589 2602; x_wconf 86' lang='grc' dir='ltr'>ἀνέφικτά</span> <span class='ocrx_word' id='word_1_302' title='bbox 1636 2550 1697 2585; x_wconf 85' lang='grc' dir='ltr'><strong>τε</strong></span> <span class='ocrx_word' id='word_1_303' title='bbox 1746 2532 1841 2585; x_wconf 76' lang='grc' dir='ltr'>καὶ</span> 
     </span>
    </p>
   </div>
   <div class='ocr_carea' id='block_1_44' title="bbox 265 2624 1839 2701">
    <p class='ocr_par' dir='ltr' id='par_1_44' title="bbox 265 2624 1839 2701">
     <span class='ocr_line' id='line_1_44' title="bbox 265 2624 1839 2701; baseline -0.005 -16"><span class='ocrx_word' id='word_1_304' title='bbox 265 2631 479 2701; x_wconf 81' lang='grc' dir='ltr'>ἀκαλλῆ</span> <span class='ocrx_word' id='word_1_305' title='bbox 514 2631 673 2684; x_wconf 73' lang='grc' dir='ltr'>ταυτὶ</span> <span class='ocrx_word' id='word_1_306' title='bbox 720 2628 1076 2698; x_wconf 75' lang='grc' dir='ltr'>διωθούμενος</span> <span class='ocrx_word' id='word_1_307' title='bbox 1098 2667 1112 2692; x_wconf 94' lang='grc'><strong>,</strong></span> <span class='ocrx_word' id='word_1_308' title='bbox 1146 2626 1247 2696; x_wconf 81' lang='grc' dir='ltr'>τῆς</span> <span class='ocrx_word' id='word_1_309' title='bbox 1278 2625 1371 2679; x_wconf 90' lang='grc' dir='ltr'><strong>τοῦ</strong></span> <span class='ocrx_word' id='word_1_310' title='bbox 1398 2626 1647 2696; x_wconf 84' lang='grc' dir='ltr'>Σωτῆρος</span> <span class='ocrx_word' id='word_1_311' title='bbox 1684 2624 1839 2695; x_wconf 80' lang='grc' dir='ltr'>ἡμῶν</span> 
     </span>
    </p>
   </div>
   <div class='ocr_carea' id='block_1_45' title="bbox 265 2716 1840 2792">
    <p class='ocr_par' dir='ltr' id='par_1_45' title="bbox 265 2716 1840 2792">
     <span class='ocr_line' id='line_1_45' title="bbox 265 2716 1840 2792; baseline -0.006 -14"><span class='ocrx_word' id='word_1_312' title='bbox 265 2724 523 2786; x_wconf 78' lang='grc' dir='ltr'>εὐκλείας</span> <span class='ocrx_word' id='word_1_313' title='bbox 542 2723 637 2777; x_wconf 81' lang='grc' dir='ltr'><strong>καὶ</strong></span> <span class='ocrx_word' id='word_1_314' title='bbox 671 2720 968 2792; x_wconf 77' lang='grc' dir='ltr'>ὑπεροχῆς,</span> <span class='ocrx_word' id='word_1_315' title='bbox 998 2720 1059 2773; x_wconf 83' lang='grc' dir='ltr'><strong>οὐ</strong></span> <span class='ocrx_word' id='word_1_316' title='bbox 1096 2719 1331 2790; x_wconf 81' lang='grc' dir='ltr'>μετρίως</span> <span class='ocrx_word' id='word_1_317' title='bbox 1359 2718 1541 2771; x_wconf 67' lang='grc' dir='ltr'><strong>οὑτοσὶ¹</strong></span> <span class='ocrx_word' id='word_1_318' title='bbox 1569 2716 1840 2771; x_wconf 84' lang='grc' dir='ltr'>ποιεῖσθαι</span> 
     </span>
    </p>
   </div>
   <div class='ocr_carea' id='block_1_46' title="bbox 267 2802 1841 2888">
    <p class='ocr_par' dir='ltr' id='par_1_46' title="bbox 267 2802 1841 2888">
     <span class='ocr_line' id='line_1_46' title="bbox 267 2802 1841 2888; baseline -0.007 -16"><span class='ocrx_word' id='word_1_319' title='bbox 267 2802 584 2888; x_wconf 82' lang='grc' dir='ltr'>κατατολμᾷ</span> <span class='ocrx_word' id='word_1_320' title='bbox 622 2815 723 2886; x_wconf 74' lang='grc' dir='ltr'>τὴν</span> <span class='ocrx_word' id='word_1_321' title='bbox 767 2814 1103 2883; x_wconf 78' lang='grc' dir='ltr'>κατάρῤυσιν</span> <span class='ocrx_word' id='word_1_322' title='bbox 1135 2811 1263 2883; x_wconf 86' lang='grc' dir='ltr'><strong>ῖσ.</strong></span> <span class='ocrx_word' id='word_1_323' title='bbox 1297 2806 1673 2882; x_wconf 79' lang='grc' dir='ltr'>κατάρῤησιν]</span> <span class='ocrx_word' id='word_1_324' title='bbox 1696 2826 1707 2838; x_wconf 66' lang='grc'><strong><em>⁸</em></strong></span> <span class='ocrx_word' id='word_1_325' title='bbox 1748 2808 1841 2862; x_wconf 77' lang='grc' dir='ltr'><strong>καὶ</strong></span> 
     </span>
    </p>
   </div>
   <div class='ocr_carea' id='block_1_47' title="bbox 268 2901 1841 2981">
    <p class='ocr_par' dir='ltr' id='par_1_47' title="bbox 268 2901 1841 2981">
     <span class='ocr_line' id='line_1_47' title="bbox 268 2901 1841 2981; baseline -0.006 -18"><span class='ocrx_word' id='word_1_326' title='bbox 268 2911 468 2981; x_wconf 80' lang='grc' dir='ltr'>μέτρον</span> <span class='ocrx_word' id='word_1_327' title='bbox 506 2908 697 2978; x_wconf 81' lang='grc' dir='ltr'>ὥσπερ</span> <span class='ocrx_word' id='word_1_328' title='bbox 748 2904 895 2976; x_wconf 82' lang='grc' dir='ltr'>αὐτῷ</span> <span class='ocrx_word' id='word_1_329' title='bbox 940 2905 1002 2958; x_wconf 85' lang='grc' dir='ltr'><strong>τὸ</strong></span> <span class='ocrx_word' id='word_1_330' title='bbox 1045 2906 1166 2958; x_wconf 89' lang='grc' dir='ltr'>καθ’</span> <span class='ocrx_word' id='word_1_331' title='bbox 1213 2905 1361 2975; x_wconf 81' lang='grc' dir='ltr'>ἡμᾶς</span> <span class='ocrx_word' id='word_1_332' title='bbox 1404 2902 1711 2973; x_wconf 79' lang='grc' dir='ltr'>ἀπονέμων,</span> <span class='ocrx_word' id='word_1_333' title='bbox 1749 2901 1841 2954; x_wconf 78' lang='grc' dir='ltr'><strong>καὶ</strong></span> 
     </span>
    </p>
   </div>
   <div class='ocr_carea' id='block_1_48' title="bbox 266 2992 1839 3074">
    <p class='ocr_par' dir='ltr' id='par_1_48' title="bbox 266 2992 1839 3074">
     <span class='ocr_line' id='line_1_48' title="bbox 266 2992 1839 3074; baseline -0.007 -19"><span class='ocrx_word' id='word_1_334' title='bbox 266 3003 453 3074; x_wconf 72' lang='grc' dir='ltr'>ἕτερον</span> <span class='ocrx_word' id='word_1_335' title='bbox 474 3001 643 3063; x_wconf 79' lang='grc' dir='ltr'>οὐδὲν,</span> <span class='ocrx_word' id='word_1_336' title='bbox 672 2996 989 3063; x_wconf 78' lang='grc' dir='ltr'>δεδοξάσθαι</span> <span class='ocrx_word' id='word_1_337' title='bbox 1018 2996 1182 3068; x_wconf 69' lang='grc' dir='ltr'>φησὶν</span> <span class='ocrx_word' id='word_1_338' title='bbox 1203 2995 1363 3048; x_wconf 77' lang='grc' dir='ltr'>αὐτὸν</span> <span class='ocrx_word' id='word_1_339' title='bbox 1390 2993 1542 3065; x_wconf 88' lang='grc' dir='ltr'><strong>παρά</strong></span> <span class='ocrx_word' id='word_1_340' title='bbox 1571 2992 1662 3045; x_wconf 88' lang='grc' dir='ltr'><strong>τοῦ</strong></span> <span class='ocrx_word' id='word_1_341' title='bbox 1688 2993 1839 3074; x_wconf 77' lang='grc' dir='ltr'>ἁγίου</span> 
     </span>
    </p>
   </div>
   <div class='ocr_carea' id='block_1_49' title="bbox 1940 1895 3503 1964">
    <p class='ocr_par' dir='ltr' id='par_1_49' title="bbox 1940 1895 3503 1964">
     <span class='ocr_line' id='line_1_49' title="bbox 1940 1895 3503 1964; baseline 0.003 -18"><span class='ocrx_word' id='word_1_342' title='bbox 1940 1910 2161 1949; x_wconf 73' lang='lat' dir='ltr'><strong>sumina:</strong></span> <span class='ocrx_word' id='word_1_343' title='bbox 2192 1895 2375 1964; x_wconf 70' lang='lat' dir='ltr'><strong>glurim</strong></span> <span class='ocrx_word' id='word_1_344' title='bbox 2403 1907 2678 1964; x_wconf 80' lang='lat' dir='ltr'><strong>expertem</strong></span> <span class='ocrx_word' id='word_1_345' title='bbox 2715 1904 2934 1964; x_wconf 83' lang='lat' dir='ltr'><strong>propter</strong></span> <span class='ocrx_word' id='word_1_346' title='bbox 2963 1896 3373 1951; x_wconf 85' lang='lat' dir='ltr'><strong>humanitatem.</strong></span> <span class='ocrx_word' id='word_1_347' title='bbox 3400 1895 3503 1963; x_wconf 84' lang='lat' dir='ltr'><strong>Qui</strong></span> 
     </span>
    </p>
   </div>
   <div class='ocr_carea' id='block_1_50' title="bbox 1942 1985 3500 2057">
    <p class='ocr_par' dir='ltr' id='par_1_50' title="bbox 1942 1985 3500 2057">
     <span class='ocr_line' id='line_1_50' title="bbox 1942 1985 3500 2057; baseline 0.001 -19"><span class='ocrx_word' id='word_1_348' title='bbox 1942 1986 2103 2054; x_wconf 81' lang='lat' dir='ltr'><strong>igitur</strong></span> <span class='ocrx_word' id='word_1_349' title='bbox 2128 1985 2391 2053; x_wconf 82' lang='lat' dir='ltr'><strong>ejusmodi</strong></span> <span class='ocrx_word' id='word_1_350' title='bbox 2419 2003 2503 2041; x_wconf 90' lang='lat' dir='ltr'><strong>res</strong></span> <span class='ocrx_word' id='word_1_351' title='bbox 2525 1987 2691 2057; x_wconf 86' lang='lat' dir='ltr'><strong>probe</strong></span> <span class='ocrx_word' id='word_1_352' title='bbox 2729 1987 3044 2042; x_wconf 86' lang='lat' dir='ltr'><strong>discernere</strong></span> <span class='ocrx_word' id='word_1_353' title='bbox 3080 2001 3500 2053; x_wconf 82' lang='lat' dir='ltr'><strong>consueverunt,</strong></span> 
     </span>
    </p>
   </div>
   <div class='ocr_carea' id='block_1_51' title="bbox 1940 2079 3504 2149">
    <p class='ocr_par' dir='ltr' id='par_1_51' title="bbox 1940 2079 3504 2149">
     <span class='ocr_line' id='line_1_51' title="bbox 1940 2079 3504 2149; baseline 0.001 -20"><span class='ocrx_word' id='word_1_354' title='bbox 1940 2086 1998 2129; x_wconf 90' lang='lat' dir='ltr'><strong>ut</strong></span> <span class='ocrx_word' id='word_1_355' title='bbox 2022 2092 2117 2146; x_wconf 89' lang='lat' dir='ltr'><strong>per</strong></span> <span class='ocrx_word' id='word_1_356' title='bbox 2148 2089 2435 2148; x_wconf 86' lang='lat' dir='ltr'><strong>utrumque</strong></span> <span class='ocrx_word' id='word_1_357' title='bbox 2463 2095 2649 2143; x_wconf 90' lang='lat' dir='ltr'><strong>unum,</strong></span> <span class='ocrx_word' id='word_1_358' title='bbox 2682 2091 2734 2133; x_wconf 90' lang='lat' dir='ltr'><strong>et</strong></span> <span class='ocrx_word' id='word_1_359' title='bbox 2771 2079 2887 2146; x_wconf 82' lang='lat' dir='ltr'><strong>ejus</strong></span> <span class='ocrx_word' id='word_1_360' title='bbox 2933 2080 3247 2149; x_wconf 85' lang='lat' dir='ltr'><strong>mysterium</strong></span> <span class='ocrx_word' id='word_1_361' title='bbox 3296 2079 3504 2134; x_wconf 65' lang='lat' dir='ltr'><strong>subtili-</strong></span> 
     </span>
    </p>
   </div>
   <div class='ocr_carea' id='block_1_52' title="bbox 1943 2166 3505 2237">
    <p class='ocr_par' dir='ltr' id='par_1_52' title="bbox 1943 2166 3505 2237">
     <span class='ocr_line' id='line_1_52' title="bbox 1943 2166 3505 2237; baseline 0.003 -19"><span class='ocrx_word' id='word_1_362' title='bbox 1943 2174 2022 2219; x_wconf 90' lang='lat' dir='ltr'><strong>ter</strong></span> <span class='ocrx_word' id='word_1_363' title='bbox 2048 2177 2101 2219; x_wconf 90' lang='lat' dir='ltr'><strong>ct</strong></span> <span class='ocrx_word' id='word_1_364' title='bbox 2133 2178 2385 2220; x_wconf 85' lang='lat' dir='ltr'><strong>accurate</strong></span> <span class='ocrx_word' id='word_1_365' title='bbox 2416 2168 2743 2237; x_wconf 85' lang='lat' dir='ltr'><strong>intelligant,</strong></span> <span class='ocrx_word' id='word_1_366' title='bbox 2773 2169 2958 2223; x_wconf 90' lang='lat' dir='ltr'><strong>dicunt</strong></span> <span class='ocrx_word' id='word_1_367' title='bbox 2988 2187 3001 2221; x_wconf 93' lang='lat'>:</span> <span class='ocrx_word' id='word_1_368' title='bbox 3044 2187 3063 2219; x_wconf 81' lang='grc' dir='ltr'><strong>ι</strong></span> <span class='ocrx_word' id='word_1_369' title='bbox 3100 2166 3145 2223; x_wconf 92' lang='grc'>0</span> <span class='ocrx_word' id='word_1_370' title='bbox 3172 2168 3400 2223; x_wconf 83' lang='lat' dir='ltr'><strong>altitudo</strong></span> <span class='ocrx_word' id='word_1_371' title='bbox 3423 2170 3505 2223; x_wconf 72' lang='lat' dir='ltr'><strong>di~</strong></span> 
     </span>
    </p>
   </div>
   <div class='ocr_carea' id='block_1_53' title="bbox 1939 2256 3507 2329">
    <p class='ocr_par' dir='ltr' id='par_1_53' title="bbox 1939 2256 3507 2329">
     <span class='ocr_line' id='line_1_53' title="bbox 1939 2256 3507 2329; baseline 0.003 -20"><span class='ocrx_word' id='word_1_372' title='bbox 1939 2256 2187 2310; x_wconf 88' lang='lat' dir='ltr'><strong>vitiarum</strong></span> <span class='ocrx_word' id='word_1_373' title='bbox 2214 2270 2267 2311; x_wconf 86' lang='lat' dir='ltr'><strong>et</strong></span> <span class='ocrx_word' id='word_1_374' title='bbox 2291 2259 2565 2327; x_wconf 76' lang='lat' dir='ltr'><strong>sapientize</strong></span> <span class='ocrx_word' id='word_1_375' title='bbox 2594 2269 2650 2313; x_wconf 81' lang='lat' dir='ltr'><strong>et</strong></span> <span class='ocrx_word' id='word_1_376' title='bbox 2677 2260 2913 2314; x_wconf 65' lang='lat' dir='ltr'><strong>scientia:</strong></span> <span class='ocrx_word' id='word_1_377' title='bbox 2938 2260 3032 2315; x_wconf 89' lang='lat' dir='ltr'><strong>Dei</strong></span> <span class='ocrx_word' id='word_1_378' title='bbox 3063 2274 3078 2312; x_wconf 86' lang='lat'><strong>:</strong></span> <span class='ocrx_word' id='word_1_379' title='bbox 3110 2275 3272 2329; x_wconf 84' lang='lat' dir='ltr'><strong>quam</strong></span> <span class='ocrx_word' id='word_1_380' title='bbox 3303 2261 3507 2314; x_wconf 79' lang='lat' dir='ltr'><strong>incom~</strong></span> 
     </span>
    </p>
   </div>
   <div class='ocr_carea' id='block_1_54' title="bbox 1940 2348 3505 2420">
    <p class='ocr_par' dir='ltr' id='par_1_54' title="bbox 1940 2348 3505 2420">
     <span class='ocr_line' id='line_1_54' title="bbox 1940 2348 3505 2420; baseline 0.001 -19"><span class='ocrx_word' id='word_1_381' title='bbox 1940 2348 2319 2417; x_wconf 86' lang='lat' dir='ltr'><strong>prehensibilia</strong></span> <span class='ocrx_word' id='word_1_382' title='bbox 2382 2360 2506 2405; x_wconf 92' lang='lat' dir='ltr'><strong>sunt</strong></span> <span class='ocrx_word' id='word_1_383' title='bbox 2547 2350 2752 2420; x_wconf 86' lang='lat' dir='ltr'><strong>judicia</strong></span> <span class='ocrx_word' id='word_1_384' title='bbox 2804 2351 2944 2420; x_wconf 86' lang='lat' dir='ltr'><strong>ejus,</strong></span> <span class='ocrx_word' id='word_1_385' title='bbox 2996 2361 3051 2406; x_wconf 92' lang='lat' dir='ltr'><strong>et</strong></span> <span class='ocrx_word' id='word_1_386' title='bbox 3104 2351 3505 2418; x_wconf 80' lang='lat' dir='ltr'><strong>investigabiles</strong></span> 
     </span>
    </p>
   </div>
   <div class='ocr_carea' id='block_1_55' title="bbox 1940 2433 3500 2512">
    <p class='ocr_par' dir='ltr' id='par_1_55' title="bbox 1940 2433 3500 2512">
     <span class='ocr_line' id='line_1_55' title="bbox 1940 2433 3500 2512; baseline 0.002 -19"><span class='ocrx_word' id='word_1_387' title='bbox 1940 2440 2038 2493; x_wconf 71' lang='lat' dir='ltr'><strong>viae</strong></span> <span class='ocrx_word' id='word_1_388' title='bbox 2067 2440 2214 2509; x_wconf 85' lang='lat' dir='ltr'><strong>ejus!</strong></span> <span class='ocrx_word' id='word_1_389' title='bbox 2254 2440 2385 2507; x_wconf 87' lang='lat' dir='ltr'><strong>Quis</strong></span> <span class='ocrx_word' id='word_1_390' title='bbox 2413 2433 2559 2496; x_wconf 84' lang='lat' dir='ltr'><strong>enim</strong></span> <span class='ocrx_word' id='word_1_391' title='bbox 2592 2443 2843 2512; x_wconf 81' lang='lat' dir='ltr'><strong>cognovit</strong></span> <span class='ocrx_word' id='word_1_392' title='bbox 2872 2459 3090 2499; x_wconf 79' lang='lat' dir='ltr'><strong>sensum</strong></span> <span class='ocrx_word' id='word_1_393' title='bbox 3136 2443 3440 2498; x_wconf 78' lang='lat' dir='ltr'><strong>Domini“?</strong></span> <span class='ocrx_word' id='word_1_394' title='bbox 3482 2464 3500 2496; x_wconf 75' lang='grc' dir='ltr'><strong><em>ι</em></strong></span> 
     </span>
    </p>
   </div>
   <div class='ocr_carea' id='block_1_56' title="bbox 1939 2531 3507 2605">
    <p class='ocr_par' dir='ltr' id='par_1_56' title="bbox 1939 2531 3507 2605">
     <span class='ocr_line' id='line_1_56' title="bbox 1939 2531 3507 2605; baseline 0.003 -18"><span class='ocrx_word' id='word_1_395' title='bbox 1939 2531 2046 2587; x_wconf 89' lang='lat' dir='ltr'><strong>Sed</strong></span> <span class='ocrx_word' id='word_1_396' title='bbox 2074 2535 2253 2587; x_wconf 90' lang='lat' dir='ltr'><strong>nescio</strong></span> <span class='ocrx_word' id='word_1_397' title='bbox 2278 2549 2382 2602; x_wconf 85' lang='lat' dir='ltr'><strong>qua</strong></span> <span class='ocrx_word' id='word_1_398' title='bbox 2411 2534 2476 2588; x_wconf 88' lang='lat' dir='ltr'><strong>de</strong></span> <span class='ocrx_word' id='word_1_399' title='bbox 2502 2549 2663 2589; x_wconf 88' lang='lat' dir='ltr'><strong>causa</strong></span> <span class='ocrx_word' id='word_1_400' title='bbox 2689 2535 2792 2589; x_wconf 91' lang='lat' dir='ltr'><strong>iste</strong></span> <span class='ocrx_word' id='word_1_401' title='bbox 2820 2536 2979 2589; x_wconf 91' lang='lat' dir='ltr'><strong>homo</strong></span> <span class='ocrx_word' id='word_1_402' title='bbox 3011 2536 3092 2590; x_wconf 93' lang='lat' dir='ltr'><strong>his</strong></span> <span class='ocrx_word' id='word_1_403' title='bbox 3127 2539 3286 2591; x_wconf 89' lang='lat' dir='ltr'><strong>rebus</strong></span> <span class='ocrx_word' id='word_1_404' title='bbox 3306 2576 3321 2602; x_wconf 93' lang='lat'><strong>,</strong></span> <span class='ocrx_word' id='word_1_405' title='bbox 3353 2537 3507 2605; x_wconf 86' lang='lat' dir='ltr'><strong>quasi</strong></span> 
     </span>
    </p>
   </div>
   <div class='ocr_carea' id='block_1_57' title="bbox 1940 2626 3509 2698">
    <p class='ocr_par' dir='ltr' id='par_1_57' title="bbox 1940 2626 3509 2698">
     <span class='ocr_line' id='line_1_57' title="bbox 1940 2626 3509 2698; baseline 0.003 -17"><span class='ocrx_word' id='word_1_406' title='bbox 1940 2626 2299 2696; x_wconf 88' lang='lat' dir='ltr'><strong>impossibiles</strong></span> <span class='ocrx_word' id='word_1_407' title='bbox 2321 2628 2496 2682; x_wconf 90' lang='lat' dir='ltr'><strong>sintet</strong></span> <span class='ocrx_word' id='word_1_408' title='bbox 2512 2627 2782 2695; x_wconf 67' lang='lat' dir='ltr'><strong>absurdae,</strong></span> <span class='ocrx_word' id='word_1_409' title='bbox 2802 2628 3034 2698; x_wconf 89' lang='lat' dir='ltr'><strong>rejectis,</strong></span> <span class='ocrx_word' id='word_1_410' title='bbox 3061 2631 3293 2698; x_wconf 88' lang='lat' dir='ltr'><strong>superbe</strong></span> <span class='ocrx_word' id='word_1_411' title='bbox 3313 2632 3509 2686; x_wconf 81' lang='lat' dir='ltr'><strong>audeat</strong></span> 
     </span>
    </p>
   </div>
   <div class='ocr_carea' id='block_1_58' title="bbox 1942 2719 3510 2789">
    <p class='ocr_par' dir='ltr' id='par_1_58' title="bbox 1942 2719 3510 2789">
     <span class='ocr_line' id='line_1_58' title="bbox 1942 2719 3510 2789; baseline 0.001 -16"><span class='ocrx_word' id='word_1_412' title='bbox 1942 2719 2238 2774; x_wconf 89' lang='lat' dir='ltr'><strong>Salvatoris</strong></span> <span class='ocrx_word' id='word_1_413' title='bbox 2262 2719 2434 2773; x_wconf 88' lang='lat' dir='ltr'><strong>nostri</strong></span> <span class='ocrx_word' id='word_1_414' title='bbox 2470 2720 2656 2789; x_wconf 64' lang='lat' dir='ltr'><strong>gloriae</strong></span> <span class='ocrx_word' id='word_1_415' title='bbox 2686 2729 2740 2775; x_wconf 89' lang='lat' dir='ltr'><strong>et</strong></span> <span class='ocrx_word' id='word_1_416' title='bbox 2762 2720 3095 2775; x_wconf 70' lang='lat' dir='ltr'><strong>excellentia:</strong></span> <span class='ocrx_word' id='word_1_417' title='bbox 3119 2722 3428 2785; x_wconf 84' lang='lat' dir='ltr'><strong>detrahere,</strong></span> <span class='ocrx_word' id='word_1_418' title='bbox 3452 2731 3510 2775; x_wconf 85' lang='lat' dir='ltr'><strong>et</strong></span> 
     </span>
    </p>
   </div>
   <div class='ocr_carea' id='block_1_59' title="bbox 1943 2810 3507 2881">
    <p class='ocr_par' dir='ltr' id='par_1_59' title="bbox 1943 2810 3507 2881">
     <span class='ocr_line' id='line_1_59' title="bbox 1943 2810 3507 2881; baseline 0.002 -19"><span class='ocrx_word' id='word_1_419' title='bbox 1943 2824 2249 2863; x_wconf 83' lang='lat' dir='ltr'><strong>mensuram</strong></span> <span class='ocrx_word' id='word_1_420' title='bbox 2286 2810 2359 2864; x_wconf 87' lang='lat' dir='ltr'><strong>illi</strong></span> <span class='ocrx_word' id='word_1_421' title='bbox 2398 2820 2640 2864; x_wconf 87' lang='lat' dir='ltr'><strong>nostram</strong></span> <span class='ocrx_word' id='word_1_422' title='bbox 2671 2810 2934 2876; x_wconf 88' lang='lat' dir='ltr'><strong>tribuens,</strong></span> <span class='ocrx_word' id='word_1_423' title='bbox 2969 2820 3024 2865; x_wconf 92' lang='lat' dir='ltr'><strong>et</strong></span> <span class='ocrx_word' id='word_1_424' title='bbox 3052 2820 3314 2881; x_wconf 67' lang='lat' dir='ltr'><strong>praeterea</strong></span> <span class='ocrx_word' id='word_1_425' title='bbox 3350 2812 3507 2877; x_wconf 92' lang='lat' dir='ltr'><strong>nihil,</strong></span> 
     </span>
    </p>
   </div>
   <div class='ocr_carea' id='block_1_60' title="bbox 1940 2900 3510 2973">
    <p class='ocr_par' dir='ltr' id='par_1_60' title="bbox 1940 2900 3510 2973">
     <span class='ocr_line' id='line_1_60' title="bbox 1940 2900 3510 2973; baseline 0.003 -22"><span class='ocrx_word' id='word_1_426' title='bbox 1940 2901 2298 2968; x_wconf 79' lang='lat' dir='ltr'><strong>gloriﬁcatqu</strong></span> <span class='ocrx_word' id='word_1_427' title='bbox 2325 2916 2446 2954; x_wconf 90' lang='lat' dir='ltr'><strong>eum</strong></span> <span class='ocrx_word' id='word_1_428' title='bbox 2474 2900 2669 2955; x_wconf 88' lang='lat' dir='ltr'><strong>dicata</strong></span> <span class='ocrx_word' id='word_1_429' title='bbox 2700 2900 2903 2971; x_wconf 90' lang='lat' dir='ltr'><strong>Spiritu</strong></span> <span class='ocrx_word' id='word_1_430' title='bbox 2927 2912 3137 2966; x_wconf 89' lang='lat' dir='ltr'><strong>sancto,</strong></span> <span class='ocrx_word' id='word_1_431' title='bbox 3165 2902 3284 2973; x_wconf 88' lang='lat' dir='ltr'><strong>ejus</strong></span> <span class='ocrx_word' id='word_1_432' title='bbox 3312 2904 3510 2957; x_wconf 87' lang='lat' dir='ltr'><strong>virtute</strong></span> 
     </span>
    </p>
   </div>
   <div class='ocr_carea' id='block_1_61' title="bbox 1942 2993 3507 3063">
    <p class='ocr_par' dir='ltr' id='par_1_61' title="bbox 1942 2993 3507 3063">
     <span class='ocr_line' id='line_1_61' title="bbox 1942 2993 3507 3063; baseline 0.003 -18"><span class='ocrx_word' id='word_1_433' title='bbox 1942 3009 2047 3046; x_wconf 88' lang='lat' dir='ltr'><strong>nou</strong></span> <span class='ocrx_word' id='word_1_434' title='bbox 2080 3003 2135 3045; x_wconf 92' lang='lat' dir='ltr'><strong>ut</strong></span> <span class='ocrx_word' id='word_1_435' title='bbox 2166 2993 2381 3062; x_wconf 86' lang='lat' dir='ltr'><strong>propria</strong></span> <span class='ocrx_word' id='word_1_436' title='bbox 2406 3001 2665 3057; x_wconf 91' lang='lat' dir='ltr'><strong>utentem,</strong></span> <span class='ocrx_word' id='word_1_437' title='bbox 2700 3002 2755 3048; x_wconf 90' lang='lat' dir='ltr'><strong>et</strong></span> <span class='ocrx_word' id='word_1_438' title='bbox 2785 2993 2967 3048; x_wconf 89' lang='lat' dir='ltr'><strong>divina</strong></span> <span class='ocrx_word' id='word_1_439' title='bbox 3006 2994 3158 3063; x_wconf 82' lang='lat' dir='ltr'><strong>signa</strong></span> <span class='ocrx_word' id='word_1_440' title='bbox 3185 2994 3382 3062; x_wconf 82' lang='lat' dir='ltr'><strong>facere,</strong></span> <span class='ocrx_word' id='word_1_441' title='bbox 3413 2998 3507 3049; x_wconf 86' lang='lat' dir='ltr'><strong>sed</strong></span> 
     </span>
    </p>
   </div>
   <div class='ocr_carea' id='block_1_62' title="bbox 266 3064 1837 3188">
    <p class='ocr_par' dir='ltr' id='par_1_62' title="bbox 266 3064 1837 3163">
     <span class='ocr_line' id='line_1_62' title="bbox 266 3064 1837 3163; baseline -0.006 -17"><span class='ocrx_word' id='word_1_442' title='bbox 266 3064 605 3163; x_wconf 76' lang='grc' dir='ltr'>Πνεύματος,</span> <span class='ocrx_word' id='word_1_443' title='bbox 650 3091 750 3160; x_wconf 81' lang='grc' dir='ltr'><strong>οὐχ</strong></span> <span class='ocrx_word' id='word_1_444' title='bbox 787 3090 863 3153; x_wconf 79' lang='grc' dir='ltr'>ὡς</span> <span class='ocrx_word' id='word_1_445' title='bbox 914 3089 1023 3160; x_wconf 74' lang='grc' dir='ltr'>ἰδίᾳ</span> <span class='ocrx_word' id='word_1_446' title='bbox 1072 3064 1297 3158; x_wconf 86' lang='grc' dir='ltr'>δυνάμει</span> <span class='ocrx_word' id='word_1_447' title='bbox 1341 3064 1640 3157; x_wconf 86' lang='grc' dir='ltr'>χρώμενον,</span> <span class='ocrx_word' id='word_1_448' title='bbox 1673 3088 1739 3156; x_wconf 81' lang='grc' dir='ltr'>τῇ</span> <span class='ocrx_word' id='word_1_449' title='bbox 1773 3064 1837 3137; x_wconf 56' lang='grc' dir='ltr'>δέ</span> 
     </span>
    </p>
   </div>
   <div class='ocr_carea' id='block_1_63' title="bbox 1942 3064 3506 3188">
    <p class='ocr_par' dir='ltr' id='par_1_63' title="bbox 1943 3084 3506 3149">
     <span class='ocr_line' id='line_1_63' title="bbox 1943 3084 3506 3149; baseline 0.003 -13"><span class='ocrx_word' id='word_1_450' title='bbox 1943 3084 2010 3138; x_wconf 90' lang='lat' dir='ltr'><strong>ad</strong></span> <span class='ocrx_word' id='word_1_451' title='bbox 2066 3084 2324 3139; x_wconf 88' lang='lat' dir='ltr'><strong>miracula</strong></span> <span class='ocrx_word' id='word_1_452' title='bbox 2385 3086 2613 3149; x_wconf 90' lang='lat' dir='ltr'><strong>edenda,</strong></span> <span class='ocrx_word' id='word_1_453' title='bbox 2665 3085 2969 3141; x_wconf 81' lang='lat' dir='ltr'><strong>extrinseca</strong></span> <span class='ocrx_word' id='word_1_454' title='bbox 3008 3096 3064 3140; x_wconf 92' lang='lat' dir='ltr'><strong>et</strong></span> <span class='ocrx_word' id='word_1_455' title='bbox 3110 3088 3404 3140; x_wconf 88' lang='lat' dir='ltr'><strong>adventitia</strong></span> <span class='ocrx_word' id='word_1_456' title='bbox 3452 3090 3506 3141; x_wconf 85' lang='lat' dir='ltr'><strong>vi</strong></span> 
     </span>
    </p>
   </div>
   <div class='ocr_carea' id='block_1_64' title="bbox 263 3175 1839 3252">
    <p class='ocr_par' dir='ltr' id='par_1_64' title="bbox 263 3175 1839 3252">
     <span class='ocr_line' id='line_1_64' title="bbox 263 3175 1839 3252; baseline -0.007 -12"><span class='ocrx_word' id='word_1_457' title='bbox 263 3185 457 3247; x_wconf 77' lang='grc' dir='ltr'>αὑτοῦ,</span> <span class='ocrx_word' id='word_1_458' title='bbox 488 3185 581 3238; x_wconf 79' lang='grc' dir='ltr'><strong>καὶ</strong></span> <span class='ocrx_word' id='word_1_459' title='bbox 614 3182 853 3252; x_wconf 83' lang='grc' dir='ltr'>πληροῦν</span> <span class='ocrx_word' id='word_1_460' title='bbox 877 3180 946 3233; x_wconf 84' lang='grc' dir='ltr'>τὰ</span> <span class='ocrx_word' id='word_1_461' title='bbox 972 3181 1071 3251; x_wconf 83' lang='grc' dir='ltr'><strong>τῆς</strong></span> <span class='ocrx_word' id='word_1_462' title='bbox 1107 3178 1453 3249; x_wconf 84' lang='grc' dir='ltr'>θεοσημείας,</span> <span class='ocrx_word' id='word_1_463' title='bbox 1499 3176 1613 3229; x_wconf 87' lang='grc' dir='ltr'>ἀλλ’</span> <span class='ocrx_word' id='word_1_464' title='bbox 1643 3175 1839 3240; x_wconf 79' lang='grc' dir='ltr'>ἔξωθεν</span> 
     </span>
    </p>
   </div>
   <div class='ocr_carea' id='block_1_65' title="bbox 267 3268 1841 3343">
    <p class='ocr_par' dir='ltr' id='par_1_65' title="bbox 267 3268 1841 3343">
     <span class='ocr_line' id='line_1_65' title="bbox 267 3268 1841 3343; baseline -0.004 -13"><span class='ocrx_word' id='word_1_465' title='bbox 267 3277 365 3331; x_wconf 74' lang='grc' dir='ltr'>καὶ</span> <span class='ocrx_word' id='word_1_466' title='bbox 396 3274 825 3343; x_wconf 83' lang='grc' dir='ltr'>είσκεκριμένως</span> <span class='ocrx_word' id='word_1_467' title='bbox 856 3272 1237 3341; x_wconf 88' lang='grc' dir='ltr'>κερδαίνοντα,</span> <span class='ocrx_word' id='word_1_468' title='bbox 1262 3270 1323 3322; x_wconf 76' lang='grc' dir='ltr'>τὸ</span> <span class='ocrx_word' id='word_1_469' title='bbox 1350 3268 1648 3339; x_wconf 89' lang='grc' dir='ltr'>κατορθοῦν</span> <span class='ocrx_word' id='word_1_470' title='bbox 1680 3269 1841 3323; x_wconf 82' lang='grc' dir='ltr'>δύνα-</span> 
     </span>
    </p>
   </div>
   <div class='ocr_carea' id='block_1_66' title="bbox 266 3361 1844 3433">
    <p class='ocr_par' dir='ltr' id='par_1_66' title="bbox 266 3361 1844 3433">
     <span class='ocr_line' id='line_1_66' title="bbox 266 3361 1844 3433; baseline -0.005 -12"><span class='ocrx_word' id='word_1_471' title='bbox 266 3367 397 3421; x_wconf 85' lang='grc' dir='ltr'>σθαί</span> <span class='ocrx_word' id='word_1_472' title='bbox 431 3384 487 3419; x_wconf 90' lang='grc' dir='ltr'><strong>τι</strong></span> <span class='ocrx_word' id='word_1_473' title='bbox 524 3365 633 3418; x_wconf 84' lang='grc' dir='ltr'>τῶν</span> <span class='ocrx_word' id='word_1_474' title='bbox 680 3362 1173 3433; x_wconf 78' lang='grc' dir='ltr'>τεθαυμασμένων·</span> <span class='ocrx_word' id='word_1_475' title='bbox 1218 3362 1307 3416; x_wconf 75' lang='grc' dir='ltr'>ἵνα</span> <span class='ocrx_word' id='word_1_476' title='bbox 1337 3362 1403 3431; x_wconf 82' lang='grc' dir='ltr'><strong>δὴ</strong></span> <span class='ocrx_word' id='word_1_477' title='bbox 1437 3361 1681 3431; x_wconf 84' lang='grc' dir='ltr'>φαίνοιτο</span> <span class='ocrx_word' id='word_1_478' title='bbox 1722 3361 1844 3413; x_wconf 73' lang='grc' dir='ltr'>καθ’</span> 
     </span>
    </p>
   </div>
   <div class='ocr_carea' id='block_1_67' title="bbox 200 3453 1842 3530">
    <p class='ocr_par' dir='ltr' id='par_1_67' title="bbox 200 3453 1842 3530">
     <span class='ocr_line' id='line_1_67' title="bbox 200 3453 1842 3530; baseline -0.013 -6"><span class='ocrx_word' id='word_1_479' title='bbox 200 3458 205 3463; x_wconf 54' lang='grc'><em>’</em></span> <span class='ocrx_word' id='word_1_480' title='bbox 264 3460 418 3530; x_wconf 80' lang='grc' dir='ltr'>ἡμᾶς</span> <span class='ocrx_word' id='word_1_481' title='bbox 458 3458 702 3529; x_wconf 67' lang='grc' dir='ltr'>ἰαμάτων</span> <span class='ocrx_word' id='word_1_482' title='bbox 733 3473 835 3509; x_wconf 87' lang='grc' dir='ltr'><strong>που</strong></span> <span class='ocrx_word' id='word_1_483' title='bbox 866 3457 1006 3525; x_wconf 87' lang='grc' dir='ltr'>τάχα</span> <span class='ocrx_word' id='word_1_484' title='bbox 1049 3454 1297 3526; x_wconf 83' lang='grc' dir='ltr'>χάρισμα</span> <span class='ocrx_word' id='word_1_485' title='bbox 1343 3453 1543 3517; x_wconf 78' lang='grc' dir='ltr'>λαϐὼν,</span> <span class='ocrx_word' id='word_1_486' title='bbox 1585 3454 1751 3521; x_wconf 88' lang='grc' dir='ltr'>φάναι</span> <span class='ocrx_word' id='word_1_487' title='bbox 1782 3469 1842 3504; x_wconf 92' lang='grc' dir='ltr'><strong>τε</strong></span> 
     </span>
    </p>
   </div>
   <div class='ocr_carea' id='block_1_68' title="bbox 264 3540 1843 3618">
    <p class='ocr_par' dir='ltr' id='par_1_68' title="bbox 264 3540 1843 3618">
     <span class='ocr_line' id='line_1_68' title="bbox 264 3540 1843 3618; baseline -0.006 -16"><span class='ocrx_word' id='word_1_488' title='bbox 264 3549 519 3618; x_wconf 80' lang='grc' dir='ltr'>ὀφείλων,</span> <span class='ocrx_word' id='word_1_489' title='bbox 564 3547 705 3599; x_wconf 87' lang='grc' dir='ltr'><strong>κατά</strong></span> <span class='ocrx_word' id='word_1_490' title='bbox 755 3547 845 3598; x_wconf 84' lang='grc' dir='ltr'><strong>τὸν</strong></span> <span class='ocrx_word' id='word_1_491' title='bbox 900 3544 1167 3615; x_wconf 88' lang='grc' dir='ltr'>μακάριον</span> <span class='ocrx_word' id='word_1_492' title='bbox 1207 3544 1447 3597; x_wconf 85' lang='grc' dir='ltr'>Παῦλον·</span> <span class='ocrx_word' id='word_1_493' title='bbox 1494 3561 1513 3594; x_wconf 79' lang='grc' dir='ltr'><strong>ι</strong></span> <span class='ocrx_word' id='word_1_494' title='bbox 1551 3544 1746 3612; x_wconf 87' lang='grc' dir='ltr'>Χάριτι</span> <span class='ocrx_word' id='word_1_495' title='bbox 1785 3540 1843 3593; x_wconf 81' lang='grc' dir='ltr'>δὲ</span> 
     </span>
    </p>
   </div>
   <div class='ocr_carea' id='block_1_69' title="bbox 262 3630 1843 3708">
    <p class='ocr_par' dir='ltr' id='par_1_69' title="bbox 262 3630 1843 3708">
     <span class='ocr_line' id='line_1_69' title="bbox 262 3630 1843 3708; baseline -0.004 -17"><span class='ocrx_word' id='word_1_496' title='bbox 262 3640 405 3691; x_wconf 85' lang='grc' dir='ltr'>Θεοῦ</span> <span class='ocrx_word' id='word_1_497' title='bbox 434 3641 553 3708; x_wconf 85' lang='grc' dir='ltr'>είμι</span> <span class='ocrx_word' id='word_1_498' title='bbox 582 3638 612 3690; x_wconf 85' lang='lat'><strong>6</strong></span> <span class='ocrx_word' id='word_1_499' title='bbox 635 3639 770 3705; x_wconf 69' lang='grc' dir='ltr'>εἰμι.</span> <span class='ocrx_word' id='word_1_500' title='bbox 808 3656 827 3688; x_wconf 75' lang='grc' dir='ltr'><strong>ι</strong></span> <span class='ocrx_word' id='word_1_501' title='bbox 865 3630 959 3698; x_wconf 81' lang='grc' dir='ltr'><strong>Οἷς</strong></span> <span class='ocrx_word' id='word_1_502' title='bbox 983 3634 1091 3704; x_wconf 88' lang='grc' dir='ltr'><strong>γάρ</strong></span> <span class='ocrx_word' id='word_1_503' title='bbox 1124 3634 1359 3686; x_wconf 75' lang='grc' dir='ltr'>ἐπακτὸν</span> <span class='ocrx_word' id='word_1_504' title='bbox 1392 3633 1487 3686; x_wconf 74' lang='grc' dir='ltr'><strong>καὶ</strong></span> <span class='ocrx_word' id='word_1_505' title='bbox 1521 3631 1753 3702; x_wconf 83' lang='grc' dir='ltr'>θύραθεν</span> <span class='ocrx_word' id='word_1_506' title='bbox 1784 3635 1843 3684; x_wconf 82' lang='grc' dir='ltr'>τὸ</span> 
     </span>
    </p>
   </div>
   <div class='ocr_carea' id='block_1_70' title="bbox 266 3722 1844 3795">
    <p class='ocr_par' dir='ltr' id='par_1_70' title="bbox 266 3722 1844 3795">
     <span class='ocr_line' id='line_1_70' title="bbox 266 3722 1844 3795; baseline -0.006 -11"><span class='ocrx_word' id='word_1_507' title='bbox 266 3728 412 3784; x_wconf 77' lang='grc' dir='ltr'>εἷναί</span> <span class='ocrx_word' id='word_1_508' title='bbox 451 3748 505 3783; x_wconf 83' lang='grc' dir='ltr'><strong>τι</strong></span> <span class='ocrx_word' id='word_1_509' title='bbox 537 3730 631 3783; x_wconf 79' lang='grc' dir='ltr'><strong>καὶ</strong></span> <span class='ocrx_word' id='word_1_510' title='bbox 668 3728 927 3782; x_wconf 88' lang='grc' dir='ltr'>δύνασθαι</span> <span class='ocrx_word' id='word_1_511' title='bbox 957 3725 1277 3795; x_wconf 87' lang='grc' dir='ltr'>κατορθοῦν,</span> <span class='ocrx_word' id='word_1_512' title='bbox 1308 3722 1456 3779; x_wconf 78' lang='grc' dir='ltr'>οὗτοι</span> <span class='ocrx_word' id='word_1_513' title='bbox 1487 3728 1645 3794; x_wconf 87' lang='grc' dir='ltr'>φαῖεν</span> <span class='ocrx_word' id='word_1_514' title='bbox 1679 3724 1745 3778; x_wconf 88' lang='grc' dir='ltr'><strong>ἀν</strong></span> <span class='ocrx_word' id='word_1_515' title='bbox 1776 3725 1844 3775; x_wconf 71' lang='grc' dir='ltr'><strong>εἰ⁸</strong></span> 
     </span>
    </p>
   </div>
   <div class='ocr_carea' id='block_1_71' title="bbox 266 3816 1842 3892">
    <p class='ocr_par' dir='ltr' id='par_1_71' title="bbox 266 3816 1842 3892">
     <span class='ocr_line' id='line_1_71' title="bbox 266 3816 1842 3892; baseline -0.005 -17"><span class='ocrx_word' id='word_1_516' title='bbox 266 3824 445 3886; x_wconf 81' lang='grc' dir='ltr'>κότως</span> <span class='ocrx_word' id='word_1_517' title='bbox 462 3822 555 3875; x_wconf 80' lang='grc' dir='ltr'><strong>καὶ</strong></span> <span class='ocrx_word' id='word_1_518' title='bbox 583 3820 681 3892; x_wconf 85' lang='grc' dir='ltr'>τὴν</span> <span class='ocrx_word' id='word_1_519' title='bbox 699 3820 908 3874; x_wconf 84' lang='grc' dir='ltr'>τοιάνδε</span> <span class='ocrx_word' id='word_1_520' title='bbox 938 3821 1145 3889; x_wconf 78' lang='grc' dir='ltr'>φωνήν.</span> <span class='ocrx_word' id='word_1_521' title='bbox 1182 3818 1362 3883; x_wconf 81' lang='grc' dir='ltr'>Δείξαι</span> <span class='ocrx_word' id='word_1_522' title='bbox 1401 3818 1529 3887; x_wconf 83' lang='grc' dir='ltr'>γὰρ,</span> <span class='ocrx_word' id='word_1_523' title='bbox 1556 3816 1631 3880; x_wconf 86' lang='grc' dir='ltr'>ὡς</span> <span class='ocrx_word' id='word_1_524' title='bbox 1647 3817 1842 3879; x_wconf 76' lang='grc' dir='ltr'>οἴεται,</span> 
     </span>
    </p>
   </div>
   <div class='ocr_carea' id='block_1_72' title="bbox 269 3907 1839 3985">
    <p class='ocr_par' dir='ltr' id='par_1_72' title="bbox 269 3907 1839 3985">
     <span class='ocr_line' id='line_1_72' title="bbox 269 3907 1839 3985; baseline -0.005 -19"><span class='ocrx_word' id='word_1_525' title='bbox 269 3912 557 3985; x_wconf 74' lang='grc' dir='ltr'>βουληθεὶς</span> <span class='ocrx_word' id='word_1_526' title='bbox 596 3911 852 3980; x_wconf 74' lang='grc' dir='ltr'>ίσουργδν</span> <span class='ocrx_word' id='word_1_527' title='bbox 881 3913 961 3974; x_wconf 82' lang='grc' dir='ltr'><strong>είς</strong></span> <span class='ocrx_word' id='word_1_528' title='bbox 1006 3911 1223 3965; x_wconf 84' lang='grc' dir='ltr'>ᾶπαντα</span> <span class='ocrx_word' id='word_1_529' title='bbox 1276 3910 1374 3980; x_wconf 77' lang='grc' dir='ltr'>τὴν</span> <span class='ocrx_word' id='word_1_530' title='bbox 1404 3908 1567 3977; x_wconf 82' lang='grc' dir='ltr'>ἁγίαν</span> <span class='ocrx_word' id='word_1_531' title='bbox 1611 3907 1839 3979; x_wconf 87' lang='grc' dir='ltr'>Τριάδα,</span> 
     </span>
    </p>
   </div>
   <div class='ocr_carea' id='block_1_73' title="bbox 269 3998 785 4073">
    <p class='ocr_par' dir='ltr' id='par_1_73' title="bbox 269 3998 785 4073">
     <span class='ocr_line' id='line_1_73' title="bbox 269 3998 785 4073; baseline -0.01 -13"><span class='ocrx_word' id='word_1_532' title='bbox 269 4006 437 4059; x_wconf 79' lang='grc' dir='ltr'>πάλιν</span> <span class='ocrx_word' id='word_1_533' title='bbox 466 3998 569 4057; x_wconf 81' lang='grc' dir='ltr'>ὧδέ</span> <span class='ocrx_word' id='word_1_534' title='bbox 602 4021 785 4073; x_wconf 84' lang='grc' dir='ltr'>φησιν·</span> 
     </span>
    </p>
   </div>
   <div class='ocr_carea' id='block_1_74' title="bbox 343 4087 1842 4166">
    <p class='ocr_par' dir='ltr' id='par_1_74' title="bbox 343 4087 1842 4166">
     <span class='ocr_line' id='line_1_74' title="bbox 343 4087 1842 4166; baseline -0.007 -19"><span class='ocrx_word' id='word_1_535' title='bbox 343 4094 451 4166; x_wconf 81' lang='grc'><strong>[⁸0</strong></span> <span class='ocrx_word' id='word_1_536' title='bbox 475 4094 607 4157; x_wconf 81' lang='grc' dir='ltr'>Θεὸς</span> <span class='ocrx_word' id='word_1_537' title='bbox 652 4093 824 4161; x_wconf 88' lang='grc' dir='ltr'>Λόγος</span> <span class='ocrx_word' id='word_1_538' title='bbox 867 4092 1081 4160; x_wconf 75' lang='grc' dir='ltr'>ἐγένετο</span> <span class='ocrx_word' id='word_1_539' title='bbox 1131 4089 1289 4161; x_wconf 77' lang='grc' dir='ltr'>σὰρξ,</span> <span class='ocrx_word' id='word_1_540' title='bbox 1328 4089 1422 4142; x_wconf 79' lang='grc' dir='ltr'><strong>καὶ</strong></span> <span class='ocrx_word' id='word_1_541' title='bbox 1445 4088 1751 4158; x_wconf 82' lang='grc' dir='ltr'>ἐσκήνωσεν</span> <span class='ocrx_word' id='word_1_542' title='bbox 1784 4087 1842 4138; x_wconf 82' lang='grc' dir='ltr'>ἐν</span> 
     </span>
    </p>
   </div>
   <div class='ocr_carea' id='block_1_75' title="bbox 265 4178 1843 4258">
    <p class='ocr_par' dir='ltr' id='par_1_75' title="bbox 265 4178 1843 4258">
     <span class='ocr_line' id='line_1_75' title="bbox 265 4178 1843 4258; baseline -0.007 -18"><span class='ocrx_word' id='word_1_543' title='bbox 265 4189 426 4258; x_wconf 80' lang='grc' dir='ltr'><strong>ἡμῖν.</strong></span> <span class='ocrx_word' id='word_1_544' title='bbox 456 4184 816 4239; x_wconf 84' lang='grc' dir='ltr'>Συνεκάθισεν</span> <span class='ocrx_word' id='word_1_545' title='bbox 838 4183 1016 4253; x_wconf 80' lang='grc' dir='ltr'>ἐαυτῷ</span> <span class='ocrx_word' id='word_1_546' title='bbox 1035 4182 1134 4253; x_wconf 86' lang='grc' dir='ltr'><strong>τὴν</strong></span> <span class='ocrx_word' id='word_1_547' title='bbox 1163 4180 1567 4251; x_wconf 80' lang='grc' dir='ltr'>ἀναληφθεῖσαν</span> <span class='ocrx_word' id='word_1_548' title='bbox 1594 4181 1623 4232; x_wconf 88' lang='grc' dir='ltr'>ὁ</span> <span class='ocrx_word' id='word_1_549' title='bbox 1651 4178 1843 4249; x_wconf 84' lang='grc' dir='ltr'>Πατὴρ</span> 
     </span>
    </p>
   </div>
   <div class='ocr_carea' id='block_1_76' title="bbox 266 4272 1840 4351">
    <p class='ocr_par' dir='ltr' id='par_1_76' title="bbox 266 4272 1840 4351">
     <span class='ocr_line' id='line_1_76' title="bbox 266 4272 1840 4351; baseline -0.008 -16"><span class='ocrx_word' id='word_1_550' title='bbox 266 4282 685 4351; x_wconf 74' lang='grc' dir='ltr'>ἀνθρωπότητα.</span> <span class='ocrx_word' id='word_1_551' title='bbox 719 4298 738 4329; x_wconf 82' lang='grc' dir='ltr'><strong>ι</strong></span> <span class='ocrx_word' id='word_1_552' title='bbox 779 4276 911 4332; x_wconf 69' lang='lat' dir='ltr'><strong>Eine</strong></span> <span class='ocrx_word' id='word_1_553' title='bbox 938 4279 1066 4347; x_wconf 80' lang='grc' dir='ltr'>γὰρ,</span> <span class='ocrx_word' id='word_1_554' title='bbox 1108 4278 1293 4347; x_wconf 77' lang='grc' dir='ltr'>φησὶν,</span> <span class='ocrx_word' id='word_1_555' title='bbox 1324 4278 1353 4328; x_wconf 91' lang='lat'><strong>6</strong></span> <span class='ocrx_word' id='word_1_556' title='bbox 1386 4274 1589 4345; x_wconf 82' lang='grc' dir='ltr'>Κύριος</span> <span class='ocrx_word' id='word_1_557' title='bbox 1624 4272 1701 4342; x_wconf 80' lang='grc' dir='ltr'>τῷ</span> <span class='ocrx_word' id='word_1_558' title='bbox 1726 4274 1840 4325; x_wconf 85' lang='grc' dir='ltr'><strong>Κυ-</strong></span> 
     </span>
    </p>
   </div>
   <div class='ocr_carea' id='block_1_77' title="bbox 267 4363 1842 4443">
    <p class='ocr_par' dir='ltr' id='par_1_77' title="bbox 267 4363 1842 4443">
     <span class='ocr_line' id='line_1_77' title="bbox 267 4363 1842 4443; baseline -0.007 -18"><span class='ocrx_word' id='word_1_559' title='bbox 267 4373 373 4443; x_wconf 72' lang='grc' dir='ltr'>ρίῳ</span> <span class='ocrx_word' id='word_1_560' title='bbox 399 4388 521 4441; x_wconf 87' lang='grc' dir='ltr'>μου·</span> <span class='ocrx_word' id='word_1_561' title='bbox 535 4369 719 4424; x_wconf 82' lang='grc' dir='ltr'>Κάθου</span> <span class='ocrx_word' id='word_1_562' title='bbox 741 4370 808 4422; x_wconf 81' lang='grc' dir='ltr'>ἐκ</span> <span class='ocrx_word' id='word_1_563' title='bbox 820 4367 1009 4432; x_wconf 83' lang='grc' dir='ltr'>δεξιῶν</span> <span class='ocrx_word' id='word_1_564' title='bbox 1028 4385 1150 4438; x_wconf 89' lang='grc' dir='ltr'>μου.</span> <span class='ocrx_word' id='word_1_565' title='bbox 1177 4385 1196 4417; x_wconf 76' lang='grc' dir='ltr'><strong>ι</strong></span> <span class='ocrx_word' id='word_1_566' title='bbox 1216 4366 1258 4417; x_wconf 86' lang='grc' dir='ltr'>Τ</span> <span class='ocrx_word' id='word_1_567' title='bbox 1262 4366 1326 4434; x_wconf 82' lang='grc' dir='ltr'>ὴν</span> <span class='ocrx_word' id='word_1_568' title='bbox 1337 4364 1431 4417; x_wconf 90' lang='grc' dir='ltr'><strong>τοῦ</strong></span> <span class='ocrx_word' id='word_1_569' title='bbox 1445 4363 1842 4433; x_wconf 82' lang='grc' dir='ltr'>ἀναληφθέντος</span> 
     </span>
    </p>
   </div>
   <div class='ocr_carea' id='block_1_78' title="bbox 1944 3174 3507 3248">
    <p class='ocr_par' dir='ltr' id='par_1_78' title="bbox 1944 3174 3507 3248">
     <span class='ocr_line' id='line_1_78' title="bbox 1944 3174 3507 3248; baseline 0.003 -22"><span class='ocrx_word' id='word_1_570' title='bbox 1944 3174 2251 3244; x_wconf 65' lang='lat' dir='ltr'><strong>praeditum,</strong></span> <span class='ocrx_word' id='word_1_571' title='bbox 2287 3186 2345 3229; x_wconf 93' lang='lat' dir='ltr'><strong>ut</strong></span> <span class='ocrx_word' id='word_1_572' title='bbox 2382 3174 2490 3243; x_wconf 91' lang='lat' dir='ltr'><strong>jam</strong></span> <span class='ocrx_word' id='word_1_573' title='bbox 2520 3178 2768 3230; x_wconf 89' lang='lat' dir='ltr'><strong>videatur</strong></span> <span class='ocrx_word' id='word_1_574' title='bbox 2800 3186 2986 3232; x_wconf 88' lang='lat' dir='ltr'><strong>nostro</strong></span> <span class='ocrx_word' id='word_1_575' title='bbox 3013 3176 3120 3248; x_wconf 82' lang='lat'><strong>97</strong></span> <span class='ocrx_word' id='word_1_576' title='bbox 3163 3192 3311 3231; x_wconf 88' lang='lat' dir='ltr'><strong>more</strong></span> <span class='ocrx_word' id='word_1_577' title='bbox 3343 3192 3507 3232; x_wconf 79' lang='lat' dir='ltr'><strong>cura—</strong></span> 
     </span>
    </p>
   </div>
   <div class='ocr_carea' id='block_1_79' title="bbox 1946 3265 3509 3335">
    <p class='ocr_par' dir='ltr' id='par_1_79' title="bbox 1946 3265 3509 3335">
     <span class='ocr_line' id='line_1_79' title="bbox 1946 3265 3509 3335; baseline 0.001 -16"><span class='ocrx_word' id='word_1_578' title='bbox 1946 3266 2147 3320; x_wconf 85' lang='lat' dir='ltr'><strong>tiouum</strong></span> <span class='ocrx_word' id='word_1_579' title='bbox 2176 3265 2404 3333; x_wconf 78' lang='lat' dir='ltr'><strong>gratiam</strong></span> <span class='ocrx_word' id='word_1_580' title='bbox 2446 3266 2746 3335; x_wconf 87' lang='lat' dir='ltr'><strong>accepisse,</strong></span> <span class='ocrx_word' id='word_1_581' title='bbox 2788 3276 2992 3321; x_wconf 90' lang='lat' dir='ltr'><strong>etcum</strong></span> <span class='ocrx_word' id='word_1_582' title='bbox 3026 3268 3182 3321; x_wconf 88' lang='lat' dir='ltr'><strong>beato</strong></span> <span class='ocrx_word' id='word_1_583' title='bbox 3226 3266 3394 3321; x_wconf 81' lang='lat' dir='ltr'><strong>Paulo</strong></span> <span class='ocrx_word' id='word_1_584' title='bbox 3428 3268 3509 3321; x_wconf 80' lang='lat' dir='ltr'><strong>di-</strong></span> 
     </span>
    </p>
   </div>
   <div class='ocr_carea' id='block_1_80' title="bbox 1942 3355 3502 3428">
    <p class='ocr_par' dir='ltr' id='par_1_80' title="bbox 1942 3355 3502 3428">
     <span class='ocr_line' id='line_1_80' title="bbox 1942 3355 3502 3428; baseline 0.001 -18"><span class='ocrx_word' id='word_1_585' title='bbox 1942 3370 2068 3410; x_wconf 90' lang='lat' dir='ltr'><strong>cere</strong></span> <span class='ocrx_word' id='word_1_586' title='bbox 2097 3358 2294 3410; x_wconf 89' lang='lat' dir='ltr'><strong>dcbcre</strong></span> <span class='ocrx_word' id='word_1_587' title='bbox 2318 3374 2331 3409; x_wconf 92' lang='lat'><strong>:</strong></span> <span class='ocrx_word' id='word_1_588' title='bbox 2356 3376 2373 3407; x_wconf 82' lang='grc' dir='ltr'><strong>ι</strong></span> <span class='ocrx_word' id='word_1_589' title='bbox 2395 3355 2579 3411; x_wconf 88' lang='lat' dir='ltr'><strong>Gratia</strong></span> <span class='ocrx_word' id='word_1_590' title='bbox 2617 3357 2705 3411; x_wconf 88' lang='lat' dir='ltr'><strong>Dei</strong></span> <span class='ocrx_word' id='word_1_591' title='bbox 2731 3373 2849 3412; x_wconf 87' lang='lat' dir='ltr'><strong>sum</strong></span> <span class='ocrx_word' id='word_1_592' title='bbox 2884 3358 2937 3412; x_wconf 92' lang='lat' dir='ltr'><strong>id</strong></span> <span class='ocrx_word' id='word_1_593' title='bbox 2968 3359 3113 3428; x_wconf 87' lang='lat' dir='ltr'><strong>quod</strong></span> <span class='ocrx_word' id='word_1_594' title='bbox 3150 3374 3269 3413; x_wconf 87' lang='lat' dir='ltr'><strong>sum</strong></span> <span class='ocrx_word' id='word_1_595' title='bbox 3302 3358 3439 3413; x_wconf 75' lang='lat'><strong>“°“.</strong></span> <span class='ocrx_word' id='word_1_596' title='bbox 3483 3379 3502 3410; x_wconf 75' lang='grc' dir='ltr'><strong>ι</strong></span> 
     </span>
    </p>
   </div>
   <div class='ocr_carea' id='block_1_81' title="bbox 1943 3445 3510 3516">
    <p class='ocr_par' dir='ltr' id='par_1_81' title="bbox 1943 3445 3510 3516">
     <span class='ocr_line' id='line_1_81' title="bbox 1943 3445 3510 3516; baseline 0.003 -17"><span class='ocrx_word' id='word_1_597' title='bbox 1943 3445 2149 3511; x_wconf 87' lang='lat' dir='ltr'><strong>Quibus</strong></span> <span class='ocrx_word' id='word_1_598' title='bbox 2192 3446 2355 3500; x_wconf 83' lang='lat' dir='ltr'><strong>enim.</strong></span> <span class='ocrx_word' id='word_1_599' title='bbox 2373 3446 2726 3501; x_wconf 72' lang='lat' dir='ltr'><strong>ailveutitium</strong></span> <span class='ocrx_word' id='word_1_600' title='bbox 2760 3456 2929 3501; x_wconf 91' lang='lat' dir='ltr'><strong>estet</strong></span> <span class='ocrx_word' id='word_1_601' title='bbox 2976 3449 3128 3516; x_wconf 85' lang='lat' dir='ltr'><strong>quasi</strong></span> <span class='ocrx_word' id='word_1_602' title='bbox 3172 3450 3510 3504; x_wconf 73' lang='lat' dir='ltr'><strong>extrinsecus</strong></span> 
     </span>
    </p>
   </div>
   <div class='ocr_carea' id='block_1_82' title="bbox 1944 3535 3509 3609">
    <p class='ocr_par' dir='ltr' id='par_1_82' title="bbox 1944 3535 3509 3609">
     <span class='ocr_line' id='line_1_82' title="bbox 1944 3535 3509 3609; baseline 0.005 -20"><span class='ocrx_word' id='word_1_603' title='bbox 1944 3535 2276 3605; x_wconf 88' lang='lat' dir='ltr'><strong>impertitum</strong></span> <span class='ocrx_word' id='word_1_604' title='bbox 2306 3546 2362 3590; x_wconf 94' lang='lat' dir='ltr'><strong>ut</strong></span> <span class='ocrx_word' id='word_1_605' title='bbox 2392 3537 2590 3605; x_wconf 88' lang='lat' dir='ltr'><strong>aliquid</strong></span> <span class='ocrx_word' id='word_1_606' title='bbox 2630 3538 2761 3605; x_wconf 89' lang='lat' dir='ltr'><strong>siut,</strong></span> <span class='ocrx_word' id='word_1_607' title='bbox 2805 3554 2868 3593; x_wconf 90' lang='lat' dir='ltr'><strong>ac</strong></span> <span class='ocrx_word' id='word_1_608' title='bbox 2900 3538 3159 3608; x_wconf 75' lang='lat' dir='ltr'><strong>perlicere</strong></span> <span class='ocrx_word' id='word_1_609' title='bbox 3198 3540 3433 3609; x_wconf 91' lang='lat' dir='ltr'><strong>possint,</strong></span> <span class='ocrx_word' id='word_1_610' title='bbox 3471 3542 3509 3597; x_wconf 91' lang='lat' dir='ltr'><strong>ii</strong></span> 
     </span>
    </p>
   </div>
   <div class='ocr_carea' id='block_1_83' title="bbox 1945 3628 3505 3700">
    <p class='ocr_par' dir='ltr' id='par_1_83' title="bbox 1945 3628 3505 3700">
     <span class='ocr_line' id='line_1_83' title="bbox 1945 3628 3505 3700; baseline 0.004 -18"><span class='ocrx_word' id='word_1_611' title='bbox 1945 3628 2136 3683; x_wconf 88' lang='lat' dir='ltr'><strong>merito</strong></span> <span class='ocrx_word' id='word_1_612' title='bbox 2177 3630 2312 3683; x_wconf 90' lang='lat' dir='ltr'><strong>hanc</strong></span> <span class='ocrx_word' id='word_1_613' title='bbox 2338 3645 2521 3684; x_wconf 86' lang='lat' dir='ltr'><strong>vocem</strong></span> <span class='ocrx_word' id='word_1_614' title='bbox 2553 3632 2803 3685; x_wconf 82' lang='lat' dir='ltr'><strong>emittere</strong></span> <span class='ocrx_word' id='word_1_615' title='bbox 2834 3642 3102 3700; x_wconf 90' lang='lat' dir='ltr'><strong>poterunt.</strong></span> <span class='ocrx_word' id='word_1_616' title='bbox 3138 3632 3337 3689; x_wconf 87' lang='lat' dir='ltr'><strong>Volens</strong></span> <span class='ocrx_word' id='word_1_617' title='bbox 3358 3634 3505 3689; x_wconf 90' lang='lat' dir='ltr'><strong>enim</strong></span> 
     </span>
    </p>
   </div>
   <div class='ocr_carea' id='block_1_84' title="bbox 1943 3720 3512 3791">
    <p class='ocr_par' dir='ltr' id='par_1_84' title="bbox 1943 3720 3512 3791">
     <span class='ocr_line' id='line_1_84' title="bbox 1943 3720 3512 3791; baseline 0.004 -18"><span class='ocrx_word' id='word_1_618' title='bbox 1943 3720 2250 3784; x_wconf 89' lang='lat' dir='ltr'><strong>ostendere,</strong></span> <span class='ocrx_word' id='word_1_619' title='bbox 2282 3729 2338 3773; x_wconf 91' lang='lat' dir='ltr'><strong>ut</strong></span> <span class='ocrx_word' id='word_1_620' title='bbox 2364 3731 2538 3788; x_wconf 90' lang='lat' dir='ltr'><strong>putat,</strong></span> <span class='ocrx_word' id='word_1_621' title='bbox 2586 3722 2653 3774; x_wconf 87' lang='lat' dir='ltr'><strong>ad</strong></span> <span class='ocrx_word' id='word_1_622' title='bbox 2694 3722 2873 3776; x_wconf 88' lang='lat' dir='ltr'><strong>omnia</strong></span> <span class='ocrx_word' id='word_1_623' title='bbox 2920 3723 3067 3791; x_wconf 88' lang='lat' dir='ltr'><strong>paris</strong></span> <span class='ocrx_word' id='word_1_624' title='bbox 3114 3738 3235 3778; x_wconf 88' lang='lat' dir='ltr'><strong>esse</strong></span> <span class='ocrx_word' id='word_1_625' title='bbox 3260 3722 3512 3779; x_wconf 69' lang='lat' dir='ltr'><strong>efﬁcacia:</strong></span> 
     </span>
    </p>
   </div>
   <div class='ocr_carea' id='block_1_85' title="bbox 1944 3809 3513 3878">
    <p class='ocr_par' dir='ltr' id='par_1_85' title="bbox 1944 3809 3513 3878">
     <span class='ocr_line' id='line_1_85' title="bbox 1944 3809 3513 3878; baseline 0.004 -15"><span class='ocrx_word' id='word_1_626' title='bbox 1944 3820 2186 3864; x_wconf 90' lang='lat' dir='ltr'><strong>sanctam</strong></span> <span class='ocrx_word' id='word_1_627' title='bbox 2240 3809 2604 3878; x_wconf 86' lang='lat' dir='ltr'><strong>Trinitatem,</strong></span> <span class='ocrx_word' id='word_1_628' title='bbox 2637 3826 2827 3867; x_wconf 85' lang='lat' dir='ltr'><strong>rursus</strong></span> <span class='ocrx_word' id='word_1_629' title='bbox 2866 3813 2918 3866; x_wconf 92' lang='lat' dir='ltr'><strong>in</strong></span> <span class='ocrx_word' id='word_1_630' title='bbox 2969 3814 3112 3867; x_wconf 89' lang='lat' dir='ltr'><strong>hunc</strong></span> <span class='ocrx_word' id='word_1_631' title='bbox 3166 3815 3383 3869; x_wconf 87' lang='lat' dir='ltr'><strong>modum</strong></span> <span class='ocrx_word' id='word_1_632' title='bbox 3431 3816 3513 3870; x_wconf 89' lang='lat' dir='ltr'><strong>di-</strong></span> 
     </span>
    </p>
   </div>
   <div class='ocr_carea' id='block_1_86' title="bbox 1943 3914 2052 3956">
    <p class='ocr_par' dir='ltr' id='par_1_86' title="bbox 1943 3914 2052 3956">
     <span class='ocr_line' id='line_1_86' title="bbox 1943 3914 2052 3956; baseline 0.009 -1"><span class='ocrx_word' id='word_1_633' title='bbox 1943 3914 2052 3956; x_wconf 76' lang='grc' dir='ltr'>ειιε</span> 
     </span>
    </p>
   </div>
   <div class='ocr_carea' id='block_1_87' title="bbox 2014 4080 3513 4151">
    <p class='ocr_par' dir='ltr' id='par_1_87' title="bbox 2014 4080 3513 4151">
     <span class='ocr_line' id='line_1_87' title="bbox 2014 4080 3513 4151; baseline 0.001 -15"><span class='ocrx_word' id='word_1_634' title='bbox 2014 4081 2250 4137; x_wconf 71' lang='grc' dir='ltr'>Νεετοο.</span> <span class='ocrx_word' id='word_1_635' title='bbox 2284 4081 2303 4151; x_wconf 63' lang='grc' dir='ltr'><strong>ί</strong></span> <span class='ocrx_word' id='word_1_636' title='bbox 2312 4080 2452 4137; x_wconf 86' lang='lat' dir='ltr'><strong>Deus</strong></span> <span class='ocrx_word' id='word_1_637' title='bbox 2482 4080 2712 4135; x_wconf 89' lang='lat' dir='ltr'><strong>Verbum</strong></span> <span class='ocrx_word' id='word_1_638' title='bbox 2764 4081 2963 4135; x_wconf 82' lang='lat' dir='ltr'><strong>factum</strong></span> <span class='ocrx_word' id='word_1_639' title='bbox 3009 4090 3094 4137; x_wconf 90' lang='lat' dir='ltr'><strong>est</strong></span> <span class='ocrx_word' id='word_1_640' title='bbox 3135 4098 3284 4148; x_wconf 83' lang='lat' dir='ltr'><strong>caro,</strong></span> <span class='ocrx_word' id='word_1_641' title='bbox 3314 4092 3370 4138; x_wconf 92' lang='lat' dir='ltr'><strong>et</strong></span> <span class='ocrx_word' id='word_1_642' title='bbox 3414 4086 3513 4140; x_wconf 86' lang='lat' dir='ltr'><strong>ha-</strong></span> 
     </span>
    </p>
   </div>
   <div class='ocr_carea' id='block_1_88' title="bbox 1946 4172 3508 4231">
    <p class='ocr_par' dir='ltr' id='par_1_88' title="bbox 1946 4172 3508 4231">
     <span class='ocr_line' id='line_1_88' title="bbox 1946 4172 3508 4231; baseline 0.001 -3"><span class='ocrx_word' id='word_1_643' title='bbox 1946 4176 2137 4229; x_wconf 87' lang='lat' dir='ltr'><strong>bitavit</strong></span> <span class='ocrx_word' id='word_1_644' title='bbox 2172 4176 2223 4228; x_wconf 91' lang='lat' dir='ltr'><strong>in</strong></span> <span class='ocrx_word' id='word_1_645' title='bbox 2254 4173 2410 4228; x_wconf 91' lang='lat' dir='ltr'><strong>nobis</strong></span> <span class='ocrx_word' id='word_1_646' title='bbox 2431 4172 2497 4227; x_wconf 78' lang='lat'><strong>&quot;&#39;.</strong></span> <span class='ocrx_word' id='word_1_647' title='bbox 2528 4173 2723 4227; x_wconf 89' lang='lat' dir='ltr'><strong>Secum</strong></span> <span class='ocrx_word' id='word_1_648' title='bbox 2754 4175 3039 4229; x_wconf 88' lang='lat' dir='ltr'><strong>considere</strong></span> <span class='ocrx_word' id='word_1_649' title='bbox 3067 4174 3195 4229; x_wconf 77' lang='lat' dir='ltr'><strong>fecit</strong></span> <span class='ocrx_word' id='word_1_650' title='bbox 3235 4175 3393 4230; x_wconf 84' lang='lat' dir='ltr'><strong>Pater</strong></span> <span class='ocrx_word' id='word_1_651' title='bbox 3421 4193 3508 4231; x_wconf 82' lang='lat' dir='ltr'><strong>as—</strong></span> 
     </span>
    </p>
   </div>
   <div class='ocr_carea' id='block_1_89' title="bbox 1945 4264 3511 4335">
    <p class='ocr_par' dir='ltr' id='par_1_89' title="bbox 1945 4264 3511 4335">
     <span class='ocr_line' id='line_1_89' title="bbox 1945 4264 3511 4335; baseline -0.001 -14"><span class='ocrx_word' id='word_1_652' title='bbox 1945 4275 2215 4334; x_wconf 81' lang='lat' dir='ltr'><strong>sumptatn</strong></span> <span class='ocrx_word' id='word_1_653' title='bbox 2246 4264 2635 4318; x_wconf 82' lang='lat' dir='ltr'><strong>humanitatem</strong></span> <span class='ocrx_word' id='word_1_654' title='bbox 2670 4280 2683 4315; x_wconf 88' lang='lat'><strong>:</strong></span> <span class='ocrx_word' id='word_1_655' title='bbox 2721 4284 2739 4314; x_wconf 78' lang='grc' dir='ltr'><strong>ι</strong></span> <span class='ocrx_word' id='word_1_656' title='bbox 2779 4264 2923 4318; x_wconf 84' lang='lat' dir='ltr'><strong>Dixit</strong></span> <span class='ocrx_word' id='word_1_657' title='bbox 2954 4265 3094 4318; x_wconf 91' lang='lat' dir='ltr'><strong>enim</strong></span> <span class='ocrx_word' id='word_1_658' title='bbox 3120 4306 3135 4330; x_wconf 95' lang='lat'><strong>,</strong></span> <span class='ocrx_word' id='word_1_659' title='bbox 3164 4266 3378 4335; x_wconf 85' lang='lat' dir='ltr'><strong>inquit,</strong></span> <span class='ocrx_word' id='word_1_660' title='bbox 3408 4267 3511 4320; x_wconf 83' lang='lat' dir='ltr'><strong>Du-</strong></span> 
     </span>
    </p>
   </div>
   <div class='ocr_carea' id='block_1_90' title="bbox 1947 4353 3509 4412">
    <p class='ocr_par' dir='ltr' id='par_1_90' title="bbox 1947 4353 3509 4412">
     <span class='ocr_line' id='line_1_90' title="bbox 1947 4353 3509 4412; baseline 0.001 -2"><span class='ocrx_word' id='word_1_661' title='bbox 1947 4357 2125 4410; x_wconf 88' lang='lat' dir='ltr'><strong>minus</strong></span> <span class='ocrx_word' id='word_1_662' title='bbox 2153 4355 2380 4408; x_wconf 87' lang='lat' dir='ltr'><strong>Domino</strong></span> <span class='ocrx_word' id='word_1_663' title='bbox 2407 4369 2529 4407; x_wconf 90' lang='lat' dir='ltr'><strong>meo</strong></span> <span class='ocrx_word' id='word_1_664' title='bbox 2558 4378 2567 4407; x_wconf 88' lang='lat'>:</span> <span class='ocrx_word' id='word_1_665' title='bbox 2607 4353 2744 4407; x_wconf 89' lang='lat' dir='ltr'><strong>Sede</strong></span> <span class='ocrx_word' id='word_1_666' title='bbox 2778 4369 2807 4407; x_wconf 91' lang='lat' dir='ltr'><strong>a</strong></span> <span class='ocrx_word' id='word_1_667' title='bbox 2838 4356 3043 4409; x_wconf 74' lang='lat' dir='ltr'><strong>dextris</strong></span> <span class='ocrx_word' id='word_1_668' title='bbox 3070 4356 3205 4409; x_wconf 84' lang='lat' dir='ltr'><strong>meis</strong></span> <span class='ocrx_word' id='word_1_669' title='bbox 3225 4357 3293 4411; x_wconf 75' lang='lat'><strong>&quot;.</strong></span> <span class='ocrx_word' id='word_1_670' title='bbox 3329 4376 3348 4408; x_wconf 73' lang='grc' dir='ltr'><strong>ι</strong></span> <span class='ocrx_word' id='word_1_671' title='bbox 3381 4355 3509 4412; x_wconf 85' lang='lat' dir='ltr'><strong>Glo-</strong></span> 
     </span>
    </p>
   </div>
   <div class='ocr_carea' id='block_1_91' title="bbox 264 4444 1837 4533">
    <p class='ocr_par' dir='ltr' id='par_1_91' title="bbox 264 4454 1837 4533">
     <span class='ocr_line' id='line_1_91' title="bbox 264 4454 1837 4533; baseline -0.006 -17"><span class='ocrx_word' id='word_1_672' title='bbox 264 4464 329 4516; x_wconf 82' lang='grc' dir='ltr'><strong>τὸ</strong></span> <span class='ocrx_word' id='word_1_673' title='bbox 382 4461 605 4533; x_wconf 81' lang='grc' dir='ltr'>Πνεῦμα</span> <span class='ocrx_word' id='word_1_674' title='bbox 652 4459 924 4514; x_wconf 87' lang='grc' dir='ltr'>κατελθὼν</span> <span class='ocrx_word' id='word_1_675' title='bbox 981 4458 1341 4528; x_wconf 82' lang='grc' dir='ltr'>συνεκρότησε</span> <span class='ocrx_word' id='word_1_676' title='bbox 1393 4454 1571 4519; x_wconf 80' lang='grc' dir='ltr'>δόξαν.</span> <span class='ocrx_word' id='word_1_677' title='bbox 1622 4472 1640 4505; x_wconf 85' lang='grc' dir='ltr'><strong>ι</strong></span> <span class='ocrx_word' id='word_1_678' title='bbox 1678 4454 1837 4507; x_wconf 83' lang='grc' dir='ltr'>Ὅταν</span> 
     </span>
    </p>
   </div>
   <div class='ocr_carea' id='block_1_92' title="bbox 1942 4444 3511 4533">
    <p class='ocr_par' dir='ltr' id='par_1_92' title="bbox 1950 4444 3511 4515">
     <span class='ocr_line' id='line_1_92' title="bbox 1950 4444 3511 4515; baseline -0.002 -13"><span class='ocrx_word' id='word_1_679' title='bbox 1950 4448 2083 4502; x_wconf 90' lang='lat' dir='ltr'><strong>riam</strong></span> <span class='ocrx_word' id='word_1_680' title='bbox 2135 4446 2395 4515; x_wconf 87' lang='lat' dir='ltr'><strong>assumpti</strong></span> <span class='ocrx_word' id='word_1_681' title='bbox 2454 4444 2690 4513; x_wconf 80' lang='lat' dir='ltr'><strong>Spiritus</strong></span> <span class='ocrx_word' id='word_1_682' title='bbox 2742 4445 3075 4499; x_wconf 87' lang='lat' dir='ltr'><strong>descendens</strong></span> <span class='ocrx_word' id='word_1_683' title='bbox 3138 4448 3511 4514; x_wconf 88' lang='lat' dir='ltr'><strong>comparavit:</strong></span> 
     </span>
    </p>
   </div>
   <div class='ocr_carea' id='block_1_93' title="bbox 266 4546 1838 4625">
    <p class='ocr_par' dir='ltr' id='par_1_93' title="bbox 266 4546 1838 4625">
     <span class='ocr_line' id='line_1_93' title="bbox 266 4546 1838 4625; baseline -0.007 -18"><span class='ocrx_word' id='word_1_684' title='bbox 266 4557 402 4625; x_wconf 76' lang='grc' dir='ltr'>γὰρ,</span> <span class='ocrx_word' id='word_1_685' title='bbox 438 4556 624 4624; x_wconf 73' lang='grc' dir='ltr'>φησὶν,</span> <span class='ocrx_word' id='word_1_686' title='bbox 657 4553 785 4623; x_wconf 80' lang='grc' dir='ltr'>ἔλθῃ</span> <span class='ocrx_word' id='word_1_687' title='bbox 826 4552 887 4604; x_wconf 84' lang='grc' dir='ltr'>τὸ</span> <span class='ocrx_word' id='word_1_688' title='bbox 923 4550 1146 4620; x_wconf 88' lang='grc' dir='ltr'>Πνεῦμα</span> <span class='ocrx_word' id='word_1_689' title='bbox 1186 4550 1285 4618; x_wconf 84' lang='grc' dir='ltr'>τῆς</span> <span class='ocrx_word' id='word_1_690' title='bbox 1318 4546 1597 4618; x_wconf 83' lang='grc' dir='ltr'>ἀληθείας,</span> <span class='ocrx_word' id='word_1_691' title='bbox 1635 4547 1838 4607; x_wconf 81' lang='grc' dir='ltr'>ἐκεῖνος</span> 
     </span>
    </p>
   </div>
   <div class='ocr_carea' id='block_1_94' title="bbox 268 4637 1837 4716">
    <p class='ocr_par' dir='ltr' id='par_1_94' title="bbox 268 4637 1837 4716">
     <span class='ocr_line' id='line_1_94' title="bbox 268 4637 1837 4716; baseline -0.007 -17"><span class='ocrx_word' id='word_1_692' title='bbox 268 4648 371 4716; x_wconf 80' lang='grc' dir='ltr'>ἐμὲ</span> <span class='ocrx_word' id='word_1_693' title='bbox 396 4646 631 4711; x_wconf 83' lang='grc' dir='ltr'>δοξάσει.</span> <span class='ocrx_word' id='word_1_694' title='bbox 667 4664 687 4696; x_wconf 76' lang='grc' dir='ltr'><strong>ι</strong></span> <span class='ocrx_word' id='word_1_695' title='bbox 728 4643 914 4697; x_wconf 85' lang='grc' dir='ltr'>Βούλει</span> <span class='ocrx_word' id='word_1_696' title='bbox 952 4644 1046 4696; x_wconf 71' lang='grc' dir='ltr'><strong>καὶ</strong></span> <span class='ocrx_word' id='word_1_697' title='bbox 1082 4641 1248 4711; x_wconf 84' lang='grc' dir='ltr'>ἀλλην</span> <span class='ocrx_word' id='word_1_698' title='bbox 1274 4640 1367 4693; x_wconf 78' lang='grc' dir='ltr'><strong>ἐπὶ</strong></span> <span class='ocrx_word' id='word_1_699' title='bbox 1414 4639 1625 4701; x_wconf 76' lang='grc' dir='ltr'>τούτοις</span> <span class='ocrx_word' id='word_1_700' title='bbox 1656 4637 1837 4699; x_wconf 85' lang='grc' dir='ltr'>αὐτοῖς</span> 
     </span>
    </p>
   </div>
   <div class='ocr_carea' id='block_1_95' title="bbox 266 4728 1837 4808">
    <p class='ocr_par' dir='ltr' id='par_1_95' title="bbox 266 4728 1837 4808">
     <span class='ocr_line' id='line_1_95' title="bbox 266 4728 1837 4808; baseline -0.007 -17"><span class='ocrx_word' id='word_1_701' title='bbox 266 4739 364 4808; x_wconf 82' lang='grc' dir='ltr'>τῆς</span> <span class='ocrx_word' id='word_1_702' title='bbox 391 4737 618 4807; x_wconf 84' lang='grc' dir='ltr'>Τριάδος</span> <span class='ocrx_word' id='word_1_703' title='bbox 652 4736 966 4805; x_wconf 84' lang='grc' dir='ltr'>ὲνέργειαν;</span> <span class='ocrx_word' id='word_1_704' title='bbox 995 4734 1297 4803; x_wconf 78' lang='grc' dir='ltr'>Ἐνῲκησεν</span> <span class='ocrx_word' id='word_1_705' title='bbox 1327 4734 1355 4785; x_wconf 91' lang='lat'><strong>6</strong></span> <span class='ocrx_word' id='word_1_706' title='bbox 1382 4733 1505 4794; x_wconf 80' lang='grc' dir='ltr'>Υἱὸς</span> <span class='ocrx_word' id='word_1_707' title='bbox 1534 4733 1591 4784; x_wconf 84' lang='grc' dir='ltr'><strong>ὲν</strong></span> <span class='ocrx_word' id='word_1_708' title='bbox 1626 4730 1705 4800; x_wconf 78' lang='grc' dir='ltr'>τῷ</span> <span class='ocrx_word' id='word_1_709' title='bbox 1732 4728 1837 4781; x_wconf 84' lang='grc' dir='ltr'><strong>σώ-</strong></span> 
     </span>
    </p>
   </div>
   <div class='ocr_carea' id='block_1_96' title="bbox 268 4822 1840 4899">
    <p class='ocr_par' dir='ltr' id='par_1_96' title="bbox 268 4822 1840 4899">
     <span class='ocr_line' id='line_1_96' title="bbox 268 4822 1840 4899; baseline -0.004 -19"><span class='ocrx_word' id='word_1_710' title='bbox 268 4846 404 4898; x_wconf 73' lang='grc' dir='ltr'>ματι</span> <span class='ocrx_word' id='word_1_711' title='bbox 423 4845 436 4857; x_wconf 89' lang='grc'><strong>·</strong></span> <span class='ocrx_word' id='word_1_712' title='bbox 475 4829 802 4899; x_wconf 80' lang='grc' dir='ltr'>συνέστησεν</span> <span class='ocrx_word' id='word_1_713' title='bbox 825 4831 853 4880; x_wconf 92' lang='lat'><strong>6</strong></span> <span class='ocrx_word' id='word_1_714' title='bbox 884 4826 1072 4896; x_wconf 80' lang='grc' dir='ltr'>Πατὴρ</span> <span class='ocrx_word' id='word_1_715' title='bbox 1099 4824 1488 4895; x_wconf 81' lang='grc' dir='ltr'>βαπτιζόμενον</span> <span class='ocrx_word' id='word_1_716' title='bbox 1508 4840 1519 4851; x_wconf 76' lang='grc'><em>’</em></span> <span class='ocrx_word' id='word_1_717' title='bbox 1555 4822 1840 4875; x_wconf 84' lang='grc' dir='ltr'>διέπλασεν</span> 
     </span>
    </p>
   </div>
   <div class='ocr_carea' id='block_1_97' title="bbox 265 4911 1831 4989">
    <p class='ocr_par' dir='ltr' id='par_1_97' title="bbox 265 4911 1831 4989">
     <span class='ocr_line' id='line_1_97' title="bbox 265 4911 1831 4989; baseline -0.004 -18"><span class='ocrx_word' id='word_1_718' title='bbox 265 4922 326 4970; x_wconf 75' lang='grc' dir='ltr'>ἐν</span> <span class='ocrx_word' id='word_1_719' title='bbox 346 4920 610 4989; x_wconf 79' lang='grc' dir='ltr'>Παρθένῳ</span> <span class='ocrx_word' id='word_1_720' title='bbox 628 4919 688 4971; x_wconf 83' lang='grc' dir='ltr'>τὸ</span> <span class='ocrx_word' id='word_1_721' title='bbox 709 4917 981 4989; x_wconf 83' lang='grc' dir='ltr'>Πνεῦμα.]</span> <span class='ocrx_word' id='word_1_722' title='bbox 1012 4912 1155 4971; x_wconf 74' lang='grc' dir='ltr'>Εἶτα</span> <span class='ocrx_word' id='word_1_723' title='bbox 1178 4914 1365 4969; x_wconf 74' lang='grc' dir='ltr'>πάλιν</span> <span class='ocrx_word' id='word_1_724' title='bbox 1386 4914 1536 4984; x_wconf 68' lang='grc' dir='ltr'>φησι</span> <span class='ocrx_word' id='word_1_725' title='bbox 1560 4912 1691 4980; x_wconf 78' lang='grc' dir='ltr'>περὶ</span> <span class='ocrx_word' id='word_1_726' title='bbox 1714 4911 1831 4965; x_wconf 83' lang='grc' dir='ltr'><strong>τῶν</strong></span> 
     </span>
    </p>
   </div>
   <div class='ocr_carea' id='block_1_98' title="bbox 267 5005 1832 5081">
    <p class='ocr_par' dir='ltr' id='par_1_98' title="bbox 267 5005 1832 5081">
     <span class='ocr_line' id='line_1_98' title="bbox 267 5005 1832 5081; baseline -0.006 -14"><span class='ocrx_word' id='word_1_727' title='bbox 267 5013 454 5081; x_wconf 71' lang='grc' dir='ltr'>ἁγίων</span> <span class='ocrx_word' id='word_1_728' title='bbox 485 5012 842 5064; x_wconf 72' lang='grc' dir='ltr'>ἀποστόλων</span> <span class='ocrx_word' id='word_1_729' title='bbox 865 5027 878 5041; x_wconf 90' lang='grc'><strong>·</strong></span> <span class='ocrx_word' id='word_1_730' title='bbox 906 5009 1000 5081; x_wconf 89' lang='grc' dir='ltr'><strong>[Ὀ</strong></span> <span class='ocrx_word' id='word_1_731' title='bbox 1022 5010 1148 5072; x_wconf 83' lang='grc' dir='ltr'>Υἱὸς</span> <span class='ocrx_word' id='word_1_732' title='bbox 1168 5008 1467 5074; x_wconf 74' lang='grc' dir='ltr'>ἐξελέξατο.</span> <span class='ocrx_word' id='word_1_733' title='bbox 1493 5028 1510 5058; x_wconf 79' lang='grc' dir='ltr'><strong>ι</strong></span> <span class='ocrx_word' id='word_1_734' title='bbox 1536 5005 1675 5074; x_wconf 87' lang='grc' dir='ltr'><strong>Ἐγὼ</strong></span> <span class='ocrx_word' id='word_1_735' title='bbox 1704 5005 1832 5076; x_wconf 80' lang='grc' dir='ltr'>γὰρ,</span> 
     </span>
    </p>
   </div>
   <div class='ocr_carea' id='block_1_99' title="bbox 270 5100 1836 5174">
    <p class='ocr_par' dir='ltr' id='par_1_99' title="bbox 270 5100 1836 5174">
     <span class='ocr_line' id='line_1_99' title="bbox 270 5100 1836 5174; baseline -0.003 -19"><span class='ocrx_word' id='word_1_736' title='bbox 270 5104 459 5173; x_wconf 83' lang='grc' dir='ltr'>φησὶν,</span> <span class='ocrx_word' id='word_1_737' title='bbox 478 5104 621 5174; x_wconf 78' lang='grc' dir='ltr'>ὑμᾶς</span> <span class='ocrx_word' id='word_1_738' title='bbox 639 5102 992 5174; x_wconf 76' lang='grc' dir='ltr'>ἐξελεξάμην.</span> <span class='ocrx_word' id='word_1_739' title='bbox 1027 5123 1045 5154; x_wconf 73' lang='grc' dir='ltr'><strong>ι</strong></span> <span class='ocrx_word' id='word_1_740' title='bbox 1080 5105 1137 5155; x_wconf 88' lang='grc'><strong>’0</strong></span> <span class='ocrx_word' id='word_1_741' title='bbox 1156 5102 1340 5172; x_wconf 75' lang='grc' dir='ltr'>Πατὴρ</span> <span class='ocrx_word' id='word_1_742' title='bbox 1356 5100 1551 5171; x_wconf 74' lang='grc' dir='ltr'>ἡγίασε</span> <span class='ocrx_word' id='word_1_743' title='bbox 1572 5118 1583 5131; x_wconf 88' lang='grc'><strong>·</strong></span> <span class='ocrx_word' id='word_1_744' title='bbox 1610 5118 1629 5151; x_wconf 81' lang='grc' dir='ltr'><strong>ι</strong></span> <span class='ocrx_word' id='word_1_745' title='bbox 1655 5100 1836 5169; x_wconf 83' lang='grc' dir='ltr'>Πάτερ</span> 
     </span>
    </p>
   </div>
   <div class='ocr_carea' id='block_1_100' title="bbox 270 5191 1841 5265">
    <p class='ocr_par' dir='ltr' id='par_1_100' title="bbox 270 5191 1841 5265">
     <span class='ocr_line' id='line_1_100' title="bbox 270 5191 1841 5265; baseline -0.003 -19"><span class='ocrx_word' id='word_1_746' title='bbox 270 5196 401 5265; x_wconf 79' lang='grc' dir='ltr'>γὰρ,</span> <span class='ocrx_word' id='word_1_747' title='bbox 435 5196 620 5264; x_wconf 85' lang='grc' dir='ltr'>φησὶν,</span> <span class='ocrx_word' id='word_1_748' title='bbox 661 5195 885 5263; x_wconf 83' lang='grc' dir='ltr'>ἁγίασον</span> <span class='ocrx_word' id='word_1_749' title='bbox 919 5195 1116 5258; x_wconf 83' lang='grc' dir='ltr'>αὐτοὺς</span> <span class='ocrx_word' id='word_1_750' title='bbox 1142 5196 1201 5247; x_wconf 82' lang='grc' dir='ltr'>ὲν</span> <span class='ocrx_word' id='word_1_751' title='bbox 1228 5196 1294 5264; x_wconf 84' lang='grc' dir='ltr'>τῇ</span> <span class='ocrx_word' id='word_1_752' title='bbox 1324 5193 1551 5263; x_wconf 83' lang='grc' dir='ltr'>ἀληθείᾳ</span> <span class='ocrx_word' id='word_1_753' title='bbox 1573 5209 1685 5244; x_wconf 92' lang='grc' dir='ltr'>σου.</span> <span class='ocrx_word' id='word_1_754' title='bbox 1714 5210 1731 5241; x_wconf 79' lang='grc' dir='ltr'><strong>ι</strong></span> <span class='ocrx_word' id='word_1_755' title='bbox 1768 5191 1841 5243; x_wconf 85' lang='grc' dir='ltr'><strong>Τὸ</strong></span> 
     </span>
    </p>
   </div>
   <div class='ocr_carea' id='block_1_101' title="bbox 274 5282 1216 5357">
    <p class='ocr_par' dir='ltr' id='par_1_101' title="bbox 274 5282 1216 5357">
     <span class='ocr_line' id='line_1_101' title="bbox 274 5282 1216 5357; baseline -0.004 -18"><span class='ocrx_word' id='word_1_756' title='bbox 274 5283 497 5357; x_wconf 84' lang='grc' dir='ltr'>Πνεῦμα</span> <span class='ocrx_word' id='word_1_757' title='bbox 530 5283 899 5339; x_wconf 81' lang='grc' dir='ltr'>κατεσκεύασε</span> <span class='ocrx_word' id='word_1_758' title='bbox 933 5282 1216 5355; x_wconf 75' lang='grc' dir='ltr'>ῥήτορας.]</span> 
     </span>
    </p>
   </div>
   <div class='ocr_carea' id='block_1_102' title="bbox 868 5396 1241 5450">
    <p class='ocr_par' dir='ltr' id='par_1_102' title="bbox 868 5396 1241 5450">
     <span class='ocr_line' id='line_1_102' title="bbox 868 5396 1241 5450; baseline -0.003 0"><span class='ocrx_word' id='word_1_759' title='bbox 868 5397 1119 5450; x_wconf 71' lang='grc' dir='ltr'><strong>ΚΕΦΔΛ.</strong></span> <span class='ocrx_word' id='word_1_760' title='bbox 1161 5396 1241 5449; x_wconf 82' lang='grc' dir='ltr'><strong>Δ’.</strong></span> 
     </span>
    </p>
   </div>
   <div class='ocr_carea' id='block_1_103' title="bbox 340 5502 1837 5579">
    <p class='ocr_par' dir='ltr' id='par_1_103' title="bbox 340 5502 1837 5579">
     <span class='ocr_line' id='line_1_103' title="bbox 340 5502 1837 5579; baseline -0.007 -16"><span class='ocrx_word' id='word_1_761' title='bbox 340 5508 465 5563; x_wconf 83' lang='grc' dir='ltr'>Ὅτι</span> <span class='ocrx_word' id='word_1_762' title='bbox 496 5510 594 5579; x_wconf 82' lang='grc' dir='ltr'><strong>μὲν</strong></span> <span class='ocrx_word' id='word_1_763' title='bbox 616 5505 708 5562; x_wconf 84' lang='grc' dir='ltr'>οὗν</span> <span class='ocrx_word' id='word_1_764' title='bbox 729 5510 929 5577; x_wconf 75' lang='grc' dir='ltr'>ἀσοφός</span> <span class='ocrx_word' id='word_1_765' title='bbox 951 5525 1010 5561; x_wconf 91' lang='grc' dir='ltr'><strong>τε</strong></span> <span class='ocrx_word' id='word_1_766' title='bbox 1040 5509 1135 5560; x_wconf 75' lang='grc' dir='ltr'><strong>καὶ</strong></span> <span class='ocrx_word' id='word_1_767' title='bbox 1157 5504 1400 5577; x_wconf 80' lang='grc' dir='ltr'>ἀτερπὴς</span> <span class='ocrx_word' id='word_1_768' title='bbox 1430 5506 1457 5557; x_wconf 89' lang='lat'><strong>6</strong></span> <span class='ocrx_word' id='word_1_769' title='bbox 1493 5504 1712 5574; x_wconf 84' lang='grc' dir='ltr'>σύμπας</span> <span class='ocrx_word' id='word_1_770' title='bbox 1740 5502 1837 5554; x_wconf 86' lang='grc' dir='ltr'>αύ-</span> 
     </span>
    </p>
   </div>
   <div class='ocr_carea' id='block_1_104' title="bbox 338 5652 1837 5729">
    <p class='ocr_par' dir='ltr' id='par_1_104' title="bbox 338 5659 1837 5729">
     <span class='ocr_line' id='line_1_104' title="bbox 338 5659 1837 5729; baseline -0.003 -11"><span class='ocrx_word' id='word_1_771' title='bbox 338 5667 384 5699; x_wconf 76' lang='lat'>“</span> <span class='ocrx_word' id='word_1_772' title='bbox 425 5665 582 5719; x_wconf 74' lang='lat' dir='ltr'><strong>Rom.</strong></span> <span class='ocrx_word' id='word_1_773' title='bbox 611 5680 687 5727; x_wconf 81' lang='grc' dir='ltr'>ιι,</span> <span class='ocrx_word' id='word_1_774' title='bbox 715 5665 804 5720; x_wconf 75' lang='lat'><strong>35.</strong></span> <span class='ocrx_word' id='word_1_775' title='bbox 881 5665 999 5697; x_wconf 70' lang='grc'>⁸³⁸⁸⁵</span> <span class='ocrx_word' id='word_1_776' title='bbox 1039 5663 1055 5717; x_wconf 98' lang='grc' dir='ltr'><strong>Ι</strong></span> <span class='ocrx_word' id='word_1_777' title='bbox 1095 5664 1221 5719; x_wconf 88' lang='lat' dir='ltr'><strong>Cor.</strong></span> <span class='ocrx_word' id='word_1_778' title='bbox 1260 5680 1351 5729; x_wconf 78' lang='lat' dir='ltr'><strong>xv,</strong></span> <span class='ocrx_word' id='word_1_779' title='bbox 1386 5664 1467 5717; x_wconf 90' lang='lat' dir='ltr'><strong>l0.</strong></span> <span class='ocrx_word' id='word_1_780' title='bbox 1547 5662 1593 5694; x_wconf 85' lang='lat'><strong>&quot;</strong></span> <span class='ocrx_word' id='word_1_781' title='bbox 1630 5659 1782 5717; x_wconf 76' lang='lat' dir='ltr'><strong>Joan.</strong></span> <span class='ocrx_word' id='word_1_782' title='bbox 1828 5676 1837 5713; x_wconf 96' lang='lat' dir='ltr'><strong>l</strong></span> 
     </span>
    </p>
   </div>
   <div class='ocr_carea' id='block_1_105' title="bbox 1942 5652 2509 5729">
    <p class='ocr_par' dir='ltr' id='par_1_105' title="bbox 1942 5652 2509 5718">
     <span class='ocr_line' id='line_1_105' title="bbox 1942 5652 2509 5718; baseline -0.009 -8"><span class='ocrx_word' id='word_1_783' title='bbox 1942 5657 1984 5713; x_wconf 76' lang='grc' dir='ltr'>ι.</span> <span class='ocrx_word' id='word_1_784' title='bbox 2063 5654 2106 5687; x_wconf 73' lang='grc'><strong>⁵⁸</strong></span> <span class='ocrx_word' id='word_1_785' title='bbox 2147 5652 2285 5709; x_wconf 77' lang='lat' dir='ltr'><strong>Psal.</strong></span> <span class='ocrx_word' id='word_1_786' title='bbox 2322 5668 2428 5718; x_wconf 80' lang='lat' dir='ltr'><strong>crx,</strong></span> <span class='ocrx_word' id='word_1_787' title='bbox 2461 5653 2509 5706; x_wconf 86' lang='lat' dir='ltr'><strong>l.</strong></span> 
     </span>
    </p>
   </div>
   <div class='ocr_carea' id='block_1_106' title="bbox 294 5735 1096 5799">
    <p class='ocr_par' dir='ltr' id='par_1_106' title="bbox 294 5735 1096 5799">
     <span class='ocr_line' id='line_1_106' title="bbox 294 5735 1096 5799; baseline -0.005 -10"><span class='ocrx_word' id='word_1_788' title='bbox 294 5751 383 5798; x_wconf 79' lang='lat' dir='ltr'><strong>xv,</strong></span> <span class='ocrx_word' id='word_1_789' title='bbox 417 5738 502 5791; x_wconf 73' lang='lat'><strong>16.</strong></span> <span class='ocrx_word' id='word_1_790' title='bbox 577 5739 620 5765; x_wconf 69' lang='grc' dir='ltr'>δ’</span> <span class='ocrx_word' id='word_1_791' title='bbox 654 5737 811 5790; x_wconf 75' lang='lat' dir='ltr'><strong>Joau.</strong></span> <span class='ocrx_word' id='word_1_792' title='bbox 847 5751 975 5799; x_wconf 74' lang='lat' dir='ltr'><strong>xvn,</strong></span> <span class='ocrx_word' id='word_1_793' title='bbox 1008 5735 1096 5788; x_wconf 82' lang='lat' dir='ltr'><strong>l7.</strong></span> 
     </span>
    </p>
   </div>
   <div class='ocr_carea' id='block_1_107' title="bbox 510 5826 1259 5891">
    <p class='ocr_par' dir='ltr' id='par_1_107' title="bbox 510 5826 1259 5891">
     <span class='ocr_line' id='line_1_107' title="bbox 510 5826 1259 5891; baseline -0.003 -2"><span class='ocrx_word' id='word_1_794' title='bbox 510 5830 780 5891; x_wconf 72' lang='grc' dir='ltr'><strong>Ρηιιυι..</strong></span> <span class='ocrx_word' id='word_1_795' title='bbox 828 5828 944 5889; x_wconf 79' lang='lat' dir='ltr'><strong>Gn.</strong></span> <span class='ocrx_word' id='word_1_796' title='bbox 988 5826 1259 5887; x_wconf 74' lang='lat' dir='ltr'><strong>LXXVI.</strong></span> 
     </span>
    </p>
   </div>
   <div class='ocr_carea' id='block_1_108' title="bbox 1953 4535 3515 4606">
    <p class='ocr_par' dir='ltr' id='par_1_108' title="bbox 1953 4535 3515 4606">
     <span class='ocr_line' id='line_1_108' title="bbox 1953 4535 3515 4606; baseline 0 -15"><span class='ocrx_word' id='word_1_797' title='bbox 1953 4564 1971 4591; x_wconf 80' lang='grc' dir='ltr'><strong>ι</strong></span> <span class='ocrx_word' id='word_1_798' title='bbox 2003 4540 2137 4596; x_wconf 87' lang='lat' dir='ltr'><strong>Cum</strong></span> <span class='ocrx_word' id='word_1_799' title='bbox 2168 4539 2397 4604; x_wconf 88' lang='lat' dir='ltr'><strong>venerit,</strong></span> <span class='ocrx_word' id='word_1_800' title='bbox 2438 4539 2631 4606; x_wconf 78' lang='lat' dir='ltr'><strong>inquit,</strong></span> <span class='ocrx_word' id='word_1_801' title='bbox 2681 4535 2914 4603; x_wconf 87' lang='lat' dir='ltr'><strong>Spiritus</strong></span> <span class='ocrx_word' id='word_1_802' title='bbox 2962 4536 3227 4600; x_wconf 87' lang='lat' dir='ltr'><strong>veritatis,</strong></span> <span class='ocrx_word' id='word_1_803' title='bbox 3284 4537 3373 4592; x_wconf 93' lang='lat' dir='ltr'><strong>ille</strong></span> <span class='ocrx_word' id='word_1_804' title='bbox 3430 4554 3515 4591; x_wconf 83' lang='lat' dir='ltr'><strong>me</strong></span> 
     </span>
    </p>
   </div>
   <div class='ocr_carea' id='block_1_109' title="bbox 1947 4627 3513 4703">
    <p class='ocr_par' dir='ltr' id='par_1_109' title="bbox 1947 4627 3513 4703">
     <span class='ocr_line' id='line_1_109' title="bbox 1947 4627 3513 4703; baseline -0.003 -18"><span class='ocrx_word' id='word_1_805' title='bbox 1947 4630 2356 4703; x_wconf 76' lang='lat' dir='ltr'><strong>gloriﬁcabit&quot;.</strong></span> <span class='ocrx_word' id='word_1_806' title='bbox 2397 4649 2416 4681; x_wconf 76' lang='grc' dir='ltr'><strong>ι</strong></span> <span class='ocrx_word' id='word_1_807' title='bbox 2453 4628 2619 4683; x_wconf 88' lang='lat' dir='ltr'><strong>Visne</strong></span> <span class='ocrx_word' id='word_1_808' title='bbox 2665 4628 2829 4682; x_wconf 91' lang='lat' dir='ltr'><strong>etiam</strong></span> <span class='ocrx_word' id='word_1_809' title='bbox 2863 4627 3022 4680; x_wconf 89' lang='lat' dir='ltr'><strong>aliam</strong></span> <span class='ocrx_word' id='word_1_810' title='bbox 3057 4628 3122 4680; x_wconf 91' lang='lat' dir='ltr'><strong>ad</strong></span> <span class='ocrx_word' id='word_1_811' title='bbox 3148 4629 3261 4682; x_wconf 70' lang='lat' dir='ltr'><strong>haec</strong></span> <span class='ocrx_word' id='word_1_812' title='bbox 3294 4629 3513 4697; x_wconf 81' lang='lat' dir='ltr'><strong>adjicia-</strong></span> 
     </span>
    </p>
   </div>
   <div class='ocr_carea' id='block_1_110' title="bbox 1949 4718 3512 4780">
    <p class='ocr_par' dir='ltr' id='par_1_110' title="bbox 1949 4718 3512 4780">
     <span class='ocr_line' id='line_1_110' title="bbox 1949 4718 3512 4780; baseline -0.004 -1"><span class='ocrx_word' id='word_1_813' title='bbox 1949 4740 2067 4780; x_wconf 90' lang='lat' dir='ltr'><strong>mus</strong></span> <span class='ocrx_word' id='word_1_814' title='bbox 2092 4722 2374 4777; x_wconf 87' lang='lat' dir='ltr'><strong>Trinitatis</strong></span> <span class='ocrx_word' id='word_1_815' title='bbox 2403 4721 2741 4775; x_wconf 82' lang='lat' dir='ltr'><strong>cllicientiam</strong></span> <span class='ocrx_word' id='word_1_816' title='bbox 2761 4720 2784 4772; x_wconf 89' lang='lat'><strong>?</strong></span> <span class='ocrx_word' id='word_1_817' title='bbox 2805 4719 3077 4773; x_wconf 84' lang='lat' dir='ltr'><strong>llabitavit</strong></span> <span class='ocrx_word' id='word_1_818' title='bbox 3106 4718 3273 4774; x_wconf 89' lang='lat' dir='ltr'><strong>Filius</strong></span> <span class='ocrx_word' id='word_1_819' title='bbox 3306 4722 3357 4774; x_wconf 89' lang='lat' dir='ltr'><strong>in</strong></span> <span class='ocrx_word' id='word_1_820' title='bbox 3388 4736 3512 4775; x_wconf 86' lang='lat' dir='ltr'><strong>cor-</strong></span> 
     </span>
    </p>
   </div>
   <div class='ocr_carea' id='block_1_111' title="bbox 1948 4808 3517 4885">
    <p class='ocr_par' dir='ltr' id='par_1_111' title="bbox 1948 4808 3517 4885">
     <span class='ocr_line' id='line_1_111' title="bbox 1948 4808 3517 4885; baseline -0.004 -15"><span class='ocrx_word' id='word_1_821' title='bbox 1948 4830 2117 4885; x_wconf 90' lang='lat' dir='ltr'><strong>pore:</strong></span> <span class='ocrx_word' id='word_1_822' title='bbox 2154 4811 2552 4869; x_wconf 81' lang='lat' dir='ltr'><strong>commendarit</strong></span> <span class='ocrx_word' id='word_1_823' title='bbox 2597 4811 2922 4878; x_wconf 85' lang='lat' dir='ltr'><strong>baptizatum</strong></span> <span class='ocrx_word' id='word_1_824' title='bbox 2968 4808 3163 4876; x_wconf 87' lang='lat' dir='ltr'><strong>Pater;</strong></span> <span class='ocrx_word' id='word_1_825' title='bbox 3210 4808 3517 4864; x_wconf 74' lang='lat' dir='ltr'><strong>eﬂ‘ormavit</strong></span> 
     </span>
    </p>
   </div>
   <div class='ocr_carea' id='block_1_112' title="bbox 1948 4898 3511 4974">
    <p class='ocr_par' dir='ltr' id='par_1_112' title="bbox 1948 4898 3511 4974">
     <span class='ocr_line' id='line_1_112' title="bbox 1948 4898 3511 4974; baseline -0.004 -12"><span class='ocrx_word' id='word_1_826' title='bbox 1948 4923 2069 4962; x_wconf 83' lang='lat' dir='ltr'><strong>eum</strong></span> <span class='ocrx_word' id='word_1_827' title='bbox 2099 4908 2149 4960; x_wconf 92' lang='lat' dir='ltr'><strong>in</strong></span> <span class='ocrx_word' id='word_1_828' title='bbox 2184 4904 2399 4974; x_wconf 83' lang='lat' dir='ltr'><strong>Virgine</strong></span> <span class='ocrx_word' id='word_1_829' title='bbox 2431 4898 2713 4970; x_wconf 88' lang='lat' dir='ltr'><strong>Spiritus.|</strong></span> <span class='ocrx_word' id='word_1_830' title='bbox 2740 4898 2935 4953; x_wconf 80' lang='lat' dir='ltr'><strong>Deinde</strong></span> <span class='ocrx_word' id='word_1_831' title='bbox 2970 4916 3153 4952; x_wconf 75' lang='lat' dir='ltr'><strong>rursus</strong></span> <span class='ocrx_word' id='word_1_832' title='bbox 3188 4901 3262 4953; x_wconf 84' lang='lat' dir='ltr'><strong>ait</strong></span> <span class='ocrx_word' id='word_1_833' title='bbox 3292 4900 3355 4955; x_wconf 81' lang='lat' dir='ltr'><strong>de</strong></span> <span class='ocrx_word' id='word_1_834' title='bbox 3386 4918 3511 4956; x_wconf 73' lang='lat' dir='ltr'><strong>san-</strong></span> 
     </span>
    </p>
   </div>
   <div class='ocr_carea' id='block_1_113' title="bbox 1944 4993 3512 5067">
    <p class='ocr_par' dir='ltr' id='par_1_113' title="bbox 1944 4993 3512 5067">
     <span class='ocr_line' id='line_1_113' title="bbox 1944 4993 3512 5067; baseline -0.003 -14"><span class='ocrx_word' id='word_1_835' title='bbox 1944 5000 2041 5053; x_wconf 76' lang='lat' dir='ltr'><strong>ctis</strong></span> <span class='ocrx_word' id='word_1_836' title='bbox 2070 4997 2359 5067; x_wconf 80' lang='lat' dir='ltr'><strong>apostolis:</strong></span> <span class='ocrx_word' id='word_1_837' title='bbox 2388 4993 2584 5067; x_wconf 74' lang='lat' dir='ltr'><strong>[Filius</strong></span> <span class='ocrx_word' id='word_1_838' title='bbox 2616 4994 2778 5062; x_wconf 79' lang='lat' dir='ltr'><strong>elegit</strong></span> <span class='ocrx_word' id='word_1_839' title='bbox 2808 5008 2823 5045; x_wconf 90' lang='lat'><strong>:</strong></span> <span class='ocrx_word' id='word_1_840' title='bbox 2860 5010 2879 5043; x_wconf 84' lang='grc' dir='ltr'><strong>ι</strong></span> <span class='ocrx_word' id='word_1_841' title='bbox 2919 4993 3029 5062; x_wconf 85' lang='lat' dir='ltr'><strong>Ego</strong></span> <span class='ocrx_word' id='word_1_842' title='bbox 3075 4994 3220 5047; x_wconf 91' lang='lat' dir='ltr'><strong>enim</strong></span> <span class='ocrx_word' id='word_1_843' title='bbox 3242 5034 3257 5057; x_wconf 92' lang='lat'><strong>,</strong></span> <span class='ocrx_word' id='word_1_844' title='bbox 3301 4994 3512 5065; x_wconf 85' lang='lat' dir='ltr'><strong>inquit,</strong></span> 
     </span>
    </p>
   </div>
   <div class='ocr_carea' id='block_1_114' title="bbox 1945 5080 3515 5157">
    <p class='ocr_par' dir='ltr' id='par_1_114' title="bbox 1945 5080 3515 5157">
     <span class='ocr_line' id='line_1_114' title="bbox 1945 5080 3515 5157; baseline -0.003 -14"><span class='ocrx_word' id='word_1_845' title='bbox 1945 5089 2079 5157; x_wconf 88' lang='lat' dir='ltr'><strong>elegi</strong></span> <span class='ocrx_word' id='word_1_846' title='bbox 2102 5102 2195 5142; x_wconf 89' lang='lat' dir='ltr'><strong>vos</strong></span> <span class='ocrx_word' id='word_1_847' title='bbox 2215 5086 2260 5117; x_wconf 70' lang='grc'><strong>⁸⁸</strong></span> <span class='ocrx_word' id='word_1_848' title='bbox 2280 5123 2295 5138; x_wconf 94' lang='grc'><strong>.</strong></span> <span class='ocrx_word' id='word_1_849' title='bbox 2323 5104 2341 5137; x_wconf 79' lang='grc' dir='ltr'><strong>ι</strong></span> <span class='ocrx_word' id='word_1_850' title='bbox 2368 5084 2528 5138; x_wconf 76' lang='lat' dir='ltr'><strong>Pater</strong></span> <span class='ocrx_word' id='word_1_851' title='bbox 2549 5082 2934 5137; x_wconf 81' lang='lat' dir='ltr'><strong>sanctiﬁcavit:</strong></span> <span class='ocrx_word' id='word_1_852' title='bbox 2959 5080 3375 5151; x_wconf 70' lang='lat' dir='ltr'><strong>«Pater,iuquit,</strong></span> <span class='ocrx_word' id='word_1_853' title='bbox 3393 5099 3515 5139; x_wconf 81' lang='lat' dir='ltr'><strong>sau-</strong></span> 
     </span>
    </p>
   </div>
   <div class='ocr_carea' id='block_1_115' title="bbox 1946 5173 3516 5243">
    <p class='ocr_par' dir='ltr' id='par_1_115' title="bbox 1946 5173 3516 5243">
     <span class='ocr_line' id='line_1_115' title="bbox 1946 5173 3516 5243; baseline -0.003 -8"><span class='ocrx_word' id='word_1_854' title='bbox 1946 5182 2126 5236; x_wconf 86' lang='lat' dir='ltr'><strong>ctilica</strong></span> <span class='ocrx_word' id='word_1_855' title='bbox 2158 5194 2253 5233; x_wconf 91' lang='lat' dir='ltr'><strong>eos</strong></span> <span class='ocrx_word' id='word_1_856' title='bbox 2279 5178 2333 5233; x_wconf 92' lang='lat' dir='ltr'><strong>in</strong></span> <span class='ocrx_word' id='word_1_857' title='bbox 2366 5179 2591 5231; x_wconf 89' lang='lat' dir='ltr'><strong>veritate</strong></span> <span class='ocrx_word' id='word_1_858' title='bbox 2618 5185 2704 5229; x_wconf 87' lang='lat' dir='ltr'><strong>tua</strong></span> <span class='ocrx_word' id='word_1_859' title='bbox 2738 5175 2804 5232; x_wconf 75' lang='lat'><strong>&quot;.</strong></span> <span class='ocrx_word' id='word_1_860' title='bbox 2843 5194 2861 5225; x_wconf 71' lang='grc' dir='ltr'><strong>ι</strong></span> <span class='ocrx_word' id='word_1_861' title='bbox 2905 5173 3142 5243; x_wconf 87' lang='lat' dir='ltr'><strong>Spiritus</strong></span> <span class='ocrx_word' id='word_1_862' title='bbox 3181 5175 3359 5229; x_wconf 80' lang='lat' dir='ltr'><strong>eﬂecit</strong></span> <span class='ocrx_word' id='word_1_863' title='bbox 3392 5193 3516 5231; x_wconf 87' lang='lat' dir='ltr'><strong>ora-</strong></span> 
     </span>
    </p>
   </div>
   <div class='ocr_carea' id='block_1_116' title="bbox 1949 5270 2154 5342">
    <p class='ocr_par' dir='ltr' id='par_1_116' title="bbox 1949 5270 2154 5342">
     <span class='ocr_line' id='line_1_116' title="bbox 1949 5270 2154 5342; baseline -0.015 -13"><span class='ocrx_word' id='word_1_864' title='bbox 1949 5284 2111 5329; x_wconf 89' lang='lat' dir='ltr'><strong>tores.</strong></span> <span class='ocrx_word' id='word_1_865' title='bbox 2134 5270 2154 5342; x_wconf 87' lang='lat'><strong>]</strong></span> 
     </span>
    </p>
   </div>
   <div class='ocr_carea' id='block_1_117' title="bbox 2612 5376 2848 5432">
    <p class='ocr_par' dir='ltr' id='par_1_117' title="bbox 2612 5376 2848 5432">
     <span class='ocr_line' id='line_1_117' title="bbox 2612 5376 2848 5432; baseline 0 0"><span class='ocrx_word' id='word_1_866' title='bbox 2612 5376 2766 5432; x_wconf 79' lang='lat' dir='ltr'><strong>CAP.</strong></span> <span class='ocrx_word' id='word_1_867' title='bbox 2807 5376 2848 5432; x_wconf 92' lang='grc' dir='ltr'><strong>Ι.</strong></span> 
     </span>
    </p>
   </div>
   <div class='ocr_carea' id='block_1_118' title="bbox 2017 5489 3513 5565">
    <p class='ocr_par' dir='ltr' id='par_1_118' title="bbox 2017 5489 3513 5565">
     <span class='ocr_line' id='line_1_118' title="bbox 2017 5489 3513 5565; baseline -0.006 -13"><span class='ocrx_word' id='word_1_868' title='bbox 2017 5498 2209 5553; x_wconf 86' lang='lat' dir='ltr'><strong>Totum</strong></span> <span class='ocrx_word' id='word_1_869' title='bbox 2270 5495 2488 5565; x_wconf 88' lang='lat' dir='ltr'><strong>quidem</strong></span> <span class='ocrx_word' id='word_1_870' title='bbox 2550 5504 2858 5548; x_wconf 86' lang='lat' dir='ltr'><strong>sermonem</strong></span> <span class='ocrx_word' id='word_1_871' title='bbox 2895 5489 2966 5547; x_wconf 86' lang='lat' dir='ltr'><strong>ab</strong></span> <span class='ocrx_word' id='word_1_872' title='bbox 3017 5505 3084 5548; x_wconf 89' lang='lat' dir='ltr'><strong>eo</strong></span> <span class='ocrx_word' id='word_1_873' title='bbox 3132 5491 3411 5558; x_wconf 85' lang='lat' dir='ltr'><strong>habitum,</strong></span> <span class='ocrx_word' id='word_1_874' title='bbox 3458 5500 3513 5544; x_wconf 91' lang='lat' dir='ltr'><strong>et</strong></span> 
     </span>
    </p>
   </div>
   <div class='ocr_carea' id='block_1_119' title="bbox 2589 5643 3512 5715">
    <p class='ocr_par' dir='ltr' id='par_1_119' title="bbox 2589 5643 3512 5715">
     <span class='ocr_line' id='line_1_119' title="bbox 2589 5643 3512 5715; baseline -0.007 -9"><span class='ocrx_word' id='word_1_875' title='bbox 2589 5649 2630 5685; x_wconf 73' lang='grc'>⁸⁷</span> <span class='ocrx_word' id='word_1_876' title='bbox 2670 5647 2825 5705; x_wconf 78' lang='lat' dir='ltr'><strong>Joan.</strong></span> <span class='ocrx_word' id='word_1_877' title='bbox 2860 5660 2971 5714; x_wconf 79' lang='lat' dir='ltr'><strong>xvr,</strong></span> <span class='ocrx_word' id='word_1_878' title='bbox 3002 5645 3197 5715; x_wconf 73' lang='lat'><strong>15,”.</strong></span> <span class='ocrx_word' id='word_1_879' title='bbox 3277 5646 3319 5677; x_wconf 62' lang='grc' dir='ltr'><strong>ιο</strong></span> <span class='ocrx_word' id='word_1_880' title='bbox 3356 5643 3512 5700; x_wconf 83' lang='lat' dir='ltr'><strong>Joau.</strong></span> 
     </span>
    </p>
   </div>
   <div class='ocr_carea' id='block_1_120' title="bbox 3085 5800 3121 5868">
    <p class='ocr_par' dir='ltr' id='par_1_120' title="bbox 3085 5800 3121 5868">
     <span class='ocr_line' id='line_1_120' title="bbox 3085 5800 3121 5868; baseline 0 0"><span class='ocrx_word' id='word_1_881' title='bbox 3085 5800 3121 5868; x_wconf 83' lang='grc' dir='ltr'><strong>θ</strong></span> 
     </span>
    </p>
   </div>
  </div>
