4054 6332
550 349 649 417 {7i

1579 353 1635 408 S.
1677 349 1958 407 CVRILLI
1998 342 2469 401 ALEXANDRINI
2512 338 2830 395 ARClllEP.

3689 332 3801 388 ιτς

548 478 861 550 imperitum
887 492 1007 534 esse
1060 487 1115 533 et
1154 476 1484 543 molestum,
1536 474 1850 530 facillimum
1896 482 1979 527 est
2023 487 2115 527 os-

2222 468 2298 540 τῷ
2327 466 2625 537 πεποίηται
2648 463 2827 532 λόγος,
2859 455 3171 521 καταδεῖξαι
3212 455 3361 527 ρᾷον·
3402 448 3705 550 παραπαίει
3737 450 3799 506 δὲ

549 571 770 625 tendere
807 585 820 621 :
865 570 961 624 sed
988 570 1041 623 in
1097 583 1163 623 co
1215 568 1484 637 quomodo
1530 567 1699 622 etiam
1746 567 1979 619 insaniat
2018 580 2113 618 ex-

548 678 770 731 ponam.
808 662 926 718 Uua
949 671 1032 717 est
1061 660 1204 715 enim
1238 659 1537 715 divinitatis
1569 669 1783 722 natura,
1820 657 1913 712 sed
1939 657 2113 710 subsi-

547 754 643 809 stit
673 754 892 822 proprie
926 768 989 808 ac
1021 751 1366 821 singulariter
1387 749 1572 815 Pater,
1593 759 1649 805 et
1675 746 1868 812 Filius.
1903 746 2115 802 itidem-

549 861 656 916 que
686 845 925 915 Spiritus
956 863 969 900 :
996 844 1303 900 eﬂiciuntur
1330 851 1513 898 autem
1547 842 1732 898 omnia
1761 856 1791 895 a
1839 836 2024 906 Patre,
2062 849 2117 894 et

548 952 647 1007 per
671 937 867 992 Filium
916 937 970 991 in
1014 936 1255 1006 Spiritu;
1304 944 1359 991 et
1399 935 1523 990 dum
1550 933 1710 989 Pater
1761 940 2009 987 movetur
2048 929 2117 985 ad

548 1025 1227 1097 eliicientiamaliquormn,
1250 1024 1440 1093 procul
1473 1023 1634 1080 dubio
1665 1021 1823 1078 elIicit
1864 1019 2034 1077 Filius
2063 1020 2116 1074 in

552 1116 759 1186 Spiritu
801 1135 813 1170 :
842 1126 898 1171 et
920 1116 967 1171 si
994 1115 1122 1186 quid
1150 1115 1319 1172 Filius
1344 1115 1615 1186 complere
1637 1114 1835 1170 dicitur
1871 1123 1963 1167 aut
1994 1111 2117 1182 Spi-

551 1208 712 1273 ritus,
747 1208 849 1263 hoc
881 1222 1013 1262 sane
1040 1222 1264 1277 prorsus
1290 1216 1465 1263 estex
1492 1206 1670 1270 Patre.
1718 1220 1783 1260 ac
1823 1220 1919 1275 per
1948 1214 2115 1260 totam

553 1296 730 1367 pergit
767 1307 1011 1352 sanctam
1046 1306 1101 1353 et
1149 1298 1664 1353 consubstantialem
1704 1297 2023 1352 Trinitatem
2060 1297 2115 1351 in

549 1404 933 1458 quamcunque
969 1404 1083 1445 rem
1115 1392 1340 1446 tendens
1369 1391 1610 1459 operatio
1642 1399 1806 1460 atque
1847 1390 2114 1446 voluntas.

554 1480 936 1535 Verumtamen
966 1481 1021 1535 in
1054 1481 1139 1535 his
1175 1480 1303 1535 illud
1336 1482 1624 1536 dicendum
1670 1490 1772 1537 est.
1819 1480 1955 1537 Vide
2000 1496 2119 1534 rur-

549 1587 668 1624 sum
704 1581 763 1624 ut
794 1582 981 1640 aperte
1028 1580 1083 1626 et
1113 1572 1414 1639 evidenter,
1449 1574 1698 1641 quamvis
1744 1572 1873 1626 illud
1897 1588 1963 1627 cx
2010 1572 2118 1626 Deo

548 1662 708 1715 l‘atrc
737 1662 971 1716 Verbum
1027 1662 1229 1718 factum
1282 1679 1405 1719 esse
1448 1680 1665 1719 carnem
1710 1666 1890 1731 dicat,
1939 1674 2117 1719 tamen

550 1762 862 1821 corrumpat
909 1754 1015 1807 vim
1070 1756 1463 1812 sententiarum
1520 1767 1575 1811 et
1625 1771 1657 1810 a
1704 1767 1855 1812 recto
1903 1757 2120 1813 tramite

2217 565 2319 619 κάν
2353 561 2550 628 τούτῳ,
2591 556 2686 610 καὶ
2714 556 2884 619 ὅπως,
2919 549 3047 621 ὲρῶ.
3084 547 3201 602 Μία
3247 545 3346 616 μὲν
3385 543 3495 615 γὰρ
3541 541 3801 611 θεότητος

2217 653 2399 723 φύσις,
2430 648 2704 717 ὑφέστηκε
2735 644 2791 696 δὲ
2830 639 3013 703 ίδικῶς
3047 638 3075 690 6
3107 635 3318 705 Πατὴρ,
3346 632 3443 686 καὶ
3491 630 3674 723 μέντοι
3702 629 3802 723 καὶ

2214 719 2243 800 ό
2269 744 2416 806 Υἱὸς,
2457 737 2658 811 ὁμοίως
2686 736 2741 789 δὲ
2771 732 2865 787 καὶ
2891 731 2954 785 τὸ
2982 727 3227 798 Πνεῦμα.
3261 721 3567 797 Πράττεταί
3593 737 3657 790 γε
3686 719 3801 791 μὴν

2215 837 2286 891 τὰ
2319 835 2493 889 πάντα
2527 827 2680 902 παρὰ
2724 823 2960 896 Πατρός,
2987 820 3083 876 καὶ
3116 820 3184 874 δι’
3216 817 3348 872 Υίοῦ
3395 817 3453 869 ὲν
3484 813 3798 883 Πνεῦματι·

2218 927 2313 982 καὶ
2344 920 2457 979 οἷον
2506 918 2872 990 κεκινημένου
2903 914 2999 968 τοῦ
3034 909 3249 981 Πατρός
3277 909 3357 971 εἰς
3394 905 3676 977 ἐνέργειαν
3695 902 3801 973 τὴν

2218 1020 2311 1075 ἐπί
2348 1033 2512 1084 τισιν,
2556 1014 2771 1084 ἐνεργεῖ
2804 1010 2860 1063 δὲ
2901 1009 3117 1071 πάντως
3158 1005 3187 1058 6
3218 1001 3342 1064 Υἱὸς
3383 1001 3443 1055 ὲν
3474 997 3755 1069 Πνεύματι
3780 1012 3797 1028 ο

2216 1114 2322 1169 κᾶν
2368 1110 2422 1164 εῐ
2467 1125 2523 1162 τι
2567 1104 2778 1174 λέγοιτο
2814 1099 3058 1174 πληροῦν
3110 1098 3139 1150 6
3174 1095 3306 1158 Υἱὸς
3349 1094 3384 1164 ἢ
3432 1092 3495 1146 τὸ
3548 1090 3797 1160 Πνεῦμα,

2216 1207 2375 1263 τοῦτο
2419 1204 2485 1277 δὴ
2515 1202 2733 1265 πάντως
2777 1198 2927 1252 ἐστὶν
2964 1198 3029 1252 ἐκ
3068 1195 3303 1268 Πατρός,
3342 1193 3435 1247 καὶ
3481 1190 3568 1245 διὰ
3614 1190 3799 1259 πάσης

2217 1297 2442 1367 ἔρχεται
2494 1294 2594 1364 τῆς
2649 1291 2813 1361 ἁγίας
2859 1289 2957 1344 καλ⁵
3007 1288 3295 1359 όμοουσίου
3329 1283 3589 1355 Τριάδος,
3633 1282 3667 1351 ἡ
3714 1282 3795 1343 εἰς

2225 1392 2332 1444 πᾶν
2377 1386 2557 1442 ὁτιοῦν
2585 1383 2836 1456 ἐνέργειά
2888 1399 2950 1434 τε
2994 1381 3089 1434 καὶ
3137 1379 3409 1451 βούλησις.
3445 1374 3592 1445 Πλὴν
3636 1373 3693 1426 ἐν
3732 1388 3796 1438 γε

2218 1480 2427 1542 τούτοις
2466 1475 2643 1531 ἐκεῖνό
2687 1490 2886 1545 φαμεν.
2926 1471 3116 1542 ΙἈθρει
3155 1470 3220 1541 δὴ
3249 1468 3448 1530 πάλιν,
3493 1464 3568 1528 ώς
3610 1462 3796 1529 σαφῶς

2218 1590 2278 1625 τε
2322 1571 2415 1624 καὶ
2458 1566 2737 1639 ἐναργῶς,
2779 1565 2955 1618 καίτοι
2992 1562 3171 1632 σάρκα
3212 1560 3387 1627 λέγων
3432 1557 3521 1611 τὸν
3566 1557 3630 1608 ὲκ
3660 1551 3799 1606 Θεοῦ

2220 1660 2549 1729 γεγενῆσθαι
2595 1656 2787 1725 Λόγον,
2818 1654 2918 1725 τὴν
2954 1653 3064 1706 τῶν
3116 1651 3335 1705 ἐννοιῶν
3388 1645 3799 1719 παρασημαίνει

2220 1753 2469 1824 δύναμιν,
2496 1750 2591 1805 καὶ
2610 1748 2711 1819 τῆς
2732 1746 3023 1818 ὀρθότητος
3050 1742 3317 1813 ἀποφέρει
3348 1741 3586 1811 μακράψ
3620 1737 3799 1805 ώςὲν-

547 1843 761 1913 longius
811 1845 1082 1909 abducat,
1128 1845 1254 1901 dum
1302 1847 1472 1917 ipsam
1515 1847 1947 1903 incarnationem
1995 1864 2116 1905 esse

2222 1848 2436 1919 έργειαν
2448 1844 2615 1899 αὐτοῦ
2632 1842 2729 1912 τὴν
2748 1841 3022 1911 σάρκωσιν
3039 1835 3375 1905 ἀποφαίνων.
3393 1831 3675 1901 Ἐπιφέρει
3688 1829 3800 1899 γὰρ

548 1946 802 2004 tanquam
830 1935 946 2005 ejus
979 1935 1693 2006 eﬂicieutiam'pronuntiat;
1726 1937 1946 2009 subjicit
1970 1940 2115 1994 enim

548 2027 691 2083 illico
724 2047 737 2081 :
774 2046 794 2079 ι
829 2026 989 2082 Visne
1016 2028 1180 2082 etiam
1212 2028 1374 2082 aliam
1398 2031 1467 2083 ad
1507 2030 1623 2085 haec
1652 2030 1821 2101 ipsius
1838 2031 2119 2087 Trinitatis

548 2114 1223 2189 ellic'ientia‘mhquasijam
1239 2121 1475 2189 priorem
1488 2121 1745 2178 DeiVerbi
1762 2122 1926 2179 fuisse
1939 2135 2120 2179 osten-

548 2212 689 2265 derit
722 2206 1095 2276 efﬁcientiam,
1122 2212 1174 2266 id
1202 2212 1379 2282 ipsum
1423 2214 1567 2283 quod
1621 2228 1751 2269 caro
1783 2214 1985 2269 factum
2012 2226 2116 2284 est,

548 2305 844 2358 secundum
864 2304 1175 2373 Scripturas
1196 2319 1210 2356 :
1231 2314 1285 2359 et
1309 2320 1559 2375 quamam
1584 2307 1655 2361 sit
1686 2307 1773 2361 illa
1796 2308 1965 2362 altera
2000 2319 2121 2377 post

550 2388 695 2448 illam
724 2395 969 2464 priorem
997 2390 1309 2461 e’ﬂicientia,
1340 2397 1698 2466 demonstrat,
1727 2410 1785 2455 ut
1806 2402 1920 2472 ipse
1944 2413 2115 2470 putat,

550 2501 615 2541 ac
646 2486 797 2541 dicit:
820 2503 838 2536 ι
873 2485 1148 2542 llahitavit
1172 2486 1343 2544 Filius
1371 2489 1427 2543 in
1458 2503 1703 2561 corpore.
1735 2510 1754 2543 ι
1781 2493 1920 2563 Ergo
1941 2493 2122 2549 Deifer

549 2580 710 2634 homo
750 2579 855 2633 erit
895 2578 1191 2634 Christus:
1226 2581 1419 2638 deinde
1466 2582 1520 2638 id
1575 2582 1749 2640 solum
1794 2586 1849 2641 in
1901 2587 2120 2645 homine

540 2670 792 2726 olfecisse
819 2669 912 2725 Dei
940 2662 1224 2742 Patrisque
1256 2668 1496 2729 Verbum
1520 2716 1536 2742 ,
1590 2677 1935 2747 perspicuum
1970 2681 2073 2734 erit
2101 2697 2118 2747 ;

543 2762 730 2832 itaque
752 2763 999 2831 quamvis
1027 2763 1171 2819 dicat
1200 2764 1388 2821 beatus
1409 2767 1774 2838 evangelista:
1797 2769 1910 2841 98
1940 2791 1958 2823 ε
1990 2769 2120 2826 Ver-

546 2851 675 2906 bum
709 2867 838 2907 caro
873 2853 1072 2909 factum
1108 2864 1216 2924 est,
1271 2866 1330 2911 et
1377 2857 1642 2914 habitavit
1694 2860 1746 2915 iu
1777 2862 1953 2925 nobis,
1987 2881 2005 2915 ι
2045 2863 2120 2919 nil

544 2944 693 3000 aliud
723 2944 927 3000 indicat
948 2946 1051 3002 nisi
1087 2944 1216 3002 illud
1235 2948 1431 3014 solum,
1467 2951 1724 3008 nimirum
1756 2954 1928 3025 ipsum
1952 2954 2117 3012 Deum

547 3036 788 3091 Verbum
831 3038 884 3091 in
931 3038 1155 3094 homine
1208 3036 1504 3110 habitasse,
1553 3054 1613 3099 ut
1647 3045 1809 3100 etiam
1863 3048 1915 3101 in
1963 3049 2119 3105 nobis

547 3126 702 3194 ipsis.
759 3126 980 3196 Templa
1035 3140 1265 3199 namque
1320 3146 1510 3188 sumus
1566 3133 1656 3188 Dei
1693 3136 1920 3192 viventis
1949 3137 2112 3203 “’;cl

2220 1936 2401 2001 εὐθύςο
2412 1955 2429 1989 ι
2443 1934 2632 1989 Βούλει
2644 1933 2737 1986 καὶ
2749 1931 2914 1998 ἄλλην
2930 1928 3020 1982 ἐπὶ
3032 1927 3246 1989 τούτοις
3262 1925 3443 1987 αὐτοῖς
3457 1923 3557 1994 τῆς
3569 1921 3801 1993 Τριάδος

2219 2030 2531 2100 ὲνέργειαν;
2575 2046 2593 2078 ι
2622 2024 2695 2088 ώς
2725 2023 2827 2094 ἥδη
2861 2021 3084 2092 πρώτην
3127 2016 3482 2088 ἀποδεδειχὼς
3516 2016 3798 2085 ἐνέργειαν

2218 2121 2312 2174 τοῦ
2333 2118 2467 2173 Θεοῦ
2490 2120 2686 2184 Λόγου,
2709 2115 2768 2168 τὸ
2786 2114 2963 2185 σάρκα
2986 2110 3264 2181 γενέσθαι,
3281 2108 3420 2163 κατά
3435 2108 3536 2171 τὰς
3549 2107 3798 2178 Γραφάς.

2221 2211 2430 2274 Καὶτίς
2463 2211 2497 2279 ἠ
2527 2208 2690 2278 ἑτέρα
2725 2204 2864 2275 μετά
2884 2204 2983 2275 τὴν
3008 2201 3232 2274 πρώτην
3247 2200 3530 2271 ἐνέργειαν
3559 2198 3800 2251 διαδείκι

2220 2321 2374 2357 νυσιν
2398 2301 2511 2373 [Ion
2533 2296 2794 2370 δεικνύς],
2817 2296 3003 2367 ὥσπερ
3026 2295 3218 2359 οἴεται,
3247 2292 3431 2364 φησίν·
3453 2310 3471 2342 ι
3494 2289 3799 2361 Ἐνιξικησεν

2218 2397 2246 2449 6
2267 2396 2392 2460 Υἱὸς
2414 2396 2469 2447 ὲν
2484 2392 2562 2463 τῷ
2585 2393 2816 2462 σώματι.
2851 2409 2869 2441 ι
2895 2389 3162 2460 Θεοφόρος
3186 2384 3280 2440 οῦν
3311 2385 3597 2456 ἄνθρωπος
3613 2386 3642 2437 6
3664 2384 3799 2454 Χριο

2221 2488 2363 2550 στός.
2390 2481 2522 2539 Εἶτα
2543 2484 2637 2537 καὶ
2662 2482 2820 2553 μόνον
2856 2480 3014 2533 τοῦτο
3046 2478 3350 2549 ἐνεργήσας
3389 2477 3470 2539 είς
3509 2475 3799 2545 ἄνθρωπον

2219 2578 2248 2631 6
2272 2576 2365 2630 τοῦ
2391 2573 2528 2629 Θεοῦ
2559 2572 2653 2626 καὶ
2683 2570 2896 2642 Πατρός
2914 2568 3254 2638 διαφαίνεται
3283 2565 3477 2635 Λόγος’
3498 2564 3661 2628 ὥστε,
3692 2565 3800 2618 κᾶν

2221 2672 2269 2722 εἰ
2298 2668 2445 2736 λέγοι
2480 2664 2642 2735 τυχὸν
2666 2664 2696 2716 6
2738 2661 3007 2733 μακάριος
3038 2657 3448 2728 εὐαγγελιστὴς,
3484 2675 3504 2709 t
3539 2656 3597 2709 '0
3625 2655 3801 2724 Λόγος

2222 2759 2360 2830 σὰρξ
2381 2757 2618 2827 ἐγένετο,
2655 2754 2749 2807 καὶ
2771 2754 3081 2823 ἐσκήνωσεν
3115 2752 3172 2803 ὲν
3218 2751 3373 2821 ἡμῖν,
3407 2768 3426 2801 ι
3460 2746 3800 2818 καταδηλοῦν

2221 2850 2353 2922 ἡμῖν
2390 2849 2579 2919 ἕτερον
2611 2846 2783 2911 οὐδὲν,
2812 2842 2952 2914 πλὴν
2986 2844 3163 2895 ἐκεῖνο
3211 2840 3308 2894 καὶ
3344 2839 3526 2911 μόνον,
3550 2839 3632 2892 ὅτι
3662 2851 3798 2891 κατα

2220 2942 2437 3014 ᾤκησεν
2466 2942 2526 2993 ὲν
2544 2936 2816 3009 ἀνθρώπῳ
2849 2934 2983 2998 Θεὸς
3012 2933 3088 2987 ὣν
3120 2934 3149 2986 6
3186 2933 3380 2999 Λόγος,
3420 2931 3565 2986 καθά
3603 2930 3692 2984 καὶ
3736 2931 3799 2983 ὲν

2220 3036 2354 3107 ἡμῖν
2405 3032 2609 3094 αὐτοῖς.
2647 3028 2787 3084 Ναοὶ
2817 3027 2928 3098 γάρ
2964 3028 3133 3095 ὲσμεν
3163 3021 3300 3077 Θεοῦ
3347 3021 3550 3086 ζῶντος
3571 3063 3585 3085 ,
3619 3022 3715 3075 καὶ
3738 3022 3801 3074 ὲν

2220 3127 2399 3194 τούτῳ
2450 3122 2796 3193 γινώσκομεν
2840 3119 2922 3172 ὅτι
2974 3119 3033 3171 ὲν
3080 3117 3214 3187 ἡμῖν
3249 3116 3416 3180 ἐστιν,
3447 3116 3530 3169 ὅτι
3579 3114 3645 3168 ἐκ
3702 3112 3799 3167 τοῦ

550 3217 606 3271 in
635 3219 736 3271 hoc
762 3221 1146 3286 cognoscimus
1170 3223 1311 3289 quod
1340 3224 1392 3276 in
1418 3224 1573 3279 nobis
1603 3234 1707 3289 est,
1735 3228 1862 3296 quia
1894 3243 1959 3282 ex
1996 3229 2118 3298 Spi-

2222 3217 2540 3286 Πνεύματος
2593 3211 2759 3266 αὐτοῦ
2804 3208 3207 3264 ἐδωκενΛἊλλ*
3236 3207 3297 3261 ού
3329 3207 3489 3262 τοῦτο
3530 3208 3629 3277 μὲν
3668 3205 3803 3269 ἴσως

550 3307 659 3360 ritu
714 3323 812 3361 suo
852 3310 998 3362 dedit
1054 3310 1211 3365 nobis
1267 3312 1334 3367 ⁸⁸.
1374 3311 1479 3366 Sed
1534 3313 1587 3368 id
1627 3314 1858 3372 fortasse
1902 3319 2123 3375 minime

547 3398 739 3464 dices,
802 3401 1197 3470 blasphemiam
1244 3404 1608 3461 reformidans
1660 3425 1674 3461 :
1717 3424 1782 3463 ac
1838 3412 2119 3466 nobiscum

549 3490 911 3547 conlitcberis.
935 3494 1106 3560 ipsum
1140 3494 1233 3547 Dei
1272 3493 1508 3550 Verbum
1548 3499 1821 3553 hominem
1857 3500 2060 3555 factum
2103 3521 2117 3557 :

550 3581 712 3648 idque
740 3597 861 3637 esse
893 3585 1320 3639 incarnationem
1366 3604 1381 3641 :
1428 3592 1733 3645 consenties
1764 3594 1928 3647 etiam
1969 3612 2123 3650 umn-

550 3674 689 3727 sisse
718 3674 910 3739 Deum,
944 3683 997 3727 et
1029 3690 1141 3729 sum
1169 3686 1375 3732 natura:
1404 3680 1572 3735 decus
1624 3698 1892 3750 servasse,
1930 3700 2121 3755 quam-

549 3763 634 3819 vis
668 3765 972 3833 ap'pellatus
1001 3758 1271 3821 sitFilius
1319 3769 1574 3837 hominis,
1620 3772 1779 3843 idque
1826 3780 2120 3833 secundum

549 3855 832 3911 veritatem
863 3856 1045 3909 fuerit.
1080 3856 1219 3923 Quid
1250 3858 1540 3928 igiturjam
1575 3862 1667 3917 tibi
1705 3865 1924 3932 accidit,
1957 3878 2016 3921 ut
2042 3868 2122 3922 di-

550 3961 705 4001 ceres
735 3946 906 4015 ipsum
936 3945 1155 4003 Patrem
1187 3949 1347 4003 simul
1378 3965 1563 4005 secum
1598 3955 1884 4011 considere
1925 3956 2123 4013 fecisse

549 4038 945 4091 humanitatem
989 4049 1323 4109 assumptam
1351 4081 1367 4107 ,
1404 4057 1468 4097 ac
1521 4060 1633 4099 non
1679 4048 1856 4115 potius
1902 4049 1956 4104 in
2011 4066 2124 4105 sum

549 4129 719 4196 ipsius
749 4124 1049 4185 divinitatis
1081 4131 1300 4187 sedibus
1347 4135 1656 4191 constitisse
1701 4153 1766 4192 ex
1802 4140 1891 4195 Dei
1921 4140 2123 4197 Patris-

550 4235 654 4287 que
678 4220 1034 4287 beneplaeito,
1066 4232 1246 4276 ortum
1270 4239 1335 4278 ex
1363 4239 1427 4280 eo
1462 4226 1693 4282 Verbum
1718 4230 1881 4284 etiam
1908 4245 2124 4301 posma-

548 4321 713 4374 quam
750 4305 950 4359 factum
981 4320 1065 4361 est
1093 4309 1256 4363 homo
1281 4347 1296 4373 ,
1330 4324 1399 4364 ne
1439 4309 1609 4380 ipsius
1646 4315 1957 4372 humanitas
2004 4327 2124 4372 tan-

549 4412 713 4466 quam
743 4399 890 4453 abeo
915 4401 1126 4455 diversa
1158 4398 1493 4471 intelligatur
1518 4414 1613 4460 aut
1641 4406 1861 4462 dicatur
1886 4425 1915 4462 a
1942 4412 2119 4476 nobis,

548 4504 671 4543 cum
711 4505 835 4545 vera
869 4492 997 4545 unio
1026 4503 1080 4547 et
1120 4509 1282 4548 unum
1312 4509 1433 4550 esse
1472 4496 1624 4551 illum
1672 4500 1924 4553 ostendat
1968 4503 2124 4557 nobis

2222 3309 2386 3376 ἐρεῖς,
2430 3305 2856 3374 καταναρκήσας
2910 3301 3010 3371 τὴν
3050 3299 3403 3370 δυσφημίαν·
3439 3298 3802 3368 ὁμολογήσεις

2221 3396 2277 3449 δὲ
2312 3396 2430 3467 μεθ’
2451 3396 2631 3467 ἡμῶν,
2660 3398 2743 3450 ὅτι
2770 3398 2995 3466 γέγονεν
3023 3395 3309 3466 ἄνθρωπος
3334 3394 3363 3445 6
3393 3392 3487 3445 τοῦ
3518 3390 3655 3445 Θεοῦ
3692 3390 3802 3445 Λό-

2222 3503 2315 3554 γος
2339 3503 2353 3513 ·
2384 3488 2476 3538 καὶ
2535 3486 2694 3540 τοῦτό
2735 3489 2883 3541 ἐστιν
2908 3489 2942 3558 ὴ
2982 3488 3281 3558 σάρκωσις.
3324 3483 3573 3555 Συνθήσῃ
3612 3483 3688 3549 δὲ,
3714 3484 3802 3536 ὅτι

2226 3578 2505 3647 μεμένηκε
2538 3577 2691 3643 Θεὸς,
2724 3580 2817 3632 καὶ
2848 3579 2908 3632 τὸ
2942 3580 3042 3649 τῆς
3088 3578 3224 3640 ἰδίας
3264 3577 3479 3646 φύσεως
3503 3575 3802 3629 διεσώσατο

2224 3668 2452 3734 κάλλος·
2489 3670 2593 3722 κᾶν
2634 3671 2683 3722 εἰ
2734 3671 3142 3741 κεχρημάτικεν
3188 3670 3317 3731 Υἱὸς
3359 3666 3671 3738 ἀνθρώπου,
3703 3666 3802 3733 γέ-

2222 3761 2347 3828 γονέ
2373 3778 2433 3813 τε
2456 3760 2613 3814 τοῦτο
2633 3762 2773 3816 κατὰ
2794 3758 3222 3832 ἀλήθειαν.Εῒτα
3254 3760 3307 3813 τί
3338 3759 3527 3830 μαθὼν
3553 3758 3665 3830 lla.
3689 3770 3801 3809 πα-

2224 3849 2378 3920 θὼν],
2418 3851 2747 3919 συγκαθίσαι
2783 3851 2889 3921 φὴς
2922 3850 3102 3922 ἑαυτῷ
3142 3850 3233 3904 τὸν
3269 3850 3510 3921 Πατέρα,
3539 3849 3639 3919 τὴν
3668 3850 3803 3902 ἀνα-

2223 3937 2522 4007 ληειςθεῖσαν
2564 3941 2979 4011 ὰνθρωπότητα,
3018 3941 3113 3993 καὶ
3161 3940 3282 4011 οὐχὶ
3314 3940 3379 4011 δὴ
3412 3939 3631 4009 μᾶλλον,
3683 3943 3800 4004 τοῖς

2222 4030 2320 4099 τῆς
2354 4029 2489 4092 ἰδίας
2520 4030 2776 4101 θεότητος
2795 4031 3103 4101 ὲνιδρύσθαι
3134 4030 3353 4093 θώκοις,
3380 4031 3438 4083 ὲν
3459 4030 3679 4101 εὐδοκία
3699 4030 3797 4084 τοῦ

2223 4119 2359 4173 Θεοῦ
2414 4122 2507 4173 καὶ
2542 4122 2754 4191 Πατρός
2780 4161 2794 4185 ,
2832 4122 2924 4174 καὶ
2962 4121 3251 4191 ἄνθρωπον
3290 4120 3549 4188 γεγονότα
3600 4120 3692 4173 τὸν
3738 4120 3799 4186 ἐξ

2225 4211 2392 4265 αὑτοῦ
2419 4212 2593 4280 φύντα
2626 4212 2818 4281 Λόγον,
2854 4213 2939 4265 ἵνα
2977 4212 3051 4283 μὴ
3075 4211 3150 4275 ὡς
3175 4211 3338 4282 ἑτέρα
3365 4228 3449 4274 τις
3477 4212 3608 4281 παρ’
3634 4209 3800 4264 αὐτὸν

2225 4302 2259 4371 ὴ
2286 4301 2640 4373 ἀνθρωπότης
2666 4300 2831 4355 αὐτοῦ
2871 4302 3008 4374 πρὸς
3046 4302 3203 4374 ήμῶν
3236 4304 3407 4355 νοοῖτο
3439 4303 3532 4355 καὶ
3564 4302 3798 4371 λέγοιτο,

2225 4392 2401 4445 καίτοι
2420 4392 2519 4461 τῆς
2542 4393 2683 4446 κατά
2717 4394 2977 4464 ἀλήθειαν
3011 4394 3274 4457 ὲνώσεως,
3304 4394 3400 4447 ἕνα
3422 4410 3482 4446 τε
3507 4395 3639 4463 ἡμῖν
3664 4396 3802 4447 ἀπο-

2226 4482 2523 4554 φαινούσης
2546 4484 2729 4546 αὐτὸν,
2754 4485 2849 4538 καὶ
2871 4485 2970 4538 οὐκ
2992 4484 3274 4555 ἀλλότριον
3304 4484 3470 4538 αὑτοῦ
3499 4485 3599 4557 τὴν
3622 4487 3802 4557 σάρκα

547 4590 603 4634 ct
636 4580 752 4649 ejus
790 4596 1007 4637 carnem
1040 4599 1144 4638 non
1190 4600 1310 4639 esse
1343 4589 1411 4641 ab
1440 4602 1505 4641 eo
1552 4590 1834 4645 alienam?
1881 4593 2117 4648 Convin-

2229 4575 2424 4642 αὐτοῦς
2460 4575 2781 4645 Ψευδοεπὴς
2805 4571 2899 4629 οὖν
2943 4575 3073 4645 ἄρα,
3107 4576 3201 4629 καὶ
3239 4574 3504 4646 λογισμοῦ
3540 4574 3637 4629 τοῦ
3661 4576 3802 4632 καθ-

550 4673 691 4727 ceris
719 4688 847 4741 ergo
877 4673 928 4726 in
954 4676 1054 4728 hoc
1082 4690 1303 4744 quoque
1335 4680 1595 4743 mendax,
1628 4690 1683 4735 et
1711 4697 1739 4734 a
1773 4694 1920 4738 recta
1952 4687 2122 4738 ratio-

550 4763 823 4817 cinatione
873 4780 977 4818 non
1018 4781 1207 4835 parum
1255 4768 1539 4823 aberrans.
1582 4770 1659 4824 Ac
1705 4772 1749 4826 si
1798 4774 1933 4827 nihil
1976 4775 2120 4830 aliud

548 4862 630 4907 est
663 4855 845 4908 dicere
873 4853 1105 4909 Verbum
1148 4857 1347 4911 factum
1393 4875 1515 4915 esse
1540 4875 1758 4917 carnem
1785 4905 1801 4930 ,
1848 4866 1949 4920 nisi
1980 4870 2121 4935 quod

552 4947 752 5001 factum
782 4957 864 5001 est
913 4950 1071 5003 homo
1099 4988 1115 5013 ,
1170 4963 1381 5005 servata
1437 4954 1758 5010 excellentia
1804 4958 2120 5025 divinitatis,

552 5050 881 5105 manensque
908 5038 1049 5105 quod
1080 5050 1217 5102 erat,
1253 5056 1486 5108 quanam
1520 5053 1745 5098 externa
1776 5045 1945 5113 gloria
1982 5062 2118 5117 opus

552 5126 755 5187 habuit,
777 5144 899 5180 cum
929 5129 1042 5197 ipse
1071 5130 1329 5185 Dominus
1358 5142 1501 5187 esset
1522 5135 1705 5202 gloria:
1725 5136 1747 5187 ’ἰ
1769 5134 2120 5191 Glorilicaba-

556 5227 640 5269 tur
661 5218 803 5271 enim
835 5220 951 5273 sine
977 5220 1160 5285 dubio,
1189 5223 1396 5290 Spiritu
1426 5225 1607 5280 divina
1634 5227 1900 5284 efﬁciente
1935 5234 2117 5301 signa,

553 5322 657 5361 non
695 5318 751 5361 ut
786 5310 963 5365 Deifer
997 5313 1177 5375 homo,
1215 5316 1283 5368 ab
1317 5325 1546 5370 externa
1589 5321 1977 5389 superioreque
2026 5339 2119 5374 na-

555 5412 675 5454 tura
704 5417 769 5455 co
800 5417 1026 5457 munere
1072 5415 1383 5473 comparato
1413 5450 1427 5474 ,
1466 5419 1523 5463 ut
1570 5410 1725 5464 nobis
1765 5413 1991 5477 accidit,
2030 5419 2122 5468 sed

556 5490 759 5557 Spiritu
792 5503 1041 5559 tanquam
1076 5497 1293 5563 proprio
1317 5512 1468 5552 usus.
1525 5500 1663 5553 Deus
1713 5502 1857 5555 enim
1896 5515 2014 5558 erat
2056 5524 2121 5558 ex

556 5591 776 5647 natura;
804 5584 1029 5653 ideoque
1061 5587 1291 5654 Spiritus
1324 5589 1437 5656 ejus
1472 5593 1535 5643 ab
1566 5610 1629 5646 eo
1676 5610 1780 5647 non
1826 5609 1941 5649 crat
1987 5598 2117 5653 alic-

623 5742 669 5773 ε⁰
707 5742 725 5795 ι
764 5743 886 5798 Cor.
915 5760 988 5811 v1,
1018 5746 1099 5799 16.
1178 5750 1217 5778 δι
1260 5746 1464 5802 lJoan.
1495 5766 1563 5817 ιν,
1604 5752 1684 5804 15.

2225 4667 2452 4736 ήκοντος
2474 4667 2533 4719 οὐ
2569 4667 2806 4737 μετρίως
2831 4665 3194 4737 ἡμαρτηκὼς,
3235 4667 3431 4737 ἁλίσκῃ
3465 4668 3569 4719 κάν
3598 4666 3797 4737 τούτῳ.

2224 4760 2334 4811 Καὶ
2363 4762 2411 4810 εί
2457 4758 2624 4829 μηδὲν
2658 4758 2843 4829 ἕτερόν
2882 4759 2999 4810 ἐστι
3040 4758 3101 4810 τὸ
3148 4757 3393 4828 φάναιδὴ
3430 4758 3608 4828 σάρκα
3636 4774 3803 4826 γεγε-

2224 4851 2419 4920 νῆσθαι
2444 4852 2534 4904 τὸν
2570 4851 2763 4919 Λόγον,
2794 4851 2827 4921 ἢ
2856 4851 2937 4904 ὅτι
2970 4850 3197 4919 γέγονεν
3225 4850 3512 4922 ἄνθρωπος
3538 4853 3597 4904 ὲν
3627 4852 3800 4923 ὑπερ-

2224 4946 2323 5013 οχῇ
2348 4943 2599 5012 θεότητος
2624 4943 2721 5008 ὢν,
2753 4944 2847 4996 καὶ
2889 4940 3216 5013 μεμενηκὼς
3262 4943 3400 5013 ὅπερ
3426 4938 3516 5013 ἦν,
3542 4943 3702 5006 ποίας
3734 4942 3802 4996 ἂν

2228 5033 2422 5102 ἐδεήθη
2459 5032 2557 5104 τῆς
2591 5032 2788 5099 ἔξωθεν
2830 5032 3007 5103 δόξης,
3049 5032 3224 5085 καίτοι
3275 5033 3375 5101 τῆς
3406 5032 3563 5103 δόξης
3596 5032 3801 5103 Κύριος

2229 5119 2304 5173 ὢν
2333 5121 2526 5185 αὐτός;
2557 5121 2864 5187 Ἐδοξάζετο
2890 5122 2986 5191 μὲν
3015 5120 3124 5191 γὰρ
3161 5121 3626 5193 ὁμολογουμένως,
3650 5124 3804 5191 ἐνερ-

2229 5211 2451 5280 γοῦντος
2476 5212 2570 5264 τοῦ
2611 5212 2928 5282 Πνεύματος
2953 5213 3051 5274 τὰς
3085 5211 3414 5282 θεοσημίας·
3449 5212 3564 5264 ἀλλ’
3594 5213 3692 5281 οὐχ
3724 5212 3802 5276 ώς

2231 5302 2512 5372 ἅνθρωπος
2540 5304 2816 5373 θεοφόρος,
2852 5302 2911 5368 ἐξ
2942 5304 3155 5367 όθνείας
3180 5321 3238 5356 τε
3270 5305 3362 5355 καὶ
3398 5304 3803 5374 ὑπερκειμένης

2234 5394 2447 5461 φύσεως
2485 5394 2546 5445 τὸ
2588 5395 2778 5465 χρῆμα
2822 5394 3150 5465 κερδαίνων,
3205 5395 3346 5447 καθά
3378 5395 3469 5448 καὶ
3504 5397 3693 5464 ἡμεῖς’
3728 5396 3806 5456 ώς

2237 5487 2350 5555 ἰδίῳ
2377 5485 2433 5537 δὲ
2474 5486 2673 5556 μᾶλλον
2705 5486 3048 5557 κεχρημένος
3086 5486 3161 5557 τῷ
3200 5487 3503 5555 Πνεύματι.
3534 5487 3667 5550 Θεὸς
3696 5487 3805 5555 γὰρ

2231 5573 2299 5648 ἦν
2348 5578 2547 5647 φύσει,
2612 5580 2706 5633 καὶ
2748 5582 2847 5634 οὐκ
2898 5580 3176 5651 ἀλλότριον
3235 5580 3398 5633 αὑτοῦ
3457 5580 3515 5633 τὸ
3578 5576 3806 5633 Πνεῦιια
