  <div class='ocr_page' id='page_1' title='image "/cluster/home/n/w/nwhite01/storage/ocr_20150623/76/nnc1.0046980067/092.png"; bbox 0 0 4054 6332; ppageno 0'>
   <div class='ocr_carea' id='block_1_1' title="bbox 320 363 426 421">
    <p class='ocr_par' dir='ltr' id='par_1_1' title="bbox 320 363 426 421">
     <span class='ocr_line' id='line_1_1' title="bbox 320 363 426 421; baseline -0.009 0"><span class='ocrx_word' id='word_1_1' title='bbox 320 363 426 421; x_wconf 73' lang='lat' dir='ltr'><strong>H3</strong></span> 
     </span>
    </p>
   </div>
   <div class='ocr_carea' id='block_1_2' title="bbox 1412 352 2529 410">
    <p class='ocr_par' dir='ltr' id='par_1_2' title="bbox 1412 352 2529 410">
     <span class='ocr_line' id='line_1_2' title="bbox 1412 352 2529 410; baseline -0.003 -1"><span class='ocrx_word' id='word_1_2' title='bbox 1412 352 1783 410; x_wconf 71' lang='lat' dir='ltr'><strong>ADVERSUS</strong></span> <span class='ocrx_word' id='word_1_3' title='bbox 1822 352 2225 410; x_wconf 77' lang='lat' dir='ltr'><strong>NESTORIUM</strong></span> <span class='ocrx_word' id='word_1_4' title='bbox 2268 352 2397 408; x_wconf 79' lang='lat' dir='ltr'><strong>LIB.</strong></span> <span class='ocrx_word' id='word_1_5' title='bbox 2442 353 2529 408; x_wconf 82' lang='lat' dir='ltr'><strong>IV.</strong></span> 
     </span>
    </p>
   </div>
   <div class='ocr_carea' id='block_1_3' title="bbox 3457 356 3561 418">
    <p class='ocr_par' dir='ltr' id='par_1_3' title="bbox 3457 356 3561 418">
     <span class='ocr_line' id='line_1_3' title="bbox 3457 356 3561 418; baseline 0.019 -2"><span class='ocrx_word' id='word_1_6' title='bbox 3457 356 3561 418; x_wconf 69' lang='lat' dir='ltr'><strong>HL</strong></span> 
     </span>
    </p>
   </div>
   <div class='ocr_carea' id='block_1_4' title="bbox 315 470 1892 543">
    <p class='ocr_par' dir='ltr' id='par_1_4' title="bbox 315 470 1892 543">
     <span class='ocr_line' id='line_1_4' title="bbox 315 470 1892 543; baseline -0.007 -10"><span class='ocrx_word' id='word_1_7' title='bbox 315 477 505 534; x_wconf 87' lang='grc' dir='ltr'>αὐτοῦ.</span> <span class='ocrx_word' id='word_1_8' title='bbox 538 472 749 530; x_wconf 80' lang='grc' dir='ltr'>Οὐκοῦν</span> <span class='ocrx_word' id='word_1_9' title='bbox 781 474 883 529; x_wconf 79' lang='grc' dir='ltr'><strong>οὐκ</strong></span> <span class='ocrx_word' id='word_1_10' title='bbox 905 472 1126 539; x_wconf 77' lang='grc' dir='ltr'>ἔξωθεν,</span> <span class='ocrx_word' id='word_1_11' title='bbox 1154 471 1273 526; x_wconf 83' lang='grc' dir='ltr'>οὐδὲ</span> <span class='ocrx_word' id='word_1_12' title='bbox 1300 473 1609 543; x_wconf 85' lang='grc' dir='ltr'>εἰσποίητον</span> <span class='ocrx_word' id='word_1_13' title='bbox 1635 470 1784 541; x_wconf 81' lang='grc' dir='ltr'>αὐτῷ</span> <span class='ocrx_word' id='word_1_14' title='bbox 1804 470 1892 522; x_wconf 85' lang='grc' dir='ltr'>δε-</span> 
     </span>
    </p>
   </div>
   <div class='ocr_carea' id='block_1_5' title="bbox 1996 470 3563 543">
    <p class='ocr_par' dir='ltr' id='par_1_5' title="bbox 2001 471 3563 543">
     <span class='ocr_line' id='line_1_5' title="bbox 2001 471 3563 543; baseline 0.011 -19"><span class='ocrx_word' id='word_1_15' title='bbox 2001 488 2122 527; x_wconf 91' lang='lat' dir='ltr'><strong>nus.</strong></span> <span class='ocrx_word' id='word_1_16' title='bbox 2150 471 2262 525; x_wconf 87' lang='lat' dir='ltr'><strong>Non</strong></span> <span class='ocrx_word' id='word_1_17' title='bbox 2286 472 2450 542; x_wconf 77' lang='lat' dir='ltr'><strong>igitur</strong></span> <span class='ocrx_word' id='word_1_18' title='bbox 2476 472 2834 539; x_wconf 79' lang='lat' dir='ltr'><strong>extrinsecus,</strong></span> <span class='ocrx_word' id='word_1_19' title='bbox 2871 489 3049 543; x_wconf 86' lang='lat' dir='ltr'><strong>neque</strong></span> <span class='ocrx_word' id='word_1_20' title='bbox 3088 477 3313 534; x_wconf 83' lang='lat' dir='ltr'><strong>ascitam</strong></span> <span class='ocrx_word' id='word_1_21' title='bbox 3344 481 3563 541; x_wconf 80' lang='lat' dir='ltr'><strong>aliunde</strong></span> 
     </span>
    </p>
   </div>
   <div class='ocr_carea' id='block_1_6' title="bbox 316 560 1891 638">
    <p class='ocr_par' dir='ltr' id='par_1_6' title="bbox 316 560 1891 638">
     <span class='ocr_line' id='line_1_6' title="bbox 316 560 1891 638; baseline -0.007 -14"><span class='ocrx_word' id='word_1_22' title='bbox 316 571 503 624; x_wconf 76' lang='grc' dir='ltr'>ὃόσθαι</span> <span class='ocrx_word' id='word_1_23' title='bbox 543 568 722 638; x_wconf 82' lang='grc' dir='ltr'>φαμὲν</span> <span class='ocrx_word' id='word_1_24' title='bbox 759 565 855 619; x_wconf 88' lang='grc' dir='ltr'><strong>τοῦ</strong></span> <span class='ocrx_word' id='word_1_25' title='bbox 888 564 1206 636; x_wconf 76' lang='grc' dir='ltr'>Πνεύματος</span> <span class='ocrx_word' id='word_1_26' title='bbox 1250 563 1352 634; x_wconf 80' lang='grc' dir='ltr'><strong>τὴν</strong></span> <span class='ocrx_word' id='word_1_27' title='bbox 1398 563 1711 633; x_wconf 80' lang='grc' dir='ltr'><strong>ἐνέργειαν,</strong></span> <span class='ocrx_word' id='word_1_28' title='bbox 1752 560 1891 614; x_wconf 84' lang='grc' dir='ltr'>καθὰ</span> 
     </span>
    </p>
   </div>
   <div class='ocr_carea' id='block_1_7' title="bbox 318 654 1890 731">
    <p class='ocr_par' dir='ltr' id='par_1_7' title="bbox 318 654 1890 731">
     <span class='ocr_line' id='line_1_7' title="bbox 318 654 1890 731; baseline -0.008 -16"><span class='ocrx_word' id='word_1_29' title='bbox 318 663 414 715; x_wconf 74' lang='grc' dir='ltr'>καὶ</span> <span class='ocrx_word' id='word_1_30' title='bbox 445 662 580 731; x_wconf 82' lang='grc' dir='ltr'>ἡμῖν</span> <span class='ocrx_word' id='word_1_31' title='bbox 631 658 838 721; x_wconf 80' lang='grc' dir='ltr'>αὐτοῖς,</span> <span class='ocrx_word' id='word_1_32' title='bbox 868 657 1037 728; x_wconf 73' lang='grc' dir='ltr'>ἤγουν</span> <span class='ocrx_word' id='word_1_33' title='bbox 1068 658 1184 719; x_wconf 85' lang='grc' dir='ltr'>τοῖς</span> <span class='ocrx_word' id='word_1_34' title='bbox 1214 655 1390 723; x_wconf 85' lang='grc' dir='ltr'>άγίοις</span> <span class='ocrx_word' id='word_1_35' title='bbox 1421 655 1759 716; x_wconf 78' lang='grc' dir='ltr'>ἀποστόλοις.</span> <span class='ocrx_word' id='word_1_36' title='bbox 1795 654 1890 704; x_wconf 89' lang='grc' dir='ltr'><strong>Δε-</strong></span> 
     </span>
    </p>
   </div>
   <div class='ocr_carea' id='block_1_8' title="bbox 316 744 1891 825">
    <p class='ocr_par' dir='ltr' id='par_1_8' title="bbox 316 744 1891 825">
     <span class='ocr_line' id='line_1_8' title="bbox 316 744 1891 825; baseline -0.007 -18"><span class='ocrx_word' id='word_1_37' title='bbox 316 753 557 825; x_wconf 84' lang='grc' dir='ltr'>δώρηται</span> <span class='ocrx_word' id='word_1_38' title='bbox 588 751 697 823; x_wconf 60' lang='grc' dir='ltr'><strong>γὰρ</strong></span> <span class='ocrx_word' id='word_1_39' title='bbox 726 750 911 813; x_wconf 82' lang='grc' dir='ltr'>αὐτοῖς</span> <span class='ocrx_word' id='word_1_40' title='bbox 932 748 1182 814; x_wconf 77' lang='grc' dir='ltr'><strong>ἐξουσίαν</strong></span> <span class='ocrx_word' id='word_1_41' title='bbox 1209 749 1240 801; x_wconf 91' lang='lat'><strong>6</strong></span> <span class='ocrx_word' id='word_1_42' title='bbox 1269 746 1503 819; x_wconf 81' lang='grc' dir='ltr'>Χριστὸς</span> <span class='ocrx_word' id='word_1_43' title='bbox 1542 744 1685 800; x_wconf 81' lang='grc' dir='ltr'>κατὰ</span> <span class='ocrx_word' id='word_1_44' title='bbox 1724 761 1891 797; x_wconf 89' lang='grc' dir='ltr'>πνευ-</span> 
     </span>
    </p>
   </div>
   <div class='ocr_carea' id='block_1_9' title="bbox 322 836 1892 916">
    <p class='ocr_par' dir='ltr' id='par_1_9' title="bbox 322 836 1892 916">
     <span class='ocr_line' id='line_1_9' title="bbox 322 836 1892 916; baseline -0.007 -18"><span class='ocrx_word' id='word_1_45' title='bbox 322 847 509 916; x_wconf 88' lang='grc' dir='ltr'>μάτων</span> <span class='ocrx_word' id='word_1_46' title='bbox 532 842 878 913; x_wconf 75' lang='grc' dir='ltr'><strong>ἀκαθάρτων,</strong></span> <span class='ocrx_word' id='word_1_47' title='bbox 893 839 1036 893; x_wconf 77' lang='grc' dir='ltr'>ὥστε</span> <span class='ocrx_word' id='word_1_48' title='bbox 1062 838 1346 892; x_wconf 75' lang='grc' dir='ltr'>ἐκϐάλλειν</span> <span class='ocrx_word' id='word_1_49' title='bbox 1365 837 1536 890; x_wconf 85' lang='grc' dir='ltr'>αὑτά·</span> <span class='ocrx_word' id='word_1_50' title='bbox 1559 836 1892 908; x_wconf 87' lang='grc' dir='ltr'>προστέταχε</span> 
     </span>
    </p>
   </div>
   <div class='ocr_carea' id='block_1_10' title="bbox 318 927 1895 1008">
    <p class='ocr_par' dir='ltr' id='par_1_10' title="bbox 318 927 1895 1008">
     <span class='ocr_line' id='line_1_10' title="bbox 318 927 1895 1008; baseline -0.006 -18"><span class='ocrx_word' id='word_1_51' title='bbox 318 936 377 989; x_wconf 81' lang='grc' dir='ltr'>δὲ</span> <span class='ocrx_word' id='word_1_52' title='bbox 416 932 763 1008; x_wconf 80' lang='grc' dir='ltr'>θεραπεύειν,</span> <span class='ocrx_word' id='word_1_53' title='bbox 803 931 898 985; x_wconf 65' lang='grc' dir='ltr'><strong>κα)⁸</strong></span> <span class='ocrx_word' id='word_1_54' title='bbox 936 931 1119 984; x_wconf 73' lang='grc' dir='ltr'>πᾶσαν</span> <span class='ocrx_word' id='word_1_55' title='bbox 1146 929 1299 983; x_wconf 84' lang='grc' dir='ltr'><strong>νόσον</strong></span> <span class='ocrx_word' id='word_1_56' title='bbox 1320 970 1334 996; x_wconf 90' lang='grc'><strong>,</strong></span> <span class='ocrx_word' id='word_1_57' title='bbox 1369 928 1466 983; x_wconf 74' lang='grc' dir='ltr'>καὶ</span> <span class='ocrx_word' id='word_1_58' title='bbox 1506 930 1689 982; x_wconf 77' lang='grc' dir='ltr'>πᾶσαν</span> <span class='ocrx_word' id='word_1_59' title='bbox 1722 927 1895 998; x_wconf 85' lang='grc' dir='ltr'>μαλα-</span> 
     </span>
    </p>
   </div>
   <div class='ocr_carea' id='block_1_11' title="bbox 321 1015 1894 1095">
    <p class='ocr_par' dir='ltr' id='par_1_11' title="bbox 321 1015 1894 1095">
     <span class='ocr_line' id='line_1_11' title="bbox 321 1015 1894 1095; baseline -0.005 -15"><span class='ocrx_word' id='word_1_60' title='bbox 321 1029 448 1081; x_wconf 89' lang='grc' dir='ltr'>κίαν</span> <span class='ocrx_word' id='word_1_61' title='bbox 478 1028 537 1079; x_wconf 85' lang='grc' dir='ltr'>ὲν</span> <span class='ocrx_word' id='word_1_62' title='bbox 564 1024 643 1095; x_wconf 77' lang='grc' dir='ltr'>τῷ</span> <span class='ocrx_word' id='word_1_63' title='bbox 669 1023 805 1095; x_wconf 83' lang='grc' dir='ltr'>λαῷ.</span> <span class='ocrx_word' id='word_1_64' title='bbox 840 1021 1064 1077; x_wconf 76' lang='grc' dir='ltr'>Οἷκοθεν</span> <span class='ocrx_word' id='word_1_65' title='bbox 1090 1015 1184 1074; x_wconf 77' lang='grc' dir='ltr'><strong>οὖν</strong></span> <span class='ocrx_word' id='word_1_66' title='bbox 1212 1019 1323 1091; x_wconf 84' lang='grc' dir='ltr'>ἄρα</span> <span class='ocrx_word' id='word_1_67' title='bbox 1349 1020 1443 1074; x_wconf 80' lang='grc' dir='ltr'>καὶ</span> <span class='ocrx_word' id='word_1_68' title='bbox 1474 1019 1603 1090; x_wconf 90' lang='grc' dir='ltr'>παρ’</span> <span class='ocrx_word' id='word_1_69' title='bbox 1636 1018 1805 1073; x_wconf 82' lang='grc' dir='ltr'>αὐτοῦ</span> <span class='ocrx_word' id='word_1_70' title='bbox 1831 1018 1894 1072; x_wconf 85' lang='grc' dir='ltr'>τὸ</span> 
     </span>
    </p>
   </div>
   <div class='ocr_carea' id='block_1_12' title="bbox 319 1110 1889 1189">
    <p class='ocr_par' dir='ltr' id='par_1_12' title="bbox 319 1110 1889 1189">
     <span class='ocr_line' id='line_1_12' title="bbox 319 1110 1889 1189; baseline -0.006 -17"><span class='ocrx_word' id='word_1_71' title='bbox 319 1118 550 1189; x_wconf 79' lang='grc' dir='ltr'><strong>Πνεῦμα</strong></span> <span class='ocrx_word' id='word_1_72' title='bbox 580 1115 769 1172; x_wconf 80' lang='grc' dir='ltr'>αὐτοῦ.</span> <span class='ocrx_word' id='word_1_73' title='bbox 797 1115 910 1168; x_wconf 81' lang='grc' dir='ltr'><strong>Καὶ</strong></span> <span class='ocrx_word' id='word_1_74' title='bbox 937 1112 1127 1167; x_wconf 85' lang='grc' dir='ltr'>τούτου</span> <span class='ocrx_word' id='word_1_75' title='bbox 1165 1110 1342 1183; x_wconf 82' lang='grc' dir='ltr'>σαφὴς</span> <span class='ocrx_word' id='word_1_76' title='bbox 1367 1110 1640 1177; x_wconf 83' lang='grc' dir='ltr'>ἀπόδειξις</span> <span class='ocrx_word' id='word_1_77' title='bbox 1686 1111 1772 1180; x_wconf 76' lang='grc' dir='ltr'><strong>εἴη</strong></span> <span class='ocrx_word' id='word_1_78' title='bbox 1802 1111 1889 1172; x_wconf 82' lang='grc' dir='ltr'>ἂν,</span> 
     </span>
    </p>
   </div>
   <div class='ocr_carea' id='block_1_13' title="bbox 319 1202 1892 1277">
    <p class='ocr_par' dir='ltr' id='par_1_13' title="bbox 319 1202 1892 1277">
     <span class='ocr_line' id='line_1_13' title="bbox 319 1202 1892 1277; baseline -0.006 -15"><span class='ocrx_word' id='word_1_79' title='bbox 319 1212 383 1262; x_wconf 85' lang='grc' dir='ltr'>τὸ</span> <span class='ocrx_word' id='word_1_80' title='bbox 412 1210 507 1261; x_wconf 72' lang='grc' dir='ltr'>καὶ</span> <span class='ocrx_word' id='word_1_81' title='bbox 533 1207 740 1277; x_wconf 75' lang='grc' dir='ltr'>ἑτέροις</span> <span class='ocrx_word' id='word_1_82' title='bbox 789 1204 1050 1260; x_wconf 86' lang='grc' dir='ltr'>δύνασθαι</span> <span class='ocrx_word' id='word_1_83' title='bbox 1081 1205 1338 1275; x_wconf 84' lang='grc' dir='ltr'><strong>χορηγεῖν</strong></span> <span class='ocrx_word' id='word_1_84' title='bbox 1372 1202 1523 1266; x_wconf 83' lang='grc' dir='ltr'>αὐτὸ,</span> <span class='ocrx_word' id='word_1_85' title='bbox 1560 1202 1657 1255; x_wconf 77' lang='grc' dir='ltr'>καὶ</span> <span class='ocrx_word' id='word_1_86' title='bbox 1694 1202 1797 1253; x_wconf 76' lang='grc' dir='ltr'><strong>οὐκ</strong></span> <span class='ocrx_word' id='word_1_87' title='bbox 1828 1202 1892 1253; x_wconf 78' lang='grc' dir='ltr'>ὲκ</span> 
     </span>
    </p>
   </div>
   <div class='ocr_carea' id='block_1_14' title="bbox 324 1292 1894 1373">
    <p class='ocr_par' dir='ltr' id='par_1_14' title="bbox 324 1292 1894 1373">
     <span class='ocr_line' id='line_1_14' title="bbox 324 1292 1894 1373; baseline -0.008 -18"><span class='ocrx_word' id='word_1_88' title='bbox 324 1303 547 1373; x_wconf 87' lang='grc' dir='ltr'>μέτρου,</span> <span class='ocrx_word' id='word_1_89' title='bbox 579 1298 723 1353; x_wconf 89' lang='grc' dir='ltr'>καθά</span> <span class='ocrx_word' id='word_1_90' title='bbox 759 1314 925 1368; x_wconf 83' lang='grc' dir='ltr'>φησιν</span> <span class='ocrx_word' id='word_1_91' title='bbox 959 1298 987 1349; x_wconf 97' lang='lat'><strong>6</strong></span> <span class='ocrx_word' id='word_1_92' title='bbox 1024 1294 1293 1367; x_wconf 87' lang='grc' dir='ltr'>μακάριος</span> <span class='ocrx_word' id='word_1_93' title='bbox 1335 1292 1759 1363; x_wconf 81' lang='grc' dir='ltr'>εὐαγγελιστής·</span> <span class='ocrx_word' id='word_1_94' title='bbox 1798 1293 1894 1343; x_wconf 78' lang='grc' dir='ltr'><strong>ἐπ-</strong></span> 
     </span>
    </p>
   </div>
   <div class='ocr_carea' id='block_1_15' title="bbox 321 1382 1892 1463">
    <p class='ocr_par' dir='ltr' id='par_1_15' title="bbox 321 1382 1892 1463">
     <span class='ocr_line' id='line_1_15' title="bbox 321 1382 1892 1463; baseline -0.008 -17"><span class='ocrx_word' id='word_1_95' title='bbox 321 1393 595 1463; x_wconf 80' lang='grc' dir='ltr'>εμέτρησε</span> <span class='ocrx_word' id='word_1_96' title='bbox 630 1390 728 1460; x_wconf 81' lang='grc' dir='ltr'>μὲν</span> <span class='ocrx_word' id='word_1_97' title='bbox 758 1389 868 1459; x_wconf 82' lang='grc' dir='ltr'>γὰρ</span> <span class='ocrx_word' id='word_1_98' title='bbox 894 1390 1006 1451; x_wconf 84' lang='grc' dir='ltr'>τοῖς</span> <span class='ocrx_word' id='word_1_99' title='bbox 1020 1385 1197 1455; x_wconf 79' lang='grc' dir='ltr'><strong>ἁγίοις</strong></span> <span class='ocrx_word' id='word_1_100' title='bbox 1213 1384 1311 1456; x_wconf 73' lang='grc' dir='ltr'>τὴν</span> <span class='ocrx_word' id='word_1_101' title='bbox 1342 1382 1429 1437; x_wconf 87' lang='grc' dir='ltr'>διὰ</span> <span class='ocrx_word' id='word_1_102' title='bbox 1457 1383 1549 1436; x_wconf 87' lang='grc' dir='ltr'><strong>τοῦ</strong></span> <span class='ocrx_word' id='word_1_103' title='bbox 1575 1382 1892 1453; x_wconf 85' lang='grc' dir='ltr'>Πνεύματος</span> 
     </span>
    </p>
   </div>
   <div class='ocr_carea' id='block_1_16' title="bbox 321 1468 1890 1553">
    <p class='ocr_par' dir='ltr' id='par_1_16' title="bbox 321 1468 1890 1553">
     <span class='ocr_line' id='line_1_16' title="bbox 321 1468 1890 1553; baseline -0.008 -17"><span class='ocrx_word' id='word_1_104' title='bbox 321 1482 485 1553; x_wconf 80' lang='grc' dir='ltr'>χάριν</span> <span class='ocrx_word' id='word_1_105' title='bbox 508 1482 538 1533; x_wconf 86' lang='grc' dir='ltr'><strong>ὁ</strong></span> <span class='ocrx_word' id='word_1_106' title='bbox 562 1478 672 1532; x_wconf 84' lang='grc' dir='ltr'><strong>τῶν</strong></span> <span class='ocrx_word' id='word_1_107' title='bbox 696 1479 833 1531; x_wconf 81' lang='grc' dir='ltr'>ὅλων</span> <span class='ocrx_word' id='word_1_108' title='bbox 856 1476 989 1540; x_wconf 77' lang='grc' dir='ltr'>Θεὸς</span> <span class='ocrx_word' id='word_1_109' title='bbox 1011 1493 1025 1507; x_wconf 89' lang='grc'><strong>·</strong></span> <span class='ocrx_word' id='word_1_110' title='bbox 1056 1476 1150 1529; x_wconf 78' lang='grc' dir='ltr'>καὶ</span> <span class='ocrx_word' id='word_1_111' title='bbox 1177 1468 1222 1541; x_wconf 82' lang='grc' dir='ltr'>ᾧ</span> <span class='ocrx_word' id='word_1_112' title='bbox 1262 1474 1359 1544; x_wconf 78' lang='grc' dir='ltr'>μὲν</span> <span class='ocrx_word' id='word_1_113' title='bbox 1396 1473 1564 1527; x_wconf 79' lang='grc' dir='ltr'>ἔδωκε</span> <span class='ocrx_word' id='word_1_114' title='bbox 1609 1473 1765 1542; x_wconf 88' lang='grc' dir='ltr'>λόγον</span> <span class='ocrx_word' id='word_1_115' title='bbox 1805 1489 1890 1524; x_wconf 87' lang='grc' dir='ltr'><strong>σο-</strong></span> 
     </span>
    </p>
   </div>
   <div class='ocr_carea' id='block_1_17' title="bbox 323 1563 1891 1643">
    <p class='ocr_par' dir='ltr' id='par_1_17' title="bbox 323 1563 1891 1643">
     <span class='ocr_line' id='line_1_17' title="bbox 323 1563 1891 1643; baseline -0.008 -16"><span class='ocrx_word' id='word_1_116' title='bbox 323 1576 480 1643; x_wconf 78' lang='grc' dir='ltr'>φίας·</span> <span class='ocrx_word' id='word_1_117' title='bbox 523 1571 670 1642; x_wconf 77' lang='grc' dir='ltr'>ἄλλῳ</span> <span class='ocrx_word' id='word_1_118' title='bbox 706 1570 765 1623; x_wconf 80' lang='grc' dir='ltr'>δὲ</span> <span class='ocrx_word' id='word_1_119' title='bbox 811 1570 970 1639; x_wconf 89' lang='grc' dir='ltr'>λόγον</span> <span class='ocrx_word' id='word_1_120' title='bbox 1008 1566 1294 1636; x_wconf 78' lang='grc' dir='ltr'>γνώσεως·</span> <span class='ocrx_word' id='word_1_121' title='bbox 1330 1565 1505 1635; x_wconf 80' lang='grc' dir='ltr'>ἑτέρῳ</span> <span class='ocrx_word' id='word_1_122' title='bbox 1537 1563 1593 1617; x_wconf 82' lang='grc' dir='ltr'>δὲ</span> <span class='ocrx_word' id='word_1_123' title='bbox 1643 1564 1891 1635; x_wconf 78' lang='grc' dir='ltr'><strong>χάρισμα</strong></span> 
     </span>
    </p>
   </div>
   <div class='ocr_carea' id='block_1_18' title="bbox 326 1654 1891 1735">
    <p class='ocr_par' dir='ltr' id='par_1_18' title="bbox 326 1654 1891 1735">
     <span class='ocr_line' id='line_1_18' title="bbox 326 1654 1891 1735; baseline -0.008 -17"><span class='ocrx_word' id='word_1_124' title='bbox 326 1664 574 1735; x_wconf 73' lang='grc' dir='ltr'>ἰαμάτων</span> <span class='ocrx_word' id='word_1_125' title='bbox 599 1678 613 1694; x_wconf 77' lang='grc' dir='ltr'><strong>ο</strong></span> <span class='ocrx_word' id='word_1_126' title='bbox 638 1662 733 1715; x_wconf 84' lang='grc' dir='ltr'><strong>καί</strong></span> <span class='ocrx_word' id='word_1_127' title='bbox 756 1657 935 1725; x_wconf 88' lang='grc' dir='ltr'>τοῦτο,</span> <span class='ocrx_word' id='word_1_128' title='bbox 962 1654 1139 1729; x_wconf 75' lang='grc' dir='ltr'>οἶμαι,</span> <span class='ocrx_word' id='word_1_129' title='bbox 1161 1656 1277 1710; x_wconf 78' lang='grc' dir='ltr'>ἔστι</span> <span class='ocrx_word' id='word_1_130' title='bbox 1301 1655 1462 1721; x_wconf 86' lang='grc' dir='ltr'>τὸ,ὼς</span> <span class='ocrx_word' id='word_1_131' title='bbox 1494 1657 1558 1707; x_wconf 81' lang='grc' dir='ltr'>ἐκ</span> <span class='ocrx_word' id='word_1_132' title='bbox 1586 1655 1783 1724; x_wconf 80' lang='grc' dir='ltr'><strong>μέτρου</strong></span> <span class='ocrx_word' id='word_1_133' title='bbox 1801 1654 1891 1707; x_wconf 83' lang='grc' dir='ltr'><strong>δύ-</strong></span> 
     </span>
    </p>
   </div>
   <div class='ocr_carea' id='block_1_19' title="bbox 321 1746 1889 1823">
    <p class='ocr_par' dir='ltr' id='par_1_19' title="bbox 321 1746 1889 1823">
     <span class='ocr_line' id='line_1_19' title="bbox 321 1746 1889 1823; baseline -0.006 -13"><span class='ocrx_word' id='word_1_134' title='bbox 321 1756 518 1811; x_wconf 87' lang='grc' dir='ltr'>νασθαι</span> <span class='ocrx_word' id='word_1_135' title='bbox 538 1756 663 1817; x_wconf 79' lang='grc' dir='ltr'>τοὺς</span> <span class='ocrx_word' id='word_1_136' title='bbox 686 1753 907 1823; x_wconf 75' lang='grc' dir='ltr'>ἔχοντας</span> <span class='ocrx_word' id='word_1_137' title='bbox 934 1749 1233 1821; x_wconf 79' lang='grc' dir='ltr'>ἐνέργειαν.</span> <span class='ocrx_word' id='word_1_138' title='bbox 1252 1748 1310 1801; x_wconf 91' lang='lat'><strong>&#39;0</strong></span> <span class='ocrx_word' id='word_1_139' title='bbox 1332 1747 1389 1800; x_wconf 88' lang='grc' dir='ltr'><strong>δέ</strong></span> <span class='ocrx_word' id='word_1_140' title='bbox 1415 1763 1478 1815; x_wconf 87' lang='grc' dir='ltr'><strong>γε</strong></span> <span class='ocrx_word' id='word_1_141' title='bbox 1501 1746 1704 1817; x_wconf 84' lang='grc' dir='ltr'>Κύριος</span> <span class='ocrx_word' id='word_1_142' title='bbox 1732 1746 1889 1817; x_wconf 80' lang='grc' dir='ltr'><strong>ἡμῶν</strong></span> 
     </span>
    </p>
   </div>
   <div class='ocr_carea' id='block_1_20' title="bbox 1998 562 3565 633">
    <p class='ocr_par' dir='ltr' id='par_1_20' title="bbox 1998 562 3565 633">
     <span class='ocr_line' id='line_1_20' title="bbox 1998 562 3565 633; baseline 0.011 -18"><span class='ocrx_word' id='word_1_143' title='bbox 1998 562 2227 617; x_wconf 87' lang='lat' dir='ltr'><strong>dicimus</strong></span> <span class='ocrx_word' id='word_1_144' title='bbox 2271 563 2372 631; x_wconf 89' lang='lat' dir='ltr'><strong>ipsi</strong></span> <span class='ocrx_word' id='word_1_145' title='bbox 2422 563 2602 616; x_wconf 91' lang='lat' dir='ltr'><strong>datam</strong></span> <span class='ocrx_word' id='word_1_146' title='bbox 2644 563 2882 632; x_wconf 75' lang='lat' dir='ltr'><strong>Spiritus</strong></span> <span class='ocrx_word' id='word_1_147' title='bbox 2920 565 3262 623; x_wconf 84' lang='lat' dir='ltr'><strong>elIicicntiam</strong></span> <span class='ocrx_word' id='word_1_148' title='bbox 3311 574 3565 633; x_wconf 81' lang='lat' dir='ltr'><strong>similiter</strong></span> 
     </span>
    </p>
   </div>
   <div class='ocr_carea' id='block_1_21' title="bbox 1998 650 3565 728">
    <p class='ocr_par' dir='ltr' id='par_1_21' title="bbox 1998 650 3565 728">
     <span class='ocr_line' id='line_1_21' title="bbox 1998 650 3565 728; baseline 0.012 -26"><span class='ocrx_word' id='word_1_149' title='bbox 1998 664 2063 703; x_wconf 89' lang='lat' dir='ltr'><strong>ac</strong></span> <span class='ocrx_word' id='word_1_150' title='bbox 2094 651 2248 704; x_wconf 91' lang='lat' dir='ltr'><strong>nobis</strong></span> <span class='ocrx_word' id='word_1_151' title='bbox 2299 650 2448 719; x_wconf 83' lang='lat' dir='ltr'><strong>ipsis,</strong></span> <span class='ocrx_word' id='word_1_152' title='bbox 2503 660 2597 705; x_wconf 90' lang='lat' dir='ltr'><strong>aut</strong></span> <span class='ocrx_word' id='word_1_153' title='bbox 2638 653 2801 708; x_wconf 84' lang='lat' dir='ltr'><strong>etiam</strong></span> <span class='ocrx_word' id='word_1_154' title='bbox 2848 657 3053 711; x_wconf 88' lang='lat' dir='ltr'><strong>sanctis</strong></span> <span class='ocrx_word' id='word_1_155' title='bbox 3088 660 3367 728; x_wconf 77' lang='lat' dir='ltr'><strong>apostolis.</strong></span> <span class='ocrx_word' id='word_1_156' title='bbox 3403 663 3565 721; x_wconf 82' lang='lat' dir='ltr'><strong>Dedit</strong></span> 
     </span>
    </p>
   </div>
   <div class='ocr_carea' id='block_1_22' title="bbox 1997 735 3567 817">
    <p class='ocr_par' dir='ltr' id='par_1_22' title="bbox 1997 735 3567 817">
     <span class='ocr_line' id='line_1_22' title="bbox 1997 735 3567 817; baseline 0.015 -31"><span class='ocrx_word' id='word_1_157' title='bbox 1997 736 2140 787; x_wconf 90' lang='lat' dir='ltr'><strong>enim</strong></span> <span class='ocrx_word' id='word_1_158' title='bbox 2171 735 2278 791; x_wconf 88' lang='lat' dir='ltr'><strong>illis</strong></span> <span class='ocrx_word' id='word_1_159' title='bbox 2309 736 2559 793; x_wconf 83' lang='lat' dir='ltr'><strong>Christus</strong></span> <span class='ocrx_word' id='word_1_160' title='bbox 2582 749 2903 807; x_wconf 85' lang='lat' dir='ltr'><strong>potestatem</strong></span> <span class='ocrx_word' id='word_1_161' title='bbox 2925 744 3183 803; x_wconf 86' lang='lat' dir='ltr'><strong>adversus</strong></span> <span class='ocrx_word' id='word_1_162' title='bbox 3219 749 3444 817; x_wconf 86' lang='lat' dir='ltr'><strong>spiritus</strong></span> <span class='ocrx_word' id='word_1_163' title='bbox 3469 754 3567 809; x_wconf 83' lang='lat' dir='ltr'><strong>inr-</strong></span> 
     </span>
    </p>
   </div>
   <div class='ocr_carea' id='block_1_23' title="bbox 2000 828 3565 904">
    <p class='ocr_par' dir='ltr' id='par_1_23' title="bbox 2000 828 3565 904">
     <span class='ocr_line' id='line_1_23' title="bbox 2000 828 3565 904; baseline 0.016 -25"><span class='ocrx_word' id='word_1_164' title='bbox 2000 828 2228 881; x_wconf 88' lang='lat' dir='ltr'><strong>mundos</strong></span> <span class='ocrx_word' id='word_1_165' title='bbox 2277 838 2335 881; x_wconf 93' lang='lat' dir='ltr'><strong>ut</strong></span> <span class='ocrx_word' id='word_1_166' title='bbox 2379 843 2473 883; x_wconf 91' lang='lat' dir='ltr'><strong>eos</strong></span> <span class='ocrx_word' id='word_1_167' title='bbox 2500 828 2760 897; x_wconf 83' lang='lat' dir='ltr'><strong>ejicerent</strong></span> <span class='ocrx_word' id='word_1_168' title='bbox 2790 850 2805 886; x_wconf 89' lang='lat'><strong>:</strong></span> <span class='ocrx_word' id='word_1_169' title='bbox 2832 834 2994 902; x_wconf 87' lang='lat' dir='ltr'><strong>jussit</strong></span> <span class='ocrx_word' id='word_1_170' title='bbox 3024 837 3188 894; x_wconf 88' lang='lat' dir='ltr'><strong>etiam</strong></span> <span class='ocrx_word' id='word_1_171' title='bbox 3222 851 3280 896; x_wconf 92' lang='lat' dir='ltr'><strong>ut</strong></span> <span class='ocrx_word' id='word_1_172' title='bbox 3305 857 3565 904; x_wconf 75' lang='lat' dir='ltr'><strong>curarent</strong></span> 
     </span>
    </p>
   </div>
   <div class='ocr_carea' id='block_1_24' title="bbox 1998 920 3565 1010">
    <p class='ocr_par' dir='ltr' id='par_1_24' title="bbox 1998 920 3565 1010">
     <span class='ocr_line' id='line_1_24' title="bbox 1998 920 3565 1010; baseline 0.013 -38"><span class='ocrx_word' id='word_1_173' title='bbox 1998 933 2215 973; x_wconf 89' lang='lat' dir='ltr'><strong>omnem</strong></span> <span class='ocrx_word' id='word_1_174' title='bbox 2257 920 2623 977; x_wconf 78' lang='lat' dir='ltr'><strong>inﬁrmitatem</strong></span> <span class='ocrx_word' id='word_1_175' title='bbox 2654 934 2710 978; x_wconf 91' lang='lat' dir='ltr'><strong>et</strong></span> <span class='ocrx_word' id='word_1_176' title='bbox 2730 940 2944 981; x_wconf 88' lang='lat' dir='ltr'><strong>omnem</strong></span> <span class='ocrx_word' id='word_1_177' title='bbox 3004 928 3318 1000; x_wconf 78' lang='lat' dir='ltr'><strong>languorem</strong></span> <span class='ocrx_word' id='word_1_178' title='bbox 3367 936 3422 992; x_wconf 87' lang='lat' dir='ltr'><strong>in</strong></span> <span class='ocrx_word' id='word_1_179' title='bbox 3467 954 3565 1010; x_wconf 80' lang='lat' dir='ltr'><strong>po-</strong></span> 
     </span>
    </p>
   </div>
   <div class='ocr_carea' id='block_1_25' title="bbox 1998 1010 3567 1100">
    <p class='ocr_par' dir='ltr' id='par_1_25' title="bbox 1998 1010 3567 1100">
     <span class='ocr_line' id='line_1_25' title="bbox 1998 1010 3567 1100; baseline 0.014 -34"><span class='ocrx_word' id='word_1_180' title='bbox 1998 1015 2124 1083; x_wconf 92' lang='lat' dir='ltr'><strong>pulo</strong></span> <span class='ocrx_word' id='word_1_181' title='bbox 2152 1010 2219 1067; x_wconf 78' lang='lat'><strong>&quot;.</strong></span> <span class='ocrx_word' id='word_1_182' title='bbox 2251 1014 2583 1072; x_wconf 84' lang='lat' dir='ltr'><strong>lntrinsecus</strong></span> <span class='ocrx_word' id='word_1_183' title='bbox 2612 1018 2776 1088; x_wconf 83' lang='lat' dir='ltr'><strong>igitur</strong></span> <span class='ocrx_word' id='word_1_184' title='bbox 2823 1029 2877 1074; x_wconf 91' lang='lat' dir='ltr'><strong>et</strong></span> <span class='ocrx_word' id='word_1_185' title='bbox 2928 1020 2997 1076; x_wconf 90' lang='lat' dir='ltr'><strong>ab</strong></span> <span class='ocrx_word' id='word_1_186' title='bbox 3048 1024 3164 1092; x_wconf 90' lang='lat' dir='ltr'><strong>ipso</strong></span> <span class='ocrx_word' id='word_1_187' title='bbox 3201 1037 3286 1083; x_wconf 91' lang='lat' dir='ltr'><strong>est</strong></span> <span class='ocrx_word' id='word_1_188' title='bbox 3327 1027 3567 1100; x_wconf 83' lang='lat' dir='ltr'><strong>Spiritus</strong></span> 
     </span>
    </p>
   </div>
   <div class='ocr_carea' id='block_1_26' title="bbox 1998 1104 3562 1192">
    <p class='ocr_par' dir='ltr' id='par_1_26' title="bbox 1998 1104 3562 1192">
     <span class='ocr_line' id='line_1_26' title="bbox 1998 1104 3562 1192; baseline 0.013 -32"><span class='ocrx_word' id='word_1_189' title='bbox 1998 1104 2114 1173; x_wconf 86' lang='lat' dir='ltr'><strong>ejus</strong></span> <span class='ocrx_word' id='word_1_190' title='bbox 2140 1124 2154 1159; x_wconf 92' lang='lat'><strong>:</strong></span> <span class='ocrx_word' id='word_1_191' title='bbox 2188 1107 2342 1176; x_wconf 82' lang='lat' dir='ltr'><strong>cujus</strong></span> <span class='ocrx_word' id='word_1_192' title='bbox 2374 1109 2450 1163; x_wconf 88' lang='lat' dir='ltr'><strong>rei</strong></span> <span class='ocrx_word' id='word_1_193' title='bbox 2480 1110 2833 1179; x_wconf 88' lang='lat' dir='ltr'><strong>perspicuum</strong></span> <span class='ocrx_word' id='word_1_194' title='bbox 2877 1124 2961 1169; x_wconf 91' lang='lat' dir='ltr'><strong>est</strong></span> <span class='ocrx_word' id='word_1_195' title='bbox 2989 1130 3390 1187; x_wconf 86' lang='lat' dir='ltr'><strong>argumentum,</strong></span> <span class='ocrx_word' id='word_1_196' title='bbox 3417 1128 3562 1192; x_wconf 80' lang='lat' dir='ltr'><strong>quod</strong></span> 
     </span>
    </p>
   </div>
   <div class='ocr_carea' id='block_1_27' title="bbox 1996 1197 3564 1273">
    <p class='ocr_par' dir='ltr' id='par_1_27' title="bbox 1996 1197 3564 1273">
     <span class='ocr_line' id='line_1_27' title="bbox 1996 1197 3564 1273; baseline 0.015 -23"><span class='ocrx_word' id='word_1_197' title='bbox 1996 1197 2161 1251; x_wconf 85' lang='lat' dir='ltr'><strong>etiam</strong></span> <span class='ocrx_word' id='word_1_198' title='bbox 2190 1199 2311 1254; x_wconf 91' lang='lat' dir='ltr'><strong>aliis</strong></span> <span class='ocrx_word' id='word_1_199' title='bbox 2353 1199 2500 1254; x_wconf 91' lang='lat' dir='ltr'><strong>illum</strong></span> <span class='ocrx_word' id='word_1_200' title='bbox 2526 1201 2765 1258; x_wconf 91' lang='lat' dir='ltr'><strong>tribuere</strong></span> <span class='ocrx_word' id='word_1_201' title='bbox 2797 1213 2995 1273; x_wconf 86' lang='lat' dir='ltr'><strong>potest,</strong></span> <span class='ocrx_word' id='word_1_202' title='bbox 3048 1217 3104 1263; x_wconf 91' lang='lat' dir='ltr'><strong>et</strong></span> <span class='ocrx_word' id='word_1_203' title='bbox 3144 1226 3250 1265; x_wconf 84' lang='lat' dir='ltr'><strong>non</strong></span> <span class='ocrx_word' id='word_1_204' title='bbox 3290 1227 3358 1268; x_wconf 83' lang='lat' dir='ltr'><strong>ex</strong></span> <span class='ocrx_word' id='word_1_205' title='bbox 3406 1231 3564 1273; x_wconf 83' lang='lat' dir='ltr'><strong>men-</strong></span> 
     </span>
    </p>
   </div>
   <div class='ocr_carea' id='block_1_28' title="bbox 1996 1291 3567 1367">
    <p class='ocr_par' dir='ltr' id='par_1_28' title="bbox 1996 1291 3567 1367">
     <span class='ocr_line' id='line_1_28' title="bbox 1996 1291 3567 1367; baseline 0.014 -23"><span class='ocrx_word' id='word_1_206' title='bbox 1996 1303 2146 1355; x_wconf 89' lang='lat' dir='ltr'><strong>sura,</strong></span> <span class='ocrx_word' id='word_1_207' title='bbox 2185 1300 2244 1345; x_wconf 91' lang='lat' dir='ltr'><strong>ut</strong></span> <span class='ocrx_word' id='word_1_208' title='bbox 2287 1291 2365 1346; x_wconf 86' lang='lat' dir='ltr'><strong>ait</strong></span> <span class='ocrx_word' id='word_1_209' title='bbox 2409 1292 2599 1347; x_wconf 88' lang='lat' dir='ltr'><strong>beatus</strong></span> <span class='ocrx_word' id='word_1_210' title='bbox 2656 1298 2983 1367; x_wconf 81' lang='lat' dir='ltr'><strong>evangelista</strong></span> <span class='ocrx_word' id='word_1_211' title='bbox 3009 1300 3096 1366; x_wconf 80' lang='lat'><strong>&quot;;</strong></span> <span class='ocrx_word' id='word_1_212' title='bbox 3153 1318 3277 1360; x_wconf 84' lang='lat' dir='ltr'><strong>nam</strong></span> <span class='ocrx_word' id='word_1_213' title='bbox 3314 1305 3403 1363; x_wconf 92' lang='lat' dir='ltr'><strong>ille</strong></span> <span class='ocrx_word' id='word_1_214' title='bbox 3448 1324 3567 1365; x_wconf 80' lang='lat' dir='ltr'><strong>om-</strong></span> 
     </span>
    </p>
   </div>
   <div class='ocr_carea' id='block_1_29' title="bbox 2002 1380 3562 1460">
    <p class='ocr_par' dir='ltr' id='par_1_29' title="bbox 2002 1380 3562 1460">
     <span class='ocr_line' id='line_1_29' title="bbox 2002 1380 3562 1460; baseline 0.018 -28"><span class='ocrx_word' id='word_1_215' title='bbox 2002 1380 2148 1433; x_wconf 90' lang='lat' dir='ltr'><strong>nium</strong></span> <span class='ocrx_word' id='word_1_216' title='bbox 2172 1382 2311 1438; x_wconf 86' lang='lat' dir='ltr'><strong>Deus</strong></span> <span class='ocrx_word' id='word_1_217' title='bbox 2333 1384 2398 1438; x_wconf 90' lang='lat' dir='ltr'><strong>ad</strong></span> <span class='ocrx_word' id='word_1_218' title='bbox 2413 1399 2717 1440; x_wconf 89' lang='lat' dir='ltr'><strong>mensuram</strong></span> <span class='ocrx_word' id='word_1_219' title='bbox 2741 1389 2956 1455; x_wconf 89' lang='lat' dir='ltr'><strong>quidem</strong></span> <span class='ocrx_word' id='word_1_220' title='bbox 2987 1393 3173 1449; x_wconf 90' lang='lat' dir='ltr'><strong>tribuit</strong></span> <span class='ocrx_word' id='word_1_221' title='bbox 3196 1401 3401 1456; x_wconf 85' lang='lat' dir='ltr'><strong>sanctis</strong></span> <span class='ocrx_word' id='word_1_222' title='bbox 3425 1401 3562 1460; x_wconf 80' lang='lat' dir='ltr'><strong>viris</strong></span> 
     </span>
    </p>
   </div>
   <div class='ocr_carea' id='block_1_30' title="bbox 2003 1471 3561 1552">
    <p class='ocr_par' dir='ltr' id='par_1_30' title="bbox 2003 1471 3561 1552">
     <span class='ocr_line' id='line_1_30' title="bbox 2003 1471 3561 1552; baseline 0.016 -27"><span class='ocrx_word' id='word_1_223' title='bbox 2003 1471 2237 1539; x_wconf 88' lang='lat' dir='ltr'><strong>Spiritus</strong></span> <span class='ocrx_word' id='word_1_224' title='bbox 2267 1476 2439 1529; x_wconf 85' lang='lat' dir='ltr'><strong>sancti</strong></span> <span class='ocrx_word' id='word_1_225' title='bbox 2464 1477 2715 1545; x_wconf 79' lang='lat' dir='ltr'><strong>gratiam,</strong></span> <span class='ocrx_word' id='word_1_226' title='bbox 2744 1489 2798 1533; x_wconf 92' lang='lat' dir='ltr'><strong>et</strong></span> <span class='ocrx_word' id='word_1_227' title='bbox 2820 1479 2910 1534; x_wconf 89' lang='lat' dir='ltr'><strong>alii</strong></span> <span class='ocrx_word' id='word_1_228' title='bbox 2946 1483 3163 1552; x_wconf 83' lang='lat' dir='ltr'><strong>quidem</strong></span> <span class='ocrx_word' id='word_1_229' title='bbox 3185 1488 3330 1545; x_wconf 88' lang='lat' dir='ltr'><strong>dedit</strong></span> <span class='ocrx_word' id='word_1_230' title='bbox 3348 1505 3561 1549; x_wconf 80' lang='lat' dir='ltr'><strong>sermo-</strong></span> 
     </span>
    </p>
   </div>
   <div class='ocr_carea' id='block_1_31' title="bbox 2000 1564 3559 1647">
    <p class='ocr_par' dir='ltr' id='par_1_31' title="bbox 2000 1564 3559 1647">
     <span class='ocr_line' id='line_1_31' title="bbox 2000 1564 3559 1647; baseline 0.013 -32"><span class='ocrx_word' id='word_1_231' title='bbox 2000 1576 2118 1616; x_wconf 89' lang='lat' dir='ltr'><strong>nem</strong></span> <span class='ocrx_word' id='word_1_232' title='bbox 2137 1564 2427 1631; x_wconf 82' lang='lat' dir='ltr'><strong>sapientiae,</strong></span> <span class='ocrx_word' id='word_1_233' title='bbox 2450 1565 2539 1618; x_wconf 88' lang='lat' dir='ltr'><strong>alii</strong></span> <span class='ocrx_word' id='word_1_234' title='bbox 2558 1580 2857 1622; x_wconf 89' lang='lat' dir='ltr'><strong>sermonem</strong></span> <span class='ocrx_word' id='word_1_235' title='bbox 2873 1569 3133 1639; x_wconf 81' lang='lat' dir='ltr'><strong>scientiae,</strong></span> <span class='ocrx_word' id='word_1_236' title='bbox 3150 1574 3305 1630; x_wconf 85' lang='lat' dir='ltr'><strong>alteri</strong></span> <span class='ocrx_word' id='word_1_237' title='bbox 3325 1579 3559 1647; x_wconf 79' lang='lat' dir='ltr'><strong>gratiam</strong></span> 
     </span>
    </p>
   </div>
   <div class='ocr_carea' id='block_1_32' title="bbox 1996 1653 3565 1736">
    <p class='ocr_par' dir='ltr' id='par_1_32' title="bbox 1996 1653 3565 1736">
     <span class='ocr_line' id='line_1_32' title="bbox 1996 1653 3565 1736; baseline 0.013 -31"><span class='ocrx_word' id='word_1_238' title='bbox 1996 1653 2337 1707; x_wconf 86' lang='lat' dir='ltr'><strong>curationum</strong></span> <span class='ocrx_word' id='word_1_239' title='bbox 2366 1655 2413 1686; x_wconf 67' lang='grc'><strong>⁸⁵</strong></span> <span class='ocrx_word' id='word_1_240' title='bbox 2462 1654 2683 1725; x_wconf 88' lang='lat' dir='ltr'><strong>:idque</strong></span> <span class='ocrx_word' id='word_1_241' title='bbox 2709 1667 2811 1724; x_wconf 92' lang='lat' dir='ltr'><strong>est,</strong></span> <span class='ocrx_word' id='word_1_242' title='bbox 2868 1669 2927 1714; x_wconf 93' lang='lat' dir='ltr'><strong>ut</strong></span> <span class='ocrx_word' id='word_1_243' title='bbox 2982 1662 3195 1731; x_wconf 84' lang='lat' dir='ltr'><strong>opinor,</strong></span> <span class='ocrx_word' id='word_1_244' title='bbox 3247 1669 3392 1736; x_wconf 90' lang='lat' dir='ltr'><strong>quod</strong></span> <span class='ocrx_word' id='word_1_245' title='bbox 3442 1679 3565 1725; x_wconf 77' lang='lat' dir='ltr'><strong>tan-</strong></span> 
     </span>
    </p>
   </div>
   <div class='ocr_carea' id='block_1_33' title="bbox 1997 1750 3561 1821">
    <p class='ocr_par' dir='ltr' id='par_1_33' title="bbox 1997 1750 3561 1821">
     <span class='ocr_line' id='line_1_33' title="bbox 1997 1750 3561 1821; baseline 0.013 -25"><span class='ocrx_word' id='word_1_246' title='bbox 1997 1759 2157 1811; x_wconf 87' lang='lat' dir='ltr'><strong>quam</strong></span> <span class='ocrx_word' id='word_1_247' title='bbox 2185 1760 2251 1799; x_wconf 84' lang='lat' dir='ltr'><strong>ex</strong></span> <span class='ocrx_word' id='word_1_248' title='bbox 2269 1760 2520 1800; x_wconf 86' lang='lat' dir='ltr'><strong>mensura</strong></span> <span class='ocrx_word' id='word_1_249' title='bbox 2541 1759 2766 1816; x_wconf 91' lang='lat' dir='ltr'><strong>possunt</strong></span> <span class='ocrx_word' id='word_1_250' title='bbox 2795 1750 2832 1804; x_wconf 91' lang='lat' dir='ltr'><strong>ii</strong></span> <span class='ocrx_word' id='word_1_251' title='bbox 2858 1753 2952 1821; x_wconf 89' lang='lat' dir='ltr'><strong>qui</strong></span> <span class='ocrx_word' id='word_1_252' title='bbox 2976 1752 3177 1809; x_wconf 87' lang='lat' dir='ltr'><strong>habent</strong></span> <span class='ocrx_word' id='word_1_253' title='bbox 3197 1757 3561 1819; x_wconf 80' lang='lat' dir='ltr'><strong>etlicientiam.</strong></span> 
     </span>
    </p>
   </div>
   <div class='ocr_carea' id='block_1_34' title="bbox 336 1834 1892 1916">
    <p class='ocr_par' dir='ltr' id='par_1_34' title="bbox 336 1837 1892 1916">
     <span class='ocr_line' id='line_1_34' title="bbox 336 1837 1892 1916; baseline -0.006 -15"><span class='ocrx_word' id='word_1_254' title='bbox 336 1846 548 1916; x_wconf 75' lang='grc' dir='ltr'>Ἰησοῦς</span> <span class='ocrx_word' id='word_1_255' title='bbox 587 1842 846 1915; x_wconf 84' lang='grc' dir='ltr'>Χριστὸς,</span> <span class='ocrx_word' id='word_1_256' title='bbox 900 1841 962 1906; x_wconf 79' lang='grc' dir='ltr'>ἐξ</span> <span class='ocrx_word' id='word_1_257' title='bbox 1015 1840 1145 1894; x_wconf 78' lang='grc' dir='ltr'>ἰδίου</span> <span class='ocrx_word' id='word_1_258' title='bbox 1180 1837 1549 1910; x_wconf 82' lang='grc' dir='ltr'><strong>πληρώματος</strong></span> <span class='ocrx_word' id='word_1_259' title='bbox 1583 1838 1793 1909; x_wconf 77' lang='grc' dir='ltr'>προῖεὶς</span> <span class='ocrx_word' id='word_1_260' title='bbox 1832 1837 1892 1891; x_wconf 83' lang='grc' dir='ltr'>τὸ</span> 
     </span>
    </p>
   </div>
   <div class='ocr_carea' id='block_1_35' title="bbox 1996 1834 3565 1916">
    <p class='ocr_par' dir='ltr' id='par_1_35' title="bbox 1996 1835 3565 1909">
     <span class='ocr_line' id='line_1_35' title="bbox 1996 1835 3565 1909; baseline 0.014 -22"><span class='ocrx_word' id='word_1_261' title='bbox 1996 1835 2106 1905; x_wconf 82' lang='lat'><strong>99</strong></span> <span class='ocrx_word' id='word_1_262' title='bbox 2133 1836 2201 1890; x_wconf 82' lang='lat' dir='ltr'><strong>At</strong></span> <span class='ocrx_word' id='word_1_263' title='bbox 2228 1851 2357 1891; x_wconf 90' lang='lat' dir='ltr'><strong>vero</strong></span> <span class='ocrx_word' id='word_1_264' title='bbox 2391 1837 2653 1895; x_wconf 92' lang='lat' dir='ltr'><strong>Dominus</strong></span> <span class='ocrx_word' id='word_1_265' title='bbox 2682 1852 2865 1897; x_wconf 90' lang='lat' dir='ltr'><strong>noster</strong></span> <span class='ocrx_word' id='word_1_266' title='bbox 2892 1844 3050 1901; x_wconf 89' lang='lat' dir='ltr'><strong>Jesus</strong></span> <span class='ocrx_word' id='word_1_267' title='bbox 3078 1846 3332 1906; x_wconf 83' lang='lat' dir='ltr'><strong>Christus</strong></span> <span class='ocrx_word' id='word_1_268' title='bbox 3353 1865 3419 1905; x_wconf 74' lang='lat' dir='ltr'><strong>ex</strong></span> <span class='ocrx_word' id='word_1_269' title='bbox 3466 1867 3565 1909; x_wconf 86' lang='lat' dir='ltr'><strong>sua</strong></span> 
     </span>
    </p>
   </div>
   <div class='ocr_carea' id='block_1_36' title="bbox 322 1927 1895 2008">
    <p class='ocr_par' dir='ltr' id='par_1_36' title="bbox 322 1927 1895 2008">
     <span class='ocr_line' id='line_1_36' title="bbox 322 1927 1895 2008; baseline -0.008 -16"><span class='ocrx_word' id='word_1_270' title='bbox 322 1937 568 2008; x_wconf 82' lang='grc' dir='ltr'><strong>Πνεῦμα,</strong></span> <span class='ocrx_word' id='word_1_271' title='bbox 594 1934 738 1989; x_wconf 81' lang='grc' dir='ltr'>καθά</span> <span class='ocrx_word' id='word_1_272' title='bbox 769 1933 866 1987; x_wconf 83' lang='grc' dir='ltr'>καὶ</span> <span class='ocrx_word' id='word_1_273' title='bbox 887 1931 1048 1994; x_wconf 82' lang='grc' dir='ltr'>αὐτὸς</span> <span class='ocrx_word' id='word_1_274' title='bbox 1079 1930 1108 1982; x_wconf 92' lang='lat'><strong>6</strong></span> <span class='ocrx_word' id='word_1_275' title='bbox 1140 1930 1353 2000; x_wconf 84' lang='grc' dir='ltr'>Πατὴρ,</span> <span class='ocrx_word' id='word_1_276' title='bbox 1380 1929 1478 1999; x_wconf 84' lang='grc' dir='ltr'><strong>οὐχ</strong></span> <span class='ocrx_word' id='word_1_277' title='bbox 1507 1928 1583 1992; x_wconf 84' lang='grc' dir='ltr'><strong>ὡς</strong></span> <span class='ocrx_word' id='word_1_278' title='bbox 1604 1930 1669 1981; x_wconf 84' lang='grc' dir='ltr'>ὲκ</span> <span class='ocrx_word' id='word_1_279' title='bbox 1695 1927 1895 1999; x_wconf 89' lang='grc' dir='ltr'>μέτρου</span> 
     </span>
    </p>
   </div>
   <div class='ocr_carea' id='block_1_37' title="bbox 321 2014 1897 2092">
    <p class='ocr_par' dir='ltr' id='par_1_37' title="bbox 321 2014 1897 2092">
     <span class='ocr_line' id='line_1_37' title="bbox 321 2014 1897 2092; baseline -0.006 -9"><span class='ocrx_word' id='word_1_280' title='bbox 321 2029 538 2082; x_wconf 80' lang='grc' dir='ltr'>δίδωσιν</span> <span class='ocrx_word' id='word_1_281' title='bbox 566 2028 699 2080; x_wconf 84' lang='grc' dir='ltr'>αὐτὸ</span> <span class='ocrx_word' id='word_1_282' title='bbox 731 2027 847 2088; x_wconf 87' lang='grc' dir='ltr'>τοῖς</span> <span class='ocrx_word' id='word_1_283' title='bbox 895 2022 1068 2088; x_wconf 79' lang='grc' dir='ltr'>ἀξίοις</span> <span class='ocrx_word' id='word_1_284' title='bbox 1115 2021 1277 2074; x_wconf 80' lang='grc' dir='ltr'>ἑλεῖν.</span> <span class='ocrx_word' id='word_1_285' title='bbox 1316 2021 1563 2075; x_wconf 86' lang='grc' dir='ltr'>Ἀνθότου</span> <span class='ocrx_word' id='word_1_286' title='bbox 1596 2020 1659 2092; x_wconf 81' lang='grc' dir='ltr'>δὴ</span> <span class='ocrx_word' id='word_1_287' title='bbox 1695 2016 1812 2085; x_wconf 80' lang='grc' dir='ltr'>οὖν,</span> <span class='ocrx_word' id='word_1_288' title='bbox 1852 2014 1897 2074; x_wconf 78' lang='grc' dir='ltr'><strong>ὦ</strong></span> 
     </span>
    </p>
   </div>
   <div class='ocr_carea' id='block_1_38' title="bbox 324 2113 1897 2192">
    <p class='ocr_par' dir='ltr' id='par_1_38' title="bbox 324 2113 1897 2192">
     <span class='ocr_line' id='line_1_38' title="bbox 324 2113 1897 2192; baseline -0.006 -17"><span class='ocrx_word' id='word_1_289' title='bbox 324 2122 591 2192; x_wconf 82' lang='grc' dir='ltr'>βέλτιστε,</span> <span class='ocrx_word' id='word_1_290' title='bbox 621 2119 714 2173; x_wconf 83' lang='grc' dir='ltr'>τὸν</span> <span class='ocrx_word' id='word_1_291' title='bbox 746 2118 847 2172; x_wconf 83' lang='grc' dir='ltr'><strong>οὐκ</strong></span> <span class='ocrx_word' id='word_1_292' title='bbox 878 2119 943 2171; x_wconf 82' lang='grc' dir='ltr'>ὲκ</span> <span class='ocrx_word' id='word_1_293' title='bbox 976 2117 1177 2187; x_wconf 83' lang='grc' dir='ltr'><strong>μέτρου</strong></span> <span class='ocrx_word' id='word_1_294' title='bbox 1206 2113 1417 2167; x_wconf 85' lang='grc' dir='ltr'>διδόντα</span> <span class='ocrx_word' id='word_1_295' title='bbox 1436 2113 1495 2167; x_wconf 86' lang='grc' dir='ltr'>τὸ</span> <span class='ocrx_word' id='word_1_296' title='bbox 1528 2113 1753 2184; x_wconf 84' lang='grc' dir='ltr'>Πνεῦμα</span> <span class='ocrx_word' id='word_1_297' title='bbox 1783 2116 1897 2179; x_wconf 88' lang='grc' dir='ltr'>τοῖς</span> 
     </span>
    </p>
   </div>
   <div class='ocr_carea' id='block_1_39' title="bbox 326 2207 1899 2287">
    <p class='ocr_par' dir='ltr' id='par_1_39' title="bbox 326 2207 1899 2287">
     <span class='ocr_line' id='line_1_39' title="bbox 326 2207 1899 2287; baseline -0.006 -19"><span class='ocrx_word' id='word_1_298' title='bbox 326 2214 743 2287; x_wconf 83' lang='grc' dir='ltr'><strong>μεμετρημένον</strong></span> <span class='ocrx_word' id='word_1_299' title='bbox 768 2212 984 2283; x_wconf 76' lang='grc' dir='ltr'>ἔχουσιν</span> <span class='ocrx_word' id='word_1_300' title='bbox 1016 2211 1150 2266; x_wconf 79' lang='grc' dir='ltr'>αὐτὸ</span> <span class='ocrx_word' id='word_1_301' title='bbox 1183 2211 1356 2272; x_wconf 80' lang='grc' dir='ltr'>ποιεῖς</span> <span class='ocrx_word' id='word_1_302' title='bbox 1386 2207 1701 2279; x_wconf 76' lang='grc' dir='ltr'>ἐναρίθμιον</span> <span class='ocrx_word' id='word_1_303' title='bbox 1725 2224 1740 2275; x_wconf 91' lang='grc'><strong>;</strong></span> <span class='ocrx_word' id='word_1_304' title='bbox 1768 2223 1899 2275; x_wconf 87' lang='grc' dir='ltr'>συγ-</span> 
     </span>
    </p>
   </div>
   <div class='ocr_carea' id='block_1_40' title="bbox 322 2296 1898 2372">
    <p class='ocr_par' dir='ltr' id='par_1_40' title="bbox 322 2296 1898 2372">
     <span class='ocr_line' id='line_1_40' title="bbox 322 2296 1898 2372; baseline -0.004 -16"><span class='ocrx_word' id='word_1_305' title='bbox 322 2300 692 2372; x_wconf 83' lang='grc' dir='ltr'>κεκροτῆσθαι</span> <span class='ocrx_word' id='word_1_306' title='bbox 721 2300 896 2369; x_wconf 87' lang='grc' dir='ltr'>λέγων</span> <span class='ocrx_word' id='word_1_307' title='bbox 928 2301 1081 2370; x_wconf 69' lang='grc' dir='ltr'>παρὰ</span> <span class='ocrx_word' id='word_1_308' title='bbox 1114 2297 1207 2352; x_wconf 87' lang='grc' dir='ltr'><strong>τοῦ</strong></span> <span class='ocrx_word' id='word_1_309' title='bbox 1248 2296 1567 2367; x_wconf 85' lang='grc' dir='ltr'>Πνεύματος</span> <span class='ocrx_word' id='word_1_310' title='bbox 1596 2296 1696 2368; x_wconf 80' lang='grc' dir='ltr'>τὴν</span> <span class='ocrx_word' id='word_1_311' title='bbox 1737 2296 1898 2362; x_wconf 81' lang='grc' dir='ltr'>δόξαν</span> 
     </span>
    </p>
   </div>
   <div class='ocr_carea' id='block_1_41' title="bbox 324 2387 1895 2462">
    <p class='ocr_par' dir='ltr' id='par_1_41' title="bbox 324 2387 1895 2462">
     <span class='ocr_line' id='line_1_41' title="bbox 324 2387 1895 2462; baseline -0.004 -15"><span class='ocrx_word' id='word_1_312' title='bbox 324 2392 518 2456; x_wconf 79' lang='grc' dir='ltr'>αὐτοῦ,</span> <span class='ocrx_word' id='word_1_313' title='bbox 534 2393 631 2446; x_wconf 80' lang='grc' dir='ltr'>καὶ</span> <span class='ocrx_word' id='word_1_314' title='bbox 655 2390 993 2462; x_wconf 83' lang='grc' dir='ltr'>ένηργῆσθαι</span> <span class='ocrx_word' id='word_1_315' title='bbox 1018 2390 1237 2461; x_wconf 80' lang='grc' dir='ltr'>μᾶλλον,</span> <span class='ocrx_word' id='word_1_316' title='bbox 1252 2389 1326 2453; x_wconf 85' lang='grc' dir='ltr'><strong>ὡς</strong></span> <span class='ocrx_word' id='word_1_317' title='bbox 1344 2389 1440 2443; x_wconf 73' lang='grc' dir='ltr'><strong>ἕνα</strong></span> <span class='ocrx_word' id='word_1_318' title='bbox 1461 2388 1568 2442; x_wconf 85' lang='grc' dir='ltr'><strong>τῶν</strong></span> <span class='ocrx_word' id='word_1_319' title='bbox 1589 2387 1709 2443; x_wconf 77' lang='grc' dir='ltr'>καθ’</span> <span class='ocrx_word' id='word_1_320' title='bbox 1728 2388 1895 2458; x_wconf 75' lang='grc' dir='ltr'>ἡμᾶς,</span> 
     </span>
    </p>
   </div>
   <div class='ocr_carea' id='block_1_42' title="bbox 325 2478 1899 2555">
    <p class='ocr_par' dir='ltr' id='par_1_42' title="bbox 325 2478 1899 2555">
     <span class='ocr_line' id='line_1_42' title="bbox 325 2478 1899 2555; baseline -0.005 -16"><span class='ocrx_word' id='word_1_321' title='bbox 325 2487 391 2539; x_wconf 81' lang='grc' dir='ltr'><strong>ἐν</strong></span> <span class='ocrx_word' id='word_1_322' title='bbox 418 2484 642 2555; x_wconf 86' lang='grc' dir='ltr'>χάριτος</span> <span class='ocrx_word' id='word_1_323' title='bbox 686 2482 843 2548; x_wconf 83' lang='grc' dir='ltr'>τάξει</span> <span class='ocrx_word' id='word_1_324' title='bbox 884 2482 1118 2536; x_wconf 83' lang='grc' dir='ltr'>λαϐόντα</span> <span class='ocrx_word' id='word_1_325' title='bbox 1156 2482 1257 2551; x_wconf 84' lang='grc' dir='ltr'>τὴν</span> <span class='ocrx_word' id='word_1_326' title='bbox 1294 2480 1426 2550; x_wconf 88' lang='grc' dir='ltr'>παρ’</span> <span class='ocrx_word' id='word_1_327' title='bbox 1456 2478 1622 2533; x_wconf 80' lang='grc' dir='ltr'>αὐτοῦ</span> <span class='ocrx_word' id='word_1_328' title='bbox 1663 2478 1899 2549; x_wconf 83' lang='grc' dir='ltr'>συγκρό-</span> 
     </span>
    </p>
   </div>
   <div class='ocr_carea' id='block_1_43' title="bbox 322 2566 1900 2647">
    <p class='ocr_par' dir='ltr' id='par_1_43' title="bbox 322 2566 1900 2647">
     <span class='ocr_line' id='line_1_43' title="bbox 322 2566 1900 2647; baseline -0.005 -16"><span class='ocrx_word' id='word_1_329' title='bbox 322 2592 509 2647; x_wconf 83' lang='grc' dir='ltr'>τησιν,</span> <span class='ocrx_word' id='word_1_330' title='bbox 544 2577 712 2646; x_wconf 71' lang='grc' dir='ltr'>ἤγουν</span> <span class='ocrx_word' id='word_1_331' title='bbox 750 2574 1046 2646; x_wconf 80' lang='grc' dir='ltr'>ἐνεργῆσαι</span> <span class='ocrx_word' id='word_1_332' title='bbox 1090 2572 1289 2644; x_wconf 80' lang='grc' dir='ltr'>μᾶλλον</span> <span class='ocrx_word' id='word_1_333' title='bbox 1315 2571 1391 2635; x_wconf 83' lang='grc' dir='ltr'>ὡς</span> <span class='ocrx_word' id='word_1_334' title='bbox 1441 2571 1507 2625; x_wconf 86' lang='grc' dir='ltr'><strong>δι’</strong></span> <span class='ocrx_word' id='word_1_335' title='bbox 1544 2570 1677 2624; x_wconf 77' lang='grc' dir='ltr'>ἰδίου</span> <span class='ocrx_word' id='word_1_336' title='bbox 1723 2566 1900 2627; x_wconf 78' lang='grc' dir='ltr'>Πνεῦ-</span> 
     </span>
    </p>
   </div>
   <div class='ocr_carea' id='block_1_44' title="bbox 328 2661 1899 2738">
    <p class='ocr_par' dir='ltr' id='par_1_44' title="bbox 328 2661 1899 2738">
     <span class='ocr_line' id='line_1_44' title="bbox 328 2661 1899 2738; baseline -0.005 -17"><span class='ocrx_word' id='word_1_337' title='bbox 328 2684 502 2738; x_wconf 86' lang='grc' dir='ltr'>ματος</span> <span class='ocrx_word' id='word_1_338' title='bbox 528 2667 629 2730; x_wconf 85' lang='grc' dir='ltr'>τὰς</span> <span class='ocrx_word' id='word_1_339' title='bbox 658 2665 981 2736; x_wconf 88' lang='grc' dir='ltr'>θεοσημίας.</span> <span class='ocrx_word' id='word_1_340' title='bbox 1028 2664 1273 2719; x_wconf 86' lang='grc' dir='ltr'>Ἰουδαῖοι</span> <span class='ocrx_word' id='word_1_341' title='bbox 1310 2663 1410 2733; x_wconf 86' lang='grc' dir='ltr'>μὲν</span> <span class='ocrx_word' id='word_1_342' title='bbox 1450 2662 1560 2731; x_wconf 87' lang='grc' dir='ltr'>γὰρ</span> <span class='ocrx_word' id='word_1_343' title='bbox 1594 2663 1642 2714; x_wconf 87' lang='grc' dir='ltr'><strong>οἱ</strong></span> <span class='ocrx_word' id='word_1_344' title='bbox 1667 2661 1899 2714; x_wconf 82' lang='grc' dir='ltr'>πάντολ-</span> 
     </span>
    </p>
   </div>
   <div class='ocr_carea' id='block_1_45' title="bbox 329 2755 1901 2829">
    <p class='ocr_par' dir='ltr' id='par_1_45' title="bbox 329 2755 1901 2829">
     <span class='ocr_line' id='line_1_45' title="bbox 329 2755 1901 2829; baseline -0.001 -18"><span class='ocrx_word' id='word_1_345' title='bbox 329 2775 445 2829; x_wconf 84' lang='grc' dir='ltr'>μοι,</span> <span class='ocrx_word' id='word_1_346' title='bbox 477 2757 683 2828; x_wconf 75' lang='grc' dir='ltr'>πικρὰν</span> <span class='ocrx_word' id='word_1_347' title='bbox 715 2757 803 2810; x_wconf 77' lang='grc' dir='ltr'><strong>ἐπ’</strong></span> <span class='ocrx_word' id='word_1_348' title='bbox 841 2755 993 2827; x_wconf 78' lang='grc' dir='ltr'>αὐτῷ</span> <span class='ocrx_word' id='word_1_349' title='bbox 1038 2757 1437 2828; x_wconf 79' lang='grc' dir='ltr'>καταθὴγοντες</span> <span class='ocrx_word' id='word_1_350' title='bbox 1470 2755 1736 2822; x_wconf 83' lang='grc' dir='ltr'>γλῶτταν,</span> <span class='ocrx_word' id='word_1_351' title='bbox 1777 2755 1901 2809; x_wconf 84' lang='grc' dir='ltr'><strong>ἀνο-</strong></span> 
     </span>
    </p>
   </div>
   <div class='ocr_carea' id='block_1_46' title="bbox 328 2842 1899 2918">
    <p class='ocr_par' dir='ltr' id='par_1_46' title="bbox 328 2842 1899 2918">
     <span class='ocr_line' id='line_1_46' title="bbox 328 2842 1899 2918; baseline -0.003 -15"><span class='ocrx_word' id='word_1_352' title='bbox 328 2850 463 2913; x_wconf 89' lang='grc' dir='ltr'>σίως</span> <span class='ocrx_word' id='word_1_353' title='bbox 495 2848 765 2917; x_wconf 70' lang='grc' dir='ltr'>ἔφασκον·</span> <span class='ocrx_word' id='word_1_354' title='bbox 803 2865 822 2900; x_wconf 77' lang='grc' dir='ltr'><strong>ι</strong></span> <span class='ocrx_word' id='word_1_355' title='bbox 849 2842 1016 2910; x_wconf 75' lang='grc' dir='ltr'>Οὗτος</span> <span class='ocrx_word' id='word_1_356' title='bbox 1046 2849 1147 2901; x_wconf 84' lang='grc' dir='ltr'><strong>οὐκ</strong></span> <span class='ocrx_word' id='word_1_357' title='bbox 1172 2846 1426 2901; x_wconf 83' lang='grc' dir='ltr'>ἐκϐάλλει</span> <span class='ocrx_word' id='word_1_358' title='bbox 1449 2845 1519 2899; x_wconf 84' lang='grc' dir='ltr'>τὰ</span> <span class='ocrx_word' id='word_1_359' title='bbox 1543 2847 1818 2918; x_wconf 87' lang='grc' dir='ltr'>δαιμόνια,</span> <span class='ocrx_word' id='word_1_360' title='bbox 1849 2846 1899 2899; x_wconf 83' lang='grc' dir='ltr'><strong>εί</strong></span> 
     </span>
    </p>
   </div>
   <div class='ocr_carea' id='block_1_47' title="bbox 328 2936 1899 3009">
    <p class='ocr_par' dir='ltr' id='par_1_47' title="bbox 328 2936 1899 3009">
     <span class='ocr_line' id='line_1_47' title="bbox 328 2936 1899 3009; baseline -0.001 -20"><span class='ocrx_word' id='word_1_361' title='bbox 328 2938 409 3008; x_wconf 79' lang='grc' dir='ltr'>μὴ</span> <span class='ocrx_word' id='word_1_362' title='bbox 433 2939 491 2990; x_wconf 84' lang='grc' dir='ltr'>ὲν</span> <span class='ocrx_word' id='word_1_363' title='bbox 512 2936 591 3008; x_wconf 83' lang='grc' dir='ltr'>τῷ</span> <span class='ocrx_word' id='word_1_364' title='bbox 628 2936 958 3002; x_wconf 75' lang='grc' dir='ltr'>Βεελζεϐοὺλ</span> <span class='ocrx_word' id='word_1_365' title='bbox 985 2937 1207 3009; x_wconf 82' lang='grc' dir='ltr'>ἄρχοντι</span> <span class='ocrx_word' id='word_1_366' title='bbox 1239 2937 1347 2990; x_wconf 84' lang='grc' dir='ltr'><strong>τῶν</strong></span> <span class='ocrx_word' id='word_1_367' title='bbox 1376 2936 1693 3007; x_wconf 84' lang='grc' dir='ltr'>δαιμονίων·</span> <span class='ocrx_word' id='word_1_368' title='bbox 1730 2955 1749 2988; x_wconf 75' lang='grc' dir='ltr'><strong>ι</strong></span> <span class='ocrx_word' id='word_1_369' title='bbox 1784 2938 1812 2990; x_wconf 91' lang='lat'><strong>6</strong></span> <span class='ocrx_word' id='word_1_370' title='bbox 1843 2936 1899 2989; x_wconf 88' lang='grc' dir='ltr'><strong>δέ</strong></span> 
     </span>
    </p>
   </div>
   <div class='ocr_carea' id='block_1_48' title="bbox 326 3026 1897 3099">
    <p class='ocr_par' dir='ltr' id='par_1_48' title="bbox 326 3026 1897 3099">
     <span class='ocr_line' id='line_1_48' title="bbox 326 3026 1897 3099; baseline -0.001 -18"><span class='ocrx_word' id='word_1_371' title='bbox 326 3046 394 3097; x_wconf 86' lang='grc' dir='ltr'><strong>γε</strong></span> <span class='ocrx_word' id='word_1_372' title='bbox 420 3028 623 3099; x_wconf 82' lang='grc' dir='ltr'>Κύριος</span> <span class='ocrx_word' id='word_1_373' title='bbox 643 3030 675 3098; x_wconf 77' lang='grc' dir='ltr'>ἡ</span> <span class='ocrx_word' id='word_1_374' title='bbox 685 3027 803 3098; x_wconf 84' lang='grc' dir='ltr'><strong>μῶν</strong></span> <span class='ocrx_word' id='word_1_375' title='bbox 836 3026 1044 3099; x_wconf 86' lang='grc' dir='ltr'>Ἰησοῦς</span> <span class='ocrx_word' id='word_1_376' title='bbox 1072 3030 1100 3082; x_wconf 92' lang='lat'><strong>6</strong></span> <span class='ocrx_word' id='word_1_377' title='bbox 1125 3027 1380 3098; x_wconf 80' lang='grc' dir='ltr'>Χριστὸς.</span> <span class='ocrx_word' id='word_1_378' title='bbox 1412 3026 1810 3097; x_wconf 85' lang='grc' dir='ltr'>ἀμαθαίνοντας</span> <span class='ocrx_word' id='word_1_379' title='bbox 1837 3027 1897 3080; x_wconf 85' lang='grc' dir='ltr'><strong>οὐ</strong></span> 
     </span>
    </p>
   </div>
   <div class='ocr_carea' id='block_1_49' title="bbox 328 3118 1899 3192">
    <p class='ocr_par' dir='ltr' id='par_1_49' title="bbox 328 3118 1899 3192">
     <span class='ocr_line' id='line_1_49' title="bbox 328 3118 1899 3192; baseline -0.001 -19"><span class='ocrx_word' id='word_1_380' title='bbox 328 3120 564 3192; x_wconf 74' lang='grc' dir='ltr'>μικρῶς,</span> <span class='ocrx_word' id='word_1_381' title='bbox 605 3119 807 3189; x_wconf 80' lang='grc' dir='ltr'>μᾶλλον</span> <span class='ocrx_word' id='word_1_382' title='bbox 836 3119 894 3172; x_wconf 82' lang='grc' dir='ltr'>δὲ</span> <span class='ocrx_word' id='word_1_383' title='bbox 934 3120 1029 3173; x_wconf 75' lang='grc' dir='ltr'><strong>καὶ</strong></span> <span class='ocrx_word' id='word_1_384' title='bbox 1070 3118 1462 3183; x_wconf 85' lang='grc' dir='ltr'>δυσσεϐοῦντας</span> <span class='ocrx_word' id='word_1_385' title='bbox 1502 3118 1759 3190; x_wconf 75' lang='grc' dir='ltr'>ἐλέγχων.</span> <span class='ocrx_word' id='word_1_386' title='bbox 1789 3136 1810 3171; x_wconf 77' lang='grc' dir='ltr'><strong>ι</strong></span> <span class='ocrx_word' id='word_1_387' title='bbox 1835 3120 1899 3172; x_wconf 80' lang='lat' dir='ltr'><strong>Et</strong></span> 
     </span>
    </p>
   </div>
   <div class='ocr_carea' id='block_1_50' title="bbox 1997 1928 3564 2013">
    <p class='ocr_par' dir='ltr' id='par_1_50' title="bbox 1997 1928 3564 2013">
     <span class='ocr_line' id='line_1_50' title="bbox 1997 1928 3564 2013; baseline 0.012 -33"><span class='ocrx_word' id='word_1_388' title='bbox 1997 1928 2329 1997; x_wconf 86' lang='lat' dir='ltr'><strong>plenitudine</strong></span> <span class='ocrx_word' id='word_1_389' title='bbox 2346 1929 2681 1999; x_wconf 84' lang='lat' dir='ltr'><strong>profundens</strong></span> <span class='ocrx_word' id='word_1_390' title='bbox 2699 1934 2983 2005; x_wconf 83' lang='lat' dir='ltr'><strong>Spiritum,</strong></span> <span class='ocrx_word' id='word_1_391' title='bbox 2999 1948 3059 1992; x_wconf 93' lang='lat' dir='ltr'><strong>ut</strong></span> <span class='ocrx_word' id='word_1_392' title='bbox 3084 1939 3250 1994; x_wconf 87' lang='lat' dir='ltr'><strong>etiam</strong></span> <span class='ocrx_word' id='word_1_393' title='bbox 3281 1941 3358 2013; x_wconf 88' lang='lat' dir='ltr'><strong>(l)</strong></span> <span class='ocrx_word' id='word_1_394' title='bbox 3378 1941 3564 2012; x_wconf 81' lang='lat' dir='ltr'><strong>Pater,</strong></span> 
     </span>
    </p>
   </div>
   <div class='ocr_carea' id='block_1_51' title="bbox 1996 2019 3564 2107">
    <p class='ocr_par' dir='ltr' id='par_1_51' title="bbox 1996 2019 3564 2107">
     <span class='ocr_line' id='line_1_51' title="bbox 1996 2019 3564 2107; baseline 0.013 -34"><span class='ocrx_word' id='word_1_395' title='bbox 1996 2035 2104 2075; x_wconf 92' lang='lat' dir='ltr'><strong>non</strong></span> <span class='ocrx_word' id='word_1_396' title='bbox 2134 2019 2280 2075; x_wconf 89' lang='lat' dir='ltr'><strong>illum</strong></span> <span class='ocrx_word' id='word_1_397' title='bbox 2315 2025 2407 2076; x_wconf 91' lang='lat' dir='ltr'><strong>dat</strong></span> <span class='ocrx_word' id='word_1_398' title='bbox 2454 2031 2706 2093; x_wconf 91' lang='lat' dir='ltr'><strong>tanquam</strong></span> <span class='ocrx_word' id='word_1_399' title='bbox 2766 2040 2833 2081; x_wconf 82' lang='lat' dir='ltr'><strong>ex</strong></span> <span class='ocrx_word' id='word_1_400' title='bbox 2873 2043 3126 2086; x_wconf 88' lang='lat' dir='ltr'><strong>mensura</strong></span> <span class='ocrx_word' id='word_1_401' title='bbox 3174 2031 3241 2088; x_wconf 89' lang='lat' dir='ltr'><strong>iis</strong></span> <span class='ocrx_word' id='word_1_402' title='bbox 3277 2036 3368 2104; x_wconf 86' lang='lat' dir='ltr'><strong>qui</strong></span> <span class='ocrx_word' id='word_1_403' title='bbox 3416 2038 3564 2107; x_wconf 88' lang='lat' dir='ltr'><strong>digni</strong></span> 
     </span>
    </p>
   </div>
   <div class='ocr_carea' id='block_1_52' title="bbox 1996 2111 3564 2199">
    <p class='ocr_par' dir='ltr' id='par_1_52' title="bbox 1996 2111 3564 2199">
     <span class='ocr_line' id='line_1_52' title="bbox 1996 2111 3564 2199; baseline 0.011 -34"><span class='ocrx_word' id='word_1_404' title='bbox 1996 2120 2122 2165; x_wconf 92' lang='lat' dir='ltr'><strong>sunt</strong></span> <span class='ocrx_word' id='word_1_405' title='bbox 2150 2111 2416 2181; x_wconf 88' lang='lat' dir='ltr'><strong>accipere.</strong></span> <span class='ocrx_word' id='word_1_406' title='bbox 2445 2112 2686 2180; x_wconf 85' lang='lat' dir='ltr'><strong>Quanam</strong></span> <span class='ocrx_word' id='word_1_407' title='bbox 2716 2117 2881 2186; x_wconf 81' lang='lat' dir='ltr'><strong>igitur</strong></span> <span class='ocrx_word' id='word_1_408' title='bbox 2905 2122 2973 2176; x_wconf 91' lang='lat' dir='ltr'><strong>de</strong></span> <span class='ocrx_word' id='word_1_409' title='bbox 3001 2136 3187 2188; x_wconf 86' lang='lat' dir='ltr'><strong>causa,</strong></span> <span class='ocrx_word' id='word_1_410' title='bbox 3210 2124 3295 2178; x_wconf 88' lang='lat' dir='ltr'><strong>vir</strong></span> <span class='ocrx_word' id='word_1_411' title='bbox 3323 2132 3564 2199; x_wconf 83' lang='lat' dir='ltr'><strong>egregie,</strong></span> 
     </span>
    </p>
   </div>
   <div class='ocr_carea' id='block_1_53' title="bbox 1996 2201 3565 2280">
    <p class='ocr_par' dir='ltr' id='par_1_53' title="bbox 1996 2201 3565 2280">
     <span class='ocr_line' id='line_1_53' title="bbox 1996 2201 3565 2280; baseline 0.014 -28"><span class='ocrx_word' id='word_1_412' title='bbox 1996 2201 2235 2271; x_wconf 89' lang='lat' dir='ltr'><strong>eumqui</strong></span> <span class='ocrx_word' id='word_1_413' title='bbox 2270 2216 2375 2256; x_wconf 93' lang='lat' dir='ltr'><strong>non</strong></span> <span class='ocrx_word' id='word_1_414' title='bbox 2406 2216 2473 2257; x_wconf 81' lang='lat' dir='ltr'><strong>ex</strong></span> <span class='ocrx_word' id='word_1_415' title='bbox 2520 2220 2774 2261; x_wconf 87' lang='lat' dir='ltr'><strong>mensura</strong></span> <span class='ocrx_word' id='word_1_416' title='bbox 2820 2208 2914 2263; x_wconf 89' lang='lat' dir='ltr'><strong>dat</strong></span> <span class='ocrx_word' id='word_1_417' title='bbox 2957 2209 3243 2280; x_wconf 83' lang='lat' dir='ltr'><strong>Spiritum,</strong></span> <span class='ocrx_word' id='word_1_418' title='bbox 3295 2215 3565 2274; x_wconf 77' lang='lat' dir='ltr'><strong>ineorum</strong></span> 
     </span>
    </p>
   </div>
   <div class='ocr_carea' id='block_1_54' title="bbox 1998 2294 3564 2375">
    <p class='ocr_par' dir='ltr' id='par_1_54' title="bbox 1998 2294 3564 2375">
     <span class='ocr_line' id='line_1_54' title="bbox 1998 2294 3564 2375; baseline 0.014 -33"><span class='ocrx_word' id='word_1_419' title='bbox 1998 2306 2280 2346; x_wconf 90' lang='lat' dir='ltr'><strong>numerum</strong></span> <span class='ocrx_word' id='word_1_420' title='bbox 2314 2294 2487 2350; x_wconf 82' lang='lat' dir='ltr'><strong>refers</strong></span> <span class='ocrx_word' id='word_1_421' title='bbox 2516 2296 2608 2365; x_wconf 89' lang='lat' dir='ltr'><strong>qui</strong></span> <span class='ocrx_word' id='word_1_422' title='bbox 2643 2296 2948 2355; x_wconf 90' lang='lat' dir='ltr'><strong>dimensum</strong></span> <span class='ocrx_word' id='word_1_423' title='bbox 2982 2301 3134 2358; x_wconf 89' lang='lat' dir='ltr'><strong>illum</strong></span> <span class='ocrx_word' id='word_1_424' title='bbox 3163 2304 3405 2375; x_wconf 80' lang='lat' dir='ltr'><strong>habent,</strong></span> <span class='ocrx_word' id='word_1_425' title='bbox 3436 2308 3564 2364; x_wconf 88' lang='lat' dir='ltr'><strong>dum</strong></span> 
     </span>
    </p>
   </div>
   <div class='ocr_carea' id='block_1_55' title="bbox 1998 2387 3566 2464">
    <p class='ocr_par' dir='ltr' id='par_1_55' title="bbox 1998 2387 3566 2464">
     <span class='ocr_line' id='line_1_55' title="bbox 1998 2387 3566 2464; baseline 0.015 -29"><span class='ocrx_word' id='word_1_426' title='bbox 1998 2393 2366 2453; x_wconf 66' lang='lat' dir='ltr'><strong>coinparatam</strong></span> <span class='ocrx_word' id='word_1_427' title='bbox 2406 2402 2438 2441; x_wconf 89' lang='lat' dir='ltr'><strong>a</strong></span> <span class='ocrx_word' id='word_1_428' title='bbox 2476 2387 2684 2457; x_wconf 89' lang='lat' dir='ltr'><strong>Spiritu</strong></span> <span class='ocrx_word' id='word_1_429' title='bbox 2716 2390 2832 2458; x_wconf 88' lang='lat' dir='ltr'><strong>ejus</strong></span> <span class='ocrx_word' id='word_1_430' title='bbox 2858 2392 3086 2461; x_wconf 78' lang='lat' dir='ltr'><strong>gloriam</strong></span> <span class='ocrx_word' id='word_1_431' title='bbox 3121 2395 3281 2464; x_wconf 92' lang='lat' dir='ltr'><strong>dicis,</strong></span> <span class='ocrx_word' id='word_1_432' title='bbox 3326 2409 3386 2454; x_wconf 87' lang='lat' dir='ltr'><strong>et</strong></span> <span class='ocrx_word' id='word_1_433' title='bbox 3419 2401 3566 2458; x_wconf 84' lang='lat' dir='ltr'><strong>illius</strong></span> 
     </span>
    </p>
   </div>
   <div class='ocr_carea' id='block_1_56' title="bbox 1997 2474 3568 2564">
    <p class='ocr_par' dir='ltr' id='par_1_56' title="bbox 1997 2474 3568 2564">
     <span class='ocr_line' id='line_1_56' title="bbox 1997 2474 3568 2564; baseline 0.013 -35"><span class='ocrx_word' id='word_1_434' title='bbox 1997 2474 2297 2532; x_wconf 82' lang='lat' dir='ltr'><strong>etiicicutiae</strong></span> <span class='ocrx_word' id='word_1_435' title='bbox 2349 2478 2649 2549; x_wconf 84' lang='lat' dir='ltr'><strong>subjectum</strong></span> <span class='ocrx_word' id='word_1_436' title='bbox 2671 2482 2870 2550; x_wconf 89' lang='lat' dir='ltr'><strong>potius,</strong></span> <span class='ocrx_word' id='word_1_437' title='bbox 2905 2494 2965 2539; x_wconf 93' lang='lat' dir='ltr'><strong>ut</strong></span> <span class='ocrx_word' id='word_1_438' title='bbox 2989 2500 3155 2542; x_wconf 91' lang='lat' dir='ltr'><strong>unum</strong></span> <span class='ocrx_word' id='word_1_439' title='bbox 3202 2503 3233 2542; x_wconf 92' lang='lat' dir='ltr'><strong>e</strong></span> <span class='ocrx_word' id='word_1_440' title='bbox 3255 2491 3411 2548; x_wconf 92' lang='lat' dir='ltr'><strong>nobis</strong></span> <span class='ocrx_word' id='word_1_441' title='bbox 3438 2508 3568 2564; x_wconf 79' lang='lat' dir='ltr'><strong>gra-</strong></span> 
     </span>
    </p>
   </div>
   <div class='ocr_carea' id='block_1_57' title="bbox 2000 2565 3567 2654">
    <p class='ocr_par' dir='ltr' id='par_1_57' title="bbox 2000 2565 3567 2654">
     <span class='ocr_line' id='line_1_57' title="bbox 2000 2565 3567 2654; baseline 0.013 -35"><span class='ocrx_word' id='word_1_442' title='bbox 2000 2565 2090 2620; x_wconf 70' lang='lat' dir='ltr'><strong>tia:</strong></span> <span class='ocrx_word' id='word_1_443' title='bbox 2119 2566 2237 2621; x_wconf 92' lang='lat' dir='ltr'><strong>loco</strong></span> <span class='ocrx_word' id='word_1_444' title='bbox 2258 2568 2374 2637; x_wconf 86' lang='lat' dir='ltr'><strong>ejus</strong></span> <span class='ocrx_word' id='word_1_445' title='bbox 2420 2571 2855 2638; x_wconf 90' lang='lat' dir='ltr'><strong>cooperationem</strong></span> <span class='ocrx_word' id='word_1_446' title='bbox 2893 2577 3169 2645; x_wconf 88' lang='lat' dir='ltr'><strong>accepisse</strong></span> <span class='ocrx_word' id='word_1_447' title='bbox 3194 2620 3210 2646; x_wconf 93' lang='lat'><strong>,</strong></span> <span class='ocrx_word' id='word_1_448' title='bbox 3249 2596 3412 2651; x_wconf 89' lang='lat' dir='ltr'><strong>quam</strong></span> <span class='ocrx_word' id='word_1_449' title='bbox 3439 2599 3567 2654; x_wconf 91' lang='lat' dir='ltr'><strong>pro-</strong></span> 
     </span>
    </p>
   </div>
   <div class='ocr_carea' id='block_1_58' title="bbox 1998 2656 3562 2745">
    <p class='ocr_par' dir='ltr' id='par_1_58' title="bbox 1998 2656 3562 2745">
     <span class='ocr_line' id='line_1_58' title="bbox 1998 2656 3562 2745; baseline 0.015 -38"><span class='ocrx_word' id='word_1_450' title='bbox 1998 2656 2118 2724; x_wconf 88' lang='lat' dir='ltr'><strong>prio</strong></span> <span class='ocrx_word' id='word_1_451' title='bbox 2149 2656 2351 2725; x_wconf 90' lang='lat' dir='ltr'><strong>Spiritu</strong></span> <span class='ocrx_word' id='word_1_452' title='bbox 2383 2658 2561 2715; x_wconf 90' lang='lat' dir='ltr'><strong>divina</strong></span> <span class='ocrx_word' id='word_1_453' title='bbox 2596 2662 2752 2732; x_wconf 88' lang='lat' dir='ltr'><strong>signa</strong></span> <span class='ocrx_word' id='word_1_454' title='bbox 2788 2662 3071 2723; x_wconf 73' lang='lat' dir='ltr'><strong>elfecisse?</strong></span> <span class='ocrx_word' id='word_1_455' title='bbox 3104 2667 3273 2727; x_wconf 66' lang='lat' dir='ltr'><strong>Judaei</strong></span> <span class='ocrx_word' id='word_1_456' title='bbox 3305 2688 3562 2745; x_wconf 84' lang='lat' dir='ltr'><strong>namque,</strong></span> 
     </span>
    </p>
   </div>
   <div class='ocr_carea' id='block_1_59' title="bbox 1997 2746 3566 2834">
    <p class='ocr_par' dir='ltr' id='par_1_59' title="bbox 1997 2746 3566 2834">
     <span class='ocr_line' id='line_1_59' title="bbox 1997 2746 3566 2834; baseline 0.014 -35"><span class='ocrx_word' id='word_1_457' title='bbox 1997 2746 2065 2800; x_wconf 78' lang='lat' dir='ltr'><strong>ad</strong></span> <span class='ocrx_word' id='word_1_458' title='bbox 2092 2748 2275 2802; x_wconf 87' lang='lat' dir='ltr'><strong>omnia</strong></span> <span class='ocrx_word' id='word_1_459' title='bbox 2308 2750 2660 2807; x_wconf 86' lang='lat' dir='ltr'><strong>audacissimi</strong></span> <span class='ocrx_word' id='word_1_460' title='bbox 2692 2767 2817 2809; x_wconf 86' lang='lat' dir='ltr'><strong>cum</strong></span> <span class='ocrx_word' id='word_1_461' title='bbox 2846 2768 3168 2816; x_wconf 83' lang='lat' dir='ltr'><strong>venenatam</strong></span> <span class='ocrx_word' id='word_1_462' title='bbox 3195 2760 3433 2834; x_wconf 80' lang='lat' dir='ltr'><strong>linguam</strong></span> <span class='ocrx_word' id='word_1_463' title='bbox 3466 2767 3566 2820; x_wconf 92' lang='lat' dir='ltr'><strong>ad-</strong></span> 
     </span>
    </p>
   </div>
   <div class='ocr_carea' id='block_1_60' title="bbox 1999 2838 3567 2917">
    <p class='ocr_par' dir='ltr' id='par_1_60' title="bbox 1999 2838 3567 2917">
     <span class='ocr_line' id='line_1_60' title="bbox 1999 2838 3567 2917; baseline 0.015 -26"><span class='ocrx_word' id='word_1_464' title='bbox 1999 2851 2191 2893; x_wconf 87' lang='lat' dir='ltr'><strong>versus</strong></span> <span class='ocrx_word' id='word_1_465' title='bbox 2224 2838 2372 2894; x_wconf 91' lang='lat' dir='ltr'><strong>illum</strong></span> <span class='ocrx_word' id='word_1_466' title='bbox 2388 2852 2743 2910; x_wconf 84' lang='lat' dir='ltr'><strong>exacuerent,</strong></span> <span class='ocrx_word' id='word_1_467' title='bbox 2769 2845 2936 2917; x_wconf 87' lang='lat' dir='ltr'><strong>impie</strong></span> <span class='ocrx_word' id='word_1_468' title='bbox 2956 2848 3241 2908; x_wconf 88' lang='lat' dir='ltr'><strong>dicebant:</strong></span> <span class='ocrx_word' id='word_1_469' title='bbox 3272 2872 3293 2907; x_wconf 77' lang='grc' dir='ltr'><strong>ι</strong></span> <span class='ocrx_word' id='word_1_470' title='bbox 3329 2853 3426 2911; x_wconf 81' lang='lat' dir='ltr'><strong>Hic</strong></span> <span class='ocrx_word' id='word_1_471' title='bbox 3458 2871 3567 2913; x_wconf 80' lang='lat' dir='ltr'><strong>non</strong></span> 
     </span>
    </p>
   </div>
   <div class='ocr_carea' id='block_1_61' title="bbox 1999 2927 3565 3014">
    <p class='ocr_par' dir='ltr' id='par_1_61' title="bbox 1999 2927 3565 3014">
     <span class='ocr_line' id='line_1_61' title="bbox 1999 2927 3565 3014; baseline 0.013 -32"><span class='ocrx_word' id='word_1_472' title='bbox 1999 2927 2150 2999; x_wconf 90' lang='lat' dir='ltr'><strong>ejicit</strong></span> <span class='ocrx_word' id='word_1_473' title='bbox 2206 2931 2471 2988; x_wconf 70' lang='lat' dir='ltr'><strong>daemonia</strong></span> <span class='ocrx_word' id='word_1_474' title='bbox 2511 2933 2613 2989; x_wconf 91' lang='lat' dir='ltr'><strong>nisi</strong></span> <span class='ocrx_word' id='word_1_475' title='bbox 2638 2937 2691 2989; x_wconf 90' lang='lat' dir='ltr'><strong>in</strong></span> <span class='ocrx_word' id='word_1_476' title='bbox 2728 2934 3050 3007; x_wconf 84' lang='lat' dir='ltr'><strong>Beelzebub,</strong></span> <span class='ocrx_word' id='word_1_477' title='bbox 3080 2942 3326 3014; x_wconf 84' lang='lat' dir='ltr'><strong>principe</strong></span> <span class='ocrx_word' id='word_1_478' title='bbox 3368 2947 3565 3002; x_wconf 61' lang='lat' dir='ltr'><strong>daemo.</strong></span> 
     </span>
    </p>
   </div>
   <div class='ocr_carea' id='block_1_62' title="bbox 2001 3020 3567 3096">
    <p class='ocr_par' dir='ltr' id='par_1_62' title="bbox 2001 3020 3567 3096">
     <span class='ocr_line' id='line_1_62' title="bbox 2001 3020 3567 3096; baseline 0.014 -22"><span class='ocrx_word' id='word_1_479' title='bbox 2001 3020 2216 3075; x_wconf 89' lang='lat' dir='ltr'><strong>niorum</strong></span> <span class='ocrx_word' id='word_1_480' title='bbox 2247 3022 2314 3076; x_wconf 79' lang='grc'><strong>⁵⁸.</strong></span> <span class='ocrx_word' id='word_1_481' title='bbox 2356 3042 2377 3077; x_wconf 86' lang='grc'><strong>›</strong></span> <span class='ocrx_word' id='word_1_482' title='bbox 2411 3025 2673 3085; x_wconf 89' lang='lat' dir='ltr'><strong>Dominus</strong></span> <span class='ocrx_word' id='word_1_483' title='bbox 2712 3043 2843 3086; x_wconf 89' lang='lat' dir='ltr'><strong>vero</strong></span> <span class='ocrx_word' id='word_1_484' title='bbox 2890 3041 3077 3087; x_wconf 87' lang='lat' dir='ltr'><strong>noster</strong></span> <span class='ocrx_word' id='word_1_485' title='bbox 3120 3027 3277 3091; x_wconf 77' lang='lat' dir='ltr'><strong>Jesus</strong></span> <span class='ocrx_word' id='word_1_486' title='bbox 3318 3035 3567 3096; x_wconf 87' lang='lat' dir='ltr'><strong>Christus</strong></span> 
     </span>
    </p>
   </div>
   <div class='ocr_carea' id='block_1_63' title="bbox 2000 3110 3565 3198">
    <p class='ocr_par' dir='ltr' id='par_1_63' title="bbox 2000 3110 3565 3198">
     <span class='ocr_line' id='line_1_63' title="bbox 2000 3110 3565 3198; baseline 0.014 -32"><span class='ocrx_word' id='word_1_487' title='bbox 2000 3110 2122 3166; x_wconf 87' lang='lat' dir='ltr'><strong>illos</strong></span> <span class='ocrx_word' id='word_1_488' title='bbox 2152 3127 2258 3167; x_wconf 89' lang='lat' dir='ltr'><strong>non</strong></span> <span class='ocrx_word' id='word_1_489' title='bbox 2288 3115 2497 3171; x_wconf 89' lang='lat' dir='ltr'><strong>modica</strong></span> <span class='ocrx_word' id='word_1_490' title='bbox 2532 3117 2770 3184; x_wconf 89' lang='lat' dir='ltr'><strong>inscitia,</strong></span> <span class='ocrx_word' id='word_1_491' title='bbox 2803 3121 2913 3177; x_wconf 93' lang='lat' dir='ltr'><strong>imo</strong></span> <span class='ocrx_word' id='word_1_492' title='bbox 2938 3136 3069 3179; x_wconf 87' lang='lat' dir='ltr'><strong>vero</strong></span> <span class='ocrx_word' id='word_1_493' title='bbox 3092 3125 3259 3181; x_wconf 85' lang='lat' dir='ltr'><strong>etiam</strong></span> <span class='ocrx_word' id='word_1_494' title='bbox 3286 3127 3565 3198; x_wconf 81' lang='lat' dir='ltr'><strong>impietate</strong></span> 
     </span>
    </p>
   </div>
   <div class='ocr_carea' id='block_1_64' title="bbox 325 3187 1892 3285">
    <p class='ocr_par' dir='ltr' id='par_1_64' title="bbox 325 3187 1892 3283">
     <span class='ocr_line' id='line_1_64' title="bbox 325 3187 1892 3283; baseline -0.001 -18"><span class='ocrx_word' id='word_1_495' title='bbox 325 3187 463 3281; x_wconf 69' lang='grc' dir='ltr'>έγὼ,</span> <span class='ocrx_word' id='word_1_496' title='bbox 489 3187 674 3283; x_wconf 55' lang='grc' dir='ltr'>φησίν,</span> <span class='ocrx_word' id='word_1_497' title='bbox 710 3214 769 3265; x_wconf 79' lang='grc' dir='ltr'><strong>ὲν</strong></span> <span class='ocrx_word' id='word_1_498' title='bbox 819 3210 1148 3275; x_wconf 77' lang='grc' dir='ltr'>Βεελςεϐοὺλ</span> <span class='ocrx_word' id='word_1_499' title='bbox 1185 3209 1407 3281; x_wconf 80' lang='grc' dir='ltr'>ἄρχοντι</span> <span class='ocrx_word' id='word_1_500' title='bbox 1453 3209 1562 3263; x_wconf 87' lang='grc' dir='ltr'><strong>τῶν</strong></span> <span class='ocrx_word' id='word_1_501' title='bbox 1605 3187 1892 3280; x_wconf 80' lang='grc' dir='ltr'>δαιμονίων</span> 
     </span>
    </p>
   </div>
   <div class='ocr_carea' id='block_1_65' title="bbox 1996 3187 3567 3285">
    <p class='ocr_par' dir='ltr' id='par_1_65' title="bbox 2000 3187 3567 3285">
     <span class='ocr_line' id='line_1_65' title="bbox 2000 3187 3567 3285; baseline 0.014 -28"><span class='ocrx_word' id='word_1_502' title='bbox 2000 3201 2248 3260; x_wconf 86' lang='lat' dir='ltr'><strong>laborare</strong></span> <span class='ocrx_word' id='word_1_503' title='bbox 2279 3222 2621 3278; x_wconf 86' lang='lat' dir='ltr'><strong>coarguens:</strong></span> <span class='ocrx_word' id='word_1_504' title='bbox 2656 3228 2676 3263; x_wconf 78' lang='grc' dir='ltr'><strong>ι</strong></span> <span class='ocrx_word' id='word_1_505' title='bbox 2715 3210 2774 3266; x_wconf 89' lang='lat' dir='ltr'><strong>Si</strong></span> <span class='ocrx_word' id='word_1_506' title='bbox 2800 3226 2921 3284; x_wconf 85' lang='lat' dir='ltr'><strong>ego,</strong></span> <span class='ocrx_word' id='word_1_507' title='bbox 2957 3214 3152 3285; x_wconf 90' lang='lat' dir='ltr'><strong>inquit,</strong></span> <span class='ocrx_word' id='word_1_508' title='bbox 3181 3216 3237 3272; x_wconf 86' lang='lat' dir='ltr'><strong>in</strong></span> <span class='ocrx_word' id='word_1_509' title='bbox 3259 3187 3567 3279; x_wconf 76' lang='lat' dir='ltr'><strong>Beelzebub</strong></span> 
     </span>
    </p>
   </div>
   <div class='ocr_carea' id='block_1_66' title="bbox 324 3301 1896 3374">
    <p class='ocr_par' dir='ltr' id='par_1_66' title="bbox 324 3301 1896 3374">
     <span class='ocr_line' id='line_1_66' title="bbox 324 3301 1896 3374; baseline -0.003 -16"><span class='ocrx_word' id='word_1_510' title='bbox 324 3304 576 3359; x_wconf 76' lang='grc' dir='ltr'>ἐκϐάλλω</span> <span class='ocrx_word' id='word_1_511' title='bbox 618 3304 687 3357; x_wconf 85' lang='grc' dir='ltr'>τὰ</span> <span class='ocrx_word' id='word_1_512' title='bbox 730 3302 1005 3374; x_wconf 89' lang='grc' dir='ltr'>δαιμόνια,</span> <span class='ocrx_word' id='word_1_513' title='bbox 1049 3304 1098 3356; x_wconf 82' lang='grc' dir='ltr'><strong>οἱ</strong></span> <span class='ocrx_word' id='word_1_514' title='bbox 1131 3303 1235 3355; x_wconf 75' lang='grc' dir='ltr'><strong>υἱοὶ</strong></span> <span class='ocrx_word' id='word_1_515' title='bbox 1282 3302 1436 3373; x_wconf 85' lang='grc' dir='ltr'>ὑμῶν</span> <span class='ocrx_word' id='word_1_516' title='bbox 1484 3304 1542 3356; x_wconf 81' lang='grc' dir='ltr'>ἐν</span> <span class='ocrx_word' id='word_1_517' title='bbox 1583 3302 1688 3356; x_wconf 91' lang='grc' dir='ltr'>τίνι</span> <span class='ocrx_word' id='word_1_518' title='bbox 1732 3301 1896 3355; x_wconf 78' lang='grc' dir='ltr'>ἐκϐα-</span> 
     </span>
    </p>
   </div>
   <div class='ocr_carea' id='block_1_67' title="bbox 323 3392 1896 3464">
    <p class='ocr_par' dir='ltr' id='par_1_67' title="bbox 323 3392 1896 3464">
     <span class='ocr_line' id='line_1_67' title="bbox 323 3392 1896 3464; baseline -0.001 -16"><span class='ocrx_word' id='word_1_519' title='bbox 323 3394 516 3460; x_wconf 86' lang='grc' dir='ltr'>λοῦσι;</span> <span class='ocrx_word' id='word_1_520' title='bbox 546 3413 563 3447; x_wconf 73' lang='grc' dir='ltr'><strong>ι</strong></span> <span class='ocrx_word' id='word_1_521' title='bbox 589 3393 975 3464; x_wconf 78' lang='grc' dir='ltr'>Τεθαύμασται</span> <span class='ocrx_word' id='word_1_522' title='bbox 1000 3392 1109 3464; x_wconf 84' lang='grc' dir='ltr'>γὰρ</span> <span class='ocrx_word' id='word_1_523' title='bbox 1131 3394 1159 3447; x_wconf 86' lang='grc' dir='ltr'><strong>ὁ</strong></span> <span class='ocrx_word' id='word_1_524' title='bbox 1180 3392 1432 3464; x_wconf 79' lang='grc' dir='ltr'>λαμπρὸς</span> <span class='ocrx_word' id='word_1_525' title='bbox 1460 3394 1555 3447; x_wconf 77' lang='grc' dir='ltr'>καὶ</span> <span class='ocrx_word' id='word_1_526' title='bbox 1589 3392 1762 3463; x_wconf 82' lang='grc' dir='ltr'>μέγας</span> <span class='ocrx_word' id='word_1_527' title='bbox 1787 3392 1896 3447; x_wconf 87' lang='grc' dir='ltr'><strong>τῶν</strong></span> 
     </span>
    </p>
   </div>
   <div class='ocr_carea' id='block_1_68' title="bbox 322 3481 1894 3556">
    <p class='ocr_par' dir='ltr' id='par_1_68' title="bbox 322 3481 1894 3556">
     <span class='ocr_line' id='line_1_68' title="bbox 322 3481 1894 3556; baseline -0.002 -17"><span class='ocrx_word' id='word_1_528' title='bbox 322 3484 501 3552; x_wconf 79' lang='grc' dir='ltr'>ἁγίων</span> <span class='ocrx_word' id='word_1_529' title='bbox 528 3483 839 3538; x_wconf 80' lang='grc' dir='ltr'>ἀποστόλων</span> <span class='ocrx_word' id='word_1_530' title='bbox 883 3483 1067 3556; x_wconf 84' lang='grc' dir='ltr'>χορὸς,</span> <span class='ocrx_word' id='word_1_531' title='bbox 1098 3485 1157 3537; x_wconf 79' lang='grc' dir='ltr'>έν</span> <span class='ocrx_word' id='word_1_532' title='bbox 1183 3483 1410 3553; x_wconf 84' lang='grc' dir='ltr'>ὀνόματι</span> <span class='ocrx_word' id='word_1_533' title='bbox 1451 3482 1625 3554; x_wconf 86' lang='grc' dir='ltr'>Ἰησοῦ</span> <span class='ocrx_word' id='word_1_534' title='bbox 1656 3481 1894 3552; x_wconf 85' lang='grc' dir='ltr'>Χριστοῦ</span> 
     </span>
    </p>
   </div>
   <div class='ocr_carea' id='block_1_69' title="bbox 322 3572 1897 3645">
    <p class='ocr_par' dir='ltr' id='par_1_69' title="bbox 322 3572 1897 3645">
     <span class='ocr_line' id='line_1_69' title="bbox 322 3572 1897 3645; baseline 0 -18"><span class='ocrx_word' id='word_1_535' title='bbox 322 3574 421 3628; x_wconf 87' lang='grc' dir='ltr'><strong>τοῦ</strong></span> <span class='ocrx_word' id='word_1_536' title='bbox 442 3574 768 3645; x_wconf 74' lang='grc' dir='ltr'>Ναζωραίου</span> <span class='ocrx_word' id='word_1_537' title='bbox 794 3574 1017 3644; x_wconf 79' lang='grc' dir='ltr'>πληρῶν</span> <span class='ocrx_word' id='word_1_538' title='bbox 1041 3572 1111 3627; x_wconf 80' lang='grc' dir='ltr'><strong>τά</strong></span> <span class='ocrx_word' id='word_1_539' title='bbox 1160 3572 1468 3644; x_wconf 76' lang='grc' dir='ltr'>παράδοξα·</span> <span class='ocrx_word' id='word_1_540' title='bbox 1512 3574 1608 3627; x_wconf 80' lang='grc' dir='ltr'>καὶ</span> <span class='ocrx_word' id='word_1_541' title='bbox 1638 3572 1767 3642; x_wconf 89' lang='grc' dir='ltr'>γοῦν</span> <span class='ocrx_word' id='word_1_542' title='bbox 1795 3573 1897 3627; x_wconf 86' lang='grc' dir='ltr'><strong>ὑπ-</strong></span> 
     </span>
    </p>
   </div>
   <div class='ocr_carea' id='block_1_70' title="bbox 322 3664 1894 3737">
    <p class='ocr_par' dir='ltr' id='par_1_70' title="bbox 322 3664 1894 3737">
     <span class='ocr_line' id='line_1_70' title="bbox 322 3664 1894 3737; baseline 0 -17"><span class='ocrx_word' id='word_1_543' title='bbox 322 3667 589 3735; x_wconf 81' lang='grc' dir='ltr'>έστρεφον</span> <span class='ocrx_word' id='word_1_544' title='bbox 612 3665 899 3737; x_wconf 86' lang='grc' dir='ltr'>χαίροντές</span> <span class='ocrx_word' id='word_1_545' title='bbox 923 3682 983 3718; x_wconf 89' lang='grc' dir='ltr'><strong>τε</strong></span> <span class='ocrx_word' id='word_1_546' title='bbox 1014 3665 1107 3719; x_wconf 77' lang='grc' dir='ltr'>καὶ</span> <span class='ocrx_word' id='word_1_547' title='bbox 1130 3664 1381 3734; x_wconf 89' lang='grc' dir='ltr'>λέγοντες</span> <span class='ocrx_word' id='word_1_548' title='bbox 1400 3681 1415 3695; x_wconf 88' lang='grc'><strong>·</strong></span> <span class='ocrx_word' id='word_1_549' title='bbox 1440 3682 1459 3715; x_wconf 77' lang='grc' dir='ltr'><strong>ι</strong></span> <span class='ocrx_word' id='word_1_550' title='bbox 1482 3664 1677 3735; x_wconf 81' lang='grc' dir='ltr'>Κύριε,</span> <span class='ocrx_word' id='word_1_551' title='bbox 1706 3665 1802 3718; x_wconf 75' lang='grc' dir='ltr'>καὶ</span> <span class='ocrx_word' id='word_1_552' title='bbox 1825 3665 1894 3720; x_wconf 71' lang='grc' dir='ltr'>τὰ</span> 
     </span>
    </p>
   </div>
   <div class='ocr_carea' id='block_1_71' title="bbox 318 3754 1889 3827">
    <p class='ocr_par' dir='ltr' id='par_1_71' title="bbox 318 3754 1889 3827">
     <span class='ocr_line' id='line_1_71' title="bbox 318 3754 1889 3827; baseline 0.001 -17"><span class='ocrx_word' id='word_1_553' title='bbox 318 3756 579 3826; x_wconf 71' lang='grc' dir='ltr'>δαιμόνια</span> <span class='ocrx_word' id='word_1_554' title='bbox 622 3756 755 3827; x_wconf 71' lang='grc' dir='ltr'>ἡμῖν</span> <span class='ocrx_word' id='word_1_555' title='bbox 794 3756 1163 3810; x_wconf 79' lang='grc' dir='ltr'>ὑποτάσσεται</span> <span class='ocrx_word' id='word_1_556' title='bbox 1201 3754 1295 3809; x_wconf 72' lang='grc' dir='ltr'><strong>ἐπὶ</strong></span> <span class='ocrx_word' id='word_1_557' title='bbox 1330 3754 1409 3826; x_wconf 82' lang='grc' dir='ltr'><strong>τῷ</strong></span> <span class='ocrx_word' id='word_1_558' title='bbox 1450 3754 1675 3825; x_wconf 86' lang='grc' dir='ltr'>ὀνόματί</span> <span class='ocrx_word' id='word_1_559' title='bbox 1720 3773 1835 3811; x_wconf 90' lang='grc' dir='ltr'><strong>σου.</strong></span> <span class='ocrx_word' id='word_1_560' title='bbox 1867 3775 1889 3810; x_wconf 71' lang='grc' dir='ltr'><strong>ι</strong></span> 
     </span>
    </p>
   </div>
   <div class='ocr_carea' id='block_1_72' title="bbox 334 3846 1895 3920">
    <p class='ocr_par' dir='ltr' id='par_1_72' title="bbox 334 3846 1895 3920">
     <span class='ocr_line' id='line_1_72' title="bbox 334 3846 1895 3920; baseline 0.002 -21"><span class='ocrx_word' id='word_1_561' title='bbox 334 3846 477 3900; x_wconf 81' lang='grc' dir='ltr'>Ἀλλ’</span> <span class='ocrx_word' id='word_1_562' title='bbox 502 3846 661 3918; x_wconf 79' lang='grc' dir='ltr'>εἴπερ</span> <span class='ocrx_word' id='word_1_563' title='bbox 687 3846 834 3899; x_wconf 82' lang='grc' dir='ltr'>ἐστὶν</span> <span class='ocrx_word' id='word_1_564' title='bbox 862 3847 1083 3916; x_wconf 76' lang='grc' dir='ltr'>ἐφικτὸν</span> <span class='ocrx_word' id='word_1_565' title='bbox 1107 3848 1165 3900; x_wconf 85' lang='grc' dir='ltr'>ὲν</span> <span class='ocrx_word' id='word_1_566' title='bbox 1191 3846 1417 3917; x_wconf 83' lang='grc' dir='ltr'>ὀνόματί</span> <span class='ocrx_word' id='word_1_567' title='bbox 1442 3863 1588 3909; x_wconf 88' lang='grc' dir='ltr'>τινος</span> <span class='ocrx_word' id='word_1_568' title='bbox 1608 3847 1718 3901; x_wconf 84' lang='grc' dir='ltr'>τῶν</span> <span class='ocrx_word' id='word_1_569' title='bbox 1743 3850 1895 3920; x_wconf 73' lang='grc' dir='ltr'>ἐνερ-</span> 
     </span>
    </p>
   </div>
   <div class='ocr_carea' id='block_1_73' title="bbox 320 3937 1889 4011">
    <p class='ocr_par' dir='ltr' id='par_1_73' title="bbox 320 3937 1889 4011">
     <span class='ocr_line' id='line_1_73' title="bbox 320 3937 1889 4011; baseline 0.003 -20"><span class='ocrx_word' id='word_1_570' title='bbox 320 3940 627 4010; x_wconf 83' lang='grc' dir='ltr'>γουμένων,</span> <span class='ocrx_word' id='word_1_571' title='bbox 666 3939 762 3993; x_wconf 71' lang='grc' dir='ltr'>καὶ</span> <span class='ocrx_word' id='word_1_572' title='bbox 802 3939 1030 4008; x_wconf 76' lang='grc' dir='ltr'>ἐτέρους</span> <span class='ocrx_word' id='word_1_573' title='bbox 1070 3937 1332 3993; x_wconf 73' lang='grc' dir='ltr'>δύνασθαι</span> <span class='ocrx_word' id='word_1_574' title='bbox 1376 3938 1445 3993; x_wconf 86' lang='grc' dir='ltr'>τὰ</span> <span class='ocrx_word' id='word_1_575' title='bbox 1495 3940 1586 3993; x_wconf 84' lang='grc' dir='ltr'>ῐσα</span> <span class='ocrx_word' id='word_1_576' title='bbox 1626 3940 1889 4011; x_wconf 82' lang='grc' dir='ltr'>πληροῦν,</span> 
     </span>
    </p>
   </div>
   <div class='ocr_carea' id='block_1_74' title="bbox 318 4026 1891 4101">
    <p class='ocr_par' dir='ltr' id='par_1_74' title="bbox 318 4026 1891 4101">
     <span class='ocr_line' id='line_1_74' title="bbox 318 4026 1891 4101; baseline 0.001 -19"><span class='ocrx_word' id='word_1_577' title='bbox 318 4030 506 4101; x_wconf 79' lang='grc' dir='ltr'>ἡκέτω</span> <span class='ocrx_word' id='word_1_578' title='bbox 524 4045 539 4060; x_wconf 91' lang='grc'><strong>·</strong></span> <span class='ocrx_word' id='word_1_579' title='bbox 568 4027 822 4099; x_wconf 74' lang='grc' dir='ltr'>φραζέτω</span> <span class='ocrx_word' id='word_1_580' title='bbox 865 4029 953 4082; x_wconf 77' lang='grc' dir='ltr'><strong>διὰ</strong></span> <span class='ocrx_word' id='word_1_581' title='bbox 978 4026 1136 4081; x_wconf 86' lang='grc' dir='ltr'>ποίαν</span> <span class='ocrx_word' id='word_1_582' title='bbox 1166 4026 1344 4080; x_wconf 77' lang='grc' dir='ltr'>αἰτίαν</span> <span class='ocrx_word' id='word_1_583' title='bbox 1376 4026 1552 4090; x_wconf 74' lang='grc' dir='ltr'>οὐδεὶς</span> <span class='ocrx_word' id='word_1_584' title='bbox 1582 4029 1639 4081; x_wconf 81' lang='grc' dir='ltr'><strong>ὲν</strong></span> <span class='ocrx_word' id='word_1_585' title='bbox 1667 4027 1891 4097; x_wconf 83' lang='grc' dir='ltr'>ὀνόματι</span> 
     </span>
    </p>
   </div>
   <div class='ocr_carea' id='block_1_75' title="bbox 319 4118 1890 4191">
    <p class='ocr_par' dir='ltr' id='par_1_75' title="bbox 319 4118 1890 4191">
     <span class='ocr_line' id='line_1_75' title="bbox 319 4118 1890 4191; baseline -0.001 -16"><span class='ocrx_word' id='word_1_586' title='bbox 319 4122 433 4175; x_wconf 81' lang='grc' dir='ltr'>τῶν</span> <span class='ocrx_word' id='word_1_587' title='bbox 455 4120 625 4189; x_wconf 80' lang='grc' dir='ltr'>ἁγίων</span> <span class='ocrx_word' id='word_1_588' title='bbox 656 4119 819 4183; x_wconf 85' lang='grc' dir='ltr'>τινὸς,</span> <span class='ocrx_word' id='word_1_589' title='bbox 849 4119 883 4190; x_wconf 84' lang='grc' dir='ltr'>ἢ</span> <span class='ocrx_word' id='word_1_590' title='bbox 915 4118 1247 4191; x_wconf 79' lang='grc' dir='ltr'>ἀκαθάρτοις</span> <span class='ocrx_word' id='word_1_591' title='bbox 1268 4118 1539 4188; x_wconf 82' lang='grc' dir='ltr'>πνεύμασι</span> <span class='ocrx_word' id='word_1_592' title='bbox 1560 4119 1890 4189; x_wconf 77' lang='grc' dir='ltr'>ἐπιτιμήσας</span> 
     </span>
    </p>
   </div>
   <div class='ocr_carea' id='block_1_76' title="bbox 322 4205 1889 4277">
    <p class='ocr_par' dir='ltr' id='par_1_76' title="bbox 322 4205 1889 4277">
     <span class='ocr_line' id='line_1_76' title="bbox 322 4205 1889 4277; baseline 0.001 -18"><span class='ocrx_word' id='word_1_593' title='bbox 322 4207 687 4277; x_wconf 74' lang='grc' dir='ltr'>θαυμάζεται,</span> <span class='ocrx_word' id='word_1_594' title='bbox 723 4206 893 4277; x_wconf 73' lang='grc' dir='ltr'>ἤγουν</span> <span class='ocrx_word' id='word_1_595' title='bbox 921 4206 1109 4277; x_wconf 71' lang='grc' dir='ltr'>ἕτερόν</span> <span class='ocrx_word' id='word_1_596' title='bbox 1137 4225 1191 4259; x_wconf 90' lang='grc' dir='ltr'><strong>τι</strong></span> <span class='ocrx_word' id='word_1_597' title='bbox 1216 4205 1325 4260; x_wconf 82' lang='grc' dir='ltr'><strong>τῶν</strong></span> <span class='ocrx_word' id='word_1_598' title='bbox 1366 4207 1508 4277; x_wconf 87' lang='grc' dir='ltr'>πέρα</span> <span class='ocrx_word' id='word_1_599' title='bbox 1549 4206 1708 4275; x_wconf 86' lang='grc' dir='ltr'>λόγου</span> <span class='ocrx_word' id='word_1_600' title='bbox 1736 4224 1889 4261; x_wconf 86' lang='grc' dir='ltr'>τετε·-</span> 
     </span>
    </p>
   </div>
   <div class='ocr_carea' id='block_1_77' title="bbox 318 4296 1891 4370">
    <p class='ocr_par' dir='ltr' id='par_1_77' title="bbox 318 4296 1891 4370">
     <span class='ocr_line' id='line_1_77' title="bbox 318 4296 1891 4370; baseline 0 -17"><span class='ocrx_word' id='word_1_601' title='bbox 318 4300 516 4363; x_wconf 84' lang='grc' dir='ltr'>λεκώς.</span> <span class='ocrx_word' id='word_1_602' title='bbox 551 4298 691 4352; x_wconf 73' lang='grc' dir='ltr'>Ἀλλ’</span> <span class='ocrx_word' id='word_1_603' title='bbox 722 4300 771 4352; x_wconf 86' lang='grc' dir='ltr'>οἱ</span> <span class='ocrx_word' id='word_1_604' title='bbox 821 4299 919 4369; x_wconf 77' lang='grc' dir='ltr'>μὲν</span> <span class='ocrx_word' id='word_1_605' title='bbox 954 4299 1282 4370; x_wconf 79' lang='grc' dir='ltr'>ὲνήργηνται</span> <span class='ocrx_word' id='word_1_606' title='bbox 1313 4297 1466 4368; x_wconf 81' lang='grc' dir='ltr'>παρὰ</span> <span class='ocrx_word' id='word_1_607' title='bbox 1512 4296 1605 4350; x_wconf 89' lang='grc' dir='ltr'><strong>τοῦ</strong></span> <span class='ocrx_word' id='word_1_608' title='bbox 1637 4297 1891 4368; x_wconf 85' lang='grc' dir='ltr'>Πνεύμα-</span> 
     </span>
    </p>
   </div>
   <div class='ocr_carea' id='block_1_78' title="bbox 317 4386 1889 4460">
    <p class='ocr_par' dir='ltr' id='par_1_78' title="bbox 317 4386 1889 4460">
     <span class='ocr_line' id='line_1_78' title="bbox 317 4386 1889 4460; baseline -0.001 -16"><span class='ocrx_word' id='word_1_609' title='bbox 317 4408 434 4453; x_wconf 85' lang='grc' dir='ltr'>τος,</span> <span class='ocrx_word' id='word_1_610' title='bbox 464 4391 559 4445; x_wconf 74' lang='grc' dir='ltr'><strong>καὶ</strong></span> <span class='ocrx_word' id='word_1_611' title='bbox 591 4390 1015 4460; x_wconf 85' lang='grc' dir='ltr'>μεμετρημένην</span> <span class='ocrx_word' id='word_1_612' title='bbox 1057 4390 1243 4459; x_wconf 80' lang='grc' dir='ltr'>έχουσι</span> <span class='ocrx_word' id='word_1_613' title='bbox 1274 4387 1462 4458; x_wconf 84' lang='grc' dir='ltr'>χάριν·</span> <span class='ocrx_word' id='word_1_614' title='bbox 1484 4389 1513 4440; x_wconf 90' lang='lat'><strong>6</strong></span> <span class='ocrx_word' id='word_1_615' title='bbox 1537 4387 1613 4451; x_wconf 83' lang='grc' dir='ltr'>δὲ,</span> <span class='ocrx_word' id='word_1_616' title='bbox 1640 4387 1715 4450; x_wconf 84' lang='grc' dir='ltr'>ὡς</span> <span class='ocrx_word' id='word_1_617' title='bbox 1755 4386 1889 4453; x_wconf 79' lang='grc' dir='ltr'>Θεὸς</span> 
     </span>
    </p>
   </div>
   <div class='ocr_carea' id='block_1_79' title="bbox 1998 3294 3557 3377">
    <p class='ocr_par' dir='ltr' id='par_1_79' title="bbox 1998 3294 3557 3377">
     <span class='ocr_line' id='line_1_79' title="bbox 1998 3294 3557 3377; baseline 0.01 -28"><span class='ocrx_word' id='word_1_618' title='bbox 1998 3294 2158 3364; x_wconf 90' lang='lat' dir='ltr'><strong>ejicio</strong></span> <span class='ocrx_word' id='word_1_619' title='bbox 2189 3296 2474 3368; x_wconf 79' lang='lat' dir='ltr'><strong>daemonia,</strong></span> <span class='ocrx_word' id='word_1_620' title='bbox 2509 3301 2604 3356; x_wconf 83' lang='lat' dir='ltr'><strong>lilii</strong></span> <span class='ocrx_word' id='word_1_621' title='bbox 2654 3304 2816 3358; x_wconf 87' lang='lat' dir='ltr'><strong>vestri</strong></span> <span class='ocrx_word' id='word_1_622' title='bbox 2858 3304 2915 3360; x_wconf 88' lang='lat' dir='ltr'><strong>in</strong></span> <span class='ocrx_word' id='word_1_623' title='bbox 2972 3319 3078 3375; x_wconf 92' lang='lat' dir='ltr'><strong>quo</strong></span> <span class='ocrx_word' id='word_1_624' title='bbox 3130 3307 3355 3377; x_wconf 89' lang='lat' dir='ltr'><strong>ejiciunt</strong></span> <span class='ocrx_word' id='word_1_625' title='bbox 3396 3310 3498 3368; x_wconf 72' lang='grc'><strong>⁸⁸2</strong></span> <span class='ocrx_word' id='word_1_626' title='bbox 3533 3329 3557 3365; x_wconf 75' lang='grc' dir='ltr'><strong>ι</strong></span> 
     </span>
    </p>
   </div>
   <div class='ocr_carea' id='block_1_80' title="bbox 1996 3383 3562 3473">
    <p class='ocr_par' dir='ltr' id='par_1_80' title="bbox 1996 3383 3562 3473">
     <span class='ocr_line' id='line_1_80' title="bbox 1996 3383 3562 3473; baseline 0.015 -37"><span class='ocrx_word' id='word_1_627' title='bbox 1996 3383 2126 3439; x_wconf 87' lang='lat' dir='ltr'><strong>Erat</strong></span> <span class='ocrx_word' id='word_1_628' title='bbox 2165 3385 2310 3440; x_wconf 91' lang='lat' dir='ltr'><strong>enim</strong></span> <span class='ocrx_word' id='word_1_629' title='bbox 2359 3388 2413 3442; x_wconf 89' lang='lat' dir='ltr'><strong>in</strong></span> <span class='ocrx_word' id='word_1_630' title='bbox 2461 3390 2819 3448; x_wconf 87' lang='lat' dir='ltr'><strong>admiratione</strong></span> <span class='ocrx_word' id='word_1_631' title='bbox 2864 3386 3045 3451; x_wconf 75' lang='lat' dir='ltr'><strong>clarus</strong></span> <span class='ocrx_word' id='word_1_632' title='bbox 3091 3396 3181 3453; x_wconf 93' lang='lat' dir='ltr'><strong>ille</strong></span> <span class='ocrx_word' id='word_1_633' title='bbox 3230 3406 3282 3453; x_wconf 89' lang='lat' dir='ltr'><strong>et</strong></span> <span class='ocrx_word' id='word_1_634' title='bbox 3333 3416 3562 3473; x_wconf 89' lang='lat' dir='ltr'><strong>magnus</strong></span> 
     </span>
    </p>
   </div>
   <div class='ocr_carea' id='block_1_81' title="bbox 1996 3480 3565 3555">
    <p class='ocr_par' dir='ltr' id='par_1_81' title="bbox 1996 3480 3565 3555">
     <span class='ocr_line' id='line_1_81' title="bbox 1996 3480 3565 3555; baseline 0.015 -27"><span class='ocrx_word' id='word_1_635' title='bbox 1996 3486 2305 3532; x_wconf 86' lang='lat' dir='ltr'><strong>sanctorum</strong></span> <span class='ocrx_word' id='word_1_636' title='bbox 2353 3480 2722 3549; x_wconf 87' lang='lat' dir='ltr'><strong>apostolorum</strong></span> <span class='ocrx_word' id='word_1_637' title='bbox 2774 3485 2996 3555; x_wconf 91' lang='lat' dir='ltr'><strong>chorus,</strong></span> <span class='ocrx_word' id='word_1_638' title='bbox 3043 3502 3166 3544; x_wconf 92' lang='lat' dir='ltr'><strong>cum</strong></span> <span class='ocrx_word' id='word_1_639' title='bbox 3228 3490 3282 3546; x_wconf 94' lang='lat' dir='ltr'><strong>in</strong></span> <span class='ocrx_word' id='word_1_640' title='bbox 3344 3494 3565 3551; x_wconf 88' lang='lat' dir='ltr'><strong>nomine</strong></span> 
     </span>
    </p>
   </div>
   <div class='ocr_carea' id='block_1_82' title="bbox 1996 3565 3567 3653">
    <p class='ocr_par' dir='ltr' id='par_1_82' title="bbox 1996 3565 3567 3653">
     <span class='ocr_line' id='line_1_82' title="bbox 1996 3565 3567 3653; baseline 0.013 -32"><span class='ocrx_word' id='word_1_641' title='bbox 1996 3565 2127 3622; x_wconf 83' lang='lat' dir='ltr'><strong>Jesu</strong></span> <span class='ocrx_word' id='word_1_642' title='bbox 2158 3567 2360 3624; x_wconf 89' lang='lat' dir='ltr'><strong>Christi</strong></span> <span class='ocrx_word' id='word_1_643' title='bbox 2393 3570 2658 3628; x_wconf 87' lang='lat' dir='ltr'><strong>Nazareni</strong></span> <span class='ocrx_word' id='word_1_644' title='bbox 2688 3574 2873 3631; x_wconf 91' lang='lat' dir='ltr'><strong>ederet</strong></span> <span class='ocrx_word' id='word_1_645' title='bbox 2919 3579 3179 3635; x_wconf 85' lang='lat' dir='ltr'><strong>miracula</strong></span> <span class='ocrx_word' id='word_1_646' title='bbox 3213 3599 3227 3634; x_wconf 95' lang='lat'><strong>:</strong></span> <span class='ocrx_word' id='word_1_647' title='bbox 3262 3583 3444 3653; x_wconf 83' lang='lat' dir='ltr'><strong>itaque</strong></span> <span class='ocrx_word' id='word_1_648' title='bbox 3478 3600 3567 3641; x_wconf 87' lang='lat' dir='ltr'><strong>re-</strong></span> 
     </span>
    </p>
   </div>
   <div class='ocr_carea' id='block_1_83' title="bbox 1996 3659 3564 3738">
    <p class='ocr_par' dir='ltr' id='par_1_83' title="bbox 1996 3659 3564 3738">
     <span class='ocr_line' id='line_1_83' title="bbox 1996 3659 3564 3738; baseline 0.013 -29"><span class='ocrx_word' id='word_1_649' title='bbox 1996 3659 2349 3714; x_wconf 89' lang='lat' dir='ltr'><strong>vertebantur</strong></span> <span class='ocrx_word' id='word_1_650' title='bbox 2377 3663 2677 3731; x_wconf 86' lang='lat' dir='ltr'><strong>gaudentes</strong></span> <span class='ocrx_word' id='word_1_651' title='bbox 2725 3679 2787 3719; x_wconf 92' lang='lat' dir='ltr'><strong>ac</strong></span> <span class='ocrx_word' id='word_1_652' title='bbox 2818 3664 3105 3724; x_wconf 87' lang='lat' dir='ltr'><strong>dicentes:</strong></span> <span class='ocrx_word' id='word_1_653' title='bbox 3143 3687 3164 3723; x_wconf 79' lang='grc' dir='ltr'><strong>ι</strong></span> <span class='ocrx_word' id='word_1_654' title='bbox 3209 3667 3457 3738; x_wconf 90' lang='lat' dir='ltr'><strong>Domine,</strong></span> <span class='ocrx_word' id='word_1_655' title='bbox 3509 3674 3564 3730; x_wconf 89' lang='lat' dir='ltr'><strong>in</strong></span> 
     </span>
    </p>
   </div>
   <div class='ocr_carea' id='block_1_84' title="bbox 1995 3749 3559 3827">
    <p class='ocr_par' dir='ltr' id='par_1_84' title="bbox 1995 3749 3559 3827">
     <span class='ocr_line' id='line_1_84' title="bbox 1995 3749 3559 3827; baseline 0.012 -27"><span class='ocrx_word' id='word_1_656' title='bbox 1995 3749 2212 3803; x_wconf 89' lang='lat' dir='ltr'><strong>nomine</strong></span> <span class='ocrx_word' id='word_1_657' title='bbox 2242 3758 2332 3805; x_wconf 86' lang='lat' dir='ltr'><strong>tuo</strong></span> <span class='ocrx_word' id='word_1_658' title='bbox 2366 3754 2528 3807; x_wconf 90' lang='lat' dir='ltr'><strong>etiam</strong></span> <span class='ocrx_word' id='word_1_659' title='bbox 2560 3755 2824 3810; x_wconf 72' lang='lat' dir='ltr'><strong>dannonia</strong></span> <span class='ocrx_word' id='word_1_660' title='bbox 2853 3758 3222 3827; x_wconf 89' lang='lat' dir='ltr'><strong>subjiciuntur</strong></span> <span class='ocrx_word' id='word_1_661' title='bbox 3253 3764 3411 3820; x_wconf 88' lang='lat' dir='ltr'><strong>nobis</strong></span> <span class='ocrx_word' id='word_1_662' title='bbox 3437 3766 3506 3820; x_wconf 85' lang='grc'><strong>⁸⁷.</strong></span> <span class='ocrx_word' id='word_1_663' title='bbox 3537 3785 3559 3818; x_wconf 73' lang='grc' dir='ltr'><strong>ι</strong></span> 
     </span>
    </p>
   </div>
   <div class='ocr_carea' id='block_1_85' title="bbox 2005 3837 3562 3926">
    <p class='ocr_par' dir='ltr' id='par_1_85' title="bbox 2005 3837 3562 3926">
     <span class='ocr_line' id='line_1_85' title="bbox 2005 3837 3562 3926; baseline 0.012 -33"><span class='ocrx_word' id='word_1_664' title='bbox 2005 3837 2112 3894; x_wconf 90' lang='lat' dir='ltr'><strong>Sed</strong></span> <span class='ocrx_word' id='word_1_665' title='bbox 2147 3840 2192 3894; x_wconf 88' lang='lat' dir='ltr'><strong>si</strong></span> <span class='ocrx_word' id='word_1_666' title='bbox 2225 3841 2341 3895; x_wconf 82' lang='lat' dir='ltr'><strong>ﬁeri</strong></span> <span class='ocrx_word' id='word_1_667' title='bbox 2373 3852 2553 3912; x_wconf 91' lang='lat' dir='ltr'><strong>potest</strong></span> <span class='ocrx_word' id='word_1_668' title='bbox 2580 3854 2637 3898; x_wconf 93' lang='lat' dir='ltr'><strong>ut</strong></span> <span class='ocrx_word' id='word_1_669' title='bbox 2672 3846 2725 3899; x_wconf 94' lang='lat' dir='ltr'><strong>in</strong></span> <span class='ocrx_word' id='word_1_670' title='bbox 2754 3848 2972 3902; x_wconf 88' lang='lat' dir='ltr'><strong>nomine</strong></span> <span class='ocrx_word' id='word_1_671' title='bbox 3000 3848 3232 3920; x_wconf 90' lang='lat' dir='ltr'><strong>alicujus</strong></span> <span class='ocrx_word' id='word_1_672' title='bbox 3256 3869 3446 3910; x_wconf 90' lang='lat' dir='ltr'><strong>eorum</strong></span> <span class='ocrx_word' id='word_1_673' title='bbox 3471 3859 3562 3926; x_wconf 92' lang='lat' dir='ltr'><strong>qui</strong></span> 
     </span>
    </p>
   </div>
   <div class='ocr_carea' id='block_1_86' title="bbox 1992 3928 3566 4017">
    <p class='ocr_par' dir='ltr' id='par_1_86' title="bbox 1992 3928 3566 4017">
     <span class='ocr_line' id='line_1_86' title="bbox 1992 3928 3566 4017; baseline 0.014 -35"><span class='ocrx_word' id='word_1_674' title='bbox 1992 3928 2404 3986; x_wconf 72' lang='lat' dir='ltr'><strong>atleﬂiciendum</strong></span> <span class='ocrx_word' id='word_1_675' title='bbox 2424 3934 2492 3988; x_wconf 91' lang='lat' dir='ltr'><strong>ab</strong></span> <span class='ocrx_word' id='word_1_676' title='bbox 2509 3934 2613 3989; x_wconf 89' lang='lat' dir='ltr'><strong>alio</strong></span> <span class='ocrx_word' id='word_1_677' title='bbox 2628 3948 2929 4006; x_wconf 90' lang='lat' dir='ltr'><strong>moventur,</strong></span> <span class='ocrx_word' id='word_1_678' title='bbox 2944 3940 3107 3995; x_wconf 87' lang='lat' dir='ltr'><strong>etiam</strong></span> <span class='ocrx_word' id='word_1_679' title='bbox 3123 3942 3212 3998; x_wconf 91' lang='lat' dir='ltr'><strong>alii</strong></span> <span class='ocrx_word' id='word_1_680' title='bbox 3233 3945 3430 4001; x_wconf 89' lang='lat' dir='ltr'><strong>similia</strong></span> <span class='ocrx_word' id='word_1_681' title='bbox 3446 3962 3566 4017; x_wconf 89' lang='lat' dir='ltr'><strong>pos-</strong></span> 
     </span>
    </p>
   </div>
   <div class='ocr_carea' id='block_1_87' title="bbox 1991 4021 3565 4101">
    <p class='ocr_par' dir='ltr' id='par_1_87' title="bbox 1991 4021 3565 4101">
     <span class='ocr_line' id='line_1_87' title="bbox 1991 4021 3565 4101; baseline 0.015 -28"><span class='ocrx_word' id='word_1_682' title='bbox 1991 4022 2099 4074; x_wconf 91' lang='lat' dir='ltr'><strong>sint</strong></span> <span class='ocrx_word' id='word_1_683' title='bbox 2125 4021 2354 4088; x_wconf 84' lang='lat' dir='ltr'><strong>elIicerc,</strong></span> <span class='ocrx_word' id='word_1_684' title='bbox 2373 4026 2595 4093; x_wconf 87' lang='lat' dir='ltr'><strong>prodeat</strong></span> <span class='ocrx_word' id='word_1_685' title='bbox 2621 4040 2687 4081; x_wconf 92' lang='lat' dir='ltr'><strong>ac</strong></span> <span class='ocrx_word' id='word_1_686' title='bbox 2712 4027 2877 4097; x_wconf 88' lang='lat' dir='ltr'><strong>dicat,</strong></span> <span class='ocrx_word' id='word_1_687' title='bbox 2899 4045 3059 4101; x_wconf 87' lang='lat' dir='ltr'><strong>quam</strong></span> <span class='ocrx_word' id='word_1_688' title='bbox 3077 4033 3145 4089; x_wconf 91' lang='lat' dir='ltr'><strong>ob</strong></span> <span class='ocrx_word' id='word_1_689' title='bbox 3166 4048 3381 4092; x_wconf 90' lang='lat' dir='ltr'><strong>causam</strong></span> <span class='ocrx_word' id='word_1_690' title='bbox 3405 4053 3565 4096; x_wconf 90' lang='lat' dir='ltr'><strong>nemo</strong></span> 
     </span>
    </p>
   </div>
   <div class='ocr_carea' id='block_1_88' title="bbox 1990 4111 3565 4199">
    <p class='ocr_par' dir='ltr' id='par_1_88' title="bbox 1990 4111 3565 4199">
     <span class='ocr_line' id='line_1_88' title="bbox 1990 4111 3565 4199; baseline 0.013 -33"><span class='ocrx_word' id='word_1_691' title='bbox 1990 4111 2290 4167; x_wconf 90' lang='lat' dir='ltr'><strong>celebretur</strong></span> <span class='ocrx_word' id='word_1_692' title='bbox 2313 4114 2453 4182; x_wconf 92' lang='lat' dir='ltr'><strong>quod</strong></span> <span class='ocrx_word' id='word_1_693' title='bbox 2474 4116 2523 4170; x_wconf 90' lang='lat' dir='ltr'><strong>in</strong></span> <span class='ocrx_word' id='word_1_694' title='bbox 2540 4116 2679 4173; x_wconf 91' lang='lat' dir='ltr'><strong>illius</strong></span> <span class='ocrx_word' id='word_1_695' title='bbox 2693 4121 2863 4175; x_wconf 90' lang='lat' dir='ltr'><strong>sancti</strong></span> <span class='ocrx_word' id='word_1_696' title='bbox 2881 4122 2983 4199; x_wconf 77' lang='lat' dir='ltr'><strong>viri</strong></span> <span class='ocrx_word' id='word_1_697' title='bbox 3003 4125 3219 4181; x_wconf 89' lang='lat' dir='ltr'><strong>nomine</strong></span> <span class='ocrx_word' id='word_1_698' title='bbox 3238 4128 3320 4182; x_wconf 89' lang='lat' dir='ltr'><strong>vel</strong></span> <span class='ocrx_word' id='word_1_699' title='bbox 3338 4129 3565 4199; x_wconf 87' lang='lat' dir='ltr'><strong>spiritus</strong></span> 
     </span>
    </p>
   </div>
   <div class='ocr_carea' id='block_1_89' title="bbox 1991 4192 3566 4289">
    <p class='ocr_par' dir='ltr' id='par_1_89' title="bbox 1991 4192 3566 4289">
     <span class='ocr_line' id='line_1_89' title="bbox 1991 4192 3566 4289; baseline 0.014 -33"><span class='ocrx_word' id='word_1_700' title='bbox 1991 4202 2231 4273; x_wconf 89' lang='lat' dir='ltr'><strong>impuros</strong></span> <span class='ocrx_word' id='word_1_701' title='bbox 2254 4205 2560 4275; x_wconf 90' lang='lat' dir='ltr'><strong>increparit,</strong></span> <span class='ocrx_word' id='word_1_702' title='bbox 2585 4208 2665 4263; x_wconf 87' lang='lat' dir='ltr'><strong>vel</strong></span> <span class='ocrx_word' id='word_1_703' title='bbox 2687 4210 2830 4265; x_wconf 90' lang='lat' dir='ltr'><strong>aliud</strong></span> <span class='ocrx_word' id='word_1_704' title='bbox 2848 4192 3119 4284; x_wconf 70' lang='lat' dir='ltr'><strong>quidpiam</strong></span> <span class='ocrx_word' id='word_1_705' title='bbox 3147 4220 3289 4286; x_wconf 89' lang='lat' dir='ltr'><strong>quod</strong></span> <span class='ocrx_word' id='word_1_706' title='bbox 3306 4192 3467 4289; x_wconf 78' lang='lat' dir='ltr'><strong>supra</strong></span> <span class='ocrx_word' id='word_1_707' title='bbox 3485 4239 3566 4277; x_wconf 83' lang='lat' dir='ltr'><strong>ra-</strong></span> 
     </span>
    </p>
   </div>
   <div class='ocr_carea' id='block_1_90' title="bbox 1990 4298 3565 4382">
    <p class='ocr_par' dir='ltr' id='par_1_90' title="bbox 1990 4298 3565 4382">
     <span class='ocr_line' id='line_1_90' title="bbox 1990 4298 3565 4382; baseline 0.013 -32"><span class='ocrx_word' id='word_1_708' title='bbox 1990 4298 2188 4352; x_wconf 88' lang='lat' dir='ltr'><strong>tionem</strong></span> <span class='ocrx_word' id='word_1_709' title='bbox 2222 4299 2310 4365; x_wconf 89' lang='lat' dir='ltr'><strong>sit,</strong></span> <span class='ocrx_word' id='word_1_710' title='bbox 2350 4301 2652 4370; x_wconf 81' lang='lat' dir='ltr'><strong>perfecerit.</strong></span> <span class='ocrx_word' id='word_1_711' title='bbox 2694 4303 2799 4359; x_wconf 89' lang='lat' dir='ltr'><strong>Sed</strong></span> <span class='ocrx_word' id='word_1_712' title='bbox 2850 4305 2927 4361; x_wconf 91' lang='lat' dir='ltr'><strong>illi</strong></span> <span class='ocrx_word' id='word_1_713' title='bbox 2966 4308 3184 4378; x_wconf 91' lang='lat' dir='ltr'><strong>quidem</strong></span> <span class='ocrx_word' id='word_1_714' title='bbox 3216 4326 3245 4365; x_wconf 90' lang='lat' dir='ltr'><strong>a</strong></span> <span class='ocrx_word' id='word_1_715' title='bbox 3269 4310 3470 4382; x_wconf 88' lang='lat' dir='ltr'><strong>Spiritu</strong></span> <span class='ocrx_word' id='word_1_716' title='bbox 3499 4318 3565 4371; x_wconf 88' lang='lat' dir='ltr'><strong>ad</strong></span> 
     </span>
    </p>
   </div>
   <div class='ocr_carea' id='block_1_91' title="bbox 1988 4389 3566 4465">
    <p class='ocr_par' dir='ltr' id='par_1_91' title="bbox 1988 4389 3566 4465">
     <span class='ocr_line' id='line_1_91' title="bbox 1988 4389 3566 4465; baseline 0.012 -22"><span class='ocrx_word' id='word_1_717' title='bbox 1988 4404 2123 4458; x_wconf 91' lang='lat' dir='ltr'><strong>opus</strong></span> <span class='ocrx_word' id='word_1_718' title='bbox 2142 4389 2479 4447; x_wconf 85' lang='lat' dir='ltr'><strong>elliciendum</strong></span> <span class='ocrx_word' id='word_1_719' title='bbox 2537 4393 2900 4465; x_wconf 89' lang='lat' dir='ltr'><strong>impelluntur,</strong></span> <span class='ocrx_word' id='word_1_720' title='bbox 2946 4399 3000 4455; x_wconf 81' lang='lat' dir='ltr'><strong>e&#39;t</strong></span> <span class='ocrx_word' id='word_1_721' title='bbox 3026 4400 3325 4458; x_wconf 88' lang='lat' dir='ltr'><strong>dimensam</strong></span> <span class='ocrx_word' id='word_1_722' title='bbox 3367 4405 3566 4462; x_wconf 89' lang='lat' dir='ltr'><strong>habent</strong></span> 
     </span>
    </p>
   </div>
   <div class='ocr_carea' id='block_1_92' title="bbox 320 4476 1892 4574">
    <p class='ocr_par' dir='ltr' id='par_1_92' title="bbox 320 4476 1888 4550">
     <span class='ocr_line' id='line_1_92' title="bbox 320 4476 1888 4550; baseline -0.001 -17"><span class='ocrx_word' id='word_1_723' title='bbox 320 4479 553 4550; x_wconf 74' lang='grc' dir='ltr'>ἐνεργεῖ,</span> <span class='ocrx_word' id='word_1_724' title='bbox 597 4478 691 4532; x_wconf 75' lang='grc' dir='ltr'>καὶ</span> <span class='ocrx_word' id='word_1_725' title='bbox 723 4477 799 4541; x_wconf 85' lang='grc' dir='ltr'>ὡς</span> <span class='ocrx_word' id='word_1_726' title='bbox 825 4477 891 4530; x_wconf 88' lang='grc' dir='ltr'><strong>δι’</strong></span> <span class='ocrx_word' id='word_1_727' title='bbox 926 4477 1054 4530; x_wconf 87' lang='grc' dir='ltr'>ίδίου</span> <span class='ocrx_word' id='word_1_728' title='bbox 1087 4476 1404 4546; x_wconf 88' lang='grc' dir='ltr'>Πνεύματος</span> <span class='ocrx_word' id='word_1_729' title='bbox 1428 4476 1665 4546; x_wconf 77' lang='grc' dir='ltr'>ἀμογητὶ</span> <span class='ocrx_word' id='word_1_730' title='bbox 1692 4494 1888 4549; x_wconf 84' lang='grc' dir='ltr'>κατορ-</span> 
     </span>
    </p>
   </div>
   <div class='ocr_carea' id='block_1_93' title="bbox 1996 4476 3565 4574">
    <p class='ocr_par' dir='ltr' id='par_1_93' title="bbox 1996 4483 3565 4567">
     <span class='ocr_line' id='line_1_93' title="bbox 1996 4483 3565 4567; baseline 0.013 -34"><span class='ocrx_word' id='word_1_731' title='bbox 1996 4483 2249 4550; x_wconf 85' lang='lat' dir='ltr'><strong>gratiam;</strong></span> <span class='ocrx_word' id='word_1_732' title='bbox 2272 4484 2361 4537; x_wconf 90' lang='lat' dir='ltr'><strong>hic</strong></span> <span class='ocrx_word' id='word_1_733' title='bbox 2385 4498 2513 4539; x_wconf 86' lang='lat' dir='ltr'><strong>vero</strong></span> <span class='ocrx_word' id='word_1_734' title='bbox 2541 4496 2598 4540; x_wconf 90' lang='lat' dir='ltr'><strong>ut</strong></span> <span class='ocrx_word' id='word_1_735' title='bbox 2625 4487 2765 4542; x_wconf 91' lang='lat' dir='ltr'><strong>Deus</strong></span> <span class='ocrx_word' id='word_1_736' title='bbox 2794 4500 3070 4559; x_wconf 88' lang='lat' dir='ltr'><strong>operatur,</strong></span> <span class='ocrx_word' id='word_1_737' title='bbox 3095 4503 3151 4549; x_wconf 91' lang='lat' dir='ltr'><strong>et</strong></span> <span class='ocrx_word' id='word_1_738' title='bbox 3185 4504 3437 4566; x_wconf 88' lang='lat' dir='ltr'><strong>tanquam</strong></span> <span class='ocrx_word' id='word_1_739' title='bbox 3470 4514 3565 4567; x_wconf 84' lang='lat' dir='ltr'><strong>per</strong></span> 
     </span>
    </p>
   </div>
   <div class='ocr_carea' id='block_1_94' title="bbox 318 4563 1883 4639">
    <p class='ocr_par' dir='ltr' id='par_1_94' title="bbox 318 4563 1883 4639">
     <span class='ocr_line' id='line_1_94' title="bbox 318 4563 1883 4639; baseline -0.001 -15"><span class='ocrx_word' id='word_1_740' title='bbox 318 4572 406 4625; x_wconf 76' lang='grc' dir='ltr'><strong>θοῖ</strong></span> <span class='ocrx_word' id='word_1_741' title='bbox 435 4572 502 4624; x_wconf 85' lang='grc' dir='ltr'><strong>τὰ</strong></span> <span class='ocrx_word' id='word_1_742' title='bbox 525 4570 590 4623; x_wconf 85' lang='grc' dir='ltr'><strong>δι’</strong></span> <span class='ocrx_word' id='word_1_743' title='bbox 614 4563 688 4624; x_wconf 82' lang='grc' dir='ltr'><strong>ὧν</strong></span> <span class='ocrx_word' id='word_1_744' title='bbox 713 4568 1073 4639; x_wconf 80' lang='grc' dir='ltr'>θαυμάζεται.</span> <span class='ocrx_word' id='word_1_745' title='bbox 1104 4568 1217 4622; x_wconf 77' lang='grc' dir='ltr'>Καὶ</span> <span class='ocrx_word' id='word_1_746' title='bbox 1250 4566 1380 4636; x_wconf 88' lang='grc' dir='ltr'>γοῦν</span> <span class='ocrx_word' id='word_1_747' title='bbox 1408 4570 1441 4639; x_wconf 85' lang='grc' dir='ltr'>ἡ</span> <span class='ocrx_word' id='word_1_748' title='bbox 1470 4570 1567 4639; x_wconf 84' lang='grc' dir='ltr'>τὴν</span> <span class='ocrx_word' id='word_1_749' title='bbox 1593 4568 1685 4622; x_wconf 90' lang='grc' dir='ltr'><strong>τοῦ</strong></span> <span class='ocrx_word' id='word_1_750' title='bbox 1715 4568 1883 4639; x_wconf 81' lang='grc' dir='ltr'>αἵμα-</span> 
     </span>
    </p>
   </div>
   <div class='ocr_carea' id='block_1_95' title="bbox 317 4659 1888 4731">
    <p class='ocr_par' dir='ltr' id='par_1_95' title="bbox 317 4659 1888 4731">
     <span class='ocr_line' id='line_1_95' title="bbox 317 4659 1888 4731; baseline -0.001 -18"><span class='ocrx_word' id='word_1_751' title='bbox 317 4679 411 4723; x_wconf 86' lang='grc' dir='ltr'><strong>τος</strong></span> <span class='ocrx_word' id='word_1_752' title='bbox 458 4660 615 4731; x_wconf 76' lang='grc' dir='ltr'>ῥύσιν</span> <span class='ocrx_word' id='word_1_753' title='bbox 668 4660 1072 4731; x_wconf 79' lang='grc' dir='ltr'>ἀῤῥωστήσασα</span> <span class='ocrx_word' id='word_1_754' title='bbox 1132 4659 1271 4729; x_wconf 82' lang='grc' dir='ltr'>γυνὴ</span> <span class='ocrx_word' id='word_1_755' title='bbox 1331 4659 1714 4730; x_wconf 76' lang='grc' dir='ltr'>προσελθοῦσά</span> <span class='ocrx_word' id='word_1_756' title='bbox 1754 4675 1888 4712; x_wconf 87' lang='grc' dir='ltr'>ποτε</span> 
     </span>
    </p>
   </div>
   <div class='ocr_carea' id='block_1_96' title="bbox 316 4750 1888 4824">
    <p class='ocr_par' dir='ltr' id='par_1_96' title="bbox 316 4750 1888 4824">
     <span class='ocr_line' id='line_1_96' title="bbox 316 4750 1888 4824; baseline 0 -19"><span class='ocrx_word' id='word_1_757' title='bbox 316 4752 619 4824; x_wconf 81' lang='grc' dir='ltr'>λεληθότως</span> <span class='ocrx_word' id='word_1_758' title='bbox 646 4752 752 4805; x_wconf 84' lang='grc' dir='ltr'><strong>ἀπὸ</strong></span> <span class='ocrx_word' id='word_1_759' title='bbox 772 4750 995 4804; x_wconf 77' lang='grc' dir='ltr'>ὄπισθεν</span> <span class='ocrx_word' id='word_1_760' title='bbox 1015 4751 1201 4817; x_wconf 84' lang='grc' dir='ltr'>αὐτοῦ,</span> <span class='ocrx_word' id='word_1_761' title='bbox 1241 4751 1549 4821; x_wconf 86' lang='grc' dir='ltr'>γέγραπται</span> <span class='ocrx_word' id='word_1_762' title='bbox 1575 4751 1689 4815; x_wconf 82' lang='grc' dir='ltr'>ὡδὶ,</span> <span class='ocrx_word' id='word_1_763' title='bbox 1711 4752 1888 4822; x_wconf 78' lang='grc' dir='ltr'>ἥψατο</span> 
     </span>
    </p>
   </div>
   <div class='ocr_carea' id='block_1_97' title="bbox 314 4842 1887 4916">
    <p class='ocr_par' dir='ltr' id='par_1_97' title="bbox 314 4842 1887 4916">
     <span class='ocr_line' id='line_1_97' title="bbox 314 4842 1887 4916; baseline -0.002 -17"><span class='ocrx_word' id='word_1_764' title='bbox 314 4846 413 4899; x_wconf 83' lang='grc' dir='ltr'><strong>τοῦ</strong></span> <span class='ocrx_word' id='word_1_765' title='bbox 454 4845 762 4916; x_wconf 83' lang='grc' dir='ltr'>κρασπέδου</span> <span class='ocrx_word' id='word_1_766' title='bbox 810 4842 905 4896; x_wconf 91' lang='grc' dir='ltr'><strong>τοῦ</strong></span> <span class='ocrx_word' id='word_1_767' title='bbox 960 4843 1174 4914; x_wconf 81' lang='grc' dir='ltr'>ἱματίου</span> <span class='ocrx_word' id='word_1_768' title='bbox 1202 4843 1389 4906; x_wconf 80' lang='grc' dir='ltr'>αὐτοῦ,</span> <span class='ocrx_word' id='word_1_769' title='bbox 1417 4843 1513 4895; x_wconf 77' lang='grc' dir='ltr'>καὶ</span> <span class='ocrx_word' id='word_1_770' title='bbox 1543 4845 1887 4915; x_wconf 81' lang='grc' dir='ltr'>παραχρῆμα</span> 
     </span>
    </p>
   </div>
   <div class='ocr_carea' id='block_1_98' title="bbox 315 4934 1888 5009">
    <p class='ocr_par' dir='ltr' id='par_1_98' title="bbox 315 4934 1888 5009">
     <span class='ocr_line' id='line_1_98' title="bbox 315 4934 1888 5009; baseline -0.002 -17"><span class='ocrx_word' id='word_1_771' title='bbox 315 4939 448 5009; x_wconf 73' lang='grc' dir='ltr'>ἔστη</span> <span class='ocrx_word' id='word_1_772' title='bbox 480 4939 515 5008; x_wconf 84' lang='grc' dir='ltr'><strong>ή</strong></span> <span class='ocrx_word' id='word_1_773' title='bbox 561 4936 716 5007; x_wconf 78' lang='grc' dir='ltr'>ῥύσις</span> <span class='ocrx_word' id='word_1_774' title='bbox 756 4936 851 4989; x_wconf 92' lang='grc' dir='ltr'><strong>τοῦ</strong></span> <span class='ocrx_word' id='word_1_775' title='bbox 892 4937 1124 5005; x_wconf 82' lang='grc' dir='ltr'>αἵματος</span> <span class='ocrx_word' id='word_1_776' title='bbox 1156 4934 1348 5004; x_wconf 76' lang='grc' dir='ltr'>αὐτῆς.</span> <span class='ocrx_word' id='word_1_777' title='bbox 1397 4938 1462 4988; x_wconf 86' lang='grc' dir='ltr'>Ὃ</span> <span class='ocrx_word' id='word_1_778' title='bbox 1509 4935 1573 5006; x_wconf 85' lang='grc' dir='ltr'>δὴ</span> <span class='ocrx_word' id='word_1_779' title='bbox 1624 4938 1717 4988; x_wconf 69' lang='grc' dir='ltr'>καὶ</span> <span class='ocrx_word' id='word_1_780' title='bbox 1765 4954 1888 4989; x_wconf 86' lang='grc' dir='ltr'>συν-</span> 
     </span>
    </p>
   </div>
   <div class='ocr_carea' id='block_1_99' title="bbox 317 5031 1885 5104">
    <p class='ocr_par' dir='ltr' id='par_1_99' title="bbox 317 5031 1885 5104">
     <span class='ocr_line' id='line_1_99' title="bbox 317 5031 1885 5104; baseline -0.001 -17"><span class='ocrx_word' id='word_1_781' title='bbox 317 5035 420 5097; x_wconf 79' lang='grc' dir='ltr'>ιεὶς</span> <span class='ocrx_word' id='word_1_782' title='bbox 471 5035 499 5086; x_wconf 83' lang='grc' dir='ltr'>ὁ</span> <span class='ocrx_word' id='word_1_783' title='bbox 542 5032 816 5104; x_wconf 65' lang='grc' dir='ltr'>Χριστὸς,</span> <span class='ocrx_word' id='word_1_784' title='bbox 863 5051 880 5084; x_wconf 84' lang='grc' dir='ltr'><strong>ι</strong></span> <span class='ocrx_word' id='word_1_785' title='bbox 920 5032 1016 5094; x_wconf 89' lang='grc' dir='ltr'>Τίς</span> <span class='ocrx_word' id='word_1_786' title='bbox 1058 5034 1087 5085; x_wconf 90' lang='lat'><strong>6</strong></span> <span class='ocrx_word' id='word_1_787' title='bbox 1135 5031 1413 5101; x_wconf 69' lang='grc' dir='ltr'>ἁψάμενός</span> <span class='ocrx_word' id='word_1_788' title='bbox 1450 5048 1591 5101; x_wconf 74' lang='grc' dir='ltr'>μους</span> <span class='ocrx_word' id='word_1_789' title='bbox 1629 5050 1647 5082; x_wconf 71' lang='grc' dir='ltr'><strong>ι</strong></span> <span class='ocrx_word' id='word_1_790' title='bbox 1700 5032 1885 5102; x_wconf 81' lang='grc' dir='ltr'>φησίν.</span> 
     </span>
    </p>
   </div>
   <div class='ocr_carea' id='block_1_100' title="bbox 328 5122 1883 5194">
    <p class='ocr_par' dir='ltr' id='par_1_100' title="bbox 328 5122 1883 5194">
     <span class='ocr_line' id='line_1_100' title="bbox 328 5122 1883 5194; baseline -0.001 -18"><span class='ocrx_word' id='word_1_791' title='bbox 328 5122 548 5194; x_wconf 79' lang='grc' dir='ltr'>Ἐπειδὴ</span> <span class='ocrx_word' id='word_1_792' title='bbox 573 5123 709 5194; x_wconf 82' lang='grc' dir='ltr'>πρὸς</span> <span class='ocrx_word' id='word_1_793' title='bbox 737 5123 894 5176; x_wconf 85' lang='grc' dir='ltr'>τοῦτο</span> <span class='ocrx_word' id='word_1_794' title='bbox 928 5124 1168 5191; x_wconf 78' lang='grc' dir='ltr'>ἔφασκον</span> <span class='ocrx_word' id='word_1_795' title='bbox 1213 5124 1261 5174; x_wconf 83' lang='grc' dir='ltr'><strong>οἱ</strong></span> <span class='ocrx_word' id='word_1_796' title='bbox 1298 5122 1581 5175; x_wconf 86' lang='grc' dir='ltr'>θεσπέσιοι</span> <span class='ocrx_word' id='word_1_797' title='bbox 1613 5124 1851 5193; x_wconf 84' lang='grc' dir='ltr'>μαθηταί</span> <span class='ocrx_word' id='word_1_798' title='bbox 1870 5142 1883 5155; x_wconf 87' lang='grc'><strong>·</strong></span> 
     </span>
    </p>
   </div>
   <div class='ocr_carea' id='block_1_101' title="bbox 318 5213 1886 5284">
    <p class='ocr_par' dir='ltr' id='par_1_101' title="bbox 318 5213 1886 5284">
     <span class='ocr_line' id='line_1_101' title="bbox 318 5213 1886 5284; baseline 0 -17"><span class='ocrx_word' id='word_1_799' title='bbox 318 5236 337 5267; x_wconf 77' lang='grc' dir='ltr'><strong>ι</strong></span> <span class='ocrx_word' id='word_1_800' title='bbox 372 5214 693 5276; x_wconf 73' lang='grc' dir='ltr'>Ἐπιστάτα,</span> <span class='ocrx_word' id='word_1_801' title='bbox 725 5214 963 5284; x_wconf 85' lang='grc' dir='ltr'>βλέπεις,</span> <span class='ocrx_word' id='word_1_802' title='bbox 992 5215 1041 5265; x_wconf 85' lang='grc' dir='ltr'><strong>οἱ</strong></span> <span class='ocrx_word' id='word_1_803' title='bbox 1068 5213 1213 5283; x_wconf 82' lang='grc' dir='ltr'>ὄχλοι</span> <span class='ocrx_word' id='word_1_804' title='bbox 1236 5213 1519 5284; x_wconf 82' lang='grc' dir='ltr'>συνέχουσί</span> <span class='ocrx_word' id='word_1_805' title='bbox 1542 5232 1601 5267; x_wconf 87' lang='grc' dir='ltr'><strong>σε</strong></span> <span class='ocrx_word' id='word_1_806' title='bbox 1633 5215 1727 5268; x_wconf 72' lang='grc' dir='ltr'>καὶ</span> <span class='ocrx_word' id='word_1_807' title='bbox 1748 5217 1886 5267; x_wconf 88' lang='grc' dir='ltr'>ἁπο-</span> 
     </span>
    </p>
   </div>
   <div class='ocr_carea' id='block_1_102' title="bbox 313 5304 1883 5375">
    <p class='ocr_par' dir='ltr' id='par_1_102' title="bbox 313 5304 1883 5375">
     <span class='ocr_line' id='line_1_102' title="bbox 313 5304 1883 5375; baseline -0.001 -16"><span class='ocrx_word' id='word_1_808' title='bbox 313 5306 584 5359; x_wconf 75' lang='grc' dir='ltr'>θλίὸουσι·</span> <span class='ocrx_word' id='word_1_809' title='bbox 612 5324 630 5355; x_wconf 77' lang='grc' dir='ltr'><strong>ι</strong></span> <span class='ocrx_word' id='word_1_810' title='bbox 660 5304 822 5357; x_wconf 84' lang='grc' dir='ltr'>πάλιν</span> <span class='ocrx_word' id='word_1_811' title='bbox 843 5305 1081 5373; x_wconf 73' lang='grc' dir='ltr'>ἔφασκεν</span> <span class='ocrx_word' id='word_1_812' title='bbox 1107 5305 1266 5368; x_wconf 84' lang='grc' dir='ltr'>αὐτός</span> <span class='ocrx_word' id='word_1_813' title='bbox 1287 5321 1299 5334; x_wconf 85' lang='lat'><strong><em>°</em></strong></span> <span class='ocrx_word' id='word_1_814' title='bbox 1330 5325 1347 5356; x_wconf 77' lang='grc' dir='ltr'><strong>ι</strong></span> <span class='ocrx_word' id='word_1_815' title='bbox 1375 5305 1591 5375; x_wconf 73' lang='grc' dir='ltr'>’Ἥψατό</span> <span class='ocrx_word' id='word_1_816' title='bbox 1616 5306 1717 5375; x_wconf 82' lang='grc' dir='ltr'><strong>μού</strong></span> <span class='ocrx_word' id='word_1_817' title='bbox 1769 5324 1852 5368; x_wconf 88' lang='grc' dir='ltr'><strong>τις</strong></span> <span class='ocrx_word' id='word_1_818' title='bbox 1870 5322 1883 5334; x_wconf 85' lang='grc'><strong>·</strong></span> 
     </span>
    </p>
   </div>
   <div class='ocr_carea' id='block_1_103' title="bbox 314 5395 1887 5467">
    <p class='ocr_par' dir='ltr' id='par_1_103' title="bbox 314 5395 1887 5467">
     <span class='ocr_line' id='line_1_103' title="bbox 314 5395 1887 5467; baseline 0.003 -18"><span class='ocrx_word' id='word_1_819' title='bbox 314 5397 427 5466; x_wconf 82' lang='grc' dir='ltr'><strong>ἐγὼ</strong></span> <span class='ocrx_word' id='word_1_820' title='bbox 446 5396 555 5467; x_wconf 80' lang='grc' dir='ltr'><strong>γὰρ</strong></span> <span class='ocrx_word' id='word_1_821' title='bbox 588 5397 755 5466; x_wconf 77' lang='grc' dir='ltr'>ἔγνων</span> <span class='ocrx_word' id='word_1_822' title='bbox 782 5395 1012 5467; x_wconf 79' lang='grc' dir='ltr'>δύναμιν</span> <span class='ocrx_word' id='word_1_823' title='bbox 1045 5397 1363 5462; x_wconf 80' lang='grc' dir='ltr'>ἐξελθοῦσαν</span> <span class='ocrx_word' id='word_1_824' title='bbox 1400 5398 1494 5450; x_wconf 83' lang='grc' dir='ltr'><strong>ἀπ’</strong></span> <span class='ocrx_word' id='word_1_825' title='bbox 1522 5398 1680 5467; x_wconf 81' lang='grc' dir='ltr'>ἐμοῦ.</span> <span class='ocrx_word' id='word_1_826' title='bbox 1710 5417 1729 5450; x_wconf 77' lang='grc' dir='ltr'><strong>ι</strong></span> <span class='ocrx_word' id='word_1_827' title='bbox 1764 5400 1887 5453; x_wconf 81' lang='grc' dir='ltr'><strong>Συνο</strong></span> 
     </span>
    </p>
   </div>
   <div class='ocr_carea' id='block_1_104' title="bbox 1993 4575 3564 4653">
    <p class='ocr_par' dir='ltr' id='par_1_104' title="bbox 1993 4575 3564 4653">
     <span class='ocr_line' id='line_1_104' title="bbox 1993 4575 3564 4653; baseline 0.013 -28"><span class='ocrx_word' id='word_1_828' title='bbox 1993 4575 2266 4642; x_wconf 91' lang='lat' dir='ltr'><strong>proprium</strong></span> <span class='ocrx_word' id='word_1_829' title='bbox 2284 4575 2543 4646; x_wconf 90' lang='lat' dir='ltr'><strong>Spiritum</strong></span> <span class='ocrx_word' id='word_1_830' title='bbox 2566 4579 2682 4634; x_wconf 91' lang='lat' dir='ltr'><strong>sine</strong></span> <span class='ocrx_word' id='word_1_831' title='bbox 2701 4580 2886 4637; x_wconf 88' lang='lat' dir='ltr'><strong>labore</strong></span> <span class='ocrx_word' id='word_1_832' title='bbox 2913 4583 3172 4639; x_wconf 89' lang='lat' dir='ltr'><strong>miracula</strong></span> <span class='ocrx_word' id='word_1_833' title='bbox 3202 4587 3430 4653; x_wconf 79' lang='lat' dir='ltr'><strong>perlicit.</strong></span> <span class='ocrx_word' id='word_1_834' title='bbox 3455 4591 3564 4645; x_wconf 82' lang='lat' dir='ltr'><strong>De-</strong></span> 
     </span>
    </p>
   </div>
   <div class='ocr_carea' id='block_1_105' title="bbox 1993 4666 3563 4749">
    <p class='ocr_par' dir='ltr' id='par_1_105' title="bbox 1993 4666 3563 4749">
     <span class='ocr_line' id='line_1_105' title="bbox 1993 4666 3563 4749; baseline 0.012 -30"><span class='ocrx_word' id='word_1_835' title='bbox 1993 4668 2156 4735; x_wconf 89' lang='lat' dir='ltr'><strong>nique</strong></span> <span class='ocrx_word' id='word_1_836' title='bbox 2178 4666 2266 4721; x_wconf 91' lang='lat' dir='ltr'><strong>illa</strong></span> <span class='ocrx_word' id='word_1_837' title='bbox 2286 4668 2479 4723; x_wconf 89' lang='lat' dir='ltr'><strong>mulier</strong></span> <span class='ocrx_word' id='word_1_838' title='bbox 2503 4685 2621 4739; x_wconf 78' lang='lat' dir='ltr'><strong>qua:</strong></span> <span class='ocrx_word' id='word_1_839' title='bbox 2641 4672 2920 4739; x_wconf 86' lang='lat' dir='ltr'><strong>sanguinis</strong></span> <span class='ocrx_word' id='word_1_840' title='bbox 2941 4672 3088 4730; x_wconf 82' lang='lat' dir='ltr'><strong>ﬂuxu</strong></span> <span class='ocrx_word' id='word_1_841' title='bbox 3112 4677 3413 4749; x_wconf 88' lang='lat' dir='ltr'><strong>laborabat,</strong></span> <span class='ocrx_word' id='word_1_842' title='bbox 3441 4696 3563 4737; x_wconf 90' lang='lat' dir='ltr'><strong>cum</strong></span> 
     </span>
    </p>
   </div>
   <div class='ocr_carea' id='block_1_106' title="bbox 1995 4753 3565 4844">
    <p class='ocr_par' dir='ltr' id='par_1_106' title="bbox 1995 4753 3565 4844">
     <span class='ocr_line' id='line_1_106' title="bbox 1995 4753 3565 4844; baseline 0.011 -33"><span class='ocrx_word' id='word_1_843' title='bbox 1995 4760 2312 4814; x_wconf 89' lang='lat' dir='ltr'><strong>accessisset</strong></span> <span class='ocrx_word' id='word_1_844' title='bbox 2337 4760 2475 4815; x_wconf 90' lang='lat' dir='ltr'><strong>clam</strong></span> <span class='ocrx_word' id='word_1_845' title='bbox 2503 4777 2534 4816; x_wconf 89' lang='lat' dir='ltr'><strong>a</strong></span> <span class='ocrx_word' id='word_1_846' title='bbox 2558 4772 2729 4832; x_wconf 80' lang='lat' dir='ltr'><strong>tergo,</strong></span> <span class='ocrx_word' id='word_1_847' title='bbox 2755 4753 2896 4820; x_wconf 81' lang='lat' dir='ltr'><strong>sicut</strong></span> <span class='ocrx_word' id='word_1_848' title='bbox 2922 4768 3180 4838; x_wconf 85' lang='lat' dir='ltr'><strong>scripturn</strong></span> <span class='ocrx_word' id='word_1_849' title='bbox 3202 4771 3362 4837; x_wconf 81' lang='lat' dir='ltr'><strong>est“,</strong></span> <span class='ocrx_word' id='word_1_850' title='bbox 3389 4774 3565 4844; x_wconf 88' lang='lat' dir='ltr'><strong>tetigit</strong></span> 
     </span>
    </p>
   </div>
   <div class='ocr_carea' id='block_1_107' title="bbox 1997 4850 3564 4924">
    <p class='ocr_par' dir='ltr' id='par_1_107' title="bbox 1997 4850 3564 4924">
     <span class='ocr_line' id='line_1_107' title="bbox 1997 4850 3564 4924; baseline 0.011 -22"><span class='ocrx_word' id='word_1_851' title='bbox 1997 4850 2262 4904; x_wconf 82' lang='lat' dir='ltr'><strong>ﬁmbriam</strong></span> <span class='ocrx_word' id='word_1_852' title='bbox 2289 4852 2592 4908; x_wconf 89' lang='lat' dir='ltr'><strong>vestimenti</strong></span> <span class='ocrx_word' id='word_1_853' title='bbox 2620 4854 2737 4924; x_wconf 91' lang='lat' dir='ltr'><strong>ejus</strong></span> <span class='ocrx_word' id='word_1_854' title='bbox 2769 4871 2783 4908; x_wconf 91' lang='lat'><strong>:</strong></span> <span class='ocrx_word' id='word_1_855' title='bbox 2812 4865 2865 4911; x_wconf 90' lang='lat' dir='ltr'><strong>ct</strong></span> <span class='ocrx_word' id='word_1_856' title='bbox 2899 4859 3155 4913; x_wconf 88' lang='lat' dir='ltr'><strong>continuo</strong></span> <span class='ocrx_word' id='word_1_857' title='bbox 3190 4862 3338 4917; x_wconf 91' lang='lat' dir='ltr'><strong>stetit</strong></span> <span class='ocrx_word' id='word_1_858' title='bbox 3386 4862 3564 4919; x_wconf 82' lang='lat' dir='ltr'><strong>ﬂuxus</strong></span> 
     </span>
    </p>
   </div>
   <div class='ocr_carea' id='block_1_108' title="bbox 1995 4941 3561 5022">
    <p class='ocr_par' dir='ltr' id='par_1_108' title="bbox 1995 4941 3561 5022">
     <span class='ocr_line' id='line_1_108' title="bbox 1995 4941 3561 5022; baseline 0.008 -28"><span class='ocrx_word' id='word_1_859' title='bbox 1995 4941 2272 5009; x_wconf 87' lang='lat' dir='ltr'><strong>sanguinis</strong></span> <span class='ocrx_word' id='word_1_860' title='bbox 2314 4941 2449 5009; x_wconf 90' lang='lat' dir='ltr'><strong>ejus.</strong></span> <span class='ocrx_word' id='word_1_861' title='bbox 2478 4945 2595 5011; x_wconf 80' lang='lat' dir='ltr'><strong>Quo</strong></span> <span class='ocrx_word' id='word_1_862' title='bbox 2637 4947 2854 5016; x_wconf 85' lang='lat' dir='ltr'><strong>cognito</strong></span> <span class='ocrx_word' id='word_1_863' title='bbox 2893 4948 3143 5006; x_wconf 84' lang='lat' dir='ltr'><strong>Christus</strong></span> <span class='ocrx_word' id='word_1_864' title='bbox 3176 4968 3190 5004; x_wconf 89' lang='lat'><strong>:</strong></span> <span class='ocrx_word' id='word_1_865' title='bbox 3242 4971 3261 5004; x_wconf 82' lang='grc' dir='ltr'><strong>ι</strong></span> <span class='ocrx_word' id='word_1_866' title='bbox 3288 4953 3419 5020; x_wconf 80' lang='lat' dir='ltr'><strong>Quis</strong></span> <span class='ocrx_word' id='word_1_867' title='bbox 3456 4972 3561 5022; x_wconf 81' lang='lat' dir='ltr'><strong>tne,</strong></span> 
     </span>
    </p>
   </div>
   <div class='ocr_carea' id='block_1_109' title="bbox 2000 5032 3563 5108">
    <p class='ocr_par' dir='ltr' id='par_1_109' title="bbox 2000 5032 3563 5108">
     <span class='ocr_line' id='line_1_109' title="bbox 2000 5032 3563 5108; baseline 0.012 -23"><span class='ocrx_word' id='word_1_868' title='bbox 2000 5032 2207 5100; x_wconf 87' lang='lat' dir='ltr'><strong>inquit,</strong></span> <span class='ocrx_word' id='word_1_869' title='bbox 2257 5036 2479 5104; x_wconf 88' lang='lat' dir='ltr'><strong>tetigit?</strong></span> <span class='ocrx_word' id='word_1_870' title='bbox 2524 5054 2543 5087; x_wconf 80' lang='grc' dir='ltr'><strong>ι</strong></span> <span class='ocrx_word' id='word_1_871' title='bbox 2590 5053 2823 5108; x_wconf 91' lang='lat' dir='ltr'><strong>cumque</strong></span> <span class='ocrx_word' id='word_1_872' title='bbox 2870 5040 2937 5094; x_wconf 90' lang='lat' dir='ltr'><strong>ad</strong></span> <span class='ocrx_word' id='word_1_873' title='bbox 2986 5042 3036 5095; x_wconf 92' lang='lat' dir='ltr'><strong>id</strong></span> <span class='ocrx_word' id='word_1_874' title='bbox 3094 5044 3338 5099; x_wconf 88' lang='lat' dir='ltr'><strong>dicerent</strong></span> <span class='ocrx_word' id='word_1_875' title='bbox 3388 5053 3563 5103; x_wconf 83' lang='lat' dir='ltr'><strong>saneti</strong></span> 
     </span>
    </p>
   </div>
   <div class='ocr_carea' id='block_1_110' title="bbox 1995 5125 3561 5205">
    <p class='ocr_par' dir='ltr' id='par_1_110' title="bbox 1995 5125 3561 5205">
     <span class='ocr_line' id='line_1_110' title="bbox 1995 5125 3561 5205; baseline 0.012 -30"><span class='ocrx_word' id='word_1_876' title='bbox 1995 5125 2219 5191; x_wconf 87' lang='lat' dir='ltr'><strong>apostoli</strong></span> <span class='ocrx_word' id='word_1_877' title='bbox 2250 5142 2261 5177; x_wconf 96' lang='lat'><strong>:</strong></span> <span class='ocrx_word' id='word_1_878' title='bbox 2300 5144 2317 5176; x_wconf 79' lang='grc' dir='ltr'><strong>ι</strong></span> <span class='ocrx_word' id='word_1_879' title='bbox 2346 5125 2668 5197; x_wconf 62' lang='lat' dir='ltr'><strong>Praeceptor,</strong></span> <span class='ocrx_word' id='word_1_880' title='bbox 2704 5131 2873 5195; x_wconf 88' lang='lat' dir='ltr'><strong>vides,</strong></span> <span class='ocrx_word' id='word_1_881' title='bbox 2906 5133 3076 5188; x_wconf 71' lang='lat' dir='ltr'><strong>turba-</strong></span> <span class='ocrx_word' id='word_1_882' title='bbox 3110 5146 3162 5189; x_wconf 91' lang='lat' dir='ltr'><strong>te</strong></span> <span class='ocrx_word' id='word_1_883' title='bbox 3193 5139 3561 5205; x_wconf 89' lang='lat' dir='ltr'><strong>comprimunt</strong></span> 
     </span>
    </p>
   </div>
   <div class='ocr_carea' id='block_1_111' title="bbox 1993 5215 3564 5297">
    <p class='ocr_par' dir='ltr' id='par_1_111' title="bbox 1993 5215 3564 5297">
     <span class='ocr_line' id='line_1_111' title="bbox 1993 5215 3564 5297; baseline 0.01 -30"><span class='ocrx_word' id='word_1_884' title='bbox 1993 5225 2045 5267; x_wconf 89' lang='lat' dir='ltr'><strong>et</strong></span> <span class='ocrx_word' id='word_1_885' title='bbox 2079 5215 2360 5283; x_wconf 85' lang='lat' dir='ltr'><strong>atlligunt;</strong></span> <span class='ocrx_word' id='word_1_886' title='bbox 2398 5238 2417 5271; x_wconf 71' lang='grc' dir='ltr'><strong>ι</strong></span> <span class='ocrx_word' id='word_1_887' title='bbox 2454 5236 2667 5274; x_wconf 88' lang='lat' dir='ltr'><strong>rursum</strong></span> <span class='ocrx_word' id='word_1_888' title='bbox 2710 5223 2823 5291; x_wconf 86' lang='lat' dir='ltr'><strong>ipse</strong></span> <span class='ocrx_word' id='word_1_889' title='bbox 2849 5222 3029 5278; x_wconf 81' lang='lat' dir='ltr'><strong>dixit:</strong></span> <span class='ocrx_word' id='word_1_890' title='bbox 3067 5243 3086 5276; x_wconf 82' lang='grc' dir='ltr'><strong>ι</strong></span> <span class='ocrx_word' id='word_1_891' title='bbox 3122 5227 3323 5297; x_wconf 86' lang='lat' dir='ltr'><strong>Tetigit</strong></span> <span class='ocrx_word' id='word_1_892' title='bbox 3358 5246 3444 5285; x_wconf 85' lang='lat' dir='ltr'><strong>me</strong></span> <span class='ocrx_word' id='word_1_893' title='bbox 3467 5233 3564 5283; x_wconf 83' lang='lat' dir='ltr'><strong>ali-</strong></span> 
     </span>
    </p>
   </div>
   <div class='ocr_carea' id='block_1_112' title="bbox 1992 5308 3564 5376">
    <p class='ocr_par' dir='ltr' id='par_1_112' title="bbox 1992 5308 3564 5376">
     <span class='ocr_line' id='line_1_112' title="bbox 1992 5308 3564 5376; baseline 0.01 -18"><span class='ocrx_word' id='word_1_894' title='bbox 1992 5308 2138 5375; x_wconf 84' lang='lat' dir='ltr'><strong>quis,</strong></span> <span class='ocrx_word' id='word_1_895' title='bbox 2164 5322 2264 5376; x_wconf 85' lang='lat' dir='ltr'><strong>ego</strong></span> <span class='ocrx_word' id='word_1_896' title='bbox 2293 5311 2434 5363; x_wconf 88' lang='lat' dir='ltr'><strong>enim</strong></span> <span class='ocrx_word' id='word_1_897' title='bbox 2470 5313 2591 5365; x_wconf 88' lang='lat' dir='ltr'><strong>novi</strong></span> <span class='ocrx_word' id='word_1_898' title='bbox 2624 5313 2878 5368; x_wconf 87' lang='lat' dir='ltr'><strong>virtutem</strong></span> <span class='ocrx_word' id='word_1_899' title='bbox 2912 5331 2942 5369; x_wconf 89' lang='lat' dir='ltr'><strong>a</strong></span> <span class='ocrx_word' id='word_1_900' title='bbox 2995 5332 3080 5371; x_wconf 90' lang='lat' dir='ltr'><strong>me</strong></span> <span class='ocrx_word' id='word_1_901' title='bbox 3124 5320 3275 5373; x_wconf 83' lang='lat' dir='ltr'><strong>exire</strong></span> <span class='ocrx_word' id='word_1_902' title='bbox 3313 5321 3378 5373; x_wconf 79' lang='grc'><strong>⁸³.</strong></span> <span class='ocrx_word' id='word_1_903' title='bbox 3432 5339 3451 5372; x_wconf 75' lang='grc' dir='ltr'><strong>ι</strong></span> <span class='ocrx_word' id='word_1_904' title='bbox 3490 5323 3564 5375; x_wconf 87' lang='lat' dir='ltr'><strong>ln-</strong></span> 
     </span>
    </p>
   </div>
   <div class='ocr_carea' id='block_1_113' title="bbox 1996 5400 3556 5472">
    <p class='ocr_par' dir='ltr' id='par_1_113' title="bbox 1996 5400 3556 5472">
     <span class='ocr_line' id='line_1_113' title="bbox 1996 5400 3556 5472; baseline 0.01 -20"><span class='ocrx_word' id='word_1_905' title='bbox 1996 5400 2197 5469; x_wconf 88' lang='lat' dir='ltr'><strong>telligis</strong></span> <span class='ocrx_word' id='word_1_906' title='bbox 2234 5416 2362 5470; x_wconf 90' lang='lat' dir='ltr'><strong>ergo</strong></span> <span class='ocrx_word' id='word_1_907' title='bbox 2409 5405 2865 5472; x_wconf 88' lang='lat' dir='ltr'><strong>quemadmodum</strong></span> <span class='ocrx_word' id='word_1_908' title='bbox 2913 5421 3019 5463; x_wconf 91' lang='lat' dir='ltr'><strong>non</strong></span> <span class='ocrx_word' id='word_1_909' title='bbox 3060 5410 3168 5464; x_wconf 86' lang='lat' dir='ltr'><strong>vim</strong></span> <span class='ocrx_word' id='word_1_910' title='bbox 3216 5413 3556 5468; x_wconf 87' lang='lat' dir='ltr'><strong>extrinsecus</strong></span> 
     </span>
    </p>
   </div>
   <div class='ocr_carea' id='block_1_114' title="bbox 383 5554 1892 5637">
    <p class='ocr_par' dir='ltr' id='par_1_114' title="bbox 383 5554 1892 5637">
     <span class='ocr_line' id='line_1_114' title="bbox 383 5554 1892 5637; baseline 0.001 -29"><span class='ocrx_word' id='word_1_911' title='bbox 383 5558 429 5637; x_wconf 63' lang='grc' dir='ltr'><strong>ξ’</strong></span> <span class='ocrx_word' id='word_1_912' title='bbox 472 5555 745 5637; x_wconf 42' lang='lat' dir='ltr'><strong>Maltinus,</strong></span> <span class='ocrx_word' id='word_1_913' title='bbox 779 5554 933 5637; x_wconf 44' lang='lat' dir='ltr'><strong>8L9;</strong></span> <span class='ocrx_word' id='word_1_914' title='bbox 959 5555 1089 5609; x_wconf 86' lang='lat' dir='ltr'><strong>Luc.</strong></span> <span class='ocrx_word' id='word_1_915' title='bbox 1121 5557 1293 5637; x_wconf 34' lang='grc' dir='ltr'><strong>ηιξ-1.</strong></span> <span class='ocrx_word' id='word_1_916' title='bbox 1320 5626 1332 5637; x_wconf 38' lang='grc' dir='ltr'><strong><em>ι</em></strong></span> <span class='ocrx_word' id='word_1_917' title='bbox 1356 5557 1416 5637; x_wconf 40' lang='grc'><strong>’⁸³</strong></span> <span class='ocrx_word' id='word_1_918' title='bbox 1452 5555 1892 5637; x_wconf 36' lang='grc' dir='ltr'>ἔρωμνιιιηζξίκη</span> 
     </span>
    </p>
   </div>
   <div class='ocr_carea' id='block_1_115' title="bbox 1996 5554 3481 5637">
    <p class='ocr_par' dir='ltr' id='par_1_115' title="bbox 1996 5557 3481 5637">
     <span class='ocr_line' id='line_1_115' title="bbox 1996 5557 3481 5637; baseline 0.013 -26"><span class='ocrx_word' id='word_1_919' title='bbox 1996 5557 2176 5613; x_wconf 84' lang='lat' dir='ltr'><strong>lCor.</strong></span> <span class='ocrx_word' id='word_1_920' title='bbox 2215 5576 2313 5624; x_wconf 85' lang='lat' dir='ltr'><strong>xu,</strong></span> <span class='ocrx_word' id='word_1_921' title='bbox 2341 5561 2493 5616; x_wconf 71' lang='lat'><strong>8-10.</strong></span> <span class='ocrx_word' id='word_1_922' title='bbox 2571 5565 2616 5597; x_wconf 73' lang='grc' dir='ltr'><strong>ευ</strong></span> <span class='ocrx_word' id='word_1_923' title='bbox 2641 5565 2824 5623; x_wconf 81' lang='lat' dir='ltr'><strong>Matth.</strong></span> <span class='ocrx_word' id='word_1_924' title='bbox 2851 5583 2948 5637; x_wconf 78' lang='lat' dir='ltr'><strong>xu,</strong></span> <span class='ocrx_word' id='word_1_925' title='bbox 2977 5568 3067 5625; x_wconf 69' lang='grc' dir='ltr'>ει.</span> <span class='ocrx_word' id='word_1_926' title='bbox 3153 5571 3201 5603; x_wconf 74' lang='grc' dir='ltr'><strong>σο</strong></span> <span class='ocrx_word' id='word_1_927' title='bbox 3227 5571 3359 5628; x_wconf 90' lang='lat' dir='ltr'><strong>ibid.</strong></span> <span class='ocrx_word' id='word_1_928' title='bbox 3384 5571 3481 5630; x_wconf 75' lang='lat' dir='ltr'><strong>a7.</strong></span> 
     </span>
    </p>
   </div>
   <div class='ocr_carea' id='block_1_116' title="bbox 310 5626 1919 5693">
    <p class='ocr_par' dir='ltr' id='par_1_116' title="bbox 310 5626 1919 5693">
     <span class='ocr_line' id='line_1_116' title="bbox 310 5626 1919 5693; baseline 0 -12"><span class='ocrx_word' id='word_1_929' title='bbox 310 5627 355 5657; x_wconf 80' lang='grc'><strong>⁸⁷</strong></span> <span class='ocrx_word' id='word_1_930' title='bbox 390 5626 529 5684; x_wconf 87' lang='lat' dir='ltr'><strong>Luc.-</strong></span> <span class='ocrx_word' id='word_1_931' title='bbox 564 5643 617 5693; x_wconf 75' lang='grc' dir='ltr'><strong>κ,</strong></span> <span class='ocrx_word' id='word_1_932' title='bbox 646 5628 730 5680; x_wconf 82' lang='lat' dir='ltr'><strong>l7.</strong></span> <span class='ocrx_word' id='word_1_933' title='bbox 806 5626 850 5658; x_wconf 75' lang='grc'><strong>⁵⁸</strong></span> <span class='ocrx_word' id='word_1_934' title='bbox 876 5626 1007 5681; x_wconf 85' lang='lat' dir='ltr'><strong>Luc.</strong></span> <span class='ocrx_word' id='word_1_935' title='bbox 1038 5641 1153 5692; x_wconf 85' lang='lat' dir='ltr'><strong>vm,</strong></span> <span class='ocrx_word' id='word_1_936' title='bbox 1182 5626 1272 5691; x_wconf 78' lang='grc'>45,</span> <span class='ocrx_word' id='word_1_937' title='bbox 1307 5626 1396 5681; x_wconf 73' lang='grc'><strong>44.</strong></span> <span class='ocrx_word' id='word_1_938' title='bbox 1476 5628 1520 5659; x_wconf 74' lang='grc'><strong>⁵⁸</strong></span> <span class='ocrx_word' id='word_1_939' title='bbox 1556 5628 1684 5681; x_wconf 85' lang='lat' dir='ltr'><strong>ibid.</strong></span> <span class='ocrx_word' id='word_1_940' title='bbox 1709 5628 1797 5693; x_wconf 74' lang='grc'>45,</span> <span class='ocrx_word' id='word_1_941' title='bbox 1830 5627 1919 5681; x_wconf 75' lang='grc'><strong>46.</strong></span> 
     </span>
    </p>
   </div>
   <div class='ocr_carea' id='block_1_117' title="bbox 383 5780 2432 5853">
    <p class='ocr_par' dir='ltr' id='par_1_117' title="bbox 383 5780 2432 5853">
     <span class='ocr_line' id='line_1_117' title="bbox 383 5780 2432 5853; baseline 0.003 -21"><span class='ocrx_word' id='word_1_942' title='bbox 383 5782 460 5852; x_wconf 85' lang='lat' dir='ltr'><strong>(l)</strong></span> <span class='ocrx_word' id='word_1_943' title='bbox 497 5782 560 5838; x_wconf 82' lang='lat' dir='ltr'><strong>Et</strong></span> <span class='ocrx_word' id='word_1_944' title='bbox 591 5784 677 5839; x_wconf 86' lang='lat' dir='ltr'><strong>hic</strong></span> <span class='ocrx_word' id='word_1_945' title='bbox 713 5781 862 5839; x_wconf 91' lang='lat' dir='ltr'><strong>locus</strong></span> <span class='ocrx_word' id='word_1_946' title='bbox 888 5791 1073 5853; x_wconf 87' lang='lat' dir='ltr'><strong>aperte</strong></span> <span class='ocrx_word' id='word_1_947' title='bbox 1103 5780 1343 5839; x_wconf 84' lang='lat' dir='ltr'><strong>declarat</strong></span> <span class='ocrx_word' id='word_1_948' title='bbox 1368 5782 1628 5853; x_wconf 88' lang='lat' dir='ltr'><strong>Spiritum</strong></span> <span class='ocrx_word' id='word_1_949' title='bbox 1654 5797 1717 5838; x_wconf 80' lang='lat' dir='ltr'><strong>ex</strong></span> <span class='ocrx_word' id='word_1_950' title='bbox 1746 5781 1879 5837; x_wconf 80' lang='lat' dir='ltr'><strong>Filio</strong></span> <span class='ocrx_word' id='word_1_951' title='bbox 1919 5782 2081 5837; x_wconf 87' lang='lat' dir='ltr'><strong>etiam</strong></span> <span class='ocrx_word' id='word_1_952' title='bbox 2119 5781 2432 5851; x_wconf 85' lang='lat' dir='ltr'><strong>procedere.</strong></span> 
     </span>
    </p>
   </div>
  </div>
