4104 6336
475 360 575 416 175

1477 356 1532 412 S.
1576 354 1845 411 CYlillLl
1887 347 2348 406 ALEXANDRINI
2389 346 2682 402 AliClllEP

3619 341 3721 398 I76

472 476 719 540 ascitum,
753 477 843 528 sed
880 477 1203 530 intrinsecus
1230 486 1281 529 et
1308 491 1370 527 ex
1397 476 1572 542 seipse
1597 473 1786 527 haheat
1822 482 1876 525 ιιι
1908 485 2035 539 ope-

2150 467 2243 530 ιεὶς
2285 465 2520 535 [συνίης]
2554 461 2648 518 οῦν
2694 464 2842 526 ὅπως
2891 461 2990 514 οὐκ
3042 458 3454 529 είσκεκριμένον
3495 457 3717 523 ἔξωθεν,

475 569 580 622 rat‘i
613 577 665 621 et
692 567 900 620 cllicere
939 567 1128 636 possit,
1164 577 1217 619 et
1249 568 1314 619 ab
1347 565 1750 619 inﬁrmitatibus
1783 563 2036 617 liberare.

475 656 674 709 Scribit
703 657 866 710 etiam
894 656 1087 708 alicubi
1126 657 1314 709 beatus
1346 653 1680 721 evangelista
1709 652 1991 705 Matthzeus
2026 670 2037 703 :

479 766 494 794 ι
543 747 606 799 Et
634 747 812 799 omnis
851 747 1002 799 turba
1041 745 1317 813 quaerebat
1353 760 1474 798 eum
1503 755 1748 811 tangere,
1773 743 1898 810 quia
1934 742 2040 795 vir-

477 852 562 892 tus
607 841 672 893 de
719 839 807 892 illo
850 839 1050 901 exibat,
1111 849 1164 889 et
1215 837 1439 889 sanabat
1483 849 1671 889 omnes
1728 835 1790 887 ⁸ο.
1829 853 1846 885 ι
1886 833 2045 902 100

476 927 658 981 Virtus
691 941 820 996 ergo
851 925 966 993 ejus
1011 935 1095 980 est
1143 925 1258 990 ejus
1305 923 1589 993 Spiritus:
1635 924 1794 991 idque
1843 925 2041 976 contir-

477 1029 585 1074 mat
616 1019 804 1072 beatus
839 1018 1001 1070 David
1030 1032 1152 1070 cum
1191 1015 1324 1070 dicit
1354 1033 1366 1067 :
1403 1034 1420 1066 t
1462 1015 1640 1069 Verbo
1679 1014 1885 1068 Domini
1919 1011 2040 1067 emli

480 1111 672 1163 tirmati
720 1119 866 1173 sunt,
899 1117 952 1162 et
988 1108 1200 1175 Spiritu
1229 1107 1339 1160 oris
1389 1106 1504 1172 ejus
1534 1105 1712 1160 omnis
1745 1105 1916 1158 virtus
1947 1120 2040 1156 eo-

479 1218 592 1255 rmn
627 1203 691 1255 ⁸⁸.
745 1221 762 1251 )
797 1201 872 1255 Os
908 1208 1089 1253 autem
1124 1199 1218 1252 Dei
1254 1213 1316 1252 ac
1366 1196 1544 1252 Patris
1577 1239 1592 1263 ,
1646 1199 1820 1265 ipsum
1872 1211 1936 1250 ex
1978 1211 2042 1250 eo

479 1295 709 1348 Verbum
761 1290 1038 1361 appellat,
1083 1291 1235 1359 cujus
1283 1289 1486 1359 Spiritu
1514 1329 1529 1353 ,
1574 1304 1694 1358 qua:
1731 1303 1825 1358 per
1866 1290 2041 1356 ipsum

475 1388 612 1438 facta
669 1393 836 1447 sunt,
886 1383 1234 1437 continentur
1292 1390 1352 1435 ut
1401 1381 1722 1435 subsistant.
1774 1379 2044 1433 Hactenus

475 1475 635 1544 igitur
659 1473 768 1526 dixi
795 1471 1252 1542 quemadmodum
1281 1470 1503 1539 pietatis
1535 1470 1872 1539 mysterium,
1899 1471 2040 1538 quod

475 1568 572 1634 ipsi
609 1578 822 1634 quoque
872 1563 1211 1617 admirantur
1239 1562 1439 1633 angeli,
1495 1562 1562 1616 ad
1610 1562 1836 1616 nihilum
1878 1563 2042 1616 dedu-

473 1667 581 1724 cat,
619 1666 675 1711 et
723 1655 996 1727 negligens
1028 1655 1277 1724 dogmata
1312 1654 1589 1719 veritatis,
1645 1663 1921 1720 extenuet,
1959 1654 2040 1708 di-

476 1764 639 1803 cens:
676 1765 695 1798 ι
723 1748 887 1802 Visne
910 1756 964 1801 et
992 1746 1151 1800 aliam
1181 1747 1247 1801 ad
1281 1746 1397 1801 haec
1418 1746 1735 1814 adjiciamus
1760 1743 2043 1800 Trinitatis

2148 561 2256 614 ἀλλ’
2292 559 2504 612 οἴκοθεν
2533 558 2643 628 ἔχει
2667 557 2760 610 καὶ
2788 555 2848 620 ἐξ
2872 554 3036 610 αὑτοῦ
3069 553 3128 607 τὸ
3159 554 3402 624 ἐνεργεῖν
3431 549 3716 611 δύνασθαι,

2147 655 2237 706 καὶ
2275 651 2640 706 ἀπαλλάττειν
2663 648 3138 722 ἀρρωστημάτων.
3165 645 3372 716 Γράφει
3400 643 3458 696 δέ
3492 660 3596 696 που
3627 645 3720 695 καὶ

2144 749 2171 797 ὁ
2227 743 2496 814 μακάριος
2548 740 2942 809 εὐαγγελιστὴς
2987 737 3298 799 Ματθαῖος’
3343 754 3360 785 ι
3392 735 3502 788 Καὶ
3542 737 3648 796 πᾶς
3691 739 3719 787 ό

2145 836 2298 906 ὄχλος
2317 835 2501 906 ἐζήτει
2525 833 2794 888 ἅπτεσθαι
2820 830 3008 896 αὐτοῦ,
3029 831 3111 883 ὅτι
3137 829 3366 896 δύναμις
3401 830 3531 898 παρ’
3553 826 3719 881 αὐτοῦ

2146 929 2424 999 ἐξήρχετο,
2457 927 2554 981 καὶ
2587 929 2704 980 ίᾶτο
2742 925 2970 988 πάντας.
3001 943 3020 975 ι
3047 922 3287 992 Δύναμις
3320 917 3413 974 οὖν
3445 919 3632 983 αὐτοῦ,
3663 921 3721 970 τὸ

2148 1021 2375 1090 Πνεῦμα
2423 1019 2618 1073 αὐτοῦ·
2671 1019 2766 1071 καὶ
2799 1013 3131 1069 πιστώσεται
3168 1012 3344 1079 λέγων
3369 1012 3397 1064 ὁ
3437 1009 3721 1070 Θεσπέσιος

2147 1113 2308 1165 Δαΰίδ
2328 1128 2342 1142 ο
2381 1130 2401 1162 ι
2438 1110 2530 1181 Τῷ
2555 1109 2699 1180 λόγῳ
2734 1107 2940 1179 Κυρίου
2963 1107 3011 1159 oi
3039 1104 3256 1176 οὐρανοὶ
3284 1099 3716 1173 ἐστερεώθησαν,

2147 1203 2244 1255 καὶ
2298 1201 2377 1270 τῷ
2407 1199 2682 1270 ΙΙνεύματι
2705 1197 2800 1252 τοῦ
2832 1197 3096 1268 στόματος
3124 1193 3292 1248 αὑτοῦ
3322 1193 3473 1245 πᾶσα
3505 1192 3536 1262 ή
3563 1189 3720 1242 δύνα.

2152 1311 2242 1362 μις
2271 1293 2472 1347 αὐτῶν.
2509 1313 2527 1344 ι
2562 1290 2745 1361 Στόμα
2773 1290 2828 1342 δὲ
2859 1287 2952 1342 τοῦ
2989 1285 3127 1340 Θεοῦ
3160 1285 3255 1338 καὶ
3281 1281 3515 1353 Πατρὸς,
3547 1280 3636 1334 τὸν
3662 1279 3722 1342 ἐξ

2146 1385 2308 1438 αὐτοῦ
2359 1401 2495 1454 φησι
2545 1382 2749 1450 Λόγον,
2787 1372 2850 1433 οῦ
2901 1378 2982 1449 τῷ
3014 1375 3300 1446 Πνεύματι
3347 1373 3718 1443 διακρατεῖται

2146 1479 2282 1549 πρὸς
2308 1476 2562 1549 ὓπαρξιν,
2593 1476 2662 1530 τὰ
2699 1475 2766 1529 δι’
2806 1473 2971 1528 αὑτοῦ
3009 1471 3290 1542 γεγονότα.
3325 1468 3466 1538 Ἤδη
3504 1467 3601 1537 μὲν
3627 1463 3721 1520 οὖν

2146 1572 2283 1641 ἔφην
2316 1572 2398 1624 ὅτι
2437 1570 2536 1641 τῆς
2558 1568 2840 1631 εὐσεϐείας
2862 1565 2923 1620 τὸ
2952 1565 3270 1636 μυστήριον,
3303 1563 3331 1615 ὃ
3360 1561 3452 1614 καὶ
3476 1559 3607 1630 παρ’
3627 1560 3722 1612 αὐ-

2146 1665 2256 1726 τοῖς
2282 1661 2659 1732 τεθαύμασται
2692 1662 2808 1724 τοῖς
2838 1659 3014 1728 ἁγίοις
3057 1656 3331 1725 ἀγγέλοις,
3363 1653 3723 1722 κατακομίζει

2148 1756 2284 1825 πρὸς
2320 1755 2381 1808 τὸ
2411 1755 2597 1826 μηδὲν,
2629 1755 2727 1807 καὶ
2767 1753 2875 1806 τῶν
2905 1752 2988 1814 είς
3023 1747 3284 1818 ἀλήθειαν
3329 1745 3615 1814 δογμάτων
3659 1745 3720 1796 οὐ

474 1842 881 1912 operationem?
923 1839 1254 1894 lnhabitavit
1282 1840 1453 1895 Filius
1494 1841 1545 1894 in
1575 1854 1802 1908 corpore
1840 1852 1856 1892 :
1889 1853 2038 1893 cont-

2150 1844 2548 1917 πεφροντικὼς,
2585 1842 3016 1912 κατασμικρύνει
3041 1880 3058 1904 ,
3086 1840 3298 1909 λέγων’
3338 1858 3355 1890 ι
3393 1837 3578 1890 Βούλει
3628 1839 3723 1889 καὶ

474 1933 748 1988 ntendavit
781 1933 1116 2000 baptizatum
1175 1931 1376 1985 Pater:
1412 1930 1664 1985 formavit
1710 1930 1764 1984 in
1817 1928 2038 1998 Virgine

473 2028 728 2098 Spiritus.
765 2045 784 2078 ι
829 2025 998 2080 Porro
1029 2041 1150 2082 cum
1181 2026 1266 2080 his
1296 2040 1415 2095 qua:
1441 2041 1476 2078 a'
1521 2025 1676 2080 nobis
1699 2025 1840 2079 dicta
1890 2033 2040 2089 sunt,

473 2133 768 2189 congruere
812 2119 1130 2185 veritatem,
1185 2133 1358 2188 neque
1412 2116 1673 2172 adversus
1708 2116 1824 2184 ejus
1877 2115 2038 2172 verba

475 2213 652 2265 tictam
689 2226 785 2265 nos
815 2213 1186 2281 composuisse
1217 2210 1696 2272 declamationem,
1737 2209 1832 2263 sed
1883 2223 2042 2277 aper-

476 2314 581 2353 tam
629 2315 920 2369 veratnqne
980 2303 1411 2370 redargutionem
1451 2341 1464 2364 ,

474 2392 656 2454 faciet,
688 2407 808 2446 cum
842 2391 966 2445 alibi
1001 2393 1079 2446 sic
1115 2393 1260 2446 dicat
1290 2411 1302 2444 :

1523 2301 1638 2369 ipse
1692 2300 2037 2370 perspicuum

538 2659 777 2715 Nes'roa.
825 2659 1024 2730 [Atque
1065 2661 1466 2730 cooperationis
1510 2659 1664 2728 hujus
1699 2661 1922 2714 evidens
1951 2671 2036 2716 est

473 2761 847 2823 argumentum
877 2769 890 2804 :
918 2753 1086 2807 Filius
1107 2765 1188 2806 est
1212 2752 1386 2808 factus
1416 2754 1597 2818 homo,
1631 2752 1790 2806 Pater
1815 2753 1866 2806 in
1892 2753 2035 2805 thro-

474 2842 871 2908 noeolloeavit,
902 2844 1135 2914 Spiritus
1165 2844 1333 2913 signis
1369 2841 1720 2913 houestavit.}

1134 2957 1280 3012 CAP.
1315 2955 1376 3013 Il.

541 3086 622 3140 An
655 3097 779 3135 vero
817 3076 1042 3147 posthac
1089 3073 1327 3140 ambiget.
1376 3071 1663 3141 quisquam
1688 3111 1702 3136 ,
1745 3072 2040 3126 sententia-

2144 1936 2310 2007 ἄλλην
2359 1937 2452 1990 ἐπὶ
2493 1935 2707 1999 τούτοις
2756 1936 2940 1998 αὐτοῖς
2989 1933 3088 2002 τῆς
3134 1931 3368 2004 Τριάδος
3409 1931 3722 1999 ἐνέργειαν,

2158 2025 2463 2095 Ἐνῴκησεν
2484 2027 2512 2079 ὁ
2540 2025 2667 2089 Υἱὸς
2688 2026 2746 2078 ἐν
2765 2023 2844 2094 τῷ
2865 2022 3074 2093 σώματι
3092 2039 3106 2052 ’
3134 2021 3463 2092 συνέστησεν
3483 2019 3514 2072 ό
3533 2018 3721 2087 Πατὴρ

2144 2116 2540 2189 βαπτιζόμενον
2563 2134 2578 2149 ο
2606 2115 2895 2170 διέπλασεν
2940 2115 3000 2167 ἐν
3029 2113 3296 2186 Παρθένῳ
3313 2111 3372 2165 τὸ
3416 2109 3661 2181 Πνεῦμα.
3696 2127 3718 2160 ›

2143 2210 2266 2262 Ὅτι
2291 2209 2346 2263 δὲ
2371 2211 2486 2274 τοῖς
2516 2209 2651 2280 πρὸς
2678 2208 2837 2280 ήμῶν
2859 2205 3172 2278 εἰρημένοις
3202 2205 3394 2274 ἕψεται
3414 2203 3478 2273 δὴ
3504 2203 3721 2266 πάντως

2141 2299 2201 2352 τὸ
2225 2299 2446 2370 ἀληθὲς,
2487 2301 2583 2354 καὶ⁹
2607 2300 2668 2353 οὐ
2700 2298 2862 2370 ψιλὴν
2903 2297 3245 2369 κατάρῤυσιν
3275 2295 3391 2368 [ἵσ.
3428 2295 3723 2366 κατάῤῥη-

2143 2388 2248 2460 σιν]
2283 2389 2390 2443 τῶν
2406 2389 2571 2444 αὑτοῦ
2590 2388 2936 2459 πεποιήμεθα
2961 2387 3156 2456 λόγων,
3178 2385 3398 2456 ἔλεγχον
3419 2384 3478 2438 δὲ
3520 2384 3722 2454 μᾶλλον

2153 2481 2297 2552 σαφῆ
2327 2499 2390 2534 τε
2422 2480 2518 2536 καὶ
2553 2481 2750 2552 ἀληθῆ,
2785 2479 3034 2546 διαδείξει
3075 2479 3130 2533 δὲ
3161 2477 3274 2550 [Ῑσ.
3301 2477 3391 2550 δὴ]
3420 2476 3592 2546 λέγων
3625 2477 3724 2529 αὑ-

2148 2572 2238 2635 τὸς
2257 2574 2315 2627 ἐν
2344 2573 2554 2644 ἑτέροις
2568 2574 2686 2629 ὡδί.

2212 2666 2356 2738 [Καὶ
2385 2668 2488 2739 τῆς
2515 2667 2888 2740 συνεργείαςή
2917 2665 3191 2732 ἀπόδειξις
3221 2663 3486 2737 πρόδηλος
3505 2677 3520 2693 ·
3548 2662 3578 2715 ό
3603 2663 3723 2726 Υἱὸς

2146 2761 2593 2833 ἐνηνορὼπησεν·
2652 2762 2682 2814 ό
2731 2759 2922 2830 Πατὴρ
2977 2757 3336 2830 ἐνεθρόνησεο
3381 2755 3446 2813 τὸ
3495 2755 3722 2825 Πνεῦμα

2152 2853 2398 2924 σημείοις
2420 2851 2731 2924 ἐσέμνυνε]

2753 2966 3003 3018 ΚΕΦΛΛ.
3046 2962 3120 3015 Ii'.

2221 3053 2346 3130 Ἆρ’
2392 3054 2487 3112 οῦν
2531 3057 2857 3111 ἐνδοιάσειεν
2903 3054 2971 3108 ἂν
3013 3054 3108 3107 καὶ
3144 3053 3285 3124 μετά
3315 3051 3470 3107 τοῦτό
3505 3068 3608 3117 τις,
3638 3052 3724 3105 ὅτι

473 3191 590 3231 rum
622 3173 738 3242 ejus
771 3168 1124 3223 intentionem
1156 3163 1224 3216 ad
1275 3161 1549 3216 inscitiam
1595 3162 1756 3216 simul
1799 3162 2043 3231 impieta-

2150 3151 2257 3204 τῶν
2288 3149 2507 3205 ἐννοιῶν
2535 3152 2563 3204 ὁ
2597 3147 2799 3212 σκοπὸς
2839 3146 3010 3217 αὐτῷ,
3036 3146 3173 3216 πρὸς
3204 3144 3446 3215 ἀμαθίαν
3474 3160 3535 3196 τε
3585 3143 3723 3214 ὁμοῦ

475 3279 690 3335 temque
718 3269 982 3332 spectare,
1018 3265 1072 3310 et
1101 3254 1362 3310 adversus
1391 3253 1610 3321 pietatis
1643 3253 1894 3321 dogmata
1917 3267 2040 3307 eum

476 3361 732 3413 audacter
758 3347 1074 3419 insurgere?
1125 3345 1218 3415 qui
1268 3346 1408 3399 sicut
1455 3344 1627 3412 ipsum
1660 3341 1755 3399 Dei
1808 3344 2041 3397 Verbum

475 3462 593 3502 esse
619 3456 832 3499 carnem
857 3438 1055 3492 factum
1083 3435 1246 3488 stulte
1267 3432 1542 3501 rejiciens,
1567 3442 1848 3502 operatum
1876 3432 2042 3487 fuisse

475 3543 551 3594 ait
581 3539 724 3592 illam
757 3528 1206 3587 inhabitationem
1231 3528 1282 3578 in
1322 3525 1572 3590 homine;
1618 3525 1691 3579 ita
1727 3540 1916 3579 rursus
1950 3540 2040 3579 ac-

476 3631 604 3701 cipit
637 3625 778 3697 quod
819 3623 980 3678 homo
1002 3619 1178 3673 factus
1204 3625 1284 3672 est
1321 3633 1334 3670 :
1366 3616 1612 3684 quamvis
1653 3615 1918 3671 universa:
1950 3632 2044 3685 per

476 3725 660 3778 urbem
690 3729 960 3773 terrarum
1009 3721 1211 3766 sancta
1256 3708 1537 3774 Ecclesiae,
1583 3717 1640 3764 et
1678 3708 1777 3778 ipsi
1826 3723 2045 3763 venera-

477 3816 612 3870 biles
643 3813 832 3866 Patres
861 3806 950 3876 qui
992 3810 1155 3858 rectae
1181 3809 1236 3856 et
1280 3799 1640 3855 immaculata:
1685 3801 1809 3855 tidei
1848 3800 2043 3856 delini-

480 3910 679 3963 tionem
712 3901 864 3958 nobis
910 3896 1219 3960 ediderunt,
1273 3902 1466 3948 saneto
1488 3891 1693 3961 Spiritu
1737 3891 1790 3946 in
1835 3891 1915 3947 eis
1963 3891 2042 3945 lo-

479 4004 714 4067 quente,
767 3992 1104 4045 incarnatum
1135 3997 1257 4038 esse
1290 3991 1346 4036 et
1394 3981 1667 4036 hominem
1705 3981 1908 4035 factum
1952 3979 2042 4034 Dei

481 4087 738 4148 Verbum,
766 4096 868 4134 non
893 4078 1036 4132 aliud
1063 4088 1185 4129 esse
1210 4073 1532 4143 intelligant,
1561 4073 1664 4128 nisi
1700 4071 1899 4127 factum
1927 4086 2047 4126 esse

479 4177 646 4234 nostri
676 4172 907 4230 similem
941 4168 1210 4223 hominem
1238 4205 1255 4229 ,
1292 4174 1348 4219 et
1389 4164 1687 4219 secundum
1719 4176 1937 4218 carnem
1977 4177 2044 4216 ex

480 4266 709 4323 muliere
737 4270 944 4324 natum,
975 4258 1100 4328 quia
1133 4257 1410 4311 nobisemn
1447 4252 1623 4309 factus
1654 4263 1741 4309 est
1769 4251 1870 4308 sub
1908 4251 2044 4321 lege,

478 4360 570 4429 qui
603 4367 854 4424 tanquam
885 4350 1026 4404 Deus
1048 4357 1132 4403 est
1157 4361 1317 4417 supra
1347 4346 1542 4416 legem.
1578 4345 1845 4412 Quoniam
1891 4359 2042 4410 vero,

479 4461 538 4504 ut
567 4449 761 4518 saepius
798 4444 932 4508 dixi,
961 4441 1013 4496 id
1043 4440 1144 4510 ipsi
1176 4437 1511 4510 propositum
1538 4447 1642 4501 est,
1675 4447 1734 4490 ut
1762 4437 2042 4492 veritatem

2150 3243 2243 3296 καὶ
2280 3240 2605 3312 ἀνοσιότητα
2650 3239 2876 3310 βλέπει,
2917 3238 3012 3292 καὶ
3050 3235 3158 3290 τῶν
3184 3235 3287 3306 τῆς
3326 3234 3605 3297 εὐσεϐείας
3633 3234 3723 3287 δο-

2150 3332 2376 3404 γμάτων
2406 3329 2914 3402 καταθρασύνεται;
2953 3327 3143 3398 ὥσπερ
3174 3325 3235 3378 τὸ
3261 3324 3513 3393 γενέσθαι
3545 3324 3724 3395 σάρκα

2148 3425 2238 3478 τὸν
2265 3422 2361 3478 τοῦ
2407 3420 2544 3476 Θεοῦ
2574 3421 2767 3490 Λόγον,
2799 3418 3074 3482 ἀσυνέτως
3113 3414 3379 3478 ἐκϐαλὼν,
3428 3414 3724 3484 ἐνεργῆσαί

2151 3533 2317 3587 φησιν
2346 3516 2426 3579 εἰς
2455 3513 2744 3584 ἄνθρωπον
2773 3509 2872 3582 τὴν
2893 3507 3186 3577 ἐνοίκησιν,
3218 3504 3363 3558 οῦτω
3385 3503 3450 3575 δὴ
3474 3503 3636 3556 πάλιν
3663 3504 3724 3556 τὸ

2150 3607 2562 3680 ἐνανθρωπῆσαι
2583 3605 2795 3677 δέχεται
2811 3619 2824 3631 ·
2841 3601 3020 3656 καίτοι
3050 3597 3160 3651 τῶν
3181 3597 3286 3651 ἀνά
3309 3596 3489 3649 πᾶσαν
3509 3594 3606 3665 τὴν
3632 3593 3722 3646 ὑπ’

2150 3699 2375 3768 οὐρανὸν
2409 3697 2580 3766 ἁγίων
2607 3692 2968 3765 Ἐκκλησιῶν,
2991 3690 3085 3744 καὶ
3112 3687 3293 3744 αὐτῶν
3314 3688 3371 3741 δὲ
3404 3686 3514 3740 τῶν
3554 3684 3722 3740 ἀοιδί-

2157 3809 2271 3862 μων
2296 3787 2640 3859 Πατέρων,ο’ί
2673 3786 2765 3838 τὸν
2793 3785 2892 3854 τῆς
2919 3781 3082 3854 ὀρθῆς
3109 3797 3168 3833 τε
3189 3779 3284 3832 καὶ
3301 3777 3606 3847 ἀμωμήτου
3636 3775 3724 3828 πί-

2154 3897 2321 3943 στεως
2351 3881 2476 3950 ὅρον
2501 3879 2635 3948 ἡμῖν
2663 3875 2984 3946 ἐξήνεγκαν,
3015 3868 3303 3932 λαλοῦντος
3331 3868 3391 3920 ἐν
3419 3867 3602 3928 αὐτοῖς
3629 3863 3724 3918 τοῦ

2154 3973 2308 4040 ἁγίου
2341 3969 2682 4040 Πνεύματος,
2719 3966 2780 4020 τὸ
2821 3960 3174 4036 σαρκωθῆναί
3208 3977 3269 4014 τε
3316 3957 3414 4012 καὶ
3455 3956 3725 4027 ἐνανθρω-

2154 4064 2324 4134 πῆσαι
2351 4062 2440 4114 τὸν
2468 4059 2562 4113 τοῦ
2594 4057 2728 4112 Θεοῦ
2759 4057 2954 4125 Λόγον,
2981 4051 3132 4106 οὐδὲν
3161 4049 3350 4120 ἕτερον
3386 4043 3527 4101 εἶναι
3551 4045 3728 4100 νοούν-

2151 4171 2280 4220 των,
2304 4151 2443 4222 πλὴν
2464 4151 2546 4204 ὅτι
2575 4149 2734 4220 μόνον
2755 4147 2816 4200 τὸ
2838 4143 3093 4215 γενέσθαι
3112 4140 3232 4196 καθ’
3260 4141 3406 4210 ἡμᾶς
3416 4138 3723 4208 ἄνθρωπον,

2153 4240 2520 4312 ἁποτεχθῆναί
2563 4256 2625 4292 τε
2662 4237 2805 4292 κατά
2847 4235 3029 4306 σάρκα
3069 4233 3136 4286 ἐκ
3175 4229 3454 4300 γυναικὸς,
3496 4227 3578 4281 ὅτι
3630 4227 3724 4278 καί

2152 4334 2342 4402 γέγονε
2378 4331 2496 4403 μεθ’
2521 4328 2683 4401 ἡμῶν
2713 4328 2816 4382 ὑπὸ
2845 4326 3028 4396 νόμον,
3054 4326 3083 4378 ό
3120 4323 3260 4393 ὑπὲρ
3281 4321 3444 4392 νόμον
3469 4318 3543 4382 ὡς
3568 4318 3720 4381 Θεός.

2166 4427 2384 4498 Ἐπειδὴ
2420 4427 2478 4480 δὲ
2521 4426 2597 4487 ὡς
2636 4423 2736 4494 ’ήδη
2773 4420 3092 4482 πλειστάκις
3138 4417 3298 4488 ἔφην,
3337 4412 3536 4476 σκοπὸς
3576 4410 3724 4480 αᾷτῷ

483 4503 739 4604 intirniet,
774 4537 875 4592 hac
898 4535 964 4588 de
993 4547 1156 4588 causa
1183 4531 1473 4600 etquidem
1505 4530 1761 4584 audacter
1785 4528 1934 4582 solus
1959 4545 2043 4582 re—

2155 4521 2453 4594 πα¹ραλύειν
2477 4518 2576 4589 τὴν
2596 4515 2873 4588 ἀλήθειαν,
2895 4513 3069 4584 ταύτῃ
3084 4527 3167 4564 τοι
3181 4509 3276 4562 καὶ
3298 4506 3444 4579 μάλα
3465 4503 3726 4566 νεανικῶς

485 4635 757 4695 luctatur,
807 4635 862 4682 et
905 4640 1029 4681 eum
1079 4623 1320 4678 omnium
1376 4621 1644 4676 sententia
1691 4630 1942 4690 pugnat,
1997 4629 2049 4674 et

483 4726 746 4780 adversus
768 4715 1094 4774 ineﬂ'abilem
1131 4713 1356 4786 gloriam
1386 4726 1535 4766 arma
1565 4721 1780 4776 movet;
1821 4720 1875 4765 et
1899 4711 2043 4780 quod

490 4815 590 4884 ipsi
645 4811 854 4879 solique
889 4807 1069 4879 placet
1123 4804 1270 4860 velut
1313 4802 1638 4872 quisquilias
1691 4803 1962 4870 quasdam
1998 4802 2048 4855 in

482 4906 576 4960 Dei
627 4899 900 4957 Ecclesias
955 4895 1211 4953 invehere
1287 4902 1564 4950 conatur:
1630 4892 1864 4948 allirmat
1904 4894 2048 4948 enim

480 4999 617 5056 nihil
667 4994 812 5049 aliud
835 5006 958 5048 esse
1007 4986 1456 5044 humanationem
1533 4985 1637 5042 nisi
1703 4986 2052 5042 inhabitatio-

483 5106 664 5156 nem,
748 5101 852 5141 non
903 5082 1048 5152 quod
1103 5078 1284 5134 carnis
1357 5077 1744 5147 et'sanguinis
1807 5077 2055 5133 similiter

480 5196 545 5234 ac
595 5192 694 5232 nos
742 5173 1010 5244 particeps
1047 5168 1162 5223 ﬁeri
1222 5167 1452 5222 voluerit
1521 5169 1694 5237 ipsum
1752 5168 1845 5223 Dei
1895 5167 2047 5237 ιο]

482 5268 719 5324 Verbum
775 5280 790 5330 ;
852 5260 1058 5316 tametsi
1137 5261 1190 5313 in
1247 5260 1499 5314 omnibus
1550 5259 1755 5314 sanetis
1815 5260 2052 5314 homini-

481 5362 584 5416 bus
623 5353 915 5418 habitarit,
953 5360 1008 5406 et
1047 5350 1220 5406 adhuc
1261 5350 1525 5406 inhabitet
1565 5351 1742 5419 ipsum
1780 5350 2046 5417 Verbum,

482 5448 648 5507 semel
683 5456 861 5500 autem
897 5443 969 5498 sit
1001 5441 1198 5496 factum
1232 5439 1285 5495 in
1319 5440 1542 5506 nostris,
1570 5448 1626 5495 et
1657 5439 1805 5494 carni
1841 5440 1932 5494 uni
1965 5453 2047 5494 se-

482 5543 715 5596 cundum
754 5533 1083 5606 hypostasim
1117 5531 1620 5597 communicaverit,
1657 5531 1710 5584 in
1743 5545 1849 5600 qua
1883 5533 2044 5584 etiam

482 5650 579 5705 pro
624 5633 776 5686 nobis
824 5638 1064 5684 mortuus
1106 5640 1226 5683 esse
1273 5637 1326 5682 et
1371 5626 1755 5696 resurrexisse
1783 5626 2046 5692 creditur,

557 5795 600 5828 '°
623 5790 734 5848 lmo
753 5789 882 5847 Luc.
916 5806 989 5857 Vl,
1025 5791 1111 5846 l‘J.
1185 5789 1225 5821 “
1259 5785 1400 5844 Psal.
1430 5801 1604 5855 χχιιι,
1631 5787 1682 5840 6.

2153 4613 2397 4684 ἀνταίρει
2448 4611 2605 4682 μόνος
2629 4649 2644 4671 ,
2692 4608 2784 4662 καὶ
2831 4607 2955 4668 ταῖς
2990 4605 3245 4658 ἁπάντων
3291 4598 3525 4670 μάχεται
3579 4595 3724 4663 γνώο

2157 4723 2306 4779 μαις,
2323 4705 2416 4759 καὶ
2444 4704 2584 4757 κατὰ
2603 4701 2703 4771 τῆς
2729 4699 2968 4772 ἀρῤήτου
2988 4694 3145 4766 δόξης
3170 4694 3236 4747 τὰ
3265 4690 3403 4746 ὅπλα
3426 4691 3599 4743 κινεῖ·
3631 4689 3725 4740 καὶ

2151 4800 2215 4853 τὸ
2265 4796 2413 4867 αὐτῷ
2467 4795 2563 4848 καὶ
2615 4793 2762 4865 μόνῳ
2812 4789 3025 4854 δοκοῦν,
3063 4785 3329 4858 συρφετὸν
3383 4781 3572 4851 ὥσπερ
3604 4781 3726 4832 τινὰ

2154 4891 2274 4952 ταῖς
2308 4885 2660 4956 Ἐκκλησίαις
2690 4881 2786 4936 τοῦ
2815 4879 2954 4935 Θεοῦ
2987 4877 3397 4950 παρεισκρίνειν
3422 4875 3723 4944 ἐπιχειρεῖ·

2153 4979 2544 5051 διῖσχυρίζεται
2592 4976 2702 5046 γὰρ
2737 4972 3011 5045 ἐνοίκησιν
3048 4965 3189 5024 εἷναι
3230 4969 3329 5038 τὴν
3380 4963 3727 5036 ἐνανθρώπη-

2157 5089 2275 5126 σιν·
2321 5071 2416 5125 καὶ
2461 5069 2581 5140 οὐχὶ
2623 5068 2691 5138 δὴ
2727 5067 2925 5138 μᾶλλον
2951 5064 3032 5130 τὸ,
3081 5064 3310 5134 αἵματος
3357 5059 3452 5113 καὶ
3502 5055 3727 5127 σαρκὸς,

2155 5162 2552 5235 παραπλησίως
2601 5163 2736 5232 ἡμῖν
2790 5158 3083 5231 μετασχεῖν
3123 5153 3338 5208 ἑλέσθαι
3368 5151 3459 5204 τὸν
3500 5151 3564 5202 ὲκ
3591 5148 3724 5200 Θεοῦ

2154 5257 2326 5324 Λόγον
2347 5272 2361 5286 ·
2394 5254 2488 5308 καί
2511 5271 2595 5307 τοι
2621 5253 2756 5306 πᾶσι
2809 5250 2906 5323 μὲν
2948 5251 3059 5312 τοῖς
3095 5246 3271 5316 ἁγίοις
3301 5239 3636 5312 ἐνῳκηκότος
3669 5256 3726 5291 τε

2156 5349 2250 5403 καὶ
2279 5345 2614 5411 ἐνοικοῦντος
2638 5345 2718 5398 ἔτι
2742 5343 2835 5398 τοῦ
2867 5342 3070 5410 Λόγου·
3107 5336 3390 5409 γεγονότος
3417 5334 3471 5386 δὲ
3503 5328 3649 5395 ἅπαξ
3673 5333 3729 5382 ἐν

2157 5443 2269 5506 τοῖς
2303 5439 2422 5493 καθ’
2447 5440 2615 5511 ἡμᾶς,
2645 5436 2741 5491 καὶ
2770 5434 2934 5506 σαρκὶ
2961 5433 3060 5504 μιᾷ
3085 5429 3206 5484 καθ’
3229 5429 3523 5482 ὑπόστασιν
3553 5439 3727 5476 κεκοι-

2157 5532 2480 5602 νωνηκότος,
2511 5530 2634 5584 καθ’
2663 5530 2728 5599 ἢν
2758 5528 2853 5583 καὶ
2878 5525 3019 5596 ὑπὲρ
3045 5521 3205 5595 ήμῶν
3229 5517 3521 5574 ἀποθανεῖν
3554 5531 3612 5568 τε
3636 5513 3730 5565 καὶ

2157 5624 2452 5698 ἐγηγέρθαι
2500 5622 2833 5690 πιστεύεται,
2867 5615 3028 5686 σαρκὶ
3061 5610 3326 5669 πέπονθεν
3359 5607 3648 5663 ἐκών.”οτι
3674 5603 3732 5657 δὲ
