4104 6336
356 373 452 429 177

1405 372 1786 432 ADVERSUS
1824 373 2229 431 NESTORIUM
2272 372 2397 428 LIB.
2445 371 2534 428 IV.

3521 377 3620 433 178

352 493 447 547 καὶ
495 492 623 563 εἰκῆ
667 492 1039 565 παραρῤίπτει
1070 494 1282 562 λόγους,
1312 496 1405 548 καὶ
1450 497 1550 567 τῆς
1595 497 1705 549 τῶν
1751 495 1930 566 φωνῶι.

2048 503 2238 565 sponte
2273 508 2437 550 carne
2472 507 2663 562 passus
2695 500 2796 547 est.
2832 491 3000 546 Porro
3033 489 3180 544 illum
3218 497 3423 546 temere
3456 498 3618 548 verba

353 585 585 649 ἀτοπίας
626 585 787 655 ὀλίγα
821 585 1220 655 πεφροντικὼς,
1262 587 1510 656 σημείοις
1544 587 1680 656 φησὶ
1712 590 1824 651 τοῖς
1851 588 1939 641 διὰ

354 674 451 729 τοῦ
492 675 810 746 Πνεύματος
840 677 1345 747 κατασεμνύνεσθαι
1378 678 1469 731 τὸν
1498 678 1752 750 Χριστὸν,
1785 680 1815 731 6
1845 696 1937 747 γε-

356 768 529 835 γονὼς
546 770 679 838 ἡμῖν
706 768 957 839 ἔναγχος,
984 768 1080 823 καὶ
1104 768 1368 842 διαρκῶς,
1398 769 1474 833 ὥς
1490 787 1554 839 γε
1571 766 1745 840 οἶμαι,
1770 769 1937 834 ἔδειξε

354 860 539 929 λόγοςλ·
581 860 987 930 βασανίζωμεν,
1017 863 1067 915 εἰ
1094 861 1259 928 δοκεῖ,
1286 862 1385 925 τὰς
1412 862 1607 933 ἐτέρας
1634 862 1799 915 αὑτοῦ
1828 880 1938 932 φω-

353 956 472 1018 νάς.
500 974 519 1006 ι
561 956 620 1008 Ὀ
645 955 856 1027 Πατὴρ,
891 957 1044 1026 φησὶ,
1076 954 1373 1025 συνέστησε
1393 971 1405 984 '
1436 974 1454 1007 ι
1481 955 1543 1008 τὸ
1567 957 1666 1025 μὲν
1681 950 1796 1019 οὖν,
1817 972 1939 1007 συν-

355 1048 605 1117 ἐστησεν,
634 1047 663 1101 ὃ
694 1048 745 1099 τί
772 1047 906 1100 ποτέ
950 1049 1101 1101 ἐστιν
1142 1048 1202 1101 ἐν
1239 1047 1448 1111 τούτοις
1490 1048 1591 1101 οὐκ
1640 1045 1707 1099 ἂν
1759 1046 1937 1117 ἔχοιμι

352 1139 521 1188 νοεῖν·
553 1137 652 1189 καὶ
674 1139 785 1209 γάρ
810 1138 958 1191 ἐστιν
981 1137 1431 1209 ὁμολογουμένως
1484 1139 1718 1209 ἀγοραία
1755 1156 1815 1190 τε
1844 1138 1937 1191 καὶ

353 1226 696 1297 ἁγυρτώδης,
745 1229 839 1281 καὶ
882 1228 1170 1300 τερθρείας
1228 1230 1504 1299 ἰδιωτικῆς
1552 1230 1856 1301 ἀνάμεστος
1904 1230 1935 1298 ἡ

353 1318 506 1388 φωνή
526 1333 540 1348 ο
573 1319 713 1390 πλὴν
741 1315 895 1390 οἶμαι
916 1320 1111 1391 δηλοῦν
1150 1321 1359 1374 ἐθέλειν
1380 1322 1533 1388 αὐτὸ,
1550 1321 1630 1387 τὸ,
1651 1322 1932 1392 παρέθετο,

353 1407 489 1479 φέρε
515 1409 712 1472 εἰπεῖν,
743 1411 912 1480 ἦγουν
944 1410 1359 1482 μεμαρτύρηκε.
1384 1411 1507 1474 Πῶς
1531 1408 1645 1476 οὖν,
1675 1412 1796 1465 εἰπέ
1823 1429 1932 1481 μοι,

356 1499 683 1569 συνέστησεν
710 1502 739 1554 6
768 1501 980 1571 Πατὴρ,
1010 1502 1335 1571 ἐνοικήσεως
1362 1501 1512 1563 θείας
1543 1502 1876 1571 ἡξιωμένονς
1901 1502 1932 1570 ἢ

353 1590 513 1643 τοῦτο
544 1590 643 1662 μὲν
667 1592 869 1661 ἤκιστά
900 1609 965 1660 γε
985 1609 1001 1624 ο
1035 1592 1310 1657 κατέδειξε
1346 1592 1401 1645 δὲ
1437 1594 1637 1662 μᾶλλον
1675 1593 1937 1664 ἐνανθρω-

355 1683 603 1751 πὴσαντα
631 1684 720 1736 τὸν
750 1684 879 1736 ἴδιον
900 1685 1049 1748 Υἰὸν,
1077 1684 1428 1754 μεμενηκότα
1455 1685 1513 1738 δὲ
1543 1684 1637 1737 καὶ
1664 1687 1720 1737 ἐν
1750 1686 1933 1751 σαρκὶ,

353 1773 501 1825 τοῦθ’
534 1774 672 1844 ὅπερ
715 1770 785 1844 ἦν
821 1791 906 1837 τε,
943 1775 1038 1828 καὶ
1074 1776 1208 1838 1ἐστι,
1246 1776 1339 1828 καί
1376 1775 1551 1835 ἔσται,
1584 1776 1718 1828 Θεὸν
1748 1777 1935 1846 δηλον-

2040 589 2269 657 jactare,
2294 595 2350 641 et
2372 586 2440 640 de
2464 600 2654 640 vocum
2680 583 3016 639 absurditate
3040 598 3230 651 parum
3256 598 3472 647 curare,
3498 600 3618 637 cum

2043 682 2194 743 dicit,
2217 679 2385 748 signis
2413 693 2508 748 per
2531 678 2793 746 Spiritum
2816 676 2977 731 editis
3000 675 3276 730 honestari
3303 675 3615 743 Christum;

2043 772 2288 838 proximo
2322 768 2587 838 superiori
2623 782 2874 823 sermone
2908 767 3064 829 satis,
3099 776 3159 820 ut
3191 769 3403 835 opinor,
3437 778 3618 822 osten-

2042 864 2218 916 dimus
2256 878 2270 915 :
2309 861 2491 928 itaque
2526 860 2761 928 reliquas
2794 859 2911 927 ejus
2945 873 3131 924 voces,
3171 860 3215 912 si
3253 860 3458 927 placet,
3491 876 3620 914 exa-

2043 949 2549 1018 niiuetnus.cPater,
2575 952 2768 1019 inquit,
2788 952 3218 1017 commendavit;
3246 970 3263 1003 ι
3298 967 3361 1005 ac
3391 953 3615 1007 verbum

2040 1046 2474 1110 commendandi,
2503 1046 2759 1115 quidnam
2788 1047 2890 1100 hoc
2915 1047 3035 1101 loco
3061 1047 3152 1109 sit,
3184 1046 3485 1115 intelligere
3512 1065 3616 1101 non

2041 1152 2256 1204 possum
2292 1154 2306 1190 :
2341 1151 2462 1189 nam
2496 1150 2559 1189 ea
2589 1150 2694 1189 vox
2724 1150 2754 1188 e
2788 1136 2979 1189 mediis
3015 1136 3269 1191 nundinis
3300 1147 3412 1200 est,
3444 1149 3498 1192 et
3528 1140 3616 1191 vili

2044 1228 2301 1283 concinne
2341 1238 2396 1281 et
2459 1227 2669 1297 plebeia
2727 1229 3017 1297 nugatione
3057 1228 3249 1297 plena;
3297 1233 3390 1285 sed
3435 1239 3615 1285 tamen

2041 1328 2167 1385 puto
2197 1317 2529 1387 signiﬁcare,
2561 1318 2830 1387 deposuit,
2861 1318 3012 1371 verbi
3036 1322 3229 1385 gratia,
3260 1320 3363 1385 vel,
3389 1331 3618 1375 testatus

2039 1419 2141 1465 est.
2180 1410 2459 1476 Quomodo
2502 1410 2685 1480 igitur,
2728 1425 2857 1479 rogo
2900 1421 2975 1475 te,
3014 1414 3417 1467 commendavit
3459 1414 3618 1467 Pater

2040 1501 2311 1556 hominem
2344 1501 2732 1557 inhabitatione
2759 1503 2938 1557 divina
2968 1503 3287 1573 dignatum?
3313 1520 3380 1559 an
3409 1520 3535 1559 vero
3563 1506 3616 1559 id

2040 1593 2283 1657 minime,
2311 1593 2405 1647 sed
2434 1594 2673 1649 05tendit
2703 1595 2883 1663 petius
2913 1597 3189 1665 proprium
3219 1594 3410 1649 Filium
3440 1596 3616 1650 homi-

2039 1696 2158 1735 nem
2204 1681 2436 1746 factum,
2479 1692 2785 1738 manentem
2832 1694 3007 1739 tamen
3053 1685 3217 1739 etiam
3260 1684 3313 1738 in
3359 1699 3523 1739 carne
3565 1686 3615 1739 id

2039 1772 2213 1840 ipsum
2255 1772 2396 1838 quod
2436 1782 2589 1834 erat,
2635 1782 2687 1828 et
2730 1782 2845 1838 est,
2889 1783 2943 1827 et
2990 1774 3124 1836 erit,
3172 1787 3365 1841 nempe
3412 1773 3617 1827 Deum?

355 1866 465 1917 ότι.
496 1884 515 1917 ι
541 1866 747 1935 Ἰησοῦς
796 1866 905 1937 γὰρ
945 1868 1177 1937 Χριστὸς
1218 1870 1246 1921 6
1293 1869 1440 1940 χθὲς,
1481 1869 1576 1922 καὶ
1623 1844 1930 1940 σήμερον,ὀ

2044 1882 2063 1916 ι
2094 1863 2253 1921 Jesus
2281 1865 2530 1920 Christus
2560 1865 2705 1918 enim
2737 1865 2851 1919 heri
2881 1873 2937 1918 et
2969 1864 3149 1930 hodie,
3179 1864 3319 1918 idem
3348 1871 3405 1917 et
3432 1863 3483 1916 in
3512 1878 3616 1918 sa:-

353 1958 517 2020 αὺτὸς
540 1958 635 2010 καὶ
663 1959 742 2021 εἰς
764 1959 891 2022 τοὺς
910 1960 1129 2023 αἰῶνας.
1155 1979 1173 2012 ι
1200 1961 1334 2031 Φέρε
1359 1961 1539 2014 τοίνυν
1564 1962 1660 2023 τὰς
1688 1962 1936 2033 ἐπάὐτῷ

353 2049 904 2121 πολυπραγμονῶμεν
934 2053 1136 2120 φωνάς.
1170 2054 1236 2107 Τί
1270 2072 1434 2126 φησιν
1458 2058 1487 2108 6
1506 2056 1929 2128 εὐαγγελιστήςς

357 2159 376 2189 ι
409 2139 516 2192 Καὶ
545 2141 931 2212 ἐμαρτύρησεν
954 2146 982 2197 6
1007 2144 1262 2216 Ἰωάννης
1290 2146 1495 2215 λέγων’
1522 2150 1645 2202 Ὅτι
1668 2149 1934 2219 τεθέαμαι

350 2232 411 2281 τὸ
446 2230 670 2302 Πνεῦμα
704 2233 1036 2289 καταϐαῖνον
1075 2236 1210 2288 ὡσεὶ
1245 2238 1570 2308 περιστερὰν
1598 2239 1657 2305 ἐξ
1679 2240 1931 2311 ούρανοῦ,

351 2323 447 2374 καὶ
502 2322 662 2394 μένον
712 2325 800 2377 ἐπ’
828 2326 1017 2380 αὐτόν⁹
1067 2322 1222 2391 οὗτός
1267 2331 1415 2382 ἐστιν
1466 2333 1495 2384 6
1550 2331 1824 2401 βαπτίζων
1877 2336 1933 2386 ἐν

353 2412 634 2482 Πνεύματι
678 2416 856 2487 ἀγίῳο
906 2418 1062 2487 κάγὼ
1111 2420 1334 2491 ἐώρακα
1381 2423 1475 2475 καὶ
1504 2426 1931 2497 μεμαρτύρηκα,

350 2506 435 2557 ὅτι
470 2500 623 2571 οὗτός
651 2510 799 2562 ἐστιν
824 2511 852 2563 6
886 2512 1011 2575 Υίὸς
1036 2512 1130 2566 τοῦ
1159 2514 1317 2569 Θεοῦ.
1344 2534 1363 2568 ι
1394 2517 1492 2585 Εἴη
1527 2518 1626 2587 μὲν
1656 2520 1763 2589 γὰρ
1792 2521 1935 2572 οἰκο-

350 2596 593 2665 νομικῶς
637 2598 880 2666 ἁγιάσων
906 2600 999 2655 τὸν
1033 2602 1305 2675 Ἰορδάνην
1340 2606 1367 2657 6
1394 2607 1599 2675 Κύριος
1627 2608 1786 2676 ήμῶν
1829 2609 1933 2679 ’1η-

350 2686 479 2751 σοῦς
506 2688 534 2739 ὁ
563 2689 799 2760 Χριστός
819 2707 834 2722 ο
874 2692 1130 2763 κατηξίου
1156 2696 1213 2748 δὲ
1247 2696 1343 2750 σὺν
1388 2700 1521 2767 ἡμῖν
1554 2698 1931 2767 βαπτίζεσθαι,

350 2779 449 2849 τῆς
495 2781 635 2834 κατὰ
687 2782 869 2851 σάρκα
901 2786 1216 2855 οἰκονομίας
1259 2788 1320 2841 τὸ
1364 2791 1667 2861 μυστήριον
1706 2791 1794 2845 διὰ
1825 2792 1932 2845 τῶν

346 2870 485 2940 αὐτῇ
518 2873 834 2941 πρεπόντων
881 2875 1251 2947 διοικούμενος
1278 2880 1674 2949 τρόπων.Ἕδει
1702 2882 1811 2952 γὰρ
1841 2883 1934 2937 ἄν·

345 2960 566 3029 θρωπον
604 2966 866 3032 γεγονότα
898 2967 1261 3035 γινώσκεσθαι
1294 2970 1386 3024 τὸν
1436 2974 1500 3025 ἐκ
1541 2973 1677 3026 Θεοῦ
1721 2975 1932 3045 Πατρὸς

347 3053 520 3120 Λόγον
544 3070 558 3084 ·
587 3054 701 3107 ἀλλ’
730 3056 1051 3120 ἐϐαπτίζετο
1081 3060 1202 3131 μὲν,
1232 3062 1309 3125 ὠς
1334 3062 1639 3134 ἄνθρωπος,
1671 3066 1931 3130 ἐϐάπτιζε

2037 1958 2155 2011 cula
2177 1958 2244 2011 ".
2280 1978 2298 2009 ι
2328 1960 2438 2028 Age
2466 1957 2650 2025 igitur,
2677 1973 2836 2012 voces
2860 1957 2928 2011 de
2952 1971 3018 2010 eo
3043 1957 3215 2012 dictas
3242 1956 3609 2024 exquiramus.

2038 2049 2175 2115 Quid
2207 2064 2338 2116 ergo
2368 2050 2443 2102 ait
2470 2046 2832 2119 evangelista?
2869 2065 2885 2098 ι
2928 2044 2993 2099 Ει
3025 2046 3395 2100 testimonium
3429 2046 3614 2114 perhi-

2038 2142 2151 2196 buit
2181 2143 2432 2207 Joannes,
2482 2142 2703 2205 dicens,
2754 2159 2772 2191 ι
2805 2139 2927 2194 Vidi
2971 2139 3231 2207 Spiritum
3280 2137 3614 2191 descenden-

2039 2243 2144 2289 tem
2193 2235 2334 2289 sicut
2378 2234 2683 2289 columbam
2732 2248 2763 2289 e
2805 2232 2965 2297 ctelo,
3010 2241 3068 2285 et
3107 2238 3414 2283 manentem
3448 2242 3612 2297 super

2036 2344 2158 2383 eum
2190 2346 2205 2382 :
2236 2328 2325 2382 hic
2354 2337 2437 2383 est
2465 2328 2557 2397 qui
2588 2326 2829 2395 baptizat
2861 2327 2912 2379 in
2948 2325 3152 2394 Spiritu
3184 2330 3406 2386 saneto;
3436 2331 3488 2375 et
3513 2336 3613 2391 ego

2037 2421 2167 2483 vidi,
2207 2430 2262 2475 et
2301 2420 2670 2474 testimonium
2714 2418 2986 2487 perhibui,
3027 2419 3155 2485 quia
3198 2415 3284 2468 hic
3323 2422 3409 2468 est
3447 2412 3615 2465 Filius

2039 2514 2218 2567 Dei“.
2268 2530 2288 2564 ι
2333 2512 2450 2567 Ibat
2487 2513 2629 2566 enim
2670 2509 3063 2579 dispensatoria
3108 2508 3315 2561 ratione
3354 2506 3613 2559 Dominus

2036 2611 2219 2656 noster
2247 2600 2404 2656 Jesus
2431 2601 2682 2656 Christus
2713 2608 2771 2654 ut
2797 2598 3086 2654 Jordanem
3119 2597 3506 2658 sanctilicaret,
3533 2595 3613 2647 di-

2036 2704 2337 2765 gnatusque
2364 2702 2446 2747 est
2472 2694 2733 2762 baptizari
2769 2691 3071 2755 nobiscum,
3103 2698 3162 2744 ut
3193 2688 3511 2760 mysterium
3546 2686 3611 2738 il-

2036 2786 2139 2843 lius
2165 2788 2459 2842 secundum
2486 2800 2707 2841 carnem
2734 2784 3155 2853 dispensationis
3181 2781 3354 2837 modis
3382 2781 3455 2835 illi
3483 2795 3612 2833 eon-

2034 2880 2378 2935 venientibus
2413 2886 2805 2947 exsequeretur
2843 2895 2857 2931 :
2893 2876 3177 2946 Oportebat
3211 2875 3354 2929 enim
3392 2882 3448 2927 ut
3483 2872 3611 2925 illud

2034 2988 2101 3027 ex
2136 2972 2245 3027 Deo
2278 2972 2439 3026 Patre
2467 2971 2701 3026 Verbum
2739 2970 3012 3024 hominem
3048 2981 3169 3021 esse
3205 2966 3401 3019 factum
3440 2979 3610 3034 agno-

2035 3074 2281 3120 sceretur
2310 3082 2324 3119 :
2355 3064 2448 3119 sed
2478 3060 2855 3130 baptizabatur
2882 3060 3100 3127 quidem
3132 3067 3189 3112 ut
3220 3059 3401 3121 homo,
3432 3057 3607 3124 bapti-

345 3143 401 3196 δε
438 3145 634 3209 θεῖκῶς
664 3148 721 3201 ἐν
751 3148 892 3219 ἁγίῳ
924 3150 1221 3220 Πνεύματι.
1264 3153 1375 3207 Καὶ
1402 3153 1463 3206 οὐ
1493 3156 1555 3225 δή
1593 3155 1695 3208 πού
1731 3174 1930 3227 φαμεν,

2037 3159 2195 3211 zabat
2225 3167 2401 3211 autem
2435 3164 2496 3210 ut
2528 3155 2669 3209 Deus
2703 3154 2755 3206 in
2791 3151 2996 3221 Spiritu
3030 3162 3240 3206 sancto.
3274 3148 3456 3217 Neque
3485 3164 3611 3203 vero

350 3234 381 3304 ἢ
416 3234 788 3306 ὑπουργικῶς,
823 3238 856 3307 ἢ
881 3238 955 3303 ὡς
990 3241 1120 3311 παρ’
1147 3242 1335 3313 ἐτέρου
1364 3244 1508 3308 τινὸς
1539 3247 1653 3310 τοῖς
1682 3246 1933 3315 βαπτιζο-

350 3330 535 3394 μένοις
568 3325 664 3397 τὴν
694 3328 787 3381 τοῦ
821 3329 979 3397 ἁγίου
1002 3330 1318 3402 Πνεύματος
1344 3334 1645 3405 διηκονεῖτο
1673 3337 1890 3406 μέθεξιν
1913 3354 1925 3367 ·

343 3413 596 3468 ἀπετέλει
624 3417 680 3471 δὲ
717 3419 918 3488 μᾶλλον
959 3423 1349 3493 ἡγιασμένους,
1378 3425 1455 3489 ῶς
1485 3426 1647 3495 φύσει
1676 3428 1811 3491 Θεὸς
1842 3430 1930 3482 ὲν-

347 3505 452 3571 tet;
480 3507 645 3572 αὐτὸς
669 3509 730 3575 ἐξ
761 3511 894 3565 ἰδίου
926 3511 1315 3585 πληρώματος.
1354 3518 1476 3581 Πῶς
1509 3513 1602 3571 οὖν
1632 3520 1931 3591 ἀφειδήσας

345 3598 456 3651 τῶν
494 3600 575 3664 εἰς
621 3600 894 3674 ὀρθότητα
939 3604 1137 3674 λόγων,
1168 3608 1264 3661 καὶ
1307 3609 1411 3679 μέν
1443 3627 1524 3663 τοι
1559 3610 1654 3664 καὶ
1687 3612 1932 3677 ἐννοιῶν,

346 3692 679 3762 ἐνηργῆσθαι
710 3695 817 3767 φὴς
850 3697 908 3749 ἐν
930 3697 1200 3770 ἀνθρώπῳ
1227 3699 1326 3772 τὴν
1349 3699 1626 3772 ἐνοίκησιν
1658 3702 1809 3774 παρὰ
1838 3703 1931 3755 τοῦ

344 3776 484 3830 Θεοῦ
511 3777 721 3847 Λόγους
760 3784 937 3837 καίτοι
980 3785 1249 3841 πλείστων
1283 3806 1344 3843 τε
1384 3790 1525 3844 ὅσων
1552 3792 1746 3859 ἁγίων,
1778 3792 1836 3847 ἐν
1868 3810 1930 3863 γε

346 3868 411 3938 δὴ
462 3869 646 3940 σφίσιν
686 3873 870 3939 αὐτοῖς
913 3877 1227 3949 ἐσχηκότων
1273 3880 1481 3936 ἔνοικον
1526 3884 1619 3938 τὸν
1652 3885 1763 3939 τῶν
1795 3886 1931 3940 ὅλων

344 3960 510 4013 θεόν·
557 3961 921 4032 βαπτίσαντος
974 3969 1032 4023 δὲ
1086 3971 1299 4036 οὐδενὸς
1349 3974 1407 4027 ἐν
1458 3974 1571 4045 ἰδίῳ
1622 3977 1927 4048 πνεύματι,

345 4054 517 4121 ῆγουν
547 4056 743 4122 θεῖκῶς
769 4060 1050 4132 ἐνοικῆσαί
1077 4082 1217 4119 τισιν
1247 4068 1543 4139 εἰρημένου
1594 4072 1689 4125 καὶ
1716 4074 1928 4145 ἐνῳκη-

350 4145 533 4209 κότος·
560 4148 652 4200 καὶ
674 4150 836 4215 αὐτὸς
862 4153 890 4205 6
917 4154 1153 4223 Χριστὸς
1182 4158 1239 4209 ἐν
1268 4159 1401 4229 ἡμῖν
1423 4161 1703 4227 αὐλίζεται
1726 4164 1813 4218 διὰ
1836 4166 1930 4219 τοῦ

348 4236 507 4304 ἁγίου
539 4239 877 4311 Πνεύματος,
899 4245 1037 4316 ὅπερ
1062 4246 1179 4300 ἐστὶ
1205 4249 1297 4301 καὶ
1321 4249 1450 4304 ίδιον
1476 4253 1660 4319 αὐτοῦ,
1682 4256 1931 4329 καθάπερ

345 4333 541 4405 ἀμέλει
587 4336 681 4389 τοῦ
727 4337 863 4392 Θεοῦ
908 4340 1001 4393 καὶ
1049 4342 1296 4411 Πατρός;
1340 4346 1450 4399 Καὶ
1488 4347 1623 4416 πρός
1669 4365 1732 4417 γε
1776 4350 1932 4404 τοῦτο

354 4427 507 4495 ἡμᾶς
534 4427 762 4498 ἐμπεδοῖ
794 4431 971 4500 λέγων
995 4434 1157 4495 αὐτός
1174 4452 1187 4464 ’
1221 4437 1421 4491 (Ὅταν
1448 4438 1503 4491 δὲ
1541 4439 1670 4511 ἔλθῃ
1693 4442 1721 4492 ὁ
1747 4442 1930 4514 Παρά-

2035 3247 2265 3301 dicimus
2298 3246 2382 3299 vel
2422 3258 2572 3299 more
2605 3242 3094 3305 subservientium,
3135 3238 3214 3293 vel
3252 3248 3507 3307 tanquam
3543 3239 3610 3290 ab

2035 3340 2141 3393 alio
2180 3339 2433 3409 quopiam
2478 3336 2717 3406 Spiritus
2755 3334 2929 3391 sancti
2971 3332 3441 3404 participationem
3484 3332 3609 3385 sub-

2036 3431 2394 3496 ministrasse,
2437 3429 2532 3483 sed
2574 3428 2754 3498 potius
2799 3438 3053 3497 tanquam
3096 3441 3162 3481 ex
3206 3433 3397 3479 natura
3441 3423 3608 3479 Deum

2033 3536 2099 3573 ex
2129 3521 2457 3590 plenitudine
2486 3534 2585 3574 sua
2615 3518 3007 3582 inl'undentem,
3036 3518 3403 3572 sanctiﬁcatos
3434 3516 3610 3570 reddi-

2034 3612 2198 3667 disse.
2222 3612 2331 3665 Cur
2352 3626 2483 3679 ergo
2514 3613 2675 3665 rectis
2700 3610 2877 3665 verbis
2903 3610 3297 3678 sententiisque
3324 3608 3609 3677 neglectis,

2033 3703 2276 3773 eﬂ‘eetam
2311 3718 2431 3757 esse
2466 3702 2667 3757 asseris
2704 3701 3153 3756 inhabitationem
3198 3701 3249 3754 in
3293 3701 3509 3754 homine
3541 3700 3608 3752 ah

2034 3796 2149 3863 ipso
2194 3795 2282 3850 Dei
2325 3793 2533 3860 Verbo;
2581 3792 2829 3862 quamvis
2868 3792 3253 3863 quamplurimi
3296 3791 3470 3846 sancti
3507 3791 3607 3843 viri

2035 3888 2427 3942 inhabitantem
2465 3887 2519 3940 in
2558 3900 2618 3940 se
2658 3886 2788 3956 ipsis
2822 3885 3111 3940 habuerint
3145 3884 3291 3938 illum
3330 3883 3609 3937 universo-

2033 3997 2151 4034 rum
2184 3981 2371 4043 Deum,
2400 3990 2455 4033 et
2480 3994 2548 4032 ex
2578 3977 2644 4033 iis
2674 3992 2835 4033 nemo
2866 3978 2917 4031 in
2950 3993 3049 4033 suo
3076 3977 3269 4045 Spiritu
3300 3976 3610 4046 baptizavea

2036 4073 2134 4135 rit,
2171 4082 2258 4126 ant
2303 4072 2485 4127 divino
2528 4086 2677 4125 more
2718 4071 2770 4125 in
2811 4070 3082 4139 aliquibus
3123 4070 3474 4134 habitaverit,
3514 4078 3610 4122 aut

2035 4164 2368 4219 inhabitasse
2408 4163 2586 4217 dictus
2627 4163 2720 4229 sit,
2754 4176 2875 4217 cum
2918 4163 3032 4231 ipse
3072 4162 3324 4217 Christus
3360 4162 3516 4230 102
3554 4161 3607 4215 in

2035 4256 2189 4310 nobis
2232 4254 2437 4309 habitet
2476 4269 2573 4323 per
2609 4266 2857 4308 sanctum
2900 4254 3194 4323 Spiritum,
3234 4254 3324 4322 qui
3368 4263 3453 4307 est
3490 4253 3605 4320 ejus

2033 4360 2247 4414 quoque
2276 4346 2549 4414 proprius,
2583 4353 2643 4399 ut
2672 4345 2836 4400 etiam
2869 4344 3056 4414 procul
3085 4345 3248 4399 dubio
3279 4345 3373 4399 Dei
3408 4360 3471 4397 ac
3502 4343 3603 4395 Pa—

2036 4438 2169 4491 tris?
2192 4437 2257 4491 Et
2282 4437 2335 4490 in
2361 4438 2461 4490 hac
2482 4437 2746 4491 sententia
2776 4437 2892 4507 ipse
2918 4451 3015 4490 nos
3042 4438 3349 4500 confirmat,
3377 4436 3559 4490 dicens
3588 4450 3603 4485 :

350 4516 565 4587 κλητος,
590 4519 650 4571 ὃν
697 4519 808 4588 ἐγὼ
859 4522 1061 4593 πέμψω
1100 4525 1228 4595 ὑμῖν
1258 4527 1410 4597 παρὰ
1453 4529 1547 4583 τοῦ
1600 4532 1836 4603 Πατρὸς,
1868 4534 1929 4586 τὸ

2038 4547 2056 4580 ι
2083 4529 2217 4583 Cum
2243 4527 2452 4583 venerit
2481 4527 2815 4592 Paracletus,
2845 4542 3005 4603 quem
3034 4542 3134 4597 ego
3162 4528 3366 4585 mittam
3397 4528 3547 4581 vobis
3576 4545 3603 4580 a

349 4608 575 4678 Πνεῦμα
596 4611 691 4680 τῆς
726 4612 1005 4684 ἀληθείας,
1029 4615 1058 4668 ὃ
1086 4617 1237 4688 παρὰ.
1259 4618 1354 4671 τοῦ
1384 4620 1598 4691 Πατρὸς
1628 4625 1923 4694 ἐκπορεύε-

346 4716 457 4766 ται,
485 4702 692 4765 ἐκεῖνος
737 4707 1079 4776 μαρτυρήσει
1116 4710 1245 4778 περὶ
1284 4710 1443 4779 ἐμοῦ.
1483 4712 1705 4783 ι’Λθρει
1732 4714 1799 4784 δὴ
1827 4711 1920 4768 οὖν

345 4792 494 4853 ὅπως
539 4792 603 4845 τὸ
649 4794 800 4863 παρὰ
832 4794 927 4847 τοῦ
961 4796 1096 4850 Θεοῦ
1129 4800 1223 4851 καὶ
1253 4801 1465 4871 Πατρὸς
1490 4803 1924 4874 ἐκπορευόμενον

348 4883 596 4951 Πνεῦμα,
629 4886 788 4940 τοῦτο
815 4888 909 4941 καί⁵
937 4890 1035 4959 τῆς
1061 4890 1317 4961 ἀληθείας
1354 4894 1483 4947 ἴδιον
1510 4890 1647 4949 εἶναι
1676 4897 1783 4966 φής
1813 4896 1921 4968 [Iun

348 4974 557 5046 φησίν].
594 4977 767 5041 Αὐτὸς
793 4978 851 5032 δέ
889 4997 991 5032 που
1025 4981 1242 5046 πάντως
1270 4985 1417 5037 ἐστὶν
1450 4987 1483 5056 ἡ
1517 4987 1761 5058 ἀλήθεια.
1794 4985 1925 5042 Εἶτα

348 5066 486 5131 πῶς,
514 5066 673 5138 εἴπερ
721 5070 871 5123 ἐστὶν
916 5071 1133 5141 ἀληθῶς
1165 5076 1265 5128 οὐκ
1301 5078 1727 5151 ἐνανθρωπήσας
1767 5082 1921 5147 Θεὸς,

345 5156 633 5227 ἅνθρωπος
673 5158 731 5212 δὲ
764 5152 985 5231 μᾶλλον,
1015 5164 1115 5235 τὴν
1154 5164 1303 5220 θείαν
1335 5169 1630 5239 ἐνοίκησιν,
1660 5172 1736 5236 ὼς
1771 5175 1923 5244 ἐνέρ-

344 5266 500 5316 γειαν
527 5248 688 5320 ἔχων,
706 5251 782 5314 ὡς
807 5252 934 5306 ἴδιον
962 5255 1185 5324 Πνεῦμα
1208 5258 1268 5311 τὸ
1292 5259 1387 5312 τοῦ
1416 5261 1549 5314 Θεοῦ
1578 5264 1671 5315 καὶ
1688 5265 1919 5335 Πατρός,

342 5343 455 5403 τοῖς
482 5342 829 5398 πιστεύουσιν
866 5346 944 5408 εἰς
981 5347 1145 5402 αὑτὸν
1179 5352 1558 5422 καταπέμψειν
1595 5356 1923 5424 ἐπαγγέλλε-

343 5448 467 5492 ut;
516 5430 678 5485 Ἀλλὰ
705 5432 834 5503 γὰρ,
864 5434 940 5499 ὡς
978 5435 1136 5505 ἔφην,
1162 5438 1260 5509 τὴν
1294 5440 1389 5493 τοῦ
1436 5445 1736 5513 μυστηρίου
1766 5446 1921 5512 δόξαν

342 5524 623 5578 κατασείει
659 5525 795 5597 πρὸς
828 5528 889 5580 τὸ
918 5530 1109 5599 μηδὲν,
1140 5532 1376 5603 μερίζων
1406 5535 1595 5606 ὥσπερ
1622 5538 1719 5607 τῆς
1762 5540 1920 5607 ἁγίας

342 5615 571 5685 Τριὰδος
600 5617 699 5688 τὴν
738 5620 827 5671 ἐπί
857 5638 961 5673 τισι
991 5622 1100 5676 τῶν
1131 5625 1421 5695 δρωμένων
1458 5629 1755 5699 ἐνέργειαν,
1795 5632 1920 5684 ἐκᾶιο

2032 4620 2219 4685 Patre,
2252 4618 2487 4688 Spiritus
2516 4620 2789 4683 veritatis,
2826 4620 2916 4688 qui
2951 4635 2979 4672 a
3015 4620 3175 4673 Patre
3210 4619 3483 4687 procedit,
3518 4620 3605 4671 ille

2040 4713 2405 4768 testimonium
2438 4711 2747 4781 perhibcbit
2775 4711 2843 4767 de
2871 4728 2957 4767 me
2974 4712 3037 4764 ⁸⁸⁸.
3072 4731 3090 4764 ι
3118 4713 3412 4767 Considera
3446 4713 3605 4782 igitur

2026 4806 2479 4876 quemadmodum
2516 4805 2775 4876 Spiritum
2809 4821 2837 4859 a
2875 4805 2988 4860 Deo
3017 4816 3073 4860 et
3106 4805 3267 4871 Patre
3305 4808 3601 4874 proceden-

2029 4906 2171 4962 tem,
2205 4897 2453 4953 eumdcm
2486 4897 2650 4951 etiam
2686 4898 2929 4951 veritatis
2964 4897 3239 4966 proprium
3278 4911 3399 4950 esse
3434 4896 3599 4957 dicit;

2028 4988 2140 5058 ipse
2178 4998 2355 5044 autem
2400 5004 2624 5059 prorsus
2662 5000 2746 5044 est
2788 4990 2988 5043 veritas
3010 4988 3076 5041 ⁵⁸.
3121 4988 3281 5057 Atqui
3325 4988 3370 5043 si
3416 5003 3600 5043 revera

2026 5096 2133 5135 non
2166 5080 2306 5137 Deus
2336 5082 2499 5137 homo
2531 5083 2708 5138 factus
2734 5092 2847 5147 est,
2878 5082 2973 5137 sed
3007 5083 3167 5136 hoino
3199 5081 3377 5151 potius
3406 5091 3491 5135 est
3521 5083 3598 5134 di.

2024 5173 2205 5228 vinam
2234 5174 2679 5230 inhabitationem
2707 5186 2968 5245 tanquam
2995 5175 3367 5243 operationem
3392 5189 3497 5242 qua
3526 5176 3601 5227 ci-

2024 5276 2181 5320 eatur
2233 5266 2461 5334 habens,
2494 5268 2763 5337 quomodo
2801 5269 2854 5321 in
2893 5282 2952 5322 se
2985 5267 3333 5322 credentibus
3374 5266 3464 5321 Dei
3504 5266 3603 5320 Pa—

2027 5357 2228 5425 trisque
2270 5357 2529 5427 Spiritum
2579 5368 2832 5427 tanquam
2880 5360 3156 5427 proprium
3202 5374 3261 5413 se
3306 5359 3599 5413 missurum

2024 5449 2343 5516 pollicetur?
2372 5449 2506 5514 Sed,
2540 5459 2597 5503 ut
2620 5450 2733 5518 jam
2760 5451 2899 5516 dixi,
2936 5452 3071 5504 tanti
3106 5452 3347 5521 mysterii
3384 5467 3596 5520 ιιιίιειιιο

2025 5542 2264 5595 tudinem
2300 5543 2366 5596 ad
2402 5543 2631 5597 nihilum
2668 5544 2851 5613 dejicit
2874 5586 2887 5610 ,
2923 5545 3167 5599 dividens
3201 5543 3598 5612 quodammodo

2026 5650 2118 5701 per
2149 5636 2391 5705 quaedam
2427 5652 2585 5705 opera
2625 5637 2765 5691 illam
2809 5648 3011 5693 sancta:
3042 5636 3326 5692 Trinitatis
3360 5635 3595 5692 efﬁcien-

415 5793 459 5821 θ’
490 5792 649 5849 Hebr.
688 5812 806 5861 xm,
838 5798 887 5854 8.
968 5800 1009 5832 ⁸³
1040 5800 1193 5857 Joan.
1224 5819 1257 5865 l,
1292 5806 1378 5869 55,
1402 5806 1486 5861 δι,
1567 5807 1609 5839 ⁵³
1640 5806 1795 5864 Joan.
1842 5827 1926 5878 xv,

2040 5851 2050 5862 .
2133 5812 2174 5841 *τ
2202 5810 2355 5867 .Ιυ.ιιι.
2394 5828 2501 5878 xw,
2536 5814 2585 5866 θ.
