4104 6336
486 364 590 419 179

1521 369 1580 426 S.
1624 368 1901 426 CYRILLI
1938 371 2409 432 ALEXANDRINI
2451 373 2769 432 ARCHIEP.

3649 343 3752 435 rso

485 481 636 542 tiam,
675 486 732 533 et
769 471 965 548 cuique
1003 477 1278 550 hypostasi
1323 479 1574 547 privatim
1622 484 1885 550 tribuens,
1923 500 2041 553 quo:

2174 503 2274 558 στῃ
2306 505 2365 540 τε
2403 489 2510 542 τῶν
2543 489 2892 542 ὑποστάσεων
2925 485 3213 558 ἀπονέμων
3245 486 3447 551 ίδικῶς,
3479 487 3508 540 ὃ
3549 490 3622 560 μὴ
3653 495 3747 544 πέ-

485 586 590 623 non
635 568 764 624 fecit
806 569 998 625 altera.
1041 571 1248 627 Rursus
1287 572 1360 626 ita
1402 574 1538 626 dixit
1575 592 1589 627 :
1631 574 1822 645 [Filius
1861 575 2054 644 elegit;

487 679 504 707 σ
539 657 654 725 Ego
675 659 841 722 enim,
869 659 1065 728 inquit,
1092 675 1190 714 vos
1219 660 1377 730 elegi.
1413 681 1432 714 ι
1463 662 1624 718 Pater
1648 665 2008 720 sanctiﬁcavit
2039 685 2052 720 :

484 748 717 816 Spiritus
736 747 913 804 effecit
935 751 1227 823 oratores]
1251 751 1295 808 Ο
1319 753 1666 810 immodicam
1692 765 1882 812 emota:
1907 774 2057 813 men-

483 837 560 891 tis
588 838 887 893 insaniam!
927 839 984 894 Si
1017 841 1198 896 omnia
1235 843 1374 899 facta
1412 855 1541 900 sunt
1575 861 1606 901 a
1642 846 1803 903 Patre
1837 864 1932 918 per
1963 849 2056 904 Fi-

481 927 610 982 lium
644 929 696 984 in
730 929 933 1000 Spiritu
953 971 969 996 ,
999 948 1176 1003 neque
1205 934 1407 1005 aliquid
1442 937 1559 992 ﬁeri
1594 940 1858 1010 contingit
1887 958 1917 997 a
1947 942 2056 999 Deo

479 1030 536 1072 et
559 1019 741 1087 Patre,
771 1020 872 1075 nisi
903 1022 1006 1078 hoc
1034 1023 1153 1092 ipso
1181 1027 1363 1093 modo,
1386 1027 1476 1094 qui
1509 1027 1624 1082 ﬁeri
1657 1040 1834 1098 potest
1859 1041 1918 1086 nt
1948 1049 2054 1088 non

478 1111 550 1164 sit
577 1111 738 1181 plane
762 1113 1038 1182 stupidus,
1062 1116 1153 1185 qui
1181 1116 1504 1173 immortalis
1537 1119 1678 1176 illius
1704 1132 1759 1176 et
1789 1125 1946 1178 unius
1973 1125 2054 1178 di-

478 1204 724 1260 vinitatis
750 1205 1074 1274 quibusdam
1103 1207 1156 1263 in
1185 1210 1348 1265 rebus
1372 1211 1721 1280 operationes
1749 1214 2053 1284 hypostasi—

476 1294 584 1352 bus
613 1296 868 1366 privatim
902 1312 968 1353 ac
1000 1300 1221 1370 proprie
1256 1301 1585 1372 impertitur,
1621 1319 1720 1359 nec
1753 1305 1931 1373 potius
1968 1304 2050 1359 af-

477 1387 660 1443 ﬁrmat
689 1389 899 1461 singula
931 1406 1050 1460 qua:
1081 1403 1366 1462 geruntur,
1395 1409 1424 1449 a
1457 1395 1620 1450 Patre
1647 1411 1741 1465 per
1769 1396 1962 1451 Filium
1999 1399 2050 1453 in

477 1478 682 1548 Spiritu
715 1494 836 1536 esse
868 1480 1056 1536 facta?l
1085 1483 1218 1538 Nam
1253 1485 1297 1540 si
1333 1495 1418 1541 est
1450 1485 1620 1543 Filius
1650 1499 1705 1543 et
1738 1489 2047 1556 consilium,

473 1577 529 1622 et
554 1568 840 1637 sapientia,
866 1580 920 1626 et
942 1571 1114 1628 virtus
1140 1572 1318 1630 Patris
1337 1576 1404 1642 ⁸⁸,
1434 1592 1655 1647 prorsus
1680 1581 1862 1635 omnia
1891 1579 2054 1637 Pater

474 1673 573 1727 per
600 1659 799 1716 Filium
833 1671 1091 1733 tanquam
1122 1681 1219 1736 per
1246 1669 1526 1724 consilium
1559 1679 1612 1726 et
1643 1673 1964 1738 sapientiam
1996 1682 2051 1729 et

473 1750 731 1806 virtutem
770 1754 1107 1822 operabitur.
1136 1754 1227 1813 Sic
1259 1760 1585 1827 optimorum
1623 1762 1804 1817 habita
1841 1766 2050 1820 ratione

2165 598 2376 650 πραχεν
2408 583 2440 652 ή
2478 583 2659 649 ἑτέρα.
2685 581 2854 634 Πάλιν
2880 574 2981 633 ὦδέ
3009 597 3195 649 φησιν.
3212 580 3270 634 Ὀ
3295 580 3420 644 Υἱὸς
3441 581 3744 648 ἐξελέξατο·

2165 673 2350 741 «Ἐγὼ
2403 675 2533 744 γὰρ,
2581 673 2767 744 φησὶν,
2810 673 2954 742 ὑμᾶς
3004 671 3368 742 ἐξελεξάμηνο
3402 691 3418 724 ι
3476 674 3505 725 6
3556 674 3748 744 Πατὴρ

2159 767 2390 838 ήγίασε’
2443 765 2504 818 τὸ
2549 763 2774 835 Πνεῦμα
2821 765 3192 818 κατεσκεύασε
3231 765 3497 836 ῥήτορας.
3526 767 3590 817 Ὢ
3642 767 3746 836 τῆς

2159 859 2402 929 ἀμέτρου
2440 857 2880 928 φρενοϐλαϐείας.
2919 857 2982 910 Ei
3017 857 3196 910 πάντα
3227 856 3421 924 γέγονε
3457 857 3610 926 παρὰ
3645 856 3744 910 τοῦ

2161 950 2374 1019 Πατρδς
2410 949 2478 1002 δι’
2511 948 2642 1002 Υίοῦ
2673 950 2730 1001 ἐν
2768 948 3069 1016 Πνεύματι,
3104 948 3202 1001 καὶ
3229 949 3330 1000 οὑκ
3373 947 3440 1001 ἄν
3474 965 3524 1001 τι
3569 947 3745 1020 δρῷτο

2161 1041 2318 1112 παρὰ
2359 1040 2453 1094 τοῦ
2497 1040 2631 1094 Θεοῦ
2678 1041 2772 1093 καὶ
2816 1040 3051 1110 Πατρὸς,
3090 1039 3231 1109 πλὴν
3259 1039 3341 1092 ὅτι
3385 1038 3525 1092 κατά
3555 1041 3745 1093 τοῦτον

2160 1134 2322 1187 αὑτὸν
2351 1133 2442 1186 τὸν
2479 1133 2702 1205 τρόπον,
2731 1132 2849 1196 πῶς
2882 1133 2987 1185 οὑκ
3028 1132 3380 1202 ἀπόπληκτος
3419 1133 3503 1202 εἴη
3547 1131 3614 1185 ἂν
3645 1132 3742 1186 καὶ

2157 1228 2302 1298 μάλα
2326 1227 2570 1290 εἰκότως,
2593 1229 2620 1279 6
2645 1229 2764 1288 ταῖς
2791 1226 3120 1278 ὑποστάσεσι
3145 1225 3528 1296 καταμερίζων
3555 1225 3740 1288 ίδικῶς

2151 1317 2249 1380 τάς
2280 1316 2371 1368 ὲπί
2401 1317 2466 1384 γε
2493 1333 2632 1368 τισιν
2663 1314 2960 1385 ἐνεργείας,
2995 1314 3097 1383 τῆς
3143 1314 3425 1386 ἀκηράτου
3471 1315 3564 1366 καὶ
3607 1315 3739 1383 μιᾶς

2153 1405 2404 1474 θεότητος
2424 1416 2437 1431 ⁶
2475 1405 2564 1458 καὶ
2602 1405 2720 1473 οὐχὶ
2741 1405 2802 1476 δὴ
2842 1403 3041 1474 μᾶλλον
3067 1403 3277 1456 ἕκαστα
3312 1403 3420 1455 τῶν
3442 1402 3738 1473 δρωμένων

2152 1495 2464 1568 πεπρᾶχθαι
2497 1495 2808 1549 διαῢδεϐαιού
2818 1511 2977 1565 μενος
3013 1494 3164 1566 παρὰ
3187 1494 3402 1565 Πατρὸς
3427 1494 3494 1546 δι’
3524 1494 3654 1547 Υἱοῦ
3678 1496 3739 1547 ἐν

2152 1587 2467 1658 Πνεύματις
2503 1587 2566 1641 Ei
2595 1587 2705 1656 γάρ
2735 1588 2885 1639 ἐστιν
2918 1586 2949 1638 6
2984 1585 3112 1648 Tib;
3138 1585 3232 1638 καὶ
3265 1584 3431 1655 βουλὴ
3456 1585 3548 1638 καὶ
3577 1585 3738 1654 σοφία

2151 1681 2246 1732 καὶ
2279 1679 2506 1750 δύναμις
2535 1677 2626 1730 τοῦ
2664 1677 2894 1749 Πατρὸς,
2932 1677 3113 1730 πάντα
3143 1694 3248 1728 που
3281 1675 3523 1738 πάντως,
3546 1675 3621 1738 ὠς
3647 1675 3739 1728 διὰ

2153 1770 2347 1840 βουλῆς
2374 1771 2468 1823 καὶ
2501 1769 2690 1838 σοφίας
2721 1770 2815 1822 καὶ
2844 1768 3128 1838 δυνάμεως
3159 1768 3187 1819 ὁ
3222 1766 3409 1836 Πατὴρ
3440 1766 3738 1835 ἐργάσεται

475 1840 767 1911 discipulos
793 1843 975 1915 elegit,
1004 1845 1083 1900 sic
1103 1845 1212 1914 jam
1243 1847 1445 1904 electos
1471 1849 1700 1905 dicimus
1730 1851 1897 1907 fuisse
1923 1867 2041 1907 san-

2149 1866 2214 1918 δι’
2242 1864 2392 1918 Υἱοῦ.
2419 1863 2604 1928 Οὕτως
2650 1862 2911 1934 ἁριστίνδ’
2957 1862 3292 1924 ἁπολέκτους
3336 1861 3572 1912 ἐποιεῖτο
3609 1861 3742 1924 τοὺς

476 1932 765 1996 Ctiticatos,
792 1935 869 1988 sic
897 1936 1066 1990 factos
1089 1947 1356 2002 oratores,
1385 1948 1639 2008 tanquam
1669 1955 1734 1995 ex
1764 1957 1868 1995 una
1894 1944 2048 1996 vide-

474 2022 600 2078 licet
626 2023 858 2090 deitate,
883 2039 911 2079 a
942 2025 1103 2083 Patre
1129 2043 1224 2096 per
1246 2027 1438 2082 Filium
1469 2031 1520 2084 in
1550 2032 1777 2100 Spiritu.
1813 2050 1832 2083 ι
1866 2032 2045 2100 Pater,

477 2116 679 2184 inquit,
723 2128 938 2186 sancte,
983 2120 1260 2175 sanctiﬁca
1312 2121 1433 2177 illos
1483 2124 1534 2177 in
1580 2125 1809 2178 veritate
1857 2135 1967 2183 tua.
2019 2144 2045 2178 ι

475 2206 791 2264 Sanctiﬁcat
823 2226 954 2281 ergo
989 2212 1104 2283 ipsa
1136 2211 1369 2281 Veritas,
1409 2215 1510 2270 hoc
1543 2225 1645 2280 est,
1683 2215 1854 2272 Filius
1889 2233 1906 2274 :
1943 2217 2046 2270 im-

475 2296 640 2353 mittit
679 2299 844 2356 etiam
885 2313 1136 2357 sanctum
1177 2302 1438 2373 Spiritum
1485 2306 1756 2372 similiter,
1791 2317 1846 2362 et
1883 2307 2046 2362 allicit

472 2391 776 2459 sapientes,
809 2406 881 2448 ae-
906 2409 1001 2462 per
1030 2395 1206 2450 sancti
1243 2395 1475 2465 Spiritus
1509 2398 1882 2466 operationem
1917 2398 2045 2453 reli-

470 2481 622 2548 giose
649 2481 980 2553 eloquentes.
1011 2485 1196 2556 Itaque
1227 2486 1280 2540 in
1315 2487 1552 2544 Matthaai
1583 2489 1878 2560 Evangelia
1907 2490 2045 2546 dixit

471 2570 750 2642 discipulis
780 2575 893 2629 suis
923 2593 940 2631 :
975 2593 995 2627 ι
1028 2575 1163 2632 Cum
1195 2578 1515 2634 tradiderint
1543 2593 1669 2644 vos,
1701 2581 1865 2636 nolite
1893 2583 2044 2652 cogi-

472 2670 585 2715 tare
604 2666 874 2733 quomodo
895 2677 990 2722 aut
1009 2669 1136 2738 quid
1159 2669 1483 2740 loquamini;
1504 2672 1874 2728 dabiturenim
1891 2673 2045 2730 vobis

470 2751 524 2806 in
558 2753 642 2808 illa
676 2755 807 2810 hora
836 2759 966 2828 quid
998 2759 1311 2829 loquamini.
1338 2761 1454 2818 Non
1487 2765 1633 2819 enim
1662 2781 1757 2821 vos
1787 2767 1920 2822 estis
1948 2767 2043 2837 qui

473 2844 792 2916 loquimini,
821 2851 915 2904 sed
945 2851 1179 2920 Spiritus
1210 2853 1386 2911 Patris
1410 2859 1573 2912 vestri
1605 2859 1695 2928 qui
1727 2858 1962 2930 loquitur
1990 2864 2043 2914 in

474 2937 630 3009 103
655 2940 806 2995 vobis
821 2941 886 2996 ⁸⁷.
917 2961 937 2994 ι
965 2943 1020 2998 In
1050 2942 1209 3000 Luca:
1235 2958 1413 3003 autem
1445 2947 1736 3022 Evangelio
1762 2971 1776 3007 :
1805 2972 1822 3005 ι
1855 2952 2044 3008 Ponite

468 3045 598 3099 ergo
631 3032 684 3087 in
721 3033 975 3090 cordibus
1012 3040 1205 3094 vestris
1242 3056 1350 3096 non
1387 3045 1748 3113 prtemeditari
1781 3050 2042 3117 quemado

466 3121 684 3177 modum
715 3127 1108 3194 respondeatis.
1131 3129 1244 3203 Ego
1268 3133 1410 3188 enim
1441 3135 1580 3192 dabo
1603 3137 1755 3192 vobis
1783 3154 1845 3194 os
1871 3148 1926 3193 et
1951 3154 2041 3194 sa-

465 3213 744 3281 pientiam,
771 3217 854 3271 cui
886 3234 993 3275 non
1021 3231 1272 3290 poterunt
1299 3227 1677 3284 contradicere
1703 3239 1759 3283 et
1788 3231 2040 3286 resistere

464 3318 652 3360 omnes
692 3308 988 3365 adversarii
1031 3315 1196 3368 vestri
1222 3315 1286 3370 ⁸⁸,
1343 3334 1363 3368 ι
1408 3318 1647 3373 Audisne
1687 3323 2040 3388 quemadmo-

464 3398 614 3462 dtuu,
651 3397 904 3468 loquente
937 3402 996 3456 in
1028 3402 1158 3473 ipsis
1192 3417 1382 3462 sancto
1418 3409 1647 3478 Spiritu,
1675 3413 1788 3480 ipse
1819 3415 1910 3466 dat
1943 3414 2042 3468 os?

462 3498 545 3543 est
577 3489 724 3544 enim
757 3493 1027 3548 sermonis
1059 3495 1216 3550 dator
1250 3507 1434 3566 utpote
1481 3499 1717 3555 Verbum
1765 3513 1823 3556 et
1862 3501 2040 3572 Spiri-

465 3588 552 3633 tus
592 3579 850 3649 trihutor,
885 3592 945 3636 ut
978 3583 1071 3652 qui
1108 3584 1255 3640 illum
1291 3591 1564 3656 proprium
1588 3593 1909 3648 naturaliter
1944 3597 2038 3647 Ιιςι-

465 3670 610 3736 beat,
644 3671 786 3726 sicut
816 3674 978 3729 etiam
1011 3675 1125 3743 ipse
1155 3675 1335 3733 Pater.
1368 3678 1564 3735 Eadem
1599 3683 1759 3751 igitur
1784 3698 2039 3754 operatur

462 3770 651 3818 sancta
683 3761 946 3829 Trinitas,
980 3776 1034 3821 et
1064 3783 1401 3838 quaecunque
1452 3774 1681 3840 gesserit
1714 3792 1778 3830 ac
1811 3778 2038 3833 voluerit

461 3851 623 3908 Pater
655 3853 898 3920 edicere,
933 3859 1120 3913 eadem
1157 3871 1212 3916 et
1247 3859 1414 3916 Filius
1449 3864 1640 3919 eodem
1679 3868 1836 3922 modo
1870 3869 1999 3924 facit
2021 3911 2036 3936 ,

463 3944 822 4017 similiterque
863 3947 1098 4019 Spiritus
1137 3963 1383 4010 sanctus.
1423 3958 1660 4027 Singulis
1697 3975 1826 4015 vero
1869 3963 2038 4032 hypo-

460 4037 699 4092 stasibus
741 4040 979 4097 tribuere
1020 4046 1249 4100 scorsim
1293 4049 1636 4116 operatioues
1677 4053 1873 4122 cuique
1913 4071 2039 4124 pro—

459 4127 632 4195 prias,
663 4130 800 4194 nihil
832 4141 916 4187 est
945 4133 1091 4189 aliud
1123 4151 1284 4206 quam
1322 4148 1430 4194 tres
1464 4143 1693 4197 scorsim
1726 4154 1781 4198 et
1815 4160 2038 4213 prorsus

461 4218 601 4274 inter
629 4235 690 4276 se
721 4220 1013 4290 disiunctus
1043 4227 1172 4282 deos
1199 4226 1569 4298 pronuntiare.
1601 4232 1737 4288 Nam
1766 4235 1817 4289 iu
1849 4247 2036 4294 sancta

461 4309 748 4378 Trinitate,
781 4313 870 4375 illa
901 4317 1166 4374 naturalis
1196 4320 1422 4377 unitatis
1452 4323 1590 4378 ratio
1618 4340 1777 4379 unam
1810 4342 2036 4395 prorsus

461 4404 516 4457 in
542 4405 794 4469 omnibus
818 4409 1073 4477 operibus
1101 4412 1394 4468 motionem
1423 4417 1677 4472 ostendit.
1703 4419 1855 4485 Quod
1881 4422 1925 4476 si
1955 4423 2038 4476 di-

2154 1955 2429 2026 μαθητὰς·
2459 1953 2631 2018 οὕτως
2660 1952 2920 2022 ἡγιάσθαι
2941 1953 3122 2022 φαμὲν
3142 1953 3268 2014 τοὺς
3291 1951 3732 2021 ἐξειλεγμένουςο

2147 2045 2643 2118 οὑτωγεγενῆσθαι
2676 2046 2933 2116 ῥήτορας,
2964 2043 3040 2107 ὡς
3073 2045 3136 2097 ἐκ
3173 2047 3302 2114 μιᾶς
3337 2044 3584 2113 δηλονότι
3614 2043 3740 2096 θεό-

2146 2157 2330 2212 τητος,
2358 2138 2508 2210 παρὰ
2539 2137 2752 2209 Πατρὸς
2795 2137 2862 2190 δι’
2890 2135 3022 2190 Υίοῦ
3063 2137 3122 2190 ὲν
3165 2136 3464 2206 Πνεύματι.
3504 2156 3522 2187 ι
3555 2136 3742 2208 Πάτερ

2146 2232 2256 2302 γάρ
2285 2231 2432 2298 ἆγιε,
2458 2229 2646 2302 φησὶν,
2667 2228 2894 2298 ἁγίασον
2919 2228 3118 2292 αὐτοὺς
3149 2227 3208 2280 ὲν
3228 2229 3294 2299 τῇ
3318 2227 3547 2300 ἀληθείᾳ
3573 2245 3685 2281 σου.
3712 2245 3735 2279 υ

2159 2323 2400 2393 Ἀγιάζει
2438 2323 2620 2376 τοίνυν
2644 2323 2678 2393 ή
2718 2320 2969 2392 ἀλήθεια,
3005 2319 3282 2374 τουτέστιν
3313 2323 3341 2374 6
3369 2320 3497 2384 Υἱός
3517 2336 3530 2350 ·
3562 2319 3742 2390 ἐνίησι

2145 2415 2204 2469 δὲ
2233 2417 2326 2470 καὶ
2351 2415 2552 2486 ὁμοίως
2580 2414 2676 2468 καὶ
2704 2411 2996 2482 ἀποφαίνει
3032 2412 3252 2480 σοφοὺς,
3285 2412 3379 2466 καὶ
3409 2411 3497 2465 διὰ
3518 2411 3615 2482 τῆς
3640 2410 3742 2464 τοῦ

2145 2508 2302 2576 ἁγίου
2332 2507 2648 2577 Πνεύματος
2694 2503 2807 2576 [Ζσ.
2833 2503 2898 2557 τὸ
2939 2504 3094 2572 ἆγιον
3120 2503 3372 2577 Πνεῦμα]
3428 2503 3734 2575 ἐνεργείας,

2145 2598 2409 2668 Θεοφιλῶς
2444 2595 3015 2666 κατεγλωττισμένους
3065 2595 3194 2668 [τσ.
3230 2595 3740 2667 κατευγλωττισμέ-

2144 2691 2472 2763 νουςῙι.Ἔφη
2499 2691 2629 2759 γοῦν
2665 2692 2724 2744 ὲν
2758 2690 2857 2760 μὲν
2886 2691 2953 2761 τῇ
2994 2689 3088 2742 τοῦ
3114 2688 3396 2744 Ματθαίου
3437 2692 3732 2761 συγγραφῇ
3770 2686 3776 2692 ’

2145 2784 2282 2856 πρὸς
2308 2785 2434 2848 τοὺς
2463 2782 2662 2838 ἑαυτοῦ
2695 2780 2966 2854 μαθητὰς,
3011 2801 3031 2834 ι
3055 2783 3227 2836 ’Ὀταν
3264 2782 3323 2836 δὲ
3365 2780 3762 2852 παραδίδωσιν·

2146 2876 2256 2930 [Ion
2293 2873 2690 2948 παραδιδῶσιν]
2743 2875 2920 2946 ὑμᾶς,
2959 2873 3033 2945 μὴ
3081 2874 3458 2946 μεριμνήσητε
3507 2873 3648 2940 πῶς,
3695 2873 3732 2944 ἦ

2143 2969 2196 3022 τί
2224 2969 2528 3040 λαλήσητε·
2563 2967 2847 3040 δοθήσεται
2879 2969 2989 3039 γὰρ
3019 2968 3147 3038 ὑμῖν
3184 2968 3243 3021 ὲν
3279 2968 3558 3049 ἐκείνῃιτῇ
3585 2966 3729 3037 ὥρᾳ,

2142 3063 2196 3115 τί
2228 3061 2490 3132 λαλήσετε
2510 3078 2524 3092 ·
2557 3063 2616 3116 οὑ
2650 3061 2760 3132 γὰρ
2790 3062 2946 3132 ὑμεῖς
2992 3063 3116 3114 ἐστε
3157 3063 3206 3114 οἱ
3253 3059 3571 3126 λαλοῦντες,
3591 3059 3728 3113 ἀλλὰ

2143 3152 2204 3207 τὸ
2252 3154 2477 3225 Πνεῦμα
2520 3153 2612 3207 τοῦ
2661 3153 2873 3224 Πατρὺς
2918 3152 3072 3225 ὑμῶν
3113 3151 3175 3206 τὸ
3215 3151 3410 3206 λαλοῦν
3436 3153 3495 3205 ὲν
3519 3153 3668 3222 ὑμῖν.
3700 3169 3731 3204 λ

2147 3244 2244 3297 Διὰ
2275 3245 2333 3298 δέ
2369 3261 2433 3312 γε
2476 3245 2572 3314 τῆς
2603 3243 2698 3297 τοῦ
2731 3245 2946 3298 Λουκᾶο
2979 3262 2997 3295 ι
3027 3244 3198 3298 Θέσθε
3228 3239 3324 3298 οὖν
3355 3245 3411 3297 ἐν
3440 3245 3560 3307 ταῖς
3587 3260 3731 3314 καρ-

2142 3335 2282 3398 δίαις
2317 3332 2472 3405 ὑμῶν
2523 3334 2597 3406 μὴ
2629 3335 2968 3406 προμελετᾷν
3006 3335 3448 3407 ἀπολογηθῆναι·
3477 3335 3586 3405 ἐγὼ
3618 3335 3728 3404 γὰρ

2143 3427 2298 3480 δώσω
2329 3428 2457 3497 ὑμῖν
2487 3429 2661 3498 στόμα
2703 3429 2797 3482 καὶ
2834 3428 3046 3496 σοφίαν,
3143 3429 3203 3482 οὑ
3247 3429 3567 3500 δυνήσονται
3599 3429 3728 3482 ἀντ-

2142 3522 2339 3582 ειπεῖν,
2371 3520 2403 3591 ἢ
2441 3521 2759 3591 ἀντιστῆναι
2795 3521 2995 3584 πάντες
3038 3521 3088 3574 οί
3119 3521 3484 3591 ἀντικείμενοι
3521 3521 3666 3592 ὑμῖν.
3701 3537 3723 3571 ι

2156 3611 2402 3674 Ἀκούεις
2428 3613 2576 3676 ὅπως
2606 3612 2894 3677 λαλοῦντος
2927 3615 2985 3667 ἐν
3011 3614 3194 3677 αὐτοῖς
3226 3611 3322 3666 τοῦ
3366 3613 3522 3682 ἁγίου
3555 3612 3728 3667 Πνεύ-

2146 3720 2335 3772 ματος,
2371 3703 2532 3766 αὐτὸς
2561 3703 2744 3757 δίδωσι
2779 3705 2836 3757 τὸ
2866 3704 3071 3775 crepa;
3104 3704 3266 3774 λόγου
3291 3705 3400 3775 γάρ
3427 3707 3543 3757 ἐστι
3565 3703 3729 3774 δοτὴρ

2141 3794 2217 3855 ὡς
2254 3794 2446 3862 Λόγος,
2483 3795 2578 3847 καὶ
2626 3797 2939 3866 Πνεύματος
2983 3799 3235 3867 χορηγὸς,
3267 3796 3342 3859 ὼς
3395 3797 3526 3849 ἴδιον
3584 3795 3727 3876 ἔχων

2139 3884 2272 3937 αὑτὸ
2299 3885 2566 3953 φυσικῶς,
2599 3887 2740 3940 καθὰ
2772 3889 2866 3941 καὶ
2899 3889 3062 3951 αὑτὸς
3091 3890 3120 3942 ό
3158 3888 3727 3960 Πατήρ.Ταυτοεργεί

2143 3976 2244 4046 μὲν
2279 3972 2371 4030 οὖν
2413 3980 2447 4048 ἡ
2494 3977 2626 4045 ἁγία
2657 3979 2847 4049 Τριὰς,
2880 3981 2974 4034 καὶ
2999 3980 3142 4050 ἅπερ
3180 3979 3248 4034 ἂν
3273 3979 3420 4051 δρώῃ
3466 3979 3560 4033 καὶ
3593 3977 3722 4048 βού-

2136 4067 2283 4120 λοιτο
2310 4068 2609 4140 κατορθοῦν
2642 4071 2670 4123 6
2699 4070 2909 4141 Πατὴρ,
2939 4070 3113 4124 ταῦτα
3141 4071 3236 4123 καὶ
3266 4071 3294 4123 ὁ
3316 4070 3443 4133 Tib;
3462 4070 3606 4122 κατὰ
3629 4068 3723 4122 τὸν

2140 4161 2254 4212 ἴσον
2296 4161 2527 4230 τρόπον’
2563 4161 2766 4231 ὁμοίως
2799 4163 2858 4215 δὲ
2885 4163 2978 4216 καὶ
3008 4162 3068 4214 τὸ
3097 4161 3342 4233 Πνεῦμα.
3371 4161 3447 4215 Τό
3495 4179 3559 4242 γε
3611 4161 3723 4244 μὴν

2138 4253 2243 4306 ἀνὰ
2293 4254 2456 4325 μέρος
2486 4254 2685 4307 διδόναι
2717 4256 2816 4317 τὰς
2851 4254 3130 4325 ἐνεργείας
3177 4255 3381 4326 ἑκάστη
3431 4253 3538 4307 τῶν
3587 4255 3720 4306 ὑπο-

2139 4347 2384 4400 στάσεων
2418 4347 2618 4410 ἰδικῶς,
2645 4347 2796 4400 οὐδὲν
2828 4345 3016 4416 ἕτερόν
3044 4347 3214 4410 ἐστιν,
3241 4347 3276 4418 ἢ
3305 4349 3455 4418 τρεῖς
3481 4345 3586 4400 ἀνὰ
3620 4345 3720 4416 μέ-

2141 4454 2231 4504 ρος
2257 4436 2349 4489 καὶ
2378 4436 2682 4507 ὁλοτρόπως
2723 4437 2970 4508 ἀλλήλων
2994 4437 3366 4508 διεστηκότας,
3393 4438 3721 4506 ἀποφαίνειν

459 4510 665 4560 ramus,
697 4513 819 4552 cum
857 4515 962 4554 una
997 4501 1302 4571 hypostasis
1338 4519 1581 4563 movetur
1610 4510 1677 4563 ad
1712 4525 1868 4580 opus,
1906 4512 2030 4567 reli-

2146 4501 2312 4590 λεούς.
2343 4528 2400 4580 '0
2437 4501 2534 4597 μὲν
2579 4528 2686 4598 γὰρ
2727 4501 3104 4598 τῆςΙφυσικῆς
3147 4501 3394 4601 ένότητος
3426 4501 3584 4598 λόγος
3625 4529 3724 4593 ἐπὶ,

458 4603 594 4654 quas
623 4590 754 4643 duas
782 4590 914 4645 nihil
939 4607 1121 4662 agere,
1152 4598 1424 4665 quomodo
1456 4601 1641 4668 negari
1674 4604 1872 4670 poterit
1901 4605 2028 4671 quin

456 4695 718 4751 corporea
734 4681 1022 4739 inducatur
1036 4687 1226 4755 sectio,
1246 4692 1630 4759 propemodum
1651 4691 1827 4748 locum
1847 4710 2036 4764 quem-

456 4773 577 4829 dam
623 4773 847 4842 singulis
890 4775 1274 4846 hypostasibus
1319 4782 1585 4848 tribuens,
1626 4800 1692 4839 co
1734 4785 1850 4854 ipso
1891 4789 2031 4856 quod

453 4874 610 4929 extra
653 4866 888 4935 reliquas
927 4878 982 4923 et
1020 4869 1269 4938 ahjuncta
1312 4876 1598 4944 cogitatur,
1638 4893 1742 4932 non
1779 4894 1848 4934 co
1888 4881 2029 4949 quod

455 4956 670 5028 proprie
700 4957 977 5025 subsistit,
1006 4961 1063 5016 id
1089 4964 1232 5017 enim
1262 4981 1386 5021 vere
1418 4968 1639 5036 dicitur,
1672 4970 1766 5025 sed
1799 4975 1941 5040 quod
1975 4973 2026 5026 in

454 5043 714 5116 cujusque
739 5049 815 5102 rei
843 5049 1174 5120 diversitate,
1205 5057 1468 5113 rationem
1495 5074 1614 5129 quae
1635 5063 1704 5116 ad
1729 5063 2029 5117 naturalem

457 5138 718 5194 unitatem
748 5141 966 5214 colligat
1011 5161 1118 5201 non
1151 5149 1389 5217 patitur?
1419 5151 1529 5206 Una
1561 5155 1703 5208 enim
1732 5156 2031 5212 divinitatis

353 5271 357 5276 .
458 5239 651 5286 natura
681 5231 734 5286 in
765 5243 954 5292 sancta
983 5245 1040 5292 et
1068 5240 1511 5297 consubstantiali
1539 5243 1806 5300 'l'rinitate
1837 5247 2030 5302 intelli-

453 5322 617 5390 gitur.
647 5322 745 5378 Hic
780 5336 958 5382 autem
999 5329 1171 5385 bonus
1204 5333 1283 5385 vir
1314 5333 1480 5388 Deum
1508 5334 1742 5392 Verbum
1783 5339 1890 5394 Deo
1926 5340 2029 5394 Pa-

455 5415 634 5483 trique
670 5419 1133 5478 consubstantiale
1171 5427 1396 5494 perinde
1426 5445 1488 5484 ac
1523 5431 1565 5484 si
1599 5432 1873 5501 ignoraret
1907 5448 2027 5489 csse

453 5503 653 5558 factum
683 5507 976 5577 hominem,
1005 5530 1110 5568 non
1139 5517 1443 5586 abjieicndo
1471 5523 1610 5590 quod
1642 5524 1779 5578 Deus
1805 5533 1907 5591 est,
1935 5528 2027 5580 sed

453 5594 629 5672 patius
661 5602 986 5658 assumendo
1022 5607 1162 5674 quod
1199 5624 1302 5664 non
1342 5621 1480 5677 erat,
1514 5613 1675 5667 audet
1709 5624 2023 5670 extenuare.

526 5771 620 5839 σοι
658 5777 784 5838 Cur.
820 5793 856 5846 ι,
899 5781 988 5835 at.
1068 5785 1107 5815 ετ
1144 5783 1327 5841 Mulli).
1372 5802 1423 5852 κ,
1466 5787 1672 5853 19,20.

2137 4620 2239 4688 τῆς
2263 4618 2427 4685 ἁγίας
2455 4618 2705 4688 Τριάδος,
2731 4619 2858 4689 μίαν
2894 4619 2956 4692 δή
2994 4638 3095 4673 που
3132 4621 3232 4692 τὴν
3272 4621 3358 4691 ἐφ’
3392 4622 3562 4675 ἅπασι
3605 4629 3720 4690 τοῖς

2138 4709 2435 4780 δρωμένοις
2465 4711 2754 4780 ἀποφαίνει
2783 4713 3014 4783 κίνησιν.
3053 4715 3116 4767 Ei
3145 4715 3204 4767 δὲ
3236 4714 3300 4785 δὴ
3329 4715 3603 4788 λέγοιμεν,
3635 4719 3719 4771 ὄτι

2139 4803 2269 4872 μιᾶς
2303 4802 2672 4867 ὑποστάσεως,
2703 4800 2813 4856 οἷον
2844 4806 2924 4866 εἰς
2951 4803 3088 4874 ἔργα
3122 4808 3508 4879 κεκινημένης,
3537 4809 3719 4879 ἀπρα-

2135 4892 2385 4960 κτήσειεν
2417 4891 2484 4944 ἂν
2522 4893 2575 4944 αἱ
2605 4891 2718 4955 δύο,
2756 4892 2872 4956 πῶς
2899 4893 2959 4946 οὑ
2991 4897 3190 4964 παχεῖα
3218 4897 3358 4968 τομὴ
3395 4898 3718 4969 παρεισκρί-

2135 4999 2307 5045 νεται,
2341 4981 2506 5035 τόπον
2545 4983 2734 5054 ὥσπερ
2781 4985 2904 5039 τινὰ
2951 4985 3060 5038 τῶν
3107 4987 3458 5041 ὑποστάσεων
3511 4990 3716 5062 ἑκάστη

2140 5074 2403 5146 νέμουσα,
2433 5075 2512 5140 τὸ,
2548 5074 2652 5139 ἔξω
2689 5094 2749 5129 τε
2797 5077 2891 5130 καὶ
2931 5078 3432 5149 ἀπεσχοινισμένως
3479 5079 3716 5144 νοεῖσθαι

2139 5166 2248 5219 τῶν
2300 5166 2497 5230 ἄλλων,
2535 5167 2596 5221 οὑ
2649 5169 2791 5223 κατὰ
2837 5187 2898 5237 γε
2947 5170 3007 5222 τὸ
3053 5170 3322 5241 ὑπάρχειν
3380 5171 3710 5236 ίδιοστάτως,

2135 5255 2294 5308 τοῦτο
2315 5255 2421 5327 γὰρ
2446 5257 2674 5326 ἀληθέςο
2703 5258 2817 5311 ἀλλ’
2842 5259 2918 5323 ὡς
2947 5261 3005 5312 ἐν
3027 5262 3092 5330 τῇ
3115 5261 3258 5314 κατά
3280 5261 3388 5313 πᾶν
3410 5262 3711 5332 ἑτερότητι,

2139 5347 2213 5418 μὴ
2251 5348 2552 5419 ἀνεχομένη
2595 5350 2752 5418 λόγου
2796 5352 2890 5405 τοῦ
2928 5354 3338 5425 συναγείροντος
3379 5356 3458 5418 εἰς
3488 5356 3716 5425 ἑνότητα

2136 5440 2371 5510 φυσικήν
2394 5458 2406 5504 ;
2432 5441 2544 5494 Μία
2564 5442 2673 5512 γὰρ
2697 5443 2950 5514 θεότητος
2980 5444 3143 5514 φύσις
3166 5446 3223 5496 ὲν
3250 5444 3382 5514 ἁγίᾳ
3409 5444 3502 5498 καὶ
3529 5446 3715 5512 όμοου-

2138 5528 2237 5597 σίῳ
2269 5532 2468 5582 νοεῖται
2502 5531 2711 5600 Τριάδι.
2729 5533 2788 5584 '0
2815 5531 2871 5584 δὲ
2899 5532 3134 5602 χρηστὸς
3161 5531 3362 5590 οὑτοσὶ,
3397 5530 3488 5582 τὸν
3517 5519 3714 5598 ὁμοού-

2136 5633 2249 5668 σιον
2287 5617 2366 5687 τῷ
2392 5618 2512 5690 Θεῷ
2534 5621 2627 5673 καὶ
2657 5621 2830 5694 Πατρὶ
2856 5622 2991 5677 Θεὸν
3017 5624 3206 5692 Λόγον,
3232 5622 3308 5686 ὼς
3335 5621 3435 5675 οὐκ
3455 5619 3606 5684 εἰδὼς
3630 5619 3715 5674 ὅτι

1755 5791 1794 5821 εί
1832 5789 1959 5849 Luc.
1995 5808 2107 5858 XXI,
2156 5793 2350 5860 15,15.
