4104 6336
290 370 384 415 ςδι

1311 368 1683 426 ADVERSUS
1720 367 2124 428 NESTORIUM
2165 370 2293 425 [ΑΒ.
2336 370 2420 423 ιν.

3425 372 3529 427 182

287 476 509 544 γέγονεν
545 476 848 549 ἄνθρωπος,
880 481 941 533 οὐ
986 482 1047 535 τὸ
1084 478 1221 538 εἶναι
1261 484 1392 548 Θεδς
1438 484 1850 556 ἀποϐεϐληκὼς,

1968 486 2090 540 Nam
2124 502 2245 541 cum
2274 493 2462 541 sancto
2493 483 2738 554 Spiritui,
2775 492 2832 538 ut
2858 483 3059 539 dictum
3091 492 3193 547 est,
3226 484 3529 550 patrocine-

290 567 667 639 προσειληφὼς
686 570 744 623 δὲ
774 572 973 642 μᾶλλον
997 575 1134 646 ὅπερ
1158 577 1258 629 οὐκ
1282 571 1371 646 ἦν,
1396 577 1858 647 κατασμικρύνειν

283 656 589 729 ἀποτολμᾷ.
644 659 1001 732 Συναγορεύει
1048 663 1150 735 μὲν
1197 664 1339 736 γὰρ,
1392 666 1467 729 ὡς
1524 666 1757 736 εἱῗρηται,
1784 665 1862 734 τῷ

282 748 428 819 ἁγίῳ
455 748 750 820 Πνεῦματι,
782 754 1124 825 περιυϐρίζει
1153 756 1209 810 δὲ
1238 758 1328 811 τὸν
1349 759 1499 824 Υἱὸν,
1519 758 1661 812 οὕτω
1690 758 1861 826 λέγων

284 856 308 896 ἰ
331 838 425 911 ρός
455 856 604 903 τινας
629 840 736 898 τῶν
764 842 833 899 τὰ
864 844 1075 915 ’Λρείου
1106 850 1319 918 φρονεῖν
1349 849 1657 920 ᾑρημένων.

356 927 632 1002 [Πλείο-ια,
681 933 837 1011 φησι,
888 934 986 1005 τὴν
1033 937 1114 999 εἰς
1157 936 1319 997 αὐτὸν
1360 940 1860 1005 κατασκευάζοντες

285 1017 469 1091 ὓϐριν.
487 1021 579 1074 καὶ
601 1021 659 1075 τδ
677 1024 900 1095 Πνεῦμα
919 1027 1016 1097 τῆς
1036 1027 1185 1093 θείας
1205 1031 1599 1102 ἀποτέμνοντες
1624 1033 1857 1102 φύσεως,

283 1111 351 1163 τδ
377 1110 476 1191 τῂν
516 1113 908 1187 ἀνθρωπότητα
932 1120 1096 1173 αὑτοῦ
1135 1121 1435 1180 διαπλάσαν
1460 1140 1475 1155 ⁸
1513 1142 1532 1175 ι
1563 1124 1637 1178 Τὸ
1669 1126 1777 1195 γὰρ
1804 1126 1862 1179 ἐν

288 1205 355 1273 τῇ
377 1203 747 1285 Μαρίᾳφησὶ,
775 1210 1049 1280 γεννηθὲν,
1065 1213 1128 1266 ἐκ
1143 1212 1458 1284 Πνεῦματός
1480 1216 1627 1269 ἔστιν
1647 1216 1823 1284 ἁγίου·
1838 1234 1856 1266 ι

286 1294 432 1348 κατά
458 1293 573 1366 [Ζσ.
608 1296 670 1349 τὸ
702 1298 865 1369 κατὰ]
903 1300 1242 1374 δικαιοσύνην
1269 1303 1332 1365 τὸ
1355 1304 1590 1367 πλασθὲν
1627 1296 1860 1361 ἀνέπλα-

289 1401 384 1445 σεν
425 1385 539 1457 [ἷσ.
564 1387 899 1463 ἀναπλάσαν]
924 1410 938 1425 ·
981 1392 1370 1465 «Ἐφανερώθη
1412 1397 1542 1467 γὰρ,
1573 1397 1757 1469 φησιν,
1806 1399 1864 1452 ὲν

290 1475 457 1543 σαρκί
480 1474 801 1548 ’ἐδικαιώθη
833 1479 891 1531 ὲν
915 1479 1219 1551 Πνεῦματν
1264 1500 1283 1534 ι
1318 1482 1379 1542 τὸ
1395 1481 1613 1553 δαίμοσι
1633 1483 1863 1553 φοϐερὸν

289 1564 667 1637 ἐργασάμενον
688 1582 703 1597 ·
746 1585 765 1619 t
787 1567 928 1636 Ἐγὼ
954 1569 1083 1641 γὰρ,
1113 1571 1296 1641 φησιν,
1332 1573 1388 1625 ἐν
1419 1572 1694 1643 Πνεῦματι
1727 1573 1861 1627 Θεοῦ

286 1656 537 1711 ἐκϐάλλω
567 1658 636 1711 τὰ
661 1658 934 1729 δαιμόνιαο
966 1680 986 1714 ι
1016 1661 1082 1715 τὸ
1108 1663 1206 1734 τὴν
1234 1663 1399 1717 αὑτοῦ
1426 1665 1605 1735 σάρκα
1636 1683 1864 1737 πεποιη-

291 1746 455 1814 μένον
477 1748 629 1802 ναὸνρ
662 1767 680 1801 t
709 1750 984 1821 Τεθέαμαι
1018 1753 1144 1823 γὰρ,
1176 1754 1328 1825 φησὶ,
1354 1753 1417 1809 τὸ
1442 1754 1666 1825 Πνεῦμα
1694 1772 1864 1809 καταο

1964 587 2071 645 tur,
2110 579 2302 632 Filium
2338 576 2498 633 allicit
2531 574 2760 646 injuria,
2792 576 2888 631 ubi
2917 575 3172 632 adversus
3204 575 3318 630 Arii
3358 585 3531 630 secta-

1964 676 2107 725 tores
2138 670 2219 725 ita
2243 670 2395 726 dicit.

2042 934 2302 1005 [Νεεῐοιι.
2340 931 2618 1001 Majorcm,
2646 930 2840 999 inquit,
2868 931 2920 983 in
2949 930 3123 999 ipsum
3152 936 3424 985 struentes
3452 929 3528 983 in-

1956 1025 2180 1095 juriam,
2206 1032 2261 1079 et
2290 1023 2548 1093 Spiritum
2579 1036 2608 1075 a
2640 1024 2819 1076 divina
2851 1031 3040 1077 natura
3069 1030 3407 1091 separantes,
3432 1020 3536 1089 qui

1964 1117 2354 1171 humanitatem
2382 1115 2497 1185 ejus
2526 1116 2776 1171 formavit
2806 1132 2821 1169 :
2857 1133 2875 1166 ‹
2909 1114 3061 1181 Quod
3085 1114 3228 1168 enim
3257 1113 3310 1167 in
3340 1113 3526 1179 Maria,

1963 1205 2157 1275 inquit,
2189 1216 2371 1259 natum
2405 1213 2509 1269 est,
2544 1204 2611 1259 de
2640 1204 2845 1274 Spiritu
2875 1213 3061 1258 sancto
3089 1211 3172 1257 est
3194 1202 3406 1272 “pqui
3436 1214 3527 1257 se-

1961 1295 2194 1351 cundum
2225 1294 2492 1365 justitiam
2521 1295 2663 1362 quod
2694 1291 2983 1346 formatum
3017 1302 3138 1346 erat
3168 1291 3525 1347 reformavit:

1969 1405 1988 1441 ι
2021 1387 2420 1443 Manifestatum
2450 1385 2595 1440 enim
2622 1391 2727 1448 est,
2756 1382 2952 1452 inquit,
2982 1383 3033 1436 in
3063 1396 3247 1445 carne,
3269 1381 3529 1452 justifica-

1963 1488 2076 1534 tum
2107 1487 2190 1534 est
2218 1478 2272 1533 in
2296 1476 2501 1548 Spiritu
2523 1476 2598 1541 '°;
2626 1474 2717 1545 qui
2752 1482 2810 1528 ut
2838 1474 3116 1530 daamoniis
3145 1482 3291 1529 esset
3318 1471 3529 1528 terribi-

1964 1571 2029 1626 lis
2054 1569 2236 1627 efl'ecit
2264 1588 2278 1625 :
2313 1586 2333 1622 ι
2363 1568 2475 1639 Ego
2505 1567 2674 1631 enim,
2702 1564 2897 1634 inquit,
2928 1565 2981 1620 iu
3012 1565 3217 1634 Spiritu
3249 1562 3344 1618 Dei
3373 1561 3531 1630 ejicio

1963 1661 2225 1719 dzemonia
2248 1661 2331 1723 7‘;
2376 1678 2399 1715 ι
2434 1659 2528 1729 qui
2566 1658 2724 1713 illius-
2751 1672 2970 1714 carnem
3005 1656 3183 1714 ellccit
3219 1653 3473 1725 templum
3513 1671 3527 1707 :

1969 1771 1989 1803 ι
2014 1751 2131 1807 Vidi
2158 1751 2329 1816 enim,
2358 1748 2835 1819 inquit,Spiritum
2851 1747 3262 1803 descendentem
3291 1746 3531 1801 sicuteot-

287 1834 475 1888 ϐαῖνον
507 1835 639 1890 ὡσεί
671 1838 1022 1911 περιστερὰν,
1053 1842 1147 1895 καὶ
1175 1842 1481 1913 μεμένηκεν
1509 1845 1595 1896 ἐπ’
1628 1843 1813 1897 αὐτόν·
1838 1862 1855 1895 ι

1968 1844 2224 1906 lumbam,
2255 1850 2309 1896 et
2340 1839 2536 1896 mansit
2566 1853 2728 1910 super
2755 1840 2982 1905 eum";
3020 1856 3047 1891 ι
3075 1837 3169 1909 qui
3201 1836 3527 1905 assumptio-

287 1925 349 1978 τὸ
374 1926 476 2003 τὴν
509 1929 776 2001 ἀνάληψιν
806 1931 956 2003 αὺτῷ
983 1935 1346 2004 χαρισάμενον
1368 1950 1381 1963 ·
1416 1952 1436 1987 ι
1460 1934 1865 2006 Ἐντειλάμενος

287 2016 420 2096 γὰρ,
460 2020 616 2096 φησι,
663 2024 775 2086 τοῖς
822 2023 1000 2092 ἁγίοις
1044 2024 1383 2089 ἀποστόλοις,
1414 2026 1508 2090 οὓς
1558 2026 1860 2094 ἐξελέξατο,

284 2107 377 2159 διὰ
404 2107 720 2178 Πνεῦματος
749 2111 927 2181 ἁγίου,
952 2112 1251 2185 ἀνελήφθη.
1274 2132 1293 2163 ι
1328 2114 1497 2167 Τοῦτο
1520 2115 1584 2187 δὴ
1615 2116 1678 2170 τὸ
1714 2117 1866 2187 τηλι-

286 2196 498 2270 καύτην
540 2202 761 2275 Χριστῷ
808 2207 1173 2281 χαρισάμενον
1220 2204 1395 2278 δόξαν,
1433 2207 1670 2280 Χριστοῦ
1697 2226 1865 2267 κατα·

286 2289 611 2356 σκευάζουσι
647 2294 878 2371 δοῦλον.]

887 2436 1137 2493 ΚΕΦΑΛ.
1191 2441 1266 2495 Γθ.

352 2566 431 2619 Τὸ
456 2566 552 2637 μὲν
571 2561 663 2621 οῦν
689 2567 789 2637 τῆς
816 2566 963 2632 θείας
990 2586 1048 2623 τε
1076 2572 1169 2624 καὶ
1193 2571 1472 2643 ἀκηράτου
1498 2574 1712 2643 φύσεως
1738 2574 1866 2628 ἀπο-

280 2657 499 2728 τέμνειν
518 2657 578 2711 τδ
600 2658 824 2727 Πνεῦμα
854 2662 1218 2734 κατατολμᾷν,
1241 2662 1525 2737 μοχθηρᾶς
1555 2660 1695 2719 εἷναί
1718 2684 1861 2738 φημι

280 2751 380 2804 καὶ
428 2749 707 2823 ἀλιτηρίου
754 2751 971 2823 φρενὸς,
1008 2753 1103 2809 καὶ
1135 2754 1271 2809 πολὺ
1307 2756 1400 2810 τοῦ
1431 2757 1641 2822 εἰκότος
1676 2758 1865 2829 ἐξῳκι-

191 2847 202 2856 “
282 2842 846 2915 σμένης.⁹ομοούσιον
872 2843 981 2915 γάρ
1016 2846 1133 2898 ὲστι
1163 2845 1242 2917 τῷ
1270 2846 1388 2917 Θεῷ
1416 2846 1511 2902 καὶ
1549 2848 1746 2919 Πατρὶ,
1771 2847 1865 2903 καὶ

281 2934 397 3004 μὴν
423 2933 516 2987 καί¹
542 2934 693 3006 αὐτῷ
723 2935 803 3005 τῷ
828 2934 975 3003 Υἰῷ’
1020 2936 1115 2990 καὶ
1160 2937 1293 3002 Θεὸς
1322 2936 1482 3005 εἶναι,
1511 2940 1606 2993 καί¹
1633 2939 1698 2993 ὲκ
1729 2938 1863 2993 Θεοῦ

280 3025 619 3081 πιστεύεται.
660 3028 872 3100 Χρῆναι
919 3027 976 3081 δὲ
1022 3023 1176 3100 οἶμαι
1214 3029 1372 3084 ταυτὶ
1404 3028 1667 3101 μεθέντας
1698 3031 1779 3094 εἰς
1805 3030 1866 3082 τὸ

286 3116 488 3187 παρὸν.
521 3117 611 3170 τὸν
635 3118 692 3171 ἐν
720 3118 907 3189 χερσὶν
938 3119 1089 3187 ἡμῖν,
1124 3118 1651 3191 πολυπραγμονῆσαι
1684 3119 1862 3188 λόγον,

280 3207 381 3260 καὶ
395 3208 518 3261 ὅποι
538 3208 665 3261 ποτε
687 3207 889 3277 βλέπει,
904 3207 1297 3279 νουνεχέστατα
1320 3210 1609 3264 κατιδεῖν.‹
1635 3208 1865 3263 Πλείονοι

281 3300 419 3370 γάρ,
466 3301 621 3370 φησι,
656 3299 755 3371 τὴν
788 3300 868 3363 εἰς
907 3300 1070 3354 αὐτὸν
1116 3298 1618 3364 κατασκευάζοντες
1666 3299 1823 3371 ὕϐριν
1847 3316 1863 3331 ο

280 3393 480 3461 δῆλον
497 3392 564 3445 δὲ
576 3392 664 3446 ὅτι
682 3392 786 3446 τὸν
799 3391 867 3446 ἐκ
884 3392 1031 3447 Θεοῦ
1044 3391 1273 3461 Πατρός
1288 3393 1501 3460 Λόγον·
1520 3392 1689 3445 καὶτὸ
1705 3393 1867 3445 Πνεῦ‹

287 3503 371 3557 μα
402 3484 501 3554 τῆς
544 3483 694 3547 Θείας
731 3484 1129 3555 ἀποτέμνοντες
1164 3482 1395 3553 φύσεως,
1429 3482 1491 3535 τὸ
1524 3484 1626 3554 τὴν
1654 3482 1866 3554 ἀνθρω-

284 3576 501 3646 πότητα
528 3574 691 3628 αὑτοῦ
706 3570 1025 3629 διαπλάσαν.
1051 3593 1070 3626 ι
1097 3574 1206 3646 Τὴν
1241 3568 1462 3641 τίνος,ὧ
1482 3574 1745 3645 βέλτιστε,
1762 3575 1867 3646 φὴς

282 3664 687 3726 διαπεπλάσθαι
710 3664 1099 3735 ἀνθρωπότητα
1119 3664 1207 3718 διὰ
1230 3664 1325 3718 τοῦ
1355 3665 1669 3737 Πνεῦματος
1690 3683 1703 3730 ;
1730 3667 1867 3719 Καί-

284 3774 372 3810 τοι
404 3757 531 3820 τοὺς
561 3754 754 3824 λόγους
778 3755 910 3826 ἡμῖν
938 3754 1142 3824 ἀρτίως
1170 3756 1257 3808 ἐπ’
1283 3756 1431 3826 αὐτῷ
1462 3756 1758 3827 πεποίησαι
1789 3755 1866 3827 τῷ

286 3851 604 3919 Μονογενεῖ,
636 3850 731 3903 καὶ
757 3851 822 3902 ὲκ
851 3848 986 3902 Θεοῦ
1021 3847 1234 3920 Πατρὸς
1262 3849 1590 3923 ἀπορρήτως
1612 3865 1868 3921 γεγεννη-

292 3942 476 4012 μένῳ·
512 3941 663 3996 θείαν
694 3940 804 4012 γὰρ
840 3940 905 4011 δὴ
948 3940 1107 4010 φύσιν
1152 3940 1431 4011 ὠνόμαζες
1477 3941 1672 3996 αὐτόν·
1700 3941 1866 3996 αὑτοῦ

286 4016 347 4089 δὲ
374 4027 527 4103 οἶμαι
557 4032 653 4085 καὶ
677 4032 774 4101 οὐχ
803 4030 989 4101 ἑτέρου
1016 4031 1114 4101 τὴν
1150 4030 1547 4102 ἁνθρωπότητα
1572 4032 1696 4102 φής.
1722 4033 1866 4086 Οὐκ-

283 4123 385 4187 οῦν
409 4122 748 4193 διαμέμνησο
785 4120 896 4176 τῶν
928 4120 1153 4174 σεαυτοῦ
1183 4121 1407 4189 φωνῶν·
1438 4122 1574 4176 ἰδίαν
1594 4124 1702 4195 γὰρ
1728 4118 1865 4177 εἶναι

287 4213 399 4291 φὴς
441 4212 537 4265 τοῦ
574 4212 751 4280 Λόγου
788 4210 886 4282 τὴν
918 4211 1096 4282 σάρκα
1122 4211 1299 4283 ψυχῆς
1331 4212 1558 4284 ἐνούσης
1586 4214 1722 4285 αὐτῇ
1766 4215 1865 4284 τῆς

288 4302 515 4373 λογικῆς
568 4302 810 4374 δηλονότι
835 4320 851 4334 ο
888 4303 1041 4357 ἔσται
1071 4301 1183 4373 γὰρ
1230 4303 1403 4367 οὕτως
1512 4304 1864 4375 ἀνθρωπότης

284 4394 475 4462 αὑτοῦ.
506 4389 637 4449 Εἶτα
666 4394 805 4458 πῶς,
835 4393 990 4464 εἰπερ
1022 4394 1170 4447 ἐστὶν
1195 4394 1254 4448 ἓν
1286 4394 1425 4464 μετά
1447 4398 1545 4466 τῆς
1576 4394 1707 4459 ἰδίας
1735 4412 1866 4465 σαρ-

288 4487 385 4563 κὸς
427 4488 457 4540 ὁ
497 4488 562 4540 ὲκ
608 4486 743 4540 Θεοῦ
774 4486 987 4557 Πατρὸς
1017 4486 1210 4554 Λόγος,
1244 4487 1424 4557 ἰσχύος
1456 4482 1595 4539 εἶναι
1624 4486 1863 4556 νομίζεις

286 4576 454 4640 αὑτὸν
481 4577 579 4648 τῆς
601 4576 935 4647 θεοπρεποῦς
957 4576 1165 4641 ἐπιδεᾶ,
1198 4577 1292 4629 καὶ
1316 4576 1544 4647 φοϐερὸν
1568 4575 1730 4629 αὑτὸν
1756 4576 1866 4646 είρο

286 4668 491 4737 γὰσθαι
521 4671 631 4731 τοῖς
662 4667 879 4739 δαίμοσι
903 4667 964 4721 τὸ
1003 4667 1227 4738 Πνεῦμα
1252 4666 1314 4719 τὸ
1351 4666 1524 4736 ἆγιον,
1558 4666 1634 4732 ὡς
1661 4667 1768 4721 ἀπό
1799 4684 1861 4734 γε

286 4760 391 4837 τῆς
421 4759 557 4823 ἰδίας
585 4759 798 4829 φύσεως
824 4758 924 4811 οὐκ
972 4758 1163 4829 ἔχοντα
1205 4758 1363 4811 τοῦτο
1412 4758 1569 4829 δρᾷν’
1616 4758 1711 4811 καὶ
1754 4757 1861 4829 μὴν

290 4851 388 4905 καὶ
420 4850 503 4915 τὸ,
531 4849 789 4904 δύνασθαι
835 4849 1138 4919 συντρίϐειν
1168 4849 1261 4901 τὸν
1304 4849 1569 4912 Σατανᾶν,
1600 4847 1677 4912 ὡς
1714 4848 1864 4901 δοτὸν

290 4941 673 5013 παρ’ὲτέρου,
726 4941 822 4995 καὶ
871 4941 1023 5011 μόλις
1072 4939 1486 5011 ὲρανιζόμενον;
1516 4938 1580 4991 Εἰ
1627 4937 1725 5007 μὲν
1769 4933 1863 4992 οῦν

287 5027 447 5085 οἶσθα
474 5031 556 5085 ὅτι
588 5031 649 5083 τὸ
676 5029 1001 5102 ἀποτέμνειν
1031 5030 1094 5082 τὸ
1122 5028 1346 5099 Πνεῦμα
1373 5028 1474 5098 τῆς
1515 5027 1665 5091 θείας
1697 5027 1862 5081 αὐτοῦ

289 5122 528 5192 φύσεως,
564 5122 922 5194 ἐγκλημάτων
952 5122 1229 5193 αἴσχιστον
1260 5122 1343 5189 εἴη
1372 5120 1457 5188 ἂν,
1484 5120 1579 5173 καὶ
1609 5119 1753 5190 μαλα
1776 5120 1861 5172 εἰ·

1965 1948 2087 1988 nem
2106 1931 2194 1987 illi
2225 1929 2449 2001 largitus
2477 1938 2557 1985 est
2589 1945 2607 1992 ι
2642 1948 2668 1987 ί
2697 1927 3056 1998 Ρηεείρίοηε,
3088 1928 3297 1998 inquit,
3327 1925 3531 1983 sanctis

1964 2022 2243 2091 apostolis,
2274 2036 2409 2091 quos
2432 2020 2616 2088 elegit.
2654 2035 2749 2087 per
2784 2019 3044 2089 Spiritum
3081 2027 3347 2084 sanctum,
3375 2015 3534 2088 104

1965 2123 2270 2183 assumptus
2303 2122 2386 2168 cst
2409 2113 2475 2165 ⁷³.
2516 2129 2535 2162 ι
2576 2108 2727 2166 llunc
2763 2112 2925 2179 igitur
2956 2111 3047 2181 qui
3082 2119 3283 2165 tantam
3317 2108 3533 2163 Christo

1964 2206 2188 2274 gloriam
2219 2204 2443 2276 largitus
2471 2212 2575 2272 est,
2606 2202 2806 2259 Christi
2838 2217 3054 2259 servum
3084 2198 3366 2272 cilicium]

2613 2429 2766 2485 CAP.
2802 2425 2885 2483 Ill.

2036 2570 2251 2624 Audcre
2280 2567 2497 2637 quidem
2524 2580 2555 2621 a
2584 2566 2767 2623 divina
2797 2564 2885 2618 illa
2919 2562 3316 2631 immortalique
3344 2569 3536 2616 natura

1967 2662 2230 2732 Spiritum
2260 2660 2605 2725 abscindere,
2636 2655 2868 2725 improbi
2897 2670 3020 2711 esse
3048 2664 3103 2711 et
3131 2652 3342 2710 scelesti
3371 2651 3538 2706 animi

1964 2768 2185 2818 censeo,
2206 2761 2262 2809 et
2289 2753 2449 2822 longo
2479 2749 2761 2806 intervallo
2789 2749 2857 2803 ab
2885 2762 2951 2802 eo
2980 2746 3122 2818 quod
3149 2742 3402 2799 convenit
3450 2755 3539 2795 re-

1966 2845 2119 2900 moti.
2152 2841 2639 2900 Consubstantialis
2674 2846 2757 2896 est
2789 2838 2935 2892 enim
2974 2840 3082 2894 Deo
3118 2846 3172 2893 et
3204 2834 3373 2899 Patri,
3406 2822 3540 2901 quin

1966 2937 2130 2993 etiam
2156 2934 2257 3002 ipsi
2282 2949 2496 3004 quoque
2520 2933 2679 2997 Filio,
2706 2943 2761 2989 et
2786 2934 2927 2988 Deus
2953 2946 3072 2988 esse
3098 2939 3154 2984 ct
3181 2942 3249 2983 ex
3278 2925 3390 2981 Deo
3414 2937 3538 2979 cre-

1966 3028 2131 3082 ditur.
2157 3023 2264 3080 Sed
2289 3033 2540 3093 oportere
2564 3023 2821 3086 arbitror,
2849 3022 2916 3077 iis
2940 3022 3007 3075 ad
3034 3028 3274 3087 prmsens
3298 3009 3540 3075 omissis,

1968 3117 2130 3172 verba
2169 3131 2289 3186 quae
2331 3129 2476 3170 nunc
2515 3122 2644 3170 sunt
2681 3113 2736 3169 in
2778 3111 3059 3176 manibus,
3101 3105 3442 3170 examinare,
3486 3110 3541 3157 et

1972 3221 2078 3276 quo
2123 3214 2369 3275 spectent
2403 3213 2655 3260 accurate
2702 3201 3031 3272 perspicere.
3067 3216 3087 3249 ι
3120 3194 3407 3263 Maiorem,
3459 3191 3540 3246 in-

1972 3299 2110 3370 quit,
2134 3299 2187 3354 in
2215 3297 2388 3365 ipsum
2416 3302 2720 3352 statuentes
2746 3291 2997 3362 injuriam
3024 3287 3297 3360 (nimirum
3329 3287 3383 3341 in
3406 3283 3542 3339 illud

1972 3408 2036 3446 ea:
2066 3390 2171 3444 Deo
2206 3387 2367 3442 Patre
2395 3384 2667 3455 Verbum),
2694 3393 2750 3439 et
2776 3382 3037 3449 Spiritum
3067 3396 3097 3434 a
3127 3378 3309 3439 divina
3341 3387 3540 3433 natura

1971 3476 2417 3549 separantes,qui
2450 3475 2568 3546 ejus
2600 3474 2984 3530 humanitatem
3007 3470 3278 3526 formavit.
3303 3487 3320 3520 ι
3343 3466 3538 3535 Cujus-

1973 3583 2130 3635 nam,
2172 3569 2257 3620 vir
2298 3565 2539 3635 optime,
2583 3562 2788 3619 asseris
2831 3561 3220 3617 humanitatem
3265 3573 3294 3612 a
3340 3555 3540 3625 Spiritu

1973 3658 2299 3713 formatam?
2336 3657 2501 3725 Atqui
2543 3654 2745 3711 dudum
2784 3654 2851 3709 de
2889 3653 3008 3723 ipso
3049 3650 3338 3720 Unigcnito
3379 3656 3433 3702 ct
3472 3660 3541 3700 ex

1976 3748 2084 3803 Deo
2123 3748 2287 3803 Patre
2328 3746 2670 3803 ineﬂ'abiliter
2700 3753 2832 3801 nato
2862 3743 3025 3798 verba
3066 3742 3277 3799 feceras
3315 3757 3330 3794 :
3369 3740 3540 3808 ipsum

1972 3839 2117 3894 enim
2151 3838 2389 3894 divinam
2424 3846 2671 3893 naturam
2705 3833 3016 3906 appellabas
3048 3851 3062 3887 :
3097 3832 3267 3902 ipsius
3301 3844 3451 3901 ergo,
3483 3837 3542 3881 ut

1972 3931 2187 4001 Opinor,
2222 3944 2332 3985 non
2366 3929 2589 3985 alterius
2624 3927 3012 3983 humanitatem
3048 3925 3205 3980 dicis.
3237 3921 3541 3977 Recordare

1974 4023 2138 4093 igitur
2159 4023 2447 4077 verborum
2477 4029 2689 4076 tuorum
2720 4037 2735 4074 :
2764 4019 3036 4089 propriam
3064 4016 3208 4071 enim
3237 4029 3356 4070 esse
3382 4011 3541 4067 Verbi

1973 4114 2122 4168 illam
2154 4127 2374 4168 carnem
2398 4112 2556 4176 dicis,
2579 4110 2757 4165 anima
2793 4107 3044 4183 rationali
3078 4105 3355 4178 prmditarn
3388 4100 3541 4158 scili-

1971 4211 2058 4258 cet
2092 4220 2107 4257 :
2142 4202 2222 4257 sic
2258 4215 2491 4269 namque
2524 4199 2628 4255 erit
2659 4200 2777 4264 ejus
2811 4196 3139 4251 humanitas.
3175 4194 3340 4264 Atqui
3374 4193 3419 4247 si
3455 4191 3540 4261 ip-

1972 4309 2087 4348 sum
2113 4307 2177 4347 ex
2206 4292 2314 4348 Deo
2341 4291 2502 4346 Patre
2523 4288 2754 4346 Verbum
2781 4276 2948 4346 unum
2974 4294 3058 4343 est
3084 4302 3205 4342 cum
3232 4300 3329 4340 sua
3354 4297 3540 4347 carne,

1972 4386 2243 4457 quomodo
2269 4385 2462 4440 divinis
2486 4384 2694 4440 viribus
2722 4399 2846 4440 eum
2877 4383 3117 4452 indigere
3145 4389 3321 4450 putas,
3350 4386 3404 4432 et
3433 4386 3541 4430 ter-

1974 4479 2183 4534 ribilem
2215 4478 2493 4534 dmmoniis
2520 4491 2550 4531 a
2582 4475 2786 4546 Spiritu
2817 4484 3007 4531 sancto
3039 4474 3262 4535 factum,
3292 4479 3354 4524 ut
3386 4468 3475 4538 qui
3508 4482 3539 4519 a

1971 4584 2068 4624 sua
2097 4579 2288 4625 natura
2313 4568 2367 4624 id
2395 4584 2501 4624 non
2530 4576 2716 4638 posset
2740 4567 2984 4632 ellicere;
3010 4564 3195 4619 adhaee
3221 4562 3407 4625 etiam,
3438 4559 3541 4613 hoc

1972 4663 2149 4731 ipsum
2184 4676 2345 4731 posse
2376 4670 2662 4716 conterere
2695 4657 2977 4722 Satanam,
3009 4655 3164 4726 quasi
3199 4654 3265 4709 ah
3302 4652 3407 4707 alio
3440 4651 3537 4705 da-

1968 4764 2103 4817 tum,
2134 4753 2330 4822 vixque
2360 4752 2501 4806 dono
2530 4748 2838 4819 acceptum?
2869 4749 2929 4804 Si
2961 4748 3129 4819 igitur
3160 4761 3266 4801 non
3299 4743 3539 4815 ignoras,

1968 4858 2226 4913 separare
2266 4842 2527 4912 Spiritum
2568 4858 2600 4898 a
2639 4842 2823 4897 divina
2864 4840 2983 4911 ejus
3025 4849 3250 4901 natura,
3295 4833 3541 4905 turpissi-

1973 4952 2118 4990 mum
2149 4934 2453 4989 habendum
2480 4948 2602 4989 esse
2627 4934 2855 4998 crimen,
2880 4940 2936 4989 et
2959 4930 3177 5001 quidem
3199 4927 3342 4996 jure,
3371 4926 3541 4996 ipsius

1968 5026 2154 5095 procul
2183 5026 2344 5081 dubio
2376 5024 2612 5096 Spiritus
2641 5033 2745 5090 est,
2772 5034 2833 5081 ut
2862 5025 2952 5094 qui
2983 5037 3079 5094 per
3102 5019 3428 5078 ineffabilem
3456 5017 3537 5087 ip-

1969 5120 2083 5173 sius
2116 5126 2362 5172 naturam
2398 5118 2672 5185 procedat,
2708 5124 2764 5173 ct
2796 5116 2897 5186 ipsi
2930 5114 3003 5170 sit
3034 5107 3535 5173 consubstantialis,

360 5307 407 5339 "
439 5305 629 5361 Matth.
662 5318 698 5367 I,
726 5304 813 5358 20.
891 5305 938 5336 ⁷ο
969 5303 986 5357 l
1019 5303 1161 5357 Τὶιιι.
1199 5318 1281 5368 ιιι,
1311 5302 1415 5355 ιιι..
1470 5302 1512 5331 ⁷⁸
1547 5298 1733 5353 Matth.
1773 5314 1863 5363 xu,

1969 5338 1983 5351 .
2061 5299 2105 5329 ⁷³
2140 5297 2292 5352 Joan.
2329 5314 2365 5363 ι,
2391 5298 2479 5355 ὃὲ.
2559 5297 2604 5330 ⁷³
2630 5297 2750 5353 Act.
2786 5313 2828 5362 ι,
2864 5297 2917 5350 9..

1546 5473 1705 5530 ΑΝΤ.
1748 5473 2021 5530 AGELLII
2060 5474 2287 5531 NOTIE.

365 5641 497 5713 (24),
519 5638 613 5713 Sic
637 5635 1045 5713 distinguendus
1077 5634 1288 5690 videtur
1316 5633 1484 5712 locus.
1516 5640 1576 5684 ut
1619 5638 1740 5711 apte
1767 5645 1859 5713 ea:

293 5702 388 5767 dat
436 5702 501 5763 a'd
534 5706 765 5764 Nestorii
806 5702 1134 5761 sententiam
1170 5720 1185 5755 :
1220 5703 1465 5772 quamvis
1509 5702 1741 5772 pessima
1781 5702 1861 5772 psit

297 5779 599 5847 distinctio,
628 5787 681 5835 et
715 5786 904 5834 contra
935 5791 1091 5831 usum
1134 5770 1420 5840 Ecclesia};
1465 5785 1625 5840 quam
1670 5770 1858 5827 distin-

1966 5634 2198 5688 ctionem
2229 5632 2494 5698 improbat
2534 5630 2765 5701 Cyrillus
2798 5645 2918 5701 pag.
2962 5628 3083 5694 105,
3115 5635 3169 5684 et
3194 5625 3533 5685 ecclesiasti-

1966 5719 2083 5759 cam
2116 5718 2178 5759 ac
2206 5703 2478 5772 vulgatam
2518 5701 2778 5769 sequitur.
