4104 6336
549 323 649 380 183
1530 342 1586 400 S.
1629 343 1900 404 CYRILLI
1937 351 2410 417 ALEXANDRINI
2448 363 2772 425 ABCHIEP.
3693 395 3798 452 184

544 449 598 492 et
629 440 698 494 ita
734 442 954 501 minime
987 446 1216 519 indiguit
1249 454 1450 512 virtute
1479 459 1547 514 ab
1576 476 1642 516 eo
1671 464 1828 531 data,
1862 478 2083 540 tanquan

544 543 765 582 externa
805 548 858 582 nt
900 541 1115 582 alinmln
1156 546 1322 582 πρίει.
1363 566 1378 581 .
1418 552 1511 582 MA
1552 564 1736 582 ........_
1771 562 1945 582 .._.:-__
1990 574 2030 582 .,

2183 515 2188 534 .
2221 478 2411 546 κότως,
2447 483 2612 537 αὐτοῦ
2642 485 2884 558 δηλονότι
2914 491 2974 544 τὸ
2999 491 3218 566 Πνεῦμά
3242 499 3409 568 ἐστιν,
3438 502 3511 567 ὡς
3535 505 3604 559 δι’
3625 510 3796 582 αὐτῆς

539 543 765 589 externa
805 548 858 592 et
900 541 1115 597 aliunde
1153 546 1325 600 ascita
1363 566 1378 604 :
1417 552 1512 608 sed
1552 564 1736 611 utetur
1771 562 1948 627 potius
1989 574 2110 620 tan-

539 637 700 690 quam
743 631 961 698 pmprio
1005 631 1228 701 Spiritu,
1268 649 1322 693 et
1361 655 1460 708 per
1493 644 1665 712 ipsum
1713 654 2008 710 terribilem
2051 674 2110 714 se

541 714 820 774 darnnoniis
845 726 1110 780 ostendet.
1139 727 1233 782 Sin
1265 733 1356 786 tibi
1388 735 1564 802 placet
1587 755 1681 796 eos
1709 746 1799 811 qui
1830 761 2106 816 separant,

539 806 834 877 impietatis
865 813 1093 874 crimine
1127 820 1391 880 immunes
1422 833 1775 895 pronuntiare
1807 843 2108 907 :quomodo

539 901 694 956 nobis
721 902 921 960 dudum
950 923 1046 964 eos
1073 909 1302 981 injurios
1327 919 1632 989 appellans,
1663 936 1844 993 postea
1858 901 2104 1000 'teipsum

537 988 592 1045 in
613 1007 802 1048 eorum
825 1013 1108 1055 numerum
1130 1005 1331 1061 referre
1346 1025 1454 1064 non
1475 1015 1678 1069 sentis?
1701 1018 1965 1088 siquidem
1989 1026 2108 1080 uni-

537 1093 649 1138 tum
671 1087 824 1141 carni
847 1089 974 1145 illud
993 1107 1059 1148 ex
1085 1094 1193 1149 Deo
1215 1095 1373 1153 Patre
1391 1099 1627 1159 Verbum
1651 1110 1797 1165 velut
1821 1127 1984 1170 unum
2007 1118 2104 1172 ali-

535 1188 691 1240 quem
719 1191 750 1232 e
773 1190 960 1237 nostro
983 1199 1232 1253 numero,
1256 1200 1309 1244 et
1333 1192 1607 1263 vulgarem
1633 1213 1875 1268 prorsus,
1904 1207 2103 1262 auxilio

533 1267 706 1321 sancti
737 1267 971 1338 Spiritus
996 1276 1288 1348 indiguisse
1313 1284 1469 1348 dicis,
1504 1296 1562 1341 ut
1589 1267 1844 1349 terribilis
1863 1267 2102 1354 immun-

533 1357 616 1412 dis
674 1355 832 1433 105
889 1367 1169 1434 spiritibus
1221 1373 1551 1434 videretur:
1615 1397 1738 1436 nam
1788 1387 2000 1444 etiamsi
2047 1392 2100 1446 in

533 1449 734 1518 Spiritu
777 1455 866 1510 Dei
894 1458 1026 1514 dicit
1054 1477 1114 1517 se
1145 1463 1347 1534 ejicere
1399 1471 1686 1540 daemonia,
1717 1494 1896 1535 annon
1930 1483 2098 1550 ipsam

530 1547 800 1601 sermonis
827 1549 1276 1618 dispensationem
1317 1563 1449 1618 satis
1486 1568 1857 1627 admirabilem
1917 1577 2100 1636 videre

529 1637 814 1702 oportuit?
844 1638 1150 1700 Judteorum
1183 1651 1325 1704 enim
1361 1653 1528 1710 duces
1557 1674 1679 1712 eum
1709 1662 1894 1729 glorias
1929 1672 2096 1725 nostri

531 1725 828 1785 Salvatoris
860 1733 1184 1804 inviderent,
1214 1753 1269 1795 et
1299 1743 1351 1796 in
1387 1759 1508 1799 eum
1535 1763 1597 1803 os
1621 1750 1942 1810 ell‘renatum
1969 1774 2094 1829 ape-

526 1815 719 1878 rirent,
774 1821 1152 1881 obtrectabant
1194 1829 1460 1900 inl'eiices,
1510 1850 1818 1895 asserentes
1867 1859 1989 1898 eum
2041 1849 2091 1902 in
2128 1817 2170 1874 Β

527 1900 825 1963 Beelzebub
867 1913 1109 1983 principe
1140 1917 1524 1977 daemoniorum
1566 1926 1768 1996 ejicere
1807 1933 2091 1993 dmmonia.

529 1993 623 2049 Ille
659 2012 808 2064 vero,
848 2003 1007 2058 insita
1041 2022 1171 2077 erga
1211 2025 1400 2068 omnes
1441 2023 2000 2094 usustranquillitate,
2037 2039 2094 2083 ut

524 2100 788 2156 errantes,
814 2102 973 2162 atque
1002 2098 1100 2166 ipsi
1125 2101 1389 2158 dicaeiter
1419 2108 1707 2166 detrahere
1731 2113 1989 2182 volentes,
2025 2121 2094 2176 ad

526 2179 802 2236 meliorem
849 2201 1068 2243 sensqu
1123 2206 1188 2246 ac
1229 2197 1516 2253 veritatem
1553 2203 1724 2270 ipsam
1764 2209 2089 2279 traduceret,

520 2267 746 2337 gloriam
782 2284 992 2341 partam
1030 2293 1095 2334 ex
1139 2281 1190 2335 vi
1239 2292 1553 2346 conterendi
1575 2267 1849 2352 Satanam
1893 2300 1967 2354 illi
2007 2319 2090 2357 se-

521 2363 755 2416 cundum
789 2376 1034 2426 naturam
1067 2371 1178 2429 Deo
1225 2379 1406 2444 potius
1437 2381 1733 2451 tribuebat,
1781 2391 1835 2444 in
1882 2393 2086 2462 Spiritu

521 2452 612 2507 Dei
665 2456 850 2512 dicens
910 2476 968 2516 se
1014 2462 1289 2534 improbos
1351 2472 1574 2541 spiritus
1623 2477 1859 2547 ejicere;
1916 2500 2089 2553 neque

515 2542 750 2612 seipsum
799 2549 1074 2620 abnegans
1111 2551 1278 2611 Deum
1319 2573 1441 2615 esse
1473 2567 1770 2622 secundum
1811 2580 2082 2641 naturam,

514 2645 568 2686 et
614 2636 876 2706 Spiritum
921 2655 1168 2702 sanetum
1237 2653 1513 2722 proprium
1563 2657 1762 2714 habere
1811 2676 2082 2719 asserens.

514 2724 622 2780 Sed
667 2729 793 2797 quia
834 2737 1190 2804 congruebat,
1239 2752 1296 2796 et.
1352 2742 1536 2798 divino
1579 2748 1814 2805 artiﬁcio
1861 2753 2081 2825 dignum

513 2827 630 2870 erat
673 2822 1071 2886 parricidarum
1119 2829 1215 2885 ira:
1253 2836 1468 2902 cedere,
1501 2847 1557 2894 et
1589 2841 1867 2898 hominum
1899 2822 1991 2914 qui
2028 2847 2081 2901 in

511 2923 579 2962 eo
625 2908 1076 2986 oﬂendebantur,
1127 2926 1444 2985 occasiones
1491 2932 1822 3001 przeeidere;
1873 2939 2082 2994 adorie-

507 3002 705 3060 bantur
745 3008 912 3074 enim,
946 3012 1190 3071 dicentes
1222 3035 1237 3072 :
1269 3036 1290 3070 ι
1320 3020 1396 3076 De
1430 3022 1573 3078 bono
1601 3041 1764 3095 opere
1807 3046 1912 3086 non
1946 3033 2082 3102 lapi-

508 3098 695 3154 damus
731 3109 802 3166 te,
835 3104 929 3159 sed
983 3108 1049 3161 de
1089 3108 1451 3180 blasphemia,
1487 3118 1614 3185 quia
1662 3127 1718 3174 tu
1761 3121 1923 3179 homo
1951 3098 2073 3180 cum

507 3187 602 3253 sis,
633 3188 769 3244 facis
813 3195 1042 3265 teipsum
1083 3198 1252 3254 Deum
1273 3201 1359 3270 ";
1399 3223 1419 3257 ι
1456 3205 1597 3262 hanc
1625 3211 1694 3264 ob
1731 3228 1954 3268 causam
1985 3218 2078 3270 be-

507 3279 666 3350 nigne
718 3285 1006 3341 admodum
1060 3292 1127 3345 ad
1185 3295 1461 3350 hominum
1511 3301 1687 3356 adhue
1740 3305 2076 3362 infirmorqu

503 3387 722 3428 sensum
766 3392 826 3432 se
876 3395 1226 3451 componens,
1263 3387 1356 3442 Dei
1391 3389 1652 3460 Spiritum
1688 3396 1882 3465 inquit,
1929 3403 2080 3456 novit

504 3464 646 3517 enim
683 3470 871 3534 probe,
922 3481 981 3526 ut
1006 3473 1118 3541 jam
1149 3477 1280 3542 dixi,
1330 3483 1568 3551 seipsum
1614 3499 1736 3542 esse
1773 3505 1837 3543 ex
1884 3499 2075 3545 natura

506 3553 671 3610 Deum
707 3555 866 3613 simul
914 3576 1036 3616 eum
1064 3561 1246 3632 Patre,
1280 3576 1334 3624 et
1379 3572 1562 3628 omnia
1593 3592 1715 3645 qua:
1747 3576 1889 3634 illius
1928 3590 2071 3648 sunt,
2103 3621 2110 3626 .

503 3661 562 3700 se
603 3649 822 3715 habere,
863 3665 1222 3726 praeterquam
1276 3663 1327 3714 id
1382 3663 1554 3719 solum
1588 3669 1732 3736 quod
1765 3681 1847 3725 est
1889 3672 2071 3728 Pater.

503 3739 690 3811 Itaque
725 3746 889 3799 etiam
926 3749 1142 3806 dicebat
1178 3753 1245 3808 ad
1285 3757 1432 3810 illum
1467 3780 1480 3814 :
1517 3781 1534 3811 ι
1565 3761 1756 3817 Omnia
1801 3781 1941 3830 mea,
1986 3779 2072 3822 tua

501 3839 646 3898 sunt,
679 3845 734 3888 et
769 3847 855 3891 tua
895 3855 1036 3910 mea,
1075 3852 1129 3897 et
1158 3845 1489 3913 gloriﬁcatus
1523 3867 1642 3906 sum
1678 3855 1729 3906 iu
1773 3855 1908 3924 ipsis
1931 3858 2014 3924 7";
2049 3879 2068 3911 ι

500 3935 555 3979 et
588 3927 654 3979 ad
694 3944 792 3984 nos
824 3931 968 3998 ipsos
1011 3949 1131 3988 eum
1159 3938 1226 3992 de
1260 3938 1462 4008 Spiritu
1505 3953 1694 3999 sancto
1721 3949 1885 4004 verba
1921 3949 2071 4004 face-

501 4028 584 4070 ret
615 4038 627 4071 :
668 4039 687 4070 ι
716 4019 931 4085 Omnia,
965 4025 1164 4095 inquit,
1190 4046 1309 4097 quae
1338 4033 1501 4088 habet
1531 4035 1715 4100 Pater,
1752 4055 1868 4093 mea
1895 4054 2022 4096 sunt
2053 4064 2064 4096 :

499 4119 782 4178 propterea
817 4112 926 4167 dixi
964 4119 1116 4173 vobis
1147 4121 1272 4188 quia
1320 4122 1388 4176 de
1433 4141 1553 4182 meo
1580 4130 1829 4197 accipiet,
1883 4143 1938 4187 et
1981 4151 2069 4188 an-

499 4202 768 4256 nuntiabit
795 4204 944 4259 vobis
965 4207 1031 4263 ⁷⁶,
1067 4228 1085 4260 ι
1120 4208 1189 4265 Ut
1216 4214 1360 4266 enim
1395 4219 1633 4282 procedit
1664 4235 1728 4273 ex
1760 4219 1921 4278 Patre
1947 4224 2070 4292 Spi-

498 4295 631 4347 ritus
678 4308 918 4362 sanctus,
963 4317 1083 4355 cum
1134 4303 1204 4358 sit
1242 4305 1411 4374 ipsius
1442 4311 1739 4367 secundum
1791 4326 2064 4382 naturam,

496 4388 683 4441 eodem
715 4406 928 4459 quoque
954 4395 1111 4449 modo
1136 4412 1232 4465 per
1257 4399 1428 4467 ipsum
1459 4401 1675 4470 Filium,
1707 4421 1828 4461 cum
1855 4409 1924 4463 sit
1945 4410 2064 4480 ejus

497 4479 838 4547 naturaliter,
874 4483 1084 4553 ipsique
1113 4491 1612 4548 eonsubstantialis.
1647 4496 1789 4565 Ergo
1814 4479 2063 4568 quamvis
2098 4483 2140 4536 θ

495 4585 589 4637 per
621 4568 882 4638 Spiritum
907 4573 1266 4646 gloriiicetur,
1299 4581 1414 4650 ipse
1464 4593 1643 4640 tamen
1672 4589 1907 4660 seipsum
1938 4601 2062 4647 tan-

493 4676 652 4728 quam
691 4679 786 4731 pcr
825 4669 1097 4736 proprium
1155 4669 1414 4740 Spiritum
1453 4676 1761 4743 gloriﬁcare
1808 4681 2062 4752 intelligi-

495 4763 616 4817 tur;
651 4771 826 4822 ueque
868 4774 930 4811 ea
988 4775 1075 4814 res
1110 4761 1181 4814 illi
1227 4765 1566 4822 extrinsecus
1617 4769 1856 4838 advenit,
1897 4775 2060 4828 etiam

491 4841 535 4893 si
570 4841 761 4897 factus.
784 4845 943 4900 homo
974 4851 1145 4903 nostri
1175 4851 1370 4908 similis
1397 4856 1662 4911 videatur.
1690 4858 2059 4919 Periculosum

493 4942 573 4986 est
601 4941 779 4987 autem
809 4937 872 4989 ad
909 4938 1009 4992 huc
1035 4941 1197 4993 etiam
1239 4943 1368 4996 illud
1403 4947 1584 5002 dicere
1611 4949 1676 5004 de
1712 4963 1904 5008 saneto
1937 4956 2056 5023 Spi-

493 5027 620 5089 ritu,
650 5029 739 5092 qui
771 5045 988 5083 carnem
1026 5032 1195 5100 ipsius
1224 5034 1402 5090 ell'ecit
1437 5041 1692 5106 templum
1725 5064 1736 5096 :
1774 5057 1892 5100 erat
1915 5051 2058 5103 enim

492 5131 617 5167 raro
649 5119 862 5184 propria
893 5119 1074 5184 Verbi,
1131 5125 1289 5194 idque
1321 5129 1481 5197 paulo
1511 5143 1637 5185 ante
1687 5135 1802 5203 ipse
1847 5141 2060 5196 confes-

491 5221 582 5258 sus
622 5224 714 5272 es;
755 5211 922 5276 ipsius
965 5216 1108 5268 enim
1156 5233 1278 5272 esse
1328 5221 1716 5279 humanitatem
1760 5227 1966 5295 dixisti,
2004 5243 2059 5286 et

491 5299 747 5365 templum
781 5303 947 5368 ipsius
975 5305 1072 5360 fuit
1106 5321 1354 5364 sanetum
1386 5313 1511 5368 illud
1547 5331 1745 5385 corpus
1771 5337 1833 5375 ex
1867 5335 2056 5379 sancta

493 5388 710 5459 Virgine
757 5407 1048 5464 sumptum.
1087 5400 1246 5472 106
1270 5402 1525 5474 Proprius
1565 5409 1694 5464 item
1747 5414 1920 5481 ipsius
1971 5417 2058 5470 ille

489 5485 606 5549 ijus
635 5484 888 5554 Spiritus,
923 5509 1094 5560 neque
1122 5511 1358 5562 unquam
1393 5499 1521 5555 illud
1550 5502 1643 5558 Dei
1680 5503 1912 5560 Verbum
1941 5509 2055 5564 sine

490 5591 586 5632 Suo
619 5579 822 5648 Spit‘itu
861 5584 1193 5656 intelligitur.
1231 5588 1453 5648 Prtestat
1483 5595 1643 5664 igitur
1668 5613 1730 5654 ac
1759 5601 2055 5668 sapientius

560 5754 602 5787 ⁷⁵
637 5753 788 5814 Joan.
830 5777 881 5826 κ,
927 5761 1014 5816 55.
1051 5767 1092 5795 ⁷⁵
1129 5764 1279 5822 Joan.
1323 5784 1450 5832 xm,
1498 5772 1575 5825 l0.

1656 5775 1698 5805 7"
1736 5775 1885 5832 τίωη.
1928 5794 2035 5840 Ml,
2071 5782 2149 5834 l5.

2214 568 2402 638 προϊὸν
2432 572 2528 640 τῆς
2575 575 2894 648 ἀπορρήτου
2925 579 3139 650 φύσεως
3170 587 3357 652 αὑτοῦ,
3388 592 3483 646 καὶ
3509 596 3796 666 ὀμοούσιον

2211 661 2378 732 αὐτῷ,
2409 665 2502 717 καὶ
2532 666 2630 720 οὐκ
2659 667 2726 721 ἂν
2750 670 2946 745 ἐδεήθη
2980 677 3231 750 καθάπερ
3277 682 3421 750 τινὸς
3457 661 3558 756 τῆς
3591 688 3792 756 ἔξωθέν

2207 769 2266 804 τε
2303 755 2390 806 καὶ
2419 757 2662 828 ὲπακτῆς
2696 760 2979 833 δυνάμεως
3007 767 3108 838 τῆς
3134 772 3263 842 παρ’
3292 775 3457 829 αὐτοῦ
3475 793 3489 808 ·
3524 781 3788 849 χρήσεται

2207 844 2263 897 δὲ
2291 847 2492 915 μᾶλλον
2511 850 2586 914 ὡς
2615 851 2732 922 ίδίῳ
2759 855 3058 926 Πνεύματι,
3090 862 3184 915 καὶ
3208 863 3440 936 φοϐερὸν
3463 844 3655 924 ἑαυτὸν
3674 877 3786 938 τοῖς

2207 935 2460 1007 δαίμοσιν
2491 941 2763 1011 ἀποφανεῖ
2783 944 2851 998 δι’
2877 949 3063 1003 αὐτοῦ.
3097 951 3160 1006 Εἰ
3193 954 3250 1007 δέ
3282 935 3363 1010 σοι
3390 957 3540 1013 δοκεῖ
3567 961 3677 1016 τῶν
3703 935 3784 1028 εἰς

2206 1029 2524 1086 δυσσέϐειαν
2547 1034 2908 1107 ἐγκλημάτων
2931 1041 3253 1111 ἀποφαίνειν
3267 1050 3468 1120 ὴμοιρη
3477 1053 3636 1118 κότας
3654 1057 3782 1120 τοὺς

2205 1121 2630 1192 ἀποτέμνοντας,
2667 1129 2785 1193 πῶς
2817 1133 2950 1201 ἡμῖν
2981 1135 3182 1204 ἀρτίως
3213 1139 3475 1210 ὑϐριστὰς
3495 1145 3781 1216 ὀνομάζεις

2206 1210 2314 1282 [ἴον.
2342 1211 2650 1288 ὠνόμαζες]
2693 1219 2923 1289 αὐτούς;
2960 1220 3094 1278 Εἶτα
3119 1226 3332 1295 τούτοις
3371 1235 3566 1288 σαυτὸν
3589 1210 3778 1310 etrapi-

2203 1306 2362 1377 θμιον
2393 1311 2494 1363 οὐκ
2524 1312 2754 1386 αἰσθάνῃ
2789 1316 2978 1381 ποιῶν,
3016 1317 3175 1392 εἴπερ
3201 1323 3467 1380 ὲνωθέντα
3499 1332 3662 1400 σαρκὶ
3684 1306 3778 1386 τὸν

2202 1399 2266 1453 ὲκ
2297 1399 2434 1454 Θεοῦ
2461 1403 2671 1474 Πατρὸς
2703 1407 2894 1474 Λόγον,
2933 1410 3182 1484 καθάπερ
3211 1414 3307 1468 ἕνα
3348 1419 3469 1472 τινὰ
3502 1399 3613 1474 τῶν
3642 1423 3746 1476 καθ
3765 1426 3780 1445 ’

2203 1490 2369 1559 ἡμᾶς,
2397 1492 2492 1545 καὶ
2515 1491 2692 1548 κοινὸν
2732 1497 2936 1565 ἁπλῶς,
2962 1501 3059 1571 τῆς
3088 1502 3182 1556 τοῦ
3211 1506 3526 1576 Πνεύματος
3553 1513 3776 1567 ἐπικους

2202 1585 2324 1655 ρίας
2371 1586 2652 1657 δεδεῆσθαι
2700 1591 2824 1661 φὴς,
2863 1593 2948 1646 ἵνα
3005 1596 3235 1666 φοϐερὸς
3284 1603 3397 1664 τοῖς
3441 1604 3775 1675 ἀκαθάρτοις

2200 1677 2372 1746 όρῳτο
2405 1679 2725 1749 πνεύμασιν.
2753 1684 2814 1736 Εἰ
2846 1684 2954 1754 γὰρ
2981 1689 3073 1740 καὶ
3100 1689 3158 1740 ἐν
3188 1691 3464 1761 Πνεύματι
3495 1696 3629 1749 Θεοῦ
3660 1716 3772 1769 φη-

2202 1791 2287 1826 σιν
2323 1774 2515 1828 ἑαυτὸν
2543 1777 2825 1831 ἐκϐάλλειν
2849 1781 2917 1834 τά
2952 1783 3228 1852 δαιμόνια.
3266 1787 3383 1850 πῶς
3406 1788 3505 1842 οῦκ
3537 1789 3643 1843 ἔδει
3676 1790 3772 1843 τοῦ

2199 1863 2354 1933 λόγου
2382 1866 2478 1936 τὴν
2503 1867 2816 1938 οἰκονομίαν
2839 1871 3166 1939 ἀξιάγαστον
3192 1871 3356 1930 οὖσαν
3382 1877 3542 1943 ίδεῖν;
3571 1881 3635 1933 Οἱ
3669 1882 3768 1950 μὲν

2197 1957 2304 2028 γὰρ
2328 1959 2438 2011 τῶν
2469 1961 2735 2014 Ἰουδαίων
2765 1963 3096 2034 καθηγηταί,
3124 1968 3190 2036 τῇ
3217 1967 3311 2020 τοῦ
3334 1969 3582 2040 Σωτῆρος
3612 1971 3770 2040 ἡμῶν

2196 2050 2414 2120 εὐκλείᾳ
2446 2051 2878 2123 διεφθονηκότες,
2911 2055 3005 2108 καὶ
3034 2057 3318 2112 ἀπύλωτον
3355 2061 3444 2112 ἐπ’
3463 2060 3612 2131 αῦτῷ
3640 2062 3769 2116 διοι-

2195 2141 2416 2208 γνύντες
2445 2142 2638 2214 στόμα,
2668 2145 3077 2215 κατεφλυάρουν
3110 2148 3159 2200 οί
3191 2150 3435 2212 δείλαιοι,
3466 2152 3767 2219 φάσκοντες

2194 2232 2251 2282 ἐν
2283 2230 2611 2295 Βεελζεϐοὺλ
2650 2234 2872 2304 ἄρχοντι
2903 2234 3015 2287 τῶν
3047 2236 3342 2308 δαιμονίων
3385 2239 3667 2296 ἐκϐάλλειν
3697 2242 3766 2295 τά

2191 2320 2461 2390 δαιμόνια.
2503 2325 2560 2377 Ὀ
2591 2324 2647 2376 δὲ
2694 2328 2758 2395 τῇ
2806 2326 3032 2398 ἐμφύτῳ
3066 2329 3204 2400 πρὸς
3252 2329 3497 2395 ἅπαντας
3534 2333 3764 2402 γαληνό-

2191 2429 2311 2482 τητι
2343 2414 2700 2484 κεχρημένος,
2733 2418 2825 2469 καὶ
2857 2417 3117 2486 μεθιστὰς
3141 2423 3267 2484 τοὺς
3293 2421 3762 2492 πεπλανημένους,

2189 2505 2355 2574 ἤγουν
2402 2505 2794 2577 ἀθυροστομεῖν
2836 2509 3121 2576 ἐθέλοντας
3163 2512 3250 2564 ἐπ’
3295 2513 3474 2584 αὐτῷ,
3512 2515 3646 2587 πρὸς
3701 2516 3766 2568 τὸ

2187 2597 2408 2666 ἄμεινόν
2442 2613 2504 2650 τε
2533 2597 2627 2650 καὶ
2654 2597 2875 2669 ἀληθὲς,
2902 2600 3022 2670 Θεῷ
3049 2601 3112 2672 δὴ
3155 2603 3356 2672 μᾶλλον
3387 2603 3467 2673 τῷ
3495 2605 3634 2660 κατά
3661 2606 3760 2673 φύ-

2189 2707 2292 2752 σιν,
2317 2688 2416 2759 τὴν
2455 2689 2548 2742 ἐπί
2579 2707 2641 2758 γε
2671 2691 2748 2760 τῷ
2773 2690 3033 2746 δύνασθαι
3065 2695 3372 2766 συντρίϐειν
3395 2695 3485 2748 τὸν
3515 2697 3762 2752 Σατανᾶν

2185 2779 2420 2834 ἀνετίθει
2444 2780 2634 2846 δόξαν,
2664 2783 2724 2835 ἐν
2751 2782 3032 2852 Πνεύματι
3059 2784 3196 2836 Θεοῦ
3232 2785 3407 2855 λέγων
3436 2787 3503 2840 τά
3548 2787 3759 2858 πονηρά

2185 2871 2399 2926 διώκειν
2433 2874 2753 2945 πνεύματα⁹
2787 2877 2879 2929 καὶ
2920 2877 3020 2930 οὐκ
3069 2876 3174 2942 ἔξω
3223 2879 3390 2943 τιθεὶς
3425 2878 3615 2931 ἑαυτὸν
3661 2876 3759 2932 τοῦ

2186 2964 2328 3019 κατὰ
2356 2964 2516 3034 φύσιν
2543 2961 2682 3019 εἶναι
2709 2967 2859 3030 Θεὸν,
2892 2969 2986 3020 καὶ
3018 2969 3150 3022 ἴδιον
3175 2968 3320 3039 ἔχειν
3344 2971 3404 3023 τὸ
3442 2970 3665 3040 Πνεῦμα
3697 2970 3758 3024 τὸ

2185 3053 2359 3122 ἅγιον.
2395 3057 2613 3127 Ἐπειδὴ
2641 3057 2698 3110 δὲ
2724 3054 2791 3128 ἦν
2824 3060 3139 3126 ἀκόλουθον,
3171 3063 3266 3115 καὶ
3303 3062 3640 3133 θεοπρεποῦς
3667 3064 3758 3116 εὑ-

2101 3150 2148 3214 c
2180 3148 2394 3215 τεχνίας
2421 3147 2592 3212 ἀξιον,
2619 3148 2717 3212 τὰς
2749 3150 2856 3203 τῶν
2894 3151 3179 3219 φονώντων
3203 3154 3525 3223 ὑποτρέχειν
3556 3153 3751 3225 ὀργὰς,

2185 3237 2277 3290 καὶ
2312 3239 2409 3301 τὰς
2439 3240 2549 3292 τῶν
2578 3241 2664 3292 ἐπ’
2685 3241 2835 3311 αὐτῷ
2866 3242 3366 3314 σκανδαλιζομένων
3407 3243 3756 3314 περικόπτειν

2180 3329 2468 3399 ἀφορμάς·
2503 3330 2804 3399 ἐπεφύοντο
2857 3333 2966 3403 γὰρ
3023 3333 3305 3402 λέγοντες·
3351 3354 3371 3385 ι
3402 3335 3536 3405 Περὶ
3583 3333 3754 3387 καλοῦ

2181 3423 2341 3490 ἔργου
2369 3423 2429 3474 οὐ
2465 3422 2755 3493 λιθάζομέν
2791 3441 2872 3488 σε,
2914 3425 3050 3478 ἀλλὰ
3095 3426 3222 3496 περὶ
3258 3425 3638 3496 βλασφημίας·
3668 3427 3752 3478 ὅτι

2182 3514 2265 3578 σὺ,
2291 3514 2387 3567 ἀνθ
2396 3531 2571 3584 ρωπος
2591 3515 2690 3579 ὢν,
2713 3518 2883 3579 ποιεῖς
2910 3517 3135 3570 σεαυτὸν
3154 3518 3307 3571 Θεόν·
3322 3537 3341 3569 ι
3360 3518 3529 3588 ταύτῃ
3552 3536 3635 3571 τοι
3659 3520 3752 3571 καὶ

2181 3604 2316 3671 ἄγαν
2343 3606 2594 3671 ἀστείως,
2621 3610 2734 3671 τοῖς
2763 3608 3083 3662 ἀσθενοῦσιν
3104 3609 3186 3663 ἔτι
3219 3611 3748 3681 συγκαθιστάμενος,

2176 3693 2311 3746 Θεοῦ
2335 3694 2394 3746 τὸ
2418 3694 2636 3764 πνεῦμά
2658 3714 2822 3766 φησιν
2841 3715 2853 3726 ο
2881 3695 2991 3751 οἶδε
3023 3698 3138 3770 γάρ
3155 3695 3315 3763 οἶδεν,
3336 3702 3411 3764 ὡς
3439 3702 3596 3771 ἔφην,
3622 3704 3747 3755 ἐαυ-

2174 3786 2269 3839 τὸν
2321 3786 2452 3840 ὅντα
2500 3788 2659 3856 φύσει
2716 3790 2848 3841 Θεὸν
2895 3791 3033 3859 ὁμοῦ
3083 3791 3160 3860 τῷ
3216 3796 3610 3862 γεγεννηκότι,
3653 3796 3748 3848 καὶ

2175 3879 2354 3932 πάντα
2393 3879 2584 3948 ἔχοντα
2615 3881 2800 3946 αὑτοῦ,
2845 3882 2966 3952 δίχα
3015 3884 3177 3952 μόνου
3213 3884 3308 3937 τοῦ
3353 3882 3489 3938 εἰναι
3533 3887 3740 3957 Πατήρ.

2174 3974 2465 4042 Τοιγάρτοι
2506 3974 2600 4025 καὶ
2632 3973 2836 4041 ἔφασκε
2898 3976 3032 4045 πρὸς
3067 3977 3258 4038 αὐτὸν,
3299 3997 3318 4029 ι
3350 3979 3432 4031 ὅτι
3469 3979 3649 4032 Πάντα
3676 3980 3747 4032 τὰ

2174 4065 2301 4132 ἐμὰ,
2328 4064 2398 4116 σά
2425 4066 2565 4125 ἐστι,
2600 4066 2690 4117 καὶ
2717 4065 2787 4118 τὰ
2815 4065 2902 4127 σὰ,
2929 4067 3064 4135 ἐμά·
3094 4066 3184 4120 καὶ
3209 4067 3533 4139 δεδόξασμαι
3562 4071 3620 4121 ἐν
3649 4071 3746 4122 αὺ-

2170 4158 2302 4217 τοῖς.
2335 4174 2351 4205 ι
2395 4157 2504 4208 Καὶ
2545 4157 2680 4226 πρός
2727 4173 2790 4223 γε
2835 4158 2980 4226 ἡμᾶς
3021 4158 3215 4220 αὐτοὺς
3266 4159 3394 4228 περὶ
3439 4159 3533 4211 τοῦ
3587 4161 3744 4227 ἁγίου

2172 4244 2488 4314 Πνεύματος
2518 4247 2642 4309 τοὺς
2671 4246 2859 4314 λόγους
2891 4247 3228 4316 ποιούμενος,
3267 4267 3286 4298 ι
3319 4250 3524 4314 Πάντα,
3554 4250 3746 4318 φησὶν,

2169 4336 2268 4387 ὅσα
2298 4335 2408 4404 ἔχει
2443 4335 2472 4387 ὁ
2517 4335 2725 4406 Πατὴρ,
2761 4337 2870 4404 ὲμά
2899 4341 3048 4389 ἐστι·
3079 4339 3167 4390 διὰ
3200 4338 3355 4391 τοῦτο
3389 4335 3543 4392 εἷπον
3588 4341 3740 4409 ὑμῖν,

2168 4427 2249 4478 ὅτι
2277 4428 2341 4477 ἐκ
2370 4425 2465 4478 τοῦ
2493 4427 2628 4495 ἐμοῦ
2672 4427 2902 4497 λήψεται
2929 4430 3021 4481 καὶ
3063 4430 3352 4498 ἀναγγελεῖ
3383 4432 3527 4501 ὑμῖν.
3558 4451 3576 4482 ι
3611 4433 3744 4484 Ὥσ-

2169 4535 2274 4586 περ
2304 4519 2412 4587 γάρ
2440 4519 2686 4588 πρόεισιν
2715 4523 2780 4573 ἐκ
2808 4521 2901 4573 τοῦ
2925 4523 3135 4592 Πατρὸς
3165 4523 3226 4575 τὸ
3255 4525 3480 4592 Πνεῦμα
3502 4525 3563 4577 τὸ
3584 4524 3742 4593 ἅγιον

2166 4610 2330 4662 αὐτοῦ
2358 4610 2498 4662 κατά
2528 4611 2690 4678 φύσιν
2719 4611 2990 4682 ὑπάρχον⁸
3020 4614 3113 4666 καὶ
3144 4615 3286 4668 κατὰ
3308 4615 3402 4668 τὸν
3426 4617 3540 4670 ἴσον
3563 4616 3740 4684 τούτῳ

2164 4700 2364 4771 τρόπον
2400 4703 2494 4753 καὶ
2523 4702 2589 4760 δι’
2630 4702 2796 4756 αὐτοῦ
2832 4705 2926 4756 τοῦ
2962 4705 3116 4770 Υἱοῦ,
3162 4707 3405 4774 φυσικῶς
3449 4707 3509 4761 ὃν
3544 4709 3735 4774 αὑτοῦ,

2167 4791 2257 4843 καὶ
2284 4791 2569 4860 ὀμοούσιον
2616 4793 2784 4864 αὐτῷ.
2810 4794 3020 4848 Οὐκοῦν
3051 4795 3153 4849 κᾶν
3188 4797 3478 4868 δοξάζηται
3514 4799 3602 4853 διὰ
3641 4801 3738 4854 τοῦ

2166 4881 2512 4950 Πνεύματος,
2551 4883 2712 4946 αὐτὸς
2763 4884 2973 4949 ἑαυτὸν,
3009 4885 3084 4949 ὡς
3132 4887 3199 4939 δι’
3243 4887 3373 4940 ἰδίου
3421 4889 3737 4960 Πνεύματος

2165 4975 2360 5026 νοεῖται
2382 4973 2641 5037 δοξάζων,
2668 4975 2761 5027 καὶ
2785 4976 2881 5044 οὐχ
2909 4976 2983 5040 ὡς
3008 4977 3240 5047 θύραθεν
3262 4980 3322 5032 τὸ
3348 4982 3537 5051 χρῆμα
3566 4985 3733 5054 αὐτῷ,

2168 5061 2270 5114 κᾶν
2301 5065 2350 5114 εἰ
2383 5063 2555 5132 ὁρῷτο
2607 5063 2846 5132 γεγονὼς
2880 5066 3164 5136 ἄνθρωπος
3212 5069 3337 5123 καθ’
3365 5072 3532 5141 ἡμᾶς.
3577 5073 3734 5127 Ἀνα-

2168 5152 2387 5218 οφαλεὶς
2423 5153 2534 5224 [tot
2577 5157 2928 5229 ’Λνασφαλὲς]
2963 5159 3017 5210 δὲ
3047 5160 3178 5229 πρὸς
3207 5161 3382 5236 τούτῳ
3411 5166 3631 5218 κάκεῖνο
3659 5170 3735 5219 εἰ·

2165 5245 2283 5294 πεῖν
2313 5243 2440 5312 περὶ
2469 5245 2561 5297 τοῦ
2595 5247 2942 5315 Πνεύματος,
2983 5249 3062 5314 τὸ,
3095 5251 3194 5321 τὴν
3223 5253 3402 5324 σάρκα
3429 5257 3527 5327 τὴν
3570 5258 3736 5311 αὐτοῦ

2163 5335 2525 5403 πεποιημένον
2565 5338 2691 5388 ναόν
2711 5355 2722 5366 ·
2767 5334 2835 5407 ἦν
2882 5339 2980 5408 μὲν
3012 5340 3116 5411 γάρ
3141 5344 3172 5410 ἡ
3201 5344 3339 5414 σὰρξ
3367 5346 3472 5400 ἰδία
3509 5350 3604 5402 τοῦ
3631 5350 3728 5401 Δός

2164 5440 2279 5489 γου,
2315 5424 2410 5476 καὶ
2456 5425 2612 5478 τοῦτο
2656 5429 2786 5496 ἡμῖν
2835 5430 3034 5498 ἀρτίως
3072 5433 3486 5506 διωμολόγηκας
3535 5441 3729 5502 αὐτός·

2162 5513 2323 5565 αὑτοῦ
2369 5515 2476 5585 γὰρ
2519 5517 2652 5586 ἔφης
2686 5514 2823 5572 εἶναι
2857 5520 2955 5591 τὴν
3006 5524 3431 5595 ἀνθρωπότητα,
3468 5533 3559 5584 καὶ
3609 5533 3730 5596 ναὸς

2161 5604 2318 5657 αὑτοῦ
2357 5609 2756 5679 κίῖγρημὰτεκεν
2807 5613 2861 5664 τὸ
2897 5615 2958 5666 ἐκ
2997 5616 3090 5684 τῆς
3120 5617 3282 5685 ἁγίας
3330 5621 3606 5692 Παρθένου
3639 5624 3704 5694 )η
