4104 6336
380 376 486 428 185

1413 374 1786 430 Αονεῐιδιιδ
1817 372 2221 430 NESTOIHUM
2261 372 2386 429 LIB.
2429 374 2518 430 IV.

3536 379 3637 436 186

380 489 512 556 φθὲν
553 488 708 556 ἀγιον
754 489 937 558 σῶμα·
973 489 1106 542 ἴδιον
1137 487 1193 540 δὲ
1233 489 1391 542 πάλιν
1431 490 1596 543 αύτοῦ
1641 491 1702 544 τὸ
1741 492 1950 562 Πνεῦμα

2067 501 2149 544 est
2182 491 2384 556 dicere,
2439 505 2636 558 corpus
2679 491 2895 560 quidem
2932 492 3189 561 templum
3222 506 3343 548 esse
3378 493 3534 548 Verbi
3584 507 3637 549 et

379 580 582 643 αὑτοῦ,
630 580 724 633 καὶ
769 580 868 633 ούκ
921 578 987 633 ἂν
1021 582 1194 632 νοοῖτο
1233 581 1448 632 πώποτε
1503 581 1625 650 δίχα
1679 581 1774 635 τοῦ
1829 582 1958 636 ἰδίου

383 671 695 740 Ιινεύματος
720 672 750 723 ὁ
791 673 855 724 ὲκ
891 670 1027 724 Θεοῦ
1080 670 1293 742 Πατρδς
1331 671 1520 740 Λόγος.
1552 675 1812 743 ’Λμεινον
1863 669 1960 728 οὖν

377 765 486 832 ἄρα
522 763 618 816 καὶ
661 762 989 832 σοφώτερον,
1035 764 1163 817 ναὸν
1201 763 1299 834 μὲν
1343 763 1439 816 τοῦ
1489 764 1662 833 Λόγου
1695 764 1756 817 τὸ
1800 764 1959 835 σῶμα

378 854 580 922 λέγειν,
610 854 708 908 καὶ
739 853 878 907 ἰδίαν
909 853 1078 907 αὐτοῦ
1107 853 1206 925 τὴν
1230 853 1410 925 σάρκα
1429 869 1442 883 ·
1477 854 1753 907 πιστεύειν
1791 854 1848 907 δὲ
1875 856 1958 908 ὅτι

381 945 629 999 σύνεστιν
673 947 761 999 ἀεὶ
797 946 876 1016 τῷ
907 947 1066 1014 Λόγῳ
1092 945 1156 999 τὺ
1207 945 1430 1016 Πνεῦμα
1465 945 1652 1011 αὐτοῦ,
1703 945 1960 1016 καθάπερ

377 1037 574 1109 ἀμέλει
619 1038 711 1090 καὶ
741 1035 890 1107 αύτῷ
915 1037 993 1108 τῷ
1028 1038 1223 1108 Πατρί.
1249 1037 1364 1090 Οὐκ
1396 1037 1696 1107 ἀμώμητον
1726 1037 1782 1090 δὲ
1821 1037 1957 1108 πρὸς

374 1127 551 1196 τούτῳ
599 1127 766 1197 φαίην
806 1128 895 1193 ἂν,
935 1129 1016 1192 τὸ,
1057 1127 1133 1190 ὠς
1175 1127 1262 1179 ἐπ’
1305 1124 1592 1196 ἀνθρώπου
1639 1125 1819 1180 κοινοῦ
1857 1127 1956 1198 τὴν

375 1220 644 1290 ἀνάληψιν
689 1219 841 1290 αὐτῷ
867 1221 968 1288 τὴν
997 1221 1077 1283 είς
1127 1218 1355 1292 οὐρανὸν
1401 1217 1740 1290 δεδωρῆσθαι
1771 1219 1958 1288 λέγειν

377 1312 530 1383 παρά
553 1311 648 1364 τοῦ
693 1310 1042 1382 Πνεύματος·
1074 1309 1391 1374 ἐπιλέκτους
1434 1311 1533 1380 μὲν
1567 1310 1676 1382 γὰρ
1721 1311 1957 1363 ἐποιεῖτο

373 1406 500 1467 τοὺς
529 1403 779 1474 μαθητὰς
805 1403 893 1456 διὰ
924 1401 1020 1456 τοῦ
1067 1402 1225 1471 ἁγίου
1275 1403 1593 1472 Πνεύματος
1613 1442 1628 1465 ,
1678 1402 1952 1473 ἀνελήφθη

373 1516 439 1566 γε
473 1499 579 1568 μὴν
605 1499 681 1562 ὡς
703 1496 834 1560 Θεός
853 1514 868 1529 ο
893 1497 992 1566 οὐχ
1023 1495 1097 1560 ὡς
1128 1497 1260 1567 παρ’
1287 1496 1476 1566 ἐτέρου
1503 1495 1653 1548 δοτὺν
1680 1496 1741 1548 τὸ
1767 1497 1954 1566 χρῆμα

372 1588 554 1642 λαϐὼν
580 1605 592 1616 ·
648 1588 810 1652 αὐτὸς
858 1587 915 1640 δὲ
953 1587 1017 1657 δὴ
1060 1588 1259 1658 μᾶλλον
1311 1587 1638 1659 πρωτόλειον
1671 1588 1861 1659 ὥσπερ
1902 1605 1954 1639 τι

370 1679 471 1750 τῆς
519 1679 868 1750 ἀνθρωπίνης
915 1680 1130 1747 φύσεως
1175 1679 1574 1749 ἀνανεωθείσης
1614 1681 1694 1743 είς
1737 1679 1950 1752 ἀφθαρ-

373 1776 499 1828 σίαν
529 1773 666 1845 (‘25),
689 1772 1006 1844 ὲμφανίσων
1037 1773 1228 1824 ἑαυτὸν
1257 1770 1336 1841 τῷ
1359 1771 1479 1841 Θεῷ
1505 1771 1600 1824 καὶ
1631 1771 1827 1841 Πατρὶ,
1861 1771 1952 1824 καὶ

2062 583 2331 650 propriam
2375 581 2542 650 ipsius
2584 597 2801 636 carnem
2836 600 2849 635 :
2893 585 3116 638 credere
3159 585 3286 637 item
3323 586 3420 653 ipsi
3462 587 3637 641 Verbo

2059 686 2272 738 semper
2329 671 2523 726 adesse
2574 671 2835 741 Spirittun
2879 673 3071 742 ipsius,
3118 685 3175 728 ut
3230 676 3390 728 etiam
3452 678 3634 745 procul

2061 760 2227 815 dubio
2273 759 2443 815 Patri.
2497 762 2578 816 Ad
2625 763 2738 818 lucc
2788 779 2962 833 neque
3005 764 3136 819 illud
3183 767 3395 832 quidem
3442 783 3637 822 vacare

2061 852 2214 920 culpa
2252 853 2505 918 dixerim,
2552 853 2698 923 quod
2734 861 2990 923 tanquam
3045 855 3112 910 de
3145 857 3418 910 communi
3453 857 3634 925 vulga-

2061 943 2217 1012 rique
2240 943 2458 998 homine
2473 943 2569 1009 ait,
2598 945 3028 1013 assumptiouem
3050 946 3102 1000 in
3127 949 3323 1000 cwlum
3348 947 3447 1016 ipsi
3469 948 3634 1002 fuisse

2060 1034 2201 1089 dono
2227 1035 2407 1090 datam
2437 1051 2467 1090 a
2507 1036 2712 1105 Spiritu
2749 1053 2763 1090 :
2797 1051 2920 1090 nam
2950 1037 3113 1108 elegit
3143 1040 3360 1110 quidem
3391 1039 3632 1110 discipu-

2059 1123 2140 1180 los
2171 1139 2268 1195 pcr
2307 1124 2574 1195 Spiritum
2609 1135 2860 1181 sanctqu
2883 1126 2952 1190 "’,
2996 1128 3090 1182 scd
3121 1139 3434 1198 assumptus
3463 1139 3544 1185 est
3577 1139 3636 1183 ut

2059 1215 2222 1282 Deus,
2252 1231 2358 1270 non
2389 1215 2542 1284 quasi
2589 1230 2708 1270 eam
2746 1231 2860 1270 rem
2889 1218 2956 1270 ab
2982 1216 3087 1270 alio
3118 1219 3298 1272 datam
3345 1221 3632 1290 acceperit,

2057 1309 2151 1362 sed
2182 1314 2240 1360 ut
2269 1305 2385 1375 ipse
2422 1305 2602 1376 potius
2631 1306 2793 1361 veluti
2823 1306 3077 1376 primitize
3104 1309 3349 1378 quardam
3382 1310 3635 1365 Immanze

2057 1409 2264 1454 natura:
2295 1400 2348 1452 in
2383 1398 2846 1467 incorruptionem
2875 1408 3144 1454 renovata:
3183 1401 3419 1470 scipsum
3452 1410 3634 1457 osten-

2056 1492 2206 1546 deret
2247 1491 2358 1545 Deo
2388 1501 2443 1545 et
2474 1490 2642 1556 Patri,
2687 1500 2743 1545 et
2787 1491 2944 1546 nobis
2971 1491 3213 1546 initiaret
3250 1492 3390 1546 viam
3434 1509 3631 1547 novam

2054 1593 2107 1638 et
2161 1585 2470 1650 viventem,
2531 1583 2922 1654 ingredientem
2989 1583 3042 1637 in
3102 1585 3356 1638 interiora
3409 1585 3633 1639 velami-

2056 1678 2141 1732 nis
2161 1677 2232 1743 ⁷³,
2261 1695 2280 1728 ι
2314 1691 2422 1746 quo
2457 1689 2762 1744 pra‘cursor
2783 1689 2880 1743 pro
2907 1674 3058 1728 nobis
3102 1674 3377 1744 ingressus
3403 1690 3525 1730 esse
3553 1677 3633 1729 di-

2056 1770 2235 1836 citur,
2283 1767 2578 1823 secundmu
2641 1766 2888 1821 ordinem
2942 1765 3333 1821 Melchisedech
3383 1765 3630 1836 pontifex

369 1869 503 1938 ἡμῖν
527 1832 854 1933 ἐγκιαινίζων
877 1863 997 1917 ὁδὸν
1027 1832 1338 1934 πρόσφατον
1363 1832 1461 1914 καί
1488 1860 1692 1926 ζῶσαν,
1720 1832 1822 1914 καί
1846 1863 1950 1914 εἰσ-

2057 1860 2233 1914 l‘actus
2278 1860 2331 1913 in
2380 1858 2733 1912 :eternutu".
2768 1876 2788 1910 ι
2841 1857 2897 1911 ln
2945 1858 3222 1926 superiora
3265 1867 3445 1911 autem
3479 1861 3630 1914 eunti

369 1956 671 2027 ερχομένην
707 1956 787 2018 είς
830 1954 892 2006 τὸ
947 1952 1215 2025 ἐσώτερον
1273 1953 1366 2004 τοῦ
1418 1951 1949 2022 καταπετάσματος,

373 2067 394 2100 ι
417 2049 552 2101 ὅπου
582 2046 889 2118 πρόδρομος
912 2046 1050 2115 ὑπὲρ
1072 2045 1230 2116 ήμῶν
1253 2044 1514 2097 εἰσελθεῖν
1542 2044 1780 2113 λέγεται,
1811 2044 1952 2098 κατὰ

366 2139 467 2209 τὴν
493 2138 648 2204 τάξιν
675 2137 1006 2207 Μελχισεδὲκ
1044 2137 1337 2209 ἀρχιερεὺς
1374 2137 1667 2206 γενόμενος
1695 2138 1776 2199 εἰς
1821 2136 1947 2198 τοὺς

367 2232 588 2294 αἰῶνας.
615 2249 643 2281 ι
665 2231 789 2283 Ὅτι
816 2230 873 2283 δὲ
903 2230 1040 2301 πρὸς
1067 2230 1135 2283 τά
1163 2229 1275 2283 ἀνω
1307 2228 1573 2298 βαδίζοντι
1599 2226 1678 2296 τῷ
1707 2226 1948 2298 Χριστῷ,

280 2321 284 2324 ’
368 2323 533 2377 πάλιν
558 2323 862 2392 ὲνυπῆρχεν
883 2322 958 2385 ὡς
987 2321 1120 2375 ῐδιον
1145 2320 1311 2374 αὑτοῦ
1340 2321 1402 2371 τὸ
1427 2320 1652 2386 Πνεῦμα
1683 2319 1744 2371 τὸ
1771 2319 1948 2387 ἅγιον,

367 2413 467 2464 ούκ
503 2411 569 2464 ἂν
598 2409 890 2464 ἐνδοιάσειὲ
921 2427 1026 2473 τις.
1053 2408 1178 2472 Πῶς
1210 2407 1304 2463 οὖν
1339 2409 1401 2460 οὐ
1446 2408 1643 2472 δέδιας,
1673 2409 1794 2461 είπέ
1836 2425 1948 2479 μοι,

368 2501 791 2571 λέγειν-«Τοῦτο
813 2501 878 2574 δὴ
902 2502 964 2555 τὸ
987 2501 1319 2571 τηλικαύτην
1342 2500 1564 2571 Χριστῷ
1585 2500 1953 2571 χαρισάμενον

366 2594 802 2664 δόξαν,Χριστοῦ
830 2594 1299 2657 κατασκευάζουσι
1328 2592 1567 2646 δούλον.ι
1601 2595 1663 2646 Οί
1699 2593 1798 2662 μὲν
1831 2591 1953 2646 δοῦ-

369 2688 460 2739 λον
491 2687 621 2740 αὐτὸ
646 2686 1151 2751 κατασκευάζοντες
1186 2685 1282 2737 τοῦ
1309 2684 1568 2755 Χριστοῦ,
1599 2684 1950 2738 δυσσεσοῦσιν

368 2774 834 2844 ὁμολογουμένως,
858 2774 954 2827 καὶ
982 2773 1145 2826 αὐτὸν
1173 2770 1502 2842 ἀτιμάζουσι
1541 2770 1634 2824 τὸν
1662 2769 1950 2840 ὁμοούσιον

368 2867 521 2938 αὐτῷ
561 2866 682 2938 Θεῷ
725 2866 918 2935 Λόγον,
959 2868 1073 2929 τοῖς
1103 2862 1496 2934 δουλοπρεπέσι
1530 2862 1948 2933 περιϐάλλοντες

372 2957 590 3028 ἱιέτροις
630 2955 694 3010 τὸ
725 2955 857 3026 παρ’
883 2953 1050 3009 αὑτοῦ
1090 2971 1151 3007 τε
1203 2954 1298 3006 καὶ
1336 2953 1395 3006 ὲν
1421 2951 1570 3022 αὐτῷ
1597 2955 1738 3006 κατὰ
1766 2951 1946 3021 φύσιν,

368 3050 465 3103 καὶ
503 3048 634 3102 ῖδιον
665 3047 862 3102 αὑτοῦ·
891 3047 954 3101 τὺ
977 3046 1035 3099 δὲ
1078 3045 1401 3116 κεχαρίσθαι
1443 3045 1622 3114 λέγειν
1661 3046 1813 3116 αὐτῷ
1850 3045 1951 3116 τὴν

2054 1953 2274 2008 Christo
2301 1952 2486 2004 itidem
2528 1950 2768 2004 adfuisse
2796 1950 3057 2018 Spiritum
3092 1958 3337 2004 sanctum
3370 1957 3628 2019 tanquam

2055 2045 2225 2114 ipsius
2254 2044 2550 2113 pmpriunt,
2585 2056 2744 2095 nemo
2779 2056 3014 2110 unquam
3047 2041 3304 2112 ambigat.
3335 2041 3447 2096 Cur
3473 2057 3626 2110 ergo,

2052 2138 2141 2191 dic
2167 2136 2318 2199 mihi,
2344 2150 2451 2189 non
2490 2133 2726 2187 metuisti
2760 2133 2943 2187 dicere
2976 2149 2990 2186 :
3020 2149 3038 2182 ι
3062 2130 3214 2185 Ilunc
3247 2146 3376 2199 ergo
3397 2133 3486 2201 qui
3512 2143 3630 2184 tan-

2057 2241 2164 2283 tam
2212 2229 2435 2284 Christo
2467 2228 2692 2296 largitus
2739 2235 2823 2281 est
2870 2226 3117 2295 gloriam,
3151 2225 3358 2280 Christi
3410 2239 3628 2278 servum

2053 2321 2328 2375 cliiciuut?
2369 2339 2388 2372 ι
2424 2319 2558 2374 Nam
2588 2319 2677 2387 qui
2715 2319 2863 2372 illum
2903 2317 3109 2374 Christi
3159 2332 3372 2371 servum
3404 2316 3628 2380 faciunt,

2054 2430 2159 2468 non
2191 2414 2412 2467 dubium
2460 2423 2542 2467 est
2583 2412 2710 2481 quin
2747 2412 2856 2466 sint
2898 2410 3071 2480 impii,
3106 2419 3162 2464 et
3206 2409 3378 2478 ipsum
3413 2425 3630 2478 quoque

2056 2507 2128 2559 illi
2182 2503 2646 2560 consubstantiale
2684 2502 2779 2557 Dei
2829 2501 3066 2556 Verbum
3111 2502 3462 2569 dedecorcnt,
3503 2517 3628 2556 cum

2054 2599 2203 2653 illutn
2231 2599 2322 2666 qui
2354 2605 2437 2651 est
2459 2597 2528 2651 ab
2559 2597 2697 2664 ipso,
2728 2605 2781 2650 et
2811 2596 2864 2648 in
2889 2595 3006 2664 ipso
3033 2595 3329 2649 sccundmn
3357 2604 3632 2656 naturam,

2053 2699 2107 2745 ct
2158 2690 2330 2758 ipsius
2381 2690 2656 2759 proprius,
2714 2687 2897 2742 servili
2945 2701 3198 2742 mensura
3247 2686 3628 2740 circutndeut:

2051 2779 2423 2838 verumtamen
2461 2781 2562 2850 ipsi
2603 2797 2631 2832 a
2660 2780 2870 2850 Spiritu
2907 2780 3048 2832 dono
3084 2779 3266 2831 datam
3313 2776 3480 2831 fuisse
3517 2780 3632 2845 glo-

2054 2877 2187 2930 riam
2237 2875 2442 2938 dicere,
2493 2884 2751 2929 extrema:
2790 2873 3037 2927 stultitia:
3075 2872 3334 2925 indicium
3379 2880 3462 2924 est
3513 2872 3628 2924 cvi—

2051 2967 2206 3019 dens.
2249 2965 2327 3017 Ac
2366 2962 2726 3032 nequidquam
2767 2960 2823 3015 in
2851 2961 2953 3014 hoc
2987 2967 3216 3021 nugatus
3247 2974 3365 3013 esse
3401 2961 3629 3026 depren-

2055 3056 2221 3119 deris,
2265 3065 2320 3109 et
2358 3054 2475 3123 ejus
2518 3055 2593 3107 rci
2633 3053 2950 3124 mysterium
3001 3050 3226 3105 minime
3275 3049 3628 3113 intellexisse,

365 3140 524 3206 δόξαν
547 3140 697 3211 παρά
716 3139 810 3193 τοῦ
832 3137 1169 3209 Πνεύματος,
1184 3138 1511 3209 ἀϐελτηρίας
1534 3138 1651 3190 ἐστὶ
1672 3137 1773 3206 τῆς
1793 3139 1950 3207 ἐσχά-

2058 3151 2168 3202 imo
2201 3163 2332 3202 vero
2363 3148 2458 3202 tibi
2501 3147 2600 3216 ipsi
2635 3156 2692 3201 et
2741 3144 2968 3206 sentire.
3019 3152 3074 3198 et
3115 3143 3298 3197 dicere
3330 3143 3626 3196 contraria.

363 3249 466 3304 της
495 3231 769 3296 ἀπόδειξις
797 3231 1052 3302 ἐναργής.
1082 3231 1218 3300 Είκῆ
1246 3229 1302 3282 δὲ
1331 3228 1514 3300 άλὼσῃ
1542 3228 1947 3299 πεφλυαρηκὼς

366 3328 428 3378 ἐν
453 3324 649 3393 τούτῳ,
691 3323 786 3377 καὶ
816 3323 879 3376 τὸ
907 3320 994 3376 ἐπ’
1015 3321 1167 3390 αὐτῷ
1198 3321 1498 3392 μυστήριον
1528 3321 1590 3373 οὐ
1640 3320 1910 3391 νενοηκὼς
1929 3339 1942 3352 ’

369 3416 572 3488 μᾶλλον
592 3417 648 3470 δὲ
665 3414 847 3486 σαυτῷ
866 3416 962 3469 xai.
981 3413 1194 3484 φρονῶν
1217 3413 1312 3467 καὶ
1337 3413 1514 3482 λέγων
1534 3413 1604 3467 τά
1625 3413 1862 3466 ἐναντία.
1885 3415 1946 3466 Εἰ

365 3510 478 3580 γὰρ
521 3508 891 3570 πεπίστευκας
916 3508 997 3560 ὅτι
1030 3505 1164 3569 Θεὸς
1197 3504 1274 3558 ὢν
1303 3508 1332 3558 ὁ
1362 3506 1531 3573 Λόγος
1561 3506 1750 3573 γέγονε
1783 3504 1944 3573 σάρξ·

364 3600 535 3657 αὐτοῦ
569 3601 678 3672 γάρ
707 3599 843 3670 ἔφης
872 3593 1014 3652 εῖναι
1039 3599 1142 3670 τὴν
1171 3598 1602 3668 ἀνθρωπότητα.⁸
1628 3597 1682 3650 τί
1715 3596 1808 3650 τὸν
1846 3597 1948 3666 τῆς

364 3694 523 3762 δόξης
556 3692 782 3763 Κύριον,
807 3689 884 3754 ὡς
915 3690 1016 3743 οὐκ
1047 3689 1242 3761 ἔχοντα
1271 3689 1432 3753 δόξαν
1466 3688 1626 3752 ἰδίαν,
1664 3688 1762 3757 τῆς
1794 3687 1948 3758 παρὰ

362 3785 462 3838 τοῦ
493 3783 804 3854 Πνεύματος
835 3782 1120 3854 δεδεῆσθαι
1153 3783 1257 3853 φὴς
1278 3820 1292 3843 ,
1336 3781 1434 3835 καὶ
1470 3782 1530 3832 ἐν
1568 3783 1681 3843 τοῖς
1709 3780 1810 3850 τῆς
1835 3781 1950 3832 κτί-

365 3894 506 3939 σεως
544 3873 876 3944 καταλογίζῃ
913 3873 1153 3943 μέτροις,
1245 3872 1424 3927 πάντα
1451 3871 1602 3924 ἐστὶν
1635 3870 1837 3935 ἔξωθεν
1881 3871 1949 3924 τὰ

365 3966 476 4037 ἱῖσ.
507 3963 708 4030 ἔξωθέν
731 3963 817 4034 τε]
853 3963 946 4016 καὶ
973 3963 1135 4029 δοτά;
1168 3980 1187 4012 ι
1218 3962 1284 4015 Τί
1315 3962 1425 4033 γὰρ
1459 3962 1627 4031 ἔχεις,
1650 3961 1680 4013 ὃ
1703 3962 1803 4014 ούκ
1828 3961 1952 4015 ἕλοι-

363 4059 480 4120 6ες,
510 4076 529 4107 ι
558 4057 760 4126 πρέποι
782 4054 848 4109 ἂν
870 4053 1102 4108 ἀκοῦσαι
1123 4057 1190 4126 τῇ
1215 4054 1411 4108 κτίσει.
1438 4052 1599 4106 ’Λλλά
1621 4052 1732 4116 ναὶ,
1763 4054 1948 4122 φησὶν,

365 4150 605 4221 εὑρίσκω
631 4149 860 4216 λέγοντα
901 4148 993 4200 τὸν
1029 4145 1403 4218 Ἐμμανουήλ·
1432 4164 1452 4198 t
1490 4146 1698 4216 Πάτερ,
1727 4145 1952 4212 δόξασόν

366 4263 461 4296 σου
497 4243 588 4296 τὸν
620 4243 768 4294 Υίόν.
799 4262 818 4292 ι
851 4240 1084 4305 Οὐκοῦν,
1117 4240 1401 4312 προστίθει
1440 4239 1502 4292 τὸ
1543 4240 1754 4292 λεῖπον·
1793 4237 1951 4292 τοῦτο

363 4335 420 4388 δέ
448 4337 616 4398 ἐστιν,
652 4354 670 4385 ι
699 4334 820 4386 Ἵνα.
859 4334 951 4386 καὶ
977 4335 1006 4386 ὁ
1034 4333 1160 4395 Υἱός
1201 4349 1298 4384 σου
1333 4329 1534 4401 δοξάσῃ
1572 4349 1652 4384 σε.
1680 4349 1699 4382 ι
1751 4331 1813 4384 Εἰ
1851 4331 1952 4400 μὲν

363 4427 441 4488 ὡς
482 4425 638 4495 δόξης
680 4425 871 4479 ἐπιδεᾶ
915 4424 1014 4494 τῆς
1049 4423 1201 4494 παρὰ
1238 4423 1448 4494 [ἰατρὸς
1497 4422 1744 4491 ἐφίεσθαι
1789 4421 1948 4490 δόξης

2055 3241 2188 3295 Nam
2241 3240 2287 3294 si
2334 3239 2512 3293 credis
2551 3239 2728 3308 ipsum
2783 3237 3046 3302 Verbum,
3094 3251 3216 3289 cum
3271 3234 3414 3288 Deus
3458 3243 3626 3297 esset,

2051 3335 2250 3388 factum
2279 3346 2404 3386 esse
2429 3345 2648 3385 carnem
2679 3329 2871 3399 (ipsius
2900 3329 3042 3381 enim
3085 3343 3205 3381 esse
3237 3325 3628 3380 humanitatem

2049 3420 2295 3491 dixisti),
2351 3435 2450 3474 cur
2507 3419 2653 3472 illum
2705 3417 2888 3487 gloriae
2938 3416 3264 3480 Dominum,
3313 3416 3468 3484 quasi
3520 3431 3628 3469 non

2053 3515 2247 3568 habeat
2278 3527 2453 3575 suam,
2479 3511 2649 3579 gloria
2680 3527 2708 3562 a
2741 3510 2946 3578 Spiritu
2976 3510 3099 3564 data
3121 3510 3257 3563 dicis
3292 3508 3589 3576 indiguisse
3609 3549 3625 3568 .

1998 3611 2006 3621 '
2050 3616 2103 3659 et
2143 3621 2266 3659 eum
2321 3604 2465 3658 intra
2515 3615 2803 3657 mensuras
2851 3610 3132 3669 computas
3170 3611 3454 3663 crealttt'a',
3503 3615 3627 3667 qua)

2051 3695 2233 3750 omnia
2272 3693 2618 3746 extrinsecus
2659 3691 2848 3758 habet,
2877 3702 3038 3758 atque
3071 3690 3308 3743 donata?
3345 3689 3626 3744 Creaturtc

2053 3801 2285 3856 namque
2313 3785 2504 3840 audire
2541 3783 2800 3838 convenit
2829 3799 2845 3839 :
2881 3801 2900 3833 ι
2931 3783 3072 3848 Quid
3105 3783 3248 3836 enim
3294 3782 3459 3834 habes
3479 3770 3624 3849 quod

2052 3892 2158 3931 non
2195 3877 2447 3944 accepisti
2466 3875 2556 3929 '°?
2583 3894 2602 3926 ι
2643 3876 2715 3929 At
2743 3874 2912 3937 enim,
2953 3875 3149 3944 inquit,
3200 3874 3410 3940 reperio
3450 3874 3623 3941 ipsum

2051 3965 2367 4022 Emmanuel
2421 3967 2694 4021 dicentem
2753 3983 2768 4018 :
2826 3981 2845 4014 ι
2880 3962 3078 4030 Pater,
3133 3963 3372 4034 glorilica
3433 3963 3626 4017 Filium

2055 4072 2201 4114 tuum
2229 4078 2244 4126 ;
2276 4077 2294 4110 ι
2351 4073 2482 4128 ergo
2534 4057 2706 4124 adjicc
2755 4057 3045 4122 reliquum,
3099 4057 3201 4110 hoc
3242 4067 3324 4110 est
3357 4075 3370 4107 τ
3406 4074 3424 4104 ι
3464 4056 3531 4111 Ut
3574 4068 3631 4110 ct

2051 4152 2218 4206 Filius
2269 4163 2391 4206 tuus
2435 4149 2700 4220 gloriﬁch
2746 4159 2795 4204 te
2817 4150 2885 4204 ⁸⁸.
2919 4168 2938 4202 ι
2975 4147 3130 4218 107
3159 4148 3290 4201 Nam
3340 4151 3384 4201 si
3433 4147 3627 4201 Filium

2051 4245 2203 4315 quasi
2246 4244 2428 4312 gloria:
2477 4243 2828 4310 indigentem,
2877 4258 2906 4294 a
2962 4242 3125 4295 Patre
3164 4251 3355 4309 optare
3400 4241 3627 4306 gloriam

2052 4337 2314 4400 allirmas,
2357 4336 2484 4405 quid
2528 4335 2742 4388 tandem
2775 4335 2924 4389 dices
2957 4349 3078 4388 cum
3125 4333 3457 4403 gloriﬁcatur
3484 4333 3627 4386 idem

2053 4433 2212 4486 l’alcr
2252 4449 2280 4484 a
2336 4431 2508 4485 Filio?
2538 4429 2673 4483 Num
2721 4430 2791 4482 ita
2833 4427 3189 4497 gloriﬁcatur,
3217 4427 3370 4496 quasi
3399 4428 3627 4496 gloriam

362 4517 673 4587 διισχυρίζῃ
720 4515 814 4568 τὸν
844 4515 994 4578 Υἰὸν,
1045 4515 1100 4566 τί
1158 4531 1288 4566 ποτε
1322 4514 1432 4584 ἄρα
1465 4513 1591 4583 φὴς,
1619 4513 1746 4566 ὅταν
1795 4512 1947 4576 δοξά-

2054 4542 2158 4579 ιιυιι
2195 4523 2415 4586 ltabeat,
2445 4532 2537 4576 aut
2565 4523 2634 4575 ab
2669 4521 2776 4573 alio
2801 4520 2904 4574 sibi
2937 4520 3100 4574 tribui
3143 4519 3421 4587 indigeat?
3447 4518 3629 4586 Apage

367 4623 528 4676 σηται
561 4607 655 4659 καὶ
679 4606 839 4669 αὐτὸς
873 4608 902 4659 ό
936 4604 1122 4676 Πατὴρ
1148 4605 1300 4678 παρὰ
1329 4605 1422 4658 τοῦ
1454 4605 1608 4668 Tim},
1638 4600 1727 4674 ἆρ’
1755 4605 1830 4666 ὡς
1860 4605 1946 4657 δό-

367 4697 462 4760 ξαν
489 4697 588 4748 οὐκ
627 4696 788 4766 ἔχων,
821 4696 852 4766 ἧ
885 4697 982 4767 τῆς
1013 4696 1143 4767 παρ’
1164 4697 1350 4769 ἐτέρου
1380 4697 1733 4770 δεδεημένος;
1766 4698 1946 4766 ἄπαγε

363 4792 462 4860 τῆς
498 4789 850 4854 δυσϐουλίας-ο
892 4789 1146 4861 τερθρεία
1197 4791 1306 4862 γὰρ
1347 4792 1447 4863 ἤδη
1490 4793 1648 4845 ταυτὶ
1682 4790 1777 4844 καὶ
1824 4790 1948 4843 ἀνο-

366 4881 551 4950 σιότης
579 4881 821 4948 ἐννοιῶν,
853 4884 945 4935 καὶ
969 4883 1158 4954 ἕτερον
1181 4883 1354 4936 οὐδέν.
1392 4883 1456 4936 Ἦ
1485 4885 1582 4953 μὲν
1607 4884 1714 4954 γὰρ
1740 4883 1860 4937 θεία
1885 4899 1945 4934 τε

367 4973 458 5024 καὶ
483 4974 587 5026 τῶν
608 4973 747 5027 ὅλων
771 4975 1028 5028 ἐπέκεινα
1057 4975 1292 5044 φύσεων,
1323 4977 1438 5045 φῶς
1461 4977 1755 5048 ἀπρόσιτον
1781 4977 1945 5040 οἰκεῖ,

365 5064 458 5115 καὶ
492 5065 900 5132 κατεξουσιάζει
925 5067 1036 5119 τῶν
1075 5068 1231 5129 ὅλων,
1267 5070 1361 5121 καὶ
1387 5069 1544 5135 δόξαν
1575 5070 1814 5138 ἀνῆπται
1846 5068 1944 5139 τὴν

361 5156 501 5226 αὐτῇ
526 5175 584 5209 τε
611 5157 705 5210 καὶ
735 5157 870 5230 μόνῃ
895 5160 1357 5232 πρεπωδεστάτην
1380 5179 1392 5192 ·
1421 5161 1607 5232 ἐπειδὴ
1633 5163 1688 5215 δὲ
1719 5161 1941 5231 γέγονεν

430 5335 614 5409 "Aet.
637 5353 674 5402 ι,
701 5339 736 5390 2
786 5356 935 5409 seqq,

1015 5342 1058 5370 7"
1090 5341 1250 5396 llcbr.
1286 5358 1340 5408 Χ,
1370 5342 1440 5397 9.0
1470 5357 1620 5411 seqq.

366 5419 445 5471 vi,
474 5407 558 5460 l6.

1698 5343 1744 5369 '°
1777 5342 1938 5396 llcbr.
1988 5358 2057 5399 \‘l.
2087 5341 2176 5396 ‘20.
2263 5342 2308 5370 "°
2338 5339 2356 5393 l
2385 5341 2508 5394 Cur.
2550 5355 2622 5404 tv,
2658 5340 2705 5391 7.
2784 5339 2826 5369 ⁸⁸
2857 5336 3012 5393 Joau.
3055 5355 3186 5402 xvu,
3222 5340 3268 5391 l.

2054 4617 2122 4668 ab
2159 4615 2264 4668 isto
2305 4611 2448 4665 malo
2485 4611 2713 4665 consilio
2747 4627 2760 4663 :
2793 4626 2947 4678 nugae
2979 4620 3107 4664 sunt
3159 4611 3292 4672 haec,
3327 4617 3380 4662 ct
3425 4609 3629 4674 cogita-

2057 4712 2261 4758 tionum
2296 4704 2566 4773 impietas,
2599 4703 2743 4777 aliud
2778 4713 3042 4770 przcterca
3081 4701 3235 4754 nihil.
3271 4698 3401 4753 Nam
3445 4700 3627 4752 divina

2057 4796 2146 4850 illa
2187 4805 2243 4848 ct
2295 4795 2440 4848 ultra
2486 4807 2673 4847 omnes
2749 4793 2885 4846 alias
2929 4802 3153 4846 naturas
3198 4791 3370 4844 lucem
3409 4791 3628 4858 quidem

2058 4887 2268 4940 habitat
2315 4881 2836 4947 inaccessibilcm",
2885 4892 2939 4936 et
2989 4883 3300 4934 dominalur
3338 4881 3629 4944 universis,

2049 4985 2105 5030 ct
2136 4975 2305 5044 gloria
2340 4983 2426 5028 est
2454 4974 2651 5026 amicta
2687 4972 2789 5039 ipsi
2828 4988 2891 5026 ac
2937 4970 3035 5025 soli
3066 4970 3447 5024 decentissima
3479 4986 3495 5022 :
3533 4970 3630 5022 sed

2049 5068 2175 5136 quia
2210 5065 2544 5134 unigenitum
2578 5064 2670 5119 Dei
2707 5065 2939 5119 Verbum
2983 5062 3188 5117 lactant
3231 5071 3315 5114 cst
3353 5063 3535 5125 homo,
3575 5069 3631 5113 et

2051 5160 2222 5224 gratia
2259 5159 2349 5212 [lci
2379 5173 2473 5227 per
2501 5171 2721 5211 carnem
2769 5172 2920 5210 suam
2956 5171 3052 5225 pro
3102 5155 3352 5207 munibus
3400 5164 3628 5205 mortem

3350 5337 3392 5368 ⁸²
3426 5335 3442 5389 I
3484 5334 3628 5390 Tim.

1626 5565 1786 5624 ANT.
1828 5566 2101 5623 ACELLII
2138 5568 2370 5625 NOTdﬂ.

437 5724 553 5792 (ἳῦ)
585 5723 721 5778 Fere
755 5723 943 5778 iisdem
980 5725 1162 5780 verbis
1187 5725 1376 5781 Latine
1419 5726 1554 5780 dixit
1594 5728 1784 5782 beatus
1809 5705 1945 5779 Αιιιέ

393 5796 607 5852 brosius
638 5813 649 5847 :
705 5794 922 5849 Sacrum
953 5811 1137 5850 munus
1176 5814 1270 5865 pro
1318 5799 1571 5874 omnibus,
1602 5808 1647 5851 et
1680 5800 1826 5868 quasi
1864 5813 1946 5852 re-

2048 5736 2248 5808 parat-rc
2273 5727 2514 5797 quadam
2543 5726 2648 5783 him.
2693 5735 2913 5781 naturae.
2941 5723 3107 5783 Libro
3144 5728 3204 5782 dc
3244 5727 3349 5796 [ide
3395 5740 3632 5782 mune-

2055 5808 2262 5853 ειιοηιε.
