4104 6336
382 348 484 407 187
1373 345 1433 401 S.
1476 343 1750 400 CYlllLLl
1803 341 2278 400 ALEXANDRINI
2315 340 2633 399 ARClllEP.
2698 382 2705 385 ‹
3528 345 3629 401 188

381 471 500 517 erat
525 471 885 533 gustaturum,
918 472 971 518 et
1002 462 1258 531 templum
1304 480 1461 519 suum
1499 474 1560 518 ut
1588 463 1730 518 Deus
1765 464 1944 517 viviﬁ-
1978 472 1991 525 έ

2097 462 2329 532 ρθρωπος
2366 464 2394 516 ό
2427 460 2723 533 μονογενὴς
2771 461 2867 515 τοῦ
2914 462 3053 515 Θεοῦ
3104 462 3279 531 Λόγος
3301 502 3316 528 ,
3348 462 3540 533 ἔμελλέ
3571 482 3631 518 τε

382 556 580 615 cando,
620 554 813 608 mortis
846 553 1263 624 inexpugnabile
1296 558 1461 608 robur
1484 569 1820 618 eversurum,
1859 555 1958 609 ob-

2097 554 2239 625 άριτι
2275 553 2412 607 Θεοῦ
2443 554 2530 608 διὰ
2555 555 2653 623 τῆς
2690 554 2823 618 ἰδίας
2862 556 3065 627 σαρκὸς
3093 556 3247 629 ὑπὲρ,
3268 558 3469 620 παντὸς
3500 558 3629 623 γεύνο

384 645 560 700 tendit
579 646 801 715 quidem
838 659 1053 713 precem
1089 653 1149 698 ut
1189 644 1372 709 homo,
1410 654 1466 698 et
1513 644 1820 699 consentire
1853 642 1954 698 sibi

2097 645 2253 698 ασθαι
2294 644 2543 708 Θανάτου,
2587 646 2682 697 καί
2731 646 3062 717 δυσάντητον
3108 646 3272 705 αὑτοῦ
3336 648 3633 719 παραλύειν

389 733 604 790 Patrem
632 742 803 804 optat,
831 749 982 789 suam
1018 734 1189 804 ipsius
1224 743 1472 789 naturam
1517 736 1569 788 in
1602 750 1725 788 eum
1756 741 1956 788 statum

2098 738 2277 807 ράτος,
2309 737 2651 807 ζωοποιήσας
2679 736 2754 800 ὡς
2779 736 2911 801 Θεὸς
2940 737 3030 791 τὸν
3061 739 3188 792 ίδιον
3216 737 3363 802 ναὸν,
3394 740 3634 809 σκήπτε-

388 826 792 881 transformanti
821 842 929 897 quo
966 827 1115 896 prius
1140 837 1280 890 erat,
1312 836 1367 881 et
1400 826 1465 879 ad
1494 824 1957 891 incorruptionem

2097 846 2145 881 ιι
2182 829 2288 899 τὴν
2322 827 2485 897 εὐχὴν
2534 828 2607 891 ὡς
2648 828 2967 900 ἄνθρωπος,
3015 830 3109 882 καὶ
3150 830 3537 901 συνευδοκῆσαι
3581 829 3639 882 οι

393 917 692 977 rcnovauti.
732 928 787 973 et
816 920 1005 974 mortis
1044 919 1257 987 laqueis
1285 919 1648 986 potentiorem
1693 916 1955 982 reddenti,

2097 920 2309 973 ούλεται
2340 919 2428 971 τὸν
2477 919 2716 989 Πατέρα,
2757 919 2863 991 τὴν
2888 920 3052 975 αὑτοῦ
3090 920 3251 990 φύσιν
3296 921 3632 992 μετασκευά-

390 1010 565 1062 soluta
598 1010 806 1065 scilicet
841 1011 1009 1067 veteri
1048 1012 1450 1075 maledictione,
1483 1010 1829 1079 vindictaque
1870 1008 1957 1062 illa

2097 1029 2203 1065 οντι
2229 1012 2367 1081 πρὸς
2387 1012 2446 1067 τὸ
2472 1012 2564 1065 ἀπ’
2586 1012 2782 1082 ἀρχῆς,
2806 1012 2903 1066 καὶ
2929 1012 3249 1069 ἀνανεοῦντι
3274 1013 3408 1084 πρὸς
3426 1013 3636 1083 ἀφθαρο

391 1115 511 1167 qna:
544 1100 775 1168 primum
819 1100 1051 1155 formato
1093 1103 1299 1157 homini
1342 1101 1519 1156 fuerat
1561 1102 1818 1171 irrogata.
1853 1100 1960 1169 lgi-

2099 1104 2202 1169 ίαν,
2225 1105 2319 1158 καὶ
2343 1104 2450 1157 τῶν
2469 1104 2562 1157 τοῦ
2586 1104 2819 1157 Θανάτου
2846 1103 3061 1174 βρόχων
3082 1104 3433 1173 ἀποφαίνοντι
3460 1104 3645 1175 κρείτ-ι

395 1199 482 1242 tur
512 1190 635 1259 quia
672 1192 835 1245 etiam
867 1194 990 1247 dum
1028 1193 1240 1247 videtur
1264 1194 1317 1247 in
1353 1208 1537 1257 carne,
1582 1203 1775 1246 natura
1810 1206 1961 1246 vere-

2097 1213 2187 1250 ονα
2205 1212 2219 1226 ⁸
2250 1195 2547 1266 λελυμένης
2571 1194 2814 1264 δηλονότι
2846 1196 2942 1266 τῆς
2969 1195 3204 1265 ἀρχαίας
3230 1196 3447 1265 ἐκείνης
3474 1195 3644 1265 ἀρᾶς,

392 1296 497 1349 que
528 1279 697 1336 Filius
728 1282 817 1337 Dei
848 1298 971 1338 esse
1005 1286 1329 1353 przedicatur
1356 1303 1371 1339 :
1404 1301 1422 1336 ι
1453 1284 1727 1348 Glorilica,
1765 1284 1959 1353 inquit,

2100 1286 2155 1339 αὶ
2184 1286 2285 1355 τῆς
2314 1286 2406 1338 ἐπὶ
2429 1285 2507 1355 τῷ
2540 1284 2957 1354 πρωτοπλάστῳ
2981 1284 3157 1355 δίκης.
3188 1284 3395 1338 υὺκοῦν
3429 1283 3637 1354 ἐπειδή-

394 1383 563 1437 tuum,
595 1390 629 1429 ο
657 1374 836 1440 Pater,
880 1376 1093 1439 Filium,
1121 1395 1139 1428 ι
1179 1386 1431 1445 tanquam
1466 1377 1758 1443 hominem,
1789 1383 1962 1430 morte

2097 1392 2169 1446 περ
2211 1376 2305 1429 καὶ
2351 1378 2410 1429 ὲν
2451 1375 2617 1447 σαρκὶ
2669 1373 3094 1445 καθορώμενος,
3142 1374 3268 1438 Υἱὸς
3313 1369 3450 1428 εἶναι
3499 1373 3636 1426 Θεοῦ

391 1468 847 1536 Corruptioneque
894 1468 1250 1537 potentiorem
1292 1469 1543 1535 reddens,
1577 1477 1638 1523 ut
1676 1477 1797 1524 tuus
1841 1482 1962 1523 esse

390 1557 671 1623 credatur,
706 1574 827 1611 cum
871 1562 944 1614 sit
980 1560 1086 1613 vita
1121 1575 1217 1629 per
1251 1570 1497 1615 naturam
1530 1570 1590 1616 ut
1627 1560 1788 1625 Deus,
1817 1560 1960 1631 quod

2097 1560 2250 1628 ιησὶν,
2286 1554 2332 1611 ῶ
2362 1557 2562 1627 Πάτερ,
2611 1555 2701 1610 τὸν
2734 1556 2920 1621 Υίὸν,»
2962 1556 3038 1620 ὠς
3070 1556 3374 1629 ἄνθρωπον,
3410 1554 3506 1609 καὶ
3538 1554 3635 1607 θα-

393 1644 459 1698 ad
507 1645 737 1714 propria:
789 1657 995 1702 natura:
1046 1650 1309 1704 rationem
1362 1651 1557 1705 attinet
1602 1667 1617 1705 ι
1663 1659 1773 1705 tum
1816 1650 1961 1705 enim

2097 1651 2220 1704 ἀτου
2254 1650 2558 1720 κρείττονα,
2589 1650 2683 1703 καὶ
2710 1649 2913 1720 φθορᾶς
2935 1649 3244 1719 ἀποφήνας,
3273 1648 3359 1703 ἴνα
3387 1648 3475 1711 σὸς
3498 1643 3637 1699 εἶναι

395 1734 509 1803 ipse
534 1750 749 1807 quoque
780 1737 945 1794 Filius
982 1750 1032 1794 te
1066 1741 1410 1808 gloriticabit.
1442 1741 1640 1798 Gloria:
1670 1756 1858 1797 revera
1880 1751 1965 1797 est

2097 1742 2409 1813 τιστεύηται,
2435 1741 2551 1813 ζωὴ
2578 1742 2719 1796 κατά
2744 1740 2904 1810 φύσιν
2932 1741 3193 1813 ὑπάρχων
3216 1740 3291 1805 ὠς
3316 1739 3468 1803 Θεὸς,
3495 1740 3636 1792 κατά

397 1825 505 1881 Deo
551 1843 616 1883 ac
665 1828 834 1897 Patri,
879 1833 1003 1886 dum
1054 1850 1085 1888 a
1135 1834 1290 1889 nobis
1348 1834 1590 1890 creditur
1637 1834 1783 1905 quod
1835 1849 1959 1889 cum

2097 1851 2131 1886 ἐ
2157 1834 2249 1887 τὸν
2292 1834 2393 1904 τῆς
2426 1832 2564 1897 ἰδίας
2609 1832 2826 1903 φύσεως
2856 1832 3016 1902 λόγον
3036 1848 3050 1864 ο
3084 1831 3207 1885 τότε
3244 1831 3354 1902 γάρ
3389 1848 3450 1884 σε
3483 1832 3577 1884 καὶ
3610 1832 3640 1883 ό

399 1918 537 1973 Deus
571 1918 645 1974 sit
684 1936 864 1984 verus,
905 1933 954 1979 et
987 1925 1093 1979 vita
1133 1935 1189 1979 et
1219 1925 1514 1990 viviﬁcans,
1549 1939 1736 1995 parem
1764 1923 1864 1979 sibi
1896 1938 1963 1979 ac

2097 1926 2197 1991 Γίὸς
2235 1925 2469 1993 δοξάσει.
2498 1924 2637 1990 Δόξα
2675 1924 2890 1996 ἀληθῶς
2926 1923 3005 1996 τῷ
3043 1922 3161 1995 Θεῷ
3192 1924 3286 1978 καὶ
3324 1923 3521 1993 Πατρὶ,
3556 1922 3639 1987 τὸ,

398 2022 495 2076 per
522 2011 701 2065 omnia
732 2014 991 2079 similem,
1016 2015 1462 2085 iuell‘abiliterqne
1481 2024 1537 2073 et
1557 2030 1720 2086 supra
1746 2030 1963 2070 omnem

401 2100 811 2171 intelligentiam
857 2107 1041 2176 genuit
1090 2107 1309 2172 Filium,
1354 2108 1447 2179 qui
1493 2121 1601 2163 non
1640 2107 1744 2162 fuit
1788 2107 1965 2161 minor

397 2192 561 2247 etiam
602 2210 723 2250 cum
767 2198 818 2251 in
857 2212 1026 2253 carne
1056 2209 1213 2255 natus
1246 2210 1351 2265 est,
1382 2198 1478 2255 sed
1513 2205 1856 2269 prmstantem
1897 2194 1965 2250 il-

401 2283 504 2337 lam
546 2288 923 2359 egregiamque
976 2291 1237 2346 naturalis
1285 2289 1581 2345 nobilitatis
1638 2288 1741 2344 sibi
1792 2286 1970 2342 insita:

402 2375 857 2444 pulchritudinem
905 2381 1170 2452 integram
1222 2382 1442 2437 omnino
1479 2380 1740 2445 servavit,
1786 2378 1861 2434 ita
1913 2386 1973 2433 ut

404 2470 518 2537 ipse
552 2485 766 2539 quoque
797 2472 869 2527 sit
905 2473 1039 2535 vita,
1073 2481 1258 2541 utpote
1284 2488 1349 2527 ex
1380 2472 1512 2539 vita,
1540 2482 1596 2527 et
1624 2470 1809 2527 omnia
1845 2484 1972 2542 pos—

403 2562 497 2623 sit,
540 2570 595 2616 et
636 2562 755 2615 sine
800 2562 982 2618 labore
1010 2564 1274 2634 perﬁciat,
1322 2572 1376 2619 et
1407 2565 1490 2619 his
1520 2564 1611 2635 qui
1652 2572 1777 2618 sunt
1810 2563 1971 2617 morti

405 2651 848 2722 corruptionique
883 2655 1125 2717 obnoxii,
1170 2655 1630 2723 incorruptionem
1660 2654 1846 2711 donet.
1873 2652 1975 2721 lgi-

408 2752 493 2795 tur
522 2743 683 2796 etiam
730 2745 773 2799 si
804 2746 1097 2812 glorificari
1137 2747 1352 2801 dicatur
1396 2764 1424 2800 a
1458 2746 1617 2802 Patre
1652 2745 1842 2810 Filius,
1878 2744 1976 2798 hu-

410 2832 685 2887 manitatis
736 2850 1039 2890 mensuram
1088 2846 1320 2906 reputa:
1357 2850 1423 2891 ne
1466 2845 1589 2905 post
1624 2835 1877 2889 unionem
1923 2831 1976 2887 in

2063 1466 2392 1537 κηρύττεται
2440 1466 2600 1535 φύσει
2647 1482 2708 1517 τε
2764 1465 2857 1517 κα)⁸
2890 1464 3153 1535 ἀληθείᾳ,
3200 1482 3219 1515 ι
3250 1464 3481 1531 Δόξασόν
3519 1481 3635 1526 σου,

2070 2016 2423 2072 πιστεύεσθαι
2449 2016 2585 2088 πρὸς
2609 2015 2790 2087 ήμῶν,
2813 2016 2897 2070 ὅτι
2922 2015 3054 2079 Θεὸς
3082 2016 3345 2086 ὑπάρχων
3371 2013 3651 2084 ἀληθινὸς,

2072 2112 2168 2165 καὶ
2200 2108 2345 2177 ζωὴ,
2389 2108 2484 2162 καὶ
2525 2107 2806 2173 ζωοποιὸς,
2853 2106 2966 2161 ἴσον
3007 2125 3067 2161 τε
3109 2107 3202 2160 καὶ
3243 2108 3427 2176 ὅμοιον
3471 2104 3659 2173 ἐαυτῷ.

2074 2199 2215 2253 κατὰ
2249 2199 2356 2252 πᾶν
2387 2196 2585 2263 ὁτιοῦν,
2630 2197 2955 2267 ἀπορρήτως
2984 2214 3045 2249 τε
3081 2197 3174 2250 καὶ
3204 2197 3343 2266 ὑπὲρ
3372 2194 3518 2258 νοῦν,
3549 2196 3644 2255 ὲκ-

2074 2292 2264 2345 τὲτοκε
2302 2290 2394 2343 τὸν
2426 2290 2573 2352 Υἰὸν,
2603 2289 2665 2352 ὃς
2691 2285 2759 2359 ἦν
2787 2292 2887 2343 οὑκ
2919 2291 2976 2343 ὲν
3012 2289 3189 2361 μείοσι
3209 2326 3225 2351 ,
3275 2287 3370 2341 καὶ
3400 2288 3458 2340 ὲν
3488 2287 3650 2362 σαρκὶ

2077 2382 2187 2455 [ἵσ.
2215 2380 2308 2434 καὶ
2341 2380 2423 2433 ὅτι
2470 2382 2527 2433 ὲν
2580 2378 2768 2451 σαρκὶ]
2820 2378 3047 2448 γέγονεν
3070 2393 3085 2408 ’
3118 2376 3257 2430 ἀλλά
3284 2375 3384 2445 τῆς
3423 2374 3661 2443 ἐνούσης

2078 2473 2227 2544 αὑτῷ
2256 2473 2487 2543 φυσικῆς
2517 2472 2793 2540 εὐγενείας
2813 2512 2828 2535 ,
2876 2468 3247 2540 ἁδιαλὼὅητον
3281 2466 3562 2528 παντελῶς
3589 2465 3663 2525 τὸν

2081 2565 2353 2637 ὑπερφυὲς
2384 2565 2479 2618 καὶ
2512 2564 2787 2635 ἐξαίρετον
2815 2559 3116 2617 διεσώσατο
3156 2559 3375 2625 κάλλος,
3407 2557 3520 2626 ζωὴ
3557 2558 3655 2610 καὶ

2081 2656 2242 2721 αὑτὸς
2271 2657 2533 2727 ὑπάρχων
2569 2654 2644 2717 ὡς
2688 2655 2753 2706 ἐκ
2786 2652 2951 2723 ζωῆς,
2996 2650 3176 2705 πάντα
3209 2666 3269 2702 τε
3317 2647 3516 2719 ἰσχύων
3559 2647 3655 2699 καὶ

2082 2749 2317 2819 ἀμογητὶ
2349 2744 2648 2816 κατορθῶν,
2673 2743 2766 2797 καὶ
2790 2746 2903 2807 τοῖς
2928 2741 3032 2795 ὑπὸ
3062 2741 3291 2796 θάνατον
3323 2739 3419 2792 καὶ
3444 2736 3651 2808 φθοράν

2082 2843 2181 2912 τήν
2196 2839 2500 2910 ἀφθαρσίαν
2515 2836 2878 2909 δωρούμενος.
2903 2833 3114 2888 Οὑκοῦν
3134 2833 3239 2887 κᾶν
3261 2833 3313 2886 εί
3333 2828 3654 2898 δοξάζεσθαι

409 2927 515 2979 duo
541 2924 752 2981 dividas
792 2941 956 2980 unum
1002 2926 1301 2992 Christum,
1348 2937 1401 2982 et
1435 2922 1746 2993 Filium,ct
1792 2928 1979 2982 Domi-

2097 2935 2295 3002 λέγοιτο
2322 2930 2475 3002 παρά
2513 2929 2609 2986 τοῦ
2641 2929 2854 2999 Πατρὸς
2891 2928 2920 2981 ό
2948 2926 3106 2992 Υἱὸς,
3140 2924 3203 2979 τὸ
3234 2925 3332 2991 τῆς
3377 2920 3660 2993 ἀνθρωπό-

412 3030 573 3081 num;
625 3018 720 3072 sed
774 3032 938 3071 uuttm
986 3018 1344 3087 eamdemque
1399 3018 1654 3073 similiter
1694 3030 1749 3074 et
1795 3019 1981 3089 gloria:

2097 3040 2247 3094 τητος
2275 3019 2591 3089 ἀναλογίζου
2626 3017 2855 3090 μέτρον·
2888 3016 2964 3088 μὴ
2990 3013 3252 3086 διατέμῃς
3284 3016 3363 3077 εἰς
3390 3012 3484 3067 δύο
3524 3010 3663 3082 μετά

415 3105 697 3161 Dominum
727 3118 783 3162 et
815 3106 981 3162 Deum
1030 3108 1291 3178 intelligo,
1324 3118 1376 3166 et
1407 3110 1633 3180 gloriam
1671 3111 1981 3166 humanitus

2097 3116 2186 3187 τὴν
2221 3114 2437 3177 ἕνωσιν,
2478 3113 2569 3165 τὸν
2602 3111 2701 3165 ἕνα
2739 3108 2975 3180 Χριστὸν
3000 3108 3095 3161 καὶ
3136 3107 3263 3161 Υίὸν
3302 3105 3397 3159 καὶ
3423 3103 3661 3174 Κύριον·

415 3199 793 3269 accipientem.
823 3200 1009 3270 Cogita
1041 3201 1183 3255 enim
1219 3202 1367 3255 illum
1395 3202 1497 3257 etsi
1531 3212 1722 3257 natura
1751 3219 1986 3272 vereque

2097 3207 2203 3261 ἀλλ’
2229 3207 2324 3260 ἕνα
2359 3206 2453 3259 καὶ
2483 3203 2575 3257 τὸν
2607 3200 2772 3256 αὑτὸν
2800 3199 3002 3270 ὁμοίως
3049 3197 3162 3269 (26)
3182 3238 3198 3263 ,
3246 3198 3341 3251 καὶ
3375 3196 3473 3266 τῆς
3505 3194 3663 3264 δόξης

421 3293 560 3347 Deus
605 3294 695 3354 sit.
745 3304 799 3349 et
844 3310 941 3348 rex
987 3295 1361 3350 universorum
1395 3312 1457 3351 ac
1484 3296 1764 3363 Dominus,
1808 3306 1986 3352 tamen

2097 3296 2291 3368 Κύριον
2333 3295 2429 3350 καλ⁵
2470 3293 2625 3358 Θεὸν,
2654 3293 2749 3345 καὶ
2774 3290 2931 3357 δόξαν
2962 3288 3254 3358 δεχόμενον
3285 3283 3659 3357 ἀνθρωπίνως.

418 3386 774 3441 constitutum
834 3402 957 3442 esse
1010 3402 1187 3457 regem
1240 3388 1384 3453 dici,
1434 3404 1557 3443 cum
1606 3389 1783 3445 factus
1830 3391 1991 3445 homo

2103 3388 2305 3443 Ἐννόει
2335 3389 2442 3458 γάρ
2487 3387 2591 3450 ὅτι,
2638 3383 2818 3437 καίτοι
2858 3381 3018 3451 φύσει
3070 3398 3130 3434 τε
3164 3379 3413 3450 ἀληθείᾳ,
3447 3375 3579 3439 Θεός
3606 3392 3668 3427 τε

422 3478 591 3534 nostri
648 3479 841 3534 similis
890 3479 1189 3535 luuniliavit
1234 3481 1508 3551 seipsum,
1539 3481 1701 3552 108
1719 3490 1773 3536 et
1817 3480 1991 3537 factus

2097 3480 2189 3536 καὶ
2219 3478 2468 3550 βασιλεὺς
2493 3476 2601 3530 τῶν
2630 3474 2767 3529 ὅλων
2797 3472 3062 3543 ὑπάρχων
3106 3470 3202 3525 καὶ
3229 3469 3458 3541 Κύριος,
3491 3483 3669 3537 κεχει-

421 3579 507 3625 est
532 3571 791 3627 obediens
824 3571 932 3627 Deo
960 3581 1014 3626 et
1042 3570 1185 3626 Patri
1209 3572 1279 3640 ⁸⁸,
1314 3581 1369 3627 et
1406 3572 1685 3628 nobiscum
1726 3573 1827 3628 sub
1854 3573 1991 3643 lege.

2099 3571 2429 3646 ροτονεῖσθαι
2467 3568 2687 3636 λέγεται
2721 3565 2995 3637 βασιλεὺς,
3040 3563 3129 3616 ὅτε
3166 3559 3287 3615 καθ’
3332 3559 3482 3629 ἡμᾶς
3514 3554 3669 3624 γενό-

425 3663 583 3719 ΝυΙΙο
619 3665 784 3736 igitur
815 3666 974 3720 modo
1007 3680 1128 3734 qua:
1153 3664 1541 3721 exinanitionis
1567 3679 1837 3720 mensura:
1861 3680 1991 3720 con-

2100 3680 2260 3736 μενος
2301 3663 2590 3734 ἄνθρωπος
2635 3656 3036 3713 τεταπείνωκεν
3068 3651 3280 3716 ἑαυτὸν,
3328 3650 3422 3705 καί
3454 3646 3673 3716 γέγονεν

2100 3758 2341 3828 ὑπήκοος
2370 3754 2449 3825 τῷ
2484 3752 2603 3823 Θεῷ
2633 3750 2730 3805 καὶ
2762 3748 2956 3818 Πατρὶ,
2987 3746 3084 3800 καὶ
3132 3742 3249 3814 μεθ’
3274 3740 3431 3812 ήμῶν
3458 3737 3562 3791 ὑπὸ
3591 3736 3676 3789 νό-

2104 3868 2223 3921 μον.
2253 3846 2554 3917 Θορυϐήσει
2584 3843 2649 3915 δὴ
2674 3836 2768 3897 οὖν
2811 3840 2934 3894 κατ’
2957 3836 3151 3891 οὑδένα
3182 3833 3399 3921 τρόπον
3421 3829 3549 3921 τοὺς
3590 3845 3678 3881 σο-

2103 3916 2235 4011 ξρούς
2263 3916 2450 3992 τεκαὶ
2483 3933 2875 4003 ἐπιστήμονας,
2908 3926 3003 3982 καὶ
3034 3923 3359 3996 ἱδρυμένους
3388 3920 3445 3972 ὲν
3472 3916 3674 4011 πίστει,

2102 4006 2173 4087 τὰ
2207 4033 2321 4094 τοῖς
2363 4029 2462 4099 τῆς
2507 4024 2792 4087 κενώσεως
2832 4019 3112 4093 πρέποντα
3164 4014 3419 4087 μέτροιςο
3464 4008 3579 4065 ἀλλ’
3620 4006 3682 4072 ἐξ

2106 4122 2283 4177 αὑτῶν
2323 4137 2384 4174 τε
2412 4117 2570 4189 ὁμοῦ,
2600 4116 2695 4170 καὶ
2737 4112 2845 4168 τῶν
2882 4114 2949 4182 τῇ
2980 4109 3101 4178 θείᾳ
3136 4104 3453 4178 πρεπόντων
3498 4100 3681 4170 φύσει,

438 4228 549 4271 tum
581 4216 839 4287 impetqu
882 4218 1169 4272 admodum
1208 4192 1432 4287 pronus,
1469 4217 1636 4273 stulte
1668 4217 1770 4272 sibi
1804 4217 1991 4286 placet

2108 4213 2241 4267 Θεὸν
2284 4210 2413 4264 ὄντα
2445 4209 2536 4262 τὸν
2586 4204 2748 4260 αὑτὸν
2786 4204 2881 4256 καὶ
2917 4199 3203 4270 ἄνθρωπον
3254 4192 3682 4263 ὲπιγινώσκουσι

437 4319 492 4363 ct
518 4324 638 4378 qua:
660 4284 784 4378 ipse
813 4319 865 4364 et
891 4309 1106 4378 quidem
1133 4284 1278 4366 sol-us
1295 4310 1510 4379 probat,
1527 4309 1625 4365 sed
1647 4317 1791 4364 recte
1805 4284 1991 4363 haberi

2108 4306 2200 4358 τὸν
2231 4304 2378 4357 Υἱόν.
2416 4299 2574 4353 Ἀλλά
2609 4296 2717 4367 γὰρ
2766 4292 3065 4363 ὑγιαίνουσι
3230 4288 3293 4379 οὑ
3320 4284 3685 4379 προσέρχεται

427 3756 669 3823 veniunt,
727 3756 999 3826 sapientes
1052 3757 1299 3812 homines
1344 3766 1399 3812 et
1447 3757 1653 3827 peritos
1702 3765 1757 3812 et
1797 3757 1850 3811 in
1892 3757 1999 3812 (ide

427 3849 779 3905 ciuiliriiiatos
804 3850 1230 3915 conturbabunt,
1267 3850 1362 3906 sed
1393 3865 1460 3905 ex
1493 3850 1558 3905 iis
1591 3850 1723 3920 ipsis
1755 3860 1810 3906 et
1834 3848 1999 3906 simul

429 3957 493 3996 es
536 3942 621 3996 his
650 3958 769 4012 quae
803 3942 999 3999 divina:
1048 3952 1254 3997 natura:
1293 3942 1649 4007 conveniunt,
1700 3944 1873 4011 ipsum
1914 3940 2003 3997 Fi-

432 4034 560 4087 lium
594 4034 757 4089 Deum
802 4048 923 4089 esse
972 4034 1220 4089 eumdem
1261 4042 1317 4087 et
1364 4034 1638 4088 hominem
1681 4043 2002 4103 agnoscent.

434 4126 542 4181 Sed
595 4125 741 4180 sanis
786 4125 968 4180 verbis
1012 4140 1117 4180 non
1160 4125 1457 4193 acquiescit
1478 4124 1550 4189 ⁸⁸,
1580 4132 1636 4179 et
1680 4126 1747 4179 ad
1773 4124 2008 4179 ellrena-

437 4400 732 4466 existimat,
764 4416 827 4455 ea
863 4401 1141 4456 seutienda
1179 4411 1365 4457 censet
1396 4419 1410 4455 ε
1443 4401 1623 4471 perdit
1655 4402 1818 4455 etiam
1850 4401 2007 4467 alios,

2110 4395 2287 4461 λόγοις
2303 4408 2317 4422 ⁸
2339 4386 2717 4448 ἀπονενευκὼς
2738 4384 2795 4437 δὲ
2819 4381 2937 4434 λίαν
2961 4380 3041 4442 εἰς
3066 4377 3127 4431 τὸ
3151 4376 3388 4447 ὲξήνιον,
3412 4373 3688 4433 ἀσυνέτως

440 4508 563 4546 cum
609 4502 808 4562 praeter
850 4492 938 4547 illa
982 4509 1101 4562 qua:
1152 4492 1311 4559 dixit,
1364 4508 1528 4547 unum
1585 4493 1867 4548 Dominum
1920 4507 1989 4546 no

2118 4482 2556 4556 περιαυτίζεται,
2600 4477 2695 4531 καὶ⁵
2722 4475 2792 4529 τὰ
2822 4472 2971 4544 αὑτῷ
3004 4469 3101 4524 καὶ
3147 4469 3293 4539 μόνῳ
3325 4464 3585 4562 δοκοῦντά

440 4598 613 4639 strum
638 4583 827 4640 Jesum
857 4584 1131 4640 Christum
1174 4585 1226 4638 in
1258 4585 1362 4639 duo
1406 4584 1675 4648 dividens,
1721 4585 1883 4638 etiam
1918 4599 2014 4637 no-

442 4684 613 4729 strum
642 4676 817 4745 ipsum
843 4674 1086 4730 divinum
1112 4674 1429 4745 mysterium
1453 4674 1837 4740 calumniatur,
1870 4674 1922 4727 in
1948 4688 2013 4728 eo

442 4767 587 4837 quod
616 4776 829 4823 recusat
855 4768 1133 4823 uobiscum
1163 4766 1434 4832 conﬁteri,
1471 4765 1749 4822 Christum
1789 4782 1895 4821 non
1936 4765 2013 4819 si-

446 4861 650 4916 militer
701 4868 866 4929 atque
908 4876 1074 4915 nmun
1108 4875 1140 4916 e
1182 4860 1389 4914 sanctis
1431 4859 1710 4928 praphetis
1758 4869 1850 4913 aut
1881 4874 2014 4928 apo-

444 4950 601 5004 stolis
624 4958 681 5003 et
706 4948 1054 5019 evangelistis
1085 4948 1358 5003 Deilerum
1390 4947 1665 5002 hominem
1696 4947 1886 5011 fuisse,
1923 4947 2016 5000 sed

451 5040 615 5093 Deum
659 5040 930 5094 hominem
973 5041 1197 5106 factum,
1229 5054 1292 5094 ac
1326 5053 1449 5093 vere
1496 5038 1851 5107 partieipasse
1896 5052 2017 5089 car-

451 5145 574 5184 nem
624 5138 681 5184 et
712 5131 1055 5199 sanguinem.
1092 5130 1183 5184 Sic
1224 5140 1405 5184 autem
1454 5144 1669 5182 rursum
1700 5127 1859 5192 dixit,
1894 5141 2016 5180 cum

453 5230 705 5290 tanquam
738 5237 802 5274 ex
835 5235 1062 5290 persona
1102 5220 1303 5275 Christi
1334 5222 1494 5273 verba
1527 5225 1872 5287 proponeret:

2115 4554 2209 4631 καί
2237 4570 2295 4628 εὖ
2324 4573 2466 4643 ἔχειν
2493 4565 2882 4637 ὑπειλημμένα
2916 4563 3134 4635 φρονεῖν
3162 4558 3327 4624 ἀξιοῖ.
3360 4556 3608 4612 Διόλλυσι
3630 4554 3689 4607 δὲ

2116 4671 2211 4722 καὶ
2240 4665 2462 4736 ἑτέρους
2488 4660 2623 4732 πρὸς
2646 4654 2728 4722 οἷς
2754 4656 2861 4727 ἔφη
2888 4653 3094 4717 διῖστάς
3120 4654 3200 4715 είς
3222 4651 3317 4704 δύο
3341 4649 3433 4702 τὸν
3459 4648 3554 4701 ἕνα
3581 4643 3694 4699 Κύ-

2120 4777 2233 4831 ριον
2266 4755 2472 4827 Ἰησοῦν
2494 4754 2584 4807 τὸν
2612 4750 2868 4824 Χριστὸν,
2915 4747 3011 4801 καὶ
3056 4742 3297 4831 αὑτὸντὺ
3338 4740 3497 4831 θείον.
3536 4738 3695 4831 ἡμῶν

2120 4826 2470 4916 συκοφαντῶν
2513 4841 2833 4914 μυστήριον,
2881 4835 2990 4891 ἀπό
3024 4851 3088 4904 γε
3139 4830 3233 4886 τοῦ
3287 4830 3364 4901 μὴ
3406 4826 3696 4898 ἀνέχεσθαι

2127 4941 2245 5011 μεθ’
2272 4938 2428 5011 ἡμῶν
2472 4935 2776 5007 ὁμολογεῖν,
2823 4931 2907 4984 ὅτι
2942 4927 3067 4982 καθ’
3093 4925 3192 4979 ἕνα
3223 4922 3333 4996 [ισ.
3360 4922 3443 4974 ὅτι
3477 4920 3539 4972 οὑ
3575 4916 3698 5011 καθ’

2123 5007 2244 5104 ἕνα]
2290 5007 2399 5083 τῶν
2439 5028 2612 5097 ἁγίων
2664 5020 2983 5095 προφητῶν,
3033 5018 3201 5088 ἡγουν
3246 5007 3701 5104 ἁποστόλωνῃκαὶ

2124 5098 2524 5191 εὐαγγελιστῶν
2550 5118 2805 5187 θεοφόρος
2827 5112 2895 5185 ἦν
2920 5110 3015 5167 ἄνθ
3026 5125 3203 5181 ρωπος
3216 5106 3255 5173 ,ὁ
3280 5102 3513 5176 Χριστός
3534 5118 3546 5133 ·
3568 5098 3700 5191 Θεὸς
3740 5126 3767 5151 ο

2125 5214 2181 5266 δὲ
2218 5189 2418 5283 μᾶλλον
2454 5209 2744 5279 γενόμενος
2790 5204 3098 5275 ἄνθρωπος,
3132 5194 3436 5270 μετέσχηκέ
3466 5211 3527 5247 τε
3559 5189 3704 5247 κατά

453 5288 713 5391 ἀλήθειαν
739 5288 970 5387 αἵματος
1014 5317 1109 5370 καὶ
1149 5317 1369 5388 σαρκός.
1398 5317 1545 5385 Ἔφη
1569 5315 1625 5368 δὲ
1658 5313 1799 5367 οὑτω
1827 5312 2012 5380 πάλιν,
2051 5310 2126 5374 ὡς
2156 5311 2220 5362 ὲκ
2247 5306 2542 5380 προσώπου
2570 5300 2806 5375 Χριστοῦ
2835 5295 3152 5371 παρατιθεὶς
3183 5291 3242 5347 τὸ
3269 5288 3450 5364 ῥητόν·

551 5476 573 5508 ³
600 5475 833 5545 Philipp.
872 5490 931 5542 ιι,
956 5474 1007 5528 8.
1087 5473 1131 5505 ⁸³
1158 5471 1176 5525 l
1209 5471 1350 5527 Tim.
1371 5486 1445 5536 γι,
1472 5469 1525 5524 5.

1719 5601 1880 5659 ANT.
1920 5594 2196 5655 AGELLll
2234 5590 2463 5648 ΝΟΤκΕ.

539 5770 650 5847 (26)
686 5772 848 5830 Deest
886 5773 1133 5837 verbum,
1164 5777 1288 5842 puta
1339 5768 1468 5834 νόει,
1495 5763 1579 5821 vel
1631 5758 1909 5833 ὁμολόγει,
1940 5770 1991 5811 Vt

2097 5751 2262 5823 liquid
2310 5745 2502 5804 simile.
