4104 6336
311 433 416 491 189

378 546 444 621 [ι
485 546 544 600 ὐ
582 542 810 615 τρώγων
844 558 946 613 μου
982 538 1081 611 τὴν
1116 537 1296 608 σάρκα
1343 536 1436 589 καὶ.
1469 533 1639 587 πίνων

309 637 472 708 αἷμα.
512 639 570 690 ὲν
603 637 730 708 ἐμοὶ
765 634 937 706 μένει,
967 631 1126 700 κάγὼ
1157 632 1213 683 ἐν
1250 627 1417 698 αὐτῷ.
1448 647 1466 680 ι
1501 622 1888 694 Μνημόνευσον

309 731 392 788 ὅτι
415 727 663 800 περὶτῆς
688 725 888 797 σαρκος
913 723 974 776 16
993 721 1306 792 λεγόμενον.
1333 737 1353 772 t
1383 716 1580 779 Καθὼς
1603 709 1890 768 ἀπέστειλέ

314 836 381 889 με
407 819 437 875 6
473 816 580 882 ζῶν
612 813 824 886 Πατὴρ,
846 833 865 866 ι
903 811 1005 883 ἐμὲ
1032 812 1126 864 τὸν
1157 809 1504 880 φαινόμενον.
1540 805 1684 858 Ἀλλ’
1715 801 1888 855 ἐνίοτε

310 907 736 980 παρεομηνεύω.
778 902 1130 974 ’Λκούσωμεν
1180 904 1246 956 ὲκ
1295 900 1405 954 τῶν
1456 898 1605 967 ἑξῆς.
1643 912 1662 946 t
1691 891 1891 955 Καθὼς

313 999 601 1056 ἀπέστειλέ
634 1015 701 1070 με
724 997 754 1050 6
783 997 892 1062 ζῶν
924 997 1137 1065 Πατήρ·
1164 1011 1182 1046 ι
1217 994 1424 1054 ἐκεῖνος
1454 989 1604 1056 λέγει
1641 985 1741 1056 τὴν
1773 983 1892 1038 θεό-

309 1107 469 1160 τητα,
513 1085 624 1156 ἐγὼ
656 1087 755 1158 τὴν
791 1084 1212 1155 ἀνθρωπότητα.
1246 1081 1474 1150 Ἰδωμεν
1505 1077 1590 1140 τίς
1617 1078 1646 1130 6
1676 1090 1886 1145 παρερο

315 1178 586 1251 μηνεύων.
617 1177 784 1246 Λέγει
821 1177 851 1230 6
881 1174 1156 1247 αἱρετικδς
1195 1171 1432 1227 ἐνταῦθα
1474 1169 1574 1241 τὴν
1621 1167 1887 1236 θεότηταο

311 1270 632 1328 ἀπέστειλεν
659 1269 760 1341 ἐμὲ
791 1269 886 1322 τὸν
914 1267 1046 1322 Θεδν
1080 1267 1284 1335 Λόγον·
1319 1283 1339 1317 t
1365 1262 1566 1325 Καθὼς
1601 1255 1890 1314 ἀπέστειλέ

315 1383 385 1436 με
407 1367 437 1419 6
473 1362 582 1429 ζῶν
624 1361 838 1434 Πατὴρ,
871 1378 890 1414 ι
919 1362 1038 1414 κατ’
1067 1361 1274 1414 ἐκεῖνον
1307 1376 1326 1410 t
1351 1355 1508 1424 κάγὼ
1527 1353 1624 1418 ζῶ,
1651 1371 1670 1404 ι
1705 1353 1733 1405 6
1759 1349 1892 1412 Θεὸς

313 1455 486 1522 Λόγος
521 1473 538 1507 t
571 1452 661 1508 διὰ
687 1452 779 1506 τὸν
819 1451 1058 1523 Πατέρα.
1093 1470 1113 1503 ι
1136 1445 1273 1504 Εἶτα
1297 1447 1436 1520 μετά
1459 1445 1647 1500 τοῦτο’
1684 1461 1702 1495 ι
1725 1441 1837 1496 Καὶ
1863 1442 1892 1494 ὁ

311 1548 540 1620 τρώγων
572 1565 662 1619 με,
691 1547 945 1608 κάκεῖνος
987 1544 1232 1610 ζήσεται.
1259 1560 1278 1595 ι
1322 1541 1456 1595 Τίνα
1489 1536 1762 1608 ἐσθίομεν,
1791 1533 1892 1606 τὴν

313 1638 563 1707 θεότητα,
593 1638 628 1709 ἦ
656 1638 756 1708 τὴν
789 1633 1042 1707 σάρκας]

913 1941 1138 1998 ΚΕΦΛΛ
1149 1977 1165 1993 .
1198 1942 1272 1996 Δ’.

385 2081 573 2149 Μόνην
595 2077 660 2148 δὴ
686 2070 780 2132 οὖν
809 2073 1146 2130 ἀπεστάλθαι
1178 2071 1277 2143 τὴν
1309 2071 1487 2142 σάρκα
1521 2068 1648 2139 φὴς,
1679 2067 1772 2122 καὶ
1795 2068 1891 2121 αύ-

311 2171 414 2244 τὴν
446 2166 588 2224 εἶναι
630 2166 960 2230 διαϐεϐαιοῖς
1007 2165 1098 2218 τὸν
1150 2164 1475 2233 φαινόμενον
1497 2177 1512 2192 ⁹
1564 2160 1780 2230 ἀπόχρη
1826 2159 1892 2228 δὴ

311 2261 408 2318 οὖν
457 2262 554 2316 καὶ
595 2261 760 2325 μόνον
811 2259 944 2330 ἡμῖν
987 2258 1068 2321 είς
1100 2256 1161 2310 τὸ
1204 2253 1463 2308 δύνασθαι
1507 2251 1793 2317 ζωοποιεῖν
1831 2250 1894 2305 16

313 2355 534 2425 θανάτῳ
569 2351 1024 2424 τυραννούμενον.
1049 2347 1116 2402 Τί
1153 2341 1248 2401 οὖν
1283 2346 1342 2399 αἱ
1383 2344 1727 2399 θεόπνευστοι
1750 2343 1894 2413 Γρα-

313 2447 414 2517 φαὶ
467 2442 775 2516 ραψωδοῦσι
811 2441 991 2513 μάτην
1033 2438 1213 2510 σάρκα
1244 2434 1497 2505 γενέσθαι
1527 2434 1618 2488 τὸν
1645 2434 1711 2487 ὲκ
1756 2431 1892 2488 Θεοῦ

316 2536 532 2607 [la-.96;
560 2534 753 2602 Λόγον,
801 2532 914 2588 ἀνω
953 2547 1014 2584 τε
1051 2529 1148 2584 καὶ
1195 2529 1346 2582 κάτω
1394 2523 1891 2594 διισχυριζόμεναις

312 2626 454 2681 Ποία
493 2625 599 2696 γὰρ
631 2623 769 2686 ὅλως
805 2621 1002 2691 γένοιτ’
1026 2619 1094 2674 ἂν
1125 2617 1218 2672 τοῦ
1250 2617 1425 2684 Λόγου
1459 2613 1640 2686 χρεία,
1668 2612 1770 2682 τῆς
1798 2612 1895 2665 ἀν-

314 2717 595 2788 θρωπίνης
646 2713 862 2784 φύσεως
911 2709 1244 2782 ἀποχρώσης
1278 2709 1434 2779 ἡμῖν,
1480 2705 1585 2760 κᾶν
1626 2704 1675 2758 εἰ
1721 2705 1897 2757 νοοῖτο

318 2810 457 2880 μόνη
487 2807 584 2861 καὶ
615 2804 738 2860 καθ’
780 2803 1002 2882 ἑαυτὴν,
1036 2801 1116 2865 εἷς
1157 2817 1220 2870 γε
1242 2800 1302 2853 τὸ
1321 2797 1580 2854 δύνασθαι
1612 2797 1894 2868 καταργῆ-

315 2918 411 2954 σαι
449 2899 698 2959 θάνατον,
729 2895 824 2950 καὶ
851 2895 913 2950 τὸ
946 2894 1044 2962 τῆς
1076 2887 1628 2963 φθορᾶς-παραλῦσαι
1657 2889 1892 2958 κράτος;

317 2985 430 3039 Καὶ
459 2983 618 3054 εἴπερ
647 2982 814 3047 ἐστὶν,
843 2980 1034 3052 ὥσπερ
1061 2977 1154 3034 οὖν
1177 2980 1279 3031 οἴει
1307 2978 1403 3031 καὶ
1432 2974 1677 3043 δοξάζειν
1700 2973 1893 3040 ἀξιοῖς,

313 3076 416 3146 οὐχ
443 3079 472 3130 6
500 3075 634 3139 Θεὸς
675 3073 848 3144 Λόγος
876 3073 906 3126 6
936 3069 1350 3142 ἀπεσταλμένος
1382 3067 1472 3121 διὰ
1507 3065 1602 3120 τοῦ
1644 3066 1896 3134 γενέσθαι

317 3167 443 3221 καθ’
464 3168 634 3238 ἡμᾶς,
672 3166 808 3237 μόνη
844 3165 921 3230 δὲ,
951 3163 1027 3229 ὡς
1059 3163 1219 3234 ἔφης,
1254 3161 1592 3217 ἀπέσταλται
1620 3157 1772 3230 παρὰ
1801 3157 1894 3212 τοῦ

316 3259 535 3330 Πατρδς
557 3260 591 3328 ή
622 3257 923 3328 φαινομένη
952 3245 1117 3327 σάρξ,’
1142 3255 1259 3318 πῶς
1287 3255 1384 3324 οὐχ
1412 3253 1616 3308 ἅπασιν
1643 3250 1892 3322 ἐναργὲς,

312 3352 398 3405 ὅτι
441 3349 694 3422 σώματος
741 3347 1109 3419 ἀνθρωπίνου,
1157 3347 1254 3400 καὶ
1297 3345 1406 3399 τῶν
1455 3343 1741 3416 ἡμετέρων
1774 3347 1895 3398 κατ’

314 3442 509 3496 οὐδένα
535 3437 815 3501 παντελῶς
845 3438 1045 3507 τρόπον
1077 3437 1138 3490 ὲν
1173 3435 1387 3508 μεθέξει
1418 3435 1724 3504 γεγόναμεν
1756 3434 1893 3505 (27);

320 3533 447 3597 Πῶς
477 3527 572 3586 οὖν
596 3533 655 3585 έν
681 3528 890 3602 ἑτέροις
919 3527 1172 3599 διαγελᾷς
1199 3528 1324 3591 τοὺς
1349 3521 1452 3582 ὧδε
1482 3528 1892 3602 διακειμένους;

315 3629 456 3697 ἒςοης
487 3625 595 3696 γὰρ
629 3623 793 3679 πάλιν
819 3639 836 3656 ·

385 3693 573 3790 [ιερῶν
597 3715 768 3770 δὲκαὶ
799 3714 893 3770 τοῦ
917 3713 1214 3768 σκανδάλου
1252 3712 1322 3767 τὰ
1354 3716 1604 3785 ῥήματα,
1634 3714 1764 3783 περὶ
1795 3693 1907 3784 τῆς.

311 3807 526 3872 οἰκείας
573 3805 774 3877 σαρκὸς
818 3805 847 3857 6
891 3803 1167 3874 Δεσπότης
1213 3802 1458 3873 Χριστὸς
1501 3803 1639 3874 πρὸς
1695 3801 1896 3866 αὐτοὺς

313 3898 619 3966 διελέγετο·
663 3914 682 3948 ι
707 3895 833 3950 Ἐάν
863 3894 940 3966 μὴ
970 3894 1203 3966 φάγητε,
1235 3893 1390 3965 φησὶ,
1435 3893 1536 3964 τὴν
1579 3894 1758 3964 σάρκα
1800 3892 1894 3946 τοῦ

317 3990 450 4045 Υίοῦ
492 3989 586 4044 τοῦ
618 3987 930 4060 ἀνθρώπου,
973 3987 1069 4042 καὶ
1115 3987 1274 4058 πίητε
1302 3985 1466 4040 αὐτοῦ
1499 3985 1562 4039 16
1591 3980 1750 4055 αἷμα,
1795 3985 1896 4040 οὐκ

314 4085 468 4154 ἔχετε
499 4080 644 4151 ζωὴν
666 4081 726 4134 ἐν
754 4080 968 4142 ἑαυτοῖς
988 4094 1004 4110 ο
1028 4097 1048 4132 ι
1095 4078 1196 4131 οὐκ
1224 4077 1462 4148 ἤνεγκαν
1499 4075 1562 4130 16
1603 4075 1714 4129 τῶν
1737 4075 1894 4144 λεγοι-

318 4176 500 4246 μὲνων
531 4171 735 4244 ὑψηλὸν
776 4173 826 4226 οἱ
856 4169 1208 4235 ἀκούσαντες,
1242 4165 1492 4238 ἐνόμιζον
1524 4166 1630 4221 ὑπὸ
1656 4165 1898 4238 ἀμαθίας

314 4262 776 4338 ἀνθρωποφαγίαν
815 4259 1121 4332 εἰσάγειν.]

913 4393 1166 4450 ΚΕΦΛΛ.
1217 4393 1258 4446 Ε
1277 4433 1292 4448 .

393 4510 524 4567 Εἶτα
545 4511 664 4576 πῶς
683 4510 746 4565 16
771 4507 962 4581 χρῆμά
977 4508 1124 4561 ἐστιν
1148 4506 1249 4560 οὐκ
1271 4504 1510 4576 ἐναργὴς
1537 4504 1898 4576 ἀνθρωποφα-

318 4604 449 4671 Tia;
495 4601 618 4656 τίνα
641 4601 698 4654 δὲ
719 4600 922 4671 τρόπον
955 4596 1157 4668 ὑψηλὸν
1187 4595 1266 4650 ἔτι
1291 4595 1352 4649 τὸ
1384 4595 1704 4666 μυστήριον,
1739 4595 1789 4647 εἰ
1820 4595 1896 4666 μὴ

317 4691 656 4748 ἀπεστάλθαι
683 4689 864 4762 φαμὲν
889 4688 980 4742 τὸν
1001 4689 1065 4740 ἐκ
1090 4683 1224 4740 Θεοῦ
1243 4685 1457 4756 Πατρός
1482 4685 1674 4753 Λόγον,
1697 4685 1789 4738 καὶ
1808 4684 1902 4739 τόν

317 4803 386 4854 γε
439 4785 530 4854 τῆς
571 4780 878 4850 ἀποστολῆς
929 4779 1132 4851 τρόπον
1176 4775 1546 4848 ὁμολογοῦμεν
1606 4771 1750 4830 εἶναι
1803 4776 1902 4848 τὴν

318 4873 771 4948 ἑνανθρώπησιν;
807 4871 942 4925 Τότε
981 4869 1092 4940 γάρ
1132 4869 1256 4922 τότε
1299 4867 1719 4939 καταθρὴσομεν
1768 4866 1905 4932 ζωο-

321 4968 502 5020 ποιεῖν
527 4965 816 5035 ἰσχύουσαν
847 4962 947 5033 τὴν
969 4959 1265 5015 ένωθείσαν
1293 4957 1442 5030 αὐτῷ
1465 4959 1667 5031 σάρκα,
1685 4958 1782 5014 καὶ
1805 4957 1904 5029 οὐχ

320 5059 512 5128 ἑτέρου
548 5057 752 5127 σάρκα.
800 5054 941 5125 πλήν
975 5053 1058 5106 ὅτι
1096 5053 1320 5121 γέγονεν
1361 5051 1465 5105 ἰδία
1494 5050 1591 5104 τοῦ
1618 5050 1685 5103 τά
1724 5050 1905 5105 πάντα

320 5153 607 5218 ζωοποιεῖν
663 5147 959 5220 ἰσχύοντος.
1008 5146 1074 5200 Εἰ
1119 5144 1230 5216 γὰρ
1271 5144 1333 5198 16
1385 5143 1498 5216 πῦρ
1522 5143 1587 5214 δὴ
1637 5140 1797 5197 τοῦτο
1842 5141 1905 5194 τὸ

320 5242 582 5316 αἰσθητὸν
611 5241 710 5313 τῆς
749 5238 977 5311 ἐνούσης
1020 5235 1171 5308 αὐτῷ
1213 5235 1449 5306 φυσικῆς
1485 5233 1769 5305 ἐνεργείας
1805 5230 1906 5304 τὴν

390 5397 438 5430 ⁸⁵
458 5392 616 5453 Joan.
657 5409 741 5462 Vl,
772 5392 864 5450 57.
937 5391 984 5425 ³⁸
1021 5391 1155 5458 ibid,
1180 5389 1271 5446 58.
1347 5389 1392 5422 ⁸⁷
1431 5388 1541 5445 ibid
1585 5433 1594 5442 .
1641 5388 1687 5420 ⁸³
1719 5386 1851 5443 ibid.
1891 5385 1982 5442 54.

1350 410 1716 473 Αονειιδυε
1752 400 2151 462 nusromun
2193 397 2326 456 Lm.
2365 373 2496 451 .w.‘

1676 546 1778 601 μου
1827 525 1888 580 τδ
1916 531 1964 584 Α
2059 521 2080 592 Ι
2096 520 2334 575 Nss'ron.
2379 533 2401 567 ι
2429 509 2533 579 Qui
2559 503 2855 562 mandqu
2875 509 3058 552 meam
3086 502 3329 594 carnem,
3355 483 3567 601 etziluit

3469 363 3570 420 190

1991 628 2173 669 meum
2207 605 2551 678 sanguinem,
2585 600 2640 654 in
2689 608 2775 650 me
2802 598 3006 653 manet,
3033 581 3292 653 elegoin
3329 575 3506 630 eo“:
3539 593 3561 624 ι

1991 711 2263 759 memento
2296 699 2362 754 de
2401 694 2546 750 illius
2589 701 2757 746 carne
2801 697 2924 739 esse
2975 687 3305 734 sermonem.
3358 687 3382 720 ε
3411 666 3569 721 Sicut

1992 795 2140 851 misit
2172 807 2258 848 me
2296 789 2487 844 vivens
2519 784 2682 840 Pater
2700 779 2773 843 ⁸⁸,
2805 800 2824 829 ι
2870 787 2958 828 me
2993 766 3283 824 visibilem.
3327 762 3396 816 At
3420 757 3567 813 enim

1991 897 2379 954 nonnunquam
2406 885 2604 950 praeter
2629 867 2953 929 sententiam
2990 861 3350 927 interpretor;
3381 849 3569 905 audia-

1991 993 2113 1034 mus
2159 943 2443 1044 sequentia
2475 988 2489 1024 :
2527 986 2546 1018 ι
2575 965 2728 1020 Sicut
2766 957 2916 1014 misit
2962 967 3047 1008 me
3079 950 3267 1003 vivens
3313 943 3505 1006 Pater;
3541 955 3562 990 ι

1991 1071 2084 1125 ille
2135 1036 2530 1138 interpretatur
2579 1055 2938 1114 divinitatem,
2987 1059 3088 1113 ego
3143 1036 3562 1096 humanitatem.

1989 1131 2300 1217 Videamus
2327 1155 2576 1224 quisnam
2621 1154 2818 1217 praticr
2860 1136 3190 1196 sententiam
3241 1131 3566 1197 interprete-

1994 1262 2102 1308 tur.
2158 1249 2302 1305 Dicit
2345 1215 2646 1315 rhaereticus
2697 1237 2799 1292 hoc
2874 1226 3402 1298 loc0'.“divinitatem.
3459 1215 3562 1269 hli-

1991 1343 2063 1398 sit
2104 1358 2213 1406 me,
2261 1311 2436 1408 ipsum
2485 1333 2657 1389 Deum
2711 1326 2966 1384 Verbum.
3023 1337 3043 1371 t
3077 1317 3232 1372 Sient
3276 1311 3425 1367 misit
3478 1321 3568 1361 me

1994 1436 2184 1490 vivens
2221 1433 2402 1494 Pater,
2438 1447 2458 1481 ι
2492 1422 2718 1498 perinde
2751 1428 2915 1488 atque
2960 1413 3050 1469 ille
3077 1419 3132 1465 et
3185 1425 3204 1459 ι
3235 1420 3334 1474 ego
3363 1402 3506 1466 vivo,
3539 1415 3561 1451 ι

1996 1530 2138 1584 Deus
2190 1523 2457 1584 Verbum,
2497 1497 2520 1569 ξ
2561 1523 2780 1585 propter
2823 1508 3060 1563 Patrem.
3095 1521 3114 1554 ι
3164 1497 3367 1554 Deinde
3413 1499 3564 1564 post-

1991 1623 2150 1677 haec:
2187 1634 2208 1671 ι
2238 1614 2304 1670 Et
2347 1611 2439 1682 qui
2487 1605 2778 1664 mandueat
2823 1613 2948 1664 me,
3007 1605 3063 1651 et
3109 1593 3221 1662 ipse
3270 1589 3415 1642 vivet
3432 1585 3508 1650 ﬂ;
3535 1599 3558 1635 ι

1991 1722 2155 1781 quem
2200 1704 2419 1761 tandem
2462 1696 2876 1757 manducamus,
2919 1684 3280 1745 divinitatem,
3322 1692 3390 1732 an
3442 1689 3563 1732 car-

1990 1815 2114 1858 nem
2134 1798 2158 1853 ?
2175 1795 2198 1871 ]

2643 1918 2798 1980 CAP.
2841 1914 2933 1972 ιν.

2063 2073 2244 2130 Solam
2280 2083 2410 2141 ergo
2435 2065 2658 2122 missam
2684 2059 2854 2117 fuisse
2885 2067 3103 2112 carnem
3124 2051 3280 2114 dicis,
3308 2057 3363 2102 et
3391 2046 3563 2116 ipsam

1991 2179 2113 2221 esse
2141 2137 2504 2220 asseriseum
2539 2158 2634 2227 qui
2667 2147 2921 2208 videtur?
2957 2145 3102 2202 Satis
3127 2153 3210 2199 est
3242 2154 3370 2209 ergo
3401 2137 3564 2191 etiam

1995 2258 2048 2313 id
2083 2255 2258 2312 solum
2285 2250 2442 2308 nobis
2474 2248 2542 2303 ad
2576 2239 2956 2301 viviﬁcandam
2997 2244 3245 2291 naturam
3283 2228 3570 2301 tyrannide

1993 2347 2184 2404 mortis
2221 2355 2562 2413 Oppressam.
2611 2335 2751 2404 Quid
2795 2345 2927 2402 ergo
2973 2326 3168 2384 divinae
3204 2323 3423 2378 Litterae
3456 2317 3569 2413 [ru-

1992 2451 2106 2496 stra
2148 2434 2424 2499 occinunt,
2463 2432 2591 2487 dum
2631 2440 2852 2483 carnem
2909 2421 3113 2476 factum
3158 2417 3330 2485 ipsum
3362 2426 3425 2464 ex
3457 2408 3568 2463 Deo

1993 2530 2156 2586 Patre
2206 2526 2469 2589 Verbum,
2515 2535 2729 2576 sursum
2773 2519 3027 2572 deorsum
3081 2505 3392 2565 affirmant?
3438 2503 3570 2569 Quis

1993 2619 2139 2676 cnim
2185 2630 2412 2687 prorsus
2456 2610 2622 2666 Verbi
2657 2607 2822 2662 fuerit
2863 2620 3014 2670 usus,
3055 2602 3100 2657 si
3139 2599 3294 2655 nobis
3335 2599 3567 2651 lnnnana

1993 2685 2212 2772 natura2
2237 2702 2453 2759 etiamsi
2487 2701 2598 2756 sola
2630 2708 2684 2754 et
2711 2713 2806 2768 per
2829 2711 2890 2751 se
2913 2692 3202 2762 cOgitctur,
3232 2688 3365 2743 satis
3388 2695 3472 2740 est
3501 2685 3567 2736 ad

1994 2809 2224 2857 mortem
2273 2792 2657 2851 destruendam
2732 2799 2786 2844 et
2863 2782 3232 2854 corruptionis
3282 2777 3568 2848 imperium

1993 2885 2385 2948 evertendum?
2407 2885 2485 2955 ᾼο
2509 2884 2587 2948 si,
2619 2891 2680 2936 ιιι
2714 2889 2900 2949 putas,
2919 2885 2973 2932 et
2999 2876 3341 2932 sentiemlum
3359 2885 3568 2934 censes,

1995 2983 2195 3039 missus
2241 2988 2324 3034 est
2374 2991 2483 3032 non
2535 2977 2651 3045 ipse
2699 2971 2842 3026 Deus
2884 2969 3143 3031 Verbum,
3185 2979 3250 3020 eo
3296 2963 3440 3033 quod
3488 2969 3574 3016 est

1997 3073 2170 3130 nostri
2199 3071 2375 3127 simile
2397 3069 2620 3130 factum,
2645 3065 2738 3119 sed
2762 3061 2898 3125 sola,
2925 3069 2984 3115 ut
3008 3056 3217 3120 dixisti,
3249 3055 3411 3109 missa
3436 3063 3520 3108 est
3540 3067 3572 3106 a

2003 3165 2164 3236 109
2198 3164 2362 3218 Patre
2400 3173 2529 3215 caro
2567 3154 2819 3220 visibilis,
2859 3150 3128 3222 quomodo
3153 3164 3257 3203 non
3293 3146 3365 3201 sit
3389 3144 3571 3200 omni-

2001 3265 2098 3314 bus
2125 3257 2494 3329 perspicuum,
2541 3250 2762 3307 humani
2794 3245 3041 3317 corporis
3071 3242 3573 3314 proprietatumqne

1997 3327 2304 3402 nostrarum
2337 3341 2484 3397 nullo
2513 3353 2735 3411 prorsus
2764 3337 2924 3392 modo
2958 3331 3422 3404 participationem
3458 3327 3572 3381 ha-

1996 3435 2354 3494 bnisse?Cur
2400 3445 2530 3502 ergo
2565 3430 2692 3484 alibi
2747 3427 2942 3482 irrides
2975 3440 3069 3480 eos
3111 3426 3202 3494 qui
3256 3422 3308 3477 in
3347 3435 3411 3476 ea
3447 3425 3574 3472 sunt

1995 3527 2294 3600 opinione?
2320 3541 2443 3581 nam
2481 3521 2661 3579 dixisti
2696 3535 2910 3575 rursum
2949 3535 2963 3572 :

2067 3704 2352 3777 [Νεετοιι.
2384 3701 2566 3756 Dicam
2616 3701 2778 3754 etiam
2831 3695 2972 3750 illius
3002 3689 3238 3749 scandali
3283 3688 3478 3752 verba;
3505 3688 3574 3742 de

1995 3812 2092 3852 Sua
2127 3810 2290 3850 carne
2341 3795 2599 3848 Dominus
2630 3791 2877 3846 Christus
2911 3800 3037 3840 eum
3083 3783 3186 3838 illis
3221 3782 3520 3836 disserebat
3553 3797 3570 3834 :

1999 3907 2020 3942 ι
2055 3887 2166 3942 Nisi
2200 3883 2675 3944 manducaveritis,
2699 3880 2892 3950 inquit,
2927 3890 3147 3933 carnem
3171 3872 3291 3927 Filii
3315 3872 3572 3938 hominis,

1993 3986 2050 4032 et
2097 3975 2342 4030 biberitis
2395 3973 2512 4042 ejus
2555 3971 2912 4042 sanguinem,
2945 3981 3052 4021 non
3101 3963 3366 4018 habebitis
3407 3961 3572 4016 vitam

1997 4068 2050 4122 in
2079 4066 2232 4122 vobis
2251 4066 2320 4120 ⁸⁸.
2361 4084 2382 4118 ι
2416 4063 2718 4120 Verborum
2745 4061 3124 4118 sublimitatem
3151 4055 3240 4124 qui
3269 4054 3573 4120 audierant,

1996 4174 2104 4214 non
2143 4157 2421 4212 tulerunt:
2457 4157 2718 4226 putabant
2740 4168 2809 4210 ex
2839 4150 3051 4209 inscitia
3073 4187 3088 4204 .
3125 4145 3274 4202 illum
3333 4147 3564 4203 anthro-

1995 4248 2320 4322 pophagiam
2347 4247 2596 4304 suadere.
2635 4244 2658 4320 ]

2540 4430 2547 4437 .
2659 4380 2812 4437 CAP.
2849 4379 2909 4437 ν.

2069 4497 2232 4568 Atqui
2254 4511 2316 4553 ea
2353 4511 2440 4552 res
2466 4496 2736 4566 quomodo
2767 4510 2872 4551 non
2909 4502 3055 4550 certa
3082 4495 3151 4550 sit
3175 4490 3574 4563 anthropopha-

2001 4593 2084 4664 gia
2105 4590 2130 4645 2
2155 4604 2264 4660 quo
2292 4602 2421 4644 vero
2449 4587 2609 4644 modo
2637 4586 2868 4643 sublime
2892 4587 3070 4641 adhuc
3091 4585 3196 4640 erit
3216 4585 3344 4639 illud
3374 4593 3575 4654 myste-

1999 4684 2174 4747 rium,
2212 4682 2257 4738 si
2303 4697 2410 4736 non
2464 4681 2635 4750 ipsum
2695 4693 2759 4736 ex
2800 4679 2910 4734 Deo
2961 4677 3125 4734 Patre
3155 4675 3415 4733 'Verbum
3451 4690 3576 4730 esse

1999 4777 2222 4832 missum
2271 4771 2606 4836 dixerimus,
2645 4780 2700 4827 et
2746 4770 3018 4826 missionis
3071 4768 3287 4824 modum
3339 4765 3575 4823 confessi

2009 4869 2272 4924 fuerimus
2308 4882 2430 4923 esse
2492 4866 2665 4937 ipsam
2723 4863 3165 4920 hnmanationem
3201 4861 3226 4913 Ἰ
3255 4857 3393 4913 Tum
3429 4856 3574 4911 enim

1997 4959 2300 5014 videbimus
2337 4956 2646 5012 viviﬁcandi
2688 4956 2796 5010 vim
2850 4956 3052 5012 habere
3087 4952 3292 5007 unitam
3323 4948 3425 5019 ipsi
3449 4962 3574 5002 ear-

1999 5065 2159 5115 nem,
2202 5060 2258 5106 et
2301 5063 2406 5103 non
2460 5047 2690 5103 alterius
2752 5060 3010 5112 carnem,
3041 5044 3134 5100 sed
3187 5042 3384 5097 factam
3431 5038 3578 5093 illius

1999 5138 2311 5210 propriam,
2347 5139 2438 5209 qui
2501 5137 2682 5194 omnia
2747 5137 3021 5192 viviﬁcare
3084 5141 3282 5202 potest.
3342 5130 3478 5186 Nam
3529 5130 3577 5186 si

2001 5230 2144 5302 ignis
2177 5229 2270 5287 hic
2313 5229 2587 5287 sensibilis
2626 5229 2732 5286 vim
2771 5242 2884 5284 suae
2933 5226 3193 5283 naturalis
3242 5223 3577 5297 Operationis

1578 5539 1738 5596 ANT.
1779 5537 2053 5623 AGE_LLII
2091 5536 2322 5594 nom.

392 5699 505 5769 (27)
554 5695 902 5763 Cunjeceram
957 5693 1210 5769 γέγονεν;
1253 5689 1347 5769 sed
1397 5687 1609 5769 videtur
1669 5684 1890 5769 mutilus

320 5756 574 5827 ludus'et
622 5756 917 5837 corruptus
925 5756 1187 5837 {deesse
1237 5764 1378 5815 enim
1431 5756 1887 5837 vide-tttr_aliquid

319 5825 466 5914 quod
506 5825 875 5910 pertineat'ad
899 5825 1059 5891 Verbi
1099 5839 1446 5898 naturani,ut
1482 5828 1574 5881 καὶ
1613 5825 1720 5881 τῶν
1754 5827 1888 5897 qua»

1995 5685 2191 5751 τέρων,
2224 5681 2334 5736 τῶν
2359 5683 2417 5754 δὲ
2444 5683 2732 5754 θειοτέρων
2759 5684 2880 5737 κατ’
2909 5683 3097 5737 οὐδένα
3145 5681 3424 5746 παντελῶς
3451 5681 3575 5754 τρό-

1997 5752 2450 5841 πονθενημεθέξει
2491 5752 2792 5830 γεγόναμεν
2817 5772 2831 5787 ·
2873 5756 2958 5813 vel
3008 5753 3104 5809 τοῦ
3146 5754 3201 5808 δὲ
3230 5753 3367 5809 Θεοῦ
3397 5752 3572 5825 Λόγου

1997 5837 2114 5884 κατ’
2139 5837 2346 5893 omne,
2377 5837 2481 5881 etc.
