4104 6336
499 345 596 404 191

1491 337 1548 392 S.
1591 335 1869 393 CYRILLI
1908 334 2380 395 ALEXANDRINI
2417 333 2738 392 ARCIIIEP.

3662 339 3761 395 19:!

499 462 550 514 in
609 452 865 509 materias
911 451 1151 508 immittit
1202 451 1267 507 ad
1301 465 1435 522 quas
1473 453 1798 516 accesserit,
1849 452 1984 507 adeo
2023 460 2082 505 ut

2190 450 2411 523 δύναμιν
2439 453 2560 514 ταῖς
2595 449 2746 514 ὕλαις
2774 449 2982 521 ἐνίησιν
3006 445 3094 513 αἷς
3119 451 3184 505 ἄν
3209 450 3454 518 φαίνοιτο
3497 469 3762 523 προσομι-

496 562 690 619 aquam
725 547 897 616 ipsam
949 545 1162 599 tametsi
1213 559 1277 598 ex
1311 554 1502 598 natura
1555 559 1652 598 sua
1700 543 1988 613 frigidam,
2015 543 2082 596 ad

494 639 812 710 qualitatem
843 652 965 706 qua:
1008 645 1201 706 praeter
1227 647 1471 688 naturam
1503 635 1670 703 ipsius
1694 643 1813 698 est,
1851 632 2083 688 transfe-

498 738 602 795 rat,
631 738 688 784 et
729 729 961 784 calidam
1007 727 1220 791 faciat;
1255 726 1383 794 quid
1421 725 1650 788 mirum.
1691 740 1867 796 Quove
1923 725 2081 778 modo

497 819 812 875 incredibile
843 818 1091 873 videatur
1109 856 1124 880 ,
1149 817 1193 873 si
1215 819 1389 881 ipsum
1419 831 1488 870 ex
1515 815 1628 872 Deo
1655 814 1816 871 Patre
1847 815 2082 870 Verbum

499 928 624 966 cum
660 913 732 968 sit
756 912 871 980 ipsa
922 911 1031 966 vita
1063 909 1358 964 secundum
1406 917 1676 974 naturam,
1711 922 1932 962 carnem
1981 907 2082 962 sibi

500 1003 704 1056 uuitam
727 1002 994 1056 viviticam
1027 1001 1261 1055 reddidit
1289 1000 1314 1054 ?
1341 1000 1554 1068 propria
1582 1014 1814 1068 namque
1838 1000 1955 1069 ejus
1976 1010 2080 1064 est,

497 1101 554 1146 et
588 1107 691 1146 non
716 1090 942 1145 alterius
968 1089 1267 1160 cujuspiam
1297 1091 1364 1144 ab
1382 1105 1448 1144 eo
1470 1089 1691 1155 diversi,
1730 1091 1821 1159 qui
1848 1091 2075 1144 seorsim

501 1183 830 1252 intelligatur
850 1221 866 1246 ,
895 1191 951 1238 et
981 1183 1382 1237 uniusenostro
1412 1197 1636 1237 numero
1659 1183 1913 1236 hominis.
1946 1182 2079 1237 Cum

499 1283 680 1328 autem
717 1274 786 1327 ah
824 1272 908 1326 illa
941 1289 1062 1326 cum
1094 1286 1320 1342 corpore
1354 1273 1579 1343 mystica
1617 1288 1853 1342 veraque
1882 1275 2083 1329 unione

2185 540 2310 594 λοῦν
2336 559 2349 572 ·
2398 541 2496 596 καὶ
2541 541 2674 596 αὐτὸ
2721 541 2778 594 δὲ
2823 541 2886 594 τὸ
2933 541 3103 612 ὕδωρ,
3155 543 3333 596 καίτοι
3377 543 3584 613 ψυχρὸν
3623 547 3762 597 κατά

2185 631 2346 700 φύσιν
2380 631 2644 703 ὑπάρχον,
2692 631 2978 702 μεθίστησι
3011 630 3150 701 πρὸς
3189 631 3250 684 τὸ
3276 632 3430 703 παρὰ
3461 632 3642 702 φύσιν,
3668 635 3763 687 καὶ

2185 722 2387 794 θερμὸν
2411 721 2668 775 ἀποτελεῖ
2687 738 2702 752 ο
2727 721 2782 774 τί
2810 721 2873 775 τὸ
2906 722 3210 792 παράδοξον
3233 761 3249 786 ,
3289 721 3595 776 ἀπιστείτω
3628 723 3646 794 [
3669 725 3757 777 ῖσ.

2193 813 2511 885 ἀπιστοῖτο]
2535 813 2580 866 δ’
2611 813 2678 867 ἂν
2710 812 2856 867 κατὰ
2883 813 3007 868 τινα
3059 813 3318 884 τρόπονή
3353 812 3479 885 [ισ,
3520 813 3606 886 εἰ]
3647 813 3761 884 ζωὴ

2185 905 2327 961 κατά
2355 906 2518 976 φύσιν
2543 905 2805 976 ὑπάρχων
2846 907 2875 959 6
2918 906 2985 959 ὲκ
3031 905 3169 960 Θεοῦ
3212 906 3426 978 Πατρδς
3453 907 3624 976 Λόγος
3661 907 3762 976 τὴν

2185 997 2481 1050 ἐνωθεῖσαν
2521 995 2671 1066 αὐτῷ
2717 993 2920 1064 σάρκα,
2976 993 3238 1058 ζωοποιὺν
3270 994 3584 1065 ἀπέφηνεν;
3655 993 3761 1047 ἰδία

2183 1088 2291 1160 γάρ
2318 1089 2466 1141 ἐστιν
2496 1085 2664 1140 αὐτοῦ
2711 1085 2808 1140 καὶ
2858 1085 2959 1155 οὐχ
2994 1084 3183 1156 ἑτέρου
3227 1083 3373 1149 τινὸς
3423 1084 3556 1155 παρ’
3597 1083 3760 1138 αὑτδν

2185 1179 2289 1234 ἀνα
2318 1179 2482 1250 μέρος
2508 1195 2569 1231 τε
2597 1177 2919 1246 νοουμένου,
2968 1177 3063 1231 καὶ
3101 1175 3212 1233 τῶν
3250 1177 3375 1231 καθ’
3422 1178 3570 1248 ἡμᾶς
3616 1177 3754 1240 ἑνός.

2197 1271 2540 1341 Ἀποστήσας
2563 1268 2621 1322 δὲ
2650 1268 2756 1339 τῆς
2789 1269 2928 1340 πρὸς
2953 1268 3014 1323 τὸ
3046 1268 3207 1341 σῶμα
3239 1272 3510 1340 μυστικῆς
3556 1287 3615 1323 τε
3666 1270 3762 1323 καὶ

501 1366 769 1420 vivilicum
797 1363 886 1418 Dei
908 1361 1139 1418 Verbum
1161 1365 1482 1433 segregaris,
1506 1371 1560 1417 et
1580 1365 1800 1418 omnino
1814 1364 2083 1434 disjunxe-

2190 1363 2418 1433 ἀληθοῦς
2447 1361 2696 1424 ένώσεως
2731 1360 2826 1415 τὸν
2849 1361 3116 1426 ζωοποιδν
3145 1361 3240 1415 τοῦ
3279 1360 3418 1416 Θεοῦ
3446 1362 3640 1430 Λόγον,
3668 1362 3763 1414 καὶ

503 1457 599 1522 ris,
620 1457 888 1526 quomodo
912 1457 1085 1526 ipsum
1110 1469 1305 1522 corpus
1323 1454 1496 1506 adhuc
1515 1453 1786 1508 vivificum
1811 1455 2085 1508 ostendes?

2190 1454 2392 1519 διιστὰς
2428 1454 2759 1524 όλοτρόπως,
2811 1453 2930 1517 πῶς
2972 1453 3040 1508 ἂν
3085 1452 3218 1506 αὐτὸ
3266 1452 3637 1519 καταδείξειας
3679 1453 3761 1506 ἔτι

501 1547 636 1614 Quis
666 1564 827 1616 porro
858 1549 944 1601 ille
971 1555 1054 1602 est
1083 1547 1174 1616 qui
1208 1546 1340 1600 dicit
1369 1560 1383 1596 :
1422 1563 1440 1596 ι
1475 1544 1575 1611 Qui
1603 1546 2081 1618 mandueatrucam

2190 1548 2450 1612 ζωοποιόν
2473 1565 2488 1614 ;
2515 1548 2612 1610 Τίς
2637 1546 2692 1600 δὲ
2720 1541 2788 1617 ἦν
2817 1548 2846 1600 6
2874 1545 3070 1614 λέγων,
3115 1566 3131 1598 ι
3165 1545 3223 1599 ὐ
3251 1545 3479 1618 τρώγων
3519 1564 3624 1617 μου
3662 1547 3763 1617 τὴν

503 1653 754 1706 carnem,
786 1649 841 1692 et
865 1638 1001 1694 bibit
1033 1652 1211 1692 meum
1262 1637 1578 1704 sanguinem
1607 1679 1622 1702 ,
1663 1637 1713 1689 in
1747 1616 1852 1692 me‘
1880 1647 2080 1702 manet,

2190 1640 2386 1711 σάρκα,
2419 1640 2513 1693 καὶ
2543 1639 2712 1694 πίνων
2739 1616 2842 1708 μου
2875 1638 2937 1690 τὸ
2965 1633 3127 1708 αἷμα,
3166 1638 3224 1690 ὲν
3251 1616 3375 1709 ἐμοὶ
3403 1616 3574 1707 μένει,
3605 1616 3764 1705 κάγὼ

502 1739 558 1784 ct
597 1745 698 1798 ego
747 1730 800 1785 in
845 1730 949 1786 eo?
982 1749 1000 1780 ι
1041 1728 1174 1783 Nam
1217 1730 1263 1783 si
1309 1728 1472 1784 homo
1525 1728 1791 1798 quispiam
1831 1729 2080 1793 seorsim,

2190 1733 2246 1786 ὲν
2272 1732 2420 1800 αὐτῷ
2443 1748 2458 1797 ;
2490 1751 2508 1783 ι
2544 1733 2593 1785 εἰ
2618 1731 2718 1801 μὲν
2743 1726 2836 1786 οὖν
2861 1730 3148 1802 ἄνθρωπός
3171 1748 3257 1794 τις
3288 1729 3491 1796 ίδικῶς,
3521 1729 3616 1783 καὶ
3637 1729 3762 1799 οὐχὶ

504 1831 557 1872 ct
582 1836 684 1874 non
724 1822 904 1889 pntius
936 1821 1110 1890 ipsum
1142 1821 1234 1874 Dei
1269 1820 1500 1875 Verbum
1547 1819 1746 1874 factum
1786 1830 1869 1874 est
1907 1821 2084 1875 simile

2190 1825 2250 1896 δὴ
2307 1791 2506 1896 μᾶλλον
2555 1791 2750 1893 γέγονε
2817 1821 2941 1877 καθ’
2967 1791 3143 1894 ’ἡμᾶς
3184 1823 3213 1874 6
3240 1791 3349 1875 *τοῦ
3385 1791 3521 1874 Θεοῦ
3565 1791 3759 1889 Λόγος,

506 1913 681 1978 nobis,
718 1929 805 1969 res
837 1914 950 1981 ipsa
983 1929 1102 1982 qua:
1125 1913 1350 1983 geritur,
1385 1913 1851 1983 anthropOphagia
1874 1915 1999 1978 erit,
2032 1925 2082 1968 et

507 2002 710 2057 inutilis
741 2003 962 2058 omnino
999 2003 1087 2056 illa
1124 2002 1486 2072 participatio.
1535 2001 1711 2072 Ipsum
1743 2005 1886 2056 enim
1926 2003 2085 2058 Chri-

505 2105 646 2148 smm
670 2095 934 2148 dicentem
953 2094 1114 2147 audio
1141 2112 1155 2149 :
1183 2112 1203 2146 ι
1227 2093 1368 2150 Caro
1395 2109 1498 2148 non
1525 2094 1744 2163 prodest
1764 2093 2081 2164 quidquam,

507 2186 728 2252 spiritus
745 2193 827 2241 est.
867 2185 957 2256 qui
980 2185 1218 2240 vivificat
1243 2185 1290 2218 "
1316 2187 1386 2239 ’°.
1425 2203 1446 2237 ι
1485 2185 1643 2252 Quod
1689 2187 1832 2240 enim
1865 2187 1932 2242 ad
1968 2187 2085 2257 ejus

505 2288 752 2332 naturam
797 2279 1026 2340 attinet.
1049 2277 1418 2348 corruptibilis
1464 2277 1681 2348 quidem
1725 2287 1808 2334 est
1837 2293 1964 2335 caro
1987 2320 2006 2347 ,
2033 2288 2088 2335 ct

507 2367 654 2423 nullo
685 2369 843 2422 modo
871 2368 1164 2423 viviﬁcabit
1197 2369 1360 2433 alios,
1397 2385 1519 2425 eum
1575 2370 1900 2427 intrinsecus
1933 2371 2084 2443 (28)

505 2461 868 2529 corruptionis
917 2462 1107 2517 morbo
1167 2463 1396 2518 laboret.
1455 2463 1608 2531 Quod
1635 2465 1681 2520 si
1713 2480 1908 2536 corpus
1957 2483 2084 2537 pro-

511 2552 687 2618 prium
729 2567 849 2607 esse
903 2552 1072 2620 ipsius
1128 2552 1284 2608 Verbi
1324 2555 1645 2624 dicis,quid
1676 2565 1984 2624 portentose
2025 2575 2086 2615 ac

508 2651 713 2698 temere
749 2646 984 2715 loqueris
1007 2687 1022 2713 ,
1063 2657 1225 2718 atque
1252 2648 1535 2703 contendis
1562 2663 1670 2704 non
1696 2664 1817 2706 esse
1861 2652 2084 2706 missum

508 2737 680 2803 ipsum
733 2753 796 2790 ex
844 2739 952 2793 Deo
1003 2737 1163 2795 Patre
1196 2737 1431 2796 Verbum
1455 2781 1472 2807 ,
1505 2743 1599 2798 sed
1635 2743 1783 2797 illum
1817 2744 2082 2800 visibilem

508 2839 565 2882 ut
591 2828 661 2882 ab
689 2844 754 2884 eo
777 2831 1070 2897 diversum,
1098 2846 1190 2887 seu
1227 2846 1446 2888 carnem
1477 2833 1621 2888 illius
1652 2835 1813 2905 110
1838 2837 2086 2906 quamvis

508 2936 674 2974 unum
711 2922 980 2976 Christum
1019 2924 1196 2978 divina
1250 2924 1527 2995 Scriptura
1561 2926 1758 2996 ubique
1807 2929 2084 2997 praedicet,

483 3024 562 3078 ¹«ξι
615 3016 885 3070 hominem
933 3017 1102 3070 nostri
1154 3016 1383 3073 similem
1447 3018 1645 3074 factum
1682 3035 1805 3076 esse
1851 3021 2084 3077 Verbum

2185 1917 2621 1990 ἀνθρωποφαγία
2653 1917 2715 1970 τὸ
2737 1917 3038 1988 δρώμενον.
3075 1917 3172 1970 καὶ
3198 1916 3456 1986 ἀνόνητος
3485 1913 3762 1976 παντελῶς

2187 2012 2220 2080 ἢ
2248 2009 2485 2080 μέθεξις·
2517 2009 2694 2062 Αὐτοῦ
2717 2009 2826 2080 γὰρ
2854 2009 3040 2063 ἀκούω
3073 2008 3326 2076 λέγοντος
3362 2007 3457 2060 τοῦ
3484 2005 3723 2077 Χριστοῦ
3747 2023 3759 2034 ·

2193 2123 2211 2153 ι
2234 2101 2299 2156 ἸΙ
2329 2101 2464 2173 σάρξ
2489 2101 2589 2154 οὐκ
2619 2100 2821 2170 ὠφελεῖ
2853 2101 3011 2155 οὐδέν
3031 2118 3044 2131 ·
3072 2100 3135 2155 τὸ
3157 2099 3378 2170 πνεῦμά
3409 2101 3524 2152 ἐστι
3548 2099 3608 2150 τὸ
3629 2097 3763 2162 ζωο-

2187 2193 2395 2247 ποιοῦν.
2427 2212 2444 2244 ι
2470 2195 2593 2248 ὅσον
2618 2196 2726 2265 γάρ
2749 2189 2884 2267 ἧκεν
2909 2196 2990 2257 εἰς
3023 2193 3162 2247 ἰδίαν
3192 2194 3376 2262 φύσιν,
3413 2191 3630 2261 φθαρτή
3662 2187 3764 2258 μὲν

2189 2289 2221 2358 ἠ
2250 2286 2415 2358 σάρξ’
2463 2286 2792 2358 ζωοποιήσει
2830 2287 2888 2340 δὲ
2917 2288 3038 2340 κατ’
3067 2287 3261 2340 οὐδένα
3289 2286 3488 2354 τρόπον
3520 2283 3762 2354 ἐτέρους,

2186 2374 2400 2429 οἴκοθεν
2437 2376 2579 2448 αὑτὴ
2614 2375 2846 2430 νοσοῦσα
2882 2375 2981 2448 τὴν
3017 2376 3244 2447 φθοράν.
3277 2377 3340 2430 Εἰ
3380 2375 3436 2428 δὲ
3477 2373 3644 2428 αὑτοῦ
3670 2373 3765 2426 τοῦ

2187 2466 2361 2536 Λόγου
2393 2467 2456 2522 τὸ
2503 2467 2664 2538 σῶμα
2716 2469 2849 2522 ἴδιον
2898 2464 3038 2521 εἶναι
3087 2467 3216 2539 φὴς.
3261 2467 3315 2520 τί
3363 2465 3628 2538 τερατεύῃ
3673 2467 3768 2518 καὶ

2187 2560 2580 2630 εἰκαιομυθεῖς,
2634 2561 2736 2613 οὐκ
2790 2559 2955 2613 αὐτὸν
3007 2558 3347 2614 ἀπεστάλθαι
3390 2559 3482 2612 τὸν
3524 2559 3588 2612 ὲκ
3630 2557 3766 2610 Θεοῦ

2188 2651 2401 2721 Πατρὸς
2441 2651 2614 2720 Λόγον
2664 2652 3088 2723 διατεινόμενον,
3141 2650 3256 2703 ἀλλ’
3303 2651 3379 2714 ώς
3427 2649 3614 2720 ἕτερόν
3646 2667 3767 2702 τινα

2187 2743 2317 2814 παρ’
2343 2741 2530 2808 αὐτὸν,
2565 2741 2658 2795 τὸν
2686 2743 2983 2813 ὁρώμενον,
3030 2743 3150 2814 ἦτοι
3193 2742 3294 2813 τὴν
3337 2741 3522 2810 σάρκα
3558 2740 3722 2793 αὑτοῦ
3751 2754 3764 2768 ’

2189 2836 2366 2889 καίτοι
2405 2834 2643 2905 Χριστὸν
2689 2835 2784 2888 ἕνα
2837 2837 2937 2906 τῆς
2975 2834 3335 2888 θεοπνεύστου
3385 2835 3611 2906 Γραφῆς
3651 2834 3768 2887 δια-

2189 2927 2401 2997 ϐοώσης
2430 2927 2732 2998 πανταχοῦ,
2767 2928 2862 2981 καὶ
2887 2929 3172 3000 ἄνθρωπον
3194 2927 3316 2982 καθ’
3338 2929 3484 2998 ἡμᾶς
3514 2929 3769 2996 γενέσθαι

2187 3018 2281 3072 τὸν
2310 3018 2504 3088 Λόγον,
2532 3015 2594 3073 εὖ
2633 3019 2782 3088 μάλα
2812 3019 3322 3091 διαϐεϐαιουμένης,
3361 3019 3574 3090 καὶτῆς
3603 3018 3768 3090 ὀρθῆς

511 3121 728 3172 prorsus
753 3107 984 3161 allirmct
1006 3145 1022 3172 ,
1051 3121 1116 3162 ac
1161 3118 1319 3163 recta:
1359 3110 1482 3163 ﬁdei
1525 3111 1744 3164 traditio
1770 3112 1852 3166 his
1879 3113 2078 3167 ﬁnibus

2190 3110 2429 3175 πίστεως
2453 3109 2553 3182 τὴν
2580 3112 2881 3181 παράδοσιν
2903 3111 3235 3183 ὁριζομένης
3258 3112 3317 3165 ὲν
3347 3111 3593 3176 τούτοις;
3630 3110 3772 3162 Ἀλλ’

506 3197 850 3252 contineatur
877 3197 901 3251 ?
935 3197 1039 3252 Sed
1073 3199 1237 3255 nimia
1260 3201 1547 3255 admodum
1583 3201 1845 3272 religione
1874 3218 2090 3272 permo-

509 3299 595 3344 tus
647 3289 948 3355 erubescit,
995 3303 1052 3344 ut
1100 3291 1394 3347 verisimile
1444 3302 1552 3357 est,
1580 3293 1646 3349 de
1699 3297 2087 3351 exinanitionis

509 3395 792 3446 mensura,
827 3392 882 3436 et
912 3383 1021 3436 Deo
1068 3393 1122 3437 et
1172 3381 1318 3438 Patri
1371 3393 1697 3439 coaeternum
1761 3385 1994 3453 Filium,
2033 3387 2086 3442 in

507 3471 696 3526 eadem
719 3487 840 3526 cum
864 3473 1120 3528 Genitore
1141 3474 1308 3529 forma
1336 3485 1392 3532 et
1422 3477 1663 3531 omnium
1695 3492 1876 3534 rerum
1906 3495 2087 3550 aequa-

508 3565 689 3630 litate,
718 3565 1011 3619 demissum
1049 3567 1115 3620 ad
1145 3565 1502 3621 humilitatem
1542 3569 1725 3624 videre
1769 3587 1873 3625 non
1927 3575 2089 3628 susti-

509 3664 636 3721 net;
672 3665 891 3709 accusat
937 3665 1116 3710 autem
1168 3657 1663 3727 dispensationem,
1739 3671 1793 3717 et
1846 3663 2086 3717 divinum

509 3743 738 3799 fortasse
802 3743 1119 3808 consilium,
1149 3755 1311 3816 atque
1363 3748 1747 3816 cogitationem
1797 3753 2088 3822 reprehen-

507 3835 660 3888 sione
691 3849 882 3887 vacare
917 3850 1020 3889 non
1053 3836 1276 3904 patitur.
1325 3837 1556 3894 Simulat
1592 3843 1734 3896 enim
1764 3845 1870 3900 vim
1899 3848 2087 3902 verbo-

509 3941 626 3979 rum
693 3927 890 3982 Christi
953 3942 1012 3982 se
1070 3930 1394 3998 exquirere,
1449 3947 1514 3986 ac
1568 3935 1730 3988 veluti
1804 3939 2084 3994 ruminans

508 4017 928 4084 profunditatem
979 4022 1369 4076 sententiarum
1394 4061 1410 4088 ,
1449 4023 1646 4079 deinde
1690 4028 1835 4096 quod
1875 4044 1904 4082 a
1933 4031 2088 4088 nobis

508 4109 705 4164 dicitur
743 4125 809 4166 eo
835 4112 1138 4180 perducens
1161 4153 1177 4180 ,
1211 4113 1352 4169 sicut
1391 4115 1506 4184 ipse
1556 4126 1742 4188 putat,
1778 4129 1836 4175 ut
1857 4123 2089 4180 absurde

507 4207 563 4251 el.
620 4201 866 4269 imperite
901 4205 1106 4259 dictum
1137 4207 1406 4262 videatur.
1441 4226 1463 4262 ι
1504 4207 1832 4279 Videamus,
1880 4213 2083 4284 inquit,

508 4291 756 4358 quisnam
789 4305 986 4360 praeter
1035 4299 1360 4353 sententiam
1401 4298 1834 4372 interpretetur:
1875 4323 1895 4357 ι
1934 4305 2088 4363 Sicut

517 4403 534 4434 ι
565 4385 710 4438 misit
735 4401 820 4440 me
850 4387 1037 4442 vivens
1071 4389 1262 4456 Pater;
1297 4410 1318 4444 ο
1353 4407 1481 4447 nam
1505 4394 1757 4450 similiter
1783 4405 1947 4466 atque
1974 4398 2084 4464 ille,

2190 3206 2256 3258 ἐκ
2288 3204 2490 3276 πολλῆς
2516 3205 2656 3275 ἄγαν
2689 3205 2978 3269 εὐλαϐείας
3003 3205 3328 3276 ὲπερυθριᾷ,
3351 3203 3490 3259 κατὰ
3517 3205 3578 3259 τὸ
3601 3203 3770 3268 εἰκὸς,

2189 3299 2302 3359 τοῖς
2329 3297 2432 3367 τῆς
2458 3299 2744 3360 κενώσεως
2775 3299 3020 3368 μέτροις,
3053 3298 3146 3352 καὶ
3170 3298 3270 3351 οὐκ
3303 3299 3557 3369 ἀνέχεται
3579 3299 3669 3350 τὸν
3694 3297 3774 3368 τῷ

2189 3389 2310 3460 Θεῷ
2343 3390 2438 3444 καὶ
2477 3391 2654 3460 Πατρὶ
2703 3391 2976 3444 συναΐδιον
3013 3391 3166 3456 Υἱὸν,
3213 3390 3304 3444 τὸν
3351 3393 3409 3443 έν
3449 3394 3632 3463 μορφῇ
3677 3392 3771 3445 καὶ

2193 3480 2399 3552 ἰσότητι
2436 3484 2502 3552 τῇ
2546 3481 2690 3535 κατά
2727 3483 2836 3536 πᾶν
2883 3483 3064 3537 ὁτιοῦν
3099 3482 3177 3552 τῷ
3227 3471 3772 3558 γεγεννηκότιξκαο-

2192 3573 2417 3642 ιγμένον
2442 3574 2572 3628 ἰδεῖν
2601 3577 2684 3638 εἰς
2710 3576 3041 3630 ταπείνωσιν
3065 3590 3079 3602 ·
3120 3576 3394 3646 γράφεται
3416 3579 3471 3633 δὲ
3497 3580 3596 3651 τὴν
3628 3581 3774 3633 οἰκο-

2189 3662 2406 3733 νομίαν,
2451 3665 2546 3717 καὶ
2590 3663 2692 3734 τὴν
2740 3665 2892 3719 θείαν
2953 3665 3095 3737 τάχα
3144 3683 3246 3720 που
3307 3666 3506 3738 βουλήν
3556 3685 3615 3720 τε
3677 3671 3772 3723 καὶ

2192 3755 2393 3826 σκῆψιν
2421 3756 2532 3827 (29)
2561 3757 2952 3812 άκαταιτίατον
2969 3759 3071 3813 οὐκ
3096 3759 3182 3831 ἐᾷ.
3201 3760 3511 3830 Σκήπτεται
3536 3759 3635 3828 μὲν
3661 3760 3730 3829 γά
3740 3779 3774 3831 ρ

2190 3847 2666 3919 πολυπραγμονεῖν
2696 3849 2808 3903 τῶν
2853 3851 3164 3922 εἰρημένων
3204 3850 3356 3922 παρά
3396 3852 3634 3922 Χριστοῦ
3672 3852 3774 3923 τὴν

2187 3940 2435 4010 δύναμιν,
2485 3942 2579 3994 καὶ
2623 3937 2736 3994 οἷον
2774 3943 3248 4014 άναμασσώμενος
3290 3943 3352 3997 τὸ
3397 3944 3507 3997 τῶν
3550 3944 3772 3997 ἐννοιῶν

2191 4031 2388 4100 βάθος·
2426 4027 2547 4086 εἶτα
2591 4033 2902 4103 περιιστάς,
2941 4033 3018 4099 ὡς
3056 4035 3248 4100 οἴεται,
3297 4034 3388 4088 τὸν
3443 4037 3574 4106 παρ’
3615 4036 3772 4106 ἡμῶν

2189 4123 2366 4192 λόγον,
2413 4126 2494 4188 είς
2538 4124 2599 4178 τὸ
2645 4125 2891 4190 ἐκτόπως
2935 4144 2995 4181 τε
3022 4127 3119 4181 καὶ
3165 4127 3394 4198 ἀμαθῶς
3441 4129 3771 4197 πεποιῆσθαι

2188 4215 2688 4289 δοκεῖν.ι¹Ίδωμεν,
2717 4219 2872 4288 φησὶ,
2902 4219 2984 4282 τίς
3015 4220 3044 4271 6
3069 4219 3552 4291 παρερμηνεύωνί
3571 4219 3772 4283 Καθὼς

2195 4329 2213 4360 ι
2249 4308 2539 4362 ἀπέστειλέ
2569 4325 2636 4380 με
2667 4311 2697 4363 6
2726 4310 2836 4374 ζῶν
2867 4310 3057 4382 Πατήρ
3080 4326 3130 4363 ⁸»
3167 4313 3290 4364 κατ’
3323 4312 3582 4376 ὲκεῖνον,ι
3615 4309 3773 4379 κάγὼ

2195 4419 2213 4450 ι
2249 4398 2346 4466 ζῶ,
2376 4418 2395 4451 ι
2417 4399 2446 4451 6
2471 4399 2602 4464 Θεὸς
2633 4398 2856 4468 Λόγος,ι
2883 4399 2970 4453 διὰ
2987 4399 3080 4452 τὸν
3100 4400 3344 4470 Πατέρα·
3363 4402 3457 4455 καὶ
3491 4401 3519 4453 6
3541 4401 3770 4471 τρώγων

515 4494 533 4524 σ
562 4489 662 4542 ego
692 4476 816 4532 vivo
853 4495 872 4529 ι
927 4478 1068 4534 Deus
1111 4477 1346 4536 Verbum
1389 4499 1411 4535 ι
1448 4491 1672 4555 propter
1713 4485 1926 4543 Patrem
1959 4504 1974 4540 :
2032 4501 2085 4546 ct

2201 4508 2220 4540 ι
2248 4507 2337 4560 με,
2363 4489 2618 4554 κάκεῖνος
2641 4490 2887 4560 ζήσεται.
2903 4507 2922 4543 υ
2949 4489 3084 4544 Τίνα
3109 4490 3498 4564 ἐσθίομεν.τὴν
3515 4490 3767 4560 θεότητα,

515 4587 534 4617 ι
563 4567 651 4634 qui
677 4569 964 4626 manducat
1001 4585 1108 4635 me,
1138 4582 1194 4629 et
1218 4573 1308 4629 ille
1329 4576 1506 4644 vivet;
1549 4596 1570 4630 ι
1601 4593 1761 4648 quem
1788 4583 2082 4638 manduca-

511 4673 652 4721 mus,
673 4659 1030 4727 divinitatem,
1051 4677 1122 4717 .an
1147 4667 1408 4722 carnem?
1430 4687 1449 4719 ι
1485 4666 1620 4724 Num
1653 4669 1866 4725 tandem
1892 4675 2080 4738 sentis,

510 4765 619 4816 quo
644 4765 799 4806 mens
823 4761 913 4807 tua
939 4753 1012 4808 sit
1051 4755 1170 4811 loco
1205 4757 1229 4811 1
1255 4773 1379 4812 nam
1410 4775 1468 4815 se
1491 4761 1714 4817 missum
1747 4778 1868 4819 esse
1899 4765 2085 4822 dicens

513 4842 687 4907 ipsum
717 4842 810 4898 Dei
847 4844 1104 4912 Verbum,
1139 4867 1160 4902 ι
1191 4848 1257 4904 Ει
1290 4851 1383 4920 qui
1412 4852 1701 4910 mandueat
1750 4871 1856 4924 me,
1885 4857 2080 4928 inquit,

510 4943 564 4982 et
606 4932 696 4989 ille
725 4935 887 4992 vivet.
942 4954 960 4988 ι
992 4936 1598 5001 Manducamus-autem
1643 4961 1776 5014 nos,
1805 4963 1910 5003 non
1945 4950 2086 5018 quod

585 5088 632 5119 "
673 5089 718 5118 ⁹⁰
757 5089 910 5144 Joatt.
947 5109 1020 5158 VI,
1055 5093 1142 5147 6i.

2193 4580 2344 4652 ἢτὴν
2374 4581 2586 4652 σάρκα;
2617 4599 2638 4634 ι
2677 4577 2803 4653 Ἆρ’
2837 4577 2930 4636 οῦν
2953 4581 3185 4654 αἰσθάνῃ
3211 4582 3396 4637 λοιπὸν
3413 4584 3536 4637 ὅποι
3568 4600 3696 4636 ποτε
3721 4579 3777 4637 εἴ

2191 4671 2447 4742 φρενῶν;
2494 4673 2834 4727 ἀπεστάλθαι
2873 4673 2984 4745 γὰρ
3028 4674 3201 4742 λέγων
3243 4674 3486 4728 ἐαυτὺνὸ
3513 4675 3606 4728 τοῦ
3632 4675 3770 4728 θεοῦ

2190 4764 2390 4832 Λόγος,
2425 4783 2444 4816 ι
2469 4765 2578 4818 Καὶ
2603 4768 2632 4818 6
2654 4765 2884 4836 τρώγων
2912 4783 3000 4836 με,
3021 4769 3177 4835 φησὶ,
3206 4767 3456 4829 κάκεῖνος
3484 4767 3730 4836 ζήσεται.
3748 4787 3765 4817 ι

2204 4857 2491 4929 Ἐσθίομεν
2537 4859 2596 4912 δὲ
2632 4859 2815 4929 ἡμεῖς,
2866 4859 2929 4911 οὐ
2981 4859 3079 4929 τὴν
3117 4857 3348 4929 θεότητα
3397 4856 3769 4920 δαπανῶντες,

2200 4951 2380 5020 ἄπαγε
2430 4953 2529 5020 τῆς
2576 4950 2920 5014 δυσϐουλίας,
2953 4949 3090 5003 ἀλλὰ
3121 4951 3222 5020 τὴν
3267 4949 3401 5002 ἰδίαν
3451 4949 3545 5002 τοῦ
3592 4947 3768 5016 Λόγου

1771 5230 1929 5286 ΛΝΤ.
1971 5232 2262 5322 AGELLII.
2285 5235 2509 5289 NU'I'AJ.

589 5386 704 5455 (28)
759 5387 1085 5445 Intrinsecns
1157 5396 1338 5461 putavi
1401 5398 1683 5449 commode
1741 5396 1876 5448 verti
1951 5395 2094 5462 quml

516 5457 706 5511 (Im-ce
757 5470 862 5523 est,
901 5457 1282 5532 οἴκοθεν,’(μιυ
1320 5465 1578 5517 adverbio
1633 5465 1803 5517 utitur
1844 5457 2096 5518 nonnun-

519 5541 903 5602 ψιιηιχιιιιιειοι·
928 5533 982 5602 i_n
1031 5532 1130 5585 huc
1176 5534 1590 5600 signiﬁcatione,
1621 5546 1678 5587 ut
1715 5535 1809 5587 lib.
1848 5550 1922 5597 tv,
1973 5549 2094 5602 pag.

520 5597 630 5673 98_:
653 5597 864 5673 οἴκοθεν
894 5597 988 5654 οὖν
1025 5603 1132 5671 ἄρα
1165 5597 1258 5656 καὶ
1303 5605 1430 5673 παρ’
1465 5604 1631 5673 αὑτοῦ
1669 5605 1727 5657 τὸ
1760 5597 2095 5673 πνεῦμαάὖ-

524 5667 641 5742 τοῦ,
667 5668 978 5742 intrinsecus
1009 5667 1158 5724 et'ab
1203 5676 1314 5739 ipso
1350 5667 1424 5726 est
1477 5672 1704 5742 Spiritus
1739 5667 1962 5741 ejusfet
1990 5675 2091 5728 99:

2197 5395 2361 5471 αὑτοῦ
2386 5399 2448 5450 τὸ
2476 5401 2717 5470 ἐνεργεῖν
2741 5398 2998 5471 δύνασθαι
3017 5439 3032 5460 ,
3061 5401 3374 5455 intrinsecus
3396 5411 3442 5455 et
3471 5418 3535 5456 ea:
3572 5417 3628 5456 se
3657 5402 3777 5471 ipso

2198 5467 2350 5538 habet
2393 5479 2447 5521 nt
2485 5467 2691 5534 operari
2723 5480 2772 5522 et
2801 5469 3012 5538 efﬁcere
3035 5472 3216 5536 possit.

2269 5537 2382 5605 (29)
2410 5539 2569 5592 Forte
2599 5538 2812 5608 σκέψιν,
2866 5541 3232 5608 cogitationem
3273 5551 3426 5608 atque
3470 5543 3771 5595 considera.

2198 5608 2410 5682 tionem,
2442 5619 2498 5682 ut
2529 5609 2666 5682 libro
2691 5612 2939 5682 sequenti
2969 5610 3239 5682 palpavit),
3268 5611 3456 5681 ἐπειδὴ
3478 5612 3536 5663 δὲ
3561 5613 3772 5682 χρηστά

2203 5679 2508 5749 περῖγὴμῶν
2539 5679 2568 5730 6
2595 5677 2934 5748 Δημιουργὸς
2963 5678 3248 5748 ἐσκέψατο,
3273 5677 3542 5749 postquam
3561 5677 3768 5736 "devm—

523 5739 621 5790 οὐκ
667 5738 1076 5810 είσκεκριμένον
1125 5738 1342 5809 ἔξωθεν,
1377 5745 1492 5797 ἀλλ’
1519 5738 1731 5799 ὀἴκοθεν
1766 5738 1878 5812 ἔχει
1919 5745 2008 5796 καὶ
2041 5744 2085 5810 ἐξ

2200 5738 2285 5800 bis
2309 5738 2402 5801 ille
2419 5738 2689 5803 Conditor."
2704 5738 2927 5803 melio'rd
2945 5738 3189 5818 cogitdrit
