4104 6336
340 358 445 411 ΗΞ

1373 362 1740 420 ADVERSUS
1780 363 2185 423 NESTOIKIUM
2233 367 2357 422 LIB.
2395 371 2484 427 IV.

3508 380 3613 435 ιρι

339 479 519 548 σάρκα
561 475 826 541 ζωοποιδν
871 484 1281 554 γεγενημένην,
1342 486 1423 539 ὅτι
1483 487 1707 557 γέγονεν
1759 490 1900 543 αὐτολ

2034 491 2202 560 ipsum
2239 493 2574 550 divinitatem
2606 511 2991 553 consumamus
3019 500 3036 567 (
3072 514 3240 569 apage
3272 501 3339 553 ab
3369 502 3469 557 ista
3506 505 3606 557 itu-

336 572 539 634 ζῶντος
569 571 658 625 διὰ
676 571 767 624 τὸν
798 574 1021 644 Πατέρα
1047 592 1060 605 ⁸
1092 576 1189 630 καὶ
1214 579 1312 649 οὐχ
1342 580 1424 632 ὅτι
1456 578 1582 650 [τον.
1611 583 1705 634 καὶ
1736 582 1922 655 οῦτοι]

337 659 441 712 πού
472 678 655 730 φαμεν
678 662 823 715 κατά
850 663 1074 733 μέθεξιν
1111 667 1212 738 τήν
1250 669 1470 735 ἔξωθεν,
1513 673 1605 724 καί
1648 674 1924 746 εἰσκεκρι-

341 751 520 818 μένως
563 751 955 815 ζωοποιείσθαι
1005 755 1097 810 τὸν
1139 757 1313 827 Λόγον
1357 765 1509 832 παρά
1546 765 1641 817 τοῦ
1687 767 1919 836 Πατρός,

337 842 485 913 ζωὴν
514 843 572 895 δὲ
619 844 824 908 μᾶλλον
862 847 1003 901 κατά
1045 848 1206 918 φύσιν
1247 845 1389 905 εἶναι
1425 854 1916 927 διαϐεϐαιούμεθα·

335 935 789 1007 γεγέννηταιγὰρ
822 938 897 1002 ὡς
930 939 994 992 ἐκ
1023 939 1169 1012 ζωῆς
1188 943 1281 996 τοῦ
1306 944 1535 1017 Πατρός.
1567 950 1775 1021 Ὂνπερ
1812 952 1919 1023 γὰρ

333 1025 539 1095 τρόπον
566 1025 626 1078 τὸ
663 1027 757 1080 τοῦ
798 1028 953 1098 ἡλίου
1011 1032 1364 1105 πεμπόμενον
1406 1037 1586 1103 σέλας,
1628 1041 1678 1093 εἰ
1710 1040 1920 1111 λέγοιτο

337 1116 499 1204 τυχὸν
528 1118 779 1190 λαμπρὸν
805 1116 945 1175 εἶναι
971 1122 1061 1177 διὰ
1093 1125 1187 1179 τόν
1224 1129 1573 1199 πεπομφότα,
1606 1133 1792 1204 ἤγουν,
1827 1136 1918 1191 τὸν

332 1208 396 1273 ἐξ
432 1202 493 1263 οὗ
524 1211 813 1281 πάρεστιν,
840 1214 903 1266 οὐ
942 1216 1084 1270 κατά
1117 1218 1337 1287 μέθεξιν
1370 1221 1485 1292 ἔχει
1516 1224 1577 1277 τὸ
1603 1220 1743 1280 εἶναι
1775 1225 1916 1299 λαμ-

334 1300 490 1371 πρὸν,
525 1302 642 1355 ἁλλ’
676 1300 790 1357 οἷον
815 1306 881 1358 ἐκ
911 1308 1148 1378 φυσικῆς
1173 1311 1475 1381 εὐγενείας,
1502 1315 1562 1370 τὸ
1583 1316 1678 1372 τοῦ
1710 1337 1918 1390 πεπομ-

331 1392 512 1461 φότος,
575 1395 741 1465 ἤγουν
787 1398 1248 1471 ἀπαστράψαντος
1289 1404 1670 1479 πλεονέκτημα
1722 1416 1910 1482 φορεῖ’

330 1485 471 1537 κατὰ
495 1485 589 1538 τόν
619 1487 752 1551 ἴσον,
781 1482 957 1558 οἶμαι,
990 1492 1167 1565 τούτῳ
1190 1495 1391 1566 τρόπον
1417 1514 1477 1550 τε
1501 1500 1596 1552 καὶ
1611 1500 1790 1571 λόγον,
1811 1503 1914 1557 κᾶν

328 1579 375 1630 εί
403 1578 551 1647 λέγοι
580 1580 680 1650 ζῇν
711 1581 907 1635 ἑαυτὸν
930 1584 959 1635 6
985 1584 1113 1650 Υἱὸς
1136 1587 1223 1641 διὰ
1245 1589 1335 1643 τὸν
1360 1591 1600 1664 Πατέρα,
1631 1598 1914 1670 μαρτυρή-

328 1687 470 1725 σειεν
500 1671 567 1726 ἂν
592 1673 768 1746 ἑαυτῷ
794 1675 894 1750 τὴν
926 1677 988 1730 ὲκ
1018 1679 1231 1749 Πατρός
1258 1682 1561 1752 εὐγένειαν,
1596 1686 1689 1740 καὶ
1717 1690 1777 1741 οὐ
1799 1693 1911 1752 τοῖς

324 1763 507 1828 ἄλλοις
560 1766 857 1839 κτίσμασιν
913 1770 1138 1841 ἀναμὶξ,
1192 1774 1438 1846 έπακτήν
1476 1794 1537 1831 τε
1584 1780 1679 1834 καὶ
1711 1780 1909 1848 ἔξωθεν

324 1856 469 1926 ἔχειν
499 1857 824 1931 ὁμολογήσει
852 1862 954 1932 τὴν
988 1862 1155 1936 ζωήν.
1193 1866 1402 1938 Ὥσπερ
1432 1869 1489 1923 δὲ
1532 1871 1593 1925 τὸ
1619 1874 1784 1927 αὐτοῦ
1810 1875 1906 1928 τοῦ

322 1948 500 2017 Λόγου
553 1949 713 2020 σῶμα
756 1952 1020 2017 ζωοποιόν
1071 1958 1237 2021 ἐστιν,
1287 1958 1417 2013 ἴδιον
1461 1963 1628 2017 αὐτοῦ
1674 1983 1907 2039 ποιησα-

325 2039 490 2107 μένου
521 2042 642 2095 καθ’
664 2044 859 2099 ἕνωσιν
888 2045 1065 2118 ἀληθῆ
1091 2048 1191 2119 τὴν
1219 2050 1360 2124 ὑπὲρ
1382 2053 1506 2108 νοῦν
1530 2074 1590 2109 τε
1615 2059 1709 2111 καὶ
1730 2059 1903 2129 λόγον’

320 2131 464 2185 οὕτω
514 2135 608 2188 καὶ
654 2138 814 2207 ἡμεῖς
847 2138 896 2191 οί
938 2140 997 2192 ὲν
1042 2140 1260 2211 μεθέξει
1290 2147 1586 2218 γενοίμεθα
1618 2152 1716 2222 τῆς
1745 2154 1908 2223 ἁγίας

322 2226 549 2293 σαρκὸς,
592 2228 689 2280 καὶ
722 2229 957 2300 αἵματος
989 2232 1181 2299 αὐτοῦ,
1231 2238 1409 2311 πάντῃ
1454 2257 1513 2293 τε
1549 2244 1644 2297 καὶ
1692 2245 1908 2311 πάντως

321 2314 755 2390 ζωποιούμεθα,
788 2323 1042 2394 μένοντος
1082 2328 1140 2380 έν
1184 2330 1319 2399 ἡμῖν
1365 2331 1459 2385 τοῦ
1499 2334 1673 2403 Λόγου
1711 2337 1909 2403 θεῐκῶς

323 2409 445 2477 μὲν,
485 2412 575 2466 διὰ
606 2413 701 2467 τοῦ
729 2416 886 2485 ἁγίου
925 2418 1265 2490 Πνεύματος,
1315 2424 1674 2495 ἀνθρωπίνως
1712 2430 1769 2483 δὲ
1814 2427 1905 2497 αῦ,

319 2501 410 2553 διὰ
436 2502 536 2572 τῆς
562 2504 724 2573 ἁγίας
749 2507 954 2578 σαρκός
983 2512 1078 2563 καὶ
1114 2513 1206 2566 τοῦ
1237 2515 1417 2586 τιμίου
1460 2519 1714 2589 αἵματος.
1758 2523 1903 2577 Ἐπι·

318 2595 607 2663 ψηφιεῖται
633 2596 690 2651 δὲ
727 2593 809 2663 οἷς
833 2599 971 2673 ἔφην
998 2603 1060 2657 τὸ
1088 2605 1288 2676 ἀληθὲς
1306 2607 1334 2659 6
1359 2608 1649 2678 ἱερώτατος
1675 2612 1905 2678 Παῦλος,

318 2686 422 2739 ὡδὶ
468 2688 764 2759 γεγραφὼς
811 2694 923 2757 τοῖς
964 2694 1023 2747 ἐν
1072 2696 1327 2769 Κορίνθῳ
1373 2705 1797 2759 πεπιστευκόσιν
1830 2710 1909 2772 εἰς

318 2777 415 2870 τον
448 2778 652 2851 Κύριον
687 2783 845 2852 ἡμῶν
903 2785 1116 2857 Ἰησοῦν
1150 2788 1243 2842 τὸν
1273 2792 1509 2863 Χριστόν
1532 2810 1545 2821 ·
1580 2814 1599 2847 ι
1639 2796 1728 2861 Ὠς
1774 2817 1907 2870 φρο-

321 2869 507 2965 νίμοις
529 2872 695 2941 λέγω,
726 2876 951 2946 κρίνατε
979 2878 1140 2950 ὑμεῖς
1165 2882 1192 2935 ὅ
1218 2900 1396 2955 φημι·
1422 2886 1484 2939 τὸ
1518 2890 1778 2960 ποτήριον
1810 2894 1908 2965 τῆς

321 2962 575 3031 εὐλογίας
602 2964 630 3017 ὃ
655 2966 1011 3040 εὐλογοῦμεν,
1045 2972 1168 3043 οὐχὶ
1198 2976 1455 3029 κοινωνία
1483 2978 1599 3033 ἐστὶ
1620 2981 1714 3035 τοῦ
1743 2962 1909 3055 αἵμα-

318 3068 413 3114 τος
435 3053 531 3106 τοῦ
559 3054 831 3126 Χριστοῦ;
865 3061 957 3114 τὸν
985 3062 1150 3133 ἄρτον
1176 3062 1235 3119 ὃν
1260 3064 1498 3137 κλῶμεν,
1519 3070 1640 3142 οὐχὶ
1657 3077 1909 3131 κοινωνία

2028 585 2313 655 pietate),
2345 588 2440 641 sed
2489 587 2632 642 illam
2686 588 2960 659 propriam
3013 591 3172 646 Verbi
3216 600 3437 648 carnem
3495 594 3609 665 jam

2026 676 2293 729 vivilicam
2332 677 2577 733 effectura
2606 721 2620 742 ,
2650 681 2774 747 quia
2806 680 2924 748 ejus
2952 682 3090 735 facta
3121 693 3223 749 est,
3256 686 3348 752 qui
3391 696 3611 754 propter

2028 766 2240 821 Patrem
2298 771 2427 824 vivit
2473 790 2485 825 :
2524 783 2577 825 et
2632 785 2782 826 certe
2835 791 2938 827 non
3010 775 3239 829 dicimus
3300 779 3606 831 extrinset-a

2025 859 2433 927 participatione
2465 874 2521 917 ct
2555 863 2847 917 adventitia
2887 866 3148 921 vivificari
3179 866 3413 922 Verbum
3447 884 3476 923 a
3501 868 3607 922 Pa-

2026 957 2128 1011 tre,
2152 950 2244 1002 sed
2284 950 2444 1004 vitam
2485 954 2663 1020 potius
2693 968 2788 1022 per
2815 964 3062 1009 naturam
3090 971 3212 1013 esse
3233 957 3565 1014 aliirmamus
3593 979 3607 1023 ;

2021 1040 2233 1108 genitus
2275 1051 2357 1095 est
2411 1043 2555 1097 enim
2601 1045 2667 1098 de
2714 1045 2875 1103 Patre
2934 1054 3194 1118 tanquam
3234 1048 3302 1103 de
3348 1052 3478 1104 vita.
3539 1049 3609 1106 Ut

2020 1131 2163 1184 cnim
2200 1132 2375 1203 fulgor
2404 1149 2433 1187 a
2468 1134 2581 1189 sole
2617 1136 2847 1201 missus,
2890 1137 3101 1192 si'forte
3131 1138 3447 1207 splendidus
3486 1155 3609 1196 esse

2021 1224 2231 1277 dicatur
2260 1237 2481 1295 prOptcr
2514 1226 2839 1292 mittentem,
2869 1228 2949 1283 vel
2990 1241 3215 1299 praptcr
3243 1246 3367 1285 eum
3400 1245 3464 1285 ex
3495 1247 3607 1301 quo

2019 1315 2296 1381 provenit,
2331 1331 2435 1370 non
2468 1331 2532 1371 ex
2561 1316 2973 1387 participatione
3025 1320 3185 1375 habet
3212 1332 3266 1375 ut
3292 1321 3599 1388 splendeat,

2019 1408 2111 1461 sed
2135 1410 2532 1477 quodammodo
2563 1426 2627 1462 ex
2657 1410 2886 1465 naturali
2930 1413 3212 1466 nobilitate
3263 1413 3410 1467 illam
3439 1414 3602 1468 emit-

2020 1501 2179 1554 tentis
2224 1515 2317 1556 seu
2356 1500 2678 1569 fulgurantis
2720 1504 3092 1558 excellentiam
3128 1504 3337 1571 defert;
3378 1507 3603 1570 eodem,

2015 1595 2229 1661 opinor,
2263 1595 2444 1659 modo,
2477 1594 2781 1665 eademque
2826 1596 3034 1651 ratione
3074 1598 3289 1652 etiamsi
3335 1598 3517 1653 vivere
3546 1613 3606 1652 se

2015 1687 2161 1739 dicat
2213 1686 2383 1741 Filius
2424 1700 2645 1757 propter
2699 1688 2953 1752 Patrem,
2990 1688 3089 1743 sibi
3128 1690 3273 1743 illam
3321 1704 3387 1743 ex
3438 1689 3603 1744 Patre

2016 1777 2348 1831 nobilitatem
2382 1793 2479 1831 suo
2509 1780 2817 1833 testiumnio
2843 1780 3079 1833 vindicat
3104 1821 3118 1844 ,
3141 1796 3244 1835 non
3280 1782 3440 1851 vulgo
3466 1781 3599 1835 alia-

2015 1884 2132 1922 rum
2168 1880 2540 1924 creaturarum
2583 1872 2848 1927 admistus
2887 1873 3151 1926 invectam
3180 1885 3235 1928 et
3258 1876 3601 1929 extrinsecus

2010 1971 2218 2031 partam
2242 1962 2442 2016 habere
2462 1977 2520 2016 se
2545 1962 2705 2016 vitam
2729 1964 2947 2017 fatetur.
2975 1965 3441 2030 Quemadmodum
3464 1981 3595 2019 vero

2012 2052 2279 2106 vivificum
2308 2063 2390 2108 est
2410 2054 2535 2107 illud
2568 2054 2734 2123 ipsitts
2758 2055 2915 2110 Verbi
2934 2070 3150 2125 corpus,
3175 2058 3318 2126 quod
3337 2058 3437 2110 sibi
3463 2072 3594 2126 pro—

2011 2145 2186 2214 priqu
2218 2144 2348 2200 fecit
2383 2161 2479 2215 per
2518 2162 2698 2199 veram
2739 2148 3166 2215 unionem,qu:e
3186 2158 3240 2202 et
3283 2148 3589 2217 intelligen-

2011 2239 2138 2290 tiam
2157 2248 2211 2292 et
2235 2252 2540 2293 sermonem
2566 2247 2820 2307 superat,
2853 2238 2933 2293 sic
2950 2254 3050 2293 nos
3074 2255 3288 2309 quoque
3323 2241 3415 2308 qui
3444 2240 3589 2295 illius

2009 2339 2209 2383 sancta:
2249 2332 2432 2385 Ctll‘llis
2468 2341 2522 2384 et
2558 2330 2837 2399 sanguinis
2866 2330 2984 2400 cjus
3016 2333 3427 2400 participatione
3463 2331 3597 2386 frui-

2011 2438 2153 2484 mur,
2187 2424 2406 2476 omnino
2432 2423 2794 2489 vivificamur,
2816 2437 2939 2477 cum
2965 2424 3016 2477 in
3044 2424 3199 2478 nobis
3223 2436 3438 2478 maneat
3464 2424 3593 2480 Ver-

2009 2514 2137 2569 bum
2161 2523 2264 2569 non
2288 2516 2462 2571 solum
2490 2516 2674 2569 divino
2702 2515 2865 2569 modo
2895 2531 2992 2584 per
3013 2526 3264 2571 sanctum
3308 2516 3594 2586 Spiritum,

2014 2607 2169 2677 111
2196 2620 2380 2661 verum
2418 2607 2582 2661 etiam
2613 2607 2871 2672 humano,
2905 2622 3001 2677 per
3016 2619 3261 2663 sanctam
3293 2608 3440 2663 illam
3471 2623 3590 2662 car-

2013 2715 2135 2754 nem
2195 2700 2605 2769 prctiosumque
2628 2699 2747 2769 ejus
2771 2700 3114 2771 sanguinem.
3141 2699 3267 2755 llaec
3303 2716 3423 2771 quae
3460 2701 3595 2763 dixi,

2008 2806 2137 2845 vera
2165 2805 2287 2845 esse
2323 2791 2514 2845 beatus
2544 2789 2739 2846 Paulus
2776 2806 2877 2847 suo
2896 2790 3155 2861 suﬂ‘ragio
3182 2795 3494 2857 conﬁrmat,
3517 2792 3598 2846 sic

2011 2886 2256 2941 scribens
2285 2887 2351 2940 ad
2370 2900 2464 2940 eos
2496 2887 2587 2956 qui
2627 2885 2875 2941 Corinthi
2921 2885 2974 2937 in
3028 2883 3315 2938 Dominum
3351 2893 3593 2938 nostrum

2010 2976 2193 3032 Jesum
2217 2977 2494 3031 Christum
2522 2978 2874 3032 confidebant
2911 2987 2926 3031 :
2962 2995 2980 3027 ι
3019 2974 3299 3045 Tanquam
3360 2976 3594 3044 pruden-

2014 3068 2156 3121 tibus
2182 3069 2325 3132 dico,
2359 3065 2599 3136 judicate
2625 3082 2723 3121 vos
2764 3068 2909 3137 quod
2940 3065 3103 3121 dico?
3154 3066 3307 3120 Calix
3369 3065 3594 3121 benedi-

316 3141 411 3195 τοῦ
445 3142 697 3214 σώματος
721 3147 816 3200 τοῦ
844 3150 1083 3222 Χριστοῦ
1129 3154 1308 3223 ὲστιν;
1342 3158 1425 3211 ὅτι
1460 3155 1541 3224 εἷς
1578 3141 1763 3232 ἄρτος,
1810 3167 1900 3221 καὶ

2012 3161 2211 3216 ctionis
2232 3160 2317 3213 cui
2348 3159 2741 3223 benedicimus,
2778 3172 2957 3213 nonne
3012 3157 3432 3212 communicatio
3461 3172 3587 3211 san-

313 3234 375 3287 ἓν
416 3235 575 3307 σῶμα
619 3240 671 3292 oi
720 3241 907 3295 πολλοί
947 3245 1144 3315 ἐσμεν·
1187 3249 1238 3301 οί
1284 3250 1394 3322 γάρ
1437 3253 1639 3319 πάντες
1689 3258 1753 3310 ἐκ
1809 3259 1902 3313 τοῦ

314 3327 437 3390 ἐνὸς
481 3328 651 3400 ἄρτου
697 3333 1020 3405 μετέχομεν.
1053 3356 1072 3389 ι
1129 3339 1447 3411 Πνεύματος
1499 3345 1600 3413 μὲν
1655 3346 1765 3418 γὰρ
1806 3350 1901 3403 τοῦ

311 3420 472 3488 ἁγίου
521 3426 945 3494 μετεσχηκότες,
1004 3429 1155 3501 αὐτῷ
1193 3449 1252 3486 τε
1298 3432 1376 3504 τῷ
1424 3434 1641 3492 πάντων
1686 3439 1901 3514 Σωτῆρι

310 3512 554 3584 Χριστῷ,
586 3517 681 3571 καὶ
723 3518 978 3591 ἀλλήλοις
1004 3522 1273 3595 ένούμεθα
1298 3545 1311 3558 ο
1349 3528 1628 3601 σύσσωμοι
1659 3532 1714 3587 δὲ
1761 3512 1901 3591 κατὰ

309 3604 503 3659 τοῦτόν
539 3609 711 3678 ἐσμεν
731 3608 823 3664 τὸν
856 3612 1083 3683 τρόπον,
1133 3633 1152 3667 ι
1180 3616 1263 3671 ότι
1306 3613 1388 3683 εἷς
1420 3620 1605 3692 ἄρτος,
1640 3624 1699 3679 ἒν
1738 3628 1899 3698 σῶμα

308 3696 359 3748 οί
394 3697 582 3750 πολλοί
618 3700 818 3771 ἐσμεν⁹
862 3704 913 3756 οἱ
956 3708 1066 3778 γὰρ
1104 3708 1307 3773 πάντες
1338 3712 1404 3764 ἐκ
1448 3711 1544 3766 τοῦ
1586 3714 1704 3780 ἐνὸς
1732 3696 1898 3788 ἄρτου

312 3790 671 3860 μετέχομεν.»
714 3793 903 3848 Συνδεῖ
928 3796 1039 3869 γὰρ
1067 3798 1217 3869 ἡμᾶς
1241 3803 1319 3865 είς
1338 3801 1566 3876 ἑνότητα
1592 3806 1655 3861 τὸ
1675 3808 1733 3862 ὲν
1766 3810 1897 3880 ήμῖν

310 3880 471 3949 σῶμα
501 3882 764 3953 Χριστοῦ,
804 3887 1136 3958 μεμέρισται
1181 3890 1239 3945 δὲ
1276 3895 1399 3947 κατ’
1441 3895 1632 3951 οὐδένα
1672 3900 1893 3971 τρόπον.

311 3975 436 4066 “Ct:
463 3974 641 4066 636d
671 3978 769 4031 τοῦ
811 3980 1065 4051 σώματος
1088 3984 1183 4038 τοῦ
1211 3986 1452 4059 Χριστοῦ
1489 3990 1627 4061 πρὸς
1668 3992 1896 4066 ἑνότητα

304 4064 409 4135 τὴν
443 4065 582 4137 πρὸς
615 4068 798 4134 αὐτὸν,
829 4070 926 4124 καὶ
951 4072 1088 4141 πρός
1123 4090 1186 4142 γε
1213 4077 1316 4146 τὴν
1343 4078 1423 4142 είς
1450 4078 1714 4151 ἀλλήλους
1763 4064 1887 4137 συν-

305 4155 607 4225 ενήγμεθα,
634 4158 968 4213 πιστώσεται
1003 4164 1234 4234 γράφων
1257 4166 1286 4218 6
1326 4167 1597 4240 μακάριος
1636 4171 1848 4239 Παῦλος
1874 4190 1889 4203 ·

309 4265 328 4297 t
347 4248 553 4302 Τούτου
585 4249 746 4322 χάριν
774 4250 888 4321 ἐγὼ
906 4253 1119 4320 Παῦλος
1137 4258 1166 4309 6
1191 4257 1414 4329 δέσμιος
1453 4262 1629 4335 Ἰησοῦ
1650 4265 1891 4337 Χριστοῦ

305 4339 448 4411 ὑπὲρ
479 4341 631 4410 ὑμῶν
669 4342 781 4395 τῶν
808 4343 999 4408 ἐθνῶν,
1045 4346 1187 4416 εἴγε
1216 4350 1494 4418 ἠκούσατε
1538 4352 1639 4427 τὴν
1680 4357 1889 4413 οίκονο-

303 4431 439 4500 μίαν
478 4433 577 4503 τῆς
634 4433 859 4505 χάριτος
897 4436 993 4491 τοῦ
1037 4438 1174 4493 Θεοῦ
1221 4440 1324 4513 τῆς
1363 4442 1615 4517 δοθείσης
1667 4466 1758 4519 μοι
1810 4453 1890 4515 εἰς

2008 3253 2184 3322 guinis
2231 3250 2431 3306 Christi
2484 3251 2607 3307 est?
2658 3251 2811 3319 panis
2834 3266 2993 3319 quem
3044 3250 3367 3318 frangimus,
3420 3265 3595 3304 nonne

2006 3345 2438 3398 communicatio
2466 3344 2714 3413 corporis
2755 3342 2960 3398 Christi
2992 3352 3073 3397 est
3093 3342 3115 3395 ?
3138 3340 3403 3408 Quoniam
3455 3358 3595 3395 unus

2005 3435 2162 3504 panis
2190 3447 2241 3490 et
2272 3451 2436 3491 unum
2460 3449 2658 3505 corpus
2693 3434 2845 3489 multi
2878 3448 3091 3495 sumus,
3128 3447 3320 3488 omnes
3345 3433 3488 3487 enim
3526 3435 3591 3485 de

2005 3543 2112 3584 uno
2138 3544 2275 3599 pane
2295 3528 2681 3599 participamus
2708 3526 2779 3581 θ’.
2815 3547 2833 3579 ι
2878 3526 3178 3597 Participes
3203 3540 3435 3594 namque
3463 3540 3589 3580 San-

2003 3622 2074 3676 cti
2105 3620 2347 3690 Spiritus
2368 3620 2571 3685 effecti,
2612 3629 2668 3675 et
2708 3619 2811 3690 ipsi
2853 3620 3093 3675 omnium
3129 3617 3399 3671 Salvatori
3430 3616 3589 3672 Chri-

2002 3726 2108 3781 SlO,
2146 3716 2363 3771 etinter
2391 3730 2491 3770 nos
2520 3715 2774 3769 unimur:
2811 3711 3235 3783 concorporales
3286 3711 3450 3765 etiam
3480 3711 3584 3765 hoc

2002 3807 2163 3862 modo
2189 3823 2375 3862 sumus
2396 3845 2411 3871 ,
2445 3825 2463 3859 ι
2506 3806 2764 3877 quoniam
2789 3822 2928 3860 unus
2982 3806 3135 3875 panis
3196 3821 3360 3858 unum
3392 3819 3589 3872 corpus

2002 3898 2157 3952 multi
2214 3914 2460 3953 sumus:
2520 3913 2711 3952 omnes
2776 3896 2922 3952 enim
2963 3898 3030 3951 de
3099 3910 3206 3949 uno
3284 3910 3424 3964 paue
3464 3910 3587 3964 paro

2001 3991 2304 4060 licipamus.
2350 4009 2371 4042 ι
2405 3989 2660 4059 Coaligat
2689 4004 2923 4059 namque
2954 4003 3053 4042 nos
3078 3987 3145 4041 ad
3178 3989 3440 4041 unitatem
3462 4003 3585 4041 cor-

1999 4099 2100 4154 pus
2130 4082 2330 4138 Christi
2353 4083 2495 4151 quod
2525 4092 2612 4137 est
2642 4081 2693 4136 in
2725 4083 2901 4148 nobis,
2933 4094 3109 4149 neque
3142 4090 3222 4134 est
3273 4079 3381 4133 ullo
3424 4080 3585 4133 modo

1997 4175 2252 4231 divisum.
2287 4174 2458 4230 Porro
2491 4191 2586 4245 per
2616 4174 2820 4229 Christi
2845 4188 3044 4242 corpus
3072 4173 3139 4227 ad
3193 4174 3454 4227 unitatem
3485 4188 3582 4240 per

1994 4284 2158 4338 quam
2183 4277 2239 4323 et
2270 4284 2394 4323 cum
2430 4268 2549 4336 ipso
2596 4278 2650 4322 et
2672 4266 2815 4322 inter
2842 4279 2941 4322 nos
2974 4264 3274 4336 iungimur,
3322 4266 3583 4321 collectos

1993 4374 2115 4415 esse
2143 4360 2431 4415 confirmat
2455 4360 2649 4416 beatus
2673 4358 2898 4423 Paulus,
2926 4373 3048 4412 cum
3078 4357 3268 4412 scribit
3295 4375 3309 4413 :
3344 4375 3365 4410 ι
3406 4355 3579 4426 Hujus

1996 4453 2071 4507 rei
2100 4453 2274 4521 gratia
2299 4468 2398 4523 ego
2414 4450 2613 4508 Paulus
2643 4453 2855 4506 vinctus
2880 4450 3081 4506 Christi
3114 4448 3241 4505 Jesu
3269 4465 3367 4518 pro
3424 4450 3579 4503 vobis

300 4522 471 4591 ὑμᾶς,
499 4523 580 4576 ὅτι
622 4526 743 4578 κατ’
779 4527 1123 4600 ἀποκάλυψιν
1148 4534 1454 4607 ἐγνωρίσθη
1483 4554 1576 4608 μοι
1596 4540 1657 4592 τὸ
1682 4545 1889 4614 μυστή-

2005 4545 2270 4613 gentibus,
2305 4522 2352 4600 si
2385 4555 2564 4600 tamen
2602 4544 2837 4598 audistis
2887 4543 3348 4613 dispensationem
3389 4543 3577 4610 gratia;

301 4630 440 4684 ριον,
489 4614 673 4680 καθὼς
728 4620 1056 4693 προέγραψα
1095 4625 1152 4677 ἐν
1193 4625 1381 4697 ὀλίγῳ,
1425 4630 1562 4701 πρὸς
1602 4631 1631 4684 ὃ
1655 4632 1885 4689 δύνασθε

297 4706 765 4775 ἀναγινώσκοντες
790 4711 981 4783 νοῆσαι
1013 4714 1112 4788 τὴν
1147 4715 1363 4770 σύνεσίν
1388 4736 1491 4790 μου
1507 4722 1567 4774 ὲν
1584 4723 1661 4795 τῷ
1684 4742 1887 4798 μυστησ

299 4796 402 4891 ρίιρ
429 4797 521 4851 τοῦ
550 4800 789 4871 Χριστοῦ
808 4820 821 4835 ·
870 4804 898 4858 ὃ
932 4806 1150 4878 ἑτέραις
1176 4812 1393 4878 γενεαῖς
1440 4813 1542 4867 οὐκ
1575 4796 1882 4891 ἐγνωρίσθη

295 4890 410 4952 τοῖς
437 4891 571 4954 υἱοῖς
612 4894 721 4946 τῶν
760 4895 1083 4966 ἀνθρώπων,
1124 4899 1202 4964 ὡς
1238 4899 1333 4956 νῦν
1379 4904 1739 4981 ἀπεκαλύφθη
1770 4912 1883 4974 τοῖς

298 4979 475 5048 ἁγίοις
495 4982 811 5050 ἀποστόλοις
840 4988 1005 5042 αὐτοῦ
1037 4990 1134 5045 καὶ
1164 4994 1475 5066 προφήταις
1494 4999 1553 5052 ἐν
1575 4999 1879 5072 Πνεῦματι,

296 5068 440 5125 εἶναι
474 5074 541 5127 τὰ
573 5074 701 5147 ἔθνη
729 5078 1152 5153 συγκληρονόμα
1179 5085 1274 5137 καὶ
1306 5087 1594 5159 σύσσωμα,
1613 5092 1707 5146 καὶ
1728 5068 1879 5165 ’συμέ

298 5163 506 5236 μέτοχα
535 5166 633 5237 τῆς
662 5171 994 5240 ἐπαγγελίας
1018 5176 1077 5227 έν
1111 5176 1353 5249 Χριστῷ.
1382 5198 1402 5231 ι
1456 5181 1672 5255 Ἐπειδὴ
1705 5185 1763 5240 δὲ
1782 5163 1881 5261 τῆν

291 5256 390 5309 τοῦ
428 5260 729 5331 μυστηρίου
769 5263 1072 5335 παράδοσιν
1095 5284 1155 5320 τε
1184 5269 1279 5323 καὶ
1301 5270 1529 5343 δύναμιν
1548 5256 1878 5348 ἠγνοηκότες

292 5348 353 5399 ἐν
382 5348 524 5420 ἀρχῇ
555 5350 665 5403 τῶν
692 5356 1097 5411 πιστευσάντων
1126 5359 1292 5425 τινὲς,
1322 5361 1429 5427 ἔξω
1450 5364 1750 5436 τρέπεσθαι
1783 5368 1879 5422 τοῦ

289 5440 504 5505 εἰκότος
537 5441 748 5513 ήθελον,
777 5446 1098 5513 πανδαισίας
1121 5468 1180 5503 τε
1215 5452 1310 5506 καί¹
1348 5455 1701 5526 δημοθοινίας
1736 5460 1878 5533 πλη-

291 5532 515 5602 ροῦντες
558 5537 616 5588 ὲν
672 5537 1012 5609 ἐκκλησίαις,
1063 5544 1176 5606 τοῖς
1220 5543 1379 5598 τοῦτο
1423 5548 1558 5619 δρᾷν
1604 5550 1873 5619 εἰωθόσιν,

287 5622 527 5694 ἐπετίμα
574 5627 801 5698 γράφων
849 5632 877 5682 6
931 5633 1201 5704 μακάριος
1253 5636 1503 5699 Παῦλος·
1554 5660 1571 5691 ι
1604 5642 1696 5714 Μὴ
1766 5646 1874 5717 γὰρ

362 5801 405 5833 ⁹¹
442 5801 613 5859 lCor.
649 5820 726 5871 XI,
760 5806 957 5873 1ϋ,Π.
1037 5809 1081 5841 ⁹¹
1120 5809 1319 5879 Epitcs.
1372 5830 1449 5872 Ill.
1499 5815 1614 5871 543.

1995 4635 2113 4701 Dei,
2144 4652 2266 4706 qua:
2284 4637 2409 4691 data
2438 4647 2522 4691 est
2565 4636 2697 4690 mihi
2731 4636 2783 4690 in
2822 4651 2942 4698 vos,
2977 4634 3235 4705 quoniam
3278 4633 3575 4687 secundum

1992 4728 2384 4785 rcvelationem
2413 4738 2599 4785 notum
2633 4729 2763 4783 mihi
2801 4726 3003 4783 factum
3029 4736 3113 4781 est
3147 4733 3574 4787 sacramentum,

1991 4822 2134 4878 sicut
2160 4837 2321 4890 supra
2357 4822 2550 4890 scripsi
2582 4821 2633 4875 in
2656 4820 2830 4887 brevi,
2863 4830 3024 4890 prout
3068 4817 3298 4889 potestis
3337 4816 3577 4883 legentes

1991 4911 2298 4981 intelligere
2346 4912 2691 4982 prudentiam
2736 4927 2913 4967 meam
2960 4910 3014 4965 in
3061 4908 3319 4979 mysterio
3344 4904 3572 4967 ChriSti,

1991 5004 2134 5073 quod
2157 5004 2279 5060 aliis
2308 5005 2749 5074 generationibus
2787 5013 2991 5058 nonest
3036 5001 3276 5071 agnitum
3320 4996 3445 5052 filiis
3473 4997 3569 5050 bo-

1991 5097 2220 5164 minum,
2251 5097 2414 5153 sicuti
2446 5112 2593 5153 nunc
2621 5095 2921 5151 revelatum
2943 5104 3030 5149 est
3072 5092 3275 5149 sanctis
3308 5088 3572 5158 apostolis

1988 5190 2108 5260 ejus
2138 5200 2195 5246 et
2219 5191 2499 5262 prophetis
2526 5191 2578 5245 in
2611 5188 2841 5260 Spiritu,
2870 5197 3060 5259 gentes
3081 5199 3202 5242 esse
3235 5182 3566 5243 cohaeredcs,

1987 5281 2424 5351 concorporales,
2451 5291 2508 5337 et
2534 5279 2951 5349 comparticipes
2969 5275 3351 5349 promissionis
3373 5272 3489 5344 ejus
3517 5275 3569 5327 iu

1982 5373 2203 5430 Christo
2230 5373 2297 5429 ".
2332 5392 2353 5427 ι
2393 5374 2664 5441 Quoniam
2712 5388 2845 5429 vero
2870 5387 2903 5427 a
2942 5370 3213 5443 principio
3244 5367 3566 5425 nonnullicx

1981 5467 2049 5523 iis
2077 5467 2168 5537 qui
2189 5467 2561 5534 crediderant,
2586 5465 2750 5537 hujus
2784 5464 3033 5537 mysterii
3091 5462 3436 5519 traditionem
3502 5475 3567 5513 ac

1980 5559 2086 5612 vim
2118 5559 2453 5629 ignorantes,
2489 5560 2556 5615 ab
2588 5573 2654 5614 eo
2688 5558 2833 5627 quod
2873 5554 3235 5613 conveniebat
3295 5553 3570 5609 divertere

1978 5649 2249 5718 volebant,
2276 5665 2329 5707 et
2362 5653 2612 5708 omnibus
2637 5651 2880 5722 exposita
2936 5650 3185 5707 convivia
3218 5657 3273 5705 et
3319 5645 3567 5717 publicas
