4104 6336
502 319 611 378 195

1493 318 1554 375 S.
1593 320 1871 378 CYRILLI
1900 316 2373 375 ALEXANDRINI
2410 314 2732 373 ARCIIIEP.

3655 307 3758 365 196

501 436 693 507 epulas
727 435 781 492 in
815 436 1062 493 ecclesiis
1090 436 1452 505 instruebant,
1484 438 1731 495 homines
1777 439 1868 508 qui
1902 438 1955 494 id
1996 438 2061 492 fa-

2174 434 2349 498 οίκίας
2400 435 2500 489 οὐκ
2536 434 2689 504 ἔχετε
2735 431 2816 496 είς
2854 428 2914 483 τὸ
2956 428 3159 483 ἐσθίειν
3200 426 3296 482 καὶ
3342 427 3552 495 πίνειν;
3594 427 3629 498 ἢ
3660 428 3760 499 τὴν

502 543 630 584 cere
656 536 1073 592 consueverant,
1126 528 1377 600 objurgat
1429 531 1620 585 beatus
1664 530 1881 597 Paulus,
1933 532 2073 585 scri-

503 620 689 677 bens:
734 639 754 673 (
793 619 1044 689 Nunquid
1099 621 1289 675 domos
1337 635 1445 676 non
1507 621 1720 676 habetis
1747 623 1813 675 ad
1847 622 2074 676 mandu-

500 711 735 766 candum
752 718 807 765 et
838 709 1166 765 bibendum?
1191 719 1287 765 aut
1316 711 1604 766 ecclesiam
1639 711 1734 766 Dei
1766 712 2073 767 contemni-

502 803 596 869 tis,
625 812 677 856 et
703 801 1034 857 confunditis
1060 816 1155 858 eos
1179 803 1268 872 qui
1295 818 1400 859 non
1428 803 1669 858 habent?
1698 803 1838 870 Quid
1887 802 2068 857 dicam

500 892 688 947 vobis?
707 892 946 947 Laudem
971 892 1135 948 vosin
1160 892 1299 947 hoc?
1323 908 1429 947 non
1451 892 1629 947 laudo.
1663 893 1777 962 Ego
1804 892 1948 957 enim
1974 907 2071 947 ac-

498 985 617 1053 cepi
648 999 677 1037 a
706 983 952 1051 Domino,
973 985 1119 1054 quod
1150 994 1205 1039 et
1228 984 1422 1041 tradidi
1450 985 1606 1040 vobis
1643 1001 1659 1038 :
1686 985 1942 1055 quoniam
1964 983 2070 1038 Do-

501 1074 679 1129 minus
707 1072 862 1129 Jesus
895 1074 1145 1130 (lbristus
1175 1074 1229 1129 in
1260 1090 1365 1145 qua
1394 1084 1553 1130 nocte
1582 1074 1808 1129 traditus
1839 1083 1946 1139 est,
1972 1087 2070 1128 ac-

496 1165 640 1233 cepit
668 1181 882 1235 panem,
912 1176 969 1221 et
991 1170 1192 1235 gratias
1228 1181 1393 1238 agens
1422 1166 1607 1236 fregit,
1651 1174 1706 1221 et
1733 1165 1871 1220 dixit
1900 1181 1915 1217 :
1945 1166 2066 1220 Hoc

492 1263 579 1308 est
609 1268 804 1324 corpus
826 1268 1027 1320 meum,
1064 1254 1207 1325 quod
1237 1269 1336 1324 pro
1387 1255 1539 1310 vobis
1586 1272 1600 1309 :
1645 1259 1748 1310 hoc
1809 1254 1970 1309 facite
2005 1255 2068 1310 in

496 1360 669 1400 meam
697 1346 1563 1402 commemorationen1.Similiter
1586 1355 1642 1401 et
1670 1347 1892 1401 calicem
1920 1356 2069 1416 post-

493 1454 654 1507 quam
687 1439 844 1508 112
877 1439 1139 1504 coenavit,
1162 1439 1347 1494 dicens
1376 1454 1392 1492 :
1430 1438 1529 1494 Hic
1560 1438 1699 1495 calix
1734 1454 1931 1495 novum
1964 1440 2066 1496 Te-

492 1541 819 1586 smmentum
856 1540 941 1586 est
995 1530 1049 1585 in
1078 1545 1198 1586 meo
1226 1532 1488 1601 sanguine
1524 1549 1538 1585 :
1572 1531 1675 1587 hoc
1717 1530 1903 1598 facite,
1931 1546 2068 1601 quo-

494 1624 813 1701 tiescunque
862 1623 1071 1686 facitis,
1116 1622 1173 1677 in
1236 1637 1414 1678 meam
1472 1624 2062 1680 commemorationem.

492 1713 929 1783 Quotiescunque
959 1713 1353 1769 mandueabitis
1393 1728 1582 1783 panem
1620 1714 1789 1779 hunc,
1842 1726 1897 1769 et
1935 1713 2067 1768 cali.

2173 525 2471 597 ἐκκλησίαν
2496 523 2593 577 τοῦ
2617 522 2752 576 Θεοῦ
2788 523 3201 590 καταφρονεῖτε,
3241 518 3335 573 καὶ
3367 518 3759 589 καταισχύνετε

2174 618 2300 681 τοὺς
2331 617 2410 687 μὴ
2440 615 2692 686 ἔχοντας
2737 614 2789 668 τί
2829 614 2969 667 εἴπω
3003 613 3161 683 ὑμῖνς
3198 612 3475 666 ἐπαινέσω
3522 611 3669 680 ὑμᾶς
3698 611 3760 662 ἐν

2171 706 2376 776 τούτῳ;
2423 706 2522 759 οὐκ
2561 704 2790 758 ἐπαινῶ.
2845 701 2989 772 Ἐγὼ
3033 703 3144 775 γὰρ
3178 701 3486 774 παρέλαϐον
3524 702 3633 757 ἀπὸ
3661 700 3757 756 τοῦ

2174 799 2402 869 Κυρίου,
2436 798 2464 852 ὃ
2487 796 2582 852 καὶ
2611 797 2907 867 παρέδωκα
2936 796 3098 865 ὑμῖν·
3146 797 3230 850 ὅτι
3257 796 3285 849 0
3311 794 3514 866 Κύριος
3552 791 3757 864 Ἰησοῦς

2172 890 2405 960 Χριστὸς
2433 890 2492 943 ἐν
2527 891 2592 961 τῇ
2620 889 2778 942 νυκτὶ
2808 882 2842 962 ᾗ
2878 886 3171 959 παρεδόθη,
3215 886 3406 940 ἐλαϐεν
3431 886 3616 958 ἄρτον,
3659 886 3758 941 καὶ

2172 981 2573 1051 εὐχαριστήσας
2613 979 2832 1045 ἐκλασε,
2865 980 2960 1032 καὶ
2992 975 3115 1032 εἶπε
3138 993 3156 1013 ο
3191 977 3363 1031 Τοῦτό
3395 977 3498 1049 μού
3520 979 3658 1040 ,ἐστι
3693 977 3757 1032 τὸ

2173 1072 2335 1143 σῶμα
2365 1073 2427 1125 τὸ
2456 1072 2598 1142 ὑπὲρ
2644 1071 2837 1141 ήμῶν·
2886 1070 3046 1124 τοῦτο
3096 1072 3301 1124 ποιεῖτε
3350 1071 3431 1134 είς
3470 1070 3570 1142 τὴν
3613 1071 3755 1143 ἐμὴν

2171 1164 2499 1235 ἀνάμνησιν.
2558 1156 2832 1227 Ὡσαύτως
2866 1164 2962 1216 καὶ
2998 1162 3058 1216 τὸ
3100 1164 3358 1233 ποτήριον
3391 1162 3527 1233 μετὰ
3560 1162 3622 1215 τὸ
3645 1164 3752 1217 δει-

2174 1250 2398 1327 πνῆσαι,
2440 1255 2616 1324 λέγων
2637 1272 2651 1286 ο
2682 1255 2853 1309 Τοῦτο
2876 1255 2935 1309 τὸ
2966 1256 3223 1325 ποτήριον
3251 1256 3283 1325 ή
3319 1254 3483 1325 καινή
3510 1255 3751 1325 Διαθήκη

2169 1348 2338 1409 ἐστὶν,
2366 1349 2425 1401 ἐν
2450 1347 2527 1418 τῷ
2548 1349 2741 1418 αἵματι
2764 1347 2840 1418 τῷ
2867 1347 2986 1418 ἐμῷ
3002 1361 3015 1375 ’
3046 1346 3202 1400 τοῦτο
3224 1348 3449 1408 ποιεῖτε,
3478 1346 3665 1407 ὁσάκις
3686 1346 3753 1399 ἂν

2170 1436 2392 1502 ποιεῖτε,
2427 1440 2504 1504 εἰς
2529 1440 2628 1511 τὴν
2658 1439 2801 1511 ἐμὴν
2835 1439 3162 1508 ἀνάμνησιν.
3193 1434 3417 1498 Ὁσάκις
3444 1435 3510 1488 ἂν
3536 1433 3753 1505 ἐσθίητε

2167 1532 2260 1586 τὸν
2293 1534 2457 1604 ἄρτον
2484 1533 2696 1600 τοῦτον,
2730 1532 2825 1586 καὶ
2860 1531 2921 1585 τὸ
2949 1530 3210 1601 ποτήριον
3232 1529 3443 1598 πίνητε,
3468 1528 3560 1580 τὸν
3588 1527 3748 1581 θάνα·

2166 1644 2259 1680 τον
2292 1624 2386 1680 τοῦ
2412 1626 2620 1696 Κυρίου
2658 1624 3080 1694 καταγγέλλετε,
3120 1623 3279 1693 ἄχρις
3310 1616 3369 1675 οὗ
3412 1621 3599 1694 ἔλθῃ.»
3640 1621 3754 1675 Καὶ

2169 1718 2314 1772 θεῖον
2348 1719 2448 1790 μέν
2480 1718 2645 1772 ὅτιτὸ
2676 1717 2995 1788 μυστήριον,
3033 1714 3129 1769 καὶ
3157 1713 3419 1780 ζωοποιὸς
3445 1714 3478 1784 ή
3514 1712 3752 1784 μέθεξις,

491 1821 609 1859 cem
656 1805 871 1869 bibetis,
903 1815 1130 1861 mortem
1182 1804 1395 1860 Domini
1452 1804 1841 1863 annuntiabitis
1894 1805 2061 1861 donec

2167 1811 2261 1864 καὶ
2291 1808 2390 1881 τὴς
2416 1808 2757 1879 άναιμάκτου
2787 1807 3018 1878 ταυτησὶ
3061 1804 3250 1868 θυσίας
3276 1806 3309 1877 ή
3333 1804 3564 1873 δύναμις
3598 1802 3753 1872 παρὰ

488 1891 754 1949 veniat”.
794 1915 813 1948 ι
847 1897 922 1950 Ae
942 1896 1181 1950 divinum
1213 1896 1432 1966 quidem
1463 1894 1565 1950 hoc
1596 1910 1718 1951 esse
1747 1895 2060 1968 mysterium

488 1986 1067 2057 participationemque
1090 1987 1205 2055 ejus
1237 1988 1533 2055 vivificam,
1570 1998 1624 2045 et
1652 1990 1949 2045 incruentas
1970 1989 2063 2044 bu-

484 2079 574 2146 jns
600 2080 789 2135 hostia:
811 2084 916 2133 vim
938 2081 1093 2148 longe
1117 2080 1206 2135 illo
1233 2081 1390 2149 legali
1423 2081 1570 2136 cultu
1602 2082 2057 2151 praestantiorem,

491 2170 753 2239 perfacile
796 2181 877 2226 est
900 2174 1085 2226 videre
1109 2172 1193 2226 vel
1222 2172 1289 2227 ab
1314 2187 1380 2227 eo
1405 2172 1543 2241 ipso,
1580 2173 1724 2243 quod
1752 2173 1839 2227 illa
1870 2173 2061 2243 priscis

492 2262 801 2318 hominibus
850 2265 1055 2319 sancita
1098 2280 1197 2335 per
1248 2264 1456 2331 Mosen,
1516 2266 1709 2320 umbra
1786 2265 2059 2333 dicuntur,

488 2353 741 2409 Christus
787 2369 914 2410 vero
940 2355 1164 2425 ejusque
1193 2356 1399 2419 omnia,
1449 2358 1658 2413 veritas
1689 2357 2057 2427 appellantur;

489 2445 556 2497 ad
582 2459 809 2513 eamque
834 2461 948 2500 rem
976 2448 1401 2502 confirmandam
1432 2449 1587 2503 nobis
1611 2450 1717 2504 erit
1755 2449 2061 2517 adiumento

490 2536 682 2588 beatus
703 2535 922 2603 Paulus,
953 2537 1045 2606 qui
1078 2537 1160 2592 sic
1198 2538 1456 2607 scripsit:
1505 2557 1523 2589 ι
1561 2537 1773 2593 lrritam
1824 2540 1947 2608 quis
1979 2538 2060 2592 fa-

487 2626 642 2679 ciens
662 2625 830 2695 legem
860 2627 1010 2693 Mosi,
1037 2628 1155 2683 sine
1187 2628 1292 2682 ulla
1327 2630 1681 2685 miseratione
1734 2631 1945 2688 duobus
1972 2630 2059 2686 vel

489 2717 660 2771 tribus
692 2718 914 2773 testibus
942 2722 1207 2775 moritur:
1233 2731 1433 2789 quanto
1453 2724 1623 2792 magis
1677 2724 1881 2792 putatis
1915 2724 2063 2779 dete-

491 2809 634 2862 riora
669 2812 863 2864 mereri
892 2811 1176 2881 supplicia,
1206 2813 1297 2883 qui
1324 2811 1520 2868 Filium
1568 2814 1662 2868 Dei
1710 2815 2061 2871 conculcave-

488 2901 577 2962 rit,
615 2910 670 2953 et
693 2901 1007 2970 sanguinem
1039 2902 1371 2959 Testamenti
1420 2905 1683 2976 pollutum
1729 2906 1961 2971 duxerit,
2008 2908 2061 2962 in

485 3006 594 3059 quo
620 2991 987 3047 sanetifieatus
1010 3004 1112 3061 cst,
1130 3004 1183 3050 et
1212 2995 1438 3067 Spiritui
1462 2999 1647 3067 gratiae
1674 2998 2060 3054 contumeliam

484 3082 789 3138 fecerit“?
839 3102 859 3136 ι
925 3084 1169 3143 Edebant
1219 3091 1365 3145 enim
1432 3090 1510 3146 illi
1545 3100 1758 3147 veteres
1815 3090 2063 3145 homines

2166 1901 2302 1955 πολὺ
2339 1901 2441 1971 τῆς
2470 1900 2529 1953 ἐν
2557 1901 2709 1971 νόμῳ
2755 1897 3010 1969 λατρείας
3053 1892 3316 1967 ἀμείνων,
3368 1894 3755 1964 ἀταλαίπωρον

2169 1992 2315 2057 ἰδεῖν,
2356 1991 2451 2045 καὶ
2478 1991 2554 2054 ὡς
2585 1991 2694 2044 ἀπό
2731 2007 2795 2059 γε
2824 1989 2918 2042 τοῦ
2957 1986 3210 2058 λέγεσθαι
3240 1987 3401 2041 σκιὰν
3433 1986 3533 2057 μὲν
3567 1986 3754 2040 ἐκεῖνα

2164 2084 2234 2138 τὰ
2286 2084 2374 2137 διὰ
2430 2085 2676 2148 Μωσέως
2728 2087 2840 2148 τοῖς
2891 2082 3271 2155 ἀρχαιοτέροις
3325 2080 3751 2151 τεθεσπισμένι,

2166 2175 2403 2247 Χριστόν
2435 2192 2499 2244 γε
2545 2175 2652 2246 μὴν
2688 2170 2829 2229 εἶναι
2865 2176 2958 2229 καὶ
2997 2174 3069 2229 τὰ
3110 2173 3276 2228 αὐτοῦ
3314 2171 3415 2244 τήν
3448 2170 3708 2241 ἀλήθειαν
3733 2184 3751 2201 ⁸

2169 2266 2496 2339 συλλήψεται
2546 2266 2604 2320 δέ
2648 2266 2786 2337 πρὸς
2829 2266 2988 2320 τοῦτο
3038 2266 3170 2336 ἡμῖν
3218 2262 3313 2318 καὶ
3365 2265 3394 2317 0
3441 2260 3753 2330 σοφώτατος

2167 2356 2397 2421 Παῦλος,
2427 2354 2525 2409 ὡδὶ
2551 2355 2843 2427 γεγραφώς
2863 2373 2877 2387 ·
2906 2376 2925 2407 ι
2966 2355 3267 2425 Ἀθετήσας
3293 2371 3377 2417 τις
3414 2353 3576 2423 νόμον
3616 2353 3750 2406 Μω-

2169 2447 2328 2513 σέως,
2370 2449 2541 2520 χωρὶς
2578 2445 2883 2519 οἰκτιρμῶν
2919 2448 3011 2501 ἐπὶ
3038 2444 3193 2501 δυσὶν
3223 2446 3256 2517 ἢ
3297 2446 3445 2519 τρισὶ
3486 2445 3752 2515 μάρτυσιν

2166 2537 2499 2609 ἀποθνήσκει
2524 2554 2538 2569 ο
2599 2538 2755 2608 πόσῳ
2811 2538 3020 2591 δοκεῖτε
3084 2537 3329 2609 χείρονος
3382 2534 3750 2606 ἀξιωθήσεται

2165 2628 2460 2700 τιμωρίας,
2491 2627 2521 2679 0
2550 2626 2642 2681 τὸν
2681 2626 2810 2681 Υἱδν
2835 2626 2926 2680 τοῦ
2957 2626 3093 2681 Θεοῦ
3127 2627 3543 2697 καταπατήσας,
3564 2625 3660 2679 καὶ
3684 2623 3752 2679 τὸ

2166 2717 2308 2793 αἷμα
2325 2721 2427 2790 τῆς
2449 2719 2725 2791 Διαθήκης
2747 2719 2924 2773 κοινὸν
2948 2720 3315 2790 ἡγησάμενος,
3335 2719 3393 2773 ἐν
3421 2712 3465 2786 ᾧ
3488 2717 3748 2788 ἡγιάσθη,

2171 2810 2266 2864 καὶ
2293 2810 2354 2863 τὸ
2384 2809 2612 2879 Πνεῦμα
2638 2808 2739 2879 τῆς
2769 2808 2992 2879 χάριτος
3018 2808 3340 2879 ἐνυδρίσας;
3361 2826 3380 2860 ι
3405 2807 3630 2860 Ἦσθιον
3651 2806 3750 2877 μὲν

2168 2904 2274 2975 γὰρ
2300 2904 2351 2957 οί
2374 2901 2546 2957 πάλαι
2574 2899 2936 2964 καταθύοντες
2978 2898 3072 2953 τὸν
3113 2900 3316 2970 ἀμνόν·
3363 2901 3398 2970 ἠ
3441 2899 3499 2953 δέ
3546 2916 3610 2968 γε
3650 2899 3751 2970 τῆς

2169 2994 2425 3068 βρώσεως
2477 2992 2746 3064 δύναμις,
2804 2992 2906 3046 οὐκ
2962 2993 3043 3057 είς
3096 2992 3259 3064 κόρον
3312 2990 3500 3055 άπλῶς
3550 2989 3752 3063 ἐχώρει

2168 3087 2424 3158 γαστρὸς,
2466 3085 2583 3140 ἀλλ’
2620 3085 2745 3139 οὑδέ
2778 3086 2980 3158 ταύτης
3010 3086 3172 3141 ἕνεκα
3195 3085 3295 3157 τῆς
3324 3083 3504 3147 αίτίας
3537 3084 3607 3138 τὰ
3645 3082 3751 3154 τῆς

484 3190 681 3243 agnum
719 3177 1056 3234 immolatum
1088 3183 1225 3237 :sed
1247 3182 1334 3237 illa
1366 3184 1448 3239 vis
1500 3183 1616 3251 ejus
1645 3197 1783 3238 esca:
1836 3198 1943 3237 non
1991 3184 2059 3238 ad

2165 3179 2356 3243 θυσίας
2398 3177 2759 3248 ἐπετηδεύετο
2803 3180 2946 3235 κατά
2986 3180 3183 3250 νόμον
3225 3177 3341 3233 ἀλλ’
3390 3178 3478 3231 ἵνα
3512 3175 3746 3231 θανάτου

485 3268 789 3325 satietatem
821 3272 1024 3328 ventris
1054 3277 1429 3330 tantummodo
1477 3276 1721 3342 cedebat,
1783 3291 1958 3345 neque
1996 3290 2061 3331 ea

486 3359 553 3414 de
577 3374 740 3415 causa
770 3365 1111 3420 sacrificandi
1142 3366 1281 3422 ritus
1338 3368 1641 3422 secundum
1675 3369 1846 3439 legem
1875 3383 2061 3423 serva-

488 3452 674 3515 batur;
698 3454 791 3506 setl
828 3464 881 3507 ut
912 3465 1141 3510 mortem
1171 3458 1223 3509 in
1252 3457 1389 3513 alios
1412 3457 1757 3513 invadentem
1817 3459 1921 3528 ipsi
1966 3473 2059 3514 su-

486 3554 758 3611 perarent,
819 3556 872 3599 et
926 3548 1401 3609 exterminatorem
1472 3548 1817 3619 effugerent:
1876 3551 2060 3621 itaque

488 3642 643 3685 nocte
667 3648 771 3685 nua
805 3634 1086 3689 interfecta
1121 3635 1635 3707 snntAEgyptiorum
1665 3639 2054 3708 primogenita:

486 3722 562 3775 illi
584 3737 708 3774 vero
734 3725 872 3777 nuda
907 3724 1073 3795 figura
1101 3727 1314 3791 muniti,
1338 3727 1444 3782 soli
1461 3727 1531 3782 ab
1567 3742 1631 3783 ea
1675 3730 2052 3796 servabantur,

483 3822 541 3867 et
564 3814 808 3868 umbram
838 3816 1037 3870 auxilio
1068 3816 1349 3885 habentes,
1372 3819 1533 3874 etiam
1576 3821 1691 3890 ipsa
1730 3831 1901 3875 morte
1964 3837 2057 3877 su-

485 3906 723 3973 periores
755 3917 1064 3962 evaserunt.
1088 3908 1231 3978 Ergo
1259 3912 1654 3965 conservabant
1702 3913 1830 3981 ipsae
1873 3914 2058 3983 figura:

482 4012 576 4050 eos
598 3997 689 4066 qui
717 4008 845 4051 ante
874 4013 972 4055 nos
997 3998 1236 4056 fuerunt.
1266 4000 1478 4067 Quanto
1512 4001 1681 4073 igitur
1745 4018 1834 4058 res
1860 4013 2057 4058 nostra:

483 4097 611 4142 sunt
632 4088 1065 4157 excellentiores,
1089 4092 1284 4161 quibus
1309 4093 1424 4162 ipsa
1455 4095 1673 4158 veritas,
1706 4094 1756 4148 id
1779 4104 1861 4149 est
1894 4095 2055 4150 Chri-

483 4188 622 4244 stus,
656 4179 859 4247 illuxit,
887 4193 1242 4254 sanctamque
1267 4200 1423 4240 suam
1462 4199 1682 4240 carnem
1732 4186 1800 4240 ad
1832 4187 2058 4256 partici-

483 4271 717 4340 pandum
750 4275 1032 4344 apposuit?
1077 4277 1348 4347 quomodo
1409 4277 1462 4332 id
1510 4292 1615 4333 non
1680 4279 1752 4333 sit
1804 4283 2057 4336 omnibus

482 4361 872 4431 perspicuum?
904 4364 1070 4421 Multo
1098 4382 1332 4436 namque
1362 4377 1487 4424 sunt
1515 4368 1887 4438 proculdubio
1919 4386 2057 4440 pra:-

2162 3270 2275 3333 τοῖς
2331 3268 2513 3332 ἄλλοις
2559 3268 3001 3330 ἐκπεπτωκότος.
3055 3267 3337 3336 κρείττους
3379 3283 3439 3319 τε
3490 3260 3601 3319 εἷεν
3647 3264 3746 3318 τοῦ

2161 3357 2356 3410 παθεῖν
2384 3357 2559 3422 αὐτοὶ,
2591 3356 2687 3410 καὶ
2706 3356 3131 3427 διαδιδράσκοιεν
3150 3355 3239 3409 τὸν
3255 3356 3604 3427 ὁλοθρευτήν.
3635 3354 3747 3408 Καὶ

2160 3445 2293 3515 γοῦν
2341 3446 2613 3517 ἀνῄρηται
2672 3446 2771 3516 μὲν
2829 3447 2888 3498 ἐν
2944 3447 3043 3516 μιᾷ
3097 3447 3253 3499 νυκτὶ
3301 3446 3370 3499 τὰ
3424 3446 3745 3517 πρωτότοκα

2159 3538 2508 3607 Αἰγυπτίων⁵
2557 3538 2609 3590 οί
2658 3538 2716 3592 δὲ
2759 3538 2854 3592 καὶ
2883 3536 3025 3607 ψιλῷ
3067 3537 3146 3607 τῷ
3179 3540 3328 3607 τόπῳ
3371 3535 3505 3609 [τσ.
3545 3535 3740 3608 τύπῳ]

2157 3629 2575 3701 τετειχισμένοι,
2636 3630 2789 3700 μόνοι
2836 3630 2966 3701 παρ’
3014 3629 3224 3684 ἐκείνου
3282 3629 3585 3695 ἐσώζοντο,
3649 3629 3744 3683 καὶ

2158 3720 2421 3776 σύνοπλον
2464 3721 2680 3792 ἔχοντες
2733 3721 2833 3791 τὴν
2901 3719 3083 3787 σκιὰν,
3144 3720 3241 3775 καὶ
3295 3719 3461 3775 αὑτοῦ
3512 3721 3743 3775 θανάτου

2157 3812 2689 3884 κατευμεγεθοῦντες
2733 3813 3035 3883 ἐφαίνοντο.
3074 3811 3288 3867 Οὐκοῦν
3315 3812 3519 3877 ἔσωζον
3559 3811 3657 3883 μὲν
3691 3813 3745 3864 οί

2156 3904 2319 3958 τύποι
2348 3906 2475 3969 τοὺς
2497 3905 2605 3976 πρὸ
2628 3904 2806 3977 ἡμῶν.
2849 3906 2936 3958 Ἐν
2961 3906 3073 3959 τίσι
3112 3905 3168 3958 δέ
3190 3904 3299 3976 ἄρα
3322 3903 3391 3958 τὰ
3417 3903 3540 3957 καθ’
3572 3905 3740 3973 ἡμᾶς,

2156 3992 2239 4060 οἷς
2285 3996 2422 4068 αὐτὴ
2471 3995 2655 4050 λοιπὸν
2703 3996 3022 4067 ἐπέλαμψεν
3070 3997 3105 4067 ἡ
3159 3995 3429 4063 ἀλήθεια,
3493 3995 3744 4048 τουτέστι

2156 4088 2411 4161 Χριστὸς,
2451 4089 2552 4159 τὴν
2579 4087 2841 4153 ζωοποιδν
2869 4087 3067 4142 ἐαυτοῦ
3098 4087 3277 4159 σάρκα
3308 4085 3631 4158 παρατιθεὶς
3658 4086 3741 4148 είς

2160 4180 2409 4254 μέθεξιν;
2443 4180 2561 4245 πῶς
2586 4182 2685 4252 οὐχ
2708 4182 2914 4236 ἅπασιν
2942 4180 3204 4251 ἐναργές;
3233 4179 3377 4233 Πολὺ
3402 4179 3511 4250 γὰρ
3533 4177 3598 4249 δή
3625 4177 3744 4231 λίαν

2156 4276 2215 4327 ἐν
2238 4273 2510 4343 ἀμείνοσι,
2532 4271 2630 4327 καί¹
2659 4274 2718 4326 ἐν
2746 4275 2860 4337 τοῖς
2878 4272 3017 4340 ἄγαν
3041 4271 3482 4343 ὑπερκειμένοις.
3507 4270 3617 4324 Καὶ
3644 4270 3744 4339 τήν

2155 4383 2221 4435 γε
2251 4365 2347 4419 τοῦ
2375 4365 2677 4437 μυστηρίου
2701 4364 2933 4435 δύναμιν
2965 4363 3173 4435 ἐναργῆ
3201 4360 3468 4424 καθιστὰς
3492 4362 3520 4414 0
3539 4360 3773 4429 Κύριος,

482 4453 848 4509 stantiorcsac
878 4457 1207 4525 superiores.
1235 4458 1415 4523 Atque
1437 4458 1597 4529 hujus
1652 4462 1895 4532 mysterii
1945 4464 2052 4516 vim

2165 4455 2314 4528 ήμῶν
2360 4455 2567 4526 Ἰησοῦς
2598 4456 2626 4508 0
2655 4455 2889 4527 Χριστός
2908 4471 2923 4484 ·
2954 4473 2973 4506 ι
2996 4454 3190 4525 Ἀμὴν,
3234 4454 3390 4525 φησὶ,
3418 4453 3563 4522 λέγω
3590 4452 3741 4522 ὑμῖν,

484 4544 855 4601 utdeclararet
881 4546 1139 4604 Dominus
1194 4562 1380 4605 neSter
1424 4547 1581 4605 Jesus
1630 4550 1893 4616 Cbrislus,
1932 4551 2052 4605 ait:

488 4653 508 4687 ι
539 4638 710 4693 Amen
750 4638 876 4694 dico
905 4640 1086 4705 vobis,
1113 4642 1206 4710 qui
1224 4643 1401 4698 credit
1427 4643 1481 4697 in
1514 4657 1625 4709 me,
1676 4644 1843 4698 habet
1892 4644 2055 4699 vitam

482 4738 762 4783 aeternam.
789 4729 899 4800 Ego
927 4746 1045 4786 sum
1072 4733 1229 4802 panis
1252 4734 1393 4788 vitae.
1431 4733 1621 4790 Patres
1677 4736 1844 4790 vestri
1900 4752 2058 4791 man-

485 4816 1034 4873 ducaveruntmanna
1066 4822 1120 4874 in
1139 4822 1380 4887 deserto,
1412 4832 1467 4877 et
1518 4825 1712 4879 mortui
1766 4835 1893 4879 sunt
1922 4844 1937 4880 :
1970 4826 2059 4881 bic

484 4912 569 4958 est
590 4905 743 4973 panis
775 4905 842 4960 de
868 4907 1005 4962 coelo
1051 4909 1406 4973 descendens,
1453 4921 1513 4965 ut
1551 4913 1597 4967 si
1650 4914 1773 4981 quis
1823 4929 1888 4968 ex
1945 4914 2060 4984 ipso

487 4994 791 5062 manducet,
824 5012 928 5052 non
965 5000 1246 5055 moriatur.
1286 5001 1394 5071 Ego
1420 5017 1538 5057 sum
1592 5006 1749 5074 panis
1780 5006 1932 5060 vivus
1965 5006 2057 5074 qui

485 5086 552 5137 de
585 5086 723 5139 cmlo
749 5088 1023 5143 descendi.
1084 5091 1140 5146 Si
1193 5093 1314 5162 quis
1371 5096 1776 5151 manducaverit
1828 5112 1894 5151 ex
1958 5099 2060 5153 boe

488 5190 645 5243 pane,
678 5177 821 5232 vivet
858 5180 912 5232 in
946 5192 1246 5237 aeternum:
1287 5194 1341 5237 et
1362 5186 1517 5254 panis
1567 5202 1725 5256 quem
1756 5203 1855 5258 ego
1897 5188 2055 5252 dabo,

486 5280 615 5318 caro
649 5281 763 5319 mea
797 5277 879 5322 est
910 5286 1007 5339 pro
1034 5276 1216 5328 mundi
1245 5275 1353 5329 vita
1382 5276 1450 5329 ".
1490 5296 1508 5328 ι
1540 5278 1671 5331 Nam
1704 5281 1827 5348 quia
1851 5294 1918 5331 ex
1969 5295 2061 5349 ge-

489 5371 617 5408 nere
645 5358 809 5412 lsrael
846 5362 954 5414 nati
979 5362 1043 5417 de
1074 5380 1270 5419 manna
1298 5367 1727 5436 suppeditatione
1755 5368 1937 5423 Mosen
1966 5370 2061 5422 ad-

489 5444 847 5512 mirabantur,
883 5450 1039 5521 113
1071 5456 1214 5520 quod
1284 5472 1407 5510 cum
1454 5472 1548 5525 per
1599 5460 1873 5513 desertum
1941 5459 2061 5528 ejus

490 5540 745 5607 temporis
768 5542 1072 5601 hominibus
1108 5547 1398 5604 demissum
1425 5548 1638 5617 fuisset,
1673 5561 1853 5622 typum
1892 5553 2061 5621 gessit

2165 4552 2194 4603 0
2215 4549 2488 4603 πιστεύων
2514 4550 2593 4613 είς
2620 4549 2741 4620 ἐμὲ,
2784 4549 2898 4619 ἔχει
2938 4546 3085 4621 ζωήν
3120 4546 3360 4601 αἰώνιον.
3402 4545 3544 4616 Ἐγώ
3570 4549 3686 4617 είμι
3713 4548 3745 4601 0

2162 4640 2328 4710 ἄρτος
2364 4642 2461 4712 τῆς
2489 4640 2654 4710 ζωῆς.
2688 4641 2749 4693 Οί
2780 4640 3023 4711 πατέρες
3063 4640 3221 4710 ὑμῶν
3250 4640 3451 4709 ἔφαγον
3478 4640 3539 4693 τὸ
3568 4641 3745 4710 μάννα

2158 4735 2217 4788 ἐν
2243 4736 2314 4806 τῇ
2342 4735 2535 4805 ἐρήμῳ
2562 4733 2657 4786 καὶ
2681 4732 2952 4786 ἀπέθανον
2973 4749 2986 4761 ·
3032 4725 3187 4796 οὗτός
3216 4734 3363 4787 ἐστιν
3389 4733 3417 4785 0
3446 4730 3611 4804 ἄρτος
3630 4734 3659 4785 0
3682 4733 3747 4785 ἐκ

2158 4825 2253 4880 τοῦ
2282 4826 2514 4896 ούρανοῦ
2536 4825 2899 4890 καταϐαίνων,
2926 4826 3016 4878 ἴνα
3056 4842 3143 4889 τις
3170 4825 3229 4891 ἐξ
3258 4824 3423 4879 αὐτοῦ
3455 4825 3629 4898 φάγῃ,
3652 4825 3745 4876 καὶ

2162 4918 2238 4988 μὴ
2286 4917 2559 4991 ἀποθάνῃ.
2614 4917 2757 4985 Ἐγώ
2796 4919 2914 4989 είμι
2952 4919 2982 4971 0
3037 4918 3202 4990 ἄρτος
3245 4919 3274 4971 0
3324 4917 3433 4982 ζῶν
3467 4919 3496 4970 ὁ
3532 4918 3599 4970 ἐκ
3646 4914 3744 4969 τοῦ

2158 5010 2388 5081 ούρανοῦ
2443 5010 2709 5074 καταϐάς.
2782 5010 2912 5066 Ἐάν
2958 5028 3042 5074 τις
3083 5012 3150 5064 ἐκ
3200 5011 3390 5065 τούτου
3434 5011 3527 5063 τοῦ
3577 5010 3745 5079 ἄρτου

2161 5100 2332 5173 φάγῃ,
2374 5099 2601 5170 ζήσεται
2634 5103 2712 5165 είς
2733 5101 2823 5154 τὸν
2853 5100 3027 5154 αίῶνα
3050 5118 3061 5129 ·
3088 5101 3183 5155 καὶ
3211 5104 3238 5155 0
3264 5104 3429 5172 ἄρτος
3457 5103 3515 5156 δὲ
3544 5102 3602 5155 ὃν
3633 5103 3747 5169 ἐγὼ

2160 5191 2337 5256 δώσω,
2388 5193 2422 5261 ἡ
2472 5192 2607 5260 σάρξ
2653 5192 2753 5262 μού
2807 5194 3023 5263 ἐστινὴ
3073 5193 3212 5265 ὑπὲρ
3258 5194 3354 5263 τῆς
3391 5195 3487 5247 τοῦ
3537 5195 3744 5264 κόσμου

2169 5282 2334 5353 ζωῆς.
2361 5304 2379 5335 ι
2436 5286 2653 5356 Ἐπειδὴ
2700 5287 2808 5355 γὰρ
2837 5285 2974 5351 οίεέξ
3008 5286 3236 5356 αἵματος
3287 5287 3502 5358 Ἰσραὴλ
3542 5289 3746 5343 Μωσέα

2166 5375 2547 5446 κατεθήπεσαν
2589 5379 2679 5430 ἐπὶ
2707 5381 2774 5448 τῇ
2804 5376 2898 5430 τοῦ
2935 5378 3110 5446 μάννα
3143 5378 3397 5449 χορηγίᾳ,
3420 5376 3745 5448 καθιεμένου

2172 5466 2270 5536 μὲν
2308 5470 2420 5530 τοῖς
2446 5468 2703 5537 τηνικάδε
2758 5466 2900 5519 κατὰ
2946 5466 3044 5536 τὴν
3091 5466 3321 5538 ἔρημον*
3359 5466 3744 5537 ἀποπληροῦν-

2167 5572 2258 5618 τες
2296 5553 2922 5629 [ῖσ.άποπληροῦντος]
2982 5555 3039 5608 δὲ
3099 5554 3269 5609 τύπον
3320 5554 3418 5625 τῆς
3474 5553 3742 5625 μυστικῆς

561 5715 608 5748 ⁹³
635 5716 655 5772 ι
683 5718 805 5774 Cor.
843 5736 915 5787 rt,
945 5721 1130 5779 θεὲ-26.
1208 5729 1253 5764 9"
1284 5725 1445 5783 ilcbr.
1492 5727 1653 5795 x,9.8,
1678 5727 1763 5783 ‘29.
1844 5729 1886 5761 ’⁵
1921 5728 2053 5785 Joan

2170 5786 2177 5795 ,
2223 5730 2411 5786 ιίῗ-ΞΞΞ..
