4104 6336
396 369 502 428 137

1362 391 1371 398 ·
1455 366 1827 424 ADVERSUS
1861 364 2261 423 NESTORIUM
2305 365 2431 422 LIB.
2471 364 2559 422 IV.

3551 361 3658 421 198

392 486 648 555 εὐλογίας
672 500 689 517 ο
745 484 876 539 σκιὰ
931 483 1042 558 γὰρ
1082 487 1113 540 6
1165 485 1371 558 νόμος-
1425 490 1686 562 ταύτῃτοι
1726 492 1825 545 καὶ
1867 490 1977 544 λίαι

2092 490 2332 561 mystica?
2362 486 2789 545 benedictionis:
2846 486 3035 539 umbra
3087 500 3319 555 namque
3382 490 3501 539 erat
3538 486 3661 553 lex;

394 576 666 647 εὐτέχνως
703 576 733 629 6
764 575 972 648 Κύριος
998 578 1157 650 ήμῶν
1203 579 1411 650 Ἰησοῦς
1442 582 1680 653 Χριστὸς
1708 598 1982 652 κατασμι-

394 667 582 740 κρύνει
622 668 713 721 τὸν
744 667 936 733 τύπον,
980 670 1299 739 μετασοὸῶν
1336 673 1418 735 είς
1451 672 1732 743 ἀλήθειαν.
1766 672 1843 726 Οὐ
1873 674 1984 745 γάρ

394 760 476 813 τοί
502 776 669 830 φησιν
708 758 920 823 ἐκεῖνος
952 756 1093 813 εἶναι
1124 759 1246 832 [ῑσ.
1277 756 1379 833 ἦν]
1413 763 1442 815 6
1468 764 1570 833 τῆς
1611 762 1759 833 ζωῆς
1796 762 1981 833 ἄρτος,

392 852 511 906 ἀλλ’
554 852 669 920 ἐγὼ
718 852 920 922 μᾶλλον
968 854 998 905 6
1041 852 1101 918 ἐξ
1151 854 1403 925 οὐρανοῦ,
1446 855 1539 909 καὶ
1592 853 1873 918 ζωοποιῶν
1915 854 1984 908 τὰ

394 947 599 1009 πάντα,
640 945 736 998 καὶ
788 947 902 1009 τοῖς
932 945 1205 999 ἐσθίουσιν
1245 946 1487 1017 ἐμαυτὸν
1525 947 1710 1013 ἐνιεὶς,
1752 947 1848 1001 καὶ⁸
1893 948 1985 1001 διὰ

388 1039 495 1109 τῆς
541 1036 839 1107 ἐνωθείσης
881 1036 1007 1107 ἐμοὶ
1046 1037 1280 1109 σαρκόςο
1331 1038 1360 1091 ὃ
1400 1037 1464 1110 δὴ
1506 1039 1601 1092 κα)⁵
1646 1040 1983 1110 σαφέστερον

394 1128 569 1181 ἐποίει
609 1129 816 1197 λέγων·
876 1146 895 1180 ι
931 1128 1103 1199 Ἀμὴν
1149 1129 1295 1198 λέγω
1340 1130 1492 1201 ὑμῖν,
1539 1131 1634 1185 ἐὰν
1664 1130 1739 1202 μὴ
1769 1130 1982 1199 φάγητε

393 1219 495 1287 τὴν
533 1219 710 1291 σάρκα
733 1220 827 1273 τοῦ
864 1218 993 1272 Υίοῦ
1027 1219 1122 1273 τοῦ
1148 1220 1462 1293 ἀνθρώπου,
1498 1223 1593 1276 καὶ
1625 1223 1784 1294 πίητε
1814 1221 1981 1276 αὑτοῦ

392 1310 457 1362 τὺ
486 1305 646 1380 αἷμα,
673 1311 775 1364 οὐκ
808 1310 961 1381 ἔχετε
992 1310 1139 1383 ζωὴν
1176 1314 1234 1365 ἐν
1273 1314 1484 1377 ἑαυτοῖς
1508 1331 1523 1346 ο
1568 1316 1597 1368 ὁ
1622 1313 1851 1386 τρώγων
1878 1332 1980 1385 μου

392 1399 493 1471 τὴν
519 1401 719 1471 σάρκα,
740 1402 835 1453 καὶ
851 1401 1022 1455 πίνων
1043 1419 1147 1473 μου
1169 1403 1231 1456 τὸ
1253 1397 1411 1473 αἷμα,
1437 1403 1549 1473 ἔχει
1570 1402 1716 1473 ζωὴν
1741 1404 1978 1469 αίώνιον,

392 1488 551 1556 κάγὼ
578 1492 868 1561 ἀναστήσω
908 1493 1073 1547 αὑτὸν
1114 1494 1172 1547 ἐν
1210 1496 1276 1565 τῇ
1307 1494 1513 1569 ἐσχάτῃ
1541 1495 1744 1567 ἡμέρᾳ.
1780 1496 1846 1549 Ἦ
1875 1497 1981 1568 γάρ

389 1580 532 1651 σάρξ
582 1598 686 1651 μου
736 1582 946 1654 ἀληθής
989 1585 1108 1637 ἐστι
1152 1583 1388 1654 βρῶσιςο
1438 1587 1533 1640 καὶ
1572 1586 1634 1639 τὸ
1672 1582 1815 1658 αἷμά
1855 1605 1978 1658 μου,

390 1672 601 1744 ἀληθής
639 1674 756 1727 ἐστι
786 1675 965 1740 πόσις.
1009 1676 1067 1729 ’0
1100 1676 1332 1747 τρώγων
1366 1695 1469 1749 μου
1503 1679 1603 1751 τὴν
1643 1680 1853 1751 σάρκα,
1886 1680 1982 1735 καὶ¹

390 1764 563 1817 πίνων
598 1782 699 1836 μου
725 1765 787 1819 τὸ
816 1760 977 1837 αἷμα,
1021 1766 1082 1821 ἐν
1123 1769 1247 1838 ἐμοὶ
1298 1769 1470 1839 μένει,
1512 1769 1667 1839 κάγὼ
1702 1772 1760 1824 ἐν
1804 1770 1975 1842 αὐτῷ.

2088 580 2209 634 ideo
2233 580 2529 649 prudenter
2583 577 2873 632 admodum
2930 574 3190 629 Dominus
3258 583 3445 629 noster
3504 573 3665 630 Jesns

2085 668 2333 726 Christus
2356 679 2541 742 typum
2564 676 2906 733 extenuat,nt
2930 667 2996 721 ad
3020 668 3305 721 veritatem
3338 668 3663 721 transferat.

2085 761 2272 831 Neque
2299 761 2466 827 enim,
2494 761 2689 830 inquit,
2722 759 2811 813 ille
2835 757 2935 813 fuit
2988 761 3145 828 panis
3205 759 3350 823 vitae,
3408 760 3501 812 sed
3564 774 3667 825 ego

2086 853 2264 922 potius
2293 854 2383 919 qui
2417 851 2482 907 de
2506 851 2645 907 ctelo
2674 866 2817 914 sum,
2844 860 2899 905 et
2932 850 3114 904 omnia
3150 850 3383 914 vivitlco.
3416 860 3471 904 et
3502 866 3587 904 me
3611 851 3663 903 iu

2087 946 2475 1001 manducantcs
2495 945 2658 999 etiam
2692 958 2789 1013 per
2818 943 3023 997 unitam
3045 942 3177 997 mihi
3199 956 3419 996 carnem
3450 942 3663 997 insero:

2085 1038 2232 1106 quod
2271 1037 2434 1091 etiam
2465 1036 2667 1090 clarius
2706 1034 2959 1101 reddidit,
2992 1034 3179 1087 dicens
3218 1050 3232 1086 :
3276 1050 3294 1082 ι
3327 1032 3500 1085 Amen
3538 1032 3664 1085 dico

2085 1129 2263 1196 vobis,
2299 1128 2399 1183 nisi
2422 1126 2874 1181 manducaveritis
2903 1140 3121 1179 carnem
3178 1122 3298 1177 Filii
3329 1123 3586 1186 hominis,
3610 1132 3668 1177 et

2085 1219 2334 1273 biberitis
2375 1218 2492 1287 ejus
2544 1218 2883 1287 sanguinem,
2917 1231 3022 1269 non
3082 1213 3351 1268 habebitis
3396 1214 3563 1267 vitam
3608 1215 3664 1267 in

2086 1312 2259 1366 vobis.
2281 1310 2380 1377 Qui
2409 1310 2693 1364 manducat
2715 1323 2888 1362 meam
2919 1322 3162 1373 carnem,
3204 1315 3263 1361 et
3306 1306 3441 1361 bibit
3485 1319 3663 1358 meum

2083 1402 2421 1473 sanguinem,
2453 1401 2615 1455 habet
2643 1401 2808 1455 vitam
2857 1411 3140 1462 aeternam,
3172 1408 3227 1453 et
3285 1414 3386 1470 ego
3431 1397 3666 1453 resusci-

2087 1495 2212 1550 tabo
2233 1510 2353 1549 eum
2384 1495 2438 1548 in
2469 1494 2761 1549 novissimo
2782 1493 2890 1547 die.
2928 1491 3061 1546 Nam
3090 1507 3219 1547 caro
3254 1507 3373 1546 mea
3395 1506 3519 1545 vere
3578 1499 3665 1545 est

2083 1589 2259 1654 cibus,
2285 1598 2339 1643 et
2364 1588 2587 1656 sanguis
2618 1601 2770 1641 meus
2791 1600 2918 1640 vere
2946 1594 3033 1640 est
3059 1598 3236 1655 peius.
3279 1585 3381 1652 Qui
3434 1585 3662 1639 mandu-

2083 1691 2171 1737 cat
2200 1696 2373 1735 meam
2399 1694 2641 1745 carnem,
2674 1688 2724 1733 et
2747 1678 2883 1732 bibit
2913 1692 3089 1731 meum
3120 1677 3461 1744 sanguinem,
3494 1675 3547 1728 in
3578 1688 3666 1729 me

2083 1781 2290 1839 manet,
2318 1781 2371 1826 et
2404 1786 2503 1841 ego
2526 1772 2579 1825 in
2605 1786 2691 1824 eo.
2731 1769 2885 1824 Sicut
2912 1769 3060 1823 misit
3086 1784 3169 1823 me
3193 1770 3378 1822 vivens
3412 1767 3591 1832 Pater,
3610 1775 3665 1820 et

390 1855 590 1919 Καθὼς
626 1857 914 1912 ἀπέστειλέ
944 1876 1010 1929 με
1042 1861 1071 1913 6
1096 1858 1205 1924 ζῶν
1231 1860 1440 1934 Πατὴρ,
1468 1860 1626 1930 κάγὼ
1658 1861 1735 1927 ζῶ
1759 1863 1847 1917 διὰ
1885 1864 1975 1916 τὸν

2079 1877 2178 1932 ego
2203 1862 2325 1916 vivo
2356 1869 2578 1930 propter
2603 1860 2849 1927 Patrem;
2887 1869 2943 1914 et
2990 1860 3080 1928 qui
3115 1861 3405 1913 manducet
3452 1874 3560 1921 me,
3609 1866 3665 1911 et

391 1947 632 2019 Πατέρα,
661 1950 756 2003 καὶ
782 1950 811 2002 6
828 1949 1059 2021 τρώγων
1080 1968 1170 2022 με,
1200 1952 1452 2017 κάκεῖνος
1475 1952 1753 2024 ζήσεται.»
1791 1952 1981 2024 ’Δθρει

389 2038 454 2110 δὴ
501 2034 595 2092 οὖν
637 2040 787 2104 ὅπως
819 2042 877 2093 ἐν
910 2044 1043 2112 ἡμῖν
1086 2043 1260 2113 μένει,
1295 2044 1389 2097 καὶ
1436 2042 1645 2115 φθορᾶς
1687 2044 1982 2113 ἀποφαίνει

388 2130 727 2201 κρείττονας,
756 2133 869 2196 τοῖς
893 2134 1184 2205 ἡμετέροις
1206 2133 1453 2205 σώμασιν
1469 2134 1741 2204 ἐγκαθιεὶς
1764 2136 1978 2201 ἐαυτὸν,

387 2221 465 2285 ὡς
495 2222 653 2294 ἔφην,
701 2223 797 2277 καὶ
844 2224 932 2278 διὰ
973 2225 1073 2295 τῆς
1116 2225 1250 2291 ίδίας
1287 2227 1511 2298 σαρκὸς,
1560 2229 1595 2298 ἢ
1641 2228 1734 2280 καὶ
1775 2227 1982 2299 ἀληθής

387 2315 506 2367 ἐστι
537 2314 763 2384 βρῶσις,
796 2315 895 2386 τῆς
923 2316 981 2367 ἐν
1016 2317 1169 2387 νόμῳ
1201 2319 1380 2383 σκιᾶς,
1423 2320 1521 2371 καὶ
1540 2319 1640 2387 τῆς
1666 2320 1785 2372 κατ⁹
1809 2319 1983 2391 αὐτὴν

386 2405 646 2475 λατρείας
674 2407 775 2460 οὐκ
807 2408 1039 2478 ἐχούσης
1075 2409 1174 2481 τὴν
1205 2410 1488 2479 ἀλήθειαν.
1533 2411 1644 2465 Καὶ
1690 2413 1719 2465 6
1760 2412 1858 2482 μὲν
1882 2410 1981 2465 τοῦ

389 2498 692 2569 μυστηρίου
718 2499 896 2568 λόγος,
926 2501 1132 2565 ἁπλοῦς
1168 2519 1230 2555 τε
1254 2502 1352 2555 καὶ
1380 2502 1611 2574 ἀληθὴς,
1636 2504 1699 2557 οὐ
1720 2504 1985 2568 ποικίλοις

385 2589 605 2642 ἐννοιῶν
643 2591 950 2662 εὑρήμασιν
978 2594 1059 2656 εἰς
1096 2594 1422 2665 ἀνοσιότητα
1468 2597 1980 2668 περιειργασμένος,

386 2681 598 2747 ἁπλοῦς
626 2683 703 2747 δὲ,
732 2684 807 2747 ὡς
842 2684 998 2756 ἔφην.
1039 2686 1378 2758 Πιστεύομεν
1395 2687 1504 2760 γὰρ
1529 2689 1605 2753 ώς
1632 2689 1710 2761 τῷ
1738 2689 1983 2761 τεχθέντι

386 2773 478 2827 διὰ
504 2774 601 2843 τῆς
628 2774 791 2843 ἁγίας
821 2775 1105 2847 Παρθένου
1152 2776 1389 2850 σώματι,
1426 2780 1607 2852 ψυχὴν
1632 2780 1809 2852 ἔχοντι
1841 2785 1987 2852 λογι-

385 2864 513 2937 κὴν.
546 2866 752 2933 ἐνώσας
791 2869 982 2923 ἐαυτὸν
1009 2870 1037 2923 6
1068 2870 1134 2924 ἐκ
1155 2870 1292 2924 Θεοῦ
1326 2872 1540 2943 Πατρὸς
1562 2873 1736 2942 Λόγος
1755 2892 1770 2905 ·
1803 2875 1984 2949 ἀπόρ-

388 2963 554 3031 ῥητος
591 2960 650 3014 δέ
680 2977 808 3027 που,
857 2962 952 3015 καὶ
989 2963 1228 3035 μυστικὴ
1274 2963 1494 3028 πάντως
1526 2967 1561 3036 ή
1599 2965 1794 3030 ἐνωσις
1846 2969 1984 3032 ζωοο

386 3049 546 3102 ποιὸν
571 3049 853 3121 ἀπέφηνεν
884 3051 1036 3118 αὐτὸ,
1070 3052 1184 3124 ζωὴ
1219 3052 1363 3107 κατὰ
1395 3054 1559 3123 φύσιν
1606 3055 1870 3127 ὑπάρχων
1907 3058 1985 3124 ὡς

2081 1953 2199 2022 ipse
2228 1954 2372 2008 vivet
2401 1954 2468 2007 ’⁸.
2508 1972 2527 2006 ι
2565 1951 2881 2023 Videigitur
2906 1950 3359 2021 quemadmodum
3418 1950 3471 2004 in
3508 1950 3665 2003 nobis

2082 2054 2264 2100 manet
2298 2054 2353 2099 et
2373 2045 2735 2114 corruptionis
2766 2045 2997 2109 victores
3018 2042 3203 2106 ellicit,
3238 2043 3363 2097 dum
3390 2057 3449 2097 se
3482 2042 3535 2096 in
3567 2058 3665 2096 no-

2081 2139 2196 2184 stra
2216 2130 2724 2200 demittitcorpora,
2754 2141 2815 2187 ut
2848 2131 2980 2196 dixi,
3008 2132 3170 2186 etiam
3197 2144 3293 2199 per
3339 2145 3492 2185 suam
3537 2146 3663 2184 car-

2081 2238 2227 2289 nem,
2254 2238 2373 2293 qum
2398 2238 2560 2278 verus
2579 2234 2663 2278 est
2694 2225 2874 2289 cibus,
2899 2238 3023 2279 cum
3049 2222 3135 2277 illa
3162 2222 3348 2291 legalis
3380 2222 3590 2286 umbra,
3607 2233 3663 2276 et

2081 2316 2261 2373 cultus
2291 2319 2576 2387 peripsam
2606 2318 2910 2381 institutus,
2948 2333 3054 2372 non
3107 2316 3306 2371 habeat
3349 2316 3659 2369 veritatem.

2081 2410 2147 2464 Et
2178 2410 2420 2481 mysterii
2453 2411 2667 2478 quidem
2691 2411 2827 2464 ratio
2862 2409 3090 2481 simplex
3118 2418 3201 2464 est
3248 2424 3313 2463 ac
3370 2422 3524 2472 vera,
3553 2423 3658 2462 non

2080 2500 2249 2556 variis
2271 2502 2659 2571 cogitationum
2674 2501 2997 2557 commentis
3014 2501 3079 2555 ad
3112 2501 3445 2572 impietatem
3463 2501 3625 2571 exqui
3641 2530 3660 2541 -

2080 2593 2185 2649 site
2207 2593 2659 2662 composita,sed,
2691 2602 2748 2647 ιιι
2776 2592 3175 2663 dixi,sitnplex.
3200 2592 3486 2647 Credimus
3507 2607 3660 2645 nam-

2081 2699 2189 2753 que
2218 2683 2345 2739 illud
2375 2698 2442 2738 ex
2480 2684 2589 2737 Deo
2621 2684 2781 2739 Patre
2807 2682 3203 2748 Verbum,cum
3236 2697 3295 2739 se
3323 2683 3536 2753 corpori
3563 2698 3662 2753 per

2080 2784 2326 2831 sanctam
2353 2774 2631 2845 Virginem
2660 2775 2825 2843 edito,
2845 2775 3177 2845 habentique
3193 2774 3510 2833 rationalem
3540 2775 3625 2828 ani
3646 2803 3660 2814 -

2082 2882 2231 2923 mam
2262 2867 2512 2933 uniisset,
2543 2882 2663 2935 qua:
2685 2866 2813 2922 unio
2849 2865 3136 2923 ineﬂabills
3184 2882 3405 2937 prorsus
3446 2881 3507 2922 ac
3545 2881 3661 2937 my-

2081 2960 2217 3015 stica
2232 2958 2357 3025 fuit,
2386 2958 2560 3029 ipsum
2592 2974 2787 3027 corpus
2811 2956 3112 3013 reddidisse
3140 2957 3437 3023 viviticum,
3462 2958 3662 3027 quippe

2082 3065 2205 3107 cum
2233 3052 2496 3116 Verbum,
2518 3060 2704 3122 utpote
2728 3049 2893 3115 Deus,
2936 3050 3044 3106 vita
3065 3051 3136 3106 sit
3156 3052 3455 3105 secundum
3486 3062 3657 3105 natu-

386 3138 543 3203 Θεὸς,
571 3139 660 3193 ἴνα
689 3141 840 3210 ἡμᾶς
870 3142 1064 3195 ἐαυτοῦ
1094 3142 1357 3214 μετόχους
1386 3145 1690 3212 ἀποτελῶν,
1737 3166 1977 3221 πνευμα-

2085 3158 2226 3208 ram,
2249 3153 2308 3198 ut
2341 3159 2444 3198 nos
2475 3159 2580 3198 non
2609 3141 2836 3212 spiritali
2861 3150 3096 3205 tantum,
3128 3156 3313 3197 verum
3347 3141 3509 3196 etiam
3536 3155 3656 3196 cor-

386 3229 559 3292 τικῶς
600 3247 660 3283 τε
683 3230 809 3301 ἅμα
839 3233 935 3286 καὶ
967 3235 1316 3304 σωματικῶς,
1359 3236 1454 3290 καὶ
1485 3237 1694 3310 φθορᾶς
1723 3241 1977 3315 ἀποφήνῃ

389 3322 725 3391 κρείττονας,
763 3323 858 3377 καὶ
884 3324 985 3393 τῆς
1018 3324 1293 3395 ἁμαρτίας
1326 3326 1419 3379 τὸν
1462 3329 1626 3400 νόμον
1656 3332 1748 3385 τὸν
1780 3334 1839 3386 ἐν
1866 3338 1979 3398 τοῖς

389 3412 581 3482 μέλεσι
605 3413 705 3483 τῆς
742 3416 945 3485 σαρκὸς
968 3418 1293 3488 καταργήσῃ
1334 3418 1404 3471 δι’
1439 3421 1657 3485 ἐαυτοῦ,
1689 3426 1978 3496 κατέκρινε

386 3504 489 3572 τὴν
519 3504 795 3576 ἁμαρτίαν
836 3508 896 3559 ἐν
944 3507 1127 3577 σαρκὶ,
1183 3508 1327 3562 καθά
1354 3510 1682 3581 γέγραπται.
1738 3516 1978 3571 Ἀνδάνει

387 3596 469 3662 δέ,
499 3592 675 3667 οἶμαι,
702 3600 862 3653 ταυτὶ¹
892 3601 1012 3653 κατ’
1034 3600 1225 3653 οὐδένα
1252 3601 1455 3670 τρόπον
1476 3603 1553 3673 τῷ
1570 3606 1677 3659 τῶν
1694 3608 1831 3661 νέων
1848 3609 1977 3678 ἡμῖν

387 3685 719 3757 εὑρημάτων
744 3688 1103 3761 δογματιστῇ,
1122 3690 1180 3753 ὃς
1202 3685 1291 3744 οἷά
1310 3708 1396 3754 τις
1418 3692 1619 3763 μόσχος
1640 3695 1978 3765 ἀτιμαγέλας

387 3780 483 3831 ἐπὶ
515 3780 673 3849 μόνον
704 3782 842 3835 ἵεται
871 3783 931 3836 τὸ
960 3782 1103 3837 κατὰ
1147 3782 1377 3853 γνώμην
1410 3784 1580 3855 αὐτῷ,
1632 3788 1725 3841 κα)⁵
1746 3790 1846 3861 τὴν
1880 3790 1976 3844 τοῦ

389 3872 700 3942 μυστηρίου
721 3873 954 3945 δύναμιν
980 3876 1438 3948 κατασμικρύνει,
1478 3876 1652 3947 λέγων
1677 3897 1693 3912 ·

460 4050 754 4119 ΓΔκουσον
802 4054 897 4107 καὶ¹
934 4054 1016 4118 τὸ,
1046 4054 1272 4126 Κύριος,
1307 4056 1441 4109 ποτέ
1477 4056 1599 4127 μὲν,
1631 4059 1726 4112 ἐπὶ⁵
1751 4060 1852 4131 τῆς
1877 4062 1973 4116 ἀν-

386 4144 740 4215 θρωπότητος
772 4145 866 4197 τοῦ
893 4146 1135 4216 Χριστοῦ
1153 4159 1169 4175 ⁸
1202 4149 1333 4202 ποτέ
1358 4149 1439 4216 δὲ,
1473 4150 1568 4203 ἐπὶ
1590 4150 1690 4221 τῆς
1720 4150 1974 4223 θεότητος

385 4235 559 4288 αὑτοῦ
581 4252 596 4265 ·
635 4237 767 4289 ποτέ
796 4236 873 4300 δὲ,
899 4237 987 4289 ἐπ’
1020 4238 1351 4310 ἀμφοτέρων
1384 4240 1656 4311 κείμενονο
1697 4263 1715 4294 ι
1751 4244 1973 4309 Ὁσάκις

386 4327 455 4381 ἂν
485 4327 704 4397 ἐσθίητε
734 4328 826 4380 τὸν
857 4329 1021 4399 ἄρτον
1046 4330 1267 4396 τοῦτον,
1293 4334 1389 4386 καὶ
1417 4333 1480 4387 τὺ
1525 4335 1787 4406 ποτήριον
1813 4338 1973 4392 τοῦτο

386 4420 605 4491 πίνητε,
655 4420 747 4475 τὸν
794 4420 1023 4476 θάνατον
1075 4423 1170 4477 τοῦ
1221 4424 1428 4496 Κυρίου
1482 4429 1905 4496 καταγγέλλετε.
1946 4450 1966 4484 ι

2083 3234 2254 3302 porali
2285 3235 2447 3288 modo
2477 3234 2559 3287 sui
2581 3234 2872 3303 participes
2888 3231 3132 3293 effectos,
3154 3231 3501 3300 corruptione
3526 3245 3663 3301 prte-

2081 3324 2374 3378 stantiores
2462 3325 2735 3386 redderet,
2808 3331 2863 3376 et
2936 3330 3196 3375 evacnata
3254 3336 3348 3390 per
3423 3322 3661 3389 seipsum

2082 3416 2286 3483 peccati
2319 3415 2432 3483 lege
2451 3416 2502 3468 in
2524 3414 2781 3468 membris
2811 3413 2993 3467 carnis
3013 3414 3208 3482 posita,
3231 3416 3511 3466 danutaret
3535 3428 3659 3481 pec-

2060 3517 2260 3560 catum
2293 3506 2344 3559 in
2371 3520 2557 3567 carne,
2590 3506 2731 3560 sicut
2760 3506 3024 3574 scriptum
3055 3514 3139 3559 est
3163 3504 3232 3559 ’⁷.
3252 3504 3357 3559 Sed
3390 3504 3520 3566 hac,
3554 3504 3661 3558 nisi

2080 3596 2257 3661 fallor,
2296 3606 2485 3650 nostro
2542 3610 2803 3650 novorum
2836 3606 3267 3651 commentorqu
3323 3596 3661 3665 dogmatistzn

2081 3687 2226 3741 tmllo
2246 3688 2405 3742 modo
2432 3686 2765 3757 placent,qui
2798 3696 3054 3759 tanquam
3086 3687 3288 3742 vitulus
3316 3695 3661 3756 contemptor

2078 3780 2429 3850 desertorque
2484 3780 2687 3851 gregis,
2762 3781 2816 3836 in
2866 3781 2922 3835 id
2994 3780 3171 3835 solum
3254 3780 3431 3848 pergit
3514 3780 3659 3849 quod

2078 3870 2180 3924 sibi
2239 3870 2439 3941 placet,
2486 3882 2542 3926 et
2580 3870 2742 3940 hujus
2788 3870 3030 3942 mysterii
3089 3870 3197 3925 vim
3249 3870 3541 3936 imminuit,
3571 3870 3658 3925 di-

2078 3976 2209 4016 COIIS
2240 3980 2255 4016 Ξ

2151 4050 2421 4123 [Νεετοιι.
2458 4051 2597 4108 Audi
2625 4053 2786 4107 etiam
2816 4053 2917 4107 hoc
2969 4067 3189 4116 nomen,
3252 4050 3497 4115 Domine,
3552 4053 3657 4106 ali~

2076 4146 2297 4214 quando
2326 4144 2395 4198 de
2425 4145 2760 4200 humanitate
2789 4144 3015 4211 Christi,
3048 4145 3342 4215 aliquando
3371 4144 3438 4200 de
3460 4146 3658 4200 divini-

2076 4251 2187 4295 tate
2203 4240 2341 4308 ejus,
2372 4242 2663 4312 aliquando
2694 4242 2761 4296 de
2791 4252 3027 4310 utroque
3055 4240 3316 4310 positum.
3356 4259 3374 4292 ι
3403 4240 3658 4309 Quoties-

2075 4348 2293 4404 cunque
2348 4333 2745 4389 manducabitis
2768 4347 2961 4401 panem
2988 4332 3152 4393 hunc.
3209 4341 3265 4387 et
3318 4331 3545 4387 calicem
3577 4334 3659 4388 hic

2079 4427 2236 4491 betis,
2265 4437 2492 4481 mortem
2527 4424 2736 4479 Domini
2773 4422 3165 4477 annuntiabitis
3180 4422 3247 4477 ”.
3286 4441 3304 4474 ι
3333 4422 3494 4495 ιιι
3519 4424 3653 4479 Audi

390 4512 660 4565 Ἄκουσον
702 4515 767 4566 ἐκ
812 4512 920 4566 τῶν
971 4517 1404 4587 προηγουμένων
1444 4518 1543 4589 τὴν
1587 4520 1828 4589 ἀμαθίαν
1859 4522 1971 4577 τῶν

2079 4532 2142 4572 ex
2193 4516 2622 4585 przecedentibns
2674 4514 2999 4584 imperitiam
3054 4514 3453 4582 objicientium,
3511 4518 3654 4583 quod

383 4603 789 4671 ἀντιτιθέντων,
841 4603 916 4666 ώς
951 4604 1182 4676 ίσχυρὰν
1232 4606 1669 4675 ἀναγινώσκουσι
1718 4608 1812 4662 τοῦ
1867 4629 1971 4682 μυ-

2081 4606 2371 4661 tnaximam
2391 4622 2513 4661 esse
2544 4606 2901 4675 leganthujus
2934 4606 3179 4675 mysterii
3233 4605 3548 4670 utilitatem,
3599 4620 3655 4661 et

386 4692 623 4763 στηρίου-
665 4693 765 4765 τήν
818 4693 1108 4762 ὠφέλειαν,
1163 4696 1261 4749 καὶ
1303 4696 1448 4760 τίνος
1500 4700 1615 4761 τοῖς
1659 4700 1970 4772 ἀνθρώποις

2079 4698 2234 4768 cujus
2252 4700 2827 4753 commemorationem
2861 4698 3168 4752 hominibus
3225 4696 3455 4751 aﬂ'erat:
3491 4706 3655 4767 atque

384 4786 688 4855 παρέχεται
734 4787 834 4853 τὴν
876 4788 1219 4861 ἀνάμνησιν·
1276 4789 1371 4842 καὶ
1428 4791 1661 4846 ἄκουσον
1708 4794 1784 4865 μὴ
1835 4795 1969 4863 ἐμοῦ

2079 4791 2202 4843 audi
2234 4806 2339 4843 non
2369 4805 2455 4845 me
2488 4792 2601 4844 haec
2632 4790 2924 4853 dicentem,
2967 4791 3061 4843 sed
3108 4788 3326 4842 beatum
3382 4786 3605 4842 Paulum
3632 4806 3653 4846 :

379 4877 557 4931 ταῦτα
584 4878 854 4947 λέγοντος,
888 4880 1024 4935 ἀλλά
1055 4880 1153 4934 τοῦ
1190 4882 1469 4954 μακαρίου
1501 4884 1749 4938 Παύλου·
1778 4906 1796 4937 ι
1821 4887 1972 4941 Ὁσά-

2084 4898 2102 4931 ι
2139 4881 2576 4948 Quotiescunque
2608 4878 2999 4933 manducabitis
3025 4891 3216 4946 panem
3242 4877 3405 4930 hunc.
3462 4893 3481 4926 ι
3532 4875 3648 4933 Νυιι

381 4986 471 5031 κις
504 4969 717 5040 ἐσθίητε
756 4971 848 5023 τὸν
881 4973 1049 5042 ἄρτον
1072 4972 1284 5027 τοῦτον.
1320 4992 1340 5025 ι
1381 4975 1496 5027 Οὐκ
1528 4970 1701 5041 εἶπεν,
1735 4977 1967 5044 Ὀσάκις

2079 4973 2214 5025 dixit
2252 4969 2928 5038 :Quotiesmamlucabitis
2943 4968 3275 5023 divinitatem
3306 4967 3476 5031 hanc;
3511 4984 3649 5037 quu-

380 5061 448 5114 ἂν
481 5061 697 5132 ἐσθίητε
728 5062 825 5133 τὴν
870 5064 1100 5135 θεότητα
1130 5064 1369 5136 ταύτην*
1401 5067 1592 5129 ὁσάκις
1635 5068 1701 5121 ἂν
1749 5068 1966 5140 ἐσθίητε

378 5152 473 5203 τὸν
508 5153 667 5223 ἄρτον
696 5153 906 5207 τοῦτον.
931 5155 1108 5208 Βλέπε
1136 5156 1266 5226 περὶ
1297 5157 1391 5210 τοῦ
1431 5158 1679 5229 σώματος
1700 5160 1849 5230 αὐτῷ
1872 5161 1965 5214 τοῦ

378 5246 700 5300 δεσποτικοῦ
747 5248 809 5299 τὸ
855 5248 1241 5319 προκείμενον.
1294 5267 1315 5301 ι
1363 5251 1587 5314 Ὀσάκις
1637 5252 1705 5305 ἂν
1747 5254 1964 5324 ἐσθίητε

376 5338 471 5388 τὸν
516 5337 679 5406 ἄρτον
725 5336 947 5403 τοῦτον,
988 5357 1006 5388 ι
1048 5331 1109 5391 οῦ
1158 5342 1277 5392 ἐστι
1328 5340 1388 5392 τὸ
1436 5340 1599 5410 σῶμα
1645 5343 1959 5396 ἀντίτυπον.

381 5428 612 5497 Ἴδωμεν
640 5426 735 5481 οὖν
766 5430 909 5493 τίνος
938 5433 966 5483 ὁ
993 5430 1254 5491 θάνατος·
1292 5452 1309 5483 ι
1359 5432 1580 5498 Ὁσάκις
1632 5434 1699 5486 ἂν
1744 5434 1961 5505 ἐσθίητε

380 5518 467 5570 τὸν
496 5520 658 5589 ἄρτόν
688 5520 902 5582 τοῦτον,
934 5524 1032 5576 καὶ
1056 5524 1116 5575 τὸ
1146 5524 1405 5593 ποτήριον
1438 5522 1601 5576 τοῦτο
1627 5524 1842 5593 πίνητε,
1867 5524 1959 5577 τὸν

379 5610 610 5663 θάνατον
652 5612 748 5664 τοῦ
794 5613 1001 5683 Κυρίου
1053 5615 1477 5683 καταγγέλλετε.
1510 5634 1527 5665 ι
1566 5615 1831 5668 Ἄκουσον
1866 5616 1958 5668 καὶ

449 5791 495 5819 ’⁸
521 5790 676 5847 Juan.
712 5807 783 5853 ιι,
826 5790 1018 5847 Eii-58.
1097 5792 1139 5825 ⁹⁷
1168 5790 1321 5848 lion].
1359 5808 1473 5859 \‘lll,
1506 5794 1558 5849 5,

2076 5065 2175 5118 ties
2204 5064 2601 5118 maudueabitis
2625 5078 2815 5130 panem
2846 5063 3011 5117 hunc.
3036 5060 3168 5115 Vide
3189 5060 3256 5115 de
3294 5075 3522 5129 corpore
3546 5060 3655 5115 Do-

2073 5157 2274 5211 minico
2298 5157 2370 5210 illi
2402 5170 2522 5211 esse
2553 5157 2888 5227 propositum
2917 5172 2935 5209 :
2967 5170 2988 5205 ι
3024 5153 3471 5222 Quotiescunque
3492 5169 3649 5208 man-

2070 5250 2337 5304 ducabitis
2369 5264 2561 5318 panem
2618 5250 2783 5311 hunc,
2834 5265 2852 5297 ι
2893 5246 3047 5316 cujus
3092 5255 3174 5301 est
3226 5246 3400 5314 ipsum
3449 5259 3647 5313 corpus

2067 5344 2389 5413 antitypum.
2431 5342 2719 5397 Videamus
2749 5354 2879 5407 ergo
2908 5338 3069 5405 cujus
3118 5352 3345 5391 morszt
3390 5335 3645 5403 Quoties-

2067 5450 2280 5505 cunque
2298 5431 2699 5488 manducabitis
2728 5445 2921 5500 panem
2948 5431 3116 5491 hunc,
3145 5437 3199 5480 et
3224 5427 3449 5482 calicem
3503 5429 3646 5482 hunc

2067 5528 2286 5591 bibetis,
2310 5537 2535 5582 mortem
2569 5524 2777 5579 Domini
2814 5523 3224 5576 annuntiahitis.
3255 5539 3274 5572 ι
3310 5520 3447 5574 Audi
3472 5520 3528 5574 in
3551 5536 3643 5575 se-

2065 5621 2355 5688 quentibus
2391 5620 2661 5689 apertius:
2705 5635 2723 5667 t
2753 5616 2929 5672 Donec
2962 5617 3137 5671 veniat
3166 5615 3267 5669 θ’.»
3302 5612 3432 5680 Quis
3464 5623 3644 5669 autem

1639 5796 1684 5825 ’⁸
1718 5793 1735 5849 Ι
1768 5793 1893 5850 Cor.
1925 5810 2001 5863 XI,
2034 5794 2123 5851 εδ.
2202 5796 2245 5827 ⁸⁸
2270 5796 2399 5853 ibid.
