4104 6336
481 337 586 395 199

1486 331 1543 386 S.
1580 329 1859 388 CYltlLLl
1899 326 2369 385 ALEXANDRINI
2406 329 2728 387 ARCIHEP.

3639 342 3743 396 2οθ

483 447 1019 507 νθιιίιῖγιιιυὺιηιιιῖ
1027 449 1176 505 ilium
1204 448 1439 504 hominis
1492 450 1794 505 venientem
1864 450 1916 502 in
1961 462 2054 500 nu-

2167 448 2223 498 ἐν
2250 448 2363 511 τοῖς
2393 448 2593 519 ἐφεξῆς
2620 450 2994 523 φανερώτερον
3016 469 3058 504 ἰ
3096 454 3288 525 ’Ἄχρις
3305 447 3367 509 οὗ
3404 454 3557 526 ἔλθη.
3596 474 3615 508 ι
3645 458 3742 520 Τίς

483 546 637 600 bibus
667 543 789 598 εωιί
820 558 941 597 cum
975 542 1147 611 gloria
1179 540 1346 595 multa
1376 542 1432 595 ‘z
1469 549 1524 594 et
1552 540 1695 609 quod
1739 539 1914 608 majus
1954 547 2060 602 est,

482 644 607 691 ante
674 634 946 705 apostolos
1002 633 1266 704 propheta
1344 633 1683 686 manifestius
1753 630 2061 686 venientem

480 728 736 792 ostendit,
765 737 820 781 et
846 726 1066 789 clamat,
1100 728 1167 778 de
1193 723 1394 779 Judzeis
1456 723 1643 775 dicens
1674 736 1689 774 :
1722 738 1741 772 ι
1795 719 2063 775 Videbunt

484 822 725 888 inquom
764 824 1199 885 compunxerunt
1236 815 1277 867 ⁸.
1325 831 1343 863 ι
1405 812 1543 877 Quid
1587 810 1891 880 igiturillud
1918 824 2063 864 com-

482 918 736 978 punctum
764 906 885 961 est?
918 905 1113 969 Latus;
1148 903 1288 959 latus
1325 917 1451 957 vero
1512 900 1758 969 corporis
1816 907 1921 967 est,
1955 914 2060 953 nutt

481 998 776 1053 divinitatis
809 995 827 1067 ]

1159 1260 1311 1317 CAP.
1345 1260 1429 1317 Vl.

551 1409 758 1463 Rursus
788 1422 917 1476 ergo
952 1420 1051 1461 nos
1092 1413 1307 1474 oportet
1357 1402 1603 1457 veritatis
1651 1400 1921 1468 dogmatis
1967 1413 2062 1467 pa-

481 1502 692 1555 trueina
709 1500 851 1565 t-i,ct
869 1501 996 1564 tuis,
1032 1500 1115 1551 vir
1145 1497 1386 1567 egregie,
1420 1497 1600 1549 verbis
1652 1495 1937 1555 obsistere,
2005 1502 2060 1546 et

481 1607 606 1648 ante
634 1606 828 1648 caetera
849 1592 1105 1646 studiosis
1131 1590 1259 1644 illud
1288 1589 1523 1660 pra-fari,
1577 1588 1669 1641 tibi
1727 1587 2058 1655 propositum

479 1700 623 1749 esse,
652 1686 704 1737 iu
729 1684 892 1751 idque
924 1693 976 1736 te
1006 1682 1292 1735 admodum
1318 1680 1439 1745 ttiti,
1477 1689 1534 1733 ut
1561 1678 1697 1731 duos
1750 1692 1939 1732 rursus
1973 1691 2059 1731 as-

481 1792 631 1830 st-ras
646 1775 915 1835 Christus,
941 1773 1137 1841 quibus
1168 1772 1395 1827 seorsim
1421 1770 1708 1827 conveniat
1735 1768 2058 1823 dominatio.

483 1870 565 1921 nis
617 1867 929 1935 appellatio.
980 1864 1135 1931 Quod
1211 1871 1390 1919 autem
1442 1860 1849 1933 imperitissime
1910 1859 2055 1913 inid

481 1961 796 2024 contendas,
837 1973 942 2013 non
976 1958 1146 2012 multo
1168 1957 1359 2011 labore
1410 1971 1439 2010 a
1497 1955 1654 2010 nobis
1718 1954 2052 2008 ostendetur.

483 2052 614 2105 Nam
663 2052 913 2121 agedum,
943 2064 1177 2119 expone,
1226 2064 1429 2117 qttteso,
1493 2061 1783 2119 quemnam
1831 2045 2058 2101 definias

479 2146 779 2207 Christum,
812 2144 963 2212 cujus
983 2152 1037 2198 et
1094 2142 1485 2196 humanitatem
1555 2150 1611 2194 et
1648 2139 1905 2193 deitatem
1935 2151 2057 2191 esse

480 2238 615 2291 dicis
642 2254 655 2290 :
688 2235 957 2305 siquidem
997 2234 1126 2288 illttd
1149 2247 1213 2287 ex
1239 2233 1347 2287 Deo
1378 2231 1535 2286 Patre
1584 2229 1842 2297 Verbum,
1871 2238 2057 2300 aperte

482 2328 737 2383 fateberis
767 2327 1017 2381 eumdem
1039 2341 1162 2380 esse
1183 2327 1347 2379 etiam
1378 2325 1650 2379 hominem
1680 2322 1883 2393 :ipsius
1910 2322 2053 2376 enim

478 2436 598 2473 esse
628 2419 1017 2473 humanitatem
1045 2417 1230 2472 dixisti
1273 2432 1286 2469 :
1328 2417 1413 2470 sin
1439 2417 1587 2471 illum
1633 2429 1699 2471 ex
1738 2413 2059 2483 Virgine,ut

482 2514 595 2582 ipse
624 2511 848 2575 asseris,
875 2509 1127 2564 eumdem
1151 2508 1502 2563 nihilominus
1546 2521 1668 2561 esse
1690 2505 1853 2560 etiam
1889 2504 2055 2559 Deum

480 2603 860 2673 pronuntiasse
888 2601 1231 2656 convinceris
1260 2614 1280 2654 :
1314 2599 1480 2667 ipsius
1532 2598 1678 2650 enim
1712 2611 1837 2650 esse
1871 2596 2056 2649 dixisti

476 2694 641 2747 etiam
666 2692 946 2747 deitatem.
1004 2688 1254 2759 Undique
1314 2689 1480 2759 igitur
1529 2686 1839 2757 compulsus
1890 2686 2055 2741 etiam

480 2784 677 2838 invitus
738 2785 805 2838 ad
854 2783 1168 2847 veritatem,
1223 2795 1390 2834 unum
1451 2779 1733 2834 nobiscum
1796 2778 2057 2833 confitere

477 2873 750 2927 Christum
783 2880 839 2926 et
867 2873 1189 2937 Dominum;
1226 2870 1305 2926 sic
1323 2882 1557 2940 namque
1586 2867 1768 2924 dicere
1797 2868 2016 2925 desines
2040 2883 2053 2922 :

482 2983 502 3014 ι
525 2965 658 3018 Audi
684 2964 847 3017 etiam
868 2965 968 3017 hoc
994 2977 1212 3028 nomen,
1234 2963 1513 3029 Dominus,
1541 2962 1831 3031 aliquando
1859 2964 1926 3018 de
1956 2964 2055 3018 hu-

479 3058 739 3111 inanitate
766 3056 995 3120 Christi,
1054 3054 1347 3125 aliquando
1406 3056 1474 3109 de
1527 3055 1812 3109 divinitate
1865 3056 2056 3124 ipsius,

2164 536 2222 589 δὲ
2247 538 2277 589 ὁ
2307 538 2634 610 ἑρχόμενος;
2671 561 2691 592 ι
2723 541 2985 611 Ὄψονται
3018 544 3110 597 τὸν
3144 544 3271 597 Υίὸν
3304 544 3399 598 τοῦ
3451 546 3742 618 ἀνθρώπου

2165 630 2461 701 ἐρχόμενον
2492 634 2585 685 ἐπὶ
2613 634 2724 687 τῶν
2754 634 2998 703 νεφελῶν
3034 635 3131 689 τοῦ
3159 637 3393 708 οὐρανοῦ
3421 640 3561 709 μετά
3586 638 3742 710 δόξης

2166 721 2390 792 πολλῆς·
2406 724 2530 777 »καὶ
2554 724 2616 777 τὸ
2638 726 2704 795 δὴ
2730 725 2935 796 μεῖξον,
2954 727 3061 799 πρὸ
3087 728 3195 782 τῶν
3220 729 3532 783 ἀποστόλων
3555 731 3585 782 ό
3612 748 3744 802 προ-

2167 814 2346 884 φήτης
2373 816 2708 888 σαφέστερον
2746 819 2837 873 τὸν
2880 821 3175 891 ἐρχόμενον
3206 821 3467 886 δείκνυσι,
3518 824 3613 876 καὶ
3649 822 3742 876 κέο

2168 919 2342 972 κραγε
2387 905 2517 974 περὶ
2556 906 2826 961 Ἰουδαίων
2872 908 3045 977 βοῶν’
3079 931 3098 961 ι
3132 909 3393 979 Ὄψονται
3438 913 3517 974 είς
3548 911 3609 964 ὃν
3650 911 3740 977 ὲξ-

2167 995 2487 1067 εκέντησαν.
2525 1018 2544 1049 r
2580 999 2677 1063 Τίς
2720 995 2813 1052 οὖν
2844 1002 2993 1054 ἐστιν
3022 1003 3051 1054 ό
3077 1002 3357 1071 κεντηθείς
3377 1018 3392 1031 ·
3432 1006 3468 1074 ἡ
3500 1004 3737 1076 πλευρά*

2166 1087 2378 1161 πλευρά
2411 1088 2488 1157 δὲ,
2527 1089 2800 1159 σώματος,
2829 1092 2890 1144 οὺ
2923 1092 3179 1163 θεότητός
3205 1094 3346 1148 ἐστι.

2754 1272 3009 1327 auem.
3052 1276 3145 1341 ς’.
3172 1230 3182 1239 ’

2234 1406 2326 1457 Δεῖ
2348 1405 2415 1475 δὴ
2436 1404 2600 1483 πάλιν
2628 1407 2776 1477 ἡμᾶς
2802 1409 2916 1469 τοῖς
2942 1406 3044 1478 τῆς
3072 1407 3330 1479 ἀληθείας
3352 1410 3585 1480 δόγμασι
3617 1429 3741 1464 συν-

2163 1501 2359 1565 ειπεῖν,
2388 1500 2486 1552 καὶ
2511 1501 2626 1562 τοῖς
2651 1501 2786 1564 σοῖς,
2834 1494 2881 1553 ὦ
2907 1494 3080 1567 οὗτος,
3106 1501 3492 1573 ἀντιφέρεσθαι
3526 1504 3698 1573 λόγοις
3721 1521 3733 1533 ·

2164 1608 2261 1644 και
2298 1591 2408 1663 πρό
2455 1608 2520 1660 γε
2562 1591 2671 1646 τῶν
2717 1592 2895 1646 ἄλλων
2924 1593 3036 1657 τοῖς
3082 1594 3535 1667 φιλακροάμοσιν,
3565 1597 3738 1649 ἐκεῖνο

2162 1685 2376 1750 εἰπεῖν,
2422 1687 2504 1738 ὃτι
2556 1702 2634 1738 σοι
2686 1685 2925 1749 σκοπὸς,
2976 1684 3072 1738 καὶ
3103 1685 3191 1739 διὰ
3221 1686 3459 1755 σπουδῆς
3504 1687 3738 1740 τέθειται

2092 1801 2135 1857 η
2171 1776 2407 1847 πολλῆς,
2450 1776 2545 1829 δύο
2574 1776 2639 1846 δὴ
2666 1775 2828 1829 πάλιν
2875 1775 3155 1847 ἀποφῆναι
3198 1778 3466 1847 Χριστοὺς
3488 1821 3503 1843 ,
3538 1772 3616 1840 οἷς
3648 1780 3741 1831 καὶ

2163 1869 2269 1922 ἀνά
2315 1869 2483 1939 μέρος
2513 1867 2808 1938 ἀρμὸσειεν
2856 1869 2924 1921 ἂν
2958 1869 2993 1939 ή
3023 1868 3123 1939 τῆς
3174 1868 3495 1939 κυριότητος
3524 1870 3737 1938 κλῆσις.

2174 1956 2554 2029 Ἀμαθέστατα
2600 1955 2659 2008 δὲ
2697 1956 2795 2010 καὶ
2859 1957 3001 2027 πρός
3047 1974 3112 2024 γε
3157 1957 3317 2010 τοῦτο
3366 1957 3483 2021 ζὼν,
3531 1958 3595 2013 οὐ
3645 1960 3743 2009 σὺν

2162 2049 2348 2121 ἱδρῶτι
2394 2047 2593 2121 μακρῷ
2631 2048 2769 2120 πρὸς
2817 2048 2975 2119 ἡμῶν
3024 2047 3385 2119 δειχθήσεται.
3428 2049 3564 2120 Φέρε
3611 2049 3741 2119 γὰρ,

2160 2143 2425 2214 ἐρωμένῳ
2451 2142 2678 2212 φράσον,
2710 2143 2867 2194 ποῖον
2895 2141 3006 2212 ἄρα
3030 2141 3239 2213 διορίζῃ
3267 2141 3523 2213 Χριστὸν,
3559 2137 3619 2195 οὗ
3648 2143 3745 2195 καὶ

2161 2235 2263 2306 τὴν
2292 2233 2695 2305 ἀνθρωπότητα
2721 2232 2817 2285 καὶ
2849 2232 2951 2302 μὲν
2979 2250 3061 2285 τοι
3092 2232 3188 2286 καὶ
3214 2232 3313 2303 τὴν
3343 2231 3573 2302 θεότητα
3602 2229 3745 2285 εἶναι

2160 2328 2298 2395 φής’
2327 2326 2377 2377 εί
2411 2325 2511 2395 μὲν
2562 2324 2651 2377 τὸν
2680 2326 2744 2377 ὲκ
2773 2323 2905 2375 Θεοῦ
2936 2322 3149 2395 [ἰατρὸς
3180 2323 3375 2392 Λόγον,
3410 2322 3747 2394 διωμολόγη-

2160 2434 2263 2481 κας
2303 2416 2549 2488 ἐναργῶς
2582 2417 2674 2470 τὸν
2708 2415 2872 2468 αὐτὸν
2902 2411 3043 2469 εἶναι
3087 2415 3180 2468 καὶ
3221 2415 3509 2487 ἄνθρωπον
3530 2431 3543 2443 ⁸
3574 2416 3742 2469 αὐτοῦ

2160 2509 2269 2581 γὰρ
2299 2510 2435 2579 ἔφης
2461 2508 2561 2580 τὴν
2595 2508 2993 2580 ἀνθρωπότητα
3013 2523 3028 2537 ⁸
3065 2509 3115 2562 εἰ
3160 2508 3216 2562 δὲ
3245 2509 3338 2562 τὸν
3369 2510 3435 2563 ὲκ
3462 2509 3562 2579 τῆς
3597 2509 3745 2579 Παρ-

2160 2602 2314 2654 θένου
2368 2601 2513 2653 κατά
2562 2601 2621 2653 σὲ
2646 2642 2660 2666 ,
2699 2600 2791 2653 τὸν
2835 2600 2998 2656 αὐτὸν
3043 2601 3196 2655 οὐδὲν
3231 2596 3393 2672 ἦττον
3428 2601 3611 2672 ἀλώσῃ
3648 2604 3746 2653 καὶ

2158 2692 2291 2746 Θεὸν
2323 2693 2611 2763 ἀποφήνας
2630 2710 2647 2725 ·
2694 2693 2859 2747 αὐτοῦ
2888 2694 2998 2766 γὰρ
3026 2693 3163 2763 ἔφης
3192 2689 3333 2747 εἶναι.
3366 2694 3461 2746 καὶ
3492 2692 3592 2764 τὴν
3621 2692 3743 2745 θεό-

2158 2799 2316 2854 τητα.
2342 2783 2687 2854 Πανταχόθεν
2713 2783 2779 2855 δὴ
2803 2781 2897 2837 οὖν
2926 2783 3354 2853 συνωθούμενος,
3384 2782 3479 2837 καὶ
3506 2784 3743 2855 ἀϐουλή-

2158 2893 2268 2940 τως
2293 2877 2379 2940 εἰς
2405 2874 2688 2947 ἀλήθειαν,
2720 2876 2816 2929 ἕνα
2844 2875 2965 2947 μεθ’
3007 2876 3165 2948 ἡμῶν
3208 2876 3459 2947 ὁμολόγει
3505 2876 3741 2946 Χριστὸν

2163 2970 2261 3023 καὶ
2293 2970 2520 3041 Κύριον.
2561 2968 2828 3040 Πεπαύσῃ
2856 2968 2963 3040 γὰρ
2987 2968 3133 3022 οὕτω
3161 2968 3358 3037 λέγων·
3391 2970 3665 3022 (Λκουσον
3685 2969 3743 3023 δὲ

2162 3065 2255 3117 καὶ
2279 3065 2362 3130 τὸ,
2392 3062 2620 3133 Κύριος,
2647 3062 2782 3113 ποτὲ
2807 3062 2930 3133 μὲν,
2960 3063 3053 3114 ἐπὶ
3072 3061 3170 3132 τῆς
3198 3061 3618 3135 ἀνθρωπότητος
3647 3062 3742 3116 τοῦ

478 3152 766 3220 aliquando
798 3151 864 3205 de
891 3160 1121 3216 utroque
1152 3150 1389 3214 positum
1420 3167 1476 3202 τι
1528 3166 1652 3204 nam
1688 3152 1776 3205 ubi
1806 3166 1948 3205 unus
1972 3161 2054 3204 est

2166 3157 2437 3227 Χριστοῦ·
2470 3156 2601 3211 ποτὲ
2630 3156 2708 3221 δὲ,
2738 3158 2832 3209 ἐπὶ
2856 3155 2956 3225 τῆς
2989 3153 3243 3226 θεότητος
3274 3154 3436 3207 αὑτοῦ
3456 3172 3472 3187 ο
3504 3156 3634 3209 ποτὲ
3660 3156 3738 3221 δὲ,

480 3243 666 3307 Filius,
702 3243 973 3312 quomodo
1003 3242 1181 3296 locum
1211 3243 1437 3308 habeat,
1467 3245 1531 3296 de
1563 3252 1793 3312 utroque
1832 3242 2053 3296 dicere?

477 3336 616 3401 Quid
646 3346 823 3388 autem
852 3342 935 3388 est
962 3333 1104 3403 quod
1132 3332 1278 3387 rides
1340 3348 1435 3387 eos
1477 3334 1568 3402 qtti
1621 3334 1862 3388 divinum
1922 3334 2050 3388 illud

479 3425 793 3494 mysterium
825 3435 1068 3478 nostrum
1095 3423 1458 3487 admirantur,
1478 3424 1798 3493 impiissime
1817 3424 2010 3478 dicens
2032 3439 2050 3479 :

485 3536 502 3568 ι
541 3518 984 3585 Quotiescunque
1018 3517 1416 3571 manducabitis
1440 3531 1629 3586 panem
1661 3518 1824 3579 hunc,
1846 3523 1900 3569 et
1917 3516 2051 3569 cali-

485 3627 504 3658 «ι
543 3623 657 3661 cem
678 3608 818 3661 hunc
859 3608 1076 3674 bibetis,
1098 3620 1328 3661 mortem
1356 3606 1561 3663 Domini
1591 3607 2002 3661 annuntiabitis.
2027 3626 2046 3659 ι

483 3696 640 3767 115
671 3699 893 3751 Αυίιὶοκ
928 3698 1361 3768 prmeedentibus
1413 3698 1739 3768 imperitiam
1790 3698 2051 3766 objicien-

481 3788 781 3857 t‘tum,quod
797 3790 1087 3843 maximam
1100 3804 1220 3843 esse
1234 3789 1411 3859 legant
1425 3790 1664 3860 mysterii
1683 3790 1841 3861 hujus
1855 3790 2054 3845 utilita-

479 3892 673 3944 tetn,et
689 3882 841 3949 cujus
864 3881 1175 3936 hominibus
1193 3883 1765 3937 commemorationem
1785 3882 1999 3937 afferat.
2027 3902 2045 3933 ι

477 3974 618 4026 Nihil
651 3987 780 4043 ergo
809 3972 1011 4041 egregii
1054 3971 1219 4026 habet
1265 3971 1546 4026 incruenta
1598 3972 1684 4026 illa
1722 3973 1963 4038 victima,
1998 3984 2053 4027 et

474 4066 724 4132 exiguam
756 4064 1045 4117 admodum
1070 4062 1356 4117 utilitatem
1379 4062 1558 4130 affert,
1588 4074 1643 4117 et
1672 4065 1917 4118 utilitatis
1944 4066 2048 4117 vim

474 4156 775 4211 continebit
807 4170 975 4225 usque
1004 4170 1070 4210 eo
1097 4154 1381 4221 duntaxat,
1414 4166 1472 4209 ut
1500 4157 1880 4210 annuntiemus
1909 4172 2052 4210 mor-

476 4259 583 4303 tem
613 4248 870 4314 hominis,
903 4258 959 4302 et
988 4248 1147 4303 unius
1179 4262 1211 4302 e
1239 4257 1427 4303 nostro
1456 4261 1683 4302 numero
1718 4263 2049 4301 commemo-

474 4342 740 4395 rationem
772 4340 1056 4395 faciamus.
1085 4338 1347 4394 Mentitur
1375 4352 1506 4410 ergo
1538 4338 1667 4393 dum
1707 4340 1834 4393 illud
1873 4339 2047 4393 viviti-

472 4447 595 4485 cum
627 4430 757 4486 dicit
786 4431 878 4499 qui
913 4431 1130 4484 mentiri
1164 4445 1269 4485 non
1307 4428 1478 4496 novit,
1510 4431 1614 4484 hoc
1650 4440 1735 4484 est
1755 4429 2001 4484 Christus
2031 4448 2045 4482 :

2161 3249 2249 3302 ἐπ’
2282 3250 2609 3320 ἀμφοτέρων
2645 3247 2926 3319 κείμενον·
2961 3265 2981 3298 ι
3007 3246 3138 3301 ἔνθα
3162 3251 3271 3317 γὰρ
3293 3247 3419 3310 Υἱὸς
3454 3242 3556 3311 εἷς,
3591 3252 3743 3301 ποῖον

2160 3339 2227 3393 ἂν
2273 3340 2387 3409 ἔχοι
2425 3340 2592 3391 τόπον
2640 3339 2723 3406 τὸ,
2754 3338 2842 3391 ἐπ’
2878 3339 3082 3408 ἀμφοῖν
3128 3340 3333 3406 εἰπεῑν;
3366 3340 3742 3411 Καταμειδιᾷς

2159 3430 2217 3482 δὲ
2271 3429 2498 3484 ἀνθότου
2544 3428 2659 3482 τῶν
2698 3430 2761 3483 τὸ
2796 3429 2940 3482 θεῖον
2982 3428 3140 3501 ἡμῶν
3170 3429 3597 3501 τεθαυμακότων
3642 3449 3743 3503 μυ-

2164 3523 2409 3593 στήριον,
2448 3521 2793 3575 ἀνοσιώτατα
2839 3520 3044 3589 λέγων·
3084 3539 3103 3572 t
3143 3521 3369 3585 Ὁσάκις
3411 3524 3478 3576 ἂν
3526 3523 3740 3594 ἐσθίητε

2167 3633 2184 3664 t
2208 3614 2303 3666 τὸν
2318 3613 2481 3685 ἄρτον
2499 3612 2710 3677 τοῦτον,
2738 3612 2833 3666 καὶ
2862 3612 2923 3665 τὸ
2948 3612 3207 3683 ποτήριον
3236 3612 3396 3667 τοῦτο
3413 3614 3625 3685 πίνητε,
3649 3615 3740 3668 τὸν

2168 3726 2185 3756 ι
2199 3705 2430 3760 θάνατον
2447 3704 2541 3759 τοῦ
2561 3705 2769 3775 Κυρίου
2788 3706 3185 3775 καταγγέλλετε
3206 3707 3533 3773 ;›¹Ἀκουσον
3548 3710 3612 3762 ἐκ
3633 3708 3741 3761 τῶν

2162 3799 2590 3870 προηγουμένων
2633 3797 2736 3869 τὴν
2793 3799 3036 3868 ἀμαθίαν
3086 3798 3195 3852 τῶν
3257 3798 3605 3865 ἀντιθέντων,
3664 3800 3739 3862 ὡς

2164 3888 2392 3960 ἰσχυρὰν
2453 3889 2888 3958 ἀναγινώσκουσι
2933 3888 3028 3943 τοῦ
3088 3889 3390 3960 μυστηρίου
3449 3890 3551 3962 τὴν
3598 3889 3740 3958 ὠφέ-

2161 3982 2329 4045 λειαν,
2385 3981 2479 4035 καὶ
2546 3981 2692 4043 τίνος
2743 3983 2857 4044 τοῖς
2920 3981 3231 4052 ἀνθρώποις
3290 3981 3591 4051 παρέχεται
3638 3981 3738 4051 τὴν

2160 4076 2490 4145 ἀνάμνησιν.
2528 4091 2547 4123 ι
2584 4074 2754 4127 Οὐδὲν
2784 4070 2878 4128 οὖν
2903 4074 3011 4146 ἄρα
3038 4074 3101 4126 τὸ
3130 4072 3410 4145 ἐξαίρετον
3438 4074 3538 4143 τῆς
3580 4075 3736 4128 ἀναι-

2162 4166 2372 4236 μάκτου
2421 4165 2612 4229 θυσίας
2632 4209 2647 4232 ,
2679 4166 2865 4237 ὄνησις
2896 4167 2953 4219 δὲ
2999 4166 3197 4237 κομιδῆ
3246 4166 3476 4239 σμικρά,
3507 4167 3603 4220 καὶ
3637 4169 3737 4236 τῆς

2159 4257 2429 4328 ὠφελείας
2457 4259 2556 4329 τὴν
2599 4259 2832 4329 δύναμιν
2886 4260 3233 4331 περιποιήσει
3260 4260 3401 4331 τάχα
3434 4276 3538 4312 που
3574 4260 3738 4331 μέχρι

2158 4351 2224 4423 δὴ
2271 4351 2437 4421 μόνου
2481 4351 2575 4404 τοῦ
2620 4350 2977 4419 καταγγεῖλαι
3024 4351 3115 4405 τὸν
3161 4350 3451 4422 ἀνθρώπου
3488 4351 3736 4416 θάνατον,

2162 4442 2258 4494 καὶ
2289 4442 2398 4496 τῶν
2424 4442 2548 4495 καθ’
2573 4442 2725 4514 ἡμᾶς
2767 4443 2886 4507 ἐνὸς
2915 4443 3243 4515 ποιήσασθαι
3284 4443 3383 4514 τὴν
3410 4444 3730 4514 ἀνάμνησιν.

471 4527 679 4594 decepti
706 4539 803 4579 nos
834 4524 998 4578 etiam
1028 4538 1238 4588 sumus,
1271 4538 1462 4578 vanam
1507 4525 1573 4579 de
1617 4522 1709 4578 illo
1740 4522 2049 4592 opinionem

2166 4533 2376 4590 Οὐκοῦν
2412 4511 2755 4603 διαψεύδεται
2788 4511 3054 4598 ζωοποιὺν
3095 4535 3226 4588 αὐτὸ
3269 4511 3462 4603 λέξων,
3492 4511 3738 4603 decisae-

472 4618 764 4684 habentes;
797 4631 939 4672 nunc
978 4617 1141 4670 etiam
1177 4631 1302 4672 sero
1338 4617 1425 4670 vix
1461 4617 1676 4672 tandem
1716 4620 1784 4671 ad
1812 4619 2057 4673 veritatis

474 4713 836 4766 inventionem
868 4711 1112 4780 perducti
1132 4726 1341 4776 sumus,
1365 4710 1453 4765 ubi
1486 4711 1538 4765 in
1570 4720 1695 4767 tuos
1724 4713 1821 4766 hos
1845 4726 2056 4767 sermo-

473 4818 570 4858 nes
617 4803 928 4856 incidimus.
979 4800 1087 4855 Sed
1142 4802 1239 4855 tibi
1283 4803 1423 4857 hanc
1471 4805 1798 4858 sententiam
1837 4805 2059 4873 eligenti

472 4896 847 4965 propheticum
895 4893 1023 4948 illud
1058 4908 1088 4946 a
1136 4892 1294 4950 nobis
1332 4894 1601 4952 referetur
1649 4916 1661 4952 :
1700 4917 1718 4949 t
1762 4897 1899 4955 Ecce
1950 4915 2055 4954 non

471 5000 594 5044 sunt
620 4990 763 5044 oculi
790 4990 869 5045 tui
902 5006 1078 5061 neque
1109 5005 1205 5046 cor
1234 5000 1382 5045 tuum
1408 4991 1607 5045 bonum
1630 4989 1672 5046 ³.
1707 5008 1727 5042 ι
1755 4990 1870 5045 Νοιι
1907 4991 2049 5045 enim

473 5076 744 5146 intelligit,
779 5079 904 5132 dum
942 5079 1329 5133 annuntiamus
1359 5078 1558 5133 Christi
1601 5091 1853 5147 mortem,
1886 5091 1942 5135 et
1972 5080 2051 5135 itt-

471 5183 634 5235 super
674 5169 790 5236 ejus
826 5171 1281 5226 resurrectionem
1324 5170 1670 5238 confitemur,
1698 5181 1753 5226 et
1789 5188 1856 5226 ex
1886 5188 1949 5227 ea
1993 5189 2050 5228 re

471 5258 859 5330 perfectionem
891 5261 1014 5317 lidei
1037 5263 1446 5332 consequimur,
1471 5265 1666 5319 deinde
1687 5264 1884 5320 divinae
1911 5266 2057 5321 illius

470 5361 677 5407 natura:
705 5352 999 5423 participes
1031 5354 1211 5412 effecti
1234 5357 1281 5422 ⁸,
1308 5358 1644 5413 consortium
1677 5359 1907 5414 unitatis
1939 5359 2056 5429 ejus

469 5445 845 5514 adipiscimur,
894 5447 1214 5515 spiritaliter
1257 5449 1420 5504 simul
1448 5458 1504 5505 et
1539 5451 1902 5522 corporaliter
1929 5466 2057 5506 san-

467 5536 695 5591 ctificari
764 5548 828 5592 ac
862 5537 1145 5594 vivificari.
1191 5558 1210 5591 t
1252 5539 1481 5610 Oportet
1514 5543 1658 5597 enim
1701 5543 2056 5613 corruptibile

2162 4628 2287 4682 σθαι
2320 4627 2399 4699 μὴ
2428 4626 2607 4693 εἰδὼς,
2640 4626 2889 4681 τουτέστι
2914 4626 3146 4698 Χριστός
3165 4644 3179 4659 ⁸
3206 4626 3653 4697 πεφενακίσμεθα
3677 4627 3735 4680 δὲ

2160 4721 2255 4774 καὶ
2280 4722 2464 4791 ἡμεῖς,
2495 4719 2710 4775 εἰκαίαν
2756 4718 2970 4789 ἔχοντες
2996 4719 3083 4771 ἐπ’
3109 4717 3258 4789 αὐτῷ
3286 4716 3386 4789 τὴν
3410 4717 3596 4782 δόξαν·
3634 4735 3735 4770 πε-

2160 4813 2517 4885 ποδηγήμεθα
2541 4812 2597 4866 δὲ
2630 4812 2725 4866 νῦν
2757 4811 2859 4880 ὀψέ
2886 4827 3015 4864 ποτε
3042 4811 3135 4863 καὶ
3160 4810 3315 4881 μόλις
3342 4810 3424 4872 εἰς
3476 4809 3736 4881 ἀληθείας

2161 4905 2411 4977 εὕρεσιν,
2467 4904 2708 4958 τουτοισὶ
2760 4906 2875 4967 τοῖς
2928 4905 3039 4963 σοῖς
3099 4902 3483 4973 περιτυχόντες
3533 4901 3731 4969 λόγοις.

2175 4997 2339 5051 Ἀλλά
2367 5014 2452 5051 σοι
2483 4999 2639 5053 ταυτὶ
2669 4996 2891 5067 φρονεῖν
2917 4995 3200 5066 ᾑρημένῳ,
3234 4995 3371 5064 πρὸς
3396 4992 3554 5065 ἡμῶν
3583 4995 3733 5062 εἴρη-

2159 5108 2249 5145 ται
2275 5090 2337 5143 τὸ
2359 5090 2449 5143 διὰ
2479 5090 2580 5159 τῆς
2610 5090 2889 5160 προφήτου
2918 5086 3105 5156 φωνῆς
3125 5103 3138 5115 ·
3181 5105 3201 5137 ι
3224 5086 3354 5139 Ἰδοὺ
3387 5087 3487 5139 οὐκ
3515 5086 3654 5139 εἰσὶν
3682 5086 3734 5137 oi

2158 5182 2430 5253 ὀφθαλμοί
2476 5198 2593 5247 σου,
2643 5179 2765 5233 οὐδὲ
2804 5180 2838 5249 ἡ
2869 5177 3067 5249 καρδία
3111 5194 3207 5231 σου
3244 5177 3405 5247 καλή.
3443 5196 3463 5229 ι
3510 5177 3733 5246 Συνίησι

2154 5277 2264 5348 γάρ
2290 5275 2563 5346 οὐδαμῶς,
2614 5275 2696 5328 ὅτι
2746 5273 2839 5327 τὸν
2874 5273 3105 5328 θάνατον
3141 5271 3599 5340 καταγγέλλοντες
3634 5270 3731 5322 τοῦ

2154 5367 2415 5439 Χριστοῦ,
2466 5366 2998 5439 προσοιιολογοῦντες
3042 5365 3101 5419 δὲ
3144 5366 3243 5436 τὴν
3279 5364 3597 5428 ἀνάστασιν,
3638 5365 3731 5415 καὶ

2152 5460 2253 5532 τὴν
2304 5461 2363 5513 ὲν
2410 5460 2595 5513 πίστει
2642 5459 2922 5512 τελείωσιν
2964 5457 3051 5511 διὰ
3097 5457 3288 5510 τούτου
3337 5453 3729 5526 κερδαίνοντες,

2157 5545 2275 5603 εἶτα
2304 5551 2400 5620 τῆς
2431 5550 2583 5611 θείας
2614 5549 2779 5602 αὐτοῦ
2804 5548 3017 5617 φύσεως
3044 5544 3286 5601 κοινωνοὶ
3313 5543 3617 5613 γεγονότες,
3639 5542 3730 5593 καὶ

543 5767 558 5796 ⁸
594 5764 781 5820 Matth.
819 5782 963 5833 utv,
988 5767 1070 5821 5U.
1152 5770 1170 5800 ¹
1204 5769 1430 5824 Zacltar.
1474 5784 1565 5834 xu,
1606 5770 1685 5827 l0.
1770 5771 2005 5830 'Jerem.
2043 5777 2289 5845 xxt|,47.
2370 5774 2387 5805 "
2422 5774 2461 5830 ll
2490 5773 2605 5831 Pet.
2640 5790 2679 5839 ι,
2716 5774 2770 5828 4.
