4104 6336
349 344 449 401 201

1359 342 1737 402 ADVERSUS
1773 346 2179 409 NESTGRI'UII
2211 351 2348 411 LIB.
2391 354 2459 410 ν.

3463 368 3569 425 202

344 458 435 512 διὰ
458 454 557 509 τοῦ
598 454 923 528 μταλαχεῖν
952 457 1053 528 τῆς
1079 458 1218 529 πρὸς
1251 457 1413 513 αὑτὸν
1439 460 1707 533 ἐνάτητος,
1749 479 1904 516 πνευ-

2017 469 2119 525 hoe
2149 470 2372 527 induere
2393 472 2871 543 incorruptionem,
2900 484 2955 530 et
2973 476 3197 532 mortale
3223 477 3323 532 hoc
3347 478 3569 537 induere

347 548 592 621 ματικῶς
624 563 684 601 τε
718 548 835 619 ἅμα
866 549 960 602 καὶ
1007 550 1338 620 σωματικῶς
1386 550 1761 623 ἄγιαζόμεθα,
1810 556 1907 608 καὶ

345 638 775 710 ζωοποιούμεθα.
825 655 849 691 4
876 642 969 692 Δεῖ
998 640 1107 712 γὰρ
1133 642 1196 694 τὸ
1225 641 1467 714 φθαρτὸν
1491 643 1652 697 τοῦτο
1682 644 1909 700 ἐνδύσα-

345 735 470 789 σθαι
510 732 843 804 ἀφθαρσίαν,
893 736 988 788 καὶ
1031 735 1095 788 τὸ
1139 732 1334 805 θνητὸν
1380 735 1537 791 τοῦτο
1588 737 1908 794 ἐνδύσασθαι

2004 559 2465 617 immortalitatem
2485 565 2529 616 ⁸.
2570 582 2593 618 r
2638 562 3012 620 lndumentum
3046 577 3224 623 autem
3252 571 3317 623 de
3347 570 3485 626 casio
3515 584 3570 627 et

2010 651 2421 722 incorruptibile
2444 665 2499 711 et
2528 657 2985 714 immortalitatem
3019 660 3257 716 emciens
3281 661 3455 718 factus
3486 673 3573 718 est

2009 745 2163 800 nobis
2187 745 2466 813 Christus;
2498 749 2639 816 quod
2668 749 3014 806 beatissimus
3045 752 3243 806 Paulus
3266 753 3568 819 conﬁrmat,

342 826 666 879 ἀθανασίαν.
698 825 1044 896 »Ἂμφιονδέ
1073 826 1136 880 τὸ
1169 825 1228 892 ἐξ
1249 827 1481 899 οὐρανοῦ
1510 830 1601 882 καὶ
1631 827 1904 898 ἄφθαρτον

2010 848 2151 890 nunc
2168 838 2389 907 quidem
2409 841 2657 895 scribens
2685 857 2700 893 :
2734 858 2754 892 ι
2783 842 2987 899 lnduite
3017 842 3298 897 Dominum
3327 855 3567 899 nostrum

342 919 435 970 καὶ
464 916 763 979 ἀθανασίας
789 917 1151 988 ἐμποιητικὸν
1173 920 1401 987 γέγονεν
1428 922 1560 991 ἡμῖν
1583 922 1613 973 δ
1630 921 1871 993 Χριστός
1889 936 1902 948 ·

340 1011 435 1062 καὶ
471 1009 805 1062 πιστώσεται
834 1010 1062 1080 γράφων
1101 1012 1129 1062 ὁ
1165 1009 1454 1082 ἱερώτατος
1494 1011 1704 1077 Παῦλος
1726 1029 1738 1041 ·
1776 1014 1906 1067 ποτὲ

344 1101 478 1173 μὲν,
527 1101 608 1154 ὅτι
666 1118 684 1151 ι
724 1100 1045 1154 Ἐνδύσασθε
1095 1102 1191 1155 τὸν
1231 1102 1439 1174 Κύριον
1486 1104 1643 1174 ἡμῶν
1700 1105 1909 1175 Ἰησοῦν

338 1193 574 1264 Χριστόν
596 1208 609 1223 ·
645 1211 665 1245 ι
699 1192 791 1246 ὁτὲ
821 1193 878 1246 δὲ
906 1188 995 1258 αὖ,
1030 1211 1049 1244 ι
1088 1188 1243 1246 Ὅσοι
1271 1195 1383 1264 γὰρ
1409 1197 1489 1257 είς
1516 1195 1752 1266 Χριστὸν
1782 1195 1909 1249 ἐσα-

341 1283 627 1355 πτίσθητε,
660 1285 896 1354 Χριστὸν
926 1282 1266 1351 ἐνεδύσασθε,
1304 1305 1323 1336 ι
1349 1284 1441 1338 τὸν
1473 1284 1793 1358 θεοπρεπῶς
1818 1287 1906 1340 λέ-

340 1394 503 1446 γοντα
535 1376 631 1430 καὶ
659 1375 893 1447 ἀληθῶς·
931 1394 951 1428 r
988 1377 1131 1445 Ἑγὼ
1160 1379 1275 1448 είμι
1324 1379 1357 1449 ὴ
1390 1377 1684 1442 ἀνάστασις
1727 1380 1822 1432 καὶ
1869 1380 1907 1450 ἠ

342 1468 477 1539 ζωή.
510 1486 530 1520 ι
580 1466 721 1537 Πρὸς
753 1467 817 1537 δὴ
846 1467 915 1520 τὰ
947 1467 1125 1521 τοιάδε
1158 1466 1482 1530 καταδείσας
1514 1466 1683 1531 οὐδὲν,
1717 1467 1907 1537 βδελυέ

343 1561 589 1633 ρωτέραν
621 1559 702 1612 ἔτι
735 1560 833 1630 τὴν
862 1558 1175 1629 δυσφημίαν
1216 1558 1527 1627 ἀποφαίνει,
1554 1557 1867 1630 προστιθείς
1886 1574 1901 1589 ο

340 1652 635 1725 [Ἄκουσον
666 1650 741 1721 μὴ
769 1650 903 1720 ἐμοῦ
930 1650 1102 1703 ταῦτα
1127 1650 1396 1718 λέγοντος,
1431 1650 1569 1704 ἀλλὰ
1603 1649 1696 1704 τοῦ
1730 1667 1904 1721 μακα-

342 1744 462 1815 ρίου
508 1741 745 1796 Παύλου·
801 1761 819 1794 ι
862 1742 1082 1805 Ὁσάκις
1127 1742 1173 1796 δ’
1217 1743 1284 1797 ἂν
1336 1742 1555 1813 ἐσθίητε
1599 1742 1689 1796 τὸν
1737 1742 1904 1815 ἄρτον

340 1834 549 1899 τοῦτον,
579 1854 597 1887 ι
644 1827 706 1887 οῦ
754 1837 870 1888 ἐστι
916 1835 976 1886 τδ
1006 1833 1167 1904 σῶμα
1196 1833 1502 1888 ἀντίτυπονη
1537 1833 1764 1904 Ἰδωμεν
1808 1831 1902 1889 οὖν

341 1927 452 1981 ἀπὸ
489 1926 677 1979 τούτου
724 1927 868 1988 τίνος
895 1927 925 1978 ὁ
966 1924 1213 1989 θάνατος.
1262 1943 1285 1976 ε
1322 1925 1543 1987 Ὁσάκις
1576 1924 1643 1979 ἂν
1684 1923 1901 1996 ἐσθίητε

340 2020 432 2075 τὸν
460 2020 621 2091 ἄρτον
642 2017 848 2083 τοῦτον,
880 2017 974 2071 καὶ
995 2016 1055 2071 τὺ
1089 2019 1347 2087 ποτήριον
1377 2015 1533 2069 τοῦτο
1565 2016 1776 2088 πίνητε,
1810 2020 1906 2073 τὸν

341 2111 574 2166 θάνατον
598 2111 691 2164 τοῦ
722 2110 926 2181 Κυρίου
954 2108 1351 2178 καταγγέλλετε
1371 2125 1385 2141 ο
1423 2128 1443 2161 ι
1476 2107 1705 2163 ἄκουσον
1728 2108 1823 2165 καὶ
1845 2111 1907 2162 ἐν

338 2202 454 2267 τοῖς
492 2200 687 2274 ἐφεξῆς
734 2201 1143 2272 φανερώτερον,
1192 2218 1213 2253 ‹
1246 2202 1436 2272 Ἀχρις
1467 2194 1529 2254 οὗ
1564 2202 1711 2273 ἔλθῃ.
1747 2221 1766 2253 ι
1807 2202 1903 2265 Τίς

338 2288 437 2347 οὖν
464 2295 492 2347 ὁ
516 2293 809 2365 ἐρχόμενος
831 2310 845 2358 ;
887 2311 906 2343 r
941 2294 1199 2363 Ὄψονται
1226 2292 1317 2344 τὸν
1346 2292 1470 2345 Υίὸν
1494 2291 1588 2345 τοῦ
1614 2291 1901 2364 ἀνθρώπου

339 2386 639 2457 ἐρχόμενον
669 2387 762 2439 ἐπὶ
786 2386 896 2438 τῶν
925 2385 1164 2456 νεφελῶν
1185 2382 1279 2437 τοῦ
1308 2381 1537 2455 οὐρανοῦ
1582 2384 1723 2455 μετὰ
1747 2382 1907 2453 δόξης

340 2477 579 2548 πολλῆςσ
622 2495 641 2528 ι
668 2458 769 2529 ὶαι
806 2476 867 2529 τὸ
905 2476 969 2547 δὴ
1004 2475 1212 2547 μεῖζον,
1263 2476 1297 2528 ὁ
1334 2476 1616 2546 προφήτης
1656 2474 1763 2545 πρὸ
1793 2473 1909 2526 τῶν

340 2567 651 2622 ἀποστόλων
683 2568 1015 2637 σαφέστερον
1036 2566 1131 2620 τὸν
1155 2567 1447 2639 ἐρχόμενον
1492 2566 1733 2620 δείκνυσι
1760 2605 1776 2631 ,
1808 2562 1907 2616 καὶ

340 2661 580 2732 κέκραγε
608 2662 735 2731 περὶ
770 2660 1039 2715 Ἰουδαίων
1075 2659 1213 2730 βοῶν
1232 2677 1244 2690 ·
1280 2680 1298 2713 ι
1333 2660 1592 2731 Ὄψονται
1621 2660 1700 2722 είς
1726 2659 1784 2711 ὃν
1812 2657 1901 2722 ἐξ·

340 2753 659 2824 εκέντησαν.
694 2772 712 2804 ι
750 2753 848 2816 Τίς
891 2750 982 2808 οὖν
1011 2754 1161 2807 ἐστιν
1186 2757 1214 2807 ό
1248 2753 1561 2824 κεντηθείς;
1596 2755 1630 2823 ἡ
1660 2752 1900 2823 πλευρά·

341 2845 551 2917 πλευρά
583 2844 638 2898 δέ
668 2844 940 2915 σώματος,
965 2845 1026 2898 ού
1053 2845 1303 2919 θεότητός
1332 2845 1513 2917 ἐστι.]
1542 2845 1760 2916 Σμικρὰ
1791 2862 1902 2897 τοι·

340 2936 566 3006 γαροῦν,
600 2936 677 3001 ὼς
724 2935 880 3008 ἔφην,
908 2937 1008 3008 τῆς
1036 2938 1372 3009 ἀναιμάκτου
1418 2937 1605 3001 θυσίας
1631 2939 1665 3007 ἠ
1696 2936 1900 3005 ὄνησις,

340 3030 425 3083 ὅτι
451 3029 593 3099 τάχα
618 3045 719 3081 που
750 3027 827 3100 μὴ
858 3029 1086 3098 γέγονεν
1112 3030 1335 3099 ἐφικτὸν
1352 3028 1486 3100 ὁμοῦ
1516 3031 1583 3099 τῇ
1617 3028 1782 3099 σαρκὶ
1810 3029 1904 3081 καὶ

2006 923 2188 981 Jesum
2230 927 2504 983 Christum
2541 930 2596 995 ⁶;
2643 950 2665 982 ι
2711 948 2851 986 nunc
2887 947 3013 986 vero
3058 952 3073 988 :
3115 952 3135 985 ι
3165 935 3480 1004 Quicunque
3514 937 3569 989 in

2002 1014 2279 1072 Christum
2309 1018 2558 1089 baptizati
2588 1023 2745 1086 estis,
2769 1022 3044 1078 Christum
3085 1025 3332 1080 induistis
3359 1028 3377 1057 ⁷
3402 1043 3417 1091 ;
3450 1046 3469 1077 ι
3504 1027 3569 1079 il-

2006 1106 2114 1162 lum
2143 1111 2239 1179 qui
2282 1112 2534 1168 divinitus
2560 1128 2794 1183 vereque
2830 1116 3001 1170 dicit:
3038 1135 3055 1167 ι
3094 1117 3201 1185 Ego
3232 1133 3349 1171 sum
3391 1133 3569 1172 resur-

2006 1200 2175 1255 rectio
2203 1211 2257 1257 et
2280 1203 2385 1258 vita
2411 1203 2453 1258 ⁸.
2488 1221 2510 1257 ι
2528 1206 2608 1258 Ad
2632 1207 2745 1260 haac
2775 1206 2904 1261 nihil
2929 1209 3155 1273 veritus,
3190 1210 3569 1263 exsecrabilio-

2005 1306 2119 1346 retn
2149 1294 2310 1349 etiam
2341 1295 2723 1365 blasphemiam
2753 1299 3018 1363 enuntiat,
3062 1300 3321 1368 adjiciens
3348 1320 3361 1354 :
3392 1299 3407 1372 1
3432 1302 3568 1356 Audi

2004 1397 2112 1437 non
2144 1399 2228 1439 me
2247 1384 2359 1441 haec
2392 1387 2683 1452 dicentem,
2715 1389 2813 1443 sed
2834 1390 3051 1444 beatum
3081 1390 3301 1445 Paulum
3334 1411 3347 1448 :
3381 1408 3400 1440 ι
3424 1389 3568 1456 Quo-

2007 1475 2319 1544 tiescunque
2371 1480 2760 1536 manducabitis
2802 1495 2995 1549 panem
3036 1481 3201 1546 hunc,
3239 1500 3258 1532 ›
3304 1481 3455 1548 cujus
3483 1489 3567 1536 est

2004 1565 2176 1643 ipsum
2206 1580 2399 1636 carpus
2422 1570 2741 1640 antitypum.
2766 1570 2883 1626 iam
2920 1572 3079 1642 igitur
3103 1573 3382 1627 videamus
3412 1575 3565 1640 cujus

2003 1664 2085 1709 est
2102 1671 2299 1713 morsa
2326 1658 2761 1731 Quotiescunque
2786 1664 3183 1718 manducabitis
3197 1680 3387 1733 panem
3403 1665 3564 1730 hunc,

2004 1757 2058 1800 et
2092 1747 2314 1803 calicem
2347 1750 2490 1805 hunc
2516 1750 2737 1817 bibatis,
2763 1762 2989 1808 mortem
3034 1753 3241 1808 Domini
3273 1754 3565 1808 annuntia-

2008 1835 2135 1889 bitis
2166 1856 2179 1890 :
2212 1856 2232 1889 ι
2257 1839 2382 1893 audi
2408 1842 2567 1895 etiam
2600 1842 2651 1896 in
2680 1844 3028 1912 sequentibus
3054 1847 3311 1913 apertius,
3344 1864 3363 1895 ε
3390 1848 3569 1900 Donec

2007 1927 2207 1981 veniat.
2237 1946 2258 1981 ι
2291 1929 2422 1997 Quis
2452 1943 2634 1987 autem
2674 1934 2858 1989 venit?
2892 1949 2912 1986 ι
2942 1935 3205 1990 Videbunt
3236 1935 3428 1989 Filiqu
3467 1938 3566 1991 ho-

2008 2017 2170 2073 minis
2222 2022 2527 2077 venientem
2587 2024 2641 2078 iu
2692 2026 2930 2080 nubibus
2977 2027 3097 2081 cmli
3156 2042 3277 2081 cum
3321 2027 3566 2082 claritate

2009 2122 2201 2179 magna
2234 2128 2249 2166 :
2285 2130 2304 2163 ι
2334 2122 2413 2177 et,
2456 2116 2607 2183 quod
2639 2116 2815 2185 majus
2839 2126 2940 2180 est,
2973 2125 3098 2173 ante
3130 2118 3397 2188 apostolos
3442 2133 3567 2188 pro-

2008 2199 2167 2265 pheta
2203 2202 2535 2257 manifestius
2564 2206 2865 2259 venientem
2889 2208 3146 2271 ostendit,
3178 2218 3232 2262 et
3261 2208 3475 2273 clamat,
3501 2210 3567 2262 de

2008 2286 2205 2344 Judaeis
2226 2291 2411 2347 dicens
2437 2312 2450 2347 :
2486 2312 2508 2345 ι
2542 2294 2807 2351 Videbunt
2831 2298 2887 2351 in.
2907 2314 3064 2367 quem
3084 2309 3561 2368 cumponxerunt.»

2009 2375 2286 2442 Quodnam
2320 2382 2484 2452 igitur
2515 2383 2642 2438 illud
2676 2396 3054 2456 compunctum
3091 2388 3215 2443 est?
3246 2388 3447 2445 Latus:
3486 2388 3565 2442 Ia-

2010 2478 2094 2525 tus
2116 2486 2243 2525 vero
2266 2475 2511 2544 corporis
2525 2489 2628 2541 est,
2648 2492 2750 2532 non
2785 2478 3128 2551 divinitatis.]
3152 2481 3353 2551 Exigua
3378 2492 3456 2536 est
3472 2481 3565 2550 igi-

2010 2570 2116 2626 tur,
2149 2564 2313 2635 116
2334 2576 2389 2619 ut
2415 2567 2544 2631 dixi,
2564 2568 2859 2624 incruenta:
2876 2572 3065 2627 hostite
3079 2573 3303 2640 utilitas,
3323 2576 3447 2643 quia
3485 2576 3568 2628 ni—

2010 2654 2205 2708 mirum
2232 2655 2312 2710 fus
2342 2671 2447 2711 non
2470 2671 2551 2713 est
2581 2668 2637 2712 ut
2659 2659 2821 2714 simul
2850 2676 2969 2715 cum
2998 2678 3159 2718 carne
3186 2666 3345 2720 etiam
3373 2667 3569 2720 divini-

2010 2742 2139 2797 tatis
2184 2754 2379 2799 natura
2413 2756 2792 2803 consumatur:
2814 2764 2986 2817 neque
3017 2760 3083 2806 ea
3118 2752 3423 2810 obtinemus
3450 2769 3566 2824 qua:
3603 2730 3614 2742 ’

2008 2841 2135 2888 sunt
2178 2834 2554 2906 impossibilia,
2588 2847 2645 2893 ut
2675 2838 2789 2909 ipsa
2833 2841 3147 2909 incorporea
3189 2857 3380 2899 natura
3424 2848 3568 2901 nuda

2009 2938 2309 2979 vescamur.
2357 2926 2463 2981 Sed
2503 2928 2702 2983 oblitus
2748 2929 2879 2983 mihi
2912 2932 3105 2987 videris
3142 2934 3283 2988 haud
3320 2944 3567 2989 naturam

2009 3017 2309 3072 divinitatis
2367 3018 2421 3072 id
2465 3033 2585 3075 esse
2640 3018 2787 3089 quod
2847 3020 2901 3074 in
2947 3023 3150 3077 sanctis
3203 3022 3567 3080 Ecclesiarum

340 3126 440 3197 τὴν
483 3126 581 3192 τῆς
619 3125 866 3196 θεότητος
914 3122 1257 3178 δαπανᾶσθαι
1308 3123 1499 3193 φύσιν·
1551 3123 1633 3175 ὅτι
1677 3122 1753 3193 μὴ
1795 3121 1903 3175 τῶν

2010 3108 2206 3163 mensis
2239 3110 2571 3180 proponitur,
2608 3111 2701 3165 sed
2752 3112 3027 3181 proprium
3069 3130 3264 3184 corpus
3297 3117 3455 3171 Verbi
3499 3135 3567 3173 ex

340 3218 638 3288 ἀμηχάνων
662 3216 1105 3288 κεκρατήκαμεν,
1130 3215 1351 3269 ἐδεστὸν
1371 3213 1583 3285 ἔχοντες
1616 3213 1822 3285 γυμνὸν
1843 3214 1904 3267 τὸ

340 3310 652 3381 ἀσώματον.
694 3309 1078 3379 Ἐπιλελῆσθαι
1123 3307 1179 3361 δέ
1233 3326 1321 3379 μοι
1349 3307 1545 3372 δοκεῖς,
1580 3307 1656 3371 ὡς
1702 3307 1904 3378 ἣκιστα

344 3403 444 3474 μὲν
490 3400 739 3472 θεότητος
773 3399 934 3470 φύσις
961 3400 1081 3453 ἐστὶ
1109 3400 1169 3452 τὸ
1201 3398 1561 3470 προκείμενον
1611 3399 1669 3449 ἐν
1718 3396 1905 3463 ἁγίαις

340 3491 639 3563 τραπέζαις
669 3488 1024 3560 Ἐκκλησιῶν,
1043 3487 1181 3559 πλὴν
1211 3487 1341 3542 ἴδιον
1365 3486 1523 3557 σῶμα
1550 3485 1646 3539 τοῦ
1668 3488 1733 3539 ἐκ
1767 3482 1903 3539 Θεοῦ

341 3580 557 3651 Ιῖατρὺς
608 3580 805 3650 φύντος
842 3579 1038 3646 Λόγου,
1068 3577 1199 3641 Θεὸς
1221 3577 1279 3630 δὲ
1305 3578 1465 3647 φύσει
1512 3577 1605 3630 καὶ
1633 3575 1848 3647 ἀληθῶς
1876 3577 1905 3629 δ

342 3672 538 3739 Λόγος.
564 3664 629 3722 Τί
656 3669 837 3723 τοίνυν
869 3669 1114 3731 ἅπαντας
1142 3668 1254 3740 ίῖσ.
1286 3666 1527 3740 ἅπαντα]
1548 3670 1786 3737 συγχεῖς,
1810 3667 1905 3719 καὶ

343 3763 616 3824 ἀσυνέτως
641 3761 928 3831 διακυκᾷς,
954 3761 1047 3813 τὸν
1078 3759 1241 3830 ἄρτον
1273 3760 1404 3829 ἡμῖν
1430 3758 1523 3811 τὸν
1558 3759 1619 3823 ἐξ
1652 3756 1903 3828 οὐρανοῦ,

344 3853 441 3909 καὶ
468 3853 613 3925 ζωὴν
638 3853 844 3906 διδόντα
872 3851 951 3922 τῷ
978 3852 1169 3921 κόσμῳ
1193 3850 1475 3921 μονονουχὶ
1502 3849 1593 3903 καὶ
1614 3848 1901 3918 διαγελῶν,

341 3947 425 3999 ὅτι
458 3946 531 4017 μὴ
565 3945 757 4016 θεότης
776 3943 1091 4014 ὠνόμασται
1119 3943 1205 3996 διὰ
1230 3941 1330 4011 τῆς
1360 3942 1467 3995 τῶν
1492 3941 1769 4013 θεηγόρων
1792 3957 1907 4009 φω-

342 4037 463 4107 νῆς,
489 4036 647 4106 σῶμα
669 4035 725 4088 δὲ
762 4035 963 4106 μᾶλλον
991 4034 1083 4087 τοῦ
1115 4035 1183 4087 δι’
1217 4035 1366 4104 ἡμᾶς
1400 4032 1901 4104 ὲνηνθρωπηκότος,

340 4129 637 4192 τουτέστιν,
678 4126 770 4180 τοῦ
821 4128 885 4179 ἐκ
933 4124 1067 4179 Θεοῦ
1120 4125 1334 4195 Πατρδς
1383 4125 1593 4193 Λόγου;
1646 4123 1811 4194 Σῶμα
1844 4124 1905 4177 δέ

341 4218 673 4272 Δεσποτικδν
697 4216 916 4271 ἀνθότου
949 4218 1035 4287 δὴ,
1065 4217 1294 4288 φράσον,
1323 4214 1611 4285 ὀνομάζεις
1652 4215 1821 4280 ὅλως,
1856 4216 1905 4268 εί

347 4310 423 4382 μὴ
459 4309 598 4363 θεῖον
627 4304 782 4362 οἶσθα
828 4309 921 4361 καὶ
962 4307 1118 4361 Θεοῦ.
1185 4307 1357 4360 Δοῦλα
1398 4307 1511 4376 γὰρ
1545 4305 1759 4359 ἄπαντα
1806 4301 1902 4357 τοῦ

343 4402 721 4473 πεποιηκότος.
762 4399 921 4452 Ἀλλὰ
947 4399 1057 4469 γὰρ
1075 4399 1174 4451 οὐκ
1205 4397 1378 4468 ὀρθῶς
1402 4397 1513 4467 ἔχει
1544 4412 1628 4449 σοι
1665 4395 1737 4448 τὰ
1762 4392 1904 4447 κατὰ

2007 3198 2167 3255 Patre
2196 3202 2384 3271 geniti,
2415 3205 2559 3270 quod
2592 3200 2823 3257 Verbum
2846 3219 2913 3258 ex
2942 3214 3133 3259 natura
3176 3217 3232 3261 et
3267 3222 3393 3263 vere
3423 3209 3563 3264 Deus

2002 3303 2109 3349 est.
2160 3293 2272 3348 Cur
2315 3294 2480 3365 igitur
2524 3295 2703 3350 omnia
2737 3296 3042 3365 confundis,
3095 3298 3570 3373 imprudenterque

2001 3385 2316 3451 permisces,
2344 3398 2541 3454 panem
2585 3384 2736 3439 illum
2768 3386 2834 3441 de
2877 3386 3036 3452 cmlo,
3067 3398 3122 3442 et
3155 3389 3320 3444 vitam
3367 3395 3567 3448 mundo

2003 3478 2219 3532 dantem
2256 3477 2640 3548 propemodum
2674 3479 2836 3533 etiam
2876 3479 3145 3547 deridens,
3184 3485 3326 3552 quod
3360 3485 3565 3541 theoio-

2003 3584 2194 3639 gotum
2220 3586 2352 3624 voce
2383 3585 2488 3623 non
2522 3571 2593 3624 sit
2620 3570 2872 3626 divinitas
2899 3585 3292 3642 nuncupatum,
3327 3579 3421 3632 sed
3448 3592 3570 3633 cor-

2003 3674 2103 3728 pus
2130 3661 2312 3730 potius
2352 3661 2495 3716 illius
2523 3664 2614 3731 qui
2654 3673 2873 3731 propter
2920 3678 3016 3719 nos
3051 3676 3135 3720 est
3177 3668 3338 3723 homo
3369 3668 3568 3739 factus,

2004 3748 2108 3803 hoc
2135 3759 2240 3814 est,
2268 3751 2409 3805 illius
2431 3766 2495 3804 ex
2522 3752 2680 3806 Patre
2710 3752 2906 3807 Verbi?
2929 3752 3046 3807 Iam
3080 3770 3210 3812 vero
3240 3758 3389 3813 dicas
3408 3760 3567 3816 velim

2004 3854 2167 3908 quam
2199 3840 2267 3893 ob
2294 3855 2511 3895 causam
2539 3840 2759 3896 omnino
2790 3856 2991 3912 corpus
3028 3844 3365 3902 Dominicum
3381 3864 3569 3916 vocas,

2004 3933 2050 3986 si
2087 3947 2195 3985 non
2219 3932 2461 3986 divinum
2486 3944 2606 3987 esse
2635 3933 2797 3998 nosti,
2832 3948 2897 3988 ac
2925 3935 3092 4004 ipsius
3126 3937 3254 4005 Dei;
3289 3956 3414 3996 nam
3451 3956 3569 3998 ser-

2003 4024 2158 4078 viant
2181 4023 2397 4093 quidem
2419 4024 2596 4077 omnia
2622 4023 2961 4080 Conditori’.
2987 4025 3093 4081 Sed
3118 4030 3261 4082 enim
3293 4045 3396 4084 non
3426 4042 3571 4088 recte

2004 4117 2207 4172 habent
2242 4128 2364 4187 qua:
2411 4116 2467 4170 in
2502 4116 2687 4170 animo
2714 4132 2920 4184 versas,
2949 4130 3004 4175 et
3042 4120 3218 4190 ipsum
3257 4122 3571 4180 Emmanuel

2005 4205 2278 4261 hominem
2309 4220 2433 4260 esse
2452 4205 2724 4260 Deiferum
2744 4222 2968 4277 prorsus
2994 4210 3191 4265 credis.
3222 4210 3421 4268 Deinde
3448 4230 3573 4270 sen-

2005 4297 2193 4351 tentiis
2219 4312 2283 4351 ac
2322 4296 2526 4361 verbis,
2563 4311 2684 4366 qua:
2723 4312 2843 4351 cum
2889 4299 3087 4367 pietate
3114 4301 3398 4370 conjuncta
3422 4316 3568 4371 sunt,

2004 4388 2231 4442 omnino
2267 4387 2549 4457 neglectis,
2601 4388 2749 4442 illum
2797 4389 3037 4446 veritatis
3078 4407 3294 4448 sacrum
3337 4397 3571 4452 admini-

340 4494 435 4547 τδν
465 4492 609 4555 νοῦν,
654 4490 935 4562 ἄνθρωπον
968 4489 1025 4543 δὲ
1061 4485 1197 4541 εἶναι
1230 4489 1601 4550 πεπίστευκας
1647 4485 1903 4557 θεοφόρον

2009 4492 2181 4536 strum
2197 4480 2330 4549 (50),
2350 4482 2499 4535 illum
2523 4481 2819 4551 sapientem
2844 4485 3193 4540 architectum
3217 4496 3271 4542 et
3296 4488 3569 4545 doctorem

342 4580 530 4647 ἁπλῶς
554 4584 645 4636 τὸν
682 4580 1051 4653 Ἐμμανουήλ.
1079 4576 1211 4634 Εἶτα
1240 4579 1350 4633 τῶν
1378 4581 1457 4642 είς
1498 4576 1779 4631 εὐσέϐειαν
1817 4579 1906 4629 ἐν-

344 4677 507 4729 νοιῶν
546 4691 605 4727 τε
637 4674 733 4727 καὶ
778 4674 951 4742 λόγων
986 4672 1281 4743 ἀφειδήσας
1336 4671 1633 4737 παντελῶς,
1678 4673 1781 4724 τὸν
1806 4671 1905 4741 τῆς

340 4766 597 4835 ἀληθείας
627 4765 928 4836 ίερουργδν,
964 4764 1061 4817 τὸν
1104 4763 1264 4832 σοφὸν
1309 4762 1663 4834 ἀρχιτέκτονα
1699 4762 1794 4814 καὶ
1828 4761 1906 4813 δι-

340 4858 611 4914 δάσκαλον
639 4858 749 4910 τῶν
778 4857 968 4922 ἐθνῶν,
984 4857 1077 4909 τὸν
1109 4856 1255 4927 ἱερὸν
1272 4855 1489 4926 ἀληθῶς
1509 4854 1605 4909 καὶ
1629 4853 1903 4922 πάνσοφον

341 4951 558 5005 Παῦλον
628 4950 845 5004 ἔσεσθαί
907 4967 989 5002 σοι
1063 4949 1411 5019 συλλήπτορα
1480 4946 1905 5017 συκοφαντοῦντι

342 5044 668 5116 προσδοκᾷς,
696 5045 795 5113 τῆς
824 5045 903 5107 είς
932 5038 1065 5095 eoeo
1091 5045 1186 5095 mi.
1208 5041 1587 5111 ὼκιμαηὰτης
1616 5041 1905 5111 ἀποφέρων

339 5136 487 5204 όδοῦ,
520 5135 627 5189 τῶν
654 5134 830 5206 ὀρθῶς
861 5152 923 5187 τε
965 5135 1059 5187 καὶ
1092 5131 1396 5204 ἀκιδδήλως
1437 5132 1740 5203 είρημένων
1775 5133 1904 5201 παρ’

342 5228 509 5283 αὑτοῦ
534 5229 632 5299 τὴν
659 5228 907 5297 δύναμιν.
939 5226 1165 5297 Ἰδωμεν
1204 5223 1343 5289 γὰο,
1371 5225 1557 5294 φησὶν,
1584 5224 1691 5277 ἀπὸ
1713 5223 1903 5276 τούτου

413 5388 439 5420 ⁸
474 5386 646 5442 lCor.
671 5400 762 5452 xv,
787 5385 878 5440 53.

2008 4573 2272 4642 gentium,
2296 4587 2515 4628 sacrum
2543 4588 2731 4628 revera
2762 4584 2819 4628 et
2853 4576 3307 4643 sapientissimum
3344 4579 3570 4635 Paulum

2007 4663 2106 4717 tibi
2148 4661 2499 4717 calumnianti
2530 4662 2645 4717 fore
2692 4665 3065 4719 auxiliatorem
3099 4678 3276 4736 putas,
3309 4669 3433 4722 dum
3460 4670 3570 4723 vim

2005 4768 2193 4809 eorum
2217 4769 2336 4823 qua:
2358 4764 2482 4809 sunt
2500 4756 2568 4808 ab
2589 4768 2657 4809 eo
2683 4764 2826 4809 recte
2846 4757 3162 4825 sincereque
3178 4759 3345 4823 dicta,
3362 4774 3394 4814 a
3422 4771 3572 4816 recta

2006 4853 2340 4920 probataque
2359 4852 2443 4905 via
2462 4852 2769 4921 detorques.
2791 4853 3079 4908 Videamus
3094 4856 3261 4922 enim,
3289 4857 3485 4925 inquit,
3505 4874 3571 4913 ex

2010 4945 2136 5007 hoc,
2169 4943 2326 5012 cujus
2354 4942 2427 4997 sit
2467 4956 2613 4995 mors
2642 4960 2656 4995 :
2687 4961 2706 4993 ι
2744 4942 2926 4998 Donec
2955 4945 3170 5012 veniat;
3213 4965 3232 4998 ι
3258 4949 3382 5016 quis
3410 4961 3572 5016 porro

2011 5043 2094 5089 est
2116 5035 2209 5103 qui
2236 5034 2423 5088 venit!
2450 5032 2751 5088 «Videbunt
2781 5035 2832 5087 in
2866 5051 3026 5105 quem
3057 5047 3505 5107 compunxerunt.
3544 5057 3564 5090 ι

2012 5126 2204 5182 Veniet
2228 5126 2390 5195 igitur
2414 5125 2460 5181 is
2483 5126 2573 5194 qui
2602 5140 2670 5180 ex
2696 5127 2927 5180 humana
2969 5127 3278 5183 conditione
3316 5129 3572 5183 sustinuit

2013 5226 2265 5283 mortem,
2283 5224 2337 5270 et
2354 5216 2613 5271 divinitus
2635 5217 2951 5282 resurrexit,
2974 5218 3066 5286 qui
3090 5219 3141 5271 in
3170 5218 3365 5274 ccelum
3387 5219 3569 5284 rediit,

952 5385 977 5417 ⁸
1004 5382 1161 5438 Rom.
1198 5396 1322 5447 xm,
1350 5382 1438 5436 14.
1513 5384 1532 5413 ⁷
1590 5380 1765 5435 Galat.
1796 5395 1883 5441 ut,
1912 5378 2013 5441 27,:
2078 5376 2276 5433 8.luan.
2311 5393 2390 5435 XI.
2427 5377 2518 5431 25.
2592 5379 2613 5409 ⁸
2645 5375 2788 5432 Psal.
2811 5391 2997 5442 cxvttt,
3026 5376 3116 5433 9i.

1586 5534 1745 5589 ΑΜ.
1783 5520 2052 5588 AG‘ELLtt
2090 5522 2318 5587 sum.

413 5678 526 5749 (30)
564 5677 809 5749 Veritatis
817 5690 1036 5749 _sacrnm
1061 5672 1446 5749 administrant.
1478 5670 1613 5726 Nam
1644 5673 1695 5726 in
1718 5683 1898 5749 extre-

347 5743 434 5806 tua
461 5743 698 5821 Epistula
717 5747 784 5800 ad
815 5744 1109 5806 Romanos,
1136 5744 1560 5799 sanctillcantem
1606 5758 1701 5800 seu
1730 5743 1897 5800 sacri-

672 5839 944 5899 ΡΑι-ιιοι..
988 5833 1107 5900 Gn.
1158 5835 1409 5898 LXXVI
1416 5881 1430 5894 .

2008 5672 2257 5726 ficantem
2289 5671 2635 5741 Evangelium
2650 5683 2728 5741 _se
2764 5669 2939 5741 ipsum
2971 5668 3109 5726 dixit
3136 5668 3445 5741 Apostolus,
3469 5669 3569 5723 hoc

2000 5751 2105 5808 cst,
2136 5738 2524 5813 ἱερουργοῦντα
2554 5740 2613 5794 τὸ
2649 5738 2997 5807 Εὐαγγέλιον.

3184 5830 3216 5890 7
