  <div class='ocr_page' id='page_1' title='image "/cluster/home/n/w/nwhite01/storage/ocr_20150623/76/nnc1.0046980067/107.png"; bbox 0 0 4104 6336; ppageno 0'>
   <div class='ocr_carea' id='block_1_1' title="bbox 497 308 629 371">
    <p class='ocr_par' dir='ltr' id='par_1_1' title="bbox 497 308 629 371">
     <span class='ocr_line' id='line_1_1' title="bbox 497 308 629 371; baseline -0.03 0"><span class='ocrx_word' id='word_1_1' title='bbox 497 308 629 371; x_wconf 62' lang='grc' dir='ltr'><strong>’Ἱθὸ</strong></span> 
     </span>
    </p>
   </div>
   <div class='ocr_carea' id='block_1_2' title="bbox 1546 310 2767 369">
    <p class='ocr_par' dir='ltr' id='par_1_2' title="bbox 1546 310 2767 369">
     <span class='ocr_line' id='line_1_2' title="bbox 1546 310 2767 369; baseline 0.002 -2"><span class='ocrx_word' id='word_1_2' title='bbox 1546 313 1601 367; x_wconf 94' lang='lat' dir='ltr'><strong>S.</strong></span> <span class='ocrx_word' id='word_1_3' title='bbox 1643 311 1906 368; x_wconf 67' lang='lat' dir='ltr'><strong>CYRIlLl</strong></span> <span class='ocrx_word' id='word_1_4' title='bbox 1943 310 2412 368; x_wconf 62' lang='lat' dir='ltr'><strong>ALEXANDRINI</strong></span> <span class='ocrx_word' id='word_1_5' title='bbox 2449 312 2767 369; x_wconf 75' lang='lat' dir='ltr'><strong>A‘RCHIEP.</strong></span> 
     </span>
    </p>
   </div>
   <div class='ocr_carea' id='block_1_3' title="bbox 3649 315 3749 370">
    <p class='ocr_par' dir='ltr' id='par_1_3' title="bbox 3649 315 3749 370">
     <span class='ocr_line' id='line_1_3' title="bbox 3649 315 3749 370; baseline -0.02 0"><span class='ocrx_word' id='word_1_6' title='bbox 3649 315 3749 370; x_wconf 74' lang='grc' dir='ltr'>2οι</span> 
     </span>
    </p>
   </div>
   <div class='ocr_carea' id='block_1_4' title="bbox 525 422 2073 502">
    <p class='ocr_par' dir='ltr' id='par_1_4' title="bbox 525 424 2073 498">
     <span class='ocr_line' id='line_1_4' title="bbox 525 424 2073 498; baseline -0.002 -14"><span class='ocrx_word' id='word_1_7' title='bbox 525 430 617 497; x_wconf 87' lang='lat' dir='ltr'><strong>qui</strong></span> <span class='ocrx_word' id='word_1_8' title='bbox 638 427 797 483; x_wconf 87' lang='lat' dir='ltr'><strong>etiam</strong></span> <span class='ocrx_word' id='word_1_9' title='bbox 821 424 1109 481; x_wconf 81' lang='lat' dir='ltr'><strong>ineﬂ&#39;abilis</strong></span> <span class='ocrx_word' id='word_1_10' title='bbox 1129 425 1347 481; x_wconf 84' lang='lat' dir='ltr'><strong>deitatis</strong></span> <span class='ocrx_word' id='word_1_11' title='bbox 1367 437 1592 498; x_wconf 85' lang='lat' dir='ltr'><strong>augusta</strong></span> <span class='ocrx_word' id='word_1_12' title='bbox 1623 427 1917 483; x_wconf 76' lang='lat' dir='ltr'><strong>decoratur</strong></span> <span class='ocrx_word' id='word_1_13' title='bbox 1937 428 2073 489; x_wconf 50' lang='lat' dir='ltr'><strong>sede.</strong></span> 
     </span>
    </p>
   </div>
   <div class='ocr_carea' id='block_1_5' title="bbox 2177 422 3753 502">
    <p class='ocr_par' dir='ltr' id='par_1_5' title="bbox 2190 422 3753 502">
     <span class='ocr_line' id='line_1_5' title="bbox 2190 422 3753 502; baseline 0.003 -23"><span class='ocrx_word' id='word_1_14' title='bbox 2190 428 2335 490; x_wconf 86' lang='grc' dir='ltr'>τίνος</span> <span class='ocrx_word' id='word_1_15' title='bbox 2370 430 2397 479; x_wconf 91' lang='lat'><strong>6</strong></span> <span class='ocrx_word' id='word_1_16' title='bbox 2430 428 2681 491; x_wconf 88' lang='grc' dir='ltr'>θάνατος.</span> <span class='ocrx_word' id='word_1_17' title='bbox 2730 446 2747 479; x_wconf 79' lang='grc' dir='ltr'><strong>ι</strong></span> <span class='ocrx_word' id='word_1_18' title='bbox 2781 428 2973 499; x_wconf 74' lang='grc' dir='ltr'>’Λχρις</span> <span class='ocrx_word' id='word_1_19' title='bbox 3003 422 3064 482; x_wconf 79' lang='grc' dir='ltr'><strong>οὑ</strong></span> <span class='ocrx_word' id='word_1_20' title='bbox 3107 428 3256 502; x_wconf 81' lang='grc' dir='ltr'>ἔλθῃ.</span> <span class='ocrx_word' id='word_1_21' title='bbox 3282 448 3315 497; x_wconf 75' lang='grc' dir='ltr'><strong>ς»</strong></span> <span class='ocrx_word' id='word_1_22' title='bbox 3345 429 3439 494; x_wconf 86' lang='grc' dir='ltr'><strong>Τίς</strong></span> <span class='ocrx_word' id='word_1_23' title='bbox 3456 431 3515 484; x_wconf 83' lang='grc' dir='ltr'><strong>δέ</strong></span> <span class='ocrx_word' id='word_1_24' title='bbox 3544 432 3689 485; x_wconf 83' lang='grc' dir='ltr'>ἐστιν</span> <span class='ocrx_word' id='word_1_25' title='bbox 3722 432 3753 483; x_wconf 78' lang='lat'><strong>6</strong></span> 
     </span>
    </p>
   </div>
   <div class='ocr_carea' id='block_1_6' title="bbox 522 518 2082 585">
    <p class='ocr_par' dir='ltr' id='par_1_6' title="bbox 522 518 2082 585">
     <span class='ocr_line' id='line_1_6' title="bbox 522 518 2082 585; baseline -0.003 -10"><span class='ocrx_word' id='word_1_26' title='bbox 522 531 576 575; x_wconf 90' lang='lat' dir='ltr'><strong>et</strong></span> <span class='ocrx_word' id='word_1_27' title='bbox 623 535 743 575; x_wconf 91' lang='lat' dir='ltr'><strong>cum</strong></span> <span class='ocrx_word' id='word_1_28' title='bbox 790 518 952 574; x_wconf 90' lang='lat' dir='ltr'><strong>Patre</strong></span> <span class='ocrx_word' id='word_1_29' title='bbox 992 518 1258 585; x_wconf 91' lang='lat' dir='ltr'><strong>considet,</strong></span> <span class='ocrx_word' id='word_1_30' title='bbox 1304 518 1783 575; x_wconf 73' lang='lat' dir='ltr'><strong>circumstantibus</strong></span> <span class='ocrx_word' id='word_1_31' title='bbox 1829 519 2082 572; x_wconf 84' lang='lat' dir='ltr'><strong>nimirum</strong></span> 
     </span>
    </p>
   </div>
   <div class='ocr_carea' id='block_1_7' title="bbox 522 608 2083 681">
    <p class='ocr_par' dir='ltr' id='par_1_7' title="bbox 522 608 2083 681">
     <span class='ocr_line' id='line_1_7' title="bbox 522 608 2083 681; baseline -0.003 -14"><span class='ocrx_word' id='word_1_32' title='bbox 522 611 901 681; x_wconf 89' lang='lat' dir='ltr'><strong>Seraphim,et</strong></span> <span class='ocrx_word' id='word_1_33' title='bbox 927 610 1193 680; x_wconf 87' lang='lat' dir='ltr'><strong>supremis</strong></span> <span class='ocrx_word' id='word_1_34' title='bbox 1247 610 1355 665; x_wconf 90' lang='lat' dir='ltr'><strong>illis</strong></span> <span class='ocrx_word' id='word_1_35' title='bbox 1401 608 1723 677; x_wconf 81' lang='lat' dir='ltr'><strong>Virtutibus,</strong></span> <span class='ocrx_word' id='word_1_36' title='bbox 1778 625 2083 665; x_wconf 83' lang='lat' dir='ltr'><strong>mensuram</strong></span> 
     </span>
    </p>
   </div>
   <div class='ocr_carea' id='block_1_8' title="bbox 519 699 2086 772">
    <p class='ocr_par' dir='ltr' id='par_1_8' title="bbox 519 699 2086 772">
     <span class='ocr_line' id='line_1_8' title="bbox 519 699 2086 772; baseline -0.004 -11"><span class='ocrx_word' id='word_1_37' title='bbox 519 720 631 762; x_wconf 73' lang='lat' dir='ltr'><strong>sua:</strong></span> <span class='ocrx_word' id='word_1_38' title='bbox 660 702 955 769; x_wconf 79' lang='lat' dir='ltr'><strong>servitutis,</strong></span> <span class='ocrx_word' id='word_1_39' title='bbox 987 718 1091 772; x_wconf 89' lang='lat' dir='ltr'><strong>qua</strong></span> <span class='ocrx_word' id='word_1_40' title='bbox 1122 701 1193 755; x_wconf 89' lang='lat' dir='ltr'><strong>illi</strong></span> <span class='ocrx_word' id='word_1_41' title='bbox 1230 701 1456 771; x_wconf 79' lang='lat' dir='ltr'><strong>subjecti</strong></span> <span class='ocrx_word' id='word_1_42' title='bbox 1475 710 1618 765; x_wconf 92' lang='lat' dir='ltr'><strong>sunt,</strong></span> <span class='ocrx_word' id='word_1_43' title='bbox 1651 717 1755 755; x_wconf 91' lang='lat' dir='ltr'><strong>non</strong></span> <span class='ocrx_word' id='word_1_44' title='bbox 1791 699 2086 771; x_wconf 87' lang='lat' dir='ltr'><strong>ignoranti-</strong></span> 
     </span>
    </p>
   </div>
   <div class='ocr_carea' id='block_1_9' title="bbox 518 791 2081 862">
    <p class='ocr_par' dir='ltr' id='par_1_9' title="bbox 518 791 2081 862">
     <span class='ocr_line' id='line_1_9' title="bbox 518 791 2081 862; baseline -0.006 -9"><span class='ocrx_word' id='word_1_45' title='bbox 518 798 639 862; x_wconf 92' lang='lat' dir='ltr'><strong>bus,</strong></span> <span class='ocrx_word' id='word_1_46' title='bbox 672 794 922 850; x_wconf 87' lang='lat' dir='ltr'><strong>omnibus</strong></span> <span class='ocrx_word' id='word_1_47' title='bbox 944 794 1106 848; x_wconf 87' lang='lat' dir='ltr'><strong>etiam</strong></span> <span class='ocrx_word' id='word_1_48' title='bbox 1143 792 1506 847; x_wconf 90' lang='lat' dir='ltr'><strong>Potestatibus</strong></span> <span class='ocrx_word' id='word_1_49' title='bbox 1534 792 1681 845; x_wconf 90' lang='lat' dir='ltr'><strong>illum</strong></span> <span class='ocrx_word' id='word_1_50' title='bbox 1713 791 2081 855; x_wconf 89' lang='lat' dir='ltr'><strong>adorantibus,</strong></span> 
     </span>
    </p>
   </div>
   <div class='ocr_carea' id='block_1_10' title="bbox 518 883 2081 951">
    <p class='ocr_par' dir='ltr' id='par_1_10' title="bbox 518 883 2081 951">
     <span class='ocr_line' id='line_1_10' title="bbox 518 883 2081 951; baseline -0.001 -14"><span class='ocrx_word' id='word_1_51' title='bbox 518 887 821 942; x_wconf 80' lang='lat' dir='ltr'><strong>Virtutibus</strong></span> <span class='ocrx_word' id='word_1_52' title='bbox 866 885 1029 939; x_wconf 91' lang='lat' dir='ltr'><strong>etiam</strong></span> <span class='ocrx_word' id='word_1_53' title='bbox 1077 900 1141 938; x_wconf 91' lang='lat' dir='ltr'><strong>ac</strong></span> <span class='ocrx_word' id='word_1_54' title='bbox 1186 884 1647 938; x_wconf 90' lang='lat' dir='ltr'><strong>Dominationibus</strong></span> <span class='ocrx_word' id='word_1_55' title='bbox 1688 901 1703 938; x_wconf 90' lang='lat'><strong>:</strong></span> <span class='ocrx_word' id='word_1_56' title='bbox 1753 902 1772 936; x_wconf 76' lang='grc' dir='ltr'><strong>ι</strong></span> <span class='ocrx_word' id='word_1_57' title='bbox 1810 884 1906 951; x_wconf 89' lang='lat' dir='ltr'><strong>ipsi</strong></span> <span class='ocrx_word' id='word_1_58' title='bbox 1939 883 2081 937; x_wconf 92' lang='lat' dir='ltr'><strong>enim</strong></span> 
     </span>
    </p>
   </div>
   <div class='ocr_carea' id='block_1_11' title="bbox 516 975 2083 1046">
    <p class='ocr_par' dir='ltr' id='par_1_11' title="bbox 516 975 2083 1046">
     <span class='ocr_line' id='line_1_11' title="bbox 516 975 2083 1046; baseline -0.003 -13"><span class='ocrx_word' id='word_1_59' title='bbox 516 994 676 1034; x_wconf 92' lang='lat' dir='ltr'><strong>omne</strong></span> <span class='ocrx_word' id='word_1_60' title='bbox 692 993 828 1046; x_wconf 85' lang='lat' dir='ltr'><strong>genu</strong></span> <span class='ocrx_word' id='word_1_61' title='bbox 849 975 1114 1040; x_wconf 84' lang='lat' dir='ltr'><strong>ﬂectetur,</strong></span> <span class='ocrx_word' id='word_1_62' title='bbox 1129 976 1370 1030; x_wconf 86' lang='lat' dir='ltr'><strong>etomnis</strong></span> <span class='ocrx_word' id='word_1_63' title='bbox 1385 975 1560 1044; x_wconf 81' lang='lat' dir='ltr'><strong>lingua</strong></span> <span class='ocrx_word' id='word_1_64' title='bbox 1579 975 1937 1038; x_wconf 84' lang='lat' dir='ltr'><strong>conﬁtebitur,</strong></span> <span class='ocrx_word' id='word_1_65' title='bbox 1957 976 2083 1044; x_wconf 87' lang='lat' dir='ltr'><strong>quia</strong></span> 
     </span>
    </p>
   </div>
   <div class='ocr_carea' id='block_1_12' title="bbox 515 1066 2079 1135">
    <p class='ocr_par' dir='ltr' id='par_1_12' title="bbox 515 1066 2079 1135">
     <span class='ocr_line' id='line_1_12' title="bbox 515 1066 2079 1135; baseline -0.003 -12"><span class='ocrx_word' id='word_1_66' title='bbox 515 1070 774 1123; x_wconf 89' lang='lat' dir='ltr'><strong>Dominus</strong></span> <span class='ocrx_word' id='word_1_67' title='bbox 806 1067 982 1133; x_wconf 87' lang='lat' dir='ltr'><strong>Jesus,</strong></span> <span class='ocrx_word' id='word_1_68' title='bbox 1012 1066 1062 1119; x_wconf 90' lang='lat' dir='ltr'><strong>in</strong></span> <span class='ocrx_word' id='word_1_69' title='bbox 1088 1066 1307 1135; x_wconf 79' lang='lat' dir='ltr'><strong>gloriam</strong></span> <span class='ocrx_word' id='word_1_70' title='bbox 1334 1066 1426 1120; x_wconf 86' lang='lat' dir='ltr'><strong>Dei</strong></span> <span class='ocrx_word' id='word_1_71' title='bbox 1448 1066 1623 1120; x_wconf 83' lang='lat' dir='ltr'><strong>Patris</strong></span> <span class='ocrx_word' id='word_1_72' title='bbox 1653 1066 1724 1132; x_wconf 79' lang='grc'><strong>¹⁰;</strong></span> <span class='ocrx_word' id='word_1_73' title='bbox 1752 1085 1771 1117; x_wconf 74' lang='grc' dir='ltr'><strong>ι</strong></span> <span class='ocrx_word' id='word_1_74' title='bbox 1805 1075 1859 1120; x_wconf 91' lang='lat' dir='ltr'><strong>et</strong></span> <span class='ocrx_word' id='word_1_75' title='bbox 1885 1066 2079 1131; x_wconf 92' lang='lat' dir='ltr'><strong>veniet,</strong></span> 
     </span>
    </p>
   </div>
   <div class='ocr_carea' id='block_1_13' title="bbox 515 1155 2082 1224">
    <p class='ocr_par' dir='ltr' id='par_1_13' title="bbox 515 1155 2082 1224">
     <span class='ocr_line' id='line_1_13' title="bbox 515 1155 2082 1224; baseline -0.003 -13"><span class='ocrx_word' id='word_1_76' title='bbox 515 1167 575 1211; x_wconf 90' lang='lat' dir='ltr'><strong>ut</strong></span> <span class='ocrx_word' id='word_1_77' title='bbox 607 1158 742 1222; x_wconf 80' lang='lat' dir='ltr'><strong>dixi,</strong></span> <span class='ocrx_word' id='word_1_78' title='bbox 773 1172 876 1210; x_wconf 92' lang='lat' dir='ltr'><strong>non</strong></span> <span class='ocrx_word' id='word_1_79' title='bbox 906 1157 957 1209; x_wconf 92' lang='lat' dir='ltr'><strong>in</strong></span> <span class='ocrx_word' id='word_1_80' title='bbox 991 1164 1172 1209; x_wconf 85' lang='lat' dir='ltr'><strong>nostra</strong></span> <span class='ocrx_word' id='word_1_81' title='bbox 1200 1155 1503 1209; x_wconf 80' lang='lat' dir='ltr'><strong>humilitate</strong></span> <span class='ocrx_word' id='word_1_82' title='bbox 1530 1165 1875 1224; x_wconf 89' lang='lat' dir='ltr'><strong>conspectus,</strong></span> <span class='ocrx_word' id='word_1_83' title='bbox 1906 1155 1999 1208; x_wconf 92' lang='lat' dir='ltr'><strong>sed</strong></span> <span class='ocrx_word' id='word_1_84' title='bbox 2031 1155 2082 1207; x_wconf 93' lang='lat' dir='ltr'><strong>in</strong></span> 
     </span>
    </p>
   </div>
   <div class='ocr_carea' id='block_1_14' title="bbox 514 1244 2081 1321">
    <p class='ocr_par' dir='ltr' id='par_1_14' title="bbox 514 1244 2081 1321">
     <span class='ocr_line' id='line_1_14' title="bbox 514 1244 2081 1321; baseline -0.003 -20"><span class='ocrx_word' id='word_1_85' title='bbox 514 1250 683 1321; x_wconf 77' lang='lat' dir='ltr'><strong>gloria</strong></span> <span class='ocrx_word' id='word_1_86' title='bbox 708 1247 1027 1311; x_wconf 86' lang='lat' dir='ltr'><strong>divinitatis,</strong></span> <span class='ocrx_word' id='word_1_87' title='bbox 1062 1246 1198 1300; x_wconf 63' lang='lat' dir='ltr'><strong>caelo</strong></span> <span class='ocrx_word' id='word_1_88' title='bbox 1258 1246 1575 1315; x_wconf 86' lang='lat' dir='ltr'><strong>superisque</strong></span> <span class='ocrx_word' id='word_1_89' title='bbox 1630 1244 1912 1313; x_wconf 83' lang='lat' dir='ltr'><strong>spiritibus</strong></span> <span class='ocrx_word' id='word_1_90' title='bbox 1958 1260 2081 1298; x_wconf 90' lang='lat' dir='ltr'><strong>eum</strong></span> 
     </span>
    </p>
   </div>
   <div class='ocr_carea' id='block_1_15' title="bbox 514 1333 2082 1407">
    <p class='ocr_par' dir='ltr' id='par_1_15' title="bbox 514 1333 2082 1407">
     <span class='ocr_line' id='line_1_15' title="bbox 514 1333 2082 1407; baseline -0.003 -15"><span class='ocrx_word' id='word_1_91' title='bbox 514 1338 856 1407; x_wconf 85' lang='lat' dir='ltr'><strong>stipantibus,</strong></span> <span class='ocrx_word' id='word_1_92' title='bbox 886 1346 939 1389; x_wconf 93' lang='lat' dir='ltr'><strong>et</strong></span> <span class='ocrx_word' id='word_1_93' title='bbox 962 1335 1059 1405; x_wconf 87' lang='lat' dir='ltr'><strong>ipsi</strong></span> <span class='ocrx_word' id='word_1_94' title='bbox 1088 1345 1144 1387; x_wconf 93' lang='lat' dir='ltr'><strong>ut</strong></span> <span class='ocrx_word' id='word_1_95' title='bbox 1172 1336 1299 1398; x_wconf 91' lang='lat' dir='ltr'><strong>Deo,</strong></span> <span class='ocrx_word' id='word_1_96' title='bbox 1344 1349 1407 1387; x_wconf 90' lang='lat' dir='ltr'><strong>ac</strong></span> <span class='ocrx_word' id='word_1_97' title='bbox 1437 1333 1593 1404; x_wconf 85' lang='lat' dir='ltr'><strong>Regi,</strong></span> <span class='ocrx_word' id='word_1_98' title='bbox 1630 1343 1684 1387; x_wconf 92' lang='lat' dir='ltr'><strong>et</strong></span> <span class='ocrx_word' id='word_1_99' title='bbox 1707 1335 2082 1388; x_wconf 87' lang='lat' dir='ltr'><strong>universorum</strong></span> 
     </span>
    </p>
   </div>
   <div class='ocr_carea' id='block_1_16' title="bbox 513 1425 2079 1496">
    <p class='ocr_par' dir='ltr' id='par_1_16' title="bbox 513 1425 2079 1496">
     <span class='ocr_line' id='line_1_16' title="bbox 513 1425 2079 1496; baseline -0.001 -13"><span class='ocrx_word' id='word_1_100' title='bbox 513 1430 741 1485; x_wconf 87' lang='lat' dir='ltr'><strong>Domino</strong></span> <span class='ocrx_word' id='word_1_101' title='bbox 788 1427 1179 1482; x_wconf 84' lang='lat' dir='ltr'><strong>assistentibus.</strong></span> <span class='ocrx_word' id='word_1_102' title='bbox 1232 1425 1287 1480; x_wconf 90' lang='lat' dir='ltr'><strong>Si</strong></span> <span class='ocrx_word' id='word_1_103' title='bbox 1344 1426 1509 1496; x_wconf 79' lang='lat' dir='ltr'><strong>igitur</strong></span> <span class='ocrx_word' id='word_1_104' title='bbox 1542 1442 1645 1480; x_wconf 90' lang='lat' dir='ltr'><strong>non</strong></span> <span class='ocrx_word' id='word_1_105' title='bbox 1692 1436 1772 1480; x_wconf 86' lang='lat' dir='ltr'><strong>est</strong></span> <span class='ocrx_word' id='word_1_106' title='bbox 1803 1426 1855 1479; x_wconf 93' lang='lat' dir='ltr'><strong>in</strong></span> <span class='ocrx_word' id='word_1_107' title='bbox 1898 1440 2079 1491; x_wconf 89' lang='lat' dir='ltr'><strong>carne,</strong></span> 
     </span>
    </p>
   </div>
   <div class='ocr_carea' id='block_1_17' title="bbox 513 1518 2082 1586">
    <p class='ocr_par' dir='ltr' id='par_1_17' title="bbox 513 1518 2082 1586">
     <span class='ocr_line' id='line_1_17' title="bbox 513 1518 2082 1586; baseline -0.003 -10"><span class='ocrx_word' id='word_1_108' title='bbox 513 1524 618 1577; x_wconf 88' lang='lat' dir='ltr'><strong>hoc</strong></span> <span class='ocrx_word' id='word_1_109' title='bbox 648 1532 751 1586; x_wconf 92' lang='lat' dir='ltr'><strong>est,</strong></span> <span class='ocrx_word' id='word_1_110' title='bbox 782 1536 886 1575; x_wconf 91' lang='lat' dir='ltr'><strong>non</strong></span> <span class='ocrx_word' id='word_1_111' title='bbox 920 1521 1079 1573; x_wconf 91' lang='lat' dir='ltr'><strong>homo</strong></span> <span class='ocrx_word' id='word_1_112' title='bbox 1113 1519 1311 1572; x_wconf 82' lang='lat' dir='ltr'><strong>factum</strong></span> <span class='ocrx_word' id='word_1_113' title='bbox 1353 1527 1436 1573; x_wconf 91' lang='lat' dir='ltr'><strong>est</strong></span> <span class='ocrx_word' id='word_1_114' title='bbox 1482 1518 1571 1573; x_wconf 90' lang='lat' dir='ltr'><strong>Dei</strong></span> <span class='ocrx_word' id='word_1_115' title='bbox 1607 1518 1786 1573; x_wconf 91' lang='lat' dir='ltr'><strong>Patris</strong></span> <span class='ocrx_word' id='word_1_116' title='bbox 1821 1518 2082 1584; x_wconf 82' lang='lat' dir='ltr'><strong>Verbum,</strong></span> 
     </span>
    </p>
   </div>
   <div class='ocr_carea' id='block_1_18' title="bbox 513 1610 2084 1679">
    <p class='ocr_par' dir='ltr' id='par_1_18' title="bbox 513 1610 2084 1679">
     <span class='ocr_line' id='line_1_18' title="bbox 513 1610 2084 1679; baseline -0.001 -11"><span class='ocrx_word' id='word_1_117' title='bbox 513 1614 607 1669; x_wconf 90' lang='lat' dir='ltr'><strong>sed</strong></span> <span class='ocrx_word' id='word_1_118' title='bbox 670 1614 828 1667; x_wconf 88' lang='lat' dir='ltr'><strong>homo</strong></span> <span class='ocrx_word' id='word_1_119' title='bbox 883 1610 1095 1675; x_wconf 71' lang='lat' dir='ltr'><strong>Deiter,</strong></span> <span class='ocrx_word' id='word_1_120' title='bbox 1163 1610 1303 1663; x_wconf 86' lang='lat' dir='ltr'><strong>latus</strong></span> <span class='ocrx_word' id='word_1_121' title='bbox 1356 1625 1673 1679; x_wconf 90' lang='lat' dir='ltr'><strong>corporeum</strong></span> <span class='ocrx_word' id='word_1_122' title='bbox 1734 1611 1973 1676; x_wconf 87' lang='lat' dir='ltr'><strong>habens,</strong></span> <span class='ocrx_word' id='word_1_123' title='bbox 2028 1621 2084 1665; x_wconf 91' lang='lat' dir='ltr'><strong>et</strong></span> 
     </span>
    </p>
   </div>
   <div class='ocr_carea' id='block_1_19' title="bbox 518 1701 2081 1774">
    <p class='ocr_par' dir='ltr' id='par_1_19' title="bbox 518 1701 2081 1774">
     <span class='ocr_line' id='line_1_19' title="bbox 518 1701 2081 1774; baseline 0.001 -19"><span class='ocrx_word' id='word_1_124' title='bbox 518 1704 674 1774; x_wconf 77' lang='lat'><strong>117</strong></span> <span class='ocrx_word' id='word_1_125' title='bbox 730 1702 1199 1771; x_wconf 89' lang='lat' dir='ltr'><strong>compunctionem</strong></span> <span class='ocrx_word' id='word_1_126' title='bbox 1246 1701 1430 1756; x_wconf 90' lang='lat' dir='ltr'><strong>lateris</strong></span> <span class='ocrx_word' id='word_1_127' title='bbox 1463 1718 1674 1771; x_wconf 91' lang='lat' dir='ltr'><strong>passus,</strong></span> <span class='ocrx_word' id='word_1_128' title='bbox 1718 1708 1985 1773; x_wconf 86' lang='lat' dir='ltr'><strong>quomodo</strong></span> <span class='ocrx_word' id='word_1_129' title='bbox 2029 1705 2081 1757; x_wconf 91' lang='lat' dir='ltr'><strong>in</strong></span> 
     </span>
    </p>
   </div>
   <div class='ocr_carea' id='block_1_20' title="bbox 2188 519 3752 592">
    <p class='ocr_par' dir='ltr' id='par_1_20' title="bbox 2188 519 3752 592">
     <span class='ocr_line' id='line_1_20' title="bbox 2188 519 3752 592; baseline 0.003 -22"><span class='ocrx_word' id='word_1_130' title='bbox 2188 519 2512 588; x_wconf 69' lang='grc' dir='ltr'>ἐρχόμενοςς</span> <span class='ocrx_word' id='word_1_131' title='bbox 2552 538 2570 570; x_wconf 75' lang='grc' dir='ltr'><strong>ι</strong></span> <span class='ocrx_word' id='word_1_132' title='bbox 2612 520 2869 589; x_wconf 77' lang='grc' dir='ltr'><strong>Ὄψονται</strong></span> <span class='ocrx_word' id='word_1_133' title='bbox 2899 521 2979 583; x_wconf 90' lang='grc' dir='ltr'>εἰς</span> <span class='ocrx_word' id='word_1_134' title='bbox 3024 520 3081 574; x_wconf 83' lang='grc' dir='ltr'><strong>ὃν</strong></span> <span class='ocrx_word' id='word_1_135' title='bbox 3130 520 3505 592; x_wconf 75' lang='grc' dir='ltr'>ἐξεκέντησαν.</span> <span class='ocrx_word' id='word_1_136' title='bbox 3543 541 3561 572; x_wconf 77' lang='grc' dir='ltr'><strong>ι</strong></span> <span class='ocrx_word' id='word_1_137' title='bbox 3598 522 3752 586; x_wconf 74' lang='grc' dir='ltr'>Ἥξει</span> 
     </span>
    </p>
   </div>
   <div class='ocr_carea' id='block_1_21' title="bbox 2186 610 3751 683">
    <p class='ocr_par' dir='ltr' id='par_1_21' title="bbox 2186 610 3751 683">
     <span class='ocr_line' id='line_1_21' title="bbox 2186 610 3751 683; baseline 0.001 -19"><span class='ocrx_word' id='word_1_138' title='bbox 2186 612 2387 678; x_wconf 81' lang='grc' dir='ltr'><strong>τοίνυν,</strong></span> <span class='ocrx_word' id='word_1_139' title='bbox 2436 615 2465 665; x_wconf 87' lang='grc' dir='ltr'>ὁ</span> <span class='ocrx_word' id='word_1_140' title='bbox 2511 610 2794 675; x_wconf 84' lang='grc' dir='ltr'>πεπονθὼς</span> <span class='ocrx_word' id='word_1_141' title='bbox 2831 612 2930 682; x_wconf 85' lang='grc' dir='ltr'><strong>μὲν</strong></span> <span class='ocrx_word' id='word_1_142' title='bbox 2969 612 3060 665; x_wconf 80' lang='grc' dir='ltr'>τὸν</span> <span class='ocrx_word' id='word_1_143' title='bbox 3109 613 3335 665; x_wconf 85' lang='grc' dir='ltr'>θάνατον</span> <span class='ocrx_word' id='word_1_144' title='bbox 3378 614 3751 683; x_wconf 53' lang='grc' dir='ltr'>ἀνθρωπίνωςγ</span> 
     </span>
    </p>
   </div>
   <div class='ocr_carea' id='block_1_22' title="bbox 2188 702 3752 774">
    <p class='ocr_par' dir='ltr' id='par_1_22' title="bbox 2188 702 3752 774">
     <span class='ocr_line' id='line_1_22' title="bbox 2188 702 3752 774; baseline 0 -19"><span class='ocrx_word' id='word_1_145' title='bbox 2188 702 2554 774; x_wconf 74' lang='grc' dir='ltr'><strong>ἐγηγερμένος</strong></span> <span class='ocrx_word' id='word_1_146' title='bbox 2589 703 2645 755; x_wconf 85' lang='grc' dir='ltr'><strong>δὲ</strong></span> <span class='ocrx_word' id='word_1_147' title='bbox 2676 702 2869 766; x_wconf 86' lang='grc' dir='ltr'>θεῐκῶς</span> <span class='ocrx_word' id='word_1_148' title='bbox 2889 720 2902 733; x_wconf 89' lang='grc'><strong>·</strong></span> <span class='ocrx_word' id='word_1_149' title='bbox 2944 704 3311 773; x_wconf 84' lang='grc' dir='ltr'>ἀναφοιτήσας</span> <span class='ocrx_word' id='word_1_150' title='bbox 3339 703 3395 756; x_wconf 87' lang='grc' dir='ltr'><strong>δέ</strong></span> <span class='ocrx_word' id='word_1_151' title='bbox 3429 706 3523 757; x_wconf 75' lang='grc' dir='ltr'>καὶ</span> <span class='ocrx_word' id='word_1_152' title='bbox 3556 706 3635 767; x_wconf 86' lang='grc' dir='ltr'><strong>είς</strong></span> <span class='ocrx_word' id='word_1_153' title='bbox 3660 705 3752 757; x_wconf 90' lang='grc' dir='ltr'>οὑ-</span> 
     </span>
    </p>
   </div>
   <div class='ocr_carea' id='block_1_23' title="bbox 2190 792 3755 864">
    <p class='ocr_par' dir='ltr' id='par_1_23' title="bbox 2190 792 3755 864">
     <span class='ocr_line' id='line_1_23' title="bbox 2190 792 3755 864; baseline 0 -19"><span class='ocrx_word' id='word_1_154' title='bbox 2190 794 2387 863; x_wconf 79' lang='grc' dir='ltr'>ροινοὺς</span> <span class='ocrx_word' id='word_1_155' title='bbox 2410 836 2423 858; x_wconf 90' lang='grc'>,</span> <span class='ocrx_word' id='word_1_156' title='bbox 2448 792 2505 857; x_wconf 83' lang='grc' dir='ltr'>ὃς</span> <span class='ocrx_word' id='word_1_157' title='bbox 2541 796 2635 846; x_wconf 69' lang='grc' dir='ltr'><strong>καὶ</strong></span> <span class='ocrx_word' id='word_1_158' title='bbox 2662 795 2774 855; x_wconf 85' lang='grc' dir='ltr'>τοῖς</span> <span class='ocrx_word' id='word_1_159' title='bbox 2797 792 2897 863; x_wconf 85' lang='grc' dir='ltr'><strong>τῆς</strong></span> <span class='ocrx_word' id='word_1_160' title='bbox 2924 794 3165 864; x_wconf 74' lang='grc' dir='ltr'>ἀρρήτου</span> <span class='ocrx_word' id='word_1_161' title='bbox 3192 793 3443 864; x_wconf 79' lang='grc' dir='ltr'><strong>θεότητος</strong></span> <span class='ocrx_word' id='word_1_162' title='bbox 3469 792 3755 864; x_wconf 83' lang='grc' dir='ltr'>ἐναϐρύνε-</span> 
     </span>
    </p>
   </div>
   <div class='ocr_carea' id='block_1_24' title="bbox 2186 881 3753 952">
    <p class='ocr_par' dir='ltr' id='par_1_24' title="bbox 2186 881 3753 952">
     <span class='ocr_line' id='line_1_24' title="bbox 2186 881 3753 952; baseline -0.002 -16"><span class='ocrx_word' id='word_1_163' title='bbox 2186 901 2275 936; x_wconf 89' lang='grc' dir='ltr'><strong>ται</strong></span> <span class='ocrx_word' id='word_1_164' title='bbox 2305 882 2519 948; x_wconf 86' lang='grc' dir='ltr'><strong>θώκοις,</strong></span> <span class='ocrx_word' id='word_1_165' title='bbox 2556 884 2649 936; x_wconf 73' lang='grc' dir='ltr'>καὶ</span> <span class='ocrx_word' id='word_1_166' title='bbox 2682 882 2989 952; x_wconf 84' lang='grc' dir='ltr'>συνεδρεύει</span> <span class='ocrx_word' id='word_1_167' title='bbox 3024 881 3100 952; x_wconf 83' lang='grc' dir='ltr'><strong>τῷ</strong></span> <span class='ocrx_word' id='word_1_168' title='bbox 3136 881 3333 952; x_wconf 74' lang='grc' dir='ltr'>Πατρὶ,</span> <span class='ocrx_word' id='word_1_169' title='bbox 3373 881 3753 951; x_wconf 83' lang='grc' dir='ltr'><strong>περιεστώτων</strong></span> 
     </span>
    </p>
   </div>
   <div class='ocr_carea' id='block_1_25' title="bbox 2188 973 3754 1046">
    <p class='ocr_par' dir='ltr' id='par_1_25' title="bbox 2188 973 3754 1046">
     <span class='ocr_line' id='line_1_25' title="bbox 2188 973 3754 1046; baseline -0.002 -17"><span class='ocrx_word' id='word_1_170' title='bbox 2188 977 2244 1029; x_wconf 84' lang='grc' dir='ltr'>ἐν</span> <span class='ocrx_word' id='word_1_171' title='bbox 2276 975 2459 1046; x_wconf 84' lang='grc' dir='ltr'>κύκλῳ</span> <span class='ocrx_word' id='word_1_172' title='bbox 2491 976 2731 1045; x_wconf 88' lang='grc' dir='ltr'>δηλονότι</span> <span class='ocrx_word' id='word_1_173' title='bbox 2760 976 2867 1028; x_wconf 84' lang='grc' dir='ltr'>τῶν</span> <span class='ocrx_word' id='word_1_174' title='bbox 2894 976 3145 1045; x_wconf 76' lang='grc' dir='ltr'>Σεραφὶμ</span> <span class='ocrx_word' id='word_1_175' title='bbox 3168 1016 3181 1039; x_wconf 90' lang='grc'><strong>,</strong></span> <span class='ocrx_word' id='word_1_176' title='bbox 3217 975 3309 1027; x_wconf 73' lang='grc' dir='ltr'><strong>καὶ</strong></span> <span class='ocrx_word' id='word_1_177' title='bbox 3356 973 3463 1026; x_wconf 82' lang='grc' dir='ltr'><strong>τῶν</strong></span> <span class='ocrx_word' id='word_1_178' title='bbox 3492 976 3754 1027; x_wconf 82' lang='grc' dir='ltr'><strong>ἀνωτάτω</strong></span> 
     </span>
    </p>
   </div>
   <div class='ocr_carea' id='block_1_26' title="bbox 2186 1059 3755 1135">
    <p class='ocr_par' dir='ltr' id='par_1_26' title="bbox 2186 1059 3755 1135">
     <span class='ocr_line' id='line_1_26' title="bbox 2186 1059 3755 1135; baseline -0.004 -19"><span class='ocrx_word' id='word_1_179' title='bbox 2186 1066 2498 1135; x_wconf 88' lang='grc' dir='ltr'>Δυνάμεων,</span> <span class='ocrx_word' id='word_1_180' title='bbox 2527 1065 2626 1117; x_wconf 81' lang='grc' dir='ltr'><strong>οὐκ</strong></span> <span class='ocrx_word' id='word_1_181' title='bbox 2646 1063 2952 1132; x_wconf 85' lang='grc' dir='ltr'>ἀγνοουσῶν</span> <span class='ocrx_word' id='word_1_182' title='bbox 2975 1064 3073 1131; x_wconf 84' lang='grc' dir='ltr'>τῆς</span> <span class='ocrx_word' id='word_1_183' title='bbox 3104 1062 3195 1114; x_wconf 82' lang='grc' dir='ltr'>ὑπ’</span> <span class='ocrx_word' id='word_1_184' title='bbox 3216 1059 3405 1113; x_wconf 82' lang='grc' dir='ltr'>ἀὑτῶν</span> <span class='ocrx_word' id='word_1_185' title='bbox 3428 1059 3667 1121; x_wconf 82' lang='grc' dir='ltr'><strong>δουλείας</strong></span> <span class='ocrx_word' id='word_1_186' title='bbox 3694 1060 3755 1110; x_wconf 76' lang='grc' dir='ltr'><strong>τὸ</strong></span> 
     </span>
    </p>
   </div>
   <div class='ocr_carea' id='block_1_27' title="bbox 2188 1151 3754 1227">
    <p class='ocr_par' dir='ltr' id='par_1_27' title="bbox 2188 1151 3754 1227">
     <span class='ocr_line' id='line_1_27' title="bbox 2188 1151 3754 1227; baseline -0.004 -18"><span class='ocrx_word' id='word_1_187' title='bbox 2188 1157 2409 1227; x_wconf 80' lang='grc' dir='ltr'><strong>μέτρον·</strong></span> <span class='ocrx_word' id='word_1_188' title='bbox 2435 1154 2843 1227; x_wconf 88' lang='grc' dir='ltr'>προσκυνούσης</span> <span class='ocrx_word' id='word_1_189' title='bbox 2866 1172 2924 1207; x_wconf 88' lang='grc' dir='ltr'><strong>τε</strong></span> <span class='ocrx_word' id='word_1_190' title='bbox 2951 1153 3099 1223; x_wconf 85' lang='grc' dir='ltr'>αὑτῷ</span> <span class='ocrx_word' id='word_1_191' title='bbox 3127 1151 3509 1215; x_wconf 74' lang='grc' dir='ltr'>καὶἘξουσεας</span> <span class='ocrx_word' id='word_1_192' title='bbox 3535 1152 3754 1219; x_wconf 76' lang='grc' dir='ltr'>ἀπάσης</span> 
     </span>
    </p>
   </div>
   <div class='ocr_carea' id='block_1_28' title="bbox 2185 1232 3752 1317">
    <p class='ocr_par' dir='ltr' id='par_1_28' title="bbox 2185 1232 3752 1317">
     <span class='ocr_line' id='line_1_28' title="bbox 2185 1232 3752 1317; baseline 0.001 -17"><span class='ocrx_word' id='word_1_193' title='bbox 2185 1246 2477 1317; x_wconf 87' lang='grc' dir='ltr'>Δυνάμεώς</span> <span class='ocrx_word' id='word_1_194' title='bbox 2515 1265 2574 1299; x_wconf 88' lang='grc' dir='ltr'><strong>τε</strong></span> <span class='ocrx_word' id='word_1_195' title='bbox 2610 1248 2704 1299; x_wconf 79' lang='grc' dir='ltr'><strong>καὶ</strong></span> <span class='ocrx_word' id='word_1_196' title='bbox 2752 1245 3121 1316; x_wconf 76' lang='grc' dir='ltr'>Κυριότητος·</span> <span class='ocrx_word' id='word_1_197' title='bbox 3164 1261 3183 1294; x_wconf 75' lang='grc' dir='ltr'><strong>ι</strong></span> <span class='ocrx_word' id='word_1_198' title='bbox 3221 1243 3429 1313; x_wconf 70' lang='grc' dir='ltr'>κάμψει</span> <span class='ocrx_word' id='word_1_199' title='bbox 3463 1244 3571 1312; x_wconf 78' lang='grc' dir='ltr'>γὰρ</span> <span class='ocrx_word' id='word_1_200' title='bbox 3601 1232 3752 1311; x_wconf 75' lang='grc' dir='ltr'><strong>αὗτῷ</strong></span> 
     </span>
    </p>
   </div>
   <div class='ocr_carea' id='block_1_29' title="bbox 2186 1334 3751 1406">
    <p class='ocr_par' dir='ltr' id='par_1_29' title="bbox 2186 1334 3751 1406">
     <span class='ocr_line' id='line_1_29' title="bbox 2186 1334 3751 1406; baseline -0.004 -15"><span class='ocrx_word' id='word_1_201' title='bbox 2186 1340 2293 1392; x_wconf 80' lang='grc' dir='ltr'>πᾶν</span> <span class='ocrx_word' id='word_1_202' title='bbox 2331 1338 2481 1406; x_wconf 88' lang='grc' dir='ltr'>γόνυ,</span> <span class='ocrx_word' id='word_1_203' title='bbox 2541 1337 2635 1391; x_wconf 74' lang='grc' dir='ltr'><strong>καὶ</strong></span> <span class='ocrx_word' id='word_1_204' title='bbox 2682 1338 2830 1390; x_wconf 81' lang='grc' dir='ltr'>πᾶσα</span> <span class='ocrx_word' id='word_1_205' title='bbox 2870 1335 3091 1404; x_wconf 82' lang='grc' dir='ltr'>γλῶσσα</span> <span class='ocrx_word' id='word_1_206' title='bbox 3142 1335 3628 1405; x_wconf 82' lang='grc' dir='ltr'>ἐξομολογήσεται,</span> <span class='ocrx_word' id='word_1_207' title='bbox 3666 1334 3751 1386; x_wconf 84' lang='grc' dir='ltr'>ὅτι</span> 
     </span>
    </p>
   </div>
   <div class='ocr_carea' id='block_1_30' title="bbox 2186 1425 3751 1503">
    <p class='ocr_par' dir='ltr' id='par_1_30' title="bbox 2186 1425 3751 1503">
     <span class='ocr_line' id='line_1_30' title="bbox 2186 1425 3751 1503; baseline -0.005 -19"><span class='ocrx_word' id='word_1_208' title='bbox 2186 1432 2391 1503; x_wconf 86' lang='grc' dir='ltr'>Κύριος</span> <span class='ocrx_word' id='word_1_209' title='bbox 2406 1430 2630 1501; x_wconf 81' lang='grc' dir='ltr'>Ἰησοῦς,</span> <span class='ocrx_word' id='word_1_210' title='bbox 2656 1432 2735 1493; x_wconf 79' lang='grc' dir='ltr'><strong>εἰς</strong></span> <span class='ocrx_word' id='word_1_211' title='bbox 2764 1430 2918 1495; x_wconf 80' lang='grc' dir='ltr'>δόξαν</span> <span class='ocrx_word' id='word_1_212' title='bbox 2947 1427 3081 1481; x_wconf 90' lang='grc' dir='ltr'>Θεοῦ</span> <span class='ocrx_word' id='word_1_213' title='bbox 3104 1425 3542 1499; x_wconf 80' lang='grc' dir='ltr'>Πατρός.»”Ηξει</span> <span class='ocrx_word' id='word_1_214' title='bbox 3564 1425 3641 1491; x_wconf 86' lang='grc' dir='ltr'><strong>δὲ,</strong></span> <span class='ocrx_word' id='word_1_215' title='bbox 3673 1426 3751 1488; x_wconf 81' lang='grc' dir='ltr'>ὡς</span> 
     </span>
    </p>
   </div>
   <div class='ocr_carea' id='block_1_31' title="bbox 2185 1517 3751 1593">
    <p class='ocr_par' dir='ltr' id='par_1_31' title="bbox 2185 1517 3751 1593">
     <span class='ocr_line' id='line_1_31' title="bbox 2185 1517 3751 1593; baseline -0.005 -17"><span class='ocrx_word' id='word_1_216' title='bbox 2185 1522 2343 1593; x_wconf 83' lang='grc' dir='ltr'>ἔφην,</span> <span class='ocrx_word' id='word_1_217' title='bbox 2370 1526 2468 1576; x_wconf 86' lang='grc' dir='ltr'><strong>οὑκ</strong></span> <span class='ocrx_word' id='word_1_218' title='bbox 2495 1522 2551 1575; x_wconf 77' lang='grc' dir='ltr'>ἓν</span> <span class='ocrx_word' id='word_1_219' title='bbox 2577 1540 2640 1589; x_wconf 90' lang='grc' dir='ltr'><strong>γε</strong></span> <span class='ocrx_word' id='word_1_220' title='bbox 2665 1524 2731 1592; x_wconf 82' lang='grc' dir='ltr'>τῇ</span> <span class='ocrx_word' id='word_1_221' title='bbox 2765 1520 2885 1574; x_wconf 88' lang='grc' dir='ltr'>καθ’</span> <span class='ocrx_word' id='word_1_222' title='bbox 2921 1521 3069 1590; x_wconf 84' lang='grc' dir='ltr'>ἡμᾶς</span> <span class='ocrx_word' id='word_1_223' title='bbox 3105 1518 3546 1590; x_wconf 80' lang='grc' dir='ltr'>σμικροπρεπείᾳ</span> <span class='ocrx_word' id='word_1_224' title='bbox 3572 1517 3751 1587; x_wconf 79' lang='grc' dir='ltr'>φαινό‹</span> 
     </span>
    </p>
   </div>
   <div class='ocr_carea' id='block_1_32' title="bbox 2190 1609 3751 1687">
    <p class='ocr_par' dir='ltr' id='par_1_32' title="bbox 2190 1609 3751 1687">
     <span class='ocr_line' id='line_1_32' title="bbox 2190 1609 3751 1687; baseline -0.004 -19"><span class='ocrx_word' id='word_1_225' title='bbox 2190 1633 2367 1687; x_wconf 86' lang='grc' dir='ltr'>μενος,</span> <span class='ocrx_word' id='word_1_226' title='bbox 2401 1616 2458 1666; x_wconf 86' lang='grc' dir='ltr'><strong>ἐν</strong></span> <span class='ocrx_word' id='word_1_227' title='bbox 2499 1614 2718 1685; x_wconf 80' lang='grc' dir='ltr'>εὐκλείᾳ</span> <span class='ocrx_word' id='word_1_228' title='bbox 2746 1612 2803 1665; x_wconf 84' lang='grc' dir='ltr'><strong>δὲ</strong></span> <span class='ocrx_word' id='word_1_229' title='bbox 2844 1613 3043 1683; x_wconf 83' lang='grc' dir='ltr'>μᾶλλον</span> <span class='ocrx_word' id='word_1_230' title='bbox 3074 1615 3139 1683; x_wconf 81' lang='grc' dir='ltr'>τῇ</span> <span class='ocrx_word' id='word_1_231' title='bbox 3171 1610 3639 1681; x_wconf 82' lang='grc' dir='ltr'>θεοπρεπεστάτῃ,</span> <span class='ocrx_word' id='word_1_232' title='bbox 3663 1609 3751 1661; x_wconf 82' lang='grc' dir='ltr'><strong>δο-</strong></span> 
     </span>
    </p>
   </div>
   <div class='ocr_carea' id='block_1_33' title="bbox 2189 1701 3751 1778">
    <p class='ocr_par' dir='ltr' id='par_1_33' title="bbox 2189 1701 3751 1778">
     <span class='ocr_line' id='line_1_33' title="bbox 2189 1701 3751 1778; baseline -0.004 -18"><span class='ocrx_word' id='word_1_233' title='bbox 2189 1706 2551 1778; x_wconf 77' lang='grc' dir='ltr'>ρυφοροῦντος</span> <span class='ocrx_word' id='word_1_234' title='bbox 2583 1703 2815 1775; x_wconf 87' lang='grc' dir='ltr'>οὐρανοῦ</span> <span class='ocrx_word' id='word_1_235' title='bbox 2850 1705 2943 1758; x_wconf 74' lang='grc' dir='ltr'><strong>καὶ</strong></span> <span class='ocrx_word' id='word_1_236' title='bbox 2988 1704 3097 1756; x_wconf 81' lang='grc' dir='ltr'>τῶν</span> <span class='ocrx_word' id='word_1_237' title='bbox 3146 1705 3256 1758; x_wconf 87' lang='grc' dir='ltr'><strong>ἄνω</strong></span> <span class='ocrx_word' id='word_1_238' title='bbox 3309 1703 3627 1773; x_wconf 82' lang='grc' dir='ltr'><strong>πνευμάτων</strong></span> <span class='ocrx_word' id='word_1_239' title='bbox 3672 1701 3751 1763; x_wconf 78' lang='grc' dir='ltr'>ὡς</span> 
     </span>
    </p>
   </div>
   <div class='ocr_carea' id='block_1_34' title="bbox 514 1789 2073 1867">
    <p class='ocr_par' dir='ltr' id='par_1_34' title="bbox 514 1792 2073 1864">
     <span class='ocr_line' id='line_1_34' title="bbox 514 1792 2073 1864; baseline -0.003 -12"><span class='ocrx_word' id='word_1_240' title='bbox 514 1800 641 1853; x_wconf 87' lang='lat' dir='ltr'><strong>sede</strong></span> <span class='ocrx_word' id='word_1_241' title='bbox 682 1810 946 1864; x_wconf 66' lang='lat' dir='ltr'><strong>supremae</strong></span> <span class='ocrx_word' id='word_1_242' title='bbox 999 1792 1296 1847; x_wconf 83' lang='lat' dir='ltr'><strong>divinitatis</strong></span> <span class='ocrx_word' id='word_1_243' title='bbox 1342 1794 1694 1862; x_wconf 88' lang='lat' dir='ltr'><strong>conspicitur,</strong></span> <span class='ocrx_word' id='word_1_244' title='bbox 1727 1795 1873 1847; x_wconf 90' lang='lat' dir='ltr'><strong>velut</strong></span> <span class='ocrx_word' id='word_1_245' title='bbox 1920 1811 2073 1863; x_wconf 85' lang='lat' dir='ltr'><strong>quar-</strong></span> 
     </span>
    </p>
   </div>
   <div class='ocr_carea' id='block_1_35' title="bbox 2177 1789 3747 1867">
    <p class='ocr_par' dir='ltr' id='par_1_35' title="bbox 2183 1792 3747 1867">
     <span class='ocr_line' id='line_1_35' title="bbox 2183 1792 3747 1867; baseline -0.004 -17"><span class='ocrx_word' id='word_1_246' title='bbox 2183 1796 2302 1867; x_wconf 83' lang='grc' dir='ltr'>Θεῴ</span> <span class='ocrx_word' id='word_1_247' title='bbox 2333 1814 2388 1849; x_wconf 85' lang='grc' dir='ltr'><strong>τε</strong></span> <span class='ocrx_word' id='word_1_248' title='bbox 2417 1796 2509 1849; x_wconf 69' lang='grc' dir='ltr'><strong>καὶ</strong></span> <span class='ocrx_word' id='word_1_249' title='bbox 2536 1794 2775 1857; x_wconf 82' lang='grc' dir='ltr'>Βασιλεῖ,</span> <span class='ocrx_word' id='word_1_250' title='bbox 2805 1795 2897 1847; x_wconf 70' lang='grc' dir='ltr'>καὶ</span> <span class='ocrx_word' id='word_1_251' title='bbox 2923 1792 3001 1863; x_wconf 82' lang='grc' dir='ltr'>τῷ</span> <span class='ocrx_word' id='word_1_252' title='bbox 3030 1793 3138 1846; x_wconf 81' lang='grc' dir='ltr'>τῶν</span> <span class='ocrx_word' id='word_1_253' title='bbox 3166 1792 3303 1846; x_wconf 80' lang='grc' dir='ltr'>ὅλων</span> <span class='ocrx_word' id='word_1_254' title='bbox 3326 1793 3571 1864; x_wconf 79' lang='grc' dir='ltr'>Δεσπότῃ</span> <span class='ocrx_word' id='word_1_255' title='bbox 3601 1808 3747 1861; x_wconf 85' lang='grc' dir='ltr'>παρ-</span> 
     </span>
    </p>
   </div>
   <div class='ocr_carea' id='block_1_36' title="bbox 514 1885 2081 1954">
    <p class='ocr_par' dir='ltr' id='par_1_36' title="bbox 514 1885 2081 1954">
     <span class='ocr_line' id='line_1_36' title="bbox 514 1885 2081 1954; baseline -0.003 -9"><span class='ocrx_word' id='word_1_256' title='bbox 514 1900 602 1945; x_wconf 90' lang='lat' dir='ltr'><strong>tus</strong></span> <span class='ocrx_word' id='word_1_257' title='bbox 651 1888 803 1943; x_wconf 87' lang='lat' dir='ltr'><strong>nobis</strong></span> <span class='ocrx_word' id='word_1_258' title='bbox 859 1887 1000 1940; x_wconf 91' lang='lat' dir='ltr'><strong>Deus</strong></span> <span class='ocrx_word' id='word_1_259' title='bbox 1037 1885 1255 1952; x_wconf 90' lang='lat' dir='ltr'><strong>quidam</strong></span> <span class='ocrx_word' id='word_1_260' title='bbox 1312 1900 1502 1939; x_wconf 90' lang='lat' dir='ltr'><strong>recens</strong></span> <span class='ocrx_word' id='word_1_261' title='bbox 1542 1894 1661 1954; x_wconf 89' lang='lat' dir='ltr'><strong>post</strong></span> <span class='ocrx_word' id='word_1_262' title='bbox 1684 1896 1928 1940; x_wconf 81' lang='lat' dir='ltr'><strong>sanetam</strong></span> <span class='ocrx_word' id='word_1_263' title='bbox 1960 1887 2081 1940; x_wconf 86' lang='lat' dir='ltr'><strong>Tri-</strong></span> 
     </span>
    </p>
   </div>
   <div class='ocr_carea' id='block_1_37' title="bbox 513 1976 2076 2047">
    <p class='ocr_par' dir='ltr' id='par_1_37' title="bbox 513 1976 2076 2047">
     <span class='ocr_line' id='line_1_37' title="bbox 513 1976 2076 2047; baseline -0.004 -11"><span class='ocrx_word' id='word_1_264' title='bbox 513 1982 733 2037; x_wconf 89' lang='lat' dir='ltr'><strong>nitatem</strong></span> <span class='ocrx_word' id='word_1_265' title='bbox 798 1976 1211 2034; x_wconf 75' lang='lat' dir='ltr'><strong>eﬂ‘ectus?Non</strong></span> <span class='ocrx_word' id='word_1_266' title='bbox 1280 1976 1471 2030; x_wconf 87' lang='lat' dir='ltr'><strong>horres</strong></span> <span class='ocrx_word' id='word_1_267' title='bbox 1543 1976 1723 2031; x_wconf 88' lang='lat' dir='ltr'><strong>dicere</strong></span> <span class='ocrx_word' id='word_1_268' title='bbox 1806 1978 2076 2047; x_wconf 78' lang='lat' dir='ltr'><strong>vulgarem</strong></span> 
     </span>
    </p>
   </div>
   <div class='ocr_carea' id='block_1_38' title="bbox 512 2068 2080 2139">
    <p class='ocr_par' dir='ltr' id='par_1_38' title="bbox 512 2068 2080 2139">
     <span class='ocr_line' id='line_1_38' title="bbox 512 2068 2080 2139; baseline -0.006 -10"><span class='ocrx_word' id='word_1_269' title='bbox 512 2074 806 2139; x_wconf 88' lang='lat' dir='ltr'><strong>hominem,</strong></span> <span class='ocrx_word' id='word_1_270' title='bbox 833 2081 1095 2126; x_wconf 74' lang='lat' dir='ltr'><strong>creatura:</strong></span> <span class='ocrx_word' id='word_1_271' title='bbox 1123 2068 1323 2123; x_wconf 88' lang='lat' dir='ltr'><strong>cultum</strong></span> <span class='ocrx_word' id='word_1_272' title='bbox 1349 2068 1709 2122; x_wconf 81' lang='lat' dir='ltr'><strong>exhibendum</strong></span> <span class='ocrx_word' id='word_1_273' title='bbox 1734 2068 2080 2139; x_wconf 87' lang='lat' dir='ltr'><strong>excogitans?</strong></span> 
     </span>
    </p>
   </div>
   <div class='ocr_carea' id='block_1_39' title="bbox 513 2160 2078 2235">
    <p class='ocr_par' dir='ltr' id='par_1_39' title="bbox 513 2160 2078 2235">
     <span class='ocr_line' id='line_1_39' title="bbox 513 2160 2078 2235; baseline -0.005 -14"><span class='ocrx_word' id='word_1_274' title='bbox 513 2166 730 2235; x_wconf 87' lang='lat' dir='ltr'><strong>Ergone</strong></span> <span class='ocrx_word' id='word_1_275' title='bbox 780 2161 1052 2216; x_wconf 84' lang='lat' dir='ltr'><strong>veteribus</strong></span> <span class='ocrx_word' id='word_1_276' title='bbox 1097 2160 1305 2229; x_wconf 84' lang='lat' dir='ltr'><strong>laqueis</strong></span> <span class='ocrx_word' id='word_1_277' title='bbox 1339 2161 1639 2215; x_wconf 86' lang='lat' dir='ltr'><strong>detinemur</strong></span> <span class='ocrx_word' id='word_1_278' title='bbox 1668 2161 1691 2213; x_wconf 87' lang='lat'><strong>?</strong></span> <span class='ocrx_word' id='word_1_279' title='bbox 1724 2175 1924 2231; x_wconf 89' lang='lat' dir='ltr'><strong>ergone</strong></span> <span class='ocrx_word' id='word_1_280' title='bbox 1970 2161 2078 2213; x_wconf 87' lang='lat' dir='ltr'><strong>Deo</strong></span> 
     </span>
    </p>
   </div>
   <div class='ocr_carea' id='block_1_40' title="bbox 510 2251 2078 2328">
    <p class='ocr_par' dir='ltr' id='par_1_40' title="bbox 510 2251 2078 2328">
     <span class='ocr_line' id='line_1_40' title="bbox 510 2251 2078 2328; baseline -0.005 -16"><span class='ocrx_word' id='word_1_281' title='bbox 510 2256 761 2328; x_wconf 87' lang='lat' dir='ltr'><strong>injuriam</strong></span> <span class='ocrx_word' id='word_1_282' title='bbox 811 2253 993 2308; x_wconf 88' lang='lat' dir='ltr'><strong>intulit</strong></span> <span class='ocrx_word' id='word_1_283' title='bbox 1042 2261 1096 2307; x_wconf 90' lang='lat' dir='ltr'><strong>et</strong></span> <span class='ocrx_word' id='word_1_284' title='bbox 1145 2251 1424 2307; x_wconf 89' lang='lat' dir='ltr'><strong>nobiscum</strong></span> <span class='ocrx_word' id='word_1_285' title='bbox 1474 2266 1659 2306; x_wconf 88' lang='lat' dir='ltr'><strong>errore</strong></span> <span class='ocrx_word' id='word_1_286' title='bbox 1714 2252 1936 2306; x_wconf 89' lang='lat' dir='ltr'><strong>seducta</strong></span> <span class='ocrx_word' id='word_1_287' title='bbox 1994 2260 2078 2306; x_wconf 90' lang='lat' dir='ltr'><strong>est</strong></span> 
     </span>
    </p>
   </div>
   <div class='ocr_carea' id='block_1_41' title="bbox 509 2342 2075 2412">
    <p class='ocr_par' dir='ltr' id='par_1_41' title="bbox 509 2342 2075 2412">
     <span class='ocr_line' id='line_1_41' title="bbox 509 2342 2075 2412; baseline -0.004 -9"><span class='ocrx_word' id='word_1_288' title='bbox 509 2356 691 2403; x_wconf 81' lang='lat' dir='ltr'><strong>sancta</strong></span> <span class='ocrx_word' id='word_1_289' title='bbox 740 2345 827 2399; x_wconf 89' lang='lat' dir='ltr'><strong>illa</strong></span> <span class='ocrx_word' id='word_1_290' title='bbox 890 2342 1175 2397; x_wconf 89' lang='lat' dir='ltr'><strong>multitudo</strong></span> <span class='ocrx_word' id='word_1_291' title='bbox 1226 2357 1578 2411; x_wconf 89' lang='lat' dir='ltr'><strong>supernorum</strong></span> <span class='ocrx_word' id='word_1_292' title='bbox 1639 2343 1978 2412; x_wconf 88' lang='lat' dir='ltr'><strong>spirituum?</strong></span> <span class='ocrx_word' id='word_1_293' title='bbox 2019 2343 2075 2397; x_wconf 82' lang='lat' dir='ltr'><strong>Si</strong></span> 
     </span>
    </p>
   </div>
   <div class='ocr_carea' id='block_1_42' title="bbox 509 2435 2078 2504">
    <p class='ocr_par' dir='ltr' id='par_1_42' title="bbox 509 2435 2078 2504">
     <span class='ocr_line' id='line_1_42' title="bbox 509 2435 2078 2504; baseline -0.001 -11"><span class='ocrx_word' id='word_1_294' title='bbox 509 2440 678 2495; x_wconf 77' lang='lat' dir='ltr'><strong>veleri</strong></span> <span class='ocrx_word' id='word_1_295' title='bbox 732 2451 915 2492; x_wconf 87' lang='lat' dir='ltr'><strong>errore</strong></span> <span class='ocrx_word' id='word_1_296' title='bbox 968 2435 1178 2490; x_wconf 87' lang='lat' dir='ltr'><strong>liberati</strong></span> <span class='ocrx_word' id='word_1_297' title='bbox 1234 2450 1420 2489; x_wconf 92' lang='lat' dir='ltr'><strong>sumus</strong></span> <span class='ocrx_word' id='word_1_298' title='bbox 1466 2435 1522 2488; x_wconf 91' lang='lat' dir='ltr'><strong>in</strong></span> <span class='ocrx_word' id='word_1_299' title='bbox 1578 2449 1644 2489; x_wconf 86' lang='lat' dir='ltr'><strong>eo</strong></span> <span class='ocrx_word' id='word_1_300' title='bbox 1693 2436 1833 2504; x_wconf 89' lang='lat' dir='ltr'><strong>quod</strong></span> <span class='ocrx_word' id='word_1_301' title='bbox 1872 2437 2078 2491; x_wconf 78' lang='lat' dir='ltr'><strong>servire</strong></span> 
     </span>
    </p>
   </div>
   <div class='ocr_carea' id='block_1_43' title="bbox 511 2525 2078 2595">
    <p class='ocr_par' dir='ltr' id='par_1_43' title="bbox 511 2525 2078 2595">
     <span class='ocr_line' id='line_1_43' title="bbox 511 2525 2078 2595; baseline -0.003 -10"><span class='ocrx_word' id='word_1_302' title='bbox 511 2539 773 2585; x_wconf 62' lang='lat' dir='ltr'><strong>creaturis</strong></span> <span class='ocrx_word' id='word_1_303' title='bbox 806 2538 1057 2595; x_wconf 87' lang='lat' dir='ltr'><strong>tanquam</strong></span> <span class='ocrx_word' id='word_1_304' title='bbox 1118 2539 1229 2578; x_wconf 90' lang='lat' dir='ltr'><strong>rem</strong></span> <span class='ocrx_word' id='word_1_305' title='bbox 1287 2525 1507 2594; x_wconf 89' lang='lat' dir='ltr'><strong>impiam</strong></span> <span class='ocrx_word' id='word_1_306' title='bbox 1543 2526 1929 2591; x_wconf 85' lang='lat' dir='ltr'><strong>recusavimus,</strong></span> <span class='ocrx_word' id='word_1_307' title='bbox 1981 2540 2078 2580; x_wconf 88' lang='lat' dir='ltr'><strong>cur</strong></span> 
     </span>
    </p>
   </div>
   <div class='ocr_carea' id='block_1_44' title="bbox 511 2614 2074 2683">
    <p class='ocr_par' dir='ltr' id='par_1_44' title="bbox 511 2614 2074 2683">
     <span class='ocr_line' id='line_1_44' title="bbox 511 2614 2074 2683; baseline -0.001 -10"><span class='ocrx_word' id='word_1_308' title='bbox 511 2635 608 2673; x_wconf 88' lang='lat' dir='ltr'><strong>nos</strong></span> <span class='ocrx_word' id='word_1_309' title='bbox 653 2619 705 2672; x_wconf 90' lang='lat' dir='ltr'><strong>in</strong></span> <span class='ocrx_word' id='word_1_310' title='bbox 740 2625 918 2671; x_wconf 79' lang='lat' dir='ltr'><strong>vetera</strong></span> <span class='ocrx_word' id='word_1_311' title='bbox 964 2615 1189 2670; x_wconf 88' lang='lat' dir='ltr'><strong>crimina</strong></span> <span class='ocrx_word' id='word_1_312' title='bbox 1234 2614 1475 2683; x_wconf 85' lang='lat' dir='ltr'><strong>conjicis,</strong></span> <span class='ocrx_word' id='word_1_313' title='bbox 1508 2625 1563 2669; x_wconf 91' lang='lat' dir='ltr'><strong>et</strong></span> <span class='ocrx_word' id='word_1_314' title='bbox 1590 2617 2074 2671; x_wconf 83' lang='lat' dir='ltr'><strong>elIicishominico-</strong></span> 
     </span>
    </p>
   </div>
   <div class='ocr_carea' id='block_1_45' title="bbox 511 2707 2076 2766">
    <p class='ocr_par' dir='ltr' id='par_1_45' title="bbox 511 2707 2076 2766">
     <span class='ocr_line' id='line_1_45' title="bbox 511 2707 2076 2766; baseline -0.001 -2"><span class='ocrx_word' id='word_1_315' title='bbox 511 2712 625 2766; x_wconf 84' lang='lat' dir='ltr'><strong>las?</strong></span> <span class='ocrx_word' id='word_1_316' title='bbox 646 2709 754 2765; x_wconf 87' lang='lat' dir='ltr'><strong>Nos</strong></span> <span class='ocrx_word' id='word_1_317' title='bbox 776 2712 918 2763; x_wconf 89' lang='lat' dir='ltr'><strong>enim</strong></span> <span class='ocrx_word' id='word_1_318' title='bbox 945 2710 1144 2763; x_wconf 82' lang='lat' dir='ltr'><strong>scimus</strong></span> <span class='ocrx_word' id='word_1_319' title='bbox 1171 2718 1223 2762; x_wconf 91' lang='lat' dir='ltr'><strong>el</strong></span> <span class='ocrx_word' id='word_1_320' title='bbox 1241 2708 1512 2763; x_wconf 88' lang='lat' dir='ltr'><strong>credimus</strong></span> <span class='ocrx_word' id='word_1_321' title='bbox 1533 2708 1661 2763; x_wconf 91' lang='lat' dir='ltr'><strong>illud</strong></span> <span class='ocrx_word' id='word_1_322' title='bbox 1692 2723 1756 2762; x_wconf 86' lang='lat' dir='ltr'><strong>ex</strong></span> <span class='ocrx_word' id='word_1_323' title='bbox 1784 2709 1890 2763; x_wconf 90' lang='lat' dir='ltr'><strong>Deo</strong></span> <span class='ocrx_word' id='word_1_324' title='bbox 1916 2707 2076 2763; x_wconf 89' lang='lat' dir='ltr'><strong>Patre</strong></span> 
     </span>
    </p>
   </div>
   <div class='ocr_carea' id='block_1_46' title="bbox 510 2798 2074 2868">
    <p class='ocr_par' dir='ltr' id='par_1_46' title="bbox 510 2798 2074 2868">
     <span class='ocr_line' id='line_1_46' title="bbox 510 2798 2074 2868; baseline -0.001 -12"><span class='ocrx_word' id='word_1_325' title='bbox 510 2802 741 2856; x_wconf 84' lang='lat' dir='ltr'><strong>Verbum</strong></span> <span class='ocrx_word' id='word_1_326' title='bbox 798 2814 1011 2854; x_wconf 84' lang='lat' dir='ltr'><strong>carnem</strong></span> <span class='ocrx_word' id='word_1_327' title='bbox 1055 2810 1127 2853; x_wconf 68' lang='grc' dir='ltr'>νει</span> <span class='ocrx_word' id='word_1_328' title='bbox 1172 2798 1489 2868; x_wconf 84' lang='lat' dir='ltr'><strong>sanguinem</strong></span> <span class='ocrx_word' id='word_1_329' title='bbox 1524 2799 1891 2868; x_wconf 88' lang='lat' dir='ltr'><strong>assumpsisse</strong></span> <span class='ocrx_word' id='word_1_330' title='bbox 1927 2816 1940 2853; x_wconf 91' lang='lat'>:</span> <span class='ocrx_word' id='word_1_331' title='bbox 1979 2802 2074 2854; x_wconf 88' lang='lat' dir='ltr'><strong>sed</strong></span> 
     </span>
    </p>
   </div>
   <div class='ocr_carea' id='block_1_47' title="bbox 492 2888 2075 2962">
    <p class='ocr_par' dir='ltr' id='par_1_47' title="bbox 492 2888 2075 2962">
     <span class='ocr_line' id='line_1_47' title="bbox 492 2888 2075 2962; baseline -0.001 -16"><span class='ocrx_word' id='word_1_332' title='bbox 492 2893 633 2962; x_wconf 82' lang='lat' dir='ltr'><strong>&#39;quia</strong></span> <span class='ocrx_word' id='word_1_333' title='bbox 688 2891 986 2962; x_wconf 89' lang='lat' dir='ltr'><strong>permansit</strong></span> <span class='ocrx_word' id='word_1_334' title='bbox 1038 2889 1202 2951; x_wconf 87' lang='lat' dir='ltr'><strong>idem,</strong></span> <span class='ocrx_word' id='word_1_335' title='bbox 1251 2904 1443 2957; x_wconf 89' lang='lat' dir='ltr'><strong>nempe</strong></span> <span class='ocrx_word' id='word_1_336' title='bbox 1494 2888 1657 2955; x_wconf 85' lang='lat' dir='ltr'><strong>Deus,</strong></span> <span class='ocrx_word' id='word_1_337' title='bbox 1707 2904 1858 2943; x_wconf 90' lang='lat' dir='ltr'><strong>suam</strong></span> <span class='ocrx_word' id='word_1_338' title='bbox 1911 2904 2075 2959; x_wconf 87' lang='lat' dir='ltr'><strong>supra</strong></span> 
     </span>
    </p>
   </div>
   <div class='ocr_carea' id='block_1_48' title="bbox 507 2980 2073 3051">
    <p class='ocr_par' dir='ltr' id='par_1_48' title="bbox 507 2980 2073 3051">
     <span class='ocr_line' id='line_1_48' title="bbox 507 2980 2073 3051; baseline -0.003 -9"><span class='ocrx_word' id='word_1_339' title='bbox 507 2986 687 3042; x_wconf 91' lang='lat' dir='ltr'><strong>omnia</strong></span> <span class='ocrx_word' id='word_1_340' title='bbox 717 2980 1225 3038; x_wconf 77' lang='lat' dir='ltr'><strong>excellentissimam</strong></span> <span class='ocrx_word' id='word_1_341' title='bbox 1277 2981 1592 3051; x_wconf 87' lang='lat' dir='ltr'><strong>dignitatem</strong></span> <span class='ocrx_word' id='word_1_342' title='bbox 1637 2982 1873 3036; x_wconf 84' lang='lat' dir='ltr'><strong>servavit</strong></span> <span class='ocrx_word' id='word_1_343' title='bbox 1909 2983 2073 3037; x_wconf 89' lang='lat' dir='ltr'><strong>etiam</strong></span> 
     </span>
    </p>
   </div>
   <div class='ocr_carea' id='block_1_49' title="bbox 505 3071 2073 3145">
    <p class='ocr_par' dir='ltr' id='par_1_49' title="bbox 505 3071 2073 3145">
     <span class='ocr_line' id='line_1_49' title="bbox 505 3071 2073 3145; baseline -0.004 -12"><span class='ocrx_word' id='word_1_344' title='bbox 505 3092 628 3133; x_wconf 85' lang='lat' dir='ltr'><strong>cum</strong></span> <span class='ocrx_word' id='word_1_345' title='bbox 648 3074 868 3145; x_wconf 89' lang='lat' dir='ltr'><strong>perinde</strong></span> <span class='ocrx_word' id='word_1_346' title='bbox 889 3088 951 3126; x_wconf 91' lang='lat' dir='ltr'><strong>ac</strong></span> <span class='ocrx_word' id='word_1_347' title='bbox 983 3087 1079 3127; x_wconf 87' lang='lat' dir='ltr'><strong>nos</strong></span> <span class='ocrx_word' id='word_1_348' title='bbox 1128 3079 1274 3127; x_wconf 88' lang='lat' dir='ltr'><strong>esset</strong></span> <span class='ocrx_word' id='word_1_349' title='bbox 1316 3071 1373 3125; x_wconf 91' lang='lat' dir='ltr'><strong>in</strong></span> <span class='ocrx_word' id='word_1_350' title='bbox 1420 3086 1605 3128; x_wconf 91' lang='lat' dir='ltr'><strong>carne.</strong></span> <span class='ocrx_word' id='word_1_351' title='bbox 1655 3071 1824 3127; x_wconf 91' lang='lat' dir='ltr'><strong>Porro</strong></span> <span class='ocrx_word' id='word_1_352' title='bbox 1848 3089 1969 3128; x_wconf 91' lang='lat' dir='ltr'><strong>cum</strong></span> <span class='ocrx_word' id='word_1_353' title='bbox 2002 3074 2073 3129; x_wconf 90' lang='lat' dir='ltr'><strong>sit</strong></span> 
     </span>
    </p>
   </div>
   <div class='ocr_carea' id='block_1_50' title="bbox 506 3164 2069 3233">
    <p class='ocr_par' dir='ltr' id='par_1_50' title="bbox 506 3164 2069 3233">
     <span class='ocr_line' id='line_1_50' title="bbox 506 3164 2069 3233; baseline -0.004 -9"><span class='ocrx_word' id='word_1_354' title='bbox 506 3171 648 3224; x_wconf 86' lang='lat' dir='ltr'><strong>Deus</strong></span> <span class='ocrx_word' id='word_1_355' title='bbox 704 3165 1053 3220; x_wconf 89' lang='lat' dir='ltr'><strong>nihilominus</strong></span> <span class='ocrx_word' id='word_1_356' title='bbox 1082 3166 1183 3218; x_wconf 89' lang='lat' dir='ltr'><strong>hoc</strong></span> <span class='ocrx_word' id='word_1_357' title='bbox 1214 3174 1453 3232; x_wconf 84' lang='lat' dir='ltr'><strong>tempore</strong></span> <span class='ocrx_word' id='word_1_358' title='bbox 1510 3179 1672 3233; x_wconf 89' lang='lat' dir='ltr'><strong>quam</strong></span> <span class='ocrx_word' id='word_1_359' title='bbox 1708 3164 1872 3219; x_wconf 82' lang='lat' dir='ltr'><strong>fuerit</strong></span> <span class='ocrx_word' id='word_1_360' title='bbox 1919 3165 2069 3232; x_wconf 84' lang='lat' dir='ltr'><strong>olim,</strong></span> 
     </span>
    </p>
   </div>
   <div class='ocr_carea' id='block_1_51' title="bbox 506 3256 2070 3331">
    <p class='ocr_par' dir='ltr' id='par_1_51' title="bbox 506 3256 2070 3331">
     <span class='ocr_line' id='line_1_51' title="bbox 506 3256 2070 3331; baseline -0.002 -17"><span class='ocrx_word' id='word_1_361' title='bbox 506 3260 752 3331; x_wconf 87' lang='lat' dir='ltr'><strong>quamvis</strong></span> <span class='ocrx_word' id='word_1_362' title='bbox 799 3260 959 3312; x_wconf 91' lang='lat' dir='ltr'><strong>homo</strong></span> <span class='ocrx_word' id='word_1_363' title='bbox 1013 3256 1209 3319; x_wconf 85' lang='lat' dir='ltr'><strong>factus,</strong></span> <span class='ocrx_word' id='word_1_364' title='bbox 1245 3263 1423 3310; x_wconf 89' lang='lat' dir='ltr'><strong>tamen</strong></span> <span class='ocrx_word' id='word_1_365' title='bbox 1458 3256 1701 3310; x_wconf 84' lang='lat' dir='ltr'><strong>serviens</strong></span> <span class='ocrx_word' id='word_1_366' title='bbox 1729 3257 1831 3310; x_wconf 81' lang='lat' dir='ltr'><strong>sibi</strong></span> <span class='ocrx_word' id='word_1_367' title='bbox 1874 3257 2070 3311; x_wconf 68' lang='lat' dir='ltr'><strong>cmlum</strong></span> 
     </span>
    </p>
   </div>
   <div class='ocr_carea' id='block_1_52' title="bbox 506 3348 2069 3418">
    <p class='ocr_par' dir='ltr' id='par_1_52' title="bbox 506 3348 2069 3418">
     <span class='ocr_line' id='line_1_52' title="bbox 506 3348 2069 3418; baseline -0.004 -12"><span class='ocrx_word' id='word_1_368' title='bbox 506 3353 691 3418; x_wconf 83' lang='lat' dir='ltr'><strong>habet,</strong></span> <span class='ocrx_word' id='word_1_369' title='bbox 729 3352 1157 3417; x_wconf 88' lang='lat' dir='ltr'><strong>adorantemque</strong></span> <span class='ocrx_word' id='word_1_370' title='bbox 1188 3358 1387 3401; x_wconf 87' lang='lat' dir='ltr'><strong>terram</strong></span> <span class='ocrx_word' id='word_1_371' title='bbox 1416 3365 1430 3413; x_wconf 90' lang='lat'><strong>;</strong></span> <span class='ocrx_word' id='word_1_372' title='bbox 1471 3348 1733 3416; x_wconf 89' lang='lat' dir='ltr'><strong>scriptum</strong></span> <span class='ocrx_word' id='word_1_373' title='bbox 1765 3358 1849 3402; x_wconf 87' lang='lat' dir='ltr'><strong>est</strong></span> <span class='ocrx_word' id='word_1_374' title='bbox 1877 3349 2018 3403; x_wconf 89' lang='lat' dir='ltr'><strong>enim</strong></span> <span class='ocrx_word' id='word_1_375' title='bbox 2055 3365 2069 3401; x_wconf 90' lang='lat'><strong>:</strong></span> 
     </span>
    </p>
   </div>
   <div class='ocr_carea' id='block_1_53' title="bbox 513 3437 2073 3507">
    <p class='ocr_par' dir='ltr' id='par_1_53' title="bbox 513 3437 2073 3507">
     <span class='ocr_line' id='line_1_53' title="bbox 513 3437 2073 3507; baseline -0.001 -14"><span class='ocrx_word' id='word_1_376' title='bbox 513 3460 531 3493; x_wconf 79' lang='grc' dir='ltr'><strong>ι</strong></span> <span class='ocrx_word' id='word_1_377' title='bbox 565 3440 748 3495; x_wconf 91' lang='lat' dir='ltr'><strong>Laude</strong></span> <span class='ocrx_word' id='word_1_378' title='bbox 805 3438 1018 3493; x_wconf 90' lang='lat' dir='ltr'><strong>Domini</strong></span> <span class='ocrx_word' id='word_1_379' title='bbox 1051 3437 1209 3505; x_wconf 90' lang='lat' dir='ltr'><strong>plena</strong></span> <span class='ocrx_word' id='word_1_380' title='bbox 1266 3446 1350 3492; x_wconf 86' lang='lat' dir='ltr'><strong>est</strong></span> <span class='ocrx_word' id='word_1_381' title='bbox 1402 3445 1597 3501; x_wconf 90' lang='lat' dir='ltr'><strong>terra;</strong></span> <span class='ocrx_word' id='word_1_382' title='bbox 1635 3439 1852 3507; x_wconf 83' lang='lat' dir='ltr'><strong>Operuit</strong></span> <span class='ocrx_word' id='word_1_383' title='bbox 1905 3438 2073 3493; x_wconf 88' lang='lat' dir='ltr'><strong>coelos</strong></span> 
     </span>
    </p>
   </div>
   <div class='ocr_carea' id='block_1_54' title="bbox 507 3527 2071 3603">
    <p class='ocr_par' dir='ltr' id='par_1_54' title="bbox 507 3527 2071 3603">
     <span class='ocr_line' id='line_1_54' title="bbox 507 3527 2071 3603; baseline -0.001 -17"><span class='ocrx_word' id='word_1_384' title='bbox 507 3534 675 3603; x_wconf 79' lang='lat' dir='ltr'><strong>gloria</strong></span> <span class='ocrx_word' id='word_1_385' title='bbox 717 3542 824 3595; x_wconf 93' lang='lat' dir='ltr'><strong>tua,</strong></span> <span class='ocrx_word' id='word_1_386' title='bbox 863 3530 1087 3585; x_wconf 90' lang='lat' dir='ltr'><strong>Domine</strong></span> <span class='ocrx_word' id='word_1_387' title='bbox 1120 3530 1183 3581; x_wconf 83' lang='lat'><strong>“.</strong></span> <span class='ocrx_word' id='word_1_388' title='bbox 1224 3547 1241 3579; x_wconf 73' lang='grc' dir='ltr'><strong>ι</strong></span> <span class='ocrx_word' id='word_1_389' title='bbox 1284 3527 1365 3583; x_wconf 83' lang='grc' dir='ltr'>Τυ</span> <span class='ocrx_word' id='word_1_390' title='bbox 1394 3544 1525 3583; x_wconf 88' lang='lat' dir='ltr'><strong>vero</strong></span> <span class='ocrx_word' id='word_1_391' title='bbox 1555 3544 1586 3584; x_wconf 91' lang='lat' dir='ltr'><strong>e</strong></span> <span class='ocrx_word' id='word_1_392' title='bbox 1643 3530 1914 3584; x_wconf 90' lang='lat' dir='ltr'><strong>contrario</strong></span> <span class='ocrx_word' id='word_1_393' title='bbox 1947 3546 2071 3586; x_wconf 88' lang='lat' dir='ltr'><strong>eum</strong></span> 
     </span>
    </p>
   </div>
   <div class='ocr_carea' id='block_1_55' title="bbox 507 3618 2071 3693">
    <p class='ocr_par' dir='ltr' id='par_1_55' title="bbox 507 3618 2071 3693">
     <span class='ocr_line' id='line_1_55' title="bbox 507 3618 2071 3693; baseline -0.001 -17"><span class='ocrx_word' id='word_1_394' title='bbox 507 3625 598 3693; x_wconf 89' lang='lat' dir='ltr'><strong>qui</strong></span> <span class='ocrx_word' id='word_1_395' title='bbox 652 3631 798 3676; x_wconf 88' lang='lat' dir='ltr'><strong>tanta</strong></span> <span class='ocrx_word' id='word_1_396' title='bbox 829 3630 910 3674; x_wconf 88' lang='lat' dir='ltr'><strong>est</strong></span> <span class='ocrx_word' id='word_1_397' title='bbox 961 3629 1014 3674; x_wconf 88' lang='lat' dir='ltr'><strong>et</strong></span> <span class='ocrx_word' id='word_1_398' title='bbox 1048 3627 1256 3672; x_wconf 76' lang='lat' dir='ltr'><strong>natura:</strong></span> <span class='ocrx_word' id='word_1_399' title='bbox 1287 3628 1343 3673; x_wconf 88' lang='lat' dir='ltr'><strong>et</strong></span> <span class='ocrx_word' id='word_1_400' title='bbox 1376 3619 1562 3687; x_wconf 74' lang='lat' dir='ltr'><strong>gloria:</strong></span> <span class='ocrx_word' id='word_1_401' title='bbox 1602 3618 1971 3687; x_wconf 89' lang='lat' dir='ltr'><strong>amplitudine,</strong></span> <span class='ocrx_word' id='word_1_402' title='bbox 2005 3634 2071 3674; x_wconf 78' lang='lat' dir='ltr'><strong>ex</strong></span> 
     </span>
    </p>
   </div>
   <div class='ocr_carea' id='block_1_56' title="bbox 506 3710 2072 3777">
    <p class='ocr_par' dir='ltr' id='par_1_56' title="bbox 506 3710 2072 3777">
     <span class='ocr_line' id='line_1_56' title="bbox 506 3710 2072 3777; baseline -0.002 -8"><span class='ocrx_word' id='word_1_403' title='bbox 506 3715 671 3769; x_wconf 77' lang='lat' dir='ltr'><strong>nimia</strong></span> <span class='ocrx_word' id='word_1_404' title='bbox 722 3712 936 3766; x_wconf 77' lang='lat' dir='ltr'><strong>inscitia</strong></span> <span class='ocrx_word' id='word_1_405' title='bbox 993 3726 1101 3764; x_wconf 92' lang='lat' dir='ltr'><strong>non</strong></span> <span class='ocrx_word' id='word_1_406' title='bbox 1161 3710 1345 3774; x_wconf 86' lang='lat' dir='ltr'><strong>vides;</strong></span> <span class='ocrx_word' id='word_1_407' title='bbox 1376 3711 1560 3765; x_wconf 79' lang='lat' dir='ltr'><strong>dixisti</strong></span> <span class='ocrx_word' id='word_1_408' title='bbox 1599 3712 1741 3766; x_wconf 91' lang='lat' dir='ltr'><strong>enim</strong></span> <span class='ocrx_word' id='word_1_409' title='bbox 1777 3730 1790 3765; x_wconf 90' lang='lat'><strong>:</strong></span> <span class='ocrx_word' id='word_1_410' title='bbox 1820 3710 1950 3777; x_wconf 85' lang='lat' dir='ltr'><strong>Quis</strong></span> <span class='ocrx_word' id='word_1_411' title='bbox 1988 3721 2072 3766; x_wconf 92' lang='lat' dir='ltr'><strong>est</strong></span> 
     </span>
    </p>
   </div>
   <div class='ocr_carea' id='block_1_57' title="bbox 505 3801 2069 3876">
    <p class='ocr_par' dir='ltr' id='par_1_57' title="bbox 505 3801 2069 3876">
     <span class='ocr_line' id='line_1_57' title="bbox 505 3801 2069 3876; baseline -0.002 -17"><span class='ocrx_word' id='word_1_412' title='bbox 505 3807 594 3876; x_wconf 84' lang='lat' dir='ltr'><strong>qui</strong></span> <span class='ocrx_word' id='word_1_413' title='bbox 630 3806 783 3860; x_wconf 70' lang='lat' dir='ltr'><strong>venit</strong></span> <span class='ocrx_word' id='word_1_414' title='bbox 811 3804 833 3856; x_wconf 88' lang='lat'><strong>?</strong></span> <span class='ocrx_word' id='word_1_415' title='bbox 866 3822 883 3853; x_wconf 79' lang='grc' dir='ltr'><strong>ι</strong></span> <span class='ocrx_word' id='word_1_416' title='bbox 909 3802 1177 3857; x_wconf 84' lang='lat' dir='ltr'><strong>Videbunt</strong></span> <span class='ocrx_word' id='word_1_417' title='bbox 1204 3801 1395 3856; x_wconf 88' lang='lat' dir='ltr'><strong>Filium</strong></span> <span class='ocrx_word' id='word_1_418' title='bbox 1424 3802 1656 3857; x_wconf 89' lang='lat' dir='ltr'><strong>hominis</strong></span> <span class='ocrx_word' id='word_1_419' title='bbox 1683 3805 1983 3858; x_wconf 87' lang='lat' dir='ltr'><strong>venientem</strong></span> <span class='ocrx_word' id='word_1_420' title='bbox 2018 3803 2069 3856; x_wconf 92' lang='lat' dir='ltr'><strong>in</strong></span> 
     </span>
    </p>
   </div>
   <div class='ocr_carea' id='block_1_58' title="bbox 504 3897 2071 3965">
    <p class='ocr_par' dir='ltr' id='par_1_58' title="bbox 504 3897 2071 3965">
     <span class='ocr_line' id='line_1_58' title="bbox 504 3897 2071 3965; baseline -0.002 -12"><span class='ocrx_word' id='word_1_421' title='bbox 504 3897 882 3954; x_wconf 42' lang='lat' dir='ltr'><strong>nubibus&#39;ca‘li</strong></span> <span class='ocrx_word' id='word_1_422' title='bbox 912 3897 1003 3961; x_wconf 81' lang='lat'><strong>”;</strong></span> <span class='ocrx_word' id='word_1_423' title='bbox 1053 3916 1071 3948; x_wconf 82' lang='grc'><strong>›</strong></span> <span class='ocrx_word' id='word_1_424' title='bbox 1134 3905 1387 3965; x_wconf 88' lang='lat' dir='ltr'><strong>tanquam</strong></span> <span class='ocrx_word' id='word_1_425' title='bbox 1439 3898 1648 3951; x_wconf 86' lang='lat' dir='ltr'><strong>scilicet</strong></span> <span class='ocrx_word' id='word_1_426' title='bbox 1711 3908 1956 3952; x_wconf 87' lang='lat' dir='ltr'><strong>metuens</strong></span> <span class='ocrx_word' id='word_1_427' title='bbox 2004 3911 2071 3950; x_wconf 92' lang='lat' dir='ltr'><strong>ne</strong></span> 
     </span>
    </p>
   </div>
   <div class='ocr_carea' id='block_1_59' title="bbox 504 3987 2073 4058">
    <p class='ocr_par' dir='ltr' id='par_1_59' title="bbox 504 3987 2073 4058">
     <span class='ocr_line' id='line_1_59' title="bbox 504 3987 2073 4058; baseline 0 -16"><span class='ocrx_word' id='word_1_428' title='bbox 504 3990 625 4058; x_wconf 91' lang='lat' dir='ltr'><strong>quis</strong></span> <span class='ocrx_word' id='word_1_429' title='bbox 673 3988 940 4043; x_wconf 75' lang='lat' dir='ltr'><strong>diffideret</strong></span> <span class='ocrx_word' id='word_1_430' title='bbox 1003 3987 1201 4042; x_wconf 88' lang='lat' dir='ltr'><strong>dicenti</strong></span> <span class='ocrx_word' id='word_1_431' title='bbox 1241 3987 1437 4042; x_wconf 83' lang='lat' dir='ltr'><strong>Filium</strong></span> <span class='ocrx_word' id='word_1_432' title='bbox 1490 3988 1728 4043; x_wconf 92' lang='lat' dir='ltr'><strong>hominis</strong></span> <span class='ocrx_word' id='word_1_433' title='bbox 1780 4004 1903 4042; x_wconf 91' lang='lat' dir='ltr'><strong>eum</strong></span> <span class='ocrx_word' id='word_1_434' title='bbox 1950 4002 2073 4051; x_wconf 89' lang='lat' dir='ltr'><strong>esse</strong></span> 
     </span>
    </p>
   </div>
   <div class='ocr_carea' id='block_1_60' title="bbox 503 4080 2074 4152">
    <p class='ocr_par' dir='ltr' id='par_1_60' title="bbox 503 4080 2074 4152">
     <span class='ocr_line' id='line_1_60' title="bbox 503 4080 2074 4152; baseline -0.002 -16"><span class='ocrx_word' id='word_1_435' title='bbox 503 4082 597 4152; x_wconf 89' lang='lat' dir='ltr'><strong>qui</strong></span> <span class='ocrx_word' id='word_1_436' title='bbox 623 4082 803 4146; x_wconf 89' lang='lat' dir='ltr'><strong>venit,</strong></span> <span class='ocrx_word' id='word_1_437' title='bbox 834 4091 887 4133; x_wconf 89' lang='lat' dir='ltr'><strong>et</strong></span> <span class='ocrx_word' id='word_1_438' title='bbox 909 4080 1220 4150; x_wconf 87' lang='lat' dir='ltr'><strong>prophetico</strong></span> <span class='ocrx_word' id='word_1_439' title='bbox 1250 4081 1559 4135; x_wconf 90' lang='lat' dir='ltr'><strong>testimonio</strong></span> <span class='ocrx_word' id='word_1_440' title='bbox 1587 4083 1882 4136; x_wconf 87' lang='lat' dir='ltr'><strong>contirmas</strong></span> <span class='ocrx_word' id='word_1_441' title='bbox 1913 4096 2074 4150; x_wconf 73' lang='lat' dir='ltr'><strong>argu-</strong></span> 
     </span>
    </p>
   </div>
   <div class='ocr_carea' id='block_1_61' title="bbox 503 4170 2071 4241">
    <p class='ocr_par' dir='ltr' id='par_1_61' title="bbox 503 4170 2071 4241">
     <span class='ocr_line' id='line_1_61' title="bbox 503 4170 2071 4241; baseline -0.001 -14"><span class='ocrx_word' id='word_1_442' title='bbox 503 4182 765 4227; x_wconf 90' lang='lat' dir='ltr'><strong>mentum.</strong></span> <span class='ocrx_word' id='word_1_443' title='bbox 803 4170 1072 4241; x_wconf 90' lang='lat' dir='ltr'><strong>Scriptum</strong></span> <span class='ocrx_word' id='word_1_444' title='bbox 1114 4186 1249 4225; x_wconf 80' lang='lat' dir='ltr'><strong>esse</strong></span> <span class='ocrx_word' id='word_1_445' title='bbox 1299 4186 1531 4239; x_wconf 91' lang='lat' dir='ltr'><strong>namque</strong></span> <span class='ocrx_word' id='word_1_446' title='bbox 1579 4172 1702 4226; x_wconf 88' lang='lat' dir='ltr'><strong>ais:</strong></span> <span class='ocrx_word' id='word_1_447' title='bbox 1736 4190 1755 4223; x_wconf 85' lang='grc'><strong><em>‹</em></strong></span> <span class='ocrx_word' id='word_1_448' title='bbox 1801 4170 2071 4226; x_wconf 82' lang='lat' dir='ltr'><strong>Videbunt</strong></span> 
     </span>
    </p>
   </div>
   <div class='ocr_carea' id='block_1_62' title="bbox 504 4261 2071 4333">
    <p class='ocr_par' dir='ltr' id='par_1_62' title="bbox 504 4261 2071 4333">
     <span class='ocr_line' id='line_1_62' title="bbox 504 4261 2071 4333; baseline -0.001 -15"><span class='ocrx_word' id='word_1_449' title='bbox 504 4265 557 4319; x_wconf 90' lang='lat' dir='ltr'><strong>in</strong></span> <span class='ocrx_word' id='word_1_450' title='bbox 588 4275 746 4333; x_wconf 86' lang='lat' dir='ltr'><strong>quem</strong></span> <span class='ocrx_word' id='word_1_451' title='bbox 769 4271 1206 4332; x_wconf 85' lang='lat' dir='ltr'><strong>compunxerunt</strong></span> <span class='ocrx_word' id='word_1_452' title='bbox 1234 4261 1277 4292; x_wconf 86' lang='grc'><strong>¹³</strong></span> <span class='ocrx_word' id='word_1_453' title='bbox 1307 4279 1323 4329; x_wconf 88' lang='grc'><strong>;</strong></span> <span class='ocrx_word' id='word_1_454' title='bbox 1371 4280 1391 4313; x_wconf 70' lang='grc' dir='ltr'><strong>ι</strong></span> <span class='ocrx_word' id='word_1_455' title='bbox 1418 4271 1474 4315; x_wconf 91' lang='lat' dir='ltr'><strong>et</strong></span> <span class='ocrx_word' id='word_1_456' title='bbox 1502 4263 1642 4330; x_wconf 90' lang='lat' dir='ltr'><strong>quod</strong></span> <span class='ocrx_word' id='word_1_457' title='bbox 1676 4273 1932 4331; x_wconf 73' lang='lat' dir='ltr'><strong>praeterea</strong></span> <span class='ocrx_word' id='word_1_458' title='bbox 1956 4261 2071 4330; x_wconf 90' lang='lat' dir='ltr'><strong>ipse</strong></span> 
     </span>
    </p>
   </div>
   <div class='ocr_carea' id='block_1_63' title="bbox 502 4351 2067 4424">
    <p class='ocr_par' dir='ltr' id='par_1_63' title="bbox 502 4351 2067 4424">
     <span class='ocr_line' id='line_1_63' title="bbox 502 4351 2067 4424; baseline -0.004 -14"><span class='ocrx_word' id='word_1_459' title='bbox 502 4356 701 4424; x_wconf 90' lang='lat' dir='ltr'><strong>putasti</strong></span> <span class='ocrx_word' id='word_1_460' title='bbox 750 4368 871 4410; x_wconf 88' lang='lat' dir='ltr'><strong>esse</strong></span> <span class='ocrx_word' id='word_1_461' title='bbox 921 4354 988 4406; x_wconf 88' lang='lat' dir='ltr'><strong>ad</strong></span> <span class='ocrx_word' id='word_1_462' title='bbox 1034 4354 1435 4419; x_wconf 82' lang='lat' dir='ltr'><strong>coarguendum</strong></span> <span class='ocrx_word' id='word_1_463' title='bbox 1496 4351 1720 4417; x_wconf 83' lang='lat' dir='ltr'><strong>ﬁrmius,</strong></span> <span class='ocrx_word' id='word_1_464' title='bbox 1756 4353 2067 4420; x_wconf 86' lang='lat' dir='ltr'><strong>impruden-</strong></span> 
     </span>
    </p>
   </div>
   <div class='ocr_carea' id='block_1_64' title="bbox 2181 1879 3746 1957">
    <p class='ocr_par' dir='ltr' id='par_1_64' title="bbox 2181 1879 3746 1957">
     <span class='ocr_line' id='line_1_64' title="bbox 2181 1879 3746 1957; baseline -0.004 -18"><span class='ocrx_word' id='word_1_465' title='bbox 2181 1886 2512 1957; x_wconf 85' lang='grc' dir='ltr'>εστηκότων.</span> <span class='ocrx_word' id='word_1_466' title='bbox 2552 1886 2721 1955; x_wconf 80' lang='grc' dir='ltr'>Εἴπερ</span> <span class='ocrx_word' id='word_1_467' title='bbox 2767 1879 2859 1937; x_wconf 80' lang='grc' dir='ltr'><strong>οὖν</strong></span> <span class='ocrx_word' id='word_1_468' title='bbox 2910 1885 3056 1935; x_wconf 88' lang='grc' dir='ltr'>ἐστιν</span> <span class='ocrx_word' id='word_1_469' title='bbox 3103 1884 3202 1935; x_wconf 87' lang='grc' dir='ltr'><strong>οὑκ</strong></span> <span class='ocrx_word' id='word_1_470' title='bbox 3233 1884 3290 1935; x_wconf 89' lang='grc' dir='ltr'>ἐν</span> <span class='ocrx_word' id='word_1_471' title='bbox 3328 1884 3490 1953; x_wconf 76' lang='grc' dir='ltr'>σαρκὶ</span> <span class='ocrx_word' id='word_1_472' title='bbox 3523 1881 3746 1951; x_wconf 85' lang='grc' dir='ltr'>μᾶλλον,</span> 
     </span>
    </p>
   </div>
   <div class='ocr_carea' id='block_1_65' title="bbox 2180 1973 3746 2049">
    <p class='ocr_par' dir='ltr' id='par_1_65' title="bbox 2180 1973 3746 2049">
     <span class='ocr_line' id='line_1_65' title="bbox 2180 1973 3746 2049; baseline -0.004 -18"><span class='ocrx_word' id='word_1_473' title='bbox 2180 1979 2347 2049; x_wconf 71' lang='grc' dir='ltr'>ἤγουν</span> <span class='ocrx_word' id='word_1_474' title='bbox 2378 1977 2665 2049; x_wconf 85' lang='grc' dir='ltr'>ἄνθρωπος</span> <span class='ocrx_word' id='word_1_475' title='bbox 2692 1973 2929 2045; x_wconf 87' lang='grc' dir='ltr'>γεγονὼς</span> <span class='ocrx_word' id='word_1_476' title='bbox 2954 1978 2981 2028; x_wconf 98' lang='lat'><strong>6</strong></span> <span class='ocrx_word' id='word_1_477' title='bbox 3010 1975 3103 2027; x_wconf 88' lang='grc' dir='ltr'><strong>τοῦ</strong></span> <span class='ocrx_word' id='word_1_478' title='bbox 3141 1973 3276 2027; x_wconf 89' lang='grc' dir='ltr'>Θεοῦ</span> <span class='ocrx_word' id='word_1_479' title='bbox 3309 1976 3425 2027; x_wconf 84' lang='grc' dir='ltr'>Πατ</span> <span class='ocrx_word' id='word_1_480' title='bbox 3437 1974 3526 2045; x_wconf 84' lang='grc' dir='ltr'><strong>ρὸς</strong></span> <span class='ocrx_word' id='word_1_481' title='bbox 3553 1973 3746 2040; x_wconf 85' lang='grc' dir='ltr'>Λόγος,</span> 
     </span>
    </p>
   </div>
   <div class='ocr_carea' id='block_1_66' title="bbox 2178 2068 3748 2143">
    <p class='ocr_par' dir='ltr' id='par_1_66' title="bbox 2178 2068 3748 2143">
     <span class='ocr_line' id='line_1_66' title="bbox 2178 2068 3748 2143; baseline -0.003 -17"><span class='ocrx_word' id='word_1_482' title='bbox 2178 2072 2464 2143; x_wconf 82' lang='grc' dir='ltr'>ἄνθρωπος</span> <span class='ocrx_word' id='word_1_483' title='bbox 2506 2072 2563 2123; x_wconf 84' lang='grc' dir='ltr'><strong>δὲ</strong></span> <span class='ocrx_word' id='word_1_484' title='bbox 2589 2071 2856 2141; x_wconf 82' lang='grc' dir='ltr'>Θεοφόρος</span> <span class='ocrx_word' id='word_1_485' title='bbox 2891 2068 3132 2141; x_wconf 84' lang='grc' dir='ltr'>πλευρὰν</span> <span class='ocrx_word' id='word_1_486' title='bbox 3175 2069 3312 2139; x_wconf 85' lang='grc' dir='ltr'>ἔχων</span> <span class='ocrx_word' id='word_1_487' title='bbox 3340 2069 3589 2138; x_wconf 84' lang='grc' dir='ltr'>σώματος</span> <span class='ocrx_word' id='word_1_488' title='bbox 3611 2112 3624 2134; x_wconf 93' lang='grc'><strong>,</strong></span> <span class='ocrx_word' id='word_1_489' title='bbox 3653 2068 3748 2121; x_wconf 79' lang='grc' dir='ltr'><strong>καὶ</strong></span> 
     </span>
    </p>
   </div>
   <div class='ocr_carea' id='block_1_67' title="bbox 2181 2158 3744 2233">
    <p class='ocr_par' dir='ltr' id='par_1_67' title="bbox 2181 2158 3744 2233">
     <span class='ocr_line' id='line_1_67' title="bbox 2181 2158 3744 2233; baseline -0.004 -16"><span class='ocrx_word' id='word_1_490' title='bbox 2181 2164 2476 2233; x_wconf 79' lang='grc' dir='ltr'>ὑπομείνας</span> <span class='ocrx_word' id='word_1_491' title='bbox 2510 2162 2607 2233; x_wconf 85' lang='grc' dir='ltr'>τὴν</span> <span class='ocrx_word' id='word_1_492' title='bbox 2640 2161 3000 2230; x_wconf 81' lang='grc' dir='ltr'>διακέντησιν,</span> <span class='ocrx_word' id='word_1_493' title='bbox 3052 2160 3166 2223; x_wconf 83' lang='grc' dir='ltr'><strong>πῶς</strong></span> <span class='ocrx_word' id='word_1_494' title='bbox 3197 2162 3253 2211; x_wconf 86' lang='grc' dir='ltr'><strong>ἐν</strong></span> <span class='ocrx_word' id='word_1_495' title='bbox 3287 2158 3497 2229; x_wconf 85' lang='grc' dir='ltr'>θρόνοις</span> <span class='ocrx_word' id='word_1_496' title='bbox 3526 2161 3744 2230; x_wconf 71' lang='grc' dir='ltr'>ὁρᾶται,</span> 
     </span>
    </p>
   </div>
   <div class='ocr_carea' id='block_1_68' title="bbox 2178 2250 3748 2327">
    <p class='ocr_par' dir='ltr' id='par_1_68' title="bbox 2178 2250 3748 2327">
     <span class='ocr_line' id='line_1_68' title="bbox 2178 2250 3748 2327; baseline -0.004 -18"><span class='ocrx_word' id='word_1_497' title='bbox 2178 2258 2276 2327; x_wconf 75' lang='grc' dir='ltr'><strong>τῆς</strong></span> <span class='ocrx_word' id='word_1_498' title='bbox 2295 2256 2555 2308; x_wconf 83' lang='grc' dir='ltr'><strong>ἀνωτάτω</strong></span> <span class='ocrx_word' id='word_1_499' title='bbox 2582 2252 2830 2319; x_wconf 77' lang='grc' dir='ltr'><strong>θεότητος</strong></span> <span class='ocrx_word' id='word_1_500' title='bbox 2855 2252 3111 2322; x_wconf 80' lang='grc' dir='ltr'>τέταρτος</span> <span class='ocrx_word' id='word_1_501' title='bbox 3129 2251 3316 2321; x_wconf 81' lang='grc' dir='ltr'>ὥσπερ</span> <span class='ocrx_word' id='word_1_502' title='bbox 3345 2266 3424 2313; x_wconf 86' lang='grc' dir='ltr'><strong>τις</strong></span> <span class='ocrx_word' id='word_1_503' title='bbox 3450 2253 3482 2319; x_wconf 80' lang='grc' dir='ltr'><strong>ἡ</strong></span> <span class='ocrx_word' id='word_1_504' title='bbox 3493 2253 3581 2320; x_wconf 81' lang='grc' dir='ltr'><strong>μίν</strong></span> <span class='ocrx_word' id='word_1_505' title='bbox 3607 2250 3748 2321; x_wconf 84' lang='grc' dir='ltr'><strong>μετά</strong></span> 
     </span>
    </p>
   </div>
   <div class='ocr_carea' id='block_1_69' title="bbox 2177 2344 3742 2417">
    <p class='ocr_par' dir='ltr' id='par_1_69' title="bbox 2177 2344 3742 2417">
     <span class='ocr_line' id='line_1_69' title="bbox 2177 2344 3742 2417; baseline 0.013 -22"><span class='ocrx_word' id='word_1_506' title='bbox 2177 2351 2276 2417; x_wconf 81' lang='grc' dir='ltr'><strong>τὴν</strong></span> <span class='ocrx_word' id='word_1_507' title='bbox 2324 2348 2483 2416; x_wconf 83' lang='grc' dir='ltr'>ἁγίαν</span> <span class='ocrx_word' id='word_1_508' title='bbox 2517 2345 2721 2416; x_wconf 85' lang='grc' dir='ltr'>Τριάδα</span> <span class='ocrx_word' id='word_1_509' title='bbox 2768 2344 3078 2415; x_wconf 78' lang='grc' dir='ltr'>πρόσφατος</span> <span class='ocrx_word' id='word_1_510' title='bbox 3107 2344 3237 2407; x_wconf 68' lang='grc' dir='ltr'>Θεὸς</span> <span class='ocrx_word' id='word_1_511' title='bbox 3266 2344 3742 2414; x_wconf 75' lang='grc' dir='ltr'>ἀναδεδειγμένοςς</span> 
     </span>
    </p>
   </div>
   <div class='ocr_carea' id='block_1_70' title="bbox 2178 2433 3745 2505">
    <p class='ocr_par' dir='ltr' id='par_1_70' title="bbox 2178 2433 3745 2505">
     <span class='ocr_line' id='line_1_70' title="bbox 2178 2433 3745 2505; baseline -0.003 -15"><span class='ocrx_word' id='word_1_512' title='bbox 2178 2439 2251 2490; x_wconf 88' lang='grc' dir='ltr'>Οὑ</span> <span class='ocrx_word' id='word_1_513' title='bbox 2306 2436 2728 2504; x_wconf 81' lang='grc' dir='ltr'>καταπέφρικας</span> <span class='ocrx_word' id='word_1_514' title='bbox 2784 2434 2960 2487; x_wconf 86' lang='grc' dir='ltr'>κοινὸν</span> <span class='ocrx_word' id='word_1_515' title='bbox 3008 2433 3316 2505; x_wconf 81' lang='grc' dir='ltr'>ἄνθρωπον,</span> <span class='ocrx_word' id='word_1_516' title='bbox 3349 2434 3423 2503; x_wconf 85' lang='grc' dir='ltr'><strong>τῇ⁸</strong></span> <span class='ocrx_word' id='word_1_517' title='bbox 3461 2435 3636 2487; x_wconf 80' lang='grc' dir='ltr'>κτίσει</span> <span class='ocrx_word' id='word_1_518' title='bbox 3682 2435 3745 2486; x_wconf 74' lang='grc' dir='ltr'>τὴ</span> 
     </span>
    </p>
   </div>
   <div class='ocr_carea' id='block_1_71' title="bbox 2179 2523 3745 2597">
    <p class='ocr_par' dir='ltr' id='par_1_71' title="bbox 2179 2523 3745 2597">
     <span class='ocr_line' id='line_1_71' title="bbox 2179 2523 3745 2597; baseline -0.003 -15"><span class='ocrx_word' id='word_1_519' title='bbox 2179 2529 2342 2591; x_wconf 82' lang='grc' dir='ltr'>σέϐας</span> <span class='ocrx_word' id='word_1_520' title='bbox 2367 2527 2628 2593; x_wconf 84' lang='grc' dir='ltr'>ἐπινοῶν;</span> <span class='ocrx_word' id='word_1_521' title='bbox 2662 2523 2773 2597; x_wconf 82' lang='grc' dir='ltr'>ἆρα</span> <span class='ocrx_word' id='word_1_522' title='bbox 2798 2529 2910 2589; x_wconf 84' lang='grc' dir='ltr'>τοῖς</span> <span class='ocrx_word' id='word_1_523' title='bbox 2956 2526 3206 2597; x_wconf 84' lang='grc' dir='ltr'>ἀρχαίοις</span> <span class='ocrx_word' id='word_1_524' title='bbox 3255 2525 3588 2597; x_wconf 79' lang='grc' dir='ltr'>ἐνισχήμεθα</span> <span class='ocrx_word' id='word_1_525' title='bbox 3622 2525 3745 2596; x_wconf 83' lang='grc' dir='ltr'>βρό-</span> 
     </span>
    </p>
   </div>
   <div class='ocr_carea' id='block_1_72' title="bbox 2176 2616 3742 2692">
    <p class='ocr_par' dir='ltr' id='par_1_72' title="bbox 2176 2616 3742 2692">
     <span class='ocr_line' id='line_1_72' title="bbox 2176 2616 3742 2692; baseline -0.004 -19"><span class='ocrx_word' id='word_1_526' title='bbox 2176 2639 2320 2692; x_wconf 85' lang='grc' dir='ltr'>χοις;</span> <span class='ocrx_word' id='word_1_527' title='bbox 2358 2616 2468 2691; x_wconf 83' lang='grc' dir='ltr'>ἆρα</span> <span class='ocrx_word' id='word_1_528' title='bbox 2498 2618 2895 2689; x_wconf 84' lang='grc' dir='ltr'>πεπαρῴνηκεν</span> <span class='ocrx_word' id='word_1_529' title='bbox 2941 2619 3018 2679; x_wconf 85' lang='grc' dir='ltr'><strong>είς</strong></span> <span class='ocrx_word' id='word_1_530' title='bbox 3068 2617 3221 2681; x_wconf 85' lang='grc' dir='ltr'>Θεὸν,</span> <span class='ocrx_word' id='word_1_531' title='bbox 3260 2617 3354 2669; x_wconf 71' lang='grc' dir='ltr'><strong>καὶ</strong></span> <span class='ocrx_word' id='word_1_532' title='bbox 3401 2616 3742 2687; x_wconf 79' lang='grc' dir='ltr'>πεπλάνηται</span> 
     </span>
    </p>
   </div>
   <div class='ocr_carea' id='block_1_73' title="bbox 2179 2706 3744 2781">
    <p class='ocr_par' dir='ltr' id='par_1_73' title="bbox 2179 2706 3744 2781">
     <span class='ocr_line' id='line_1_73' title="bbox 2179 2706 3744 2781; baseline -0.003 -18"><span class='ocrx_word' id='word_1_533' title='bbox 2179 2710 2298 2781; x_wconf 85' lang='grc' dir='ltr'>μεθ’</span> <span class='ocrx_word' id='word_1_534' title='bbox 2330 2709 2508 2779; x_wconf 84' lang='grc' dir='ltr'>ἡμῶν,</span> <span class='ocrx_word' id='word_1_535' title='bbox 2541 2710 2573 2777; x_wconf 87' lang='grc' dir='ltr'><strong>ή</strong></span> <span class='ocrx_word' id='word_1_536' title='bbox 2605 2708 2736 2775; x_wconf 87' lang='grc' dir='ltr'>ἁγία</span> <span class='ocrx_word' id='word_1_537' title='bbox 2765 2707 2873 2759; x_wconf 85' lang='grc' dir='ltr'>τῶν</span> <span class='ocrx_word' id='word_1_538' title='bbox 2903 2706 3015 2760; x_wconf 85' lang='grc' dir='ltr'><strong>ἀνω</strong></span> <span class='ocrx_word' id='word_1_539' title='bbox 3042 2707 3369 2777; x_wconf 84' lang='grc' dir='ltr'>πνευμάτων</span> <span class='ocrx_word' id='word_1_540' title='bbox 3398 2707 3610 2778; x_wconf 83' lang='grc' dir='ltr'>πληθύς</span> <span class='ocrx_word' id='word_1_541' title='bbox 3630 2724 3645 2772; x_wconf 90' lang='grc'>;</span> <span class='ocrx_word' id='word_1_542' title='bbox 3669 2707 3744 2775; x_wconf 59' lang='grc' dir='ltr'><strong>ςΕἰ</strong></span> 
     </span>
    </p>
   </div>
   <div class='ocr_carea' id='block_1_74' title="bbox 2174 2798 3742 2871">
    <p class='ocr_par' dir='ltr' id='par_1_74' title="bbox 2174 2798 3742 2871">
     <span class='ocr_line' id='line_1_74' title="bbox 2174 2798 3742 2871; baseline -0.003 -16"><span class='ocrx_word' id='word_1_543' title='bbox 2174 2802 2273 2870; x_wconf 82' lang='grc' dir='ltr'>τῆς</span> <span class='ocrx_word' id='word_1_544' title='bbox 2308 2800 2538 2871; x_wconf 84' lang='grc' dir='ltr'>ἀρχαίας</span> <span class='ocrx_word' id='word_1_545' title='bbox 2581 2799 2796 2868; x_wconf 81' lang='grc' dir='ltr'>ἀπάτης</span> <span class='ocrx_word' id='word_1_546' title='bbox 2830 2798 3281 2869; x_wconf 82' lang='grc' dir='ltr'>ἐκλελυτρώμεθα</span> <span class='ocrx_word' id='word_1_547' title='bbox 3307 2839 3321 2865; x_wconf 93' lang='grc'>,</span> <span class='ocrx_word' id='word_1_548' title='bbox 3357 2799 3417 2852; x_wconf 83' lang='grc' dir='ltr'><strong>τὸ</strong></span> <span class='ocrx_word' id='word_1_549' title='bbox 3450 2802 3515 2868; x_wconf 83' lang='grc' dir='ltr'>τῇ</span> <span class='ocrx_word' id='word_1_550' title='bbox 3566 2799 3742 2851; x_wconf 89' lang='grc' dir='ltr'>κτίσει</span> 
     </span>
    </p>
   </div>
   <div class='ocr_carea' id='block_1_75' title="bbox 2173 2889 3744 2962">
    <p class='ocr_par' dir='ltr' id='par_1_75' title="bbox 2173 2889 3744 2962">
     <span class='ocr_line' id='line_1_75' title="bbox 2173 2889 3744 2962; baseline -0.001 -19"><span class='ocrx_word' id='word_1_551' title='bbox 2173 2890 2457 2962; x_wconf 75' lang='grc' dir='ltr'>λατρεύειν</span> <span class='ocrx_word' id='word_1_552' title='bbox 2482 2890 2556 2954; x_wconf 85' lang='grc' dir='ltr'>ὡς</span> <span class='ocrx_word' id='word_1_553' title='bbox 2578 2889 2836 2953; x_wconf 83' lang='grc' dir='ltr'>δυσσεϐὲς</span> <span class='ocrx_word' id='word_1_554' title='bbox 2861 2889 3310 2960; x_wconf 87' lang='grc' dir='ltr'>παραιτούμενοι,</span> <span class='ocrx_word' id='word_1_555' title='bbox 3342 2891 3393 2942; x_wconf 88' lang='grc' dir='ltr'><strong>τί</strong></span> <span class='ocrx_word' id='word_1_556' title='bbox 3416 2889 3575 2943; x_wconf 89' lang='grc' dir='ltr'>πάλιν</span> <span class='ocrx_word' id='word_1_557' title='bbox 3597 2890 3744 2960; x_wconf 74' lang='grc' dir='ltr'>ἡμᾶς</span> 
     </span>
    </p>
   </div>
   <div class='ocr_carea' id='block_1_76' title="bbox 2173 2982 3744 3052">
    <p class='ocr_par' dir='ltr' id='par_1_76' title="bbox 2173 2982 3744 3052">
     <span class='ocr_line' id='line_1_76' title="bbox 2173 2982 3744 3052; baseline -0.001 -17"><span class='ocrx_word' id='word_1_558' title='bbox 2173 2986 2285 3046; x_wconf 85' lang='grc' dir='ltr'>τοῖς</span> <span class='ocrx_word' id='word_1_559' title='bbox 2327 2982 2575 3052; x_wconf 88' lang='grc' dir='ltr'>ἀρχαίοις</span> <span class='ocrx_word' id='word_1_560' title='bbox 2621 2982 2961 3052; x_wconf 76' lang='grc' dir='ltr'>ἐγκλήμασιν</span> <span class='ocrx_word' id='word_1_561' title='bbox 2995 2982 3157 3044; x_wconf 75' lang='grc' dir='ltr'>ἐνιεὶς</span> <span class='ocrx_word' id='word_1_562' title='bbox 3188 2982 3509 3051; x_wconf 76' lang='grc' dir='ltr'>ἀποφαίνεις</span> <span class='ocrx_word' id='word_1_563' title='bbox 3541 2982 3744 3051; x_wconf 77' lang='grc' dir='ltr'>ἀνθρω-</span> 
     </span>
    </p>
   </div>
   <div class='ocr_carea' id='block_1_77' title="bbox 2177 3072 3744 3144">
    <p class='ocr_par' dir='ltr' id='par_1_77' title="bbox 2177 3072 3744 3144">
     <span class='ocr_line' id='line_1_77' title="bbox 2177 3072 3744 3144; baseline 0 -18"><span class='ocrx_word' id='word_1_564' title='bbox 2177 3074 2487 3143; x_wconf 87' lang='grc' dir='ltr'>πολάτρας;</span> <span class='ocrx_word' id='word_1_565' title='bbox 2535 3074 2728 3143; x_wconf 84' lang='grc' dir='ltr'>Ἡμεῖς</span> <span class='ocrx_word' id='word_1_566' title='bbox 2760 3073 2861 3142; x_wconf 83' lang='grc' dir='ltr'><strong>μὲν</strong></span> <span class='ocrx_word' id='word_1_567' title='bbox 2896 3073 3005 3144; x_wconf 87' lang='grc' dir='ltr'>γὰρ</span> <span class='ocrx_word' id='word_1_568' title='bbox 3040 3074 3198 3143; x_wconf 83' lang='grc' dir='ltr'>ἴσμεν</span> <span class='ocrx_word' id='word_1_569' title='bbox 3250 3074 3342 3126; x_wconf 79' lang='grc' dir='ltr'><strong>καὶ</strong></span> <span class='ocrx_word' id='word_1_570' title='bbox 3373 3072 3744 3126; x_wconf 83' lang='grc' dir='ltr'>πεπιστεύκα·</span> 
     </span>
    </p>
   </div>
   <div class='ocr_carea' id='block_1_78' title="bbox 2178 3164 3742 3237">
    <p class='ocr_par' dir='ltr' id='par_1_78' title="bbox 2178 3164 3742 3237">
     <span class='ocr_line' id='line_1_78' title="bbox 2178 3164 3742 3237; baseline 0.001 -21"><span class='ocrx_word' id='word_1_571' title='bbox 2178 3182 2296 3235; x_wconf 88' lang='grc' dir='ltr'>μεν,</span> <span class='ocrx_word' id='word_1_572' title='bbox 2325 3165 2405 3217; x_wconf 87' lang='grc' dir='ltr'><strong>ὃτι</strong></span> <span class='ocrx_word' id='word_1_573' title='bbox 2440 3164 2661 3232; x_wconf 84' lang='grc' dir='ltr'>γέγονεν</span> <span class='ocrx_word' id='word_1_574' title='bbox 2688 3167 2745 3217; x_wconf 88' lang='grc' dir='ltr'><strong>ἐν</strong></span> <span class='ocrx_word' id='word_1_575' title='bbox 2774 3164 3076 3237; x_wconf 71' lang='grc' dir='ltr'>προσλήψει</span> <span class='ocrx_word' id='word_1_576' title='bbox 3114 3166 3316 3235; x_wconf 88' lang='grc' dir='ltr'>σαρκός</span> <span class='ocrx_word' id='word_1_577' title='bbox 3358 3182 3418 3218; x_wconf 88' lang='grc' dir='ltr'><strong>τε</strong></span> <span class='ocrx_word' id='word_1_578' title='bbox 3449 3166 3542 3219; x_wconf 69' lang='grc' dir='ltr'><strong>καὶ</strong></span> <span class='ocrx_word' id='word_1_579' title='bbox 3573 3166 3742 3235; x_wconf 78' lang='grc' dir='ltr'>αἵμα-</span> 
     </span>
    </p>
   </div>
   <div class='ocr_carea' id='block_1_79' title="bbox 2174 3255 3743 3329">
    <p class='ocr_par' dir='ltr' id='par_1_79' title="bbox 2174 3255 3743 3329">
     <span class='ocr_line' id='line_1_79' title="bbox 2174 3255 3743 3329; baseline -0.001 -20"><span class='ocrx_word' id='word_1_580' title='bbox 2174 3274 2262 3319; x_wconf 88' lang='grc' dir='ltr'><strong>τος</strong></span> <span class='ocrx_word' id='word_1_581' title='bbox 2290 3258 2318 3309; x_wconf 88' lang='grc' dir='ltr'><strong>ό</strong></span> <span class='ocrx_word' id='word_1_582' title='bbox 2348 3258 2410 3309; x_wconf 82' lang='grc' dir='ltr'><strong>ἐκ</strong></span> <span class='ocrx_word' id='word_1_583' title='bbox 2442 3255 2577 3309; x_wconf 88' lang='grc' dir='ltr'>Θεοῦ</span> <span class='ocrx_word' id='word_1_584' title='bbox 2610 3255 2822 3327; x_wconf 83' lang='grc' dir='ltr'>Πατρός</span> <span class='ocrx_word' id='word_1_585' title='bbox 2852 3256 3022 3325; x_wconf 84' lang='grc' dir='ltr'>Λόγος</span> <span class='ocrx_word' id='word_1_586' title='bbox 3044 3274 3056 3285; x_wconf 88' lang='grc'><strong>·</strong></span> <span class='ocrx_word' id='word_1_587' title='bbox 3103 3258 3292 3329; x_wconf 80' lang='grc' dir='ltr'>ἐπειδὴ</span> <span class='ocrx_word' id='word_1_588' title='bbox 3341 3258 3399 3310; x_wconf 84' lang='grc' dir='ltr'>δὲ</span> <span class='ocrx_word' id='word_1_589' title='bbox 3435 3257 3743 3329; x_wconf 84' lang='grc' dir='ltr'>μεμένηκεν</span> 
     </span>
    </p>
   </div>
   <div class='ocr_carea' id='block_1_80' title="bbox 2172 3348 3744 3420">
    <p class='ocr_par' dir='ltr' id='par_1_80' title="bbox 2172 3348 3744 3420">
     <span class='ocr_line' id='line_1_80' title="bbox 2172 3348 3744 3420; baseline 0.001 -20"><span class='ocrx_word' id='word_1_590' title='bbox 2172 3350 2201 3400; x_wconf 85' lang='grc' dir='ltr'>ὁ</span> <span class='ocrx_word' id='word_1_591' title='bbox 2231 3350 2396 3411; x_wconf 86' lang='grc' dir='ltr'>αὑτὸς</span> <span class='ocrx_word' id='word_1_592' title='bbox 2454 3348 2702 3417; x_wconf 84' lang='grc' dir='ltr'>δηλονότι</span> <span class='ocrx_word' id='word_1_593' title='bbox 2743 3349 2893 3412; x_wconf 84' lang='grc' dir='ltr'>Θεὸς,</span> <span class='ocrx_word' id='word_1_594' title='bbox 2941 3350 3040 3420; x_wconf 78' lang='grc' dir='ltr'><strong>τῆς</strong></span> <span class='ocrx_word' id='word_1_595' title='bbox 3087 3349 3311 3419; x_wconf 80' lang='grc' dir='ltr'>ἐνούσης</span> <span class='ocrx_word' id='word_1_596' title='bbox 3353 3350 3495 3403; x_wconf 85' lang='grc' dir='ltr'><strong>κατά</strong></span> <span class='ocrx_word' id='word_1_597' title='bbox 3525 3350 3744 3404; x_wconf 88' lang='grc' dir='ltr'>πάντων</span> 
     </span>
    </p>
   </div>
   <div class='ocr_carea' id='block_1_81' title="bbox 2174 3436 3744 3510">
    <p class='ocr_par' dir='ltr' id='par_1_81' title="bbox 2174 3436 3744 3510">
     <span class='ocr_line' id='line_1_81' title="bbox 2174 3436 3744 3510; baseline 0.003 -22"><span class='ocrx_word' id='word_1_598' title='bbox 2174 3436 2447 3507; x_wconf 82' lang='grc' dir='ltr'>ὑπεροχῆς</span> <span class='ocrx_word' id='word_1_599' title='bbox 2477 3437 2537 3489; x_wconf 86' lang='grc' dir='ltr'><strong>τὸ</strong></span> <span class='ocrx_word' id='word_1_600' title='bbox 2564 3437 2783 3506; x_wconf 78' lang='grc' dir='ltr'>ἀξίωμα</span> <span class='ocrx_word' id='word_1_601' title='bbox 2810 3436 3133 3490; x_wconf 77' lang='grc' dir='ltr'>διεσώσατοο</span> <span class='ocrx_word' id='word_1_602' title='bbox 3189 3438 3392 3510; x_wconf 83' lang='grc' dir='ltr'>καίπερ</span> <span class='ocrx_word' id='word_1_603' title='bbox 3441 3436 3515 3491; x_wconf 85' lang='grc' dir='ltr'>ὣν</span> <span class='ocrx_word' id='word_1_604' title='bbox 3563 3438 3744 3509; x_wconf 82' lang='grc' dir='ltr'>σάρκα</span> 
     </span>
    </p>
   </div>
   <div class='ocr_carea' id='block_1_82' title="bbox 2174 3525 3739 3602">
    <p class='ocr_par' dir='ltr' id='par_1_82' title="bbox 2174 3525 3739 3602">
     <span class='ocr_line' id='line_1_82' title="bbox 2174 3525 3739 3602; baseline 0 -20"><span class='ocrx_word' id='word_1_605' title='bbox 2174 3526 2255 3599; x_wconf 80' lang='grc' dir='ltr'>[ἐν</span> <span class='ocrx_word' id='word_1_606' title='bbox 2283 3528 2467 3601; x_wconf 76' lang='grc' dir='ltr'>σαρκὶ]</span> <span class='ocrx_word' id='word_1_607' title='bbox 2499 3528 2620 3581; x_wconf 87' lang='grc' dir='ltr'>καθ’</span> <span class='ocrx_word' id='word_1_608' title='bbox 2647 3530 2819 3599; x_wconf 81' lang='grc' dir='ltr'>ἡμᾶς.</span> <span class='ocrx_word' id='word_1_609' title='bbox 2851 3530 2982 3592; x_wconf 81' lang='grc' dir='ltr'>Θεὸς</span> <span class='ocrx_word' id='word_1_610' title='bbox 3003 3530 3060 3582; x_wconf 84' lang='grc' dir='ltr'><strong>δέ</strong></span> <span class='ocrx_word' id='word_1_611' title='bbox 3082 3530 3362 3599; x_wconf 83' lang='grc' dir='ltr'>ὑπάρχων,</span> <span class='ocrx_word' id='word_1_612' title='bbox 3382 3530 3532 3583; x_wconf 80' lang='grc' dir='ltr'>οὐδὲν</span> <span class='ocrx_word' id='word_1_613' title='bbox 3554 3525 3739 3602; x_wconf 78' lang='grc' dir='ltr'>ἦττον,</span> 
     </span>
    </p>
   </div>
   <div class='ocr_carea' id='block_1_83' title="bbox 2174 3620 3741 3695">
    <p class='ocr_par' dir='ltr' id='par_1_83' title="bbox 2174 3620 3741 3695">
     <span class='ocr_line' id='line_1_83' title="bbox 2174 3620 3741 3695; baseline 0.002 -22"><span class='ocrx_word' id='word_1_614' title='bbox 2174 3621 2206 3690; x_wconf 87' lang='grc' dir='ltr'>ἢ</span> <span class='ocrx_word' id='word_1_615' title='bbox 2238 3620 2405 3675; x_wconf 86' lang='grc' dir='ltr'>πάλαι</span> <span class='ocrx_word' id='word_1_616' title='bbox 2452 3622 2545 3674; x_wconf 77' lang='grc' dir='ltr'><strong>καὶ</strong></span> <span class='ocrx_word' id='word_1_617' title='bbox 2576 3620 2689 3685; x_wconf 91' lang='grc' dir='ltr'>νῦν,</span> <span class='ocrx_word' id='word_1_618' title='bbox 2739 3623 2841 3676; x_wconf 85' lang='grc' dir='ltr'>κᾶν</span> <span class='ocrx_word' id='word_1_619' title='bbox 2871 3624 2920 3675; x_wconf 84' lang='grc' dir='ltr'>εἰ</span> <span class='ocrx_word' id='word_1_620' title='bbox 2952 3623 3174 3691; x_wconf 82' lang='grc' dir='ltr'>γέγονεν</span> <span class='ocrx_word' id='word_1_621' title='bbox 3198 3623 3507 3693; x_wconf 81' lang='grc' dir='ltr'>ἄνθρωπος,</span> <span class='ocrx_word' id='word_1_622' title='bbox 3537 3623 3741 3695; x_wconf 85' lang='grc' dir='ltr'>λάτρην</span> 
     </span>
    </p>
   </div>
   <div class='ocr_carea' id='block_1_84' title="bbox 2173 3713 3743 3786">
    <p class='ocr_par' dir='ltr' id='par_1_84' title="bbox 2173 3713 3743 3786">
     <span class='ocr_line' id='line_1_84' title="bbox 2173 3713 3743 3786; baseline 0.002 -21"><span class='ocrx_word' id='word_1_623' title='bbox 2173 3713 2284 3783; x_wconf 81' lang='grc' dir='ltr'>ἔχει</span> <span class='ocrx_word' id='word_1_624' title='bbox 2315 3716 2405 3766; x_wconf 84' lang='grc' dir='ltr'><strong>τὸν</strong></span> <span class='ocrx_word' id='word_1_625' title='bbox 2428 3713 2655 3784; x_wconf 83' lang='grc' dir='ltr'>οὐρανὸν</span> <span class='ocrx_word' id='word_1_626' title='bbox 2686 3714 2778 3766; x_wconf 61' lang='grc' dir='ltr'><strong>καὶ¹</strong></span> <span class='ocrx_word' id='word_1_627' title='bbox 2812 3714 3222 3785; x_wconf 88' lang='grc' dir='ltr'>προσκυνοῦσαν</span> <span class='ocrx_word' id='word_1_628' title='bbox 3246 3714 3341 3785; x_wconf 80' lang='grc' dir='ltr'><strong>τήν</strong></span> <span class='ocrx_word' id='word_1_629' title='bbox 3372 3714 3478 3785; x_wconf 77' lang='grc' dir='ltr'><strong>γῆν</strong></span> <span class='ocrx_word' id='word_1_630' title='bbox 3498 3730 3511 3744; x_wconf 80' lang='grc'><strong><em>⁸</em></strong></span> <span class='ocrx_word' id='word_1_631' title='bbox 3540 3716 3743 3786; x_wconf 80' lang='grc' dir='ltr'>γέγρα-</span> 
     </span>
    </p>
   </div>
   <div class='ocr_carea' id='block_1_85' title="bbox 2175 3804 3734 3880">
    <p class='ocr_par' dir='ltr' id='par_1_85' title="bbox 2175 3804 3734 3880">
     <span class='ocr_line' id='line_1_85' title="bbox 2175 3804 3734 3880; baseline 0.012 -24"><span class='ocrx_word' id='word_1_632' title='bbox 2175 3821 2306 3857; x_wconf 88' lang='grc' dir='ltr'>πται</span> <span class='ocrx_word' id='word_1_633' title='bbox 2330 3804 2458 3876; x_wconf 88' lang='grc' dir='ltr'><strong>γάρ,</strong></span> <span class='ocrx_word' id='word_1_634' title='bbox 2494 3808 2575 3859; x_wconf 82' lang='grc' dir='ltr'>ὅτι</span> <span class='ocrx_word' id='word_1_635' title='bbox 2611 3827 2628 3859; x_wconf 79' lang='grc' dir='ltr'><strong>ι</strong></span> <span class='ocrx_word' id='word_1_636' title='bbox 2669 3809 2779 3878; x_wconf 83' lang='grc' dir='ltr'>Τῆς</span> <span class='ocrx_word' id='word_1_637' title='bbox 2810 3809 3071 3872; x_wconf 78' lang='grc' dir='ltr'>αἰνέσεως</span> <span class='ocrx_word' id='word_1_638' title='bbox 3096 3808 3303 3880; x_wconf 84' lang='grc' dir='ltr'>Κυρίου</span> <span class='ocrx_word' id='word_1_639' title='bbox 3335 3810 3549 3879; x_wconf 82' lang='grc' dir='ltr'>πλήρης</span> <span class='ocrx_word' id='word_1_640' title='bbox 3577 3813 3608 3880; x_wconf 82' lang='grc' dir='ltr'>ἡ</span> <span class='ocrx_word' id='word_1_641' title='bbox 3640 3810 3734 3880; x_wconf 79' lang='grc' dir='ltr'><strong>γῆ·</strong></span> 
     </span>
    </p>
   </div>
   <div class='ocr_carea' id='block_1_86' title="bbox 2172 3896 3739 3971">
    <p class='ocr_par' dir='ltr' id='par_1_86' title="bbox 2172 3896 3739 3971">
     <span class='ocr_line' id='line_1_86' title="bbox 2172 3896 3739 3971; baseline 0.004 -24"><span class='ocrx_word' id='word_1_642' title='bbox 2172 3896 2442 3966; x_wconf 64' lang='grc' dir='ltr'>ἐκάλυψεν</span> <span class='ocrx_word' id='word_1_643' title='bbox 2491 3899 2752 3966; x_wconf 84' lang='grc' dir='ltr'>οὐρανοὺς</span> <span class='ocrx_word' id='word_1_644' title='bbox 2779 3900 2811 3968; x_wconf 83' lang='grc' dir='ltr'><strong>ή</strong></span> <span class='ocrx_word' id='word_1_645' title='bbox 2843 3900 3010 3969; x_wconf 87' lang='grc' dir='ltr'>ἀρετή</span> <span class='ocrx_word' id='word_1_646' title='bbox 3044 3916 3158 3964; x_wconf 90' lang='grc' dir='ltr'>σου,</span> <span class='ocrx_word' id='word_1_647' title='bbox 3198 3899 3393 3970; x_wconf 86' lang='grc' dir='ltr'>Κύριε.</span> <span class='ocrx_word' id='word_1_648' title='bbox 3432 3919 3450 3951; x_wconf 87' lang='grc'><strong>›</strong></span> <span class='ocrx_word' id='word_1_649' title='bbox 3485 3900 3557 3953; x_wconf 68' lang='grc' dir='ltr'><strong>Σὺ</strong></span> <span class='ocrx_word' id='word_1_650' title='bbox 3588 3900 3643 3953; x_wconf 80' lang='grc' dir='ltr'><strong>δὲ</strong></span> <span class='ocrx_word' id='word_1_651' title='bbox 3672 3899 3739 3971; x_wconf 74' lang='grc' dir='ltr'>δὴ</span> 
     </span>
    </p>
   </div>
   <div class='ocr_carea' id='block_1_87' title="bbox 2174 3988 3741 4062">
    <p class='ocr_par' dir='ltr' id='par_1_87' title="bbox 2174 3988 3741 4062">
     <span class='ocr_line' id='line_1_87' title="bbox 2174 3988 3741 4062; baseline 0.003 -21"><span class='ocrx_word' id='word_1_652' title='bbox 2174 3988 2334 4042; x_wconf 81' lang='grc' dir='ltr'>πάλιν</span> <span class='ocrx_word' id='word_1_653' title='bbox 2369 3988 2458 4041; x_wconf 82' lang='grc' dir='ltr'><strong>τὸν</strong></span> <span class='ocrx_word' id='word_1_654' title='bbox 2488 3988 2660 4052; x_wconf 80' lang='grc' dir='ltr'>οὕτως</span> <span class='ocrx_word' id='word_1_655' title='bbox 2710 3989 2901 4060; x_wconf 79' lang='grc' dir='ltr'>ἔχοντα</span> <span class='ocrx_word' id='word_1_656' title='bbox 2950 3990 3163 4059; x_wconf 83' lang='grc' dir='ltr'>φύσεώς</span> <span class='ocrx_word' id='word_1_657' title='bbox 3205 4009 3264 4044; x_wconf 89' lang='grc' dir='ltr'><strong>τε</strong></span> <span class='ocrx_word' id='word_1_658' title='bbox 3306 3992 3399 4045; x_wconf 72' lang='grc' dir='ltr'><strong>καὶ</strong></span> <span class='ocrx_word' id='word_1_659' title='bbox 3444 3991 3632 4062; x_wconf 75' lang='grc' dir='ltr'>δόξης,</span> <span class='ocrx_word' id='word_1_660' title='bbox 3674 3994 3741 4045; x_wconf 84' lang='grc' dir='ltr'><strong>ἐκ</strong></span> 
     </span>
    </p>
   </div>
   <div class='ocr_carea' id='block_1_88' title="bbox 2173 4079 3739 4153">
    <p class='ocr_par' dir='ltr' id='par_1_88' title="bbox 2173 4079 3739 4153">
     <span class='ocr_line' id='line_1_88' title="bbox 2173 4079 3739 4153; baseline 0.002 -22"><span class='ocrx_word' id='word_1_661' title='bbox 2173 4079 2374 4151; x_wconf 81' lang='grc' dir='ltr'>πολλῆς</span> <span class='ocrx_word' id='word_1_662' title='bbox 2404 4080 2543 4147; x_wconf 86' lang='grc' dir='ltr'>ἄγαν</span> <span class='ocrx_word' id='word_1_663' title='bbox 2567 4079 2915 4152; x_wconf 86' lang='grc' dir='ltr'>ἀϐελτηρίας,</span> <span class='ocrx_word' id='word_1_664' title='bbox 2948 4081 3045 4150; x_wconf 86' lang='grc' dir='ltr'><strong>οὑχ</strong></span> <span class='ocrx_word' id='word_1_665' title='bbox 3077 4084 3229 4153; x_wconf 82' lang='grc' dir='ltr'>ὁρᾷς.</span> <span class='ocrx_word' id='word_1_666' title='bbox 3262 4082 3439 4152; x_wconf 84' lang='grc' dir='ltr'>Ἐφης</span> <span class='ocrx_word' id='word_1_667' title='bbox 3467 4083 3577 4152; x_wconf 86' lang='grc' dir='ltr'><strong>γὰρ</strong></span> <span class='ocrx_word' id='word_1_668' title='bbox 3603 4081 3683 4143; x_wconf 90' lang='grc' dir='ltr'><strong>τίς</strong></span> <span class='ocrx_word' id='word_1_669' title='bbox 3708 4084 3739 4134; x_wconf 89' lang='grc' dir='ltr'>ὁ</span> 
     </span>
    </p>
   </div>
   <div class='ocr_carea' id='block_1_89' title="bbox 2172 4170 3741 4244">
    <p class='ocr_par' dir='ltr' id='par_1_89' title="bbox 2172 4170 3741 4244">
     <span class='ocr_line' id='line_1_89' title="bbox 2172 4170 3741 4244; baseline 0.001 -21"><span class='ocrx_word' id='word_1_670' title='bbox 2172 4170 2491 4241; x_wconf 87' lang='grc' dir='ltr'>ἐρχόμενος;</span> <span class='ocrx_word' id='word_1_671' title='bbox 2543 4189 2561 4221; x_wconf 77' lang='grc' dir='ltr'><strong>ι</strong></span> <span class='ocrx_word' id='word_1_672' title='bbox 2594 4172 2851 4241; x_wconf 77' lang='grc' dir='ltr'>Ὄψονται</span> <span class='ocrx_word' id='word_1_673' title='bbox 2901 4173 2991 4225; x_wconf 83' lang='grc' dir='ltr'><strong>τὸν</strong></span> <span class='ocrx_word' id='word_1_674' title='bbox 3026 4174 3153 4225; x_wconf 73' lang='grc' dir='ltr'>Υἱὸν</span> <span class='ocrx_word' id='word_1_675' title='bbox 3183 4173 3275 4226; x_wconf 87' lang='grc' dir='ltr'><strong>τοῦ</strong></span> <span class='ocrx_word' id='word_1_676' title='bbox 3315 4173 3607 4244; x_wconf 83' lang='grc' dir='ltr'>ἀνθρώπου</span> <span class='ocrx_word' id='word_1_677' title='bbox 3647 4175 3741 4244; x_wconf 81' lang='grc' dir='ltr'>ἐρ-</span> 
     </span>
    </p>
   </div>
   <div class='ocr_carea' id='block_1_90' title="bbox 2171 4262 3739 4333">
    <p class='ocr_par' dir='ltr' id='par_1_90' title="bbox 2171 4262 3739 4333">
     <span class='ocr_line' id='line_1_90' title="bbox 2171 4262 3739 4333; baseline 0.001 -19"><span class='ocrx_word' id='word_1_678' title='bbox 2171 4262 2397 4332; x_wconf 86' lang='grc' dir='ltr'>χόμενον</span> <span class='ocrx_word' id='word_1_679' title='bbox 2428 4264 2517 4315; x_wconf 70' lang='grc' dir='ltr'>ἐπὶ</span> <span class='ocrx_word' id='word_1_680' title='bbox 2545 4262 2654 4315; x_wconf 82' lang='grc' dir='ltr'><strong>τῶν</strong></span> <span class='ocrx_word' id='word_1_681' title='bbox 2681 4264 2919 4332; x_wconf 83' lang='grc' dir='ltr'>νεφελῶν</span> <span class='ocrx_word' id='word_1_682' title='bbox 2947 4263 3040 4317; x_wconf 88' lang='grc' dir='ltr'><strong>τοῦ</strong></span> <span class='ocrx_word' id='word_1_683' title='bbox 3074 4264 3304 4333; x_wconf 80' lang='grc' dir='ltr'>οὐρανοῦ</span> <span class='ocrx_word' id='word_1_684' title='bbox 3326 4280 3339 4295; x_wconf 92' lang='grc'><strong>·</strong></span> <span class='ocrx_word' id='word_1_685' title='bbox 3376 4283 3394 4315; x_wconf 73' lang='grc' dir='ltr'><strong>ι</strong></span> <span class='ocrx_word' id='word_1_686' title='bbox 3429 4263 3618 4333; x_wconf 84' lang='grc' dir='ltr'>ὥσπερ</span> <span class='ocrx_word' id='word_1_687' title='bbox 3652 4264 3739 4316; x_wconf 88' lang='grc' dir='ltr'><strong>δε-</strong></span> 
     </span>
    </p>
   </div>
   <div class='ocr_carea' id='block_1_91' title="bbox 2170 4352 3739 4427">
    <p class='ocr_par' dir='ltr' id='par_1_91' title="bbox 2170 4352 3739 4427">
     <span class='ocr_line' id='line_1_91' title="bbox 2170 4352 3739 4427; baseline 0.002 -23"><span class='ocrx_word' id='word_1_688' title='bbox 2170 4352 2298 4416; x_wconf 88' lang='grc' dir='ltr'>διὼς</span> <span class='ocrx_word' id='word_1_689' title='bbox 2328 4353 2403 4424; x_wconf 84' lang='grc' dir='ltr'>μὴ</span> <span class='ocrx_word' id='word_1_690' title='bbox 2434 4354 2543 4425; x_wconf 85' lang='grc' dir='ltr'><strong>ἀρα</strong></span> <span class='ocrx_word' id='word_1_691' title='bbox 2561 4373 2644 4419; x_wconf 88' lang='grc' dir='ltr'><strong>τις</strong></span> <span class='ocrx_word' id='word_1_692' title='bbox 2673 4356 3027 4427; x_wconf 79' lang='grc' dir='ltr'>ἀπιστήσειεν</span> <span class='ocrx_word' id='word_1_693' title='bbox 3056 4356 3183 4409; x_wconf 78' lang='grc' dir='ltr'>Υἱὸν</span> <span class='ocrx_word' id='word_1_694' title='bbox 3213 4355 3498 4427; x_wconf 82' lang='grc' dir='ltr'>ἀνθρώπου</span> <span class='ocrx_word' id='word_1_695' title='bbox 3527 4355 3739 4423; x_wconf 83' lang='grc' dir='ltr'>λέγοντι</span> 
     </span>
    </p>
   </div>
   <div class='ocr_carea' id='block_1_92' title="bbox 500 4444 2073 4520">
    <p class='ocr_par' dir='ltr' id='par_1_92' title="bbox 500 4444 2066 4515">
     <span class='ocr_line' id='line_1_92' title="bbox 500 4444 2066 4515; baseline -0.004 -12"><span class='ocrx_word' id='word_1_696' title='bbox 500 4449 714 4503; x_wconf 89' lang='lat' dir='ltr'><strong>tissime</strong></span> <span class='ocrx_word' id='word_1_697' title='bbox 744 4444 1002 4515; x_wconf 86' lang='lat' dir='ltr'><strong>adjiciens</strong></span> <span class='ocrx_word' id='word_1_698' title='bbox 1032 4462 1045 4498; x_wconf 89' lang='lat'><strong>:</strong></span> <span class='ocrx_word' id='word_1_699' title='bbox 1073 4444 1335 4510; x_wconf 85' lang='lat' dir='ltr'><strong>Quidnam</strong></span> <span class='ocrx_word' id='word_1_700' title='bbox 1375 4453 1480 4510; x_wconf 89' lang='lat' dir='ltr'><strong>est,</strong></span> <span class='ocrx_word' id='word_1_701' title='bbox 1537 4444 1738 4513; x_wconf 90' lang='lat' dir='ltr'><strong>inquis,</strong></span> <span class='ocrx_word' id='word_1_702' title='bbox 1768 4444 1897 4498; x_wconf 87' lang='lat' dir='ltr'><strong>illud</strong></span> <span class='ocrx_word' id='word_1_703' title='bbox 1922 4459 2066 4498; x_wconf 86' lang='lat' dir='ltr'><strong>com-</strong></span> 
     </span>
    </p>
   </div>
   <div class='ocr_carea' id='block_1_93' title="bbox 2177 4444 3738 4520">
    <p class='ocr_par' dir='ltr' id='par_1_93' title="bbox 2177 4444 3738 4520">
     <span class='ocr_line' id='line_1_93' title="bbox 2177 4444 3738 4520; baseline 0.003 -24"><span class='ocrx_word' id='word_1_704' title='bbox 2177 4444 2262 4497; x_wconf 82' lang='grc' dir='ltr'>τὸν</span> <span class='ocrx_word' id='word_1_705' title='bbox 2296 4446 2608 4515; x_wconf 85' lang='grc' dir='ltr'>ἐρχόμενον.</span> <span class='ocrx_word' id='word_1_706' title='bbox 2651 4448 2759 4500; x_wconf 79' lang='grc' dir='ltr'>Καὶ</span> <span class='ocrx_word' id='word_1_707' title='bbox 2814 4452 3125 4520; x_wconf 82' lang='grc' dir='ltr'>προφητικῇ</span> <span class='ocrx_word' id='word_1_708' title='bbox 3182 4449 3455 4519; x_wconf 72' lang='grc' dir='ltr'>μαρτυρίᾳ</span> <span class='ocrx_word' id='word_1_709' title='bbox 3496 4448 3738 4519; x_wconf 80' lang='grc' dir='ltr'>βεϐαιοῖς</span> 
     </span>
    </p>
   </div>
   <div class='ocr_carea' id='block_1_94' title="bbox 499 4533 2067 4609">
    <p class='ocr_par' dir='ltr' id='par_1_94' title="bbox 499 4533 2067 4609">
     <span class='ocr_line' id='line_1_94' title="bbox 499 4533 2067 4609; baseline -0.004 -15"><span class='ocrx_word' id='word_1_710' title='bbox 499 4548 760 4609; x_wconf 92' lang='lat' dir='ltr'><strong>punctum</strong></span> <span class='ocrx_word' id='word_1_711' title='bbox 792 4536 815 4588; x_wconf 85' lang='lat'><strong>?</strong></span> <span class='ocrx_word' id='word_1_712' title='bbox 842 4534 1006 4589; x_wconf 89' lang='lat' dir='ltr'><strong>Latus</strong></span> <span class='ocrx_word' id='word_1_713' title='bbox 1033 4550 1049 4597; x_wconf 90' lang='lat'><strong>;</strong></span> <span class='ocrx_word' id='word_1_714' title='bbox 1072 4533 1211 4588; x_wconf 87' lang='lat' dir='ltr'><strong>latus</strong></span> <span class='ocrx_word' id='word_1_715' title='bbox 1253 4548 1382 4589; x_wconf 90' lang='lat' dir='ltr'><strong>vero</strong></span> <span class='ocrx_word' id='word_1_716' title='bbox 1434 4533 1677 4601; x_wconf 88' lang='lat' dir='ltr'><strong>corporis</strong></span> <span class='ocrx_word' id='word_1_717' title='bbox 1702 4542 1804 4596; x_wconf 88' lang='lat' dir='ltr'><strong>est,</strong></span> <span class='ocrx_word' id='word_1_718' title='bbox 1842 4547 1908 4585; x_wconf 91' lang='lat' dir='ltr'><strong>an</strong></span> <span class='ocrx_word' id='word_1_719' title='bbox 1931 4534 2067 4587; x_wconf 57' lang='lat' dir='ltr'><strong>divi.</strong></span> 
     </span>
    </p>
   </div>
   <div class='ocr_carea' id='block_1_95' title="bbox 500 4621 2062 4694">
    <p class='ocr_par' dir='ltr' id='par_1_95' title="bbox 500 4621 2062 4694">
     <span class='ocr_line' id='line_1_95' title="bbox 500 4621 2062 4694; baseline -0.005 -9"><span class='ocrx_word' id='word_1_720' title='bbox 500 4628 727 4685; x_wconf 79' lang='lat' dir='ltr'><strong>uitatis?</strong></span> <span class='ocrx_word' id='word_1_721' title='bbox 755 4626 858 4681; x_wconf 91' lang='lat' dir='ltr'><strong>Sed</strong></span> <span class='ocrx_word' id='word_1_722' title='bbox 887 4625 931 4681; x_wconf 91' lang='lat' dir='ltr'><strong>si</strong></span> <span class='ocrx_word' id='word_1_723' title='bbox 958 4626 1250 4694; x_wconf 85' lang='lat' dir='ltr'><strong>quiessent</strong></span> <span class='ocrx_word' id='word_1_724' title='bbox 1298 4623 1388 4693; x_wconf 91' lang='lat' dir='ltr'><strong>qui</strong></span> <span class='ocrx_word' id='word_1_725' title='bbox 1416 4624 1677 4689; x_wconf 88' lang='lat' dir='ltr'><strong>dicerent,</strong></span> <span class='ocrx_word' id='word_1_726' title='bbox 1702 4623 1796 4677; x_wconf 90' lang='lat' dir='ltr'><strong>Dei</strong></span> <span class='ocrx_word' id='word_1_727' title='bbox 1827 4621 2062 4678; x_wconf 88' lang='lat' dir='ltr'><strong>Verbum</strong></span> 
     </span>
    </p>
   </div>
   <div class='ocr_carea' id='block_1_96' title="bbox 500 4713 2062 4776">
    <p class='ocr_par' dir='ltr' id='par_1_96' title="bbox 500 4713 2062 4776">
     <span class='ocr_line' id='line_1_96' title="bbox 500 4713 2062 4776; baseline -0.004 -2"><span class='ocrx_word' id='word_1_728' title='bbox 500 4734 607 4774; x_wconf 89' lang='lat' dir='ltr'><strong>non</strong></span> <span class='ocrx_word' id='word_1_729' title='bbox 668 4716 870 4772; x_wconf 82' lang='lat' dir='ltr'><strong>factum</strong></span> <span class='ocrx_word' id='word_1_730' title='bbox 925 4714 1094 4769; x_wconf 75' lang='lat' dir='ltr'><strong>fuisse</strong></span> <span class='ocrx_word' id='word_1_731' title='bbox 1148 4715 1417 4768; x_wconf 88' lang='lat' dir='ltr'><strong>hominem</strong></span> <span class='ocrx_word' id='word_1_732' title='bbox 1478 4714 1649 4768; x_wconf 90' lang='lat' dir='ltr'><strong>nostri</strong></span> <span class='ocrx_word' id='word_1_733' title='bbox 1683 4713 1935 4776; x_wconf 85' lang='lat' dir='ltr'><strong>similem,</strong></span> <span class='ocrx_word' id='word_1_734' title='bbox 1971 4716 2062 4767; x_wconf 88' lang='lat' dir='ltr'><strong>sed</strong></span> 
     </span>
    </p>
   </div>
   <div class='ocr_carea' id='block_1_97' title="bbox 499 4805 2061 4876">
    <p class='ocr_par' dir='ltr' id='par_1_97' title="bbox 499 4805 2061 4876">
     <span class='ocr_line' id='line_1_97' title="bbox 499 4805 2061 4876; baseline -0.004 -10"><span class='ocrx_word' id='word_1_735' title='bbox 499 4812 567 4865; x_wconf 82' lang='lat' dir='ltr'><strong>ad</strong></span> <span class='ocrx_word' id='word_1_736' title='bbox 590 4809 835 4865; x_wconf 87' lang='lat' dir='ltr'><strong>homines</strong></span> <span class='ocrx_word' id='word_1_737' title='bbox 852 4807 939 4876; x_wconf 92' lang='lat' dir='ltr'><strong>qui</strong></span> <span class='ocrx_word' id='word_1_738' title='bbox 973 4814 1098 4860; x_wconf 89' lang='lat' dir='ltr'><strong>sunt</strong></span> <span class='ocrx_word' id='word_1_739' title='bbox 1133 4807 1184 4858; x_wconf 92' lang='lat' dir='ltr'><strong>in</strong></span> <span class='ocrx_word' id='word_1_740' title='bbox 1210 4806 1370 4860; x_wconf 91' lang='lat' dir='ltr'><strong>terris</strong></span> <span class='ocrx_word' id='word_1_741' title='bbox 1429 4805 1711 4860; x_wconf 87' lang='lat' dir='ltr'><strong>advenisse</strong></span> <span class='ocrx_word' id='word_1_742' title='bbox 1738 4806 1874 4859; x_wconf 85' lang='lat' dir='ltr'><strong>nuda</strong></span> <span class='ocrx_word' id='word_1_743' title='bbox 1908 4821 2061 4859; x_wconf 90' lang='lat' dir='ltr'><strong>usum</strong></span> 
     </span>
    </p>
   </div>
   <div class='ocr_carea' id='block_1_98' title="bbox 499 4899 2060 4969">
    <p class='ocr_par' dir='ltr' id='par_1_98' title="bbox 499 4899 2060 4969">
     <span class='ocr_line' id='line_1_98' title="bbox 499 4899 2060 4969; baseline -0.003 -12"><span class='ocrx_word' id='word_1_744' title='bbox 499 4903 800 4966; x_wconf 85' lang='lat' dir='ltr'><strong>divinitate,</strong></span> <span class='ocrx_word' id='word_1_745' title='bbox 854 4909 946 4954; x_wconf 89' lang='lat' dir='ltr'><strong>aut</strong></span> <span class='ocrx_word' id='word_1_746' title='bbox 997 4901 1063 4952; x_wconf 87' lang='lat' dir='ltr'><strong>ad</strong></span> <span class='ocrx_word' id='word_1_747' title='bbox 1096 4900 1267 4953; x_wconf 89' lang='lat' dir='ltr'><strong>visum</strong></span> <span class='ocrx_word' id='word_1_748' title='bbox 1323 4914 1387 4953; x_wconf 84' lang='lat' dir='ltr'><strong>ac</strong></span> <span class='ocrx_word' id='word_1_749' title='bbox 1410 4899 1669 4969; x_wconf 87' lang='lat' dir='ltr'><strong>speciem,</strong></span> <span class='ocrx_word' id='word_1_750' title='bbox 1712 4908 1767 4953; x_wconf 91' lang='lat' dir='ltr'><strong>et</strong></span> <span class='ocrx_word' id='word_1_751' title='bbox 1810 4909 2060 4968; x_wconf 87' lang='lat' dir='ltr'><strong>tanquam</strong></span> 
     </span>
    </p>
   </div>
   <div class='ocr_carea' id='block_1_99' title="bbox 499 4990 2063 5059">
    <p class='ocr_par' dir='ltr' id='par_1_99' title="bbox 499 4990 2063 5059">
     <span class='ocr_line' id='line_1_99' title="bbox 499 4990 2063 5059; baseline -0.003 -11"><span class='ocrx_word' id='word_1_752' title='bbox 499 4996 553 5049; x_wconf 90' lang='lat' dir='ltr'><strong>in</strong></span> <span class='ocrx_word' id='word_1_753' title='bbox 586 4994 797 5056; x_wconf 90' lang='lat' dir='ltr'><strong>umbra,</strong></span> <span class='ocrx_word' id='word_1_754' title='bbox 831 5000 889 5045; x_wconf 90' lang='lat' dir='ltr'><strong>ut</strong></span> <span class='ocrx_word' id='word_1_755' title='bbox 934 4992 1257 5059; x_wconf 88' lang='lat' dir='ltr'><strong>quibusdam</strong></span> <span class='ocrx_word' id='word_1_756' title='bbox 1316 4990 1494 5057; x_wconf 92' lang='lat' dir='ltr'><strong>impiis</strong></span> <span class='ocrx_word' id='word_1_757' title='bbox 1537 4990 1808 5045; x_wconf 72' lang='lat' dir='ltr'><strong>htereticis</strong></span> <span class='ocrx_word' id='word_1_758' title='bbox 1862 4992 2063 5045; x_wconf 88' lang='lat' dir='ltr'><strong>sentire</strong></span> 
     </span>
    </p>
   </div>
   <div class='ocr_carea' id='block_1_100' title="bbox 499 5078 2065 5147">
    <p class='ocr_par' dir='ltr' id='par_1_100' title="bbox 499 5078 2065 5147">
     <span class='ocr_line' id='line_1_100' title="bbox 499 5078 2065 5147; baseline 0.001 -16"><span class='ocrx_word' id='word_1_759' title='bbox 499 5083 674 5134; x_wconf 85' lang='lat' dir='ltr'><strong>visum</strong></span> <span class='ocrx_word' id='word_1_760' title='bbox 736 5088 843 5143; x_wconf 89' lang='lat' dir='ltr'><strong>est,</strong></span> <span class='ocrx_word' id='word_1_761' title='bbox 877 5080 1103 5133; x_wconf 90' lang='lat' dir='ltr'><strong>haberes</strong></span> <span class='ocrx_word' id='word_1_762' title='bbox 1164 5078 1399 5146; x_wconf 88' lang='lat' dir='ltr'><strong>aliquam</strong></span> <span class='ocrx_word' id='word_1_763' title='bbox 1457 5078 1719 5147; x_wconf 88' lang='lat' dir='ltr'><strong>ejusmodi</strong></span> <span class='ocrx_word' id='word_1_764' title='bbox 1778 5080 2065 5133; x_wconf 83' lang='lat' dir='ltr'><strong>ratiocina-</strong></span> 
     </span>
    </p>
   </div>
   <div class='ocr_carea' id='block_1_101' title="bbox 496 5167 2060 5223">
    <p class='ocr_par' dir='ltr' id='par_1_101' title="bbox 496 5167 2060 5223">
     <span class='ocr_line' id='line_1_101' title="bbox 496 5167 2060 5223; baseline -0.002 0"><span class='ocrx_word' id='word_1_765' title='bbox 496 5172 661 5223; x_wconf 80' lang='lat' dir='ltr'><strong>tionis</strong></span> <span class='ocrx_word' id='word_1_766' title='bbox 719 5167 1093 5222; x_wconf 75' lang='lat' dir='ltr'><strong>construendte</strong></span> <span class='ocrx_word' id='word_1_767' title='bbox 1140 5167 1475 5221; x_wconf 87' lang='lat' dir='ltr'><strong>occasionem</strong></span> <span class='ocrx_word' id='word_1_768' title='bbox 1532 5167 1671 5220; x_wconf 88' lang='lat' dir='ltr'><strong>haud</strong></span> <span class='ocrx_word' id='word_1_769' title='bbox 1728 5167 2060 5220; x_wconf 89' lang='lat' dir='ltr'><strong>absurdam:</strong></span> 
     </span>
    </p>
   </div>
   <div class='ocr_carea' id='block_1_102' title="bbox 492 5257 2066 5333">
    <p class='ocr_par' dir='ltr' id='par_1_102' title="bbox 492 5257 2066 5333">
     <span class='ocr_line' id='line_1_102' title="bbox 492 5257 2066 5333; baseline -0.003 -17"><span class='ocrx_word' id='word_1_770' title='bbox 492 5262 605 5333; x_wconf 85' lang='lat' dir='ltr'><strong>jam</strong></span> <span class='ocrx_word' id='word_1_771' title='bbox 662 5276 790 5315; x_wconf 90' lang='lat' dir='ltr'><strong>vero</strong></span> <span class='ocrx_word' id='word_1_772' title='bbox 837 5274 957 5313; x_wconf 90' lang='lat' dir='ltr'><strong>cum</strong></span> <span class='ocrx_word' id='word_1_773' title='bbox 1016 5257 1321 5328; x_wconf 73' lang='lat' dir='ltr'><strong>praedicatio</strong></span> <span class='ocrx_word' id='word_1_774' title='bbox 1377 5257 1619 5311; x_wconf 84' lang='lat' dir='ltr'><strong>veritatis</strong></span> <span class='ocrx_word' id='word_1_775' title='bbox 1671 5257 1955 5326; x_wconf 89' lang='lat' dir='ltr'><strong>perspicue</strong></span> <span class='ocrx_word' id='word_1_776' title='bbox 2010 5266 2066 5311; x_wconf 91' lang='lat' dir='ltr'><strong>et</strong></span> 
     </span>
    </p>
   </div>
   <div class='ocr_carea' id='block_1_103' title="bbox 497 5346 2060 5421">
    <p class='ocr_par' dir='ltr' id='par_1_103' title="bbox 497 5346 2060 5421">
     <span class='ocr_line' id='line_1_103' title="bbox 497 5346 2060 5421; baseline -0.004 -12"><span class='ocrx_word' id='word_1_777' title='bbox 497 5354 774 5409; x_wconf 86' lang='lat' dir='ltr'><strong>evidenter</strong></span> <span class='ocrx_word' id='word_1_778' title='bbox 807 5352 979 5421; x_wconf 90' lang='lat' dir='ltr'><strong>ipsum</strong></span> <span class='ocrx_word' id='word_1_779' title='bbox 1012 5349 1106 5403; x_wconf 91' lang='lat' dir='ltr'><strong>Dei</strong></span> <span class='ocrx_word' id='word_1_780' title='bbox 1138 5346 1370 5403; x_wconf 86' lang='lat' dir='ltr'><strong>Verbum</strong></span> <span class='ocrx_word' id='word_1_781' title='bbox 1401 5363 1617 5402; x_wconf 90' lang='lat' dir='ltr'><strong>carnem</strong></span> <span class='ocrx_word' id='word_1_782' title='bbox 1655 5348 1859 5404; x_wconf 80' lang='lat' dir='ltr'><strong>factum</strong></span> <span class='ocrx_word' id='word_1_783' title='bbox 1895 5351 2060 5414; x_wconf 90' lang='lat' dir='ltr'><strong>dicat,</strong></span> 
     </span>
    </p>
   </div>
   <div class='ocr_carea' id='block_1_104' title="bbox 495 5438 2063 5505">
    <p class='ocr_par' dir='ltr' id='par_1_104' title="bbox 495 5438 2063 5505">
     <span class='ocr_line' id='line_1_104' title="bbox 495 5438 2063 5505; baseline -0.003 -5"><span class='ocrx_word' id='word_1_784' title='bbox 495 5443 739 5500; x_wconf 81' lang='lat' dir='ltr'><strong>etfuisse</strong></span> <span class='ocrx_word' id='word_1_785' title='bbox 766 5440 935 5496; x_wconf 89' lang='lat' dir='ltr'><strong>nostri</strong></span> <span class='ocrx_word' id='word_1_786' title='bbox 964 5439 1214 5505; x_wconf 83' lang='lat' dir='ltr'><strong>similem,</strong></span> <span class='ocrx_word' id='word_1_787' title='bbox 1247 5448 1302 5493; x_wconf 88' lang='lat' dir='ltr'><strong>et</strong></span> <span class='ocrx_word' id='word_1_788' title='bbox 1320 5438 1512 5492; x_wconf 85' lang='lat' dir='ltr'><strong>Filium</strong></span> <span class='ocrx_word' id='word_1_789' title='bbox 1541 5440 1794 5505; x_wconf 91' lang='lat' dir='ltr'><strong>hominis,</strong></span> <span class='ocrx_word' id='word_1_790' title='bbox 1822 5448 1877 5493; x_wconf 91' lang='lat' dir='ltr'><strong>et</strong></span> <span class='ocrx_word' id='word_1_791' title='bbox 1900 5456 2063 5495; x_wconf 91' lang='lat' dir='ltr'><strong>carne</strong></span> 
     </span>
    </p>
   </div>
   <div class='ocr_carea' id='block_1_105' title="bbox 495 5533 2058 5604">
    <p class='ocr_par' dir='ltr' id='par_1_105' title="bbox 495 5533 2058 5604">
     <span class='ocr_line' id='line_1_105' title="bbox 495 5533 2058 5604; baseline -0.001 -16"><span class='ocrx_word' id='word_1_792' title='bbox 495 5545 715 5604; x_wconf 84' lang='lat' dir='ltr'><strong>propter</strong></span> <span class='ocrx_word' id='word_1_793' title='bbox 745 5548 842 5587; x_wconf 90' lang='lat' dir='ltr'><strong>nos</strong></span> <span class='ocrx_word' id='word_1_794' title='bbox 872 5548 1107 5602; x_wconf 88' lang='lat' dir='ltr'><strong>passum,</strong></span> <span class='ocrx_word' id='word_1_795' title='bbox 1142 5533 1326 5602; x_wconf 89' lang='lat' dir='ltr'><strong>sicque</strong></span> <span class='ocrx_word' id='word_1_796' title='bbox 1352 5541 1631 5586; x_wconf 89' lang='lat' dir='ltr'><strong>venturum</strong></span> <span class='ocrx_word' id='word_1_797' title='bbox 1677 5541 1733 5586; x_wconf 90' lang='lat' dir='ltr'><strong>ut</strong></span> <span class='ocrx_word' id='word_1_798' title='bbox 1766 5535 1818 5587; x_wconf 91' lang='lat' dir='ltr'><strong>in</strong></span> <span class='ocrx_word' id='word_1_799' title='bbox 1862 5533 2058 5588; x_wconf 66' lang='lat' dir='ltr'><strong>caelum</strong></span> 
     </span>
    </p>
   </div>
   <div class='ocr_carea' id='block_1_106' title="bbox 528 5707 1157 5778">
    <p class='ocr_par' dir='ltr' id='par_1_106' title="bbox 528 5707 1157 5778">
     <span class='ocr_line' id='line_1_106' title="bbox 528 5707 1157 5778; baseline -0.002 -14"><span class='ocrx_word' id='word_1_800' title='bbox 528 5708 573 5741; x_wconf 79' lang='lat'><strong><em>’°</em></strong></span> <span class='ocrx_word' id='word_1_801' title='bbox 598 5707 833 5778; x_wconf 78' lang='lat' dir='ltr'><strong>Philipp.</strong></span> <span class='ocrx_word' id='word_1_802' title='bbox 866 5723 926 5771; x_wconf 90' lang='lat' dir='ltr'><strong>tt,</strong></span> <span class='ocrx_word' id='word_1_803' title='bbox 960 5707 1045 5775; x_wconf 86' lang='grc'><strong>10,</strong></span> <span class='ocrx_word' id='word_1_804' title='bbox 1074 5708 1157 5763; x_wconf 85' lang='lat' dir='ltr'><strong>ll.</strong></span> 
     </span>
    </p>
   </div>
   <div class='ocr_carea' id='block_1_107' title="bbox 1236 5705 2348 5779">
    <p class='ocr_par' dir='ltr' id='par_1_107' title="bbox 1236 5705 2348 5779">
     <span class='ocr_line' id='line_1_107' title="bbox 1236 5705 2348 5779; baseline 0.008 -20"><span class='ocrx_word' id='word_1_805' title='bbox 1236 5709 1276 5739; x_wconf 85' lang='lat'>“</span> <span class='ocrx_word' id='word_1_806' title='bbox 1308 5705 1611 5774; x_wconf 84' lang='lat' dir='ltr'><strong>Habac.ttt,</strong></span> <span class='ocrx_word' id='word_1_807' title='bbox 1641 5708 1693 5763; x_wconf 80' lang='grc'><strong>5.</strong></span> <span class='ocrx_word' id='word_1_808' title='bbox 1773 5712 1814 5743; x_wconf 84' lang='grc'>¹²</span> <span class='ocrx_word' id='word_1_809' title='bbox 1846 5710 2033 5767; x_wconf 85' lang='lat' dir='ltr'><strong>Matth.</strong></span> <span class='ocrx_word' id='word_1_810' title='bbox 2076 5728 2222 5779; x_wconf 69' lang='lat' dir='ltr'><strong>XXIV,</strong></span> <span class='ocrx_word' id='word_1_811' title='bbox 2262 5713 2348 5768; x_wconf 83' lang='lat'><strong>50.</strong></span> 
     </span>
    </p>
   </div>
   <div class='ocr_carea' id='block_1_108' title="bbox 2171 4535 3737 4612">
    <p class='ocr_par' dir='ltr' id='par_1_108' title="bbox 2171 4535 3737 4612">
     <span class='ocr_line' id='line_1_108' title="bbox 2171 4535 3737 4612; baseline 0.004 -25"><span class='ocrx_word' id='word_1_812' title='bbox 2171 4535 2270 4605; x_wconf 83' lang='grc' dir='ltr'>τὴν</span> <span class='ocrx_word' id='word_1_813' title='bbox 2306 4536 2605 4603; x_wconf 80' lang='grc' dir='ltr'>ἀπόδειξιν·</span> <span class='ocrx_word' id='word_1_814' title='bbox 2638 4539 2947 4609; x_wconf 83' lang='grc' dir='ltr'>γεγράφθαι</span> <span class='ocrx_word' id='word_1_815' title='bbox 2986 4540 3093 4612; x_wconf 89' lang='grc' dir='ltr'><strong>γάρ</strong></span> <span class='ocrx_word' id='word_1_816' title='bbox 3127 4540 3268 4610; x_wconf 81' lang='grc' dir='ltr'>φής’</span> <span class='ocrx_word' id='word_1_817' title='bbox 3306 4558 3324 4590; x_wconf 79' lang='grc' dir='ltr'><strong>ι</strong></span> <span class='ocrx_word' id='word_1_818' title='bbox 3361 4540 3620 4609; x_wconf 72' lang='grc' dir='ltr'>Ὄψονται</span> <span class='ocrx_word' id='word_1_819' title='bbox 3655 4541 3737 4604; x_wconf 84' lang='grc' dir='ltr'><strong>είς</strong></span> 
     </span>
    </p>
   </div>
   <div class='ocr_carea' id='block_1_109' title="bbox 2176 4620 3737 4701">
    <p class='ocr_par' dir='ltr' id='par_1_109' title="bbox 2176 4620 3737 4701">
     <span class='ocr_line' id='line_1_109' title="bbox 2176 4620 3737 4701; baseline 0.007 -29"><span class='ocrx_word' id='word_1_820' title='bbox 2176 4620 2233 4672; x_wconf 85' lang='grc' dir='ltr'><strong>ὃν</strong></span> <span class='ocrx_word' id='word_1_821' title='bbox 2282 4621 2673 4694; x_wconf 57' lang='grc' dir='ltr'>ἐξεκέντησαν</span> <span class='ocrx_word' id='word_1_822' title='bbox 2704 4644 2729 4677; x_wconf 61' lang='grc' dir='ltr'>η»</span> <span class='ocrx_word' id='word_1_823' title='bbox 2787 4628 2881 4680; x_wconf 74' lang='grc' dir='ltr'><strong>καὶ</strong></span> <span class='ocrx_word' id='word_1_824' title='bbox 2913 4628 2973 4680; x_wconf 85' lang='grc' dir='ltr'><strong>τὸ</strong></span> <span class='ocrx_word' id='word_1_825' title='bbox 3006 4629 3098 4681; x_wconf 72' lang='grc' dir='ltr'><strong>ἐπὶ</strong></span> <span class='ocrx_word' id='word_1_826' title='bbox 3136 4627 3360 4692; x_wconf 90' lang='grc' dir='ltr'>τούτων,</span> <span class='ocrx_word' id='word_1_827' title='bbox 3417 4629 3604 4701; x_wconf 82' lang='grc' dir='ltr'>ὥσπερ</span> <span class='ocrx_word' id='word_1_828' title='bbox 3642 4626 3737 4683; x_wconf 78' lang='grc' dir='ltr'><strong>οὖν</strong></span> 
     </span>
    </p>
   </div>
   <div class='ocr_carea' id='block_1_110' title="bbox 2169 4712 3735 4793">
    <p class='ocr_par' dir='ltr' id='par_1_110' title="bbox 2169 4712 3735 4793">
     <span class='ocr_line' id='line_1_110' title="bbox 2169 4712 3735 4793; baseline 0.008 -29"><span class='ocrx_word' id='word_1_829' title='bbox 2169 4712 2382 4785; x_wconf 79' lang='grc' dir='ltr'>ᾠήθης,</span> <span class='ocrx_word' id='word_1_830' title='bbox 2441 4717 2519 4779; x_wconf 81' lang='grc' dir='ltr'><strong>εἰς</strong></span> <span class='ocrx_word' id='word_1_831' title='bbox 2574 4718 2827 4788; x_wconf 79' lang='grc' dir='ltr'>ἐλέγχους</span> <span class='ocrx_word' id='word_1_832' title='bbox 2886 4720 3297 4793; x_wconf 81' lang='grc' dir='ltr'>εὑσθενέστερον</span> <span class='ocrx_word' id='word_1_833' title='bbox 3349 4721 3735 4776; x_wconf 83' lang='grc' dir='ltr'>ἀσυνετώτατα</span> 
     </span>
    </p>
   </div>
   <div class='ocr_carea' id='block_1_111' title="bbox 2171 4807 3736 4884">
    <p class='ocr_par' dir='ltr' id='par_1_111' title="bbox 2171 4807 3736 4884">
     <span class='ocr_line' id='line_1_111' title="bbox 2171 4807 3736 4884; baseline 0.008 -27"><span class='ocrx_word' id='word_1_834' title='bbox 2171 4807 2517 4876; x_wconf 86' lang='grc' dir='ltr'>προστιθείς·</span> <span class='ocrx_word' id='word_1_835' title='bbox 2552 4810 2647 4873; x_wconf 90' lang='grc' dir='ltr'><strong>Τίς</strong></span> <span class='ocrx_word' id='word_1_836' title='bbox 2678 4808 2769 4863; x_wconf 85' lang='grc' dir='ltr'>οὖν</span> <span class='ocrx_word' id='word_1_837' title='bbox 2805 4812 2958 4877; x_wconf 88' lang='grc' dir='ltr'>ἐστι,</span> <span class='ocrx_word' id='word_1_838' title='bbox 3011 4814 3193 4882; x_wconf 81' lang='grc' dir='ltr'>φησὶν,</span> <span class='ocrx_word' id='word_1_839' title='bbox 3235 4816 3263 4866; x_wconf 90' lang='grc' dir='ltr'>ὁ</span> <span class='ocrx_word' id='word_1_840' title='bbox 3312 4814 3625 4884; x_wconf 83' lang='grc' dir='ltr'>κεντηθείς;</span> <span class='ocrx_word' id='word_1_841' title='bbox 3671 4817 3736 4869; x_wconf 81' lang='grc' dir='ltr'><strong>Ἠ</strong></span> 
     </span>
    </p>
   </div>
   <div class='ocr_carea' id='block_1_112' title="bbox 2170 4896 3732 4975">
    <p class='ocr_par' dir='ltr' id='par_1_112' title="bbox 2170 4896 3732 4975">
     <span class='ocr_line' id='line_1_112' title="bbox 2170 4896 3732 4975; baseline 0.009 -29"><span class='ocrx_word' id='word_1_842' title='bbox 2170 4896 2406 4967; x_wconf 85' lang='grc' dir='ltr'>πλευρά·</span> <span class='ocrx_word' id='word_1_843' title='bbox 2462 4898 2671 4969; x_wconf 88' lang='grc' dir='ltr'>πλευρὰ</span> <span class='ocrx_word' id='word_1_844' title='bbox 2722 4901 2779 4954; x_wconf 80' lang='grc' dir='ltr'>δὲ</span> <span class='ocrx_word' id='word_1_845' title='bbox 2834 4900 3081 4973; x_wconf 87' lang='grc' dir='ltr'>σώματός</span> <span class='ocrx_word' id='word_1_846' title='bbox 3144 4907 3312 4970; x_wconf 85' lang='grc' dir='ltr'>ἐστιν,</span> <span class='ocrx_word' id='word_1_847' title='bbox 3365 4905 3396 4973; x_wconf 81' lang='grc' dir='ltr'><strong>ἤ</strong></span> <span class='ocrx_word' id='word_1_848' title='bbox 3444 4906 3732 4975; x_wconf 83' lang='grc' dir='ltr'>θεότητος;</span> 
     </span>
    </p>
   </div>
   <div class='ocr_carea' id='block_1_113' title="bbox 2179 4988 3733 5067">
    <p class='ocr_par' dir='ltr' id='par_1_113' title="bbox 2179 4988 3733 5067">
     <span class='ocr_line' id='line_1_113' title="bbox 2179 4988 3733 5067; baseline 0.008 -27"><span class='ocrx_word' id='word_1_849' title='bbox 2179 4988 2316 5041; x_wconf 76' lang='grc' dir='ltr'>Ἀλλ’</span> <span class='ocrx_word' id='word_1_850' title='bbox 2352 4993 2401 5043; x_wconf 82' lang='grc' dir='ltr'><strong>εί</strong></span> <span class='ocrx_word' id='word_1_851' title='bbox 2451 4993 2547 5061; x_wconf 85' lang='grc' dir='ltr'>μὲν</span> <span class='ocrx_word' id='word_1_852' title='bbox 2592 4990 2732 5064; x_wconf 78' lang='grc' dir='ltr'>ἦσαν</span> <span class='ocrx_word' id='word_1_853' title='bbox 2776 4996 2918 5059; x_wconf 85' lang='grc' dir='ltr'>τινὲς</span> <span class='ocrx_word' id='word_1_854' title='bbox 2946 4999 2992 5049; x_wconf 93' lang='grc' dir='ltr'><strong>οί</strong></span> <span class='ocrx_word' id='word_1_855' title='bbox 3025 4997 3291 5065; x_wconf 79' lang='grc' dir='ltr'>λέγοντες,</span> <span class='ocrx_word' id='word_1_856' title='bbox 3342 4999 3416 5061; x_wconf 83' lang='grc' dir='ltr'>ὡς</span> <span class='ocrx_word' id='word_1_857' title='bbox 3440 5000 3500 5052; x_wconf 86' lang='grc' dir='ltr'><strong>οὑ</strong></span> <span class='ocrx_word' id='word_1_858' title='bbox 3540 5000 3733 5067; x_wconf 83' lang='grc' dir='ltr'>γέγονε</span> 
     </span>
    </p>
   </div>
   <div class='ocr_carea' id='block_1_114' title="bbox 2167 5081 3733 5161">
    <p class='ocr_par' dir='ltr' id='par_1_114' title="bbox 2167 5081 3733 5161">
     <span class='ocr_line' id='line_1_114' title="bbox 2167 5081 3733 5161; baseline 0.008 -29"><span class='ocrx_word' id='word_1_859' title='bbox 2167 5081 2288 5133; x_wconf 85' lang='grc' dir='ltr'>καθ’</span> <span class='ocrx_word' id='word_1_860' title='bbox 2337 5084 2483 5151; x_wconf 77' lang='grc' dir='ltr'>ἡμᾶς</span> <span class='ocrx_word' id='word_1_861' title='bbox 2512 5084 2796 5154; x_wconf 85' lang='grc' dir='ltr'>ἄνθρωπος</span> <span class='ocrx_word' id='word_1_862' title='bbox 2834 5088 2861 5139; x_wconf 89' lang='grc' dir='ltr'>ὁ</span> <span class='ocrx_word' id='word_1_863' title='bbox 2891 5088 2985 5140; x_wconf 83' lang='grc' dir='ltr'><strong>τοῦ</strong></span> <span class='ocrx_word' id='word_1_864' title='bbox 3015 5089 3149 5141; x_wconf 88' lang='grc' dir='ltr'>Θεοῦ</span> <span class='ocrx_word' id='word_1_865' title='bbox 3175 5090 3344 5158; x_wconf 82' lang='grc' dir='ltr'>Λόγος</span> <span class='ocrx_word' id='word_1_866' title='bbox 3365 5106 3376 5119; x_wconf 93' lang='grc'><strong>·</strong></span> <span class='ocrx_word' id='word_1_867' title='bbox 3405 5092 3733 5161; x_wconf 76' lang='grc' dir='ltr'>ἐπεφοίτησε</span> 
     </span>
    </p>
   </div>
   <div class='ocr_carea' id='block_1_115' title="bbox 2166 5171 3733 5251">
    <p class='ocr_par' dir='ltr' id='par_1_115' title="bbox 2166 5171 3733 5251">
     <span class='ocr_line' id='line_1_115' title="bbox 2166 5171 3733 5251; baseline 0.008 -29"><span class='ocrx_word' id='word_1_868' title='bbox 2166 5171 2222 5223; x_wconf 82' lang='grc' dir='ltr'>δὲ</span> <span class='ocrx_word' id='word_1_869' title='bbox 2254 5174 2365 5234; x_wconf 87' lang='grc' dir='ltr'>τοῖς</span> <span class='ocrx_word' id='word_1_870' title='bbox 2394 5174 2484 5224; x_wconf 79' lang='grc' dir='ltr'><strong>ἐπὶ</strong></span> <span class='ocrx_word' id='word_1_871' title='bbox 2510 5174 2634 5243; x_wconf 80' lang='grc' dir='ltr'>γῆς,</span> <span class='ocrx_word' id='word_1_872' title='bbox 2676 5179 2857 5247; x_wconf 81' lang='grc' dir='ltr'>γυμνῇ</span> <span class='ocrx_word' id='word_1_873' title='bbox 2885 5180 2949 5247; x_wconf 79' lang='grc' dir='ltr'>τῇ</span> <span class='ocrx_word' id='word_1_874' title='bbox 2981 5179 3191 5249; x_wconf 88' lang='grc' dir='ltr'>θεότητι</span> <span class='ocrx_word' id='word_1_875' title='bbox 3234 5179 3533 5250; x_wconf 85' lang='grc' dir='ltr'>χρώμενος,</span> <span class='ocrx_word' id='word_1_876' title='bbox 3564 5182 3733 5251; x_wconf 75' lang='grc' dir='ltr'>ἤγουν</span> 
     </span>
    </p>
   </div>
   <div class='ocr_carea' id='block_1_116' title="bbox 2166 5263 3732 5339">
    <p class='ocr_par' dir='ltr' id='par_1_116' title="bbox 2166 5263 3732 5339">
     <span class='ocr_line' id='line_1_116' title="bbox 2166 5263 3732 5339; baseline 0.007 -26"><span class='ocrx_word' id='word_1_877' title='bbox 2166 5264 2221 5313; x_wconf 84' lang='grc' dir='ltr'>ἐν</span> <span class='ocrx_word' id='word_1_878' title='bbox 2249 5263 2464 5333; x_wconf 80' lang='grc' dir='ltr'>δοκήσει</span> <span class='ocrx_word' id='word_1_879' title='bbox 2492 5266 2584 5318; x_wconf 74' lang='grc' dir='ltr'><strong>καὶ</strong></span> <span class='ocrx_word' id='word_1_880' title='bbox 2620 5265 2693 5328; x_wconf 84' lang='grc' dir='ltr'>ὡς</span> <span class='ocrx_word' id='word_1_881' title='bbox 2731 5268 2788 5319; x_wconf 85' lang='grc' dir='ltr'><strong>ὲν</strong></span> <span class='ocrx_word' id='word_1_882' title='bbox 2823 5271 2967 5337; x_wconf 84' lang='grc' dir='ltr'>σκιᾷ,</span> <span class='ocrx_word' id='word_1_883' title='bbox 3018 5270 3158 5324; x_wconf 85' lang='grc' dir='ltr'><strong>καθά</strong></span> <span class='ocrx_word' id='word_1_884' title='bbox 3189 5274 3405 5339; x_wconf 87' lang='grc' dir='ltr'>φρονεῖν</span> <span class='ocrx_word' id='word_1_885' title='bbox 3438 5271 3583 5337; x_wconf 73' lang='grc' dir='ltr'>ἔδοξέ</span> <span class='ocrx_word' id='word_1_886' title='bbox 3621 5289 3732 5324; x_wconf 85' lang='grc' dir='ltr'>τισι</span> 
     </span>
    </p>
   </div>
   <div class='ocr_carea' id='block_1_117' title="bbox 2163 5355 3731 5435">
    <p class='ocr_par' dir='ltr' id='par_1_117' title="bbox 2163 5355 3731 5435">
     <span class='ocr_line' id='line_1_117' title="bbox 2163 5355 3731 5435; baseline 0.008 -30"><span class='ocrx_word' id='word_1_887' title='bbox 2163 5355 2272 5406; x_wconf 82' lang='grc' dir='ltr'>τῶν</span> <span class='ocrx_word' id='word_1_888' title='bbox 2324 5356 2552 5408; x_wconf 84' lang='grc' dir='ltr'>ἀνοσίων</span> <span class='ocrx_word' id='word_1_889' title='bbox 2598 5359 2907 5427; x_wconf 83' lang='grc' dir='ltr'>αἱρετικῶν,</span> <span class='ocrx_word' id='word_1_890' title='bbox 2956 5357 3023 5432; x_wconf 81' lang='grc' dir='ltr'><strong>ἦν</strong></span> <span class='ocrx_word' id='word_1_891' title='bbox 3070 5363 3134 5415; x_wconf 82' lang='grc' dir='ltr'><strong>ἄν</strong></span> <span class='ocrx_word' id='word_1_892' title='bbox 3188 5380 3270 5415; x_wconf 84' lang='grc' dir='ltr'><strong>σοι</strong></span> <span class='ocrx_word' id='word_1_893' title='bbox 3316 5364 3585 5432; x_wconf 70' lang='grc' dir='ltr'>πρότρασις</span> <span class='ocrx_word' id='word_1_894' title='bbox 3633 5367 3731 5435; x_wconf 81' lang='grc' dir='ltr'><strong>τῆς</strong></span> 
     </span>
    </p>
   </div>
   <div class='ocr_carea' id='block_1_118' title="bbox 2163 5446 3729 5527">
    <p class='ocr_par' dir='ltr' id='par_1_118' title="bbox 2163 5446 3729 5527">
     <span class='ocr_line' id='line_1_118' title="bbox 2163 5446 3729 5527; baseline 0.008 -31"><span class='ocrx_word' id='word_1_895' title='bbox 2163 5447 2376 5498; x_wconf 81' lang='grc' dir='ltr'>τοιᾶσδε</span> <span class='ocrx_word' id='word_1_896' title='bbox 2412 5446 2518 5499; x_wconf 84' lang='grc' dir='ltr'>τῶν</span> <span class='ocrx_word' id='word_1_897' title='bbox 2566 5448 2739 5515; x_wconf 84' lang='grc' dir='ltr'>λόγων</span> <span class='ocrx_word' id='word_1_898' title='bbox 2786 5453 3151 5523; x_wconf 79' lang='grc' dir='ltr'>κατασκευῆς,</span> <span class='ocrx_word' id='word_1_899' title='bbox 3190 5455 3288 5507; x_wconf 84' lang='grc' dir='ltr'><strong>οὑκ</strong></span> <span class='ocrx_word' id='word_1_900' title='bbox 3318 5456 3423 5521; x_wconf 80' lang='grc' dir='ltr'><strong>ἔξω</strong></span> <span class='ocrx_word' id='word_1_901' title='bbox 3462 5458 3729 5527; x_wconf 84' lang='grc' dir='ltr'>τρέχουσα</span> 
     </span>
    </p>
   </div>
   <div class='ocr_carea' id='block_1_119' title="bbox 2163 5534 2543 5600">
    <p class='ocr_par' dir='ltr' id='par_1_119' title="bbox 2163 5534 2543 5600">
     <span class='ocr_line' id='line_1_119' title="bbox 2163 5534 2543 5600; baseline 0.013 -15"><span class='ocrx_word' id='word_1_902' title='bbox 2163 5534 2255 5586; x_wconf 86' lang='grc' dir='ltr'><strong>τοῦ</strong></span> <span class='ocrx_word' id='word_1_903' title='bbox 2304 5538 2508 5600; x_wconf 77' lang='grc' dir='ltr'>εἰκότος</span> <span class='ocrx_word' id='word_1_904' title='bbox 2532 5556 2543 5566; x_wconf 82' lang='grc'><em>’</em></span> 
     </span>
    </p>
   </div>
   <div class='ocr_carea' id='block_1_120' title="bbox 2595 5540 3727 5619">
    <p class='ocr_par' dir='ltr' id='par_1_120' title="bbox 2595 5540 3727 5619">
     <span class='ocr_line' id='line_1_120' title="bbox 2595 5540 3727 5619; baseline 0.011 -29"><span class='ocrx_word' id='word_1_905' title='bbox 2595 5540 2779 5610; x_wconf 79' lang='grc' dir='ltr'>ἐπειδὴ</span> <span class='ocrx_word' id='word_1_906' title='bbox 2813 5541 2867 5593; x_wconf 80' lang='grc' dir='ltr'>δὲ</span> <span class='ocrx_word' id='word_1_907' title='bbox 2918 5542 2976 5594; x_wconf 88' lang='grc' dir='ltr'><strong>τὸ</strong></span> <span class='ocrx_word' id='word_1_908' title='bbox 3012 5544 3113 5614; x_wconf 80' lang='grc' dir='ltr'>τῆς</span> <span class='ocrx_word' id='word_1_909' title='bbox 3159 5546 3413 5617; x_wconf 86' lang='grc' dir='ltr'>ἀληθείας</span> <span class='ocrx_word' id='word_1_910' title='bbox 3445 5550 3727 5619; x_wconf 78' lang='grc' dir='ltr'>κήρυγμα,</span> 
     </span>
    </p>
   </div>
   <div class='ocr_carea' id='block_1_121' title="bbox 2433 5715 2974 5785">
    <p class='ocr_par' dir='ltr' id='par_1_121' title="bbox 2433 5715 2974 5785">
     <span class='ocr_line' id='line_1_121' title="bbox 2433 5715 2974 5785; baseline 0.009 -19"><span class='ocrx_word' id='word_1_911' title='bbox 2433 5717 2473 5746; x_wconf 83' lang='grc'>¹³</span> <span class='ocrx_word' id='word_1_912' title='bbox 2497 5715 2724 5772; x_wconf 86' lang='lat' dir='ltr'><strong>Zachar.</strong></span> <span class='ocrx_word' id='word_1_913' title='bbox 2752 5733 2854 5785; x_wconf 83' lang='lat' dir='ltr'><strong>xu,</strong></span> <span class='ocrx_word' id='word_1_914' title='bbox 2892 5720 2974 5773; x_wconf 82' lang='grc'><strong>10.</strong></span> 
     </span>
    </p>
   </div>
  </div>
