4104 6336
406 378 512 434 905
1460 373 1828 431 ADVERSUS
1867 374 2266 430 NESTORIUM
2300 373 2427 430 LIB.
2474 374 2539 430 ν.
3529 374 3635 431 206

410 489 595 559 σαφῶς
623 508 681 542 τε
713 491 807 544 καὶ
839 490 1084 563 ἐναργῶς
1111 490 1200 545 τὸν
1222 491 1316 544 τοῦ
1338 491 1472 545 Θεοῦ
1503 493 1673 561 Λόγον
1709 495 1887 565 σάρκα
1910 511 1969 547 τε

2081 495 2337 562 ascendit,
2370 506 2427 548 ut
2461 492 2633 565 angeli
2675 507 2806 548 voce
2857 500 3107 548 testatum
3150 500 3232 547 est
3262 492 3327 558 ’⁸,
3372 505 3633 561 quosnam

406 580 678 651 γενέσθαι,
715 583 847 652 φησὶ
868 623 883 647 ,
918 583 1258 653 χρηματίσαι
1300 584 1357 636 δὲ
1389 585 1511 637 καθ’
1544 586 1691 654 ἡμᾶς
1718 587 1811 639 καὶ
1843 587 1971 639 Υίὸν

2081 600 2371 655 oppugnas,
2427 587 2514 640 dic
2562 586 2713 650 mihi,
2770 586 2989 655 cujusve
3032 585 3335 652 opinionem
3382 595 3635 653 tanquam

404 671 717 743 ἀνθρώπου,
744 673 837 725 καὶ
867 672 1061 726 παθεῖν
1092 672 1233 743 ὑπὲρ
1258 673 1411 743 ἡμῶν
1444 674 1606 744 σαρκί
1631 690 1643 701 ·
1682 674 1973 743 ἀφίξεσθαι

2081 678 2292 731 stultam
2320 687 2375 731 et
2407 677 2640 743 ineptam
2678 676 2971 744 improbas,
3002 691 3123 729 cum
3171 690 3292 729 eum
3338 675 3431 743 qui
3465 674 3634 737 venit,

404 764 461 817 δὲ
488 764 583 817 καὶ
609 762 783 828 οὕτως
814 765 1001 827 αὐτὸν,
1023 765 1097 829 ὡς
1125 765 1464 835 ἀναϐέϐηκεν
1488 768 1567 829 είς
1600 766 1689 819 τὸν
1721 767 1969 838 οὐρανόν⁸

408 854 548 927 [καὶ]
583 858 723 910 κατὰ
755 857 854 927 τὴν
885 856 979 909 τοῦ
1008 857 1242 924 ἀγγέλου
1274 857 1478 926 φωνὴν,
1510 857 1645 928 πρὸς
1677 858 1824 920 τίνας
1856 858 1972 912 δια·-

404 949 734 1017 τεινόμενος,
767 948 889 1001 εἰπέ
919 964 1029 1018 μοι,
1057 949 1149 1000 καὶ
1171 948 1269 1017 τὴν
1294 949 1436 1011 τίνος
1465 948 1623 1014 δόξαν
1646 949 1974 1020 κατακιϐδη-

403 1040 576 1093 λεύων
607 1040 680 1103 ὡς
711 1038 899 1110 ἀμαθῆ
929 1040 1024 1092 καὶ
1051 1039 1346 1110 ἀσύφηλον,
1375 1038 1659 1111 ἄνθρωπον
1686 1042 1817 1111 ἡμῖν
1838 1042 1976 1093 ἀπο-

405 1131 571 1199 φῆναι
618 1130 941 1198 φιλονεικεῖς
979 1131 1069 1183 τὸν
1115 1132 1444 1201 ἐρχόμενον,
1489 1132 1730 1204 πλευρὰν
1779 1133 1975 1203 ἔχοντα

408 1222 757 1291 σωματικὴν,
787 1224 886 1291 τὴν
918 1225 984 1293 τῇ
1018 1221 1186 1294 λόγχῃ
1214 1223 1670 1295 διανενυγμένην;
1704 1225 1865 1280 Ἀλλά
1893 1243 1974 1279 σοι

409 1313 629 1375 σκοπὸς,
669 1313 744 1375 ὼς
776 1312 931 1384 ἔφην,
960 1313 1244 1384 ἄνθρωπον
1274 1316 1405 1385 ἡμῖν
1427 1314 1717 1386 Θεοφόρον,
1736 1318 1830 1369 καὶ
1854 1318 1976 1387 οὐχὶ

404 1406 469 1477 δὴ
517 1405 716 1476 μᾶλλον
760 1405 891 1458 Θεὸν
920 1406 1378 1476 ὲνηνθρωπηκότα
1406 1448 1420 1471 ,
1460 1408 1857 1478 παρακομίζειν
1895 1412 1974 1472 εἰς

407 1498 571 1568 μέσον
604 1498 693 1550 τὸν
735 1497 1102 1568 Ἐμμανουήλ.
1138 1499 1332 1566 Γέγονε
1366 1499 1474 1569 γὰρ
1507 1500 1789 1570 ἄνθρωπος
1821 1504 1849 1554 ό
1880 1501 1972 1554 τοῦ

403 1587 538 1639 Θεοῦ
566 1587 733 1655 Λόγος
754 1602 768 1615 ’
798 1586 891 1639 κα)⁵
922 1588 1104 1650 πίστις
1125 1586 1217 1657 ἥδε
1245 1591 1365 1651 ταῖς
1396 1590 1565 1659 ἱεραῖς
1586 1606 1645 1642 τε
1676 1591 1770 1642 καὶ
1800 1590 1981 1653 θείαις

406 1674 780 1745 συμϐαίνουσα
810 1675 1054 1746 Γραφαίς
1074 1715 1089 1737 ,
1138 1676 1232 1727 καὶ
1258 1676 1360 1747 τῆς
1389 1676 1753 1746 ἀποστολικῆς
1782 1696 1842 1731 τε
1881 1680 1974 1731 xa‘t

404 1767 767 1837 εύαγγελικῆς
828 1766 1174 1835 παραδόσεως
1228 1766 1449 1829 σκοπὸς,
1504 1767 1584 1829 είς
1632 1767 1764 1819 αὐτὸ
1815 1767 1972 1820 τοῦτο

2074 770 2348 824 hominem
2372 783 2495 823 esse
2530 769 2685 822 nobis
2740 768 2900 838 118
2954 768 3239 822 ostendere
3268 766 3473 830 niteris,
3514 780 3639 819 cor-

2076 876 2297 931 poreum
2322 861 2463 914 latus
2498 860 2783 914 habentem
2830 861 3014 914 lancea
3070 869 3443 929 compunctum
3472 859 3496 911 ἲ
3532 856 3639 911 Sed

2083 952 2175 1005 tibi
2213 953 2544 1021 propositum
2578 960 2680 1014 est,
2709 961 2767 1004 ut
2812 952 2943 1014 dixi,
2983 952 3152 1020 ipsum
3189 949 3501 1005 Emmanuel
3541 951 3639 1002 ho-

2079 1045 2277 1099 minem
2310 1045 2465 1099 nobis
2500 1045 2766 1099 Deiferum
2794 1045 2846 1097 in
2880 1045 3114 1097 medium
3161 1045 3475 1113 producere,
3531 1056 3637 1096 non

2076 1136 2242 1191 Deum
2293 1138 2563 1193 hominem
2610 1138 2849 1191 factum:
2885 1154 3007 1191 nam
3060 1139 3232 1207 ipsum
3266 1137 3357 1191 Dei
3405 1136 3639 1191 Verbum

2077 1225 2276 1280 factum
2331 1238 2411 1281 est
2466 1228 2627 1281 homo
2657 1246 2671 1281 :
2705 1230 2923 1297 haecque
2959 1228 3089 1282 fides
3127 1244 3250 1281 cum
3296 1228 3465 1282 sacris
3494 1228 3635 1281 divi-

2079 1318 2269 1385 nisque
2291 1315 2512 1371 Litteris
2541 1318 2811 1386 congruit,
2845 1328 2900 1371 et
2949 1318 3254 1385 apostolica:
3282 1317 3640 1385 evangelicae-

2078 1420 2183 1473 que
2234 1406 2535 1460 traditionis
2581 1422 2775 1476 scopus
2827 1408 2879 1461 in
2940 1409 3038 1462 hoc
3085 1409 3256 1475 ipsum
3315 1408 3505 1462 tendit.
3558 1405 3640 1460 Tu

2078 1512 2208 1551 vero
2245 1513 2435 1553 rursus
2479 1499 2585 1553 alio
2630 1514 2845 1569 quoque
2870 1500 3027 1555 modo
3060 1501 3215 1555 nobis
3243 1508 3489 1569 portenta
3521 1513 3644 1553 ver-

2080 1588 2273 1642 borum
2303 1603 2513 1644 narras.
2564 1588 2800 1645 Simulas
2824 1592 2968 1645 enim
3010 1607 3105 1647 eos
3140 1592 3641 1660 reprchenderequi

2078 1682 2260 1735 carnis
2302 1682 2708 1751 divinitatisque
2769 1693 3018 1737 naturam
3047 1684 3098 1736 in
3123 1698 3282 1736 unam
3318 1684 3644 1752 permiscent

2079 1772 2393 1835 essentiam,
2421 1771 2635 1826 tametsi
2669 1786 2826 1826 nemo
2868 1772 2962 1836 sit,
3008 1780 3068 1825 ut
3121 1772 3337 1842 opinor,
3401 1773 3490 1841 qui
3538 1773 3642 1826 ista

407 1858 759 1912 συντείνεται.
810 1858 881 1909 Σὺ
914 1857 971 1909 δὲ
1003 1857 1069 1926 δὴ
1110 1855 1293 1921 πάλιν,
1329 1856 1425 1927 καὶ
1458 1856 1579 1909 καθ’
1625 1857 1809 1926 ἕτερον
1836 1858 1969 1927 ήμῖν

2081 1860 2379 1924 confundat,
2420 1873 2515 1915 aut
2537 1864 2677 1917 inter
2700 1878 2758 1917 se
2782 1865 3151 1919 commisceat.
3178 1864 3362 1933 Itaque
3391 1864 3526 1918 dicis
3557 1883 3571 1916 :

404 1951 669 2021 τερατεύῃ
716 1950 951 2022 τρόπον’
987 1951 1203 2022 σκήπτῃ
1254 1951 1354 2020 μὲν
1402 1950 1510 2022 γὰρ
1558 1953 1814 2022 ἐπιτιμᾷν
1846 1955 1960 2015 τοῖς
2000 1954 2080 2017 εἰς
2126 1955 2257 2024 μίαν
2320 1973 2721 2027 κατακιρνωσιν
2770 1958 2979 2024 οὐσίαν,
3038 1959 3137 2028 τήν
3166 1974 3224 2010 τε
3257 1956 3357 2026 τῆς
3403 1956 3638 2027 σαρκὸς,

406 2047 501 2099 καὶ
544 2046 641 2114 τὴν
683 2047 781 2116 τῆς
813 2045 1063 2118 θεότητος
1096 2046 1290 2115 φύσιν
1328 2048 1501 2100 καίτοι
1571 2047 1802 2117 μηδενὸς
1845 2047 1997 2111 ὄντος
2034 2048 2172 2103 ὥστε
2212 2046 2387 2121 οἶμαι,
2434 2052 2593 2104 ταυτὶ
2640 2051 2977 2121 συγχέοντος,
3026 2053 3163 2121 μήτε
3223 2050 3328 2121 μὴν
3394 2049 3644 2119 ἀλλήλοις

408 2144 818 2215 συμφύροντοςρ·
855 2144 949 2196 καὶ
980 2144 1043 2213 δὴ
1077 2148 1172 2198 καὶ⁸
1201 2145 1307 2215 φής
1336 2163 1349 2176 ·

480 2237 653 2309 [Διατί
688 2238 767 2300 δὲ,
819 2238 913 2289 καὶ
957 2235 1032 2300 ὡς
1071 2236 1271 2306 ἀρτίως
1303 2238 1592 2306 ἠκούομεν,
1642 2237 1966 2307 ἀμφοτέρων

2144 2233 2384 2319 [Vas-gon.
2416 2232 2564 2304 [Cur
2594 2243 2771 2289 autem
2805 2234 2990 2300 etiam,
3019 2242 3078 2287 ut
3108 2233 3266 2302 paulo
3299 2242 3423 2288 ante
3455 2236 3641 2290 audie-

406 2330 549 2384 κατά
580 2329 640 2381 σὲ
669 2327 1060 2397 κεκραμένων,
1092 2327 1121 2378 6
1154 2326 1359 2397 Κύριος
1393 2329 1491 2398 τὴν
1533 2327 1625 2381 τοῦ
1671 2330 1968 2399 μυστηρίου

2081 2322 2286 2388 bamus,
2331 2322 2378 2376 si
2408 2334 2657 2392 utraque,
2691 2333 2747 2376 ut
2798 2333 2850 2375 tu
2877 2323 3140 2391 opinaris,
3171 2322 3453 2377 commista
3486 2334 3640 2389 sunt,

405 2421 638 2490 δύναμιν
671 2422 784 2483 τοῖς
820 2418 1089 2489 μαθηταῖς
1117 2419 1459 2489 παραδιδοὺς,
1506 2419 1648 2473 οὕτω
1672 2421 1833 2490 φησί;
1885 2421 1974 2473 λα-

408 2510 519 2564 ϐὼν
548 2510 640 2562 τὸν
677 2510 860 2578 ἄρτον,
888 2508 981 2561 καὶ
1007 2509 1428 2580 εὐχαριστήσας,
1459 2508 1624 2562 ἔδωκε
1654 2512 1766 2573 τοῖς
1794 2510 1971 2580 μαθη-

404 2603 525 2665 ταῖς
560 2599 744 2665 αύτοῦ,
773 2600 948 2667 λέγων
968 2616 980 2629 ·
1014 2620 1032 2651 ι
1065 2599 1291 2661 Λάὄετε,
1325 2600 1527 2669 φάγετε
1554 2601 1788 2664 πάντεςο
1817 2602 1973 2654 τοῦτο

408 2693 525 2761 γάρ
560 2691 660 2762 μού
690 2693 808 2743 ὲστι
835 2692 897 2744 τὸ
924 2691 1135 2760 σῶμα.»
1170 2691 1320 2745 Διατί
1354 2692 1427 2762 μὴ
1457 2689 1599 2756 εἷπε,
1629 2678 1798 2746 Τοῦτό
1827 2694 1975 2746 ἐστιν

409 2785 442 2853 ἡ
480 2782 673 2853 θεότης
713 2799 816 2852 μου
841 2785 874 2851 ή
904 2782 1044 2852 ὑπὲρ
1077 2781 1230 2852 ὑμῶν
1255 2781 1538 2852 κλωμένη;
1576 2784 1686 2836 Καὶ
1727 2784 1887 2836 πάλιν
1916 2785 1977 2836 τὸ

410 2874 669 2944 ποτήριον
717 2873 825 2926 τῶν
875 2873 1190 2943 μυστηρίων
1234 2873 1427 2937 διδοὺς,
1470 2873 1568 2927 οὐκ
1618 2872 1772 2927 εἶπε*
1810 2875 1978 2929 Τοῦτό

408 2966 555 3017 ἐστιν
577 2966 609 3034 ἡ
634 2964 877 3036 θεότηςή
907 2965 1044 3036 ὑπὲρ
1075 2965 1227 3035 ὑμῶν
1254 2965 1573 3035 ὲκχεομένη·
1596 2966 1750 3029 ἀλλὰ,
1772 2987 1789 3018 ι
1811 2967 1978 3021 Τοῦτό

406 3058 524 3110 tam
558 3056 618 3108 τὸ
648 3050 789 3127 αἷμά
838 3074 939 3126 μου
983 3056 1045 3109 τὸ
1084 3058 1221 3128 ὑπὲρ
1268 3056 1422 3127 ὑμῶν
1467 3057 1859 3128 ὲκχυνόμενον,
1900 3061 1979 3123 εἰς

411 3148 607 3215 ἄφεσιν
636 3147 941 3219 ἁμαρτιῶν.
981 3146 1029 3220 ι]

1009 3262 1261 3318 ΚΕΦΑΛ.
1302 3261 1378 3315 Z'.

483 3392 606 3445 Ὀτι
636 3392 736 3461 μὲν
754 3387 847 3445 οὖν
875 3391 1068 3463 εὔηθες
1087 3393 1290 3464 κομιδῆ
1314 3395 1374 3447 τὸ
1396 3395 1776 3468 ἀντιτετάχθαι
1804 3398 1981 3451 δοκεῖν

408 3485 522 3545 τοῖς
556 3482 655 3534 οὐκ
687 3478 836 3535 οὖσιν
873 3483 1010 3546 ὅλως
1029 3525 1043 3549 ,
1083 3484 1175 3536 καὶ
1206 3481 1523 3551 ἀντεξάγειν
1554 3485 1675 3553 είκῆ
1704 3526 1719 3550 ,
1758 3486 1982 3555 δεχομέ-

410 3591 537 3637 νους
563 3575 643 3637 είς
668 3574 985 3627 ἀντίστασιν
1042 3573 1103 3626 τὸ
1144 3572 1334 3645 μηδενί
1379 3590 1481 3626 που
1513 3574 1657 3644 τάχα
1700 3575 1909 3641 δοκοῦν,
1944 3576 1977 3646 ἢ

410 3667 649 3733 φρονεῖν,
680 3663 714 3733 ἢ
740 3663 943 3732 λέγειν,
976 3664 1093 3727 πῶς
1123 3666 1219 3735 οὐχ
1252 3666 1455 3720 ἆπασιν
1481 3667 1742 3736 ὲναργέςς
1773 3668 1836 3718 Ei
1870 3667 1979 3737 γὰρ

408 3753 474 3822 δή
521 3771 603 3817 τις
644 3754 818 3806 ἕλοιτο
847 3755 1199 3823 φιλονεικεῖν,
1252 3758 1332 3808 ὅτι
1375 3756 1451 3827 μὴ
1485 3756 1648 3818 ἵππος
1691 3757 1806 3809 ἐστὶ
1839 3755 1980 3809 κατὰ

411 3843 575 3912 φύσιν
602 3844 631 3896 6
665 3844 791 3912 βοῦς
812 3883 828 3907 ,
866 3846 1003 3916 μήτε
1036 3845 1141 3915 μὴν
1181 3848 1210 3898 ό
1246 3846 1529 3918 ἄνθρωπος
1588 3847 1749 3911 ἵππος
1770 3889 1785 3913 ,
1824 3846 1981 3899 τοῦτο

410 3936 650 4005 φρονεῖν,
678 3936 711 4005 ἢ
741 3934 921 4002 λέγειν
952 3936 1280 4006 ἀνεχομένου
1307 3937 1553 4009 μηδενὸς,
1583 3938 1702 4002 πῶς
1728 3940 1789 3992 οὐ
1816 3957 1979 3992 κατα-

409 4027 700 4095 γέλαστος,
732 4028 826 4081 καὶ
855 4029 991 4098 πρός
1017 4045 1081 4096 γε
1109 4028 1283 4100 τούτῳ
1314 4029 1686 4101 εἰκαιόμυθος,
1732 4032 1811 4094 είς
1838 4032 1979 4101 ἀέρα

410 4117 630 4190 δαίρων,
672 4118 765 4171 καὶ
808 4118 1093 4173 πυκτεύων
1136 4121 1222 4173 ἐπ’
1252 4121 1505 4191 ἀδήλοις,
1557 4122 1651 4174 καὶ
1684 4122 1770 4174 ἐπ’
1804 4122 1979 4175 οὐδενὶ

409 4210 521 4263 τῶν
568 4211 940 4281 προκειμένων
974 4211 1203 4283 ἱδρῶτας
1253 4213 1431 4283 ἑαυτῷ
1476 4214 1571 4268 καὶ
1620 4214 1811 4277 πόνους
1854 4216 1978 4267 ὲπι-

408 4301 583 4368 νοῶν;
614 4303 823 4374 Χρῆναι
853 4302 961 4373 γὰρ
990 4303 1168 4372 ἔγωγέ
1193 4321 1334 4374 φημι
1389 4305 1821 4375 προῦποκεῖσθαί
1842 4322 1894 4358 τι
1918 4305 1979 4357 τὸ

2076 2416 2338 2470 Dominus
2370 2426 2558 2470 noster
2599 2431 2719 2470 cum
2757 2416 2997 2485 mysterii
3059 2417 3162 2469 vim
3212 2416 3489 2487 discipulis
3535 2427 3645 2472 tra-

2076 2509 2244 2571 deret,
2292 2509 2371 2563 sic
2415 2508 2547 2562 dicit
2580 2527 2594 2562 :
2630 2526 2648 2558 ι
2684 2508 2944 2575 Accipite,
2969 2509 3234 2563 comedite
3277 2523 3464 2563 omnes
3498 2532 3509 2563 :
3544 2510 3644 2565 hoc

2080 2606 2162 2649 est
2191 2596 2333 2649 enim
2361 2610 2557 2665 corpus
2582 2612 2754 2651 meum
2780 2596 2867 2651 "?
2900 2615 2918 2648 ι
2944 2612 3042 2651 cur
3078 2612 3180 2651 non
3209 2598 3339 2652 dixit
3368 2616 3383 2652 :
3424 2598 3537 2653 Hoc
3563 2609 3645 2654 est

2080 2685 2332 2740 divinitas
2363 2701 2479 2740 mea
2514 2701 2631 2755 quae
2657 2701 2754 2753 pro
2783 2687 2934 2741 vobis
2959 2685 3228 2756 frangitur
3253 2690 3276 2742 ?
3305 2689 3646 2759 Rursumque

2080 2793 2203 2832 cum
2255 2777 2503 2847 poculum
2554 2777 2937 2849 mysteriorum
2976 2778 3151 2843 daret,
3178 2794 3282 2833 non
3312 2779 3446 2833 dixit
3481 2799 3493 2834 :
3535 2780 3645 2835 Hoc

2082 2878 2165 2923 cst
2194 2870 2446 2922 divinitas
2476 2882 2595 2936 qua:
2636 2882 2734 2936 pro
2780 2868 2933 2921 vobis
2956 2867 3268 2934 eﬂ'unditur,
3303 2869 3400 2923 sed
3437 2889 3451 2923 :
3492 2887 3511 2920 ι
3544 2869 3644 2924 Hic

2082 2970 2166 3015 est
2206 2961 2425 3029 sanguis
2448 2973 2599 3013 meus
2621 2958 2711 3026 qui
2739 2973 2837 3027 pro
2865 2958 3015 3014 vobis
3056 2957 3350 3014 effunditur
3370 2961 3422 3014 in
3454 2961 3645 3017 remis-

2084 3053 2287 3109 sionem
2313 3060 2653 3122 peccatorum
2688 3050 2751 3105 “.
2782 3049 2837 3122 ι]

2762 3248 2914 3306 CAP.
2951 3247 3061 3305 VII.

2148 3384 2416 3455 Perquam
2453 3385 2673 3440 stultum
2725 3399 2856 3441 sane
2906 3400 3028 3441 esse
3072 3385 3137 3439 iis
3189 3386 3461 3441 adversari
3509 3387 3647 3444 velle

2081 3478 2168 3549 qui
2188 3478 2316 3531 nulli
2353 3486 2496 3542 sunt,
2521 3486 2573 3531 et
2599 3477 2791 3533 frustra
2816 3478 3156 3545 contendere,
3186 3478 3347 3549 idque
3379 3481 3445 3534 ad
3472 3495 3645 3550 oppu-

2082 3571 2350 3639 gnandum
2385 3584 2599 3625 sumere
2644 3573 2786 3639 quod
2847 3570 3076 3625 fortasse
3133 3572 3338 3626 nemini
3400 3588 3639 3643 unquam

2082 3672 2175 3716 aut
2196 3664 2419 3727 sentire,
2454 3672 2548 3717 aut
2576 3662 2752 3733 eloqui
2812 3663 2985 3718 visum
3018 3672 3121 3728 est,
3153 3664 3498 3732 perspicuum
3529 3679 3647 3720 om-

2081 3754 2239 3809 nibus
2283 3768 2404 3808 esse
2436 3754 2557 3823 quis
2589 3752 2794 3823 neget?
2828 3751 2960 3806 Nam
3006 3753 3051 3807 si
3087 3757 3209 3821 quis
3254 3755 3385 3809 velit
3423 3764 3646 3810 conten-

2084 3843 2225 3898 tiose
2267 3843 2508 3898 refutare
2536 3845 2727 3897 bovem
2774 3856 2878 3896 non
2929 3857 3050 3896 esse
3095 3858 3160 3897 ex
3196 3853 3383 3897 natura
3423 3859 3645 3913 equum,

2083 3949 2254 4003 neque
2282 3934 2555 3989 hominem
2613 3947 2831 4003 equum,
2890 3932 3101 3987 nemine
3142 3933 3195 3988 id
3241 3936 3509 3989 sentiente
3552 3946 3648 3991 aut

2079 4026 2311 4091 dicente,
2346 4042 2527 4082 nonne
2572 4027 2643 4081 sit
2679 4027 2957 4091 ridiculus,
3012 4037 3066 4082 et
3117 4038 3375 4099 praeterea
3421 4042 3648 4099 nugator

2080 4132 2270 4182 vanus,
2301 4131 2480 4172 aerem
2540 4118 2856 4182 verberans,
2895 4129 2949 4174 et
2986 4136 3227 4189 pugnans
3268 4122 3321 4176 in
3350 4123 3640 4189 incertum,

2080 4221 2135 4266 et
2162 4210 2305 4264 nulla
2370 4225 2429 4263 re
2485 4211 2759 4278 proposita
2816 4212 2918 4265 sibi
2972 4212 3251 4268 molestias
3307 4228 3371 4269 ac
3430 4215 3646 4271 labores

2080 4315 2359 4355 assumens
2384 4300 2407 4353 ?
2431 4299 2691 4368 Oportere
2714 4302 2854 4355 enim
2883 4303 3129 4372 equidem
3164 4313 3314 4373 puto,
3350 4305 3499 4374 prius
3528 4320 3648 4373 pro-

410 4393 832 4463 ὡμολογημένον
852 4409 866 4423 ’
904 4394 969 4447 ἵν’
1000 4396 1058 4447 ὲν
1091 4395 1281 4464 κόσμῳ
1315 4394 1378 4465 δὴ
1413 4395 1532 4448 τότε
1558 4396 1628 4449 τὰ
1659 4398 1787 4467 παρ’
1819 4396 1976 4466 ἡμῶν

2081 4393 2316 4461 positum
2368 4407 2487 4446 esse
2546 4392 2745 4461 aliquid
2779 4394 2830 4447 in
2860 4393 3130 4459 confesso,
3186 4405 3244 4449 ut
3300 4396 3403 4450 rite
3464 4407 3575 4449 tum
3616 4412 3646 4450 a

409 4485 788 4552 ἀντεπάγοιτο.
821 4486 967 4555 Πλὴν
998 4486 1172 4539 ἐκεῖνο
1201 4486 1372 4557 ἴωμεν
1421 4486 1539 4559 [ἷσ.
1573 4487 1856 4561 εἴπωμεν]
1885 4505 1897 4516 ·
1927 4490 1977 4541 εἰ

412 4574 512 4643 μὲν
539 4576 644 4645 γάρ
674 4593 756 4638 τις
784 4571 852 4645 ἦν
883 4578 911 4628 ὁ
939 4577 1103 4644 φάναι
1135 4578 1369 4647 τολμῶν,
1417 4580 1498 4642 είς
1543 4580 1641 4651 τὴν
1689 4579 1831 4633 κατά
1863 4578 1977 4651 (Si)

406 4662 503 4716 τοῦ
554 4663 803 4733 σώματος
853 4666 1319 4736 μεταπεποιῆσθαι
1370 4666 1532 4734 φύσιν
1586 4668 1676 4721 τὸν
1728 4669 1792 4720 ὲκ
1840 4666 1974 4720 Θεοῑ

412 4755 603 4820 Λόγον,
654 4755 944 4824 ἐπαιτιῷτό
970 4774 1053 4820 τις
1098 4758 1164 4810 ἂν
1198 4758 1292 4810 καὶ
1325 4757 1468 4827 μάλα
1503 4758 1746 4824 είκότως,
1780 4759 1862 4811 ὅτι
1901 4760 1975 4829 μὴ

410 4845 611 4909 μᾶλλον
643 4845 745 4914 ἔφη
772 4846 832 4897 τὸ
864 4845 1020 4916 σῶμα
1052 4847 1255 4911 διδούς·
1291 4849 1521 4913 Λάϐετε,
1560 4849 1783 4917 φάγετε,
1818 4849 1974 4901 τοῦτό

412 4936 514 5005 μού
540 4938 685 4989 ἐστιν
708 4938 741 5007 ἡ
765 4937 956 5008 θεότης
987 4941 1019 5009 ἡ
1050 4940 1188 5009 ὑπὲρ
1217 4941 1245 4992 ὑ
1255 4940 1373 5011 μῶν
1399 4941 1676 5012 κλωμένη,
1696 4945 1788 4994 καὶ
1816 4942 1975 4995 τοῦτό

407 5030 557 5081 ἐστιν
590 5030 650 5081 οὐ
679 5030 739 5081 τὸ
766 5025 906 5099 αἷμά
932 5048 1033 5100 μου
1070 5031 1291 5099 μᾶλλον,
1323 5030 1440 5084 ἀλλ’
1473 5033 1505 5101 ἡ
1547 5030 1738 5102 θεότης
1764 5034 1797 5103 ἡ
1835 5032 1975 5100 ὑπὲρ

410 5120 565 5190 ὑμῶν
596 5122 914 5193 ἐκχεομένη.
955 5124 1168 5193 Ἐπειδὴ
1202 5123 1260 5175 δὲ
1286 5123 1419 5187 Θεὸς
1452 5122 1530 5175 ὢν
1560 5125 1589 5176 ό
1621 5125 1818 5192 Λόγος,
1846 5123 1979 5177 ἴδιον

408 5212 703 5281 ἐποιήσατο
730 5213 890 5283 σῶμα
924 5213 983 5266 τὸ
1012 5215 1074 5265 ὲκ
1098 5213 1374 5281 γυναικὸς,
1435 5214 1742 5279 ἀλλοίωσιν,
1777 5215 1810 5286 ἢ
1850 5231 1978 5284 τρο-

410 5304 520 5373 πὴν
571 5305 827 5375 οὐδεμίαν
874 5304 1344 5375 ὑπομεμενηκὼς,
1394 5306 1507 5370 πῶς
1554 5308 1653 5359 οὐκ
1698 5306 1803 5359 ἔδει
1842 5306 1980 5377 πρὸς

485 5462 529 5493 ⁸⁸
557 5462 678 5517 Act.
705 5462 853 5526 1,“.
926 5462 968 5495 ¹⁸
998 5461 1186 5518 Matth.
1226 5461 1482 5522 xxvr.26.
1563 5462 1604 5493 ¹⁶
1638 5462 1766 5517 ibid.
1792 5461 1881 5516 27.

2087 4483 2240 4536 nobis
2301 4482 2555 4537 refutatio
2638 4485 3437 4555 subiungatur;veruintamen
3516 4487 3649 4542 illud

2084 4574 2366 4627 dicendum
2430 4576 2645 4628 videtur
2677 4594 2690 4629 :
2724 4591 2845 4628 nam
2882 4577 2926 4631 si
2954 4586 3095 4630 esset
3128 4579 3215 4646 qui
3255 4577 3437 4632 dicere
3478 4580 3647 4633 aude-

2083 4673 2185 4730 ret,
2215 4666 2385 4735 ipsum
2414 4665 2509 4721 Dei
2550 4665 2785 4721 Verbum
2839 4669 2891 4721 in
2950 4669 3191 4738 corporis
3245 4680 3491 4723 naturam
3526 4686 3649 4726 esse

2084 4767 2369 4823 mutatum,
2404 4768 2683 4813 accusaret
2704 4761 2985 4829 quispiam,
3016 4772 3070 4816 et
3098 4762 3309 4831 quidem
3330 4762 3471 4831 jure,
3505 4763 3649 4831 quod

2088 4866 2195 4904 non
2232 4852 2455 4905 dixisset
2495 4866 2613 4905 cum
2672 4867 2869 4919 corpus
2915 4853 3067 4907 daret
3098 4869 3111 4904 ε
3142 4853 3400 4921 Accipite,
3424 4853 3650 4906 mandu-

2083 4951 2224 5005 cate,
2249 4942 2349 4995 hoc
2377 4951 2459 4996 est
2488 4956 2603 4995 mea
2647 4942 2904 4995 divinitas
2938 4957 3058 5011 quae
3123 4956 3221 5011 pro
3251 4943 3407 4996 vohis
3450 4941 3650 5010 frangi-

2088 5042 2193 5096 tur,
2227 5034 2398 5086 ethoc
2420 5041 2502 5086 est
2528 5048 2633 5086 non
2662 5034 2879 5101 sanguis
2922 5046 3095 5095 meus,
3131 5033 3222 5087 sed
3245 5031 3499 5085 divinitas
3529 5046 3649 5099 quae

2084 5137 2183 5191 pro
2237 5122 2388 5176 vobis
2450 5120 2783 5177 effunditur:
2811 5137 2953 5177 nunc
2995 5136 3124 5176 vero
3160 5136 3281 5175 cum
3312 5122 3485 5189 ipsum
3514 5120 3650 5173 Ver-

2087 5214 2233 5277 bum,
2271 5214 2412 5281 qnod
2454 5214 2593 5267 Deus
2620 5223 2757 5278 erat,
2786 5214 3061 5283 proprium
3099 5213 3206 5268 sibi
3249 5213 3440 5267 fecerit
3491 5212 3650 5281 119

2086 5319 2282 5374 corpus
2313 5315 2494 5359 natum
2517 5321 2582 5359 ex
2629 5306 2875 5373 muliere,
2916 5319 3091 5376 neque
3118 5304 3279 5361 ullam
3322 5315 3413 5360 aut
3452 5305 3650 5360 altera-

1664 5613 1824 5670 ANT.
1865 5612 2135 5687 AGELLII
2175 5611 2403 5670 Nom.

483 5768 936 5843 (31)Pra2positio
966 5770 1105 5826 κατὰ
1140 5770 1351 5828 videtur
1378 5781 1731 5841 supervacua.
