4104 6336
491 350 599 408 207
1481 345 1539 401 S.
1580 339 1844 402 (ἔπηλυ
1884 339 2112 400 ALEXA

2102 344 2349 402 iNDRlNi
2386 345 2701 403 A‘RCHIEP.
3621 350 3723 405 308

498 469 719 530 tionem,
753 470 846 518 aut
892 464 1247 519 mutationem
1291 462 1595 533 pertulerit,
1646 463 2061 532 quomodonon
2092 470 2119 524 Α

2106 470 2133 525 Α
2165 464 2313 534 ἡμᾶς
2356 465 2419 518 ού
2465 463 2867 534 ψευδοεποῦντα
2924 463 3120 532 λέγειν,
3149 465 3231 518 ὅτι
3274 467 3321 517 t‘
3350 464 3579 529 Λάϐετε,
3628 466 3727 535 φά-

454 571 709 628 asquum
785 555 888 610 fuit
950 556 1069 611 sine
1126 554 1235 611 ullo
1288 555 1568 609 mendacio
1606 555 1773 609 nobis
1829 556 2060 610 dicere:

2166 572 2312 623 γετε,
2358 555 2519 609 τοῦτό
2548 555 2649 626 μού
2683 556 2799 607 ἐστι
2823 555 2884 608 τὸ
2918 554 3110 625 σῶμα;
3149 574 3169 606 ι
3204 555 3326 626 Ζωὴ
3370 555 3428 609 δὲ
3470 554 3730 627 ὑπάρχων

504 667 523 697 ε
554 646 817 718 Accipite,
845 646 1134 713 comedite,
1159 648 1263 702 hoc
1286 656 1369 703 est
1397 660 1595 717 corpus
1624 662 1803 701 meum
1827 648 1851 700 ?
1881 666 1901 697 ι
1927 645 2061 701 Cum

2162 647 2239 710 ὡς
2275 646 2427 709 Θεὸς,
2459 645 2605 717 ζωὴν
2633 647 2728 699 καὶ
2769 645 3033 710 ζωοποιόν
3058 647 3339 717 ἀπέφηνεν
3363 647 3513 700 αὐτό.
3544 648 3728 718 Βραχῦ

501 747 681 793 autem
737 745 883 793 esset
930 736 1045 792 vita
1083 745 1339 807 tanquam
1390 735 1751 800 Deusnitam
1787 736 1949 791 simul
2008 747 2064 791 et

2162 740 2455 811 τοιγαροῦν
2496 739 2784 809 ἁναμύσας
2829 739 2968 810 πρὸς
2998 739 3058 793 τὸ
3100 739 3323 810 ἀληθὲς,
3375 740 3527 803 αὐτὸ,
3553 735 3728 808 οἶμαι,

499 827 769 883 viviﬂcum
800 827 931 882 illud
976 826 1176 882 educit.
1225 826 1399 896 Igitur
1420 827 1467 882 si
1502 826 1777 897 paululum
1822 828 1893 881 ad
1922 825 2063 880 veri-

2164 832 2307 884 κατὰ
2358 829 2585 884 σεαυτοῦ
2632 830 2692 883 τὸ
2748 831 2997 901 περιττὸν
3044 833 3123 895 εις
3177 831 3369 899 λόγους
3430 831 3728 902 ηθοριείς,

503 927 667 972 tatem
687 916 985 986 aspexeris,
1007 926 1060 972 te
1088 918 1203 987 ipse
1238 921 1307 972 de
1338 917 1773 987 supervacuitate
1797 918 2063 972 sermonis

2160 921 2505 993 βατταρίζων
2568 921 2875 992 πανταχοῦ,
2941 922 3039 975 καὶ
3107 926 3221 987 τοῖς
3289 924 3391 993 τῆς
3451 921 3731 983 εὐσεϐείας

500 1008 797 1073 accusabis,
878 1022 1003 1063 cum
1071 1009 1272 1079 ubique
1342 1013 1583 1080 nugeris,
1659 1018 1714 1063 et
1777 1010 2061 1063 adversum

2163 1015 2432 1085 δόγμασιν
2464 1015 2742 1078 ἀσυνέτως
2765 1015 3088 1079 ἁντανιστὰς
3116 1016 3581 1087 ’τὸνέπαράσημον
3608 1032 3729 1069 του-

500 1101 750 1172 dogmata
775 1100 993 1170 pietatis
1023 1110 1171 1157 tuum
1198 1102 1341 1156 hunc
1361 1101 1723 1157 adulteratum
1753 1100 2062 1156 molestare-

1378 1101 1723 1157 idulteratum
1753 1100 2062 1156 molestutn-
2146 1107 2279 1162 ‘covt
2304 1107 2409 1159 καὶ
2441 1106 2658 1177 ἀτεοπῆ
2697 1124 2791 1160 σου
2821 1107 2999 1177 λόγον.

458 1202 472 1217 '
497 1205 604 1259 que
626 1205 933 1247 sermonem
979 1191 1354 1263 imprudenter
1390 1208 1653 1264 opponas.

756 1322 1159 1415 TOMUS
1232 1325 1804 1432 QUINTUS.

2445 1316 2829 1404 TOMOX
2888 1289 3466 1403 ΠΕΜΠΤΟΣ.

568 1472 845 1527 Gloriatur
895 1474 1086 1527 beatus
1115 1470 1313 1527 Paulus
1344 1471 1412 1526 de
1438 1472 1641 1527 Christi
1701 1472 2063 1542 passionibus,

2250 1469 2697 1543 Ἐπισεμνύνεται
2738 1470 2837 1541 μὲν
2864 1471 2893 1523 ὁ
2931 1469 3215 1533 θεσπέσιος
3237 1469 3450 1534 Παῦλος
3485 1471 3601 1533 τοῖς
3630 1478 3730 1523 πα-

499 1574 553 1617 ct
582 1566 659 1617 ait
710 1577 854 1618 nunc
893 1563 1150 1632 quidem:
1183 1581 1201 1614 ι
1239 1562 1368 1617 Mihi
1395 1564 1538 1618 absit
1588 1564 1832 1634 gloriari,
1874 1566 1975 1621 nisi
2008 1567 2064 1621 iu

2167 1563 2374 1635 θήμασι
2406 1563 2535 1616 ίτοῦ
2598 1563 2874 1635 Χριστοῦ,
2939 1563 3033 1617 καί
3086 1579 3251 1632 φησι,
3308 1561 3399 1616 ότὲ
3443 1562 3584 1633 μὲν,
3649 1562 3729 1615 ὅτι

501 1670 663 1710 cruce
685 1654 909 1721 Christi,
947 1669 1041 1725 per
1081 1668 1239 1724 quem
1308 1657 1440 1711 mihi
1486 1656 1719 1711 mundus
1775 1657 2066 1715 crucifixus

2172 1675 2191 1708 ι
2214 1656 2371 1725 Ἐμοὶ
2403 1656 2501 1726 μὲν
2532 1655 2637 1728 [δὲ]
2672 1657 2747 1728 μὴ
2777 1657 2987 1726 γένοιτο
3011 1655 3333 1726 καυχᾶσθαι,
3363 1656 3411 1708 εί
3451 1656 3526 1727 μὴ
3565 1656 3623 1709 ιν
3655 1656 3733 1727 τῷ

499 1758 800 1818 cst,etego
830 1750 1028 1803 mundo
1066 1749 1145 1815 ";
1187 1766 1209 1800 ›
1236 1762 1376 1803 nunc
1418 1762 1606 1803 rursus
1635 1768 1648 1804 :
1684 1768 1703 1800 ι
1761 1749 1876 1805 Non
1919 1751 2062 1806 enim
2094 1814 2120 1818 _

2110 1814 2130 1818 _
2168 1744 2389 1816 σταυρῷ
2410 1746 2504 1798 τοῦ
2526 1746 2784 1818 Χριστοῦ,
2808 1747 2876 1799 δι’
2905 1739 2966 1799 οὗ
2994 1746 3118 1816 ἐμοὶ
3146 1746 3349 1815 κόσμος
3373 1746 3731 1817 ἐσταύρωται,

499 1814 759 1895 erubesco
791 1839 1178 1911 Evangelium;
1206 1841 1378 1897 virtus
1402 1842 1549 1896 enim
1591 1842 1683 1897 Dei
1725 1851 1811 1897 est
1839 1843 1892 1897 in
1920 1843 2065 1897 salu-
2093 1814 2120 1871 Ῑ

2113 1814 2322 1904 3κάγὼ
2480 1814 2700 1907 κόσμῳ·
2742 1836 2875 1898 κότε
2933 1836 2989 1889 δὲ
3015 1814 3083 1890 αὖ
3107 1852 3121 1867 ⁸
3159 1854 3179 1887 ι
3206 1814 3282 1889 Od
3330 1836 3439 1908 γὰρ
3471 1814 3734 1907 ἔπαισχύι

470 1952 473 1955 <
503 1942 606 1986 tem
652 1931 803 1986 omni
844 1931 1111 1996 credenti,
1134 1928 1333 1986 Judaao
1387 1933 1617 2002 primum
1637 1942 1693 1988 et
1720 1933 1909 1989 Graeco
1938 1933 2002 1988 “.
2038 1952 2058 1987 ι

2164 1945 2328 1999 νομαι
2350 1928 2409 1982 τὸ
2424 1928 2774 1998 Εύαγγέλιον*
2802 1928 3035 2001 δύναμις
3059 1928 3168 2000 γὰρ
3195 1928 3330 1984 Θεοῦ
3360 1931 3509 1983 ἐστιν
3531 1931 3612 1993 είς
3633 1946 3737 1982 σω-

488 2026 672 2094 ~Atquc
706 2025 759 2079 in
788 2025 931 2080 hunc
970 2026 1185 2080 modum
1227 2023 1320 2080 ille
1348 2025 1675 2094 virSpiritu
1714 2025 1821 2082 Dei
1872 2026 2063 2097 plenus

2162 2021 2358 2093 τηρίαν
2390 2023 2556 2075 παντὶ
2579 2020 2658 2091 τῷ
2687 2021 3016 2083 πιστεύοντι,
3062 2021 3299 2092 Ἰουδαίῳ
3322 2038 3380 2076 τε
3413 2021 3615 2093 πρώτῳ
3643 2020 3737 2076 καὶ

470 2128 552 2171 'et
575 2117 674 2171 sibi
705 2116 1043 2171 sentiendum
1078 2117 1690 2183 censebat,"et*cacteros
1717 2118 2058 2175 imbuendus.

2167 2110 2409 2182 Ἕλληνι.
2446 2129 2466 2164 ι
2517 2111 2654 2164 Ἀλλ’
2689 2106 2791 2165 ὦδε
2827 2112 2924 2182 μὲν
2956 2112 2984 2164 ό
3006 2112 3455 2183 Πνευματοφόρος
3485 2112 3639 2182 ἠξίου
3675 2129 3736 2165 τε

476 2206 683 2276 Neque
731 2206 877 2261 enim
924 2206 1305 2263 -hac‘~‘frustra
1355 2209 1598 2278 scripsit.
1652 2210 1746 2263 sed
1800 2219 1859 2265 ut
1905 2212 2063 2267 nobis

2152 2204 2385 2273 φρονεῖν
2417 2201 2601 2269 αὐτὸς,
2632 2202 2728 2256 καὶ
2773 2202 2880 2274 μὴν
2925 2203 3019 2257 καὶ
3050 2204 3274 2275 ἑτέρους
3336 2205 3732 2274 μυσωγωγεῖν.

478 2298 872 2367 ,persuaderet,
918 2306 976 2353 ut
1006 2299 1378 2368 integritatem
1403 2300 1523 2371 ejus
1567 2315 1687 2370 qua:
1728 2302 1784 2356 in
1827 2300 1919 2357 illo
1946 2314 2065 2358 erat

2149 2291 2414 2361 νΓέγραφε
2445 2291 2556 2362 γὰρ
2590 2293 2651 2344 οὐ
2678 2291 2874 2362 μάτην,
2909 2291 3024 2345 ἀλλ’
3061 2292 3147 2346 ἵνα
3175 2293 3324 2365 ἡμᾶς
3346 2292 3618 2365 ἀναπείσῃ
3638 2292 3737 2362 τῆς

496 2388 620 2442 tidei
678 2387 958 2442 studentes
1013 2388 1281 2454 aemulari,
1335 2389 1403 2445 de
1472 2388 1675 2444 Christi
1721 2391 2064 2459 passionibus

2147 2382 2389 2453 ⁴ἰινούςιτις
2408 2382 2559 2455 αύτῷ
2576 2382 2814 2447 πίστεως
2835 2383 2935 2455 τὴν
2950 2383 3217 2457 ὀρθότητα
3236 2384 3434 2457 ζηλοῦν
3460 2387 3567 2457 ᾐρη
3576 2386 3737 2456 μένος

499 2478 806 2548 gloriemur.
828 2478 936 2533 Sed
964 2478 1206 2533 nonnulli
1229 2479 1297 2535 de
1312 2493 1478 2535 cruce
1495 2478 1696 2535 Christi
1713 2482 2060 2547 erubescunt,

2144 2474 2277 2547 ’[ῖσ·
2309 2475 2639 2548 ⁷ἡρημένυυς]
2705 2478 2819 2540 τοῖς
2868 2476 3107 2548 Χριστοῦ
3148 2477 3468 2549 παθήμασιν
3505 2479 3737 2552 magis.

498 2579 553 2625 et
579 2571 890 2626 doctoribus
917 2570 1008 2640 qui
1044 2583 1140 2640 per
1160 2570 1346 2626 orbem
1397 2580 1668 2628 terrarum
1710 2575 2059 2641 exstiterunt,

2156 2568 2372 2623 Δνεσθαι.
2401 2568 2797 2639 Ἀπερυθριῶσι
2815 2567 2873 2622 δέ
2889 2585 3034 2632 τινες
3048 2568 3127 2639 τῷ
3144 2570 3382 2641 σταυρῷ,
3402 2571 3497 2625 καὶ
3515 2574 3626 2634 τοῖς
3642 2588 3735 2640 γε-

498 2667 622 2734 quia
675 2664 947 2720 contraria
993 2663 1203 2719 sentire
1247 2662 1476 2729 malunt,
1521 2664 1684 2735 impie
1732 2664 2062 2732 resistendo,

2154 2660 2347 2729 ,γονόσι
2369 2663 2483 2724 τοῖς
2517 2660 2627 2733 [τοι.
2648 2659 2773 2732 τῆς]
2806 2660 2895 2729 ὑφ’
2922 2661 3058 2731 ἡλίῳ
3078 2663 3480 2732 μυσταγωγοτς,
3504 2662 3736 2726 ἀνοσίως

495 2757 699 2812 Christi
746 2756 1026 2827 passiones
1068 2755 1457 2826 propemodum
1511 2754 1742 2811 irrident
1771 2757 1979 2821 miseri,
2006 2767 2062 2812 et

2166 2753 2713 2824 ἀντανιστάμενοιδιὰ
2726 2751 2822 2807 τοῦ
2840 2755 3054 2824 φρονεῖν
3074 2754 3287 2808 ἑλέσθαι
3310 2755 3379 2809 τὰ
3393 2756 3625 2819 ἐναντία,
3648 2772 3736 2825 μο-

496 2849 823 2905 erubescunt
845 2846 1051 2903 Christi
1096 2845 1474 2916 Evangeliu‘m,
1510 2860 1632 2901 cum
1662 2847 1882 2903 Judaica
1922 2848 2059 2903 stula

2165 2846 2374 2916 νονουχὶ
2391 2845 2815 2916 καταμειδιῶσιν
2838 2846 2888 2898 οἱ
2918 2845 3146 2909 τάλανες
3164 2846 3270 2901 τῶν
3292 2847 3529 2918 Χριστοῦ
3564 2848 3736 2917 παθη-

498 2940 613 2994 titia
645 2940 919 3001 laborent,
966 2946 1023 2993 et
1062 2936 1170 2992 illis
1199 2936 1342 2991 nulla
1386 2951 1452 2992 ex
1483 2945 1641 3007 parte
1687 2939 1799 2994 sint
1846 2938 2061 2993 inscitia

2173 2937 2373 3007 μάτων,
2402 2936 2747 3007 αίσχύνονταί
2765 2954 2823 2991 τε
2855 2937 2916 2991 τὸ
2930 2937 3283 3006 Εὑαγγέλιον,
3324 2938 3617 3011 Ἰουδαῖκὴν
3644 2955 3735 2993 ve-
3790 2980 3794 2985 .

494 3030 804 3085 inferiores.
859 3028 1005 3084 Crux
1059 3041 1293 3098 namque
1359 3028 1657 3085 Salvatoris
1729 3029 1899 3083 nostri
1953 3028 2061 3084 illis

2163 3029 2383 3092 σοῦντες
2399 3028 2657 3098 ἀμαθίαν,
2685 3030 2779 3082 καὶ
2794 3029 2890 3099 τῆς
2915 3029 3139 3083 ἐκείνων
3160 3030 3487 3103 ἀϐελτηρίας
3511 3031 3631 3086 κατ’
3647 3034 3736 3085 ού-

494 3122 635 3178 facta
671 3134 754 3178 est
773 3120 1087 3177 scandalum
1121 3138 1136 3174 :
1178 3122 1363 3189 itaque
1387 3135 1511 3176 cum
1543 3120 1695 3175 illum
1720 3122 1845 3177 vita:
1874 3128 2060 3176 aucto-
2087 3145 2115 3207 ί

2113 3145 2134 3207 Ξ
2161 3119 2286 3173 δένα
2306 3120 2504 3191 τρόπον
2538 3120 2856 3191 ἡττώμενοι.
2896 3122 3093 3190 Γέγονε
3113 3122 3222 3193 γὰρ
3238 3123 3734 3187 αύτοῖςσκάνδαλον

496 3229 609 3270 rem
644 3213 880 3284 legisque
910 3212 1070 3266 linem
1124 3210 1268 3281 ligno
1315 3210 1565 3267 sullixum
1622 3213 1890 3278 viderent,
1930 3228 2063 3284 qna-

2160 3214 2190 3265 ὁ
2216 3211 2309 3264 τοῦ
2333 3212 2586 3283 Σωτῆρος
2617 3213 2868 3283 σταυρός·
2897 3214 2992 3267 καὶ
3021 3213 3153 3283 γοῦν
3175 3214 3251 3285 τῷ
3278 3215 3420 3285 ξύλῳ
3448 3217 3734 3288 προσηλω-

499 3306 702 3362 tiebant
728 3305 986 3359 adversus
1008 3318 1132 3359 eum
1164 3317 1330 3358 exosa
1361 3302 1470 3359 Deo
1498 3302 1699 3373 capita,
1730 3303 1876 3359 nullo
1905 3305 2064 3360 modo

2162 3304 2321 3357 θέντα
2352 3303 2638 3373 βλέποντες
2654 3304 2746 3356 τὸν
2771 3305 2869 3374 τῆς
2896 3304 3041 3374 ζωῆς
3074 3304 3332 3377 ἀρχηγὸν,
3354 3306 3415 3359 τὸ
3442 3306 3535 3360 τοῦ
3570 3308 3734 3377 νόμου

493 3397 661 3454 Deum
694 3411 883 3452 revera
910 3410 1031 3451 esse
1053 3396 1339 3451 credentes
1371 3395 1462 3465 qui
1492 3394 1653 3451 homo
1691 3395 1870 3451 factus
1898 3406 2061 3463 esset,

2159 3393 2328 3458 τέλος,
2365 3392 2537 3447 ἔσειον
2583 3394 2682 3465 μὲν
2718 3395 2804 3447 ἐπ’
2837 3392 2986 3464 αύτῷ
3004 3393 3105 3457 τὰς
3155 3394 3429 3465 θεομισεῖς
3470 3397 3732 3466 κεφαλὰς,

496 3497 659 3558 atque
701 3487 769 3540 ad
819 3484 1242 3540 exinanitionem
1288 3484 1801 3551 descendisset;sed
1838 3486 1939 3541 rati
1964 3502 2061 3555 po-

2160 3488 2221 3540 ού
2245 3487 2377 3541 Θεὸν
2411 3481 2550 3541 εἶναι
2572 3487 2919 3551 πιστεύοντες
2940 3487 3157 3559 ἀληθῶς
3189 3488 3649 3561 ὲνηνθρωπηκότα
3675 3509 3733 3545 τε

499 3579 603 3634 tius
648 3591 810 3632 unum
852 3577 1231 3647 promiscuee
1266 3584 1453 3630 nostro
1508 3587 1733 3629 numero
1790 3575 2062 3631 hominem

2153 3578 2256 3633 οιαὶ
2281 3577 2613 3648 καθιγμένον
2642 3580 2722 3641 είς
2754 3579 3001 3645 κένωσιν,
3033 3579 3269 3649 οἰόμενοι
3296 3578 3353 3632 δὲ
3387 3580 3605 3650 μᾶλλον,
3640 3582 3736 3635 ἕνα

496 3671 643 3727 illum
672 3685 812 3735 esse,
838 3680 894 3724 et
916 3677 1174 3738 tanquam
1208 3683 1276 3723 ex
1304 3667 1656 3723 malo-cordis
1690 3666 1773 3723 sui
1807 3668 2063 3723 thesauro

2158 3671 2268 3725 τῶν
2311 3672 2434 3726 καθ’
2471 3673 2618 3743 ἡμᾶς
2669 3671 2952 3743 ἄνθρωπον
3005 3671 3193 3735 ἁπλῶς
3228 3672 3494 3743 ὑπάρχειν
3536 3675 3726 3729 αὐτόν’

494 3763 829 3835 proferentes
856 3760 996 3816 mala
1026 3760 1091 3829 η,
1126 3758 1381 3815 dicebant
1414 3777 1427 3813 :
1472 3778 1491 3811 ι
1523 3759 1625 3826 Qui
1658 3760 1895 3816 destruis
1923 3769 2062 3815 tem-

2157 3763 2399 3834 ἔφασκον
2428 3763 2512 3829 δὲ,
2556 3763 2632 3827 ὡς
2662 3764 2725 3816 ἑκ
2758 3762 2995 3833 πονηροῦ
3034 3763 3310 3835 θησαυροῦ
3355 3766 3455 3835 τῆς
3505 3766 3731 3836 καρδίας

491 3858 640 3927 plum
692 3855 806 3919 Dei,
835 3862 890 3909 et
924 3854 977 3908 in
1026 3853 1198 3907 tribus
1252 3850 1442 3907 diebus
1465 3850 1706 3906 aediﬁcas
1729 3851 1879 3919 illud,
1912 3851 2059 3907 salva

2158 3856 2339 3911 αὐτῶν
2371 3857 2737 3928 προφέροντες
2779 3855 2849 3910 τὰ
2887 3857 3126 3929 πονηρόν
3164 3875 3189 3908 ι
3238 3857 3295 3910 '0
3326 3858 3611 3911 καταλύων
3638 3858 3731 3912 τόν

496 3951 835 4021 temetipsum
859 3966 875 4005 :
897 3947 1127 4005 siFilins
1150 3946 1245 4002 Dei
1272 3960 1353 4013 es,
1377 3948 1648 4003 descende
1670 3947 1737 4005 de
1759 3963 1919 4005 cruce
1934 3948 2002 4003 ὀ.
2034 3966 2053 4000 ι

2158 3950 2283 4003 ναὸν
2309 3950 2404 4003 τοῦ
2434 3949 2588 4011 Θεοῦ,
2625 3949 2717 4002 καὶ
2740 3950 2798 4004 ὲν
2837 3950 3017 4020 τρισὶν
3046 3949 3279 4022 ἡμέραις
3309 3950 3607 4021 οἰκοδομῶν
3635 3952 3732 4005 αύα

492 4044 557 4099 Ει
607 4046 798 4098 iterum
827 4060 841 4096 :
874 4060 896 4094 ι
938 4040 1087 4095 Alios
1131 4039 1309 4095 salvos
1344 4040 1494 4107 fecit,
1554 4040 1792 4111 seipsum
1827 4056 1932 4096 non
1960 4056 2056 4112 po-

2157 4039 2271 4103 τὸν,
2304 4038 2479 4092 σῶσον
2520 4037 2763 4091 σεαυτόν·
2795 4040 2843 4092 εἰ
2875 4039 3002 4103 Υἱὸς
3038 4034 3091 4092 εἴ
3115 4039 3211 4093 τοῦ
3243 4039 3400 4103 Θεοῦ,
3436 4043 3530 4095 καὶ
3562 4043 3734 4097 κατὰ·

488 4145 597 4192 ιεει
626 4135 833 4191 salvum
891 4131 1068 4186 facere
1099 4148 1114 4185 :
1149 4131 1193 4185 si
1253 4145 1348 4186 rex
1405 4130 1567 4187 Israel
1615 4140 1718 4197 est,
1768 4133 2059 4188 descendat

2158 4130 2285 4201 ϐηθι
2310 4131 2419 4184 ἀπὸ
2443 4130 2535 4184 τοῦ
2570 4130 2824 4202 σταυροῦ.
2856 4150 2875 4183 ι
2902 4132 3011 4185 Καὶ
3044 4132 3206 4186 πάλιν
3226 4148 3239 4162 ο
3270 4151 3288 4183 ι
3326 4130 3552 4196 Ἄλλους
3590 4132 3730 4186 ἔσω-

493 4240 634 4281 nunc
663 4226 727 4279 dc
749 4235 930 4287 cruce,
954 4230 1010 4276 et
1036 4221 1319 4276 credemus
1351 4221 1510 4292 120
1541 4222 1592 4277 in
1618 4239 1743 4280 eum
1770 4222 1839 4280 “.
1881 4243 1901 4277 ι
1937 4222 2054 4279 Νοη

2159 4240 2270 4288 σεν,
2316 4220 2507 4276 ἑαυτὸν
2538 4222 2599 4275 οὐ
2633 4219 2856 4276 δύναται
2892 4222 3058 4277 σῶσαι
3087 4240 3101 4253 ⁶
3140 4226 3188 4277 εί
3231 4222 3480 4294 βασιλεὺς
3518 4224 3732 4296 Ἰσραήλ

487 4317 634 4373 enim
702 4315 873 4379 illum,
910 4320 969 4368 ut
1005 4312 1163 4368 modo
1215 4312 1346 4379 disi,
1405 4311 1573 4368 Deum
1618 4330 1742 4371 esse
1792 4316 2057 4387 putabant

2156 4315 2295 4379 ἐστι,
2343 4313 2633 4367 καταῦἁτω
2669 4312 2766 4368 νῦν
2802 4314 2910 4367 ἀπὸ
2955 4315 3049 4368 τοῦ
3078 4315 3333 4386 σταυροῦ,
3376 4316 3470 4369 καὶ
3510 4316 3732 4369 πιστεύ-

489 4410 789 4467 secundum
848 4415 1121 4473 naturam,
1171 4420 1349 4475 neque
1388 4404 1481 4460 Dei
1509 4416 1563 4462 et
1584 4406 1766 4463 Patris
1794 4424 1920 4465 vere
1962 4409 2054 4465 Fi-

2156 4424 2321 4477 σομεν
2377 4406 2463 4459 ἐπ’
2511 4406 2693 4460 αὐτόν.
2726 4422 2746 4457 ι
2779 4406 2854 4459 Ού
2896 4406 3005 4478 γάρ
3026 4424 3130 4473 τοι,
3165 4408 3415 4480 καθάπερ
3474 4408 3608 4479 ἔφην
3636 4410 3732 4480 ἁρ-

490 4502 645 4568 lium,
680 4501 776 4555 sed
798 4499 865 4554 de
899 4514 959 4554 se
986 4496 1306 4568 praadicare,
1352 4505 1408 4551 et
1452 4497 1712 4553 audacter
1756 4500 2054 4557 divinitatis
2087 4484 2111 4543 Ῑ

2107 4485 2135 4542 )
2157 4497 2306 4563 τίως,
2343 4496 2474 4550 Θεὸν
2512 4496 2679 4567 ῷοντσ
2710 4495 2851 4551 κατὰ
2884 4495 3043 4565 φύσιν
3071 4497 3337 4569 ὑπάρχειν
3382 4498 3566 4564 αὑτὸν,
3603 4498 3728 4551 οὔτε

489 4593 795 4663 opinionem
845 4589 946 4645 sibi
991 4602 1267 4659 arrogare.
1330 4586 1517 4657 Itaque
1564 4603 1706 4643 nunc
1764 4590 2051 4646 dicebant:

2152 4590 2268 4660 μὴν
2298 4588 2423 4644 Υίὸν
2447 4589 2663 4661 ἀληθῶς
2688 4590 2781 4644 τοῦ
2815 4590 2949 4645 Θεοῦ
2976 4592 3071 4645 καὶ
3106 4591 3339 4663 Πατρός
3388 4590 3731 4662 περιαυτίζε-

493 4705 512 4737 ε
549 4687 624 4741 De
657 4684 802 4739 bono
828 4696 990 4751 opere
1016 4695 1123 4735 non
1146 4678 1447 4749 lapidamus
1475 4689 1551 4744 te,
1590 4680 1686 4736 sed
1709 4681 1774 4736 de
1802 4682 2055 4753 blasphe-

2157 4680 2280 4733 σθαι
2308 4680 2366 4733 δὲ
2417 4680 2615 4751 μᾶλλον
2663 4682 2755 4734 καὶ
2784 4680 2882 4752 τὴν
2923 4681 3020 4752 τῆς
3061 4681 3310 4752 θεότητος
3360 4681 3515 4748 δόξαν
3550 4682 3729 4751 ἑαυτῷ

489 4776 620 4841 mia,
640 4774 767 4844 quia
794 4783 847 4827 tu
875 4773 1035 4828 homo
1051 4786 1173 4827 cum
1193 4770 1289 4835 sis,
1310 4770 1447 4826 facis
1479 4774 1705 4841 teipsum
1733 4770 1990 4842 Deum“;
2018 4796 2040 4827 ι

2166 4773 2496 4844 προσνέμειν
2551 4774 2884 4844 ἁποτολμᾷν.
2931 4774 3240 4845 Τοιγάρτοι,
3297 4775 3425 4826 ποτὲ
3463 4774 3560 4843 μὲν
3606 4774 3730 4841 εφα-

489 4881 634 4924 nunc
692 4864 759 4920 ad
801 4862 1030 4918 Pilatum
1073 4860 1433 4926 adducebant,
1488 4872 1544 4917 et
1593 4865 1835 4937 cruciﬁgi
1896 4882 2053 4938 roga-

2159 4882 2321 4919 σκον·
2356 4883 2374 4917 ι
2409 4866 2545 4937 Περὶ
2591 4864 2758 4918 καλοῦ
2804 4866 2965 4935 ἔργου
3000 4866 3060 4918 ού
3118 4865 3407 4935 λιθάζομέν
3460 4882 3540 4927 σε,
3592 4866 3729 4918 ἀλλὰ

485 4964 617 5017 bant
636 4959 681 4992 "
710 4974 725 5024 ;
771 4957 963 5012 deinde
989 4970 1109 5010 cum
1139 4953 1207 5007 ab
1230 4969 1296 5009 eo
1319 4966 1762 5024 exposcerentur,
1802 4967 1860 5012 ut
1893 4967 2053 5014 tanta:

2158 4957 2287 5028 περὶ
2322 4958 2689 5030 βλασφημίας,
2724 4962 2808 5013 ὅτι
2840 4960 2905 5011 σὺ
2935 4957 3217 5029 ἄνθρωπος
3245 4958 3340 5020 ὢν,
3377 4959 3549 5020 ποιεῖς
3573 4974 3730 5011 σεαυ-

486 5050 743 5106 adversus
768 5062 891 5104 eum
927 5044 1313 5101 malevolentia:
1349 5061 1543 5102 causas
1582 5048 1877 5115 edicerent,
1912 5050 2053 5106 illico

2153 5046 2245 5100 τὸν
2272 5047 2424 5101 Θεόν.
2461 5067 2479 5099 ι
2514 5048 2650 5101 [locis
2683 5048 2738 5101 δὲ
2770 5047 2982 5118 Πιλάτῳ
3014 5047 3309 5117 προσῆγον,
3336 5046 3428 5099 καὶ
3462 5046 3726 5116 σταυροῦ-

486 5137 837 5199 accusabant,
869 5144 925 5191 et
970 5134 1279 5190 clamabant
1316 5136 1557 5191 dicentes
1589 5154 1604 5191 :
1634 5157 1651 5190 ι
1688 5140 1821 5204 Quia
1857 5139 2049 5195 Filium

2157 5140 2280 5191 σθαι
2316 5138 2677 5209 παρεκάλουν.
2708 5136 2839 5192 Εἶτα
2862 5140 2961 5208 τῆς
2985 5138 3071 5190 ἐπ’
3098 5138 3243 5208 αὐτῷ
3276 5137 3596 5206 σκαιότητος
3628 5136 3727 5197 τὰς

487 5230 580 5284 Dei
603 5245 663 5283 se
694 5229 821 5283 fecit
846 5226 911 5279 ”.
945 5244 965 5277 ι
996 5226 1192 5280 Verum
1250 5239 1379 5280 ecce
1420 5227 1522 5281 hoc
1559 5242 1773 5297 quoque
1807 5239 2049 5300 tempore

2154 5232 2332 5294 αἰτίας
2374 5234 2545 5283 εἰπεῖν
2595 5231 2990 5303 ἐξαιτούμενοι,
3038 5230 3375 5301 κατηγόρουν
3416 5229 3597 5292 εὐθὺς,
3632 5228 3726 5279 καὶ

487 5339 589 5377 non
606 5322 673 5375 ab
699 5318 975 5384 lsraelitis,
1000 5330 1172 5387 neque
1202 5333 1232 5372 a
1255 5316 1595 5373 multitudine
1629 5320 2045 5389 Pharisaeorum,

2154 5323 2650 5396 κατακεκράγησαν
2702 5325 2811 5395 (52)
2853 5324 3125 5393 λέγοντες,
3179 5342 3197 5375 ι
3234 5324 3357 5376 Ὅτι
3406 5321 3533 5373 Υίὸν
3586 5319 3723 5373 Θεοῦ

557 5461 598 5493 ¹⁷
622 5458 797 5539 Galat.
833 5475 906 5523 vr,
947 5457 1078 5539 14,"
1112 5455 1153 5487 ⁸⁸
1176 5456 1548 5539 βαιιικιιίϐ.
1626 5463 1667 5492 ¹⁹
1705 5460 1895 5518 Matth.
1930 5479 2024 5528 xu,
2069 5463 2159 5518 35.

2099 5463 2159 5518 ιδ.
2253 5464 2300 5497 ¹⁹
2341 5464 2534 5521 Matth.
2567 5482 2738 5533 xxv",
2768 5465 2856 5522 40.
2932 5467 3006 5539 _“
3038 5463 3170 5521 ibid.
3212 5464 3302 5519 42.
3405 5464 3450 5493 ²¹
3479 5460 3634 5517 Joan.
3664 5475 3720 5527 ι,

482 5532 571 5585 35.
648 5530 694 5562 "
718 5529 871 5585 Joan.
904 5544 1019 5592 xu,
1047 5530 1100 5581 6.
1176 5530 1223 5559 ’⁸
1260 5528 1392 5582 ibid.
1417 5527 1473 5582 7.

1713 5638 1895 5710 ,ΔΝΤ.
1935 5641 2209 5699 AGELLII
2247 5643 2476 5701 NOTE.

556 5755 665 5829 ('52)
690 5755 940 5811 Fortasse
972 5754 1277 5827 legendum,
1306 5752 1776 5823 κατακεκράγασι.
