4104 6336
438 363 542 420 209

1491 372 1867 431 AD’VERSUS
1903 373 2315 435 NESTORIUM'
2350 376 2479 438 LIB.
2510 382 2572 437 ν.

3586 396 3683 450 2H

437 484 628 539 taust
657 486 934 558 ἐποίησεν.
978 507 997 541 t
1042 488 1181 544 Ἀλλ’
1208 492 1321 546 ἰδοὺ
1352 492 1417 565 δὴ
1449 496 1541 548 καὶ
1568 496 1663 550 νῦν
1685 497 1747 550 οὐ
1773 498 1928 570 παρά
1955 516 2003 567 γι

2123 501 2217 557 sed
2269 502 2338 559 ab
2380 504 2451 560 iis
2482 505 2574 576 qui
2613 504 2864 566 videntur
2896 524 3021 568 esse
3049 510 3367 579 Christiani,
3402 512 3535 567 etin
3572 529 3657 568 nni

434 576 543 631 τῶν
572 576 632 642 ἐξ
674 578 916 652 Ἰσραὴλ,
945 580 1069 635 οὔτε
1110 584 1219 654 μὴν
1247 585 1348 656 τῆς
1389 586 1501 641 τῶν
1526 588 1836 658 Φαρισαίων
1882 589 2019 661 πλη-

436 667 581 732 θύος,
620 670 738 725 ἀλλ’
772 674 838 726 ἐκ
883 673 995 729 τῶν
1020 675 1323 732 δοκούντων
1354 674 1494 734 εἶναι
1524 682 1888 754 Χριστιανῶν,
1923 686 2018 747 κα)⁹

433 757 783 829 τεταγμένων
810 763 870 816 ὲν
896 762 1260 833 διδασκάλοις,
1296 769 1389 823 καὶ
1412 771 1472 824 ὲν
1495 774 1607 836 τοῖς
1627 773 1727 846 τὴν
1755 775 1905 831 θείαν
1928 776 2019 830 λα-

433 847 619 917 χοῦσιν
647 851 985 923 ἱερουργίαν,
1013 855 1082 910 τὰ
1106 852 1200 911 ἴσα
1227 860 1455 931 πάσχων
1482 865 1695 934 ὁρᾶται.
1741 867 2015 922 Ἀπιστεζο

429 957 522 994 ται
546 941 675 1013 γὰρ,
706 944 789 999 ὃτι
830 948 926 1001 καὶ
957 949 1089 1014 Θεὸς
1120 954 1259 1007 κατά
1294 954 1456 1023 φύσιν
1501 958 1672 1025 ἐστὶν,
1698 955 1783 1024 εἷς
1828 962 2014 1019 τεκαὶ

432 1033 592 1103 μόνος
621 1039 716 1091 καὶ
747 1038 965 1109 ἀληθῶς
998 1041 1127 1107 Υἱὸς
1159 1045 1254 1099 τοῦ
1288 1046 1425 1101 Θεοῦ
1473 1050 1853 1123 καὶκΠατρόςι
1872 1052 2014 1126 Πρότ

430 1144 593 1194 ςασις
614 1128 674 1181 δὲ
709 1129 813 1199 τῆς
846 1133 935 1184 ἐπ’
965 1133 1115 1205 αὐτῷ
1134 1136 1198 1208 δὴ
1232 1136 1407 1209 τούτῳ
1434 1140 1756 1206 δυσϐουλίας
1804 1145 2007 1211 αὐτοῖς,

429 1219 491 1275 τὸ
516 1219 706 1273 παθεῖν
730 1221 951 1278 ἑλέσθαι
972 1227 1141 1299 σαρκὶ
1169 1230 1262 1283 τὸν
1289 1230 1359 1283 δι’
1388 1235 1537 1303 ἡμᾶς
1578 1233 1809 1297 θάνατον
1836 1253 1849 1268 ⁸
1886 1238 2021 1292 καί-ν

428 1310 625 1365 τοιδιά
653 1312 814 1369 τοῦτο
854 1317 1186 1389 καθιγμένον
1223 1324 1304 1387 είς
1349 1324 1579 1381 κένωσιν
1622 1328 2006 1400 οἰκονομικῶς,

428 1402 517 1496 ι’να
547 1404 642 1458 καὶ
688 1406 878 1461 παθὼν
915 1410 1055 1482 ὑπὲρ
1095 1413 1255 1483 ἡμῶν
1283 1418 1470 1487 σαρκὶ,
1526 1421 1857 1496 καταργήσῃ
1908 1422 2006 1477 τοῦ

425 1495 657 1583 θανάτου
706 1499 770 1552 τὸ
819 1502 1043 1572 κράτος,
1078 1505 1175 1560 ἆτε
1223 1507 1287 1579 δὴ
1342 1509 1604 1581 ὑπάρχων
1654 1514 1794 1568 κατὰ
1830 1495 2008 1583 φύσιν

423 1582 559 1657 ζωὴ,
594 1587 685 1641 καὶ
704 1590 771 1643 ἐκ
787 1588 936 1662 ζωῆς
957 1594 1167 1663 ἀναφὺς
1198 1596 1293 1651 τοῦ
1322 1598 1459 1653 Θεοῦ
1478 1602 1573 1661 καὶ
1593 1604 1826 1673 Πατρός.
1860 1582 2007 1661 Κατ-

420 1673 751 1748 ηρῤώστησε
812 1680 922 1751 γὰρ
985 1684 1019 1754 ή
1070 1684 1363 1758 ἀνθρώπου
1410 1689 1574 1758 φύσις
1621 1693 1725 1762 τὴν
1769 1692 2001 1765 φθορὰν,

420 1765 498 1856 ῶς
520 1768 580 1820 ὲν
603 1768 827 1841 ἀπαρχῇ
852 1772 948 1826 καὶ
976 1774 1103 1847 ῥίζῃ
1125 1779 1193 1847 τῇ
1217 1777 1433 1853 πρώτῃ,
1454 1782 1765 1850 τουτέστιν,
1810 1784 1998 1856 Ἀδάμ.

2117 593 2409 660 sistrorum
2447 612 2676 655 numero
2720 610 3033 670 censentur,
3068 614 3128 660 et
3168 619 3355 661 eorum
3390 603 3482 675 qul
3515 606 3683 661 sortit'

2117 694 2246 740 sunt
2300 686 2473 743 divini
2515 694 2811 748 sacerdotii
2872 710 3093 762 munus,
3151 698 3341 754 eadem
3419 699 3682 755 sustinere

2115 778 2479 849 conspiciturt
2522 780 2637 837 Non
2688 785 2835 840 enim
2862 786 3005 844 Deus
3045 802 3172 845 esse
3198 790 3495 846 secundum
3532 801 3673 845 natu-

2116 885 2259 938 ram,
2277 880 2333 926 et
2352 886 2493 928 unus
2517 885 2573 931 et
2596 875 2743 932 solus
2764 886 2819 933 et
2840 892 2965 934 vere
2987 878 3082 935 Dei
3106 881 3357 937 tit-Patris
3383 881 3551 937 Filius
3568 896 3671 936 cre-

2115 961 2261 1018 ditur
2293 979 2307 1018 :
2338 979 2636 1036 eorumque
2661 967 2714 1023 in
2749 970 2855 1026 hac
2876 982 2938 1027 re
2968 972 3206 1041 perﬁdia:
3224 987 3393 1028 causa
3418 973 3684 1043 esttquod

2113 1065 2342 1123 mortem
2368 1068 2591 1128 propter
2615 1075 2712 1116 nos
2747 1077 2912 1119 carne
2963 1064 3075 1134 pati
3106 1064 3362 1132 voluerit,
3429 1064 3682 1134 quamvis

2111 1160 2175 1201 ea
2205 1148 2274 1202 de
2303 1162 2467 1205 causa
2492 1151 2888 1222 dispensator-ie
2919 1156 2985 1211 ad
3008 1158 3431 1213 exinanitionern
3463 1159 3683 1213 descen-

2111 1234 2251 1291 derit
2297 1237 2364 1298 ³⁵.
2422 1247 2483 1293 ιιι
2525 1254 2693 1296 carne
2739 1258 2837 1313 pro
2895 1246 3054 1301 nobis
3109 1261 3321 1317 passus,
3380 1250 3684 1303 destrueret

2108 1328 2299 1382 mortis
2327 1330 2615 1398 imperium
2647 1336 2716 1399 ³⁸,
2751 1345 2938 1405 utpote
2964 1353 3089 1393 cum
3141 1340 3253 1393 vita
3305 1350 3450 1396 esset
3488 1354 3682 1396 secun-

2107 1414 2238 1469 dum
2260 1428 2537 1485 naturam,
2570 1430 2713 1478 etex
2746 1424 2875 1491 vita,
2898 1424 3000 1481 hoc
3032 1439 3134 1493 est,
3157 1429 3277 1498 ipso
3302 1429 3412 1484 Deo
3440 1444 3506 1484 ac
3521 1430 3680 1487 Patre

2106 1507 2325 1564 editus:
2361 1509 2637 1568 hominum
2674 1515 2873 1587 quippe
2918 1530 3111 1576 natura
3139 1529 3399 1593 tanquam
3429 1523 3483 1578 in
3524 1523 3679 1579 initio

2105 1599 2390 1670 primaque
2440 1606 2642 1672 radice,
2687 1608 2795 1665 hoc
2839 1610 3003 1666 estin
3050 1613 3243 1679 Adam,
3310 1616 3676 1684 corruptionis

2105 1690 2297 1744 morbo
2344 1690 2718 1751 laboraverat.
2774 1694 2878 1754 Ubi
2924 1698 3068 1755 enim
3118 1714 3219 1769 per
3258 1699 3677 1756 inobedieutiam

2106 1779 2466 1849 legislutorem
2491 1797 2547 1840 et
2571 1786 2739 1843 Deum
2762 1789 3005 1857 offendit,
3059 1802 3115 1847 et
3132 1792 3223 1863 qui
3254 1792 3402 1849 illum
3451 1801 3509 1848 ut
3535 1802 3679 1848 esset

433 1855 654 1952 Ἐπειδὴ
684 1858 811 1952 γάρῐ
827 1863 1239 1935 προσκέκρουκε
1261 1867 1350 1922 διά
1375 1871 1476 1948 τῆς
1498 1874 1785 1944 παρακοῆς
1812 1873 1889 1945 τῷ
1916 1855 2003 1929 νο-

2104 1874 2458 1944 produxerat,
2514 1880 2701 1935 statim
2751 1882 2852 1938 sub
2907 1855 3196 1941 maledicto
3248 1886 3370 1952 fuit,
3413 1895 3469 1941 et
3515 1886 3674 1940 morti

422 1947 627 2042 μοθέτῃ
659 1949 756 2042 καὶ
784 1951 903 2042 Θειξι
942 1955 1080 2027 ('55),
1112 1958 1205 2012 καὶ
1231 1964 1627 2031 παρενεγκόντι
1652 1965 1787 2042 προς
1826 1966 2005 2040 ῦπαρ-

418 2037 524 2131 ξιν,
566 2039 841 2113 ἐπάρατος
870 2039 939 2116 ἦν
968 2048 1153 2115 εὐθὺς,
1183 2050 1277 2105 καὶ
1321 2052 1557 2113 θανάτου
1606 2037 1837 2131 κάτοχος
1859 2076 1874 2091 ο
1906 2037 2004 2116 καὶ

419 2130 811 2199 βεσασίλευκεν
845 2136 876 2191 ό
913 2136 1141 2205 θάνατος
1170 2142 1278 2197 ἀπὸ
1323 2145 1494 2217 ’Δδὰμ
1540 2149 1702 2221 μέχρι
1733 2153 1998 2221 Μωσέως,

416 2221 802 2296 ἐκτεινομένης
833 2229 915 2292 εἰς
954 2229 1106 2285 ἅπαν
1138 2234 1202 2287 τὸ
1229 2234 1289 2302 ἐξ
1325 2237 1490 2299 αὑτοῦ
1530 2242 1754 2313 σπέρμα
1793 2262 1853 2298 τε
1906 2247 2002 2305 καὶ

416 2313 597 2409 γένος,
629 2321 731 2390 τῆς
753 2320 853 2374 ἐπὶ
896 2322 1032 2393 τῷδε
1058 2324 1238 2397 δίκης.
1286 2329 1471 2401 Ῥίζης
1498 2334 1609 2407 γάρ
1646 2334 1837 2409 ὥσπερ
1867 2340 2002 2396 ἁνα-

415 2406 617 2474 φύντες
663 2410 936 2484 φθαρτῆς,
971 2416 1205 2488 φθαρτοὶ
1241 2422 1338 2474 καὶ
1382 2406 1585 2493 ἡμεῖς,
1611 2428 1705 2481 καὶ
1745 2406 1859 2493 τοὶς
1904 2431 2002 2485 τοῦ

416 2498 650 2554 θανάτου
717 2502 939 2575 βρόχοις
987 2507 1339 2581 ὲνισχημένοι
1392 2514 1740 2589 διετελοῦμεν
1791 2523 1841 2576 οἱ
1891 2523 2000 2577 δεί-

415 2589 579 2687 λαιοι,
624 2593 845 2666 Ἐπειδὴ
872 2596 929 2651 δὲ
973 2602 1187 2672 χρηστὰ
1228 2605 1361 2674 περὶ
1402 2608 1560 2679 ἡμῶν
1591 2612 1625 2663 ό.
1667 2611 2001 2687 δημιουργὸς

413 2684 707 2754 ἐσκέψατο,
748 2690 844 2742 καὶ
870 2691 1227 2764 ἀνῃρημένης
1254 2698 1353 2769 τῆς
1383 2699 1589 2774 φθορᾶς
1615 2684 2001 2778 ἀναστοιχνειῶ-

416 2792 507 2870 σαι
550 2778 686 2849 πρὸς
734 2780 795 2833 τὸ
832 2782 927 2834 ἀπ’
974 2784 1152 2855 ἀρχῆς
1193 2787 1308 2859 τὴν,
1334 2789 1624 2863 ἀνθρώπου
1659 2796 1823 2865 φύσιν
1868 2800 2001 2870 ὴθέ-

413 2866 546 2938 λησε
572 2885 587 2901 ο
642 2870 802 2941 ῥίζαν
849 2872 1041 2947 ὥσπερ
1078 2878 1213 2947 ἡμῖν
1254 2881 1531 2955 ὲπήνθησε
1566 2886 1847 2960 δευτέραν,

412 2960 755 3055 ἀνεχομένην
785 2966 1110 3055 κρατεῖσθαι
1135 2969 1375 3044 θανάτῳ,
1398 2976 1490 3030 τὸν
1516 2978 1610 3031 ἕνα
1651 2980 1859 3053 Κύριον
1892 2985 1999 3055 Ἰη-

415 3049 544 3102 σοῦν
573 3050 665 3105 τὸν
688 3053 945 3123 Χριστὸν,
975 3058 1245 3123 τουτέστι,
1283 3061 1375 3119 τὸν
1404 3065 1470 3118 ἐκ
1496 3068 1596 3137 τῆς
1625 3049 1814 3133 οὐσίας
1837 3049 1997 3128 αὑτοῦ

412 3141 548 3196 Θεὸν
580 3143 776 3213 Λόγον,
807 3146 931 3201 καθ’
974 3150 1124 3220 ἡμᾶς
1158 3154 1450 3225 γενόμενον
1480 3157 1790 3232 ἄνθρωπον,
1837 3163 1992 3231 γενό-
2022 3205 2047 3235 ί

414 3257 576 3311 μενον
591 3241 656 3295 ὲκ
678 3245 959 3312 γυναικός.
988 3248 1064 3300 Ού
1090 3249 1612 3326 γάρτοι-Θεοφορον
1642 3248 1781 3309 εἶναί
1814 3275 1994 3331 φαμεν

411 3331 701 3405 ἄνθρωπον
745 3336 956 3403 ἁπλῶς,
995 3339 1131 3394 ἀλλά
1176 3343 1499 3416 αὐτόχρημα
1541 3347 1685 3402 κατά
1736 3349 1993 3421 ἀλήθειαν

412 3424 505 3477 τὸν
537 3426 602 3478 ἐκ
649 3425 786 3481 Θεοῦ
830 3430 1005 3499 Λόγον
1047 3431 1292 3505 ἡνῶσθαι
1344 3439 1530 3509 σαρκὶ,
1566 3440 1656 3494 ἵνα
1702 3442 1802 3514 τὴν
1856 3442 2007 3496 ἰδίαν

410 3517 590 3591 ψυχὴν
620 3520 883 3587 τεθεικὼς
918 3524 1059 3596 ὑπὲρ
1087 3526 1268 3595 ἡμῶν,
1294 3529 1552 3596 καὶρδοὺς
1574 3533 1652 3604 τῷ
1686 3534 1903 3606 θανάτῳ
1931 3536 1997 3590 τὺ

412 3610 612 3664 ἑαυτοῦ
648 3611 808 3683 σῶμα
851 3614 922 3667 δι’
948 3616 1097 3688 ἡμᾶς
1128 3619 1509 3690 οἰκονομικῶς,
1577 3618 1698 3679 εἶτα
1746 3629 1998 3698 κρεῖττον

412 3701 547 3755 αὐτὸ
575 3703 676 3775 τῆς
713 3705 923 3777 φθορᾶς
958 3709 1247 3781 ἀποφήνας
1268 3711 1359 3766 διά
1400 3713 1502 3783 τῆς
1534 3714 1600 3769 ὲκ
1628 3720 1839 3787 νεκρῶν
1861 3718 1994 3775 ἀνα-

415 3792 679 3862 στάσεως,
709 3795 1129 3870 πληροφορήσας
1152 3802 1264 3879 [tot
1294 3803 1711 3878 πληροφορὴσῃ]
1743 3807 1993 3879 σύμπαν-

411 3903 511 3951 τας
542 3887 670 3952 τοὺς
698 3891 779 3953 εἰς
808 3890 974 3945 αὐτὸν
1018 3893 1396 3961 πιστεύοντας,
1428 3897 1511 3951 ὅτι
1546 3899 1643 3952 καὶ
1678 3901 1831 3970 ἡμᾶς
1867 3903 1994 3971 ἐγε-

414 3980 520 4047 ρεῖ,
546 3979 640 4033 καὶ
665 3980 925 4051 ἀμείνους
950 3985 1221 4055 ἀποφανεῖ
1246 3987 1356 4042 τῶν
1379 3989 1474 4043 τοῦ
1497 3990 1729 4045 θανάτου
1754 3993 1993 4065 δεσμῶν,

413 4068 511 4121 καὶ
540 4069 641 4139 τῆς
671 4070 878 4144 φθορᾶς
914 4075 1140 4144 ἀρκύων
1179 4077 1335 4147 ὀλίγα
1382 4083 1855 4151 πεφροντικότας,
1878 4086 1995 4139 Ἐν-

410 4156 605 4212 τεῦθεν
631 4155 786 4231 οἶμαι
808 4178 925 4217 που,
948 4165 1043 4218 καὶ
1061 4166 1153 4220 τὸν
1186 4166 1472 4225 θεσπέσιον
1498 4172 1711 4227 Παῦλον
1742 4174 1801 4228 ἐν
1832 4176 1995 4230 παντὶ

414 4250 689 4304 ποιεῖσθαι
730 4252 875 4326 λόγῳ
922 4257 1016 4311 καὶ¹
1047 4258 1306 4331 θαύματι,
1336 4263 1432 4316 τοῦ
1465 4263 1603 4317 Θεοῦ
1650 4268 1744 4323 καὶ
1780 4269 1995 4339 Πατρὸς

417 4342 515 4411 τὴν
540 4346 619 4407 είς
639 4347 787 4417 ἡμᾶς
812 4348 1055 4419 ἀγάπην.
1091 4352 1237 4423 Ἔφη
1275 4355 1384 4427 γάρ
1409 4347 1512 4410 ὧδε
1535 4373 1550 4388 ’
1588 4375 1606 4409 ι
1631 4358 1696 4411 Τί
1722 4355 1816 4413 οὖν
1841 4362 1996 4432 ἐροῦ-

423 4437 695 4527 πρὸς
733 4438 939 4507 ταῦτα;
996 4444 1059 4496 Ei
1103 4446 1132 4498 ό
1180 4444 1314 4510 Θεὸς
1342 4447 1487 4521 ὑπὲρ
1523 4450 1704 4522 ἡμῶν,
1740 4452 1825 4527 τίς
1867 4452 1991 4508 καθ’

2103 1964 2383 2033 subjectus
2414 1981 2516 2025 :et
2560 1974 2807 2044 regnavit
2864 1989 3013 2033 mors
3066 1976 3137 2032 ab
3166 1977 3339 2034 Adam
3390 1992 3564 2049 usque
3607 1980 3674 2033 ad

2103 2056 2285 2116 Mosen
2318 2061 2387 2127 ⁵⁷,
2422 2077 2543 2118 cum
2582 2063 2705 2132 ejus
2751 2066 2998 2123 criminis
3050 2080 3212 2138 paena
3260 2069 3312 2123 in
3362 2070 3672 2125 universum

2100 2166 2174 2206 ett
2207 2152 2297 2209 illo
2324 2167 2510 2210 semen
2535 2170 2599 2212 ac
2618 2170 2789 2227 genus
2814 2159 3204 2218 extenderetur
3233 2178 3247 2215 :
3276 2176 3398 2215 nam
3429 2161 3576 2218 velut
3600 2175 3667 2216 ex

2102 2257 2358 2317 corrupta
2412 2248 2597 2304 radice
2626 2250 2764 2318 nati,
2821 2251 3213 2320 corruptibiles
3243 2252 3345 2323 ipsi
3373 2266 3589 2322 quoque
3613 2261 3674 2307 et

2098 2342 2297 2397 mortis
2350 2341 2565 2411 laqueis
2616 2344 2899 2401 constricti
2956 2345 3407 2416 permanebamus
3466 2345 3669 2401 miseri.

2102 2433 2294 2490 Postea
2329 2448 2467 2490 vero
2506 2450 2667 2505 quam
2724 2439 2792 2493 de
2821 2438 2978 2493 nobis
3006 2438 3095 2493 ille
3146 2437 3396 2494 conditor
3448 2438 3670 2495 meliora

2101 2527 2449 2596 cogitaviget
2480 2529 2831 2597 corruptione
2877 2529 3088 2585 sublata
3128 2531 3386 2597 hominis,
3420 2542 3671 2586 naturam

2102 2617 2401 2674 reformare
2427 2618 2493 2674 ad
2529 2619 2770 2690 priorem
2801 2630 3003 2676 statum
3032 2623 3221 2686 voluit,
3256 2623 3492 2679 radicem
3541 2638 3675 2693 quo-

2101 2708 2390 2763 dammodo
2426 2711 2585 2765 nobis
2616 2710 2840 2767 alteram
2871 2713 3119 2781 protulit,
3144 2729 3263 2782 qua:
3306 2714 3478 2770 teneri
3501 2726 3675 2770 morte

2103 2813 2207 2853 non
2245 2808 2446 2867 posset,
2505 2800 2677 2869 illum,
2707 2802 2949 2873 inquam,
2981 2819 3146 2858 unum
3178 2804 3462 2860 Dominum
3492 2805 3672 2861 Jesutn

2100 2891 2403 2957 Christum,
2432 2893 2537 2947 hoc
2561 2904 2661 2958 est,
2701 2894 2851 2948 illum
2904 2910 2969 2949 ex
3002 2896 3170 2964 ipsius
3214 2896 3449 2951 essentia
3504 2894 3672 2952 Deum

2099 2979 2340 3035 Verbum
2401 2982 2468 3035 ad
2504 2992 2747 3037 nostram
2796 2982 3203 3039 similitudinem
3250 2984 3452 3041 factum
3498 2985 3676 3040 homi-

2099 3086 2248 3135 nem,
2279 3072 2487 3127 factum
2530 3087 2599 3129 ex
2658 3073 2885 3130 muliere
2905 3075 2971 3130 ⁸³.
3002 3074 3189 3147 Neque
3221 3076 3364 3131 enim
3402 3075 3673 3133 Deil'erum

2098 3177 2221 3217 esse
2246 3162 2520 3218 hominem
2557 3165 2867 3234 promiscue
2905 3165 3164 3232 dicimus,
3194 3168 3288 3223 sed
3328 3166 3457 3222 illud
3500 3167 3673 3238 ipsum

2096 3257 2394 3310 secundum
2453 3258 2741 3312 veritatem
2787 3273 2853 3312 ex
2907 3259 3017 3312 Deo
3074 3257 3304 3314 Verbum
3338 3261 3491 3315 carni
3551 3263 3679 3315 uni:

2098 3356 2208 3401 tum
2237 3347 2427 3413 fuisse,
2456 3356 2513 3403 ut
2544 3348 2767 3418 propria
2785 3349 2967 3403 anima
2987 3363 3086 3417 pro
3113 3349 3267 3404 nobis
3292 3350 3486 3420 posita,
3503 3361 3558 3406 et
3579 3367 3677 3406 suo

2095 3454 2325 3509 corpore
2387 3441 2597 3496 ratione
2650 3440 3044 3510 diSpensatoria
3095 3442 3257 3498 morti
3304 3454 3526 3513 propter
3578 3460 3678 3499 nos

2101 3530 2255 3604 121
2280 3528 2462 3584 oblato
2490 3547 2505 3597 ;
2540 3529 2739 3585 deinde
2787 3546 2884 3598 pcr
2940 3530 3395 3588 resurrectionem
3425 3549 3493 3588 ex
3524 3549 3672 3588 more

2094 3622 2205 3676 tuis
2239 3621 2449 3677 victore
2479 3624 2843 3689 corruptionis
2872 3622 3361 3686 eﬂ‘ecto,omnibus
3393 3627 3446 3680 in
3478 3642 3539 3680 se
3561 3641 3676 3681 cre-

2096 3714 2350 3771 dentibus
2388 3715 2547 3770 ﬁdem
2590 3715 2819 3781 faceret,
2873 3715 2989 3770 fore
3021 3727 3079 3769 ut
3107 3732 3205 3771 nos
3239 3717 3402 3772 etiam
3455 3718 3673 3778 excitet.

2096 3820 2161 3862 ac
2192 3807 2385 3862 mortis
2420 3807 2651 3861 vinculis
2682 3807 2871 3863 reddat
2900 3806 3175 3875 fortiores,
3210 3815 3265 3861 et
3312 3807 3673 3877 corruptionis

2097 3900 2234 3953 retia
2271 3899 2739 3970 parvipendentes.
2773 3897 2884 3958 Hac
2907 3900 2978 3955 de
3002 3914 3169 3955 causa
3205 3899 3419 3955 beatum
3457 3913 3672 3971 quoque

2095 3989 2322 4045 Paulum
2352 4000 2483 4061 puto
2513 3991 2728 4061 plurimi
2750 3992 2944 4047 fecisse
2981 4000 3039 4047 et
3075 3991 3313 4048 maxime
3341 3993 3667 4048 admiratum

2095 4082 2267 4139 fuisse
2292 4082 2387 4137 Dei
2411 4094 2466 4138 et
2492 4082 2673 4139 Patris
2711 4085 2762 4137 in
2798 4099 2896 4139 nos
2945 4084 3291 4139 charitatem.
3341 4082 3487 4138 Dixit
3524 4085 3667 4138 enim

2097 4175 2201 4231 hoc
2231 4179 2432 4231 modo:
2464 4193 2484 4227 ι
2522 4174 2660 4242 Quid
2691 4191 2824 4246 ergo
2859 4176 3099 4231 dicemus
3136 4176 3203 4230 ad
3239 4175 3352 4230 haec
3381 4175 3406 4230 i
3442 4173 3499 4230 Si
3533 4173 3672 4231 Deus

2097 4281 2195 4339 pro
2242 4267 2418 4335 nobis,
2468 4268 2591 4338 quis
2642 4276 2831 4323 contra
2866 4283 2963 4321 nos
2995 4266 3020 4321 Υ
3051 4266 3144 4337 qui
3171 4267 3389 4337 proprio
3414 4265 3552 4321 Filio
3573 4282 3671 4322 suo

2098 4374 2205 4414 non
2234 4358 2498 4430 pepercit,
2530 4359 2624 4414 sed
2654 4374 2750 4429 pro
2770 4359 2925 4415 nobis
2949 4358 3199 4413 omnibus
3226 4357 3447 4413 tradidit
3470 4358 3668 4428 ipsum,

2098 4452 2369 4520 quomodo
2400 4466 2506 4505 non
2533 4451 2696 4506 etiam
2732 4465 2854 4505 cum
2901 4450 3017 4520 ipso
3071 4450 3250 4504 omnia
3296 4449 3451 4505 nobis
3500 4450 3669 4505 dona-

420 4526 612 4595 ἡμῶν;
639 4529 699 4593 ὅς
727 4547 789 4599 γε
822 4532 918 4585 τοῦ
950 4535 1082 4588 ἰδίου
1113 4537 1241 4591 Υίοῦ
1277 4540 1377 4593 οὐκ
1410 4541 1686 4610 ἐφείσατο,
1711 4526 1825 4597 ἀλλ’
1856 4545 1999 4616 ὑπὲρ

2102 4544 2182 4600 bit
2211 4545 2258 4576 ³⁸
2283 4544 2307 4597 ?
2343 4563 2369 4597 ιη
2397 4542 2657 4611 Quamvis
2690 4543 2837 4597 enim
2868 4540 3250 4612 quamplurimi
3280 4541 3526 4596 homines
3555 4556 3672 4610 gra-

419 4616 579 4686 ήμῶν
618 4619 843 4677 πάντων
889 4626 1206 4695 παρέδωκεν
1235 4631 1417 4697 αὐτὸν,
1454 4634 1570 4696 πῶς
1610 4634 1732 4706 οὐχὶ
1772 4635 1869 4689 καὶ
1893 4637 1992 4689 σὺν

2102 4636 2172 4690 tia
2222 4644 2278 4690 et
2328 4637 2614 4705 adoptione
2653 4636 2823 4690 simus
2849 4632 2941 4686 lilii
2970 4632 3183 4703 (vocati
3216 4645 3447 4700 namque
3484 4643 3671 4685 sumus

416 4707 658 4779 αὐτῴτά
690 4713 873 4769 πάντα
922 4718 1054 4788 ἡμῖν
1096 4721 1418 4793 χαρίσεται;
1460 4742 1479 4774 ι
1512 4726 1706 4780 Καίτοι
1752 4727 1997 4782 πλεῖστοι

2102 4727 2207 4791 dii,
2228 4735 2283 4781 et
2326 4726 2421 4782 ﬁlii
2451 4726 2664 4782 Excelsi
2709 4742 2898 4782 omnes
2923 4724 3025 4794 ³⁸),
3062 4738 3202 4779 unus
3234 4731 3411 4777 tamen
3442 4731 3498 4777 et
3523 4722 3669 4777 solus

422 4801 523 4891 μέν
550 4802 685 4870 ὅσοι,
713 4806 899 4877 χάριτί
926 4826 985 4869 τε
1016 4812 1110 4864 καὶ
1148 4813 1287 4868 κατὰ
1317 4814 1465 4869 θέσιν
1494 4816 1616 4870 Υίοί
1634 4835 1649 4848 ·
1677 4818 1996 4891 κεκλήμεθα

2102 4818 2189 4874 ille
2214 4828 2300 4874 est
2330 4820 2626 4874 secundum
2674 4827 2949 4881 naturam,
3004 4814 3226 4885 ejusque
3277 4814 3547 4885 proprius,
3582 4812 3671 4868 ille

419 4890 527 4961 γὰρ
556 4890 689 4957 θεοὶ,
733 4897 831 4949 καὶ
867 4899 974 4952 υἱοὶ
1015 4900 1270 4970 Ὑψίστου
1306 4903 1534 4969 πάντεςο
1567 4900 1649 4969 εἷς
1685 4906 1741 4960 δὲ
1771 4890 1866 4962 και
1894 4908 1992 4978 μό-

2102 4908 2351 4963 nimirum
2387 4923 2455 4963 ex
2490 4907 2605 4977 ipso
2639 4905 2782 4962 Deus
2818 4904 3079 4971 Verbum,
3134 4918 3199 4957 eo
3260 4917 3473 4977 quoque
3534 4913 3671 4956 tent—

418 5000 509 5047 νος
553 4988 581 5038 ό
628 4988 771 5042 κατὰ
822 4989 986 5059 φύσιν
1016 4995 1110 5049 καὶ
1145 4995 1273 5059 ἴδιος
1312 4997 1503 5064 αὑτοῦ,
1544 4999 1842 5065 τουτέστιν,
1877 5003 1905 5053 ὁ
1934 5002 1992 5067 ἐξ

2102 5014 2229 5070 pore
2253 5015 2375 5056 cum
2400 4998 2576 5055 factus
2604 5008 2687 5056 est
2715 5013 2864 5055 caro.
2904 4998 2996 5054 Sic
3033 5012 3265 5073 namque
3296 4994 3666 5065 ipsumetiatn

492 5140 536 5171 "
573 5138 806 5210 Philipp.
847 5158 925 5205 ιι,,
945 5145 997 5199 7.

456 5146 536 5265 ἐξ
558 5146 806 5266 ιιὲξίξῐρξ.
945 5146 997 5199 7.
1075 5146 1315 5204 "Hebr.
1348 5166 1410 5217 ιι,
1448 5150 1536 5206 ιι.
1598 5153 1640 5184 ³⁷
1672 5151 1831 5207 Rom.
1868 5168 1921 5221 ν,
1956 5154 2003 5207 li

2121 5155 2167 5186 “
2196 5155 2370 5210 Galat.
2402 5173 2473 5221 tv,
2501 5154 2555 5208 4.
2634 5154 2679 5185 ⁸⁸
2716 5154 2874 5210 Rom.
2898 5168 3018 5220 νιιι,
3059 5152 3149 5206 3|.
3226 5150 3273 5184 ⁸⁸
3294 5150 3439 5208 Psal.
3478 5166 3668 5219 LXXXI,

516 5227 717 5275 ;Joan.
757 5228 813 5281 κ,
853 5227 942 5271 04,

1676 5371 1767 5427 AN
1774 5372 1835 5428 T.
1876 5371 2151 5430 AGELLII
2187 5373 2419 5430 NOTAE.

492 5524 605 5605 (33.)
636 5524 708 5578 De
753 5533 993 5605 peccato
1034 5525 1260 5605 originis
1304 5526 1375 5605 ita
1428 5537 1615 5605 aperte
1658 5528 1895 5593 disserit,
1927 5542 1986 5605 ut
2093 5534 2176 5589 liis
2213 5551 2331 5603 qum
2376 5543 2561 5589 contra
2616 5533 2816 5604 Pelagii
2864 5535 3147 5605 opiniones
3196 5544 3460 5605 pugnant,
3500 5544 3557 5591 et
3610 5552 3683 5589 in,»

423 5596 539 5676 fere
563 5595 919 5676 Augustinum
946 5595 1123 5676 legere
1156 5597 1410 5676 videaris.
1441 5595 1531 5667 qui
1569 5596 1871 5676 ejusaetate
1902 5601 1983 5655 vi-
2093 5595 2440 5672 processione
2479 5606 2710 5674 Spiritus
2745 5595 2961 5676 fsancii,
3001 5620 3163 5675 quem
3198 5595 3237 5659 ἐι
3272 5595 3409 5662 Filio
3445 5595 3664 5676 quoque

423 5670 498 5721 xit
522 5668 733 5746 ;_idque
762 5680 868 5746 non
896 5666 1066 5746 solum
1099 5667 1151 5746 i_n
1194 5667 1305 5746 hoc
1326 5666 1575 5732 dogmate
1608 5668 1791 5724 videre
1834 5669 1981 5746 licet,
2093 5666 2384 5742 procedere
2414 5666 2611 5733 asserit
2643 5685 2699 5730 ut
2734 5666 3084 5746 Augustinus,
3114 5685 3183 5739 (ut.
3205 5666 3483 5743 superiore
3524 5666 3679 5733 ιιιίτο,

425 5736 713 5789 inaximani
762 5735 909 5809 inter
933 5735 1070 5809 duos
1118 5737 1239 5809 hos~
1269 5735 1458 5809 Patres
1507 5753 1627 5792 esse
1669 5740 1986 5809 consensio-
2093 5735 2399 5809 disseruit,

426 5822 571 5873 nent,
602 5819 784 5859 verum
841 5804 1000 5862 ctiam
1034 5807 1092 5863 in
1132 5807 1316 5864 multis
1342 5807 1487 5877 aliis,
1513 5824 1576 5864 ac
1622 5808 1892 5883 praecipue
1928 5811 2005 5869 int
