4104 6336
428 386 524 440 2H

1411 378 1468 433 S.
1509 374 1779 433 CYBILLI
1821 373 2287 431 ALEXANDRINI
2329 381 2647 440 ARCHIEP.

3562 370 3666 424 91-3

431 520 528 573 pro
578 502 827 559 omnibus
857 501 1040 557 datum
1085 502 1341 564 dicimus,
1387 508 1450 553 ut
1503 501 1616 569 ipse
1667 498 1825 568 plane
1866 496 1986 550 ait:

2113 502 2260 555 ιὺτοῦ
2292 503 2424 567 Θεὸς
2466 506 2658 572 Λόγος,
2696 504 2789 555 καί
2820 502 2909 555 ὅτε
2952 500 3144 567 γέγονε
3176 494 3330 565 σάρξ·
3370 490 3525 544 Οὕτω
3556 490 3666 558 γὰρ

436 614 455 645 ε
490 594 579 647 Sic
608 594 747 648 Deus
778 594 965 648 dilexit
992 593 1271 656 mundum,
1302 599 1364 645 ut
1387 590 1581 645 Filium
1611 604 1765 645 suum
1802 590 1991 655 unige-

431 687 602 738 nitum
654 686 828 748 daret,
871 694 927 738 ut
977 685 1154 739 omnis
1188 685 1278 753 qui
1328 683 1503 738 credit
1546 683 1598 736 in
1642 681 1839 750 ipsum,
1886 694 1992 734 non

432 786 639 843 pereat,
680 776 772 829 sed
814 774 1009 829 habeat
1042 776 1206 829 vitam
1233 784 1488 828 aeternam
1516 774 1579 827 ³³.
1612 790 1632 825 a
1676 772 1997 841 Unigenitus

433 877 514 920 est
553 864 679 935 ergo
711 868 803 921 ille
831 870 987 922 datus
1023 886 1035 920 :
1068 883 1189 921 nam
1224 866 1396 922 solum
1426 876 1509 921 est
1548 882 1612 919 ex
1664 864 1757 919 Dei
1792 862 1997 917 Patris-

434 972 539 1026 que
568 967 747 1010 natum
796 958 1031 1013 essentia
1064 957 1192 1011 illud
1226 972 1289 1011 ex
1319 974 1383 1011 eo
1420 967 1473 1011 et
1522 957 1573 1010 in
1623 970 1691 1011 eo
1734 956 1995 1010 Verbum.

437 1048 543 1102 Sed
576 1050 696 1117 quia
738 1049 936 1103 factum
988 1058 1071 1104 est
1113 1051 1295 1113 homo,
1347 1065 1409 1104 ea
1463 1049 1538 1104 de-
1586 1063 1747 1102 causa
1793 1047 1847 1101 in
1876 1060 1997 1101 eum

437 1141 731 1201 credimus,
755 1141 898 1195 illius
923 1143 1216 1196 secundum
1268 1157 1487 1196 carnem
1535 1140 1738 1193 obitam
1770 1148 1998 1192 mortem

437 1232 849 1295 annuntiautes,
870 1242 925 1286 et
961 1233 1116 1287 simul
1153 1234 1602 1287 resurrectionem
1630 1232 1949 1286 conﬁtentes
1982 1248 1999 1297 ;

438 1324 684 1377 eumdem
733 1323 966 1378 scientes
997 1334 1048 1377 et
1097 1333 1223 1377 ante
1271 1325 1467 1379 sarcula
1498 1322 2002 1389 Filium,etextre-

438 1414 542 1468 mis
572 1415 905 1482 temporibus
940 1415 1333 1484 dispensatoris
1368 1415 1659 1479 hominem,
1679 1427 2005 1484 passumque

440 1515 657 1574 pr0pter
682 1521 781 1560 nos
819 1516 1042 1560 mortem
1077 1522 1259 1573 carne,
1287 1518 1343 1561 et
1372 1509 1663 1561 excitatura
1692 1521 1719 1559 a
1751 1506 2001 1562 mortuis.

442 1595 548 1652 Sed
597 1598 1069 1667 nescioquomodo
1101 1600 1189 1654 hic
1222 1598 1529 1654 Judaaorum
1559 1599 1800 1653 stultitia:
1825 1608 2005 1668 patro-

441 1704 544 1743 nus
572 1691 773 1746 nostris
812 1691 992 1747 verbis
1035 1692 1381 1763 indignatur;
1418 1707 1545 1747 nam
1579 1706 1791 1747 rursum
1832 1690 2003 1744 dixit:

512 1954 747 2011 Nssroa.
779 1956 953 2028 [Quod
990 1959 1042 2012 in
1092 1958 1372 2014 nativitate
1412 1972 1477 2012 ex
1508 1956 1706 2012 Christi
1747 1956 2010 2025 genitrice

444 2042 665 2113 Virgine
695 2047 877 2101 divina
908 2048 1188 2116 Scriptura
1216 2058 1383 2118 ponat
1413 2047 1536 2101 Filii
1577 2061 1794 2111 nomen,
1825 2045 2008 2101 decla-

445 2136 700 2191 ravimus.
729 2138 867 2191 Audi
892 2137 1026 2207 jam,
1061 2139 1185 2193 etin
1228 2149 1423 2205 morte,
1464 2138 1633 2193 sicubi
1670 2138 1882 2192 tandem
1919 2136 2011 2191 Dei

446 2240 640 2279 nomen
665 2235 746 2280 est
770 2226 1023 2294 positum,
1053 2236 1111 2281 ut
1136 2228 1442 2296 passibilem
1466 2227 1629 2282 Deum
1654 2227 1970 2281 inducamus
1996 2243 2010 2279 :

451 2334 471 2366 ι
507 2315 638 2371 Cum
680 2316 883 2370 inimici
912 2332 1174 2383 essemus,
1220 2318 1411 2388 inquit,
1452 2317 1785 2372 reconciliati
1826 2332 2014 2373 sumus

448 2406 558 2460 Deo
584 2422 681 2475 per
708 2416 935 2461 mortem
960 2408 1082 2463 Filii
1106 2409 1221 2479 ejus
1242 2411 1305 2462 ³².
1347 2430 1365 2462 a
1403 2409 1518 2465 Non
1561 2411 1714 2476 dixit,
1748 2426 1845 2481 per
1871 2426 2015 2467 mor-

450 2507 554 2555 tem
585 2496 680 2553 Dei
709 2498 917 2569 Verbi.]
1448 2516 1451 2519 ·

1113 2642 1264 2699 CAP.
1306 2642 1348 2697 Ι.

520 2750 718 2805 Verum
745 2767 877 2808 sane
912 2752 1169 2823 scriptum
1206 2754 1338 2809 illud
1365 2762 1485 2809 est:
1519 2772 1538 2805 ι
1579 2753 1765 2809 Justus
1795 2754 1935 2823 perit
1962 2754 2014 2808 in

444 2841 651 2911 iustitia
678 2858 774 2898 sua
797 2844 861 2897 ³³.
901 2862 919 2895 a
958 2843 1090 2897 Nam
1120 2844 1281 2897 etiam
1316 2846 1531 2899 tirmum
1560 2845 1879 2913 quandoque
1909 2844 2019 2898 ani-

449 2949 621 2999 mum,
657 2935 724 2988 ab
758 2949 822 2989 eo
849 2938 991 3003 quod
1019 2950 1229 3003 aequum
1264 2944 1367 3000 est,
1400 2935 1595 2989 avertit
1630 2936 1793 2991 homo
1826 2936 1889 2989 ad
1921 2949 2018 2989 uo—

449 3029 675 3084 cendum
696 3029 1026 3097 compositus
1040 3028 1307 3097 (54),cum
1327 3026 1572 3082 utilitatis
1592 3028 1822 3097 speciem
1842 3027 2018 3081 laten—

452 3131 534 3175 ter
563 3121 757 3175 induit.
794 3120 955 3174 Putat
996 3121 1139 3174 enim
1176 3121 1319 3174 haud
1362 3120 1707 3175 mediocriter
1747 3135 1806 3174 se
1849 3120 2019 3190 pieta-

449 3222 559 3271 tem
600 3212 794 3278 colere,
832 3213 955 3266 dum
988 3212 1039 3267 id
1072 3212 1394 3267 conﬁrmare
1423 3212 1614 3265 nititur
1642 3212 1783 3280 quod
1829 3226 2017 3265 omnes

451 3308 776 3361 conﬁtentur
811 3323 824 3358 :
852 3314 907 3360 et
937 3306 1039 3359 hac
1070 3306 1136 3358 de
1167 3319 1328 3357 causa
1357 3302 1488 3357 dicit
1517 3301 1664 3356 illum
1689 3315 1755 3355 ex
1781 3302 1888 3355 Deo
1918 3302 2017 3355 Pa-

452 3410 535 3453 tre
586 3397 783 3451 Filium
847 3412 913 3451 ex
966 3406 1154 3455 natura
1216 3410 1313 3450 sua
1374 3395 1532 3463 longe
1590 3408 1620 3447 ιι
1677 3392 2021 3462 passionibus

451 3493 661 3556 abesse,
700 3490 855 3559 122
881 3499 934 3544 et
964 3490 1159 3545 tentari
1192 3498 1364 3543 morte
1392 3498 1450 3541 ut
1481 3488 1645 3543 Deum
1678 3486 1826 3541 nullo
1858 3487 2019 3541 modo

452 3600 635 3654 posse,
662 3599 785 3637 nam
815 3585 929 3652 ipsa
954 3583 1062 3636 vita
1094 3584 1279 3651 utique
1306 3582 1487 3650 aliquo
1515 3581 1673 3636 modo
1701 3589 2017 3634 moreretur.

456 3677 561 3731 Sed
602 3686 863 3746 repugnat
895 3685 1070 3730 tamen
1099 3675 1259 3730 etiam
1289 3689 1428 3728 nunc
1454 3673 1706 3727 Ecclesia:
1736 3672 2019 3741 dogmatis,

454 3769 598 3822 illam
629 3767 901 3835 Unigeniti
944 3781 1062 3819 cum
1100 3780 1266 3820 carne
1298 3765 1754 3834 dispensationem
1800 3764 2023 3821 omnino

455 3869 830 3923 contemnens,
866 3868 919 3912 et
949 3858 1081 3911 tanti
1132 3858 1376 3928 mysterii
1424 3856 1839 3926 profunditatem
1874 3854 2023 3908 nullo

456 3948 614 4001 modo
644 3948 1014 4001 considerans.
1058 3946 1219 4002 Certe
1262 3946 1305 4000 si
1352 3945 1436 3999 vel
1469 3944 1569 4014 ipsi
1613 3944 2025 4013 exquireremus

454 4038 757 4108 qualisnam
798 4040 868 4092 sit
897 4038 986 4091 illa
1028 4034 1188 4093 Verbi
1235 4048 1448 4104 natura,
1481 4038 1563 4089 vel
1594 4038 1637 4089 si
1679 4026 1802 4089 aliis
1832 4050 2024 4105 rogan-

457 4130 599 4181 tibus
644 4144 707 4181 ac
761 4127 973 4182 discere
1032 4126 1370 4195 cupientibus
1418 4139 1834 4194 exponeremus,
1882 4133 2027 4179 esset

456 4217 640 4287 procul
706 4216 865 4270 dubio
934 4232 1270 4286 consequens
1334 4232 1399 4271 ac
1452 4216 1865 4278 necessarium,
1932 4231 2029 4284 per

456 4322 645 4362 omnes
684 4308 958 4374 sapientes
992 4323 1256 4377 verasque
1293 4306 1591 4362 sententias
1628 4306 1870 4361 studiose
1903 4321 2027 4375 per-

457 4399 743 4459 currendo,
782 4398 985 4451 nullum
1017 4414 1136 4453 esse
1162 4399 1318 4453 morti
1346 4398 1411 4451 ad
1448 4396 1593 4452 illam
1622 4412 1896 4451 accessum
1922 4438 1947 4462 ,ν
1971 4407 2028 4451 et

2094 592 2257 644 αὑτὸν
2296 594 2392 645 καὶ
2434 594 2573 664 ὑπὲρ
2607 595 2824 646 πάντων
2849 588 3091 644 δεδόσθαι
3145 584 3349 655 φαμὲν,
3384 580 3530 635 καθά
3572 578 3667 631 καὶ

2096 685 2258 748 αὑτός
2290 686 2392 738 πού
2423 702 2585 755 φησιν
2610 701 2623 714 ·
2661 702 2680 735 ι
2716 683 2871 736 Οὕτω
2900 681 3007 751 γὰρ
3036 677 3323 749 ἠγάπησεν
3356 676 3384 726 6
3417 672 3549 734 Θεὸς
3576 669 3667 723 τὸν

2098 779 2321 847 κόσμον,
2354 778 2494 831 ὥστε
2536 777 2627 830 τὸν
2658 776 2785 829 Υἱὸν
2825 772 2990 828 αὑτοῦ
3025 772 3116 825 τὸν
3155 769 3413 839 μονογενῆ
3445 764 3665 824 ἔδωκεν,

2099 869 2185 921 ἵνα
2218 871 2324 933 πᾶς
2353 871 2381 922 6
2413 867 2680 921 πιστεύων
2707 868 2786 929 εἰς
2815 865 2975 918 αὑτὸν
3007 864 3082 933 μὴ
3111 860 3398 929 ἀπόληται,
3431 855 3544 909 ἀλλ’
3570 854 3669 925 ἔχῃ

2101 959 2245 1029 ζωὴν
2278 958 2514 1013 αἰώνιον.
2556 978 2574 1011 a
2613 956 2924 1026 Μονογενὴς
2956 953 3053 1025 μὲν
3074 948 3166 1005 οὖν
3194 954 3222 1005 ό
3257 949 3433 1012 δοθείς
3453 964 3467 979 ’
3495 946 3668 1013 ἀνέφυ

2101 1052 2209 1122 γὰρ
2244 1052 2403 1122 μόνος
2436 1055 2500 1105 ἐκ
2543 1052 2642 1121 τῆς
2668 1050 2759 1103 τοῦ
2792 1049 2927 1102 Θεοῦ
2965 1048 3059 1099 καὶ
3085 1044 3298 1114 Πατρὸς
3333 1041 3520 1104 οὐσίας
3553 1040 3582 1092 6
3611 1038 3671 1103 ἐξ

2100 1143 2263 1196 αὑτοῦ
2292 1160 2350 1195 τε
2381 1143 2475 1195 καὶ
2502 1143 2560 1194 ἐν
2589 1139 2738 1210 αύτῷ
2774 1140 2963 1209 Λόγος.
3007 1135 3227 1205 Ἐπειδὴ
3249 1134 3307 1187 δὲ
3335 1132 3560 1200 γέγονεν
3581 1129 3674 1183 άν-

2104 1235 2342 1306 θρωπος,
2366 1234 2540 1306 ταύτῃ
2567 1251 2647 1287 τοι
2675 1231 2781 1302 τὴν
2812 1234 2893 1294 είς
2928 1229 3091 1283 αὐτὸν
3124 1224 3426 1295 ποιούμεθα
3468 1223 3671 1286 πίστιν,

2102 1327 2195 1381 τὸν
2229 1326 2371 1379 κατά
2402 1325 2578 1397 σάρκα
2611 1324 2839 1378 θάνατον
2868 1320 3031 1376 αὑτοῦ
3069 1316 3550 1385 καταγγέλλοντες,
3581 1313 3676 1365 καὶ

2105 1416 2490 1489 ὁμολογοῦντες
2534 1414 2631 1485 τὴν
2665 1416 2962 1469 ἀνάστασιν
2983 1429 2999 1440 ·
3027 1410 3116 1464 τὸν
3153 1408 3313 1463 αὐτὸν
3352 1406 3553 1468 εἰδότες
3582 1402 3675 1456 καὶ

2105 1507 2433 1579 προαιώνιον
2466 1506 2615 1569 Υίὸν,
2645 1506 2739 1559 καὶ
2770 1507 2828 1557 ἐν
2871 1505 3121 1573 ἐσχάτοις
3153 1500 3363 1570 καιροῖς
3389 1495 3675 1566 ἄνθρωπον

2106 1599 2486 1670 οἰκονομικῶς,
2529 1598 2769 1652 παθόντα
2812 1613 2872 1649 τε
2914 1595 3077 1666 σαρκὶ
3121 1593 3187 1646 δι’
3216 1592 3363 1661 ἡμᾶς
3393 1588 3484 1642 τὸν
3511 1587 3677 1641 θάνα-

2106 1708 2217 1756 τον,
2250 1692 2345 1744 καὶ
2365 1689 2732 1760 ἐγηγερμένον
2758 1691 2822 1741 ἐκ
2842 1687 3069 1756 νεκρῶν.
3109 1683 3250 1736 Ἀλλ’
3284 1684 3384 1735 οὐκ
3410 1675 3505 1733 οἷδ’
3530 1680 3678 1741 ὅπως

2109 1788 2221 1847 τοῖς
2254 1786 2383 1856 παρ’
2418 1784 2573 1855 ἡμῶν
2618 1781 2946 1852 ἐπασχάλλει
2975 1779 3156 1847 λόγοις
3193 1780 3222 1829 ό
3266 1778 3365 1846 τῆς
3406 1772 3679 1827 Ἰουδαίων

2111 1876 2354 1947 ἀμαθίας
2383 1876 2679 1946 συνήγορος
2700 1890 2713 1905 ·
2745 1872 2851 1942 ἔφη
2888 1870 2997 1940 γάρ
3026 1869 3187 1923 πάλιν
3208 1884 3224 1898 ο

2183 1968 2328 2041 [Ὅτι
2369 1968 2465 2038 μὲν
2490 1962 2583 2021 οὖν
2606 1966 2699 2019 ἐπὶ
2728 1966 2830 2033 τῆς
2870 1963 3173 2032 γεννήσεως
3196 1959 3297 2028 τῆς
3328 1958 3392 2010 ἐκ
3421 1955 3523 2023 τῆς
3545 1954 3682 2024 Χρι-

2113 2060 2367 2113 στοτόκου
2413 2058 2685 2130 Παρθένου
2712 2055 2895 2126 τίθησι
2936 2053 3017 2118 τὸ,
3051 2052 3203 2115 Υἱός,
3237 2052 3270 2120 ή
3303 2048 3424 2103 θεία
3468 2045 3679 2117 Γραφὴ.

2111 2152 2512 2224 δεδηλώκαμεν.
2547 2150 2812 2203 ’Ἄκουσον
2855 2146 2912 2199 δὲ
2946 2145 3041 2198 καὶ
3088 2142 3181 2196 ἐπὶ
3206 2138 3300 2193 τοῦ
3340 2137 3591 2200 θανάτου,
3633 2136 3681 2187 εἰ

2112 2246 2230 2299 ἔστι
2273 2242 2403 2297 ποτὲ
2439 2241 2689 2311 κείμενος
2733 2239 2762 2291 6
2794 2237 2945 2301 Θεός,
2990 2234 3077 2287 ἴνα
3127 2230 3367 2300 παθητὸν
3410 2229 3502 2282 τὸν
3550 2226 3685 2279 Θεὸν

2114 2335 2529 2403 εἰσαγάγωμενο
2564 2348 2583 2382 t
2633 2328 2873 2400 Ἐχθροί,
2907 2326 3072 2396 φησὶν
3092 2365 3107 2388 ,
3153 2323 3303 2384 ὄντες
3342 2316 3685 2390 κατηλλάγη·

2118 2442 2218 2495 μεν
2243 2423 2320 2494 τῷ
2344 2422 2461 2493 Θεῷ
2486 2419 2573 2474 διὰ
2596 2418 2694 2472 τοῦ
2728 2417 2957 2471 θανάτου
2987 2412 3083 2467 τοῦ
3114 2409 3246 2465 Υίοῦ
3280 2407 3467 2464 αὐτοῦ.
3514 2427 3533 2459 ι
3572 2405 3689 2459 Οὐκ

2116 2515 2259 2582 εἷπε,
2284 2515 2374 2569 διὰ
2397 2513 2490 2568 τοῦ
2526 2512 2754 2567 θανάτου
2780 2507 2877 2563 τοῦ
2902 2506 3038 2560 Θεοῦ
3072 2501 3301 2574 Λόγου.]

2710 2647 2960 2700 ΚΕΦΑΛ.
3003 2645 3083 2697 A'.

2201 2767 2424 2837 Ἀληθές
2456 2766 2535 2819 δτι
2562 2762 2704 2818 κατά
2730 2761 2791 2814 τὸ
2823 2755 3211 2831 γεγραμμένον
3236 2751 3379 2806 ἐστίν
3414 2770 3433 2802 ι
3473 2749 3690 2809 Δίκαιος

2118 2860 2491 2929 ἀπολλύμενος
2537 2859 2594 2909 ὲν
2642 2853 2834 2923 δικαίῳ
2881 2847 3069 2905 αὑτοῦ.
3108 2867 3127 2901 a
3169 2843 3460 2915 Ἀποφέρει
3508 2842 3565 2895 δέ
3595 2839 3688 2894 τοῦ

2118 2954 2346 3017 εἰκότος,
2378 2951 2473 3003 καὶ
2498 2949 2588 3002 τὸν
2629 2943 2689 3001 εὖ
2731 2944 3003 3016 βεῦηκότα
3050 2940 3193 3002 νοῦν,
3221 2938 3319 3008 τὴν
3360 2935 3452 2989 τοῦ
3487 2931 3691 3002 συμφέ-

2121 3061 2304 3117 ροντος
2338 3042 2556 3112 δόκησιν
2583 3037 2893 3109 ὑποτρέχων
2931 3033 3041 3087 ἐσθ’
3066 3034 3175 3093 ὅτε,
3208 3031 3268 3084 τὸ
3294 3027 3539 3097 πεφυκὸς
3572 3024 3689 3078 ἀδιο

2121 3138 2257 3190 κεῖν.
2291 3134 2476 3186 Οἴεται
2509 3131 2606 3201 μὲν
2635 3128 2743 3199 γὰρ
2771 3128 2831 3179 οὐ
2873 3124 3110 3197 μετρίως
3141 3121 3401 3183 εὐσεϐεῖν,
3435 3117 3497 3170 τὸ
3527 3117 3692 3169 πᾶσιν

2121 3223 2550 3297 ὁμολογούμενον
2571 3220 2859 3293 κρατύνειν
2881 3214 3191 3287 ἐπιχειρῶν·
3210 3212 3383 3281 ταύτῃ
3395 3226 3479 3264 τοι
3494 3208 3690 3275 λέγων,

2120 3318 2199 3370 ὅτι
2227 3316 2369 3369 κατὰ
2418 3313 2580 3383 φύσιν
2631 3311 2764 3365 ἰδίαν
2795 3307 3052 3362 ἐπέκεινά
3081 3306 3141 3359 τέ
3184 3308 3302 3358 ἐστι
3359 3300 3571 3361 παθῶν,
3600 3298 3695 3351 καὶ

2121 3408 2352 3462 θανάτου
2382 3406 2649 3476 κρείττων
2676 3403 2748 3466 ὡς
2778 3402 2910 3464 Θεὸς
2938 3403 2965 3454 6
2998 3401 3062 3453 ἐκ
3090 3396 3222 3451 Θεοῦ
3262 3395 3473 3464 [ἰατρὸς
3500 3392 3690 3458 Λόγος

2119 3498 2339 3569 τεθναίη
2366 3499 2474 3567 γὰρ
2498 3496 2562 3549 ἂν
2588 3494 2731 3547 κατά
2758 3511 2879 3546 τινα
2902 3492 3103 3563 τρόπον
3127 3492 3159 3559 ὴ
3193 3487 3305 3557 ζωή
3329 3505 3343 3518 ’
3369 3481 3694 3556 προσκρούει

2123 3607 2187 3658 γε
2219 3588 2322 3660 μὴν
2344 3588 2498 3641 οὐδὲν
2527 3582 2690 3657 ἦττον
2720 3585 2813 3638 καλ⁸
2856 3582 2949 3636 νῦν
2978 3585 3089 3645 τοῖς
3130 3582 3229 3651 τῆς
3264 3577 3586 3647 Ἐκκλησίας
3612 3574 3697 3627 δό-

2122 3698 2320 3750 γμασι,
2347 3680 2446 3750 τῆς
2479 3680 2616 3749 μετά
2645 3676 2846 3747 σαρκὸς
2877 3674 3185 3745 οἰκονομίας
3219 3671 3311 3725 τοῦ
3358 3666 3697 3735 Μονογενοῦς

2123 3775 2202 3837 εἰς
2234 3774 2378 3826 ἆπαν
2426 3769 2759 3841 ήφειδηκὼς,
2812 3768 2905 3822 καί⁹
2937 3766 3030 3820 τοῦ
3074 3764 3373 3837 μυστηρίου
3410 3762 3472 3815 τὸ
3532 3759 3692 3830 βάθος

2124 3867 2245 3917 κατ’
2279 3865 2468 3917 οὐδένα
2511 3862 2711 3933 τρόπον
2739 3860 2955 3914 ἐννοῶν.
2987 3860 3049 3912 Εἰ
3088 3861 3183 3929 μὲν
3206 3854 3512 3922 ἐξετάζοιτο
3558 3851 3691 3923 πρὸς

2125 3953 2283 4024 ἡμῶν
2316 3953 2475 4005 ὁποία
2494 3951 2577 4012 τίς
2609 3952 2756 4003 ἐστιν
2786 3952 2818 4020 ἡ
2845 3947 2938 4001 τοῦ
2961 3947 3133 4014 Λόγου
3162 3944 3341 4014 φύσις,
3367 3945 3533 4013 ἤγουν
3560 3942 3694 4011 ἐρω-

2129 4046 2308 4117 μένοις
2351 4045 2444 4098 acati.
2493 4042 2790 4111 ἁναμαθεῖν
2838 4039 3108 4093 ἐθέλουσιν
3150 4038 3374 4106 ἑτέροις,
3417 4036 3561 4104 ἡμᾶς
3612 4032 3693 4094 ἐξ·

2127 4133 2376 4206 ηγεῖσθαι
2406 4134 2509 4204 χρή
2534 4149 2549 4163 ’
2590 4129 2658 4201 ἦν
2687 4131 2749 4201 δή
2788 4146 2889 4183 που
2922 4129 3137 4191 πάντως
3165 4126 3452 4181 ἀκόλουθόν
3494 4143 3556 4177 τε
3606 4124 3700 4177 καὶ

2128 4229 2445 4297 ἀναγκαῖον,
2484 4223 2571 4277 διά
2606 4224 2785 4295 πάσης
2814 4222 3017 4283 ἐννοίας
3058 4219 3227 4287 σοφῆς
3257 4234 3315 4269 τε
3348 4217 3441 4269 καὶ
3467 4212 3701 4284 ἀληθοῦς

2132 4320 2268 4375 ἰέναι
2318 4314 2737 4380 σπουδάζοντας,
2790 4313 3082 4383 ἀπρόσιτον
3131 4307 3297 4378 αὐτὴν
3349 4304 3428 4375 τῷ
3486 4304 3701 4371 θανάτῳ

2128 4410 2413 4471 δεικνύειν,
2443 4409 2537 4461 καὶ
2564 4406 2751 4467 παθῶν
2781 4406 2860 4468 εἰς
2887 4404 3030 4457 ἆπαν
3069 4399 3511 4471 ἀπηλλαγμένην.
3550 4394 3703 4448 Ἐπεὶ

458 4489 511 4541 in
534 4489 842 4542 universum
866 4504 895 4540 a
920 4488 1260 4557 passionibus
1280 4503 1399 4543 esse
1420 4496 1683 4542 remotam
1712 4489 2011 4542 ostendere.

2128 4506 2183 4558 δέ
2212 4506 2240 4557 6
2262 4504 2361 4573 τῆς
2399 4500 2865 4572 ἐνανθρωπήσεως
2894 4497 3094 4568 τρόπος
3127 4495 3339 4547 δίδωσιν
3367 4491 3512 4562 αὐτῷ
3539 4489 3601 4542 τό
3637 4506 3701 4557 γε

458 4580 728 4645 Quoniam
766 4595 894 4634 vero
922 4580 1113 4633 modus
1136 4595 1243 4648 quo
1267 4580 1358 4633 ille
1385 4578 1561 4633 factus
1590 4586 1673 4632 est
1702 4578 1883 4645 homo,
1911 4577 2011 4632 eiii-

2128 4589 2262 4665 ἦκον
2288 4595 2367 4656 εἰς
2391 4593 2517 4653 τοὺς
2542 4590 2643 4661 τῆς
2669 4587 2980 4658 οἰκονομίας
3002 4585 3215 4652 λόγους,
3240 4582 3300 4647 τὸ
3329 4580 3431 4634 κᾶν
3458 4581 3507 4633 εἰ
3530 4579 3705 4631 ἕλοιτο

458 4672 567 4735 cit,
622 4671 764 4740 quod
822 4670 888 4724 ad
939 4670 1177 4725 rationes
1220 4669 1639 4739 dispensationis
1686 4669 1910 4734 attinet,
1970 4685 2011 4722 u

2129 4684 2382 4738 τεθνάναι
2430 4680 2613 4752 σαρκὶ,
2650 4679 2813 4750 μηδὲν
2862 4679 2938 4740 είς
2991 4676 3123 4741 ἰδίαν
3163 4674 3449 4742 ὑπομεῖναι
3502 4670 3701 4738 φύσιν

458 4762 670 4814 etiamsi
712 4775 877 4815 carne
928 4762 1065 4815 mori
1093 4762 1244 4828 velit,
1300 4762 1435 4816 nihil
1480 4761 1534 4817 in
1570 4762 1785 4831 propria
1838 4771 2011 4821 natur:

2130 4776 2183 4829 τί
2211 4776 2319 4828 τῶν
2347 4772 2647 4827 καλλίστων
2678 4771 2824 4841 ἡμᾶς
2877 4768 3212 4838 αὐχημάτων
3246 4764 3593 4831 ἀποστερεϊς;
3620 4762 3708 4811 Δι-

459 4853 697 4921 patiatur
721 4870 735 4920 ;
768 4870 866 4908 cur
897 4870 994 4910 nos
1022 4855 1221 4923 spolias
1250 4855 1630 4923 pulcherrimis
1655 4856 2011 4925 ornamentis:

2137 4865 2344 4919 επύθου
2378 4865 2486 4935 γὰρ
2508 4862 2775 4930 λέγοντος,
2805 4879 2822 4911 ι
2845 4861 2903 4911 ’0
2930 4858 3132 4928 ποιμὴν
3158 4858 3186 4909 6
3216 4855 3378 4918 καλὸς
3404 4853 3500 4923 τὴν
3529 4852 3707 4922 ψυχὴν

458 4947 667 5005 Audisti
703 4963 938 5015 namque
967 4948 1231 5002 dicentem
1260 4961 1274 4999 :
1318 4966 1336 4998 ι
1368 4946 1560 5002 Pastor
1590 4947 1763 5004 bonus
1791 4949 2011 5002 animati

2135 4957 2331 5017 ἐαυτοῦ
2382 4955 2594 5025 τίθησιν
2636 4953 2778 5023 ὑπὲρ
2812 4950 2921 5003 τῶν
2960 4949 3269 5020 προϐάτων.
3303 4965 3322 4998 ι
3364 4944 3572 5005 Οὐκοῦν
3604 4942 3707 4995 κᾶν

460 5054 615 5092 suam
654 5040 807 5107 ponit
850 5054 947 5107 pro
976 5040 1168 5093 ovibus
1200 5038 1266 5093 “.
1308 5058 1326 5089 ι
1360 5037 1529 5108 Igitur
1584 5040 1796 5094 etiamsi
1841 5056 2011 5109 passu:

2134 5051 2183 5102 εἰ
2212 5048 2423 5115 λέγοιτο
2454 5046 2668 5107 παθεῖν,
2695 5042 2879 5111 ἀπαθῆ
2912 5042 3008 5112 μὲν
3034 5042 3190 5111 ἴσμεν
3211 5039 3286 5103 ὡς
3325 5037 3479 5100 Θεὸν,
3506 5052 3707 5088 πεπον-

459 5146 581 5186 esse
609 5131 842 5195 dicatur,
872 5131 1265 5200 impassibilem.
1290 5132 1537 5188 novimus
1575 5140 1638 5185 ut
1686 5130 1875 5197 Deum,
1908 5147 2011 5202 pas!

2136 5140 2291 5193 θέναι
2322 5138 2376 5191 δέ
2404 5155 2581 5207 φαμεν
2615 5133 2972 5205 οἰκονομικῶς
3007 5132 3115 5203 ἰδίᾳ
3146 5132 3312 5202 σαρκί
3340 5129 3429 5182 τὸν
3458 5127 3707 5189 θάνατον,

465 5236 583 5276 sum
622 5236 745 5275 vero
781 5237 899 5276 esse
940 5230 1164 5276 mortem
1202 5222 1593 5291 dispensatorie
1623 5238 1717 5278 sua
1758 5238 1923 5278 carne
1951 5224 2011 5279 di

2136 5232 2227 5285 ἵνα
2260 5230 2507 5301 πατήσας
2538 5229 2719 5292 αὑτὸν,
2748 5226 2842 5280 καὶ
2872 5221 3261 5294 ἐγηγερμένος,
3294 5220 3426 5274 καθὸ
3464 5218 3710 5287 πέφυκεν

459 5315 654 5379 cimus,
686 5323 763 5379 ut,
824 5326 997 5370 morte
1063 5314 1290 5381 calcata,
1333 5326 1387 5370 et
1431 5329 1719 5386 resurgens
1763 5326 2011 5385 quatenu:

2136 5316 2273 5375 εἶναι
2300 5320 2414 5391 ζωὴ
2435 5319 2529 5373 καὶ
2556 5317 2838 5383 ζωοποιὸς,
2862 5310 3325 5386 μεταστοιχειώσῃ
3349 5309 3483 5381 πρὸς
3508 5305 3713 5379 ἀφθαρ-

530 5469 573 5501 ³¹
609 5466 768 5524 Joan.
804 5484 889 5537 ιιι,
930 5468 1019 5525 16.
1096 5470 1141 5501 ³³
1169 5470 1327 5525 Rom.
1360 5486 1415 5539 v,
1445 5472 1533 5533 10.
1614 5474 1659 5506 ³³
1700 5474 1879 5531 Eccle.
1924 5492 2011 5541 vn1

2113 5477 2143 5543 ε,
2217 5473 2434 5546 εειοιιη.
2454 5492 2508 5543 ι,
2539 5476 2635 5539 ιι.

1725 5629 1885 5689 ANT.
1916 5630 2186 5693 AGELLII
2218 5630 2451 5689 ΝΟΤᾸΕ.

532 5788 643 5863 (56)
672 5786 857 5846 Melius
907 5787 1136 5846 fortasse
1178 5796 1507 5856 verteretur,
1533 5788 1669 5857 quod
1706 5800 1888 5850 suapte
1925 5802 2121 5848 natura.
2146 5793 2359 5848 noxium
2390 5799 2491 5849 cst.
