4104 6336
381 375 488 431 235

1427 369 1800 426 ADVERSUS
1835 368 2237 427 NESTORIUM
2277 371 2407 426 LIB.
2452 371 2516 426 νη.

3494 378 3605 432 2M

382 492 503 545 σίαν
534 489 594 543 τὸ
622 489 836 559 θανάτῳ
884 489 1337 561 τυραννούμενον,
1368 491 1632 556 τουτέστι,
1667 491 1729 543 τὸ
1761 489 1941 559 σῶμα.

2052 500 2237 561 suapte
2272 502 2474 549 natura
2504 492 2611 546 vita
2641 500 2725 546 est
2751 491 3147 555 acviviﬁoans,
3184 489 3501 546 reformaret
3534 495 3602 548 ad

380 582 538 636 Οὕτω
566 597 623 634 τε
658 582 751 639 καὶ
794 585 871 645 εἰς
901 585 1046 652 ἡμᾶς
1074 585 1106 652 ή
1140 581 1232 636 τοῦ
1274 583 1693 653 κατορθώματος
1732 581 1946 651 διατρέτ-

378 692 461 745 χει
493 674 744 745 δύναμις,
790 676 869 736 είς
911 674 1057 729 ἅπαν
1104 676 1461 744 ἐκτεινομένη,
1504 674 1561 726 τὸ
1608 674 1785 742 γένος.
1834 673 1947 726 Καὶ

378 767 508 835 γοῦν
544 770 572 819 ὁ
604 766 889 828 θεσπέσιος
932 765 1141 829 Παῦλος
1163 785 1175 796 ·
1214 784 1233 817 ι
1282 766 1421 834 Ἐγὼ
1448 766 1535 820 διὰ
1570 766 1757 837 νόμου,
1789 767 1940 836 φησὶ,

376 859 528 927 νόμῳ
569 856 860 919 ἀπέθανον,
894 856 983 909 ἵνα
1007 856 1125 927 Θεῷ
1170 858 1319 924 ζήσω
1345 874 1357 887 ·
1390 857 1609 928 Χριστῷ
1654 856 1965 925 συνεσταύ-¹

378 960 580 1013 ρωμαι.
610 942 696 996 Ζῶ
716 944 792 1005 δὲ,
816 943 999 1012 οὐκέτι
1039 944 1169 1012 ἐγὼ,
1206 944 1271 1015 ζῇ
1302 945 1357 997 δὲ
1381 946 1439 998 ὲν
1465 948 1589 1015 ἐμοὶ
1613 946 1641 997 ὁ
1671 946 1905 1016 Χριστός
1926 964 1940 978 ο

377 1028 422 1103 ᾦ
454 1035 512 1087 δὲ
566 1034 661 1090 νῦν
692 1035 792 1100 ζῶ,
827 1037 884 1089 ἐν
932 1036 1113 1089 πίστει
1156 1036 1252 1103 ζῶ,
1283 1038 1340 1091 ὲν
1374 1038 1537 1108 σαρκὶ
1565 1041 1632 1108 τῇ
1678 1038 1770 1091 τοῦ
1810 1038 1940 1091 Υίοῦ

376 1127 471 1180 τοῦ
498 1126 631 1179 Θεοῦ
658 1127 752 1179 τοῦ
781 1128 1164 1196 ἀγαπήσαντός
1204 1146 1290 1199 με,
1324 1130 1417 1182 καὶ
1447 1130 1778 1199 παραδόντος
1812 1132 1942 1183 ἐαυ-

376 1219 468 1272 τὸν
508 1220 644 1291 ὑπὲρ
672 1218 829 1289 ἐμοῦ.
857 1220 969 1273 Οὐκ
997 1220 1172 1273 ἀθετῶ
1198 1221 1295 1291 τὴν
1324 1223 1481 1291 χάριν
1499 1222 1592 1274 τοῦ
1623 1222 1778 1275 Θεοῦ.
1816 1242 1833 1275 ι
1869 1223 1943 1275 Οὐ

377 1310 485 1382 γάρ
532 1308 610 1361 ἔτι
644 1307 742 1379 τὴν
794 1310 929 1363 ἰδίαν
969 1310 1242 1382 διαζῶμεν
1274 1309 1437 1383 ζωὴν,
1471 1314 1569 1384 τὴν
1614 1314 1851 1385 Χριστοῦ
1888 1316 1945 1369 δὲ

380 1400 604 1471 μᾶλλον,
648 1400 744 1453 καὶ
796 1400 943 1454 ἔστιν
989 1402 1208 1474 ἀληθὲς,
1238 1404 1311 1467 ὠς
1346 1423 1364 1455 t
1393 1400 1488 1470 Εἷς
1535 1407 1673 1477 ὑπὲρ
1729 1407 1944 1460 πάντων

378 1491 671 1555 ἀπέθανεν,
708 1492 795 1545 ἵνα
821 1493 871 1546 οἱ
902 1492 1100 1557 ζῶντες
1133 1496 1327 1564 μηκέτι
1352 1497 1562 1560 ἑαυτοῖς
1592 1497 1776 1562 ζῶσιν,
1810 1498 1946 1553 ἀλλά

377 1584 455 1654 τῷ
491 1585 630 1656 ὑπὲρ
658 1585 839 1638 αὐτῶν
883 1586 1232 1651 ἀποθανόντι,
1276 1590 1370 1642 καὶ
1415 1590 1710 1660 ἐγερθέντι.
1748 1610 1767 1643 ι
1811 1593 1947 1663 Πρὶν

380 1676 481 1744 μὲν
502 1678 609 1747 γὰρ
632 1678 760 1746 ἡμῖν
799 1676 1104 1747 ἐπιλάμψαι
1128 1678 1218 1731 τὸν
1260 1682 1520 1751 μονογενῆ
1552 1681 1658 1737 τοῦ.
1685 1682 1818 1741 Θεοῦ
1852 1682 1947 1736 Λό-

376 1782 496 1833 γον,
530 1766 741 1838 ἀμαθία
771 1767 866 1822 καὶ
907 1768 1084 1838 σκότῳ
1128 1772 1546 1842 κεκρατημένοι,
1585 1774 1679 1834 καὶ
1708 1774 1811 1834 τὸν
1842 1776 1943 1845 τῆς

376 1860 647 1929 ἁμαρτίας
678 1859 892 1929 ἔχοντες
924 1859 1107 1930 ζυγὸν,
1134 1863 1225 1921 καὶ
1249 1863 1580 1928 ἀνάπτοντες
1608 1867 1837 1931 ἀνοσίως
1872 1871 1938 1937 τῇ

2047 583 2502 651 incorruptionem
2531 584 2582 638 id
2615 585 2754 654 quod
2782 585 2969 639 mortis
2999 584 3276 655 tyrannide
3299 584 3600 649 tenebatur,

2047 673 2097 727 id
2129 684 2210 729 est
2243 688 2455 745 corpus.
2487 672 2565 729 ita
2599 676 2651 728 in
2680 689 2778 729 nos
2810 675 2953 745 ipsos
2981 688 3197 745 quoque
3213 676 3294 730 vis
3321 675 3437 746 ejus
3474 690 3604 746 ope-

2046 767 2122 819 ris
2153 768 2409 830 recurrit,
2452 768 2574 821 dum
2610 767 2665 821 in
2713 768 3020 822 universum
3065 783 3231 836 genus
3276 768 3602 822 extenditur.

2044 858 2113 912 Et
2160 868 2309 914 certe
2351 860 2540 914 beatus
2574 858 2772 915 Paulus
2802 860 2879 914 ait
2910 876 2924 913 ι
2958 878 2976 912 ι
2999 859 3113 927 Ego
3154 874 3250 929 per
3283 860 3453 929 legem
3501 860 3604 931 legi

2045 962 2290 1006 mortuus
2318 968 2459 1016 sum,
2502 961 2559 1006 ut
2601 952 2774 1006 vivam
2806 953 2912 1007 Deo
2942 968 2955 1004 :
3005 952 3219 1006 Christo
3242 952 3420 1007 .simul
3455 953 3605 1008 cruci

2046 1044 2287 1098 conﬁxus
2318 1058 2458 1097 sum.
2502 1042 2629 1097 Vivo
2652 1052 2849 1109 autem,
2872 1044 2978 1113 jam
3012 1058 3117 1096 non
3142 1057 3274 1112 ego,
3309 1044 3439 1097 vivit
3477 1057 3606 1099 vero

2046 1135 2102 1187 in
2135 1149 2219 1190 me
2242 1136 2507 1191 Christus.
2538 1134 2689 1201 Quod
2713 1148 2839 1189 vero
2881 1149 3020 1188 nunc
3053 1134 3192 1200 vivo,
3231 1135 3284 1189 iu
3330 1135 3433 1189 ﬁde
3460 1135 3604 1200 vivo,

2047 1226 2100 1279 in
2132 1240 2297 1280 carne
2336 1226 2423 1280 illa
2451 1226 2571 1281 Filii
2605 1226 2734 1291 Dei,
2770 1227 2862 1294 qui
2913 1226 3102 1281 dilexit
3145 1242 3258 1291 me,
3293 1236 3348 1282 et
3393 1227 3610 1282 tradidit

2046 1320 2393 1386 semetipsum
2435 1333 2533 1387 pro
2571 1333 2674 1373 me.
2709 1318 2822 1372 Non
2863 1317 3055 1384 abjicio
3092 1318 3318 1388 gratiam
3365 1317 3458 1372 Dei
3478 1318 3542 1370 ³⁵.
3582 1337 3600 1369 ι

2046 1408 2160 1465 Νοη
2184 1410 2328 1464 enim
2350 1410 2460 1480 jam
2486 1412 2698 1480 propria
2730 1411 2956 1464 vivimus
2980 1410 3107 1473 vita,
3144 1410 3246 1465 sed;
3270 1409 3489 1474 Christi,
3518 1424 3609 1464 ve-

2047 1517 2272 1571 rumque
2316 1501 2441 1555 illud
2480 1512 2585 1566 est,
2616 1520 2634 1552 ι
2671 1502 2848 1558 Unum
2883 1517 2981 1570 pro
3027 1501 3276 1555 omnibus
3303 1502 3605 1570 ;mortuum,

2047 1602 2106 1646 ut
2142 1592 2233 1662 qui
2262 1594 2469 1655 vivunt,
2503 1609 2605 1646 non
2632 1592 2743 1662 jam
2784 1593 2899 1648 sibi.
2927 1595 3123 1655 vivant,
3166 1591 3258 1646 sed
3306 1592 3355 1645 ei
3385 1590 3473 1659 qui
3512 1605 3610 1659 pro

2049 1682 2178 1748 ipsis
2218 1689 2461 1736 mortuus
2514 1690 2614 1747 est,
2651 1690 2705 1736 et
2751 1681 3045 1737 resurrexit
3069 1681 3135 1739 ³⁸.
3186 1701 3207 1734 ι
3256 1680 3413 1734 Prius
3464 1681 3607 1734 enim

2048 1789 2208 1843 quam
2245 1774 2525 1843 aﬁ‘ulgeret
2584 1774 2737 1829 nobis
2786 1775 2911 1828 illud
2955 1774 3287 1844 unigenitum
3343 1773 3434 1827 Dei
3476 1771 3608 1826 Ver-

2046 1866 2213 1929 bum,
2262 1866 2474 1921 inscitia
2526 1875 2600 1921 et-
2636 1867 2871 1920 tenebris
2911 1866 3258 1932 tenebamur,
3302 1872 3356 1918 et
3403 1864 3607 1933 peccati

375 1950 555 2003 κτίσει
582 1953 641 2003 τὸ
672 1950 870 2017 σέϐας,
888 1952 1037 2023 παρά
1065 1953 1156 2006 τὸν
1186 1954 1409 2026 κτίστην
1436 1956 1532 2013 καὶ
1560 1958 1811 2030 ποιητὴν,
1848 1962 1941 2015 καὶ⁹

2052 1959 2172 2028 iugo
2194 1957 2396 2027 pressi,
2444 1966 2499 2012 et
2529 1966 2791 2011 creaturae
2836 1956 3038 2012 cultum
3074 1955 3235 2023 impie
3278 1955 3603 2019 tribuentes,

377 2044 486 2096 πᾶν
510 2038 650 2106 εἶδος
679 2042 1012 2113 φαυλότητος
1051 2044 1468 2117 ἀνεπιπλήκτως
1515 2049 1939 2117 ἐπιτηδεύοντες,

376 2133 436 2184 ὲν
484 2133 762 2189 διαστάσει
820 2133 1156 2205 διετελοῦμεν
1204 2138 1257 2193 oi
1301 2137 1550 2202 τάλανες,
1598 2140 1768 2210 ἐχθρά
1810 2158 1943 2212 φρο-

377 2225 597 2287 νοῦντες
642 2224 808 2296 αὐτῷ.
862 2225 1300 2299 Κατηλλάγμεθα
1347 2229 1403 2281 δὲ
1443 2229 1530 2283 διά
1568 2231 1661 2283 τοῦ
1711 2230 1941 2286 θανάτου

376 2315 469 2369 τοῦ
516 2316 660 2377 ,Υίοῦ
728 2316 929 2380 αὐτοῦ,
990 2317 1132 2377 καθὰ
1184 2320 1514 2389 γέγραπται.
1565 2324 1638 2377 Σὺ
1675 2322 1731 2375 δὲ
1785 2325 1943 2387 πάλιν

376 2410 436 2461 ὲν
487 2408 703 2479 σμικρῷ
753 2409 1041 2477 πεποίησαι
1088 2410 1249 2481 λόγῳ,
1297 2412 1357 2465 τὸ
1400 2414 1630 2484 ἀληθές·
1668 2416 1761 2468 καὶ
1810 2417 1946 2486 ἀχάτ

377 2499 521 2553 λινον
577 2502 656 2562 είς
710 2499 981 2569 ὲξιτηλίαν
1028 2502 1342 2571 ἀποφαίνων
1391 2506 1522 2575 ἡμῖν
1575 2506 1665 2559 τὸν
1717 2506 1943 2567 σεαυτοῦ

380 2591 573 2659 λόγον,
640 2591 1007 2663 κατηλλάχθαι
1070 2593 1175 2665 φὴς
1242 2596 1319 2666 τῷ
1388 2596 1505 2667 Θεῴ
1552 2600 1642 2651 τὸν
1708 2599 1943 2669 κόσμον,

379 2685 440 2737 οὐ
474 2684 563 2737 διά
603 2702 665 2751 γε
695 2684 789 2737 τοῦ
818 2685 1171 2753 Μονογενοῦς,
1218 2688 1482 2753 τουτέστι,
1518 2690 1609 2742 τοῦ
1644 2692 1707 2744 ὲκ
1738 2692 1946 2763 Πατρὸς

382 2774 577 2841 φύντος
614 2776 802 2844 Λόγου.
848 2776 1084 2835 Ἀκούων
1123 2777 1178 2830 δὲ
1229 2778 1458 2832 θάνατον
1490 2781 1581 2832 τοῦ
1635 2781 1785 2847 Υἱοῦ,
1830 2778 1948 2836 εἶτα

383 2868 709 2938 βασανίζων,
750 2868 825 2932 ὼς
864 2869 986 2934 οίει,
1035 2868 1245 2932 λεπτῶς
1292 2870 1391 2934 τὰς
1421 2871 1513 2924 τοῦ
1544 2872 1806 2950 θεηγόρου
1836 2892 1949 2943 φωο

383 2961 500 3024 νὰς,
540 2960 601 3013 ού
637 2960 951 3024 κατέδεισας
990 2963 1195 3014 εἰπεῖν·
1235 2960 1368 3033 [Οὐκ
1417 2962 1541 3032 ἔφη,
1590 2963 1678 3017 διά
1718 2963 1811 3017 τοῦ
1851 2965 1950 3017 θα-

383 3052 545 3106 νάτου
572 3050 664 3104 τοῦ
698 3052 832 3105 Θεοῦ
871 3051 1092 3123 Λόγου.]
1128 3050 1258 3105 Εἶτα
1288 3052 1404 3116 πῶς
1430 3049 1519 3123 ἦν,
1554 3054 1674 3105 εἰπέ
1714 3072 1825 3125 μοι,
1861 3073 1946 3109 σο·-

385 3143 513 3207 qm,
576 3141 774 3211 μᾶλλον
838 3141 896 3195 δὲ
960 3144 1077 3207 πῶς
1128 3144 1226 3213 οὐχ
1284 3145 1500 3215 ἀπάσης
1558 3146 1952 3217 ἐμϐροντησίας

385 3233 635 3302 ἔμπλεως
662 3236 690 3287 ὁ
725 3235 927 3288 τοιόσδε
962 3235 1150 3303 λόγος;
1178 3236 1402 3303 Θανάτῳ
1432 3236 1539 3308 γάρ
1565 3238 1791 3312 κάτοχον
1820 3242 1952 3291 ἀπο-

385 3324 557 3394 φῆναι
596 3325 694 3396 τὴν
724 3323 888 3396 ζωὴν,
927 3326 1043 3390 πῶς
1078 3322 1147 3397 ἦν
1180 3327 1498 3393 ἀκόλουθον;
1539 3329 1659 3382 είπέ
1691 3346 1823 3399 μοι·
1861 3331 1954 3382 καὶ

384 3417 485 3485 τῆς
512 3416 579 3468 τά
603 3416 781 3470 πάντα
810 3418 1179 3489 ζωογονούσης
1210 3420 1424 3489 φύσεως
1457 3422 1827 3491 κατηγορῆσαι
1856 3421 1953 3491 τὴν

387 3506 619 3578 φθορὰν,
653 3508 769 3571 πῶς
814 3510 914 3562 οὐκ
959 3510 1303 3581 ἀπόπληκτον
1338 3512 1553 3582 κομιδῇ.
1595 3512 1688 3567 καὶ
1734 3513 1830 3583 τῆς
1874 3514 1953 3575 εἰς

386 3599 538 3669 λῆξιν
566 3600 804 3671 ἡκούσης
835 3602 1145 3673 δυσφημίας
1188 3602 1463 3672 ἐπίϐλημα
1494 3602 1604 3671 (35)
1639 3604 1833 3671 γένοιτ’
1862 3606 1950 3670 ἂν,

388 3693 484 3748 καὶ
519 3692 663 3761 μάλα
696 3693 949 3758 εἰκότως,
983 3693 1186 3747 Οὐκοῦν
1218 3695 1415 3764 ἣκιστα
1447 3694 1545 3763 μὲν
1574 3697 1691 3757 ταῖς
1730 3698 1847 3758 σαῖς
1874 3697 1952 3758 είς

385 3783 547 3836 τοῦτο
570 3801 722 3854 περιε
733 3785 959 3855 ργείαις,
990 3787 1159 3855 ἦγουν
1179 3786 1577 3856 εἰκαιομυθίαις
1598 3789 1626 3838 ὁ
1652 3787 1761 3840 τῶν
1783 3787 1952 3855 ἁγίων

386 3876 577 3930 ἕπεται
610 3878 764 3941 νοῦς⁸
800 3876 905 3933 οἶδε
934 3879 1010 3944 δὲ,
1048 3876 1153 3933 οἶδε
1208 3879 1446 3933 παθόντα
1495 3881 1660 3950 σαρκὶ
1702 3880 1768 3931 δι’
1808 3880 1952 3949 ἡμᾶς

385 3968 479 4021 τὸν
505 3972 601 4022 τοῦ
660 3970 791 4023 Θεοῦ
831 3972 1022 4039 Λόγον,
1069 3974 1163 4025 καὶ
1205 3972 1283 4043 τῷ
1316 3973 1529 4043 θανάτῳ
1557 3973 1651 4026 τοῦ
1688 3974 1817 4027 ίδίου
1850 3971 1954 4025 σώ-

390 4073 560 4126 ματος
599 4059 897 4127 κεκληκότα
922 4060 1010 4112 τὸν
1040 4061 1241 4132 κόσμον
1265 4064 1351 4123 είς
1374 4062 1665 4130 διαλλαγάς
1697 4063 1794 4125 τὰς
1818 4064 1953 4133 πρός

389 4146 454 4214 γέ
484 4163 625 4215 φημι
651 4148 740 4200 τὸν
765 4150 821 4200 ὲν
841 4152 949 4211 τοῖς
972 4149 1217 4220 οὐρανοῖς
1250 4152 1485 4223 Πατέρα.
1523 4154 1631 4205 Καὶ
1670 4152 1803 4219 γοῦν
1846 4152 1949 4222 ἔφη

389 4254 497 4289 που
529 4238 661 4307 πρὸς
690 4238 785 4292 ἕνα
815 4240 922 4293 τῶν
945 4241 1113 4308 ἁγίων
1133 4242 1387 4312 μαθητῶν
1409 4244 1535 4306 τοὺς
1553 4242 1739 4310 λόγους
1768 4242 1953 4295 ποιού-

391 4346 579 4397 μενοςο
632 4348 652 4379 ι
706 4329 844 4397 Ἐγώ
894 4334 1009 4401 εἰμι
1053 4332 1255 4402 ἡὸδὸς,
1301 4334 1394 4385 καὶ
1442 4336 1474 4402 ἡ
1524 4333 1750 4402 ἀλήθεια
1792 4334 1949 4403 καὶὴ

390 4420 527 4489 ζωὴ,
560 4420 651 4472 καὶ
681 4420 854 4483 οὐδεὶς
883 4421 1097 4492 ἔρχεται
1144 4423 1278 4491 πρὸς
1312 4423 1403 4475 τὸν
1431 4422 1648 4492 Πατέρα
1678 4424 1726 4474 εί
1767 4422 1842 4491 μὴ
1884 4422 1951 4473 δι’

2049 2048 2236 2103 relicto
2258 2058 2503 2103 creatore
2531 2056 2691 2115 atque
2723 2047 2935 2114 Opiﬁce,
2970 2055 3023 2100 et
3050 2060 3211 2099 omue
3250 2043 3608 2112 improbitatis

2049 2156 2216 2210 genus
2244 2141 2413 2194 libere
2442 2149 2730 2205 sectantes,
2764 2142 2818 2192 in
2852 2138 3120 2193 discordia
3154 2137 3336 2191 miseri
3376 2136 3610 2206 degeba-

2050 2249 2192 2296 mus,
2225 2247 2344 2302 quae
2382 2232 2454 2286 illi
2490 2232 2707 2286 inimica
2734 2239 2891 2287 erant
2919 2238 3266 2298 expetentes;
3297 2226 3390 2281 sed
3418 2240 3612 2280 recon-

2050 2323 2215 2378 ciliati
2256 2339 2454 2381 sumus.
2481 2338 2576 2392 per
2622 2331 2848 2377 mortem
2898 2320 3017 2375 Filii
3066 2321 3203 2390 ejus,
3254 2329 3310 2373 ut
3350 2317 3609 2387 scriptum

2050 2429 2133 2473 est
2156 2418 2221 2472 ³⁷.
2259 2418 2338 2471 Tu
2381 2432 2507 2471 vero
2536 2425 2754 2480 contra,
2792 2415 2996 2469 minimi
3038 2413 3171 2468 facis
3204 2414 3521 2475 veritatem,
3555 2419 3613 2465 et

2054 2521 2199 2565 tuum
2229 2525 2531 2565 sermonem
2563 2508 2626 2560 ad
2664 2508 2954 2561 vanitatem
2982 2505 3242 2560 eﬁ'rcnato
3277 2518 3438 2559 cursu
3476 2517 3611 2571 prm-

2052 2603 2265 2671 cipitem
2299 2600 2593 2668 proferens,
2630 2599 2881 2652 mundum
2916 2613 3034 2653 esse
3072 2598 3181 2651 Deo
3213 2596 3609 2651 reconciliatum

2054 2695 2275 2757 asseris,
2308 2693 2462 2762 123
2497 2706 2601 2745 non
2630 2700 2810 2745 tamen
2838 2705 2932 2758 per
2972 2688 3336 2757 Unigenitum,
3363 2690 3461 2741 hoc
3495 2697 3612 2750 est,

2054 2798 2150 2854 per
2181 2783 2413 2837 Verbum
2437 2796 2503 2835 ex
2527 2780 2686 2834 Patre
2716 2780 2974 2848 genitum.
3001 2778 3105 2832 Sed
3135 2776 3359 2831 audiens
3386 2784 3610 2831 mortem

2055 2876 2195 2940 Filii,
2223 2874 2413 2928 deinde
2441 2872 2622 2925 verbis
2666 2870 2902 2938 Apostoli
2937 2869 3225 2933 subtiliter,
3264 2877 3323 2920 ut
3367 2868 3481 2935 ipse
3519 2881 3616 2934 pu-

2059 2979 2159 3028 tas,
2194 2962 2536 3026 examinatis,
2570 2974 2674 3013 non
2699 2976 2757 3013 es
2792 2958 2993 3013 veritus
3023 2958 3204 3011 dicere
3234 2973 3247 3008 :
3291 2956 3427 3027 [Non
3457 2955 3612 3022 dixit,

2057 3071 2153 3125 per
2189 3064 2415 3108 mortem
2460 3051 2551 3106 Dei
2596 3048 2805 3120 Verbi.]
2837 3050 2994 3118 Atqui
3040 3045 3307 3117 quotnodo
3351 3047 3614 3117 ejusmodi

2057 3146 2232 3200 oratio
2261 3145 2551 3214 prudenter
2577 3141 2756 3196 elIerri
2802 3139 3101 3210 potuisset?
3149 3139 3261 3192 imo
3307 3153 3433 3193 vero
3478 3153 3614 3208 quo-

2057 3237 2213 3291 modo
2261 3250 2363 3288 non
2409 3248 2631 3287 summae
2684 3232 2872 3285 fuisset
2917 3231 3139 3285 insaniae
3184 3230 3381 3299 plena?
3442 3229 3617 3298 Ipsam

2052 3329 2196 3383 enim
2233 3328 2395 3380 vitam
2428 3326 2586 3379 morti
2624 3324 2910 3379 obnoxiam
2936 3324 3136 3387 dicere,
3183 3321 3457 3390 quomodo.
3482 3320 3617 3375 fuis-

2052 3429 2155 3484 set,
2189 3433 2317 3488 rogo
2350 3428 2421 3481 te,
2449 3414 2826 3484 consequens?
2864 3422 2916 3468 et
2964 3412 3032 3468 de
3078 3421 3268 3467 natura
3311 3412 3619 3467 viviﬁcante

2052 3512 2251 3577 omnia,
2269 3508 2663 3577 corruptionem
2679 3505 2979 3567 enuntiare,
2994 3504 3261 3573 quomodo
3276 3519 3378 3557 non
3397 3519 3620 3557 summae

2052 3600 2332 3657 dementia:
2354 3598 2522 3653 fuisse
2556 3605 2610 3653 et
2637 3610 2861 3651 summa:
2889 3594 3233 3664 blasphemia:
3273 3594 3475 3647 crimen
3499 3594 3621 3663 jure

2052 3689 2402 3748 censeretur?
2421 3688 2535 3743 Non
2555 3702 2683 3758 ergo
2711 3687 2819 3743 tuis
2837 3686 2890 3740 in
2910 3687 3010 3741 hac.
3034 3701 3090 3740 re
3114 3685 3518 3747 subtilitatibus,
3538 3684 3618 3739 vel

2052 3784 2205 3837 vanis
2234 3781 2615 3852 nugationibus
2635 3819 2651 3845 ,
2686 3788 2995 3833 sanctorum
3026 3778 3265 3832 virorum
3295 3775 3505 3830 animus
3534 3789 3623 3829 as-

2052 3872 2409 3937 sentitur,_sed
2438 3870 2691 3940 intelligit
2715 3885 2936 3939 prorsus
2956 3869 3047 3926 Dei
3070 3868 3302 3922 Verbum
3322 3880 3483 3921 carne
3499 3880 3621 3935 pro-

2052 3977 2170 4039 pter
2195 3981 2291 4021 nos
2318 3978 2569 4033 passum;
2591 3973 2644 4017 et
2665 3971 2836 4016 morte
2873 3961 3073 4031 prOprii
3096 3959 3339 4030 corporis
3361 3956 3618 4012 mundum

2052 4061 2119 4112 ad
2148 4054 2598 4111 reconciliandam
2630 4067 2752 4107 cum
2781 4053 2940 4107 Patre
2978 4052 3067 4120 qui
3116 4050 3170 4105 in
3218 4049 3369 4105 caelis
3404 4058 3486 4103 est
3526 4062 3620 4115 pa-

2052 4165 2189 4212 cem,
2222 4160 2464 4201 vocasse.
2490 4145 2674 4214 Itaque
2702 4159 2829 4199 cum
2855 4142 3137 4213 quemdam
3166 4157 3198 4195 e
3227 4141 3425 4195 sanctis
3465 4138 3622 4193 disci-

2053 4240 2189 4310 pulis
2223 4237 2605 4307 alloqueretur,
2635 4234 2769 4288 dixit
2797 4251 2810 4289 :
2856 4252 2874 4286 ι
2908 4233 3020 4303 Ego
3048 4249 3165 4286 sum
3196 4233 3274 4285 via
3293 4269 3309 4295 ,
3339 4230 3537 4286 veritas
3564 4239 3621 4284 et

2050 4333 2159 4385 vita
2189 4340 2243 4385 et
2263 4344 2418 4384 nemo
2434 4327 2662 4382 venitad
2693 4324 2905 4379 Patrem
2932 4325 3032 4378 nisi
3058 4340 3152 4392 per
3173 4338 3255 4377 me
3277 4323 3341 4377 ³⁸.
3370 4341 3388 4373 t
3406 4321 3619 4377 Veritas

2055 4431 2237 4476 autem
2262 4428 2315 4472 et
2340 4420 2534 4472 vitaet
2566 4417 2666 4485 ,via
2718 4418 2965 4485 quisnam
3013 4416 3085 4468 sit
3131 4413 3287 4477 alius,
3326 4413 3430 4467 nisi
3487 4410 3619 4465 illud

390 4510 546 4580 ἐμοῦ.
591 4529 609 4561 t
660 4511 908 4582 Ἀλήθεια
939 4512 1015 4575 δὲ,
1047 4514 1138 4566 καὶ
1173 4514 1305 4585 ζωὴ,
1336 4514 1428 4567 καὶ
1454 4514 1589 4579 ὁδὸς,
1623 4514 1705 4577 τίς
1745 4512 1812 4566 ἂν
1841 4514 1948 4565 ἕτε-

2062 4512 2295 4566 Verhum
2327 4524 2399 4563 ex
2418 4508 2576 4562 Patre
2602 4511 2865 4578 genitum,
2904 4507 3118 4560 tametsi
3151 4504 3318 4560 nostri
3345 4502 3518 4557 simile
3549 4503 3622 4555 sit

392 4618 485 4677 ρος
509 4602 614 4671 εἴη,
651 4604 802 4671 παρά
845 4620 908 4670 γε
935 4604 1024 4656 τὸν
1068 4608 1132 4657 ἐκ
1173 4605 1305 4659 Θεοῦ
1334 4605 1505 4675 φύντα
1549 4606 1739 4673 Λόγον,
1778 4608 1824 4658 εί
1864 4606 1957 4658 καὶ

390 4693 579 4759 γέγονε
612 4693 731 4746 καθ’
764 4696 909 4763 ἡμᾶς
941 4695 1152 4767 μορφὴν
1182 4696 1366 4750 δούλου
1405 4696 1604 4750 λαϐὼν.
1642 4698 1759 4749 Ὅτι
1789 4696 1845 4749 δὲ
1888 4696 1954 4751 δι’

387 4784 551 4837 αὐτοῦ
583 4783 731 4848 θείας
777 4785 990 4854 φύσεως
1036 4788 1461 4859 ἀποδεδείγμεθα
1490 4789 1754 4853 κοινωνοὶ,
1786 4788 1880 4841 καὶ
1906 4790 1955 4840 οἱ

392 4873 522 4926 ποτὲ
576 4874 726 4938 ὄντες
779 4878 1027 4949 μακρὰν,
1084 4879 1385 4949 γεγόναμεν
1432 4881 1619 4948 ἐγγὺς,
1680 4880 1956 4949 ένούμενοι

392 4966 656 5034 σχετικῶς
690 4967 755 5019 δι’
787 4967 950 5020 αὐτοῦ
977 4969 1054 5039 τῷ
1094 4969 1288 5038 Πατρὶ,
1320 4971 1413 5022 καὶ
1452 4972 1558 5040 μὴν
1588 4971 1679 5023 καὶ
1710 4970 1956 5039 ἀλλήλοις

391 5060 467 5121 ῶς
518 5061 574 5111 ὲν
613 5060 789 5112 πίστει
838 5062 934 5129 μιᾷ
980 5060 1072 5111 καὶ
1111 5059 1379 5129 όμοψυχίᾳ
1425 5059 1513 5111 διὰ
1554 5059 1615 5110 τὸ
1663 5058 1797 5121 ἑνὸς,
1826 5076 1955 5128 μετ-

392 5152 681 5220 εσχηκέναι
711 5151 1036 5221 πνεύματος,
1070 5150 1229 5212 αὐτὸς
1263 5149 1609 5213 πιστώσεται,
1630 5148 1800 5218 λέγων
1823 5150 1958 5220 πρὸς

2062 4605 2260 4657 factum
2301 4602 2442 4655 servi
2493 4600 2660 4653 forma
2694 4598 2988 4668 suscepta?
3023 4596 3155 4651 Esse
3187 4604 3364 4650 autem
3400 4607 3497 4647 nos
3526 4607 3622 4661 per

2063 4698 2237 4766 ipsum
2268 4693 2488 4747 eﬂ'ectos
2517 4693 2709 4746 divinas
2732 4699 2941 4745 naturae
2974 4694 3251 4742 consortes
3278 4685 3343 4750 ³⁸,
3372 4694 3426 4739 et
3449 4682 3621 4741 factos

2063 4802 2230 4858 prope
2268 4787 2356 4854 qui
2396 4785 2553 4853 longe
2583 4782 2710 4837 olim
2757 4794 2992 4843 eramus,
3029 4780 3151 4832 dum
3185 4790 3278 4844 per
3310 4775 3483 4842 ipsum
3514 4770 3620 4831 Pa-

2064 4879 2129 4933 tri
2157 4893 2252 4947 per
2282 4876 2531 4931 aﬁ'ectum
2560 4885 2613 4928 et
2641 4872 3010 4927 habitudinem
3031 4909 3047 4933 ,
3079 4876 3239 4936 atque
3280 4866 3441 4925 etiam
3482 4864 3625 4918 inter

2062 4985 2281 5039 nosper
2307 4984 2470 5022 uuam
2501 4966 2659 5021 ﬁdem
2682 4975 2737 5020 et
2760 4962 3105 5019 concordiam
3129 4959 3365 5022 uuimur,
3390 4970 3455 5017 eo
3480 4956 3621 5024 quod

2062 5077 2248 5115 sumus
2288 5061 2445 5113 unius
2474 5059 2695 5128 spiritus
2728 5055 2854 5109 facti
2888 5052 3194 5122 participes,
3218 5050 3336 5119 ipse
3360 5047 3515 5111 ﬁdem
3543 5044 3624 5103 far-

2065 5152 2191 5216 cict,
2215 5150 2402 5205 dicens
2432 5149 2497 5202 ad
2536 5148 2749 5202 Patrem
2789 5160 2854 5199 ac
2886 5144 3051 5196 Deum
3080 5141 3180 5209 qui,
3213 5148 3307 5197 est
3339 5138 3395 5192 in
3426 5134 3575 5195 caelis
3606 5150 3620 5187 :

468 5330 512 5359 ³⁸
548 5329 721 5383 Galat.
766 5345 825 5394 tt,
863 5328 1049 5384 19-21.
1126 5328 1170 5359 ³⁵
1202 5327 1241 5381 ιι
1284 5328 1406 5389 Cor.
1438 5345 1490 5392 v,
1536 5326 1625 5385 15..
1682 5329 1724 5359 ³⁷
1768 5328 1924 5383 llum.

2052 5328 2133 5382 l0.
2209 5328 2252 5357 ³⁸
2292 5326 2449 5383 Joan.
2480 5342 2589 5391 xw,
2622 5326 2673 5379 6.
2754 5324 2797 5354 ³³
2828 5320 3050 5382 llPetr.
3087 5320 3218 5386 1,4.

1655 5481 1809 5536 ΛΝΤ.
1854 5480 2124 5537 AGELLH
2166 5478 2399 5535 ΝΟΤᾸΞ.

473 5642 582 5709 (35)
616 5640 775 5695 Forte
821 5641 1116 5711 ἐπίκλημα,
1150 5640 1248 5693 hoc
1291 5651 1373 5693 est
1418 5640 1651 5711 crimen;
1684 5640 1824 5693 haud
1867 5640 1949 5692 in-

403 5726 551 5765 sueta
582 5712 788 5765 auctori
817 5728 941 5775 vox,
971 5710 1074 5780 qua
1122 5713 1287 5780 utitur
1322 5712 1373 5762 in
1414 5710 1512 5763 hac
1556 5711 1951 5777 signiﬁcatione

1914 5780 1948 5792 θ’

1935 5797 1945 5813 Ι

404 5763 1087 5851 θόύρ-ηιίίὶὕιῖοί,
1141 5763 1258 5848 ιὸἶι,
1291 5780 1566 5853 ἐπίκλημα
1606 5763 1665 5835 δὲ
1722 5780 1950 5839 ποιεῖταί

2058 5657 2196 5692 τισιν
2224 5640 2297 5703 ῶς
2324 5639 2423 5707 τῆς
2469 5636 2725 5707 ἀληθείας
2775 5635 3145 5705 κατειρηκόσι,
3176 5633 3487 5707 quibusdam
3526 5648 3621 5705 pro

2059 5712 2274 5765 crimine
2310 5705 2486 5779 objicit
2514 5705 2938 5778 quasiadversus
2968 5718 3232 5762 veritatem
3256 5705 3505 5760 dixerint.
