4104 6336
494 376 598 431 215

1479 380 1547 435 s.‘
1576 365 1851 435 ereti)”
1889 380 2361 439 ALEXANDRi’Ni
2396 382 2716 440 ARClilEl’.

3634 372 3737 427 2H5

504 512 522 545 ι
564 492 677 547 Non
717 507 812 563 pro
848 493 934 549 his
972 502 1181 551 tantum
1231 512 1385 569 rogo,
1426 498 1521 553 sed
1556 498 1717 555 etiam
1738 514 1837 569 pro
1867 499 1932 555 iis
1975 500 2066 570 qui

2174 502 2260 558 τὸν
2280 506 2337 557 ἐν
2366 504 2615 573 οὐρανοῖς
2645 502 2865 574 Πατέρα
2894 502 2986 555 κιιί⁵
3009 499 3143 554 Θεόν
3164 515 3177 527 ·
3214 515 3233 550 t
3275 498 3350 551 Οὐ
3379 496 3508 567 περὶ
3537 495 3739 550 τούτων

498 586 846 640 crediderunt
885 597 1102 657 propter
1154 603 1459 645 sermonem
1508 604 1693 645 eorum
1738 591 1791 645 in
1845 606 1951 654 me,
2005 601 2064 646 ut

499 689 688 733 omnes
714 692 878 733 unum
912 678 1043 740 sint,
1077 678 1220 735 sicut
1254 688 1333 743 tu,
1368 679 1561 745 Pater,
1586 680 1639 734 in
1662 694 1773 748 me,
1808 690 1981 751 etego
2007 682 2061 736 in

501 778 575 831 te,
604 775 663 820 ut
697 769 856 821 etiam
890 768 994 838 ipsi
1037 769 1295 847 iunonis
1330 785 1493 824 unum
1542 771 1689 824 sint:
1736 781 1798 824 ut
1835 772 2065 827 mundus

500 859 710 921 credat,
743 859 866 927 quia
898 869 951 913 tu
985 874 1074 916 me
1099 861 1318 917 misisti.
1351 861 1416 916 Et
1443 876 1543 932 ego
1568 862 1867 917 claritatem
1903 878 2064 931 quam

500 950 693 1005 dedisti
727 951 879 1014 mihi,
933 952 1059 1006 dedi.
1099 954 1201 1019 eis,
1260 963 1321 1007 ut
1375 954 1487 1008 sint
1538 962 1726 1018 unum,
1778 955 1919 1008 sicut
1968 968 2066 1008 nos

500 1058 687 1109 unum,
727 1053 781 1097 et
807 1058 905 1112 ego
933 1043 987 1097 in
1024 1044 1125 1110 eis,
1153 1054 1208 1098 et
1234 1055 1289 1097 tu
1326 1044 1378 1099 in
1416 1059 1519 1110 me,
1564 1055 1625 1100 ut
1659 1045 1769 1099 sint
1809 1058 2067 1098 consum-

500 1134 629 1189 mati
666 1134 718 1187 in
754 1150 916 1187 unum
941 1134 1008 1188 “.
1055 1153 1073 1187 ι
1127 1132 1369 1204 Intelligo
1404 1135 1567 1204 igitur
1601 1133 1743 1205 quod
1790 1135 1905 1204 ipse
1942 1134 2066 1203 qui-

501 1224 621 1279 dem
663 1226 720 1278 in
767 1240 867 1280 suo
914 1225 1074 1281 Patre
1118 1227 1190 1280 sit
1234 1226 1571 1294 naturaliter,
1629 1227 1895 1281 mediator
1939 1238 2069 1279 vero

501 1328 662 1383 atque
713 1318 1030 1372 conciliator
1077 1318 1419 1386 constitutus,
1471 1334 1537 1374 eo
1576 1320 1719 1390 quod
1768 1318 1944 1378 tactus
1982 1328 2069 1373 est

502 1406 657 1459 nobis
689 1406 900 1461 similis.
936 1407 991 1460 In
1033 1409 1186 1462 nobis
1226 1416 1330 1473 est,
1377 1418 1488 1462 tum
1524 1424 1623 1478 per
1657 1423 1812 1467 suam
1849 1423 2065 1464 carnem

503 1512 625 1567 quae
658 1513 755 1552 nos
785 1498 1023 1554 viviticat
1054 1502 1104 1554 iu
1162 1503 1384 1569 spiritu,
1421 1510 1534 1555 tum
1583 1516 1681 1570 per
1733 1503 2067 1556 consortium

504 1587 811 1642 sanctitatis
861 1586 1000 1656 ejus,
1039 1589 1290 1644 nimirum
1342 1605 1460 1646 eam
1495 1605 1614 1659 quae
1665 1605 1762 1659 per
1808 1590 2068 1659 Spiritum

505 1685 751 1734 sanctum
790 1678 1103 1745 acquiritur.
1140 1679 1380 1734 Postulat
1410 1689 1588 1734 autem
1613 1695 1643 1733 a
1681 1678 1842 1734 Patre
1888 1679 2069 1750 gloriat

505 1780 571 1821 ac
607 1768 816 1821 decoris
842 1768 977 1831 loco,
1010 1778 1068 1825 ut
1091 1785 1242 1826 suam
1272 1771 1427 1826 nobis
1453 1783 1699 1827 naturam
1728 1774 2067 1843 perspicuam

2163 594 2221 651 δὲ
2256 593 2443 665 ἐρωτῶ
2493 595 2673 664 μόνον,
2707 592 2843 645 ἀλλὰ
2874 591 2969 645 καὶ
3012 588 3141 661 περὶ
3184 586 3293 641 τῶν
3339 585 3739 639 πιστευσάντων

2164 686 2255 741 διὰ
2299 684 2393 739 τοῦ
2426 685 2582 752 λόγου
2627 682 2806 737 αὐτῶν
2850 682 2931 746 εἰς
2968 681 3089 751 ἐμὲ,
3127 679 3212 733 ἵνα
3255 679 3463 740 πάντες
3506 676 3564 728 ἓν
3612 669 3738 738 ὦσι,

2166 775 2350 839 καθὼς
2372 776 2458 840 σὺ,
2485 777 2689 845 Πάτερ,
2717 773 2939 844 ἐνξέμοῖ,
2962 770 3116 841 κάγὼ
3145 773 3203 825 ἐν
3230 770 3331 823 σοίο
3352 770 3437 823 ἵνα
3466 769 3561 822 καὶ
3586 768 3741 822 αὐτοὶ

2166 870 2225 922 ἐν
2260 869 2394 940 ἡμῖν
2426 867 2488 920 ἓν.
2520 861 2672 931 ώσιν,
2704 864 2793 919 ἵνα
2823 866 2852 918 ὁ
2883 863 3085 935 κόσμος
3117 861 3404 932 πιστεύσῃ,
3439 861 3521 914 ὅτι
3565 858 3629 913 σύ
3675 875 3742 929 με

2167 961 2526 1024 ἀπέστειλαςο
2576 956 2732 1026 κάγὼ
2773 958 2872 1028 τὴν
2905 956 3063 1022 δόξαν
3091 955 3158 1026 ἣν
3204 953 3443 1017 δέδωκάς
3491 970 3605 1023 μοι,
3652 951 3742 1005 δέ.

2166 1053 2314 1107 δωκα
2348 1053 2549 1115 αὐτοῖς,
2581 1051 2668 1104 ἵνα
2698 1044 2829 1103 ὦσιν
2865 1047 2942 1111 ἓν,
2982 1044 3165 1109 καθὼς
3195 1047 3359 1116 ἡμεῖς
3391 1044 3467 1108 ἓν,
3497 1043 3656 1112 κάγὼ
3684 1045 3743 1096 ἐν

2168 1146 2371 1208 αὐτοῖς,
2403 1144 2589 1197 καὶσὺ
2639 1143 2698 1195 ἐν
2742 1140 2885 1211 ἐμοὶ,
2933 1139 3019 1193 ἵνα
3061 1132 3164 1191 ὦσι
3206 1134 3615 1204 τετελειωμένοι
3663 1134 3743 1196 εἰς

2167 1237 2245 1291 ἐν.
2289 1254 2307 1288 ι
2341 1234 2505 1294 Σύνες
2534 1228 2628 1287 οὖν
2659 1234 2826 1295 ὅπως,
2874 1229 3034 1293 αὐτὴ
3080 1228 3179 1299 μὲν
3229 1226 3341 1280 ἔστι
3393 1224 3635 1296 φυσικῶς
3683 1225 3741 1276 ὲν

2167 1328 2247 1398 τῷ
2280 1327 2395 1397 ἰδίῳ
2443 1325 2640 1398 Πατρὶ,
2684 1323 2911 1395 μεσίτης
2951 1321 3008 1374 δέ
3050 1319 3144 1373 καὶ
3181 1317 3508 1387 διαλλακτὴς
3548 1316 3743 1370 ἀποδε-

2167 1420 2448 1490 δειγμένος
2470 1417 2560 1470 διὰ
2596 1416 2689 1470 τοῦ
2720 1415 2992 1485 γενέσθαι,
3012 1412 3133 1465 καθ’
3160 1411 3308 1480 ἡμᾶς
3327 1425 3340 1438 ·
3360 1411 3418 1461 ἐν
3440 1410 3573 1478 ἡμῖν
3603 1408 3742 1473 ἐστι,

2169 1511 2257 1565 διά
2287 1528 2346 1563 τε
2376 1510 2476 1580 τῆς
2506 1509 2647 1571 ἰδίας
2686 1507 2884 1579 σαρκὸς
2916 1502 3287 1573 ζωοποιοῦσης
3314 1501 3460 1571 ἡμᾶς
3488 1501 3547 1552 ἐν
3581 1498 3743 1551 πνεύ-

2173 1620 2324 1674 ματι,
2354 1602 2448 1655 καὶ
2476 1600 2564 1655 διὰ
2608 1598 2701 1653 τοῦ
2745 1598 3065 1670 μεταλαχεῖν
3099 1596 3202 1667 τῆς
3230 1593 3514 1662 ἁγιότητος
3553 1588 3741 1653 αὐτοῦ,

2169 1694 2326 1765 δῆλον
2356 1694 2413 1746 δέ
2452 1694 2535 1747 ὅτι
2583 1691 2743 1746 πάλιν
2780 1691 2879 1762 τῆς
2921 1689 3009 1744 διὰ
3057 1688 3151 1741 τοῦ
3198 1686 3354 1755 ἁγίου
3404 1683 3739 1754 Πνεῦματος.

2170 1770 2322 1839 Ales?
2354 1785 2410 1838 δέ
2449 1785 2525 1848 ὡς
2556 1783 2712 1850 δόξαν
2743 1783 2889 1855 παρὰ
2940 1781 3152 1852 Πατρὺς
3181 1778 3240 1831 τδ
3283 1776 3382 1847 τὴν
3428 1774 3563 1829 ἰδίαν
3607 1774 3745 1844 ἡμῖν

504 1854 691 1918 faciat,
726 1856 868 1926 quod
902 1858 1112 1913 scilicet
1161 1860 1229 1914 sit
1277 1860 1604 1929 vivificator,
1632 1871 1688 1917 et
1725 1864 2070 1933 corruptione

2174 1878 2376 1950 ἐναργῇ
2415 1876 2755 1946 καταστῆσαι
2794 1874 2977 1945 φύσιν,
3007 1874 3089 1927 ὅτι
3125 1889 3186 1924 τε
3215 1872 3301 1941 εἴη
3336 1868 3616 1934 ζωοποιὺς,
3647 1868 3746 1922 καὶ

505 1948 751 2017 superior
778 1960 1033 2018 tanquam
1068 1953 1239 2018 Deus,
1270 1954 1450 2024 itaque
1486 1970 1675 2010 rursus
1697 1955 1833 2010 dixit
1865 1974 1879 2009 :
1907 1976 1928 2009 ι
1959 1956 2070 2026 Ego

507 2048 560 2093 te
582 2040 870 2095 clariﬁcavi
901 2055 1064 2110 super
1102 2051 1325 2109 terram,
1357 2046 1517 2123 125
1542 2061 1679 2117 Opus
1699 2049 2068 2103 consummavi

505 2132 647 2201 quod
676 2132 873 2187 dedisti
903 2134 1039 2188 mihi
1078 2144 1137 2189 ut
1172 2135 1367 2191 faciam
1399 2156 1415 2193 :
1443 2148 1500 2193 et
1538 2154 1680 2194 nunc
1706 2139 1940 2196 clarifica
1987 2155 2072 2195 me

505 2231 583 2285 tu,
619 2222 800 2290 Pater,
841 2227 981 2293 apud
1014 2227 1351 2297 temetipsum
1373 2266 1395 2295 ,
1432 2229 1675 2291 claritate
1715 2247 1876 2300 quam
1909 2232 2069 2286 habui

507 2324 798 2385 antequam
828 2320 1059 2374 mundus
1087 2319 1261 2386 ﬂeret,
1307 2322 1446 2392 apud
1479 2331 1529 2376 te
1556 2323 1621 2377 ⁸³.
1657 2343 1677 2375 ι
1712 2322 1859 2392 Opus
1891 2332 2070 2379 autem

506 2418 939 2464 consummatum
967 2425 1156 2467 sumus
1178 2426 1300 2477 nos,
1329 2420 1585 2483 tanquam
1610 2415 1661 2468 in
1685 2416 1798 2485 ipso
1820 2423 1875 2470 et
1897 2416 2077 2483 primo

508 2498 789 2555 vincentes
827 2503 1263 2571 corruptionem,
1296 2512 1353 2558 et
1377 2504 1651 2560 calcantes
1675 2506 1866 2561 mortis
1898 2507 2070 2576 impe—

510 2589 675 2655 rium,
722 2591 921 2646 revixit
972 2594 1115 2648 enim
1169 2608 1238 2652 ex
1282 2596 1536 2660 mortuis,
1572 2596 1850 2653 universos
1899 2598 1953 2655 in
2014 2611 2073 2653 se

509 2683 811 2739 continens.
842 2683 946 2739 Sed
978 2694 1031 2739 tu
1061 2687 1175 2743 hac
1202 2690 1367 2744 verba
1402 2688 1456 2743 in
1481 2688 1640 2744 aliam
1664 2689 1895 2749 fortasse
1917 2690 2073 2746 intel-

509 2772 785 2843 ligentiam
822 2776 1170 2847 detorquens,
1212 2794 1318 2835 non
1349 2782 1415 2835 de
1440 2781 1549 2836 Deo
1576 2780 1753 2837 Verbo
1776 2781 1893 2837 haec
1915 2781 2075 2837 intel-

510 2863 720 2933 ligenda
748 2880 962 2934 censes,
997 2871 1090 2924 sed
1121 2870 1302 2925 abillo
1332 2870 1607 2936 auferens,
1638 2881 1694 2927 et
1727 2872 1954 2929 seorsim
1988 2888 2075 2928 se-

510 2969 708 3024 parans
733 2970 856 3012 eum
888 2960 979 3028 qui
1003 2968 1085 3015 est
1107 2960 1174 3015 de
1207 2968 1390 3016 sancta
1424 2961 1646 3034 Virgine
1676 2963 1918 3032 genitus,
1956 2970 2075 3019 tan-

510 3061 670 3115 quam
711 3046 873 3101 alium
905 3049 1095 3113 ﬁlium,
1124 3050 1209 3109 illi-
1232 3052 1347 3111 haec
1387 3051 1513 3107 talia
1551 3054 1840 3108 convenire
1871 3062 1922 3107 et
1962 3054 2078 3123 ipse

511 3136 765 3204 afﬁrmas,
814 3149 871 3195 et
921 3140 1040 3196 aliis
1072 3151 1127 3196 et
1172 3142 1336 3198 etiam
1374 3143 1701 3213 persuadere
1746 3143 1992 3213 conaris,
2018 3152 2078 3197 ut

509 3227 700 3283 eadem
735 3238 908 3284 tecum
936 3239 993 3284 et
1018 3231 1260 3286 sentiant
1291 3240 1351 3286 et
1372 3232 1681 3302 loquantur.
1709 3232 1786 3286 Ac
1814 3235 1971 3302 plane
1998 3233 2078 3286 di-

510 3331 623 3384 ces,
656 3319 992 3387 unigenitum
1030 3322 1120 3377 Dei
1148 3320 1552 3388 Yerbum,.cum
1586 3324 1658 3379 sit
1687 3324 1944 3379 Dominus
1966 3324 2080 3394 glo-

512 3409 628 3473 riae,
659 3425 932 3480 nunquam
960 3420 1217 3482 tauquam
1252 3412 1435 3484 gloria:
1466 3416 1715 3483 inopem,»
1735 3414 1881 3473 illam
1915 3430 1945 3469 a
1980 3415 2079 3471 Pa-

513 3511 597 3556 tre
622 3502 788 3557 fuisse
821 3504 1138 3572 petiturum.
1176 3505 1377 3576 Accipe
1417 3508 1583 3577 igitur
1611 3508 1831 3567 etiama
1878 3510 2074 3565 nobis:

512 3591 559 3645 si
592 3607 696 3646 non
741 3593 918 3663 ipsum
948 3609 1073 3651 esse
1101 3595 1238 3653 dicis
1263 3595 1413 3654 illum
1438 3612 1504 3654 ex
1526 3598 1637 3655 Deo
1664 3600 1954 3655 secundum
1986 3616 2081 3655 na-

513 3691 690 3737 turam
713 3684 907 3740 Filium
935 3687 1303 3757 unigenitum,
1323 3690 1415 3760 qui
1445 3691 1498 3747 iu
1540 3690 1625 3747 his
1648 3692 1827 3747 verbis
1854 3692 2079 3762 gloriam

515 3788 545 3828 a
575 3772 736 3829 Patre
766 3776 1016 3844 postulet,
1066 3779 1188 3847 quis
1238 3794 1370 3851 ergo
1413 3780 1501 3837 ille
1541 3791 1661 3837 erat
1685 3783 1778 3854 qui
1819 3783 2076 3839 dicebat:

520 3883 542 3917 ι
597 3864 850 3923 Clariﬁca
908 3883 995 3924 me
1051 3870 1297 3927 claritate
1348 3886 1509 3941 quam
1568 3873 1732 3929 habui
1788 3884 2080 3946 antequam

519 3958 750 4015 mundus
782 3960 955 4027 ﬁeret,
987 3962 1125 4031 apud
1161 3964 1260 4019 te?
1301 3982 1321 4015 ι
1352 3963 1449 4020 Dic
1479 3979 1609 4036 ergo
1640 3966 1808 4033 mihi,
1846 3982 2079 4036 quonam

516 4055 675 4111 modo
706 4055 797 4111 ille
827 4070 894 4110 ex
919 4068 1103 4114 sancta
1120 4058 1363 4129 Virgine,
1390 4060 1583 4127 homo,
1606 4069 1665 4116 ut
1701 4070 1757 4115 tu
1791 4060 2043 4131 intelligis
2063 4100 2079 4127 ,

515 4151 739 4203 seorsim
808 4152 1041 4220 positus,
1085 4162 1217 4208 ante.
1255 4152 1512 4208 mttndum
1562 4153 1722 4208 erat?
1768 4153 1960 4207 Annon
2004 4151 2082 4207 illi

515 4240 828 4296 surculorum
870 4244 1138 4298 conditori
1179 4246 1431 4300 convenit
1474 4246 1675 4300 mundo
1721 4246 2078 4315 antiquiorem

514 4332 713 4387 habere
762 4334 1189 4399 subsistentiam,
1245 4344 1301 4390 et
1348 4335 1494 4391 Patri
1538 4345 1863 4392 coaeternam
1882 4338 1914 4391 ἲ.
1936 4349 2082 4394 certe

513 4440 674 4481 nemo
720 4442 885 4481 sanus
931 4424 1210 4483 dubitarit.
1270 4426 1495 4492 Quando
1542 4443 1672 4499 ergo
1728 4431 2091 4500 semetipsum

2171 1970 2375 2041 φθορᾶς
2428 1968 2668 2039 ἀμείνων
2708 1966 2784 2032 ὡς
2826 1967 2982 2030 Θεός.
3039 1965 3151 2019 Καὶ
3198 1963 3333 2032 γοῦν
3379 1960 3483 2032 ἔφη
3542 1961 3742 2014 πάλινο

2176 2081 2194 2114 t
2242 2060 2383 2130 Ἐγώ
2412 2078 2472 2114 σε
2508 2059 2733 2124 ἐδόξασα
2754 2058 2846 2112 ἐπὶ
2872 2057 2975 2126 τῆς
2998 2058 3122 2127 γῆς,
3152 2054 3213 2108 τὸ
3242 2054 3401 2126 ἔργον
3430 2050 3743 2119 τελειώσας,

2169 2152 2198 2206 ὃ
2226 2153 2463 2216 δέδωκάς
2504 2168 2594 2221 μοι
2628 2151 2714 2204 ἵνα
2759 2149 2972 2223 ποιήσω
2992 2162 3005 2175 ·
3054 2146 3149 2201 καὶ
3181 2145 3276 2200 νῦν
3304 2143 3523 2209 δόξασόν
3557 2160 3624 2213 με
3654 2143 3742 2205 σῖ),

2172 2245 2378 2315 Πάτερ,
2406 2242 2556 2313 παρὰ
2603 2241 2812 2312 σεαυτῷ
2840 2243 2906 2312 τῇ
2936 2238 3062 2311 δόξῃ
3196 2233 3343 2309 εἶχον
3386 2234 3492 2306 πρὸ
3520 2232 3615 2287 τοῦ
3651 2233 3748 2285 τὸν

2174 2336 2376 2405 κόσμον
2410 2329 2572 2398 εῖναι,
2608 2332 2761 2405 παρὰ
2795 2331 2898 2385 σοί.
2937 2350 2956 2385 ι
3001 2332 3203 2402 Ἔργον
3233 2329 3291 2382 δὲ
3328 2324 3745 2397 τετελειωμένον

2172 2424 2337 2494 ἐσμὲν
2361 2425 2542 2495 ἡμεῖς,
2570 2422 2646 2486 ὡς
2677 2423 2736 2476 ἐν
2764 2419 2912 2491 αὐτῷ
2951 2419 3045 2473 καὶ
3076 2416 3276 2489 πρώτῳ
3312 2416 3575 2478 νικῶντες
3611 2412 3745 2482 φθο-

2175 2517 2293 2587 ρὰν,
2336 2515 2517 2568 καὶτὸ
2552 2513 2646 2567 τοῦ
2687 2513 2921 2567 θανάτου
2951 2509 3245 2573 πατοῦντες
3280 2510 3513 2579 κράτος·
3548 2503 3747 2559 ἀνεϐίω

2171 2607 2279 2676 γὰρ
2324 2606 2392 2659 ἐκ
2428 2604 2658 2676 νεκρῶν,
2687 2603 2897 2665 πάντας
2944 2601 3080 2671 ἔχων
3124 2601 3182 2652 ἐν
3226 2598 3429 2669 ἐαυτῷ.
3474 2595 3614 2650 Ἀλλ’
3656 2595 3745 2664 ἐφ’

2173 2698 2365 2770 ἑτέρας
2394 2698 2524 2760 ἴσως
2552 2696 2763 2758 ἐννοίας
2814 2691 3163 2764 ἀποκομίζων
3196 2691 3259 2745 τὸ
3291 2689 3598 2763 εἰρημένον,
3645 2690 3747 2743 οὐκ

2171 2789 2263 2843 ἐπί
2309 2805 2372 2857 γε
2414 2787 2504 2841 τοῦ
2541 2787 2677 2841 Θεοῦ
2725 2785 2900 2855 Λόγου
2944 2785 3103 2838 ταυτὶ
3147 2783 3212 2854 δὴ
3268 2782 3462 2853 χρῆναι
3509 2778 3747 2835 νοεῖσθαι

2174 2878 2353 2950 φαμέν
2386 2877 2498 2951 [τσ.
2528 2877 2634 2948 φὴς
2660 2876 2813 2949 μέν]·
2847 2876 3138 2947 ἀποφέρων
3166 2876 3223 2928 δὲ
3267 2873 3430 2928 αὐτοῦ
3455 2874 3548 2927 καὶ
3575 2874 3748 2936 τιθεὶς

2174 2971 2276 3026 ἀνὰ
2304 2971 2467 3042 μέρος
2492 2970 2588 3023 τὸν
2635 2972 2700 3023 ἐκ
2723 2969 2821 3039 τῆς
2844 2968 3006 3036 ἁγίας
3034 2966 3315 3036 Παρθένου
3348 2964 3746 3035 γεγεννημένον

2174 3064 2251 3126 ὼς
2292 3062 2478 3132 ἓτερον
2505 3062 2640 3126 υἱὸν,
2676 3059 2824 3131 αὑτῷ
2870 3058 2940 3113 τὰ
2984 3058 3164 3112 τοιάδε
3206 3058 3437 3130 πρέπειν
3476 3074 3538 3110 τε
3585 3056 3748 3120 αὐτὸς

2175 3154 2491 3219 διαϐεϐαιοῖ,
2529 3153 2623 3207 καὶ
2655 3152 2759 3224 μὴν
2786 3152 2882 3205 καί.
2916 3150 3136 3222 ἐτέρους
3162 3149 3475 3204 ἀναπείθειν
3526 3148 3746 3220 ἐπείγῃ,

2177 3246 2351 3301 ταῦτά
2388 3245 2499 3319 [ἴον.
2546 3244 2742 3318 ταυτά]
2783 3263 2866 3299 σοι
2911 3245 3128 3316 φρονεῖν
3170 3243 3264 3296 καὶ
3309 3242 3511 3313 λέγειν.
3572 3242 3749 3311 Ἐρεῖς

2176 3340 2235 3393 δέ
2259 3356 2362 3393 που
2392 3338 2627 3403 πάντως,
2659 3338 2741 3391 ὅτι
2768 3337 2870 3408 τῆς
2892 3336 3048 3407 δόξης
3069 3334 3271 3406 Κύριος
3292 3334 3372 3387 ὢν
3400 3336 3429 3388 ὁ
3453 3332 3749 3404 μονογενὴς

2177 3431 2272 3486 τοῦ
2297 3431 2431 3485 Θεοῦ
2465 3431 2656 3499 Λόγος,
2687 3430 2787 3483 οὐκ
2827 3431 2893 3484 ἂν
2924 3429 3001 3493 ὡς
3026 3427 3183 3499 δόξης
3221 3427 3480 3499 ὑπάρχων
3508 3424 3746 3494 ἐπιδεὴς,

2178 3524 2410 3595 ἐζήτησε
2439 3521 2538 3595 τὴν
2568 3521 2720 3592 παρὰ
2760 3520 2995 3592 Πατρός.
3028 3521 3224 3574 Ἀκουε
3261 3519 3440 3572 τοίνυν
3478 3518 3570 3571 καὶ
3610 3514 3755 3586 πρὸς

2176 3613 2363 3685 ⁴ἡμῶν·
2396 3614 2445 3665 εἰ
2476 3611 2551 3683 μὴ
2591 3611 2753 3666 αὐτὸν
2782 3605 2923 3664 εἶναι
2960 3609 3066 3682 φὴς
3093 3609 3185 3663 τὸν
3218 3610 3283 3662 ἐκ
3309 3605 3442 3661 Θεοῦ
3481 3605 3621 3660 κατὰ
3648 3603 3750 3674 φύ-

2179 3725 2265 3760 σιν
2294 3706 2424 3759 Υἱδν
2461 3704 2742 3776 μονογενῆ,
2782 3702 2940 3770 δόξαν
2983 3703 3042 3755 ἐν
3067 3700 3275 3762 τούτοις
3309 3697 3563 3752 αἰτοῦντα
3596 3696 3750 3766 παρὰ

2178 3800 2273 3853 τοῦ
2302 3799 2550 3869 Πατρὸς,
2585 3796 2670 3861 τίς
2704 3792 2774 3867 ἦν
2805 3796 2836 3849 ό
2863 3795 3057 3864 λέγων,
3098 3813 3119 3846 ι
3154 3791 3385 3857 Δόξασόν
3425 3808 3492 3862 με
3521 3792 3587 3861 τῇ
3621 3789 3751 3861 δόξῃ

2179 3885 2215 3963 ᾖ
2240 3886 2383 3961 εἶχον
2409 3890 2515 3961 πρὸ
2538 3887 2633 3943 τοῦ
2669 3888 2761 3941 τὸν
2789 3887 2993 3958 κόσμον
3020 3883 3180 3951 εἶναι,
3225 3883 3375 3954 παρὰ
3414 3883 3496 3936 σοί
3514 3899 3529 3947 ;
3568 3900 3587 3932 ι
3622 3880 3748 3943 Πῶς

2179 3978 2292 4046 οὖν,
2324 3979 2445 4033 εἰπέ
2482 3996 2591 4050 μοι,
2617 3978 2952 4049 προκόσμιος
2975 3978 3092 4031 όέκ
3124 3978 3222 4046 τῆς
3265 3973 3427 4042 ἁγίας
3468 3972 3749 4043 Παρθένου

2179 4072 2321 4127 κατὰ
2350 4071 2408 4124 σὲ
2435 4069 2725 4141 νοούμενος
2751 4069 3034 4139 ἄνθρωπος
3061 4067 3281 4132 ἰδικῶςς
3318 4063 3447 4135 Ἆρ’
3470 4063 3589 4133 οὐχὶ
3615 4063 3750 4133 πρέ-

2180 4181 2271 4216 ποι
2303 4161 2369 4215 ἂν
2400 4160 2477 4232 τῷ
2516 4160 2627 4214 τῶν
2657 4159 2867 4214 αἰώνων
2894 4155 3229 4228 δημιουργῷ,
3259 4154 3340 4220 τὸ,
3373 4152 3749 4226 πρεσϐυτέραν

2181 4252 2327 4323 ἔχειν
2371 4250 2464 4304 τοῦ
2512 4251 2719 4320 κόσμου
2765 4247 2864 4318 τὴν
2909 4244 3162 4317 ὓπαρξιν,
3214 4244 3309 4298 καὶ
3361 4242 3628 4295 συναῖδιον
3668 4240 3748 4310 τῷ

2180 4342 2385 4415 Πατρί;
2413 4340 2528 4396 ἀλλ’
2557 4342 2658 4394 οὐκ
2699 4339 2766 4393 ἂν
2795 4337 3088 4392 ἐνδοιάσειέ
3136 4354 3219 4401 τις
3263 4335 3371 4389 τῶν
3414 4331 3475 4389 εὖ
3533 4337 3747 4404 φρονεῖν

2182 4433 2468 4487 εἰωθότων.
2499 4432 2626 4486 Ὅτε
2650 4430 2827 4484 τοίνυν
2855 4428 3045 4484 ἑαυτὸν
3073 4428 3346 4481 κεκένωκε
3386 4425 3595 4497 μορφὴν
3623 4423 3745 4479 δού-

512 4519 831 4583 cxinanivit,
857 4519 1086 4575 formam
1123 4520 1262 4575 servi
1294 4520 1563 4590 accipiens
1580 4519 1664 4587 “,
1700 4530 1812 4574 tum
1850 4522 2073 4592 denique

2181 4526 2272 4579 λου
2309 4524 2509 4587 λαϐὼν,
2545 4524 2665 4577 τότε
2695 4522 2780 4592 δὴ,
2812 4522 2935 4575 τότε
2967 4521 3061 4575 καὶ
3093 4522 3173 4583 εἰς
3220 4519 3320 4590 τὴν
3342 4517 3569 4572 ἐνοῦσαν
3598 4515 3748 4586 αὐτῷ

512 4610 674 4665 etiam
709 4610 772 4664 ad
797 4626 914 4665 eam
951 4611 1175 4679 gloriam
1203 4626 1323 4681 quae
1352 4612 1455 4667 sibi
1493 4612 1787 4667 secundum
1834 4621 2078 4666 naturam

513 4704 707 4768 inerat,
733 4718 853 4758 cum
887 4704 1033 4757 unita
1062 4704 1162 4759 sibi
1200 4718 1412 4774 quoque
1450 4718 1614 4759 carne
1659 4704 1838 4759 redire
1867 4703 2077 4768 volens,

512 4804 812 4864 opportune
862 4793 1092 4849 dixiin
1132 4794 1380 4850 Clariiica
1442 4809 1530 4849 me
1587 4802 1666 4859 tu,
1725 4793 1906 4861 Pater,
1938 4794 2078 4863 apud

512 4895 833 4955 temetpsum
874 4886 1119 4939 claritate
1166 4900 1326 4955 quam
1370 4886 1534 4941 habui
1575 4886 1885 4956 priusquam
1918 4900 2077 4942 mun-

511 4982 609 5032 dus
642 4987 806 5042 esset,
835 4979 972 5048 apud
1002 4988 1081 5045 te;
1121 4987 1181 5032 ut
1220 4979 1452 5034 mundus
1501 4978 1686 5033 credat
1730 4978 1853 5048 quia
1903 4988 1958 5033 tu
1989 4994 2076 5033 me

512 5066 728 5121 misisti.
770 5066 831 5120 Et
860 5082 958 5136 ego
986 5067 1284 5121 claritatem
1316 5084 1480 5137 quam
1522 5067 1717 5125 dedisti
1761 5069 1929 5133 mihi,
1951 5067 2073 5125 dedi

509 5160 609 5220 eis,
644 5166 703 5211 ut
727 5158 835 5213 sint
866 5174 1051 5224 unum,
1089 5159 1230 5213 sicut
1261 5174 1359 5215 nos
1390 5175 1580 5215 unum.
1614 5160 1726 5229 Ego
1753 5160 1806 5214 in
1838 5160 1986 5229 ipsis,
2018 5169 2074 5214 et

511 5248 649 5298 tuin
688 5261 811 5313 me;
859 5257 918 5300 ut
957 5246 1067 5301 sint
1107 5250 1462 5304 consummati
1506 5250 1561 5303 in
1605 5266 1771 5308 unum
1796 5250 1860 5303 η.
1904 5266 1926 5302 ι
1970 5249 2076 5305 Per

512 5338 685 5406 ipsum
723 5339 887 5407 igitur
912 5338 1404 5396 reconciliationem
1445 5342 1750 5412 accepimus
1776 5360 1803 5407 :_
1825 5343 1900 5396 ita
1928 5341 2074 5396 enim

511 5445 645 5499 opus
666 5432 1057 5485 consummavit
1092 5432 1233 5501 quod
1270 5433 1417 5489 dedit
1447 5433 1549 5506 ipsi
1598 5435 1663 5491 ad
1697 5449 2079 5491 consumman-

512 5522 636 5575 dum
674 5522 851 5578 Pater.
894 5524 1233 5579 Assertorem
1273 5540 1518 5581 meorum
1554 5527 1843 5582 verborum
1883 5541 2075 5582 rursus

511 5612 693 5669 citabo
720 5612 934 5669 beatum
960 5612 1183 5671 Paulum
1202 5617 1275 5674 ita
1301 5618 1631 5677 scribentem
1662 5619 1729 5674 ad
1758 5630 1979 5681 vocatos
2006 5632 2074 5673 ex

590 5788 633 5821 ³ο
670 5787 830 5844 Joan.
867 5805 998 5857 xvu,
1038 5791 1230 5850 20-25.
1308 5793 1350 5828 “
1391 5794 1521 5852 ibid.
1552 5796 1668 5851 4-5.

1749 5797 1793 5829 ³³
1819 5795 2050 5867 Philipp.
2087 5812 2145 5865 tt,
2185 5798 2238 5854 ϐ.

2181 4615 2324 4671 κατὰ
2351 4616 2509 4682 φύσιν
2536 4612 2894 4682 ἁναφοιτῆσαι
2922 4609 3078 4675 δόξαν
3111 4609 3330 4674 ἐθέλων,
3363 4609 3456 4662 καὶ
3485 4607 3619 4678 μετά
3646 4606 3748 4676 τῆς

2180 4707 2469 4777 ἑνωθείσης
2497 4705 2643 4776 αὐτῷ
2669 4704 2869 4775 σαρκὸς
2908 4704 2999 4756 ἐπὶ
3025 4699 3216 4772 καιροῦ
3249 4717 3417 4771 φησι·
3450 4720 3469 4752 t
3517 4699 3747 4766 Δόξασόν

2182 4815 2249 4869 με
2295 4800 2380 4861 σὺ,
2417 4797 2619 4867 Πάτερ,
2660 4796 2813 4866 παρὰ
2856 4793 3068 4864 σεαυτῷ
3097 4794 3167 4863 τῇ
3198 4790 3325 4863 δόξῃ
3449 4787 3592 4863 εἶχον
3639 4790 3746 4861 πρὸ

2175 4887 2271 4940 τοῦ
2305 4888 2393 4941 τὸν
2432 4887 2636 4957 κόσμον
2681 4879 2823 4938 εἶναι
2867 4881 3019 4954 παρὰ
3068 4882 3169 4946 σοὶ,
3201 4883 3289 4935 ἵνα
3336 4882 3364 4934 ὁ
3409 4880 3611 4948 κόσμος
3650 4897 3744 4931 πι-

2184 4978 2382 5049 στεύσῃ
2416 4979 2500 5031 ὅτι
2528 4976 2591 5030 σύ
2626 4992 2693 5047 με
2732 4973 3086 5037 ἀπέστειλας’
3123 4971 3278 5040 κάγὼ
3319 4972 3418 5041 τὴν
3462 4971 3618 5037 δόξαν
3660 4970 3730 5041 ἦν

2179 5070 2416 5132 δέδωκάς
2451 5086 2562 5139 μοι,
2611 5067 2819 5123 δέδωκα
2866 5066 3069 5130 αὐτοῖς,
3117 5064 3206 5118 ἵνα
3249 5056 3381 5117 ὦσιν
3430 5062 3508 5124 ἓν,
3558 5060 3744 5125 καθὼς

2177 5161 2341 5232 ἡμεῖς
2370 5160 2463 5214 ἔν’
2513 5159 2623 5229 ἐγὼ
2657 5161 2716 5212 ἐν
2756 5158 2938 5221 αὐτοῖς
2982 5157 3076 5211 καὶ
3119 5156 3183 5209 σὺ
3236 5156 3295 5210 ἐν
3343 5155 3487 5225 ἐμοὶ,
3522 5154 3610 5207 ἵνα
3642 5147 3751 5207 ὦσι,

2178 5250 2586 5323 τετελειωμένοι
2617 5251 2699 5313 εἰς
2729 5248 2820 5314 ἓν,
2838 5267 2857 5301 ι
2882 5249 2959 5313 Διῗ
2986 5247 3150 5301 αὐτοῦ
3180 5246 3465 5316 τοιγαροῦν
3485 5244 3583 5315 τὴν
3614 5261 3743 5297 κατ-

2178 5343 2419 5415 αλλαγὴν
2446 5340 3125 5414 ἐσχήκαμενοιτετελείωκε
3157 5339 3269 5410 γὰρ
3296 5338 3437 5391 οὕτω
3468 5338 3529 5391 τὸ
3559 5337 3747 5407 ἔργον,

2176 5436 2207 5489 ὃ
2228 5436 2456 5489 δέδωκεν
2482 5432 2632 5504 αὐτῷ
2659 5435 2739 5496 εἰς
2760 5432 3034 5499 τελείωσιν
3080 5432 3108 5486 ὁ
3150 5431 3359 5503 Πατήρ.
3392 5428 3742 5500 Συλλήπτορα

2176 5525 2233 5578 δὲ
2274 5526 2393 5583 τῶν,
2413 5524 2561 5596 ἐμῶν
2590 5522 2763 5590 λόγων
2789 5524 3086 5594 ποιήσομαι
3133 5520 3295 5575 πάλιν
3331 5520 3422 5573 τὸν
3454 5518 3742 5590 ἱερώτατον

2178 5618 2409 5683 Παῦλον,
2439 5616 2537 5671 ὡδὶ
2559 5615 2872 5687 γεγραφότα
2900 5617 3010 5679 τοῖς
3047 5614 3105 5680 ἐξ
3153 5614 3322 5669 ἐθνῶν
3350 5612 3705 5683 κεκλημένοις
3724 5625 3739 5641 ·

2314 5797 2357 5830 ⁸³
2382 5794 2541 5851 .loan.
2571 5808 2713 5863 xvu‘,
2735 5792 2993 5862 5,21-25.
