4104 6336
516 336 631 393 299

1553 353 1612 409 S.
1655 357 1929 416 CYRILLI
1968 363 2437 424 ALEXANDRINI
2475 371 2795 431 ARCHIEP.

3667 385 3770 438 220

517 464 806 509 remotum.
849 453 1053 514 Deinde
1098 477 1220 515 cum
1257 479 1412 531 passa
1448 482 1595 524 essct
1623 473 1720 540 ipsi
1754 478 1900 531 unita
1946 495 2061 535 cart

517 548 684 571 ..-ι-ιιι-
718 547 807 571 ha:
863 552 994 571 -2__-.
1032 554 1128 571 _A__e
1180 565 1189 571 .
1384 567 1393 571 -
1705 565 1736 571 .-

2163 516 2173 543 ,
2203 483 2388 555 θείσης
2419 488 2568 558 αὐτῷ
2598 492 2818 562 σαρκὸς,
2856 492 3036 564 χάριτι
3067 496 3223 561 Θεοῦ,
3268 499 3408 552 κατά
3440 497 3500 551 τὸ
3527 516 3771 571 γεγραμ-

514 548 687 612 gratia
716 547 834 613 Dei,
860 552 997 604 sicut
1027 554 1287 622 scriptum
1316 567 1417 619 est,
1447 575 1544 627 pro
1571 565 1823 621 omnibus
1861 575 2095 639 gustavit

513 650 741 695 mortem
772 642 818 671 “
848 661 860 695 ε
900 654 957 696 ut
990 660 1109 698 cum
1145 648 1402 714 templum
1437 667 1593 705 suum
1623 668 1796 711 morte
1820 675 1939 728 qua:
1978 679 2093 717 om-

511 744 607 782 nes
634 731 723 797 qui
758 731 810 784 in
846 734 1003 787 terris
1042 746 1170 789 sunt
1212 739 1439 805 vicerat,
1481 742 1677 800 fortius
1717 764 1781 803 ac
1823 755 2091 818 potentius

510 820 854 885 reddidisset,
898 826 1151 892 primitiae
1184 830 1565 887 dormientium
1590 848 1736 892 esset
1762 840 1849 907 ιδ’,
1879 854 1932 897 et
1976 847 2088 913 pri-

509 914 813 979 utogenitus
854 930 924 968 ex.
958 919 1185 973 mortuis
1210 921 1296 986 ‘7;
1351 928 1770 983 transmittendo
1811 943 1989 989 autem
2035 938 2087 993 in

506 1013 604 1051 nos
654 1015 869 1069 quoque
912 1020 1030 1058 eam
1082 1010 1312 1073 gratiam
1362 1024 1618 1081 tanquam
1668 1036 1804 1076 unus
1846 1040 1910 1079 ac
1941 1026 2086 1082 solus

503 1084 673 1142 Filius
697 1100 752 1144 et
775 1105 1065 1163 antequam
1090 1110 1235 1153 esset
1263 1101 1422 1156 homo
1445 1104 1639 1171 factus,
1662 1121 1715 1163 et
1736 1123 2085 1186 posteaquam

503 1187 588 1229 est
628 1179 820 1244 factus,
864 1182 1114 1239 Salvator
1159 1191 1546 1258 appellaretur,
1598 1207 1653 1253 et
1710 1203 2082 1263 universorum

501 1266 765 1325 liberator
808 1293 820 1327 :
857 1290 1089 1346 cumque
1135 1296 1163 1332 a
1210 1293 1465 1351 peccato,
1506 1296 1562 1341 ut
1608 1290 1739 1357 dixi,
1797 1294 2083 1355 liberasset

499 1373 688 1415 omnes
713 1365 805 1431 qui
829 1366 882 1419 in
906 1382 1028 1420 eum
1056 1372 1364 1440 crederent,
1390 1392 1495 1444 pax
1521 1379 1673 1435 ﬁeret
1697 1383 1764 1437 iis
1784 1387 1872 1454 qui
1904 1387 2079 1459 longe,

498 1459 553 1502 et
584 1451 649 1504 iis
673 1454 763 1521 qui
804 1471 990 1525 prope,
1039 1464 1403 1521 reconciliatis
1436 1484 1534 1536 per
1566 1486 1625 1525 se
1655 1473 1830 1541 ipsum
1875 1478 1986 1534 Deo
2016 1497 2080 1535 ac

498 1538 643 1594 Patri
673 1544 739 1597 iis
772 1547 863 1613 qui
898 1547 1026 1602 olim
1061 1563 1332 1609 creatura:
1371 1561 1695 1627 servierant,
1737 1576 1790 1620 et
1831 1583 1924 1637 per
1951 1586 2075 1639 pec-

496 1622 676 1687 catum
716 1636 823 1690 Deo
846 1640 1088 1694 omnium
1121 1646 1330 1711 optimo
1352 1659 1507 1704 erant
1533 1651 1844 1712 inimici.At
1871 1674 1999 1715 vero
2023 1663 2073 1717 in

495 1721 631 1776 duos
662 1724 859 1781 iterum
906 1729 1043 1785 ﬁlios
1078 1732 1324 1791 dividens
1356 1754 1520 1793 unum
1569 1742 1855 1802 Dominum
1889 1748 2074 1807 Jesum

495 1810 794 1880 Christum,
826 1819 908 1873 sic
943 1820 1057 1877 fere
1086 1824 1216 1879 dicit
1248 1845 1261 1881 :

563 1922 801 1981 Nssron.
835 1933 1006 1999 [Audi
1037 1936 1197 1989 etiam
1222 1937 1365 1993 aliud
1390 1940 1630 2009 ipsorum
1664 1950 2071 2011 testimonium:

496 2031 516 2063 ι
552 2012 605 2068 Si
640 2018 781 2070 enim
819 2027 1214 2096 cognovissent,
1254 2049 1525 2103 nunquam
1558 2041 1844 2101 Dominum
1888 2050 2073 2119 gloria:

489 2107 885 2166 cruciﬁxissent
909 2114 975 2168 ⁸⁸.
1008 2136 1025 2168 ι
1060 2119 1197 2175 Ecce
1231 2122 1516 2183 Dominum
1555 2132 1737 2201 gloria:
1768 2139 1916 2193 dicit.
1950 2141 2070 2197 Non

487 2199 568 2252 sic
606 2202 839 2270 appellat
867 2206 1279 2281 humanitatem,
1306 2220 1399 2271 sed
1436 2222 1791 2281 divinitatem.
1830 2229 1941 2286 Hoc
1973 2248 2071 2288 au-

487 2298 592 2343 tem
620 2303 703 2347 est
741 2295 1018 2354 hominum
1054 2319 1318 2360 summam
1353 2309 1497 2365 illam
1522 2317 1922 2384 copulationem
1956 2325 2068 2382 dis-

488 2381 837 2439 trahentium.
881 2388 1015 2443 Cum
1059 2396 1201 2447 enim
1240 2397 1396 2463 dicis,
1432 2401 1575 2456 hunc
1601 2419 1707 2459 non
1734 2421 1854 2461 esse
1886 2410 2067 2466 Domi-

483 2488 632 2539 num,
661 2475 807 2530 illum
831 2494 975 2546 esse,
999 2492 1051 2535 tu
1077 2485 1275 2539 nudum
1308 2489 1581 2547 hominem
1610 2494 2061 2558 facis‘Christum.

482 2563 620 2629 Quid
645 2580 774 2636 ergo
792 2570 892 2624 sub
908 2573 1281 2631 ecclesiastica
1313 2595 1541 2648 persona
1575 2586 1731 2649 dicis,
1770 2589 2063 2647 haeretice?

481 2652 815 2713 Dominusne
853 2672 937 2716 est
966 2665 1131 2719 etiam
1165 2667 1283 2737 ipse
1314 2673 1496 2739 homo,
1533 2690 1601 2728 an
1639 2681 1843 2733 secus?
1866 2683 1911 2735 si
1941 2685 2061 2750 qui-

479 2748 601 2802 dem
633 2749 911 2821 Dominus,
945 2761 1352 2818 comnmuicnut
1383 2765 1596 2821 interse
1625 2785 1745 2839 qum
1764 2774 2053 2845 dicuntur;

480 2840 563 2892 sin
593 2842 793 2909 minus,
828 2847 933 2899 noli
968 2859 1021 2900 tu
1054 2866 1176 2905 cum
1226 2859 1421 2910 nmium
1463 2874 1526 2913 ac
1551 2860 1849 2933 simplicem
1883 2867 2054 2922 homi-

478 2942 601 2983 nem
628 2929 902 2987 Christum
935 2935 1122 3005 facias,
1163 2943 1291 2996 mihi
1326 2947 1427 3001 hoc
1456 2952 2051 3027 probrumimpingere.

477 3017 682 3075 Deinde
707 3024 837 3078 dicit
864 3046 878 3081 :
907 3028 1202 3086 Audiamus
1230 3035 1445 3092 beatum
1471 3040 1698 3098 Paulum
1734 3017 2052 3116 apertecla-

478 3123 733 3179 titantem,
785 3119 1029 3185 quisnam
1078 3125 1148 3178 sit
1196 3126 1287 3181 illc
1340 3133 1652 3191 cruciﬁxus.
1705 3141 1843 3193 Audi
1891 3142 2126 3216 igiturc

475 3205 817 3269 apertissime
846 3210 962 3278 ejus
990 3228 1178 3270 vocem
1212 3239 1223 3272 :
1258 3236 1276 3270 ι
1311 3219 1523 3276 Etenim
1556 3228 1849 3284 cruciﬁxus
1887 3241 2054 3288 estex

476 3293 811 3363 inﬁrmitate,
847 3303 940 3356 sed
977 3305 1106 3360 vivit
1151 3322 1219 3361 ex
1268 3312 1470 3366 virtute
1513 3315 1605 3369 Dei
1634 3317 1700 3371 ‘9.
1737 3338 1755 3369 ι
1795 3320 1849 3373 Si
1881 3325 2053 3378 cruci-

475 3385 614 3439 tixus
635 3399 800 3445 estex
824 3393 1155 3461 inﬁrmitate,
1175 3401 1298 3469 quis
1320 3401 1623 3463 inﬁrmatus
1645 3421 1745 3477 est,
1772 3412 2055 3469 hairctice?

473 3477 633 3533 illene
663 3480 805 3537 Deus
840 3484 1068 3543 Verbqu
1089 3490 1147 3563 ?]

1134 3672 1283 3728 CAP.
1327 3677 1387 3733 ll.

538 3814 735 3873 Fertur
766 3820 820 3875 in
857 3823 1139 3882 absurdas
1169 3834 1492 3899 sententias,
1540 3846 1594 3892 et
1646 3839 1698 3894 in
1745 3842 2048 3913 improbum

467 3922 706 3976 sensum,
755 3914 861 3967 vim
912 3919 1157 3986 mysterii
1208 3923 1356 3977 nullo
1410 3930 1568 3983 modo
1620 3932 1944 4006 intelligens,
1992 3950 2050 3994 ut

464 3999 595 4053 mihi
624 4001 857 4068 videtur,
892 4010 985 4060 sed
1014 4024 1111 4063 sua
1140 4026 1445 4070 commenta
1478 4020 1673 4090 ubique
1705 4040 1958 4095 sequens,
1986 4047 2048 4086 ac

464 4088 694 4148 fortasse
748 4108 1015 4167 metuens,
1070 4119 1137 4158 ne
1185 4108 1458 4177 quidpiam
1512 4116 1652 4182 quod
1698 4129 1903 4175 rectum
1950 4134 2044 4178 aut

461 4197 648 4236 verum
681 4186 773 4249 sit,
807 4190 887 4242 vel
919 4193 1141 4255 sentire.
1177 4199 1260 4250 vel
1287 4199 1464 4269 eloqui
1494 4209 1865 4268 convincatur.
1901 4213 2045 4285 Obji-

460 4273 533 4325 eit
562 4274 706 4329 enim
732 4279 858 4343 sibi,
878 4292 934 4335 ut
965 4281 1079 4350 ipse
1112 4285 1287 4356 ﬁngit,
1307 4293 1736 4353 orthodoxorum
1766 4304 2043 4360 hominum

459 4380 619 4420 voces
661 4384 677 4420 :
722 4371 818 4425 sed
866 4375 1045 4430 denuo
1094 4378 1183 4432 illa
1226 4397 1427 4449 ponere
1467 4388 1888 4458 deprehenditur
1923 4412 2042 4465 qua-

2199 575 2377 643 μένον,
2405 578 2539 651 ὑπὲρ
2565 582 2764 644 παντὸς
2786 584 3045 651 ἐγεύσατο
3077 588 3306 642 θανάτου
3327 607 3341 620 ·
3367 591 3472 655 ἵνα,
3504 590 3598 644 τοῦ
3635 592 3768 645 πάν-

2194 683 2295 729 τας
2340 671 2678 738 νενικηκότος
2720 675 2846 737 τοὺς
2889 677 2981 729 ἐπὶ
3008 679 3105 749 τῆς
3152 680 3257 750 γῆς
3289 681 3379 734 τὸν
3420 682 3617 735 ἑαυτοῦ
3640 685 3766 737 ναὸν

2192 760 2476 830 ἀποφήνας
2528 764 2834 833 κρείττονα,
2887 771 3198 842 χρηματίσῃ
3252 772 3352 842 μὲν
3399 774 3620 844 ἀπαρχὴ
3658 776 3764 828 τῶν

2192 853 2622 922 κεκοιμημένων,
2640 857 2732 910 καὶ
2765 859 3104 927 πρωτότοκος
3126 862 3189 912 ὲκ
3218 863 3455 929 νεκρῶν*
3477 865 3764 933 παραπέμ-

2191 960 2306 994 πων
2330 942 2386 995 δὲ
2412 944 2506 996 καὶ
2544 946 2622 1008 εἰς
2646 949 2792 1015 ἡμᾶς
2824 949 2922 1020 τὴν
2956 950 3136 1019 χάριν,
3177 951 3251 1014 ὼς
3272 946 3352 1015 εἷς
3386 970 3445 1005 τε
3473 955 3566 1007 καὶ
3604 955 3761 1025 μόνος

2190 1032 2447 1103 ὑπάρχων
2470 1036 2597 1099 Υἱὸς
2624 1038 2716 1091 καὶ
2749 1040 2857 1109 πρὸ
2888 1042 2985 1111 τῆς
3013 1043 3491 1115 ἐνανθρωπήσεως,
3522 1047 3615 1099 καὶ
3641 1049 3758 1118 μετ’

2194 1125 2362 1194 αὐτὴν
2411 1127 2490 1180 ἔτι
2537 1130 2726 1202 Σωτὴρ
2779 1133 3141 1204 ὀνομάζηται,
3189 1137 3282 1189 καὶ
3329 1136 3605 1209 λυτρωτὴς
3650 1140 3759 1193 τῶν

2185 1216 2321 1271 ὅλων
2341 1235 2353 1246 ·
2381 1213 2500 1273 εἶτα
2523 1222 2621 1291 τῆς
2656 1224 2944 1293 ἁμαρτίας,
2974 1226 3047 1289 ὡς
3090 1227 3243 1298 ἔφην,
3268 1228 3566 1299 ἐλευθερῶν
3586 1232 3757 1284 ἀπαν-

2182 1325 2279 1371 τας
2327 1310 2451 1373 τοὺς
2497 1314 2578 1376 εἰς
2630 1315 2793 1368 αὑτὸν
2848 1317 3221 1383 πιστεύοντας,
3280 1323 3469 1392 εἰρήνη
3530 1324 3754 1393 γένηται

2181 1402 2292 1464 τοῖς
2330 1403 2565 1471 μακρὰν,
2602 1406 2837 1470 καὶτοῖς
2882 1409 3068 1477 ἐγγὺς,
3105 1411 3482 1467 καταλλάττων
3516 1414 3582 1467 δι’
3625 1417 3754 1468 ἑαυ-

2179 1494 2271 1546 τοῦ
2318 1495 2396 1566 τῷ
2426 1497 2544 1569 Θεῷ
2587 1500 2681 1552 καὶ
2717 1503 2891 1573 Πατρὶ¹
2929 1506 3059 1569 τοὺς
3099 1507 3267 1560 πάλαι
3303 1510 3369 1577 τῇ
3399 1508 3576 1561 κτίσει
3600 1509 3754 1562 λελα-

2178 1588 2492 1654 τρευκότας,
2544 1592 2636 1643 καὶ
2686 1591 2773 1646 διὰ
2822 1595 2921 1664 τῆς
2960 1597 3226 1667 ἁμαρτίας
3276 1599 3625 1669 ὲχθρεύοντας
3672 1602 3749 1671 τῷ

2178 1679 2479 1749 παναγὰθῳ
2519 1681 2662 1751 Θεῷ.
2724 1684 2864 1737 Ἀλλ’
2902 1688 2981 1749 είς
3020 1687 3184 1742 δυάδα
3229 1689 3390 1743 πάλιν
3423 1691 3551 1744 υἱῶν
3581 1709 3748 1746 κατα-

2181 1767 2418 1838 μερίζων
2446 1772 2536 1825 τὸν
2573 1774 2671 1828 ἕνα
2713 1776 2920 1848 Κύριον
2969 1780 3176 1849 Ἰησοῦν
3209 1782 3461 1852 Χριστὸν,
3499 1778 3599 1837 ὧδὲ
3643 1787 3744 1839 πού

2178 1876 2341 1929 φησιν
2361 1879 2377 1893 ο

2247 1970 2534 2041 [Ἄκουσον
2578 1978 2671 2030 καὶ
2711 1979 2810 2050 τὴν
2843 1980 3011 2053 ἀλλην
3042 1984 3219 2036 αὐτῶν
3267 1987 3587 2058 μαρτυρίαν.
3624 2008 3642 2040 ‹
3681 1991 3742 2043 Εἰ

2173 2062 2281 2134 γὰρ
2316 2063 2576 2133 ἔγνωσαν,
2618 2070 2716 2123 οὐκ
2754 2070 2819 2123 ἂν
2856 2074 2944 2127 τὸν
2994 2075 3195 2145 Κύριον
3226 2081 3324 2147 τῆς
3353 2078 3507 2148 δόξης
3545 2081 3740 2135 ὲσταύυ

2174 2173 2376 2226 ρωσαν.
2416 2176 2435 2207 ι
2476 2158 2605 2213 Ἰδοὺ
2631 2162 2834 2231 Κύριον
2858 2164 2958 2234 τῆς
2982 2165 3137 2237 δόξης
3162 2167 3328 2235 λέγει.
3363 2170 3435 2222 Ού
3464 2171 3619 2224 καλεῖ
3643 2172 3741 2244 τὴν

2171 2246 2587 2319 ἀνθρωπότητα,
2623 2252 2758 2305 ἀλλά
2792 2254 2891 2323 τὴν
2939 2255 3186 2326 θεότητα.
3219 2259 3387 2313 Τοῦτο
3414 2262 3470 2314 δέ
3502 2264 3613 2317 ἐστι
3645 2268 3740 2319 καὶ

2167 2336 2520 2394 διασπώντων
2567 2342 2664 2414 τὴν
2714 2347 3010 2415 συνάφειαν
3055 2348 3154 2420 τὴν
3191 2351 3425 2423 ἀκριϐῆ·
3474 2356 3601 2408 ὅταν
3630 2358 3741 2427 γὰρ

2166 2428 2343 2497 λέγεις
2387 2433 2467 2485 ὅτι
2510 2428 2663 2497 οὗτος
2703 2436 2801 2505 μὲν
2848 2438 2949 2489 οὐκ
2996 2437 3111 2492 ἔστι
3162 2440 3384 2513 Κύριος,
3434 2446 3637 2509 ἐκεῖνος
3681 2447 3739 2499 δὲ

2164 2518 2390 2589 Κύριος,
2428 2525 2491 2577 σὺ
2535 2525 2690 2595 ψιλὸν
2717 2526 3004 2598 ἄνθρωπον
3033 2533 3205 2595 ποιεῖς
3247 2533 3335 2587 τὸν
3372 2536 3622 2605 Χριστόν.
3674 2537 3741 2589 Τί

2160 2604 2254 2662 οῦν
2288 2610 2465 2679 λέγεις
2504 2616 2561 2668 ἐν
2605 2616 3039 2691 ἐκκλησιαστικῷ
3077 2604 3433 2693 προσωπείῳ,
3463 2625 3735 2694 αἱρετικέ;

2160 2700 2363 2773 Κύριος
2394 2705 2489 2756 καὶ
2518 2707 2546 2757 ό
2588 2706 2892 2778 ἄνθρωπος,
2930 2710 2961 2780 ἢ
2994 2709 3095 2776 ob;
3146 2712 3208 2764 El
3257 2714 3355 2781 μὲν
3392 2709 3482 2767 οὖν
3513 2713 3733 2785 Κύριος,

2161 2798 2407 2846 κοινωνεῖ
2439 2795 2506 2849 τὰ
2536 2795 2802 2869 λεγόμενα
2834 2801 2945 2871 (56)
2967 2817 2980 2829 ·
3022 2804 3070 2855 εί
3110 2803 3165 2857 δὲ
3208 2805 3267 2856 οὐ
3300 2804 3521 2876 Κύριος,
3561 2806 3634 2877 μὴ
3671 2809 3735 2860 σὺ

2157 2883 2309 2949 ψιλὸν
2336 2884 2619 2956 ἄνθρωπον
2648 2889 2737 2941 τὸν
2770 2893 3003 2963 Χριστὸν
3037 2895 3225 2959 ποιῶν,
3268 2898 3391 2966 ἐμοὶ
3435 2899 3734 2968 πρόστριδε

2154 2977 2244 3028 τὸν
2275 2976 2595 3049 ὀνειδισμόν.
2630 2976 2764 3034 Εἶτά
2806 2999 2971 3050 φησιν
2995 3000 3009 3014 ο
3052 2987 3393 3056 Ἀκούσωμεν
3419 2988 3511 3041 τοῦ
3553 3007 3731 3059 μακα-

2157 3068 2271 3137 ρίου
2300 3069 2514 3123 Παύλου
2545 3071 2794 3143 φανερῶς
2827 3077 3179 3149 κεκραγότος,
3216 3079 3297 3141 τίς
3336 3080 3481 3131 ἐστιν
3506 3080 3533 3131 ὁ
3568 3097 3732 3133 σταυο

2159 3159 2372 3229 ρωθείς.
2430 3163 2693 3218 ’Ἄκουσον
2744 3166 2924 3222 τοίνυν
2973 3167 3326 3239 φανεβώτατα
3370 3171 3470 3237 τῆς
3513 3174 3727 3242 φωνῆς’

2162 3267 2182 3299 ι
2219 3252 2327 3303 Καὶ
2355 3252 2464 3324 γὰρ
2488 3256 2826 3329 ἐσταυρώθη,
2858 3263 3042 3331 φησιν,
3076 3264 3131 3330 ἐξ
3164 3264 3465 3330 ἀσθενείας,
3499 3264 3635 3319 ἀλλά
3661 3264 3728 3336 ζῇ

2154 3342 2218 3394 ἐκ
2261 3342 2541 3413 δυνάμεως
2586 3348 2742 3404 Θεοῦ.
2788 3370 2805 3401 ι
2853 3354 2913 3405 Εἰ
2954 3354 3272 3427 ἐσταυρώθη
3322 3358 3381 3423 ἐξ
3422 3358 3729 3427 ἀσθενείαςά

2152 3432 2236 3494 τίς
2267 3434 2582 3507 ἠσθένησεν,
2615 3441 2891 3502 αἱοετικέζ
2926 3447 2953 3498 ὁ
2986 3446 3115 3511 Θεὸς
3144 3448 3312 3517 Λόγος
3332 3449 3379 3521 ;}

2759 3709 2983 3763 ΚΕΦΑΛ
2994 3750 3007 3763 .
3052 3713 3119 3769 B'.

2232 3857 2651 3927 Ἀποκομίζεται
2713 3862 2792 3924 εἰς
2852 3864 3059 3928 ἐννοίας
3126 3866 3424 3936 ἐκτύπους,
3492 3874 3583 3926 καὶ
3640 3875 3722 3939 εἰς

2147 3946 2401 4017 ἀδόκιμον
2456 3949 2603 4017 νοῦν,
2661 3952 2760 4022 τὴν
2810 3952 2902 4006 τοῦ
2968 3960 3263 4029 μυστηρίου
3323 3962 3551 4034 δύναμιν
3598 3970 3717 4021 κατ’

2146 4037 2334 4091 οὐδένα
2370 4040 2569 4110 τρόπον
2610 4047 2831 4110 συνιεὶς,
2891 4046 2967 4110 ὥς
3009 4065 3070 4116 γε
3128 4067 3219 4120 μοι
3260 4055 3528 4122 φαίνεται,
3579 4060 3717 4126 μᾶλ-

2144 4128 2233 4181 λον
2280 4130 2337 4183 δέ.
2384 4148 2465 4183 τοι
2523 4133 2670 4198 ίδίοις
2724 4137 3035 4207 σκέμμασιν
3102 4140 3367 4211 ἑπόμενος
3417 4148 3715 4218 πανταχοῦ,

2144 4221 2236 4272 καὶ
2283 4221 2421 4290 τάχα
2473 4240 2571 4276 που
2626 4226 2831 4290 δεδιὼς,
2894 4229 2967 4298 μὴ
3020 4230 3128 4297 ἀρα
3179 4249 3231 4285 τι
3281 4235 3389 4287 τῶν
3438 4239 3518 4301 εἰς
3560 4238 3717 4309 ὀρθό-

2142 4326 2310 4378 τητα,
2356 4312 2388 4382 ἢ
2433 4312 2707 4383 ἀλήθειαν,
2754 4317 2787 4387 ἢ
2836 4323 3214 4391 πεφρονηκὼς,
3264 4324 3294 4393 ἦ
3337 4324 3528 4393 λέγων,
3580 4329 3712 4400 ἀλῷ.

2156 4399 2529 4473 Ἀντανίστησι
2583 4408 2682 4475 μὲν
2722 4409 2829 4479 γὰρ
2877 4412 3072 4483 ἐαυτῷ,
3115 4414 3363 4485 καθάπερ
3398 4413 3491 4470 οὖν
3522 4399 3712 4483 οἴεται,

460 4473 618 4511 nemo
654 4470 797 4515 recte
846 4466 992 4519 circa
1045 4469 1203 4525 ﬁdem
1241 4474 1548 4541 ingrediens
1596 4485 1823 4538 alterum
1857 4489 2035 4544 dicere

460 4559 734 4574 .....-_-..._
802 4553 927 4574 m_,,
974 4559 1010 4574 η
1110 4561 1120 4573 .
1329 4568 1339 4574 .
1415 4570 1424 4574 -
1529 4573 1546 4574 η

2163 4488 2237 4551 ῖάς
2291 4490 2398 4543 τῶν
2446 4466 2744 4565 όρθοδόξων
2792 4466 2996 4566 (ρώνὰς,
3025 4466 3445 4574 Ικείιταῳιιιράται
3497 4507 3554 4559 δὲ
3603 4509 3713 4560 πά-

457 4559 753 4614 pateretur.
800 4553 935 4609 Nam
972 4559 1255 4619 Dominum
1290 4568 1475 4637 gloriae
1520 4573 1678 4643 127
1724 4575 1871 4631 illum
1911 4595 2035 4634 cru-

456 4639 676 4693 ciﬁxum
704 4657 825 4697 esse
867 4647 1117 4717 dicimus,
1150 4664 1206 4707 et
1240 4666 1321 4709 est
1356 4666 1650 4716 secundum
1686 4667 1965 4722 veritatem
2016 4688 2030 4723 :

454 4730 550 4782 sed
579 4744 698 4784 cum
731 4734 1066 4794 individuum
1109 4753 1162 4798 et
1192 4762 1358 4801 unum
1392 4765 1514 4804 cum
1551 4754 1697 4806 unita
1740 4758 1839 4811 sibi
1868 4774 2034 4817 carne

2140 4577 2222 4631 λιν
2266 4582 2451 4636 ἐκεῖνα
2500 4585 2689 4652 τιθεὶς,
2744 4587 2779 4641 ἃ
2830 4591 3019 4662 μηδεὶς
3066 4594 3286 4648 πώποτε
3333 4597 3441 4649 τῶν
3485 4598 3713 4668 ὀρθοπο-

2138 4672 2245 4724 δείν
2293 4673 2559 4730 εἰωθότων
2617 4679 2744 4749 περὶ
2787 4682 2886 4753 τὴν
2942 4684 3144 4750 πίστιν,
3196 4687 3298 4741 κᾶν
3339 4690 3468 4756 γοῦν
3523 4692 3709 4762 ἑτέρου

2138 4762 2384 4832 λέγοντος
2417 4768 2704 4838 ἀνάσχοιτο
2747 4771 2833 4826 ἄν.
2887 4774 3090 4845 Κύριον
3142 4778 3241 4847 μὲν
3273 4780 3378 4850 γὰρ
3412 4784 3513 4851 τῆς
3553 4782 3710 4854 δόξης

451 4819 633 4874 anima
676 4825 919 4883 rationali
964 4834 1185 4899 praedita
1220 4838 1397 4905 ipsum
1447 4843 1538 4896 Dei
1585 4844 1819 4901 Verbum
1867 4866 2035 4919 agno-

454 4924 670 4944 cnqnnm
747 4914 918 4944 ἕνη-...η
964 4935 1077 4944 ιη-..
1134 4924 1244 4944 42,9,
1475 4932 1486 4943 .
1710 4938 1740 4944 ..
1991 4943 1995 4944 ,

2209 4819 2221 4832 .
2338 4819 2381 4831 ν-
2423 4819 2433 4821 ν
2464 4819 2698 4838 ""4""
2750 4819 2833 4826 τυ-
2888 4819 3084 4845 --Ἶ--νυ
3142 4819 3239 4847 ι-νν
3284 4819 3377 4850 ιη’
3423 4819 3509 4851 "ta
3553 4819 3706 4854 νυνι»

2163 4854 2226 4907 ὺν
2270 4859 2684 4927 ἐσταυρωμένον
2724 4859 2863 4916 εἶναί
2891 4882 3088 4935 φαμεν,
3123 4870 3214 4921 καὶ
3249 4869 3366 4923 ἐστι
3407 4873 3547 4925 κατά
3575 4874 3706 4944 ἀλή-

453 4924 707 4978 scamus,
747 4914 919 4984 ipsum
960 4935 1080 4975 esse
1126 4924 1354 4983 dicimus
1397 4932 1487 4998 qui
1542 4938 1741 5003 proprii
1790 4943 2032 5008 corporis

455 5008 712 5069 tanquam
758 5007 1163 5067 immaculatum
1221 5021 1568 5084 sacriﬁcium.
1619 5036 1674 5081 et
1717 5029 2032 5087 odoratissi-

454 5103 597 5141 niam
636 5091 869 5147 hostiam
900 5111 959 5150 se
996 5097 1170 5168 ipsum
1217 5106 1328 5160 Deo
1358 5118 1411 5162 et
1448 5108 1595 5165 Patri
1624 5115 1837 5179 obtulit,
1872 5135 1935 5173 ac
1973 5120 2032 5173 li-

455 5197 559 5249 gno
585 5185 723 5252 quod
754 5187 1037 5243 adversum
1064 5210 1159 5248 nos
1181 5206 1295 5251 erat
1323 5200 1741 5272 chirographum
1775 5208 2026 5267 aﬂixit”.

453 5275 613 5329 Certe
641 5290 737 5344 per
766 5293 952 5334 vocem
987 5282 1154 5341 David
1188 5303 1308 5342 eum
1347 5292 1612 5348 dicentem
1640 5301 1827 5353 audire
1857 5301 1980 5356 licet
2008 5321 2021 5356 :

2138 4943 2317 4998 θειαν·
2363 4948 2670 5020 ἀδιαίρετον
2713 4953 2769 5005 δὲ
2805 4956 2897 5007 καὶ
2940 4957 3034 5009 ἕνα
3082 4960 3223 5028 μετὰ
3268 4962 3368 5031 τῆς
3412 4943 3707 5034 ὲνωθείσης

2138 5036 2286 5105 αὐτῷ
2315 5040 2516 5108 σαρκὸς
2559 5041 2737 5113 ψυχὴν
2776 5046 3007 5118 ἐχούσης
3057 5050 3156 5120 τὴν
3201 5050 3425 5123 λογικὴν
3472 5054 3561 5106 τὸν
3607 5057 3704 5109 τοῦ

2136 5125 2269 5179 Θεοῦ
2316 5128 2487 5196 Λόγον
2514 5132 2996 5202 ἐπιγινώσκοντες,
3035 5140 3198 5192 αὑτὸν
3231 5137 3369 5195 εἷναί
3397 5161 3579 5215 φαμεν
3612 5148 3706 5200 τὸν

2132 5216 2224 5268 τοῦ
2267 5218 2395 5271 ἰδίου
2422 5220 2673 5292 σώματος
2705 5225 2780 5288 ὡς
2812 5227 3041 5299 ἄμωμον
3074 5232 3289 5302 ἱερεῖον,
3328 5237 3422 5288 καὶ
3458 5238 3705 5308 εὐοσμῶ-

2133 5324 2292 5361 τατον
2318 5310 2485 5381 θῦμα,
2507 5317 2956 5386 προσκομίσαντα
2986 5322 3084 5391 μὲν
3120 5325 3330 5389 ἑαυτὸν,
3353 5327 3432 5397 τῷ
3458 5327 3577 5399 Θεῷ
3608 5333 3702 5383 καὶ

491 5426 538 5457 ⁴⁴¹
579 5427 745 5485 Hebr.
772 5448 833 5501 Il,
868 5436 923 5491 9.
1000 5438 1067 5470 “'
1097 5440 1116 5495 l
1148 5441 1272 5498 Cor.
1303 5461 1392 5511 xv,
1420 5445 1512 5504 9.0.
1584 5449 1627 5481 ⁸⁷
1660 5452 1865 5509 Coloss.
1911 5472 1948 5525 ι,
1996 5458 2057 5513 18

2163 5461 2234 5515 "'l
2268 5463 2390 5518 Cor.
2424 5480 2485 5531 tt,
2514 5466 2565 5521 8.
2644 5469 2686 5501 ⁸³
2719 5471 2760 5525 ll
2787 5473 2911 5528 Cor.
2941 5477 3132 5543 xm,4.
3209 5478 3257 5511 '°
3281 5480 3490 5539 Coloss.
3522 5483 3694 5549 1h”.

1712 5607 1871 5663 ΑΝΤ.
1919 5611 2191 5669 ACELLII
2231 5616 2463 5673 NOTAE.

528 5743 639 5814 (56)
681 5745 903 5805 Inferius
950 5765 1070 5824 pag.
1130 5752 1226 5810 lii)
1275 5755 1428 5824 dixit,
1486 5762 1694 5835 συνᾴδει
1754 5766 1818 5820 τὰ
1870 5767 2061 5845 λεγόμε

2181 5776 2511 5832 consentiunt
2543 5796 2658 5850 qua:
2688 5780 2957 5840 dicuntur.
