4104 6336
312 334 411 388 2:2!

1364 334 1751 393 ADVEREUS
1790 335 2197 394 NESTORIUM
2239 338 2367 395 LIB.
2413 339 2476 395 ν.

3467 340 3577 397 222

317 443 529 513 Πατρί·
571 441 1001 513 προσηλώσαντα
1052 444 1109 497 δὲ
1144 445 1222 515 τῷ
1252 444 1427 515 ξύλῳ,
1473 447 1536 499 τὸ
1564 448 1686 502 καθ’
1732 449 1890 518 ἡμῶν

1999 470 2019 502 ι
2056 450 2396 507 Sacrificium
2433 462 2487 509 et
2519 454 2844 511 oblationem
2893 457 3136 521 noluisti,
3169 470 3364 525 corpus
3394 468 3574 511 autem

315 534 701 604 χειρόγραφον.
732 533 888 586 Ἔστι
928 534 1059 603 γοῦν
1095 536 1322 589 ἀκοῦσαι
1364 538 1613 605 λέγοντος
1652 538 1742 591 διὰ
1776 557 1887 607 φω-

314 626 415 694 νῆς
445 626 540 677 τοῦ
574 625 737 678 Δαϐίδ
755 641 769 656 ·
812 645 831 677 ι
858 627 1061 679 Θυσίαν
1087 629 1183 681 καὶ
1216 630 1531 700 προσφοράν
1562 632 1662 683 οὐκ
1691 629 1888 701 ἠθέλη-

318 732 437 780 σας,
479 716 637 786 σῶμα
667 717 724 769 δὲ
776 719 1093 789 κατηρτίσω
1146 737 1267 789 μοι’
1314 721 1745 791 ὁλοκαυτώματα
1792 721 1888 774 καὶ

316 809 445 880 περὶ
506 810 782 881 ἁμαρτίας
825 811 925 863 οὐκ
971 811 1302 881 ηὑδόκησας,
1342 815 1464 866 τότε
1505 810 1690 867 εἷπον
1749 814 1882 867 Ἰδοὺ

314 900 467 968 ἥκωο
499 902 557 952 ὲν
583 901 829 968 κεφαλίδι
860 900 1064 970 βιϐλίου
1096 902 1404 973 γέγραπται
1431 904 1561 974 περὶ
1604 902 1760 972 ἐμοῦ,
1791 903 1885 956 τοῦ

316 993 569 1062 ποιῆσαι,
591 995 618 1046 6
640 993 792 1058 Θεὸς,
830 993 892 1045 τὸ
922 992 1135 1064 θέλημά
1167 1012 1313 1048 σου.»
1337 995 1753 1067 Ἀπρακτούσης
1784 995 1887 1065 ἤδη

313 1082 420 1152 τῆς
461 1084 601 1137 κατά
634 1083 797 1151 νόμον
831 1084 1068 1153 ἐντολῆς,
1110 1084 1206 1137 καὶ
1247 1084 1559 1155 τελειούσης
1589 1085 1760 1147 οὐδὲν,
1794 1085 1889 1138 καὶ

315 1174 674 1245 ἁνεθελήτους
725 1175 939 1245 ἔχοντος
981 1175 1073 1228 τοῦ
1117 1175 1252 1228 Θεοῦ
1300 1176 1392 1229 καὶ
1427 1177 1641 1247 Πατρὸς
1678 1175 1779 1238 τάς
1820 1176 1888 1228 δι’

318 1266 572 1335 αἱμάτων
600 1266 824 1331 θυσίας,
861 1267 1022 1336 σῶμα
1064 1267 1425 1338 κατηρτίσθαι
1480 1268 1644 1336 φησὶν
1689 1267 1886 1336 ἐαυτῷ,

318 1356 412 1410 ἴνα
450 1356 552 1425 τῆς
604 1358 857 1411 ἁπάντων
888 1358 1161 1427 σωτηρίας
1208 1358 1304 1410 καὶ
1337 1359 1483 1428 ζωῆς
1531 1358 1889 1427 ἀντάλλαγμα

316 1448 444 1512 δοὺς
472 1446 640 1518 αὐτῷ,
674 1448 883 1511 πάντας
932 1448 1201 1518 ἐξέληται,
1232 1450 1325 1501 καὶ
1363 1449 1594 1503 θανάτου
1623 1450 1719 1503 καὶ
1762 1449 1890 1519 φθο-

318 1541 444 1609 ρᾶς.
486 1539 578 1592 καὶ
628 1540 764 1610 πρός
792 1556 856 1607 γε
902 1540 1076 1611 τούτῳ
1105 1540 1198 1593 καὶ
1231 1541 1537 1611 ἁμαρτιῶν.
1580 1541 1753 1594 Αὑτὸν
1795 1540 1888 1594 οῦν

315 1632 429 1703 ἄρα
465 1633 641 1702 φαμὲν
668 1633 760 1686 τὸν
790 1634 853 1685 ὲκ
883 1632 1019 1686 Θεοῦ
1054 1633 1268 1704 [ἰατρὸς
1314 1635 1485 1702 Λόγον
1532 1634 1748 1687 ἑλέσθαι
1792 1636 1889 1688 καὶ

317 1723 515 1776 παθεῖν
554 1724 695 1793 ὑπὲρ
720 1722 876 1793 ἡμῶν
905 1724 1089 1794 σαρκὶ,
1127 1723 1270 1776 κατά
1297 1723 1396 1788 τάς
1422 1726 1667 1794 Γραφάς.
1696 1724 1885 1790 Οὕτως

315 1818 467 1887 ἡμᾶς
501 1816 1007 1887 μεμυσταγώγηκεν
1038 1819 1067 1869 6
1097 1815 1384 1886 ἱερώτατος
1407 1816 1638 1881 Παῦλος·
1660 1835 1679 1868 ι
1708 1816 1806 1881 ’ος
1831 1819 1889 1871 ὲν

318 1912 504 1981 μορφῇ
555 1908 692 1962 Θεοῦ
746 1909 1026 1981 ὑπάρχων,
1061 1912 1162 1964 οὑκ
1202 1911 1494 1982 ἁρπαγμὸν
1545 1912 1791 1983 ἡγήσατο
1829 1911 1889 1964 τὺ

314 1998 456 2055 εἶναι
496 2000 589 2055 ῖσα
612 2000 763 2071 Θεῷσ
795 2001 911 2054 ἀλλ’
951 2002 1141 2057 ἑαυτὸν
1176 2002 1431 2070 ὲκένωσε,
1468 2003 1682 2074 μορφὴν
1703 2003 1888 2056 δούλου

314 2094 519 2160 λαϐὼν,
549 2097 607 2149 ὲν
633 2094 940 2166 ὁμοιώματι
972 2095 1273 2167 ἀνθρώπων
1297 2097 1611 2166 γενόμενος,
1638 2098 1731 2148 καὶ
1761 2097 1889 2167 σχή-

319 2205 453 2257 ματι
500 2186 742 2257 εὑρεθεὶς
775 2187 851 2251 ὼς
902 2188 1208 2259 ἄνθρωπος.
1259 2188 1651 2243 Ἐταπείνωσεν
1700 2189 1889 2244 ἑαυτὸν

316 2280 609 2349 γενόμενος
640 2280 881 2351 ὑπήκοος
908 2281 1070 2352 μέχρι
1098 2283 1352 2346 θανάτου,
1384 2283 1615 2338 θανάτου
1642 2284 1698 2337 δὲ
1730 2303 1891 2339 σταυ-

317 2370 415 2441 ροῦ
440 2387 455 2401 ’
478 2370 560 2424 διδ
580 2371 673 2424 καὶ
700 2373 728 2424 6
759 2371 889 2435 Θεὸς
912 2373 1074 2428 αὐτὸν
1105 2374 1486 2445 ὑπερύψωσεν.
1524 2394 1543 2427 ι
1581 2377 1771 2448 Ἀθρει
1802 2377 1887 2447 δὴ,

313 2464 465 2526 ὅπως
489 2463 517 2515 ό
552 2464 610 2516 ὲν
641 2467 823 2535 μορφῇ
849 2464 943 2516 τοῦ
973 2464 1109 2518 Θεοῦ
1142 2465 1236 2519 καὶ
1271 2466 1484 2538 Πατρὸς
1518 2468 1781 2539 ὑπάρχων
1814 2469 1890 2532 ὡς

314 2555 469 2618 Θεὸς,
504 2556 533 2608 ό
571 2555 857 2625 χαρακτὴρ
891 2555 990 2624 τῆς
1023 2556 1374 2620 ὑποστάσεως
1408 2556 1594 2621 αὑτοῦ,
1632 2560 1726 2611 καὶ
1768 2559 1888 2611 κατ’

312 2646 507 2701 οὐδένα
537 2647 739 2715 τρόπον
764 2647 1266 2718 μειονεκτοὺμενος,
1294 2650 1500 2720 ίσότητι
1522 2653 1589 2721 τῇ
1610 2651 1750 2704 κατὰ
1781 2653 1889 2705 πᾶν

312 2737 515 2803 ὁτιοῦν,
541 2738 802 2807 ὑπάρχων
835 2755 894 2790 τε
940 2738 1035 2791 καὶ
1068 2737 1377 2809 νοούμενος,
1408 2740 1720 2793 κεκένωκεν
1761 2742 1887 2794 ἑαυ-

312 2830 429 2891 τὸν,
459 2829 553 2882 καὶ
595 2829 838 2898 καθῆκεν
868 2829 1058 2883 ἑαυτὸν
1098 2829 1241 2882 ἑκὼν
1267 2832 1347 2893 εἰς
1376 2831 1724 2884 ταπείνωσιν.
1754 2828 1890 2886 Εἶτα

311 2920 399 2982 τίς
431 2919 497 2972 ἂν
525 2919 607 2990 εἴη
639 2920 846 2992 φράσον
886 2922 914 2973 6
945 2923 1044 2991 τῆς
1075 2923 1356 2984 κενώσεως
1389 2922 1611 2992 τρόπος,
1636 2923 1891 2975 τεταπεί-

312 3027 483 3062 νωται
525 3010 579 3064 δὲ
616 3013 784 3075 ὅπως,
842 3012 1056 3083 μορφὴν
1101 3011 1289 3064 δούλου
1322 3011 1526 3078 λαϐὼν,
1582 3013 1678 3066 καὶ
1729 3014 1889 3085 μέχρι

314 3101 547 3155 θανάτου
583 3100 821 3169 γεγονὼς
855 3103 1093 3173 ὑπήκοος
1117 3142 1131 3165 ,
1171 3102 1400 3157 θανάτου
1435 3103 1491 3155 δὲ
1533 3102 1791 3173 σταυροῦ.
1817 3105 1888 3156 Ἢ

311 3193 415 3263 οὐχ
447 3193 649 3246 ἅπασιν
684 3194 931 3265 ἐναργὲς,
965 3196 1045 3247 ὅτι
1078 3195 1431 3247 ταπεινοῦται
1461 3194 1522 3247 τὸ
1560 3195 1784 3265 ὑψηλὸν,
1824 3197 1883 3249 οὑ

312 3282 377 3335 τὺ
400 3282 613 3335 οἴκοθέν
660 3300 719 3335 τε
768 3284 864 3336 καὶ
900 3285 1145 3353 φυσικῶς
1195 3286 1253 3337 ὲν
1309 3285 1498 3353 ὑφέσει
1532 3301 1591 3338 τε
1643 3285 1888 3356 ὑπάρχον

313 3375 411 3429 καὶ
431 3376 900 3445 τεταπεινωμένον
924 3394 939 3443 ;
966 3375 1217 3430 κενοῦται
1262 3377 1339 3441 δὲ,
1375 3371 1550 3447 οἶμαι,
1581 3377 1642 3430 τὺ
1683 3376 1887 3447 πλῆρες

316 3468 581 3538 ὑπάρχον,
613 3468 707 3521 καὶ
735 3467 1056 3538 δεδεημένον
1085 3468 1235 3521 οὐδέν
1262 3484 1275 3497 '
1316 3467 1531 3537 δέχεται
1564 3469 1657 3522 καὶ
1699 3468 1886 3522 δούλου

319 3559 555 3631 μορφὴν,
587 3558 648 3611 τὸ
684 3559 789 3628 πρὸ
815 3559 988 3627 αὑτῆς
1020 3558 1301 3629 ἐλεύθερον
1326 3560 1469 3612 κοιτά
1508 3560 1668 3628 φύσιν
1689 3575 1703 3590 ·
1740 3560 1888 3630 εὑρί-

317 3669 508 3705 σκεται
542 3652 598 3705 δὲ
644 3651 740 3704 καὶ
772 3651 1055 3721 ἄνθρωπος
1089 3653 1116 3704 6
1153 3652 1227 3722 μὴ
1259 3652 1417 3704 τοῦτο
1460 3652 1721 3723 ὑπάρχων
1755 3654 1887 3725 πρὶν

313 3748 404 3798 ὅτε
436 3745 534 3796 οὑκ
561 3740 627 3813 ἦν
648 3742 911 3813 εὑρεθείς.
931 3743 1025 3806 Τίς
1047 3740 1138 3796 οῦν
1168 3745 1273 3814 ἄρα
1294 3745 1437 3798 ἐστὶν
1461 3747 1489 3799 ό
1516 3745 1716 3814 ὑψηλὸς
1743 3745 1888 3799 κατά

316 3836 479 3905 φύσιν
523 3836 617 3889 καὶ
666 3835 857 3898 καθεὶς
900 3836 1089 3889 ἑαυτὸν
1122 3837 1202 3898 εἰς
1242 3837 1612 3900 ταπείνωσιν;
1644 3837 1727 3900 τίς
1768 3837 1826 3890 δὲ
1858 3840 1887 3891 ό

314 3929 551 3999 πλήρης,
579 3927 665 3981 ἵνα
687 3926 871 3997 νοῆται
904 3927 1275 3997 κεκενωμένος
1298 3947 1312 3995 ;
1339 3929 1421 3992 τίς
1452 3931 1480 3982 6
1508 3929 1617 3982 τῶν
1646 3931 1746 4002 τῆς
1765 3929 1888 3982 δου-

313 4022 466 4085 λείας
495 4022 751 4075 ἐπέκεινα
785 4020 1018 4091 μέτρων,
1056 4022 1143 4073 ἵνα
1175 4021 1402 4091 λέγηται
1448 4022 1663 4095 μορφὴν
1697 4025 1886 4077 δούλου

313 4113 529 4178 λαϐεῖν;
571 4114 655 4177 τίς
701 4114 799 4166 οὑκ
830 4113 906 4167 ὣν
928 4113 1219 4183 πρότερον,
1262 4114 1383 4166 καθ’
1426 4116 1573 4185 ἡμᾶς
1602 4115 1887 4187 ἅνθρωπος

312 4206 474 4258 τοῦτο
511 4204 773 4277 εὑρῆσθαι
796 4204 1052 4273 λέγεται;
1082 4207 1239 4259 ταυτὶ⁵
1281 4204 1388 4276 γάρ
1413 4201 1571 4277 οἶμαι
1615 4206 1723 4260 τῶν
1761 4207 1886 4260 καθ’

314 4295 467 4364 ἡμᾶς
496 4295 575 4346 ἑνὶ
596 4294 687 4346 καὶ
707 4294 976 4365 ἀνθρώπῳ
996 4294 1162 4364 κοινῷ
1196 4294 1521 4367 προσνέμειν
1549 4298 1885 4368 ἀποτολμᾷν,

314 4384 513 4454 εὔηθες
548 4385 612 4437 ἂν
657 4384 763 4455 εἴη,
792 4387 885 4438 καὶ
915 4386 1014 4455 τῆς
1058 4387 1284 4440 ἀπασῶν
1333 4388 1568 4459 ἐσχάτης
1598 4390 1888 4451 ἀσυνεσίας

1991 543 2267 613 pet-fecisti
2320 547 2450 600 mihi
2510 566 2523 601 :
2574 549 2883 603 holocausta
2931 561 2985 605 et
3043 565 3138 620 pro
3186 559 3410 618 peccato
3468 567 3575 604 non

1989 635 2305 705 placuerunt
2348 640 2466 701 tibi,
2504 650 2631 694 tunc
2674 641 2783 694 dixi
2829 658 2844 696 :
2888 642 3024 696 Ecce
3074 643 3253 704 venio,
3294 642 3345 694 in
3400 642 3576 708 capite

1988 727 2108 780 libri
2136 728 2396 797 scriptum
2423 739 2506 783 est
2530 733 2593 785 de
2612 748 2717 794 me,
2736 742 2789 783 ut
2820 732 3035 796 faciam,
3055 732 3219 796 Deus,
3246 732 3571 784 voluntatem

1993 826 2135 871 tuam
2164 820 2233 872 δι.
2274 838 2292 870 ι
2330 818 2471 873 Nihil
2506 833 2701 890 agente
2739 821 2848 888 iam
2910 822 3041 890 legis
3082 822 3337 875 mandato
3364 830 3417 875 et
3440 798 3576 874 nihil

1991 909 2325 978 perficiente,
2363 921 2420 964 et
2461 910 2567 964 Deo
2599 927 2661 965 ac
2694 910 2857 964 Patre
2898 913 3008 980 jam
3054 911 3268 965 nolente
3316 920 3574 965 cruentas

1991 999 2215 1066 hostias,
2267 1016 2462 1069 corpus
2508 1000 2607 1054 sibi
2645 1000 2945 1067 perfectum
2983 1002 3137 1065 dicit,
3182 1012 3261 1067 ut,
3294 1002 3473 1070 seipso
3519 1002 3570 1056 in

1988 1091 2227 1161 pretium
2262 1091 2454 1145 salutis
2485 1105 2549 1146 ac
2593 1092 2718 1145 vita:
2765 1091 3143 1146 universorum
3187 1093 3333 1156 dato,
3379 1106 3570 1145 omnes

1990 1193 2046 1238 et
2070 1198 2101 1236 a
2137 1184 2326 1237 mortis
2353 1184 2726 1252 corruptione,
2778 1194 2831 1238 et
2869 1184 3092 1252 insuper
3125 1199 3153 1236 a
3186 1184 3424 1253 peccatis
3457 1184 3536 1238 eri
3558 1212 3570 1223 -

1991 1283 2163 1343 peret.
2210 1272 2390 1342 Ipsum
2425 1272 2589 1342 igitur
2618 1273 2855 1327 dicimus
2895 1286 2962 1325 ex
3006 1272 3114 1325 Deo
3146 1271 3306 1325 Patre
3338 1270 3570 1325 Verbum

1992 1367 2227 1420 voluisse
2254 1366 2411 1419 etiam
2438 1380 2535 1434 pro
2565 1365 2720 1420 nobis
2745 1379 2907 1419 carne
2930 1365 3064 1433 pati,
3091 1364 3392 1418 secundum
3420 1362 3567 1416 Scri-

1991 1467 2177 1526 pturas
2203 1457 2270 1511 ⁸².
2302 1457 2393 1511 Sic
2450 1472 2548 1511 nos
2574 1456 2765 1510 imbuit
2794 1455 3136 1510 beatissimus
3154 1455 3353 1509 Paulus
3384 1473 3396 1509 :
3421 1472 3440 1505 ι
3465 1454 3568 1521 Qui

1991 1562 2112 1602 cum
2148 1546 2205 1601 in
2250 1546 2420 1601 forma
2458 1546 2549 1599 Dei
2596 1555 2764 1609 esset,
2812 1559 2918 1599 non
2969 1545 3211 1616 rapinam
3267 1544 3565 1598 arbitratus

1990 1651 2074 1695 est
2105 1654 2224 1694 esse
2250 1655 2309 1694 se
2349 1638 2609 1707 aequalem
2649 1639 2759 1692 Deo
2799 1654 2814 1691 :
2861 1639 2955 1693 sed
2992 1637 3340 1705 semetipsum
3385 1637 3572 1690 exina-

1991 1731 2150 1797 nivit,
2181 1730 2408 1784 formam
2438 1730 2579 1784 servi
2612 1730 2907 1799 accipiens,
2945 1730 2998 1783 in
3030 1729 3437 1783 similitudinem
3470 1726 3568 1780 ho-

1991 1826 2199 1878 minum
2233 1823 2426 1887 factus,
2458 1831 2515 1877 et
2549 1822 2735 1876 habitu
2779 1823 3031 1876 inventus
3072 1830 3129 1874 ut
3160 1821 3339 1875 homo.
3381 1817 3572 1873 Humi-

1993 1913 2144 1968 liavit
2164 1914 2515 1984 semetipsum
2542 1914 2716 1969 factus
2744 1914 3000 1969 obediens
3027 1927 3195 1982 usque
3222 1912 3288 1966 ad
3314 1921 3571 1975 mortem,

1993 2017 2223 2061 mortem
2257 2016 2435 2061 autem
2466 2006 2664 2062 crucis.
2695 2005 2924 2074 Propter
2947 2005 3089 2075 quod
3120 2015 3173 2058 et
3199 2003 3340 2057 Deus
3366 2002 3573 2057 exalta—

1992 2100 2069 2153 vit
2097 2098 2246 2152 illum
2269 2099 2337 2153 ³³.
2375 2116 2395 2150 ι
2425 2097 2721 2153 Considera
2740 2098 2925 2167 igitur,
2946 2098 3065 2150 utis
3082 2096 3171 2165 qui
3200 2094 3445 2149 informa
3474 2094 3571 2149 Dei

1992 2199 2046 2244 et
2078 2188 2256 2243 Patris
2277 2198 2397 2243 erat
2427 2198 2609 2257 utpote
2637 2187 2800 2253 Deus,
2832 2188 2919 2241 ille
2950 2190 3234 2241 character
3269 2199 3362 2238 seu
3401 2184 3571 2253 ﬁgura

1992 2280 2309 2336 substantiae
2355 2281 2469 2350 ejus
2510 2282 2579 2345 5‘,
2616 2288 2670 2334 et
2709 2280 2799 2349 qui
2844 2277 2988 2332 nullo
3030 2278 3190 2333 modo
3224 2278 3399 2332 minor
3433 2289 3574 2343 erat,

1992 2389 2114 2429 cum
2156 2388 2253 2442 per
2280 2374 2459 2427 omnia
2495 2373 2564 2426 sit
2596 2383 2650 2427 et
2685 2371 3019 2441 intelligatur
3050 2370 3298 2440 a‘qtlalis,
3323 2370 3572 2424 exinani-

1992 2465 2127 2517 verit
2158 2464 2527 2532 semetipsum,
2557 2473 2611 2517 et
2644 2463 2698 2517 in
2732 2462 3094 2517 humilitatem
3124 2470 3313 2531 sponte
3334 2461 3571 2516 demise-

1992 2558 2085 2610 rit.
2113 2555 2233 2610 Jam
2271 2556 2518 2624 quisnam
2560 2556 2630 2609 sit
2673 2554 3061 2609 exinanitionis
3097 2554 3309 2617 modus,
3338 2569 3571 2623 expone,

1992 2648 2261 2718 quomodo
2288 2648 2452 2702 etiam
2501 2648 2572 2701 sit
2613 2646 2928 2701 humiliatus
2976 2645 3207 2699 formam
3242 2646 3384 2700 servi
3428 2647 3574 2700 acci-

1990 2745 2163 2809 piens,
2190 2749 2245 2793 et
2278 2753 2449 2807 usque
2476 2738 2542 2791 ad
2576 2746 2805 2793 mortem
2839 2737 3015 2790 factus
3035 2736 3311 2801 obediens,
3343 2746 3571 2789 mortem

1991 2843 2170 2886 autem
2210 2831 2407 2885 crucis.
2446 2830 2637 2883 Annon
2697 2836 2785 2883 est
2824 2827 3075 2881 omnibus
3105 2828 3348 2893 evidens,
3393 2827 3445 2880 id
3476 2826 3576 2881 hu-

1990 2924 2189 2979 miliari
2223 2923 2367 2993 quod
2409 2921 2641 2975 sublime
2684 2920 2775 2986 sit,
2824 2935 2929 2975 non
2966 2920 3108 2987 quod
3146 2921 3475 2973 intrinsecus
3518 2927 3575 2973 et

1989 3031 2055 3070 ex
2087 3008 2279 3069 natura
2304 3013 2633 3067 submissum
2664 3020 2718 3065 et
2759 3011 3003 3066 humile?
3029 3011 3102 3073 id,
3136 3011 3237 3065 nisi
3270 3010 3445 3076 fallor,
3479 3026 3573 3064 ex-

1914 3138 1960 3199 c
1993 3107 2209 3170 inaniri,
2247 3106 2388 3174 quod
2433 3106 2648 3174 plenum
2691 3103 2779 3168 sit,
2832 3113 2887 3158 et
2933 3103 3130 3156 nullius
3172 3103 3248 3156 rei
3297 3102 3575 3172 indigeat?

1992 3199 2121 3253 illud
2152 3197 2315 3250 etiam
2354 3197 2601 3263 accipere
2629 3196 2769 3248 servi
2807 3194 3059 3259 formam,
3091 3196 3234 3262 quod
3264 3204 3390 3249 ante
3425 3194 3570 3248 illam

1991 3292 2156 3346 fuerit
2186 3292 2483 3346 secundum
2519 3299 2769 3345 naturam
2799 3290 3068 3345 liberum?
3095 3290 3245 3343 illum
3274 3291 3437 3345 etiam
3475 3290 3574 3344 ho-

1991 3379 2191 3433 minem
2240 3378 2492 3437 inveniri.
2527 3378 2619 3447 qui
2670 3377 2723 3432 id
2771 3394 2877 3434 non
2908 3388 3025 3435 erat
3073 3380 3383 3450 priusquam
3429 3388 3573 3436 esset

1991 3469 2283 3523 inventus?
2308 3468 2439 3536 Quis
2466 3483 2596 3541 ergo
2631 3469 2721 3525 ille
2748 3480 2831 3526 est
2864 3471 3159 3525 secundum
3201 3482 3451 3525 naturam
3483 3487 3573 3526 su-

1991 3562 2192 3626 blimis,
2226 3563 2318 3632 qui
2358 3577 2415 3618 se
2462 3563 2635 3632 ipsum
2675 3562 2741 3616 ad
2786 3563 3149 3618 humilitatem
3188 3563 3422 3629 deiecit?
3452 3564 3575 3632 quis

1989 3653 2152 3708 etiam
2204 3653 2413 3721 plenus,
2446 3660 2503 3706 ut
2532 3652 2840 3707 exinanitus
2892 3667 3011 3708 esse
3046 3652 3417 3722 intelligatur?
3451 3653 3574 3722 quis

1994 3745 2133 3798 ultra
2173 3746 2452 3799 servitutis
2491 3744 2654 3813 128
2702 3758 3011 3807 mensuras,
3061 3754 3118 3797 ut
3170 3745 3381 3797 dicatur
3427 3743 3573 3797 servi

1992 3837 2220 3890 formam
2252 3836 2568 3905 accepisse?
2593 3836 2717 3904 quis
2751 3851 2871 3889 cum
2907 3834 3067 3887 homo
3102 3835 3251 3902 prius
3285 3833 3453 3886 nostri
3493 3832 3570 3886 si-

1992 3929 2137 3983 milis
2170 3942 2274 3982 non
2305 3936 2470 3994 esset,
2507 3927 2558 3981 id
2589 3928 2840 3981 inventus
2870 3939 2989 3980 esse
3024 3926 3264 3980 dicitur?
3288 3926 3401 3979 hzec
3425 3924 3573 3979 enim

1994 4023 2084 4076 uni
2119 4038 2186 4077 ex
2221 4032 2410 4075 nostro
2436 4036 2664 4075 numero
2692 4031 2745 4075 et
2777 4022 2981 4088 vulgari
3016 4021 3217 4074 homini
3253 4021 3451 4075 audere
3474 4021 3573 4074 tri-

1993 4115 2179 4177 buere,
2233 4117 2455 4169 stultum
2509 4115 2599 4176 sit,
2638 4124 2692 4167 et
2736 4123 2993 4168 extrema:
3030 4115 3269 4167 omnium
3320 4114 3571 4167 amentia:

1991 4224 2182 4262 revera
2232 4208 2446 4278 plenum
2493 4225 2507 4261 :
2554 4206 2875 4261 convenient
2919 4215 3097 4260 autem
3155 4206 3434 4276 aptissime
3493 4204 3571 4259 illi

1993 4315 2260 4369 supremae
2297 4307 2523 4354 naturae.
2568 4299 2673 4352 Sed
2706 4297 2837 4352 illud
2869 4298 2961 4353 Dei
2996 4299 3233 4354 Verbum
3282 4314 3348 4354 ex
3400 4299 3574 4354 nimia

1994 4406 2122 4461 erga
2174 4407 2270 4446 nos
2319 4391 2653 4460 benignitate
2683 4400 2845 4460 atque
2898 4391 3184 4446 clementia
3233 4391 3430 4446 obtulit
3460 4394 3571 4463 "pro

312 4478 610 4548 ἑπίμεστον
646 4477 890 4547 ἀληθῶς·
922 4478 1155 4548 ἁρμόσει
1181 4480 1224 4531 δ’
1261 4480 1326 4533 ἂν
1364 4482 1457 4533 καὶ
1485 4481 1627 4550 μάλα
1664 4482 1889 4545 εἰκότως

1995 4482 2149 4536 nobis
2188 4483 2462 4552 proprium
2495 4497 2717 4551 corpus,
2753 4491 2807 4536 et
2847 4493 3068 4553 accepta
3109 4483 3249 4537 servi
3285 4483 3457 4536 forma
3491 4482 3571 4537 fa-

310 4572 381 4639 τῇ
410 4568 697 4639 ὑπερτάτῳ
733 4567 913 4636 φύσει.
955 4568 1148 4622 Ἀλλ’ό
1187 4572 1282 4639 μὲν
1305 4570 1397 4622 τοῦ
1423 4571 1555 4623 Θεοῦ
1590 4572 1779 4639 Λόγος,
1819 4572 1885 4624 ἐκ

312 4660 517 4731 πολλῆς
542 4663 680 4729 ἄγαν
703 4661 801 4728 τῆς
823 4662 901 4724 εἰς
928 4662 1077 4731 ἡμᾶς
1100 4663 1434 4731 ἡμερότητος
1455 4663 1550 4714 καὶ
1576 4662 1883 4734 φιλανθρω-

314 4754 449 4815 πίας
477 4754 914 4823 προσκεκόμικεν
943 4753 1082 4829 ὑπὲρ
1116 4754 1273 4825 ἡμῶν
1305 4755 1367 4807 τὸ
1401 4755 1529 4809 ἴδιον
1563 4756 1719 4825 σῶμα
1740 4799 1754 4822 ,
1791 4757 1885 4809 καὶ

317 4845 532 4919 μορφὴν
570 4845 756 4897 δούλου
786 4844 987 4911 λαϐὼν,
1023 4846 1244 4914 γέγονεν
1276 4846 1515 4917 ὑπήκοος
1534 4847 1611 4918 τῷ
1636 4847 1754 4918 Θεῷ
1790 4849 1885 4901 καὶ

314 4936 490 5006 Πατρὶ
524 4935 684 5009 μέχρι
718 4935 979 5001 θανάτου,
1002 4937 1096 4988 καὶ
1126 4937 1225 4989 οὑκ
1253 4936 1558 5015 ἀπόϐλητον
1586 4938 1883 5007 ἐποιήσατο

308 5026 374 5080 τὸ
403 5025 595 5079 παθεῖν
629 5025 846 5078 ἑλέσθαι
881 5026 1065 5096 σαρκὶ,
1098 5026 1274 5088 καίτοι
1313 5025 1410 5097 τὴν
1438 5026 1598 5095 φύσιν
1624 5028 1882 5097 ὑπάρχων

309 5120 530 5191 ἀπαθὴς
552 5120 627 5183 ώς
659 5120 790 5182 Θεός
815 5134 829 5149 ο
856 5120 1157 5193 έπερυθριᾷ
1181 5135 1245 5187 γε
1275 5118 1379 5190 μὴν
1404 5118 1677 5181 ἀσυνέτως
1701 5119 1884 5170 οὑτοσὶ

306 5213 423 5275 τοῖς
455 5212 595 5280 ὑπὲρ
646 5209 806 5281 ἡμῶν
849 5209 1338 5280 θεοπρεπεστάτοις
1368 5208 1532 5262 αὑτοῦ
1572 5209 1878 5279 σκέμμασι,

307 5305 405 5357 καὶ
438 5306 606 5373 τιμᾷν
638 5303 913 5372 οἰόμενος,
947 5301 1150 5354 ἀδικεῖ⁸
1200 5301 1464 5373 ἀποφέρει
1504 5301 1601 5367 μὲν
1630 5300 1739 5371 γὰρ
1787 5299 1880 5351 τοῦ

308 5394 509 5459 παθεῖν,
530 5394 713 5458 αὑτὸν,
742 5395 918 5447 καίτοι
943 5392 1169 5463 μηδενὸς
1196 5393 1383 5465 ἐτέρου
1409 5392 1599 5446 παθεῖν
1627 5393 1883 5460 λέγοντος

308 5489 387 5550 εἰς
423 5487 558 5551 ἰδίαν
595 5484 755 5553 φύσιν
778 5500 791 5513 °
834 5485 933 5537 οὑκ
980 5484 1290 5538 αἰσθάνεται
1315 5485 1372 5537 δὲ
1411 5485 1492 5537 ὅτι
1525 5484 1753 5555 Σωτῆρα
1786 5484 1880 5537 καὶ

310 5577 607 5647 Λυτρωτὴν
632 5576 734 5628 οὑκ
756 5576 973 5646 ἐφίησιν
998 5575 1160 5628 αὑτὸν
1188 5574 1562 5647 ὁμολογεῖσθαι
1587 5575 1695 5629 τῶν
1716 5574 1876 5640 ὅλων,

406 5754 449 5785 ⁸³
477 5736 622 5809 Psal.
650 5768 842 5820 χχχιι,
876 5753 975 5808 7-9
1004 5771 1017 5821 ;
1044 5751 1207 5809 llehr.
1252 5768 1311 5818 κ,
1343 5752 1453 5808 5-7.

1992 4584 2109 4629 ctus
2142 4583 2225 4628 est
2270 4574 2378 4627 Deo
2407 4584 2462 4627 et
2507 4572 2652 4627 Patri
2685 4573 2943 4628 obediens
2977 4590 3148 4643 usque
3186 4575 3251 4628 ad
3294 4584 3519 4628 mortem
3551 4591 3566 4628 :

1991 4679 2091 4718 nec
2124 4663 2495 4729 refugiendnm
2528 4662 2741 4717 censuit
2768 4663 3056 4731 quominus
3087 4676 3249 4715 carne
3280 4677 3375 4730 pro
3411 4660 3569 4715 nobis

1990 4755 2100 4825 pati
2158 4754 2336 4819 vellet,
2370 4753 2618 4821 quamvis
2645 4762 2703 4806 ut
2738 4753 2879 4807 Deus
2909 4759 3053 4806 esset
3082 4750 3379 4806 secundum
3410 4758 3569 4805 natu-

1994 4861 2107 4899 ram
2147 4843 2512 4913 impassibilis.
2572 4843 2678 4897 Iste
2725 4857 2855 4897 vero
2886 4841 3052 4896 stulte
3095 4840 3160 4894 de
3207 4840 3407 4894 divinis
3452 4838 3571 4907 ejus

1989 4948 2211 5009 propter
2254 4951 2352 4990 nos
2384 4933 2626 4989 consiliis
2655 4934 2945 4998 erubescit,
2997 4940 3051 4987 et
3094 4946 3254 4998 quem
3302 4930 3569 4983 honorare

1986 5045 2047 5084 se
2075 5028 2373 5092 existimat,
2409 5026 2574 5080 alﬁcit
2623 5025 2818 5095 iniuria
2854 5043 2867 5078 :
2904 5040 3025 5078 nam
3058 5039 3087 5077 a
3120 5022 3371 5093 passione
3418 5021 3565 5076 illum

1987 5121 2198 5186 eximit,
2237 5119 2449 5173 tametsi
2501 5131 2661 5172 nemo
2709 5117 2857 5169 illum
2895 5116 2946 5169 in
2984 5130 3079 5169 sna
3116 5127 3308 5167 natura
3345 5128 3564 5182 passum

1990 5215 2169 5269 dicat:
2201 5226 2301 5267 nec
2333 5212 2496 5265 sentit
2535 5223 2593 5263 se
2627 5208 2913 5278 prohibere
2946 5221 3015 5260 ne
3045 5204 3195 5258 illum
3226 5204 3563 5258 Sal'vatorem

1989 5317 2043 5360 et
2071 5304 2481 5370 Bedernptorem
2507 5300 2878 5353 universorum
2914 5297 3291 5360 conliteamur,
3317 5293 3359 5347 si
3400 5295 3445 5348 is
3471 5308 3571 5361 per

1991 5411 2149 5465 quem
2184 5393 2398 5458 salvati,
2429 5402 2484 5446 et
2513 5406 2607 5461 per
2637 5394 2791 5457 cujus
2820 5385 3183 5441 venerandam
3226 5399 3442 5440 crucem
3482 5399 3566 5438 re-

1988 5486 2187 5556 dempti
2233 5500 2441 5549 sumus,
2472 5483 2608 5537 alter
2640 5482 2708 5536 ab
2740 5479 2832 5535 illo
2868 5480 2940 5533 sit
2976 5478 3193 5549 proprie
3219 5492 3284 5532 ac
3333 5475 3562 5532 seorsim

1987 5576 2156 5632 Pilius
2189 5585 2245 5632 et
2269 5576 2548 5631 Dominus.
2581 5572 2659 5630 Ac
2680 5572 2727 5628 si
2753 5580 2837 5628 est
2863 5572 3026 5626 homo
3067 5569 3319 5642 simplex,
3353 5577 3409 5624 et
3452 5582 3568 5624 non

1550 5754 1595 5783 "
1629 5751 1817 5810 chtr.
1856 5766 1939 5818 ιν,
1970 5752 2018 5813 1».
2095 5751 2140 5786 ³³
2166 5750 2399 5817 Philipp.
2433 5766 2498 5816 ll.
2529 5750 2644 5808 6-9.
2724 5749 2771 5783 “
2801 5745 2965 5805 Hebr.
3000 5763 3039 5809 ι,
3072 5748 3132 5803 5'.
