  <div class='ocr_page' id='page_1' title='image "/cluster/home/n/w/nwhite01/storage/ocr_20150623/76/nnc1.0046980067/117.png"; bbox 0 0 4104 6336; ppageno 0'>
   <div class='ocr_carea' id='block_1_1' title="bbox 569 339 3835 404">
    <p class='ocr_par' dir='ltr' id='par_1_1' title="bbox 569 339 3835 404">
     <span class='ocr_line' id='line_1_1' title="bbox 569 339 3835 404; baseline -0.002 -5"><span class='ocrx_word' id='word_1_1' title='bbox 569 346 676 404; x_wconf 69' lang='lat'><strong>235</strong></span> <span class='ocrx_word' id='word_1_2' title='bbox 1571 344 1627 398; x_wconf 87' lang='lat' dir='ltr'><strong>S.</strong></span> <span class='ocrx_word' id='word_1_3' title='bbox 1661 344 1939 401; x_wconf 81' lang='lat' dir='ltr'><strong>CYRILLI</strong></span> <span class='ocrx_word' id='word_1_4' title='bbox 1978 341 2447 400; x_wconf 77' lang='lat' dir='ltr'><strong>ALEXANDRINI</strong></span> <span class='ocrx_word' id='word_1_5' title='bbox 2478 343 2808 402; x_wconf 77' lang='lat' dir='ltr'><strong>ARCHIEI’.</strong></span> <span class='ocrx_word' id='word_1_6' title='bbox 3723 339 3835 394; x_wconf 68' lang='grc'><strong>221»</strong></span> 
     </span>
    </p>
   </div>
   <div class='ocr_carea' id='block_1_2' title="bbox 566 452 2125 532">
    <p class='ocr_par' dir='ltr' id='par_1_2' title="bbox 566 458 2125 530">
     <span class='ocr_line' id='line_1_2' title="bbox 566 458 2125 530; baseline -0.004 -11"><span class='ocrx_word' id='word_1_7' title='bbox 566 462 625 519; x_wconf 78' lang='lat' dir='ltr'><strong>ia</strong></span> <span class='ocrx_word' id='word_1_8' title='bbox 662 464 894 519; x_wconf 87' lang='lat' dir='ltr'><strong>humana</strong></span> <span class='ocrx_word' id='word_1_9' title='bbox 925 462 1097 519; x_wconf 81' lang='lat' dir='ltr'><strong>forma</strong></span> <span class='ocrx_word' id='word_1_10' title='bbox 1133 461 1309 530; x_wconf 89' lang='lat' dir='ltr'><strong>ipsum</strong></span> <span class='ocrx_word' id='word_1_11' title='bbox 1341 473 1406 514; x_wconf 83' lang='lat' dir='ltr'><strong>ex</strong></span> <span class='ocrx_word' id='word_1_12' title='bbox 1442 458 1550 513; x_wconf 90' lang='lat' dir='ltr'><strong>Deo</strong></span> <span class='ocrx_word' id='word_1_13' title='bbox 1585 459 1747 515; x_wconf 86' lang='lat' dir='ltr'><strong>Patre</strong></span> <span class='ocrx_word' id='word_1_14' title='bbox 1783 459 2014 515; x_wconf 85' lang='lat' dir='ltr'><strong>Verbum</strong></span> <span class='ocrx_word' id='word_1_15' title='bbox 2046 476 2125 530; x_wconf 51' lang='lat' dir='ltr'><strong>ap.</strong></span> 
     </span>
    </p>
   </div>
   <div class='ocr_carea' id='block_1_3' title="bbox 2230 452 3829 532">
    <p class='ocr_par' dir='ltr' id='par_1_3' title="bbox 2246 452 3829 532">
     <span class='ocr_line' id='line_1_3' title="bbox 2246 452 3829 532; baseline -0.004 -21"><span class='ocrx_word' id='word_1_16' title='bbox 2246 459 2406 531; x_wconf 74' lang='grc' dir='ltr'>εἴπερ</span> <span class='ocrx_word' id='word_1_17' title='bbox 2439 461 2588 514; x_wconf 72' lang='grc' dir='ltr'>ἐστὶν</span> <span class='ocrx_word' id='word_1_18' title='bbox 2611 462 2799 532; x_wconf 71' lang='grc' dir='ltr'>ἕτερος</span> <span class='ocrx_word' id='word_1_19' title='bbox 2822 456 2955 529; x_wconf 83' lang='grc' dir='ltr'>παρ’</span> <span class='ocrx_word' id='word_1_20' title='bbox 2981 456 3146 512; x_wconf 76' lang='grc' dir='ltr'>αὐτὸν</span> <span class='ocrx_word' id='word_1_21' title='bbox 3175 454 3380 519; x_wconf 78' lang='grc' dir='ltr'>ίδικῶς,</span> <span class='ocrx_word' id='word_1_22' title='bbox 3416 453 3507 507; x_wconf 79' lang='grc' dir='ltr'>καὶ</span> <span class='ocrx_word' id='word_1_23' title='bbox 3530 452 3634 507; x_wconf 81' lang='grc' dir='ltr'>ἀνὰ</span> <span class='ocrx_word' id='word_1_24' title='bbox 3662 453 3829 524; x_wconf 82' lang='grc' dir='ltr'>μέρος</span> 
     </span>
    </p>
   </div>
   <div class='ocr_carea' id='block_1_4' title="bbox 566 542 2125 625">
    <p class='ocr_par' dir='ltr' id='par_1_4' title="bbox 566 549 2124 625">
     <span class='ocr_line' id='line_1_4' title="bbox 566 549 2124 625; baseline -0.001 -17"><span class='ocrx_word' id='word_1_25' title='bbox 566 557 770 625; x_wconf 85' lang='lat' dir='ltr'><strong>paruit,</strong></span> <span class='ocrx_word' id='word_1_26' title='bbox 797 556 1043 624; x_wconf 84' lang='lat' dir='ltr'><strong>prodeat,</strong></span> <span class='ocrx_word' id='word_1_27' title='bbox 1079 550 1329 606; x_wconf 75' lang='lat' dir='ltr'><strong>ostendat</strong></span> <span class='ocrx_word' id='word_1_28' title='bbox 1355 559 1412 605; x_wconf 90' lang='lat' dir='ltr'><strong>et</strong></span> <span class='ocrx_word' id='word_1_29' title='bbox 1448 549 1502 603; x_wconf 91' lang='lat' dir='ltr'><strong>in</strong></span> <span class='ocrx_word' id='word_1_30' title='bbox 1531 550 1704 604; x_wconf 81' lang='lat' dir='ltr'><strong>forma</strong></span> <span class='ocrx_word' id='word_1_31' title='bbox 1734 552 1908 620; x_wconf 82' lang='lat' dir='ltr'><strong>ipsum</strong></span> <span class='ocrx_word' id='word_1_32' title='bbox 1940 565 2062 606; x_wconf 89' lang='lat' dir='ltr'><strong>esse</strong></span> <span class='ocrx_word' id='word_1_33' title='bbox 2093 567 2124 606; x_wconf 89' lang='lat' dir='ltr'><strong>e</strong></span> 
     </span>
    </p>
   </div>
   <div class='ocr_carea' id='block_1_5' title="bbox 2230 542 3831 625">
    <p class='ocr_par' dir='ltr' id='par_1_5' title="bbox 2256 542 3831 621">
     <span class='ocr_line' id='line_1_5' title="bbox 2256 542 3831 621; baseline -0.006 -15"><span class='ocrx_word' id='word_1_34' title='bbox 2256 554 2380 615; x_wconf 81' lang='grc' dir='ltr'>Υίὸς</span> <span class='ocrx_word' id='word_1_35' title='bbox 2402 553 2495 606; x_wconf 74' lang='grc' dir='ltr'>καὶ</span> <span class='ocrx_word' id='word_1_36' title='bbox 2520 552 2744 621; x_wconf 76' lang='grc' dir='ltr'>Κύριος,</span> <span class='ocrx_word' id='word_1_37' title='bbox 2766 554 2793 605; x_wconf 99' lang='lat'><strong>6</strong></span> <span class='ocrx_word' id='word_1_38' title='bbox 2812 551 2880 603; x_wconf 79' lang='grc' dir='ltr'>δι’</span> <span class='ocrx_word' id='word_1_39' title='bbox 2912 542 2973 603; x_wconf 74' lang='grc' dir='ltr'><strong>οὗ</strong></span> <span class='ocrx_word' id='word_1_40' title='bbox 3003 547 3339 620; x_wconf 85' lang='grc' dir='ltr'>σεσώσμεθα,</span> <span class='ocrx_word' id='word_1_41' title='bbox 3370 546 3465 599; x_wconf 78' lang='grc' dir='ltr'>καὶ</span> <span class='ocrx_word' id='word_1_42' title='bbox 3490 544 3831 616; x_wconf 76' lang='grc' dir='ltr'>ὲκλελυτρώ-</span> 
     </span>
    </p>
   </div>
   <div class='ocr_carea' id='block_1_6' title="bbox 567 636 2125 715">
    <p class='ocr_par' dir='ltr' id='par_1_6' title="bbox 567 641 2125 715">
     <span class='ocr_line' id='line_1_6' title="bbox 567 641 2125 715; baseline -0.003 -14"><span class='ocrx_word' id='word_1_43' title='bbox 567 648 879 715; x_wconf 77' lang='lat' dir='ltr'><strong>:equalitate</strong></span> <span class='ocrx_word' id='word_1_44' title='bbox 904 644 1085 700; x_wconf 84' lang='lat' dir='ltr'><strong>Patris</strong></span> <span class='ocrx_word' id='word_1_45' title='bbox 1106 643 1125 714; x_wconf 91' lang='lat'>(</span> <span class='ocrx_word' id='word_1_46' title='bbox 1148 657 1253 697; x_wconf 90' lang='lat' dir='ltr'><strong>non</strong></span> <span class='ocrx_word' id='word_1_47' title='bbox 1283 641 1427 697; x_wconf 88' lang='lat' dir='ltr'><strong>enim</strong></span> <span class='ocrx_word' id='word_1_48' title='bbox 1453 642 1699 710; x_wconf 81' lang='lat' dir='ltr'><strong>rapinam</strong></span> <span class='ocrx_word' id='word_1_49' title='bbox 1731 642 2029 697; x_wconf 82' lang='lat' dir='ltr'><strong>arbitratus</strong></span> <span class='ocrx_word' id='word_1_50' title='bbox 2064 659 2125 696; x_wconf 88' lang='lat' dir='ltr'><strong>es</strong></span> 
     </span>
    </p>
   </div>
   <div class='ocr_carea' id='block_1_7' title="bbox 2230 636 3832 715">
    <p class='ocr_par' dir='ltr' id='par_1_7' title="bbox 2250 636 3832 713">
     <span class='ocr_line' id='line_1_7' title="bbox 2250 636 3832 713; baseline -0.006 -16"><span class='ocrx_word' id='word_1_51' title='bbox 2250 644 2391 713; x_wconf 87' lang='grc' dir='ltr'>μεθα</span> <span class='ocrx_word' id='word_1_52' title='bbox 2426 644 2514 697; x_wconf 83' lang='grc' dir='ltr'>διὰ</span> <span class='ocrx_word' id='word_1_53' title='bbox 2559 643 2656 698; x_wconf 90' lang='grc' dir='ltr'>τοῦ</span> <span class='ocrx_word' id='word_1_54' title='bbox 2689 643 2875 713; x_wconf 83' lang='grc' dir='ltr'><strong>τιμίου</strong></span> <span class='ocrx_word' id='word_1_55' title='bbox 2910 637 3171 711; x_wconf 85' lang='grc' dir='ltr'>σταυροῦ.</span> <span class='ocrx_word' id='word_1_56' title='bbox 3210 638 3320 691; x_wconf 80' lang='grc' dir='ltr'>Καὶ</span> <span class='ocrx_word' id='word_1_57' title='bbox 3364 639 3521 707; x_wconf 74' lang='grc' dir='ltr'>εἴπερ</span> <span class='ocrx_word' id='word_1_58' title='bbox 3554 636 3702 689; x_wconf 73' lang='grc' dir='ltr'>ἐστὶν</span> <span class='ocrx_word' id='word_1_59' title='bbox 3732 636 3832 691; x_wconf 80' lang='grc' dir='ltr'>ἀν-</span> 
     </span>
    </p>
   </div>
   <div class='ocr_carea' id='block_1_8' title="bbox 564 728 2125 807">
    <p class='ocr_par' dir='ltr' id='par_1_8' title="bbox 564 732 2125 807">
     <span class='ocr_line' id='line_1_8' title="bbox 564 732 2125 807; baseline -0.005 -14"><span class='ocrx_word' id='word_1_60' title='bbox 564 754 693 795; x_wconf 86' lang='lat' dir='ltr'><strong>esse</strong></span> <span class='ocrx_word' id='word_1_61' title='bbox 733 756 793 794; x_wconf 88' lang='lat' dir='ltr'><strong>se</strong></span> <span class='ocrx_word' id='word_1_62' title='bbox 826 736 1085 807; x_wconf 79' lang='lat' dir='ltr'><strong>:equalem</strong></span> <span class='ocrx_word' id='word_1_63' title='bbox 1130 732 1299 804; x_wconf 91' lang='lat' dir='ltr'><strong>Deo),</strong></span> <span class='ocrx_word' id='word_1_64' title='bbox 1328 740 1381 786; x_wconf 86' lang='lat' dir='ltr'><strong>et</strong></span> <span class='ocrx_word' id='word_1_65' title='bbox 1436 743 1696 799; x_wconf 67' lang='lat' dir='ltr'><strong>praeterea</strong></span> <span class='ocrx_word' id='word_1_66' title='bbox 1746 733 1885 786; x_wconf 81' lang='lat' dir='ltr'><strong>servi</strong></span> <span class='ocrx_word' id='word_1_67' title='bbox 1919 732 2125 786; x_wconf 82' lang='lat' dir='ltr'><strong>formau</strong></span> 
     </span>
    </p>
   </div>
   <div class='ocr_carea' id='block_1_9' title="bbox 2230 728 3832 807">
    <p class='ocr_par' dir='ltr' id='par_1_9' title="bbox 2250 728 3832 807">
     <span class='ocr_line' id='line_1_9' title="bbox 2250 728 3832 807; baseline -0.005 -20"><span class='ocrx_word' id='word_1_68' title='bbox 2250 736 2468 807; x_wconf 87' lang='grc' dir='ltr'>θρωπος</span> <span class='ocrx_word' id='word_1_69' title='bbox 2500 735 2709 799; x_wconf 83' lang='grc' dir='ltr'>ἁπλῶς,</span> <span class='ocrx_word' id='word_1_70' title='bbox 2750 735 2846 788; x_wconf 73' lang='grc' dir='ltr'>καὶ</span> <span class='ocrx_word' id='word_1_71' title='bbox 2894 734 3013 803; x_wconf 57' lang='grc' dir='ltr'><strong>οὐχὶ⁹</strong></span> <span class='ocrx_word' id='word_1_72' title='bbox 3058 731 3122 802; x_wconf 83' lang='grc' dir='ltr'>δὴ</span> <span class='ocrx_word' id='word_1_73' title='bbox 3168 730 3366 800; x_wconf 77' lang='grc' dir='ltr'>μᾶλλον</span> <span class='ocrx_word' id='word_1_74' title='bbox 3412 731 3469 783; x_wconf 68' lang='grc' dir='ltr'>ἐν</span> <span class='ocrx_word' id='word_1_75' title='bbox 3508 728 3832 799; x_wconf 75' lang='grc' dir='ltr'>ἀνθρωπείᾳ</span> 
     </span>
    </p>
   </div>
   <div class='ocr_carea' id='block_1_10' title="bbox 565 820 2125 900">
    <p class='ocr_par' dir='ltr' id='par_1_10' title="bbox 565 824 2125 900">
     <span class='ocr_line' id='line_1_10' title="bbox 565 824 2125 900; baseline -0.003 -18"><span class='ocrx_word' id='word_1_76' title='bbox 565 832 862 900; x_wconf 81' lang='lat' dir='ltr'><strong>accepisse,</strong></span> <span class='ocrx_word' id='word_1_77' title='bbox 889 840 1142 900; x_wconf 92' lang='lat' dir='ltr'><strong>tanquam</strong></span> <span class='ocrx_word' id='word_1_78' title='bbox 1173 842 1277 880; x_wconf 92' lang='lat' dir='ltr'><strong>non</strong></span> <span class='ocrx_word' id='word_1_79' title='bbox 1321 824 1573 879; x_wconf 88' lang='lat' dir='ltr'><strong>habuerit</strong></span> <span class='ocrx_word' id='word_1_80' title='bbox 1616 824 1929 892; x_wconf 90' lang='lat' dir='ltr'><strong>aliquando,</strong></span> <span class='ocrx_word' id='word_1_81' title='bbox 1977 834 2031 878; x_wconf 92' lang='lat' dir='ltr'><strong>et</strong></span> <span class='ocrx_word' id='word_1_82' title='bbox 2054 839 2125 878; x_wconf 28' lang='lat' dir='ltr'><strong>exi</strong></span> 
     </span>
    </p>
   </div>
   <div class='ocr_carea' id='block_1_11' title="bbox 2230 820 3826 900">
    <p class='ocr_par' dir='ltr' id='par_1_11' title="bbox 2252 820 3826 897">
     <span class='ocr_line' id='line_1_11' title="bbox 2252 820 3826 897; baseline -0.003 -17"><span class='ocrx_word' id='word_1_83' title='bbox 2252 830 2432 897; x_wconf 84' lang='grc' dir='ltr'>μορφῇ</span> <span class='ocrx_word' id='word_1_84' title='bbox 2474 825 2733 897; x_wconf 86' lang='grc' dir='ltr'>πεφηνὼς</span> <span class='ocrx_word' id='word_1_85' title='bbox 2767 828 2797 879; x_wconf 93' lang='lat'><strong>6</strong></span> <span class='ocrx_word' id='word_1_86' title='bbox 2847 826 2911 878; x_wconf 79' lang='grc' dir='ltr'>ὲκ</span> <span class='ocrx_word' id='word_1_87' title='bbox 2954 822 3089 877; x_wconf 84' lang='grc' dir='ltr'><strong>Θεοῦ</strong></span> <span class='ocrx_word' id='word_1_88' title='bbox 3139 821 3351 892; x_wconf 69' lang='grc' dir='ltr'>Πατρός</span> <span class='ocrx_word' id='word_1_89' title='bbox 3395 821 3588 889; x_wconf 86' lang='grc' dir='ltr'>Λόγος,</span> <span class='ocrx_word' id='word_1_90' title='bbox 3619 820 3826 892; x_wconf 74' lang='grc' dir='ltr'>ἡκέτω,</span> 
     </span>
    </p>
   </div>
   <div class='ocr_carea' id='block_1_12' title="bbox 564 911 2125 987">
    <p class='ocr_par' dir='ltr' id='par_1_12' title="bbox 564 913 2125 986">
     <span class='ocr_line' id='line_1_12' title="bbox 564 913 2125 986; baseline -0.004 -13"><span class='ocrx_word' id='word_1_91' title='bbox 564 920 833 976; x_wconf 90' lang='lat' dir='ltr'><strong>inanitum</strong></span> <span class='ocrx_word' id='word_1_92' title='bbox 895 920 1086 984; x_wconf 79' lang='lat' dir='ltr'><strong>fuisse,</strong></span> <span class='ocrx_word' id='word_1_93' title='bbox 1120 927 1179 971; x_wconf 93' lang='lat' dir='ltr'><strong>ut</strong></span> <span class='ocrx_word' id='word_1_94' title='bbox 1224 916 1315 986; x_wconf 93' lang='lat' dir='ltr'><strong>qui</strong></span> <span class='ocrx_word' id='word_1_95' title='bbox 1369 915 1423 969; x_wconf 91' lang='lat' dir='ltr'><strong>in</strong></span> <span class='ocrx_word' id='word_1_96' title='bbox 1462 915 1677 983; x_wconf 83' lang='lat' dir='ltr'><strong>propria</strong></span> <span class='ocrx_word' id='word_1_97' title='bbox 1719 924 1908 968; x_wconf 88' lang='lat' dir='ltr'><strong>natura</strong></span> <span class='ocrx_word' id='word_1_98' title='bbox 1973 913 2125 980; x_wconf 79' lang='lat' dir='ltr'><strong>pleni</strong></span> 
     </span>
    </p>
   </div>
   <div class='ocr_carea' id='block_1_13' title="bbox 2230 911 3826 987">
    <p class='ocr_par' dir='ltr' id='par_1_13' title="bbox 2246 911 3826 987">
     <span class='ocr_line' id='line_1_13' title="bbox 2246 911 3826 987; baseline -0.006 -16"><span class='ocrx_word' id='word_1_99' title='bbox 2246 917 2530 982; x_wconf 80' lang='grc' dir='ltr'><strong>δεικνύτω,</strong></span> <span class='ocrx_word' id='word_1_100' title='bbox 2561 917 2656 970; x_wconf 78' lang='grc' dir='ltr'>καὶ</span> <span class='ocrx_word' id='word_1_101' title='bbox 2687 918 2748 969; x_wconf 83' lang='grc' dir='ltr'>ὲν</span> <span class='ocrx_word' id='word_1_102' title='bbox 2781 917 2961 987; x_wconf 80' lang='grc' dir='ltr'>μορφῇ</span> <span class='ocrx_word' id='word_1_103' title='bbox 2999 912 3094 966; x_wconf 88' lang='grc' dir='ltr'>τοῦ</span> <span class='ocrx_word' id='word_1_104' title='bbox 3130 911 3343 984; x_wconf 81' lang='grc' dir='ltr'>Πατρὸς</span> <span class='ocrx_word' id='word_1_105' title='bbox 3381 911 3693 980; x_wconf 82' lang='grc' dir='ltr'>ὑπάρχοντα</span> <span class='ocrx_word' id='word_1_106' title='bbox 3720 911 3826 963; x_wconf 78' lang='grc' dir='ltr'><strong>αὺο</strong></span> 
     </span>
    </p>
   </div>
   <div class='ocr_carea' id='block_1_14' title="bbox 566 1005 2144 1074">
    <p class='ocr_par' dir='ltr' id='par_1_14' title="bbox 566 1005 2144 1074">
     <span class='ocr_line' id='line_1_14' title="bbox 566 1005 2144 1074; baseline -0.004 -9"><span class='ocrx_word' id='word_1_107' title='bbox 566 1012 807 1065; x_wconf 84' lang='lat' dir='ltr'><strong>tudinem</strong></span> <span class='ocrx_word' id='word_1_108' title='bbox 854 1011 1127 1065; x_wconf 82' lang='lat' dir='ltr'><strong>habuerit.</strong></span> <span class='ocrx_word' id='word_1_109' title='bbox 1172 1007 1306 1062; x_wconf 77' lang='lat' dir='ltr'><strong>Nam</strong></span> <span class='ocrx_word' id='word_1_110' title='bbox 1341 1007 1531 1062; x_wconf 86' lang='lat' dir='ltr'><strong>beatus</strong></span> <span class='ocrx_word' id='word_1_111' title='bbox 1566 1005 1764 1060; x_wconf 80' lang='lat' dir='ltr'><strong>Paulus</strong></span> <span class='ocrx_word' id='word_1_112' title='bbox 1795 1006 1941 1058; x_wconf 86' lang='lat' dir='ltr'><strong>illum</strong></span> <span class='ocrx_word' id='word_1_113' title='bbox 1974 1006 2062 1074; x_wconf 93' lang='lat' dir='ltr'><strong>qui</strong></span> <span class='ocrx_word' id='word_1_114' title='bbox 2093 1005 2144 1059; x_wconf 91' lang='lat' dir='ltr'><strong>in</strong></span> 
     </span>
    </p>
   </div>
   <div class='ocr_carea' id='block_1_15' title="bbox 562 1097 2146 1170">
    <p class='ocr_par' dir='ltr' id='par_1_15' title="bbox 562 1097 2146 1170">
     <span class='ocr_line' id='line_1_15' title="bbox 562 1097 2146 1170; baseline 0.001 -19"><span class='ocrx_word' id='word_1_115' title='bbox 562 1099 734 1155; x_wconf 79' lang='lat' dir='ltr'><strong>forma</strong></span> <span class='ocrx_word' id='word_1_116' title='bbox 773 1112 827 1156; x_wconf 90' lang='lat' dir='ltr'><strong>et</strong></span> <span class='ocrx_word' id='word_1_117' title='bbox 856 1103 906 1155; x_wconf 91' lang='lat' dir='ltr'><strong>in</strong></span> <span class='ocrx_word' id='word_1_118' title='bbox 956 1101 1269 1170; x_wconf 66' lang='lat' dir='ltr'><strong>aequalitate</strong></span> <span class='ocrx_word' id='word_1_119' title='bbox 1318 1098 1495 1153; x_wconf 85' lang='lat' dir='ltr'><strong>Patris</strong></span> <span class='ocrx_word' id='word_1_120' title='bbox 1528 1108 1671 1164; x_wconf 87' lang='lat' dir='ltr'><strong>erat,</strong></span> <span class='ocrx_word' id='word_1_121' title='bbox 1721 1097 1921 1153; x_wconf 74' lang='lat' dir='ltr'><strong>factum</strong></span> <span class='ocrx_word' id='word_1_122' title='bbox 1977 1098 2146 1153; x_wconf 78' lang='lat' dir='ltr'><strong>fuisse</strong></span> 
     </span>
    </p>
   </div>
   <div class='ocr_carea' id='block_1_16' title="bbox 562 1192 2145 1259">
    <p class='ocr_par' dir='ltr' id='par_1_16' title="bbox 562 1192 2145 1259">
     <span class='ocr_line' id='line_1_16' title="bbox 562 1192 2145 1259; baseline -0.003 -11"><span class='ocrx_word' id='word_1_123' title='bbox 562 1194 637 1250; x_wconf 89' lang='lat' dir='ltr'><strong>illi</strong></span> <span class='ocrx_word' id='word_1_124' title='bbox 672 1193 1009 1248; x_wconf 87' lang='lat' dir='ltr'><strong>obedientem</strong></span> <span class='ocrx_word' id='word_1_125' title='bbox 1043 1192 1174 1247; x_wconf 85' lang='lat' dir='ltr'><strong>dicit</strong></span> <span class='ocrx_word' id='word_1_126' title='bbox 1204 1194 1365 1247; x_wconf 89' lang='lat' dir='ltr'><strong>etiam</strong></span> <span class='ocrx_word' id='word_1_127' title='bbox 1410 1206 1579 1259; x_wconf 85' lang='lat' dir='ltr'><strong>usque</strong></span> <span class='ocrx_word' id='word_1_128' title='bbox 1610 1192 1676 1244; x_wconf 87' lang='lat' dir='ltr'><strong>ad</strong></span> <span class='ocrx_word' id='word_1_129' title='bbox 1711 1197 1958 1255; x_wconf 88' lang='lat' dir='ltr'><strong>mortem,</strong></span> <span class='ocrx_word' id='word_1_130' title='bbox 1999 1207 2145 1245; x_wconf 87' lang='lat' dir='ltr'><strong>mor-</strong></span> 
     </span>
    </p>
   </div>
   <div class='ocr_carea' id='block_1_17' title="bbox 562 1282 2147 1351">
    <p class='ocr_par' dir='ltr' id='par_1_17' title="bbox 562 1282 2147 1351">
     <span class='ocr_line' id='line_1_17' title="bbox 562 1282 2147 1351; baseline -0.004 -11"><span class='ocrx_word' id='word_1_131' title='bbox 562 1296 670 1340; x_wconf 86' lang='lat' dir='ltr'><strong>tem</strong></span> <span class='ocrx_word' id='word_1_132' title='bbox 701 1291 881 1337; x_wconf 88' lang='lat' dir='ltr'><strong>autem</strong></span> <span class='ocrx_word' id='word_1_133' title='bbox 918 1285 1115 1339; x_wconf 81' lang='lat' dir='ltr'><strong>crucis.</strong></span> <span class='ocrx_word' id='word_1_134' title='bbox 1149 1286 1231 1337; x_wconf 84' lang='lat' dir='ltr'><strong>An</strong></span> <span class='ocrx_word' id='word_1_135' title='bbox 1276 1298 1382 1338; x_wconf 88' lang='lat' dir='ltr'><strong>non</strong></span> <span class='ocrx_word' id='word_1_136' title='bbox 1426 1282 1706 1351; x_wconf 86' lang='lat' dir='ltr'><strong>perspicua</strong></span> <span class='ocrx_word' id='word_1_137' title='bbox 1738 1291 1819 1335; x_wconf 87' lang='lat' dir='ltr'><strong>est</strong></span> <span class='ocrx_word' id='word_1_138' title='bbox 1851 1282 2147 1335; x_wconf 85' lang='lat' dir='ltr'><strong>sententia-</strong></span> 
     </span>
    </p>
   </div>
   <div class='ocr_carea' id='block_1_18' title="bbox 560 1372 2143 1445">
    <p class='ocr_par' dir='ltr' id='par_1_18' title="bbox 560 1372 2143 1445">
     <span class='ocr_line' id='line_1_18' title="bbox 560 1372 2143 1445; baseline -0.003 -15"><span class='ocrx_word' id='word_1_139' title='bbox 560 1392 679 1430; x_wconf 88' lang='lat' dir='ltr'><strong>rum</strong></span> <span class='ocrx_word' id='word_1_140' title='bbox 704 1377 822 1445; x_wconf 82' lang='lat' dir='ltr'><strong>ejus</strong></span> <span class='ocrx_word' id='word_1_141' title='bbox 847 1375 1198 1430; x_wconf 83' lang='lat' dir='ltr'><strong>ahsurditas?</strong></span> <span class='ocrx_word' id='word_1_142' title='bbox 1223 1375 1355 1429; x_wconf 90' lang='lat' dir='ltr'><strong>Cum</strong></span> <span class='ocrx_word' id='word_1_143' title='bbox 1379 1388 1507 1428; x_wconf 90' lang='lat' dir='ltr'><strong>vero</strong></span> <span class='ocrx_word' id='word_1_144' title='bbox 1534 1374 1724 1427; x_wconf 88' lang='lat' dir='ltr'><strong>beatus</strong></span> <span class='ocrx_word' id='word_1_145' title='bbox 1747 1372 1943 1427; x_wconf 86' lang='lat' dir='ltr'><strong>Paulus</strong></span> <span class='ocrx_word' id='word_1_146' title='bbox 1969 1373 2143 1442; x_wconf 89' lang='lat' dir='ltr'><strong>ipsmu</strong></span> 
     </span>
    </p>
   </div>
   <div class='ocr_carea' id='block_1_19' title="bbox 558 1461 2145 1535">
    <p class='ocr_par' dir='ltr' id='par_1_19' title="bbox 558 1461 2145 1535">
     <span class='ocr_line' id='line_1_19' title="bbox 558 1461 2145 1535; baseline -0.004 -12"><span class='ocrx_word' id='word_1_147' title='bbox 558 1467 879 1523; x_wconf 77' lang='lat' dir='ltr'><strong>cruciﬁxum</strong></span> <span class='ocrx_word' id='word_1_148' title='bbox 903 1466 1087 1535; x_wconf 72' lang='lat' dir='ltr'><strong>gloria:</strong></span> <span class='ocrx_word' id='word_1_149' title='bbox 1123 1465 1405 1519; x_wconf 89' lang='lat' dir='ltr'><strong>Dominum</strong></span> <span class='ocrx_word' id='word_1_150' title='bbox 1433 1462 1745 1532; x_wconf 82' lang='lat' dir='ltr'><strong>appellet”,</strong></span> <span class='ocrx_word' id='word_1_151' title='bbox 1777 1477 1932 1516; x_wconf 91' lang='lat' dir='ltr'><strong>nemo</strong></span> <span class='ocrx_word' id='word_1_152' title='bbox 1963 1461 2145 1530; x_wconf 86' lang='lat' dir='ltr'><strong>utique</strong></span> 
     </span>
    </p>
   </div>
   <div class='ocr_carea' id='block_1_20' title="bbox 559 1551 2142 1620">
    <p class='ocr_par' dir='ltr' id='par_1_20' title="bbox 559 1551 2142 1620">
     <span class='ocr_line' id='line_1_20' title="bbox 559 1551 2142 1620; baseline -0.006 -9"><span class='ocrx_word' id='word_1_153' title='bbox 559 1565 784 1620; x_wconf 81' lang='lat' dir='ltr'><strong>asseret,</strong></span> <span class='ocrx_word' id='word_1_154' title='bbox 819 1571 929 1610; x_wconf 88' lang='lat' dir='ltr'><strong>non</strong></span> <span class='ocrx_word' id='word_1_155' title='bbox 964 1554 1115 1609; x_wconf 91' lang='lat' dir='ltr'><strong>illum</strong></span> <span class='ocrx_word' id='word_1_156' title='bbox 1148 1554 1336 1608; x_wconf 90' lang='lat' dir='ltr'><strong>dicere</strong></span> <span class='ocrx_word' id='word_1_157' title='bbox 1365 1552 1782 1614; x_wconf 87' lang='lat' dir='ltr'><strong>humanitatem,</strong></span> <span class='ocrx_word' id='word_1_158' title='bbox 1819 1552 1916 1604; x_wconf 91' lang='lat' dir='ltr'><strong>sed</strong></span> <span class='ocrx_word' id='word_1_159' title='bbox 1941 1551 2142 1603; x_wconf 88' lang='lat' dir='ltr'><strong>divini-</strong></span> 
     </span>
    </p>
   </div>
   <div class='ocr_carea' id='block_1_21' title="bbox 561 1641 2145 1709">
    <p class='ocr_par' dir='ltr' id='par_1_21' title="bbox 561 1641 2145 1709">
     <span class='ocr_line' id='line_1_21' title="bbox 561 1641 2145 1709; baseline -0.003 -7"><span class='ocrx_word' id='word_1_160' title='bbox 561 1656 747 1703; x_wconf 84' lang='lat' dir='ltr'><strong>tatem.</strong></span> <span class='ocrx_word' id='word_1_161' title='bbox 778 1646 954 1702; x_wconf 91' lang='lat' dir='ltr'><strong>Unum</strong></span> <span class='ocrx_word' id='word_1_162' title='bbox 977 1646 1123 1700; x_wconf 88' lang='lat' dir='ltr'><strong>enim</strong></span> <span class='ocrx_word' id='word_1_163' title='bbox 1156 1645 1388 1699; x_wconf 79' lang='lat' dir='ltr'><strong>fatemur</strong></span> <span class='ocrx_word' id='word_1_164' title='bbox 1420 1644 1719 1709; x_wconf 85' lang='lat' dir='ltr'><strong>Christum,</strong></span> <span class='ocrx_word' id='word_1_165' title='bbox 1750 1654 1803 1697; x_wconf 91' lang='lat' dir='ltr'><strong>et</strong></span> <span class='ocrx_word' id='word_1_166' title='bbox 1830 1641 2049 1707; x_wconf 85' lang='lat' dir='ltr'><strong>Filium,</strong></span> <span class='ocrx_word' id='word_1_167' title='bbox 2090 1652 2145 1697; x_wconf 91' lang='lat' dir='ltr'><strong>et</strong></span> 
     </span>
    </p>
   </div>
   <div class='ocr_carea' id='block_1_22' title="bbox 563 1734 2143 1806">
    <p class='ocr_par' dir='ltr' id='par_1_22' title="bbox 563 1734 2143 1806">
     <span class='ocr_line' id='line_1_22' title="bbox 563 1734 2143 1806; baseline -0.003 -14"><span class='ocrx_word' id='word_1_168' title='bbox 563 1739 851 1794; x_wconf 85' lang='lat' dir='ltr'><strong>Dominum</strong></span> <span class='ocrx_word' id='word_1_169' title='bbox 879 1738 1066 1806; x_wconf 72' lang='lat' dir='ltr'><strong>gloria:</strong></span> <span class='ocrx_word' id='word_1_170' title='bbox 1095 1737 1269 1803; x_wconf 89' lang='lat' dir='ltr'><strong>ipsum</strong></span> <span class='ocrx_word' id='word_1_171' title='bbox 1301 1752 1368 1790; x_wconf 79' lang='lat' dir='ltr'><strong>ex</strong></span> <span class='ocrx_word' id='word_1_172' title='bbox 1403 1737 1511 1791; x_wconf 86' lang='lat' dir='ltr'><strong>Deo</strong></span> <span class='ocrx_word' id='word_1_173' title='bbox 1554 1736 1712 1789; x_wconf 84' lang='lat' dir='ltr'><strong>Patre</strong></span> <span class='ocrx_word' id='word_1_174' title='bbox 1742 1734 1976 1789; x_wconf 86' lang='lat' dir='ltr'><strong>Verbum</strong></span> <span class='ocrx_word' id='word_1_175' title='bbox 2017 1750 2143 1803; x_wconf 59' lang='lat' dir='ltr'><strong>pro.</strong></span> 
     </span>
    </p>
   </div>
   <div class='ocr_carea' id='block_1_23' title="bbox 559 1828 2144 1898">
    <p class='ocr_par' dir='ltr' id='par_1_23' title="bbox 559 1828 2144 1898">
     <span class='ocr_line' id='line_1_23' title="bbox 559 1828 2144 1898; baseline 0.001 -17"><span class='ocrx_word' id='word_1_176' title='bbox 559 1839 678 1898; x_wconf 87' lang='lat' dir='ltr'><strong>pter</strong></span> <span class='ocrx_word' id='word_1_177' title='bbox 703 1844 801 1883; x_wconf 90' lang='lat' dir='ltr'><strong>nos</strong></span> <span class='ocrx_word' id='word_1_178' title='bbox 823 1828 1097 1884; x_wconf 88' lang='lat' dir='ltr'><strong>hominem</strong></span> <span class='ocrx_word' id='word_1_179' title='bbox 1126 1828 1350 1893; x_wconf 82' lang='lat' dir='ltr'><strong>factum,</strong></span> <span class='ocrx_word' id='word_1_180' title='bbox 1387 1836 1440 1882; x_wconf 86' lang='lat' dir='ltr'><strong>et</strong></span> <span class='ocrx_word' id='word_1_181' title='bbox 1462 1841 1624 1881; x_wconf 82' lang='lat' dir='ltr'><strong>carne</strong></span> <span class='ocrx_word' id='word_1_182' title='bbox 1647 1837 1866 1897; x_wconf 88' lang='lat' dir='ltr'><strong>propter</strong></span> <span class='ocrx_word' id='word_1_183' title='bbox 1898 1843 1996 1882; x_wconf 91' lang='lat' dir='ltr'><strong>nos</strong></span> <span class='ocrx_word' id='word_1_184' title='bbox 2018 1843 2144 1893; x_wconf 83' lang='lat' dir='ltr'><strong>pas-</strong></span> 
     </span>
    </p>
   </div>
   <div class='ocr_carea' id='block_1_24' title="bbox 558 1916 2142 1987">
    <p class='ocr_par' dir='ltr' id='par_1_24' title="bbox 558 1916 2142 1987">
     <span class='ocr_line' id='line_1_24' title="bbox 558 1916 2142 1987; baseline 0 -15"><span class='ocrx_word' id='word_1_185' title='bbox 558 1935 700 1987; x_wconf 84' lang='lat' dir='ltr'><strong>sum,</strong></span> <span class='ocrx_word' id='word_1_186' title='bbox 750 1919 1046 1974; x_wconf 88' lang='lat' dir='ltr'><strong>secundum</strong></span> <span class='ocrx_word' id='word_1_187' title='bbox 1089 1916 1421 1987; x_wconf 88' lang='lat' dir='ltr'><strong>Scripturas.</strong></span> <span class='ocrx_word' id='word_1_188' title='bbox 1461 1917 1841 1971; x_wconf 85' lang='lat' dir='ltr'><strong>Verumtamen</strong></span> <span class='ocrx_word' id='word_1_189' title='bbox 1881 1918 2024 1971; x_wconf 86' lang='lat' dir='ltr'><strong>haud</strong></span> <span class='ocrx_word' id='word_1_190' title='bbox 2067 1917 2142 1972; x_wconf 69' lang='lat' dir='ltr'><strong>leo</strong></span> 
     </span>
    </p>
   </div>
   <div class='ocr_carea' id='block_1_25' title="bbox 558 2008 2139 2077">
    <p class='ocr_par' dir='ltr' id='par_1_25' title="bbox 558 2008 2139 2077">
     <span class='ocr_line' id='line_1_25' title="bbox 558 2008 2139 2077; baseline 0.003 -18"><span class='ocrx_word' id='word_1_191' title='bbox 558 2009 698 2062; x_wconf 83' lang='lat' dir='ltr'><strong>viter</strong></span> <span class='ocrx_word' id='word_1_192' title='bbox 724 2009 1053 2063; x_wconf 89' lang='lat' dir='ltr'><strong>criminatus</strong></span> <span class='ocrx_word' id='word_1_193' title='bbox 1089 2022 1184 2063; x_wconf 89' lang='lat' dir='ltr'><strong>eos</strong></span> <span class='ocrx_word' id='word_1_194' title='bbox 1230 2009 1321 2077; x_wconf 91' lang='lat' dir='ltr'><strong>qui</strong></span> <span class='ocrx_word' id='word_1_195' title='bbox 1378 2009 1484 2062; x_wconf 87' lang='lat' dir='ltr'><strong>Deo</strong></span> <span class='ocrx_word' id='word_1_196' title='bbox 1532 2008 1709 2063; x_wconf 89' lang='lat' dir='ltr'><strong>Verbo</strong></span> <span class='ocrx_word' id='word_1_197' title='bbox 1757 2009 2139 2064; x_wconf 82' lang='lat' dir='ltr'><strong>dominationis</strong></span> 
     </span>
    </p>
   </div>
   <div class='ocr_carea' id='block_1_26' title="bbox 560 2096 2139 2162">
    <p class='ocr_par' dir='ltr' id='par_1_26' title="bbox 560 2096 2139 2162">
     <span class='ocr_line' id='line_1_26' title="bbox 560 2096 2139 2162; baseline 0.004 -14"><span class='ocrx_word' id='word_1_198' title='bbox 560 2110 756 2150; x_wconf 86' lang='lat' dir='ltr'><strong>nomen</strong></span> <span class='ocrx_word' id='word_1_199' title='bbox 794 2096 1058 2161; x_wconf 88' lang='lat' dir='ltr'><strong>tribuunt,</strong></span> <span class='ocrx_word' id='word_1_200' title='bbox 1090 2107 1143 2151; x_wconf 92' lang='lat' dir='ltr'><strong>et</strong></span> <span class='ocrx_word' id='word_1_201' title='bbox 1166 2098 1233 2151; x_wconf 87' lang='lat' dir='ltr'><strong>ab</strong></span> <span class='ocrx_word' id='word_1_202' title='bbox 1262 2098 1602 2153; x_wconf 88' lang='lat' dir='ltr'><strong>humanitate</strong></span> <span class='ocrx_word' id='word_1_203' title='bbox 1626 2100 1754 2153; x_wconf 88' lang='lat' dir='ltr'><strong>illud</strong></span> <span class='ocrx_word' id='word_1_204' title='bbox 1787 2098 2057 2162; x_wconf 80' lang='lat' dir='ltr'><strong>auferunt,</strong></span> <span class='ocrx_word' id='word_1_205' title='bbox 2082 2109 2139 2154; x_wconf 89' lang='lat' dir='ltr'><strong>ut</strong></span> 
     </span>
    </p>
   </div>
   <div class='ocr_carea' id='block_1_27' title="bbox 2247 1000 3823 1077">
    <p class='ocr_par' dir='ltr' id='par_1_27' title="bbox 2247 1000 3823 1077">
     <span class='ocr_line' id='line_1_27' title="bbox 2247 1000 3823 1077; baseline -0.004 -17"><span class='ocrx_word' id='word_1_206' title='bbox 2247 1007 2357 1071; x_wconf 82' lang='grc' dir='ltr'>τὸν,</span> <span class='ocrx_word' id='word_1_207' title='bbox 2408 1009 2498 1060; x_wconf 72' lang='grc' dir='ltr'><strong>καὶ</strong></span> <span class='ocrx_word' id='word_1_208' title='bbox 2539 1008 2724 1077; x_wconf 88' lang='grc' dir='ltr'>μέντοι</span> <span class='ocrx_word' id='word_1_209' title='bbox 2776 1008 2870 1061; x_wconf 79' lang='grc' dir='ltr'>καὶ</span> <span class='ocrx_word' id='word_1_210' title='bbox 2919 1006 2977 1057; x_wconf 83' lang='grc' dir='ltr'>ὲν</span> <span class='ocrx_word' id='word_1_211' title='bbox 3008 1004 3215 1072; x_wconf 72' lang='grc' dir='ltr'>ἰσότητι</span> <span class='ocrx_word' id='word_1_212' title='bbox 3241 1019 3256 1035; x_wconf 76' lang='grc' dir='ltr'><strong><em>ο</em></strong></span> <span class='ocrx_word' id='word_1_213' title='bbox 3288 1002 3351 1054; x_wconf 84' lang='grc' dir='ltr'>οὐ</span> <span class='ocrx_word' id='word_1_214' title='bbox 3387 1000 3495 1071; x_wconf 84' lang='grc' dir='ltr'>γὰρ</span> <span class='ocrx_word' id='word_1_215' title='bbox 3527 1000 3823 1071; x_wconf 75' lang='grc' dir='ltr'>ἁρπαγμὸν</span> 
     </span>
    </p>
   </div>
   <div class='ocr_carea' id='block_1_28' title="bbox 2245 1092 3825 1170">
    <p class='ocr_par' dir='ltr' id='par_1_28' title="bbox 2245 1092 3825 1170">
     <span class='ocr_line' id='line_1_28' title="bbox 2245 1092 3825 1170; baseline -0.025 2"><span class='ocrx_word' id='word_1_216' title='bbox 2245 1101 2492 1170; x_wconf 67' lang='grc' dir='ltr'>ἡγήσατο</span> <span class='ocrx_word' id='word_1_217' title='bbox 2526 1100 2587 1153; x_wconf 84' lang='grc' dir='ltr'>τὸ</span> <span class='ocrx_word' id='word_1_218' title='bbox 2621 1096 2761 1153; x_wconf 76' lang='grc' dir='ltr'>εἶναι</span> <span class='ocrx_word' id='word_1_219' title='bbox 2793 1096 2887 1151; x_wconf 83' lang='grc' dir='ltr'>ῐσα</span> <span class='ocrx_word' id='word_1_220' title='bbox 2933 1096 3088 1167; x_wconf 62' lang='grc' dir='ltr'>Θεῷ*</span> <span class='ocrx_word' id='word_1_221' title='bbox 3115 1095 3211 1149; x_wconf 76' lang='grc' dir='ltr'>καὶ</span> <span class='ocrx_word' id='word_1_222' title='bbox 3258 1093 3485 1165; x_wconf 80' lang='grc' dir='ltr'><strong>προσέτι</strong></span> <span class='ocrx_word' id='word_1_223' title='bbox 3518 1092 3693 1162; x_wconf 76' lang='grc' dir='ltr'>τούτῳ</span> <span class='ocrx_word' id='word_1_224' title='bbox 3722 1092 3825 1163; x_wconf 66' lang='grc' dir='ltr'><strong>τὴν</strong></span> 
     </span>
    </p>
   </div>
   <div class='ocr_carea' id='block_1_29' title="bbox 2245 1184 3823 1259">
    <p class='ocr_par' dir='ltr' id='par_1_29' title="bbox 2245 1184 3823 1259">
     <span class='ocr_line' id='line_1_29' title="bbox 2245 1184 3823 1259; baseline -0.004 -16"><span class='ocrx_word' id='word_1_225' title='bbox 2245 1190 2340 1245; x_wconf 90' lang='grc' dir='ltr'>τοῦ</span> <span class='ocrx_word' id='word_1_226' title='bbox 2366 1191 2556 1244; x_wconf 86' lang='grc' dir='ltr'>δούλου</span> <span class='ocrx_word' id='word_1_227' title='bbox 2583 1189 2816 1244; x_wconf 70' lang='grc' dir='ltr'>λαϐόντα</span> <span class='ocrx_word' id='word_1_228' title='bbox 2839 1187 3074 1259; x_wconf 78' lang='grc' dir='ltr'>μορφὴν,</span> <span class='ocrx_word' id='word_1_229' title='bbox 3091 1185 3169 1248; x_wconf 85' lang='grc' dir='ltr'>ὡς</span> <span class='ocrx_word' id='word_1_230' title='bbox 3188 1186 3289 1239; x_wconf 82' lang='grc' dir='ltr'><strong>οὐκ</strong></span> <span class='ocrx_word' id='word_1_231' title='bbox 3313 1184 3507 1255; x_wconf 75' lang='grc' dir='ltr'>ἔχοντά</span> <span class='ocrx_word' id='word_1_232' title='bbox 3534 1201 3664 1237; x_wconf 85' lang='grc' dir='ltr'>ποτε</span> <span class='ocrx_word' id='word_1_233' title='bbox 3688 1202 3701 1213; x_wconf 92' lang='grc'><strong>·</strong></span> <span class='ocrx_word' id='word_1_234' title='bbox 3727 1185 3823 1238; x_wconf 75' lang='grc' dir='ltr'>καὶ</span> 
     </span>
    </p>
   </div>
   <div class='ocr_carea' id='block_1_30' title="bbox 2248 1276 3823 1352">
    <p class='ocr_par' dir='ltr' id='par_1_30' title="bbox 2248 1276 3823 1352">
     <span class='ocr_line' id='line_1_30' title="bbox 2248 1276 3823 1352; baseline -0.004 -15"><span class='ocrx_word' id='word_1_235' title='bbox 2248 1287 2306 1338; x_wconf 82' lang='grc' dir='ltr'>ὲν</span> <span class='ocrx_word' id='word_1_236' title='bbox 2330 1283 2555 1337; x_wconf 84' lang='grc' dir='ltr'><strong>κενώσει</strong></span> <span class='ocrx_word' id='word_1_237' title='bbox 2581 1282 2969 1352; x_wconf 81' lang='grc' dir='ltr'><strong>γεγενημένον,</strong></span> <span class='ocrx_word' id='word_1_238' title='bbox 2995 1279 3070 1344; x_wconf 83' lang='grc' dir='ltr'>ὡς</span> <span class='ocrx_word' id='word_1_239' title='bbox 3099 1279 3161 1333; x_wconf 82' lang='grc' dir='ltr'>ὲν</span> <span class='ocrx_word' id='word_1_240' title='bbox 3186 1278 3291 1348; x_wconf 80' lang='grc' dir='ltr'>ίδίᾳ</span> <span class='ocrx_word' id='word_1_241' title='bbox 3317 1277 3475 1346; x_wconf 79' lang='grc' dir='ltr'>φύσει</span> <span class='ocrx_word' id='word_1_242' title='bbox 3498 1277 3731 1348; x_wconf 82' lang='grc' dir='ltr'>λαχόντα</span> <span class='ocrx_word' id='word_1_243' title='bbox 3758 1276 3823 1330; x_wconf 84' lang='grc' dir='ltr'>τὺ</span> 
     </span>
    </p>
   </div>
   <div class='ocr_carea' id='block_1_31' title="bbox 2245 1368 3818 1446">
    <p class='ocr_par' dir='ltr' id='par_1_31' title="bbox 2245 1368 3818 1446">
     <span class='ocr_line' id='line_1_31' title="bbox 2245 1368 3818 1446; baseline -0.004 -19"><span class='ocrx_word' id='word_1_244' title='bbox 2245 1375 2470 1446; x_wconf 81' lang='grc' dir='ltr'>πλῆρες.</span> <span class='ocrx_word' id='word_1_245' title='bbox 2510 1375 2567 1428; x_wconf 83' lang='grc' dir='ltr'><strong>Ὀ</strong></span> <span class='ocrx_word' id='word_1_246' title='bbox 2596 1374 2787 1443; x_wconf 85' lang='grc' dir='ltr'><strong>γάρτοι</strong></span> <span class='ocrx_word' id='word_1_247' title='bbox 2832 1370 3124 1433; x_wconf 83' lang='grc' dir='ltr'><strong>Θεσπέσιος</strong></span> <span class='ocrx_word' id='word_1_248' title='bbox 3153 1368 3387 1435; x_wconf 81' lang='grc' dir='ltr'><strong>Παῦλος,</strong></span> <span class='ocrx_word' id='word_1_249' title='bbox 3428 1370 3522 1424; x_wconf 75' lang='grc' dir='ltr'>τὸν</span> <span class='ocrx_word' id='word_1_250' title='bbox 3553 1371 3610 1423; x_wconf 84' lang='grc' dir='ltr'>ὲν</span> <span class='ocrx_word' id='word_1_251' title='bbox 3633 1371 3818 1440; x_wconf 75' lang='grc' dir='ltr'>μορφῇ</span> 
     </span>
    </p>
   </div>
   <div class='ocr_carea' id='block_1_32' title="bbox 2246 1460 3820 1535">
    <p class='ocr_par' dir='ltr' id='par_1_32' title="bbox 2246 1460 3820 1535">
     <span class='ocr_line' id='line_1_32' title="bbox 2246 1460 3820 1535; baseline -0.004 -16"><span class='ocrx_word' id='word_1_252' title='bbox 2246 1466 2339 1519; x_wconf 69' lang='grc' dir='ltr'><strong>καὶ¹</strong></span> <span class='ocrx_word' id='word_1_253' title='bbox 2368 1465 2572 1535; x_wconf 78' lang='grc' dir='ltr'>ἰσότητι</span> <span class='ocrx_word' id='word_1_254' title='bbox 2618 1465 2713 1518; x_wconf 90' lang='grc' dir='ltr'>τοῦ</span> <span class='ocrx_word' id='word_1_255' title='bbox 2766 1462 2903 1517; x_wconf 84' lang='grc' dir='ltr'>Θεοῦ</span> <span class='ocrx_word' id='word_1_256' title='bbox 2970 1462 3066 1517; x_wconf 78' lang='grc' dir='ltr'><strong>καὶ</strong></span> <span class='ocrx_word' id='word_1_257' title='bbox 3101 1462 3334 1533; x_wconf 70' lang='grc' dir='ltr'>Πατρός,</span> <span class='ocrx_word' id='word_1_258' title='bbox 3360 1460 3612 1530; x_wconf 85' lang='grc' dir='ltr'>γενέσθαι</span> <span class='ocrx_word' id='word_1_259' title='bbox 3650 1460 3820 1531; x_wconf 80' lang='grc' dir='ltr'>φησὶν</span> 
     </span>
    </p>
   </div>
   <div class='ocr_carea' id='block_1_33' title="bbox 2245 1552 3819 1627">
    <p class='ocr_par' dir='ltr' id='par_1_33' title="bbox 2245 1552 3819 1627">
     <span class='ocr_line' id='line_1_33' title="bbox 2245 1552 3819 1627; baseline -0.004 -16"><span class='ocrx_word' id='word_1_260' title='bbox 2245 1558 2485 1627; x_wconf 81' lang='grc' dir='ltr'>ὑπήκοον</span> <span class='ocrx_word' id='word_1_261' title='bbox 2512 1556 2661 1627; x_wconf 82' lang='grc' dir='ltr'>αὐτῷ</span> <span class='ocrx_word' id='word_1_262' title='bbox 2694 1557 2787 1609; x_wconf 82' lang='grc' dir='ltr'><strong>καὶ</strong></span> <span class='ocrx_word' id='word_1_263' title='bbox 2822 1556 2983 1626; x_wconf 84' lang='grc' dir='ltr'>μέχρι</span> <span class='ocrx_word' id='word_1_264' title='bbox 3015 1554 3268 1618; x_wconf 79' lang='grc' dir='ltr'>θανάτου,</span> <span class='ocrx_word' id='word_1_265' title='bbox 3299 1553 3532 1607; x_wconf 83' lang='grc' dir='ltr'>θανάτου</span> <span class='ocrx_word' id='word_1_266' title='bbox 3563 1552 3621 1605; x_wconf 83' lang='grc' dir='ltr'>δὲ</span> <span class='ocrx_word' id='word_1_267' title='bbox 3654 1569 3819 1606; x_wconf 86' lang='grc' dir='ltr'>σταυ-</span> 
     </span>
    </p>
   </div>
   <div class='ocr_carea' id='block_1_34' title="bbox 2245 1640 3816 1720">
    <p class='ocr_par' dir='ltr' id='par_1_34' title="bbox 2245 1640 3816 1720">
     <span class='ocr_line' id='line_1_34' title="bbox 2245 1640 3816 1720; baseline -0.003 -19"><span class='ocrx_word' id='word_1_268' title='bbox 2245 1649 2359 1720; x_wconf 85' lang='grc' dir='ltr'>ροῦ.</span> <span class='ocrx_word' id='word_1_269' title='bbox 2392 1645 2518 1720; x_wconf 67' lang='grc' dir='ltr'>’Ἆρ’</span> <span class='ocrx_word' id='word_1_270' title='bbox 2564 1650 2665 1702; x_wconf 84' lang='grc' dir='ltr'><strong>οὐκ</strong></span> <span class='ocrx_word' id='word_1_271' title='bbox 2695 1646 2930 1718; x_wconf 75' lang='grc' dir='ltr'>ἐναργὴς</span> <span class='ocrx_word' id='word_1_272' title='bbox 2964 1648 2997 1716; x_wconf 83' lang='grc' dir='ltr'><strong>ή</strong></span> <span class='ocrx_word' id='word_1_273' title='bbox 3033 1646 3141 1700; x_wconf 88' lang='grc' dir='ltr'><strong>τῶν</strong></span> <span class='ocrx_word' id='word_1_274' title='bbox 3186 1644 3408 1699; x_wconf 80' lang='grc' dir='ltr'>ἐννοιῶν</span> <span class='ocrx_word' id='word_1_275' title='bbox 3437 1644 3674 1709; x_wconf 77' lang='grc' dir='ltr'><strong>ἀτοπίας</strong></span> <span class='ocrx_word' id='word_1_276' title='bbox 3705 1640 3816 1697; x_wconf 79' lang='grc' dir='ltr'><strong>Κύ-</strong></span> 
     </span>
    </p>
   </div>
   <div class='ocr_carea' id='block_1_35' title="bbox 2246 1735 3816 1811">
    <p class='ocr_par' dir='ltr' id='par_1_35' title="bbox 2246 1735 3816 1811">
     <span class='ocr_line' id='line_1_35' title="bbox 2246 1735 3816 1811; baseline -0.004 -17"><span class='ocrx_word' id='word_1_277' title='bbox 2246 1758 2358 1811; x_wconf 93' lang='grc' dir='ltr'>ριον</span> <span class='ocrx_word' id='word_1_278' title='bbox 2396 1740 2453 1793; x_wconf 86' lang='grc' dir='ltr'>δὲ</span> <span class='ocrx_word' id='word_1_279' title='bbox 2489 1741 2588 1811; x_wconf 82' lang='grc' dir='ltr'><strong>τῆς</strong></span> <span class='ocrx_word' id='word_1_280' title='bbox 2611 1740 2773 1809; x_wconf 83' lang='grc' dir='ltr'><strong>δόξης</strong></span> <span class='ocrx_word' id='word_1_281' title='bbox 2824 1738 3186 1807; x_wconf 76' lang='grc' dir='ltr'><strong>ὀνομάζοντος</strong></span> <span class='ocrx_word' id='word_1_282' title='bbox 3215 1739 3349 1808; x_wconf 76' lang='grc' dir='ltr'>ἡμῖν</span> <span class='ocrx_word' id='word_1_283' title='bbox 3396 1735 3493 1790; x_wconf 83' lang='grc' dir='ltr'><strong>τοῦ</strong></span> <span class='ocrx_word' id='word_1_284' title='bbox 3544 1736 3816 1806; x_wconf 70' lang='grc' dir='ltr'>μακαρίου</span> 
     </span>
    </p>
   </div>
   <div class='ocr_carea' id='block_1_36' title="bbox 2244 1824 3817 1902">
    <p class='ocr_par' dir='ltr' id='par_1_36' title="bbox 2244 1824 3817 1902">
     <span class='ocr_line' id='line_1_36' title="bbox 2244 1824 3817 1902; baseline -0.005 -16"><span class='ocrx_word' id='word_1_285' title='bbox 2244 1832 2459 1887; x_wconf 78' lang='grc' dir='ltr'><strong>Παύλου</strong></span> <span class='ocrx_word' id='word_1_286' title='bbox 2495 1833 2588 1885; x_wconf 83' lang='grc' dir='ltr'>τὸν</span> <span class='ocrx_word' id='word_1_287' title='bbox 2612 1830 3051 1902; x_wconf 77' lang='grc' dir='ltr'>ἐσταυρωμένον,</span> <span class='ocrx_word' id='word_1_288' title='bbox 3074 1828 3210 1899; x_wconf 97' lang='grc' dir='ltr'>φαίη</span> <span class='ocrx_word' id='word_1_289' title='bbox 3241 1828 3309 1881; x_wconf 84' lang='grc' dir='ltr'><strong>ἂν</strong></span> <span class='ocrx_word' id='word_1_290' title='bbox 3332 1827 3529 1890; x_wconf 78' lang='grc' dir='ltr'>οὐδείς’</span> <span class='ocrx_word' id='word_1_291' title='bbox 3560 1826 3635 1880; x_wconf 82' lang='grc' dir='ltr'><strong>Οὐ</strong></span> <span class='ocrx_word' id='word_1_292' title='bbox 3665 1824 3817 1895; x_wconf 83' lang='grc' dir='ltr'>λέγει</span> 
     </span>
    </p>
   </div>
   <div class='ocr_carea' id='block_1_37' title="bbox 2241 1916 3813 1995">
    <p class='ocr_par' dir='ltr' id='par_1_37' title="bbox 2241 1916 3813 1995">
     <span class='ocr_line' id='line_1_37' title="bbox 2241 1916 3813 1995; baseline -0.005 -18"><span class='ocrx_word' id='word_1_293' title='bbox 2241 1925 2341 1995; x_wconf 82' lang='grc' dir='ltr'>τὴν</span> <span class='ocrx_word' id='word_1_294' title='bbox 2371 1923 2784 1995; x_wconf 86' lang='grc' dir='ltr'>ἀνθρωπότητα,</span> <span class='ocrx_word' id='word_1_295' title='bbox 2810 1921 2947 1974; x_wconf 86' lang='grc' dir='ltr'><strong>ἀλλά</strong></span> <span class='ocrx_word' id='word_1_296' title='bbox 2970 1921 3067 1991; x_wconf 82' lang='grc' dir='ltr'>τὴν</span> <span class='ocrx_word' id='word_1_297' title='bbox 3090 1920 3338 1988; x_wconf 88' lang='grc' dir='ltr'>θεότητα.</span> <span class='ocrx_word' id='word_1_298' title='bbox 3372 1919 3507 1971; x_wconf 84' lang='grc' dir='ltr'>Ἕνα</span> <span class='ocrx_word' id='word_1_299' title='bbox 3534 1916 3644 1986; x_wconf 90' lang='grc' dir='ltr'><strong>γάρ</strong></span> <span class='ocrx_word' id='word_1_300' title='bbox 3679 1917 3813 1987; x_wconf 82' lang='grc' dir='ltr'>όμο-</span> 
     </span>
    </p>
   </div>
   <div class='ocr_carea' id='block_1_38' title="bbox 2242 2006 3816 2085">
    <p class='ocr_par' dir='ltr' id='par_1_38' title="bbox 2242 2006 3816 2085">
     <span class='ocr_line' id='line_1_38' title="bbox 2242 2006 3816 2085; baseline -0.006 -16"><span class='ocrx_word' id='word_1_301' title='bbox 2242 2014 2508 2085; x_wconf 86' lang='grc' dir='ltr'>λογοῦμεν</span> <span class='ocrx_word' id='word_1_302' title='bbox 2555 2013 2793 2085; x_wconf 83' lang='grc' dir='ltr'>Χριστὸν</span> <span class='ocrx_word' id='word_1_303' title='bbox 2831 2014 2926 2067; x_wconf 79' lang='grc' dir='ltr'><strong>καὶ</strong></span> <span class='ocrx_word' id='word_1_304' title='bbox 2961 2012 3114 2075; x_wconf 84' lang='grc' dir='ltr'>Υίὸν,</span> <span class='ocrx_word' id='word_1_305' title='bbox 3144 2011 3240 2065; x_wconf 74' lang='grc' dir='ltr'>καὶ</span> <span class='ocrx_word' id='word_1_306' title='bbox 3275 2012 3376 2082; x_wconf 75' lang='grc' dir='ltr'>τῆς</span> <span class='ocrx_word' id='word_1_307' title='bbox 3406 2009 3563 2079; x_wconf 78' lang='grc' dir='ltr'>δόξης</span> <span class='ocrx_word' id='word_1_308' title='bbox 3608 2006 3816 2080; x_wconf 78' lang='grc' dir='ltr'>Κύριον</span> 
     </span>
    </p>
   </div>
   <div class='ocr_carea' id='block_1_39' title="bbox 2240 2101 3811 2177">
    <p class='ocr_par' dir='ltr' id='par_1_39' title="bbox 2240 2101 3811 2177">
     <span class='ocr_line' id='line_1_39' title="bbox 2240 2101 3811 2177; baseline -0.003 -17"><span class='ocrx_word' id='word_1_309' title='bbox 2240 2107 2330 2161; x_wconf 84' lang='grc' dir='ltr'><strong>τὸν</strong></span> <span class='ocrx_word' id='word_1_310' title='bbox 2350 2110 2413 2161; x_wconf 83' lang='grc' dir='ltr'>ἐκ</span> <span class='ocrx_word' id='word_1_311' title='bbox 2429 2105 2563 2160; x_wconf 88' lang='grc' dir='ltr'>Θεοῦ</span> <span class='ocrx_word' id='word_1_312' title='bbox 2594 2105 2805 2177; x_wconf 83' lang='grc' dir='ltr'>Πατρὺς</span> <span class='ocrx_word' id='word_1_313' title='bbox 2824 2104 2996 2174; x_wconf 85' lang='grc' dir='ltr'>Λόγον</span> <span class='ocrx_word' id='word_1_314' title='bbox 3022 2102 3345 2173; x_wconf 80' lang='grc' dir='ltr'>ὲνανθρωπή</span> <span class='ocrx_word' id='word_1_315' title='bbox 3355 2119 3522 2156; x_wconf 83' lang='grc' dir='ltr'>σαντα</span> <span class='ocrx_word' id='word_1_316' title='bbox 3550 2101 3617 2154; x_wconf 80' lang='grc' dir='ltr'>δι’</span> <span class='ocrx_word' id='word_1_317' title='bbox 3641 2102 3811 2173; x_wconf 74' lang='grc' dir='ltr'>ἡμᾶς.</span> 
     </span>
    </p>
   </div>
   <div class='ocr_carea' id='block_1_40' title="bbox 559 2190 2125 2265">
    <p class='ocr_par' dir='ltr' id='par_1_40' title="bbox 559 2190 2125 2261">
     <span class='ocr_line' id='line_1_40' title="bbox 559 2190 2125 2261; baseline 0.001 -18"><span class='ocrx_word' id='word_1_318' title='bbox 559 2190 651 2257; x_wconf 81' lang='lat' dir='ltr'><strong>qui</strong></span> <span class='ocrx_word' id='word_1_319' title='bbox 678 2204 969 2256; x_wconf 86' lang='lat' dir='ltr'><strong>summam,</strong></span> <span class='ocrx_word' id='word_1_320' title='bbox 1009 2202 1069 2246; x_wconf 91' lang='lat' dir='ltr'><strong>ut</strong></span> <span class='ocrx_word' id='word_1_321' title='bbox 1091 2191 1205 2260; x_wconf 83' lang='lat' dir='ltr'><strong>ipse</strong></span> <span class='ocrx_word' id='word_1_322' title='bbox 1241 2191 1393 2255; x_wconf 89' lang='lat' dir='ltr'><strong>dicit,</strong></span> <span class='ocrx_word' id='word_1_323' title='bbox 1417 2191 1810 2261; x_wconf 88' lang='lat' dir='ltr'><strong>copulationem</strong></span> <span class='ocrx_word' id='word_1_324' title='bbox 1835 2191 2125 2245; x_wconf 78' lang='lat' dir='ltr'><strong>distrahere</strong></span> 
     </span>
    </p>
   </div>
   <div class='ocr_carea' id='block_1_41' title="bbox 2230 2190 3812 2265">
    <p class='ocr_par' dir='ltr' id='par_1_41' title="bbox 2239 2191 3812 2265">
     <span class='ocr_line' id='line_1_41' title="bbox 2239 2191 3812 2265; baseline -0.004 -15"><span class='ocrx_word' id='word_1_325' title='bbox 2239 2196 2479 2250; x_wconf 87' lang='grc' dir='ltr'>παθόντα</span> <span class='ocrx_word' id='word_1_326' title='bbox 2500 2212 2559 2247; x_wconf 91' lang='grc' dir='ltr'><strong>τε</strong></span> <span class='ocrx_word' id='word_1_327' title='bbox 2590 2194 2729 2265; x_wconf 80' lang='grc' dir='ltr'>ὑπὲρ</span> <span class='ocrx_word' id='word_1_328' title='bbox 2751 2193 2907 2265; x_wconf 84' lang='grc' dir='ltr'>ήμῶν</span> <span class='ocrx_word' id='word_1_329' title='bbox 2932 2194 3027 2249; x_wconf 82' lang='grc' dir='ltr'><strong>καὶ</strong></span> <span class='ocrx_word' id='word_1_330' title='bbox 3051 2192 3237 2264; x_wconf 79' lang='grc' dir='ltr'>σαρκὶ,</span> <span class='ocrx_word' id='word_1_331' title='bbox 3268 2193 3409 2246; x_wconf 86' lang='grc' dir='ltr'><strong>κατά</strong></span> <span class='ocrx_word' id='word_1_332' title='bbox 3434 2191 3537 2255; x_wconf 82' lang='grc' dir='ltr'>τὰς</span> <span class='ocrx_word' id='word_1_333' title='bbox 3568 2191 3812 2263; x_wconf 84' lang='grc' dir='ltr'>Γραφάς.</span> 
     </span>
    </p>
   </div>
   <div class='ocr_carea' id='block_1_42' title="bbox 558 2276 2125 2359">
    <p class='ocr_par' dir='ltr' id='par_1_42' title="bbox 558 2276 2125 2347">
     <span class='ocr_line' id='line_1_42' title="bbox 558 2276 2125 2347; baseline 0.001 -17"><span class='ocrx_word' id='word_1_334' title='bbox 558 2278 754 2343; x_wconf 83' lang='lat' dir='ltr'><strong>velint;</strong></span> <span class='ocrx_word' id='word_1_335' title='bbox 778 2279 932 2347; x_wconf 89' lang='lat' dir='ltr'><strong>quasi</strong></span> <span class='ocrx_word' id='word_1_336' title='bbox 956 2293 1143 2333; x_wconf 89' lang='lat' dir='ltr'><strong>eorum</strong></span> <span class='ocrx_word' id='word_1_337' title='bbox 1173 2293 1294 2347; x_wconf 76' lang='lat' dir='ltr'><strong>qua:</strong></span> <span class='ocrx_word' id='word_1_338' title='bbox 1313 2277 1448 2332; x_wconf 81' lang='lat' dir='ltr'><strong>dixit</strong></span> <span class='ocrx_word' id='word_1_339' title='bbox 1466 2278 1685 2343; x_wconf 88' lang='lat' dir='ltr'><strong>oblitus,</strong></span> <span class='ocrx_word' id='word_1_340' title='bbox 1711 2276 1858 2331; x_wconf 91' lang='lat' dir='ltr'><strong>illum</strong></span> <span class='ocrx_word' id='word_1_341' title='bbox 1882 2292 2045 2332; x_wconf 92' lang='lat' dir='ltr'><strong>unum</strong></span> <span class='ocrx_word' id='word_1_342' title='bbox 2081 2278 2125 2331; x_wconf 83' lang='lat' dir='ltr'><strong>in</strong></span> 
     </span>
    </p>
   </div>
   <div class='ocr_carea' id='block_1_43' title="bbox 2230 2276 3815 2359">
    <p class='ocr_par' dir='ltr' id='par_1_43' title="bbox 2238 2281 3815 2359">
     <span class='ocr_line' id='line_1_43' title="bbox 2238 2281 3815 2359; baseline -0.005 -18"><span class='ocrx_word' id='word_1_343' title='bbox 2238 2288 2383 2359; x_wconf 74' lang='grc' dir='ltr'>Πλὴν</span> <span class='ocrx_word' id='word_1_344' title='bbox 2411 2288 2473 2341; x_wconf 83' lang='grc' dir='ltr'><strong>οὐ</strong></span> <span class='ocrx_word' id='word_1_345' title='bbox 2504 2287 2736 2358; x_wconf 78' lang='grc' dir='ltr'>μετρίως</span> <span class='ocrx_word' id='word_1_346' title='bbox 2758 2284 3210 2355; x_wconf 84' lang='grc' dir='ltr'>καταιτιώμενος,</span> <span class='ocrx_word' id='word_1_347' title='bbox 3240 2282 3311 2346; x_wconf 84' lang='grc' dir='ltr'>ὡς</span> <span class='ocrx_word' id='word_1_348' title='bbox 3337 2281 3435 2353; x_wconf 79' lang='grc' dir='ltr'>τὴν</span> <span class='ocrx_word' id='word_1_349' title='bbox 3464 2281 3664 2353; x_wconf 80' lang='grc' dir='ltr'>ἀκριϐῆ</span> <span class='ocrx_word' id='word_1_350' title='bbox 3690 2297 3815 2334; x_wconf 89' lang='grc' dir='ltr'>συν-</span> 
     </span>
    </p>
   </div>
   <div class='ocr_carea' id='block_1_44' title="bbox 556 2369 2125 2446">
    <p class='ocr_par' dir='ltr' id='par_1_44' title="bbox 556 2369 2125 2441">
     <span class='ocr_line' id='line_1_44' title="bbox 556 2369 2125 2441; baseline 0.001 -18"><span class='ocrx_word' id='word_1_351' title='bbox 556 2371 662 2424; x_wconf 92' lang='lat' dir='ltr'><strong>duo</strong></span> <span class='ocrx_word' id='word_1_352' title='bbox 694 2371 997 2425; x_wconf 88' lang='lat' dir='ltr'><strong>distrahere</strong></span> <span class='ocrx_word' id='word_1_353' title='bbox 1039 2371 1463 2441; x_wconf 85' lang='lat' dir='ltr'><strong>deprehenditur</strong></span> <span class='ocrx_word' id='word_1_354' title='bbox 1496 2371 1660 2425; x_wconf 89' lang='lat' dir='ltr'><strong>etiam</strong></span> <span class='ocrx_word' id='word_1_355' title='bbox 1702 2371 1768 2425; x_wconf 92' lang='lat' dir='ltr'><strong>de</strong></span> <span class='ocrx_word' id='word_1_356' title='bbox 1802 2369 1891 2425; x_wconf 90' lang='lat' dir='ltr'><strong>illa</strong></span> <span class='ocrx_word' id='word_1_357' title='bbox 1924 2385 2125 2425; x_wconf 86' lang='lat' dir='ltr'><strong>summa</strong></span> 
     </span>
    </p>
   </div>
   <div class='ocr_carea' id='block_1_45' title="bbox 2230 2369 3814 2446">
    <p class='ocr_par' dir='ltr' id='par_1_45' title="bbox 2236 2370 3814 2446">
     <span class='ocr_line' id='line_1_45' title="bbox 2236 2370 3814 2446; baseline -0.006 -13"><span class='ocrx_word' id='word_1_358' title='bbox 2236 2380 2449 2446; x_wconf 83' lang='grc' dir='ltr'>ἀφειαν,</span> <span class='ocrx_word' id='word_1_359' title='bbox 2482 2376 2627 2431; x_wconf 85' lang='grc' dir='ltr'><strong>καθά</strong></span> <span class='ocrx_word' id='word_1_360' title='bbox 2653 2392 2819 2446; x_wconf 87' lang='grc' dir='ltr'>φησιν</span> <span class='ocrx_word' id='word_1_361' title='bbox 2848 2374 3036 2438; x_wconf 71' lang='grc' dir='ltr'>αὐτὸς,</span> <span class='ocrx_word' id='word_1_362' title='bbox 3074 2373 3306 2442; x_wconf 64' lang='grc' dir='ltr'>ἂασπᾷν</span> <span class='ocrx_word' id='word_1_363' title='bbox 3348 2370 3649 2432; x_wconf 71' lang='grc' dir='ltr'>ἀθέλοντας.</span> <span class='ocrx_word' id='word_1_364' title='bbox 3684 2370 3814 2431; x_wconf 75' lang='grc' dir='ltr'>τοὺς</span> 
     </span>
    </p>
   </div>
   <div class='ocr_carea' id='block_1_46' title="bbox 559 2459 2125 2539">
    <p class='ocr_par' dir='ltr' id='par_1_46' title="bbox 559 2461 2125 2531">
     <span class='ocr_line' id='line_1_46' title="bbox 559 2461 2125 2531; baseline 0.001 -15"><span class='ocrx_word' id='word_1_365' title='bbox 559 2461 720 2531; x_wconf 75' lang='lat'><strong>129</strong></span> <span class='ocrx_word' id='word_1_366' title='bbox 751 2462 1110 2527; x_wconf 86' lang='lat' dir='ltr'><strong>copulatione,</strong></span> <span class='ocrx_word' id='word_1_367' title='bbox 1140 2473 1195 2517; x_wconf 89' lang='lat' dir='ltr'><strong>ut</strong></span> <span class='ocrx_word' id='word_1_368' title='bbox 1223 2463 1335 2530; x_wconf 84' lang='lat' dir='ltr'><strong>ipse</strong></span> <span class='ocrx_word' id='word_1_369' title='bbox 1363 2462 1515 2525; x_wconf 87' lang='lat' dir='ltr'><strong>dicit,</strong></span> <span class='ocrx_word' id='word_1_370' title='bbox 1549 2477 1737 2531; x_wconf 91' lang='lat' dir='ltr'><strong>parum</strong></span> <span class='ocrx_word' id='word_1_371' title='bbox 1775 2477 1982 2517; x_wconf 81' lang='lat' dir='ltr'><strong>curare.</strong></span> <span class='ocrx_word' id='word_1_372' title='bbox 1998 2461 2125 2518; x_wconf 86' lang='lat' dir='ltr'><strong>Nam</strong></span> 
     </span>
    </p>
   </div>
   <div class='ocr_carea' id='block_1_47' title="bbox 2230 2459 3812 2539">
    <p class='ocr_par' dir='ltr' id='par_1_47' title="bbox 2235 2459 3812 2539">
     <span class='ocr_line' id='line_1_47' title="bbox 2235 2459 3812 2539; baseline -0.006 -17"><span class='ocrx_word' id='word_1_373' title='bbox 2235 2468 2609 2539; x_wconf 79' lang='grc' dir='ltr'>ἀπονέμοντας</span> <span class='ocrx_word' id='word_1_374' title='bbox 2644 2468 2743 2537; x_wconf 83' lang='grc' dir='ltr'>μὲν</span> <span class='ocrx_word' id='word_1_375' title='bbox 2773 2465 2853 2537; x_wconf 80' lang='grc' dir='ltr'>τῷ</span> <span class='ocrx_word' id='word_1_376' title='bbox 2896 2464 3017 2535; x_wconf 88' lang='grc' dir='ltr'>Θεῷ</span> <span class='ocrx_word' id='word_1_377' title='bbox 3059 2464 3220 2534; x_wconf 80' lang='grc' dir='ltr'>Λόγῳ</span> <span class='ocrx_word' id='word_1_378' title='bbox 3249 2462 3308 2516; x_wconf 81' lang='grc' dir='ltr'><strong>τὸ</strong></span> <span class='ocrx_word' id='word_1_379' title='bbox 3344 2463 3443 2533; x_wconf 80' lang='grc' dir='ltr'><strong>τῆς</strong></span> <span class='ocrx_word' id='word_1_380' title='bbox 3487 2459 3812 2532; x_wconf 82' lang='grc' dir='ltr'>κυριότητος</span> 
     </span>
    </p>
   </div>
   <div class='ocr_carea' id='block_1_48' title="bbox 556 2550 2125 2630">
    <p class='ocr_par' dir='ltr' id='par_1_48' title="bbox 556 2553 2125 2622">
     <span class='ocr_line' id='line_1_48' title="bbox 556 2553 2125 2622; baseline 0.001 -16"><span class='ocrx_word' id='word_1_381' title='bbox 556 2553 805 2622; x_wconf 73' lang='lat' dir='ltr'><strong>imperite</strong></span> <span class='ocrx_word' id='word_1_382' title='bbox 835 2562 988 2620; x_wconf 71' lang='lat' dir='ltr'><strong>rogat</strong></span> <span class='ocrx_word' id='word_1_383' title='bbox 1014 2572 1027 2608; x_wconf 87' lang='lat'><strong>:</strong></span> <span class='ocrx_word' id='word_1_384' title='bbox 1056 2553 1388 2608; x_wconf 90' lang='lat' dir='ltr'><strong>Dominusne</strong></span> <span class='ocrx_word' id='word_1_385' title='bbox 1440 2562 1523 2607; x_wconf 88' lang='lat' dir='ltr'><strong>est</strong></span> <span class='ocrx_word' id='word_1_386' title='bbox 1548 2554 1706 2608; x_wconf 89' lang='lat' dir='ltr'><strong>etiam</strong></span> <span class='ocrx_word' id='word_1_387' title='bbox 1730 2553 1911 2618; x_wconf 87' lang='lat' dir='ltr'><strong>homo,</strong></span> <span class='ocrx_word' id='word_1_388' title='bbox 1943 2568 2010 2606; x_wconf 92' lang='lat' dir='ltr'><strong>au</strong></span> <span class='ocrx_word' id='word_1_389' title='bbox 2041 2568 2125 2608; x_wconf 83' lang='lat' dir='ltr'><strong>se-</strong></span> 
     </span>
    </p>
   </div>
   <div class='ocr_carea' id='block_1_49' title="bbox 2230 2550 3810 2630">
    <p class='ocr_par' dir='ltr' id='par_1_49' title="bbox 2234 2550 3810 2630">
     <span class='ocr_line' id='line_1_49' title="bbox 2234 2550 3810 2630; baseline 0.003 -19"><span class='ocrx_word' id='word_1_390' title='bbox 2234 2558 2424 2630; x_wconf 80' lang='grc' dir='ltr'>δνομα,</span> <span class='ocrx_word' id='word_1_391' title='bbox 2449 2559 2549 2628; x_wconf 81' lang='grc' dir='ltr'>τῆς</span> <span class='ocrx_word' id='word_1_392' title='bbox 2571 2575 2635 2627; x_wconf 91' lang='grc' dir='ltr'><strong>γε</strong></span> <span class='ocrx_word' id='word_1_393' title='bbox 2668 2556 2776 2628; x_wconf 82' lang='grc' dir='ltr'>μὴν</span> <span class='ocrx_word' id='word_1_394' title='bbox 2807 2554 3225 2626; x_wconf 83' lang='grc' dir='ltr'>ἀνθρωπότητος</span> <span class='ocrx_word' id='word_1_395' title='bbox 3253 2552 3624 2625; x_wconf 77' lang='grc' dir='ltr'>ἀποφέροντας</span> <span class='ocrx_word' id='word_1_396' title='bbox 3659 2550 3810 2621; x_wconf 73' lang='grc' dir='ltr'><strong>αὖτῷ</strong></span> 
     </span>
    </p>
   </div>
   <div class='ocr_carea' id='block_1_50' title="bbox 556 2638 2125 2723">
    <p class='ocr_par' dir='ltr' id='par_1_50' title="bbox 556 2644 2125 2715">
     <span class='ocr_line' id='line_1_50' title="bbox 556 2644 2125 2715; baseline 0.001 -17"><span class='ocrx_word' id='word_1_397' title='bbox 556 2644 698 2698; x_wconf 77' lang='lat' dir='ltr'><strong>cus?</strong></span> <span class='ocrx_word' id='word_1_398' title='bbox 721 2645 764 2699; x_wconf 88' lang='lat' dir='ltr'><strong>si</strong></span> <span class='ocrx_word' id='word_1_399' title='bbox 792 2646 1010 2714; x_wconf 89' lang='lat' dir='ltr'><strong>quidem</strong></span> <span class='ocrx_word' id='word_1_400' title='bbox 1047 2657 1127 2700; x_wconf 89' lang='lat' dir='ltr'><strong>est</strong></span> <span class='ocrx_word' id='word_1_401' title='bbox 1157 2646 1434 2709; x_wconf 88' lang='lat' dir='ltr'><strong>Dominus,</strong></span> <span class='ocrx_word' id='word_1_402' title='bbox 1468 2661 1585 2715; x_wconf 79' lang='lat' dir='ltr'><strong>qua:</strong></span> <span class='ocrx_word' id='word_1_403' title='bbox 1615 2645 1867 2700; x_wconf 90' lang='lat' dir='ltr'><strong>dicuntur</strong></span> <span class='ocrx_word' id='word_1_404' title='bbox 1897 2661 2125 2701; x_wconf 84' lang='lat' dir='ltr'><strong>consen-</strong></span> 
     </span>
    </p>
   </div>
   <div class='ocr_carea' id='block_1_51' title="bbox 2230 2638 3809 2723">
    <p class='ocr_par' dir='ltr' id='par_1_51' title="bbox 2235 2638 3809 2723">
     <span class='ocr_line' id='line_1_51' title="bbox 2235 2638 3809 2723; baseline -0.006 -20"><span class='ocrx_word' id='word_1_405' title='bbox 2235 2650 2344 2723; x_wconf 82' lang='grc' dir='ltr'><strong>[ἵσ.</strong></span> <span class='ocrx_word' id='word_1_406' title='bbox 2371 2649 2549 2721; x_wconf 85' lang='grc' dir='ltr'>αὐτὸ],</span> <span class='ocrx_word' id='word_1_407' title='bbox 2590 2648 2843 2717; x_wconf 82' lang='grc' dir='ltr'>καθάπερ</span> <span class='ocrx_word' id='word_1_408' title='bbox 2868 2647 2949 2709; x_wconf 85' lang='grc' dir='ltr'><strong>είς</strong></span> <span class='ocrx_word' id='word_1_409' title='bbox 2993 2644 3165 2716; x_wconf 82' lang='grc' dir='ltr'>λήθην</span> <span class='ocrx_word' id='word_1_410' title='bbox 3194 2638 3269 2698; x_wconf 82' lang='grc' dir='ltr'>ὧν</span> <span class='ocrx_word' id='word_1_411' title='bbox 3310 2643 3415 2713; x_wconf 76' lang='grc' dir='ltr'>ἔφη</span> <span class='ocrx_word' id='word_1_412' title='bbox 3443 2642 3646 2709; x_wconf 79' lang='grc' dir='ltr'>πεσὼν,</span> <span class='ocrx_word' id='word_1_413' title='bbox 3687 2640 3809 2694; x_wconf 85' lang='grc' dir='ltr'>δια-</span> 
     </span>
    </p>
   </div>
   <div class='ocr_carea' id='block_1_52' title="bbox 560 2730 2125 2813">
    <p class='ocr_par' dir='ltr' id='par_1_52' title="bbox 560 2730 2125 2801">
     <span class='ocr_line' id='line_1_52' title="bbox 560 2730 2125 2801; baseline 0.004 -18"><span class='ocrx_word' id='word_1_414' title='bbox 560 2730 721 2784; x_wconf 90' lang='lat' dir='ltr'><strong>tiunt.</strong></span> <span class='ocrx_word' id='word_1_415' title='bbox 747 2730 887 2801; x_wconf 75' lang='lat' dir='ltr'><strong>Ergo</strong></span> <span class='ocrx_word' id='word_1_416' title='bbox 910 2731 979 2796; x_wconf 84' lang='lat' dir='ltr'><strong>si,</strong></span> <span class='ocrx_word' id='word_1_417' title='bbox 1019 2743 1075 2785; x_wconf 91' lang='lat' dir='ltr'><strong>ut</strong></span> <span class='ocrx_word' id='word_1_418' title='bbox 1110 2742 1197 2787; x_wconf 88' lang='lat' dir='ltr'><strong>tua</strong></span> <span class='ocrx_word' id='word_1_419' title='bbox 1233 2734 1394 2788; x_wconf 84' lang='lat' dir='ltr'><strong>habet</strong></span> <span class='ocrx_word' id='word_1_420' title='bbox 1427 2734 1618 2787; x_wconf 89' lang='lat' dir='ltr'><strong>inscita</strong></span> <span class='ocrx_word' id='word_1_421' title='bbox 1677 2735 1993 2800; x_wconf 86' lang='lat' dir='ltr'><strong>sciscitatio,</strong></span> <span class='ocrx_word' id='word_1_422' title='bbox 2023 2735 2125 2790; x_wconf 94' lang='lat' dir='ltr'><strong>Do-</strong></span> 
     </span>
    </p>
   </div>
   <div class='ocr_carea' id='block_1_53' title="bbox 2230 2730 3809 2813">
    <p class='ocr_par' dir='ltr' id='par_1_53' title="bbox 2235 2732 3809 2813">
     <span class='ocr_line' id='line_1_53' title="bbox 2235 2732 3809 2813; baseline -0.004 -18"><span class='ocrx_word' id='word_1_423' title='bbox 2235 2742 2377 2813; x_wconf 79' lang='grc' dir='ltr'>σπᾷν</span> <span class='ocrx_word' id='word_1_424' title='bbox 2404 2743 2484 2804; x_wconf 85' lang='grc' dir='ltr'><strong>είς</strong></span> <span class='ocrx_word' id='word_1_425' title='bbox 2514 2739 2608 2793; x_wconf 87' lang='grc' dir='ltr'><strong>δύο</strong></span> <span class='ocrx_word' id='word_1_426' title='bbox 2635 2739 3029 2809; x_wconf 81' lang='grc' dir='ltr'>καταφωρᾶται</span> <span class='ocrx_word' id='word_1_427' title='bbox 3054 2736 3145 2790; x_wconf 85' lang='grc' dir='ltr'>τὸν</span> <span class='ocrx_word' id='word_1_428' title='bbox 3172 2736 3289 2802; x_wconf 72' lang='grc' dir='ltr'>ἕνα,</span> <span class='ocrx_word' id='word_1_429' title='bbox 3312 2735 3524 2805; x_wconf 78' lang='grc' dir='ltr'>καὶτῆς</span> <span class='ocrx_word' id='word_1_430' title='bbox 3544 2732 3809 2803; x_wconf 78' lang='grc' dir='ltr'>ἀκριϐοῦς</span> 
     </span>
    </p>
   </div>
   <div class='ocr_carea' id='block_1_54' title="bbox 554 2820 2129 2893">
    <p class='ocr_par' dir='ltr' id='par_1_54' title="bbox 554 2820 2129 2893">
     <span class='ocr_line' id='line_1_54' title="bbox 554 2820 2129 2893; baseline 0.004 -20"><span class='ocrx_word' id='word_1_431' title='bbox 554 2820 735 2875; x_wconf 85' lang='lat' dir='ltr'><strong>minus</strong></span> <span class='ocrx_word' id='word_1_432' title='bbox 760 2832 845 2876; x_wconf 87' lang='lat' dir='ltr'><strong>est</strong></span> <span class='ocrx_word' id='word_1_433' title='bbox 871 2822 1041 2891; x_wconf 90' lang='lat' dir='ltr'><strong>ipsum</strong></span> <span class='ocrx_word' id='word_1_434' title='bbox 1067 2823 1301 2878; x_wconf 85' lang='lat' dir='ltr'><strong>Verbum</strong></span> <span class='ocrx_word' id='word_1_435' title='bbox 1328 2824 1557 2879; x_wconf 87' lang='lat' dir='ltr'><strong>seorsim</strong></span> <span class='ocrx_word' id='word_1_436' title='bbox 1601 2840 1663 2879; x_wconf 86' lang='lat' dir='ltr'><strong>ac</strong></span> <span class='ocrx_word' id='word_1_437' title='bbox 1683 2828 1919 2893; x_wconf 86' lang='lat' dir='ltr'><strong>pr0prie,</strong></span> <span class='ocrx_word' id='word_1_438' title='bbox 1946 2827 2129 2883; x_wconf 88' lang='lat' dir='ltr'><strong>DOmi-</strong></span> 
     </span>
    </p>
   </div>
   <div class='ocr_carea' id='block_1_55' title="bbox 553 2913 2125 2983">
    <p class='ocr_par' dir='ltr' id='par_1_55' title="bbox 553 2913 2125 2983">
     <span class='ocr_line' id='line_1_55' title="bbox 553 2913 2125 2983; baseline 0.006 -18"><span class='ocrx_word' id='word_1_439' title='bbox 553 2927 656 2967; x_wconf 89' lang='lat' dir='ltr'><strong>nus</strong></span> <span class='ocrx_word' id='word_1_440' title='bbox 676 2913 840 2968; x_wconf 89' lang='lat' dir='ltr'><strong>etiam</strong></span> <span class='ocrx_word' id='word_1_441' title='bbox 872 2914 985 2982; x_wconf 88' lang='lat' dir='ltr'><strong>ipse</strong></span> <span class='ocrx_word' id='word_1_442' title='bbox 1018 2915 1308 2979; x_wconf 88' lang='lat' dir='ltr'><strong>homo,duo</strong></span> <span class='ocrx_word' id='word_1_443' title='bbox 1334 2916 1519 2983; x_wconf 92' lang='lat' dir='ltr'><strong>procul</strong></span> <span class='ocrx_word' id='word_1_444' title='bbox 1547 2916 1709 2970; x_wconf 85' lang='lat' dir='ltr'><strong>dubio</strong></span> <span class='ocrx_word' id='word_1_445' title='bbox 1732 2926 1894 2971; x_wconf 90' lang='lat' dir='ltr'><strong>erunt</strong></span> <span class='ocrx_word' id='word_1_446' title='bbox 1923 2918 2125 2974; x_wconf 86' lang='lat' dir='ltr'><strong>domini</strong></span> 
     </span>
    </p>
   </div>
   <div class='ocr_carea' id='block_1_56' title="bbox 553 3004 2126 3076">
    <p class='ocr_par' dir='ltr' id='par_1_56' title="bbox 553 3004 2126 3076">
     <span class='ocr_line' id='line_1_56' title="bbox 553 3004 2126 3076; baseline 0.006 -20"><span class='ocrx_word' id='word_1_447' title='bbox 553 3019 616 3059; x_wconf 92' lang='lat' dir='ltr'><strong>ac</strong></span> <span class='ocrx_word' id='word_1_448' title='bbox 637 3004 751 3058; x_wconf 91' lang='lat' dir='ltr'><strong>ﬁlii.</strong></span> <span class='ocrx_word' id='word_1_449' title='bbox 779 3004 935 3060; x_wconf 89' lang='lat' dir='ltr'><strong>Nullo</strong></span> <span class='ocrx_word' id='word_1_450' title='bbox 961 3022 1088 3076; x_wconf 80' lang='lat' dir='ltr'><strong>ergo</strong></span> <span class='ocrx_word' id='word_1_451' title='bbox 1111 3008 1267 3062; x_wconf 90' lang='lat' dir='ltr'><strong>modo</strong></span> <span class='ocrx_word' id='word_1_452' title='bbox 1297 3008 1375 3061; x_wconf 79' lang='lat' dir='ltr'><strong>vis</strong></span> <span class='ocrx_word' id='word_1_453' title='bbox 1405 3017 1511 3063; x_wconf 61' lang='lat' dir='ltr'><strong>tua:</strong></span> <span class='ocrx_word' id='word_1_454' title='bbox 1555 3008 1715 3063; x_wconf 86' lang='lat' dir='ltr'><strong>istius</strong></span> <span class='ocrx_word' id='word_1_455' title='bbox 1772 3023 1998 3063; x_wconf 67' lang='lat' dir='ltr'><strong>summa:</strong></span> <span class='ocrx_word' id='word_1_456' title='bbox 2033 3025 2126 3065; x_wconf 89' lang='lat' dir='ltr'><strong>co-</strong></span> 
     </span>
    </p>
   </div>
   <div class='ocr_carea' id='block_1_57' title="bbox 552 3093 2125 3168">
    <p class='ocr_par' dir='ltr' id='par_1_57' title="bbox 552 3093 2125 3168">
     <span class='ocr_line' id='line_1_57' title="bbox 552 3093 2125 3168; baseline 0.002 -20"><span class='ocrx_word' id='word_1_457' title='bbox 552 3093 846 3160; x_wconf 87' lang='lat' dir='ltr'><strong>pulationis</strong></span> <span class='ocrx_word' id='word_1_458' title='bbox 888 3094 1236 3148; x_wconf 89' lang='lat' dir='ltr'><strong>credentibus</strong></span> <span class='ocrx_word' id='word_1_459' title='bbox 1266 3096 1507 3164; x_wconf 90' lang='lat' dir='ltr'><strong>proderit</strong></span> <span class='ocrx_word' id='word_1_460' title='bbox 1546 3107 1696 3152; x_wconf 83' lang='lat' dir='ltr'><strong>certe</strong></span> <span class='ocrx_word' id='word_1_461' title='bbox 1725 3098 1789 3150; x_wconf 83' lang='lat' dir='ltr'><strong>ad</strong></span> <span class='ocrx_word' id='word_1_462' title='bbox 1820 3096 2125 3168; x_wconf 78' lang='lat' dir='ltr'><strong>intelligeti-</strong></span> 
     </span>
    </p>
   </div>
   <div class='ocr_carea' id='block_1_58' title="bbox 558 3185 2125 3247">
    <p class='ocr_par' dir='ltr' id='par_1_58' title="bbox 558 3185 2125 3247">
     <span class='ocr_line' id='line_1_58' title="bbox 558 3185 2125 3247; baseline 0.006 -9"><span class='ocrx_word' id='word_1_463' title='bbox 558 3187 685 3239; x_wconf 81' lang='lat' dir='ltr'><strong>tlum</strong></span> <span class='ocrx_word' id='word_1_464' title='bbox 718 3201 884 3240; x_wconf 88' lang='lat' dir='ltr'><strong>unum</strong></span> <span class='ocrx_word' id='word_1_465' title='bbox 939 3185 1213 3241; x_wconf 89' lang='lat' dir='ltr'><strong>Christum</strong></span> <span class='ocrx_word' id='word_1_466' title='bbox 1277 3196 1331 3240; x_wconf 88' lang='lat' dir='ltr'><strong>et</strong></span> <span class='ocrx_word' id='word_1_467' title='bbox 1387 3188 1671 3243; x_wconf 89' lang='lat' dir='ltr'><strong>Dominum</strong></span> <span class='ocrx_word' id='word_1_468' title='bbox 1705 3199 1759 3245; x_wconf 90' lang='lat' dir='ltr'><strong>et</strong></span> <span class='ocrx_word' id='word_1_469' title='bbox 1792 3189 1982 3245; x_wconf 88' lang='lat' dir='ltr'><strong>Filiutn</strong></span> <span class='ocrx_word' id='word_1_470' title='bbox 2005 3208 2125 3247; x_wconf 92' lang='lat' dir='ltr'><strong>cum</strong></span> 
     </span>
    </p>
   </div>
   <div class='ocr_carea' id='block_1_59' title="bbox 552 3276 2125 3348">
    <p class='ocr_par' dir='ltr' id='par_1_59' title="bbox 552 3276 2125 3348">
     <span class='ocr_line' id='line_1_59' title="bbox 552 3276 2125 3348; baseline 0.004 -19"><span class='ocrx_word' id='word_1_471' title='bbox 552 3276 703 3329; x_wconf 83' lang='lat' dir='ltr'><strong>unita</strong></span> <span class='ocrx_word' id='word_1_472' title='bbox 730 3277 831 3329; x_wconf 87' lang='lat' dir='ltr'><strong>sibi</strong></span> <span class='ocrx_word' id='word_1_473' title='bbox 862 3292 1045 3331; x_wconf 88' lang='lat' dir='ltr'><strong>carne.</strong></span> <span class='ocrx_word' id='word_1_474' title='bbox 1079 3276 1365 3347; x_wconf 83' lang='lat' dir='ltr'><strong>Proposita</strong></span> <span class='ocrx_word' id='word_1_475' title='bbox 1421 3294 1651 3348; x_wconf 82' lang='lat' dir='ltr'><strong>namque</strong></span> <span class='ocrx_word' id='word_1_476' title='bbox 1712 3290 1767 3335; x_wconf 91' lang='lat' dir='ltr'><strong>et</strong></span> <span class='ocrx_word' id='word_1_477' title='bbox 1804 3281 1855 3334; x_wconf 91' lang='lat' dir='ltr'><strong>in</strong></span> <span class='ocrx_word' id='word_1_478' title='bbox 1892 3283 2125 3336; x_wconf 90' lang='lat' dir='ltr'><strong>medium</strong></span> 
     </span>
    </p>
   </div>
   <div class='ocr_carea' id='block_1_60' title="bbox 552 3367 2125 3438">
    <p class='ocr_par' dir='ltr' id='par_1_60' title="bbox 552 3367 2125 3438">
     <span class='ocr_line' id='line_1_60' title="bbox 552 3367 2125 3438; baseline 0.005 -18"><span class='ocrx_word' id='word_1_479' title='bbox 552 3367 763 3437; x_wconf 89' lang='lat' dir='ltr'><strong>prolata</strong></span> <span class='ocrx_word' id='word_1_480' title='bbox 792 3367 1165 3422; x_wconf 86' lang='lat' dir='ltr'><strong>Emmanuelis</strong></span> <span class='ocrx_word' id='word_1_481' title='bbox 1218 3383 1473 3435; x_wconf 89' lang='lat' dir='ltr'><strong>persona,</strong></span> <span class='ocrx_word' id='word_1_482' title='bbox 1544 3369 1659 3424; x_wconf 79' lang='lat' dir='ltr'><strong>sive</strong></span> <span class='ocrx_word' id='word_1_483' title='bbox 1688 3371 1811 3438; x_wconf 88' lang='lat' dir='ltr'><strong>quis</strong></span> <span class='ocrx_word' id='word_1_484' title='bbox 1850 3372 2125 3428; x_wconf 81' lang='lat' dir='ltr'><strong>hominem</strong></span> 
     </span>
    </p>
   </div>
   <div class='ocr_carea' id='block_1_61' title="bbox 553 3458 2126 3528">
    <p class='ocr_par' dir='ltr' id='par_1_61' title="bbox 553 3458 2126 3528">
     <span class='ocr_line' id='line_1_61' title="bbox 553 3458 2126 3528; baseline 0.004 -16"><span class='ocrx_word' id='word_1_485' title='bbox 553 3459 717 3525; x_wconf 88' lang='lat' dir='ltr'><strong>dicat,</strong></span> <span class='ocrx_word' id='word_1_486' title='bbox 754 3458 931 3528; x_wconf 89' lang='lat' dir='ltr'><strong>ipsum</strong></span> <span class='ocrx_word' id='word_1_487' title='bbox 965 3473 1029 3513; x_wconf 78' lang='lat' dir='ltr'><strong>ex</strong></span> <span class='ocrx_word' id='word_1_488' title='bbox 1062 3459 1168 3512; x_wconf 88' lang='lat' dir='ltr'><strong>Deo</strong></span> <span class='ocrx_word' id='word_1_489' title='bbox 1215 3458 1376 3516; x_wconf 87' lang='lat' dir='ltr'><strong>Patre</strong></span> <span class='ocrx_word' id='word_1_490' title='bbox 1407 3458 1641 3514; x_wconf 87' lang='lat' dir='ltr'><strong>Verbum</strong></span> <span class='ocrx_word' id='word_1_491' title='bbox 1699 3461 1925 3517; x_wconf 78' lang='lat' dir='ltr'><strong>formam</strong></span> <span class='ocrx_word' id='word_1_492' title='bbox 1986 3465 2126 3519; x_wconf 81' lang='lat' dir='ltr'><strong>servi</strong></span> 
     </span>
    </p>
   </div>
   <div class='ocr_carea' id='block_1_62' title="bbox 554 3549 2127 3617">
    <p class='ocr_par' dir='ltr' id='par_1_62' title="bbox 554 3549 2127 3617">
     <span class='ocr_line' id='line_1_62' title="bbox 554 3549 2127 3617; baseline 0.005 -14"><span class='ocrx_word' id='word_1_493' title='bbox 554 3550 857 3617; x_wconf 84' lang='lat' dir='ltr'><strong>sumpsisse</strong></span> <span class='ocrx_word' id='word_1_494' title='bbox 882 3549 1321 3617; x_wconf 76' lang='lat' dir='ltr'><strong>intelligimus,et</strong></span> <span class='ocrx_word' id='word_1_495' title='bbox 1345 3564 1410 3603; x_wconf 78' lang='lat' dir='ltr'><strong>ex</strong></span> <span class='ocrx_word' id='word_1_496' title='bbox 1447 3554 1717 3606; x_wconf 85' lang='lat' dir='ltr'><strong>mensuris</strong></span> <span class='ocrx_word' id='word_1_497' title='bbox 1743 3553 2127 3611; x_wconf 76' lang='lat' dir='ltr'><strong>exinanitiouis</strong></span> 
     </span>
    </p>
   </div>
   <div class='ocr_carea' id='block_1_63' title="bbox 552 3639 2123 3713">
    <p class='ocr_par' dir='ltr' id='par_1_63' title="bbox 552 3639 2123 3713">
     <span class='ocr_line' id='line_1_63' title="bbox 552 3639 2123 3713; baseline 0.004 -20"><span class='ocrx_word' id='word_1_498' title='bbox 552 3639 821 3695; x_wconf 85' lang='lat' dir='ltr'><strong>declarari</strong></span> <span class='ocrx_word' id='word_1_499' title='bbox 853 3640 1116 3704; x_wconf 88' lang='lat' dir='ltr'><strong>dicimus;</strong></span> <span class='ocrx_word' id='word_1_500' title='bbox 1152 3641 1266 3695; x_wconf 82' lang='lat' dir='ltr'><strong>sive</strong></span> <span class='ocrx_word' id='word_1_501' title='bbox 1317 3642 1479 3696; x_wconf 88' lang='lat' dir='ltr'><strong>etiam</strong></span> <span class='ocrx_word' id='word_1_502' title='bbox 1538 3644 1704 3697; x_wconf 89' lang='lat' dir='ltr'><strong>Deum</strong></span> <span class='ocrx_word' id='word_1_503' title='bbox 1767 3644 2123 3713; x_wconf 78' lang='lat' dir='ltr'><strong>unigenitum,</strong></span> 
     </span>
    </p>
   </div>
   <div class='ocr_carea' id='block_1_64' title="bbox 552 3732 2121 3803">
    <p class='ocr_par' dir='ltr' id='par_1_64' title="bbox 552 3732 2121 3803">
     <span class='ocr_line' id='line_1_64' title="bbox 552 3732 2121 3803; baseline 0.004 -17"><span class='ocrx_word' id='word_1_504' title='bbox 552 3732 801 3786; x_wconf 87' lang='lat' dir='ltr'><strong>eumdem</strong></span> <span class='ocrx_word' id='word_1_505' title='bbox 833 3747 955 3787; x_wconf 89' lang='lat' dir='ltr'><strong>esse</strong></span> <span class='ocrx_word' id='word_1_506' title='bbox 980 3733 1543 3787; x_wconf 85' lang='lat' dir='ltr'><strong>crcdimushominem</strong></span> <span class='ocrx_word' id='word_1_507' title='bbox 1570 3735 1681 3803; x_wconf 78' lang='lat' dir='ltr'><strong>jam</strong></span> <span class='ocrx_word' id='word_1_508' title='bbox 1723 3736 1920 3790; x_wconf 80' lang='lat' dir='ltr'><strong>factum</strong></span> <span class='ocrx_word' id='word_1_509' title='bbox 1961 3749 2014 3792; x_wconf 91' lang='lat' dir='ltr'><strong>et</strong></span> <span class='ocrx_word' id='word_1_510' title='bbox 2039 3739 2121 3792; x_wconf 88' lang='lat' dir='ltr'><strong>in-</strong></span> 
     </span>
    </p>
   </div>
   <div class='ocr_carea' id='block_1_65' title="bbox 551 3821 2121 3893">
    <p class='ocr_par' dir='ltr' id='par_1_65' title="bbox 551 3821 2121 3893">
     <span class='ocr_line' id='line_1_65' title="bbox 551 3821 2121 3893; baseline 0.004 -18"><span class='ocrx_word' id='word_1_511' title='bbox 551 3831 855 3876; x_wconf 84' lang='lat' dir='ltr'><strong>carnatum.</strong></span> <span class='ocrx_word' id='word_1_512' title='bbox 890 3821 996 3876; x_wconf 86' lang='lat' dir='ltr'><strong>Sed</strong></span> <span class='ocrx_word' id='word_1_513' title='bbox 1033 3822 1200 3888; x_wconf 90' lang='lat' dir='ltr'><strong>enim,</strong></span> <span class='ocrx_word' id='word_1_514' title='bbox 1230 3824 1445 3890; x_wconf 81' lang='lat' dir='ltr'><strong>utdixi,</strong></span> <span class='ocrx_word' id='word_1_515' title='bbox 1483 3825 1571 3879; x_wconf 88' lang='lat' dir='ltr'><strong>uni</strong></span> <span class='ocrx_word' id='word_1_516' title='bbox 1620 3841 1685 3880; x_wconf 89' lang='lat' dir='ltr'><strong>ac</strong></span> <span class='ocrx_word' id='word_1_517' title='bbox 1738 3827 1837 3883; x_wconf 81' lang='lat' dir='ltr'><strong>soli</strong></span> <span class='ocrx_word' id='word_1_518' title='bbox 1894 3828 2121 3893; x_wconf 90' lang='lat' dir='ltr'><strong>homini,</strong></span> 
     </span>
    </p>
   </div>
   <div class='ocr_carea' id='block_1_66' title="bbox 552 3911 2124 3977">
    <p class='ocr_par' dir='ltr' id='par_1_66' title="bbox 552 3911 2124 3977">
     <span class='ocr_line' id='line_1_66' title="bbox 552 3911 2124 3977; baseline 0.006 -10"><span class='ocrx_word' id='word_1_519' title='bbox 552 3921 607 3967; x_wconf 78' lang='lat' dir='ltr'><strong>et</strong></span> <span class='ocrx_word' id='word_1_520' title='bbox 640 3911 911 3966; x_wconf 90' lang='lat' dir='ltr'><strong>intellecto</strong></span> <span class='ocrx_word' id='word_1_521' title='bbox 932 3913 1153 3967; x_wconf 87' lang='lat' dir='ltr'><strong>seorsim</strong></span> <span class='ocrx_word' id='word_1_522' title='bbox 1186 3916 1254 3967; x_wconf 88' lang='lat' dir='ltr'><strong>ab</strong></span> <span class='ocrx_word' id='word_1_523' title='bbox 1288 3914 1377 3968; x_wconf 91' lang='lat' dir='ltr'><strong>illo</strong></span> <span class='ocrx_word' id='word_1_524' title='bbox 1394 3930 1456 3968; x_wconf 82' lang='lat' dir='ltr'><strong>ex</strong></span> <span class='ocrx_word' id='word_1_525' title='bbox 1477 3914 1637 3971; x_wconf 85' lang='lat' dir='ltr'><strong>Patre</strong></span> <span class='ocrx_word' id='word_1_526' title='bbox 1664 3916 1842 3973; x_wconf 88' lang='lat' dir='ltr'><strong>Verbo</strong></span> <span class='ocrx_word' id='word_1_527' title='bbox 1878 3920 2124 3977; x_wconf 88' lang='lat' dir='ltr'><strong>tribuens</strong></span> 
     </span>
    </p>
   </div>
   <div class='ocr_carea' id='block_1_67' title="bbox 552 4002 2122 4081">
    <p class='ocr_par' dir='ltr' id='par_1_67' title="bbox 552 4002 2122 4081">
     <span class='ocr_line' id='line_1_67' title="bbox 552 4002 2122 4081; baseline 0.006 -25"><span class='ocrx_word' id='word_1_528' title='bbox 552 4002 694 4057; x_wconf 82' lang='lat' dir='ltr'><strong>illius</strong></span> <span class='ocrx_word' id='word_1_529' title='bbox 719 4016 841 4056; x_wconf 90' lang='lat' dir='ltr'><strong>cum</strong></span> <span class='ocrx_word' id='word_1_530' title='bbox 858 4017 1024 4058; x_wconf 87' lang='lat' dir='ltr'><strong>carne</strong></span> <span class='ocrx_word' id='word_1_531' title='bbox 1070 4004 1487 4075; x_wconf 86' lang='lat' dir='ltr'><strong>dispensationis</strong></span> <span class='ocrx_word' id='word_1_532' title='bbox 1511 4022 1697 4075; x_wconf 87' lang='lat' dir='ltr'><strong>opera,</strong></span> <span class='ocrx_word' id='word_1_533' title='bbox 1751 4020 1803 4064; x_wconf 92' lang='lat' dir='ltr'><strong>et</strong></span> <span class='ocrx_word' id='word_1_534' title='bbox 1835 4010 2005 4081; x_wconf 90' lang='lat' dir='ltr'><strong>ipsum</strong></span> <span class='ocrx_word' id='word_1_535' title='bbox 2029 4029 2122 4067; x_wconf 89' lang='lat' dir='ltr'><strong>su-</strong></span> 
     </span>
    </p>
   </div>
   <div class='ocr_carea' id='block_1_68' title="bbox 550 4093 2124 4173">
    <p class='ocr_par' dir='ltr' id='par_1_68' title="bbox 550 4093 2124 4173">
     <span class='ocr_line' id='line_1_68' title="bbox 550 4093 2124 4173; baseline 0.009 -26"><span class='ocrx_word' id='word_1_536' title='bbox 550 4093 811 4157; x_wconf 83' lang='lat' dir='ltr'><strong>stinuisse</strong></span> <span class='ocrx_word' id='word_1_537' title='bbox 839 4110 938 4164; x_wconf 88' lang='lat' dir='ltr'><strong>pro</strong></span> <span class='ocrx_word' id='word_1_538' title='bbox 994 4097 1148 4151; x_wconf 84' lang='lat' dir='ltr'><strong>nobis</strong></span> <span class='ocrx_word' id='word_1_539' title='bbox 1202 4112 1418 4152; x_wconf 89' lang='lat' dir='ltr'><strong>crucem</strong></span> <span class='ocrx_word' id='word_1_540' title='bbox 1447 4100 1658 4164; x_wconf 87' lang='lat' dir='ltr'><strong>asserit,</strong></span> <span class='ocrx_word' id='word_1_541' title='bbox 1706 4111 1760 4155; x_wconf 88' lang='lat' dir='ltr'><strong>et</strong></span> <span class='ocrx_word' id='word_1_542' title='bbox 1788 4119 1908 4159; x_wconf 90' lang='lat' dir='ltr'><strong>esse</strong></span> <span class='ocrx_word' id='word_1_543' title='bbox 1940 4105 2124 4173; x_wconf 65' lang='lat' dir='ltr'><strong>gloria:</strong></span> 
     </span>
    </p>
   </div>
   <div class='ocr_carea' id='block_1_69' title="bbox 554 4185 2123 4257">
    <p class='ocr_par' dir='ltr' id='par_1_69' title="bbox 554 4185 2123 4257">
     <span class='ocr_line' id='line_1_69' title="bbox 554 4185 2123 4257; baseline 0.008 -20"><span class='ocrx_word' id='word_1_544' title='bbox 554 4185 834 4240; x_wconf 90' lang='lat' dir='ltr'><strong>Dominum</strong></span> <span class='ocrx_word' id='word_1_545' title='bbox 867 4185 1116 4251; x_wconf 83' lang='lat' dir='ltr'><strong>alIirmat,</strong></span> <span class='ocrx_word' id='word_1_546' title='bbox 1142 4196 1197 4240; x_wconf 90' lang='lat' dir='ltr'><strong>et</strong></span> <span class='ocrx_word' id='word_1_547' title='bbox 1228 4203 1491 4257; x_wconf 68' lang='lat' dir='ltr'><strong>supremae</strong></span> <span class='ocrx_word' id='word_1_548' title='bbox 1520 4191 1760 4244; x_wconf 90' lang='lat' dir='ltr'><strong>omnium</strong></span> <span class='ocrx_word' id='word_1_549' title='bbox 1795 4202 2001 4248; x_wconf 78' lang='lat' dir='ltr'><strong>natura:</strong></span> <span class='ocrx_word' id='word_1_550' title='bbox 2032 4211 2123 4249; x_wconf 86' lang='lat' dir='ltr'><strong>or-</strong></span> 
     </span>
    </p>
   </div>
   <div class='ocr_carea' id='block_1_70' title="bbox 549 4277 2116 4348">
    <p class='ocr_par' dir='ltr' id='par_1_70' title="bbox 549 4277 2116 4348">
     <span class='ocr_line' id='line_1_70' title="bbox 549 4277 2116 4348; baseline 0.007 -20"><span class='ocrx_word' id='word_1_551' title='bbox 549 4286 800 4329; x_wconf 86' lang='lat' dir='ltr'><strong>namenta</strong></span> <span class='ocrx_word' id='word_1_552' title='bbox 844 4277 1001 4331; x_wconf 64' lang='lat' dir='ltr'><strong>nuda:</strong></span> <span class='ocrx_word' id='word_1_553' title='bbox 1055 4286 1322 4331; x_wconf 68' lang='lat' dir='ltr'><strong>creaturae</strong></span> <span class='ocrx_word' id='word_1_554' title='bbox 1369 4279 1751 4348; x_wconf 90' lang='lat' dir='ltr'><strong>circumponit.</strong></span> <span class='ocrx_word' id='word_1_555' title='bbox 1801 4284 1889 4337; x_wconf 85' lang='lat' dir='ltr'><strong>Ait</strong></span> <span class='ocrx_word' id='word_1_556' title='bbox 1938 4287 2116 4340; x_wconf 89' lang='lat' dir='ltr'><strong>enim:</strong></span> 
     </span>
    </p>
   </div>
   <div class='ocr_carea' id='block_1_71' title="bbox 548 4363 2120 4441">
    <p class='ocr_par' dir='ltr' id='par_1_71' title="bbox 548 4363 2120 4441">
     <span class='ocr_line' id='line_1_71' title="bbox 548 4363 2120 4441; baseline 0.005 -22"><span class='ocrx_word' id='word_1_557' title='bbox 548 4363 868 4436; x_wconf 74' lang='lat' dir='ltr'><strong>[Audiamus</strong></span> <span class='ocrx_word' id='word_1_558' title='bbox 942 4367 1158 4421; x_wconf 90' lang='lat' dir='ltr'><strong>beatum</strong></span> <span class='ocrx_word' id='word_1_559' title='bbox 1220 4366 1443 4421; x_wconf 89' lang='lat' dir='ltr'><strong>Paulum</strong></span> <span class='ocrx_word' id='word_1_560' title='bbox 1523 4380 1705 4438; x_wconf 89' lang='lat' dir='ltr'><strong>aperte</strong></span> <span class='ocrx_word' id='word_1_561' title='bbox 1770 4373 2120 4441; x_wconf 87' lang='lat' dir='ltr'><strong>clamantem,</strong></span> 
     </span>
    </p>
   </div>
   <div class='ocr_carea' id='block_1_72' title="bbox 2233 2827 3812 2902">
    <p class='ocr_par' dir='ltr' id='par_1_72' title="bbox 2233 2827 3812 2902">
     <span class='ocr_line' id='line_1_72' title="bbox 2233 2827 3812 2902; baseline -0.005 -14"><span class='ocrx_word' id='word_1_562' title='bbox 2233 2836 2353 2888; x_wconf 87' lang='grc' dir='ltr'>κατ’</span> <span class='ocrx_word' id='word_1_563' title='bbox 2399 2834 2560 2888; x_wconf 82' lang='grc' dir='ltr'>αὐτὸν</span> <span class='ocrx_word' id='word_1_564' title='bbox 2599 2831 2894 2899; x_wconf 78' lang='grc' dir='ltr'>συναφείας</span> <span class='ocrx_word' id='word_1_565' title='bbox 2940 2830 3098 2898; x_wconf 85' lang='grc' dir='ltr'>όλίγα</span> <span class='ocrx_word' id='word_1_566' title='bbox 3148 2828 3545 2902; x_wconf 82' lang='grc' dir='ltr'>πεφροντικώς.</span> <span class='ocrx_word' id='word_1_567' title='bbox 3599 2827 3812 2898; x_wconf 81' lang='grc' dir='ltr'>Ἐρωτᾷ</span> 
     </span>
    </p>
   </div>
   <div class='ocr_carea' id='block_1_73' title="bbox 2233 2916 3810 2995">
    <p class='ocr_par' dir='ltr' id='par_1_73' title="bbox 2233 2916 3810 2995">
     <span class='ocr_line' id='line_1_73' title="bbox 2233 2916 3810 2995; baseline -0.006 -18"><span class='ocrx_word' id='word_1_568' title='bbox 2233 2925 2342 2995; x_wconf 86' lang='grc' dir='ltr'>γὰρ</span> <span class='ocrx_word' id='word_1_569' title='bbox 2370 2924 2627 2994; x_wconf 80' lang='grc' dir='ltr'>ἀμαθῶς·</span> <span class='ocrx_word' id='word_1_570' title='bbox 2664 2921 2869 2992; x_wconf 82' lang='grc' dir='ltr'>Κύριος</span> <span class='ocrx_word' id='word_1_571' title='bbox 2902 2922 2995 2974; x_wconf 77' lang='grc' dir='ltr'><strong>καὶ</strong></span> <span class='ocrx_word' id='word_1_572' title='bbox 3031 2923 3059 2976; x_wconf 93' lang='lat'><strong>6</strong></span> <span class='ocrx_word' id='word_1_573' title='bbox 3088 2919 3394 2993; x_wconf 76' lang='grc' dir='ltr'>ἄνθρωπος,</span> <span class='ocrx_word' id='word_1_574' title='bbox 3427 2919 3461 2987; x_wconf 81' lang='grc' dir='ltr'>ἢ</span> <span class='ocrx_word' id='word_1_575' title='bbox 3489 2916 3584 2985; x_wconf 57' lang='lat' dir='ltr'><strong>of»;</strong></span> <span class='ocrx_word' id='word_1_576' title='bbox 3620 2918 3671 2970; x_wconf 83' lang='grc' dir='ltr'>εἰ</span> <span class='ocrx_word' id='word_1_577' title='bbox 3707 2916 3810 2985; x_wconf 70' lang='grc' dir='ltr'>μὲν</span> 
     </span>
    </p>
   </div>
   <div class='ocr_carea' id='block_1_74' title="bbox 2232 3004 3808 3082">
    <p class='ocr_par' dir='ltr' id='par_1_74' title="bbox 2232 3004 3808 3082">
     <span class='ocr_line' id='line_1_74' title="bbox 2232 3004 3808 3082; baseline -0.006 -15"><span class='ocrx_word' id='word_1_578' title='bbox 2232 3008 2323 3067; x_wconf 82' lang='grc' dir='ltr'>οὖν</span> <span class='ocrx_word' id='word_1_579' title='bbox 2350 3014 2575 3082; x_wconf 82' lang='grc' dir='ltr'>Κύριος.</span> <span class='ocrx_word' id='word_1_580' title='bbox 2616 3011 2832 3082; x_wconf 81' lang='grc' dir='ltr'>συνᾴδει</span> <span class='ocrx_word' id='word_1_581' title='bbox 2883 3009 2954 3063; x_wconf 89' lang='grc' dir='ltr'><strong>τά</strong></span> <span class='ocrx_word' id='word_1_582' title='bbox 2993 3009 3283 3080; x_wconf 89' lang='grc' dir='ltr'>λεγόμενα.</span> <span class='ocrx_word' id='word_1_583' title='bbox 3318 3006 3548 3073; x_wconf 80' lang='grc' dir='ltr'>Οὐκοῦν,</span> <span class='ocrx_word' id='word_1_584' title='bbox 3583 3009 3633 3060; x_wconf 81' lang='grc' dir='ltr'>εἰ</span> <span class='ocrx_word' id='word_1_585' title='bbox 3666 3004 3808 3061; x_wconf 77' lang='grc' dir='ltr'>κατὰ.</span> 
     </span>
    </p>
   </div>
   <div class='ocr_carea' id='block_1_75' title="bbox 2231 3094 3807 3172">
    <p class='ocr_par' dir='ltr' id='par_1_75' title="bbox 2231 3094 3807 3172">
     <span class='ocr_line' id='line_1_75' title="bbox 2231 3094 3807 3172; baseline -0.006 -18"><span class='ocrx_word' id='word_1_586' title='bbox 2231 3101 2329 3172; x_wconf 86' lang='grc' dir='ltr'>τὴν</span> <span class='ocrx_word' id='word_1_587' title='bbox 2353 3100 2449 3172; x_wconf 83' lang='grc' dir='ltr'><strong>σὴν</strong></span> <span class='ocrx_word' id='word_1_588' title='bbox 2475 3099 2731 3154; x_wconf 84' lang='grc' dir='ltr'>ἀσύνετον</span> <span class='ocrx_word' id='word_1_589' title='bbox 2753 3096 2969 3165; x_wconf 82' lang='grc' dir='ltr'>πεῦσιν,</span> <span class='ocrx_word' id='word_1_590' title='bbox 2991 3096 3193 3169; x_wconf 84' lang='grc' dir='ltr'>Κύριος</span> <span class='ocrx_word' id='word_1_591' title='bbox 3226 3097 3325 3168; x_wconf 78' lang='grc' dir='ltr'>μὲν</span> <span class='ocrx_word' id='word_1_592' title='bbox 3352 3098 3379 3149; x_wconf 90' lang='lat'><strong>6</strong></span> <span class='ocrx_word' id='word_1_593' title='bbox 3401 3096 3569 3161; x_wconf 87' lang='grc' dir='ltr'>Λόγος</span> <span class='ocrx_word' id='word_1_594' title='bbox 3600 3094 3807 3158; x_wconf 84' lang='grc' dir='ltr'>ίδικῶς,</span> 
     </span>
    </p>
   </div>
   <div class='ocr_carea' id='block_1_76' title="bbox 2229 3182 3806 3263">
    <p class='ocr_par' dir='ltr' id='par_1_76' title="bbox 2229 3182 3806 3263">
     <span class='ocr_line' id='line_1_76' title="bbox 2229 3182 3806 3263; baseline -0.007 -16"><span class='ocrx_word' id='word_1_595' title='bbox 2229 3193 2434 3263; x_wconf 79' lang='grc' dir='ltr'>Κύριος</span> <span class='ocrx_word' id='word_1_596' title='bbox 2466 3192 2523 3245; x_wconf 79' lang='grc' dir='ltr'>δὲ</span> <span class='ocrx_word' id='word_1_597' title='bbox 2564 3192 2658 3244; x_wconf 70' lang='grc' dir='ltr'>καὶ</span> <span class='ocrx_word' id='word_1_598' title='bbox 2688 3192 2717 3245; x_wconf 93' lang='lat'><strong>6</strong></span> <span class='ocrx_word' id='word_1_599' title='bbox 2748 3188 3056 3261; x_wconf 82' lang='grc' dir='ltr'>ἄνθρωπος,</span> <span class='ocrx_word' id='word_1_600' title='bbox 3083 3186 3175 3241; x_wconf 91' lang='grc' dir='ltr'><strong>δύο</strong></span> <span class='ocrx_word' id='word_1_601' title='bbox 3206 3205 3307 3241; x_wconf 90' lang='grc' dir='ltr'><strong>που</strong></span> <span class='ocrx_word' id='word_1_602' title='bbox 3348 3186 3564 3249; x_wconf 82' lang='grc' dir='ltr'>πάντως</span> <span class='ocrx_word' id='word_1_603' title='bbox 3602 3184 3653 3238; x_wconf 87' lang='grc' dir='ltr'>οί</span> <span class='ocrx_word' id='word_1_604' title='bbox 3704 3182 3806 3237; x_wconf 83' lang='grc' dir='ltr'>κύ-</span> 
     </span>
    </p>
   </div>
   <div class='ocr_carea' id='block_1_77' title="bbox 2232 3272 3807 3353">
    <p class='ocr_par' dir='ltr' id='par_1_77' title="bbox 2232 3272 3807 3353">
     <span class='ocr_line' id='line_1_77' title="bbox 2232 3272 3807 3353; baseline -0.007 -18"><span class='ocrx_word' id='word_1_605' title='bbox 2232 3300 2358 3353; x_wconf 91' lang='grc' dir='ltr'>ριοι,</span> <span class='ocrx_word' id='word_1_606' title='bbox 2387 3282 2482 3334; x_wconf 78' lang='grc' dir='ltr'><strong>καὶ</strong></span> <span class='ocrx_word' id='word_1_607' title='bbox 2507 3280 2634 3333; x_wconf 82' lang='grc' dir='ltr'>υἱοί.</span> <span class='ocrx_word' id='word_1_608' title='bbox 2665 3280 2878 3348; x_wconf 80' lang='grc' dir='ltr'>Ὀνήσει</span> <span class='ocrx_word' id='word_1_609' title='bbox 2904 3278 2968 3349; x_wconf 82' lang='grc' dir='ltr'>δὴ</span> <span class='ocrx_word' id='word_1_610' title='bbox 2996 3272 3089 3331; x_wconf 79' lang='grc' dir='ltr'>οὖν</span> <span class='ocrx_word' id='word_1_611' title='bbox 3112 3277 3211 3347; x_wconf 79' lang='grc' dir='ltr'>τῆς</span> <span class='ocrx_word' id='word_1_612' title='bbox 3231 3274 3489 3346; x_wconf 78' lang='grc' dir='ltr'>ἀκριϐοῦς</span> <span class='ocrx_word' id='word_1_613' title='bbox 3512 3273 3807 3343; x_wconf 64' lang='grc' dir='ltr'>συναφείας</span> 
     </span>
    </p>
   </div>
   <div class='ocr_carea' id='block_1_78' title="bbox 2227 3364 3804 3440">
    <p class='ocr_par' dir='ltr' id='par_1_78' title="bbox 2227 3364 3804 3440">
     <span class='ocr_line' id='line_1_78' title="bbox 2227 3364 3804 3440; baseline -0.001 -20"><span class='ocrx_word' id='word_1_614' title='bbox 2227 3371 2261 3440; x_wconf 80' lang='grc' dir='ltr'><strong>η</strong></span> <span class='ocrx_word' id='word_1_615' title='bbox 2290 3368 2516 3437; x_wconf 85' lang='grc' dir='ltr'>δύναμις</span> <span class='ocrx_word' id='word_1_616' title='bbox 2549 3368 2670 3419; x_wconf 83' lang='grc' dir='ltr'>κατ’</span> <span class='ocrx_word' id='word_1_617' title='bbox 2704 3367 2896 3420; x_wconf 81' lang='grc' dir='ltr'>οὐδένα</span> <span class='ocrx_word' id='word_1_618' title='bbox 2940 3366 3140 3436; x_wconf 85' lang='grc' dir='ltr'>τρόπον</span> <span class='ocrx_word' id='word_1_619' title='bbox 3182 3365 3309 3428; x_wconf 79' lang='grc' dir='ltr'>τοὺς</span> <span class='ocrx_word' id='word_1_620' title='bbox 3348 3364 3804 3426; x_wconf 80' lang='grc' dir='ltr'>πεπιστευκότας.</span> 
     </span>
    </p>
   </div>
   <div class='ocr_carea' id='block_1_79' title="bbox 2228 3454 3806 3529">
    <p class='ocr_par' dir='ltr' id='par_1_79' title="bbox 2228 3454 3806 3529">
     <span class='ocr_line' id='line_1_79' title="bbox 2228 3454 3806 3529; baseline -0.003 -15"><span class='ocrx_word' id='word_1_621' title='bbox 2228 3462 2307 3524; x_wconf 79' lang='grc' dir='ltr'><strong>εἷς</strong></span> <span class='ocrx_word' id='word_1_622' title='bbox 2332 3477 2395 3528; x_wconf 87' lang='grc' dir='ltr'><strong>γε</strong></span> <span class='ocrx_word' id='word_1_623' title='bbox 2423 3460 2485 3512; x_wconf 84' lang='grc' dir='ltr'><strong>τὸ</strong></span> <span class='ocrx_word' id='word_1_624' title='bbox 2520 3458 2720 3529; x_wconf 79' lang='grc' dir='ltr'>χρῆναι</span> <span class='ocrx_word' id='word_1_625' title='bbox 2748 3460 2885 3511; x_wconf 83' lang='grc' dir='ltr'>νοεῖν</span> <span class='ocrx_word' id='word_1_626' title='bbox 2927 3457 3026 3511; x_wconf 77' lang='grc' dir='ltr'><strong>ἕνα</strong></span> <span class='ocrx_word' id='word_1_627' title='bbox 3071 3455 3305 3529; x_wconf 84' lang='grc' dir='ltr'>Χριστὸν</span> <span class='ocrx_word' id='word_1_628' title='bbox 3340 3456 3435 3509; x_wconf 72' lang='grc' dir='ltr'><strong>καὶ</strong></span> <span class='ocrx_word' id='word_1_629' title='bbox 3463 3454 3671 3526; x_wconf 81' lang='grc' dir='ltr'>Κύριον</span> <span class='ocrx_word' id='word_1_630' title='bbox 3708 3455 3806 3509; x_wconf 76' lang='grc' dir='ltr'><strong>καὶ</strong></span> 
     </span>
    </p>
   </div>
   <div class='ocr_carea' id='block_1_80' title="bbox 2228 3546 3803 3623">
    <p class='ocr_par' dir='ltr' id='par_1_80' title="bbox 2228 3546 3803 3623">
     <span class='ocr_line' id='line_1_80' title="bbox 2228 3546 3803 3623; baseline -0.003 -17"><span class='ocrx_word' id='word_1_631' title='bbox 2228 3552 2355 3606; x_wconf 84' lang='grc' dir='ltr'>Υίδν</span> <span class='ocrx_word' id='word_1_632' title='bbox 2380 3552 2518 3623; x_wconf 83' lang='grc' dir='ltr'><strong>μετά</strong></span> <span class='ocrx_word' id='word_1_633' title='bbox 2543 3551 2643 3621; x_wconf 82' lang='grc' dir='ltr'><strong>τῆς</strong></span> <span class='ocrx_word' id='word_1_634' title='bbox 2673 3547 2966 3620; x_wconf 83' lang='grc' dir='ltr'>ένωθείσης</span> <span class='ocrx_word' id='word_1_635' title='bbox 3000 3547 3149 3618; x_wconf 86' lang='grc' dir='ltr'>αύτῷ</span> <span class='ocrx_word' id='word_1_636' title='bbox 3180 3547 3399 3619; x_wconf 90' lang='grc' dir='ltr'>σαρκός.</span> <span class='ocrx_word' id='word_1_637' title='bbox 3432 3546 3803 3617; x_wconf 88' lang='grc' dir='ltr'>Προκειμένου</span> 
     </span>
    </p>
   </div>
   <div class='ocr_carea' id='block_1_81' title="bbox 2227 3637 3801 3714">
    <p class='ocr_par' dir='ltr' id='par_1_81' title="bbox 2227 3637 3801 3714">
     <span class='ocr_line' id='line_1_81' title="bbox 2227 3637 3801 3714; baseline -0.005 -17"><span class='ocrx_word' id='word_1_638' title='bbox 2227 3643 2334 3714; x_wconf 90' lang='grc' dir='ltr'><strong>γάρ</strong></span> <span class='ocrx_word' id='word_1_639' title='bbox 2360 3644 2455 3696; x_wconf 80' lang='grc' dir='ltr'>καὶ</span> <span class='ocrx_word' id='word_1_640' title='bbox 2484 3640 2910 3712; x_wconf 80' lang='grc' dir='ltr'>παρενεχθέντος</span> <span class='ocrx_word' id='word_1_641' title='bbox 2945 3640 3026 3702; x_wconf 82' lang='grc' dir='ltr'><strong>εἰς</strong></span> <span class='ocrx_word' id='word_1_642' title='bbox 3061 3640 3223 3710; x_wconf 90' lang='grc' dir='ltr'>μέσον</span> <span class='ocrx_word' id='word_1_643' title='bbox 3253 3638 3347 3691; x_wconf 87' lang='grc' dir='ltr'>τοῦ</span> <span class='ocrx_word' id='word_1_644' title='bbox 3386 3637 3677 3709; x_wconf 82' lang='grc' dir='ltr'>προσώπου</span> <span class='ocrx_word' id='word_1_645' title='bbox 3707 3637 3801 3689; x_wconf 83' lang='grc' dir='ltr'>τοῦ</span> 
     </span>
    </p>
   </div>
   <div class='ocr_carea' id='block_1_82' title="bbox 2239 3726 3801 3806">
    <p class='ocr_par' dir='ltr' id='par_1_82' title="bbox 2239 3726 3801 3806">
     <span class='ocr_line' id='line_1_82' title="bbox 2239 3726 3801 3806; baseline -0.007 -15"><span class='ocrx_word' id='word_1_646' title='bbox 2239 3734 2605 3806; x_wconf 78' lang='grc' dir='ltr'>Ἐμμανουὴλ,</span> <span class='ocrx_word' id='word_1_647' title='bbox 2629 3733 2731 3787; x_wconf 85' lang='grc' dir='ltr'><strong>κᾶν</strong></span> <span class='ocrx_word' id='word_1_648' title='bbox 2761 3733 2913 3795; x_wconf 83' lang='grc' dir='ltr'>εἴτις</span> <span class='ocrx_word' id='word_1_649' title='bbox 2952 3731 3238 3802; x_wconf 75' lang='grc' dir='ltr'>ἄνθρωπον</span> <span class='ocrx_word' id='word_1_650' title='bbox 3267 3729 3437 3797; x_wconf 83' lang='grc' dir='ltr'>λέγοι,</span> <span class='ocrx_word' id='word_1_651' title='bbox 3462 3729 3553 3781; x_wconf 82' lang='grc' dir='ltr'><strong>τὸν</strong></span> <span class='ocrx_word' id='word_1_652' title='bbox 3575 3732 3637 3781; x_wconf 81' lang='grc' dir='ltr'>ἐκ</span> <span class='ocrx_word' id='word_1_653' title='bbox 3665 3726 3801 3780; x_wconf 85' lang='grc' dir='ltr'>Θεοῦ</span> 
     </span>
    </p>
   </div>
   <div class='ocr_carea' id='block_1_83' title="bbox 2228 3818 3803 3899">
    <p class='ocr_par' dir='ltr' id='par_1_83' title="bbox 2228 3818 3803 3899">
     <span class='ocr_line' id='line_1_83' title="bbox 2228 3818 3803 3899; baseline -0.005 -18"><span class='ocrx_word' id='word_1_654' title='bbox 2228 3828 2442 3899; x_wconf 76' lang='grc' dir='ltr'>Πατρός</span> <span class='ocrx_word' id='word_1_655' title='bbox 2468 3826 2638 3895; x_wconf 86' lang='grc' dir='ltr'>Λόγον</span> <span class='ocrx_word' id='word_1_656' title='bbox 2681 3823 2896 3896; x_wconf 76' lang='grc' dir='ltr'>μορφὴν</span> <span class='ocrx_word' id='word_1_657' title='bbox 2941 3822 3130 3876; x_wconf 84' lang='grc' dir='ltr'>δούλου</span> <span class='ocrx_word' id='word_1_658' title='bbox 3164 3821 3399 3875; x_wconf 78' lang='grc' dir='ltr'>λαόόντα</span> <span class='ocrx_word' id='word_1_659' title='bbox 3430 3818 3677 3890; x_wconf 85' lang='grc' dir='ltr'>νοοῦμεν,</span> <span class='ocrx_word' id='word_1_660' title='bbox 3708 3821 3803 3873; x_wconf 80' lang='grc' dir='ltr'>καὶ</span> 
     </span>
    </p>
   </div>
   <div class='ocr_carea' id='block_1_84' title="bbox 2224 3914 3802 3990">
    <p class='ocr_par' dir='ltr' id='par_1_84' title="bbox 2224 3914 3802 3990">
     <span class='ocr_line' id='line_1_84' title="bbox 2224 3914 3802 3990; baseline -0.006 -15"><span class='ocrx_word' id='word_1_661' title='bbox 2224 3924 2288 3977; x_wconf 79' lang='grc' dir='ltr'>ὲκ</span> <span class='ocrx_word' id='word_1_662' title='bbox 2315 3924 2424 3975; x_wconf 88' lang='grc' dir='ltr'><strong>τῶν</strong></span> <span class='ocrx_word' id='word_1_663' title='bbox 2465 3921 2561 3990; x_wconf 83' lang='grc' dir='ltr'>τῆς</span> <span class='ocrx_word' id='word_1_664' title='bbox 2590 3917 2871 3982; x_wconf 82' lang='grc' dir='ltr'>κενώσεως</span> <span class='ocrx_word' id='word_1_665' title='bbox 2903 3917 3120 3988; x_wconf 86' lang='grc' dir='ltr'>μέτρων</span> <span class='ocrx_word' id='word_1_666' title='bbox 3162 3914 3450 3986; x_wconf 75' lang='grc' dir='ltr'>δηλοῦσθαι</span> <span class='ocrx_word' id='word_1_667' title='bbox 3501 3931 3682 3984; x_wconf 87' lang='grc' dir='ltr'>φαμεν</span> <span class='ocrx_word' id='word_1_668' title='bbox 3703 3929 3719 3942; x_wconf 71' lang='grc'>⁸</span> <span class='ocrx_word' id='word_1_669' title='bbox 3752 3915 3802 3967; x_wconf 86' lang='grc' dir='ltr'><strong>εί</strong></span> 
     </span>
    </p>
   </div>
   <div class='ocr_carea' id='block_1_85' title="bbox 2224 3999 3802 4084">
    <p class='ocr_par' dir='ltr' id='par_1_85' title="bbox 2224 3999 3802 4084">
     <span class='ocr_line' id='line_1_85' title="bbox 2224 3999 3802 4084; baseline -0.007 -18"><span class='ocrx_word' id='word_1_670' title='bbox 2224 4012 2280 4066; x_wconf 84' lang='grc' dir='ltr'>δὲ</span> <span class='ocrx_word' id='word_1_671' title='bbox 2312 4012 2375 4084; x_wconf 82' lang='grc' dir='ltr'><strong>δὴ</strong></span> <span class='ocrx_word' id='word_1_672' title='bbox 2393 4011 2485 4065; x_wconf 80' lang='grc' dir='ltr'><strong>καὶ</strong></span> <span class='ocrx_word' id='word_1_673' title='bbox 2514 4009 2645 4063; x_wconf 86' lang='grc' dir='ltr'>Θεὸν</span> <span class='ocrx_word' id='word_1_674' title='bbox 2673 4007 2957 4078; x_wconf 84' lang='grc' dir='ltr'>μονογενῆ,</span> <span class='ocrx_word' id='word_1_675' title='bbox 2985 4006 3075 4059; x_wconf 78' lang='grc' dir='ltr'>τὸν</span> <span class='ocrx_word' id='word_1_676' title='bbox 3104 4005 3266 4059; x_wconf 82' lang='grc' dir='ltr'>αὐτὸν</span> <span class='ocrx_word' id='word_1_677' title='bbox 3284 3999 3422 4057; x_wconf 77' lang='grc' dir='ltr'>εἶναι</span> <span class='ocrx_word' id='word_1_678' title='bbox 3454 4002 3802 4065; x_wconf 78' lang='grc' dir='ltr'>πιστεύοντες</span> 
     </span>
    </p>
   </div>
   <div class='ocr_carea' id='block_1_86' title="bbox 2225 4094 3803 4177">
    <p class='ocr_par' dir='ltr' id='par_1_86' title="bbox 2225 4094 3803 4177">
     <span class='ocr_line' id='line_1_86' title="bbox 2225 4094 3803 4177; baseline -0.006 -19"><span class='ocrx_word' id='word_1_679' title='bbox 2225 4105 2335 4177; x_wconf 77' lang='grc' dir='ltr'><strong>[Ισ.</strong></span> <span class='ocrx_word' id='word_1_680' title='bbox 2366 4100 2715 4171; x_wconf 71' lang='grc' dir='ltr'>πιστεύομεν]</span> <span class='ocrx_word' id='word_1_681' title='bbox 2751 4097 3213 4170; x_wconf 84' lang='grc' dir='ltr'>ὲνηνθρωπηκότα</span> <span class='ocrx_word' id='word_1_682' title='bbox 3253 4113 3315 4150; x_wconf 91' lang='grc' dir='ltr'><strong>τε</strong></span> <span class='ocrx_word' id='word_1_683' title='bbox 3344 4096 3446 4167; x_wconf 69' lang='grc' dir='ltr'><strong>ἥδη</strong></span> <span class='ocrx_word' id='word_1_684' title='bbox 3480 4094 3575 4148; x_wconf 81' lang='grc' dir='ltr'>καὶ</span> <span class='ocrx_word' id='word_1_685' title='bbox 3604 4111 3803 4167; x_wconf 90' lang='grc' dir='ltr'>σεσαρ-</span> 
     </span>
    </p>
   </div>
   <div class='ocr_carea' id='block_1_87' title="bbox 2223 4187 3801 4266">
    <p class='ocr_par' dir='ltr' id='par_1_87' title="bbox 2223 4187 3801 4266">
     <span class='ocr_line' id='line_1_87' title="bbox 2223 4187 3801 4266; baseline -0.006 -16"><span class='ocrx_word' id='word_1_686' title='bbox 2223 4196 2490 4266; x_wconf 86' lang='grc' dir='ltr'>κωμένον.</span> <span class='ocrx_word' id='word_1_687' title='bbox 2530 4193 2690 4246; x_wconf 86' lang='grc' dir='ltr'>’Λλλά</span> <span class='ocrx_word' id='word_1_688' title='bbox 2718 4192 2847 4264; x_wconf 89' lang='grc' dir='ltr'><strong>γάρ,</strong></span> <span class='ocrx_word' id='word_1_689' title='bbox 2881 4192 2957 4255; x_wconf 86' lang='grc' dir='ltr'><strong>ὡς</strong></span> <span class='ocrx_word' id='word_1_690' title='bbox 2990 4191 3147 4260; x_wconf 75' lang='grc' dir='ltr'>ἔφην,</span> <span class='ocrx_word' id='word_1_691' title='bbox 3172 4188 3252 4241; x_wconf 66' lang='grc' dir='ltr'>ἐνὶ</span> <span class='ocrx_word' id='word_1_692' title='bbox 3277 4187 3340 4258; x_wconf 83' lang='grc' dir='ltr'>δὴ</span> <span class='ocrx_word' id='word_1_693' title='bbox 3368 4188 3463 4240; x_wconf 72' lang='grc' dir='ltr'>καὶ</span> <span class='ocrx_word' id='word_1_694' title='bbox 3497 4187 3661 4258; x_wconf 86' lang='grc' dir='ltr'>μόνῳ,</span> <span class='ocrx_word' id='word_1_695' title='bbox 3705 4188 3801 4240; x_wconf 72' lang='grc' dir='ltr'><strong>καὶ</strong></span> 
     </span>
    </p>
   </div>
   <div class='ocr_carea' id='block_1_88' title="bbox 2227 4275 3799 4354">
    <p class='ocr_par' dir='ltr' id='par_1_88' title="bbox 2227 4275 3799 4354">
     <span class='ocr_line' id='line_1_88' title="bbox 2227 4275 3799 4354; baseline -0.008 -14"><span class='ocrx_word' id='word_1_696' title='bbox 2227 4286 2409 4348; x_wconf 86' lang='grc' dir='ltr'>ἰδικῶς</span> <span class='ocrx_word' id='word_1_697' title='bbox 2442 4283 2720 4354; x_wconf 81' lang='grc' dir='ltr'>νοουμένῳ</span> <span class='ocrx_word' id='word_1_698' title='bbox 2748 4281 2901 4351; x_wconf 84' lang='grc' dir='ltr'>παρὰ</span> <span class='ocrx_word' id='word_1_699' title='bbox 2924 4281 3015 4333; x_wconf 78' lang='grc' dir='ltr'>τὸν</span> <span class='ocrx_word' id='word_1_700' title='bbox 3057 4281 3120 4332; x_wconf 81' lang='grc' dir='ltr'>ὲκ</span> <span class='ocrx_word' id='word_1_701' title='bbox 3145 4277 3357 4351; x_wconf 83' lang='grc' dir='ltr'>[ἰατρὸς</span> <span class='ocrx_word' id='word_1_702' title='bbox 3390 4278 3560 4345; x_wconf 90' lang='grc' dir='ltr'>Λόγον</span> <span class='ocrx_word' id='word_1_703' title='bbox 3592 4275 3799 4347; x_wconf 82' lang='grc' dir='ltr'>ἀνθρὼ-</span> 
     </span>
    </p>
   </div>
   <div class='ocr_carea' id='block_1_89' title="bbox 2224 4366 3801 4448">
    <p class='ocr_par' dir='ltr' id='par_1_89' title="bbox 2224 4366 3801 4448">
     <span class='ocr_line' id='line_1_89' title="bbox 2224 4366 3801 4448; baseline -0.006 -19"><span class='ocrx_word' id='word_1_704' title='bbox 2224 4396 2331 4448; x_wconf 86' lang='grc' dir='ltr'><strong>πῳ,</strong></span> <span class='ocrx_word' id='word_1_705' title='bbox 2358 4375 2681 4448; x_wconf 88' lang='grc' dir='ltr'>προσνέμων</span> <span class='ocrx_word' id='word_1_706' title='bbox 2714 4373 2816 4442; x_wconf 85' lang='grc' dir='ltr'>τῆς</span> <span class='ocrx_word' id='word_1_707' title='bbox 2850 4371 2989 4442; x_wconf 87' lang='grc' dir='ltr'><strong>μετά</strong></span> <span class='ocrx_word' id='word_1_708' title='bbox 3018 4369 3219 4440; x_wconf 80' lang='grc' dir='ltr'>σαρκὸς</span> <span class='ocrx_word' id='word_1_709' title='bbox 3241 4368 3551 4438; x_wconf 79' lang='grc' dir='ltr'>οἰκονομίας</span> <span class='ocrx_word' id='word_1_710' title='bbox 3573 4366 3641 4419; x_wconf 80' lang='grc' dir='ltr'>τὰ</span> <span class='ocrx_word' id='word_1_711' title='bbox 3667 4384 3801 4421; x_wconf 85' lang='grc' dir='ltr'>κατ-</span> 
     </span>
    </p>
   </div>
   <div class='ocr_carea' id='block_1_90' title="bbox 546 4458 2125 4548">
    <p class='ocr_par' dir='ltr' id='par_1_90' title="bbox 546 4458 2117 4526">
     <span class='ocr_line' id='line_1_90' title="bbox 546 4458 2117 4526; baseline 0.009 -16"><span class='ocrx_word' id='word_1_712' title='bbox 546 4459 796 4526; x_wconf 84' lang='lat' dir='ltr'><strong>quisnam</strong></span> <span class='ocrx_word' id='word_1_713' title='bbox 824 4459 895 4513; x_wconf 86' lang='lat' dir='ltr'><strong>sit</strong></span> <span class='ocrx_word' id='word_1_714' title='bbox 926 4458 1014 4513; x_wconf 89' lang='lat' dir='ltr'><strong>ille</strong></span> <span class='ocrx_word' id='word_1_715' title='bbox 1037 4458 1329 4514; x_wconf 84' lang='lat' dir='ltr'><strong>cruciﬁxus</strong></span> <span class='ocrx_word' id='word_1_716' title='bbox 1361 4478 1375 4514; x_wconf 91' lang='lat'><strong>:</strong></span> <span class='ocrx_word' id='word_1_717' title='bbox 1429 4460 1642 4515; x_wconf 84' lang='lat' dir='ltr'><strong>Etenim</strong></span> <span class='ocrx_word' id='word_1_718' title='bbox 1688 4467 1977 4521; x_wconf 76' lang='lat' dir='ltr'><strong>cruciﬁxus</strong></span> <span class='ocrx_word' id='word_1_719' title='bbox 2033 4481 2117 4524; x_wconf 88' lang='lat' dir='ltr'><strong>est</strong></span> 
     </span>
    </p>
   </div>
   <div class='ocr_carea' id='block_1_91' title="bbox 2230 4458 3797 4548">
    <p class='ocr_par' dir='ltr' id='par_1_91' title="bbox 2230 4461 3797 4542">
     <span class='ocr_line' id='line_1_91' title="bbox 2230 4461 3797 4542; baseline -0.008 -16"><span class='ocrx_word' id='word_1_720' title='bbox 2230 4470 2537 4542; x_wconf 76' lang='grc' dir='ltr'>ορθὼματα,</span> <span class='ocrx_word' id='word_1_721' title='bbox 2586 4468 2681 4521; x_wconf 71' lang='grc' dir='ltr'><strong>καὶ</strong></span> <span class='ocrx_word' id='word_1_722' title='bbox 2727 4466 2888 4520; x_wconf 80' lang='grc' dir='ltr'>αὐτὸν</span> <span class='ocrx_word' id='word_1_723' title='bbox 2926 4464 3067 4535; x_wconf 82' lang='grc' dir='ltr'>ὑπὲρ</span> <span class='ocrx_word' id='word_1_724' title='bbox 3116 4463 3273 4534; x_wconf 84' lang='grc' dir='ltr'>ήμῶν</span> <span class='ocrx_word' id='word_1_725' title='bbox 3323 4461 3611 4532; x_wconf 82' lang='grc' dir='ltr'>ὑπομεῖναί</span> <span class='ocrx_word' id='word_1_726' title='bbox 3661 4476 3797 4531; x_wconf 81' lang='grc' dir='ltr'>φησι</span> 
     </span>
    </p>
   </div>
   <div class='ocr_carea' id='block_1_92' title="bbox 542 4547 2113 4626">
    <p class='ocr_par' dir='ltr' id='par_1_92' title="bbox 542 4547 2113 4626">
     <span class='ocr_line' id='line_1_92' title="bbox 542 4547 2113 4626; baseline 0.004 -27"><span class='ocrx_word' id='word_1_727' title='bbox 542 4563 606 4605; x_wconf 76' lang='lat' dir='ltr'><strong>ex</strong></span> <span class='ocrx_word' id='word_1_728' title='bbox 633 4547 965 4612; x_wconf 83' lang='lat' dir='ltr'><strong>inﬁrmitate,</strong></span> <span class='ocrx_word' id='word_1_729' title='bbox 989 4549 1081 4602; x_wconf 86' lang='lat' dir='ltr'><strong>sed</strong></span> <span class='ocrx_word' id='word_1_730' title='bbox 1114 4549 1246 4602; x_wconf 89' lang='lat' dir='ltr'><strong>vivit</strong></span> <span class='ocrx_word' id='word_1_731' title='bbox 1269 4566 1336 4604; x_wconf 79' lang='lat' dir='ltr'><strong>ex</strong></span> <span class='ocrx_word' id='word_1_732' title='bbox 1368 4551 1571 4606; x_wconf 89' lang='lat' dir='ltr'><strong>virtute</strong></span> <span class='ocrx_word' id='word_1_733' title='bbox 1603 4551 1743 4626; x_wconf 87' lang='lat' dir='ltr'><strong>Dci.]</strong></span> <span class='ocrx_word' id='word_1_734' title='bbox 1794 4557 1926 4623; x_wconf 87' lang='lat' dir='ltr'><strong>Quis</strong></span> <span class='ocrx_word' id='word_1_735' title='bbox 1962 4560 2113 4613; x_wconf 82' lang='lat' dir='ltr'><strong>inﬁr.</strong></span> 
     </span>
    </p>
   </div>
   <div class='ocr_carea' id='block_1_93' title="bbox 542 4640 2114 4707">
    <p class='ocr_par' dir='ltr' id='par_1_93' title="bbox 542 4640 2114 4707">
     <span class='ocr_line' id='line_1_93' title="bbox 542 4640 2114 4707; baseline 0.009 -14"><span class='ocrx_word' id='word_1_736' title='bbox 542 4648 719 4693; x_wconf 86' lang='lat' dir='ltr'><strong>matus</strong></span> <span class='ocrx_word' id='word_1_737' title='bbox 753 4650 855 4704; x_wconf 88' lang='lat' dir='ltr'><strong>est,</strong></span> <span class='ocrx_word' id='word_1_738' title='bbox 889 4640 1179 4697; x_wconf 67' lang='lat' dir='ltr'><strong>haeretice?</strong></span> <span class='ocrx_word' id='word_1_739' title='bbox 1222 4641 1384 4697; x_wconf 89' lang='lat' dir='ltr'><strong>illene</strong></span> <span class='ocrx_word' id='word_1_740' title='bbox 1458 4644 1598 4698; x_wconf 91' lang='lat' dir='ltr'><strong>Deus</strong></span> <span class='ocrx_word' id='word_1_741' title='bbox 1654 4645 1890 4703; x_wconf 86' lang='lat' dir='ltr'><strong>Verbum</strong></span> <span class='ocrx_word' id='word_1_742' title='bbox 1918 4651 2114 4707; x_wconf 80' lang='lat' dir='ltr'><strong>?lnﬁr-</strong></span> 
     </span>
    </p>
   </div>
   <div class='ocr_carea' id='block_1_94' title="bbox 540 4730 2108 4805">
    <p class='ocr_par' dir='ltr' id='par_1_94' title="bbox 540 4730 2108 4805">
     <span class='ocr_line' id='line_1_94' title="bbox 540 4730 2108 4805; baseline 0.013 -24"><span class='ocrx_word' id='word_1_743' title='bbox 540 4730 747 4785; x_wconf 87' lang='lat' dir='ltr'><strong>mitatis</strong></span> <span class='ocrx_word' id='word_1_744' title='bbox 774 4732 990 4801; x_wconf 89' lang='lat' dir='ltr'><strong>quidem</strong></span> <span class='ocrx_word' id='word_1_745' title='bbox 1024 4732 1203 4788; x_wconf 87' lang='lat' dir='ltr'><strong>omnis</strong></span> <span class='ocrx_word' id='word_1_746' title='bbox 1237 4749 1458 4802; x_wconf 90' lang='lat' dir='ltr'><strong>prorsus</strong></span> <span class='ocrx_word' id='word_1_747' title='bbox 1487 4751 1681 4805; x_wconf 76' lang='lat' dir='ltr'><strong>expers</strong></span> <span class='ocrx_word' id='word_1_748' title='bbox 1709 4754 1737 4791; x_wconf 90' lang='lat' dir='ltr'><strong>a</strong></span> <span class='ocrx_word' id='word_1_749' title='bbox 1793 4742 1949 4799; x_wconf 87' lang='lat' dir='ltr'><strong>nobis</strong></span> <span class='ocrx_word' id='word_1_750' title='bbox 1989 4760 2108 4800; x_wconf 93' lang='lat' dir='ltr'><strong>cre-</strong></span> 
     </span>
    </p>
   </div>
   <div class='ocr_carea' id='block_1_95' title="bbox 539 4821 2110 4898">
    <p class='ocr_par' dir='ltr' id='par_1_95' title="bbox 539 4821 2110 4898">
     <span class='ocr_line' id='line_1_95' title="bbox 539 4821 2110 4898; baseline 0.013 -26"><span class='ocrx_word' id='word_1_751' title='bbox 539 4821 685 4875; x_wconf 87' lang='lat' dir='ltr'><strong>ditur</strong></span> <span class='ocrx_word' id='word_1_752' title='bbox 712 4822 837 4875; x_wconf 90' lang='lat' dir='ltr'><strong>illud</strong></span> <span class='ocrx_word' id='word_1_753' title='bbox 874 4838 937 4876; x_wconf 84' lang='lat' dir='ltr'><strong>ex</strong></span> <span class='ocrx_word' id='word_1_754' title='bbox 974 4822 1084 4877; x_wconf 89' lang='lat' dir='ltr'><strong>Deo</strong></span> <span class='ocrx_word' id='word_1_755' title='bbox 1127 4823 1285 4880; x_wconf 89' lang='lat' dir='ltr'><strong>Patre</strong></span> <span class='ocrx_word' id='word_1_756' title='bbox 1335 4825 1598 4882; x_wconf 88' lang='lat' dir='ltr'><strong>Verbum.</strong></span> <span class='ocrx_word' id='word_1_757' title='bbox 1664 4830 1786 4898; x_wconf 85' lang='lat' dir='ltr'><strong>Ipse</strong></span> <span class='ocrx_word' id='word_1_758' title='bbox 1830 4845 1913 4890; x_wconf 86' lang='lat' dir='ltr'><strong>est</strong></span> <span class='ocrx_word' id='word_1_759' title='bbox 1965 4838 2110 4892; x_wconf 88' lang='lat' dir='ltr'><strong>enim</strong></span> 
     </span>
    </p>
   </div>
   <div class='ocr_carea' id='block_1_96' title="bbox 542 4912 2112 4991">
    <p class='ocr_par' dir='ltr' id='par_1_96' title="bbox 542 4912 2112 4991">
     <span class='ocr_line' id='line_1_96' title="bbox 542 4912 2112 4991; baseline 0.01 -23"><span class='ocrx_word' id='word_1_760' title='bbox 542 4912 799 4968; x_wconf 85' lang='lat' dir='ltr'><strong>Dominus</strong></span> <span class='ocrx_word' id='word_1_761' title='bbox 814 4914 1102 4969; x_wconf 88' lang='lat' dir='ltr'><strong>Virtutum.</strong></span> <span class='ocrx_word' id='word_1_762' title='bbox 1128 4914 1232 4970; x_wconf 85' lang='lat' dir='ltr'><strong>Sed</strong></span> <span class='ocrx_word' id='word_1_763' title='bbox 1257 4926 1433 4971; x_wconf 89' lang='lat' dir='ltr'><strong>tamen</strong></span> <span class='ocrx_word' id='word_1_764' title='bbox 1460 4919 1587 4973; x_wconf 89' lang='lat' dir='ltr'><strong>illud</strong></span> <span class='ocrx_word' id='word_1_765' title='bbox 1617 4936 1856 4991; x_wconf 79' lang='lat' dir='ltr'><strong>expone;</strong></span> <span class='ocrx_word' id='word_1_766' title='bbox 1887 4930 2112 4984; x_wconf 86' lang='lat' dir='ltr'><strong>metuis-</strong></span> 
     </span>
    </p>
   </div>
   <div class='ocr_carea' id='block_1_97' title="bbox 540 5004 2110 5083">
    <p class='ocr_par' dir='ltr' id='par_1_97' title="bbox 540 5004 2110 5083">
     <span class='ocr_line' id='line_1_97' title="bbox 540 5004 2110 5083; baseline 0.01 -26"><span class='ocrx_word' id='word_1_767' title='bbox 540 5018 605 5057; x_wconf 92' lang='lat' dir='ltr'><strong>ue</strong></span> <span class='ocrx_word' id='word_1_768' title='bbox 636 5004 703 5058; x_wconf 91' lang='lat' dir='ltr'><strong>de</strong></span> <span class='ocrx_word' id='word_1_769' title='bbox 729 5020 795 5060; x_wconf 89' lang='lat' dir='ltr'><strong>eo</strong></span> <span class='ocrx_word' id='word_1_770' title='bbox 827 5006 1159 5061; x_wconf 83' lang='lat' dir='ltr'><strong>inﬁrmitatis</strong></span> <span class='ocrx_word' id='word_1_771' title='bbox 1181 5023 1376 5063; x_wconf 90' lang='lat' dir='ltr'><strong>nomen</strong></span> <span class='ocrx_word' id='word_1_772' title='bbox 1408 5012 1678 5079; x_wconf 84' lang='lat' dir='ltr'><strong>accipere?</strong></span> <span class='ocrx_word' id='word_1_773' title='bbox 1697 5030 1856 5083; x_wconf 88' lang='lat' dir='ltr'><strong>quam</strong></span> <span class='ocrx_word' id='word_1_774' title='bbox 1885 5018 1955 5072; x_wconf 91' lang='lat' dir='ltr'><strong>ob</strong></span> <span class='ocrx_word' id='word_1_775' title='bbox 1979 5036 2110 5074; x_wconf 91' lang='lat' dir='ltr'><strong>cau-</strong></span> 
     </span>
    </p>
   </div>
   <div class='ocr_carea' id='block_1_98' title="bbox 540 5096 2111 5170">
    <p class='ocr_par' dir='ltr' id='par_1_98' title="bbox 540 5096 2111 5170">
     <span class='ocr_line' id='line_1_98' title="bbox 540 5096 2111 5170; baseline 0.013 -24"><span class='ocrx_word' id='word_1_776' title='bbox 540 5096 688 5148; x_wconf 86' lang='lat' dir='ltr'><strong>sam?</strong></span> <span class='ocrx_word' id='word_1_777' title='bbox 726 5112 847 5150; x_wconf 93' lang='lat' dir='ltr'><strong>cum</strong></span> <span class='ocrx_word' id='word_1_778' title='bbox 886 5097 973 5151; x_wconf 90' lang='lat' dir='ltr'><strong>illa</strong></span> <span class='ocrx_word' id='word_1_779' title='bbox 999 5112 1093 5166; x_wconf 90' lang='lat' dir='ltr'><strong>per</strong></span> <span class='ocrx_word' id='word_1_780' title='bbox 1124 5113 1342 5153; x_wconf 89' lang='lat' dir='ltr'><strong>carnem</strong></span> <span class='ocrx_word' id='word_1_781' title='bbox 1380 5100 1717 5170; x_wconf 86' lang='lat' dir='ltr'><strong>dispensatio</strong></span> <span class='ocrx_word' id='word_1_782' title='bbox 1738 5105 1887 5161; x_wconf 90' lang='lat' dir='ltr'><strong>illum</strong></span> <span class='ocrx_word' id='word_1_783' title='bbox 1907 5109 2111 5167; x_wconf 79' lang='lat' dir='ltr'><strong>eximat</strong></span> 
     </span>
    </p>
   </div>
   <div class='ocr_carea' id='block_1_99' title="bbox 540 5187 2108 5261">
    <p class='ocr_par' dir='ltr' id='par_1_99' title="bbox 540 5187 2108 5261">
     <span class='ocr_line' id='line_1_99' title="bbox 540 5187 2108 5261; baseline 0.011 -21"><span class='ocrx_word' id='word_1_784' title='bbox 540 5187 607 5240; x_wconf 82' lang='lat' dir='ltr'><strong>ab</strong></span> <span class='ocrx_word' id='word_1_785' title='bbox 642 5189 856 5259; x_wconf 85' lang='lat' dir='ltr'><strong>injuria,</strong></span> <span class='ocrx_word' id='word_1_786' title='bbox 890 5190 1103 5245; x_wconf 87' lang='lat' dir='ltr'><strong>etiamsi</strong></span> <span class='ocrx_word' id='word_1_787' title='bbox 1161 5192 1434 5261; x_wconf 89' lang='lat' dir='ltr'><strong>quidpiam</strong></span> <span class='ocrx_word' id='word_1_788' title='bbox 1459 5208 1647 5261; x_wconf 88' lang='lat' dir='ltr'><strong>passus</strong></span> <span class='ocrx_word' id='word_1_789' title='bbox 1672 5212 1791 5251; x_wconf 88' lang='lat' dir='ltr'><strong>esse</strong></span> <span class='ocrx_word' id='word_1_790' title='bbox 1809 5199 2019 5256; x_wconf 91' lang='lat' dir='ltr'><strong>dicatur</strong></span> <span class='ocrx_word' id='word_1_791' title='bbox 2041 5218 2108 5258; x_wconf 76' lang='lat' dir='ltr'><strong>ex</strong></span> 
     </span>
    </p>
   </div>
   <div class='ocr_carea' id='block_1_100' title="bbox 541 5278 2107 5352">
    <p class='ocr_par' dir='ltr' id='par_1_100' title="bbox 541 5278 2107 5352">
     <span class='ocr_line' id='line_1_100' title="bbox 541 5278 2107 5352; baseline 0.011 -21"><span class='ocrx_word' id='word_1_792' title='bbox 541 5278 626 5341; x_wconf 84' lang='lat' dir='ltr'><strong>bis</strong></span> <span class='ocrx_word' id='word_1_793' title='bbox 647 5295 767 5349; x_wconf 73' lang='lat' dir='ltr'><strong>quae</strong></span> <span class='ocrx_word' id='word_1_794' title='bbox 790 5295 819 5332; x_wconf 89' lang='lat' dir='ltr'><strong>a</strong></span> <span class='ocrx_word' id='word_1_795' title='bbox 851 5290 1041 5336; x_wconf 89' lang='lat' dir='ltr'><strong>natura</strong></span> <span class='ocrx_word' id='word_1_796' title='bbox 1068 5282 1237 5352; x_wconf 83' lang='lat' dir='ltr'><strong>ipsius</strong></span> <span class='ocrx_word' id='word_1_797' title='bbox 1266 5291 1320 5337; x_wconf 91' lang='lat' dir='ltr'><strong>et</strong></span> <span class='ocrx_word' id='word_1_798' title='bbox 1342 5283 1513 5352; x_wconf 81' lang='lat' dir='ltr'><strong>gloria</strong></span> <span class='ocrx_word' id='word_1_799' title='bbox 1561 5295 1687 5341; x_wconf 89' lang='lat' dir='ltr'><strong>sunt</strong></span> <span class='ocrx_word' id='word_1_800' title='bbox 1725 5288 1939 5344; x_wconf 82' lang='lat' dir='ltr'><strong>aliena?</strong></span> <span class='ocrx_word' id='word_1_801' title='bbox 1972 5292 2107 5349; x_wconf 87' lang='lat' dir='ltr'><strong>Nam</strong></span> 
     </span>
    </p>
   </div>
   <div class='ocr_carea' id='block_1_101' title="bbox 541 5371 2108 5445">
    <p class='ocr_par' dir='ltr' id='par_1_101' title="bbox 541 5371 2108 5445">
     <span class='ocr_line' id='line_1_101' title="bbox 541 5371 2108 5445; baseline 0.011 -22"><span class='ocrx_word' id='word_1_802' title='bbox 541 5371 584 5431; x_wconf 79' lang='lat' dir='ltr'><strong>si</strong></span> <span class='ocrx_word' id='word_1_803' title='bbox 608 5385 728 5424; x_wconf 90' lang='lat' dir='ltr'><strong>cum</strong></span> <span class='ocrx_word' id='word_1_804' title='bbox 754 5371 900 5426; x_wconf 81' lang='lat' dir='ltr'><strong>dives</strong></span> <span class='ocrx_word' id='word_1_805' title='bbox 944 5382 1108 5437; x_wconf 87' lang='lat' dir='ltr'><strong>esset,</strong></span> <span class='ocrx_word' id='word_1_806' title='bbox 1154 5388 1360 5443; x_wconf 89' lang='lat' dir='ltr'><strong>pauper</strong></span> <span class='ocrx_word' id='word_1_807' title='bbox 1393 5373 1565 5429; x_wconf 80' lang='lat' dir='ltr'><strong>factus</strong></span> <span class='ocrx_word' id='word_1_808' title='bbox 1595 5388 1679 5431; x_wconf 90' lang='lat' dir='ltr'><strong>est</strong></span> <span class='ocrx_word' id='word_1_809' title='bbox 1713 5378 1758 5410; x_wconf 80' lang='grc'><strong>⁵⁸</strong></span> <span class='ocrx_word' id='word_1_810' title='bbox 1782 5419 1797 5445; x_wconf 92' lang='grc'><strong>,</strong></span> <span class='ocrx_word' id='word_1_811' title='bbox 1854 5392 1909 5436; x_wconf 91' lang='lat' dir='ltr'><strong>et</strong></span> <span class='ocrx_word' id='word_1_812' title='bbox 1936 5382 2108 5441; x_wconf 79' lang='lat' dir='ltr'><strong>factus</strong></span> 
     </span>
    </p>
   </div>
   <div class='ocr_carea' id='block_1_102' title="bbox 540 5461 2111 5533">
    <p class='ocr_par' dir='ltr' id='par_1_102' title="bbox 540 5461 2111 5533">
     <span class='ocr_line' id='line_1_102' title="bbox 540 5461 2111 5533; baseline 0.007 -18"><span class='ocrx_word' id='word_1_813' title='bbox 540 5469 624 5523; x_wconf 87' lang='lat' dir='ltr'><strong>est</strong></span> <span class='ocrx_word' id='word_1_814' title='bbox 651 5461 824 5516; x_wconf 88' lang='lat' dir='ltr'><strong>nostri</strong></span> <span class='ocrx_word' id='word_1_815' title='bbox 848 5462 1041 5517; x_wconf 85' lang='lat' dir='ltr'><strong>similis</strong></span> <span class='ocrx_word' id='word_1_816' title='bbox 1076 5461 1249 5517; x_wconf 83' lang='lat' dir='ltr'><strong>forma</strong></span> <span class='ocrx_word' id='word_1_817' title='bbox 1283 5463 1425 5517; x_wconf 88' lang='lat' dir='ltr'><strong>servi</strong></span> <span class='ocrx_word' id='word_1_818' title='bbox 1446 5475 1715 5533; x_wconf 85' lang='lat' dir='ltr'><strong>suscepta,</strong></span> <span class='ocrx_word' id='word_1_819' title='bbox 1767 5470 1978 5524; x_wconf 84' lang='lat' dir='ltr'><strong>etiamsi</strong></span> <span class='ocrx_word' id='word_1_820' title='bbox 2028 5473 2111 5526; x_wconf 83' lang='lat' dir='ltr'><strong>di-</strong></span> 
     </span>
    </p>
   </div>
   <div class='ocr_carea' id='block_1_103' title="bbox 543 5554 2107 5631">
    <p class='ocr_par' dir='ltr' id='par_1_103' title="bbox 543 5554 2107 5631">
     <span class='ocr_line' id='line_1_103' title="bbox 543 5554 2107 5631; baseline 0.008 -26"><span class='ocrx_word' id='word_1_821' title='bbox 543 5554 1013 5617; x_wconf 74' lang='lat' dir='ltr'><strong>caturinﬁrmatus</strong></span> <span class='ocrx_word' id='word_1_822' title='bbox 1045 5570 1111 5609; x_wconf 82' lang='lat' dir='ltr'><strong>cx</strong></span> <span class='ocrx_word' id='word_1_823' title='bbox 1150 5554 1507 5625; x_wconf 80' lang='lat' dir='ltr'><strong>humanitate,</strong></span> <span class='ocrx_word' id='word_1_824' title='bbox 1560 5558 1692 5613; x_wconf 89' lang='lat' dir='ltr'><strong>nihil</strong></span> <span class='ocrx_word' id='word_1_825' title='bbox 1730 5560 1946 5619; x_wconf 89' lang='lat' dir='ltr'><strong>absurdi</strong></span> <span class='ocrx_word' id='word_1_826' title='bbox 2005 5574 2107 5631; x_wconf 89' lang='lat' dir='ltr'><strong>est,</strong></span> 
     </span>
    </p>
   </div>
   <div class='ocr_carea' id='block_1_104' title="bbox 615 5736 1645 5811">
    <p class='ocr_par' dir='ltr' id='par_1_104' title="bbox 615 5736 1645 5811">
     <span class='ocr_line' id='line_1_104' title="bbox 615 5736 1645 5811; baseline -0.003 -15"><span class='ocrx_word' id='word_1_827' title='bbox 615 5736 659 5773; x_wconf 85' lang='lat'><strong>&quot;&#39;</strong></span> <span class='ocrx_word' id='word_1_828' title='bbox 690 5736 856 5796; x_wconf 83' lang='lat' dir='ltr'><strong>lCor.</strong></span> <span class='ocrx_word' id='word_1_829' title='bbox 896 5754 957 5805; x_wconf 87' lang='lat' dir='ltr'><strong>tt,</strong></span> <span class='ocrx_word' id='word_1_830' title='bbox 1002 5740 1053 5794; x_wconf 86' lang='lat'><strong>8.</strong></span> <span class='ocrx_word' id='word_1_831' title='bbox 1130 5740 1175 5772; x_wconf 78' lang='grc'><strong><em>⁵⁸</em></strong></span> <span class='ocrx_word' id='word_1_832' title='bbox 1204 5737 1246 5795; x_wconf 90' lang='lat' dir='ltr'><strong>ll</strong></span> <span class='ocrx_word' id='word_1_833' title='bbox 1287 5739 1412 5796; x_wconf 81' lang='lat' dir='ltr'><strong>Cor.</strong></span> <span class='ocrx_word' id='word_1_834' title='bbox 1443 5754 1565 5811; x_wconf 64' lang='lat' dir='ltr'><strong>Vttt,</strong></span> <span class='ocrx_word' id='word_1_835' title='bbox 1595 5742 1645 5797; x_wconf 84' lang='lat'><strong>9.</strong></span> 
     </span>
    </p>
   </div>
   <div class='ocr_carea' id='block_1_105' title="bbox 2220 4550 3793 4634">
    <p class='ocr_par' dir='ltr' id='par_1_105' title="bbox 2220 4550 3793 4634">
     <span class='ocr_line' id='line_1_105' title="bbox 2220 4550 3793 4634; baseline -0.01 -15"><span class='ocrx_word' id='word_1_836' title='bbox 2220 4564 2471 4634; x_wconf 77' lang='grc' dir='ltr'>σταυρὸν,</span> <span class='ocrx_word' id='word_1_837' title='bbox 2490 4558 2627 4614; x_wconf 74' lang='grc' dir='ltr'>εἷναί</span> <span class='ocrx_word' id='word_1_838' title='bbox 2665 4576 2723 4612; x_wconf 88' lang='grc' dir='ltr'><strong>τε</strong></span> <span class='ocrx_word' id='word_1_839' title='bbox 2750 4559 2848 4629; x_wconf 79' lang='grc' dir='ltr'>τῆς</span> <span class='ocrx_word' id='word_1_840' title='bbox 2880 4556 3036 4626; x_wconf 81' lang='grc' dir='ltr'>δόξης</span> <span class='ocrx_word' id='word_1_841' title='bbox 3063 4551 3499 4608; x_wconf 74' lang='grc' dir='ltr'>διαϐεϐαιοῦνται</span> <span class='ocrx_word' id='word_1_842' title='bbox 3529 4550 3638 4623; x_wconf 79' lang='grc' dir='ltr'><strong>[ἷσ.</strong></span> <span class='ocrx_word' id='word_1_843' title='bbox 3674 4551 3793 4604; x_wconf 81' lang='grc' dir='ltr'>δια-</span> 
     </span>
    </p>
   </div>
   <div class='ocr_carea' id='block_1_106' title="bbox 2218 4642 3795 4724">
    <p class='ocr_par' dir='ltr' id='par_1_106' title="bbox 2218 4642 3795 4724">
     <span class='ocr_line' id='line_1_106' title="bbox 2218 4642 3795 4724; baseline -0.01 -14"><span class='ocrx_word' id='word_1_844' title='bbox 2218 4654 2533 4710; x_wconf 84' lang='grc' dir='ltr'>6ε6αιοῦται</span> <span class='ocrx_word' id='word_1_845' title='bbox 2564 4652 2583 4724; x_wconf 93' lang='grc'>]</span> <span class='ocrx_word' id='word_1_846' title='bbox 2610 4650 2840 4722; x_wconf 82' lang='grc' dir='ltr'>Κύριον,</span> <span class='ocrx_word' id='word_1_847' title='bbox 2866 4648 3060 4719; x_wconf 89' lang='grc' dir='ltr'>γυμνῷ</span> <span class='ocrx_word' id='word_1_848' title='bbox 3085 4646 3341 4715; x_wconf 81' lang='grc' dir='ltr'>κτίσματι</span> <span class='ocrx_word' id='word_1_849' title='bbox 3370 4642 3666 4715; x_wconf 63' lang='grc' dir='ltr'>περιτιθεὶς</span> <span class='ocrx_word' id='word_1_850' title='bbox 3695 4644 3795 4713; x_wconf 83' lang='grc' dir='ltr'>τῆς</span> 
     </span>
    </p>
   </div>
   <div class='ocr_carea' id='block_1_107' title="bbox 2218 4733 3795 4813">
    <p class='ocr_par' dir='ltr' id='par_1_107' title="bbox 2218 4733 3795 4813">
     <span class='ocr_line' id='line_1_107' title="bbox 2218 4733 3795 4813; baseline -0.011 -10"><span class='ocrx_word' id='word_1_851' title='bbox 2218 4747 2478 4803; x_wconf 85' lang='grc' dir='ltr'>ἀνωτάτω</span> <span class='ocrx_word' id='word_1_852' title='bbox 2505 4744 2718 4813; x_wconf 86' lang='grc' dir='ltr'>φύσεως</span> <span class='ocrx_word' id='word_1_853' title='bbox 2749 4740 2819 4795; x_wconf 91' lang='grc' dir='ltr'><strong>τά</strong></span> <span class='ocrx_word' id='word_1_854' title='bbox 2841 4736 3308 4811; x_wconf 59' lang='lat' dir='ltr'><strong>uomunt-(1.4)qu</strong></span> <span class='ocrx_word' id='word_1_855' title='bbox 3324 4736 3451 4807; x_wconf 78' lang='grc' dir='ltr'>γάρ’</span> <span class='ocrx_word' id='word_1_856' title='bbox 3483 4733 3795 4807; x_wconf 78' lang='grc' dir='ltr'>[Ἃκούσω-</span> 
     </span>
    </p>
   </div>
   <div class='ocr_carea' id='block_1_108' title="bbox 2221 4825 3795 4908">
    <p class='ocr_par' dir='ltr' id='par_1_108' title="bbox 2221 4825 3795 4908">
     <span class='ocr_line' id='line_1_108' title="bbox 2221 4825 3795 4908; baseline -0.009 -17"><span class='ocrx_word' id='word_1_857' title='bbox 2221 4856 2321 4908; x_wconf 89' lang='grc' dir='ltr'><strong>μεν</strong></span> <span class='ocrx_word' id='word_1_858' title='bbox 2346 4835 2439 4889; x_wconf 88' lang='grc' dir='ltr'><strong>τοῦ</strong></span> <span class='ocrx_word' id='word_1_859' title='bbox 2485 4832 2758 4906; x_wconf 88' lang='grc' dir='ltr'>μακαρίου</span> <span class='ocrx_word' id='word_1_860' title='bbox 2790 4831 3006 4886; x_wconf 89' lang='grc' dir='ltr'>Παύλου</span> <span class='ocrx_word' id='word_1_861' title='bbox 3042 4829 3293 4899; x_wconf 85' lang='grc' dir='ltr'>φανερῶς</span> <span class='ocrx_word' id='word_1_862' title='bbox 3328 4826 3679 4895; x_wconf 85' lang='grc' dir='ltr'>κεκραγότος,</span> <span class='ocrx_word' id='word_1_863' title='bbox 3711 4825 3795 4890; x_wconf 89' lang='grc' dir='ltr'><strong>τίς</strong></span> 
     </span>
    </p>
   </div>
   <div class='ocr_carea' id='block_1_109' title="bbox 2215 4916 3796 4997">
    <p class='ocr_par' dir='ltr' id='par_1_109' title="bbox 2215 4916 3796 4997">
     <span class='ocr_line' id='line_1_109' title="bbox 2215 4916 3796 4997; baseline -0.009 -13"><span class='ocrx_word' id='word_1_864' title='bbox 2215 4934 2362 4984; x_wconf 79' lang='grc' dir='ltr'>ἐστιν</span> <span class='ocrx_word' id='word_1_865' title='bbox 2398 4930 2427 4981; x_wconf 92' lang='grc' dir='ltr'>ὁ</span> <span class='ocrx_word' id='word_1_866' title='bbox 2456 4924 2889 4997; x_wconf 74' lang='grc' dir='ltr'>ἐσταυρωμένος·</span> <span class='ocrx_word' id='word_1_867' title='bbox 2921 4922 3033 4975; x_wconf 66' lang='grc' dir='ltr'>Καὶ</span> <span class='ocrx_word' id='word_1_868' title='bbox 3065 4920 3175 4991; x_wconf 84' lang='grc' dir='ltr'><strong>γὰρ</strong></span> <span class='ocrx_word' id='word_1_869' title='bbox 3201 4917 3521 4989; x_wconf 79' lang='grc' dir='ltr'>ἐσταυρώθη</span> <span class='ocrx_word' id='word_1_870' title='bbox 3551 4916 3609 4983; x_wconf 77' lang='grc' dir='ltr'><strong>ἐξ</strong></span> <span class='ocrx_word' id='word_1_871' title='bbox 3634 4916 3796 4971; x_wconf 85' lang='grc' dir='ltr'>ἀσθε-</span> 
     </span>
    </p>
   </div>
   <div class='ocr_carea' id='block_1_110' title="bbox 2214 5010 3792 5089">
    <p class='ocr_par' dir='ltr' id='par_1_110' title="bbox 2214 5010 3792 5089">
     <span class='ocr_line' id='line_1_110' title="bbox 2214 5010 3792 5089; baseline -0.006 -16"><span class='ocrx_word' id='word_1_872' title='bbox 2214 5021 2383 5084; x_wconf 87' lang='grc' dir='ltr'>νείας,</span> <span class='ocrx_word' id='word_1_873' title='bbox 2418 5018 2555 5074; x_wconf 89' lang='grc' dir='ltr'><strong>ἀλλά</strong></span> <span class='ocrx_word' id='word_1_874' title='bbox 2591 5018 2657 5089; x_wconf 79' lang='grc' dir='ltr'><strong>ζῇ</strong></span> <span class='ocrx_word' id='word_1_875' title='bbox 2697 5019 2761 5069; x_wconf 84' lang='grc' dir='ltr'>ὲκ</span> <span class='ocrx_word' id='word_1_876' title='bbox 2795 5014 3079 5084; x_wconf 77' lang='grc' dir='ltr'>δυνάμεως</span> <span class='ocrx_word' id='word_1_877' title='bbox 3112 5010 3298 5084; x_wconf 89' lang='grc' dir='ltr'>Θεοῦ.]</span> <span class='ocrx_word' id='word_1_878' title='bbox 3331 5010 3425 5073; x_wconf 85' lang='grc' dir='ltr'><strong>Τίς</strong></span> <span class='ocrx_word' id='word_1_879' title='bbox 3450 5010 3792 5080; x_wconf 80' lang='grc' dir='ltr'>ἠσθένησεν;</span> 
     </span>
    </p>
   </div>
   <div class='ocr_carea' id='block_1_111' title="bbox 2212 5096 3793 5180">
    <p class='ocr_par' dir='ltr' id='par_1_111' title="bbox 2212 5096 3793 5180">
     <span class='ocr_line' id='line_1_111' title="bbox 2212 5096 3793 5180; baseline -0.009 -14"><span class='ocrx_word' id='word_1_880' title='bbox 2212 5114 2241 5165; x_wconf 92' lang='lat'><strong>6</strong></span> <span class='ocrx_word' id='word_1_881' title='bbox 2268 5112 2399 5175; x_wconf 79' lang='grc' dir='ltr'>Θεὸς</span> <span class='ocrx_word' id='word_1_882' title='bbox 2427 5111 2619 5180; x_wconf 87' lang='grc' dir='ltr'>Λόγος,</span> <span class='ocrx_word' id='word_1_883' title='bbox 2634 5107 2878 5179; x_wconf 88' lang='grc' dir='ltr'>αἰρετικέ</span> <span class='ocrx_word' id='word_1_884' title='bbox 2903 5125 2918 5173; x_wconf 83' lang='grc'><strong>;</strong></span> <span class='ocrx_word' id='word_1_885' title='bbox 2958 5104 3269 5167; x_wconf 75' lang='grc' dir='ltr'>Ἀσθενείας</span> <span class='ocrx_word' id='word_1_886' title='bbox 3323 5101 3420 5172; x_wconf 82' lang='grc' dir='ltr'>μὲν</span> <span class='ocrx_word' id='word_1_887' title='bbox 3453 5096 3545 5156; x_wconf 81' lang='grc' dir='ltr'><strong>οῦν</strong></span> <span class='ocrx_word' id='word_1_888' title='bbox 3573 5100 3793 5171; x_wconf 81' lang='grc' dir='ltr'>ἀπάσης</span> 
     </span>
    </p>
   </div>
   <div class='ocr_carea' id='block_1_112' title="bbox 2214 5193 3793 5276">
    <p class='ocr_par' dir='ltr' id='par_1_112' title="bbox 2214 5193 3793 5276">
     <span class='ocr_line' id='line_1_112' title="bbox 2214 5193 3793 5276; baseline -0.009 -17"><span class='ocrx_word' id='word_1_889' title='bbox 2214 5205 2479 5276; x_wconf 84' lang='grc' dir='ltr'>ἀμέτοχος</span> <span class='ocrx_word' id='word_1_890' title='bbox 2526 5201 2805 5264; x_wconf 85' lang='grc' dir='ltr'>παντελῶς</span> <span class='ocrx_word' id='word_1_891' title='bbox 2837 5202 2866 5254; x_wconf 93' lang='lat'><strong>6</strong></span> <span class='ocrx_word' id='word_1_892' title='bbox 2908 5200 2973 5251; x_wconf 75' lang='grc' dir='ltr'>ἐκ</span> <span class='ocrx_word' id='word_1_893' title='bbox 3019 5195 3156 5251; x_wconf 86' lang='grc' dir='ltr'>Θεοῦ</span> <span class='ocrx_word' id='word_1_894' title='bbox 3198 5194 3413 5267; x_wconf 75' lang='grc' dir='ltr'>Πατρός</span> <span class='ocrx_word' id='word_1_895' title='bbox 3442 5194 3613 5263; x_wconf 87' lang='grc' dir='ltr'>Λόγος</span> <span class='ocrx_word' id='word_1_896' title='bbox 3654 5193 3793 5264; x_wconf 73' lang='grc' dir='ltr'>πρὸς</span> 
     </span>
    </p>
   </div>
   <div class='ocr_carea' id='block_1_113' title="bbox 2214 5285 3791 5368">
    <p class='ocr_par' dir='ltr' id='par_1_113' title="bbox 2214 5285 3791 5368">
     <span class='ocr_line' id='line_1_113' title="bbox 2214 5285 3791 5368; baseline -0.007 -17"><span class='ocrx_word' id='word_1_897' title='bbox 2214 5296 2372 5368; x_wconf 83' lang='grc' dir='ltr'>ἡμῶν</span> <span class='ocrx_word' id='word_1_898' title='bbox 2404 5292 2543 5349; x_wconf 82' lang='grc' dir='ltr'>εἶναι</span> <span class='ocrx_word' id='word_1_899' title='bbox 2571 5293 2904 5349; x_wconf 85' lang='grc' dir='ltr'>πιστεύεται.</span> <span class='ocrx_word' id='word_1_900' title='bbox 2930 5290 3103 5353; x_wconf 81' lang='grc' dir='ltr'>Αὐτὸς</span> <span class='ocrx_word' id='word_1_901' title='bbox 3131 5290 3239 5358; x_wconf 83' lang='grc' dir='ltr'><strong>γάρ</strong></span> <span class='ocrx_word' id='word_1_902' title='bbox 3268 5290 3413 5342; x_wconf 82' lang='grc' dir='ltr'>ἐστιν</span> <span class='ocrx_word' id='word_1_903' title='bbox 3445 5288 3473 5341; x_wconf 93' lang='lat'><strong>6</strong></span> <span class='ocrx_word' id='word_1_904' title='bbox 3496 5286 3600 5340; x_wconf 86' lang='grc' dir='ltr'><strong>τῶν</strong></span> <span class='ocrx_word' id='word_1_905' title='bbox 3630 5285 3791 5340; x_wconf 79' lang='grc' dir='ltr'>δυνά-</span> 
     </span>
    </p>
   </div>
   <div class='ocr_carea' id='block_1_114' title="bbox 2220 5374 3801 5457">
    <p class='ocr_par' dir='ltr' id='par_1_114' title="bbox 2220 5374 3801 5457">
     <span class='ocr_line' id='line_1_114' title="bbox 2220 5374 3801 5457; baseline -0.006 -17"><span class='ocrx_word' id='word_1_906' title='bbox 2220 5404 2367 5455; x_wconf 83' lang='grc' dir='ltr'>μεων</span> <span class='ocrx_word' id='word_1_907' title='bbox 2394 5385 2618 5457; x_wconf 81' lang='grc' dir='ltr'>Κύριος.</span> <span class='ocrx_word' id='word_1_908' title='bbox 2650 5383 2796 5456; x_wconf 76' lang='grc' dir='ltr'>Πλὴν</span> <span class='ocrx_word' id='word_1_909' title='bbox 2818 5384 2993 5437; x_wconf 78' lang='grc' dir='ltr'>ἐκεῖνο</span> <span class='ocrx_word' id='word_1_910' title='bbox 3033 5380 3268 5452; x_wconf 81' lang='grc' dir='ltr'>φράσον·</span> <span class='ocrx_word' id='word_1_911' title='bbox 3298 5377 3474 5440; x_wconf 89' lang='grc' dir='ltr'>δέδιας</span> <span class='ocrx_word' id='word_1_912' title='bbox 3506 5378 3593 5429; x_wconf 74' lang='grc' dir='ltr'><strong>ἐπ’</strong></span> <span class='ocrx_word' id='word_1_913' title='bbox 3622 5374 3801 5431; x_wconf 86' lang='grc' dir='ltr'>αὐτοῦ.</span> 
     </span>
    </p>
   </div>
   <div class='ocr_carea' id='block_1_115' title="bbox 2215 5466 3783 5545">
    <p class='ocr_par' dir='ltr' id='par_1_115' title="bbox 2215 5466 3783 5545">
     <span class='ocr_line' id='line_1_115' title="bbox 2215 5466 3783 5545; baseline -0.005 -18"><span class='ocrx_word' id='word_1_914' title='bbox 2215 5476 2277 5528; x_wconf 86' lang='grc' dir='ltr'><strong>τὸ</strong></span> <span class='ocrx_word' id='word_1_915' title='bbox 2316 5476 2416 5545; x_wconf 79' lang='grc' dir='ltr'>τῆς</span> <span class='ocrx_word' id='word_1_916' title='bbox 2451 5476 2731 5539; x_wconf 85' lang='grc' dir='ltr'>ἀσθενείας</span> <span class='ocrx_word' id='word_1_917' title='bbox 2771 5475 2941 5544; x_wconf 79' lang='grc' dir='ltr'>όνομα</span> <span class='ocrx_word' id='word_1_918' title='bbox 2967 5472 3183 5537; x_wconf 80' lang='grc' dir='ltr'>λαδεϊν;</span> <span class='ocrx_word' id='word_1_919' title='bbox 3218 5469 3306 5523; x_wconf 85' lang='grc' dir='ltr'>διὰ</span> <span class='ocrx_word' id='word_1_920' title='bbox 3356 5468 3517 5522; x_wconf 88' lang='grc' dir='ltr'>ποίαν</span> <span class='ocrx_word' id='word_1_921' title='bbox 3565 5466 3783 5531; x_wconf 82' lang='grc' dir='ltr'>αίτίαν;</span> 
     </span>
    </p>
   </div>
   <div class='ocr_carea' id='block_1_116' title="bbox 2218 5557 3785 5645">
    <p class='ocr_par' dir='ltr' id='par_1_116' title="bbox 2218 5557 3785 5645">
     <span class='ocr_line' id='line_1_116' title="bbox 2218 5557 3785 5645; baseline -0.009 -23"><span class='ocrx_word' id='word_1_922' title='bbox 2218 5568 2395 5622; x_wconf 80' lang='grc' dir='ltr'>καίτοι</span> <span class='ocrx_word' id='word_1_923' title='bbox 2442 5569 2539 5645; x_wconf 74' lang='grc' dir='ltr'><strong>τῆς</strong></span> <span class='ocrx_word' id='word_1_924' title='bbox 2574 5568 2711 5640; x_wconf 86' lang='grc' dir='ltr'><strong>μετά</strong></span> <span class='ocrx_word' id='word_1_925' title='bbox 2746 5566 2946 5641; x_wconf 78' lang='grc' dir='ltr'>σαρκὸς</span> <span class='ocrx_word' id='word_1_926' title='bbox 2982 5562 3295 5636; x_wconf 82' lang='grc' dir='ltr'>οἰκονομίας</span> <span class='ocrx_word' id='word_1_927' title='bbox 3332 5559 3425 5614; x_wconf 81' lang='grc' dir='ltr'>τοῦ</span> <span class='ocrx_word' id='word_1_928' title='bbox 3458 5557 3785 5631; x_wconf 78' lang='grc' dir='ltr'>κατεψέχθαι</span> 
     </span>
    </p>
   </div>
  </div>
