4104 6336
311 312 417 368 225

1364 315 1740 374 ADVERSUS
1771 314 2184 372 NESTORIUM
2222 314 2352 372 ΗΒ.
2395 316 2462 371 ν.
2568 334 2575 345 δ

3461 318 3569 374 226

312 433 423 487 δεῖν
443 432 549 497 ἔξω
569 431 806 504 τιθείσης
836 431 1018 501 αὑτὸν,
1041 433 1144 488 κᾶν
1168 435 1218 488 εἰ
1246 434 1457 505 λέγοιτό
1480 454 1531 491 τι
1561 436 1753 491 παθεῖν
1775 436 1878 489 τῶν

1984 446 2043 491 ιιι
2068 436 2214 490 illum
2242 437 2332 505 qui
2362 436 2512 491 dives
2532 445 2673 503 erat,
2689 450 2977 506 pauperem
2999 436 3200 492 [aetum
3224 437 3565 502 causideres,

311 524 414 576 ὅσα
443 523 562 575 ἐστὶ
586 522 739 593 παρά
783 539 848 591 γε
886 522 987 595 τὴν
1020 524 1185 577 αὑτοῦ
1221 525 1383 594 φύσιν
1410 544 1469 579 τε
1491 527 1583 580 καὶ
1617 526 1774 593 δόξαν
1795 544 1807 556 ο
1837 528 1885 578 εἰ

311 616 423 687 γὰρ
449 614 705 677 πλούσιος
744 614 822 669 ῶν
853 615 1188 687 ἑπτώχευσε,
1227 620 1319 671 καὶ
1352 620 1541 687 γέγονε
1585 619 1706 674 καθ’
1738 620 1887 689 ἡμᾶς

313 706 530 777 μορφὴν
553 705 739 760 δούλου
766 706 970 770 λαϐὼν,
997 708 1101 761 κᾶν
1120 710 1170 761 εἰ
1190 709 1485 780 ἀσθενῆσαι
1509 711 1720 779 λέγοιτο
1749 710 1889 764 κατά

309 798 372 852 τὸ
401 797 764 868 ἀνθρώπινον,
798 798 862 852 τὸ
908 800 1135 862 ἀπεικὸς
1167 802 1342 865 οὐδὲν,
1373 802 1459 855 ἵνα
1500 801 1888 872 πτωχεύσαντα

310 889 524 961 θεωρῇς
547 889 637 943 τὸν
684 890 965 957 πλούσιον,
1003 893 1061 945 ἐν
1090 892 1418 946 ταπεινώσει
1453 894 1545 947 τὸν
1573 893 1800 963 ὑψηλὸν,
1828 894 1887 946 ἓν

306 983 376 1051 τῇ
406 979 529 1033 καθ’
566 982 714 1051 ἡμᾶς
763 981 1020 1053 ἀσθενείᾳ
1056 982 1148 1036 τὸν
1180 984 1290 1037 τῶν
1319 985 1603 1054 δυνάμεων
1653 984 1877 1055 Κύριον.

311 1072 703 1142 Τεθαύμασται
730 1072 788 1126 δὲ
818 1073 913 1127 καί⁹
934 1074 1023 1127 διὰ
1051 1074 1210 1129 τοῦτο
1237 1078 1299 1129 τὸ
1324 1076 1454 1147 περὶ
1478 1074 1644 1130 αὑτοῦ
1673 1076 1882 1146 μυστή-

311 1177 450 1230 ριον.
485 1160 611 1225 Πῶς
653 1162 761 1233 γὰρ
791 1165 884 1216 καὶ
937 1164 1191 1227 πεινῆσαι
1233 1165 1469 1234 λέγεται,
1517 1166 1693 1220 καίτοι
1738 1165 1883 1235 ζωῆς

308 1252 475 1323 ἄρτος
501 1254 763 1324 ὑπάρχων
804 1254 987 1322 αὐτὸς,
1016 1256 1111 1309 καὶ
1144 1257 1210 1310 ἐκ
1241 1256 1335 1309 τοῦ
1365 1257 1593 1328 ούρανοῦ
1618 1256 1880 1321 καταϐὰς,

308 1344 405 1397 καὶ
437 1342 581 1416 ζωὴν
609 1345 784 1409 διδοὺς
807 1345 883 1417 τῷ
917 1348 1141 1418 uda-pq);
1174 1348 1295 1401 τίνα
1326 1348 1527 1420 τρόπον
1555 1348 1884 1401 κεκοπίακεν

1990 529 2139 582 illum
2176 529 2461 583 sublimem
2493 530 2546 583 in
2581 529 2905 595 humilitate,
2954 530 3107 585 illum
3155 530 3417 585 virtutum
3454 530 3565 585 Do-

1995 621 2200 675 minum
2224 622 2277 674 in
2312 632 2502 676 nostra
2539 622 2872 677 inﬁrmitate.
2935 622 3109 677 Habet
3162 629 3345 678 autem
3400 624 3566 676 etiam

1990 714 2091 767 hac
2113 726 2183 767 ex
2233 721 2385 779 parte
2425 712 2839 769 admirationem
2884 712 3002 782 ejus
3052 713 3389 784 mysterium.
3430 712 3567 766 Nam

1989 804 2260 873 quomodo
2289 804 2497 859 esurire
2530 805 2747 870 dicitur,
2773 821 2895 861 cum
2931 807 3044 875 ipse
3102 806 3174 860 sit
3229 805 3383 874 panis
3418 806 3567 868 vitae,

1987 903 2089 948 ete
2114 894 2251 949 coelo
2282 895 2646 960 descenderit,
2677 904 2734 949 et
2766 896 2930 950 vitam
2963 896 3055 949 det
3081 895 3282 949 mundo
3310 892 3401 945 '7?
3435 907 3568 961 quo-

1989 982 2148 1037 modo
2174 981 2431 1053 fatigatus
2462 992 2631 1038 estex
2655 983 2869 1051 itinere,
2903 988 2995 1054 qui
3050 999 3149 1039 suo
3186 983 3389 1053 Spiritu
3438 982 3568 1037 soli-

1989 1072 2084 1128 dat
2113 1074 2282 1129 coelos
2311 1074 2357 1106 ⁸⁸
2383 1075 2407 1128 2
2435 1074 2540 1130 Sed
2564 1090 2671 1130 non
2725 1076 2890 1139 feres.
2945 1086 3003 1130 ut
3039 1074 3332 1131 verisimile
3384 1082 3487 1137 est,
3520 1074 3567 1127 si

1990 1165 2103 1221 haec
2132 1166 2197 1220 de
2227 1166 2343 1236 ipso
2373 1164 2666 1237 Unigenlto
2720 1168 2991 1221 dicantur.
3043 1166 3203 1236 130
3263 1164 3429 1234 Atqui
3474 1175 3564 1217 tua

1989 1257 2154 1312 verba
2175 1258 2445 1313 curiosius
2467 1259 2749 1329 inquirens
2772 1261 3007 1328 reperio,
3065 1262 3118 1313 in
3150 1258 3347 1328 quibus
3374 1268 3562 1325 aperte

1988 1348 2144 1412 dicis,
2180 1360 2433 1420 tauquam
2464 1366 2530 1405 ex
2565 1367 2793 1421 persona
2832 1350 3138 1423 Uuigeniti;

308 1438 375 1490 ὲκ
395 1437 493 1507 τῆς
525 1438 847 1512 ὁδοιπορίας,
879 1441 908 1493 6
930 1440 1009 1511 τῷ
1052 1442 1167 1512 ἰδίῳ
1200 1442 1479 1512 Πνεύματι
1516 1443 1753 1513 στερεῶν
1810 1442 2106 1512 οὐρανούςῇ
2143 1444 2281 1497 Ἀλλ’
2318 1447 2419 1499 οὐκ
2446 1446 2609 1517 ἀνέξῃ
2645 1447 2789 1501 κατά
2810 1447 2871 1500 τὸ
2935 1448 3102 1512 εἰκὸς,
3133 1449 3183 1500 εἰ
3243 1447 3373 1517 περὶ
3397 1446 3562 1500 αὐτοῦ

306 1532 521 1600 λέγοιτο
539 1533 694 1586 ταυτὶ
715 1534 811 1587 τοῦ
834 1536 1197 1603 Μονογενοῦς,
1218 1537 1396 1591 καίτοι
1414 1539 1539 1602 τοὺς
1607 1540 1733 1601 σοὺς
1798 1530 2331 1610 πολυπραγμονήσας
2367 1541 2560 1609 λόγους
2583 1543 2824 1612 εὑρίσκω
2850 1543 3113 1610 λέγοντας
3139 1544 3345 1613 σαφῶς,
3377 1544 3454 1607 ὼς
3497 1544 3563 1597 ὲκ

306 1623 603 1695 προσώπου
633 1623 727 1677 τοῦ
758 1624 1114 1693 Μονογενοῦς·

380 1717 530 1790 [Ὅτι
567 1718 749 1790 μορφὴ
770 1718 906 1773 Θεοῦ
931 1721 1216 1792 ὑπάρχων,
1243 1722 1456 1795 μορφὴν
1481 1723 1883 1795 περιϐέϐλημαι
1915 1727 1959 1787 Β

304 1809 495 1863 δούλου
514 1826 528 1839 ·
562 1811 644 1863 ὃτι
668 1810 800 1875 Θεὸς
830 1812 1001 1881 Λόγος
1030 1811 1127 1879 ὢν,
1154 1815 1212 1868 ὲν
1245 1815 1410 1886 σαρκὶ
1433 1814 1776 1887 καθορῶμαν
1798 1816 1879 1868 ὅτι

304 1900 585 1966 δεσπόζων
614 1901 709 1955 τοῦ
750 1903 974 1971 παντὸς,
1022 1904 1396 1974 πτωχεύοντος
1435 1905 1504 1958 δι’
1531 1907 1681 1976 ἡμᾶς
1724 1922 1881 1976 περι-

306 1993 582 2063 ϐέϐλημαι
630 1993 950 2066 πρόσωπονο
990 1996 1077 2049 ὃτι
1124 1996 1324 2050 πεινῶν
1373 1997 1619 2068 ὁρατῶς,
1662 1998 1879 2071 χορηγῶ

303 2087 420 2149 τοῖς
451 2085 677 2139 πεινῶσι
705 2086 959 2160 τροφήν].

907 2226 1162 2282 ΚΕΦΔΛ.
1203 2227 1278 2282 Γ’.

376 2362 502 2427 Πῶς
528 2359 641 2427 οὖν,
670 2362 812 2427 εἰπὲ,
839 2362 905 2416 τὺ
931 2363 1030 2433 τῆς
1058 2361 1341 2425 ἀσθενείας
1361 2360 1532 2431 ὅνομα
1554 2359 1765 2425 δεδιὼς,
1784 2362 1878 2415 καὶ

305 2454 659 2525 ἀποκομίζων
687 2453 875 2518 αὑτοῦ,
906 2454 1010 2508 κᾶν
1036 2456 1064 2508 6
1089 2454 1193 2524 τῆς
1226 2454 1540 2524 οἰκονομίας
1571 2452 1646 2523 μὴ
1683 2452 1875 2522 βούλη-

302 2564 396 2601 ται
434 2548 611 2617 λόγος,
650 2548 813 2602 αὑτὸν
856 2547 993 2617 ἔφης
1039 2549 1230 2618 πεινῇν
1281 2547 1380 2616 μὲν
1435 2545 1666 2616 ὁρατῶς,
1711 2546 1879 2614 ἡγουν

303 2639 687 2710 ἀνθρωπίνως,
733 2639 989 2709 χορηγεῖν
1031 2636 1089 2689 δὲ
1119 2635 1317 2699 θεῖκῶς
1353 2637 1465 2697 τοῖς
1495 2632 1720 2686 πεινῶσι
1751 2639 1877 2704 τρο*

301 2733 444 2804 tpﬁv;
497 2728 623 2801 Ἆρ’
672 2730 773 2782 οὐκ
821 2728 1105 2791 ἀσθενείας
1140 2726 1337 2798 τρόπον
1382 2720 1523 2778 εἶναι
1559 2725 1666 2795 φὴς
1696 2723 1782 2788 τὸ,
1819 2725 1880 2776 ἐν

303 2822 485 2894 ἐνδείᾳ
515 2820 768 2890 γενέσθαι
790 2822 1019 2891 τροφῆς,
1055 2820 1149 2872 καὶ
1187 2818 1442 2887 πεινῆσαι
1470 2815 1723 2885 λέγεσθαι
1755 2815 1877 2869 καθ’

300 2916 483 2987 ἡμᾶςς
529 2914 689 2968 ’Δλλά
723 2915 837 2977 τοῖς
888 2912 1130 2965 ἐθέλουσι
1181 2910 1492 2980 φιλοψογεῖν
1535 2906 1877 2972 ἀντιτάξεται

301 3008 539 3078 γενικῶς
572 3007 682 3061 τῖον.
706 3004 995 3077 γεννικῶς]
1022 3005 1124 3074 τῆς
1157 3003 1511 3072 οἰκονομίαςό
1532 3002 1751 3071 τρόπος.
1788 3001 1879 3052 Δεῖ

2057 1718 2295 1773 an'ron.
2318 1717 2519 1789 [Quod,
2548 1734 2669 1774 cum
2692 1720 2796 1774 sim
2825 1720 2919 1776 Dei
2937 1720 3133 1787 forma,
3164 1725 3305 1779 servi
3332 1725 3565 1783 formam

1982 1810 2129 1864 indui
2163 1827 2178 1863 :
2216 1811 2382 1879 quod,
2411 1826 2534 1865 cum
2570 1812 2671 1866 sim
2690 1811 2832 1866 Deus
2858 1810 3113 1877 Verbum,
3144 1814 3198 1868 in
3232 1830 3396 1873 carne
3428 1834 3563 1873 eou-

1978 1900 2219 1969 spicior:
2249 1902 2415 1970 quod,
2446 1915 2569 1955 cum
2600 1902 2973 1957 universitatis
2995 1902 3096 1957 sim
3127 1902 3413 1969 Dominus.
3432 1923 3562 1977 per-

1977 2007 2164 2047 sonam
2191 1992 2441 2060 pauperis
2457 2001 2676 2063 propter
2706 2008 2805 2048 vos
2845 1993 3036 2048 indui:
3071 1996 3238 2065 quod,
3291 2012 3412 2052 cum
3436 2014 3562 2053 esu-

1978 2084 2115 2139 riam
2162 2083 2472 2151 visibiliter,
2511 2085 2878 2141 esurientibus
2917 2085 3103 2141 cibum
3152 2088 3563 2161 subministra}

2613 2220 2765 2276 CAP.
2823 2222 2908 2277 ΙΙΙ.

2048 2356 2327 2423 Quomodo
2363 2357 2545 2428 igitur,
2581 2373 2789 2427 quaeso,
2822 2374 2944 2415 cum
2981 2361 3315 2420 inﬁrmitatis
3352 2380 3551 2421 nomen

1977 2457 2208 2514 metuas,
2240 2458 2298 2504 et
2351 2450 2420 2505 ab
2454 2465 2519 2505 eo
2573 2450 2827 2517 auferas,
2875 2453 3088 2508 etiamsi
3138 2455 3563 2524 dispensationis

1977 2539 2116 2594 ratio
2145 2549 2428 2609 repugnet,
2454 2541 2629 2610 ipsum
2660 2543 2796 2597 dicis
2841 2545 3052 2599 esurire
3106 2546 3394 2602 visibiliter
3460 2564 3559 2603 seu

1977 2632 2309 2698 humanitus,
2359 2633 2776 2689 subministrare
2829 2644 3010 2691 tamen
3066 2637 3327 2695 divinitus
3375 2641 3559 2696 cibum

1977 2722 2377 2779 esurientibus?
2401 2725 2483 2778 An
2512 2740 2643 2781 vero
2670 2727 3003 2782 inﬁrmitatis
3033 2745 3202 2799 genus
3227 2746 3349 2787 esse
3391 2751 3560 2804 negas

1977 2814 2119 2882 quod
2152 2814 2273 2869 cibo
2301 2814 2551 2885 indiguil,
2609 2818 2832 2885 etquod
2874 2822 3086 2874 esurire
3126 2822 3327 2876 dicitur
3370 2836 3559 2880 nostro

1977 2906 2166 2959 more?
2193 2906 2299 2959 Sed
2327 2907 2637 2977 vituperare
2675 2909 2981 2966 volenti-bus
3004 2912 3115 2980 ipse
3135 2914 3561 2981 dispensationis

1977 2997 2168 3051 modus
2189 2996 2401 3052 fortiter
2431 2999 2675 3054 obsistet.
2708 3000 2966 3068 Cogimur
2992 3017 3122 3071 ergo
3171 3004 3254 3057 vel
3309 3005 3352 3059 si
3405 3006 3557 3060 illum

301 3103 483 3155 τοίνυν
514 3103 682 3172 ἡμᾶς,
718 3101 751 3171 ἢ
801 3099 1018 3152 πάντων
1065 3096 1227 3151 αὑτὸν
1256 3095 1366 3148 τῶν
1417 3093 1773 3163 ἀνθρωπίνως
1812 3108 1872 3144 τε

1979 3088 2043 3143 ab
2058 3089 2308 3144 omnibus
2336 3105 2455 3159 quas
2483 3105 2549 3144 ex
2585 3090 2820 3146 humana
2854 3093 3167 3149 conditione
3192 3104 3251 3150 et
3270 3097 3559 3153 humiliter

303 3194 397 3247 καὶ
441 3190 870 3263 σμικρσπρεπῶς
923 3187 1228 3260 εἰρημένων
1270 3185 1737 3255 ἁποκομίζοντας,
1780 3183 1876 3237 ἀν-

303 3284 510 3355 θρώπῳ
557 3283 697 3354 ψιλῷ
750 3281 1085 3352 περιτιθέναι
1134 3278 1205 3332 τὰ
1258 3278 1436 3331 τοιάδε
1486 3276 1597 3330 τῶν
1650 3273 1871 3329 παθῶνο

302 3373 902 3448 ἢγουνὲννενοηκότας,
936 3374 1019 3426 ὅτι
1046 3370 1177 3433 Θεὸς
1206 3367 1302 3432 ὢν,
1332 3369 1523 3439 γέγονε
1550 3366 1673 3421 καθ’
1704 3366 1873 3437 ἡμᾶς,

302 3467 493 3537 ἀπαθῆ
527 3468 625 3537 μὲν
666 3466 931 3538 ὑπάρχειν
969 3463 1131 3518 αὑτὸν
1158 3462 1463 3533 ὁμολογεῖν,
1496 3459 1640 3514 κατά
1684 3475 1747 3528 γε
1779 3457 1877 3529 τὴν

301 3562 404 3632 τῆς
436 3560 690 3631 θεότητος
722 3558 883 3627 φύσιν
903 3574 917 3590 ο
958 3556 1152 3610 παθεῖν
1194 3555 1251 3608 δὲ
1289 3554 1425 3625 πρὸς
1469 3552 1644 3623 τούτῳ
1672 3551 1870 3618 λέγειν,

302 3651 403 3723 τὴν
440 3651 582 3723 ὑπὲρ
610 3649 768 3721 ἡμῶν
797 3648 1104 3713 ἀσθένειαν,
1133 3647 1276 3701 κατά
1304 3645 1365 3699 τὸ
1394 3644 1755 3715 ἀνθρώπινον,
1779 3647 1875 3699 καὶ

302 3742 449 3797 κατά
500 3760 563 3811 γε
612 3741 709 3813 τὴν
745 3741 925 3813 σάρκα
968 3740 1131 3810 φημί.
1187 3737 1340 3791 Ἐπεὶ
1379 3737 1587 3808 φράσον
1628 3737 1875 3808 ἐρομένῳ

304 3834 491 3898 πάλιν,
520 3831 899 3903 ἑσταυρῶσθαί
935 3847 1100 3903 φησιν
1142 3830 1303 3883 αὑτὸν
1332 3829 1391 3895 ἐξ
1424 3828 1708 3891 ἀσθενείας
1731 3831 1758 3882 6
1787 3828 1876 3881 θε-

304 3924 529 3988 σπέσιος
559 3923 769 3987 Παῦλος
789 3937 803 3951 ’
836 3921 1104 3993 ἀποφέρει
1132 3922 1188 3975 δὲ
1214 3920 1374 3984 αὐτὸς
1403 3918 1498 3972 τοῦ
1540 3918 1673 3973 Θεοῦ
1697 3918 1874 3987 Λόγου

308 4016 372 4068 τὺ
396 4015 606 4086 χρῆμα,
628 4014 843 4086 μικρὸν,
866 4008 1021 4084 οἶμαί
1058 4029 1183 4075 που,
1211 4013 1305 4066 καὶ
1332 4011 1588 4074 δυσκλεὲς
1618 4007 1755 4064 εἶναι
1785 4012 1875 4065 λέ·-

302 4124 437 4175 γων,
469 4108 562 4160 καὶ
593 4106 692 4158 οὐκ
717 4104 865 4169 ἄξιον
901 4103 1065 4158 αὑτοῦ
1090 4121 1103 4133 ο
1149 4104 1337 4174 ’ἐτερος
1370 4098 1462 4155 οῦν
1497 4103 1624 4173 παρ’
1658 4102 1819 4155 αὐτὸν
1848 4103 1876 4154 ὁ

301 4196 739 4267 ἐσταυρωμένος,
768 4195 826 4248 ὃν
854 4194 949 4249 καὶ
974 4194 1071 4265 τῆς
1107 4194 1265 4263 δόξης
1287 4193 1491 4262 Κύριον
1518 4194 1548 4244 6
1576 4193 1714 4255 θεῖος
1743 4194 1877 4262 ἡμῖν

305 4288 667 4362 μυσταγωγὸς
714 4287 1012 4351 ἀποκαλεῖ,
1055 4286 1267 4354 λέγων’
1298 4303 1316 4335 t
1361 4284 1422 4337 Εἰ
1461 4284 1571 4356 γὰρ
1606 4284 1871 4353 ἔγνωσαν,

301 4382 406 4435 οὐκ
437 4380 502 4433 ἂν
526 4378 617 4433 τὸν
643 4378 847 4449 Κύριον
870 4377 968 4448 τῆς
998 4376 1156 4444 δόξης
1184 4373 1556 4445 ἐσταύρωσαν.
1582 4393 1601 4425 ι
1626 4372 1753 4445 ’Ἆρ’
1782 4371 1877 4428 οὖν

306 4473 587 4545 μεμένηκε
626 4472 725 4541 τῆς
756 4469 912 4540 δόξης
951 4468 1159 4540 Κύριος
1193 4469 1221 4520 6
1250 4464 1516 4537 ὴθετικὼς
1566 4465 1677 4537 [tm
1712 4465 1875 4536 ἡσθε-

301 4564 531 4638 νηκὼς],
563 4564 655 4618 καὶ
683 4564 743 4616 τὸ
765 4560 1019 4625 δυσκλεὲς
1040 4561 1105 4630 δὴ
1132 4559 1312 4624 τοῦτο,
1340 4559 1433 4613 καὶ
1464 4560 1874 4631 σμικροπρεπὲς

304 4656 603 4727 ὑπομείνας
634 4654 846 4719 πάθος;
888 4654 951 4707 Εἰ
1002 4651 1101 4722 μὲν
1134 4647 1226 4705 οὖν
1259 4649 1585 4721 μεμένηκεν,
1617 4650 1874 4721 οὐδεμίαν

301 4749 416 4818 ἔχει
442 4746 537 4799 τοῦ
562 4742 903 4799 ἀσθενεῖσθαι
930 4740 1153 4813 ζημίαν.
1186 4739 1310 4803 Πῶς
1337 4735 1428 4793 οῦν
1460 4738 1636 4801 δέδιας
1662 4740 1752 4793 τὸν
1776 4738 1872 4793 τοῦ

301 4838 440 4895 Θεοῦ
468 4838 640 4906 Λόγον
665 4839 726 4890 ὲν
748 4834 957 4897 τούτοις
995 4833 1250 4903 γενέσθαι
1274 4832 1455 4901 λέγειν
1476 4832 1834 4902 οἰκονομικῶς
1855 4848 1870 4898 ;

304 4932 369 4984 Εἰ
400 4930 459 4983 δὲ
490 4926 798 4982 ἀπώλισθεν
824 4926 1037 4997 άληθῶς
1062 4924 1155 4978 τοῦ
1184 4924 1449 4995 ὑπάρχειν
1483 4923 1563 4976 ἐτι
1587 4924 1687 4994 τῆς
1714 4923 1873 4994 δόξης

302 5024 531 5095 Κύριος,
561 5014 664 5075 ὧδέ
700 5036 759 5072 τε
797 5018 939 5088 ἔχειν
966 5018 1124 5071 τοῦτο
1171 5016 1571 5071 διαόεϐαιοῦταί
1611 5034 1714 5081 τις,
1741 5016 1870 5069 δυσ-

305 5114 523 5176 σεσείας
560 5114 659 5183 τῆς
701 5112 965 5165 ἀνωτάτω
1008 5110 1102 5164 καὶ
1135 5108 1279 5180 μάλα
1338 5111 1563 5174 εἰκότως
1611 5109 1873 5179 ὑπομενεῖ

302 5210 403 5280 τὴν
426 5210 669 5281 γραφήν·
702 5206 985 5275 «Κάμπτει
1011 5205 1119 5276 γάρ
1140 5203 1287 5275 αὐτῷ
1307 5205 1415 5257 πᾶν
1428 5202 1579 5271 γόνυ,
1605 5202 1696 5255 καὶ
1722 5202 1872 5254 πάσα

302 5302 527 5371 γλῶσσα
578 5300 1047 5371 ἐξομολογήσεται,
1096 5298 1178 5350 ὃτι
1228 5296 1429 5367 Κύριος
1495 5293 1700 5365 Ἰησοῦς
1740 5294 1875 5363 Χρι-

307 5394 433 5457 στὸς
478 5395 555 5457 εἰς
598 5393 758 5458 δόξαν
794 5391 929 5444 Θεοῦ
963 5389 1197 5461 Πατρός.
1234 5408 1253 5441 ι
1305 5386 1717 5459 Κατευρύνεται
1764 5384 1872 5454 γάρ

305 5487 525 5558 ἀπάσης
569 5489 668 5557 τῆς
720 5486 813 5538 ὑπ’
846 5483 1075 5555 οὐρανὸν
1120 5482 1155 5553 ὴ
1200 5480 1325 5545 δόξα
1373 5478 1632 5552 Χριστοῦ,
1677 5478 1874 5531 παθόν-

306 5597 398 5644 τος
442 5578 581 5651 ὑπὲρ
629 5576 786 5649 ἡμῶν
822 5576 1015 5648 σαρκὶ,
1074 5572 1221 5628 καθά
1271 5571 1589 5635 πλειστάκις
1643 5570 1873 5641 εἰρήκα-

1976 3183 2118 3235 dicta
2142 3192 2287 3246 sunt,
2310 3185 2551 3239 eximere
2570 3185 2843 3251 volumus,
2863 3187 3006 3241 nudo
3030 3187 3234 3241 homini
3266 3189 3366 3243 has
3420 3206 3551 3260 pas-

1974 3273 2155 3328 siones
2184 3276 2459 3331 trihuere:
2486 3277 2571 3331 vel
2602 3278 2645 3333 si
2672 3278 2978 3347 cogitamus
3031 3279 3206 3342 illum,
3240 3294 3363 3335 cum
3416 3281 3560 3339 Deus

1974 3365 2344 3430 esset,l‘actum
2375 3382 2493 3423 esse
2517 3371 2685 3424 nostri
2716 3370 2972 3431 similem.
3002 3369 3255 3426 conﬁteri
3279 3388 3402 3428 esse
3428 3375 3556 3443 qui.“

1975 3460 2097 3514 dem
2126 3459 2479 3528 impatibilem
2503 3474 2571 3513 ex
2589 3470 2780 3515 natura
2810 3462 3135 3530 divinitatis,
3175 3464 3268 3519 sed
3290 3475 3556 3533 prasterea

1975 3550 2158 3607 dicere
2189 3566 2406 3620 passum
2426 3567 2547 3607 esse
2574 3567 2675 3621 pro
2702 3552 2858 3608 nobis
2911 3553 3285 3611 inﬁrmitatem
3332 3572 3396 3611 ex
3454 3558 3556 3612 hu-

1975 3656 2135 3695 mana
2166 3652 2385 3706 natura,
2414 3643 2668 3696 nimirum
2687 3657 2752 3696 ex
2776 3644 3085 3700 conditione
3111 3649 3309 3703 carnis.
3331 3648 3549 3718 Alioqui

1975 3724 2184 3803 expone
2208 3735 2443 3804 roganti,
2469 3734 2513 3788 si
2533 3733 2729 3803 placet.
2788 3733 3121 3789 Cruciﬁxum
3164 3737 3313 3791 illum
3351 3753 3418 3793 ex
3469 3741 3555 3793 in-

1976 3824 2231 3878 ﬁrmitate
2255 3824 2384 3878 dicit
2409 3825 2598 3880 beatus
2625 3823 2827 3879 Paulus
2853 3825 2931 3889 ";
2966 3836 3187 3881 amovet
3220 3836 3401 3881 autem
3436 3828 3558 3898 ipse

1975 3917 2113 3971 hanc
2144 3932 2255 3971 rem
2279 3932 2310 3971 a
2334 3916 2445 3972 Deo
2479 3917 2678 3982 Verbo,
2707 3917 2847 3986 quod
2870 3917 3117 3988 exiguam
3149 3932 3271 3973 esse
3309 3926 3366 3972 et
3387 3919 3553 3974 vilem

1974 4008 2141 4074 dicat,
2172 4018 2308 4064 eteo
2337 4011 2634 4078 indignam.
2653 4010 2804 4064 Alius
2835 4026 2964 4082 ergo
2991 4012 3095 4066 erit
3123 4013 3191 4068 ah
3214 4028 3280 4068 eo
3316 4013 3406 4068 ille
3425 4029 3554 4069 cru-

1975 4098 2189 4161 ciﬁxus,
2219 4115 2376 4169 quem
2406 4101 2570 4154 etiam
2597 4099 2783 4171 gloria:
2838 4100 3129 4156 Dominum
3182 4104 3397 4159 divinus
3463 4105 3555 4159 ille

1975 4193 2235 4262 magister
2260 4192 2514 4262 appellat,
2550 4194 2771 4249 dicens:
2806 4212 2826 4245 ι
2864 4192 2919 4248 Si
2948 4195 3092 4249 enim
3142 4197 3549 4266 cognovissent,

1974 4296 2245 4351 nunquam
2278 4282 2565 4338 Dominum
2596 4283 2783 4352 gloriae
2810 4285 3215 4340 cruciﬁxissent
3242 4288 3309 4342 “.
3353 4307 3375 4341 ι
3410 4287 3551 4345 Num

1975 4387 2106 4443 ergo
2123 4374 2321 4428 mansit
2352 4374 2611 4430 Dominus
2631 4375 2817 4444 gloria:
2875 4376 2967 4446 qui
3008 4377 3314 4435 inﬁrmatus
3343 4391 3443 4447 est,
3497 4392 3553 4439 et

1980 4466 2071 4535 qui
2096 4465 2585 4521 adeoiudecentem
2637 4476 2690 4521 et
2716 4468 2974 4523 humilem
3029 4470 3340 4537 passionem
3385 4476 3552 4529 susti-

1980 4557 2138 4611 nuit?
2166 4556 2221 4611 Si
2254 4557 2469 4623 mansit,
2504 4557 2701 4611 nullam
2730 4574 2795 4612 ex
2825 4575 2889 4614 eo
2914 4562 3056 4629 quod
3096 4560 3398 4616 infirmatus
3443 4573 3546 4630 est,

1974 4647 2240 4717 jacturam
2266 4647 2413 4702 fecit.
2447 4648 2559 4701 Cur
2586 4662 2714 4718 ergo
2744 4650 2937 4703 metuis
2968 4649 3169 4716 dicere,
3193 4650 3286 4706 Dei
3314 4650 3551 4708 Verbum

1979 4741 2046 4795 ad
2076 4740 2189 4795 haec
2217 4739 2610 4810 dispensatoria
2629 4740 2840 4794 ratione
2889 4741 3274 4796 descendisse?
3320 4741 3415 4797 Sin
3461 4761 3550 4798 rc-

1979 4846 2105 4887 vera
2141 4832 2375 4901 perdidit
2407 4848 2474 4888 ne
2507 4843 2653 4888 esset
2690 4832 2825 4886 ultra
2850 4846 2942 4885 rex
2984 4832 3187 4901 gloria,
3219 4843 3273 4886 et
3326 4835 3404 4889 sic
3434 4851 3549 4888 rem

1978 4940 2039 4981 se
2094 4926 2295 4980 habere
2348 4926 2618 4995 quispiam
2676 4925 2906 4989 asserit,
2971 4939 3197 4979 summa
3256 4926 3552 4991 impietatis

1979 5018 2181 5073 crimen
2211 5019 2403 5072 merito
2431 5019 2741 5073 sustinebit.
2783 5036 2801 5069 ι
2834 5016 3098 5071 Flectitur
3128 5017 3273 5069 enim
3300 5017 3400 5085 ipsi
3431 5034 3545 5070 om-

1978 5124 2050 5165 ne
2074 5124 2235 5179 genu,
2267 5111 2530 5165 etomnis
2556 5112 2734 5178 lingua
2786 5108 3134 5163 conﬁtebitur
3180 5108 3304 5176 quia
3363 5109 3543 5161 Domi-

1982 5216 2086 5256 nus
2119 5199 2277 5256 Jesus
2302 5201 2573 5268 Christus,
2615 5202 2667 5255 in
2705 5200 2929 5271 gloriam
2969 5200 3061 5254 Dei
3087 5198 3262 5252 Patris
3285 5198 3348 5252 “.
3392 5217 3411 5250 ι
3448 5197 3552 5253 Per

1977 5295 2291 5349 universum
2321 5296 2461 5348 enim
2502 5294 2687 5348 orbem
2747 5302 3012 5346 terrarum
3079 5290 3336 5345 dilatatur
3376 5291 3546 5360 gloria

1976 5384 2311 5456 Christi,qui
2344 5400 2529 5454 passus
2558 5395 2642 5441 est
2695 5401 2794 5455 pro
2850 5385 3007 5440 nobis
3063 5400 3248 5447 carne.
3306 5394 3364 5439 ut
3404 5401 3548 5453 saepe

1978 5476 2231 5533 diximus.
2257 5479 2389 5533 Cum
2427 5477 2587 5548 igitur
2620 5479 2774 5533 audis
2802 5479 3076 5533 hominem
3120 5477 3325 5548 Spiritu
3355 5488 3548 5531 sancto

1979 5568 2194 5640 plenum
2213 5570 2425 5626 dicere:
2467 5589 2486 5621 ι
2524 5571 2830 5625 Crucilixus
2862 5580 2947 5626 est
2979 5586 3051 5626 ex.
3072 5570 3413 5639 inﬁrmitate,
3448 5569 3545 5625 sed
3592 5627 3595 5630 ,

381 5758 425 5791 ³⁷
446 5754 605 5816 Joan.
626 5771 702 5823 νι,
731 5756 919 5812 55-51.
1018 5755 1064 5787 ⁸⁸
1084 5753 1187 5811 Joh
1212 5768 1360 5823 xxvi,
1403 5752 1488 5809 13.
1564 5752 1611 5787 ⁸⁸
1640 5748 1835 5839 ιῖϐοτ.
1867 5765 1878 5805 1

1979 5750 2070 5820 ,4.
2126 5750 2219 5806 ⁸⁸1
2251 5749 2377 5808 Cor.
2407 5750 2543 5819 ",8.
2620 5752 2663 5784 “
2696 5750 2927 5822 Philipp.
2971 5766 3035 5821 ll,
3065 5752 3152 5807 l0.
