4104 6336
577 325 682 381 227

1567 333 1626 386 S.
1666 328 1941 387 CYltlLLl
1981 329 2452 387 ALEXANDRINI
2490 330 2814 388 ARCHIEP.

3724 336 3835 393 2‘28

577 440 712 495 vivit
734 455 797 494 ex
825 440 1022 496 virtute
1057 440 1184 510 Dei;
1219 460 1239 495 ι
1269 441 1355 512 pie
1375 442 1579 498 dictum
1602 421 2014 515 intellige.Nam
2033 460 2138 515 pas-

2262 461 2381 515 μεν.
2434 445 2601 498 Ὅταν
2652 440 2747 498 οῦν
2787 443 3027 516 ἀκούσῃς
3079 444 3172 497 τοῦ
3238 446 3686 517 Πνευματοφόρου
3742 448 3835 502 λέ-

578 547 699 585 sum
731 532 864 587 dicit
888 535 1220 600 humanitus,
1249 537 1501 605 quamvis
1533 546 1781 591 naturam
1806 538 1959 608 131
1987 541 2153 593 hahe-

576 633 659 677 ret
689 639 911 693 prorsus
934 641 963 679 a
986 627 1244 695 patiendo
1274 638 1561 682 remotam.
1595 630 1841 700 Cumque
1866 634 1945 686 sic
1973 647 2032 686 se
2057 633 2153 685 Ita-

574 714 747 779 beret,
774 717 863 769 inii
876 718 1037 771 rmari
1069 733 1287 773 carnem
1306 720 1584 786 sustinuit,
1607 732 1660 775 et
1687 724 2000 777 humanitus
2016 724 2149 778 mori

574 823 695 861 cum
727 810 1101 875 sustinuisset,
1138 812 1399 867 divinitus
1450 814 1943 882 revixit,cumipse
1993 830 2150 870 suum

574 898 900 953 vivificasset
928 903 1205 970 templum,
1231 914 1415 973 utpote
1444 904 1616 960 virtus
1661 905 1860 959 Patris.
1890 907 2048 961 Certe
2070 908 2153 961 in-

572 989 878 1057 stantejam
917 1002 1159 1062 tempore
1178 1010 1287 1064 quo
1314 1010 1531 1050 crucem
1560 1013 1657 1066 pro
1687 997 1843 1052 nobis
1877 1009 1991 1052 erat
2022 1001 2151 1054 sub-

574 1082 772 1147 iturus,
805 1084 994 1140 abiens
1034 1089 1233 1152 oravit,
1276 1089 1497 1143 dicens:
1536 1108 1554 1141 ι
1586 1090 1765 1157 Pater,
1801 1092 1847 1146 si
1889 1092 2145 1160 possibile

572 1184 674 1239 est,
704 1183 945 1231 transeat
986 1194 1013 1230 a
1056 1194 1142 1232 me
1197 1179 1334 1232 calix
1362 1180 1484 1233 iste.
1523 1197 1542 1230 ι
1581 1180 1979 1249 Adjecitetiam
2020 1183 2150 1237 illud

571 1267 637 1316 ad
673 1267 829 1319 tinem
860 1270 1127 1323 orationis
1162 1288 1177 1323 :
1224 1290 1244 1322 ι
1285 1271 1673 1325 Verumtamen
1719 1288 1823 1327 non
1857 1274 2000 1329 sicut
2048 1290 2148 1341 ego

569 1356 714 1416 volo,
741 1357 833 1410 sed
866 1358 1006 1412 sicut
1041 1369 1093 1412 tu
1119 1363 1187 1412 “.
1220 1378 1240 1413 ι
1279 1359 1541 1426 Quoniam
1565 1377 1696 1416 vero
1724 1364 1913 1428 semel,
1956 1380 2149 1433 quam-

568 1447 650 1499 vis
690 1450 1036 1516 omnipotens
1073 1450 1303 1505 Verbum
1340 1468 1403 1507 ac
1433 1455 1573 1508 Deus
1599 1464 1761 1519 esset,
1795 1466 2032 1509 nostram
2063 1458 2147 1510 in-

569 1537 884 1593 ﬁrmitatem
918 1541 1103 1595 subire
1125 1545 1333 1607 statuit,
1365 1546 1491 1598 facti
1533 1561 1755 1599 causam
1784 1555 1840 1600 ut
1874 1548 2141 1610 redderet,

567 1644 780 1682 summo
811 1632 1232 1700 dispensationis
1261 1635 1486 1688 consilio
1516 1636 1590 1688 ait
1623 1653 1637 1688 :
1699 1655 1715 1686 ι
1753 1636 1989 1704 Spiritus
2024 1638 2145 1706 qui-

566 1724 688 1776 dem
722 1735 1021 1792 promptus,
1049 1741 1175 1781 caro
1207 1735 1385 1780 autent
1425 1728 1635 1781 inﬁrma
1662 1729 1725 1781 “.
1769 1749 1786 1781 ι
1848 1729 2139 1784 Considera

566 1816 732 1884 igitur
761 1826 817 1869 ut
843 1818 972 1870 nihil
1009 1820 1119 1887 ipse
1149 1818 1413 1886 deiectus,
1452 1835 1633 1888 neque
1679 1822 1840 1875 etiam
1908 1823 2141 1878 infirmi-
2176 1795 2216 1848 Β

566 1917 732 1962 tatem
761 1910 814 1964 in
848 1926 998 1964 suam
1033 1923 1278 1965 naturam
1305 1914 1624 1982 suscipiens,
1662 1916 1929 1970 concessit
1989 1919 2139 1970 carni

563 2012 663 2066 per
696 2012 821 2052 suas
852 2001 1098 2069 preprias
1128 2001 1268 2070 leges
1302 2016 1563 2071 pergere:
1621 2013 1675 2057 et
1729 2005 1898 2072 ipsius
1938 2021 1999 2058 ea
2059 2022 2142 2059 res

560 2088 784 2157 dicitur,
828 2101 1110 2159 propterea
1139 2093 1279 2161 quod
1318 2096 1593 2164 proprium
1623 2105 1706 2151 est
1750 2097 1867 2166 ejus
1921 2112 2137 2166 corpus.

563 2179 732 2249 Igitur
758 2182 1029 2238 hominem
1061 2186 1276 2254 quidem
1310 2188 1484 2256 ipsum
1531 2188 1685 2243 nobis
1739 2190 1977 2244 ostendit
2024 2192 2139 2259 ipsa

562 2270 746 2323 carnis
782 2272 1093 2339 inﬁrmitas,
1142 2276 1235 2328 sed
1270 2275 1435 2329 Deum
1500 2277 1833 2334 infirmitatis
1894 2280 2138 2349 ignarum

562 2362 878 2430 agnovimus
911 2366 961 2417 in
991 2380 1055 2419 eo
1079 2368 1221 2434 quod
1248 2377 1473 2422 mortem
1508 2369 1651 2424 haud
1712 2379 1793 2424 est
1828 2354 2136 2441 perpessus,

562 2462 674 2509 cla
721 2454 938 2522 proprio
990 2471 1218 2525 corpore
1260 2460 1659 2529 corruptionem
1744 2463 1956 2532 repulit.
2019 2462 2136 2518 Vita

562 2553 897 2611 ttamest
931 2551 987 2597 et
1010 2546 1186 2601 virtus
1208 2546 1409 2603 Patris.
1445 2548 1578 2603 Nam
1612 2553 1753 2618 quod
1786 2553 1927 2606 illam
1970 2553 2022 2607 in
2055 2555 2138 2610 bis

563 2635 726 2688 rebus
760 2635 1133 2693 inﬁt-intem
1165 2640 1431 2695 insuetam
1460 2642 1562 2697 sibi
1591 2653 1645 2698 et
1698 2645 2134 2711 involuntariam,

563 2722 756 2777 fecerit
789 2726 1156 2783 voluntariam
1192 2730 1245 2783 in
1274 2730 1367 2785 Dei
1396 2742 1451 2786 et
1473 2732 1648 2788 Patris
1671 2735 2028 2803 beneplacito,
2075 2745 2135 2789 ut

561 2814 766 2869 salvum
791 2814 992 2872 faceret
1020 2820 1207 2874 urbem
1247 2832 1536 2888 terrarum,
1596 2825 1813 2881 docebit
1852 2828 1965 2895 ipse
2012 2843 2134 2882 CIIII

560 2905 691 2959 dicit
726 2921 741 2958 :
772 2925 791 2958 ι
829 2907 962 2975 Quia
1003 2910 1253 2966 descendi
1280 2914 1344 2967 de
1376 2916 1536 2980 caelo,
1575 2934 1681 2972 non
1713 2928 1770 2970 ιιι
1800 2918 1989 2972 faciam
2037 2935 2135 2973 vo-

560 2994 828 3051 luntatem
885 3014 1083 3066 meam,
1141 3004 1237 3057 sed
1300 3006 1631 3060 voluntatem
1692 3008 1810 3076 ejus
1850 3009 1940 3077 qui
1990 3010 2137 3064 misit

560 3105 647 3144 me
680 3109 695 3146 :
728 3101 787 3145 ttt
808 3108 967 3147 omne
990 3097 1130 3163 quod
1152 3097 1343 3151 dedisti
1374 3100 1527 3166 mihi,
1568 3115 1675 3154 non
1707 3103 1924 3170 perdam
1953 3117 2017 3156 ex
2044 3120 2129 3169 eo,

558 3183 653 3237 sed
680 3187 995 3241 resuscitettt
1024 3187 1155 3241 illud
1206 3189 1257 3242 itt
1307 3192 1602 3246 novissimo
1664 3190 1752 3246 die
1797 3192 1862 3250 “.
1904 3212 1923 3245 ι
1967 3196 2130 3265 Atqui

559 3290 797 3344 quonam
830 3279 1012 3344 modo,
1045 3280 1087 3334 si
1120 3283 1337 3350 quidem
1368 3283 1505 3336 bona
1544 3294 1627 3337 est
1659 3281 1839 3340 Patris
1862 3287 2131 3353 voluntas,

560 3366 787 3420 alteram
817 3376 993 3423 tamen
1018 3371 1204 3437 procul
1238 3370 1403 3425 dubio
1425 3374 1620 3427 bonam
1654 3377 1926 3443 propriam
1948 3392 2005 3430 se
2037 3378 2128 3432 ha-

560 3456 692 3513 bere
714 3460 783 3513 ab
830 3459 920 3513 illa
948 3462 1218 3515 diversam
1244 3463 1575 3518 voluntatem
1603 3466 1735 3520 dicit
1767 3466 1937 3523 Filius
1958 3469 1980 3522 ?
2001 3468 2133 3524 Nam

559 3548 605 3600 si
638 3550 816 3604 minus
845 3561 927 3605 est
956 3553 1149 3616 bonus,
1195 3555 1470 3622 quomodo
1513 3556 1688 3625 imago
1732 3560 1842 3627 jam
1876 3572 1927 3615 et
1967 3560 2135 3631 ﬁgura

560 3637 675 3706 ejus
690 3640 974 3695 creditur?
1005 3644 1271 3710 quomodo
1309 3644 1434 3698 item
1467 3661 1597 3700 vere
1632 3648 1773 3702 dicet
1805 3665 1818 3701 :
1873 3668 1892 3700 ι
1937 3650 2048 3719 Ego
2084 3662 2136 3706 et

563 3729 724 3784 Pater
754 3748 916 3786 unum
943 3748 1130 3788 sumus
1146 3733 1234 3788 “'l
1264 3754 1281 3786 ι
1312 3745 1366 3789 et
1396 3754 1409 3791 :
1453 3756 1471 3788 ι
1515 3738 1615 3804 Qui
1673 3740 1807 3794 vidit
1853 3758 1967 3810 me,
2002 3745 2137 3797 vidit

558 3832 615 3876 et
640 3822 854 3878 Patrem
891 3825 975 3878 “?
1014 3844 1031 3876 ι
1068 3825 1253 3895 Neque
1279 3829 1421 3882 enim
1450 3832 1732 3899 quisquam
1771 3833 1822 3885 itt
1877 3834 2017 3888 haud
2040 3838 2133 3890 bo-

560 3925 632 3964 no
662 3912 837 3967 videat
868 3927 989 3967 eum
1025 3917 1119 3984 qui
1143 3932 1208 3970 ex
1237 3928 1429 3972 natura
1460 3920 1529 3973 sit
1556 3921 1747 3976 bonus.
1778 3924 1941 3992 Atqui
1967 3926 2137 3980 bonus

557 4000 730 4057 Filius
749 4018 819 4058 ex
847 4005 989 4060 bono
1023 4017 1246 4063 exortus
1277 4018 1363 4063 est
1384 4008 1565 4075 Patre,
1597 4023 1787 4082 estque
1820 4014 1936 4081 ejus
1956 4014 2135 4085 imago

560 4092 706 4147 nulla
736 4093 792 4147 in
824 4110 882 4150 re
911 4097 978 4148 ab
999 4111 1063 4151 eo
1092 4098 1334 4154 varians.
1358 4099 1602 4166 Quanam
1641 4104 1802 4173 igitur
1858 4105 2136 4161 voluntate

557 4185 743 4240 relicta
780 4203 938 4257 quam
974 4204 1125 4244 suam
1155 4207 1277 4247 esse
1313 4194 1533 4260 fatetur,
1585 4195 1761 4252 Patris
1790 4197 2125 4253 voluntatem

556 4292 617 4332 se
643 4277 837 4334 fecisse
876 4282 1038 4336 dicit?
1070 4282 1308 4354 Pr0prite
1363 4287 1544 4341 carnis
1598 4297 1774 4344 morte
1809 4288 2135 4345 liberaturus

556 4382 673 4424 erat
699 4388 819 4426 mox
850 4388 945 4428 eos
989 4390 1018 4428 a
1048 4388 1221 4431 morte
1250 4379 1343 4447 qui
1378 4378 1453 4432 illi
1482 4389 1638 4433 erant
1670 4379 1911 4445 obnoxii,
1948 4381 2000 4434 id
2051 4391 2133 4435 est

556 4478 674 4517 nos.
718 4463 826 4518 Sed
858 4467 959 4520 hoc
985 4467 1158 4535 ipsum
1189 4471 1324 4523 mori
1348 4486 1515 4525 carne
1565 4479 1719 4540 turpe
1747 4481 1887 4535 erat,
1920 4483 1975 4525 et
2002 4474 2127 4541 sibi,
2160 4502 2208 4560 υ

554 4553 738 4622 utjam
770 4557 903 4622 dixi,
929 4559 1197 4613 insuetum
1236 4571 1292 4615 et
1346 4562 1757 4633 refugiendum:
1804 4565 1854 4618 id
1915 4581 2129 4634 quoque

553 4657 737 4700 nostra
770 4663 931 4703 causa
963 4651 1220 4705 sustinuit
1277 4653 1329 4707 in
1370 4653 1705 4723 beneplacito
1737 4655 1933 4709 Patris.
1969 4657 2124 4725 132

552 4737 784 4793 Noverat
814 4742 956 4794 enim
987 4745 1193 4811 Optime
1223 4745 1266 4798 si
1297 4755 1518 4815 propter
1553 4748 1734 4801 carnis
1785 4763 1895 4802 sua:
1924 4752 2126 4815 passio-

553 4848 649 4886 nes
684 4834 955 4888 modicum
991 4835 1483 4907 fuissetinglorius,
1514 4852 1575 4891 se
1618 4853 1802 4893 onmcs
1831 4840 1896 4891 ad
1925 4849 2121 4892 Statum

554 4923 710 4990 longe
737 4929 1167 4994 prmStantiorem
1208 4928 1584 4984 transferendo
1609 4931 1984 4985 liberaturum.
2010 4951 2027 4983 ι
2068 4931 2123 4986 Si

553 5017 674 5083 quis
702 5019 844 5070 enim
872 5018 923 5070 itt
955 5018 1195 5084 Christo,
1230 5035 1365 5074 nova
1394 5032 1639 5075 creatura
1667 5044 1680 5077 :
1715 5030 1893 5076 vetera
1940 5033 2124 5076 trans-

553 5108 755 5174 ierunt,
822 5125 949 5164 ecce
977 5111 1115 5165 facta
1135 5122 1261 5166 suttt
1304 5114 1485 5167 omnia
1538 5129 1696 5180 nova,
1737 5133 1755 5164 ι
1800 5116 1937 5168 sicut
1984 5117 2126 5168 seri-

555 5210 705 5268 ptum
735 5210 818 5255 est
851 5202 917 5253 ⁶⁷.
979 5203 1244 5257 Divinitus
1301 5204 1465 5271 igitur
1501 5206 1773 5274 inspirata:
1833 5204 2127 5275 Scriptura:

555 5292 829 5346 Christum
858 5309 1024 5347 unum
1054 5305 1107 5347 et
1140 5294 1335 5348 Filium
1362 5306 1415 5349 et
1443 5295 1728 5349 Dominum
1764 5297 1962 5350 tnundo
1986 5311 2123 5365 pra:-

556 5380 761 5447 dicant,
803 5394 856 5436 et
882 5386 1051 5451 ipsum
1085 5399 1206 5438 esse
1228 5396 1474 5438 asserunt
1511 5386 1659 5438 illum
1714 5387 1897 5455 gloriae
1950 5385 2125 5440 Domi-

556 5492 719 5541 num;
752 5476 1009 5544 illumque
1033 5488 1251 5547 pr0pter
1286 5492 1384 5531 nos
1412 5494 1441 5531 a
1475 5476 1673 5532 Iudaeis
1697 5480 1871 5532 illatas
1902 5478 2126 5545 injurias

556 5569 859 5625 voluntarie
887 5571 1226 5638 sustinuisse,
1254 5580 1591 5639 mortemque
1622 5572 1675 5624 in
1727 5571 1874 5640 ligno
1910 5570 2123 5639 dispen-

626 5751 895 5828 "_Matth.
928 5768 1075 5821 sxw,
1108 5754 1197 5810 59.
1273 5752 1318 5789 ⁸³
1344 5752 1473 5809 ibid.
1496 5751 1586 5807 4|.

1693 5750 1738 5784 ⁸⁸
1760 5750 1913 5808 Joan.
1944 5767 2019 5819 vt,
2046 5751 2234 5809 ’.ὃὸ-⁸59.

2255 552 2475 602 γοντος·
2525 554 2543 585 ι
2582 533 2935 604 Ἐσταυρὼθη
2991 532 3051 597 ἐξ
3101 534 3427 601 ἀσθενείας,
3468 536 3603 589 ἀλλά
3653 537 3719 608 ζῇ
3769 539 3836 591 ὲκ

2254 626 2534 697 δυνάμεως
2577 627 2735 692 Θεοῦ,
2778 648 2795 680 t
2840 626 2997 690 σύνες
3034 627 3291 692 εὐσεϐῶς.
3336 629 3671 683 Πεπονθέναι
3725 631 3835 701 γὰρ

2254 718 2612 789 ἀνθρωπίνως
2663 720 2825 790 φησὶν
2883 720 3064 784 αὑτὸν,
3096 720 3273 773 καίτοι
3326 720 3422 792 τὴν
3481 721 3640 789 φύσιν
3678 722 3834 792 έχον-

2252 827 2322 862 τα
2367 809 2461 863 τοῦ
2512 810 2705 863 παθεῖν
2753 811 3009 864 ἐπέκεινα
3067 811 3367 875 παντελῶς.
3412 813 3590 883 Ἔχων
3626 813 3684 866 δὲ
3740 814 3835 865 οὖ-

2251 914 2379 962 τως,
2412 897 2744 967 ἀσθενούσης
2794 899 3051 969 ἠνέσχετο
3093 900 3190 969 τῆς
3244 900 3464 971 σαρκὸς,
3506 902 3597 954 καὶ
3646 903 3835 957 παθὼν

2251 986 2607 1055 ἀνθρωπίνως
2643 986 2704 1038 τὸ
2732 986 3044 1051 ἀποθανεῖν,
3078 988 3278 1041 ἀνεϐίω
3313 989 3530 1053 θεῖκῶς,
3559 990 3836 1061 ζωοποιή-

2252 1094 2351 1140 σας
2379 1077 2471 1130 τὸν
2515 1075 2710 1129 ἑαυτοῦ
2742 1077 2869 1130 ναὸν
2897 1077 3079 1141 αὐτὸς,
3110 1078 3186 1140 ὡς
3213 1078 3443 1147 δύναμις
3468 1081 3560 1132 τοῦ
3591 1082 3831 1152 Πατρός.

2250 1167 2361 1221 Καὶ
2389 1166 2520 1235 γοῦν
2565 1167 2917 1237 ἐνεστηκότος
2959 1166 3060 1238 ἤδη
3106 1167 3198 1220 τοῦ
3234 1168 3451 1241 καιροῦ,
3484 1170 3606 1223 καθ’
3632 1172 3691 1224 ὃν
3724 1172 3832 1225 ἔδει

2248 1259 2343 1312 rbv
2387 1261 2528 1330 ὑπὲρ
2559 1260 2717 1330 ἡμῶν
2766 1262 3055 1331 ὑπομεῖναι
3097 1262 3347 1333 σταυρὸν,
3388 1262 3637 1317 ἀπελθὼν
3666 1281 3835 1334 προσ-

2249 1352 2486 1423 ηύξατο,
2533 1353 2705 1419 λέγων
2732 1369 2744 1381 ·
2802 1370 2821 1403 ι
2871 1353 3087 1423 Πάτερ,’
3128 1356 3176 1406 εἰ
3222 1354 3467 1421 δυνατὸν,
3516 1356 3832 1426 παρελθέτω

2247 1445 2342 1497 ἀπ’
2370 1445 2503 1514 ἐμοῦ
2533 1444 2595 1497 τὸ
2625 1446 2879 1516 ποτήριον
2904 1447 3082 1502 τοῦτο.
3122 1465 3139 1497 ι
3181 1447 3497 1517 Προσετίθει
3530 1448 3586 1500 δὲ
3616 1447 3829 1512 τούτοις

2247 1534 2339 1586 ἐπὶ
2365 1535 2507 1588 τέλει
2533 1535 2633 1605 τῆς
2667 1538 3011 1608 προσευχῆς·
3050 1557 3069 1589 ι
3110 1538 3257 1608 Πλὴν
3289 1539 3387 1608 οὐχ
3410 1539 3486 1603 ὡς
3530 1539 3641 1608 ἐγὼ
3657 1540 3822 1607 θέλω,

2245 1628 2361 1680 ἀλλ’
2392 1629 2467 1692 ὡς
2510 1630 2596 1683 σύ.
2632 1648 2651 1681 ι
2701 1632 2920 1700 Ἐπειδὴ
2954 1631 3010 1684 δὲ
3045 1632 3210 1697 ἅπαξ.
3234 1633 3411 1686 καίτοι
3444 1634 3723 1704 παναλκὴς
3751 1636 3828 1688 ὣν

2245 1720 2419 1789 Λόγος
2452 1723 2546 1775 καὶ
2592 1722 2746 1787 Θεὸς,
2778 1722 2874 1775 καὶ
2914 1725 2971 1776 ὲν
3000 1726 3065 1795 τῇ
3095 1723 3217 1777 καθ’
3248 1726 3396 1795 ἡμᾶς
3429 1726 3685 1797 ἀσθενείᾳ
3733 1744 3829 1794 γε·

2247 1813 2433 1866 νέσθαι
2458 1813 2792 1883 νενόμισται,
2817 1814 2915 1887 τὴν
2945 1814 3038 1868 τοῦ
3068 1815 3388 1887 πράγματος
3420 1817 3595 1870 αἰτίαν
3636 1819 3826 1872 ἀποδι-

2247 1902 2391 1967 δοὺς,
2421 1904 2891 1973 οἰκονομικώτατά
2923 1923 3092 1976 φησι·
3142 1926 3160 1958 ι
3199 1907 3271 1958 Τὸ
3306 1907 3404 1976 μὲν
3438 1907 3654 1977 πνεῦμα
3685 1911 3822 1981 πρό-

2248 1992 2439 2063 θυμον,
2475 1995 2507 2063 ἡ
2550 1995 2607 2046 δὲ
2661 1995 2797 2065 σάρξ
2837 1995 3087 2067 ἀσθενής.
3128 2015 3147 2048 ι
3198 1996 3387 2068 Ἀθρει
3428 1997 3490 2068 δὴ
3539 1995 3631 2054 οῦν
3676 2002 3825 2066 ὅπως

2247 2086 2397 2138 οὐδὲν
2430 2086 2694 2154 καθυφεὶς
2739 2088 2925 2153 αὐτὸς,
2956 2088 3078 2142 οὕτε
3129 2089 3236 2160 μὴν
3270 2091 3351 2152 εἰς
3394 2090 3528 2144 ἰδίαν
3575 2092 3734 2161 φύσιν
3764 2095 3827 2146 rb

2246 2175 2543 2245 ἀσθενῆσαι
2592 2176 2801 2241 παθὼν,
2849 2178 3240 2249 συγκεχώρηκε
3283 2183 3347 2251 τῇ
3392 2182 3553 2251 σαρκί
3600 2184 3693 2235 καὶ
3734 2184 3824 2237 διὰ

2244 2269 2352 2322 τῶν
2377 2269 2592 2323 οἰκείων
2621 2268 2730 2341 [τσ.
2768 2268 2935 2342 ἰδίων]
2976 2269 3112 2323 ἰέναι
3144 2271 3359 2342 νόμων·
3408 2274 3502 2326 καὶ
3546 2274 3709 2327 αὐτοῦ
3762 2276 3824 2329 τὸ

2246 2362 2435 2433 χρῆμα
2468 2362 2709 2428 λέγεται,
2737 2360 2907 2415 διάτοι
2935 2361 2995 2415 τὸ
3026 2362 3155 2416 ἴδιον
3185 2358 3324 2416 εἶναι
3349 2365 3410 2417 τὸ
3438 2364 3595 2435 σῶμα
3630 2366 3819 2419 αὑτοῦ.

2245 2452 2453 2507 Οὐκοῦν
2516 2452 2801 2524 ἄνθρωπον
2855 2453 2954 2523 μὲν
3010 2456 3143 2523 ἡμῖν
3206 2455 3484 2527 ἀπέφηνεν
3531 2456 3694 2510 αὐτὸν
3761 2456 3824 2511 τὸ

2242 2544 2540 2616 ἀσθενῆσαι
2587 2545 2728 2599 κατὰ
2760 2545 2859 2616 τὴν
2901 2544 3100 2617 σάρκα,
3132 2547 3267 2599 Θεόν
3312 2564 3374 2616 γε
3426 2548 3534 2618 μὴν
3574 2548 3821 2601 ἀσθενεῖν

2242 2637 2341 2690 οὐκ
2383 2636 2560 2689 εἰδότα
2598 2637 2657 2689 rb
2695 2636 2770 2707 μὴ
2808 2637 3140 2707 ἀνασχέσθαι
3178 2638 3434 2703 θανάτου,
3487 2641 3582 2693 καὶ
3614 2641 3819 2693 ἀποσο-

2244 2727 2406 2797 ϐῆσαι
2438 2730 2538 2799 τὴν
2569 2729 2777 2799 φθορὰν
2805 2728 2898 2781 τοῦ
2928 2729 3057 2782 ἰδίου
3091 2731 3361 2799 σώματος.
3399 2732 3520 2803 Ζωῆ
3550 2731 3657 2802 γάρ
3700 2733 3817 2785 ἐστι

2243 2820 2337 2872 καὶ
2377 2819 2605 2890 δύναμις
2650 2820 2743 2873 τοῦ
2772 2820 3003 2889 Πατρός.
3034 2820 3155 2874 Ὅτι
3191 2824 3298 2893 γάρ
3342 2824 3584 2893 ἀσυνήθη
3628 2840 3688 2876 τε
3722 2824 3816 2876 καὶ

2240 2911 2561 2983 ἀνεθέλητον
2600 2908 2767 2966 οὖσαν
2795 2912 2945 2984 αὐτῷ
2970 2913 3069 2984 τὴν
3093 2913 3153 2967 ἐν
3177 2932 3240 2983 γε
3273 2914 3481 2978 τούτοις
3507 2914 3811 2980 ἀσθένειαν,

2241 3002 2541 3073 ἐποιήσατο
2601 3003 2832 3074 θελητὴν
2878 3005 2937 3056 ὲν
2984 3005 3203 3075 εὐδοκία
3256 3005 3351 3059 τοῦ
3401 3006 3536 3060 Θεοῦ
3579 3007 3672 3060 καὶ
3703 3008 3815 3059 Πα-

2240 3094 2388 3162 τρδς,
2417 3095 2500 3147 ἴνα
2534 3095 2684 3168 σώσῃ
2713 3099 2811 3168 τὴν
2846 3100 2936 3151 ὑπ’
2975 3100 3224 3170 οὐρανὸν,
3272 3100 3476 3165 διδάξει
3512 3100 3686 3167 λέγων
3710 3100 3813 3152 αὑ·

2238 3187 2359 3250 τός·
2397 3205 2415 3238 ι
2458 3189 2581 3241 ”Οτι
2633 3190 2984 3261 καταϐέϐηκα
3029 3193 3095 3244 ὲκ
3136 3190 3230 3244 τοῦ
3271 3190 3533 3262 οὐρανοῦ,
3583 3191 3679 3259 οὐχ
3727 3192 3815 3243 ἵνα

2237 3278 2375 3331 ποιῶ
2403 3279 2464 3332 τὸ
2496 3280 2706 3350 θέλημα
2736 3282 2797 3335 τὸ
2827 3282 2978 3352 ἐμὸν,
3013 3282 3150 3336 ἀλλὰ
3191 3284 3251 3335 rb
3302 3282 3512 3354 θέλημα
3548 3281 3642 3334 τοῦ
3671 3282 3814 3351 πέμ-

2234 3366 2435 3438 ψαντός
2471 3387 2570 3440 με·
2605 3372 2688 3424 ἵνα
2732 3373 2841 3424 πᾶν
2876 3372 2904 3424 ὃ
2932 3372 3169 3436 δέδωκάς
3216 3390 3306 3442 μοι
3354 3371 3428 3442 μὴ
3469 3371 3714 3425 ἀπολέσω
3754 3372 3814 3436 ἐξ

2236 3459 2423 3524 αὐτοῦ,
2452 3461 2587 3514 ἀλλά
2627 3464 2914 3533 ἀναστήσω
2948 3464 3081 3517 αὐτὸ
3115 3464 3172 3515 ὲν
3205 3466 3271 3534 τῇ
3301 3463 3503 3533 ἐσχάτῃ
3543 3462 3745 3534 ἡμέρᾳ.
3786 3482 3805 3513 ι

2235 3550 2428 3604 Καίτοι
2482 3550 2631 3614 πῶς,
2685 3554 2841 3625 εἴπερ
2892 3556 3039 3608 ἐστὶν
3086 3555 3291 3622 ἀγαθὸν
3338 3555 3400 3607 τὸ
3453 3554 3663 3625 θέλημα
3714 3554 3810 3607 τοῦ

2236 3644 2470 3714 Πατρὸς,
2519 3645 2719 3712 ἀγαθὸν
2763 3647 2820 3698 δὲ
2865 3647 3082 3711 πάντως
3123 3647 3252 3701 ῖδιον
3297 3646 3442 3717 ἔχειν
3482 3648 3576 3700 καί⁵
3622 3647 3811 3716 ἕτερον

2236 3733 2388 3802 παρά
2420 3732 2579 3786 τοῦτο
2625 3733 2837 3806 θέλημά
2883 3753 3047 3806 φησιν
3096 3736 3287 3790 ἑαυτὸν
3329 3738 3359 3789 ὁ
3403 3736 3560 3802 Υἰόςς
3608 3737 3671 3789 Εἰ
3700 3736 3811 3805 γὰρ

2240 3825 2314 3895 μὴ
2346 3824 2494 3878 ἐστιν
2521 3826 2745 3894 ἀγαθὸς,
2780 3826 2895 3890 πῶς
2923 3827 3084 3881 εἰκὼν
3112 3827 3192 3881 ἔτι
3218 3830 3310 3882 καὶ
3335 3827 3620 3899 χαρακτὴρ
3644 3826 3809 3880 αὐτοῦ

2236 3919 2580 3985 πιστεύεται;
2618 3918 2736 3982 πῶς
2761 3918 2818 3972 δὲ
2850 3920 3137 3990 ἀληθεύσει
3176 3919 3378 3988 λέγων’
3426 3939 3445 3970 ι
3496 3918 3635 3987 Ἐγὼ
3661 3917 3754 3969 καὶ
3780 3918 3811 3970 ὁ

2234 4009 2427 4080 Πατὴρ
2457 4012 2516 4063 ἓν
2544 4012 2742 4081 ὲσμεν;
2779 4030 2796 4061 ι
2829 4012 2954 4065 καίο
2990 4029 3009 4062 ι
3055 4011 3111 4065 '0
3142 4009 3399 4079 ἑωρακὼς
3434 4011 3555 4081 ἐμὲ,
3596 4009 3809 4081 ἑώρακε

2234 4103 2327 4156 rbv
2374 4103 2626 4172 Πατέρα;
2668 4124 2686 4155 ι
2722 4105 2796 4157 Οὐ
2843 4104 2953 4175 γὰρ
2983 4103 3039 4157 ἔν
3079 4120 3143 4172 γε
3188 4102 3262 4172 τῷ
3299 4103 3374 4174 μὴ
3404 4102 3616 4172 ἀγαθῷ,
3671 4120 3807 4155 κατ-

2234 4194 2473 4265 αθρήσαι
2495 4211 2577 4257 τις
2611 4194 2677 4248 ἂν
2719 4194 2809 4247 τὸν
2841 4194 3041 4262 ἀγαθὸν
3089 4193 3231 4246 κατὰ
3262 4197 3438 4262 φύσιν.
3498 4192 3657 4246 Ἀλλά
3701 4194 3807 4263 μὴν

2234 4286 2433 4354 ἀγαθὸς
2466 4288 2493 4339 ὁ
2517 4285 2663 4351 Υἱὸς,
2700 4286 2759 4350 ἐξ
2803 4286 3009 4355 ἀγαθοῦ
3059 4287 3264 4356 πέφηνε
3297 4285 3390 4339 τοῦ
3438 4286 3672 4355 Πατρὸς,
3712 4284 3805 4336 καί

2234 4378 2381 4431 ἔστιν
2424 4378 2586 4431 εἰκὼν
2613 4378 3032 4449 ἀπαράλλακτος
3079 4379 3240 4432 αὐτοῦ
3284 4377 3423 4430 κατά
3455 4379 3561 4430 πᾶν
3605 4377 3806 4433 ὁτιοῦν.

2234 4472 2391 4524 Ποῖον
2442 4466 2533 4523 οὖν
2582 4471 2690 4541 ἄρα
2742 4470 2952 4541 θέλημα
3002 4470 3217 4540 παρεὶς,
3274 4469 3407 4538 ὅπερ
3455 4465 3594 4520 εἷναί
3644 4485 3806 4538 φησιν

2237 4562 2455 4624 ἑαυτοῦ,
2487 4562 2826 4632 πεπραχέναι
2862 4560 2995 4631 φησί
3026 4560 3087 4613 τὸ
3133 4560 3225 4613 τοῦ
3273 4560 3520 4629 Πατρός;
3574 4558 3806 4628 Ἔμελλε

2233 4654 2311 4725 τῷ
2353 4654 2569 4724 θανάτῳ
2597 4655 2695 4723 τῆς
2744 4654 2876 4717 ἰδίας
2918 4653 3117 4724 σαρκὸς
3164 4652 3529 4705 ἀπαλλάττειν
3573 4650 3805 4704 θανάτου

2231 4748 2357 4810 τοὺς
2385 4746 2475 4798 ὑπ’
2503 4744 2667 4800 αὑτοῦ
2705 4745 3014 4813 γεγονότας,
3044 4744 3320 4797 τουτέστιν
3350 4745 3517 4813 ἡμᾶς.
3566 4741 3703 4793 Ἀλλ’
3738 4738 3808 4810 ἦν

2231 4838 2293 4890 rb
2323 4837 2573 4891 τεθνάναι
2608 4837 2772 4906 σαρκὶ
2821 4835 3098 4898 δυσκλεὲς,
3129 4834 3397 4906 ἀσύνηθές
3426 4851 3506 4897 τε,
3538 4834 3613 4895 ὠς
3643 4833 3814 4908 ἔφην,

2232 4932 2326 4984 καὶ
2358 4930 2741 5000 ἀπηχθημένον
2776 4929 2941 4999 αὐτῷ.
2993 4927 3411 4998 ’Υπομεμένηκε
3437 4926 3495 4979 δὲ
3534 4924 3808 4977 καὶτοῦτο

2230 5021 2296 5074 δι’
2328 5023 2472 5092 ἡμᾶς
2506 5023 2562 5072 ὲν
2595 5021 2813 5091 εὐδοκία
2837 5020 2931 5072 τοῦ
2962 5019 3371 5090 Πατρός.ξ’ᾘδει
3406 5017 3536 5086 γὰρ,
3559 5016 3675 5087 ᾔδει
3712 5017 3809 5067 καὶ

2237 5112 2381 5183 μάλα
2411 5113 2616 5181 σαφῶς,
2657 5112 2740 5164 ὅτι
2778 5112 2887 5164 τῶν
2916 5111 3017 5179 τῆς
3052 5111 3252 5181 σαρκὸς
3281 5110 3443 5161 ’ένεκα
3476 5107 3662 5160 παθῶν
3694 5106 3809 5159 ἀδο-

2234 5206 2404 5275 ξήσας
2435 5204 2632 5275 βραχὺ,
2668 5203 2923 5256 διασώσει
2951 5202 3293 5272 σύμπαντας,
3326 5201 3417 5253 ἐπὶ
3442 5200 3503 5252 τὸ
3535 5198 3804 5266 ἀσυγκρί-

2232 5313 2339 5359 τως
2387 5296 2607 5366 ἄμεινον
2659 5295 2937 5364 μεθιστὰς.
2980 5314 2997 5345 ι
3042 5295 3108 5346 EE
3152 5311 3237 5355 τις
3288 5293 3395 5362 γὰρ
3452 5293 3509 5344 έν
3558 5290 3804 5360 Χριστῷ,

2231 5389 2391 5459 καινὴ
2428 5389 2636 5451 κτίσις·
2669 5387 2737 5440 τά
2782 5388 2981 5458 ἀρχαῖα
3010 5384 3311 5456 παρῆλθεν,
3350 5383 3455 5436 ἰδοὺ
3502 5383 3689 5450 γέγονε
3736 5381 3807 5432 τά

2234 5479 2410 5532 πάντα
2456 5479 2638 5545 καινὰ,
2684 5498 2701 5528 ι
2745 5478 2886 5530 καθὰ
2916 5476 3245 5547 γέγραπται.
3281 5476 3346 5527 Αἱ
3403 5474 3500 5544 μὲν
3542 5468 3633 5525 οῦν
3682 5470 3807 5523 θεό-

2233 5587 2486 5624 πνευστοι
2516 5570 2747 5639 Γραφαί,
2783 5567 3015 5640 Χριστὸν
3046 5567 3141 5621 ἕνα
3170 5568 3263 5619 καὶ
3292 5567 3417 5619 Υἱὸν
3465 5564 3559 5619 καὶ
3601 5562 3805 5631 Κύριον

2342 5752 2385 5783 ⁸³
2420 5748 2553 5806 Joan
2586 5765 2701 5819 XIV,
2731 5749 2819 5805 50.
2915 5748 3120 5824 “gibid.
3147 5749 3200 5805 9.
3279 5744 3423 5822 _"’_ll
3459 5744 3584 5801 Cor.
3625 5758 3676 5809 v,
3712 5739 3804 5795 17.
