4104 6336
331 319 437 373 22‘)
1387 311 1762 369 ADVERSUS
1798 309 2203 368 NESTORIUM
2245 310 2376 366 LIB.
2419 309 2482 364 V.
3480 313 3587 367 230

333 432 411 503 τῷ
444 432 634 504 κόσμῳ
680 431 1121 504 διακηρύττουσι,
1152 429 1246 484 καὶ
1276 429 1438 484 αὐτὸν
1481 426 1623 484 εἶναι
1656 448 1789 499 φασι
1814 430 1907 483 τὸν

2014 430 2220 484 satorie
2252 428 2561 497 pertulisse,
2591 440 2697 480 non
2719 431 2777 479 ut
2804 426 3079 480 nobiscqu
3113 434 3419 482 remaneret
3443 443 3588 481 mor-

329 523 431 592 τῆς
457 523 614 593 δόξης
646 522 849 593 Κύριον
872 538 887 553 ·
913 522 1006 575 καὶ
1040 520 1137 584 τὰς
1169 521 1233 573 ὲκ
1261 520 1368 572 τῶν
1414 520 1683 574 Ἰουδαίων
1710 539 1904 591 παροι-

2012 526 2152 579 tuus,
2174 519 2290 581 sed,
2312 528 2369 571 ut
2394 531 2583 570 everso
2617 515 2709 569 illo
2736 516 2985 569 omnibus
3012 515 3409 585 inexpugnabili
3438 532 3582 570 mor-

333 616 452 679 νίας
494 615 727 669 ἐθελοντὶ
754 616 1040 685 ὑπομεῖναι
1082 614 1149 666 δι’
1181 615 1323 684 ἡμᾶς
1345 630 1358 641 ·
1392 613 1684 684 ἀνατλῆναί
1714 630 1771 665 τε
1812 612 1903 664 τὸν

2012 612 2073 664 lis
2093 612 2343 679 imperio,
2378 620 2628 664 naturam
2656 610 2893 664 hominis
2914 610 2980 663 ad
3004 610 3464 679 incorruptionem
3497 627 3584 664 re-

333 710 428 761 ἐπὶ
463 708 618 772 ξύλου
653 708 881 761 θάνατον
918 705 1295 775 οἰκονομικῶς,
1331 706 1428 775 οῦχ
1461 706 1545 758 ἴνα
1588 705 1705 774 μεθ’
1746 703 1902 775 ἡμῶν

2012 713 2246 758 vocaret.
2279 702 2422 757 Deus
2456 703 2597 757 enim
2626 710 2743 755 erat
2782 702 2835 754 in
2859 714 3043 756 carne.
3080 701 3185 755 lste
3208 715 3334 755 vero
3366 716 3579 754 rursum

334 798 602 869 ἁπομείνῃ
641 798 850 867 νεκρὸς,
902 795 1017 850 ἀλλ’
1051 796 1138 848 ἵνα
1180 795 1240 847 τὸ
1274 796 1406 847 πᾶσι
1436 795 1769 864 δυσάντητον
1811 791 1907 845 τοῦ

2012 797 2331 850 occasiones
2357 812 2517 848 ιιιιιιιιι
2548 795 2601 847 in
2634 795 2739 849 duo
2765 793 3034 847 dividendi
3060 792 3294 859 undique
3341 791 3443 845 sibi
3466 791 3579 844 col-

335 890 566 944 θανάτου
600 888 907 951 καταλύσας
938 886 1161 957 κράτος,
1197 885 1506 957 ἀνακομίσῃ
1532 885 1667 955 πρὸς
1693 883 1907 953 ἀφθαρ-

2012 888 2181 953 ligcrc
2217 887 2467 948 moliens,
2500 885 2699 939 frustra
2738 884 2823 938 his
2852 885 3226 953 repugnatqui
3268 883 3396 938 nulli
3426 892 3577 944 sunt,

338 982 457 1034 σίαν
503 981 601 1051 τὴν
638 979 925 1050 ἀνθρώπου
964 978 1146 1046 φύσιν.
1194 977 1324 1040 Θεὸς
1368 977 1476 1046 γάρ
1506 973 1574 1047 ἦν
1622 980 1678 1029 ἐν
1724 976 1907 1045 σαρκί.

2012 979 2275 1046 quosdam
2308 980 2471 1032 etiam
2505 978 2829 1031 criminatur
2859 976 3013 1044 quasi
3071 979 3330 1030 adversus
3383 979 3584 1029 verita-

336 1071 533 1123 Οὑτοσὶ
570 1071 627 1124 δὲ
666 1070 827 1123 πάλιν
859 1069 1112 1139 ἀφορμὰς
1161 1067 1254 1120 τοῦ
1301 1069 1554 1138 διορίζειν
1584 1070 1663 1130 είς
1697 1068 1789 1120 δύο
1817 1068 1908 1120 τὸν

2014 1080 2120 1123 tem
2146 1070 2402 1135 dixerint,
2436 1079 2489 1122 et
2518 1067 2720 1123 Christi
2754 1068 2996 1122 mvsterii
3020 1068 3284 1122 rationem
3313 1066 3585 1121 adultera-

334 1163 430 1214 ἕνα
466 1162 798 1233 πανταχόθεν
828 1161 1005 1230 ἑαυτῷ
1038 1159 1381 1231 συναγείρειν
1419 1160 1731 1229 ἐπιχειρῶν,
1760 1161 1909 1211 ἀντι-

2016 1162 2141 1224 rint,
2176 1160 2359 1230 Itaque
2382 1162 2510 1216 dicit
2542 1175 2555 1211 :
2590 1186 2606 1201 -

336 1254 558 1325 φέρεται
607 1253 705 1323 μὲν
736 1252 860 1323 είκῆ
888 1254 1000 1315 τοῖς
1042 1252 1140 1303 οὑκ
1169 1246 1319 1304 οὖσιν
1351 1250 1506 1315 ὅλως,
1577 1252 1856 1322 ἐπίκλημα
1884 1250 1941 1303 δὲ
2016 1253 2251 1306 ποιεῖταί
2301 1270 2442 1305 τισιν
2486 1253 2561 1316 ῶς
2600 1251 2699 1323 τῆς
2748 1251 3007 1324 ἀληθείας
3058 1254 3431 1325 κατειρηκόσι,
3485 1247 3581 1307 καὶ

335 1344 768 1415 παρασημαίνειν
800 1343 1039 1396 ἐθέλουσι
1077 1342 1170 1395 τοῦ
1208 1343 1506 1412 μυστηρίου
1542 1342 1632 1394 τὸν
1678 1345 1897 1413 τρόπον,
1937 1342 2030 1395 καί
2060 1358 2246 1413 φησιν·

410 1436 641 1508 ίἨδέως
670 1436 734 1489 ἀν
764 1433 997 1488 ἐνταῦθα
1023 1434 1131 1486 τῶν
1154 1434 1445 1505 αἱρετικῶν
1472 1433 1773 1505 ἐπυθόμην,
1794 1433 1903 1486 τῶν

2079 1433 2313 1489 Nssron.
2350 1433 2631 1506 [Libenter
2658 1435 2760 1490 hoc
2800 1434 2917 1490 loco
2953 1435 3580 1507 hmreticosiuterrogem
3622 1491 3628 1496 .

334 1532 433 1602 τὴν
457 1530 553 1601 τῆς
599 1529 867 1597 θεότητος,
904 1528 1121 1595 καὶτῆς
1164 1525 1580 1597 ἀνθρωπότητος
1609 1525 1789 1594 φύσιν,
1824 1527 1906 1587 είς

2012 1524 2095 1593 qui
2135 1525 2433 1579 divinitatis
2474 1525 2938 1595 humanitatisque
2972 1537 3221 1580 naturam
3291 1527 3344 1579 in
3418 1544 3581 1581 unam

340 1622 465 1692 μίαν
514 1617 962 1689 κατακιρνώντων
998 1616 1205 1683 οὐσίαν,
1266 1618 1349 1681 τίς
1400 1618 1547 1670 ἐστιν
1600 1616 1831 1670 ἐνταῦθα
1878 1616 1906 1667 6

2012 1617 2358 1671 commiscent
2380 1617 2694 1679 essentiam,
2723 1618 2971 1685 quisnam
3001 1618 3071 1671 sit
3100 1617 3191 1686 qui
3229 1633 3370 1671 nunc
3399 1634 3426 1670 a
3453 1634 3581 1687 pro-

336 1713 486 1784 παρὰ
536 1711 627 1764 τοῦ
675 1710 935 1783 προδότου
954 1712 1066 1774 τοῖς
1128 1709 1403 1773 Ἰουδαίοις
1446 1709 1900 1780 παραδιδόμενος”

2012 1706 2181 1760 (litore
2218 1704 2418 1759 Iudaeis
2460 1706 2709 1760 traditur.
2749 1704 2807 1758 Si
2840 1706 2986 1758 enim
3019 1707 3299 1759 amborum
3327 1715 3408 1759 est
3444 1707 3581 1759 facta

335 1805 382 1857 εί
406 1804 515 1875 γὰρ
542 1804 735 1874 κρᾶσις
764 1801 1085 1872 ἀμφοτέρων
1107 1801 1421 1870 γεγένηται,
1448 1800 1731 1870 ἀμφότερα
1755 1798 1904 1869 παρὰ

2012 1796 2331 1859 commistio,
2366 1797 2527 1852 ambo
2550 1796 2763 1850 simula
2812 1795 3014 1851 Judaeis
3040 1799 3255 1850 detenta
3310 1806 3456 1861 sunt,
3531 1810 3585 1850 et

334 1894 443 1947 τῶν
495 1894 761 1947 Ἰουδαίων
792 1892 1217 1962 συγκατεσχέθη,
1247 1892 1342 1945 καὶ
1377 1892 1405 1943 6
1432 1890 1562 1953 Θεὸς
1595 1891 1787 1960 Λόγος,
1814 1892 1907 1945 καὶ

2012 1890 2149 1944 Deus
2178 1888 2434 1954 Verbum,
2456 1898 2510 1943 et
2543 1890 2895 1945 humanitatis
2927 1900 3138 1943 natura.
3169 1887 3301 1954 Quis
3337 1905 3466 1943 vero
3499 1900 3585 1943 est

336 1988 368 2057 ἡ
402 1986 501 2055 τῆς
539 1984 954 2054 ἀνθρωπότητος
996 1986 1179 2053 φύσις.
1220 1984 1314 2046 Τίς
1351 1984 1408 2036 δέ
1438 1985 1585 2036 ἐστιν
1623 1986 1652 2036 6
1682 1984 1775 2036 καὶ
1807 1983 1906 2053 τὴν

337 2076 551 2146 σφαγὴν
574 2075 903 2145 ὑπομείνας;
956 2075 1361 2145 Ἀναγκάζομαι
1388 2073 1694 2145 χρήσασθαι
1723 2091 1905 2128 κατω-

335 2148 514 2238 τέροις
544 2166 736 2233 λόγοις,
772 2165 846 2228 ὡς
880 2167 1015 2219 πᾶσι
1044 2166 1294 2233 γενέσθαι
1323 2165 1383 2219 τὸ
1411 2166 1700 2234 λεγόμενον
1727 2164 1902 2236 δῆλον.

336 2260 472 2329 Περὶ
502 2258 618 2311 τίνα
663 2257 731 2310 τὰ
773 2258 871 2327 τῆς
900 2257 1169 2327 πράξεως,
1216 2258 1337 2311 εἰπέ
1384 2276 1494 2329 μοι,
1530 2258 1903 2329 συμϐέϐηκεν;

334 2352 398 2403 El
432 2350 531 2420 μὲν
570 2348 677 2418 γὰρ
726 2349 853 2419 περὶ
878 2347 975 2420 τὴν
1005 2350 1104 2418 τῆς
1137 2350 1388 2421 θεότητος
1434 2350 1615 2419 φύσιν,
1644 2350 1759 2413 πῶς
1798 2352 1904 2421 ἀμ-

336 2438 540 2509 φότερα
586 2438 879 2507 συγκιρνᾷν
930 2438 1294 2509 κατατολμᾷς.
1338 2438 1447 2491 Καὶ
1490 2437 1599 2509 [ἴσ.
1633 2437 1704 2509 εἰ]
1739 2437 1909 2508 μεμέ-

336 2546 502 2599 νηκεν
536 2528 564 2579 6
598 2527 732 2591 Θεὸς
765 2529 1135 2598 ἀκατάσχετος
1175 2532 1287 2592 τοῖς
1345 2529 1638 2594 Ἰουδαίοις,
1687 2530 1781 2582 καὶ
1809 2530 1909 2599 τῆς

335 2619 554 2689 σφαγῆς
586 2619 645 2672 ού
695 2619 1058 2690 κεκοινώνηκε
1090 2622 1156 2691 τῇ
1201 2620 1383 2691 σαρκὶ,
1424 2619 1606 2685 πόθεν,
1654 2620 1773 2673 εἰπέ
1818 2637 1909 2691 μοι

335 2712 693 2780 παρεισάγεις
726 2712 824 2783 τὴν
863 2714 1059 2783 κρᾶσιν
1082 2710 1122 2784 ;]

943 2884 1193 2938 ΚΕΦΑΛ.
1236 2887 1309 2939 Δ’.

408 2974 469 3025 Εἰ
499 2974 596 3043 μὲν
625 2968 716 3027 οῦν
743 2973 886 3037 τινές
914 2975 1051 3026 εἰσιν
1068 2976 1115 3026 οἱ
1144 2975 1241 3044 τὴν
1276 2975 1384 3029 τῶν
1405 2976 1619 3044 φύσεων
1639 2978 1718 3041 εἰς
1746 2978 1911 3051 ἀλλή-

2008 1982 2205 2036 caedem
2240 1980 2671 2051 passus?Cogor
2738 1980 3120 2036 humilioribus
3158 1982 3341 2035 verbis
3370 1982 3468 2043 uti,
3528 1991 3586 2034 ut

2006 2073 2255 2125 omnibus
2284 2073 2425 2140 quod
2484 2072 2713 2126 dicimus
2738 2072 3083 2141 perspicuum
3116 2071 3229 2125 ﬁat.
3278 2071 3333 2126 In
3395 2088 3581 2142 quem,

2006 2180 2137 2234 rogo
2158 2175 2229 2227 te,
2266 2164 2434 2233 ipsius
2464 2172 2629 2233 gesta:
2658 2163 2743 2216 rei
2785 2162 2984 2216 cecidit
3016 2162 3192 2217 actio?
3246 2161 3301 2215 Si
3336 2163 3386 2216 in
3415 2163 3582 2231 ipsam

2008 2256 2302 2310 divinitatis
2360 2265 2628 2315 naturain,
2685 2255 2954 2323 quomodo
3004 2264 3297 2323 utrumque
3353 2255 3583 2309 commi-

2008 2362 2159 2402 scere
2189 2348 2390 2401 audes?
2419 2348 2475 2401 Si
2517 2346 2872 2400 mansitDeus
2907 2347 2977 2400 ita
3008 2355 3123 2399 uta
3176 2344 3375 2401 Judazis
3411 2348 3581 2401 teneri

2008 2454 2115 2492 non
2149 2447 2352 2507 posset,
2380 2447 2435 2492 et
2467 2437 2521 2491 in
2545 2437 2707 2493 cedis
2748 2437 3098 2507 perpessione
3148 2438 3346 2490 nullam
3398 2438 3585 2491 habuit

2006 2547 2128 2587 cum
2155 2547 2319 2587 carne
2333 2532 2669 2595 societatem,
2690 2529 3583 2599 undenam,rogo,commistioneiu

2011 2624 2221 2679 inducis
2236 2623 2278 2695 ?]

2668 2848 2818 2903 CAP.
2856 2846 2948 2905 IV.

2085 2980 2140 3037 Si
2178 2982 2269 3052 qui
2312 2990 2438 3036 sunt
2470 2980 2559 3050 qui
2591 2989 2907 3035 naturarum
2942 2980 3143 3036 factum
3182 2980 3320 3035 inter
3353 2996 3413 3036 se
3450 2997 3583 3037 con-

336 3064 434 3128 λας
462 3066 722 3137 ἀνάχυσιν
744 3066 1070 3136 γεγενῆσθαι
1100 3067 1371 3136 λέγοντες,
1398 3070 1491 3122 καὶ
1510 3071 1600 3122 τὸν
1623 3072 1911 3141 ἀνέφικτον

2016 3073 2287 3129 fusionem
2326 3074 2529 3135 dicant,
2566 3072 2836 3141 Vcrbique
2886 3083 3137 3127 naturam
3190 3073 3583 3142 impossibilem

339 3159 628 3227 ὑπομεῖναι
679 3156 911 3228 φυρμὸν,
955 3157 1049 3211 καὶ
1088 3157 1185 3229 τὴν
1221 3161 1300 3223 είς
1335 3159 1512 3229 σάρκα
1546 3161 1753 3231 τροπὴν
1800 3179 1906 3216 πα-

338 3249 452 3302 θεῖν
489 3249 744 3302 δύνασθαι
794 3250 1178 3320 διατεινόμενοι
1229 3251 1328 3321 τὴν
1367 3251 1461 3303 τοῦ
1510 3252 1684 3321 Λόγου
1721 3253 1905 3322 φύσιν,

337 3342 507 3412 ἧγουν
534 3344 613 3404 είς
643 3342 871 3411 θεότητα
906 3342 1291 3412 μεταχωρῆσαί
1332 3360 1460 3395 ποτε
1493 3344 1591 3413 τὴν
1622 3345 1909 3396 ἐνωθεῖσαν

338 3432 489 3501 αύτῷ
538 3432 738 3502 σάρκα,
786 3433 1191 3504 διημαρτήκασι
1237 3432 1524 3503 τάληθοῦς,
1567 3436 1661 3488 καὶ
1715 3435 1909 3505 φρενὸς

337 3521 445 3586 ἔξω
488 3522 766 3590 γεγονότες
797 3522 983 3592 ὀρθῆς,
1021 3522 1221 3593 μᾶλλον
1260 3522 1315 3575 δὲ
1349 3522 1445 3593 τὴν
1487 3524 1711 3576 ἀπασῶν
1744 3524 1907 3592 ἐσχά-

335 3628 438 3681 την
464 3610 742 3673 νοσοῦντες
772 3611 1190 3682 ὲμὸροντησίαν,
1216 3611 1535 3665 ἀκούσονται
1558 3612 1692 3682 πρὸς
1718 3614 1871 3683 ήμῶν
1891 3629 1905 3642 ·

342 3720 362 3754 ι
402 3702 681 3757 Πλανᾶσθε
718 3702 793 3773 μὴ
828 3702 1026 3766 εἰδότες
1052 3703 1151 3764 τὰς
1180 3702 1418 3773 Γραφάς,
1453 3704 1586 3773 μηδὲ
1612 3704 1709 3774 τὴν
1751 3704 1908 3756 δύνα-

339 3811 435 3865 μιν
460 3794 554 3847 τοῦ
584 3792 740 3847 Θεοῦ.
782 3812 800 3844 ι
845 3794 1200 3865 Ἀκράδαντος
1227 3792 1336 3863 γὰρ
1378 3795 1412 3861 ἡ
1443 3792 1536 3846 τοῦ
1566 3793 1701 3846 Θεοῦ
1735 3794 1906 3861 Λόγου

338 3885 523 3952 φύσις,
559 3886 652 3937 καὶ
694 3883 903 3955 τροπῆς
952 3885 1052 3937 οὐκ
1097 3879 1234 3936 οἶδεν
1286 3884 1640 3953 ἀποσκίασμα
1684 3884 1903 3937 παθεῖν’

338 3975 504 4044 σαρκὶ
532 3972 589 4025 δὲ
616 3973 711 4025 καὶ
741 3972 930 4042 αἵματι
962 3972 1394 4043 κεκοινωνηκὼς,
1432 3973 1525 4025 καὶ
1558 3972 1909 4044 μετεσχηκὼς

336 4068 541 4138 ὁμοίως
562 4070 693 4137 ἡμῖν
720 4065 827 4119 τῶν
852 4065 1050 4130 αὐτῶν,
1078 4064 1222 4118 καθά
1248 4063 1575 4134 γέγραπται,
1603 4066 1909 4135 μεμένηκεν

337 4162 367 4213 6
389 4160 569 4221 αὐτός.
594 4160 651 4211 Εἰ
674 4158 731 4210 δὲ
764 4156 1007 4212 ἀπασοῦν
1031 4174 1115 4219 τις
1140 4155 1248 4208 τῶν
1274 4158 1383 4219 τοῖς
1416 4157 1577 4227 ἱεροῖς
1608 4156 1908 4227 ἐντεθραμ-

341 4250 520 4320 μένων
556 4249 883 4320 Γράμμασιν
921 4246 1323 4317 ἀπηχθημένων
1353 4246 1462 4318 Ila.
1499 4244 1907 4318 ἀπηχθημένον]

338 4344 575 4395 ποιεῖται
590 4342 669 4405 τὸ,
692 4342 795 4394 κάν
826 4339 955 4409 γοῦν
972 4340 1199 4393 ἀκοῦσαι
1230 4341 1410 4407 μόνον,
1442 4340 1533 4391 ἐπὶ
1554 4338 1645 4391 τοῦ
1670 4341 1909 4406 Μονογε-

339 4431 467 4495 νοῦς
493 4432 804 4504 πεπρᾶχθαι
832 4408 929 4502 τὴν
949 4432 1175 4503 τροπὴν,
1207 4430 1344 4483 τίτὰ
1363 4430 1533 4495 οὕτως
1564 4431 1783 4501 αἰσχρὰ,
1817 4430 1910 4484 καὶ
1940 4408 1986 4463 D

343 4526 445 4595 μιᾷ
466 4527 530 4595 τῇ
572 4525 717 4595 παρά
739 4524 952 4577 πάντων
995 4525 1160 4594 ψήφῳ
1196 4522 1635 4591 κατεγνωσμένα,
1659 4525 1750 4576 καὶ
1775 4523 1910 4576 67:6-

340 4615 516 4684 ϐλητα
545 4616 840 4680 παντελῶς,
872 4617 946 4678 ὡς
973 4616 1147 4686 ἀληθῆ
1188 4615 1283 4668 καὶ
1312 4615 1573 4686 εἰρημένα
1602 4615 1907 4685 δεχόμενος,

339 4707 510 4776 πειρᾷ
534 4706 838 4776 διατέμνειν
867 4708 956 4759 τὸν
981 4708 1297 4778 ἀμέριστον,
1333 4707 1423 4759 καὶ
1452 4705 1610 4759 τοῦτο
1650 4707 1788 4777 μετὰ
1814 4707 1911 4777 τὴν

340 4798 570 4864 ἒνωσιν;
602 4800 664 4851 Et
691 4798 797 4868 γὰρ
820 4798 883 4868 δὴ
918 4798 1058 4851 κατά
1086 4798 1345 4868 ἀλήθειαν
1370 4797 1509 4850 ἕλοιο
1543 4797 1731 4867 μαθεῖν
1756 4798 1839 4861 τίς
1887 4799 1916 4850 6

344 4888 495 4958 παρὰ
533 4889 624 4941 τοῦ
661 4887 917 4960 προδότου
968 4893 1080 4953 τοῖς
1138 4872 1409 4954 Ἰουδαίοις
1466 4891 1913 4961 παραδιδόμενος,

342 4981 439 5030 καὶ
470 4979 567 5048 τὴν
607 4979 817 5049 σφαγὴν
851 4980 1165 5050 ὑπομείνας,
1208 4981 1418 5053 ἀκούσῃ
1465 4982 1683 5049 σαφῶς·
1733 4982 1789 5033 Ὀ
1831 4976 1912 5044 εἷς

342 5070 442 5122 καὶ
475 5070 630 5138 μόνος
662 5070 914 5141 Χριστὸς,
948 5072 1042 5122 καὶ
1070 5070 1218 5133 Υἱὸς,
1254 5072 1347 5123 καὶ
1390 5070 1611 5141 Κύριος,
1644 5071 1911 5137 τουτέστι,

346 5160 558 5230 μορφὴν
582 5160 767 5213 δούλου
794 5160 973 5213 λαϐὼν
1004 5164 1032 5214 6
1064 5162 1127 5213 ὲκ
1164 5160 1298 5213 Θεοῦ
1332 5162 1522 5230 Λόγος,
1559 5162 1912 5233 ὲνανθρωπή-

346 5268 446 5314 σας
478 5268 537 5305 τε
584 5252 677 5304 καὶ
720 5253 1157 5320 σεσαρκωμένος.
1200 5253 1453 5323 Πὲπρατο
1490 5254 1587 5323 μὲν
1617 5252 1725 5323 γὰρ
1764 5253 1916 5331 παρά

340 5340 441 5393 τοῦ
485 5341 743 5412 προδότου
774 5343 885 5404 τοῖς
940 5342 1209 5396 Ἰουδαίων
1255 5342 1621 5415 καθηγηταῖς·
1654 5343 1748 5396 καὶ
1773 5361 1915 5414 ,κατ-

343 5430 523 5501 είχετο
559 5432 655 5502 μὲν
697 5430 1067 5503 ἀνθρωπίνως,
1121 5435 1202 5486 ὅτι
1229 5435 1320 5486 καὶ
1358 5435 1643 5505 ἄνθρωπος
1674 5430 1740 5505 ἦν
1772 5434 1911 5504 μετὰ

343 5522 438 5575 τοῦ
468 5527 645 5594 μεῖναι
674 5524 802 5588 Θεὸς
821 5541 833 5553 ο
870 5524 1066 5594 ἤλεγχε
1093 5525 1148 5577 δὲ
1196 5524 1392 5589 θεῖκῶς
1418 5526 1527 5579 τῶν
1571 5527 1907 5595 κατεχόντων

420 5698 464 5731 ⁸⁸
485 5695 675 5757 Matth.
718 5714 853 5766 xm,
884 5699 973 5766 29,
1051 5701 1093 5731 ”
1122 5698 1238 5755 Jac.
1275 5717 1312 5765 ι,
1346 5700 1430 5753 17.
1508 5702 1552 5733 ⁷ο
1590 5701 1751 5758 Hebr.
1784 5718 1846 5766 ιι,
1889 5700 1974 5755 14.

2011 3164 2334 3219 sustinuisse
2355 3163 2686 3227 mistiouem,
2719 3173 2772 3218 et
2812 3165 2864 3217 in
2925 3179 3142 3218 carnem
3191 3166 3454 3219 demutari
3482 3183 3585 3237 p0-

2012 3254 2178 3306 tuisse
2195 3253 2544 3317 contendant,
2578 3252 2659 3306 vel
2690 3253 2895 3306 unitam
2925 3253 2999 3306 illi
3032 3268 3250 3307 carnem
3287 3257 3499 3309 tandem
3532 3258 3584 3311 in

2010 3346 2344 3400 divinitatem
2427 3345 2708 3409 transisse,
2776 3346 2810 3399 ii
2864 3346 3121 3400 aberrant
3194 3361 3223 3398 a
3275 3361 3425 3409 vero,
3458 3356 3514 3401 et
3555 3362 3583 3399 a

2012 3450 2160 3492 recto
2201 3450 2359 3491 sensu
2413 3436 2571 3505 longe
2604 3435 2819 3501 remoti,
2871 3436 2980 3491 imo
3025 3452 3153 3489 vero
3216 3446 3457 3490 extrema
3492 3437 3588 3491 de-

2011 3527 2211 3581 mentia
2260 3527 2590 3591 laborantes,
2648 3528 2873 3581 audiant
2937 3543 2965 3579 a
3011 3528 3214 3581 nobis:
3279 3547 3297 3578 ‹
3338 3527 3575 3594 Erratis,

2011 3618 2312 3672 nescientes
2360 3616 2696 3685 Scripturas,
2770 3631 2943 3685 neque
2994 3617 3246 3671 virtutem
3309 3619 3401 3671 Dei
3440 3618 3507 3672 ⁸⁸.
3562 3638 3582 3671 ι

2009 3704 2332 3760 Inconcussa
2400 3714 2482 3759 est
2539 3706 2683 3760 enim
2744 3706 2832 3759 illa
2890 3706 2985 3761 Dei
3053 3705 3215 3761 Verbi
3276 3717 3487 3773 natura,
3533 3721 3587 3763 et

2010 3796 2400 3852 vicissitudinis
2441 3798 2912 3852 obumbrationem
2988 3800 3097 3868 pati
3151 3802 3327 3854 nescit
3377 3800 3461 3852 ‘9:
3492 3802 3590 3857 sed

2015 3889 2169 3959 133
2219 3904 2338 3942 cum
2397 3888 2545 3942 carni
2599 3897 2653 3942 et
2700 3890 2947 3959 sanguini
3005 3891 3492 3957 cominuuicasset,
3533 3903 3591 3947 et

2010 3981 2324 4034 eorumdem
2360 3980 2615 4034 similiter
2641 3995 2706 4034 ac
2738 3995 2836 4034 nos
2866 3981 3137 4050 particeps
3167 3992 3312 4037 esset
3338 3983 3584 4046 effectus,

2011 4078 2071 4123 ut
2099 4069 2358 4137 scriptum
2398 4081 2479 4123 est
2506 4070 2576 4134 ⁷⁸,
2619 4070 2818 4124 mansit
2854 4071 3017 4124 idem.
3067 4071 3218 4137 Quod
3262 4073 3310 4127 si
3358 4074 3587 4144 quisque

2012 4163 2065 4215 in
2096 4160 2267 4213 sacris
2313 4159 2533 4214 Litteris
2571 4159 2829 4215 educatus
2859 4162 3013 4216 nefas
3054 4171 3207 4231 putat
3239 4163 3323 4217 vel
3363 4166 3586 4221 auribus

2013 4259 2219 4304 tantum
2265 4251 2531 4319 accipere,
2584 4252 2633 4304 in
2678 4252 2766 4305 illo
2825 4252 3110 4323 Unigeuito
3168 4254 3330 4307 ullam
3384 4254 3582 4311 factam

2012 4358 2134 4398 esse
2184 4344 2559 4408 mutationem,
2616 4360 2714 4398 cur
2767 4355 2873 4398 tam
2931 4356 3113 4415 turpes
3169 4350 3489 4413 sententias,
3530 4361 3586 4403 et

2016 4435 2175 4488 unico
2214 4435 2279 4487 ah
2320 4435 2574 4489 omnibus
2631 4434 2888 4505 suffragio
2935 4436 3220 4491 damnatas
3263 4448 3310 4491 et
3364 4441 3587 4494 omnino

2016 4525 2271 4593 rejectas,
2309 4536 2561 4595 tanquam
2609 4541 2763 4581 veras
2796 4542 2859 4581 ac
2907 4527 3143 4596 prolatas
3191 4530 3491 4598 accipiens,
3527 4534 3587 4584 il-

2015 4615 2126 4669 lum
2177 4616 2557 4684 impartibilem
2614 4618 2855 4673 dividere
2918 4621 3080 4672 etiam
3139 4630 3261 4688 post
3338 4620 3586 4676 unionem

2018 4706 2275 4760 conaris?
2321 4707 2451 4760 Nam
2496 4709 2539 4761 si
2589 4724 2717 4763 vere
2772 4710 2984 4764 discere
3035 4711 3221 4778 cupias
3255 4712 3505 4779 quisnam
3557 4729 3586 4765 a

2017 4797 2293 4865 proditore
2319 4796 2522 4854 Judwis
2572 4800 2802 4853 traditus
2846 4800 3029 4865 fuerit,
3077 4811 3133 4854 et
3177 4802 3378 4855 eadem
3424 4804 3589 4857 susti-

2018 4888 2220 4952 nuerit,
2253 4885 2401 4942 clare
2433 4890 2654 4943 audies:
2684 4888 2775 4943 Ille
2803 4905 2941 4943 unus
2971 4901 3024 4943 et
3056 4890 3203 4944 solus
3237 4888 3507 4956 Christus,
3534 4903 3589 4947 et

2016 4975 2206 5041 Filius,
2240 4988 2293 5033 et
2326 4979 2605 5046 Dominus,
2646 4982 2748 5035 hoc
2785 4991 2904 5047 est,
2941 4982 3067 5035 illud
3112 4997 3178 5034 ex
3216 4981 3323 5035 Deo
3352 4981 3585 5037 Verbum

2017 5069 2159 5136 quod
2189 5070 2330 5123 servi
2362 5070 2586 5123 formam
2638 5073 2868 5139 accepit,
2906 5080 2960 5125 et
2994 5072 3153 5125 homo
3184 5073 3379 5127 factum
3427 5082 3509 5127 est
3535 5086 3591 5128 et

2022 5159 2380 5214 incarnatum.
2412 5160 2672 5216 Venditus
2700 5174 2781 5216 est
2826 5164 2967 5216 enim
2999 5178 3027 5216 a
3060 5165 3333 5232 proditore
3360 5166 3589 5221 ducibus

2017 5250 2322 5305 Iudaeorum
2354 5262 2407 5305 et
2434 5254 2667 5306 humana
2704 5253 3009 5307 conditione
3039 5255 3321 5309 tenebatur
3346 5257 3585 5325 quidem,

2019 5358 2142 5398 nam
2170 5352 2224 5399 et
2254 5344 2414 5399 homo
2449 5355 2564 5399 erat
2605 5346 2675 5398 ita
2710 5353 2769 5399 ut
2807 5345 2962 5399 simul
2996 5357 3238 5400 maneret
3272 5347 3415 5403 Deus
3447 5366 3462 5403 :
3492 5352 3587 5405 sed

2020 5444 2195 5489 tamen
2226 5449 2290 5489 ex
2339 5436 2517 5490 divina
2562 5436 2875 5491 conditione
2913 5439 3158 5505 coarguit
3198 5454 3386 5493 eorum
3432 5440 3586 5494 inlir-

2017 5525 2256 5581 mitatem
2289 5541 2318 5580 a
2369 5527 2563 5597 quibus
2616 5527 2918 5582 tenebatur.
2970 5528 3135 5598 quue
3184 5530 3337 5585 nobis
3376 5532 3585 5603 perspi-
