4104 6336
517 325 619 382 εει
1552 317 1610 371 s.
1650 308 1931 369 CYBILLI
1969 308 2437 367 ALEXANDIHNI
2478 306 2797 366 ARCHIEP.

3672 313 3778 368 239.

524 454 687 495 cuum
720 436 850 492 iacit
895 437 1086 491 beatus
1114 433 1448 506 evangelista
1478 431 1717 489 Joannes
1746 431 1839 501 qui
1876 431 1931 486 in
1964 431 2108 485 hunc

2223 430 2373 483 ιύτὸν
2418 430 2520 502 τὴν
2567 429 2869 483 ἀσθένειαν.
2926 426 3037 481 Καὶ
3076 425 3236 480 τοῦτο
3285 426 3417 498 ἡμῖν
3463 426 3782 498 καθίστησιν

523 533 743 587 modum
787 529 1043 598 scripsit:
1087 546 1106 579 ι
1140 524 1307 582 ludas
1347 541 1477 596 ergo
1505 540 1627 580 cum
1671 523 1972 593 accepisset
2013 536 2103 576 co-

525 626 761 683 hortem.
801 631 859 677 et
907 635 936 674 a
985 619 1335 690 pontiticibns
1377 628 1430 673 et
1475 617 1763 672 Pharisaeis
1805 615 2105 680 ministros,

526 716 675 771 venit
710 714 839 768 illuc
867 726 991 766 cnm
1022 711 1246 765 laternis
1294 719 1348 764 et
1395 709 1604 764 facibus
1635 718 1688 762 et
1722 709 1911 762 armis.
1954 706 2109 761 Jesus

525 818 659 872 ergo
701 802 879 856 sciens
910 801 1089 854 omnia
1121 813 1241 869 quas
1281 808 1506 853 ventura
1539 808 1699 853 erant
1752 811 1915 867 super
1950 811 2106 861 eum,

528 896 793 963 processit
839 901 892 945 et
932 892 1071 943 dixit
1112 892 1231 945 eis:
1275 889 1450 956 Quem
1488 889 1772 959 quaeritis?
1819 889 2110 957 responde-

530 992 659 1037 runt
690 983 739 1035 ei
774 996 789 1031 :
822 981 1005 1034 Josum
1052 978 1416 1035 Nazarenum.
1464 978 1609 1033 Dicit
1644 980 1724 1035 eis
1754 978 1947 1034 Jesus:
1998 979 2110 1049 Ego

530 1089 673 1127 sum.
711 1071 899 1127 Stabat
934 1081 989 1127 et
1016 1070 1188 1125 ludas
1218 1071 1308 1139 qui
1343 1072 1591 1126 tradebat
1620 1087 1765 1137 eum,
1807 1086 1927 1126 cum
1953 1072 2107 1140 ipsis.

532 1164 604 1219 Ut
627 1180 757 1234 ergo
793 1164 932 1219 dixit
959 1164 1063 1225 eis,
1098 1162 1207 1231 Ego
1243 1178 1383 1227 sum,
1421 1164 1671 1217 abierunt
1702 1176 2023 1226 retrorsum,
2057 1171 2112 1215 et

531 1256 847 1310 ceciderunt
877 1254 932 1308 in
974 1264 1177 1309 terram
1199 1252 1267 1311 ".
1305 1272 1329 1304 ι
1354 1254 1523 1307 Audis
1554 1263 1615 1307 ut
1651 1254 1906 1308 collectos
1935 1270 1964 1307 a
1996 1266 2114 1321 pro-

533 1348 707 1400 ditore
756 1345 957 1399 milites
992 1346 1256 1401 adversus
1298 1359 1450 1398 suam
1502 1344 1729 1412 gloriam
1775 1345 1959 1399 extolli
2006 1358 2112 1397 non

530 1440 699 1493 sinat.
727 1436 861 1491 Nam
892 1452 953 1492 se
986 1436 1159 1507 ipsum
1188 1436 1401 1501 obtulit,
1431 1436 1617 1491 dicens
1650 1453 1663 1489 :
1703 1453 1723 1487 ι
1767 1436 1874 1506 Ego
1905 1452 2054 1500 sum;
2088 1453 2107 1487 ι

534 1529 615 1584 illi
645 1544 775 1584 vero
807 1529 875 1583 ad
908 1529 1077 1584 solam
1117 1529 1234 1597 ejus
1269 1543 1456 1583 vocem
1500 1528 1687 1584 fractis
1723 1529 1931 1583 viribus
1960 1529 2111 1582 abie-

534 1631 662 1676 runt
704 1632 1028 1676 retrorsum.
1067 1620 1184 1675 Non
1231 1620 1398 1676 fuisse
1443 1632 1623 1675 autem
1674 1635 1859 1676 eorum
1906 1620 2113 1674 viribus

2205 521 2434 592 ἐναργὲς
2482 523 2511 574 ό
2558 520 2843 583 θεσπέσιος
2909 518 3301 589 εύαγγελιστὴς
3367 519 3637 589 Ἰωάννης,
3686 519 3785 573 ὡδὶ

2205 610 2497 683 γεγραφώς
2522 628 2535 641 ·
2578 631 2596 663 ι
2644 612 2703 663 '0
2728 606 2822 664 οὖν
2852 608 3050 672 Ἰούδας
3073 608 3254 661 λαϐὼν
3278 607 3380 680 τὴν
3411 610 3659 679 σπεῖραν,
3689 611 3785 662 καὶ

2208 705 2273 757 ὲκ
2297 702 2407 756 τῶν
2435 703 2758 773 ἀρχιερέων,
2794 702 2888 756 καὶ
2926 704 2991 755 ὲκ
3016 701 3125 753 τῶν
3148 701 3456 772 Φαρισαίων
3482 702 3781 772 ὑπηρέτας,

2209 796 2432 866 ἔρχεται
2459 796 2577 848 ἐκεῖ
2612 794 2750 864 μετά
2779 793 2965 862 φανῶν
2998 793 3091 845 καὶ
3119 792 3420 862 λαμπάδων
3454 792 3547 845 καὶ
3584 792 3782 844 ὃπλων.

2220 883 2433 955 Ἰησοῦς
2460 883 2684 946 δὲείδὼς
2706 884 2884 937 πάντα
2914 882 2984 935 τά
3017 882 3289 953 ἐρχόμενα
3341 883 3427 935 ἐπ’
3478 881 3659 945 αὐτὸν,
3694 882 3783 947 ἒξ-

2208 971 2557 1036 ελθὼν,εῖπεν
2571 975 2771 1038 αὐτοῖς·
2789 972 2922 1027 Τίνα
2942 973 3154 1044 ζητεῖτε
3171 990 3185 1038 ;
3204 973 3606 1045 Ἀπεκρίθησαν
3618 973 3783 1042 αὐτῷ’

2223 1069 2430 1139 Ἰησοῦν
2450 1069 2540 1121 τὸν
2566 1067 2903 1139 Ναζωραῖον.
2931 1068 3091 1135 Λέγει
3122 1069 3307 1129 αυτοῖς
3340 1066 3613 1138 ὁἹησοῠς·
3644 1066 3786 1132 Ἑγώ

2210 1162 2345 1230 εἰμι.
2383 1160 2642 1230 Εἱστήκει
2680 1160 2777 1211 καὶ
2822 1157 3019 1221 Ἰούδας
3052 1161 3079 1211 ὁ
3123 1157 3445 1228 παραδιδοὺς
3470 1155 3633 1209 αὑτὸν
3668 1156 3787 1224 μετ’

2210 1248 2413 1304 αὐτῶν.
2447 1249 2533 1312 Ὠς
2567 1244 2659 1302 οὗν
2689 1243 2844 1301 εἶπεν
2868 1248 3072 1313 αὐτοῖς,
3098 1248 3178 1300 ὅτι
3204 1246 3349 1315 Ἐγώ
3378 1248 3513 1316 είμι,
3546 1246 3788 1316 ἀπῆλθον

2211 1343 2292 1403 εἰς
2323 1338 2391 1393 τὰ
2441 1340 2635 1403 ὀπίσω,
2678 1340 2772 1393 καὶ
2810 1339 3007 1392 ἔπεσον
3047 1338 3239 1408 χαμαί.
3282 1356 3301 1389 ι
3349 1336 3609 1400 Ἀκούεις,
3641 1339 3789 1401 ὅπως

2213 1430 2746 1502 κατασοϐαρεύεσθαι
2803 1430 2901 1500 μὲν
2942 1428 3044 1498 τῆς
3086 1427 3218 1499 παρ’
3270 1427 3420 1497 αὐτῷ
3469 1427 3647 1497 δόξης,
3686 1429 3787 1480 οὐκ
3878 1414 3883 1417 ’

2213 1525 2277 1592 ἑᾷ
2301 1522 2425 1586 τοὺς
2452 1522 2602 1594 παρὰ
2628 1521 2722 1574 τοῦ
2755 1520 3012 1589 προδότου
3047 1519 3491 1587 συνειλεγμένους
3515 1535 3530 1548 ο
3561 1534 3790 1589 προσκε-

2214 1612 2412 1680 κόμικε
2462 1611 2564 1680 μὲν
2607 1610 2713 1682 γὰρ
2745 1608 2956 1672 ἑαυτὸν,
2992 1608 3072 1672 τὸ,
3112 1626 3130 1660 ι
3184 1607 3323 1676 Ἐγώ
3352 1608 3466 1678 εἰμι
3513 1626 3532 1659 ι
3575 1607 3783 1674 λέγων·

532 1712 786 1768 eti‘ectum
814 1724 873 1767 ut
903 1727 1026 1767 eum
1057 1722 1323 1777 tenerent,
1364 1716 1457 1767 sed
1486 1727 1609 1767 cum
1645 1719 1853 1781 tempus
1887 1720 1941 1765 et
1975 1726 2111 1781 opus

2223 1703 2265 1754 οί
2290 1701 2347 1753 δὲ
2376 1701 2470 1754 καὶ
2504 1700 2640 1770 πρὸς
2670 1700 2836 1771 μόνην
2865 1700 3225 1769 ἀτονήσαντες
3254 1697 3352 1769 τὴν
3380 1699 3580 1769 φωνὴν,
3614 1698 3788 1769 ἀπῆλ-

536 1804 641 1857 {uit
668 1813 896 1859 mortem
928 1813 1120 1873 sponte
1150 1818 1248 1873 pro
1290 1804 1449 1859 nobis
1484 1777 1791 1866 admisisse,
1823 1777 2114 1857 conﬁrma-

2223 1792 2306 1845 θον
2342 1793 2423 1854 εἰς
2464 1790 2533 1843 τὰ
2560 1791 2756 1845 ὀπίσω.
2794 1807 2819 1841 ‹
2853 1790 2974 1842 Ὅτι
3013 1789 3070 1842 δὲ
3102 1788 3222 1858 ούχὶ
3258 1789 3358 1859 τῆς
3389 1790 3566 1844 αὐτῶν
3608 1791 3789 1860 ίσχύος

534 1891 615 1945 vit
652 1892 883 1946 dicens:
944 1909 963 1942 ι
1003 1890 1287 1961 Tanquam
1334 1892 1400 1945 ad
1447 1891 1709 1945 latronem
1757 1889 1946 1942 existis
1991 1903 2115 1940 cum

538 1983 731 2051 gladiis
767 1990 825 2036 et
890 1981 1129 2036 fustibus
1171 1981 1631 2051 comprehendere
1679 1993 1811 2033 me:
1880 1978 2118 2047 quotidie

538 2076 594 2128 in
624 2074 824 2143 templo
874 2073 1125 2127 sedebam
1172 2072 1395 2134 docens,
1440 2082 1497 2125 et
1544 2087 1648 2125 non
1708 2085 1793 2124 me
1843 2068 2115 2126 tenuistis.

540 2166 655 2221 Hoc
686 2174 863 2220 autem
900 2174 1071 2219 totum
1112 2163 1312 2218 factum
1356 2173 1439 2218 est
1469 2172 1529 2217 ut
1576 2162 1929 2232 implerentur
1964 2160 2119 2215 Serio

538 2266 712 2326 pturze
741 2257 1125 2326 prophetarum
1152 2256 1219 2306 ".
1260 2273 1279 2307 ι
1321 2254 1471 2321 Quod
1498 2254 1639 2308 enim
1689 2252 1815 2307 olim
1853 2252 2117 2323 praedixe-

544 2357 629 2401 rat
661 2360 755 2416 per
786 2345 1084 2415 pr0phetas
1112 2354 1330 2398 sanctos
1352 2384 1369 2408 ,
1403 2347 1504 2397 hoc
1539 2342 1778 2411 implevit
1809 2356 1931 2396 cum
1961 2355 2020 2395 se
2052 2339 2117 2393 ad

541 2437 963 2491 exinanitionem
994 2432 1190 2503 deiecit
1220 2433 1309 2488 ille
1332 2434 1423 2502 qui
1465 2447 1629 2502 supra
1657 2446 1872 2485 onmem
1908 2438 2120 2484 creatu-

543 2543 662 2584 ram
697 2536 838 2589 erat,
873 2536 929 2580 et
960 2526 1148 2580 habitu
1181 2525 1432 2579 inventus
1466 2532 1551 2577 est
1584 2531 1641 2577 ut
1684 2522 1866 2587 homo,
1896 2519 1986 2574 ille
2027 2519 2118 2587 qui

544 2619 600 2673 in
630 2618 800 2672 forma
831 2625 952 2669 erat
978 2625 1032 2669 et
1066 2614 1376 2683 aequalitate
1404 2612 1583 2666 Patris
1603 2612 1669 2665 ⁷³.
1700 2610 1812 2665 Cur
1837 2623 1967 2680 ergo
1996 2610 2123 2663 sim-

544 2708 831 2779 plicior-um
866 2704 1025 2776 134
1060 2707 1283 2758 auribus
1308 2703 1579 2758 mistionis
1613 2717 1808 2756 nomen
1830 2700 2122 2754 obtrudere

547 2796 796 2859 moliens,
848 2794 1166 2848 miraculum
1226 2792 1396 2847 violas
1454 2792 1597 2847 illius
1637 2807 1757 2845 cum
1794 2806 1956 2845 carne
2003 2792 2115 2845 dis-

549 2884 922 2958 pensationis?
964 2899 1140 2953 neque
1188 2884 1331 2938 enim
1375 2884 1566 2938 attinet
1595 2884 1791 2937 acerbe
1835 2891 1892 2937 et
1934 2896 2124 2951 aspere

546 2981 602 3036 in
653 2979 889 3035 medium
940 2977 1326 3046 irrumpentem
1400 2975 1602 3038 dicere,
1642 2972 1781 3027 Num
1814 2973 1985 3042 ipsum
2029 2973 2121 3027 Dei

546 3072 785 3129 Verbum
822 3071 1099 3125 detentum
1134 3066 1259 3123 est?
1306 3081 1432 3121 nunt
1476 3065 1676 3120 cmdem
1708 3079 1960 3134 perpessa
2006 3064 2119 3133 ipsa

547 3161 847 3219 divinitatis
870 3159 1106 3214 natura!
1140 3158 1426 3211 Enimvero
1475 3170 1579 3208 non
1608 3171 1673 3208 ex
1706 3154 1873 3207 nimia
1908 3153 2122 3222 imperi-

549 3256 625 3309 tia
648 3264 700 3310 te
732 3255 847 3309 hazc
880 3252 1085 3317 dicere,
1111 3250 1238 3304 hinc
1262 3248 1459 3314 disces,
1523 3257 1579 3301 et
1600 3247 1816 3316 quidem
1845 3244 2119 3299 facillime.

546 3345 962 3400 Consummatos
989 3354 1110 3395 esse
1140 3340 1368 3393 dicimus
1400 3348 1617 3392 sanctos
1646 3348 1930 3407 martyres,
1968 3350 2125 3406 para-

552 3449 637 3494 tos
660 3437 840 3492 omnia
884 3436 1062 3504 potius
1111 3432 1338 3502 perpeti,
1370 3442 1427 3486 ut
1466 3434 1665 3488 bonum
1694 3440 1969 3487 certamen
2003 3445 2124 3485 cer-

552 3538 763 3591 tantes,
808 3540 1023 3579 cursum
1078 3532 1555 3587 consummautes,
1617 3522 1774 3575 [idem
1817 3528 2122 3583 servantes,

552 3622 787 3676 debitam
838 3620 1063 3673 sincera:
1118 3618 1170 3671 in
1218 3616 1499 3671 Christum
1543 3615 1817 3670 dilectioni
1867 3628 2123 3670 coronam

550 3722 1013 3781 consequerentur
1041 3710 1107 3763 ".
1142 3708 1199 3763 Si
1227 3710 1351 3778 quis
1376 3710 1538 3777 igitur
1570 3708 1794 3777 prodeat
1831 3717 1884 3763 et
1923 3715 2075 3777 roget
2104 3723 2121 3759 :

549 3805 688 3860 (iam
735 3814 1045 3857 sanctorum
1105 3813 1330 3870 corpora
1385 3798 1529 3852 ferro
1581 3798 1978 3863 lacerabantur,
2035 3806 2129 3851 aut

549 3893 1012 3949 consumebantur
1044 3891 1174 3961 igni,
1206 3899 1305 3943 aut
1338 3905 1458 3943 cum
1495 3888 1729 3959 primum
1775 3889 2129 3943 trudebantur

553 3987 928 4048 incarcerem,
972 3998 1099 4035 unm
1136 3981 1297 4035 simul
1343 3996 1469 4034 cum
1508 3978 1827 4047 corporibus
1856 3979 2129 4033 constrin-

556 4077 829 4147 gebantur
871 4073 1113 4128 auium?
1163 4088 1287 4127 num
1337 4074 1503 4126 etiam
1552 4070 1659 4125 illa;
1706 4071 1815 4140 igni
1871 4086 1934 4125 ac
1983 4070 2130 4125 ferro

557 4166 1026 4223 conﬁciebantur?
1087 4177 1235 4220 certe
1285 4165 1520 4220 dicimus
1564 4177 1661 4219 eas
1716 4179 1748 4217 a
1809 4164 2130 4232 corporibus

554 4260 761 4315 alienas
804 4258 995 4324 fuisse,
1042 4270 1173 4312 cum
1216 4257 1350 4312 nihil
1398 4256 1665 4326 ejusmodi
1722 4256 2039 4326 iniuriarum
2076 4258 2129 4311 in

553 4369 713 4412 suam
741 4353 1078 4423 susciperent
1122 4350 1548 4406 naturam.Num
1581 4350 1764 4419 igitur,
1793 4364 1998 4418 qumso,
2031 4351 2132 4403 hac

2216 1885 2377 1956 ἔργον
2404 1881 2472 1955 ἦν
2495 1885 2557 1938 τὸ
2603 1886 2899 1954 κατασχεῖν
2928 1883 3108 1949 αὑτὸν,
3140 1882 3253 1936 ἀλλ’
3284 1883 3359 1947 ὼς
3404 1884 3464 1937 ὲν
3488 1884 3663 1956 καιρῷ
3694 1883 3790 1937 καὶ

2216 1977 2377 2048 χρείᾳ
2406 1976 2499 2029 τὸν
2531 1976 2672 2045 ὑπὲρ
2711 1974 2867 2045 ἡμῶν
2910 1974 3137 2029 θάνατον
3165 1975 3404 2028 ἐποιεῖτο
3430 1974 3787 2046 παραδεκτὸν,

2216 2066 2677 2139 πεπληροφόρηκε
2706 2065 2910 2133 λέγων·
2958 2083 2979 2117 ι
3036 2065 3124 2129 Ὠς
3170 2067 3264 2117 ἐπὶ
3305 2064 3505 2139 λῃστὴν
3537 2064 3790 2136 ἐξήλθετε

2221 2156 2361 2227 μετὰ
2392 2156 2676 2227 μαχαιρῶν
2720 2157 2814 2209 καὶ
2846 2154 3019 2219 ξύλων
3047 2154 3327 2209 συλλαδεῖν
3357 2172 3423 2225 με
3444 2172 3459 2188 ο
3504 2156 3625 2209 καθ’
3653 2156 3791 2226 ἡμέ-

2222 2262 2321 2316 ραν
2350 2246 2406 2297 ὲν
2442 2245 2518 2315 τῷ
2545 2243 2676 2316 ίερῴ
2701 2245 3041 2316 ἐκαθεζόμην
3063 2244 3346 2312 διδάσκων,
3377 2246 3472 2299 καὶ
3499 2246 3599 2299 οὐκ
3625 2247 3792 2316 ἐκρα-

2217 2337 2419 2409 τήσατέ
2455 2354 2544 2407 με.
2597 2336 2767 2390 Τοῦτο
2804 2338 2865 2390 δὲ
2901 2337 3021 2390 ὅλον
3053 2338 3273 2407 γέγονεν
3305 2338 3390 2391 ἵνα
3432 2337 3791 2409 πληρωθῶσιν

2219 2431 2277 2482 αἱ
2319 2430 2532 2501 Γραφαὶ
2567 2429 2677 2483 τῶν
2728 2430 3036 2500 προφητῶν.
3074 2449 3095 2481 ι
3140 2432 3204 2483 Ὃ
3248 2430 3358 2499 γὰρ
3395 2430 3561 2483 πάλαι
3607 2430 3793 2501 προεί-

2224 2536 2357 2589 ρηκε
2393 2520 2483 2572 διὰ.
2509 2520 2802 2591 προφητῶν
2834 2522 3024 2590 ἁγίων,
3058 2521 3221 2575 τοῦτο
3244 2522 3573 2593 πεπλήρωκε
3604 2521 3793 2585 καθεὶς

2220 2609 2409 2662 ἑαυτὸν
2458 2611 2538 2672 είς
2582 2611 2812 2664 κένωσιν
2859 2614 2893 2664 ὁ
2935 2612 3076 2683 ὑπὲρ
3110 2614 3292 2667 πᾶσαν
3321 2614 3421 2683 τὴν
3454 2611 3650 2677 κτίσιν,
3698 2612 3793 2664 καὶ

2224 2702 2463 2770 σχήματι
2514 2701 2758 2773 εὑρεθεὶς
2808 2703 2883 2767 ὡς
2932 2704 3237 2774 ἄνθρωπος,
3285 2707 3314 2758 ὁ
3351 2706 3407 2758 ἐν
3458 2707 3640 2775 μορφῇ
3699 2704 3794 2756 καὶ

2226 2789 2431 2859 ἰσότητι
2492 2790 2585 2843 τοῦ
2626 2792 2859 2862 Πατρός.
2946 2792 3193 2847 Ἀνθότου
3253 2794 3317 2865 δὴ
3369 2790 3461 2847 οὖν
3513 2797 3633 2857 ταῖς
3683 2793 3793 2848 τῶν

2222 2882 2606 2953 ἁπλουστέρων
2629 2882 2843 2947 ἀκοαῖς,
2876 2885 2937 2936 τὸ
2969 2884 3066 2954 τῆς
3098 2886 3346 2957 κράσεως
3374 2886 3543 2956 ὄνομα
3569 2902 3794 2958 παρεισ-

2226 2972 2431 3042 κρίνειν
2488 2974 2819 3045 ἐπιχειρῶν,
2875 2975 2974 3045 τῆς
3032 2979 3169 3047 μετά
3222 2978 3422 3047 σαρκὸς
3488 2978 3796 3048 οἰκονομίας

2225 3064 2428 3125 ἀδικεῖς
2471 3065 2532 3117 τὸ
2573 3064 2790 3137 θαῦμας
2831 3069 2889 3120 ού
2921 3069 3031 3138 γάρ
3061 3084 3142 3121 τοι
3191 3071 3457 3140 προσήκει
3492 3070 3702 3141 πικρῶς
3734 3086 3795 3123 τε

2226 3158 2322 3209 καὶ
2354 3157 2578 3227 ἀπηνῶς
2610 3159 2690 3221 είς
2735 3160 2897 3229 μέσον
2938 3162 3073 3213 ἱέναι
3121 3161 3383 3228 λέγονταο
3416 3155 3563 3233 Ἀρα
3605 3162 3635 3214 ὁ
3663 3162 3796 3227 Θεὸς

2223 3248 2394 3315 Λόγος
2420 3248 2721 3319 κατεσχέθη
2748 3267 2761 3315 ;
2796 3246 2905 3316 ἆρα
2936 3252 3037 3319 τὴν
3067 3251 3283 3322 σφαγὴν
3315 3251 3606 3323 ὑπέμεινεν
3634 3255 3668 3325 η
3696 3254 3798 3324 τῆς

2226 3337 2478 3407 θεότητος
2527 3338 2721 3407 φύσις;
2776 3340 2900 3393 ’Ότι
2958 3341 3057 3394 οὐκ
3112 3340 3221 3413 [ἷσ.
3255 3342 3376 3396 Ὅτι
3426 3342 3505 3414 δὲ]
3542 3344 3600 3409 ἐξ
3635 3345 3799 3416 ἀκρι-

2226 3426 2354 3491 ϐοῦς
2386 3428 2622 3498 ἀμαθίας
2656 3431 2724 3483 τὰ
2754 3432 2929 3484 τοιάδε
2968 3433 3095 3502 φὴς,
3130 3433 3379 3487 ἐντεῦθεν
3412 3434 3535 3505 εἴσῃ
3570 3453 3652 3489 τοι
3700 3437 3798 3490 καὶ

2227 3517 2374 3588 μάλα
2394 3518 2608 3590 ῥᾳδίως.
2643 3520 3034 3575 Τετελειῶσθαί
3066 3540 3245 3593 φαμεν
3272 3527 3399 3589 τοὺς
3426 3526 3619 3595 ἀγίους
3648 3525 3799 3599 μάρ-

2225 3625 2430 3680 τυρας,
2494 3612 2670 3665 πάντα
2721 3612 2912 3667 παθεῖν
2959 3615 3248 3686 ἑλομένους
3272 3660 3287 3685 ,
3343 3618 3430 3670 ἵνα
3481 3619 3570 3671 τὸν
3634 3621 3801 3674 καλὸν

2228 3700 2415 3769 ἀγῶνα
2458 3703 2879 3773 ἀγωνισάμενοι,
2927 3706 3021 3759 τὸν
3070 3707 3269 3778 δρόμον
3311 3708 3648 3774 τελέσαντες,
3699 3712 3801 3779 τὴν

2228 3795 2408 3847 πίστιν
2432 3798 2791 3867 τηρήσαντες,
2821 3798 2914 3852 τὸν
2941 3799 3043 3869 τῆς
3076 3802 3156 3864 είς
3192 3802 3425 3873 Χριστὸν
3446 3804 3799 3873 γνησιότητος

2228 3887 2597 3958 ἀναδήσωνται
2630 3889 2909 3959 στέφανον.
2945 3887 3071 3963 Ἆρ’
3103 3888 3195 3947 οὖν
3228 3893 3282 3946 εῖ
3309 3908 3392 3957 τις
3424 3894 3599 3968 ἔροιτο
3628 3912 3802 3966 προσ-

2234 3979 2328 4034 ιών
2355 3996 2370 4011 ⁸
2407 3982 2535 4035 Ὅτε
2580 3982 2650 4035 τὰ
2696 3983 2803 4037 τῶν
2850 3983 3021 4053 ἁγίων
3055 3985 3281 4056 σώματα
3316 3987 3515 4059 σιδήρῳ
3549 3989 3802 4052 κατεξαί-

2229 4089 2400 4137 νοντο,
2437 4073 2604 4143 ἤγουν
2646 4074 3007 4145 δεδαπάνηντο
3039 4078 3192 4147 πυρὶ,
3234 4076 3267 4148 ἢ
3302 4079 3392 4131 καὶ
3429 4079 3510 4131 ὅτι
3545 4076 3656 4149 [tau
3686 4077 3799 4150 ὅτε]

2230 4167 2328 4237 τὴν
2371 4166 2545 4237 ἀρχὴν
2594 4165 2867 4237 δεσμῶται
2909 4167 3214 4237 γεγόνασιν,
3261 4164 3371 4239 ἆρα
3419 4172 3531 4232 τοῖς
3581 4174 3801 4240 σώμασι

2234 4256 2738 4328 συγκατείρχθησαν
2767 4260 2823 4310 αί
2860 4257 3061 4328 ψυχαί;
3094 4256 3205 4330 ἆρα
3232 4261 3483 4328 γεγόνασι
3518 4263 3613 4315 καὶ
3641 4256 3802 4316 αὗται

2234 4348 2402 4418 πυρὸς
2429 4348 2589 4418 ἔργον
2621 4350 2715 4401 καῖ¹
2747 4349 2962 4418 ξίφους;
3006 4352 3182 4405 καίτοι
3215 4354 3392 4423 φαμὲν
3423 4354 3590 4417 αὐτὰς
3621 4350 3800 4409 ἀπᾶλ-

554 4450 621 4502 de
647 4461 806 4501 causa
848 4453 1096 4512 expertes
1127 4453 1289 4495 erunt
1311 4454 1653 4503 coronarum,
1685 4440 1809 4507 quia
1837 4454 2121 4507 corporum

2231 4440 2519 4494 λάττεσθαι
2552 4440 2662 4494 τῶν
2693 4444 2978 4513 σωμάτων,
3004 4444 3112 4497 τῶν
3140 4444 3395 4497 τοιούτων
3424 4447 3616 4499 αίκιῶν
3649 4447 3802 4499 οὐδὲν

554 4540 817 4610 supplicia
849 4552 955 4592 non
992 4548 1120 4590 sunt
1145 4534 1457 4605 perpessae?
1488 4533 1650 4602 Atqui
1681 4532 1991 4602 pratdieatio
2027 4545 2121 4585 νεα

557 4634 735 4688 ritatis
764 4646 869 4686 non
907 4644 1004 4683 eas
1030 4629 1272 4683 excludit
1316 4642 1345 4680 a
1376 4627 1646 4696 passione,
1678 4640 1803 4679 cum
1847 4640 1941 4679 sua
1979 4626 2127 4694 ipso-

554 4740 674 4780 rum
710 4736 936 4791 corpora
969 4723 1081 4775 sint
1116 4732 1297 4787 passa,
1332 4733 1439 4772 non
1479 4718 1728 4771 aliorum.
1786 4715 2021 4770 Stultum
2050 4724 2133 4771 est

558 4812 721 4880 igitur
758 4808 1000 4862 studiose
1041 4805 1373 4875 percontari,
1412 4820 1538 4858 num
1590 4804 1893 4858 divinitatis
1938 4814 2129 4857 natura

556 4916 663 4954 vna
689 4914 811 4952 cum
850 4912 1013 4951 carne
1054 4897 1128 4950 sit
1167 4897 1386 4960 tradita,
1419 4902 1511 4948 aut
1546 4896 1723 4948 vincta
1763 4895 1988 4950 nexibus
2033 4893 2131 4948 Ju-

556 4994 819 5055 dzeoruin,
867 4998 962 5043 aut
1002 4991 1201 5043 caedem
1250 4987 1419 5057 ipsam
1464 5000 1721 5055 perpessa
1751 5003 1769 5040 :
1805 4985 1900 5040 sed
1948 4988 2133 5055 pietati

559 5083 738 5151 potius
784 5085 1045 5137 convenit
1086 5081 1359 5150 cogitare,
1404 5078 1642 5134 Verbum
1699 5080 1874 5148 ipsum
1912 5081 2135 5133 omnino

558 5174 664 5228 sibi
689 5174 909 5243 quidem
958 5183 1213 5242 tanquam
1261 5172 1505 5241 proprias
1545 5170 1822 5225 vindicare
1854 5173 2134 5241 passiones

559 5279 682 5333 qua
714 5266 864 5318 carni
903 5265 1235 5329 acciderunt,
1264 5264 1360 5317 sed
1401 5262 1664 5317 mansisse
1708 5273 1888 5317 tamen
1931 5264 2133 5334 impas-

560 5356 715 5413 sibile
749 5365 1002 5426 tanquam
1039 5360 1229 5423 Deum,
1270 5367 1523 5411 caeterum
1562 5357 1702 5410 haud
1747 5358 1866 5411 sine
1895 5358 2135 5426 patiente

560 5462 808 5516 corpore.
840 5447 937 5503 Hic
967 5464 1095 5504 vero
1135 5450 1299 5504 rebus
1351 5458 1503 5501 tanta
1552 5462 1673 5501 cum
1727 5448 2132 5518 dispensatione

559 5539 748 5611 gestis,
804 5541 1157 5597 absurditatis
1221 5541 1428 5597 crimen
1483 5540 1747 5602 inurens,
1803 5547 1856 5592 et
1911 5554 2129 5593 sursum

2228 4538 2307 4597 είς
2356 4534 2491 4588 ἰδίαν
2540 4535 2915 4605 ὑπομενούσας
2950 4536 3131 4605 φύσιν.
3179 4532 3304 4607 'Ap’
3349 4533 3463 4605 οὖν,
3516 4539 3637 4590 εἰπέ
3685 4555 3800 4608 μοι,

2228 4623 2433 4693 ταύτης
2482 4624 2643 4677 ἕνεκα
2688 4626 2786 4695 τῆς
2835 4626 3010 4689 αἰτίας
3060 4626 3315 4695 ἀμέτοχοι
3360 4626 3470 4679 τῶν
3520 4628 3801 4695 nephew

2231 4715 2340 4770 εἷεν
2388 4715 2473 4782 ἂν,
2506 4717 2586 4769 ὅτι
2636 4717 2710 4787 μὴ
2762 4718 3060 4773 πεπόνθασι
3102 4719 3168 4772 τὰ
3200 4719 3426 4789 σώματα
3457 4718 3566 4790 [Ῐσ.
3610 4719 3800 4789 σώμαι

2231 4806 2376 4878 τος];
2419 4806 2559 4859 Ἀλλ’
2584 4808 2613 4859 ὅ
2642 4822 2705 4875 γε
2731 4808 2829 4877 τῆς
2852 4808 3108 4877 ἀληθείας
3132 4808 3306 4877 λόγος,
3336 4808 3434 4861 οὐκ
3467 4809 3571 4875 ἔξω
3616 4808 3800 4877 τίθησι

2230 4896 2325 4949 τοῦ
2358 4896 2548 4950 παθεῖν
2597 4896 2793 4958 αὐτούς
2824 4896 2936 4968 [ιον.
2978 4896 3201 4969 αὑτάς]’
3240 4897 3539 4951 πεπόνθασι
3569 4897 3675 4968 γὰρ
3735 4898 3806 4952 τὰ

2232 4986 2435 5052 αὐτῶν,
2479 4987 2575 5039 καὶ
2621 4986 2681 5039 οὐ
2730 4986 2798 5039 τὰ
2844 4987 3046 5059 ἑτέρων
3080 4988 3347 5057 σωμάτων
3382 4985 3489 5058 [ἴον.
3530 4986 3803 5059 σώματα].

2246 5078 2479 5148 ’Δμαθὲς
2500 5074 2591 5131 οὖν
2620 5079 2728 5149 ἄρα
2756 5078 2816 5131 τὸ
2841 5078 3292 5132 διαπυνθάνεσθαι
3323 5080 3517 5148 φιλεῖν,
3551 5080 3598 5130 εἰ
3626 5094 3809 5148 παρα-

2234 5171 2441 5224 δέδοται
2496 5172 2637 5241 μετά
2682 5171 2781 5240 τῆς
2834 5172 3035 5243 σαρκὸς
3084 5173 3119 5242 ἡ
3175 5172 3273 5242 τῆς
3322 5171 3574 5243 θεότητος
3621 5171 3807 5241 φύσις,

2233 5264 2403 5334 ἤγουν
2432 5263 2689 5333 ὲνεσχέθη
2718 5266 2829 5327 τοῖς
2871 5263 3135 5318 Ἰουδαίων
3167 5263 3399 5335 βρόχοις,
3431 5265 3464 5336 ἢ
3498 5265 3592 5318 καὶ
3635 5265 3808 5332 αὐτὴν

2234 5355 2492 5424 ὑπέμεινε
2521 5354 2619 5424 τὴν
2657 5356 2875 5425 σφαγήν
2898 5372 2912 5383 ·
2966 5355 3185 5419 εὑσεὸὲς
3237 5356 3295 5409 δὲ
3333 5356 3532 5427 μᾶλλον
3582 5358 3805 5420 ἐννοεῖν,

2232 5448 2313 5500 ὃτι
2342 5449 2581 5517 πάντητε
2614 5451 2707 5503 καὶ
2739 5452 2955 5514 πάντως
2987 5452 3325 5505 οἰκειώσεται
3359 5453 3457 5523 μὲν
3484 5453 3512 5504 ό
3538 5452 3708 5519 Λόγος
3736 5452 3809 5505 τά

2232 5543 2299 5610 τῇ
2356 5540 2462 5611 ἰδίᾳ
2524 5542 2686 5611 σαρκὶ
2741 5542 3123 5613 συμϐεὕηκότα
3177 5542 3362 5614 πάθη·
3419 5543 3694 5615 μεμένηκε
3746 5540 3811 5598 δὲ

634 5705 679 5756 θ’
710 5721 869 5779 Joan.
895 5737 1049 5792 xvm,
1075 5723 1189 5780 5-6.
1266 5724 1312 5758 ⁷³
1340 5722 1530 5781 Matth.
1565 5738 1713 5792 τινι,
1736 5722 1927 5780 55-56.
2005 5721 2051 5756 ⁷³
2084 5719 2121 5778 Ρ

2229 5737 2317 5794 pp.
2356 5738 2417 5790 ιι,
2451 5724 2595 5799 6-8η
2642 5725 2687 5757 ⁷⁸
2712 5725 2753 5781 Il
2792 5723 3030 5782 Timoth.
3068 5740 3140 5795 tv,
3176 5724 3231 5797 7,
3273 5724 3326 5781 8.
