4104 6336
382 250 497 320 ἐδδ

1457 222 1824 312 semesos
1862 226 2266 312 summa
2309 255 2438 308 Lm.
2476 255 2545 313 v.

3527 235 3637 314 23's

393 377 609 445 ἀπαθὴς
640 375 715 436 ὡς
759 374 909 438 Θεὸς,
942 372 1078 443 πλὴν
1106 373 1203 424 οὑκ
1245 372 1348 438 ἔξω
1393 370 1486 423 τοῦ
1516 371 1812 440 πάσχοντος
1855 368 1959 421 σώ-

2070 369 2319 423 deorsum
2353 367 2655 434 inculcatis,
2686 382 2791 422 non
2824 382 2944 423 esse
2976 384 3006 420 a
3028 381 3294 437 quoquam
3323 367 3634 433 dicendum,

397 484 582 537 ματος.
620 465 791 527 Αὐτὸς
817 466 873 517 δὲ
900 466 968 518 τὰ
996 462 1166 527 οὕτως
1193 458 1547 532 οἰκονομικῶς
1596 460 1959 531 πεπραγμένα

388 556 505 619 τοῖς
552 556 652 625 τῆς
704 553 933 618 ἀτοπίας
987 554 1326 623 ἐγκλήμασιν
1371 554 1553 615 ἐνιεὶς,
1606 551 1717 604 ἄνω
1760 568 1817 632 τε
1870 552 1963 603 καὶ

392 648 545 701 κάτω
582 645 779 713 λέγων,
817 646 891 717 μὴ
929 644 993 715 δὴ
1024 646 1221 717 χρῆναι
1254 644 1387 713 πρός
1413 661 1555 706 τινος
1585 644 1682 712 τὴν
1711 642 1810 711 τῆς
1836 640 1965 694 Θεό-

391 755 551 808 τητος
583 736 745 805 φύσιν
780 736 1067 806 ὑπομεῖναι
1098 735 1351 804 λέγεσθαι
1390 734 1487 805 τὴν
1534 734 1764 804 σφαγὴν,
1815 749 1969 803 περι-

390 830 607 900 ίστησιν
658 828 885 890 ἀνοσίως
923 827 1002 889 είς
1048 827 1335 898 ἄνθρωπον
1387 825 1570 889 ίδικῶς
1616 827 1708 878 τοῦ
1763 841 1961 895 puem-

395 919 510 993 ρίου
542 917 641 988 τὴν
684 917 946 987 δύναμιν·
980 916 1075 970 καὶ
1100 918 1260 970 αὑτὸν
1296 908 1434 969 εἷναί
1481 933 1613 987 φησι
1641 913 1730 967 τὸν
1774 916 1968 967 ἐσταυ-

2072 460 2371 515 divinitatis
2427 468 2677 515 naturam
2723 474 2845 515 esse
2893 463 3093 516 caedem
3140 468 3493 531 perpessam,‘
3528 464 3636 516 vini

2071 551 2204 605 tanti
2253 551 2497 621 mysterii
2556 552 2611 606 in
2670 552 2943 606 hominem
3017 551 3243 608 seorsim
3305 565 3369 609 ac
3422 556 3639 625 proprie

2068 658 2276 697 summa
2307 658 2429 697 cum
2463 644 2741 714 impietate
2783 644 3012 714 redigit,
3046 646 3329 716 ipsumque
3355 646 3489 702 dicit
3516 656 3637 702 esse

2069 734 2407 802 crueitixum,
2439 744 2494 789 et
2514 735 2605 804 qui
2635 744 2867 790 mortem
2891 750 2989 805 pro
3018 736 3202 789 mundi
3257 736 3358 789 vita
3404 734 3638 807 pertule-

2072 826 2161 880 rit.
2190 826 2368 881 Audio
2399 841 2634 896 namque
2667 826 2817 883 illum
2856 838 3043 883 rursus
3072 827 3126 882 in
3163 826 3268 882 alia
3300 827 3639 898 expositione

2069 916 2249 972 dicere
2274 936 2289 972 :

394 1013 657 1085 ρωμένον,
685 1015 779 1066 καὶ
811 1013 900 1066 τὸν
936 1012 1075 1083 ὑπὲρ
1098 1012 1198 1083 τῆς
1240 1012 1332 1066 τοῦ
1364 1013 1570 1083 κόσμου
1606 1012 1753 1083 ζωῆς
1784 1009 2086 1065 ἁνατλάντα
2116 1010 2360 1071 θάνατον.
2406 1014 2615 1068 ’Δκούω
2649 1014 2759 1086 γὰρ
2794 1013 3065 1083 λέγοντος,
3100 1014 3158 1066 ὲν
3184 1008 3440 1085 tamus
3475 1011 3639 1067 πάλιν

393 1108 559 1179 ἑτέρα
575 1125 588 1139 '

465 1199 654 1277 [Οὗτος
713 1205 742 1255 6
788 1203 877 1256 τὸν
928 1201 1215 1257 ἀκάνθινον
1261 1200 1616 1274 περιθέμενος
1664 1203 1962 1271 στέφανον·

391 1291 543 1359 οὗτος
568 1299 596 1348 6
622 1295 798 1364 λέγων
822 1314 835 1326 ο
880 1315 897 1346 ι
935 1292 1035 1347 Θεέ
1074 1313 1201 1365 μου,
1228 1293 1329 1347 Θεέ
1364 1313 1487 1365 μου,
1536 1297 1622 1347 ἵνα
1669 1295 1718 1347 τί
1766 1311 1829 1365 με
1874 1297 1968 1361 ἑγ-

391 1388 711 1454 κατέλιπεςς
764 1394 790 1438 ⁸»
855 1381 1007 1449 οὗτος
1069 1389 1098 1438 6
1153 1388 1453 1458 τριήμερον
1526 1387 1782 1456 τελευτὴν
1838 1386 1969 1439 ὑπο-

392 1479 622 1551 μείνας.]

987 1615 1237 1668 ΚΕΦΑΛ.
1288 1614 1364 1670 E'.

2140 1190 2376 1255 Nissmtt.
2404 1198 2529 1271 [llic
2559 1199 2681 1266 ille,
2706 1199 2792 1254 cui
2820 1199 3007 1269 Spinea
3032 1210 3231 1253 corona
3258 1195 3636 1266 circumposita

2068 1290 2192 1354 fuit,
2229 1292 2316 1345 hic
2346 1291 2433 1345 ille
2474 1292 2563 1360 qui
2611 1291 2785 1346 dixit:
2825 1309 2843 1341 ι
2895 1291 3033 1345 Deus
3070 1298 3259 1353 meus,
3288 1288 3432 1343 Deus
3464 1303 3636 1349 meus,

2073 1393 2132 1435 ut
2167 1384 2293 1451 quid
2323 1398 2407 1437 tne
2434 1382 2906 1453 dereliquisti?"t
2940 1382 3030 1437 ltic
3056 1377 3148 1437 ille
3164 1381 3259 1451 qui
3290 1380 3521 1436 mortem
3546 1378 3641 1432 ti‘l-

2073 1480 2311 1529 duanatn
2338 1471 2637 1543 sustinuit.]

2726 1602 2880 1663 CAP.
2924 1586 2991 1664 ν.

471 1744 769 1817 Ἐπὸμενος
827 1747 925 1817 μὲν
978 1743 1072 1801 οὖν
1123 1747 1285 1811 αὐτος
1333 1746 1412 1819 τῷ
1466 1748 1581 1821 ἰδίῳ
1632 1753 1852 1822 σκοπῷ,
1899 1756 1966 1809 τὰ

2139 1736 2261 1810 ipse
2285 1744 2498 1812 quidem
2539 1759 2694 1797 suum
2732 1754 2948 1799 secutus
2978 1744 3310 1813 propositum
3340 1736 3453 1799 hac
3475 1737 3638 1809 dicit;

385 1838 564 1890 τοιάδε
624 1838 827 1906 φησίν*
890 1840 1053 1907 ἡμεῖς
1100 1838 1157 1891 δὲ
1209 1836 1357 1910 αὐτῷ
1406 1840 1712 1912 σοφώτερον
1762 1862 1819 1896 τε
1879 1848 1969 1898 καὶ

386 1928 751 1999 ἀληθέστερον
820 1929 1160 2000 ἐπιδείξομεν
1230 1930 1327 1983 τὸν
1420 1933 1802 2005 Ἐμμανουήλ.
1878 1938 1970 1989 τὸν

386 2017 483 2071 τοῦ
532 2019 735 2088 κόσμου
780 2021 985 2083 παντὸς
1035 2021 1256 2091 σωτῆρα
1296 2022 1387 2075 καὶ
1423 2022 1722 2094 λυτρωτὴν.
1770 2027 1967 2095 Γέγονε

387 2111 522 2180 γὰρ,
541 2110 615 2172 ὠς
637 2110 737 2179 ἤδη
764 2110 1080 2174 πλειστάκις
1111 2113 1355 2181 εἴπομεν,
1380 2112 1514 2186 σὰρξ
1543 2117 1570 2167 6
1596 2117 1789 2183 Λόγος,
1812 2118 1970 2189 σῶμα

392 2198 519 2272 [te]
549 2200 679 2253 ἴδιον
743 2200 1145 2270 ποιησάμενος,
1193 2200 1255 2252 τὸ
1302 2201 1529 2271 πάσχειν
1584 2203 1743 2267 είδὸς,
1782 2206 1965 2269 αἰκίας

388 2307 449 2344 τε
476 2293 572 2345 καὶ
603 2292 854 2355 θάνατον,
886 2290 1117 2343 δέδωκεν
1147 2293 1285 2363 ὑπὲρ
1315 2294 1473 2362 ἡμῶν
1491 2294 1645 2359 αὐτὸ,
1681 2297 1793 2360 καὶ,
1824 2298 1969 2350 καθά

392 2400 560 2454 φησιν
589 2384 617 2436 ὀ
644 2383 931 2446 Θεσπέσιος
954 2382 1187 2446 Παῦλος,
1222 2384 1485 2454 ὑπέμεινε
1514 2385 1748 2456 σταυρὸν
1780 2384 1969 2457 αἰσχύ-

392 2491 493 2544 νης
525 2475 969 2544 καταφρονήσας.
998 2474 1067 2525 Ἦ
1099 2473 1209 2543 γὰρ
1242 2474 1341 2526 οὐκ
1380 2473 1633 2546 αἰσχύνη,
1666 2477 1761 2529 καὶ
1804 2478 1966 2530 οἱονεί

390 2582 477 2627 τις
507 2564 746 2636 ἐντροπὴ
778 2564 857 2633 τῷ
888 2564 1183 2618 πανσθενεῖ
1209 2567 1304 2619 καὶ
1336 2565 1585 2637 ζωοποιῷ
1605 2610 1619 2634 ,
1653 2570 1747 2621 καὶ
1779 2566 1966 2622 παθῶν

394 2657 651 2710 ἐπέκεινα
685 2657 904 2726 λαχόντι
926 2656 1025 2726 τὴν
1056 2657 1235 2726 φύσιν,
1260 2658 1321 2710 τὸ
1349 2659 1406 2725 ἐξ
1439 2658 1787 2732 ἀνθρωπίνης
1808 2661 1967 2715 ἀσθεο

393 2750 543 2813 νείας
571 2748 959 2819 σταυρωθῆναι
997 2748 1193 2813 δοκεῖν,
1228 2751 1324 2803 καὶ
1367 2752 1424 2803 ἐν
1465 2751 1682 2820 θανάτῳ
1712 2753 1965 2821 γενέσθαι

395 2840 538 2894 κατὰ
580 2840 677 2910 τὴν
713 2841 919 2911 σάρκα;
977 2840 1086 2893 Καὶ
1137 2841 1267 2910 γοῦν
1308 2842 1336 2892 6
1369 2842 1531 2905 αὐτὸς
1564 2844 1666 2895 πού
1702 2862 1835 2913 φησι
1878 2843 1965 2897 διὰ

393 2933 580 3003 φωνῆς
617 2934 843 2986 Ἡσαΐου
862 2951 875 2962 ·
916 2953 934 2981 t
968 2932 1071 2985 Τὸν
1101 2933 1269 2985 νῶτόν
1299 2945 1402 3002 μου
1432 2932 1640 2988 δέδωκα
1670 2938 1749 2998 εἰς
1772 2939 1965 3006 μάστι-

392 3036 533 3089 γας,
564 3021 664 3084 τὰς
707 3022 766 3074 δὲ
820 3021 1076 3089 σιαγόνας
1127 3039 1229 3091 μου
1269 3024 1348 3081 είς
1403 3023 1751 3093 ῥαπίσματα·
1805 3025 1865 3076 τδ
1917 3024 1967 3078 δὲ

2072 1842 2129 1886 at
2199 1849 2297 1888 nos
2356 1834 2433 1889 illi
2495 1834 2797 1903 sapientius
2856 1836 2922 1890 ac
2990 1837 3173 1890 verius
3235 1835 3640 1892 Emmanuelem

2071 1928 2437 1991 ostendemus,
2472 1926 2656 1979 mundi
2687 1927 2851 1981 totius
2878 1927 3200 1983 salvatorem
3239 1944 3304 1983 ac
3336 1929 3642 2000 redemptor-

2074 2034 2207 2072 rettt.
2239 2016 2475 2073 Verbum
2523 2017 2682 2088 135
2721 2018 2902 2083 enim,
2952 2029 3009 2072 ut
3047 2018 3159 2086 jam
3205 2033 3347 2088 saepe
3383 2021 3638 2086 diximus,

2071 2123 2199 2163 caro
2238 2107 2437 2163 factum
2467 2118 2571 2173 est,
2605 2123 2839 2178 cumque
2890 2123 3089 2177 corpus
3118 2113 3394 2181 proprium
3426 2112 3639 2168 eﬂ‘ecis-

2070 2209 2155 2254 set
2183 2200 2325 2267 quod
2356 2210 2540 2268 posset
2568 2199 2796 2269 injurias
2830 2214 2893 2255 ac
2931 2210 3159 2255 mortem
3204 2204 3335 2271 pati,
3378 2202 3510 2257 illud
3543 2219 3641 2274 pro

2072 2291 2227 2345 nobis
2257 2291 2424 2356 dedit,
2453 2302 2529 2359 et,
2557 2300 2614 2345 ut
2639 2291 2713 2345 ait
2734 2292 2925 2345 beatus
2957 2289 3176 2358 Paulus,
3210 2304 3429 2350 crucem
3474 2299 3640 2351 susti-

2072 2380 2191 2434 nuit
2221 2380 2536 2436 confusione
2564 2390 2868 2451 contempta
2889 2382 2955 2437 ".
2983 2382 3121 2449 Quid
3144 2384 3287 2438 enim
3306 2386 3330 2439 ?
3351 2402 3458 2440 non
3480 2387 3642 2441 dede-

2070 2487 2166 2525 cus
2195 2482 2298 2536 est,
2331 2481 2387 2526 et
2415 2473 2661 2542 quaedam
2696 2488 2863 2542 prope
2893 2474 3142 2530 confusio
3172 2476 3250 2530 illi
3287 2478 3641 2545 omnipotenti

2069 2572 2125 2616 et
2152 2561 2466 2628 viviﬁcanti,
2500 2572 2557 2616 et
2594 2572 2842 2616 naturam
2890 2564 3109 2619 habenti
3146 2577 3407 2622 remetam
3448 2584 3478 2622 a
3521 2585 3644 2639 pas-

2071 2655 2333 2721 sioniltus,
2375 2670 2439 2708 ex
2469 2655 2705 2708 humana
2738 2652 3056 2711 inﬁrmitate
3091 2660 3266 2727 putari
3301 2659 3640 2715 cruciﬁxum.

2070 2757 2124 2799 et
2171 2756 2399 2801 mortem
2440 2748 2738 2801 secundum
2785 2765 3000 2805 carnem
3059 2742 3415 2821 perpessum?
3459 2750 3644 2822 Itaque

2072 2838 2182 2905 ipse
2210 2837 2366 2907 plane
2393 2837 2521 2893 dicit
2548 2854 2644 2907 per
2688 2854 2871 2893 vocem
2904 2840 3058 2896 lsaiae
3086 2858 3098 2891 :
3142 2860 3161 2893 t
3195 2842 3422 2897 Donum
3462 2857 3641 2897 meum

2072 2928 2192 2981 dedi
2224 2928 2275 2980 in
2302 2926 2537 2996 ﬂagella,
2566 2935 2622 2981 et
2640 2928 2891 2983 maxillas
2926 2944 3076 2982 meas
3102 2928 3168 2983 ad
3193 2928 3378 2998 alapas
3403 2947 3417 2982 :
3448 2928 3642 2982 faciem

2072 3031 2249 3071 autem
2274 3032 2451 3072 meam
2478 3031 2585 3071 non
2614 3017 2787 3072 averti
2808 3033 2840 3073 a
2868 3012 3182 3074 confusione
3207 3020 3488 3089 sputtirum
3514 3012 3583 3071 τ’.
3617 3035 3634 3068 ι

392 3112 684 3183 πρόσωπόν
721 3127 822 3181 μου
868 3111 969 3165 οὐκ
1019 3112 1349 3183 ἁπέστρεψα
1394 3113 1500 3165 ἀπὸ
1551 3114 1811 3184 αἰσχύνης
1866 3117 1963 3186 ἐμ-

2074 3111 2137 3163 Et
2166 3111 2357 3163 iterum
2386 3122 2398 3159 :
2439 3128 2458 3160 ε
2499 3108 2622 3164 Ideo
2656 3125 2759 3163 non
2791 3126 2910 3165 sunt
2940 3112 3230 3176 confusus.
3260 3111 3354 3168 sed
3380 3112 3531 3182 posui
3562 3113 3641 3167 fa-

393 3202 749 3273 πτυσμάτων.
779 3220 797 3254 ι
822 3204 926 3256 Καὶ
951 3202 1132 3256 πάλιν·
1166 3220 1183 3255 t
1210 3204 1305 3257 Διὰ
1334 3204 1485 3258 τοῦτο
1512 3206 1611 3259 οὐκ
1641 3207 1964 3278 ἐνετράπην,

393 3290 511 3346 ἀλλ’
555 3290 727 3361 ἔθηκα
776 3292 838 3343 τὸ
880 3293 1175 3363 πρόσωπόν
1230 3309 1331 3361 μου
1365 3294 1439 3356 ὡς
1475 3295 1700 3364 στερεὰν
1735 3296 1963 3367 πέτραν,

396 3385 491 3436 καὶ
537 3383 707 3450 ἔγνων
749 3384 831 3435 ὅτι
871 3386 933 3436 οὐ
984 3384 1058 3455 μὴ
1104 3384 1521 3454 καταισχυνθῶ,
1576 3388 1655 3439 δτι
1694 3388 1902 3455 ἐγγίζει
1940 3390 1967 3440 ὁ

392 3475 694 3539 δικαιώσας
750 3493 836 3545 με.
876 3494 895 3526 ι
931 3475 1096 3529 Ὅσον
1144 3478 1243 3545 μὲν
1286 3478 1393 3548 γὰρ
1442 3472 1577 3550 ἧκεν
1634 3479 1711 3541 εἴς
1762 3496 1823 3546 γε
1870 3478 1966 3542 τὰς

408 3566 695 3638 Ἑλλήνων,
722 3569 813 3620 καὶ
836 3568 1021 3637 μέντοι
1058 3568 1149 3621 καὶ
1184 3569 1453 3621 Ἰουδαίων
1484 3568 1706 3633 ἀνοσίας
1743 3571 1964 3639 ἀγέλας,

398 3658 693 3712 σκάνδαλον
716 3676 773 3712 τε
795 3659 928 3728 ὁμοῦ
968 3661 1057 3712 καὶ
1093 3659 1272 3730 μωρία
1304 3660 1613 3731 νενόμισται
1641 3661 1703 3714 τὸ
1728 3663 1965 3733 Χριστοῦ

399 3753 702 3821 μυστήριον
721 3766 736 3779 ο
772 3751 1166 3820 καταμειδιῶσι
1189 3752 1298 3822 γὰρ
1326 3751 1373 3803 οἱ
1401 3751 1628 3814 τάλανες
1656 3750 1751 3805 τοῦ
1783 3753 1965 3821 τιμίου

398 3844 668 3915 σταυροῦ*
714 3843 981 3913 ἐκϐέϐηκε
1027 3844 1083 3897 δὲ
1128 3843 1229 3912 τῆς
1271 3843 1535 3915 δοκούσης
1574 3846 1757 3909 αὑτοξ
1806 3846 1967 3898 ἀσθε-

394 3936 542 3999 veta;
587 3936 652 3987 τὸ
686 3935 863 4004 πέρας
896 3938 975 3998 εἰς
1019 3936 1270 3998 εὐκλείας
1321 3935 1550 4005 δύναμιν
1602 3935 1703 4006 τῆς
1752 3936 1968 4006 ἀληθῶς

392 4020 894 4097 θεοπρεπεστάτης.
927 4027 1364 4097 Μεμαρτύρηται
1401 4028 1510 4098 γὰρ
1546 4027 1634 4080 διὰ
1664 4028 1762 4098 τῆς
1789 4031 1851 4081 ὲκ
1879 4047 1965 4081 νε-

397 4122 544 4193 κρῶν
588 4122 941 4184 ἀναστάσεως
966 4162 981 4186 ,
1015 4123 1098 4174 ὅτι
1126 4138 1186 4173 τε
1225 4124 1309 4191 εἴη
1342 4123 1495 4185 Θεὸς,
1537 4124 1629 4175 καὶ
1659 4120 1791 4175 Θεοῦ
1826 4124 1966 4177 κατὰ

394 4213 652 4282 ἀλήθειαν
698 4213 861 4275 Υίδς,
911 4214 986 4277 ὡς
1034 4214 1267 4267 θανάτου
1317 4214 1577 4282 κρείττων
1613 4215 1704 4267 καὶ
1738 4215 1962 4284 φθορᾶς,

397 4306 492 4357 καὶ
536 4303 671 4372 ὁμοῦ
702 4304 779 4373 τῷ
827 4305 1183 4375 Γεγεννηκὸτι
1212 4308 1600 4375 προσκυνεῖται
1642 4308 1793 4374 παρά
1832 4306 1968 4358 πάν-

394 4414 523 4449 των.
558 4398 754 4450 "Amos
804 4395 861 4448 δὲ
910 4396 1334 4465 διακεκραγὸτος
1367 4397 1498 4466 ἡμῖν
1548 4396 1680 4450 αὐτὸ
1712 4395 1776 4466 δὴ
1807 4396 1963 4449 τοῦτο
1999 4434 2005 4466 ί

396 4493 723 4564 Γρὰμματος
752 4491 899 4563 ἱεροῦ
918 4508 931 4523 ·
975 4511 995 4544 ‹
1025 4491 1180 4546 Οὕτω
1209 4492 1357 4559 λέγει
1399 4491 1631 4563 Κύριοςο
1670 4492 1962 4559 Ἀγιάσατε

392 4587 486 4638 τὸν
514 4583 839 4652 φαυλίςοντα
863 4585 963 4653 τὴν
986 4584 1164 4652 ψυχὴν
1197 4582 1383 4646 αὑτοῦ,
1420 4582 1510 4635 τὸν
1543 4582 1963 4653 βδελυσσόμενον

394 4676 503 4729 ὑπὸ
548 4674 657 4729 τῶν
704 4674 897 4737 ἐθνῶν,
947 4674 1055 4725 τῶν
1092 4672 1315 4739 δούλων,
1351 4673 1461 4725 τῶν
1503 4673 1776 4743 ἀρχόντων
1828 4676 1961 4744 (57).

394 4769 641 4831 Βασιλεῖς
667 4767 889 4835 ὄψονται
926 4767 1107 4829 αὐτὸν,
1146 4766 1238 4818 καὶ
1281 4766 1674 4836 ἀναστήσονται
1708 4766 1967 4836 ἄρχοντες

396 4862 494 4914 καὶ
534 4861 1003 4932 προσκυνήσουσιν
1049 4856 1214 4927 αὐτῷ.
1264 4876 1281 4907 ›
1341 4858 1725 4927 ὐμολογεῖτε,
1777 4859 1964 4928 φησὶν,

397 4954 550 5020 ἆγιον
590 4948 727 5005 εἶναι
758 4952 901 5003 κατὰ
936 4950 1097 5020 φύσιν
1124 4948 1201 5011 ὡς
1240 4948 1403 5001 Θεόν·
1443 4947 1534 5001 τὸν
1567 4948 1666 5018 τὴν
1705 4948 1835 5002 ἰδίαν
1862 4948 1964 5016 ψυ-

397 5046 499 5116 χὴν
530 5043 943 5112 ὲκφαυλίζοντα,
990 5042 1259 5107 τουτέστι,
1309 5041 1399 5094 τὸν
1432 5042 1528 5111 τῆς
1559 5040 1755 5096 ἑαυτοῦ
1795 5059 1965 5095 κατα-

399 5139 741 5207 φρονήσαντα
787 5135 987 5206 ψυχῆς.
1035 5133 1257 5187 Τέθεικε
1301 5134 1411 5204 γὰρ
1451 5133 1617 5202 αὐτὴν
1665 5134 1805 5205 ὑπὲρ
1852 5134 1959 5187 τῶν

481 5294 527 5324 ’⁸
558 5292 749 5347 Matth.
778 5308 944 5357 xxv",
975 5291 1063 5344 46.
1142 5291 1186 5320 ⁷⁸
1226 5288 1390 5345 Hebr.
1424 5307 1522 5354 xtt,
1556 5290 1607 5341 2.

1686 5293 1731 5323 "
1757 5290 1859 5345 lsa.
1891 5307 1963 5354 LI,
1997 5290 2049 5345 6.
2127 5291 2175 5322 ⁷⁵
2204 5291 2334 5346 ibid.
2370 5291 2478 5346 7-8.

2070 3202 2208 3254 ciem
2240 3217 2411 3255 meam
2444 3212 2501 3254 ut
2532 3202 2720 3255 duram
2766 3212 2997 3271 petram,
3020 3213 3076 3257 et
3102 3204 3327 3272 cognovi
3356 3206 3499 3275 quod
3533 3206 3640 3259 non

2072 3296 2391 3361 cuttfuttdar,
2446 3297 2570 3365 quia
2616 3310 2782 3365 prope
2832 3306 2917 3351 est
2958 3296 3049 3366 qui
3087 3294 3346 3364 iustiﬁcat
3395 3299 3560 3353 me".
3615 3319 3634 3350 ι

2070 3388 2203 3443 Nam
2228 3390 2369 3457 quod
2404 3390 2599 3443 attinet
2629 3389 2696 3443 'atl
2731 3389 3009 3458 gentilium
3045 3400 3206 3459 atque
3235 3391 3397 3445 etiam
3430 3386 3639 3447 ludatu-

2075 3499 2189 3535 rutn
2242 3482 2459 3550 impiam
2504 3483 2738 3547 turbam,
2773 3482 3087 3537 scandalum
3126 3483 3285 3538 simul
3328 3492 3383 3539 et
3414 3485 3640 3539 stultitia

2071 3572 2437 3626 existimatum
2472 3582 2555 3626 cst
2580 3572 2785 3628 Christi
2820 3574 3160 3643 mysterium.
3202 3573 3460 3629 Derident
3485 3591 3639 3630 nam-

2070 3676 2176 3729 que
2208 3660 2391 3716 miseri
2418 3662 2782 3715 venerandam
2819 3676 3074 3727 crucem;
3115 3663 3208 3717 sed
3246 3662 3365 3732 ejus
3406 3659 3637 3718 inﬁrmi-

2071 3755 2226 3821 tatis,
2262 3765 2319 3807 ut
2353 3754 2454 3822 ipsi
2490 3753 2802 3822 opinantur,
2838 3754 2961 3807 linis
2998 3754 3173 3809 evasit
3215 3757 3282 3809 ad
3316 3756 3639 3825 magnitudi—

2072 3864 2193 3901 nem
2219 3847 2403 3917 glorize
2432 3862 2618 3902 revera
2668 3848 2883 3902 divinae.
2935 3840 3068 3901 Nam
3106 3848 3513 3916 comprobatum
3554 3859 3642 3903 est

2070 3956 2167 4009 per
2196 3941 2657 3995 resurrectionem
2680 3954 2746 3993 cx
2776 3940 3005 3995 mortuis
3030 3940 3085 3994 et
3118 3940 3267 3994 illum
3300 3955 3418 3995 esse
3447 3938 3637 4005 Deum,

2070 4042 2123 4085 et
2149 4032 2239 4087 Dei
2270 4046 2458 4085 revera
2484 4030 2706 4096 Filium,
2738 4040 2797 4085 ut
2824 4031 2919 4100 qui
2956 4032 3144 4086 mortis
3172 4033 3641 4103 corruptionisqtte

2070 4121 2241 4176 victor
2276 4116 2456 4187 fuerit,
2486 4134 2540 4177 et
2582 4121 2740 4177 simul
2780 4137 2903 4177 cutn
2942 4120 3102 4176 Patre
3139 4122 3208 4177 ab
3238 4123 3485 4180 omnibus
3545 4125 3639 4178 atl-

2069 4224 2273 4269 oretur.
2314 4214 2454 4269 Audi
2480 4223 2658 4268 autem
2676 4228 2860 4268 sacras
2892 4211 3126 4269 Litteras
3151 4215 3254 4269 hoc
3278 4215 3451 4282 ipsum
3486 4216 3641 4271 nobis

2067 4304 2463 4376 proclamantes
2498 4323 2511 4358 :
2552 4323 2571 4356 ‹
2599 4307 2688 4360 Sic
2729 4305 2862 4360 dicit
2922 4304 3179 4361 Dominus
3228 4324 3271 4396 ε⁶
3293 4299 3641 4362 Sanctiﬁcate

2029 4398 2452 4469 idespicientem
2487 4398 2722 4451 animant
2778 4413 2952 4462 suam,
3005 4408 3343 4452 exsecratum
3393 4415 3422 4451 a
3466 4398 3638 4468 genti-

2073 4495 2191 4559 bus,
2250 4493 2443 4557 servis,
2498 4490 2855 4561 principibus.
2903 4490 3076 4557 Reges
3103 4489 3359 4567 videbunt
3405 4503 3551 4553 eum,
3585 4500 3641 4542 et

2072 4590 2407 4653 consurgent
2428 4580 2721 4652 principes,
2747 4593 2802 4636 et
2826 4582 3125 4635 adorabunt
3149 4595 3271 4635 eum
3293 4580 3358 4633 π.
3400 4598 3421 4631 ι
3457 4579 3638 4636 Conﬂ-

2075 4673 2282 4738 tetnini,
2327 4673 2523 4742 inquit,
2571 4683 2820 4727 sanctum
2860 4687 2982 4727 esse
3022 4671 3168 4725 illum
3210 4679 3396 4741 utpote
3427 4670 3637 4727 Deum:

2075 4764 2224 4819 illum
2259 4765 2349 4835 qui
2381 4780 2535 4820 suam
2569 4764 2804 4818 animam
2831 4764 3080 4832 despicit,
3116 4764 3215 4819 hoc
3239 4774 3345 4830 est,
3367 4765 3456 4834 qui
3485 4778 3637 4820 suam

2073 4859 2303 4912 animant
2331 4858 2648 4912 contemnit;
2688 4856 2822 4911 Nam
2874 4857 3018 4911 illam
3070 4871 3166 4926 pro
3204 4857 3394 4911 ovibus
3440 4859 3637 4927 posuit,

2072 4963 2127 5005 ut
2162 4956 2347 5020 pastOr
2385 4949 2560 5004 bonus
2586 4950 2631 4982 ⁸ο
2662 4969 2675 5004 :
2714 4964 2874 5019 quem
2926 4960 3220 5005 exsecrata:
3255 4951 3472 5019 quidem
3515 4962 3640 5005 sunt

2071 5052 2277 5109 gentes,
2326 5049 2381 5094 et
2424 5040 2566 5096 servi
2598 5051 2653 5095 et
2702 5042 2937 5096 ministri
2974 5041 3144 5110 alapis
3190 5041 3635 5104 deltonestaruntt

2071 5150 2191 5187 cum
2224 5131 2622 5188 Pharisattrum
2661 5134 2814 5189 turba
2843 5134 2918 5189 illi
2953 5134 3114 5205 impie
3152 5134 3455 5191 insultaret.
3484 5130 3638 5191 Hunc

2570 5293 2615 5325 "
2643 5293 2746 5348 lsa.
2781 5296 2927 5361 χιιι,
2960 5292 3011 5346 7.
3097 5284 3143 5323 ⁸ο
3172 5291 3403 5362 ιοεοιι,
3437 5296 3525 5352 ll.

1646 5446 1804 5503 ANT.
1846 5444 2121 5501 AGELLII
2158 5444 2391 5500 ΝΟΤᾹΞ.

472 5613 579 5681 (‘57)
613 5612 906 5667 Pecttliaris
942 5620 1023 5665 est
1053 5610 1169 5664 haec
1213 5610 1371 5682 lectio
1399 5607 1623 5682 Cyrillo,
1655 5620 1776 5682 cum
1820 5602 1958 5682 ιεχμ

403 5673 653 5748 lubeant,
694 5695 749 5735 ut
777 5682 887 5735 fere
918 5682 969 5734 in
1018 5694 1202 5734 eorum
1235 5681 1393 5733 codd.
1439 5673 1652 5748 legitur,
1707 5675 1796 5728 τὸν
1834 5673 1957 5726 δοῦ-

714 5774 983 5835 Ριτειοι..
1022 5774 1138 5836 GR.
1186 5774 1452 5835 LXXVI.

2074 5601 2168 5681 iter
2198 5602 2302 5681 τῶν
2337 5602 2630 5681 ᾁρχόντων,
2675 5622 2877 5662 servum
2915 5608 3265 5676 dominorum,
3297 5610 3357 5665 ut
3393 5608 3555 5666 etiam
3570 5601 3649 5681 ,ἰίὶ

2077 5671 2315 5729 Hebraeis
2343 5671 2557 5741 legitur.

3255 5774 3288 5831 8
