4104 6336
432 278 535 336 835

1456 268 1531 323 S.’
1553 265 1640 321 (ῷῐ
1653 264 1828 321 lllLLl
1869 256 2339 319 KLEXALNDRINI
2376 254 2695 343 ABCHIEP.

3556 250 3687 314 956

434 392 689 447 videbunt
743 405 897 460 reges
957 399 1010 442 et
1067 392 1442 454 consurgent:
1493 386 1638 442 hunc
1704 384 2006 440 adorabunt

2112 376 2421 457 πρὸϐάτων,
2449 386 2525 450 ὡς
2569 384 2775 456 ποιμὴν
2809 374 3041 451 ἀγαθός’
3090 383 3147 435 ὃν
3201 370 3548 445 ἐϐδελύξαντο
3588 375 3686 447 μὲν
3730 409 3748 429 ρ

430 484 705 557 principes
756 492 1007 552 tanquam
1058 480 1253 545 Deum,
1288 478 1495 535 scilicet
1521 478 1612 548 qui
1655 477 1722 533 ad
1754 476 2004 533 exinanio

434 578 633 633 tionem
669 592 730 630 se
766 574 1051 643 deiecerit,
1083 580 1142 627 ut
1186 586 1378 644 passus
1422 584 1585 627 carne
1620 579 1861 626 servaret
1912 585 2005 625 or-

432 671 554 725 bem
580 678 869 724 terrarum.
906 664 1004 721 Hic
1039 663 1129 720 ille
1159 673 1243 719 est
1278 663 1363 718 cui
1399 677 1498 733 pro
1522 662 1676 717 nobis
1699 663 1885 732 spinea
1913 677 2006 717 co-

434 776 566 817 rona
597 759 695 814 fuit
732 758 1117 828 circumposita
1147 774 1159 810 :
1189 756 1278 811 hic
1305 770 1410 811 non
1440 755 1577 809 alius
1598 755 1688 824 qui
1722 770 1790 809 ex
1822 755 2008 809 huma-

435 854 605 909 nitate
632 851 849 922 quidem
882 850 1173 906 crucitixus
1201 856 1305 913 est,
1331 856 1384 903 et
1406 849 1540 902 dixit
1566 865 1578 899 :
1612 867 1629 899 ι
1670 847 1807 901 Deus
1832 862 2004 912 meus,

432 946 574 1002 Deus
616 960 791 1009 meus,
824 944 1010 1013 utquid
1057 958 1141 997 me
1181 941 1513 1012 dereliquisti
1536 940 1621 993 8‘?
1654 959 1671 991 ι
1704 939 1799 994 sed
1831 955 1896 993 ex
1923 938 2007 993 di-

430 1040 655 1095 vinitate
681 1037 924 1092 cohibuit
959 1035 1333 1096 solislumen,
1369 1044 1424 1089 et
1474 1033 1527 1087 in
1568 1033 1655 1087 die
1700 1031 1874 1086 media
1912 1046 2008 1086 uo-

432 1141 570 1187 ctem
597 1130 797 1200 posuit,
822 1143 890 1183 ne
929 1127 1077 1182 illum
1103 1126 1406 1195 simplicem
1446 1125 1742 1191 hominem,
1764 1125 1927 1191 nuda,
1949 1132 2008 1178 ut

433 1236 487 1281 tu
510 1221 1115 1291 asseris,conjunctione
1135 1218 1294 1290 136
1311 1217 1671 1282 nobilitatum,
1692 1231 1796 1285 qua
1818 1228 2008 1285 nempe

431 1335 553 1374 cum
600 1317 690 1372 illo
719 1331 783 1372 ex
811 1314 923 1369 Deo
942 1314 1137 1384 ,Verbo
1165 1314 1235 1367 sit
1264 1311 1545 1380 copulatus
1565 1349 1581 1375 ,
1627 1309 2004 1373 conﬁteantur,

348 1393 367 1425 ³
432 1410 526 1465 sed
564 1408 729 1463 Deum
773 1418 894 1461 esse
940 1403 1249 1466 credamus,
1292 1400 1347 1453 in
1380 1408 1563 1452 nostra
1599 1397 1811 1467 specie,
1855 1404 1910 1448 et
1950 1393 2006 1447 in

430 1497 605 1554 forma
633 1496 795 1563 servi,
821 1507 1090 1549 memores
1116 1491 1262 1545 illum
1287 1505 1385 1560 per
1418 1503 1605 1544 vocem
1630 1487 1904 1559 pr0phelze
1928 1485 2008 1539 di-

429 1593 622 1646 xisse:
662 1606 681 1640 ι
721 1588 787 1642 Et
820 1587 1041 1640 induam
1087 1584 1285 1638 malum
1332 1581 1602 1646 tenebris,
1641 1588 1695 1633 et
1724 1594 1918 1649 ponam
1950 1585 2009 1631 ut

431 1696 649 1738 saccum
679 1678 1059 1735 vestimentum
1090 1677 1207 1743 ejus
1228 1674 1294 1728 “.
1329 1693 1348 1726 ι
1383 1675 1502 1743 Ipse
1535 1672 1678 1727 enim
1707 1674 1797 1740 qui
1830 1671 2008 1739 loque-

2106 479 2176 531 τά
2220 477 2369 550 ἔθνη,
2403 477 2578 531 δοῦλοι
2609 477 2667 531 δὲ
2711 476 2805 530 καὶ
2837 475 3109 546 ὑπηρέται
3142 472 3482 544 ῥαπίσμασιν
3529 468 3684 540 ὖὸριο

2110 587 2208 624 σαν
2235 608 2250 635 ,
2283 570 2383 642 τῆς
2420 570 2529 625 τῶν
2570 569 2878 639 Φαρισαίων
2918 566 3159 638 πληθύος
3210 564 3439 627 ἀνοσίως
3468 563 3684 633 ἐμπαρ-

2106 663 2361 734 οινούσης
2386 663 2555 735 αὐτῷ.
2586 662 2784 716 Τοῦτον
2808 661 3029 730 ὄψονται
3059 658 3298 751 βασιὶέξῖς
3325 657 3422 710 καὶ
3454 657 3686 726 ἀναστή-

2109 766 2323 812 σονται·
2377 763 2553 828 τούτῳ
2600 759 3074 829 προσκυνήσουσιν
3120 755 3410 826 ἄρχοντες,
3460 753 3535 815 ὼς
3566 751 3686 821 Θεῷ

2107 851 2351 922 δηλονότι
2383 850 2699 921 καθιγμένῳ
2721 850 2857 918 πρὸς
2882 849 3135 913 κένωσιν,
3164 848 3252 902 ἵνα
3282 845 3469 899 παθὼν
3497 847 3681 916 σαρκὶ,

2106 943 2344 1015 διασώσῃ
2389 944 2486 1015 τὴν
2527 944 2621 996 ὑπ’
2655 943 2903 1014 οὐρανόν.
2943 934 3112 1005 Οὗτος
3153 944 3181 995 6
3226 940 3367 1010 ὑπὲρ
3398 938 3558 1010 ήμῶν
3595 938 3686 991 τὸν

2107 1038 2397 1092 ἀκάνθινον
2430 1037 2813 1108 περικείμενος
2849 1036 3110 1105 στέφανον
3131 1051 3145 1065 ·
3171 1022 3347 1099 οὗτος,
3379 1033 3477 1087 οὑκ
3506 1032 3684 1095 ἄλλος,

2106 1133 2135 1185 6
2185 1130 2588 1201 σταυρούμενος
2624 1129 2723 1199 μὲν
2754 1128 3114 1199 ἀνθρωπίνως
3160 1128 3255 1181 καὶ
3284 1126 3456 1194 λέγων
3477 1142 3491 1154 ·
3533 1144 3551 1177 t
3584 1121 3687 1178 Θε’έ

2076 1219 2080 1224 ’
2111 1238 2237 1292 μου,
2270 1220 2372 1274 Θεέ
2409 1238 2535 1290 μου,
2583 1220 2671 1273 ἵνα
2703 1220 2755 1272 τί
2786 1236 2852 1289 με
2883 1218 3280 1286 ἐγκατέ).ιπες;
3320 1236 3339 1266 ι
3383 1216 3687 1270 συστέλλων

2107 1314 2163 1366 δὲ
2213 1313 2413 1376 θεῖκῶς
2460 1311 2553 1366 τοῦ
2599 1312 2753 1383 ἡλίου
2804 1310 2863 1364 τὸ
2912 1310 3048 1379 φῶς,
3078 1314 3173 1364 καὶ
3206 1313 3264 1363 ἐν
3311 1311 3493 1382 ήμέρᾳ
3546 1311 3687 1381 μέσῃ

2106 1405 2279 1461 νύκτα
2324 1406 2496 1470 τιθεὶς
2518 1446 2533 1473 ,
2569 1406 2658 1459 ἵνα
2691 1404 2767 1476 μὴ
2793 1404 3078 1475 ἄνθρωπον
3109 1402 3297 1466 ἁπλῶς
3339 1402 3471 1475 ψιλῇ
3497 1444 3512 1469 ,
3544 1405 3687 1455 κατά

2111 1501 2191 1565 σὲ,
2223 1502 2486 1571 συναφείᾳ
2514 1498 2898 1570 τετιμημένον,
2922 1499 2987 1568 τῇ
3020 1497 3157 1567 πρός
3196 1476 3287 1564 γε’,
3315 1497 3477 1565 φημί,
3500 1496 3591 1548 τὸν
3620 1496 3685 1549 ἐκ

2107 1593 2242 1646 Θεοῦ
2262 1594 2455 1661 Λόγον,
2486 1590 2840 1662 ὁμολογῶμεν
2871 1590 3035 1642 αὐτόν
3051 1606 3064 1619 ο
3080 1588 3211 1642 Θεὸν
3232 1588 3289 1641 δὲ
3311 1588 3515 1659 μᾶλλον
3542 1584 3686 1641 εἶναι

2110 1686 2513 1755 πιστεύσωμεν,
2547 1686 2605 1739 ἐν
2633 1683 2763 1735 εἴδει
2795 1682 2873 1752 τῷ
2907 1682 3027 1736 καθ’
3063 1684 3233 1752 ἡμᾶς,
3271 1684 3367 1735 καὶ⁵
3395 1684 3453 1735 ἐν
3480 1685 3546 1753 τῇ
3588 1684 3683 1735 τού

429 1778 593 1831 batur
621 1773 796 1840 adest,
820 1781 875 1826 et
899 1772 1038 1840 quod
1062 1771 1189 1824 olim
1215 1777 1273 1822 ut
1297 1768 1433 1821 Deus
1459 1765 1575 1820 fore
1602 1762 2004 1832 praenuntiavit,

2110 1778 2295 1832 δούλου
2349 1778 2556 1847 μορφῇ,
2604 1774 2945 1846 μεμνημένοι
2974 1773 3063 1827 διὰ
3098 1774 3280 1844 φωνῆς
3306 1774 3465 1842 ἁγίου
3499 1772 3686 1841 λέγον-

431 1883 531 1923 suo
558 1876 800 1936 tempore
828 1862 1088 1932 implevit,
1128 1860 1419 1915 cruciﬁxus
1442 1858 1773 1911 humanitus.
1794 1854 2004 1909 Caelum

2110 1888 2199 1935 τος
2221 1888 2234 1901 ·
2274 1890 2293 1922 ι
2330 1870 2441 1923 Καὶ
2471 1868 2676 1921 ἐνδύσω
2704 1867 2795 1919 τὸν
2825 1867 3052 1938 οὐρανὸν
3077 1866 3287 1931 σκότος,
3312 1867 3407 1918 καὶ
3436 1865 3586 1937 θήσω
3610 1866 3687 1929 ὡς

430 1973 665 2029 namque
725 1954 1110 2026 propemodum
1175 1951 1411 2005 tenebris
1477 1961 1725 2016 tanquant
1795 1943 2006 2013 lugubri

2110 1965 2314 2017 σάκκον
2340 1962 2401 2015 τὸ
2432 1960 2782 2032 περιϐόλαιον
2830 1958 3017 2013 αὑτοῦ.
3057 1977 3075 2009 ι
3114 1958 3287 2021 Αὐτὸς
3320 1960 3427 2028 γὰρ
3458 1960 3486 2010 6
3511 1957 3687 2011 λάλῶν

429 2063 580 2107 veste
625 2064 684 2105 se
716 2049 887 2103 induit
915 2064 930 2113 ;
960 2048 1039 2100 sol
1072 2045 1261 2109 etiam,
1292 2057 1415 2097 cum
1468 2042 1743 2095 radiorum
1786 2052 2003 2094 suorum

431 2143 694 2212 fulgorem
728 2154 833 2194 non
875 2139 1013 2192 ultra
1048 2137 1114 2191 iis
1148 2137 1321 2202 daret,
1361 2132 1451 2203 qui
1490 2133 1745 2187 adversus
1791 2131 2007 2184 univer-

431 2250 616 2291 sorum
644 2233 927 2287 Dominum
959 2244 1021 2282 ac
1048 2229 1212 2282 Deum
1252 2226 1562 2295 petulanter
1588 2222 1850 2277 insultare
1886 2222 2005 2276 ausi

432 2327 666 2388 fuerant,
700 2322 953 2377 tenebras
1002 2319 1183 2371 animo
1229 2317 1441 2370 illorum
1500 2330 1563 2369 ac
1616 2314 1784 2369 menti
1830 2312 2006 2367 oll'utt-

431 2418 639 2474 dendas
665 2413 1067 2485 praenuntiavit.
1102 2410 1290 2464 Psallit
1318 2409 1461 2462 enim
1493 2410 1559 2462 de
1587 2408 1721 2477 ipsis
1750 2407 2005 2461 nimirum

431 2512 594 2565 etiam
619 2509 809 2563 beatus
839 2505 1046 2559 David:
1087 2522 1104 2554 ι
1152 2499 1523 2558 Obscurentur
1549 2501 1693 2556 oculi
1719 2514 1903 2555 eorum
1941 2514 2009 2554 ne

428 2604 667 2667 videant,
697 2610 751 2655 et
772 2601 988 2654 dorsum
1021 2610 1206 2650 eorum
1243 2609 1458 2663 semper
1503 2594 1725 2649 incurva
1748 2594 1813 2647 ⁸³.
1846 2613 1865 2644 ι
1912 2591 2005 2645 Di-

432 2706 645 2766 ruptum
682 2702 766 2746 est
789 2693 949 2746 etiam
979 2689 1155 2743 velum
1207 2687 1414 2757 templi,
1456 2696 1514 2739 ut
1545 2686 1597 2740 in
1629 2701 1751 2741 eum
1783 2685 2007 2740 creden-

430 2791 575 2844 tibus
602 2789 875 2856 detegeret
914 2783 1026 2852 jam
1076 2780 1273 2835 Sancta
1307 2791 1654 2847 sanctorum,
1710 2787 1763 2833 et
1816 2777 2006 2832 intima

430 2884 520 2939 illa
548 2879 847 2953 penetralia
879 2877 1278 2931 demonstraret
1313 2890 1325 2925 :
1375 2881 1632 2941 tanquam
1669 2885 1775 2925 non
1830 2872 2008 2924 adhuc

430 2976 666 3031 habente
697 2980 896 3025 statum
928 2967 1109 3037 priore
1136 2965 1225 3019 illo
1258 2964 1628 3027 tabernaculo,
1655 2962 1749 3017 sed
1778 2961 1890 3030 jam
1923 2977 2007 3017 re-

428 3069 602 3122 velata
632 3072 940 3119 sanctorum
977 3062 1059 3115 via
1084 3060 1149 3125 9‘,
1193 3059 1448 3114 nimirum
1485 3058 1573 3111 illa
1616 3071 1736 3127 quae
1768 3057 1916 3111 ducit
1952 3057 2005 3110 in

433 3161 631 3214 Sancta
668 3165 996 3212 sanctorum.
1049 3151 1247 3206 Sancta
1287 3151 1432 3204 enim
1463 3158 1581 3203 erat
1612 3147 1800 3218 procul
1844 3146 2007 3201 dubio

432 3254 547 3321 ipsa
580 3250 661 3303 lex
689 3261 925 3318 quoque,
967 3243 1164 3315 quippe
1198 3257 1317 3313 quae
1337 3241 1564 3309 iustitiae
1614 3250 1730 3295 erat
1780 3238 2006 3304 arbitra,

430 3356 487 3397 et
521 3344 838 3412 paedagogus
878 3339 943 3391 ad
997 3337 1270 3391 Christum
1297 3333 1386 3387 ss:
1434 3335 1528 3387 sed
1574 3332 1727 3402 longe
1770 3332 2010 3386 sanctior

432 3434 753 3503 intelligitur
788 3431 874 3485 illa
909 3432 959 3483 in
1006 3428 1222 3483 Christo
1253 3427 1384 3492 vita,
1417 3436 1471 3480 et
1503 3426 1593 3481 illo
1619 3426 1686 3495 χιιι
1720 3424 1925 3479 umbris
1956 3434 2010 3479 et

432 3526 619 3595 ﬁguris
643 3524 785 3577 cultu
811 3521 1151 3590 praestantior
1181 3533 1245 3573 ac
1274 3518 1464 3572 melior
1491 3519 1536 3572 is
1570 3517 1661 3587 qui
1703 3517 1755 3571 in
1812 3517 2007 3586 spiritu

431 3629 485 3672 et
520 3616 745 3670 veritate
774 3612 1079 3667 exhibetur.
1114 3611 1196 3662 An
1236 3624 1365 3665 vero
1394 3624 1503 3663 non
1541 3609 1722 3664 divina
1757 3618 1812 3663 et
1845 3624 2008 3677 supra

429 3708 665 3765 hominis
724 3717 970 3760 naturam
1000 3701 1263 3773 ejusmodi
1301 3710 1427 3756 sunt
1459 3701 1667 3771 opera?
1697 3717 1876 3756 nonne
1917 3716 2009 3755 sa-

431 3802 625 3858 lutaris
665 3798 752 3854 illa
799 3797 980 3867 passio
1022 3796 1331 3851 versatilem
1383 3794 1531 3849 illum
1568 3794 1803 3865 gladium
1852 3795 2009 3848 cohi-

430 3897 568 3961 linit,
617 3905 671 3949 et
727 3893 997 3947 hominem
1050 3905 1241 3945 rursus
1286 3890 1339 3943 in
1392 3890 1701 3959 paradisum
1754 3887 2008 3942 induxit?

433 3988 577 4043 Dixit
610 3987 750 4041 enim
804 3984 1054 4040 Christus
1082 3982 1241 4038 simul
1272 3996 1532 4050 suspenso
1576 3980 1769 4034 latroni
1806 3999 1820 4033 :
1852 3998 1870 4030 ι
1901 3978 2010 4032 ilo-

434 4082 521 4134 die
552 4092 761 4133 mecum
795 4077 905 4130 eris
936 4075 991 4129 in
1030 4074 1281 4144 paradiso
1306 4073 1371 4125 ⁸⁸.
1412 4091 1431 4124 ι
1470 4069 1661 4127 Nonne
1690 4070 1891 4126 alTulsit
1924 4070 2010 4126 bis

433 4171 524 4240 qui
552 4170 605 4224 in
634 4168 873 4223 tenebris
898 4176 1078 4229 erant,
1108 4180 1229 4221 cum
1254 4174 1522 4236 potestate
1552 4164 1874 4229 inclamans,
1904 4161 2010 4217 Re-

432 4260 798 4319 velamini"?
840 4258 1133 4314 Evacuavit
1186 4258 1330 4312 enim
1384 4255 1590 4311 inferos
1641 4266 1700 4309 ut
1755 4254 1914 4321 Deus,
1957 4263 2011 4310 ct

433 4370 551 4421 eos,
595 4355 683 4424 qui
712 4353 784 4408 ibi
816 4362 993 4422 egant,
1043 4367 1072 4405 a
1124 4350 1357 4405 vinculis
1398 4349 1657 4404 relaxavit
1685 4348 1751 4403 ⁸⁸.
1787 4349 1853 4403 Et
1897 4349 2012 4418 ipse

2109 2056 2362 2125 πάρεστι,
2412 2053 2508 2105 καὶ
2555 2052 2583 2103 ὃ
2625 2050 2794 2104 πάλαι
2846 2049 3272 2120 προμεμήνυκεν
3314 2050 3570 2117 ἐσόμενον
3610 2049 3687 2112 ὼς

2107 2146 2262 2209 Θεὸς,
2296 2145 2582 2214 ἐπλήρωσε
2609 2142 2752 2195 κατὰ
2782 2142 3009 2212 καιροὺς
3038 2140 3395 2211 ἀνθρωπίνως
3424 2141 3687 2212 σταυρού-

2111 2254 2289 2308 μενος.
2335 2236 2639 2306 Μονονουχὶ
2682 2233 2790 2304 γὰρ
2844 2232 3100 2286 πενθικὸν
3148 2233 3361 2300 ἱμάτιον
3396 2236 3424 2287 6
3457 2233 3685 2304 οὐρανὸς

2107 2331 2199 2383 τὸν
2232 2329 2421 2381 σκότον
2456 2327 2725 2398 ὑπέσχετο
2746 2343 2757 2355 ⁸
2791 2328 2819 2379 ό
2847 2324 2999 2395 ἥλιος
3027 2325 3084 2377 δὲ
3110 2324 3221 2377 τῶν
3245 2324 3477 2378 ἀκτίνων
3505 2324 3565 2377 τὸ
3594 2325 3686 2377 σέ-

2108 2422 2205 2485 λας
2230 2421 2411 2475 οὐκέτι
2451 2420 2625 2483 διδοὺς
2652 2421 2762 2480 τοῖς
2790 2417 3191 2488 ἐμπαροινῆσαι
3219 2415 3577 2486 τετολμηκόσι
3606 2415 3687 2484 τῷ

2107 2516 2214 2569 τῶν
2244 2516 2380 2569 ὅλων
2405 2514 2651 2585 Δεσπότῃ
2680 2513 2772 2566 καὶ
2800 2510 2939 2581 Θεῷ,
2958 2511 3049 2563 τὸν
3078 2513 3157 2575 είς
3189 2509 3313 2563 νοῦν
3344 2510 3438 2564 καὶ
3457 2508 3686 2579 καρδίαν

2110 2611 2368 2679 ἐσόμενον
2414 2608 2598 2671 αὐτοῖς
2643 2609 3185 2678 προκαταμεμήνυκε
3219 2604 3428 2659 σκότον.
3482 2602 3685 2659 arma

2108 2706 2217 2771 γὰρ
2248 2718 2349 2754 που
2374 2702 2467 2754 καὶ
2492 2703 2520 2753 6
2553 2699 2823 2769 μακάριος
2848 2698 3014 2751 Δαϐὶδ
3048 2697 3178 2767 περὶ
3212 2695 3424 2749 αὑτῶνο
3455 2695 3685 2747 ι-Σκοτι-

2111 2793 2394 2863 σθήτωσαν
2426 2792 2475 2843 οἱ
2521 2789 2791 2859 ὀφθαλμοὶ
2821 2787 3019 2853 αὐτῶν,
3053 2786 3146 2840 τοῦ
3191 2788 3265 2858 μὴ
3298 2786 3538 2855 βλέπειν,
3586 2786 3685 2838 καὶ

2107 2884 2199 2938 τὸν
2248 2883 2414 2937 νῶτον
2455 2882 2633 2936 αὐτῶν
2679 2881 2971 2944 διαπαντὸς
3008 2880 3352 2950 σύγκαμψον.
3386 2899 3405 2931 ι
3450 2882 3684 2951 Διερρή-

2109 2993 2272 3045 γνυτο
2319 2976 2377 3029 δὲ
2425 2975 2518 3028 καὶ
2563 2975 2625 3027 τὸ
2658 2975 3065 3044 καταπέτασμα
3110 2973 3203 3026 τοῦ
3254 2973 3408 3037 ναοῦ,
3454 2976 3567 3036 τοῖς
3606 2975 3686 3036 εἰς

2111 3069 2273 3122 αὑτὸν
2331 3070 2680 3122 πιστεύουσιν
2717 3066 3055 3120 ἐκκαλύπτον
3102 3067 3202 3138 ἤδη
3250 3066 3321 3120 τὰ
3356 3068 3528 3135 Ἀγια
3575 3066 3687 3119 τῶν

2113 3161 2305 3229 ἁγίων,
2351 3162 2446 3213 καὶ
2484 3160 2554 3214 τὰ
2596 3162 2850 3214 ἐσωτάτω
2898 3159 3176 3214 δεικνύονο
3231 3160 3307 3224 ὡς
3352 3160 3536 3213 οὐκέτι
3588 3160 3687 3229 μὲν

2112 3252 2341 3323 ἐχούσης
2376 3252 2563 3306 στάσιν
2585 3253 2681 3323 τῆς
2713 3252 2937 3323 πρώτης
2966 3252 3190 3323 σκηνῆς,
3220 3251 3686 3323 πεφανερωμένης

2110 3345 2166 3398 δὲ
2202 3346 2303 3416 ήδη
2331 3346 2427 3415 τῆς
2460 3345 2568 3397 τῶν
2604 3345 2772 3413 ἁγίων
2803 3343 2945 3406 ὀδοῦ,
2974 3343 3133 3413 δῆλον
3170 3344 3225 3395 δὲ
3258 3345 3337 3396 ὅτι
3372 3344 3472 3413 τῆς
3504 3345 3582 3405 εἰς
3618 3343 3688 3395 τὰ

2115 3437 2281 3504 ’Ἅγια
2314 3436 2424 3490 τῶν
2449 3436 2643 3504 ἀγίων’
2677 3437 2832 3503 ἅγιος
2861 3435 2957 3505 μὲν
2991 3435 3099 3506 γὰρ
3128 3434 3572 3505 ὁμολογουμένως
3593 3434 3689 3487 καὶ

2112 3530 2139 3581 ό
2168 3529 2327 3599 νόμος
2360 3524 2449 3599 ἦν,
2484 3530 2566 3581 ὅτι
2600 3528 2692 3580 καὶ
2716 3527 3060 3598 δικαιοσύνης
3086 3527 3371 3596 πρύτανις,
3409 3526 3601 3594 γέγονε
3629 3526 3685 3577 δέ

2112 3622 2208 3676 καὶ
2267 3620 2614 3689 παιδαγωγὸς
2673 3621 2753 3683 εἰς
2803 3619 3069 3690 Χριστόν’
3128 3620 3403 3689 ἀγιωτέρα
3458 3636 3521 3687 γε
3580 3618 3687 3689 μὴν

2110 3713 2458 3784 ἀσυγκρίτως
2503 3715 2536 3783 ἠ
2571 3714 2628 3765 ἐν
2660 3712 2882 3783 Χριστῷ
2929 3714 3129 3765 νοεῖται
3178 3712 3291 3782 ζωὴ
3320 3752 3333 3774 ,
3366 3711 3460 3764 καὶ
3493 3709 3593 3781 τῆς
3630 3712 3687 3763 ἐν

2113 3808 2341 3878 σκηναῖς
2372 3804 2389 3876 Ῐ
2414 3807 2500 3858 ἵσ.
2538 3804 2759 3876 σκιαῖς]
2789 3805 2883 3859 καὶ
2909 3805 3097 3869 τύποις
3124 3805 3379 3874 λατρείας
3416 3821 3689 3877 προφερε-

2114 3899 2281 3969 στέρα
2323 3913 2385 3949 τε
2429 3896 2523 3948 κα)⁵
2569 3897 2626 3948 ἐν
2676 3894 2957 3966 ἀμείνοσιν
3000 3896 3033 3966 ἡ
3079 3896 3135 3948 ἐν
3176 3894 3447 3964 πνεύματί
3488 3912 3547 3946 τε
3597 3896 3690 3948 καὶ

2109 3990 2361 4062 ἀληθείᾳ.
2393 3987 2540 4059 Ἀρα
2584 3989 2705 4059 οὐχὶ
2750 3989 3065 4060 θεοπρεπῆ,
3099 3988 3199 4043 καὶ
3234 3988 3373 4059 ὑπὲρ
3398 3986 3689 4059 ἀνθρώπου

2112 4083 2275 4151 φύσιν
2321 4080 2390 4133 τά
2417 4080 2595 4134 τοιάδε
2639 4079 2744 4133 τῶν
2780 4078 3221 4149 κατορθωμάτων
3248 4076 3355 4132 εἷεν
3384 4080 3484 4143 ἇν;
3515 4079 3588 4131 Οὐ
3626 4079 3690 4131 τὸ

2114 4173 2378 4242 σωτήριον
2408 4171 2579 4233 πάθος
2630 4168 2982 4240 δεδυσώπηκε
3031 4170 3129 4241 μὲν
3167 4170 3265 4241 τὴν
3310 4168 3688 4241 στρεφομένην

2116 4263 2410 4334 ῥομφαίαν,
2445 4262 2796 4332 είσκεκόμικε
2831 4261 2886 4315 δὲ
2927 4261 3090 4316 πάλιν
3139 4264 3197 4315 ἐν
3246 4262 3322 4332 τῷ
3376 4262 3689 4334 παραδείσῳ

2112 4354 2204 4409 τὸν
2256 4354 2573 4427 ἄνθρωπον;
2613 4355 2755 4424 Ἔφη
2791 4354 2901 4426 γὰρ
2929 4355 2957 4406 6
2984 4354 3217 4425 Χριστὸς
3264 4352 3342 4425 τῷ
3372 4370 3687 4423 συγκρεμα-

432 4456 551 4502 erat
588 4446 680 4517 qui
738 4445 865 4500 olim
926 4444 992 4497 ad
1046 4440 1499 4512 patientissimum
1552 4439 1653 4495 Job
1710 4441 2006 4495 clamavit:

2119 4446 2265 4517 μένῳ
2293 4446 2491 4517 λῃστῇν
2530 4464 2547 4497 ι
2584 4446 2833 4517 Σήμερον
2864 4446 2979 4517 μετ’
3010 4444 3144 4515 ἐμοῦ
3180 4446 3278 4517 ἔσῃ
3311 4448 3368 4499 ἐν
3398 4445 3475 4517 τῷ
3510 4462 3689 4516 παρα-

438 4561 456 4593 ι
498 4537 704 4593 Venisti
735 4537 804 4592 ad
836 4535 1060 4590 fundum
1103 4535 1291 4601 maris,
1329 4542 1385 4588 et
1420 4534 1475 4588 in
1517 4533 1798 4603 profundis
1824 4533 2005 4603 abyssi

432 4627 830 4687 deambulasti?
862 4627 1265 4697 Aperiunturne
1314 4623 1413 4679 tibi
1456 4633 1603 4679 metu
1647 4635 1816 4693 porta:
1858 4640 2006 4678 mor-

431 4725 542 4788 tis,
597 4732 652 4777 et
701 4721 966 4790 ianitores
1013 4717 1234 4785 inferni,
1270 4725 1321 4772 te
1367 4726 1681 4786 couSpecto,
1719 4727 1842 4771 sunt
1900 4725 2009 4771 ter-

431 4813 618 4872 riti”?
674 4831 693 4865 ι
727 4813 835 4867 (iur
878 4811 1043 4880 igitur
1085 4825 1173 4865 res
1218 4811 1353 4865 adeo
1402 4810 1613 4865 divinas
1651 4809 1742 4863 uni
1786 4824 1854 4864 ex
1904 4824 2005 4865 no-

430 4918 545 4965 stro
577 4919 805 4961 numero
836 4913 888 4959 et
921 4904 1121 4958 homini
1171 4901 1345 4957 solum
1378 4902 1613 4958 tribuere
1655 4917 1764 4957 non
1812 4903 2007 4958 erube-

431 4999 585 5057 scis?
635 4996 811 5068 Ipsum
861 5010 1096 5065 namque
1153 4994 1245 5050 Dei
1276 4994 1536 5061 Verbum,
1589 5005 1807 5065 accepta
1858 4995 2002 5050 servi

433 5092 628 5158 forma,
656 5105 778 5145 cum
810 5089 961 5144 carni
993 5097 1048 5143 et
1077 5088 1325 5157 sanguini
1368 5090 1843 5157 communicasset,
1872 5105 2002 5159 pro-

432 5185 611 5256 prium
638 5199 833 5254 corpus
850 5192 1066 5252 propter
1083 5197 1181 5237 nos
1202 5181 1357 5236 morti
1378 5183 1507 5237 dare
1525 5197 1629 5235 non
1652 5181 1933 5253 refugisse,
1953 5192 2008 5238 et

432 5295 557 5336 cum
581 5288 723 5333 esset
742 5293 807 5333 ex
829 5287 956 5332 natu
967 5293 1021 5331 ra
1040 5278 1378 5347 impatibilis,
1398 5292 1561 5332 carne
1575 5292 1793 5347 passum
1813 5288 2007 5347 sponte

440 5372 597 5443 137
621 5370 803 5437 fuisse,
830 5371 986 5427 (idem
1012 5371 1170 5426 faciet
1197 5372 1383 5426 beatus
1405 5367 1602 5424 Paulus
1623 5384 1744 5425 cum
1772 5370 1964 5423 scribit
1989 5387 2004 5422 :

442 5462 707 5520 tGratias
755 5472 972 5534 agentes
1023 5463 1197 5529 Patri,
1250 5461 1342 5531 qui
1392 5476 1489 5516 nos
1537 5459 1729 5532 dignos
1777 5458 1903 5515 fecit
1951 5460 2007 5514 in

2115 4540 2296 4611 δείσῳ.
2332 4559 2349 4590 ι
2383 4542 2497 4593 Οὐκ
2531 4538 2813 4608 ἐπέλαμψε
2843 4542 2953 4601 τοῖς
2979 4539 3036 4593 ἐν
3068 4540 3263 4609 σκότῳ,
3298 4538 3415 4609 μετ’
3446 4538 3689 4604 ἐξουσίας

2114 4632 2402 4701 ἐπιφωνῶν
2454 4631 2552 4697 τὸ,
2605 4630 3082 4702 Ἀνακαλύφθητε;
3130 4631 3419 4684 Κεκένωκε
3453 4631 3563 4702 γάρ
3600 4631 3691 4684 τὸν

2115 4726 2248 4798 ᾅδην
2274 4724 2349 4788 ὡς
2378 4724 2530 4789 Θεὸς,
2566 4726 2659 4777 καὶ
2688 4723 2903 4794 δεσμῶν
2932 4724 3101 4794 ἀνῆκε
3126 4723 3254 4786 τοὺς
3285 4724 3341 4776 ἐν
3372 4720 3523 4793 αὐτῷ
3541 4738 3554 4752 ·
3597 4723 3693 4776 καὶ

2116 4818 2282 4881 αὐτὸς
2307 4813 2375 4889 ἦν
2399 4816 2426 4868 6
2458 4817 2625 4871 πάλαι
2656 4815 2793 4887 βοῶν
2818 4816 2955 4887 πρὸς
2984 4817 3074 4869 τὸν
3094 4813 3536 4886 τληπαθέστατον
3552 4811 3690 4866 Ἰώ6’

2122 4908 2354 4974 «Ἦλθες
2387 4911 2481 4963 ἐπὶ
2504 4908 2682 4981 πηγὴν
2715 4909 3011 4979 θαλάσσης,
3042 4911 3099 4961 ἐν
3131 4908 3189 4961 δέ
3223 4907 3424 4978 ἴχνεσιν
3454 4906 3691 4961 ἀϐύσσου

2116 4984 2530 5074 περιεπάτησας
2552 5019 2566 5067 ;
2586 5000 2917 5068 Ἀνοίγονταί
2955 5017 3035 5052 σοι
3061 5000 3211 5070 φόϐῳ
3238 4998 3404 5052 πύλαι
3439 4998 3689 5062 θανάτου,

2114 5094 2355 5167 πυλωροὶ
2383 5094 2440 5146 δὲ
2470 5094 2595 5164 ᾆδου
2630 5093 2829 5156 ἰδόντες
2865 5110 2923 5144 σε
2952 5090 3230 5163 ἐπτηξαν;
3273 5110 3291 5143 ι
3324 5091 3389 5144 Τί
3417 5091 3599 5144 τοίνυν
3628 5089 3696 5143 τὰ

2114 5188 2195 5241 ἔτι
2227 5185 2335 5258 [Ion
2370 5185 2537 5257 οὕτω]
2566 5185 2846 5258 θεοπρεπῆ
2877 5183 2986 5237 τῶν
3014 5184 3136 5238 καθ’
3164 5186 3311 5255 ἡμᾶς
3354 5183 3433 5236 ἐνὶ
3475 5182 3570 5235 καὶ
3597 5182 3695 5235 ἀν-

2117 5280 2319 5352 θρώπῳ
2348 5280 2495 5350 μόνῳ
2518 5281 2840 5351 προσνέμων
2873 5279 2973 5332 οὐκ
2998 5277 3257 5350 ἐρυθριᾷς
3277 5294 3291 5342 ;
3315 5277 3437 5330 Ὅτι
3469 5276 3578 5347 γὰρ
3600 5274 3695 5330 αὐ-

2115 5374 2205 5437 τὸς
2236 5375 2264 5427 ὁ
2300 5372 2393 5427 τοῦ
2423 5373 2559 5427 Θεοῦ
2584 5373 2775 5441 Λόγος,
2813 5371 3028 5444 μορφὴν
3053 5370 3239 5425 δούλου
3270 5368 3473 5433 λαϐὼν,
3498 5369 3696 5439 σαρκός

2116 5481 2174 5517 τε
2208 5466 2298 5517 καὶ
2329 5465 2557 5534 αἵματος
2597 5463 3012 5534 κεκοινωνηκὼς
3034 5504 3047 5529 ,
3088 5463 3355 5534 ἠνέσχετο
3389 5462 3488 5533 μὲν
3515 5459 3696 5513 δοῦναι

494 5646 540 5679 ⁸⁸
576 5644 762 5702 lauit.
794 5658 962 5709 xxvu,
990 5644 1075 5698 46.
1152 5645 1197 5675 ⁸¹
1225 5642 1325 5699 lsa.
1360 5660 1410 5708 ι.,
1438 5644 1492 5698 3.
1570 5640 1614 5672 ⁸³
1645 5640 1783 5695 Psal.
1814 5656 2003 5707 varn,

2110 5685 2115 5696 .
2194 5641 2240 5672 "'
2265 5640 2423 5695 Hebr.
2462 5658 2538 5711 ιιι,
2569 5644 2621 5701 8.
2703 5644 2747 5677 "
2784 5642 2961 5699 Gal-at.
2997 5658 3081 5712 ιιι,
3117 5640 3206 5696 24.
3285 5642 3329 5673 ⁸⁸
3366 5639 3497 5697 Luc.
3538 5653 3697 5703 χχιιι,

439 5715 527 5776 4⁸5.
604 5717 647 5749 ⁸⁷
679 5718 781 5771 lsa.
815 5731 937 5772 nix
998 5718 1079 5771 19.
1156 5717 1199 5749 ⁸⁸
1232 5718 1249 5773 ι
1283 5714 1423 5773 Pctr.
1466 5731 1545 5785 tn,
1588 5713 1671 5767 l9.
1749 5712 1791 5742 '9
1823 5712 1922 5771 Job
1989 5730 2006 5766 ιι

2110 5727 2220 5777 m1,
2266 5712 2353 5780 Π,
2403 5714 2483 5771 l8.
