4104 6336
424 314 546 374 ’237

437 439 519 510 τῷ
561 441 779 516 θανάτῳ
822 444 881 501 τὸ
918 446 1059 502 ’ἴδιον
1099 446 1257 521 σῶμα
1293 447 1372 507 δι’
1420 458 1589 528 ἡμᾶς,
1629 462 1722 515 καὶ

437 533 653 605 ἀπαθὴς
683 538 822 592 κατά
870 540 1054 608 φύσιν,
1104 544 1268 615 σαρκὶ

438 639 590 676 σεται
624 626 850 696 γράφων
874 631 901 682 ό
926 632 1200 702 πάνσοφος
1225 637 1461 701 Παῦλος·
1497 659 1516 691 ‹
1552 638 2018 716 Εὑχαριστοῦντες

432 712 512 783 τῷ
544 715 716 786 Πατρὶ
744 718 823 789 τῷ
868 720 1193 778 ἱκανώσαντι
1253 728 1397 797 ἡμᾶς
1435 732 1517 794 είς
1547 712 1662 804 τὴν
1686 712 1881 805 μερίδα
1919 712 2015 793 τοῦ

432 804 636 877 κλήρου
676 808 785 862 τῶν
815 812 987 880 ἀγίων
1032 815 1089 866 ὲν
1121 815 1199 885 τῷ
1235 819 1397 886 φωτὶ,
1444 820 1503 884 ὃς
1551 804 1824 896 ἐρρύσατο
1869 831 2015 900 ἡμᾶς

431 896 499 949 ἐκ
520 898 621 975 τῇς
642 899 893 967 ἐξουσίας
921 904 1018 958 τοῦ
1052 907 1297 973 σκότους,
1331 912 1425 964 καὶ
1455 915 1790 987 μετέστησεν
1814 896 2012 991 είς-τὴν

428 987 708 1056 βασιλείαν
741 994 834 1047 τοῦ
864 995 994 1049 Υίοῦ
1029 998 1129 1067 τῆς
1176 1001 1399 1072 ἀγάπης
1430 1004 1617 1069 αὐτοῦ,
1651 1009 1710 1060 ὲν
1742 1002 1787 1077 ᾧ
1814 987 2011 1081 ἔχομεν

426 1079 530 1152 τὴν
546 1082 952 1156 ἀπολύτρωσιν,
977 1090 1079 1159 τὴν
1099 1091 1295 1160 ἄφεσιν
1323 1094 1431 1146 τῶν
1458 1097 1761 1168 ἁμαρτιῶν·
1783 1079 2009 1165 ὃςέστιν

410 1173 587 1228 εἰκὼν
634 1176 727 1230 τοῦ
780 1179 918 1234 Θεοῦ
967 1182 1062 1235 τοῦ
1113 1184 1368 1255 ἀοράτου,
1430 1190 1776 1259 πρωτότοκος
1828 1195 2008 1264 πάσης

422 1267 651 1333 κτίσεως
670 1287 684 1301 θ
726 1272 808 1324 ὅτι
847 1276 904 1326 ὲν
933 1275 1083 1346 αὐτῷ
1122 1279 1349 1349 ἐκτίσθη
1388 1281 1458 1334 τὰ
1487 1283 1662 1337 πάντα
1690 1287 1749 1338 ὲν
1776 1290 1887 1351 τοῖς
1914 1291 2007 1342 οὐ·

421 1364 603 1431 ρανοῖς
640 1364 735 1416 καὶ
770 1365 864 1419 ἐπὶ
911 1368 1010 1436 τῆς
1056 1369 1181 1439 γῆς,
1216 1371 1283 1424 τὰ
1316 1374 1485 1443 όρατά
1515 1376 1608 1429 καὶ
1652 1376 1722 1430 τὰ
1755 1378 1961 1451 ἀόρατα
1985 1397 2000 1412 ·

404 1452 528 1505 ἐῐτε
552 1454 766 1524 Θρόνοι,
794 1457 905 1510 εἴτε
932 1461 1289 1533 Κυριότητες,
1320 1465 1429 1517 εἴτε
1475 1467 1689 1537 Ἀρχαὶ,
1725 1471 1835 1522 εἴτε
1870 1471 1999 1537 ’Ἐξ-

411 1547 615 1610 ουσίαι,
662 1547 728 1600 τὰ
766 1549 957 1605 ’πάντα
983 1551 1049 1605 δι’
1080 1554 1245 1608 αὐτοῦ
1276 1557 1370 1610 καὶ
1400 1559 1480 1621 είς
1524 1559 1686 1613 αὑτὸν
1719 1561 1961 1618 ἔκτισται
1982 1584 1995 1597 ·

412 1638 507 1691 καὶ
540 1640 702 1703 αὐτός
730 1642 848 1695 ἐστι
886 1643 993 1714 πρὸ
1024 1644 1264 1712 πάντων,
1298 1649 1393 1702 καὶ
1421 1648 1492 1702 τὰ
1525 1652 1706 1706 πάντα
1745 1655 1803 1706 ὲν
1849 1656 1999 1727 αὑτῷ

414 1728 709 1800 συνέστηκε
730 1748 743 1761 ο
778 1733 873 1785 καὶ
909 1734 1070 1797 αὐτός
1113 1737 1262 1789 ἐστιν
1291 1740 1323 1808 ἡ
1367 1740 1577 1811 κεφαλὴ
1609 1742 1705 1795 τοῦ
1742 1744 1993 1815 σώματος

411 1819 508 1887 τῆς
543 1819 895 1892 Ἐκκλησίας,
926 1825 985 1889 ὃς
1013 1827 1160 1879 ἐστιν
1191 1829 1334 1899 ἀρχὴ
1358 1870 1373 1894 ,
1424 1832 1769 1902 πρωτότοκος
1793 1838 1859 1889 ὲκ
1886 1838 1993 1891 τῶν

409 1910 639 1979 νεκρῶν,
683 1912 772 1966 ἵνα
800 1915 1028 1985 γένηται
1061 1918 1119 1969 ἐν
1169 1920 1336 1973 πᾶσιν
1385 1922 1550 1985 αὐτὸς
1592 1926 1910 1996 πρωτεύων.
1963 1950 1981 1981 ι

418 2000 550 2055 Ἰδοὺ
597 2002 659 2073 δὴ
703 2006 798 2058 καὶ
835 2006 979 2075 μάλα
1012 2009 1200 2077 σαφῶς
1246 2013 1275 2063 ό
1309 2012 1418 2065 τῶν
1463 2015 1629 2067 αὑτοῦ
1666 2020 1986 2090 μυστηρίων

406 2093 708 2165 ῖερουργδς,
744 2098 907 2151 αὐτὸν
933 2098 1044 2169 ἔφη
1081 2102 1172 2155 τὸν
1201 2103 1268 2155 δι’
1300 2098 1359 2157 οῦ
1389 2105 1456 2158 τὰ
1490 2107 1686 2168 πάντα,
1723 2110 1818 2163 καὶ
1849 2113 1906 2163 ἐν
1940 2106 1985 2179 ᾧ

400 2188 471 2240 τὰ
503 2189 681 2243 πάντα
704 2190 843 2244 Θεὸν
888 2193 1082 2261 Λόγον,
1111 2194 1171 2259 ὃς
1202 2198 1350 2250 ἐστιν
1378 2198 1542 2251 εἰκὼν
1589 2201 1684 2253 τοῦ
1713 2203 1849 2256 Θεοῦ
1888 2207 1981 2258 τοῦ

403 2277 659 2347 ἀοράτου,
696 2278 786 2332 τὸν
813 2279 882 2333 δι’
910 2274 969 2335 οῦ
999 2284 1261 2354 παρήχθη
1306 2286 1442 2358 πρὸς
1475 2286 1710 2360 ὓπαρξιν
1739 2292 1809 2345 τά
1835 2310 1892 2345 τε
1924 2297 1981 2347 ἐν

401 2371 515 2432 τοῖς
544 2371 815 2440 οὐρανοῖς,
854 2373 948 2426 καὶ
985 2375 1055 2427 τὰ
1086 2376 1180 2428 ἐπὶ
1204 2377 1306 2445 τῆς
1349 2378 1473 2448 γῆς,
1502 2380 1569 2434 τὰ
1597 2383 1770 2453 ὁρατά
1796 2401 1855 2437 τε
1886 2385 1979 2437 καὶ

399 2459 606 2529 ἀόρατα
625 2500 639 2524 ,
664 2462 756 2515 τὸν
798 2464 929 2517 ὄντα
960 2466 1067 2535 πρὸ
1102 2467 1342 2533 πάντων,
1379 2471 1436 2521 ἐν
1532 2472 1601 2526 τὰ
1634 2474 1812 2528 πάντα
1852 2494 1978 2529 συν-

398 2551 619 2622 ἐστηκε,
664 2556 906 2628 κεφαλὴν
930 2558 1179 2612 δεδόσθαι
1224 2564 1290 2632 τῇ
1335 2563 1651 2637 Ἐκκλησία,
1687 2567 1782 2619 καὶ
1814 2568 1976 2621 αὐτὸν

394 2635 535 2695 εἶναι
572 2645 915 2714 πρωτότοκον
945 2648 1010 2700 ὲκ
1032 2649 1261 2720 νεκρῶν.
1281 2651 1419 2704 Ἀλλ’
1446 2652 1614 2720 ἐστιν,
1649 2655 1779 2719 ἴσως
1805 2658 1970 2729 ἐρεῖς,

393 2734 537 2788 κατὰ
565 2737 727 2805 φύσιν
756 2737 890 2809 ζωὴ,
921 2741 949 2792 ὁ
969 2741 1032 2792 ὲκ
1054 2740 1191 2794 Θεοῦ
1216 2744 1432 2816 Πατρλὸς
1452 2747 1627 2814 Λόγος
1645 2765 1657 2775 ·
1687 2745 1803 2802 εἶτα
1833 2750 1970 2813 πῶς,

393 2824 426 2893 ἦ
456 2824 575 2879 τίνα
603 2826 668 2898 δὴ
695 2829 897 2899 τρόπον
929 2830 1153 2902 τεθναίη
1187 2834 1219 2902 ή
1252 2832 1402 2904 Coiﬁ;
1434 2836 1660 2900 Καλῶς·
1695 2841 1971 2909 ἀναγκαία

392 2919 488 2971 καὶ
520 2920 811 2992 ὲπωφελὴς
837 2924 872 2993 ἡ
906 2924 1097 2988 πεῦσις
1121 2942 1135 2955 ο
1165 2926 1361 2980 οὐκοῦν
1404 2930 1483 2992 εἰς
1509 2930 1607 3001 τὴν
1636 2932 1730 2985 τοῦ
1762 2952 1970 3004 μυστη-

391 3008 509 3076 ρίου
540 3010 769 3081 δύναμιν
801 3014 1094 3085 χρησίμως
1128 3018 1623 3089 παραλαμϐάνεται
1674 3026 1754 3090 τὸ,
1791 3028 1970 3099 σάρκα

384 3100 641 3167 γενέσθαι
673 3104 810 3156 νοεῖν
855 3121 914 3156 τε
940 3107 1033 3158 καὶ
1077 3106 1279 3175 λέγειν,
1312 3110 1404 3163 τὸν
1435 3111 1522 3165 ἀεί
1553 3131 1611 3165 τε
1643 3114 1839 3182 ζῶντα,
1874 3120 1968 3171 καὶ

1498 335 1872 397 ἈῙΝΕΒΞὈΞ
1913 341 2319 406 NESTORIUM
2354 351 2480 412 LIB.
2516 356 2583 413 V.

3599 382 3705 439 238

1754 464 2019 537 ὑπάρχων
2047 478 2093 535 Α
2122 480 2331 539 partem
2373 477 2536 532 sortis
2571 489 2883 538 sanctorum
2922 485 2974 540 in
3001 485 3225 556 lumine,
3254 494 3345 559 qui
3379 498 3577 569 eripuit
3603 519 3705 560 nos

1302 548 1571 604 πέπονθεν
1612 553 1776 619 ἑκὼν,
1814 558 2020 611 πιστώ-

2124 565 2190 618 de
2229 575 2495 634 potestate
2541 572 2908 641 tenebrarum,
2959 586 3012 634 et
3062 586 3336 641 transtulit
3375 589 3430 645 in
3463 565 3702 664 regnum

2120 654 2241 711 Filii
2270 657 2573 719 dilectionis
2597 680 2727 731 sum,
2754 667 2804 721 in
2829 685 2937 739 quo
2961 672 3223 733 habemus
3247 654 3697 756 redemptio—nem,

2119 751 2495 808 remissionem
2526 766 2906 827 peccatorum;
2936 765 3026 832 qui
3064 777 3149 821 est
3196 769 3374 841 imago
3410 774 3503 831 Dei
3548 779 3695 837 invi-

2118 841 2313 908 sibilis,
2348 847 2740 919 primogenitus
2786 856 2963 911 omnis
2993 868 3292 929 creaturae;
3328 868 3452 936 quia
3494 869 3546 925 in
3580 873 3697 944 ipso

2116 937 2335 990 condita
2366 948 2489 992 sunt
2516 941 2696 995 omnia
2739 944 2789 996 in
2822 945 2972 1001 caelis
3008 956 3062 1002 et
3095 951 3147 1003 in
3181 959 3347 1020 terra,
3381 937 3616 1017 visibilia
3642 974 3698 1019 et

2115 1023 2429 1093 invisibilia,
2486 1030 2603 1084 sive
2656 1032 2881 1101 Throni,
2939 1039 3053 1095 sive
3104 1043 3531 1117 Dominationes,
3582 1054 3697 1110 sive

2108 1114 2477 1187 Principatus,
2506 1123 2619 1178 sive
2648 1125 2975 1194 Potestates,
3014 1136 3196 1188 omnia
3229 1153 3324 1206 per
3347 1139 3522 1208 ipsum
3554 1154 3608 1199 et
3637 1147 3692 1202 in

2111 1207 2286 1276 ipsum
2323 1223 2507 1266 creata
2539 1230 2695 1281 sunt;
2734 1230 2785 1273 et
2830 1222 2942 1289 ipse
2971 1238 3055 1278 est
3097 1239 3221 1282 ante
3252 1234 3454 1295 omnia.
3487 1246 3541 1292 et
3569 1254 3690 1295 om-

2109 1300 2194 1351 nia
2252 1302 2305 1354 in
2369 1302 2486 1372 ipso
2524 1316 2809 1377 constant;
2859 1323 2913 1367 et
2955 1315 3073 1385 ipse
3115 1329 3197 1373 est
3248 1331 3692 1399 eaputcorporis

2106 1390 2385 1459 Ecclesiae,
2414 1398 2503 1465 qui
2532 1408 2619 1454 est
2648 1403 2997 1472 principium,
3026 1410 3418 1481 primogenitus
3446 1434 3513 1474 ex
3542 1438 3689 1478 mor-

2107 1484 2251 1537 tuis?
2279 1497 2335 1540 ut
2363 1489 2431 1541 sit
2460 1489 2512 1542 in
2548 1494 2801 1548 omnibus
2852 1497 2963 1566 ipse
2996 1500 3289 1568 primatum
3342 1518 3530 1565 tenens
3554 1512 3621 1569 ’°.
3658 1533 3680 1567 ι

2104 1574 2373 1643 Eceejam
2409 1583 2751 1649 apertissime
2775 1585 2862 1642 ille
2896 1593 3277 1661 mysteriorum
3303 1597 3396 1654 Dei
3431 1607 3686 1662 sacerdos
3756 1590 3757 1595 γ

2102 1664 2250 1719 illum
2294 1667 2465 1724 Deum
2501 1672 2738 1729 Verbum
2784 1694 2880 1747 per
2928 1696 3087 1750 quem
3137 1686 3316 1740 omnia
3364 1700 3423 1744 et
3470 1692 3525 1748 in
3572 1710 3684 1766 quo

2099 1759 2300 1825 omnia,
2348 1762 2437 1830 qui
2494 1774 2576 1819 est
2638 1771 2818 1840 imago
2874 1770 2970 1827 Dei
3026 1775 3331 1847 invisibilis,
3383 1784 3531 1841 illum
3583 1759 3683 1859 per

2021 1870 2065 1924 Β
2094 1863 2254 1917 quem
2293 1863 2350 1906 ut
2389 1867 2573 1911 essent
2615 1863 2878 1927 producta
2918 1876 3045 1921 sunt
3089 1881 3143 1924 et
3175 1886 3297 1941 quae
3347 1875 3400 1931 in
3440 1880 3593 1935 caelis
3622 1893 3680 1937 et

2090 1956 2211 2009 quae
2248 1944 2299 1996 in
2338 1954 2502 2012 terra,
2538 1950 2773 2007 visibilia
2808 1964 2863 2009 et
2911 1958 3226 2031 invisibilia,
3275 1966 3422 2022 illum
3448 1972 3545 2041 qui
3590 1982 3678 2029 est

2088 2041 2215 2086 ante
2261 2039 2467 2101 omnia,
2518 2040 2571 2093 in
2608 2056 2715 2110 quo
2765 2047 2947 2103 omnia
3001 2062 3274 2122 constant,
3324 2039 3499 2128 ipsum
3538 2064 3676 2120 dixit

2084 2137 2248 2196 caput
2277 2144 2399 2186 esse
2426 2132 2610 2187 datum
2645 2137 2923 2207 Ecclesiae,
2958 2155 3012 2198 et
3044 2145 3219 2213 ipsum
3250 2164 3373 2208 esse
3396 2154 3673 2228 primoge-

2084 2217 2255 2272 nitum
2303 2236 2369 2275 ex
2418 2227 2644 2281 mortuis
2719 2230 2825 2285 Sed
2882 2234 3028 2290 dices
3086 2238 3316 2297 fortasse
3357 2260 3373 2297 :
3411 2247 3670 2305 Concedo

2082 2310 2334 2377 equidem
2365 2313 2496 2369 illud
2529 2332 2593 2371 ex
2610 2318 2727 2376 Deo
2760 2321 2923 2380 Patre
2953 2327 3190 2386 Verbum
3224 2349 3346 2392 esse
3378 2352 3446 2393 ex
3474 2350 3669 2399 natura

2082 2400 2281 2467 vitam;
2311 2405 2403 2459 sed
2428 2423 2535 2477 quo
2576 2412 2759 2472 modo.
2800 2431 2977 2486 quave
3008 2422 3220 2478 ratione
3253 2427 3357 2482 vita
3390 2433 3527 2485 mori
3558 2448 3659 2503 po-

2082 2494 2225 2547 tuit?
2249 2495 2539 2563 Praeclare,
2574 2510 2881 2561 necessaria
2929 2520 2983 2565 et
3023 2516 3269 2581 perutilis
3301 2530 3386 2574 est
3411 2527 3659 2591 quaestio.

2080 2583 2221 2654 Ergo
2271 2591 2339 2640 ad
2384 2595 2626 2661 mysterii
2673 2597 2780 2651 vim
2828 2600 2959 2655 illud
3011 2604 3216 2661 utiliter
3253 2583 3566 2681 assumitur,
3603 2627 3666 2673 ut

2079 2674 2444 2747 intelligamus
2496 2695 2660 2756 atque
2709 2691 2874 2745 etiam
2934 2693 3180 2753 dicamus
3221 2700 3397 2769 ipsum
3447 2721 3664 2775 semper

2076 2767 2264 2821 vivens
2308 2780 2363 2824 et
2398 2773 2679 2831 viviﬁcans
2723 2778 2815 2834 Dei
2855 2781 3092 2839 Verbum
3140 2801 3359 2845 carnem
3403 2808 3524 2849 esse
3574 2798 3661 2850 fa-

2074 2866 2245 2923 ctum,
2280 2860 2384 2915 hoc
2411 2873 2510 2927 est,
2543 2881 2741 2938 corpus
2782 2870 2915 2927 illud
2945 2877 3088 2942 quod
3123 2890 3351 2935 mortem
3382 2886 3660 2955 suscipere

2070 2961 2282 3018 posset,
2318 2956 2599 3023 proprium
2631 2959 2734 3013 sibi
2776 2960 2998 3030 fecisse,
3032 2977 3090 3020 ut
3116 2968 3288 3038 ipsum
3322 2988 3538 3041 passum
3576 2978 3658 3029 in.

2073 3039 2370 3110 telligatur,
2420 3046 2546 3115 quia
2598 3054 2879 3120 proprium
2922 3056 3091 3125 ipsius
3130 3074 3351 3127 passum
3400 3075 3486 3120 est
3533 3082 3656 3123 cor-

2072 3147 2192 3201 pus.
2229 3134 2321 3189 Sic
2354 3152 2589 3207 namque
2634 3142 2808 3212 ipsum
2843 3145 3044 3213 factum
3076 3152 3345 3219 primitias
3386 3156 3658 3215 dormien-

385 3189 647 3254 ζωοποιὸν
673 3192 767 3246 τοῦ
802 3194 937 3247 Θεοῦ
986 3197 1180 3265 Λόγον,
1214 3201 1513 3266 τουτέστιν,
1561 3203 1691 3259 ἴδιον
1740 3212 1965 3281 ποιήσα-

385 3281 505 3318 nam:
543 3283 700 3318 πίτυν-
735 3284 795 3318 φλ
826 3284 1054 3318 (lunulam.
1103 3289 1351 3318 k-..-._.)...
1428 3294 1510 3318 1'.._
1558 3298 1718 3318 ..-τμη
1855 3302 1911 3318 nu

2073 3189 2089 3201 .
2431 3189 2587 3207 ,-,1_-
2634 3189 2808 3212 ,τη-η..
2843 3189 3044 3213 "unus"
3076 3189 3345 3219 run-luna
3386 3189 3655 3215 uusuucu-

2072 3224 2203 3277 tium
2232 3227 2488 3295 dicimus,
2518 3241 2575 3287 et
2598 3236 3020 3307 primogenitum
3053 3256 3118 3296 ex
3147 3247 3375 3302 mortuis
3400 3266 3413 3302 :
3442 3252 3655 3318 positus

385 3281 511 3335 σθαι
543 3283 703 3354 σῶμα
735 3284 796 3337 τὸ
826 3284 1055 3341 θανάτου
1103 3289 1372 3355 δεκτικὸν,
1428 3294 1514 3347 ἵνα
1558 3298 1743 3367 νοῆται
1772 3302 1964 3357 παθὼν

381 3376 565 3441 αὐτὸς,
597 3378 679 3430 ὅτι
717 3378 777 3431 τὸ
804 3379 934 3433 ῐδιον
977 3382 1143 3435 αὑτοῦ
1193 3385 1429 3439 πέπονθε
1461 3388 1639 3459 σῶμα.
1669 3391 1823 3447 Οῦτω
1851 3397 1961 3467 γὰρ

381 3469 544 3521 αὐτὸν
574 3470 826 3538 γενέσθαι
877 3474 1055 3543 φαμὲν
1084 3475 1343 3548 ἀπαρχὴν
1369 3479 1479 3531 τῶν
1521 3487 1956 3556 κεκοιμημένων,

379 3560 479 3614 καὶ
522 3564 868 3631 πρωτότοκον
899 3567 964 3618 ἐκ
1006 3567 1234 3638 νεκρῶν.
1274 3570 1560 3626 Τεθεῖσθαι
1588 3576 1697 3647 γὰρ
1739 3579 1957 3647 λέγεται

380 3649 503 3720 μεθ’
537 3652 695 3722 ⁴ἡμῶν
727 3654 784 3706 ἐν
819 3656 1063 3725 μνήματι
1097 3656 1185 3710 διὰ
1214 3660 1310 3729 τῆς
1358 3662 1494 3726 ίδίας
1534 3666 1735 3737 σαρκὸς
1784 3670 1812 3721 ό
1858 3672 1954 3726 ἀν-

379 3742 531 3807 ιστὰς
556 3743 684 3808 τοὺς
714 3748 961 3817 νεκροὺς,
989 3749 1077 3801 ἵνα
1105 3750 1198 3802 καὶ
1221 3753 1383 3821 ἡμεῖς
1412 3758 1830 3830 συνεγερθῶμεν
1855 3763 1952 3815 αὺ-

372 3836 450 3905 τῴ
472 3851 485 3865 ·
519 3836 722 3907 ταύτην
754 3837 864 3909 γὰρ
886 3840 1021 3910 ἡμῖν
1053 3842 1357 3897 ὲνεκαίνισε
1394 3844 1492 3917 τὴν
1516 3847 1655 3915 ὁδὸν,
1689 3853 1781 3904 καὶ
1818 3855 1951 3908 ταύ-

371 3945 471 3997 της
512 3929 673 3981 ἕνεκα
714 3930 812 4000 τῆς
853 3932 1032 3996 αἰτίας
1076 3936 1477 3991 τεταπείνωκεν
1510 3941 1719 4007 ἑαυτὸν,
1761 3946 1951 4011 καθεὶς

370 4022 452 4083 εἰς
479 4021 733 4085 κένωσιν,
765 4023 860 4077 καὶ
889 4026 968 4087 εἰς
995 4025 1391 4099 ἁνθρωπότητα
1424 4032 1543 4100 μεθ’
1572 4034 1746 4103 ἡμῶνσ
1772 4037 1947 4090 καίτοι

368 4112 501 4177 Θεὸς
541 4112 615 4167 ὢν
668 4114 860 4183 φύσει,
901 4117 997 4171 καὶ
1040 4120 1104 4171 ὲκ
1152 4120 1286 4173 Θεοῦ
1336 4125 1550 4195 Πατρὺς
1597 4129 1880 4201 πεφηνὼς,
1918 4133 1947 4183 ό

366 4206 698 4277 Μονογενής.
743 4208 886 4261 ’Λλλ’
906 4209 1074 4263 οἴεται
1108 4212 1227 4282 μὲν,
1246 4216 1394 4269 κατὰ
1419 4217 1476 4271 τὸ
1504 4220 1671 4287 εἰκὸς,
1690 4224 1811 4287 τοὺς
1843 4217 1942 4277 ὦδε

364 4295 517 4349 ταῦτ’
563 4297 706 4369 ἔχειν
755 4299 1149 4374 ὑπειληφότας,
1202 4308 1297 4360 καλ⁸
1359 4308 1573 4379 ἀληθῶς
1626 4312 1943 4380 δοξάζοντας

365 4388 763 4460 ἐμϐροντησίας
802 4394 881 4455 εἷς
913 4394 1067 4466 λῆξιν
1102 4398 1203 4468 τῆς
1229 4399 1490 4455 ἀνωτάτω
1518 4404 1764 4476 δραμεῖν·
1805 4427 1940 4482 σκηο

362 4480 632 4551 πτάμενος
664 4483 720 4536 δὲ
768 4488 1048 4557 πανταχοῦ
1092 4489 1155 4542 τὸ
1183 4490 1293 4543 δεῖν
1326 4494 1516 4564 ἀπαθῆ
1565 4497 1657 4550 τὸν
1704 4502 1770 4553 ἐκ
1802 4480 1937 4556 Θεοῦ

361 4572 577 4643 Πατρὺς
613 4574 773 4644 ἡμῶν
812 4577 1194 4647 ὁμολογεῖσθαι
1224 4583 1417 4652 Λόγον,
1447 4585 1722 4659 ἐξίστησιν
1748 4594 1935 4659 αὑτοῦ,

359 4664 455 4716 καὶ
479 4663 636 4717 τοῦτο
659 4667 741 4730 είς
769 4666 917 4721 ἅπαν
939 4712 953 4737 ,
981 4671 1081 4741 τῆς
1112 4672 1426 4745 οἰκονομίας
1456 4678 1548 4732 τὸν
1573 4682 1775 4751 τρόπον
1796 4701 1808 4714 ·
1835 4688 1935 4742 οὑκ

356 4756 498 4820 ἀξιοῖ
524 4756 581 4811 δὲ
605 4759 877 4833 ὥσπερ,ῆ
917 4768 1156 4835 φρονεῖν,
1198 4768 1229 4838 ἢ
1280 4768 1483 4838 λέγειν,
1534 4774 1616 4826 ὅτι
1666 4777 1933 4834 πέπονθεν

356 4848 499 4918 ὑπὲρ
528 4853 705 4922 ἡμῶν,
739 4856 915 4909 καίτοι
966 4859 1063 4926 τῆς
1109 4860 1469 4917 θεοπνεύστου
1502 4866 1725 4941 Γραφῆς
1766 4878 1929 4945 σαρκὶ

353 4944 617 5019 λεγούσης
663 4953 876 5019 παθεῖν,
926 4956 1023 5008 καὶ
1050 4957 1235 5030 ἀπαθῆ
1272 4961 1369 5013 καὶ
1398 4963 1709 5035 ἀσώματον,
1742 4970 1823 5023 ὅτι
1860 4973 1919 5026 τὸ
1961 4976 2089 5033 ἴδιον
2157 4983 2320 5037 αὑτοῦ
2356 4986 2447 5039 καὶ

348 5041 407 5095 δὲ
433 5044 592 5096 πάλιν
620 5046 715 5099 ὡδί
742 5064 755 5077 °

422 5132 563 5205 [Διά
588 5136 744 5193 τοῦτο
776 5142 904 5214 περὶ
934 5142 1030 5212 τῆς
1054 5146 1331 5219 ἡμετέρας
1362 5150 1615 5224 ἁπαρχῆς
1638 5197 1654 5223 ,
1682 5157 1711 5208 ὁ
1738 5162 1922 5229 μακά·-

350 5244 464 5296 ριος
496 5229 702 5302 Πέτρος
751 5235 1161 5305 καταγγέλλων,
1194 5240 1289 5293 καὶ
1314 5242 1415 5314 τὴν
1443 5246 1507 5297 ὲκ
1540 5245 1639 5316 τῆς
1672 5248 1922 5322 θεότητος

346 5322 683 5394 φαινομένης
728 5324 946 5395 φύσεως
990 5328 1349 5402 διηγούμενος
1385 5333 1614 5405 ὕψωσιν,
1655 5357 1672 5390 ι
1698 5340 1919 5407 Τοῦτον,

345 5413 531 5483 φησὶν,
561 5414 650 5469 τὸν
680 5417 886 5488 Ἰησοῦν
920 5420 1223 5493 ἀνέστησεν
1253 5428 1281 5479 ό
1307 5424 1459 5491 Θεός.
1498 5447 1517 5479 ι
1551 5431 1664 5484 Οὐκ
1684 5433 1917 5491 ἀπέθανε

343 5507 495 5573 Θεὸς,
538 5510 674 5565 ἀλλὰ
708 5513 1029 5585 ἀνέστησεν.
1065 5518 1261 5573 Ἄκουε
1290 5522 1400 5576 τῶν
1433 5523 1529 5578 τοῦ
1575 5528 1785 5599 Πέτρου
1822 5535 1916 5603 ῥη-

342 5603 563 5673 μάτων,
608 5605 985 5677 ’Λπολινάριε,
1035 5611 1201 5664 ἄκουε
1252 5613 1347 5665 σὺν
1387 5615 1786 5691 Ἀπολιναρίῳ,
1822 5626 1915 5676 καὶ

411 5782 456 5812 ὀ
494 5781 699 5838 Coloss.
739 5801 775 5849 ι,
823 5784 985 5840 12-18
1058 5787 1117 5863 _"
1158 5787 1276 5843 Act.
1324 5802 1382 5858 ιι,
1413 5790 1503 5845 ει.

2066 3331 2302 3387 namque
2345 3322 2626 3378 nobiscum
2674 3327 2727 3382 in
2779 3344 3133 3389 monumento
3174 3336 3372 3394 dicitur
3399 3355 3494 3411 per
3521 3358 3652 3414 pro-

2065 3408 2237 3474 priam
2272 3425 2519 3478 carnem,
2565 3419 2657 3486 qui
2688 3431 2935 3478 mortuos
2961 3427 3211 3494 suscitat,
3264 3439 3323 3484 ut
3350 3446 3450 3487 nos
3485 3436 3649 3492 etiam

2063 3498 2224 3553 simul
2282 3517 2406 3557 cum
2460 3507 2578 3576 ipso
2626 3511 2969 3569 excitemur:
3018 3518 3158 3574 hanc
3208 3536 3445 3592 namque
3493 3526 3650 3584 nobis

2060 3589 2341 3648 innovavit
2370 3599 2533 3664 viam,
2563 3612 2616 3656 et
2650 3602 2753 3659 hac
2784 3606 2850 3662 de
2885 3623 3050 3665 causa
3094 3612 3401 3671 bumiliavit
3439 3630 3643 3676 semet-

2058 3680 2258 3751 ipsum,
2293 3687 2359 3741 ad
2391 3691 2820 3751 exinanitionem
2851 3707 2905 3754 et
2935 3701 3001 3755 ad
3036 3704 3430 3763 humanitatem
3461 3713 3645 3770 nobis-

2058 3789 2178 3827 cum
2214 3792 2275 3832 se
2308 3778 2588 3851 dejiciens,
2622 3789 2872 3855 quamvis
2902 3790 2992 3846 ille
3042 3793 3363 3866 Unigenitus
3394 3800 3538 3858 Deus
3573 3818 3642 3859 ex

2055 3878 2248 3922 natura
2284 3882 2424 3927 esset
2460 3888 2513 3927 et
2541 3891 2606 3930 ex
2646 3877 2756 3933 Deo
2790 3878 2951 3936 Patre
2980 3894 3150 3942 ortus.
3191 3888 3296 3943 Sed
3350 3890 3454 3947 iste
3486 3904 3642 3964 putat

2056 3961 2312 4015 nimirum
2345 3978 2466 4029 eos,
2498 3968 2586 4035 qui
2624 3969 2740 4025 haec
2781 3973 2858 4026 ita
2898 3989 2957 4029 se
2998 3976 3199 4034 habere
3227 3982 3542 4041 existimant
3583 3998 3639 4043 et

2055 4065 2180 4107 vere
2209 4057 2475 4125 sentiunt,
2515 4060 2580 4113 ad
2614 4070 2917 4119 extremum
2949 4083 3177 4125 summae
3205 4073 3490 4132 dementiae
3512 4092 3638 4150 per-

2052 4144 2264 4200 venisse
2307 4165 2320 4201 :
2364 4157 2418 4203 et
2475 4151 2671 4221 ubique
2720 4165 3021 4224 praetexens
3072 4174 3327 4232 oportere
3376 4144 3526 4225 illud-
3562 4187 3633 4227 ex

2050 4236 2157 4291 Deo
2192 4236 2356 4295 Patre
2398 4241 2633 4298 Verbum
2685 4247 2986 4316 impatibile
3034 4253 3301 4321 conﬁteri,
3349 4258 3632 4330 dispensa-

2049 4328 2211 4384 tionis
2240 4334 2457 4387 modum
2490 4336 2556 4389 ab
2586 4352 2651 4391 eo
2680 4338 2882 4406 aufert,
2914 4354 2969 4397 et
2997 4346 3214 4414 quidem
3251 4348 3304 4403 in
3344 4328 3539 4418 totum,
3577 4364 3632 4409 et

2045 4423 2443 4489 quodammodo
2471 4428 2631 4499 138
2656 4429 3001 4502 dedignatur,
3031 4448 3123 4493 aut
3154 4442 3381 4506 sentire,
3415 4456 3509 4499 aut
3546 4447 3630 4501 di-

1972 4551 2014 4605 Β
2046 4528 2171 4567 cere
2213 4515 2343 4569 illud
2392 4533 2513 4572 esse
2556 4536 2656 4589 pro
2687 4524 2843 4579 nobis
2878 4541 3119 4595 passum,
3152 4535 3400 4601 quamvis
3451 4552 3626 4594 sacra:

2045 4602 2265 4662 Litterae
2316 4625 2484 4667 carne
2527 4628 2749 4683 passum
2798 4617 3004 4685 dicant,
3051 4622 3180 4678 licet
3228 4627 3527 4696 impatibile
3569 4642 3624 4684 et

2046 4697 2450 4769 incorporeum,
2500 4706 2626 4775 quia
2671 4723 2868 4779 corpus
2908 4728 3123 4782 passum
3167 4729 3253 4772 est
3289 4719 3459 4788 ipsius
3489 4735 3619 4790 pro-

2041 4791 2220 4858 prium
2273 4794 2484 4864 ipsique
2526 4799 2756 4855 unitum.
2792 4802 2936 4860 Dixit
2964 4816 3143 4863 autem
3171 4826 3360 4867 rursus
3389 4811 3443 4867 in
3477 4814 3620 4870 hunc

2040 4886 2255 4938 modum
2290 4905 2301 4940 :

2513 4990 2713 5043 ἑνωθὲν
2749 4993 2897 5065 αὐτῷ
2947 4997 3213 5053 πέπονθεν
3248 5001 3431 5079 σῶμα.
3468 5003 3613 5073 Ἔφη

2106 5162 2344 5220 Νεετοιι.
2388 5166 2532 5239 [Ideo
2564 5171 2630 5225 de
2662 5174 2862 5229 nostris
2894 5174 2997 5232 illis
3024 5177 3279 5247 primitiis
3314 5198 3437 5240 cum
3480 5202 3630 5259 ager

2032 5265 2115 5309 ret
2146 5257 2334 5314 beatus
2370 5259 2586 5326 Petrus,
2621 5276 2676 5318 et
2719 5267 3102 5326 exaltationem
3144 5272 3371 5332 visibilis
3400 5257 3608 5338 natura

2030 5348 2079 5401 vi
2133 5350 2434 5408 divinitatis
2481 5352 2688 5411 factam
2743 5373 3049 5430 enarraret,
3115 5384 3133 5417 ι
3165 5366 3340 5437 Hunc,
3402 5373 3601 5445 inquit,

2026 5438 2211 5496 Jesum
2251 5446 2534 5501 suscitavit
2560 5450 2800 5517 Deus";
2839 5471 2857 5506 ι
2890 5470 2995 5510 non
3032 5469 3277 5517 mortuus
3317 5472 3400 5519 est
3438 5465 3601 5529 Deus.

2026 5534 2120 5589 sed
2162 5537 2662 5612 suseitavit.[Audi,
2695 5542 3018 5616 Apollinari,
3051 5548 3196 5607 Petri
3239 5558 3434 5625 verba;
3477 5560 3601 5614 audi

2026 5641 2149 5681 cum
2178 5628 2510 5699 Apollinario
2545 5637 2730 5704 etiam,
2764 5640 2879 5694 Ari.
2928 5659 2945 5691 ι
2978 5640 3153 5710 Hunc,
3192 5645 3387 5718 inquit,
3416 5648 3598 5722 Jesuiu
