4104 6336
486 332 596 391 259

1512 352 1567 381 ο.
1610 338 1880 383 omnem
1918 325 2390 380 AuLAAuUtiltVl
2430 322 2750 377 Αιιωιιει».

3642 314 3751 367 2ιο

488 448 771 506 suscitavit
825 448 1002 513 Deus,
1062 445 1155 517 qui
1212 443 1475 510 cernitur,
1537 443 1628 510 qui
1690 441 1864 494 oculis
1928 442 2066 494 vitle-

2178 440 2364 507 ’Ᾱρειε
2444 435 2719 498 ιΤοῦτον,
2766 436 2941 503 φησὶ,
2988 432 3080 484 τὸν
3138 430 3345 499 Ἰησοῦν
3380 428 3673 496 ἀνέστησεν
3724 430 3753 479 6

492 553 582 595 tur
604 540 672 605 ",
708 558 727 591 ι
764 538 853 607 qui
900 538 1044 606 ligno
1081 534 1307 590 sufﬁxus
1328 533 1397 596 ",
1427 532 1517 600 qui
1566 530 1812 584 manibus
1839 528 2062 583 Thomae

492 641 859 687 contrectatus
884 626 1061 688 fuit".
1088 627 1178 697 qui
1222 626 1287 678 ad
1314 626 1485 694 ipsqu
1510 622 1797 678 clamavit:
1825 642 1842 673 ι
1877 621 2064 692 Palpa,

492 726 618 795 quia
657 722 878 793 Spiritus
925 734 1143 774 carnem
1174 728 1229 772 et
1268 732 1389 771 ossa
1437 732 1541 770 non
1588 717 1773 785 habet,
1811 718 1950 774 sicut
1982 732 2067 769 me

492 814 690 868 videtis
720 812 920 866 habere
942 809 1027 876 ἐς
1060 826 1079 860 ι
1116 809 1306 876 hisque
1333 820 1627 876 persuasus
1660 806 1956 876 discipulus
1980 803 2067 858 ille

495 904 735 971 vocibus,
768 913 822 957 et
850 900 1280 956 contrectatione
1313 899 1561 953 cruciﬁxi
1590 900 1833 967 corporis
1870 900 1936 953 de
1979 911 2065 950 re-

495 997 835 1053 surrectione
870 994 1071 1049 certior
1107 993 1300 1055 factus,
1335 991 1731 1046 admirabilium
1762 1005 1943 1044 rerum
1988 988 2068 1041 ef-

496 1088 754 1144 fectorem
813 1085 979 1140 Deum
1026 1083 1405 1155 gloriﬁcabat:
1441 1102 1459 1133 t
1494 1082 1752 1136 Dominus
1799 1096 1973 1146 meus,
2013 1088 2069 1132 et

495 1179 636 1235 Deus
664 1193 838 1243 meus,
868 1178 963 1232 tibi
1000 1177 1169 1246 gloria
1197 1175 1281 1230 "z
1317 1194 1337 1226 ι
1374 1190 1482 1229 non
1518 1175 1658 1243 quod
1689 1174 2068 1227 contrectaba-

495 1282 582 1325 tur
635 1268 911 1339 appellans
950 1266 1159 1331 Deum;
1216 1279 1392 1334 neque
1443 1266 1588 1319 enim
1642 1264 2069 1317 contrectatione

495 1361 750 1417 divinitas
787 1360 1085 1414 invenitur.
1120 1357 1190 1411 Et
1219 1366 1335 1425 post
1371 1356 1479 1409 alia
1511 1372 1527 1409 :
1559 1354 1636 1409 De
1676 1355 1778 1408 hoc
1815 1353 2067 1422 palpabili

494 1454 656 1508 etiam
708 1452 901 1508 Petrus
950 1450 1265 1505 clamabat:
1300 1468 1318 1501 ι
1355 1448 1507 1503 Hunc
1548 1446 1731 1503 Jesum
1787 1446 2069 1502 suscitavit

495 1542 714 1599 Deus”.
747 1561 765 1595 ι
790 1570 860 1583 --
904 1562 922 1593 ι
942 1539 1174 1596 Dextera
1199 1541 1362 1610 igitur
1389 1539 1479 1593 Dei
1524 1539 1793 1593 exaltatus
1815 1537 1884 1592 ⁸⁸.
1928 1557 1946 1588 ι
1977 1536 2070 1594 De-

376 1638 381 1639 “
495 1645 645 1689 xtera
674 1643 853 1687 autem
887 1646 1041 1701 opem
1072 1630 1277 1684 ferente
1303 1631 1441 1683 Deus
1477 1626 1709 1685 Verbum
1738 1644 1841 1682 non
1862 1628 2068 1697 indige-

497 1728 623 1792 bat,
648 1721 792 1796 Ari.]

389 1835 401 1883 ῖ
1137 1853 1419 1913 CAP.VL

547 1996 809 2054 .Suscttat
826 1990 1230 2065 quidemfilius
1252 2000 1514 2055 mortuos,
1535 2003 1767 2057 eumque
1790 1996 1962 2044 morte
1976 2002 2071 2057 po-

495 2092 780 2146 tentiorem
803 2087 1127 2142 conlitemur
1146 2129 1159 2149 ,
1193 2098 1461 2138 memores
1486 2082 1632 2135 illum
1658 2081 1870 2135 disertis
1892 2080 2070 2134 verbis

497 2182 743 2238 dixisse:
783 2196 803 2231 ι
836 2177 947 2248 Ego
980 2193 1097 2231 sum
1135 2176 1466 2229 resurrectio
1504 2183 1559 2228 et
1598 2173 1704 2225 vita
1722 2171 1799 2236 9';
1833 2190 1853 2223 ι
1889 2182 2068 2224 tamen

496 2286 620 2326 cum
640 2271 832 2327 beatus
860 2267 1052 2322 Petrus
1080 2266 1235 2320 nobis
1262 2264 1571 2328 annuntiat,
1598 2263 1784 2317 dicens
1818 2283 1831 2315 :
1870 2279 1890 2311 ι
1915 2259 2069 2314 Hunc

495 2359 680 2419 Jesum
723 2360 1007 2416 suscitavit
1042 2357 1206 2420 Deus,
1238 2374 1259 2408 ι
1295 2356 1472 2425 ipsum
1524 2368 1643 2409 esse
1681 2354 1954 2409 credimus
1980 2351 2070 2407 Je-

497 2469 639 2521 sum,
689 2452 819 2508 illud
861 2451 1001 2520 quod
1054 2450 1214 2503 homo
1258 2447 1456 2502 factum
1506 2455 1589 2499 cst
1619 2444 1879 2498 Verbum.
1928 2442 2073 2509 Quo-

498 2546 659 2601 modo
683 2556 815 2613 ergo
846 2543 1165 2596 suscitatutu
1200 2540 1374 2607 ipsum
1416 2554 1443 2590 a
1478 2536 1641 2591 Patre
1666 2537 1951 2606 quisquam
1984 2537 2071 2591 di-

497 2647 607 2703 eat,
632 2645 687 2692 et
727 2637 845 2705 ejus
890 2634 1076 2688 dextra
1126 2628 1463 2684 exaltatum?
1505 2629 1619 2683 haec
1675 2643 1907 2698 namque
1942 2635 2071 2698 puto

496 2729 739 2799 apertius
789 2723 1114 2780 declaranda
1168 2735 1291 2776 esse
1343 2722 1409 2774 iis
1464 2721 1555 2789 qui
1614 2720 1916 2789 intelligere
1978 2734 2072 2773 ne-

497 2829 726 2890 queunt,
758 2828 842 2883 ut,
874 2814 1120 2871 scandali
1152 2814 1443 2867 occasione
1493 2812 1728 2875 sublata,
1766 2822 1970 2866 rectam
2017 2821 2069 2866 et

496 2922 697 2968 certam
730 2907 977 2964 veritatis
1004 2905 1148 2959 viam
1195 2903 1506 2958 reddamus.
1550 2901 1709 2956 Dedit
1748 2916 1880 2972 ergo
1912 2901 2069 2955 morti

494 3005 773 3077 proprium
794 3014 989 3069 corpus
1013 2998 1079 3051 ad
1105 2996 1374 3051 modicum
1394 3004 1602 3065 tempus
1628 3010 1643 3049 :
1674 3011 1693 3044 ι
1718 2992 1903 3048 Gratia
1925 3010 2073 3048 nam-

495 3112 601 3167 que
627 3093 742 3160 Dei,
770 3112 790 3146 ι
821 3103 879 3146 ιιι
908 3091 1086 3159 inquit
1122 3088 1340 3152 Paulus,
1374 3104 1393 3138 ‹
1414 3103 1511 3157 pro
1537 3088 1789 3141 omnibus
1835 3089 2071 3156 gustavit

2169 526 2302 591 Θεὸς
2326 526 2418 579 τὸν
2451 527 2797 596 φαινόμενον,
2826 524 3012 577 τοῦτον
3043 523 3132 574 τὸν
3166 522 3439 593 ὁρώμενον
3463 520 3695 590 ὄμμασι,
3726 540 3743 570 ι
3804 577 3821 599 Ι

2173 621 2263 672 τὸν
2310 619 2451 688 ξύλῳ
2497 616 2942 689 προσηλωθέντα,
2973 616 3065 667 τὸν
3094 616 3214 675 ταῖς
3243 612 3338 664 τοῦ
3374 612 3544 684 Θωμᾶ
3587 612 3753 681 ψηλα-

2179 710 2419 781 φηθέντα
2442 709 2619 781 χερσὶ,
2650 708 2744 760 τὸν
2773 708 2911 777 πρὸς
2940 706 3105 760 αὐτὸν
3132 705 3444 775 κεκραγότα
3463 720 3475 732 ’
3510 722 3530 755 ‹
3564 704 3751 775 Ψηλὰ-

2174 819 2369 871 φησον,
2400 801 2481 854 ὅτι
2520 799 2741 870 πνεῦμα
2772 800 2950 870 σάρκα
2978 799 3072 851 καὶ
3102 798 3263 851 ὀστέα
3291 799 3393 850 οὐκ
3416 797 3550 868 ἔχει,
3571 796 3753 861 καθὼς

2170 894 2270 964 ἐμὲ
2292 894 2546 965 Θεωρεῖτε
2566 892 2758 963 ἔχοντα
2776 910 2788 923 ·
2806 912 2823 944 ι
2852 893 2947 946 καλ
2961 891 3185 955 ταύταις
3205 892 3448 956 πεισθεὶς
3462 893 3490 945 6
3506 890 3753 965 μαθητὴς

2166 989 2285 1047 ταῖς
2314 987 2542 1053 φωναῖς,
2568 984 2665 1037 καὶ
2697 987 2762 1054 τῇ
2797 983 3110 1055 ψηλαφήσει
3145 982 3434 1055 [περὶτῆς]
3465 982 3559 1037 τοῦ
3594 1000 3755 1037 σταυ-

2172 1077 2435 1147 ρωθέντος
2478 1075 2728 1147 σώματος
2765 1076 3008 1140 πεισθεὶς
3047 1076 3420 1140 ἀναστάσεως,
3453 1075 3545 1127 τὸν
3569 1092 3752 1146 παρα-

2167 1169 2441 1237 δοξοποιὸν
2464 1169 2759 1238 ὲδοξολόγει
2779 1168 2910 1222 Θεόν
2932 1184 2949 1202 ο
2982 1186 3000 1219 ι
3021 1169 3081 1221 ὐ
3100 1168 3305 1240 Κύριός
3331 1185 3434 1239 μου
3457 1168 3552 1223 καὶ
3572 1171 3600 1223 6
3618 1168 3751 1230 Θεός

2171 1279 2295 1333 μου,
2316 1261 2441 1325 δόξα
2470 1279 2552 1315 σοι
2574 1270 2617 1312 "i
2640 1262 2700 1314 οὐ
2726 1262 2787 1313 τὸ
2803 1261 3126 1333 ψηλαφηθὲν
3149 1259 3576 1332 προσαγορεύων
3594 1260 3751 1315 Θεόν·

2169 1354 2290 1406 οὐδὲ
2332 1355 2441 1421 γὰρ
2491 1353 2809 1423 ψηλαφήσει
2858 1353 3049 1423 θεότης
3090 1350 3425 1422 εὑρίσκεται.
3463 1354 3573 1408 Καὶ
3621 1353 3756 1423 μεθ’

2169 1444 2362 1514 ἕτερα,
2414 1445 2551 1516 Περὶ
2598 1443 2692 1497 τοῦ
2726 1444 3051 1515 ψηλαφητοῦ
3103 1443 3293 1497 τούτου
3340 1444 3435 1497 καὶ
3477 1446 3507 1497 6
3551 1444 3754 1515 Πέτρος

2170 1536 2319 1591 ἐϐόα.
2351 1535 2582 1590 «Τοῦτον
2610 1536 2705 1589 τὸν
2735 1537 2943 1607 Ἰησοῦν
2970 1536 3265 1605 ἀνέστησεν
3290 1539 3317 1590 6
3339 1536 3525 1599 Θεός.»
3552 1568 3621 1579 —-
3643 1537 3753 1608 «Τῇ

2168 1627 2320 1699 δεξιᾷ
2351 1624 2444 1683 οῦν
2471 1628 2566 1681 τοῦ
2589 1626 2723 1681 Θεοῦ
2760 1627 3014 1698 ὑψωθείς.
3043 1645 3062 1677 ι
3090 1629 3283 1692 Δεξιᾶς
3306 1629 3362 1681 δὲ
3399 1627 3697 1699 βοηθούσης
3721 1630 3751 1681 ὁ

2170 1719 2302 1784 Θεὸς
2331 1720 2503 1787 Λόγος
2524 1719 2627 1773 οὐκ
2649 1719 2901 1791 ἔχρῃζεν,
2932 1720 3140 1791 Ἀρειε.

2774 1855 3156 1923 ΚΕΦΑΛ.ΩἜ

2256 1990 2529 2062 Ἀνίστησι
2565 1991 2663 2064 μὲν
2708 1994 2736 2045 6
2780 1992 2909 2058 Υἱὸς
2942 2010 3067 2057 τους
3094 1995 3356 2063 νεκροὺς,
3392 1995 3488 2047 καὶ
3517 1993 3749 2051 θανάτου

2172 2083 2457 2153 κρείττονα
2491 2083 2671 2153 φαμὲν
2701 2084 2967 2157 ὑπάρχειν
3012 2086 3176 2139 αὐτόν
3199 2101 3214 2116 ο
3265 2085 3593 2157 μεμνήμεθα
3638 2086 3751 2156 γὰρ

2171 2173 2475 2244 ἀναφανδὸν
2503 2176 2787 2247 εἰρηκότος
2807 2193 2820 2206 ·
2851 2194 2870 2229 ι
2894 2176 3037 2245 Ἐγώ
3061 2180 3176 2247 είμι
3208 2179 3242 2248 ὴ
3274 2178 3573 2241 ἀνάστασις
3600 2180 3693 2231 καὶ
3714 2179 3750 2248 ἡ

2172 2261 2284 2335 ζωή
2307 2282 2320 2293 ·
2359 2284 2378 2317 ι
2418 2264 2479 2317 π)
2493 2265 2556 2336 ὴν
2584 2267 2711 2320 ὅταν
2738 2268 2872 2337 ἡμῖν
2906 2268 2934 2320 6
2963 2266 3248 2331 θεσπέσιος
3282 2269 3489 2336 Πέτρος
3517 2270 3752 2336 εὐαγγε-

2171 2354 2408 2427 λίζηται,
2449 2357 2657 2425 λέγων’
2715 2377 2734 2410 ι
2764 2359 2964 2413 Τοῦτον
2994 2360 3085 2414 τὸν
3126 2360 3333 2431 Ἰησοῦν
3377 2362 3676 2438 ἀνέστησεν
3720 2365 3754 2416 6

2171 2447 2323 2513 Θεὸς,
2350 2468 2367 2499 ι
2392 2450 2554 2502 αὑτὸν
2583 2446 2722 2506 εἶναι
2749 2452 3081 2524 πιστεύομεν
3122 2452 3327 2524 Ἰησοῦν
3357 2456 3448 2509 τὸν
3473 2455 3751 2528 ἐνανθρω-

2172 2544 2423 2614 πήσαντα
2451 2546 2643 2612 Λόγον.
2673 2544 2799 2609 Πῶς
2825 2540 2917 2599 οῦν
2946 2545 3244 2618 ἐγηγέρθαι
3284 2547 3417 2619 φαίη
3443 2564 3529 2612 τις
3558 2548 3624 2602 ἂν
3652 2549 3753 2602 αύ-

2170 2635 2262 2688 ⁸σὸν
2314 2635 2465 2707 παρὰ
2495 2636 2587 2688 τοῦ
2622 2637 2854 2703 Πατρὸς,
2886 2636 3134 2706 ὑψῶσθαί
3166 2653 3225 2691 τε
3258 2640 3325 2709 τῇ
3358 2639 3524 2693 αὑτοῦ
3564 2640 3751 2710 δεξιᾷς

2171 2730 2369 2798 χρῆναι
2400 2728 2509 2798 γάρ
2556 2721 2708 2797 οἶμαι
2748 2728 2907 2781 ταυτὶ
2946 2728 3362 2800 διατρανοῦσθαι
3414 2731 3601 2800 σαφῶς
3638 2736 3752 2795 τοῖς

2170 2818 2273 2871 οὐκ
2297 2817 2482 2889 ἔχουσι
2502 2822 2663 2884 νοεῖν,
2683 2820 2771 2873 ἴνα
2793 2821 2888 2874 καὶ
2909 2820 3011 2889 τὴν
3033 2821 3128 2874 τοῦ
3154 2822 3454 2878 σκανδάλου
3476 2826 3752 2896 πρόφασιν

2171 2906 2590 2977 ἀποκείραντες,
2615 2907 2785 2980 ὀρθὴν
2813 2909 2908 2963 καὶ
2934 2910 3348 2983 ἀπλανεστάτην
3375 2914 3475 2985 τὴν
3497 2915 3598 2987 τῆς
3624 2916 3754 2989 ἀληε

2173 2996 2324 3061 θείας
2349 3001 2720 3071 ἀποφήνωμεν
2741 3000 2878 3055 ὁδόν.
2905 3002 3116 3055 Δέδωκε
3150 3003 3328 3059 τοίνυν
3350 3005 3411 3057 τὸ
3440 3006 3570 3060 ἴδιον
3593 3008 3756 3079 σῶμα

2171 3087 2248 3158 τῷ
2273 3088 2488 3161 θανάτῳ
2519 3092 2654 3163 πρὸς
2689 3092 2862 3164 βραχύ
2884 3110 2897 3123 ·
2943 3112 2962 3145 ι
2996 3095 3195 3166 Χάριτι
3229 3096 3341 3169 γὰρ
3372 3098 3571 3164 Θεοῦ,ἰ
3607 3101 3754 3156 καθά

495 3195 725 3240 mortem
751 3186 795 3239 ⁸.
826 3201 846 3235 ι
890 3180 1093 3236 Deinde
1125 3196 1247 3235 cum
1278 3180 1393 3248 ipse
1433 3188 1577 3234 esset
1625 3179 1713 3233 illa
1747 3181 2065 3234 viviﬁcatrix

2173 3197 2338 3271 φησιν
2367 3182 2651 3248 όοΠαῦλος,
2682 3204 2699 3235 t
2731 3186 2873 3256 ὑπὲρ
2914 3187 3115 3251 παντὸς
3149 3188 3415 3256 ἐγεύσατο
3442 3190 3693 3246 θανάτου.
3725 3214 3746 3243 ι

497 3274 589 3330 Dei
635 3274 918 3342 Patrisque
964 3273 1160 3324 dextra
1204 3279 1364 3338 atque
1392 3269 1654 3337 potentia,
1695 3279 1868 3324 morte
1906 3278 2066 3337 atque

2173 3267 2306 3325 Εἶτα
2338 3273 2598 3344 ὑπάρχων
2644 3274 2807 3338 αὐτὸς
2837 3277 2872 3346 ἡ
2922 3275 3187 3342 ζωοποιὸς
3222 3280 3315 3333 τοῦ
3348 3280 3482 3335 Θεοῦ
3512 3284 3604 3337 καὶ
3634 3283 3751 3336 Παρ-

495 3366 838 3436 corruptione
877 3362 1142 3417 valentius
1182 3360 1319 3414 illud
1368 3356 1589 3425 effecit;
1631 3358 1696 3412 ad
1740 3358 1901 3427 idque
1946 3373 2068 3413 cre-

495 3460 728 3516 dendum
772 3455 1009 3525 locuples
1052 3452 1210 3508 nobis
1246 3451 1363 3521 ipse
1401 3452 1556 3505 testis
1599 3451 1724 3516 erit,
1768 3452 1956 3507 dicens
1983 3449 2071 3506 Ju-

495 3553 667 3607 dcis:
702 3566 723 3601 ι
755 3547 961 3604 Solvite
1009 3545 1267 3614 templum
1301 3545 1426 3609 hoc,
1458 3551 1535 3608 et:
1561 3544 1613 3598 in
1661 3544 1834 3598 tribus
1881 3544 2070 3599 diebus

494 3642 747 3697 excitabo
800 3638 933 3695 illud
958 3638 1000 3691 '.
1049 3655 1067 3688 ι
1145 3635 1386 3702 lntellige
1434 3648 1564 3705 ergo
1612 3636 2069 3704 quemadmodum

496 3747 654 3789 suum
701 3746 759 3787 se
787 3728 1046 3800 templum
1080 3727 1438 3781 excitaturum
1487 3726 1790 3795 pollicetur,
1823 3726 2070 3796 quamvis

496 3823 640 3881 Deus
666 3838 730 3878 ac
754 3820 917 3876 Pater
941 3820 1154 3873 dicatur
1184 3818 1486 3872 excitasse:
1516 3820 1703 3871 dextra
1732 3832 1982 3887 namque,
2012 3827 2070 3870 ut

495 3914 630 3983 disi,
681 3925 739 3968 et
796 3910 1039 3982 potentia
1089 3910 1271 3965 Patris
1322 3907 1407 3961 illa
1452 3908 1776 3962 viviﬁcatrix
1820 3918 1903 3963 est
1954 3909 2069 3978 ipse

495 4005 682 4061 Filius.
1920 4016 1923 4021 ‘

570 4096 729 4169 139
781 4095 966 4167 itaque
1000 4094 1209 4149 etiamsi
1246 4091 1413 4146 divini
1446 4091 1589 4146 illius
1616 4090 1798 4159 templi
1829 4090 2071 4145 vivifica-

497 4189 698 4247 tionem
743 4188 955 4244 eillcere
998 4185 1164 4241 Pater
1206 4186 1458 4247 dicatur,
1514 4182 1691 4237 eii‘ecit
1740 4194 1919 4237 tamen
1973 4200 2071 4255 per

495 4284 735 4352 Filium;
767 4281 1122 4350 vicissimque
1167 4278 1378 4332 etiamsi
1424 4276 1568 4330 illam
1614 4275 1780 4331 Filius
1825 4276 2069 4333 eﬂ‘ecisse

495 4380 760 4443 videatur,
802 4390 907 4431 non
943 4384 1119 4427 tamen
1161 4372 1297 4426 citra
1345 4370 1558 4425 Patrem
1598 4369 1650 4422 in
1686 4369 1932 4439 Spiritu:
1962 4386 2066 4425 una

493 4471 639 4525 enim
681 4466 981 4524 divinitatis
1022 4474 1214 4519 natura
1254 4464 1307 4517 in
1337 4463 1513 4516 tribus
1538 4463 1773 4532 propriis
1804 4465 2065 4534 byposta-

2170 3363 2300 3433 τρὸς
2318 3363 2467 3428 δεξιά
2500 3366 2593 3418 καὶ
2614 3366 2863 3437 δύναμις,
2891 3367 3099 3439 φθορᾶς
3122 3371 3217 3423 καὶ
3245 3371 3476 3426 θανάτου
3502 3377 3751 3441 κρεῖττον

2172 3452 2454 3523 ἀπέφηνεν
2488 3454 2649 3506 αύτό·
2686 3457 2780 3509 καὶ
2806 3459 2943 3526 πρός
2972 3475 3035 3527 γε
3058 3458 3217 3513 τοῦτο
3244 3464 3390 3531 ἡμᾶς
3421 3462 3752 3519 πιστώσεται

2171 3540 2344 3610 λέγων
2378 3543 2515 3611 πρὸς
2560 3545 2879 3611 Ἰουδαίουςο
2936 3566 2956 3599 ι
2987 3550 3202 3605 Λύσατε
3256 3553 3348 3608 τὸν
3373 3554 3497 3607 ναὸν
3534 3557 3750 3621 τοῦτον.

2170 3633 2265 3686 καὶ
2312 3635 2369 3687 ὲν
2418 3636 2598 3707 τρισὶν
2643 3637 2882 3710 ἡμέραις
2930 3640 3110 3712 ἐγερῶ
3163 3643 3347 3698 αὐτόν.
3387 3665 3406 3697 ι
3456 3646 3622 3711 Σύνες
3657 3646 3750 3702 οὖν

2173 3729 2323 3793 ὅπως
2358 3730 2522 3794 αὐτὸς
2555 3732 2791 3804 ἐγείρειν
2823 3734 2916 3786 τὸν
2948 3735 3141 3789 ἑαυτοῦ
3172 3738 3300 3790 ναὸν
3333 3740 3749 3809 ἐπαγγέλλεται,

2173 3821 2351 3876 καίτοι
2381 3820 2477 3874 τοῦ
2522 3822 2656 3879 Θεοῦ
2708 3824 2805 3876 καὶ
2845 3825 3057 3897 Πατρὸς
3088 3827 3390 3899 ἀναστῆσαι
3416 3830 3712 3903 λεγομένου
3732 3851 3745 3862 ·

2172 3911 2321 3977 δεξιὰ
2344 3912 2473 3986 γὰρ,
2498 3914 2573 3977 ὡς
2600 3914 2759 3986 ἔφην,
2798 3917 2918 3970 ἐστὶ
2952 3916 3047 3970 καὶ
3073 3917 3301 3989 δύναμις
3330 3918 3424 3972 τοῦ
3467 3920 3677 3993 Πατρὸς
3713 3925 3747 3993 ὴ

2170 4002 2452 4071 ζωοποιὸς,
2480 4005 2508 4056 6
2535 4005 2681 4072 Υἱός.

2243 4098 2407 4152 Ὥστε
2433 4099 2536 4153 κᾶν
2565 4102 2808 4171 ἐνεργεῖν
2829 4103 2857 4155 6
2881 4102 3073 4174 Πατὴρ
3100 4103 3322 4172 λέγηται
3351 4104 3449 4175 τὴν
3477 4105 3572 4160 τοῦ
3602 4106 3751 4161 θείου

2169 4189 2299 4245 ναοῦ
2339 4189 2685 4261 ζῶοποίησιν,
2728 4192 3000 4265 ὲνήργηκε
3035 4194 3101 4246 δι’
3136 4193 3299 4247 Υἰοῦο
3347 4194 3447 4249 κᾶν
3481 4197 3530 4249 εί
3575 4198 3753 4269 ὁρῷτο

2170 4282 2330 4337 πάλιν
2359 4285 2387 4336 6
2423 4283 2551 4347 Υἱὸς
2581 4286 2902 4356 ἐνεργήσας,
2932 4284 3047 4338 ἀλλ’
3073 4285 3132 4339 οὐ
3163 4286 3285 4359 δίχα
3322 4287 3415 4342 τοῦ
3444 4289 3662 4361 Πατρὸς
3690 4293 3750 4345 ὲν

2169 4372 2470 4443 Πνεύματι.
2522 4374 2638 4428 Μία
2688 4374 2798 4446 γὰρ
2850 4377 2884 4446 ἡ
2932 4375 3187 4449 θεότητος
3241 4377 3439 4447 φύσις,
3482 4382 3540 4436 ὲν
3569 4384 3750 4454 τρισὶν

2169 4466 2531 4520 ὑποστάσεσιν
2560 4468 2751 4531 ίδικαῖς
2781 4470 3071 4541 νοουμένη,
3097 4473 3192 4525 καὶ
3211 4473 3310 4543 τὴν
3332 4475 3417 4543 ἐφ’
3438 4475 3609 4533 ἅπασι
3635 4480 3749 4541 τοῖς

494 4561 644 4615 sibus
694 4558 1039 4627 intelligitur,
1088 4562 1144 4609 et
1193 4555 1249 4609 in
1294 4554 1545 4608 omnibus
1604 4553 1765 4607 rebus
1812 4556 2064 4623 gerendis

2170 4558 2467 4629 δρωμένοις
2498 4560 2713 4629 κίνησίν
2746 4578 2805 4614 τε
2842 4563 2936 4615 καὶ
2969 4564 3249 4635 ἐνέργειαν
3296 4565 3517 4637 ἔχουσα,
3551 4572 3750 4643 νοητὴν

492 4661 699 4708 motum
740 4649 901 4704 habet
929 4658 1091 4717 atque
1127 4647 1522 4717 Operationem,
1563 4644 1862 4714 spiritalem
1898 4647 2062 4700 nimi-

492 4758 614 4800 rum
653 4752 707 4796 et
735 4741 844 4796 Deo
880 4740 1118 4810 dignam.
1163 4739 1507 4794 Concedebat
1548 4754 1677 4810 ergo
1709 4755 1905 4809 corpus
1940 4754 2063 4807 pro-

492 4836 625 4906 prie:
666 4842 873 4889 naturae
919 4832 1144 4901 legibus,
1176 4842 1230 4885 et
1282 4832 1472 4885 mortis
1506 4831 1864 4899 gustationem
1914 4836 2064 4887 exci-

492 4924 697 4994 piebat,
733 4923 894 4992 idque
924 4938 1047 4976 cum
1078 4924 1282 4975 unitum
1328 4920 1458 4975 illud
1490 4920 1723 4975 Verbum
1763 4932 2061 4992 Opportune

494 5014 607 5086 pati
636 5016 874 5081 sineret;
906 5015 999 5069 sed
1027 5014 1078 5068 vi
1109 5014 1286 5068 divina
1319 5013 1454 5067 uniti
1496 5014 1597 5067 sibi
1636 5018 1929 5070 secundum
1960 5017 2060 5087 by-

493 5105 753 5176 postasim
788 5103 950 5159 Verbi
992 5103 1383 5159 viviﬁcabatur.
1417 5104 1611 5158 Totum
1643 5106 1805 5173 igitur
1835 5107 2055 5161 Emma-

494 5198 622 5253 nuel
662 5198 1027 5270 intelligimus,
1067 5198 1208 5265 quod
1262 5207 1346 5251 est
1390 5196 1824 5265 interpretatum,
1863 5198 2061 5253 Nobis-

495 5306 613 5344 αισι
647 5289 805 5355 Deus,
834 5306 954 5345 cum
984 5291 1197 5346 beatum
1228 5289 1445 5344 Petrum
1472 5291 1741 5344 dicentem
1776 5294 2058 5347 audimus:

499 5404 518 5436 ι
553 5382 706 5440 nunc
744 5381 926 5439 Jesum
964 5383 1242 5438 suscitavit
1272 5382 1447 5443 Deus;
1479 5401 1498 5432 ι
1528 5384 1743 5436 etiamsi
1796 5386 1943 5438 illum
1980 5386 2060 5437 vi-

493 5476 700 5534 sibilem
730 5476 881 5531 dicas
909 5485 962 5531 et
997 5476 1139 5547 ligno
1184 5473 1456 5541 suﬂixum,
1511 5475 1657 5529 illum
1687 5474 1911 5531 Thema:
1947 5494 2061 5530 ma-

559 5684 608 5717 ”
636 5679 915 5745 Act._xm,
946 5678 1035 5735 30.

2169 4649 2413 4718 δηλονότι
2452 4652 2546 4705 καὶ
2594 4651 2896 4725 θεοπρεπῆ.
2931 4656 3138 4709 Οὐκοῦν
3183 4659 3497 4733 παρεχώρει
3547 4662 3646 4734 μὲν
3684 4665 3748 4717 τὸ

2170 4740 2328 4812 σῶμα
2355 4744 2467 4805 τοῖς
2494 4742 2595 4812 τῆς
2629 4743 2762 4809 ἰδίας
2793 4743 3007 4813 φύσεως
3038 4747 3245 4816 νόμοις,
3276 4752 3368 4804 καὶ
3394 4751 3494 4823 τὴν
3525 4754 3619 4807 τοῦ
3652 4753 3746 4808 θα·

2168 4835 2331 4889 νάτου
2360 4836 2549 4897 γεῦσιν
2576 4838 2810 4909 ἐδέχετο,
2830 4840 2920 4891 καὶ
2945 4839 3103 4894 τοῦτο
3133 4843 3323 4898 παθεῖν
3346 4846 3569 4914 ἐφέντος
3598 4849 3749 4922 αὐτῷ

2169 4926 2455 5025 χρησίμως
2483 4926 2577 5025 τοῦ
2622 4928 2915 4993 ὲνωθέντος
2948 4931 3153 4999 Λόγου’
3190 4933 3308 5005 θεία
3336 4952 3398 5004 γε
3436 4938 3543 5009 μὴν
3577 4938 3742 5003 ἐζωο-
3795 4936 3807 5025 ί

2169 5021 2373 5072 ποιεῖτο
2400 5020 2627 5091 δυνάμει
2660 5024 2726 5092 τῇ
2774 5021 2870 5075 τοῦ
2920 5024 3212 5090 ἐνωθὲντος
3252 5027 3401 5099 αὐτῷ
3449 5029 3571 5083 καθ’
3608 5032 3743 5085 ὑπόέ

2168 5128 2354 5164 στασιν
2384 5112 2580 5181 Λόγου.
2608 5113 2767 5166 Ὄλον
2797 5111 2889 5168 οὖν
2928 5116 3156 5187 νοοῦμεν
3186 5118 3275 5173 τὸν
3312 5120 3678 5193 Ἐμμανουὴλ,
3712 5125 3743 5177 ὃ
3806 5108 3807 5111 η

2164 5203 2278 5254 ὲστι
2304 5202 2860 5275 μεθερμηνευόμενον,
2879 5211 3017 5264 Μεθ’
3032 5210 3202 5281 ἡμῶν
3218 5214 3251 5265 ὁ
3269 5213 3433 5281 Θεὸς,
3447 5213 3575 5269 ὅταν
3588 5216 3745 5269 ἀκού-

2169 5312 2350 5366 σωμεν
2382 5297 2629 5365 λέγοντος
2656 5298 2751 5359 τοῦ
2783 5300 3070 5355 θεσπεσίου
3100 5303 3307 5374 Πέτρου
3325 5323 3338 5336 ·
3380 5326 3399 5358 ι
3425 5306 3625 5361 Τοῦτον
3651 5308 3745 5362 τὸν

2179 5387 2384 5456 Ἰησοῦν
2413 5390 2711 5459 ἀνέστησεν
2748 5394 2776 5444 6
2805 5390 2937 5456 Θεός
2960 5412 2973 5424 ·
3000 5413 3018 5445 ι
3065 5396 3170 5449 κᾶν
3206 5397 3297 5449 τὸν
3336 5398 3613 5470 ὁρώμενον
3651 5398 3741 5471 λέέ

2167 5494 2289 5551 γης,
2320 5481 2412 5532 καὶ
2443 5482 2864 5553 προσηλωθέντα
2890 5484 2968 5556 τῷ
2994 5484 3155 5556 ξύλῳ,
3181 5489 3272 5541 τὸν
3303 5492 3422 5553 ταῖς
3445 5489 3539 5544 τοῦ
3571 5474 3742 5562 Θωμά

1131 5677 1179 5758 ’ξ
1211 5677 1330 5731 Act.
1361 5692 1412 5742 ν,
1440 5676 1540 5758 ΞΟ.
1597 5675 1855 5758 "li-Joan.
1893 5693 1984 5758 xx_,
2007 5680 2066 5734 ἓξ

2174 5681 2219 5711 ⁸⁵
2250 5679 2549 5758 Luc.s§tv,
2585 5685 2671 5742 '59.
2750 5688 2794 5721 ’⁸
2830 5686 2989 5744 Joan.
3034 5706 3127 5758 xx,
3158 5690 3247 5747 28.
3325 5693 3370 5727 "
3400 5695 3520 5749 Act.
3555 5709 3597 5749 ιι
3643 5693 3717 5748 23

514 5752 699 5829 ’_Psal.
722 5766 886 5815 cxvu,
916 5750 1001 5805 16.
1074 5750 1119 5785 ”
1149 5746 1301 5802 Joan.
1329 5762 1403 5813 st,
1428 5747 1517 5800 '25.
1597 5747 1611 5776 ¹
1655 5747 1816 5803 Hebr.
1859 5764 1918 5813 ιι,
1948 5752 2002 5805 9.
2079 5752 2098 5781 ²
2128 5748 2283 5808 Joan.
2319 5753 2491 5819 11,19.
