4104 6336
404 388 503 434 ’341

1469 376 1840 440 Λογειιςυε
1876 374 2282 448 Νεδτοιιιυιι
2327 373 2456 440 LIB.
2499 371 2564 428 v.

3552 359 3664 415 τις

417 491 795 568 ψηλαφηθέντα
814 490 1021 565 χερσὶν,
1037 491 1189 545 οὐδὲν
1207 485 1371 564 ἦττον
1387 493 1550 562 ἡμεῖς
1571 490 1990 564 σεσαρκωμένον

2123 492 2254 546 libus
2285 495 2706 551 contrectatum,
2732 484 3087 539 nalmommus
3117 478 3248 537 illud
3278 491 3346 536 ex
3373 473 3484 532 Deo
3501 473 3668 532 Patre

418 583 636 654 νοοῦμεν
667 583 760 637 τὸν
804 584 868 635 ὲκ
899 576 1034 635 Θεοῦ
1069 582 1283 654 Πατρὸς
1311 583 1504 650 Λόγον,
1545 584 1643 636 ἕνα
1674 599 1734 636 τε
1766 583 1862 648 καὶ
1894 583 1986 637 τὸν

417 675 573 731 αὑτὸν
609 673 978 749 ὁμολογοῦμεν
1025 675 1172 730 Υἱόν,
1215 674 1474 746 Ἀόρατος
1521 675 1631 748 γὰρ
1681 655 1990 746 τὴνφύσιν

418 769 695 840 ὑπάρχων,
725 768 952 837 γέγονεν
976 767 1192 839 ὁρατὸς,
1222 769 1304 822 ὅτι
1336 768 1430 843 καὶ
1463 767 1593 821 ἴδιον
1635 750 1704 838 ἦν
1732 765 1897 821 αὐτοῦ
1930 766 1993 820 τὸ

416 860 687 932 ὁρώμενον
739 859 919 928 σῶμα.
968 859 1175 914 Ψάλλει
1205 860 1334 928 γοῦν
1363 862 1390 914 6
1429 859 1572 923 θεῖος
1617 861 1750 930 ἡμῖν
1793 855 1988 912 Δαϐίδ’

421 971 441 1004 ι
479 954 538 1005 ὐ
571 950 702 1013 Θεὸς
729 952 986 1021 ἐμφανῶς
1017 953 1159 1022 ἥξει,
1188 953 1216 1004 6
1239 951 1372 1014 Θεὸς
1397 952 1577 1021 ἡμῶν,
1601 952 1694 1003 καὶ
1725 951 1785 1003 οὐ
1819 965 1995 1020 παρα-

421 1044 776 1113 σιωπήσεται.
803 1064 822 1096 ι
861 1045 970 1096 Καὶ
1003 1043 1110 1114 μὴν
1147 1044 1240 1096 καὶ
1272 1045 1300 1095 6
1335 1044 1607 1114 μακάριος
1643 1042 1992 1113 Ἀὅῦακούμο

427 1137 537 1203 ‹,⁹Ο
560 1137 692 1199 Θεὸς
729 1136 792 1188 ἐκ
821 1136 1035 1206 Θαιμάν
1063 1135 1202 1205 ἥξει,
1231 1137 1324 1188 καὶ
1351 1139 1379 1188 6
1403 1136 1591 1207 ’Ἄγιος
1623 1134 1684 1198 ἐξ
1712 1134 1870 1206 ὅρους
1899 1150 1996 1186 και

421 1229 644 1285 τασκίου
671 1227 909 1292 δασέως’
927 1223 1142 1290 ιὈὗτος
1171 1227 1432 1298 ὑπάρχων
1459 1228 1552 1280 καὶ
1573 1227 1808 1298 ἀναφὴς,
1829 1225 2000 1289 ἁπτὸς

421 1319 670 1391 γενέσθαι
702 1321 920 1390 λέγεται
948 1321 1037 1374 διὰ
1059 1321 1120 1374 τὸ
1146 1319 1343 1374 ένωθὲν
1370 1320 1518 1390 αύτῷ
1566 1320 1726 1390 σῶμα
1745 1339 1759 1351 ο
1797 1319 1998 1389 γράφει

423 1408 554 1480 γοῦν
595 1414 624 1466 ὁ
660 1411 914 1475 Λουκᾶς·
955 1429 974 1463 ι
1015 1411 1343 1484 Ἐπειδήπερ
1402 1391 1610 1482 πολλοῖ
1637 1410 2000 1480 ἐπεχείρησαν

424 1504 793 1582 ἀνατάξασθαι
826 1505 1079 1576 διήγησιν
1110 1505 1239 1574 περὶ
1272 1505 1382 1556 τῶν
1418 1502 2000 1581 πεπληροφορημένων

367 1607 372 1610 ‘
426 1597 561 1667 ἡμῖν
604 1595 969 1673 πραγμάτων,
1001 1594 1185 1658 καθὼς
1220 1595 1526 1665 παρέδοσαν
1549 1597 1681 1664 ἡμῖν
1711 1598 1758 1647 οἱ
1785 1594 1878 1647 ἀπ’
1905 1595 2003 1666 ἀρ-

426 1687 530 1758 χῆς
565 1688 831 1742 αὐτόπται
873 1688 967 1741 καὶ
1002 1687 1272 1761 ὑπηρέται
1304 1687 1585 1758 γενόμενοι
1619 1685 1712 1740 τοῦ
1753 1685 1912 1754 λόγου
1935 1699 1948 1713 ο
1977 1704 1995 1736 ι

427 1780 525 1856 καὶ
556 1781 695 1854 πρός
725 1798 791 1849 γε
824 1780 979 1834 τοῦτό
1009 1797 1172 1851 φησιν
1211 1781 1240 1834 6
1275 1779 1436 1848 σοφὸς
1474 1779 1754 1850 Ἰωόιννης⁸
1794 1797 1812 1829 ι
1839 1779 1904 1831 Ὃ
1933 1772 2002 1849 ἦν

2093 581 2327 636 Verbum
2349 579 2706 648 intelligimus
2731 574 3094 639 incarnatum,
3126 582 3406 640 unumque
3436 574 3490 623 et
3511 581 3669 624 eum-

2091 677 2212 731 dem
2255 674 2447 741 Eilium
2504 672 2828 728 confitemur
2901 667 3033 724 Cum
3075 666 3218 722 enim
3272 679 3370 735 per
3418 669 3666 719 naturam

2093 777 2239 826 esset
2277 765 2581 832 invisibilis,
2628 764 2802 820 factus
2849 770 2933 817 est
2967 759 3214 824 visibilis,
3249 770 3314 812 eo
3358 755 3502 826 quod
3549 751 3672 806 visi-

2096 861 2203 916 bile
2239 860 2365 915 illud
2407 873 2602 928 corpus
2625 857 2904 927 proprium
2943 854 3059 922 ejus
3090 859 3230 908 erat.
3259 848 3445 919 Itaque
3480 846 3672 902 beatus

2096 952 2266 1007 David
2309 952 2490 1022 psallit
2520 969 2534 1006 :
2569 968 2587 1000 ‹
2622 949 2761 1004 Deus
2810 946 3094 1002 manifeste
3136 944 3337 1005 veniet,
3383 939 3522 995 Deus
3568 952 3670 992 no-

2097 1057 2230 1110 ster,
2271 1054 2328 1100 et
2364 1061 2469 1098 non
2504 1042 2753 1109 silebit’;
2788 1061 2805 1094 ι
2841 1051 3000 1114 atque
3031 1040 3194 1093 etiam
3249 1036 3438 1091 beatus
3493 1031 3671 1087 Haba-

2099 1153 2231 1191 cuc:
2256 1154 2275 1187 ι
2303 1136 2443 1188 Deus
2473 1135 2539 1186 de
2562 1133 2803 1188 Theman
2831 1131 3034 1192 veniet,
3063 1139 3115 1182 et
3141 1127 3373 1183 Sanctus
3406 1125 3470 1178 de
3493 1131 3674 1177 monte

2098 1231 2384 1292 umbroso,
2416 1224 2686 1279 condenso
2707 1223 2750 1277 ⁸.
2773 1241 2792 1275 ι
2839 1221 2937 1276 llic
2965 1235 3085 1274 cum
3119 1227 3265 1274 esset
3290 1217 3451 1273 etiam
3479 1211 3674 1282 impal-

2102 1319 2317 1391 pabilis,
2363 1328 2582 1388 propter
2613 1317 2821 1370 unitum
2869 1313 2970 1368 sibi
3017 1318 3214 1382 corpus
3252 1306 3540 1378 palpabilis
3593 1303 3675 1360 fa-

2102 1423 2220 1468 ctus
2254 1426 2374 1466 esse
2418 1410 2635 1464 dicitur.
2670 1407 2844 1461 Lucas
2886 1413 3038 1459 certe
3090 1401 3320 1457 scribit:
3355 1417 3374 1452 ι
3407 1398 3672 1466 Quoniam

2102 1505 2316 1574 quidem
2376 1500 2525 1556 multi
2575 1501 2754 1554 conati
2808 1506 2936 1553 sunt
2994 1496 3254 1550 ordinare
3305 1490 3676 1546 narrationem

2103 1610 2223 1666 qua:
2258 1594 2310 1648 in
2342 1592 2498 1648 nobis
2537 1592 2818 1658 completas
2861 1595 2990 1642 sunt
3017 1599 3222 1648 rerum,
3264 1583 3408 1638 sicut
3437 1579 3680 1635 tradide-

2105 1697 2232 1742 runt
2268 1686 2422 1740 nobis
2455 1684 2545 1752 qui
2580 1683 2649 1737 ab
2679 1681 2834 1736 initio
2874 1678 2974 1748 ipsi
3009 1676 3288 1738 viderunt,
3340 1682 3397 1729 et
3447 1669 3680 1726 ministri

2108 1777 2326 1831 fuerunt
2367 1772 2633 1828 sermonis
2653 1771 2694 1826 '.
2731 1789 2749 1822 ι
2804 1769 3000 1842 Adhac
3049 1767 3123 1820 ait
3180 1766 3371 1819 beatus
3402 1758 3637 1820 Joannes
3662 1773 3681 1812 :

429 1851 524 1928 ἀπ’
564 1851 762 1944 ἀρχῆς,
803 1873 832 1926 ὃ
859 1873 1199 1944 ἀκηκόαμεν,
1228 1871 1258 1924 ὃ
1290 1871 1619 1943 ἑωράκαμεν
1665 1874 1779 1935 τοῖς
1808 1869 2009 1941 ὀφθαλ-

2123 1887 2138 1921 ι
2170 1867 2324 1936 Quod
2367 1867 2467 1919 fuit
2514 1865 2582 1919 ab
2621 1864 2795 1926 initio,
2834 1863 2976 1931 quod
3004 1859 3329 1921 audivimus,
3361 1853 3504 1926 quod
3542 1851 3682 1906 vidi-

433 1967 553 2036 μοῖς
580 1966 761 2038 ἡμῶν,
786 1965 814 2018 ὃ
832 1964 1208 2042 ἐθεασάμεθα,
1229 1966 1322 2017 καὶ
1344 1966 1400 2018 αἱ
1431 1967 1610 2036 χεῖρες
1631 1964 1785 2036 ἡμῶν
1811 1963 2012 2034 ἐψηλά-

431 2076 610 2130 φησαν
642 2059 773 2130 περὶ
805 2056 898 2112 τοῦ
929 2058 1104 2128 Λόγου
1132 2059 1232 2128 τῆς
1276 2057 1442 2128 ζωῆς,
1475 2059 1567 2111 καὶ
1594 2060 1626 2129 ἡ
1657 2057 1770 2127 ζωὴ
1819 2059 2014 2124 ἐφανε-

437 2150 605 2222 ρώθη,
636 2151 731 2228 κα).
773 2150 1100 2222 ἑωράκαμεν
1137 2152 1230 2204 καὶ
1265 2150 1674 2222 μαρτυροῦμεν,
1707 2150 1801 2202 καὶ
1830 2150 2015 2216 ἀπαγ-

433 2241 696 2312 γέλλομεν
734 2242 863 2312 ύμῖν
893 2241 993 2314 τὴν
1025 2240 1164 2312 ζωὴν
1215 2241 1317 2311 τὴν
1347 2240 1582 2304 αἰώνιον,
1615 2241 1738 2310 ἥτις
1777 2235 1846 2310 ἦν
1878 2237 2015 2311 πρὸς

436 2336 524 2388 τὸν
558 2337 774 2408 Πατέρα
819 2336 915 2390 καὶ
963 2332 1281 2404 ἐφανερώθη
1314 2336 1466 2404 ἡμῖν.
1499 2352 1517 2384 ι
1561 2333 1699 2386 Ἀλλ’
1725 2335 1774 2384 εἰ
1812 2332 1886 2403 μὴ
1920 2331 2015 2400 γέ·

436 2444 592 2494 γονεν
620 2428 790 2491 ἁπτός
818 2444 878 2478 τε
912 2428 1006 2479 καὶ
1038 2425 1249 2497 ὁρατὸς,
1286 2424 1362 2488 ὼς
1393 2425 1523 2479 ἴδιον
1558 2424 1697 2496 ἔχων
1723 2423 1784 2476 τὸ
1813 2423 2016 2476 ύποπῖ-

438 2537 570 2574 πτον
595 2520 706 2592 ἁφῇ
733 2519 826 2573 καὶ
853 2519 1040 2590 ὁράσει
1072 2517 1250 2590 σῶμα,
1284 2517 1402 2581 πῶς
1428 2516 1694 2570 αὐτόπται
1723 2513 1816 2589 τοῦ
1844 2516 2015 2583 Λόγου

437 2611 724 2681 γεγόνασιν
741 2612 790 2664 οἱ
809 2611 1074 2678 πάνσοφοι
1095 2609 1335 2681 μαθηταί
1355 2626 1370 2676 ;
1391 2609 1515 2672 Πῶς
1602 2607 1694 2660 καὶ
1709 2606 2015 2671 τεθέανται,

439 2704 532 2761 καὶ
547 2701 868 2775 ψηλαφῆσαί
896 2719 1027 2770 φασι
1055 2701 1146 2754 τὸν
1166 2702 1338 2770 Λόγον
1358 2701 1455 2769 τῆς
1473 2699 1642 2769 ζωῆς,
1658 2699 1779 2769 ἥτις
1795 2693 1862 2768 ἦν
1883 2697 2020 2767 πρὸς

440 2797 530 2851 τὸν
561 2795 800 2866 Πατέρα,
833 2796 927 2849 καὶ
959 2792 1282 2865 ἐφανερώθη
1317 2793 1480 2863 ἡμῖν;
1512 2790 1714 2846 Τοῦτον
1735 2783 1827 2843 οὖν
1858 2789 2020 2844 αὐτὸν

440 2885 532 2940 τὸν
551 2885 718 2938 ἁπτόν
738 2901 796 2938 τε
821 2884 918 2938 καὶ
947 2883 1165 2950 ὁρατὸν,
1181 2883 1274 2935 τὸν
1294 2882 1374 2952 τῷ
1405 2881 1546 2951 ξύλῳ
1573 2879 2018 2952 προσηλωμένον,

441 2978 671 3047 tus-(vta,
702 2977 802 3046 μὲν
826 2977 854 3030 6
897 2973 1418 3052 9wp6‘t;,_tbp.0?tdyat
1454 2972 1510 3025 δὲ
1541 2972 1636 3025 καὶ
1670 2971 1815 3042 μάλα
1847 2967 2022 3042 ὀρθῶς

442 3069 576 3132 Θεὸν
624 3070 718 3147 καὶ
767 3067 992 3140 Κύριον.
1045 3068 1189 3137 Ἔφη
1241 3065 1351 3136 γὰρ
1403 3062 1596 3126 εὐθύς*
1636 3081 1655 3113 ‹
1715 3061 1773 3115 '0
1817 3059 2023 3130 Κύριός

448 3180 549 3235 μου
577 3162 671 3216 καὶ
698 3164 727 3214 6
759 3161 892 3225 Θεός
911 3177 1010 3232 μου
1027 3173 1072 3212 ⁸»
1098 3154 1218 3211 εἶτα
1249 3157 1385 3230 πρὸς
1405 3155 1566 3210 αὑτὸν
1586 3157 1614 3208 6
1634 3155 1837 3231 Κύριος
1865 3151 2021 3223 ήμῶν
2049 3197 2091 3254 C

459 3254 664 3327 Ἰησοῦς
692 3253 930 3326 Χριστός
955 3267 970 3281 ·
1008 3271 1027 3304 t
1057 3252 1182 3304 Ὅτι
1204 3248 1458 3321 ἑώρακάς
1488 3265 1553 3319 με
1570 3285 1585 3312 ,
1610 3246 1981 3307 πεπίστευκας
2004 3259 2019 3274 ο

452 3349 709 3419 μακάριοι
739 3349 788 3400 οἱ
826 3347 901 3417 μὴ
949 3342 1278 3416 ἑωρακότες,
1325 3341 1420 3396 καὶ
1465 3339 1880 3399 πιστεύσαντες.
1905 3354 1924 3386 ι
1959 3335 2023 3388 Τί

449 3443 859 3505 πιστεύσαντες,
891 3437 1012 3493 εἰπέ
1042 3456 1131 3508 μοι
1153 3455 1167 3503 ;
1194 3432 1341 3509 τΑρα
1360 3435 1459 3505 οὺχ
1485 3431 1720 3494 ὅτιθεὸς
1740 3429 1816 3482 ὢν
1841 3428 2031 3503 φύσει,

451 3537 538 3592 τὸν
569 3536 698 3589 ἴδιον
726 3536 792 3588 ἐκ
824 3531 1033 3603 νεκρῶν
1059 3530 1325 3599 ἀνέστησε
1357 3527 1516 3593 ναόν;
1545 3523 1738 3578 Καίτοι
1772 3521 1888 3584 πῶς
1920 3521 2027 3590 ἀμ-

452 3627 670 3696 φίλογον
718 3627 780 3680 τὸ
828 3623 1062 3695 πρᾶγμά
1094 3624 1278 3684 έστινς
1316 3617 1453 3671 Ἀλλ’
1478 3619 1505 3670 6
1542 3615 1775 3686 χρηστὸς
1805 3611 2023 3677 οὑτοσὶ,

455 3719 734 3790 μονονουχὶ
797 3719 914 3780 ταῖς
969 3713 1061 3768 τοῦ
1124 3709 1370 3782 μαθητοῦ
1425 3711 1628 3779 φωναῖς
1684 3702 2028 3775 ἐπερυθριῶν

452 3811 761 3889 ἀσυνέτως,
789 3811 902 3879 Οὐχ
946 3805 1287 3878 ὡμολόγησε,
1335 3803 1521 3874 φησὶν.
1571 3799 1754 3864 αὐτὸν,
1802 3799 1884 3851 ὅτι
1935 3796 2031 3850 καὶ

453 3887 654 3974 Κύριος
700 3903 796 3955 καὶ
831 3899 963 3964 Θεός
1014 3901 1158 3951 ἐστιν
1195 3899 1224 3950 6
1264 3893 1610 3967 πρωτότοκος
1662 3893 1727 3944 ὲκ
1779 3887 2026 3960 νεκρῶνο

454 3991 799 4064 παρατρέπει
839 3988 895 4042 δὲ
931 3986 1128 4055 μᾶλλον
1159 3985 1250 4040 ἐπὶ
1283 3983 1344 4036 τὸ
1377 3981 1526 4051 αὐτῷ
1564 3977 1752 4032 δοκοῦν
1794 3976 1892 4049 τὴν
1936 3973 2029 4029 τοῦ

455 4085 610 4154 λόγου
632 4085 883 4155 δύναμιν,
910 4079 1003 4134 καί
1035 4095 1220 4150 φησιν,
1245 4077 1326 4130 ὅτι
1353 4073 1444 4127 τὸν
1474 4069 1897 4142 παραδοξοποιὸν
1928 4067 2033 4120 €60-

459 4178 662 4252 ξολόγει
683 4175 836 4246 Θεὸν,
863 4173 1035 4241 λέγων
1052 4189 1096 4224 ἰ
1117 4171 1177 4223 'O
1203 4168 1403 4244 Κύριός
1430 4184 1528 4237 μου
1557 4166 1650 4218 καὶ
1668 4165 1694 4217 6
1715 4163 1844 4226 Θεός
1873 4177 2027 4246 μου..)

458 4254 802 4343 ῌῳσεπάγει
832 4266 889 4319 δὲ
932 4264 1174 4343 τούτοις·
1205 4262 1279 4316 Οὐ
1312 4263 1373 4314 τὸ
1399 4258 1721 4330 ψηλαφηθὲν
1764 4271 2035 4326 προσαγο-

462 4347 635 4438 ρεύων
663 4361 826 4415 Θεόν·
859 4360 918 4412 οὺ
952 4358 1061 4429 γὰρ
1104 4354 1418 4426 ψηλαφήσει
1463 4351 1667 4421 Θεότης
1697 4348 2032 4417 εὑρίσκεται.

472 4453 760 4526 Ἑπιτιμᾷς
798 4447 891 4506 οὖν
921 4449 998 4521 τῷ
1061 4448 1302 4519 μαθητῇ,
1352 4443 1472 4498 εἰπέ
1524 4461 1653 4514 μοι,
1703 4440 1906 4511 Κύριον
1943 4438 2037 4492 καὶ

2114 1974 2235 2014 mus
2268 1957 2439 2012 oculis
2483 1956 2704 2018 nostris,
2747 1952 2888 2022 quod
2938 1949 3334 2020 perspeximus,
3387 1953 3441 2000 et
3491 1955 3684 1997 manus

2116 2060 2315 2106 nostra!
2343 2057 2813 2104 contrectaverunt
2853 2048 2920 2102 de
2948 2045 3128 2102 Verbo
3163 2044 3310 2107 vitae,
3343 2049 3398 2096 et
3427 2039 3536 2094 vita
3569 2031 3686 2091 ina-

2115 2143 2361 2198 nifestata
2391 2152 2494 2204 est,
2531 2147 2584 2193 et
2613 2139 2843 2194 vidimus
2871 2147 2926 2194 et
2966 2145 3250 2200 testamur,
3287 2141 3346 2189 et
3389 2127 3683 2186 annuntia-

2117 2249 2236 2288 mus
2267 2235 2418 2289 vobis
2441 2234 2606 2287 vitam
2653 2240 2934 2298 atternam,
2964 2244 3086 2300 quae
3114 2235 3234 2284 erat
3260 2225 3400 2295 apud
3441 2221 3683 2286 Patrem,

2116 2337 2171 2384 et
2219 2326 2472 2396 apparuit
2518 2323 2738 2378 nobis“.
2776 2341 2794 2374 ι
2852 2317 2981 2386 Sed,
3006 2320 3108 2375 nisi
3169 2316 3360 2372 fuisset
3410 2311 3688 2386 palpabilis

2118 2431 2282 2490 atque
2335 2418 2598 2483 visibilis,
2657 2423 2842 2486 utpote
2895 2427 3093 2483 corpus
3143 2413 3418 2481 proprium
3482 2407 3690 2464 habent

2119 2509 2282 2564 tactui
2327 2508 2575 2577 visuique
2609 2507 2936 2575 subjectum.
2983 2501 3255 2572 quomodo
3302 2492 3688 2566 sapientissimi

2119 2604 2193 2660 illi
2226 2600 2474 2671 discipuli
2520 2599 2781 2654 vidissent
2805 2594 3065 2658 Verbum,
3100 2589 3374 2662 quomodo
3420 2587 3582 2643 etiam
3629 2597 3692 2640 se

2120 2697 2456 2770 perspexisse
2494 2701 2550 2748 et
2596 2698 2964 2747 contrectasse
2995 2687 3240 2742 dicerent
3264 2683 3503 2740 Verbum
3535 2680 3687 2742 vitae,

2119 2803 2241 2858 qua:
2282 2795 2400 2841 erat
2442 2784 2582 2856 apud
2629 2781 2862 2844 Patrem,
2911 2787 2965 2834 et
2998 2777 3248 2849 apparuit
3295 2775 3496 2830 nobis?
3538 2770 3693 2828 Hunc

2121 2877 2286 2948 igitur
2318 2877 2492 2946 ipsum
2535 2871 2981 2928 contrectabilem
3027 2877 3188 2937 atque
3229 2865 3518 2927 visibilem,
3551 2863 3693 2917 hunc

2121 2969 2212 3040 qui
2238 2966 2381 3036 ligno
2407 2963 2626 3020 sufﬁxus
2651 2963 2848 3026 fuerat,
2880 2960 3117 3013 Thomas
3145 2956 3382 3027 agnovit,
3415 2969 3478 3008 ac
3500 2953 3691 3008 rectis-

2123 3061 2261 3114 sime
2316 3058 2480 3111 Deum
2541 3069 2602 3108 ac
2657 3052 2940 3106 Dominum
2990 3048 3262 3103 fatebatur
3303 3063 3318 3101 :
3363 3043 3502 3100 dixit
3549 3043 3691 3098 enim

2125 3148 2382 3202 continuo
2411 3142 2607 3215 2140
2637 3160 2654 3193 ι
2682 3141 2938 3195 Dominus
2964 3152 3134 3201 meus,
3160 3147 3214 3191 et
3238 3133 3378 3189 Deus
3401 3148 3552 3189 meus
3571 3133 3594 3165 ⁷
3619 3149 3635 3199 ;
3669 3151 3688 3184 ι

2125 3239 2320 3294 deinde
2363 3236 2428 3291 ad
2485 3236 2633 3288 illum
2669 3231 2930 3286 Dominus
2965 3237 3153 3283 noster
3196 3223 3355 3282 Jesus
3395 3223 3692 3280 Christus:

2131 3347 2151 3381 ι
2183 3328 2339 3394 Quia,
2389 3325 2583 3395 inquit,
2641 3320 2822 3376 vidisti
2879 3331 2986 3384 me,
3049 3315 3328 3372 credidisti
3363 3313 3553 3369 :heati
3601 3312 3693 3382 qui

2127 3438 2232 3476 non
2263 3419 2530 3484 viderunt,
2559 3425 2612 3469 et
2640 3412 2983 3468 crediderunt
3003 3411 3044 3462 ⁸.
3077 3428 3095 3462 ι
3121 3407 3284 3474 Quid,
3311 3421 3438 3477 rogo
3471 3415 3544 3470 te,
3575 3420 3697 3460 cre-

2127 3509 2416 3568 diderunt?
2447 3522 2625 3562 nonne
2657 3504 2821 3576 quod,
2849 3517 2972 3557 cum
3016 3500 3159 3554 Deus
3189 3507 3336 3553 esset
3367 3512 3435 3552 ex
3483 3507 3697 3562 natura,

2129 3603 2401 3675 proprium
2438 3601 2691 3668 templum
2743 3595 3000 3651 excitavit
3050 3608 3079 3646 a
3129 3591 3393 3646 mortuis?
3429 3590 3591 3661 Atqui
3637 3594 3698 3646 ea

2130 3711 2218 3752 res
2265 3695 2391 3765 quid
2440 3690 2804 3760 ambiguitatis
2859 3687 3062 3744 habet?
3117 3681 3221 3740 Sed
3267 3685 3357 3740 hic
3405 3684 3575 3739 bonus
3620 3682 3702 3736 vir

2129 3787 2513 3860 propemodum
2577 3783 2644 3837 de
2705 3780 2952 3850 discipuli
3005 3777 3233 3832 vocibus
3284 3775 3449 3831 stulte
3499 3775 3699 3828 erube-

2132 3897 2311 3942 scens,
2346 3894 2454 3933 non
2477 3875 2760 3930 confessus
2788 3883 2892 3939 est,
2918 3871 3110 3941 inquit,
3145 3868 3431 3923 Dominmu
3458 3875 3512 3921 et
3534 3863 3703 3920 Deum

2132 3988 2253 4028 esse
2287 3972 2432 4026 illum
2464 3965 2881 4040 primogenitum
2920 3978 2986 4017 ex
3023 3957 3288 4027 mortuis;
3324 3957 3418 4013 sed
3448 3958 3555 4011 vim
3587 3970 3709 4011 ae:-

2135 4064 2309 4120 monis
2339 4060 2599 4131 pervertit
2633 4059 2697 4111 ad
2741 4071 2894 4110 suam
2942 4051 3276 4122 opinionem,
3315 4059 3367 4104 et
3408 4049 3506 4113 ait,
3537 4047 3704 4102 Deum

2135 4153 2532 4208 admirabilium
2578 4165 2801 4219 operum
2836 4144 3144 4201 effectorem
3190 4140 3548 4211 glorificassc,
3582 4154 3703 4193 cum

2136 4247 2274 4302 dixit
2302 4263 2316 4300 :
2350 4264 2369 4296 ί
2398 4244 2657 4297 Dominus
2685 4253 2858 4302 meus,
2889 4245 2943 4293 et
2972 4235 3116 4290 Deus
3155 4249 3328 4288 meus.
3362 4253 3381 4286 ι
3413 4231 3509 4286 i-lis
3540 4231 3705 4287 etiam

2138 4339 2327 4408 adjicit
2355 4355 2370 4392 :
2401 4336 2518 4391 Non
2551 4333 2692 4405 quod
2729 4329 3167 4386 contrectabatur
3208 4325 3483 4396 appellans
3513 4322 3707 4390 Deum,

2137 4449 2244 4488 non
2297 4429 2439 4485 enim
2486 4423 2920 4482 contrectatione
2970 4419 3224 4474 divinitas
3273 4417 3562 4471 invenitur.
3603 4414 3708 4468 Ac-

461 4549 593 4619 Θεδν
641 4504 1076 4616 gustandas;
1106 4504 1370 4611 Χρίστόεη
1410 4504 1603 4590 Καίτοι
1635 4504 1870 4604 δέδειγεν
1906 4533 2021 4604 ἡμῖι

2139 4537 2366 4580 cusasne
2393 4518 2735 4588 discipulum,
2783 4515 2868 4569 die
2902 4512 3056 4578 mihi,
3101 4510 3244 4582 quod
3281 4507 3555 4564 Christum
3602 4504 3709 4560 llo-

462 4639 661 4712 ἀρτίως
685 4640 713 4690 6
745 4635 920 4703 λόγος,
965 4634 1047 4685 ὅτι
1078 4631 1210 4694 Θεὸς
1241 4629 1315 4682 ὣν
1353 4628 1493 4681 κατά
1531 4624 1690 4695 φύσιν
1734 4627 1762 4676 ὁ
1800 4625 2040 4691 Μονογε-

464 4729 578 4800 νὴς,
605 4727 815 4801 ἀναφὴς
848 4727 940 4778 καὶ
970 4725 1218 4795 ἀόρατος,
1261 4719 1430 4783 ἁπτὸς
1460 4718 1652 4788 γέγονε
1693 4716 1788 4770 καὶ
1819 4715 2037 4786 ὁρατός.

466 4823 635 4876 Ὅταν
667 4821 722 4874 δὲ
755 4820 942 4889 λέγῃς·
975 4818 1048 4869 Ού
1079 4815 1187 4886 γὰρ
1217 4813 1527 4883 ψηλαφήσει
1569 4810 1772 4881 Θεότης
1791 4807 2042 4877 εὑρίσκε-

463 4930 576 4976 ται,
608 4912 769 4968 πάλιν
797 4911 974 4962 έκεῖνο
999 4905 1262 4978 ἐροῦμενο
1292 4903 1359 4955 ,Τί
1392 4901 1790 4970 παρωσάμενος
1821 4898 1918 4968 τὴν
1964 4898 2042 4949 οἰ-

468 5005 746 5076 κονομίαν,
773 5001 847 5065 ὡς
878 5000 1008 5070 περὶ
1034 4999 1246 5068 γυμνῆς
1273 4995 1494 5065 διαλέγῃ
1525 4993 1811 5063 θεότητος;
1841 4992 1919 5052 εἰς
1949 4989 2044 5060 λή-

469 5065 568 5168 θην
598 5065 664 5150 ’δὲ
705 5065 894 5164 ὥσπερ
939 5065 1238 5161 έληλακὼς,
1280 5089 1360 5141 ὅτι
1387 5087 1479 5139 καὶ
1510 5083 1796 5155 ὲσαρκώθη
1820 5065 1824 5069 ⁵
1845 5081 1936 5134 καὶ
1965 5082 2046 5133 ὲνο

468 5188 824 5260 ηνθρώπησεν
850 5188 878 5238 6
899 5183 1105 5254 ἀναφὴς
1133 5181 1227 5235 καὶ
1254 5179 1562 5249 ἀσώματος,
1589 5177 1690 5229 ούκ
1717 5174 1886 5246 ἀνέχῃ
1911 5172 2043 5225 Θεὸν

470 5274 840 5347 ὀνομαζούσης
865 5273 1026 5328 αὐτὸν
1055 5272 1152 5341 τῆς
1179 5269 1538 5323 θεοπνεύστου
1570 5267 1812 5336 Γραφῆς,
1843 5263 1932 5317 διά
1961 5279 2043 5316 τοι

469 5369 531 5444 το
565 5347 946 5437 ὲψηλαφῆσθᾶι
975 5364 1160 5436 σαρκὶ,
1188 5355 1365 5431 ὦφθαί
1398 5376 1456 5412 τε
1486 5358 1687 5428 ὁμοίως
1722 5358 1833 5419 τοῖς
1867 5355 2042 5424 ἁγίοις

473 5459 790 5521 ἀποστόλοις
812 5475 826 5523 ;
863 5457 1001 5510 Ἀλλ’
1029 5458 1190 5527 ἡμεῖς
1219 5471 1302 5522 γε,
1331 5447 1510 5515 ὧτᾶν,
1532 5449 1668 5520 ὁμοῦ
1693 5448 1771 5518 τῷ
1794 5446 2044 5518 μακαρίῳ

473 5550 665 5622 Θωμᾷ,
689 5550 780 5603 τὸν
804 5549 881 5620 τῷ
904 5547 1044 5618 ξύλῳ
1073 5543 1517 5618 προσηλωμένον,
1538 5542 1629 5594 τὸν
1652 5538 2044 5611 ψηλαφηθέντα

476 5644 684 5712 χερσὶν,
709 5641 1024 5713 ἑωραμένον
1056 5656 1114 5691 τε
1144 5640 1257 5700 τοῖς
1285 5633 1644 5698 ἀνθρωπίνοις
1667 5633 1899 5703 ὄμμασι,
1929 5632 2048 5692 ταῖς

2145 4617 2347 4672 minum
2383 4628 2446 4668 ac
2473 4610 2639 4664 Deum
2672 4606 2945 4678 appellet?
2990 4604 3149 4673 Atqui
3183 4603 3430 4673 proximo
3462 4612 3712 4654 sermone

2143 4710 2571 4764 demonstratum
2624 4711 2737 4767 est,
2790 4700 2934 4754 illum
2983 4695 3352 4764 unigenitum,
3399 4707 3518 4746 cum
3571 4694 3716 4744 esset

2143 4800 2437 4856 secundum
2473 4806 2716 4850 naturam
2742 4793 2903 4855 Deus,
2937 4785 3296 4858 impalpabilis
3321 4794 3377 4838 et
3406 4781 3713 4848 invisibilis,

2144 4891 2465 4968 palpabilem
2497 4902 2617 4941 esse
2652 4883 2849 4940 factum
2897 4891 2952 4936 et
2982 4879 3266 4933 visibilem.
3304 4875 3437 4930 Cum
3477 4888 3606 4927 vero
3637 4871 3716 4926 di-

2152 4964 2232 5040 cis
2263 5001 2274 5036 :
2304 4981 2422 5037 Non
2455 4979 2600 5034 enim
2639 4972 3073 5030 contrectatione
3110 4966 3378 5023 Divinitas
3421 4964 3716 5032 invenitur,

2153 5075 2282 5132 illud
2311 5089 2342 5128 ο
2374 5069 2647 5127 contrario
2676 5067 2918 5122 dicemus
2947 5080 2960 5116 :
2994 5062 3155 5130 Quid,
3191 5057 3598 5129 dispensatione
3637 5069 3721 5109 re-

2145 5167 2316 5239 jecta,
2339 5173 2593 5233 tanquam
2618 5160 2684 5214 de
2715 5156 2856 5212 nuda
2882 5155 3168 5209 divinitate
3193 5149 3418 5205 disseris
3441 5185 3456 5213 ,
3491 5156 3546 5202 et
3568 5143 3725 5217 quasi

2151 5237 2348 5314 oblitus
2381 5265 2436 5312 et
2474 5255 2812 5309 inearnatum
2862 5247 3052 5313 fuisse,
3103 5249 3159 5299 et
3207 5241 3478 5298 hominem
3521 5237 3718 5293 factum

2151 5352 2300 5408 illum
2327 5345 2721 5418 impalpabilem
2753 5352 2808 5397 et
2834 5343 3232 5407 incorporeum,
3271 5349 3455 5389 sacras
3486 5331 3724 5385 Litteras

2153 5459 2261 5499 non
2292 5439 2528 5496 sustines
2559 5452 2678 5505 quae
2719 5433 2870 5487 illum
2905 5427 3409 5506 Deumappel’lant,
3434 5434 3720 5494 propterea

2153 5535 2298 5606 quod
2327 5545 2490 5589 carne
2529 5531 2600 5583 sit
2625 5533 3012 5588 contrectatus,
3041 5530 3095 5576 et
3127 5521 3274 5574 visus
3315 5517 3386 5572 sit
3417 5517 3548 5571 item
3591 5529 3719 5568 san-

2158 5629 2259 5683 etis
2287 5621 2583 5696 apostolis?
2615 5619 2720 5676 Sed
2773 5633 2891 5685 nos,
2935 5632 2967 5672 ο
3011 5615 3096 5669 vir
3123 5611 3358 5684 egregie,
3393 5609 3552 5665 simul
3595 5620 3716 5662 cum

551 5822 570 5856 ³
603 5819 746 5895 [‘sal.
783 5821 1002 5898 antx,5.
1080 5821 1098 5850 ³
1140 5817 1339 5874 Hahae.
1380 5831 1458 5886 ut,
1488 5816 1540 5869 '5.
1621 5813 1640 5843 ⁸
1671 5810 1798 5866 Luc.
1837 5828 1874 5876 ι,
1913 5811 1962 5875 l,
1988 5812 2021 5864 ‘2

2123 5810 2138 5838 °
2175 5806 2192 5860 l
2223 5805 2377 5866 Juan.
2415 5822 2452 5869 ι,
2512 5803 2564 5858 2.
2642 5801 2965 5864 710nm“,
2999 5798 3089 5862 ‘28,
3128 5796 3218 5850 ΞΕ).
3294 5795 3313 5825 ⁸
3349 5790 3481 5846 ibid.
