4104 6336
460 375 567 433 265

1463 392 1521 447 s.
1561 366 1837 448 CYBILLI
1876 389 2347 448 ALEXANDRINI
2385 391 2707 450 ARCHIEP.

3609 398 3717 453 2M

456 495 616 552 beato
649 497 876 569 Thoma,
923 504 1069 561 illum
1107 508 1254 579 ligno
1284 511 1558 580 suﬁixum,
1595 516 1746 569 illum
1787 516 2013 569 manibu:

2141 516 2290 586 αὐτῷ
2338 519 2678 589 πρεπούσαις
2727 515 3028 588 εὐφημίαις
3060 515 3449 586 στεφανοῦντές
3493 533 3712 586 φαμεν

455 597 875 660 contrectatam,
923 609 1387 674 conspectumque
1410 607 1667 662 humanis
1705 608 1900 671 oculis,
1948 608 2033 661 di-

454 679 578 746 gnis
597 678 846 741 laudibus
866 685 1199 767 honorantes
1222 693 1452 750 dicimus
1482 718 1493 753 :
1523 714 1544 748 ι
1568 697 1831 752 Dominus
1854 713 2029 767 meus,

453 777 511 824 et
533 768 675 828 Deus
705 789 878 832 meus.
912 798 932 830 ι
972 764 1047 835 Ac
1084 784 1128 837 si
1156 785 1427 855 quispiam
1460 789 1626 853 dicat,
1663 790 1756 845 Dei
1796 764 2029 845 Verbum

454 875 620 919 carne
648 869 862 937 propria
901 886 1145 942 passum,
1190 891 1313 933 eum
1351 880 1576 951 dignum
1611 898 1730 938 esse
1763 883 2031 953 approba-

455 952 624 1023 tione,
654 967 767 1012 eta
801 975 929 1016 vero
978 979 1143 1021 sensu
1175 968 1399 1024 minime
1450 971 1726 1038 aberrare,
1779 989 1902 1029 cum
1948 974 2029 1029 sic

450 1057 669 1115 quoque
718 1049 850 1105 illud
895 1056 1158 1111 manserit
1208 1058 1529 1130 impatibile,
1576 1079 1787 1119 rursum
1837 1081 1904 1121 ex
1944 1066 2030 1122 bis

449 1148 573 1202 qua
611 1136 724 1207 ipse
762 1141 1055 1213 scripsisti,
1089 1157 1187 1204 aut
1221 1150 1406 1207 dixisti
1457 1153 1521 1208 in
1552 1153 1814 1212 Ecclesiis
1858 1171 2027 1213 cona-

446 1224 550 1280 bor
580 1233 888 1288 ostendere.
923 1234 1247 1296 Laudandus
1296 1259 1528 1316 namque
1572 1262 1762 1303 censes
1807 1260 2026 1306 sanctos

447 1315 638 1375 Patres
668 1332 886 1381 nostros
930 1327 1059 1382 olim
1105 1331 1159 1385 in
1194 1332 1375 1391 Nicaea
1413 1315 1691 1407 collectos,
1724 1351 1782 1397 ut
1808 1343 1901 1413 qui
1937 1359 2027 1400 ac-

446 1421 697 1469 curatam
742 1414 1082 1490 et'undique
1126 1426 1416 1495 expolitam
1444 1430 1593 1488 Fidei
1627 1434 2022 1492 confessionem

444 1505 746 1576 ediderint;
780 1512 874 1565 sed
904 1528 1009 1568 non
1036 1515 1111 1569 ita
1142 1529 1201 1572 ut
1231 1519 1309 1573 illi
1332 1523 1526 1590 sentis,
1558 1525 1781 1583 minime
1808 1545 1823 1582 :
1849 1542 2025 1599 neque

444 1596 628 1653 animo
656 1598 709 1655 in
731 1603 978 1660 veritatis
1002 1606 1275 1678 dogmatis
1308 1611 1415 1669 ﬁxo
1438 1628 1584 1671 recte
1614 1618 1819 1689 ingredi
1847 1623 2021 1690 cupis,

450 1700 471 1733 ε
500 1688 595 1741 sed
641 1688 919 1748 claudicas
964 1699 1363 1765 quodammodo
1410 1688 2024 1782 ambabussuﬁ‘ragini-

2140 626 2159 656 ι
2182 607 2238 660 ’0
2268 606 2474 677 Κύριός
2512 625 2613 678 μου
2650 608 2743 663 καὶ
2772 610 2801 661 ό
2833 608 2965 671 Θεός
3001 625 3156 679 μου.»
3190 609 3311 661 Ὅτι
3340 608 3396 661 δὲ
3427 606 3531 661 κᾶν
3560 608 3611 659 εἰ
3630 623 3714 670 τις

2134 698 2278 767 λέγοι
2310 700 2476 770 σαρκὶ
2503 703 2569 772 τῇ
2600 701 2709 772 ἰδίᾳ
2740 700 2933 754 παθεῖν
2960 700 3052 753 τὸν
3081 699 3176 754 τοῦ
3211 699 3347 753 Θεοῦ
3379 700 3572 768 Λόγον,
3612 701 3714 752 οὐκ

2132 795 2199 847 ἂν
2231 795 2552 865 ἀμοιρήσειε
2587 794 2681 848 τοῦ
2710 795 2803 847 καὶ
2837 794 3175 846 ἐπαινεῖσθαι
3207 793 3339 856 δεῖν,
3368 792 3473 845 καὶ·
3495 793 3711 861 φρονεῖν

2133 884 2354 939 ἑλέσθαι
2382 885 2453 938 τά
2484 885 2660 955 ἀληθῆ
2703 885 3005 957 (μεμένηκε
3039 883 3149 955 γὰρ
3194 884 3294 936 καὶ
3334 882 3507 945 οὕτως
3564 882 3713 935 ἀπα-

2133 977 2278 1048 θὴς),
2312 976 2651 1048 πειράσομαι
2681 976 2994 1041 καταδεῖξαι
3022 975 3204 1040 πάλιν,
3232 975 3292 1041 ἐξ
3323 970 3399 1028 ὧν
3428 974 3712 1045 γέγραφας

2129 1069 2312 1132 αὐτὸς,
2341 1068 2509 1139 ἤγουν
2537 1067 2673 1139 ἔφης
2688 1068 2746 1120 ὲν
2786 1067 3158 1138 Ἐκκλησίαις.
3195 1066 3451 1120 Ἔπαίνου
3476 1066 3574 1136 μὲν
3599 1067 3717 1134 γὰρ

2128 1161 2301 1226 ἀξιοῖς
2339 1163 2465 1225 τοὺς
2492 1161 2682 1230 ἁγίους
2712 1161 2963 1232 Πατέρας
3001 1160 3184 1231 ἡμῶν,
3224 1160 3351 1222 τοὺς
3380 1159 3437 1211 ἔν
3466 1158 3530 1227 γέ
3563 1174 3710 1229 φημι

2126 1257 2192 1325 τῇ
2243 1254 2496 1307 Νικαέων
2555 1254 2697 1307 κατὰ
2756 1253 2986 1323 καιροὺς
3043 1250 3585 1322 συναγηγερμένους,
3631 1250 3712 1313 ὡς

2129 1346 2331 1418 ἀκριϐῆ
2356 1349 2451 1401 καὶ
2474 1345 2957 1419 τετορ[ν]ευμένην
3005 1345 3104 1415 τῆς
3140 1344 3376 1406 πίστεως
3422 1344 3556 1413 ἡμῖν
3605 1341 3710 1412 τὴν

2126 1439 2415 1510 ὁμολογίαν
2463 1435 2523 1493 εὖ
2573 1440 2717 1509 μάλα
2756 1438 3165 1509 πεποιημένους
3194 1454 3207 1467 -
3248 1435 3599 1506 πεφρόνηκάς
3642 1452 3707 1503 γε

2129 1530 2237 1602 μὴν
2277 1531 2337 1584 ού
2366 1531 2436 1584 τά
2479 1531 2705 1585 ἐκείνων
2751 1530 2948 1584 ποθέν·
2981 1528 3105 1583 οῦτε
3143 1528 3251 1599 μὴν
3284 1530 3398 1591 τοῖς
3429 1528 3529 1597 τῆς
3572 1527 3707 1598 ἀλη-

2127 1623 2276 1687 θείας
2326 1624 2593 1695 δόγμασιν
2631 1624 2912 1693 ἐνερείσας
2968 1622 3061 1675 τδν
3124 1620 3269 1686 νοῦν,
3318 1619 3456 1692 ὀρθά
3501 1619 3723 1689 βαίνειν

2125 1714 2444 1784 ἐπιθυμεῖς,
2499 1734 2517 1765 ι
2552 1713 2816 1785 χωλεύεις
2853 1714 2910 1765 δὲ
2954 1711 3143 1783 ὥσπερ
3189 1711 3535 1782 ἀμφοτέραις
3581 1711 3707 1773 ταῖς

444 1775 568 1843 bus,
600 1797 620 1831 ι
676 1791 736 1837 ut
783 1795 869 1840 est
909 1791 1213 1859 scriptum’
1248 1806 1346 1851 :et
1396 1810 1558 1855 rectae
1602 1803 1701 1858 viae
1748 1814 2013 1861 amatores

2128 1775 2356 1875 ἰγνύαις,
2431 1775 2588 1859 ἰκατά
2617 1805 2677 1859 ea
2704 1775 3127 1876 γεγραμμένονί
3152 1775 3265 1867 τοῖς
3286 1775 3390 1874 μὲν
3411 1803 3512 1873 τῆς
3549 1802 3708 1874 ὀρθόὲ

443 1868 820 1938 imprudenter
884 1881 1178 1955 objurgans
1207 1928 1222 1953 ,

448 1959 603 2033 14],
635 1972 891 2037 tanquam
936 1988 1123 2032 verum
1176 1980 1508 2051 conﬁrmas;
1539 1987 1648 2041 imo
1681 2004 1811 2045 vero
1846 2007 1914 2047 ne
1963 1994 2017 2047 in

441 2052 512 2107 iis
544 2056 759 2123 quidem
798 2076 921 2131 quae
957 2066 1166 2136 dixisti,
1197 2078 1624 2141 permanendum
1673 2090 1863 2150 putas;
1896 2100 2016 2139 nam

442 2144 661 2205 invenio
686 2162 739 2207 te
767 2155 834 2209 de
862 2162 1066 2216 sanctis
1092 2162 1344 2221 Patribus
1367 2169 1548 2224 dicere
1580 2193 1593 2226 :

513 2238 755 2301 Nss'ron.
808 2245 1117 2319 [Quoniam
1150 2271 1280 2314 vero
1322 2260 1366 2313 si
1398 2261 1699 2329 dixissent,
1734 2266 2018 2325 Credimus

438 2332 495 2386 in
545 2349 713 2391 unum
765 2338 934 2396 Deum
987 2345 1256 2414 Verbum,
1292 2349 1532 2406 futurum
1588 2366 1705 2410 erat
1755 2367 1813 2413 ut
1870 2376 2016 2417 mors

438 2423 636 2482 divinae
672 2440 880 2487 natura:
927 2436 1289 2505 tribueretur,
1328 2442 1446 2498 ideo
1498 2461 1695 2502 nomen
1739 2452 2017 2521 accipiunt

437 2531 731 2577 commune
754 2564 769 2589 ,
812 2540 1041 2598 nempe,
1078 2530 1236 2589 Jesus
1270 2535 1635 2603 Christus,ut
1658 2550 1715 2596 et
1744 2555 2014 2600 mortuum

436 2607 588 2665 illum
615 2614 1020 2687 signiﬁcarent,
1057 2632 1111 2679 et
1136 2625 1284 2680 illum
1316 2644 1421 2685 non
1460 2640 1753 2689 mortuum.
1785 2635 1884 2690 His
1918 2641 2016 2691 ad-

427 2700 549 2769 jicit
579 2718 599 2757 :
627 2705 814 2779 itaque
841 2714 1064 2781 perinde
1097 2732 1161 2773 ac
1178 2720 1222 2774 si
1252 2723 1371 2790 quis
1396 2723 1538 2778 dicat
1563 2742 1579 2781 :
1612 2725 1707 2781 ille
1736 2726 1899 2787 homo
1931 2742 2012 2788 est

436 2803 704 2865 mortuus,
751 2806 998 2871 quamvis
1039 2811 1222 2865 anima
1278 2814 1349 2868 sit
1409 2816 1775 2889 immortalis;
1832 2831 2012 2879 tamen

434 2887 560 2956 quia
596 2905 791 2948 nomen
825 2894 963 2951 dixit
1011 2902 1154 2969 quod
1203 2904 1474 2973 signiﬁcat
1505 2908 1641 2965 duas
1674 2887 1935 2979 naturas,
1960 2926 2015 2971 et

434 2991 631 3049 corpus
659 2986 800 3053 quod
835 2991 1065 3045 moritur
1097 3007 1151 3049 et
1182 2999 1416 3052 animam
1471 3001 1861 3069 immortalem,
1893 3007 2014 3062 ideo

434 3067 568 3125 nihil
594 3081 679 3126 est
706 3076 929 3145 periculi
957 3080 1009 3134 in
1038 3097 1100 3137 ea
1125 3100 1257 3140 voce
1294 3105 1317 3139 ελ
1351 3098 1644 3161 utrumque
1673 3094 1818 3147 enim
1852 3111 2011 3150 voca-

1301 1893 1444 1959 quod
1514 1894 1618 1947 tibi
1673 1896 1776 1965 ipsi
1842 1899 2013 1967 placet

2123 1917 2286 1970 τητος
2330 1900 2586 1969 ἐρασταῖς
2644 1896 2923 1960 ἀσυνέτως
2973 1897 3268 1967 ἐπιτιμῶν,
3314 1896 3597 1967 κρατύνων
3640 1911 3707 1963 γε

2125 1992 2233 2062 μὴν
2261 1992 2337 2054 ὼς
2366 1990 2563 2061 ἀληθὲς
2591 1989 2651 2041 τὸ
2683 1974 2831 2060 αύτῷ
2877 2006 2959 2042 σοι
2991 1988 3182 2042 δοκοῦν
3201 2006 3214 2019 ·
3252 1988 3453 2058 μᾶλλον
3493 1988 3549 2041 δὲ
3582 1986 3720 2040 οὐδὲ.

2121 2077 2200 2144 οἷς
2223 2081 2383 2144 αὐτὸς
2406 2081 2542 2151 ἔφης
2566 2081 2827 2150 ἐμμένειν
2852 2078 3048 2144 ἀξιῶνσ
3071 2078 3310 2150 εὑρίσκω
3341 2078 3449 2151 γὰρ
3477 2078 3709 2147 λέγοντο.

2122 2172 2248 2240 περὶ
2276 2171 2383 2222 τῶν
2404 2170 2578 2237 ἁγίων
2599 2168 2887 2240 Πατέρων·

2191 2260 2446 2332 [Ἐπειδὴ
2495 2260 2604 2331 γὰρ
2657 2259 2764 2331 [ἵσ.
2796 2259 2868 2332 εἰ]
2904 2261 3208 2332 εἰρήκασιν,
3237 2261 3319 2313 ὄτι
3366 2258 3719 2330 Πιστεύομεν.

2120 2354 2200 2416 εἰς
2230 2354 2325 2406 ἕνα
2346 2353 2479 2405 Θεὸν
2507 2354 2700 2421 Λόγον,
2731 2351 2955 2423 ἔμελλεν
2983 2355 3011 2406 ὁ
3053 2352 3279 2416 θάνατος
3304 2355 3370 2423 τῇ
3406 2352 3525 2424 θείᾳ
3556 2352 3703 2418 λογίὲ

2121 2445 2310 2509 ζεσθαι
2335 2445 2517 2515 φύσει,
2540 2446 2711 2516 ὄνομα
2739 2445 2986 2515 δέχονται
3013 2445 3191 2499 κοινὸν
3220 2446 3303 2513 τὸ,
3330 2445 3564 2515 Χριστὸς
3597 2445 3703 2515 Ἰη-

2121 2538 2269 2605 σοῦς,
2296 2539 2384 2592 ἵνα
2407 2539 2504 2592 καὶ
2534 2538 2624 2592 τὸν
2652 2538 2998 2592 ἀποθανόντα
3027 2538 3332 2609 σημάνωσι,
3365 2539 3457 2590 καὶ
3490 2536 3582 2590 τὸν
3624 2538 3703 2607 μῆ

2118 2632 2477 2687 ἀποθανόντα.
2496 2632 2868 2701 Προσεπάγει
2886 2630 2954 2685 δὲ
2970 2636 3204 2697 τούτοις
3221 2648 3234 2661 ο
3265 2632 3426 2684 Ὥστε
3447 2629 3603 2693 εἴτις
3616 2630 3705 2683 λέ-

2117 2743 2223 2795 γοι,
2264 2726 2320 2780 '0
2343 2726 2488 2779 δεῖνα
2508 2725 2793 2796 ἄνθρωπος
2823 2724 3084 2789 ἀπέθανε,
3116 2724 3294 2777 καίτοι
3324 2725 3356 2795 ἡ
3387 2722 3534 2794 ψυχὴ
3572 2722 3721 2777 ἀθά--

2117 2818 2274 2881 νατός
2319 2818 2486 2880 ἔστιν,
2527 2815 2643 2869 ἀλλ’
2666 2816 2854 2884 ἐπειδὴ
2886 2815 2946 2868 τὸ
2976 2815 3147 2884 ὄνομα
3180 2810 3301 2867 εἷπε
3331 2814 3394 2867 τὸ
3437 2816 3715 2885 σημαῖνον

2116 2908 2219 2971 τὰς
2239 2907 2332 2959 δύο
2361 2906 2574 2976 φύσεις,
2601 2907 2696 2959 καὶ
2724 2907 2787 2959 τὸ
2818 2906 2979 2976 σῶμα
3008 2906 3069 2959 τὸ
3091 2905 3453 2976 ἀποθνῆσκον,
3484 2906 3578 2959 καί¹
3601 2906 3719 2977 τὴν.

2116 2997 2294 3067 ψυχὴν
2326 2996 2424 3066 τὴν
2470 2995 2757 3060 ἀθάνατον,
2786 2994 2887 3047 οὐκ
2916 2994 3028 3064 ἔχει
3058 2993 3305 3047 κίνδυνον
3330 2995 3362 3063 ἡ
3391 2993 3541 3063 φωνή
3560 3007 3573 3021 °
3609 2992 3703 3046 ἄν·

2118 3090 2333 3161 θρωπος
2367 3088 2476 3159 γὰρ
2521 3088 2771 3141 καλεῖται
2804 3086 3118 3157 ἀμφότερα,
3155 3086 3246 3138 καὶ
3284 3084 3347 3138 τὸ
3391 3083 3572 3154 σῶμα,
3607 3084 3703 3135 καὶ

435 3168 524 3215 ιιιι·
567 3161 756 3232 homo,
800 3179 855 3224 et
882 3185 1080 3242 corpus
1129 3184 1185 3230 et
1236 3178 1416 3233 anima
1458 3199 1473 3247 ;
1512 3183 1593 3236 ita
1639 3184 1807 3255 igitur
1858 3190 2013 3243 etiam

2128 3182 2328 3253 ἡψυχὴ
2355 3199 2366 3210 ·
2389 3180 2535 3233 οὕτω
2564 3180 2747 3233 τοίνυν
2781 3180 2875 3231 καὶ
2899 3181 2938 3232 6“
2963 3177 3133 3249 μέγας
3162 3178 3369 3241 ἐκεῖνος
3408 3176 3568 3248 χορὸς
3595 3174 3719 3245 ἔφη,

434 3266 660 3325 magnus
682 3256 770 3314 ille
803 3261 1001 3318 chorus
1027 3265 1094 3320 de
1123 3267 1341 3325 Christo
1374 3271 1530 3327 dixit.
1560 3272 1581 3345 ]

1063 3399 1145 3455 CA
1158 3402 1212 3458 P.
1253 3403 1365 3458 VII.

502 3530 636 3586 Cum
690 3532 767 3588 illi
829 3534 1105 3592 Christum
1166 3542 1349 3597 Iesum
1402 3545 1688 3616 dixerunt,
1723 3568 1825 3606 non
1877 3555 2014 3610 duos

435 3621 574 3678 ﬁlios
611 3626 838 3679 seorsim
865 3665 880 3691 ,
909 3629 999 3697 qui
1037 3646 1322 3688 commune
1358 3636 1620 3694 haberent
1651 3643 1755 3698 hoc
1785 3660 2004 3714 nomen,

431 3713 682 3771 Christus
709 3714 903 3786 Jesus,
933 3722 1026 3776 sed
1051 3723 1188 3779 illud
1210 3740 1277 3780 ex
1312 3726 1421 3783 Deo
1466 3730 1706 3788 Verbum
1739 3713 2011 3794 hominem

430 3805 636 3863 factum
664 3809 1029 3879 signiﬁcasse,
1066 3829 1489 3886 repugnaturum
1526 3825 1619 3894 qui
1653 3828 1828 3897 sapiat
1866 3839 2014 3889 certe

430 3906 564 3966 puto
610 3900 886 3956 nemiuem
914 3918 929 3955 :
958 3919 1021 3960 ac
1054 3918 1250 3975 praeter
1287 3925 1347 3965 ea
1391 3929 1511 3983 quae
1547 3915 1658 3986 jam
1694 3918 1835 3975 dicta
1864 3933 2009 3987 sunt,

429 3989 533 4045 hac
558 3991 623 4045 de
663 4007 722 4047 re
749 3994 900 4062 plura
926 3996 1102 4053 adhuc
1137 3999 1342 4058 referre
1377 4007 1540 4061 verba
1563 4049 1578 4072 ,
1610 4023 2007 4079 supervacuum

429 4079 522 4145 sit,
555 4082 769 4152 opinor.
809 4083 1190 4145 Verumtamen
1253 4095 1297 4147 si
1344 4095 1410 4150 iis
1456 4112 1574 4166 quae
1624 4099 1765 4155 dicta
1824 4115 1951 4159 sunt
1982 4121 2011 4161 a

429 4173 622 4238 nobis,
678 4180 990 4245 persuaderi
1049 4182 1142 4238 tibi
1200 4202 1304 4240 non
1366 4199 1543 4257 potest
1596 4203 1653 4246 ut
1715 4197 2005 4268 intelligas,

427 4263 644 4321 etiamsi
682 4268 927 4326 dicamus
979 4274 1154 4342 ipsum
1214 4279 1310 4334 Dei
1347 4280 1604 4351 Verbum,
1639 4300 1863 4359 prapter
1889 4263 2008 4348 iuos

426 4369 591 4412 carne
627 4371 843 4427 passum
863 4402 881 4427 ,
909 4362 1259 4423 nihilominus
1291 4370 1418 4426 illud
1450 4389 1485 4427 a
1510 4376 1666 4431 nobis
1716 4380 2008 4451 impatihiie

426 4457 683 4517 tauquam
714 4448 881 4507 Deum
918 4457 1163 4524 servari,
1198 4459 1389 4516 saltem
1428 4464 1533 4519 tuis
1563 4448 2008 4542 vocibus-largire

2123 3275 2253 3343 περϊ
2286 3270 2581 3344 Χριστοῦ]

2721 3409 2974 3463 ΚΕΦΑΛ.
3012 3410 3085 3461 Z'.

2190 3553 2312 3606 Ὅτι
2362 3552 2459 3621 μὲν
2502 3549 2736 3621 Χριστὸν
2794 3548 3001 3620 Ἰησοῦν
3057 3547 3454 3617 ὀνομάσαντες,
3488 3546 3549 3599 ού
3593 3546 3687 3599 δύο

2119 3646 2212 3700 καὶ
2240 3645 2344 3699 ἀνά
2385 3644 2548 3716 μέρος
2577 3643 2746 3706 υἱοὺς,
2785 3641 2971 3695 καινὸν
3001 3639 3237 3739 ἔχοντας⁵
3262 3639 3432 3739 ὄνομα
3456 3639 3536 3739 τὸ,
3564 3639 3712 3739 ξριῑ-

2119 3738 2242 3800 στὸς
2280 3736 2506 3809 Ἰησοῦς,
2536 3735 2997 3806 ὲνηνθρωπηκότα
3021 3732 3079 3835 δέ
3114 3731 3329 3835 μᾶλλονγ
3342 3732 3438 3784 τὸν
3462 3730 3703 3835 seeae?

2117 3828 2289 3897 Λόγον
2346 3826 2868 3897 κατασημαίνουσιν,
2921 3822 3197 3893 ἀνταίρειν
3275 3817 3432 3892 οἶμαι
3487 3820 3595 3873 τῶν
3637 3817 3697 3923 εὖ

2117 3917 2457 3990 φρονούντων
2495 3918 2722 3971 οὐδένα·
2754 3914 2848 3968 καὶ
2878 3914 2959 3976 τὸ,
3001 3912 3080 3965 ἔτι
3128 3914 3375 3983 μακροὺς
3416 3912 3545 3980 περὶ
3578 3912 3698 3963 τού-

2114 4030 2222 4065 των
2260 4012 2407 4083 ὴμᾶς
2448 4009 2765 4077 ἀντεξάγειν
2800 4007 2993 4075 λόγους
3024 4005 3159 4077 πρὸς
3188 4005 3699 4107 ruﬁ-13611.75?st-

2118 4104 2320 4175 μένοις,
2352 4101 2605 4173 περιττὸν
2632 4095 2787 4170 οἶμαί
2818 4115 2941 4151 που.
2973 4097 3123 4167 Πλὴν
3154 4099 3203 4150 εἰ
3235 4098 3347 4160 τοῖς
3374 4096 3510 4168 πρὸς
3537 4095 3699 4167 ἡμῶν

2115 4197 2214 4249 οὐκ
2249 4195 2519 4265 ἀναπείθῃ
2550 4194 2749 4261 λόγοις,
2781 4191 2859 4255 εἴς
2887 4209 2949 4260 γε
2990 4191 3051 4244 τὸ
3086 4190 3303 4291 ἑλέσθαι
3343 4192 3581 4291 φρονεῖν,
3617 4190 3699 4291 ὅτι

2115 4292 2220 4344 κᾶν
2264 4290 2511 4359 λέγωμεν
2559 4287 2724 4357 σαρκὶ
2776 4284 3108 4339 πεπονθέναι
3155 4284 3221 4337 δι’
3262 4285 3416 4354 ἡμᾶς
3464 4284 3554 4336 τὸν
3598 4284 3695 4335 τοῦ

2114 4382 2249 4438 Θεοῦ
2297 4382 2493 4449 Λόγον,
2540 4379 2729 4448 ἀπαθῆ
2776 4379 2870 4432 καὶ
2916 4378 3060 4431 οὓτω
3097 4378 3374 4449 τηροῦμεν
3422 4376 3584 4431 αὑτὸν
3622 4376 3698 4438 ὡς

2114 4477 2246 4531 Θεόν
2266 4493 2280 4507 ⁸
2316 4475 2419 4529 κᾶν
2450 4472 2580 4542 γοῦν
2610 4474 2732 4536 ταῖς
2767 4472 2995 4525 σεαυτοῦ
3031 4469 3257 4542 χαρίζου
3290 4471 3515 4539 φωναῖς,
3546 4469 3607 4522 τὸ
3636 4464 3695 4520 εὖ

426 4548 486 4591 ιιι
520 4550 668 4597 recte
708 4544 933 4614 prolatae
969 4548 1276 4608 videantur.
1335 4552 1487 4611 Sicut
1518 4560 1662 4613 enim
1695 4562 1786 4632 qui
1826 4540 2005 4620 homi-

2119 4540 2685 4638 πεποιῆσθαι-δοκεῖν.
2713 4565 2928 4635 Ὥσπερ
2962 4540 3070 4635 γὰρ
3173 4562 3458 4632 ἄνθρωπον
3502 4560 3694 4625 εἰπὼν,

424 4645 549 4685 nem
575 4632 746 4701 dixit,
778 4635 937 4692 simul
970 4654 1093 4694 cum
1125 4656 1356 4711 corpore
1385 4646 1707 4718 signiﬁcavit
1740 4655 2001 4722 animam,

424 4725 674 4793 quamvis
704 4727 821 4783 haec
870 4740 1118 4787 naturam
1157 4735 1354 4792 habeat
1395 4740 1464 4796 ab
1496 4757 1561 4797 eo
1584 4745 1885 4816 diversam,
1930 4752 2004 4808 ita

427 4822 509 4883 ut,
535 4816 750 4875 etiamsi
780 4835 976 4887 corpus
1011 4825 1245 4884 fortasse
1292 4831 1522 4902 alicujus
1578 4850 1851 4897 mortuum
1882 4860 2003 4901 esse

424 4905 672 4973 dicatur,
707 4918 854 4969 totus
882 4914 933 4968 id
974 4916 1134 4974 homo
1178 4935 1371 4990 passus
1412 4942 1518 4981 non
1563 4930 1797 4988 absurde
1839 4934 2001 4992 intel-

420 4995 661 5072 ligatura,
690 5006 937 5071 quamvis
976 5009 1212 5065 animam
1268 5013 1465 5071 habeat
1517 5019 1657 5077 haud
1707 5028 1864 5081 morti
1908 5030 2005 5085 ob-

422 5092 641 5148 noxiam
682 5093 727 5128 “
765 5112 781 5161 ;
816 5096 895 5152 sic
939 5114 999 5163 se
1045 5117 1133 5157 res
1178 5103 1341 5161 habet
1384 5109 1437 5162 in
1477 5114 1720 5169 omnium
1761 5128 2002 5176 nostrum

425 5180 709 5240 Salvatore
756 5185 996 5245 Christo.
1048 5189 1182 5246 Nam
1231 5196 1356 5265 quia
1400 5198 1535 5256 illud
1574 5217 1641 5257 ex
1685 5203 1797 5260 Deo
1844 5207 2003 5266 Patre

426 5272 698 5343 Verbum,
744 5289 803 5335 ut
842 5296 985 5352 saepe
1027 5285 1300 5353 diximus,
1354 5293 1623 5364 particeps
1678 5295 1780 5352 fuit
1820 5304 2001 5359 carnis

424 5378 480 5423 et
520 5373 799 5442 sanguinis
863 5376 1113 5434 similiter
1149 5395 1214 5436 ac
1254 5397 1353 5440 nos
1377 5424 1394 5448 ,
1424 5394 1480 5441 et
1514 5402 1712 5458 corpus
1757 5392 1886 5449 illud
1932 5412 1998 5452 ex

424 5472 616 5518 sancta
650 5463 874 5536 Virgine
902 5469 1007 5525 sibi
1040 5472 1316 5541 proprium
1353 5476 1517 5543 fecit,
1546 5490 1599 5535 et
1625 5484 1699 5537 ita
1739 5484 1880 5543 ﬁlius
1906 5488 2004 5544 ho-

426 5555 592 5611 minis
618 5566 701 5612 est
729 5557 905 5615 factus
935 5579 949 5628 ;
983 5564 1085 5620 hac
1113 5566 1179 5621 de
1205 5582 1390 5634 causa,
1418 5581 1629 5629 mortua
1658 5574 1776 5644 ejus
1814 5593 1998 5647 carne,

422 5662 566 5704 vera
622 5648 768 5707 illius
812 5653 1025 5710 uniouis
1075 5658 1213 5715 ratio
1272 5663 1578 5732 passionem
1628 5668 1729 5740 ipsi
1792 5674 1997 5741 tribuit,

488 5827 510 5861 ’
544 5828 611 5885 lii
649 5829 785 5905 Reg,
828 5849 984 5904 mu,
1016 5836 1105 5893 21.
1189 5840 1227 5873 ¹⁶
1258 5839 1419 5898 Hebr.
1452 5859 1511 5912 ιι,
1544 5846 1630 5903 15.

2118 4662 2458 4731 συνεσήμανε
2492 4657 2570 4729 τῷ
2596 4656 2810 4728 σώματι
2842 4656 2937 4728 τὴν
2966 4656 3163 4726 ψυχὴν,
3193 4656 3371 4709 καίτοι
3402 4657 3500 4726 τὴν
3535 4653 3696 4723 φύσιν

2115 4756 2469 4827 ὑπάρχουσαν
2511 4751 2778 4823 ἑτεροφυᾶ
2816 4749 2948 4820 παρ’
2984 4749 3135 4812 αὐτὸ,
3181 4750 3284 4850 κάν
3312 4750 3361 4801 εἰ
3394 4747 3606 4850 λέγοιτο
3636 4748 3698 4799 τὸ

2111 4849 2207 4907 τοῦ
2252 4850 2423 4911 δεῖνος
2458 4845 2617 4917 σῶμα
2645 4844 2809 4915 τυχὸν
2853 4844 3167 4906 ἀποθανεῖν,
3212 4842 3349 4905 ὅλως
3396 4842 3553 4893 τοῦτο
3602 4857 3699 4891 πε-

2116 4941 2326 5004 πονθὼς
2356 4940 2384 4993 ὁ
2428 4938 2713 5007 ἅνθρωπος
2757 4936 2916 4989 νοοῖτ’
2953 4935 3020 4989 ἂν
3068 4934 3323 4998 εἰκότως,
3372 4933 3551 4986 καίτοι
3594 4931 3691 4984 θα-

2115 5037 2278 5092 νάτου
2309 5035 2409 5087 οὐκ
2440 5033 2577 5103 ἔχων
2615 5028 2872 5100 δεκτικὴν
2910 5028 3009 5098 τὴν
3045 5027 3254 5097 ψυχήν·
3288 5025 3432 5079 οὕτω
3473 5026 3567 5078 καί
3604 5025 3697 5077 ἐπὶ

2113 5128 2208 5183 τοῦ
2242 5127 2459 5182 πάντων
2489 5123 2648 5195 ἡμῶν
2685 5122 2938 5192 Σωτῆρος
2975 5121 3234 5189 Χριστοῦ.
3272 5118 3489 5188 Ἐπειδὴ
3530 5116 3638 5188 γάρ
3666 5117 3698 5168 ὁ

2112 5223 2177 5283 ὲκ
2202 5219 2336 5274 Θεοῦ
2365 5216 2574 5287 [πατρὸς
2606 5216 2801 5283 Λόγος,
2828 5212 2972 5266 καθὰ
3014 5211 3335 5316 πλειστάκις
3366 5211 3694 5316 εἰρήκαμεν,

2113 5313 2450 5383 μετέσχηκεν
2480 5310 2713 5381 αἵματος
2739 5308 2835 5360 καὶ
2864 5306 3067 5377 σαρκὸς
3097 5301 3497 5375 παραπλησίως
3536 5302 3693 5371 ἡμῖν,

2112 5403 2274 5472 σῶμά
2298 5420 2356 5455 τε
2390 5402 2520 5455 ἴδιον
2555 5400 2852 5469 ἐποιήσατο
2881 5398 2940 5450 τὸ
2971 5399 3035 5450 ὲκ
3065 5396 3163 5465 τῆς
3197 5395 3358 5495 ἀγίας
3391 5391 3690 5495 Παρθένου,

2110 5496 2484 5567 κεχρημάτικέ
2535 5511 2594 5548 τε
2639 5491 2783 5545 οὕτω
2818 5490 2912 5544 καὶ
2962 5489 3075 5552 υἱὸς
3124 5484 3440 5589 ἀνθρώπου·
3486 5484 3691 5589 ταύτης

2108 5589 2270 5642 ἕνεκα
2317 5586 2419 5657 τῆς
2466 5585 2647 5650 αἰτίας
2684 5582 3067 5654 ἀποθανούσης
3102 5580 3264 5635 αὐτοῦ
3314 5580 3410 5648 τῆς
3452 5593 3689 5647 σαρκός.

2110 5680 2258 5753 αὐτῷ
2290 5682 2389 5752 μὲν
2420 5682 2479 5735 τδ
2511 5679 2684 5743 πάθος
2710 5681 2736 5734 ό
2770 5678 2870 5749 τῆς
2898 5675 3131 5747 ἀληθοῦς
3176 5674 3425 5743 ἑνότητός
3458 5669 3696 5725 ἀνάπτει
