4104 6336
453 394 559 453 ἳ-ιὸ

1521 396 1894 455 Α’ΒΥΕΒΞΠΞ
1931 393 2342 453 NESTORIUM
2386 395 2513 452 LIB.
2557 395 2619 450 V.

3606 389 3714 447 268

453 512 636 577 λόγος·
670 507 781 575 ἔξω.
805 526 881 577 γε
902 509 1008 579 μὴν
1043 502 1150 563 οἶδε
1185 509 1539 581 μεμενηκότα
1573 512 1665 565 τοῦ
1702 511 1917 577 παθεῖν,
1950 512 2033 564 ὅτι

2142 510 2384 579 quamvis
2434 510 2564 565 illud
2616 518 2773 564 extra
2807 507 3114 577 passionem
3168 505 3434 563 mansisse
3484 506 3715 567 noverit.

454 604 547 656 καὶ
578 602 710 665 Θεός
739 601 854 654 ἐστι
893 602 1036 655 κατά
1069 604 1232 671 φύσιν
1277 604 1371 655 καὶ
1406 600 1543 674 ζωή.
1584 605 1694 657 Καὶ
1724 602 1854 673 γοῦν
1883 606 1911 657 6
1945 603 2034 656 θε-

454 691 677 755 σπέσιος
707 691 913 761 Πέτρος
937 692 1195 764 τοιαύτην
1216 695 1345 763 ἡμῖν
1369 695 1691 763 παρατιθεὶς
1734 695 1834 766 τὴν
1868 713 2036 766 μυστ-

453 783 718 852 αγωγίαν,
760 777 863 835 ὧδέ
904 785 978 855 πή
1020 802 1154 856 φησι
1194 785 1323 856 περὶ
1361 785 1523 839 αὑτοῦ
1549 788 1662 851 τοῖς
1690 786 2036 841 πιστεύουσιν

452 875 534 936 είς
569 874 762 927 αὐτόν·
800 892 820 925 ι
856 875 953 928 Ὃν
985 876 1085 928 οὐκ
1128 875 1329 941 εἰδότες
1369 878 1623 946 ἀγαπᾶτε
1646 895 1659 909 ·
1692 880 1773 942 είς
1817 879 1877 933 ὃν
1912 878 2036 951 ἄρτι

458 966 534 1035 μὴ
577 965 830 1036 ὁρῶντες,
855 966 1206 1033 πιστεύοντες
1233 968 1309 1032 δὲ,
1344 969 1673 1038 ἀγαλλιᾶσθε
1705 972 1848 1042 χαρᾷ
1879 971 2038 1025 ἀνεκο

455 1056 672 1129 λαλήτῳ
697 1059 794 1111 καὶ
831 1058 1218 1132 δεδοξασμένῃ,
1249 1062 1606 1133 κομιζόμενοι
1659 1063 1721 1116 τὸ
1753 1063 1907 1127 τέλος
1934 1062 2037 1133 τῆς

456 1149 721 1215 πίστεως,
768 1151 1044 1222 σωτηρίαν
1089 1152 1301 1225 ψυχῶν.
1349 1156 1485 1226 Περὶ
1527 1151 1593 1228 ἧς
1643 1156 1918 1227 σωτηρίας
1950 1154 2038 1219 ἐξ·

454 1236 731 1311 εζήτησαν
766 1241 861 1294 καὶ
890 1240 1261 1313 έξηρεύνησαν
1283 1244 1582 1314 προφῆται,
1611 1246 1658 1297 οἱ
1686 1246 1813 1314 περὶ
1837 1246 1933 1315 τῆς
1955 1246 2037 1310 εἰς

455 1331 603 1400 ἡμᾶς
633 1331 852 1403 χάριτος
898 1332 1398 1404 προφητεύσαντες,
1427 1336 1756 1407 ἐρευνῶντες
1782 1338 1861 1400 είς
1893 1337 2032 1402 τίνα,

455 1421 489 1492 ἢ
522 1425 673 1475 ποῖον
701 1424 891 1495 καιρὸν
917 1425 1106 1496 ἐδήλου
1132 1426 1193 1479 τὸ
1224 1428 1282 1480 ὲν
1305 1429 1497 1491 αὐτοῖς
1516 1428 1743 1499 Πνεῦμα
1774 1428 2034 1499 Χριστοῦ,

455 1516 976 1587 προμαρτυρόμενον
1003 1517 1071 1572 τὰ
1107 1519 1187 1580 εἰς
1210 1519 1444 1589 Χριστὸν
1467 1519 1788 1590 παθήματα,
1816 1521 1910 1572 καὶ
1937 1521 2037 1584 τὰς

457 1606 597 1678 μετά
613 1606 784 1661 ταῦτα
809 1608 998 1674 δόξας·
1027 1605 1108 1673 οἷς
1131 1610 1517 1681 ἀπεκαλύφθη,
1552 1612 1632 1665 ὅτι
1659 1612 1756 1682 οὐχ
1797 1613 2031 1676 ἑαυτοῖς,

453 1698 586 1768 ἡμῖν
611 1699 667 1752 δὲ
694 1699 978 1769 διηκόνουν
1030 1700 1192 1765 αὐτὰ,
1237 1700 1273 1755 ἃ
1313 1700 1407 1755 νῦν
1442 1704 1573 1773 ἡμῖν
1618 1703 1899 1775 ἀνηγγέλη
1948 1703 2036 1757 διὰ

454 1791 563 1844 τῶν
611 1792 1124 1863 εὐαγγελισαμένων
1168 1794 1316 1865 ἡμᾶς
1362 1794 1497 1863 (58),
1559 1796 1841 1865 Πνεύματι
1894 1795 2036 1865 ἁγίῳ

454 1885 815 1940 ἀποσταλέντι
849 1887 946 1939 ἀπ’
974 1886 1226 1956 ούρανοῦ,
1252 1888 1331 1949 είς
1357 1885 1392 1939 ἃ
1423 1885 1781 1956 ἐπιθυμοῦσιν
1813 1887 2036 1955 ἄγγελοι

456 1978 800 2050 παρακύψαι.
823 1998 841 2030 ι
882 1979 1123 2041 Ἀκούεις
1154 1979 1300 2041 ὅπως
1333 1979 1392 2032 τὸ
1423 1977 1648 2049 Πνεῦμα
1669 1977 1906 2050 Χριστοῦ
1942 1979 2038 2033 καὶ¹

457 2072 516 2124 έν
557 2076 668 2135 τοῖς
709 2073 886 2140 ἁγίοις
932 2073 1241 2145 προφήταις
1270 2068 1360 2142 ἦν,
1412 2072 1936 2143 προανακεκράγασι
1980 2071 2037 2125 δὲ

455 2162 525 2216 τὰ
562 2164 641 2227 εἰς
670 2165 903 2236 Χριστὸν
930 2165 1254 2237 παθήματα,
1305 2164 1399 2217 καὶ
1431 2164 1531 2227 τάς
1566 2166 1703 2235 μετά
1741 2162 1915 2217 ταῦτα
1947 2163 2038 2217 δό-

458 2253 586 2323 ξας;
612 2251 738 2327 Ἆρ’
777 2251 870 2311 οὖν
903 2257 976 2320 ὡς
1018 2257 1305 2330 ἄνθρωπον
1337 2255 1521 2319 ἀπλῶς
1556 2256 1697 2324 ὑπὲρ
1740 2255 1899 2326 ἡμῶν
1943 2271 2039 2307 πε-

459 2348 694 2402 πονθότα
737 2348 817 2419 τῷ
862 2350 1053 2421 κόσμῳ
1085 2348 1568 2420 διακηρύττοντες;
1601 2349 1696 2402 καὶ
1728 2346 1886 2401 τοῦτό
1920 2350 2038 2402 ἐστι

459 2440 519 2495 τὸ
550 2443 847 2512 μυστήριον
884 2442 943 2495 τὸ
970 2442 1057 2495 διὰ
1086 2440 1196 2494 τῶν
1230 2441 1401 2509 ἁγίων
1429 2439 1587 2510 ήμῶν
1616 2439 1932 2493 ἀποστόλων
1976 2456 2037 2492 τε

459 2534 553 2588 καὶ
584 2535 986 2604 εὐαγγελιστῶν
1036 2536 1094 2588 ἐν
1135 2535 1318 2588 πίστει
1364 2533 1757 2606 δεδωρημένον,
1810 2535 1904 2586 καὶ
1957 2535 2039 2596 εἰς

456 2626 629 2682 ταῦτα
678 2627 998 2699 παρακύψαι
1032 2629 1198 2696 φησὶν
1238 2627 1525 2697 ἐπιθυμεῖν
1554 2628 1681 2690 τοὺς
1728 2626 2035 2694 ἀγγέλους;

459 2716 651 2771 Καίτοι
679 2716 796 2779 πῶς
826 2717 925 2770 οὐκ
955 2717 1263 2786 ἀπόϐλητος
1288 2715 1373 2787 εἴη
1406 2716 1491 2781 ἂν,
1515 2718 1543 2768 ό
1575 2714 1738 2785 μέχρι
1767 2714 1830 2783 δὴ
1862 2714 2038 2784 μόνων

457 2806 565 2860 τῶν
593 2806 693 2876 τῆς
723 2806 1144 2878 ἀνθρωπότητος
1171 2808 1313 2878 ὅρων
1341 2807 1439 2877 τὴν
1470 2806 1564 2860 τοῦ
1611 2806 1913 2877 μυστηρίου
1948 2805 2042 2858 δύ-

458 2915 621 2969 ναμιν
654 2898 997 2952 κατακλείειν
1040 2898 1369 2970 ἐπιχειρῶν;
1411 2898 1583 2961 Αὐτὸς
1631 2916 1650 2949 ι
1679 2898 1708 2950 ό
1747 2898 1805 2950 ὲν
1855 2898 2037 2968 μορφῇ

459 2991 553 3047 τοῦ
581 2991 717 3045 Θεοῦ
750 2991 845 3045 καὶ
877 2989 1090 3061 Πατρδς
1139 2990 1401 3059 ὑπάρχων
1433 2987 1564 3050 Θεὸς
1610 2986 1784 3054 Λόγος
1809 3027 1823 3051 ,
1877 2988 2038 3040 κεκέ-

459 3099 629 3141 νωκεν
675 3082 888 3145 ἑαυτὸν,
918 3080 1132 3151 μορφὴν
1161 3078 1347 3133 δούλου
1388 3077 1590 3143 λαϐὼν,
1623 3080 1717 3130 καὶ
1755 3078 1855 3150 τὴν
1899 3078 2042 3133 κατὰ

2139 621 2261 661 cum
2294 614 2349 662 et
2376 606 2519 661 Deus
2536 604 2616 661 sit
2638 605 2934 660 secundum
2963 611 3237 667 naturam,
3265 610 3319 656 et
3348 600 3478 655 vita.
3528 598 3719 669 Itaque

2138 699 2328 754 beatus
2382 697 2574 754 Petrus
2614 712 2738 753 cum
2793 695 3064 767 ejusmodi
3116 693 3359 767 mysterii
3414 692 3715 748 doctrinam

2138 790 2295 845 nobis
2317 798 2663 859 proponeret,
2691 788 2770 844 sic
2798 787 2910 842 fere
2938 788 3005 842 de
3028 786 3117 840 illo
3141 787 3193 840 in
3222 801 3342 840 eum
3372 783 3718 839 credentibus

2138 883 2268 937 dicit
2298 898 2315 939 :
2351 900 2370 933 ι
2405 882 2574 948 Quem
2612 895 2734 936 cum
2765 895 2872 935 non
2905 879 3148 934 videritis
3179 876 3421 947 diligitis,
3468 876 3522 930 in
3553 890 3715 946 quem

2138 990 2283 1030 nunc
2324 990 2542 1045 quoque
2576 989 2681 1029 non
2727 974 2970 1029 videntes
3007 970 3226 1026 creditis
3249 1010 3266 1037 ,
3291 971 3578 1025 credentes
3618 982 3718 1022 au-

2140 1077 2246 1123 tem
2296 1067 2583 1122 exsultatis
2625 1066 2807 1121 laetitia
2860 1064 3207 1120 inenarrabili
3246 1062 3402 1134 142
3430 1072 3486 1117 et
3516 1060 3717 1131 gloriﬁ-

2138 1170 2283 1223 cata,
2314 1167 2657 1229 reportantes
2685 1159 2844 1213 linem
2874 1158 2995 1212 ﬁdei
3024 1167 3238 1221 vestrae,
3267 1156 3491 1211 salutem
3518 1155 3719 1207 anima-

2140 1266 2258 1304 rum
2296 1258 2618 1305 vestrarum.
2677 1248 2749 1303 De
2773 1263 2876 1317 qua
2901 1248 3129 1303 salutem
3161 1247 3533 1317 exquisierunt
3557 1254 3719 1313 atque

2138 1342 2366 1397 scrutati
2429 1349 2556 1396 sunt
2612 1341 2925 1411 prophetae.
2960 1338 3052 1409 qui
3101 1339 3168 1393 de
3227 1338 3406 1392 futura
3461 1339 3516 1390 in
3566 1332 3719 1390 vobis

2139 1434 2311 1505 gratia
2374 1434 2841 1503 prophetaveruut
2890 1449 2904 1498 ;
2959 1439 3264 1488 scrutantes
3312 1429 3368 1483 in
3423 1426 3569 1498 quod
3633 1426 3720 1482 vel

2139 1523 2297 1593 quale
2344 1531 2555 1592 tempus
2605 1521 2939 1592 signiﬁcaret
2983 1521 3037 1575 in
3078 1521 3158 1575 eis
3203 1518 3437 1589 Spiritus
3491 1517 3718 1583 Christi,

2140 1615 2511 1681 prmnuntians
2551 1628 2612 1668 ea
2647 1628 2767 1684 qua:
2798 1614 2849 1668 in
2902 1613 3119 1668 Christo
3164 1621 3297 1666 sunt
3341 1611 3621 1680 passiones
3664 1617 3721 1664 et

2139 1707 2469 1775 posteriores
2492 1705 2691 1776 glorias
2724 1723 2740 1772 ;
2773 1705 2969 1775 quibus
3002 1704 3296 1759 revelatum
3328 1713 3429 1769 est,
3458 1702 3583 1772 quia
3612 1716 3718 1757 non

2139 1795 2512 1866 sibimetipsis,
2540 1795 2697 1849 nobis
2723 1805 2900 1849 autem
2934 1794 3315 1848 ministrabant
3342 1807 3404 1848 ea
3429 1807 3550 1863 qua:
3573 1807 3720 1847 nunc

2140 1886 2294 1942 vobis
2346 1888 2590 1941 nuntiata
2624 1894 2749 1942 sunt
2782 1902 2880 1955 per
2927 1900 3022 1940 eos
3076 1886 3167 1954 qui
3205 1884 3720 1955 evangelizaverunt

2138 1978 2293 2033 vobis
2323 1978 2525 2048 Spiritu
2560 1987 2747 2034 sancto
2783 1979 2949 2032 misso
2975 1978 3040 2032 de
3072 1978 3230 2043 coelo,
3257 1978 3309 2031 in
3345 1992 3466 2046 qua:
3503 1975 3719 2032 deside-

2140 2081 2261 2125 rant
2284 2071 2457 2142 angeli
2490 2071 2797 2141 prospicere
2825 2069 2889 2123 “.
2933 2088 2952 2121 ›
2986 2069 3153 2123 Audis
3179 2078 3235 2123 ut
3264 2069 3495 2138 Spiritus
3515 2068 3721 2125 Christi

2140 2164 2193 2219 in
2236 2164 2436 2218 sanctis
2484 2164 2761 2234 praphetis
2808 2163 3002 2227 fuerit,
3038 2171 3203 2231 utque
3246 2161 3318 2215 illi
3370 2161 3722 2231 pmdixerint

2138 2270 2233 2312 eas
2286 2270 2404 2326 quae
2432 2254 2487 2310 in
2533 2254 2751 2311 Christo
2802 2262 2930 2311 sunt
2986 2254 3269 2326 passiones
3295 2262 3350 2308 et
3386 2253 3720 2324 posteriores

2140 2347 2340 2419 glorias
2372 2347 2395 2399 ?
2424 2345 2575 2402 Itane
2608 2347 2759 2416 quasi
2789 2345 3061 2401 hominem
3099 2346 3397 2416 simplicem
3438 2362 3538 2417 pro
3564 2346 3720 2401 nobis

2141 2456 2357 2509 passum
2382 2440 2499 2495 orbi
2538 2440 2896 2509 praedicarent
2924 2440 2947 2493 ί
2972 2440 3130 2509 idque
3162 2448 3248 2496 est
3273 2426 3590 2512 mysterium
3620 2453 3720 2510 per

2141 2541 2360 2585 sanctos
2405 2530 2674 2600 apostolos
2705 2538 2759 2585 et
2792 2531 3151 2602 evangelistas
3176 2531 3230 2586 in
3261 2530 3366 2586 ﬁde
3409 2532 3592 2587 datum
3612 2572 3628 2597 ,
3659 2540 3720 2587 et

2142 2623 2194 2676 in
2224 2624 2357 2687 haec,
2383 2622 2555 2691 inquit
2587 2622 2896 2677 desiderare
2916 2622 3133 2692 angelos
3161 2622 3471 2693 prospicere
3495 2624 3520 2677 ’ί
3551 2621 3719 2693 Atqui

2141 2714 2410 2780 quomodo
2434 2729 2538 2767 non
2578 2713 2649 2767 sit
2676 2713 3032 2780 repudiandus
3057 2714 3147 2783 qui
3182 2714 3289 2769 vim
3337 2714 3472 2769 tanti
3517 2722 3720 2785 myste-

2142 2804 2206 2857 rii
2226 2803 2279 2858 in
2302 2803 2432 2858 solis
2456 2803 2811 2859 humanitatis
2835 2804 3080 2860 terminis
3108 2804 3432 2861 concludere
3452 2805 3721 2861 conatur?

2140 2894 2262 2965 lpse
2287 2912 2307 2947 ι
2335 2896 2428 2965 qui
2453 2895 2506 2950 in
2542 2892 2719 2949 forma
2742 2894 2837 2949 Dei
2868 2895 3117 2952 etPatris
3148 2905 3267 2951 erat
3289 2896 3430 2955 Deus
3454 2895 3718 2961 Verbum,

2140 2989 2435 3044 exinanivit
2468 2990 2812 3060 semetipsum
2836 2986 3103 3054 ,formfam
3142 2989 3283 3043 servi
3307 2988 3575 3058 accipiens
3594 2988 3660 3053 ¹¹,
3698 3007 3717 3040 ι

2143 3089 2195 3134 et
2235 3079 2378 3134 illam
2413 3081 2709 3135 secundum
2766 3096 2988 3136 carnem
3020 3081 3358 3136 nativitatem
3413 3080 3579 3137 subiit
3625 3094 3724 3150 pro

461 3176 640 3246 σάρκα
671 3174 921 3245 γέννησιν
971 3172 1354 3247 ὑπομεμένηκε
1393 3172 1459 3225 δι’
1509 3172 1658 3241 ἡμᾶς
1684 3189 1696 3201 ⁸
1740 3173 1904 3236 αὐτὸς
1942 3173 2038 3225 πέ-

2145 3170 2332 3233 nobis,
2373 3170 2486 3238 ipse
2528 3184 2731 3240 passus
2768 3179 2851 3226 cst
2889 3184 2987 3240 pro
3044 3170 3199 3226 nobis
3256 3170 3473 3244 propria
3520 3186 3721 3235 carne,

463 3265 654 3320 πονθεν
688 3265 828 3336 ὑπὲρ
863 3264 1020 3335 ἡμῶν
1053 3266 1117 3334 τῇ
1164 3264 1269 3333 ἰδίᾳ
1300 3263 1483 3333 σαρκὶ,
1517 3263 1613 3315 καὶ
1646 3263 1846 3317 ἀνεϐίω
1876 3264 2038 3318 πάλιν

459 3354 538 3419 ὼς
579 3356 746 3421 Θεὸς,
780 3354 1026 3418 κενώσας
1065 3354 1155 3408 τὸν
1199 3353 1354 3424 ᾅδην,
1403 3354 1498 3406 καὶ
1538 3352 1778 3424 εἰρηκὼς
1821 3356 1935 3417 τοῖς
1983 3358 2041 3409 ἐν

459 3445 678 3518 δεσμοῖς
694 3465 707 3477 ·
736 3467 754 3498 ι
780 3445 1083 3511 Ἐξέλθετε·
1108 3445 1202 3498 καὶ
1226 3446 1338 3508 τοῖς
1364 3445 1421 3497 ὲν
1443 3443 1523 3514 τῷ
1554 3444 1737 3497 σκότει
1762 3461 1775 3475 ο
1814 3444 2042 3499 Ἀνακα-

462 3534 750 3606 λύφθητε.»
780 3535 845 3589 Τί
871 3535 1047 3588 τοίνυν
1088 3532 1415 3604 ἀνατρέπειν
1443 3535 1751 3604 ἐπιχειρεῖς
1773 3533 1872 3605 τὴν
1898 3533 2041 3588 οὕτω

464 3628 665 3698 σεπτὴν
699 3628 792 3681 καὶ
818 3627 1149 3697 ἀξιάγαστον
1179 3627 1514 3697 οἰκονομίαν,
1545 3626 1613 3679 δι’
1638 3620 1707 3699 ἦς
1740 3626 1836 3680 κα)⁸
1870 3628 2041 3683 σεσώ-

464 3720 662 3791 σμεθα,
694 3722 789 3775 καὶ
820 3721 1018 3783 παντὸς
1050 3721 1180 3773 εἴσω
1211 3718 1514 3789 γεγόναμεν
1542 3716 1785 3785 ἀγαθούς
1824 3718 1889 3770 Τί
1932 3719 2041 3789 γὰρ

462 3813 529 3867 δι’
556 3813 724 3883 αὐτῆς
752 3813 1144 3883 ἐκερδάναμεν,
1174 3811 1296 3884 εἴσῃ
1313 3828 1395 3864 τοι
1422 3810 1518 3864 καὶ
1545 3810 1689 3882 μάλα
1716 3811 1924 3880 σαφῶς,
1946 3811 2043 3865 ὡδὶ

462 3905 796 3977 γεγραφότος
822 3904 915 3957 τοῦ
947 3902 1218 3975 μακαρίου
1254 3902 1468 3957 Παύλου
1490 3916 1501 3927 ·
1544 3922 1562 3954 ι
1593 3903 1701 3955 Καὶ
1729 3904 1880 3975 ἡμᾶς
1910 3920 2041 3956 ποτε

461 3994 622 4061 ὂντας
669 3995 1254 4067 ἀπηλλοτριωμένους,
1308 3996 1403 4048 καὶ
1451 3994 1682 4064 ἐχθροὺς
1726 3997 1793 4065 τῇ
1832 3995 2042 4067 διανοίᾳ

464 4091 523 4145 ἂν
548 4092 656 4153 τοῖς
698 4088 880 4160 ἔργοις
906 4092 1020 4151 τοῖς
1045 4090 1323 4159 πονηροῖς,
1349 4088 1467 4139 νυνὶ
1492 4086 1550 4139 δὲ
1594 4085 2041 4157 ἀποκατήλλαξεν

465 4182 523 4232 ὲν
550 4179 629 4251 τῷ
662 4180 875 4251 σώματι
908 4180 1008 4251 τῆς
1054 4180 1256 4250 σαρκὸς
1291 4164 1458 4232 αὑτοῦ
1509 4179 1600 4231 διὰ
1648 4177 1743 4231 τοῦ
1778 4178 2039 4243 θανάτου,

465 4274 815 4345 παραστῆσαι
854 4275 1002 4345 ἡμᾶς
1032 4274 1219 4341 ἁγίους
1242 4312 1267 4336 ,_
1307 4273 1402 4326 καὶ
1432 4270 1717 4341 ἀμώμους,
1745 4270 1839 4324 καὶ
1880 4271 2041 4339 ἀνεγ-

466 4364 696 4434 κλήτους
724 4364 845 4417 κατ’
878 4364 1108 4418 ἐνώπιον
1137 4361 1329 4429 αὐτοῦ,
1355 4363 1407 4415 εί
1432 4379 1496 4430 γε
1539 4363 1827 4431 ἐπιμένετε
1861 4364 1927 4433 τῇ
1959 4360 2045 4414 πί-

469 4472 604 4509 στει.
630 4474 650 4508 ι
701 4455 911 4511 Οὐκοῦν
937 4456 1149 4526 ὀνίνησι
1187 4455 1283 4525 μὲν
1313 4457 1346 4525 ἡ
1380 4455 1562 4518 πίστις
1592 4456 1717 4517 τοὺς
1744 4454 2043 4508 ἀσάλευτον

2145 3270 2199 3318 et
2235 3262 2429 3316 iterum
2473 3271 2533 3316 ut
2568 3263 2710 3317 Deus
2760 3260 2983 3327 revixit,
3015 3261 3288 3317 evacuatis
3338 3260 3548 3326 inferis,
3598 3274 3721 3315 cum

2143 3353 2371 3409 dixisset
2397 3353 2506 3408 «iis
2530 3353 2622 3424 qui
2648 3353 2702 3408 in
2728 3353 2956 3409 vinculis
2983 3362 3183 3409 erant:
3224 3354 3380 3410 Exite
3409 3372 3424 3421 ;
3461 3363 3515 3408 et
3540 3352 3608 3408 iis
3630 3354 3724 3422 qui

2145 3446 2201 3500 in
2234 3444 2474 3500 tenebris
2496 3454 2651 3500 erant
2682 3463 2696 3500 :
2730 3444 3065 3501 Bevelamini
3089 3446 3152 3499 ¹³.
3194 3463 3213 3497 ι
3242 3444 3352 3500 Cur
3378 3445 3541 3516 igitur
3570 3460 3727 3500 ever-

2146 3547 2260 3594 tere
2298 3539 2505 3594 moliris
2554 3538 3006 3609 dispensationem
3051 3539 3186 3594 adeo
3231 3546 3513 3609 augustam
3561 3545 3726 3607 atque

2144 3629 2515 3685 admirabilem
2537 3668 2552 3694 ,
2584 3644 2681 3699 per
2709 3644 2871 3699 quam
2907 3628 3040 3683 salvi
3070 3627 3197 3683 facti
3232 3642 3449 3692 sumus,
3479 3634 3535 3683 et
3562 3641 3726 3683 omns

2144 3719 2343 3774 bonum
2395 3720 2725 3773 consecuti?
2774 3718 2911 3786 Quid
2965 3722 3107 3773 enim
3162 3719 3333 3788 ipsius
3379 3733 3481 3787 ope
3531 3718 3723 3774 lucrati

2145 3812 2332 3876 simus,
2366 3811 2706 3881 apertissime
2730 3825 3025 3882 cognosces
3049 3826 3114 3866 ex
3139 3811 3299 3867 beato
3323 3809 3488 3865 Paulo
3521 3810 3611 3880 qui
3642 3811 3724 3867 sic

2144 3904 2361 3975 scripsit
2394 3922 2406 3957 :
2445 3922 2463 3956 ι
2503 3903 2570 3958 Et
2592 3919 2690 3959 nos
2717 3920 2837 3959 cum
2871 3919 3115 3960 essemus
3152 3903 3404 3970 alienati,
3429 3914 3482 3959 et
3519 3904 3724 3959 inimisi

2144 4011 2326 4063 sensu,
2363 3995 2414 4050 in
2444 3996 2699 4066 Operibus
2727 3996 2881 4050 malis
2907 4011 2925 4047 :
2955 4011 3097 4050 nunc
3136 4004 3314 4050 autem
3359 3993 3728 4052 reconciliavi;

2146 4086 2200 4139 in
2228 4100 2454 4155 corpore
2475 4084 2655 4140 carnis
2687 4100 2800 4140 suae
2827 4100 2925 4155 per
2951 4094 3199 4152 mortem,
3227 4095 3286 4140 ut
3309 4084 3590 4139 exhiberet
3627 4099 3725 4140 nos

2144 4185 2362 4233 sanctos
2393 4188 2449 4233 et
2491 4178 2866 4233 immaculatos
2901 4186 2956 4233 et
2992 4176 3497 4247 irreprehensibiles
3535 4192 3724 4234 coram

2146 4271 2261 4340 ipso
2293 4290 2306 4328 :
2344 4271 2389 4326 si
2421 4280 2599 4324 tamen
2642 4271 2972 4338 permanetis
3003 4272 3055 4325 in
3094 4270 3198 4325 ﬁde
3226 4270 3293 4323 ιθ.
3328 4289 3347 4321 ι
3396 4269 3539 4339 Ergo
3588 4268 3722 4326 ﬁdes

2146 4362 2361 4432 quidem
2388 4363 2540 4430 juvat
2565 4377 2658 4417 eos
2702 4363 2794 4434 qui
2828 4362 2972 4417 illam
3022 4361 3229 4417 ﬁrmam
3263 4376 3483 4417 servare
3522 4370 3730 4419 statue-

2148 4456 2255 4509 rint
2287 4472 2303 4520 ;
2335 4455 2428 4509 sed
2473 4455 2743 4523 quomodo
2784 4454 2968 4524 iuvet,
3011 4454 3202 4510 beatus
3236 4453 3475 4510 Joannes
3529 4455 3726 4511 asserit

467 4548 631 4620 αὐτὴν
676 4548 963 4618 ἑλομένους
994 4550 1181 4620 τηρεῖν
1204 4564 1219 4577 ·
1251 4547 1459 4617 ὀνίνησι
1491 4546 1547 4599 δὲ
1590 4546 1732 4600 κατά
1766 4545 1885 4599 τίνα
1914 4550 2038 4616 τρό-

2149 4563 2269 4602 cum
2318 4547 2495 4603 dicit:
2529 4565 2549 4599 ‹
2577 4547 2712 4615 Quis
2754 4556 2936 4602 autem
2975 4559 3059 4603 est
3094 4548 3186 4617 qui
3231 4548 3401 4601 vincit
3440 4547 3723 4614 mundum,

466 4652 586 4700 πον,
610 4639 639 4689 ὁ
668 4637 941 4706 πάνσοφος
968 4638 1115 4706 ἡμᾶς
1153 4636 1405 4707 Ἰωάννης
1439 4635 1794 4702 πιστώσεται,
1831 4636 2037 4705 λέγων·

474 4746 492 4778 ι
521 4728 617 4788 Τίς
645 4726 701 4780 δέ
734 4729 879 4781 ἐστιν
908 4728 936 4779 6
962 4726 1128 4781 νικῶν
1152 4726 1241 4783 τὸν
1272 4728 1494 4797 κόσμον,
1525 4729 1571 4779 εί
1604 4727 1680 4797 μὴ
1707 4730 1735 4781 ὁ
1766 4728 2039 4781 πιστεύων

465 4819 546 4870 ὅτι
581 4818 787 4888 Ἰησοῦς
824 4820 974 4873 ἐστιν
1023 4818 1050 4870 6
1098 4818 1222 4881 Υἱὸς
1269 4818 1361 4871 τοῦ
1412 4817 1576 4884 Θεοῦ;
1609 4812 1778 4883 Οὗτός
1832 4820 1978 4873 ἐστιν
2011 4822 2040 4873 ὁ

466 4908 632 4962 ἐλθὼν
658 4910 725 4963 δι’
754 4909 941 4973 ὕδατος
974 4911 1068 4963 καὶ
1103 4912 1356 4981 αἵματος,
1401 4911 1609 4981 Ἰησοῦς
1642 4912 1905 4981 Χριστός’
1939 4913 2041 4967 οὐκ

468 5002 524 5057 ὲν
556 5000 633 5071 τῷ
667 5000 818 5054 ὕδατι
850 5001 1030 5072 μόνον,
1052 5001 1165 5055 ἀλλ’
1188 5004 1247 5055 ἐν
1270 5002 1347 5072 τῷ
1380 5003 1530 5054 ὕδατι
1558 5002 1652 5057 καὶ
1691 5003 1884 5073 αἵματι
1905 5020 1916 5031 ·
1950 5008 2043 5058 καὶ

464 5094 523 5147 τὸ
568 5094 791 5163 Πνεῦμά
822 5097 967 5147 ἐστιν
998 5096 1031 5163 ἡ
1062 5092 1317 5165 ἀλήθεια,
1358 5094 1440 5145 ὅτι
1488 5095 1635 5162 τρεῖς
1678 5094 2040 5166 μαρτυροῦσι,

463 5186 785 5257 τὸΠνεῦμα,
812 5187 871 5239 τὸ
901 5186 1064 5258 ὕδωρ,
1094 5186 1189 5240 καὶ
1214 5186 1271 5239 τὸ
1296 5180 1453 5256 αἷμα.
1490 5188 1598 5239 Καὶ
1631 5188 1680 5239 οἰ
1714 5190 1861 5259 τρεῖς
1890 5188 1950 5241 τὸ
1977 5189 2035 5241 ἓν

540 5371 576 5401 ⁸³
615 5368 806 5425 lPetr.
840 5386 875 5435 ι,
914 5368 1067 5425 8-12.

2148 4640 2249 4695 nisi
2274 4642 2362 4711 qui
2402 4641 2573 4697 credit
2604 4640 2749 4711 quod
2773 4639 2929 4696 Jesus
2974 4650 3060 4695 est
3100 4638 3268 4695 Filius
3310 4640 3450 4695 Dei?
3496 4638 3597 4695 Hic
3639 4643 3726 4697 est

2147 4731 2237 4799 qui
2285 4730 2432 4785 venit
2461 4745 2556 4801 per
2582 4746 2776 4801 aquam
2814 4739 2868 4786 et
2888 4731 3201 4800 sanguinem
3237 4728 3395 4785 Jesus
3424 4719 3676 4787 Christus
3702 4748 3723 4790 .'

2150 4839 2254 4877 non
2294 4823 2346 4878 in
2380 4839 2516 4892 aqua
2562 4823 2732 4879 solum
2758 4866 2771 4889 ,
2816 4825 2909 4878 sed
2958 4825 3009 4878 in
3065 4839 3205 4892 aqua
3229 4833 3283 4877 et
3316 4827 3598 4894 sanguine.
3658 4824 3725 4879 Et

2150 4915 2384 4985 Spiritus
2412 4924 2496 4970 est
2523 4916 2745 4982 veritas,
2781 4916 2905 4984 quia
2949 4925 3060 4971 tres
3098 4914 3254 4986 143
3283 4922 3407 4969 sunt
3439 4915 3532 4984 qui
3566 4915 3723 4972 testi-

2151 5006 2390 5061 monium
2425 5008 2750 5077 perhibent,
2786 5008 3053 5078 Spiritus,
3086 5018 3141 5062 et
3176 5023 3349 5077 aqua,
3382 5021 3435 5063 et
3457 5007 3676 5078 sanguis
3701 5023 3723 5062 :

2149 5110 2204 5153 et
2244 5098 2299 5153 hi
2342 5108 2454 5155 tres
2500 5116 2665 5154 unum
2722 5108 2869 5155 sunt.
2923 5098 2978 5154 Si
3032 5098 3402 5155 testimonium
3447 5099 3724 5154 hominum

2149 5190 2474 5260 accipimus,
2511 5190 2876 5246 testimonium
2927 5190 3018 5247 Dei
3072 5189 3247 5261 majus
3302 5201 3385 5245 cst
3416 5206 3429 5257 ;
3460 5190 3585 5260 quia
3621 5190 3724 5246 hoc

1150 5368 1450 5439 "Philipp.
1487 5385 1544 5435 ιι,
1572 5368 1625 5435 6,
1663 5368 1712 5422 7.
1795 5370 1836 5400 ¹⁸
1870 5369 1968 5426 ISa.
2004 5388 2152 5435 xLIx,
2195 5374 2245 5425 9.
2328 5370 2369 5405 "‘
2402 5373 2609 5430 Goloss.
2646 5390 2681 5440 ι,
2716 5376 2908 5430 (ει-εδ.

1721 5522 1878 5579 ΑΝΤ.
1922 5524 2194 5584 AGELLll
2236 5527 2466 5585 NOT/E.

536 5701 657 5773 (58),
685 5704 776 5757 Sic
809 5702 1082 5773 habebant
1110 5701 1265 5756 codd.
1300 5700 1483 5771 Cyrilli
1521 5701 1664 5755 hunc
1696 5702 1873 5773 locum
1905 5703 2029 5773 Epi-

465 5774 615 5841 stulae
643 5772 661 5825 l
689 5774 829 5828 beati
862 5772 1003 5827 Petri
1037 5787 1156 5840 cap.
1183 5773 1520 5841 LiCaeterum
1546 5772 1836 5841 etivulgata
1864 5772 2031 5828 editio

466 5839 680 5907 Latina.
708 5854 761 5902 et
797 5844 953 5901 codd.
1005 5839 1182 5899 ϐιώτί
1218 5840 1549 5899 Testamenti
1581 5839 1738 5908 Novi,
1779 5853 1834 5899 et
1880 5842 2028 5901 Vati-

2138 5723 2311 5785 canus
2335 5712 2506 5785 codex
2532 5711 2956 5785 antiquissimus
2984 5712 3183 5785 habent
3215 5714 3454 5768 secunda
3484 5728 3720 5785 persona

2140 5779 2418 5851 ἀνηγγέλη
2450 5780 2579 5850 ὑμῖν
2603 5792 2656 5838 et
2680 5779 3201 5855 εὐαγγελισαμένων
3222 5785 3386 5855 ὑμᾶς.
