4104 6336
509 354 623 413 ﬂ"!

1498 358 1557 415 S.
1598 356 1874 415 CYBILLI
1910 356 2377 416 ALEXANDRINI
2417 357 2734 413 ARCHIEP.

3656 356 3771 427 ἳίᾶ

509 473 595 520 est
636 463 1004 520 testimonium
1050 466 1143 524 Dei
1181 466 1305 535 quia
1341 467 1665 525 testiﬁcatus
1693 478 1777 524 est
1832 469 1898 529 de
1949 470 2079 529 Filio

2186 470 2344 525 εἰσιν.
2374 471 2438 523 Ei
2466 471 2566 541 τὴν
2596 472 2901 542 μαρτυρίαν
2926 470 3037 523 τῶν
3063 466 3366 539 ἀνθρώπων
3392 466 3763 538 λαμϐάνομεν.

505 569 628 617 suo.
679 556 781 629 Qui
809 558 981 619 credit
1019 558 1072 614 in
1104 559 1297 615 Filium
1345 560 1471 625 Dei,
1512 562 1674 619 habet
1712 563 2081 625 testimonium

508 646 562 705 in
586 661 646 705 se
665 646 823 717 ipso;
854 646 945 717 qui
970 662 1073 709 non
1098 650 1270 709 credit
1292 649 1419 718 Deo,
1445 654 1757 711 mendacem
1786 654 1913 715 fecit
1934 670 2081 715 eum.

508 740 600 814 qui
638 754 743 795 non
784 740 954 795 credit
990 739 1041 797 iu
1078 741 1442 797 testimonium
1479 743 1619 811 quod
1654 744 1971 800 testiﬁcatus
1998 754 2085 801 est

510 830 575 891 de
603 830 740 886 Filio
768 831 948 886 suo".
987 850 1006 883 ι
1059 832 1176 899 Quo
1221 835 1380 891 modo
1428 846 1605 893 autem
1660 836 1800 895 Deus
1829 855 1893 895 ac
1922 839 2083 896 Pater

509 921 832 983 testiﬁcatus
852 922 1003 981 sitde
1024 924 1161 980 Filio
1187 940 1284 981 suo
1303 969 1318 991 ,
1342 928 1537 987 beatus
1575 929 1811 987 Joannes
1839 932 2082 1002 Baptista

508 1012 663 1075 nobis
694 1014 1026 1081 declarabit,
1056 1016 1243 1072 dicens
1272 1037 1284 1073 :
1321 1037 1340 1069 ι
1379 1020 1446 1075 Et
1473 1035 1574 1091 ego
1602 1024 1907 1079 nesciebam
1932 1040 2080 1089 eum,

507 1103 601 1163 sed
630 1104 718 1172 qui
753 1106 900 1161 misit
928 1122 1015 1164 me
1043 1108 1317 1179 baptizare
1356 1113 1407 1165 in
1438 1129 1610 1183 aqua,
1641 1115 1730 1169 ille
1752 1116 1885 1171 mihi
1909 1117 2076 1172 dixit:

510 1193 683 1271 Super
739 1211 899 1267 quem
964 1201 1167 1278 videris
1225 1201 1487 1271 Spiritum
1547 1205 1963 1271 descendentem
2026 1220 2082 1264 et

506 1295 812 1347 manentem
856 1304 1023 1359 super
1045 1307 1167 1347 eum
1190 1333 1206 1357 ,
1228 1294 1315 1351 hic
1348 1303 1431 1351 est
1465 1296 1556 1365 qui
1594 1296 1831 1366 baptizat
1870 1299 1921 1353 in
1954 1299 2082 1369 Spi-

507 1375 615 1433 ritu
654 1388 863 1439 sancto.
916 1382 984 1443 Et
1021 1397 1119 1454 ego
1150 1384 1293 1447 vidi,
1323 1395 1378 1440 et
1409 1386 1770 1441 testimonium
1812 1390 2076 1458 perhibui,

507 1465 634 1541 quia
672 1469 761 1527 hic
805 1480 889 1531 est
926 1471 1096 1529 Filius
1140 1474 1232 1535 Dei
1266 1476 1330 1530 ⁸⁸.
1378 1495 1399 1528 ι
1450 1476 1841 1537 Testimonium
1899 1480 2080 1550 itaque

506 1558 820 1624 perhibetur
866 1563 1093 1623 Domino
1143 1574 1331 1627 nostro
1387 1566 1513 1623 Jesu
1564 1570 1782 1631 Christo
1818 1580 1871 1626 et
1907 1571 2080 1628 Patris

506 1663 675 1717 voce,
712 1652 850 1721 quod
891 1654 1006 1723 ejus
1032 1655 1200 1717 Filius
1224 1657 1294 1713 sit
1324 1670 1510 1712 natura
1531 1669 1586 1715 et
1606 1663 1901 1716 secundum
1931 1666 2077 1719 veri-

2185 564 2220 633 ἡ
2257 563 2533 633 μαρτυρία
2581 562 2673 616 τοῦ
2706 562 2864 622 Θεοῦ.
2910 561 2991 614 ἐτι
3042 560 3239 631 μείζων
3274 558 3422 611 ἐστίν
3445 574 3458 585 ’
3505 559 3587 611 ὅτι
3624 558 3765 628 αὕτη

2186 652 2331 704 ἐστὶν
2363 654 2395 722 ἡ
2431 652 2705 724 μαρτυρία
2735 652 2826 706 τοῦ
2870 651 3031 716 Θεοῦ,
3063 651 3144 705 ὅτι
3185 647 3583 719 μεμαρτύρηκε
3632 649 3765 717 περὶ

2183 740 2277 792 τοῦ
2306 740 2440 793 Υίοῦ
2476 740 2671 796 αὐτοῦ’
2700 744 2728 794 6
2758 740 3029 795 πιστεύων
3072 742 3151 803 εἰς
3183 741 3273 793 τὸν
3307 740 3432 793 Υἰὸν
3461 740 3555 792 τοῦ
3602 739 3761 801 Θεοῦ,

2183 831 2295 903 ἔχει
2343 832 2442 903 τὴν
2499 834 2804 905 μαρτυρίαν
2851 834 2910 885 ὲν
2952 831 3157 901 ἑαυτῷ·
3190 832 3218 883 ὁ
3262 831 3336 901 μὴ
3378 831 3652 884 πιστεύων
3682 831 3765 900 τῷ

2183 922 2323 993 Θεῷ,
2352 923 2592 995 ψεύστην
2630 924 2929 994 πεποίηκεν
2971 923 3155 984 αὐτὸν,
3199 923 3280 974 ὅτι
3312 923 3410 975 ούκ
3441 922 3758 975 ἐπίστευσεν

2182 1018 2263 1078 εἰς
2294 1016 2394 1086 τὴν
2431 1015 2759 1087 μαρτυρίαν,
2789 1017 2856 1087 ἣν
2894 1014 3320 1087 μεμαρτύρηκεν
3352 1016 3479 1085 περὶ
3508 1014 3601 1067 τοῦ
3629 1014 3769 1085 Υἱοῦ

2182 1108 2402 1163 αὐτοῦ.)
2427 1108 2835 1180 Μεμαρτύρηκε
2862 1108 2918 1161 δὲ
2950 1110 3072 1163 τίνα
3098 1108 3299 1179 τρόπον
3326 1110 3353 1159 6
3377 1107 3510 1170 Θεὸς
3536 1107 3631 1161 καὶ
3650 1108 3763 1161 Πα-

2180 1200 2283 1271 τὴρ
2311 1200 2389 1271 τῷ
2415 1201 2550 1272 Υίῷ,
2574 1204 2827 1272 σαφηνιεί
2846 1201 3021 1269 λέγων
3046 1202 3073 1254 6
3106 1199 3391 1262 Θεσπέσιος
3421 1201 3553 1269 ἡμῖν
3581 1198 3762 1254 Ἰωάν-

2180 1310 2278 1362 νης
2323 1295 2351 1346 ὁ
2396 1294 2741 1364 Βαπτιστής·
2781 1313 2800 1345 ι
2827 1292 2997 1361 Κάγὼ
3042 1292 3142 1345 ούκ
3179 1292 3326 1363 ᾔδειν
3374 1292 3559 1352 αὐτὸν,
3591 1290 3705 1347 ἀλλ’
3732 1294 3763 1344 6

2180 1384 2407 1453 πέμψας
2436 1403 2502 1454 με
2539 1385 2821 1455 βαπτίζειν
2857 1386 3030 1447 ὕδατι,
3057 1385 3264 1448 ἐκεῖνός
3299 1402 3389 1455 μοι
3420 1380 3572 1439 εἶπεν
3592 1401 3605 1414 '
3643 1385 3759 1451 Ἐφ’

2179 1474 2238 1526 ὃν
2268 1474 2334 1528 ἂν
2374 1476 2488 1546 ἴδῃς
2522 1476 2582 1529 τὸ
2617 1475 2844 1547 Πνεῦμα
2872 1477 3198 1530 καταϐαῖνον
3228 1475 3319 1528 καὶ
3351 1475 3510 1545 μένον
3544 1476 3631 1528 ἐπ’
3659 1477 3759 1529 αὑ-

2178 1567 2291 1629 τὸν,
2336 1563 2489 1632 οὗτός
2544 1570 2690 1622 ἐστιν
2734 1571 2762 1621 ὀ
2796 1568 3075 1640 βαπτίζων
3127 1571 3183 1622 ἐν
3235 1568 3311 1639 τῷ
3360 1568 3636 1639 Πνεύματι
3685 1570 3764 1638 τῷ

2181 1660 2340 1730 ἁγίῳ.
2372 1660 2480 1713 Καὶ
2509 1661 2619 1728 ἐγὼ
2648 1661 2890 1731 ἑώρακα,
2922 1664 3015 1716 καὶ
3049 1662 3470 1734 μεμαρτύρηκα,
3499 1663 3581 1715 ὃτι
3606 1656 3758 1725 οὗτός

510 1747 674 1801 tatem
701 1757 714 1793 :
743 1743 1108 1799 testimonium
1151 1761 1362 1816 quoque
1393 1748 1741 1806 nihilominus
1768 1753 2079 1820 perhibetur

2182 1752 2327 1804 ἐστιν
2352 1752 2381 1805 ὁ
2412 1753 2537 1815 Υἱὸς
2569 1752 2664 1805 τοῦ
2704 1754 2864 1807 Θεοῦ.
2896 1773 2915 1805 ι
2944 1755 3319 1824 Μαρτυρεῖται
3344 1753 3521 1805 τοίνυν
3550 1752 3644 1806 καὶ
3674 1751 3766 1806 διὰ

509 1843 647 1900 aqua
676 1840 732 1887 et
759 1834 1019 1903 sanguine
1042 1844 1096 1890 et
1123 1837 1329 1906 Spiritu
1361 1853 1376 1891 :
1407 1848 1463 1894 et
1482 1851 1667 1896 sancta
1696 1844 1916 1913 quidem
1938 1860 2079 1914 aqua

2182 1844 2277 1915 τῆς
2321 1843 2416 1895 τοῦ
2464 1843 2679 1915 Πατρὸς
2731 1845 2916 1915 φωνῆς
2959 1846 2988 1897 6
3037 1820 3241 1915 Κύριος
3292 1843 3449 1913 ἡμῶν
3484 1843 3691 1913 Ἰησοῦς
3731 1848 3763 1897 ὁ

509 1929 725 1986 peccata
769 1925 1101 1981 credentium
1143 1929 1439 1999 abstergit,
1470 1931 1707 1993 viviﬁcat
1762 1945 1940 1989 autem
1982 1937 2079 1991 lio-

2182 1934 2435 2005 Χριστὸς,
2460 1934 2541 1988 ὅτι
2580 1935 2738 2005 φύσει
2766 1953 2827 1988 τε
2860 1936 2955 1990 καὶ
2988 1936 3128 1989 κατὰ
3160 1933 3419 2006 ἀλήθειαν
3453 1936 3579 1999 Υἱός
3614 1937 3763 1988 ἐστιν

509 2009 681 2067 mines
706 2014 795 2080 qui
826 2025 951 2071 sunt
978 2032 1150 2088 super
1172 2029 1395 2085 terram,
1421 2037 1518 2076 suo
1546 2026 1842 2095 sanguine,
1870 2042 1932 2083 ac
1967 2028 2079 2083 Deo

2182 2027 2376 2080 αὑτοῦ⁸
2414 2031 2777 2101 μαρτυρεῖται
2803 2029 2860 2082 δὲ
2886 2029 3038 2082 οὐδὲν
3064 2023 3226 2097 ἦττον
3256 2028 3345 2082 διὰ
3370 2046 3427 2081 τε
3453 2028 3546 2081 τοῦ
3572 2028 3762 2091 ὓδατος

509 2101 802 2177 conjungit.
854 2106 961 2162 Sed
1002 2110 1127 2187 quia
1171 2120 1255 2169 est
1284 2115 1575 2167 secundum
1624 2128 1871 2171 naturam
1914 2118 2076 2185 Deus,

2183 2120 2274 2173 καὶ
2316 2118 2407 2171 τοῦ
2456 2120 2717 2191 αἵματος,
2766 2121 2862 2174 καὶ
2908 2121 3003 2176 τοῦ
3040 2120 3381 2192 Πνεύματος.
3411 2122 3608 2174 ’Ύδατι
3660 2124 3759 2192 μὲν

508 2194 670 2248 etiam
720 2198 892 2254 sancti
937 2196 1175 2271 Spiritus
1223 2218 1419 2263 munus
1479 2206 1691 2263 abunde
1745 2208 1992 2279 largitur,
2025 2222 2078 2265 et

2182 2209 2259 2278 τῷ
2302 2210 2444 2281 ἁγίῳ
2471 2212 2764 2282 διασμήχει
2794 2213 2904 2265 τῶν
2936 2212 3299 2267 πιστευόντων
3325 2212 3425 2276 τὰς
3457 2213 3756 2283 ἁμαρτίας,

511 2293 763 2355 tanquam
802 2292 1077 2360 proprium
1108 2292 1159 2347 in
1189 2294 1399 2349 animas
1441 2296 1776 2354 credentium
1825 2301 2074 2367 elTundit,

510 2385 569 2429 ut
598 2376 717 2432 illos
746 2388 858 2433 tum
891 2382 1087 2438 divinae
1119 2392 1326 2447 naturae
1366 2388 1545 2443 socios
1575 2389 1805 2458 elliciat,
1839 2400 1950 2446 tum
1986 2409 2080 2463 spe

510 2466 810 2524 futurorum
843 2472 1104 2528 bonorum
1155 2487 1399 2533 coronet.
1447 2477 1622 2549 Unum
1654 2481 1817 2550 igitur
1852 2485 2078 2540 conﬁte-

511 2573 633 2615 mur
682 2559 875 2616 Filium
934 2563 1208 2621 Christum
1272 2566 1455 2624 Jesum
1506 2572 1823 2637 Dominum,
1860 2575 1915 2630 id
1971 2587 2077 2640 est,

512 2648 639 2703 illud
673 2649 767 2707 Dei
802 2652 1036 2723 Verbum
1081 2656 1353 2719 hominem
1404 2660 1602 2716 factum
1631 2670 1685 2717 et
1720 2663 2078 2733 incarnatum,

510 2752 565 2794 ct
617 2742 763 2799 hunc
834 2748 1191 2818 cruciﬁxum,
1223 2759 1279 2804 et
1310 2764 1686 2823 resurgentem
1756 2772 1784 2809 a
1827 2762 2079 2824 mortuis,

510 2841 899 2906 venturumque
933 2851 1033 2893 suo
1074 2849 1314 2911 tempore
1357 2843 1411 2898 in
1464 2844 1631 2914 gloria
1680 2846 1771 2900 Dei
1816 2856 1871 2901 et
1908 2848 2082 2906 Patris

510 2938 630 2976 cum
674 2926 879 2982 sanctis
906 2928 1130 2999 angelis.
1184 2930 1288 2986 Per
1320 2932 1524 3001 ipsum,
1561 2942 1764 2989 etcum
1796 2935 1938 3005 ipso,
1969 2937 2081 2994 Deo

508 3024 562 3070 et
583 3014 726 3069 Patri
751 3016 917 3083 gloria
941 3034 1061 3074 cum
1088 3031 1275 3077 sancto
1296 3022 1500 3093 Spiritu
1530 3024 1581 3079 in
1615 3027 1837 3089 saecula.
1880 3030 2076 3087 Arnen.

2189 2301 2441 2367 ζωοποιεῖ
2468 2302 2524 2355 δὲ
2557 2303 2644 2356 διὰ
2678 2304 2770 2357 τοῦ
2802 2305 2932 2358 ἰδίου
2969 2306 3200 2374 αἵματος
3232 2304 3325 2358 καὶ
3352 2304 3610 2357 συνάπτει
3642 2304 3760 2375 Θεῷ

2185 2396 2311 2459 τοὺς
2341 2396 2431 2448 ἐπὶ
2461 2397 2557 2465 τῆς
2588 2399 2711 2468 γῆς.
2753 2397 2967 2469 Ἐπειδὴ
2996 2397 3051 2452 δέ
3081 2399 3193 2453 ἐστι
3241 2397 3380 2450 κατὰ
3422 2396 3581 2464 φύσιν
3606 2396 3759 2460 Θεὸς,

2186 2487 2281 2539 καὶ
2302 2489 2398 2558 τὴν
2421 2485 2513 2539 τοῦ
2541 2488 2696 2555 ἁγίου
2723 2487 2860 2547 Πνεύ
2871 2505 3037 2556 ματος
3063 2486 3326 2558 χορηγίαν
3348 2491 3579 2543 ποιεῖται
3607 2488 3763 2542 πλου-

2188 2578 2338 2641 σίως,
2370 2579 2445 2641 ὡς
2474 2578 2601 2631 ἴδιον
2623 2580 2754 2633 αὐτὸ
2772 2583 2889 2643 ταῖς
2910 2579 3017 2632 τῶν
3038 2579 3404 2632 πιστευόντων
3430 2579 3634 2649 ἐκχέων
3658 2579 3760 2649 ψυ-

2185 2674 2306 2741 χαῖς
2336 2671 2486 2735 θείας
2513 2690 2572 2725 τε
2613 2671 2827 2741 φύσεως
2862 2672 3147 2735 κοινωνοὺς
3183 2670 3521 2739 ἀποφαίνων,
3555 2670 3648 2723 καὶ
3689 2674 3757 2741 τῇ

2182 2762 2290 2815 τῶν
2322 2765 2594 2833 ἐσομένων
2624 2764 2843 2833 ἀγαθῶν
2874 2764 3048 2817 ἐλπίδι
3082 2762 3380 2831 στεφανῶν.
3412 2764 3547 2815 Ἕνα
3579 2761 3761 2815 τοίνυν

2181 2854 2549 2926 ὁμολογοῦμεν
2575 2855 2702 2907 Υἱδν
2732 2854 2965 2926 Χριστὸν
2998 2855 3204 2927 Ἰησοῦν
3234 2855 3327 2908 καλ⁹
3353 2854 3576 2926 Κύριον,
3602 2871 3760 2907 τουτ-

2182 2944 2320 3010 ἐστι,
2359 2947 2448 2999 τὸν
2478 2946 2573 3001 τοῦ
2613 2946 2748 3002 Θεοῦ
2790 2948 2963 3017 Λόγον
3000 2949 3497 3021 ἐνανορωπήσαντα
3537 2948 3631 3002 καὶ
3666 2965 3757 3009 σετ

2183 3038 2555 3108 σαρκωμένον,
2588 3040 2682 3093 καὶ
2723 3040 2910 3095 τοῦτον
2950 3042 3377 3112 ἐσταυρωμένον,
3410 3042 3503 3094 καὶ
3532 3041 3758 3111 ἐγηγερ-

512 3104 669 3185 μένον
694 3105 759 3161 ἐκ
787 3108 1016 3177 νεκρῶν,
1041 3110 1241 3183 ἥξοντά
1262 3131 1320 3166 τε
1354 3113 1496 3191 κατὰ
1520 3119 1747 3186 καιροὺς
1807 3121 1865 3173 ὲν
1896 3123 1963 3192 τῇ
1990 3122 2114 3196 δόξῃ
2151 3104 2412 3182 τοῦ-Θεοῦ
2445 3132 2539 3183 καὶ
2604 3132 2817 3202 Πατρὸς
2855 3132 2994 3202 μετὰ
3034 3104 3142 3184 τῶν
3170 3104 3341 3201 ἑίγίων
3366 3104 3659 3201 ’ἀγγέλωνί

508 3200 670 3263 αὐτοῦ
701 3219 759 3255 τε
786 3219 882 3258 και
907 3207 1001 3259 σὺν
1024 3207 1171 3278 αὐτῷ
1192 3208 1269 3279 τῷ
1293 3209 1411 3279 Θεῷ
1436 3212 1530 3264 καὶ
1552 3212 1728 3284 Πατρὶ
1753 3216 1786 3283 ἡ
1814 3215 1939 3287 δόξα
1972 3221 2069 3273 σὺν
2108 3222 2248 3293 ἁγίῳ
2274 3225 2554 3297 Πνεύματι
2582 3227 2660 3289 εἰς
2690 3200 2815 3290 τους
2844 3200 3067 3291 αἰῶνας.
3103 3227 3157 3278 ’Λ
3170 3227 3293 3297 μήν.

582 3355 627 3393 ⁸⁸
655 3355 679 3431 Ι·
707 3355 863 3431 ζοοη.
898 3375 951 3427 v,
978 3362 1132 3433 5-10.
1212 3365 1254 3394 ¹⁶
1282 3363 1441 3439 Joan.
1479 3382 1517 3431 ι,
1545 3368 1637 3433 53,
1663 3370 1753 3453 54⁵.
