4104 6336
378 395 490 451 253

1554 383 1911 441 DI'ALOGUS
1950 382 2103 440 CUM
2136 382 2502 440 NESTORIO‘.

3558 376 3673 432 2’)"

381 508 515 563 ’ἲίνα
544 502 637 563 οὖν
664 508 867 571 ἐσθίεις
888 549 901 573 ,
929 506 1177 578 αἱρετικὲ
1202 525 1215 572 ;
1244 506 1342 573 τὴν
1385 506 1634 577 θώτητα,
1669 506 1700 576 ἦ
1744 505 1843 573 τὴν
1878 505 1971 557 άν-

2082 514 2215 559 trcm
2247 503 2316 560 ’⁸.
2377 503 2520 570 Quid
2555 515 2686 571 ergo
2736 501 3063 564 manducas,
3102 515 3134 555 ο
3181 496 3479 553 hazretice?
3527 494 3666 549 divi"

382 600 745 672 θρωπότητα;
779 600 894 652 υὺκ
951 595 1073 653 εἷπε
1126 599 1235 670 γάρ
1278 600 1306 650 6
1339 598 1595 668 Χριστὸς,
1631 598 1688 649 Ὀ
1735 595 1966 667 τρώγων

387 710 490 764 μου
524 691 622 764 τὴν
653 691 906 762 θεότητα,
940 689 1076 745 ἀλλά
1112 690 1248 760 ,Τὴν
1279 691 1478 761 σάρκα.

453 784 617 838 ΚΥΡ.
662 782 804 852 Ἐγὼ
859 785 960 855 μὲν
1018 784 1198 837 πίστει
1261 782 1662 854 μεταλαμϐάνω
1716 784 1815 852 τὴν
1871 781 1967 834 τοῦ

382 876 651 941 ζωοποιοῦ
687 878 867 944 Λόγου
898 875 1271 940 ζωοποιοῦσαν
1311 875 1490 946 σάρκα
1510 891 1525 904 ·
1566 874 1689 928 ὅθεν
1722 876 1750 927 6
1776 874 1967 943 Σωτὴρ

381 967 518 1037 εφη·
557 987 576 1018 ‹
623 964 689 1021 Oi
731 966 1007 1031 ἐσθίοντες
1055 970 1119 1021 ὲκ
1157 966 1347 1020 τούτου
1399 967 1492 1019 τοῦ
1544 967 1731 1037 ἄρτου,
1773 967 1833 1018 οὑ
1890 968 1966 1035 μὴ

381 1061 691 1128 γεύσωνται
723 1060 956 1116 θανάτου
996 1063 1079 1123 είς
1124 1062 1215 1116 τὸν
1249 1062 1423 1116 αἰῶνα
1445 1077 1458 1089 ·
1500 1080 1519 1111 ι
1556 1063 1605 1114 οἱ
1640 1061 1696 1114 δὲ
1731 1060 1970 1125 ἀναξίως

383 1153 914 1224 μεταλαμϐάνοντες,
948 1154 1034 1208 διὰ
1060 1153 1160 1224 τῆς
1192 1154 1476 1215 ἀπειθείας
1515 1153 1893 1224 κριθήσονται.

457 1244 660 1297 ΝΕΣΤ.
695 1263 712 1295 t
738 1244 945 1315 Κύριος
973 1244 1287 1298 ἀπέσταλκέ
1327 1262 1393 1315 με
1424 1245 1518 1296 καὶ
1540 1243 1598 1295 τὸ
1621 1243 1846 1315 Πνεῦμα
1874 1245 1970 1297 αὐ·-

382 1336 517 1390 τοῦο
575 1336 803 1408 Πνεῦμα
857 1337 1065 1407 Κυρίου
1120 1337 1207 1390 ἐπ’
1258 1338 1378 1407 ἐμὲ,
1421 1330 1480 1389 οὗ
1528 1337 1735 1390 εἵνεκεν
1785 1337 1968 1406 ἔχρισέ

387 1447 489 1501 με’
526 1449 544 1481 ι
578 1431 672 1483 καλ⁸
719 1431 807 1483 διά
851 1430 1009 1484 τοῦτό
1036 1448 1236 1501 φησιν·
1278 1450 1295 1482 ι
1328 1431 1559 1500 Ἐχρισέ
1596 1448 1655 1483 σε
1690 1433 1718 1483 6
1744 1431 1900 1497 Θεὸς,
1940 1432 1968 1484 6

382 1522 517 1586 Θεός
547 1538 665 1586 σου,
692 1522 872 1577 ἔλαιον
919 1523 1299 1590 ἀγαλλιάσεως
1331 1524 1482 1593 παρὰ
1528 1524 1654 1585 τοὺς
1705 1524 1969 1593 μετόχους

384 1630 515 1668 σουο
565 1634 585 1667 ι
615 1615 726 1668 νόει
783 1610 876 1668 οὖν
922 1616 1013 1668 τὸν
1059 1614 1374 1686 χρισθέντα,
1420 1614 1675 1685 όμολόγει
1725 1614 1816 1667 τὸν
1851 1615 1970 1684 χρία

385 1724 574 1771 σαντα,
606 1710 700 1761 καὶ
733 1708 1027 1780 προσκύνει
1061 1709 1152 1761 τὸν
1185 1709 1310 1761 ναὸν
1345 1708 1431 1762 διὰ
1456 1708 1545 1760 τὸν
1564 1710 1621 1761 ἓν
1647 1707 1799 1778 αὐτῷ
1837 1726 1971 1762 κατ-

382 1818 655 1855 οικουντα.

2072 598 2317 659 nitatem,
2346 610 2413 647 an
2446 590 3001 648 humanitatem?Non
3044 592 3189 647 enim
3216 587 3619 645 dixitChristus
3647 605 3661 639 :

2072 688 2172 752 Qui
2211 685 2501 740 manducat
2529 699 2702 739 meam
2727 684 3085 749 divinitatem,
3116 683 3235 745 sed,
3278 696 3518 736 carnem.

2141 777 2301 830 CYR.
2337 776 2448 842 Ego
2478 776 2581 829 ﬁde
2611 775 2821 841 recipio
2859 773 3185 826 viviﬁcantis
3218 769 3383 824 Verbi
3414 783 3660 823 carnem.

2070 870 2226 925 Unde
2251 867 2509 923 Servator
2533 868 2644 920 ait:
2688 884 2707 916 ι
2740 865 2840 932 Qui
2882 865 3211 919 tnanducant
3254 878 3321 916 ex
3364 861 3466 915 hoc
3500 874 3661 929 pane,

2072 980 2176 1016 non
2213 964 2504 1033 gustabunt
2552 970 2784 1013 mortem
2817 958 2869 1011 in
2927 968 3191 1011 aeternum
3225 956 3295 1007 ".
3339 971 3358 1004 ι
3389 952 3490 1019 Qui
3532 966 3669 1005 vero

2072 1056 2288 1125 indigne
2356 1060 2599 1117 sumunt,
2666 1058 2888 1119 propter
2942 1046 3382 1103 incredulitatem
3453 1042 3664 1112 judica-

2072 1151 2294 1206 buntur.

2143 1239 2344 1294 NEST.
2380 1257 2398 1288 ι
2445 1237 2702 1292 Dominus
2730 1234 2879 1290 misit
2933 1246 3019 1286 me
3063 1237 3118 1285 et
3170 1229 3404 1299 Spiritus
3450 1225 3569 1294 eius
3594 1226 3659 1278 ⁸⁶;

2074 1332 2313 1400 Spiritus
2365 1326 2796 1395 Domini'super
2854 1337 2960 1387 me,
3024 1330 3244 1390 propter
3302 1318 3445 1387 quod
3508 1316 3664 1371 unxit

2074 1438 2159 1476 me
2177 1424 2243 1475 ³η.
2271 1439 2289 1471 ι
2320 1420 2549 1487 Ideoque
2578 1417 2713 1471 dixit
2742 1433 2753 1469 :
2794 1433 2815 1466 ‹
2862 1412 3026 1468 Unxit
3051 1422 3103 1466 te
3149 1411 3309 1472 Deus,
3342 1410 3480 1463 Deus
3510 1416 3658 1469 tuus,

2073 1516 2193 1571 oleo
2223 1514 2422 1567 lmtitiac
2472 1526 2582 1580 pre
2617 1507 2963 1564 consortibus
2995 1505 3103 1559 tuis
3132 1505 3231 1556 ³³.»
3262 1503 3505 1573 lntellige
3527 1516 3657 1571 ergo

2075 1616 2321 1665 tmctmu,
2343 1602 2602 1656 conﬁtere
2626 1607 2931 1667 ungentem,
2970 1597 3137 1650 adora
3156 1592 3412 1663 templum
3443 1600 3663 1660 propter

2076 1710 2200 1748 eum
2237 1693 2328 1762 qui
2364 1691 2416 1744 in
2443 1692 2559 1760 ipso
2597 1688 2831 1743 habitat.

456 1890 620 1944 ΚΥΡ.
664 1890 807 1959 Ἐγὼ
840 1892 904 1944 ἐκ
939 1889 1257 1961 Πνεύματος
1295 1890 1452 1958 ἁγίου
1492 1890 1585 1943 καὶ
1611 1891 1830 1962 Μαρίας
1868 1892 1969 1962 τῆς

2142 1872 2304 1927 CYR.
2364 1870 2473 1940 Ego
2515 1884 2579 1923 ex
2616 1878 2806 1923 sancto
2855 1865 3060 1936 Spiritu
3110 1871 3163 1917 et
3213 1861 3385 1914 Maria
3445 1859 3673 1929 Virgine

384 1983 664 2055 Παρθένου
689 1985 783 2037 ἕνα
824 1984 950 2037 Υἱὸν
982 1986 1045 2037 ὲκ
1083 1982 1174 2036 δύο
1199 1983 1447 2054 ὁμολογῶ
1472 2001 1486 2016 ο
1523 1984 1615 2037 τὸν
1644 1985 1739 2038 ἕνα
1768 1987 1848 2049 είς
1876 1986 1969 2039 δύο

384 2077 446 2130 οὐ
481 2077 696 2148 διαιρῶ.

457 2168 657 2221 ΝΕΣΤ.
692 2170 818 2233 Πῶς
852 2171 1069 2238 ἀγνοεῖν
1122 2168 1303 2238 λέγεις
1336 2170 1431 2240 τὴν
1459 2169 1626 2242 ὥραν,
1663 2170 1730 2240 ἣν
1759 2172 1787 2224 6
1842 2171 1971 2233 Υἱὸς

384 2260 486 2314 οὐκ
518 2257 678 2328 οἶδεν,
731 2263 778 2314 εί
830 2262 905 2333 μὴ
958 2263 1117 2331 μόνος
1152 2265 1180 2315 ὁ
1235 2264 1461 2333 Πατήρ;
1516 2266 1585 2316 Ἢ
1646 2265 1765 2328 πῶς
1816 2263 1971 2328 εἰδὼς

387 2356 632 2424 ἀρνεῖται
669 2353 813 2426 [ρυιι.
859 2354 1138 2427 ἄρχεται];
1173 2358 1243 2408 Ἢ
1276 2358 1349 2426 μὴ
1395 2356 1571 2420 εἰδὼς,
1613 2357 1732 2420 πῶς
1766 2358 1970 2428 ἐκλήθη

389 2448 550 2516 σοφία
605 2448 700 2500 καὶ
752 2447 984 2516 δύναμις
1029 2448 1166 2500 Θεοῦ
1223 2450 1252 2500 6
1300 2451 1401 2519 τῆς
1454 2449 1678 2518 ἀγνοίας
1730 2450 1972 2520 μετέχων

396 2537 540 2610 (cod.
574 2538 667 2593 τὸν
700 2539 925 2609 ἀγνοίας
955 2540 1256 2612 μετέχοντα
1283 2540 1507 2611 τόπαν);

459 2719 625 2773 ΚΥΡ.
654 2722 769 2774 Οὐκ
820 2723 1005 2790 ἀγνοεί
1034 2722 1063 2774 6
1088 2721 1215 2785 Υἱὸς
1253 2722 1348 2774 τοῦ
1393 2721 1536 2775 Θεοῦ
1561 2722 1661 2792 τὴν
1697 2720 1869 2793 ῶραν,
1905 2719 1976 2772 τά

389 2810 568 2864 πάντα
597 2810 755 2877 εἰδὼς
798 2814 891 2866 καὶ
921 2813 1059 2883 ἔχων
1088 2816 1144 2866 ὲν
1180 2814 1359 2885 ἑαυτῷ
1392 2813 1482 2867 τὸν
1507 2815 1751 2884 Πατέρα,
1793 2812 1975 2875 καθὼς

388 2902 550 2965 αὐτὸς
576 2896 729 2956 εἶπεν
754 2919 768 2932 ·
811 2922 830 2955 ι
868 2905 1058 2967 Οὐδεὶς
1088 2905 1349 2974 γινώσκει
1378 2908 1470 2961 τὸν
1498 2907 1740 2976 Πατέρα,
1771 2908 1820 2958 εί
1849 2906 1923 2977 μὴ
1947 2908 1976 2959 ό

392 2994 553 3057 Υἱός·
604 3015 622 3046 ι
663 2997 824 3067 μόνος
851 2996 951 3069 τὴν
1000 2998 1161 3066 φύσιν
1187 2997 1283 3051 τοῦ
1327 2999 1542 3069 Πατρὸς
1569 2999 1828 3067 γινώσκει
1876 2997 1976 3066 τὴν

390 3089 497 3158 πρὸ
525 3089 763 3153 πάντων,
800 3092 893 3145 καὶ
930 3092 993 3145 τὸ
1019 3091 1172 3154 τέλος
1203 3090 1298 3146 τοῦ
1344 3092 1541 3154 αἰῶνος
1570 3093 1761 3160 ἀγνοεῖ
1790 3095 1817 3144 ὁ
1848 3091 1975 3154 Υἱὸς

386 3180 479 3233 τοῦ
509 3181 681 3246 Θεοῦ;
738 3183 829 3253 Μὴ
865 3182 1110 3251 γένοιτο·
1146 3182 1261 3236 ἀλλ’
1292 3184 1478 3250 ἀγνοεῖ
1511 3183 1610 3252 μὲν
1641 3184 1669 3235 ὀ
1710 3182 1851 3235 κατά
1879 3180 1973 3251 χάο

392 3292 478 3345 ριν
507 3276 654 3342 Υἱὸς,
694 3275 754 3327 οὐ
803 3275 986 3345 μέντοι
1020 3292 1084 3343 γε
1132 3278 1160 3329 6
1197 3275 1339 3329 κατὰ
1371 3274 1565 3344 φύσιν
1622 3274 1764 3327 κατά
1815 3274 1977 3344 χάριν

388 3367 551 3435 ἡμεῖς
580 3369 747 3436 ἐσμεν
790 3366 1115 3435 ἀγνοοῦντες
1153 3367 1215 3419 τὸ
1253 3368 1383 3429 πᾶν,
1408 3367 1505 3418 καὶ
1547 3365 1715 3437 μηδὲν
1750 3365 1978 3418 ἐπιστά-

392 3476 543 3530 μενοι
573 3461 702 3531 περὶ
732 3461 799 3514 τά
829 3461 956 3530 τέλη
982 3461 1077 3514 τοῦ
1099 3461 1317 3524 αἰῶνος.

464 3550 663 3605 ΝΕΣΤ.
690 3551 936 3615 Φυσικῶς
969 3550 1246 3621 πεινῶμεν
1273 3552 1367 3604 καὶ
1390 3550 1636 3621 διψῶμεν
1661 3552 1756 3605 καὶ
1782 3550 1979 3604 καθεύ-

389 3639 573 3711 δομεν,
610 3641 672 3693 οὐ
698 3640 892 3713 γνώμῃ
926 3640 1086 3695 τοῦτο
1120 3642 1445 3711 πάσχοντες,
1485 3642 1603 3695 ἀλλ’
1629 3641 1849 3712 ἀνάγκῃ
1878 3642 1980 3710 φύ-

392 3748 529 3797 σεως
578 3733 962 3803 ὑποκείμενοι·
997 3733 1051 3785 τί
1080 3728 1212 3799 οὖν;
1246 3732 1604 3804 εὑρεθήσεται
1655 3732 1785 3796 Θεὸς
1812 3735 1981 3802 ἀναγ-

390 3827 674 3888 καπικοίς
704 3825 892 3895 νόμοις
918 3824 1322 3891 ὲξακολουθῶν;
1357 3826 1449 3895 Μὴ
1473 3825 1704 3894 γένοιτο.

464 3917 630 3971 ΚΥΡ.
670 3918 861 3988 Ἡμεῖς
891 3918 989 3989 μὲν
1027 3918 1274 3984 φυσικῶς
1301 3917 1578 3988 πεινῶμεν
1616 3918 1711 3970 καὶ
1737 3916 1979 3987 διψῶμεν

394 4013 487 4065 καὶ
516 4010 874 4081 καθεύδομεν,
900 4012 961 4063 οὑ
981 4010 1199 4082 γνώμῃ,
1227 4010 1342 4063 ἀλλ’
1374 4010 1591 4081 ἀνάγκῃ
1619 4009 1836 4078 φύσεως
1863 4010 1981 4062 δου-

392 4103 640 4167 λεύοντες
664 4120 678 4132 ·
725 4103 885 4166 αὐτὸς
922 4103 981 4156 δὲ
1030 4104 1129 4156 οὐκ
1161 4103 1398 4176 ἀνάγκῃ,
1435 4101 1574 4155 ἀλλά
1618 4101 1847 4173 γνώμῃ·
1886 4102 1981 4154 καὶ

394 4196 504 4267 γάρ
536 4198 600 4249 ὲκ
630 4196 791 4248 πέντε
828 4196 1009 4267 ἄρτων
1036 4196 1509 4265 πεντακισχιλίους
1538 4196 1855 4265 ὲχόρτασεν,
1885 4195 1981 4245 καὶ

395 4288 456 4354 ἐξ
487 4289 628 4343 ὲπτά
656 4288 820 4342 πάλιν
848 4288 1319 4359 τετρακισχιλίους
1345 4305 1357 4317 ·
1392 4287 1553 4350 αὐτὸς
1591 4282 1745 4338 εἶπεν
1771 4304 1784 4317 ·
1817 4305 1834 4337 ‹
1872 4287 1979 4337 Οὑ-

394 4384 505 4446 δεὶς
541 4381 811 4452 λαμϐάνει
839 4384 939 4451 τὴν
976 4380 1158 4452 ψυχήν
1206 4398 1307 4450 μου
1357 4381 1453 4434 ἀπ’
1484 4379 1641 4448 ἐμοῦ,
1687 4378 1801 4432 ἀλλ’
1852 4379 1983 4431 ὅταν

400 4474 538 4528 θέλω
575 4473 835 4545 λαμϐάνω
860 4474 1061 4543 αὐτήν·
1102 4491 1120 4523 ›
1149 4471 1327 4535 οὐδεὶς
1351 4472 1409 4525 δὲ
1440 4470 1728 4543 ἄνθρωπος
1758 4469 1981 4523 δύναται

396 4566 556 4622 τοῦτο
595 4569 843 4639 ποιῆσαι,
877 4569 925 4619 εἰ
961 4567 1037 4637 μὴ
1061 4567 1090 4619 6
1119 4567 1280 4636 μόνος
1307 4564 1565 4636 Χριστός.

474 4837 676 4893 ΝΕΣΤ.
719 4836 914 4906 Λέγεις
946 4837 1028 4889 ὅτι
1080 4834 1282 4890 ἔπαθεν
1327 4837 1356 4889 ὁ
1394 4835 1521 4897 Υἱός
1548 4850 1563 4899 ;
1594 4832 1836 4886 Ἐπαθεν
1890 4829 1983 4885 οὖν

400 4929 497 4985 καὶ
522 4932 550 4983 6
579 4929 770 5007 Πατήρ
790 4944 804 4959 '
842 4931 892 4982 εί
916 4928 973 4982 δὲ
996 4928 1176 4997 λέγεις
1218 4929 1300 4982 ὃτι
1328 4930 1357 4980 ὁ
1385 4926 1576 4999 Πατὴρ
1614 4927 1714 4980 οὐκ
1758 4924 1981 4991 ἔπαθεν,

402 5024 739 5095 ὲτεροούσιον
767 5022 932 5076 αὐτοῦ
964 5022 1271 5091 πεποίηκας
1292 5020 1384 5074 τὸν
1410 5021 1559 5075 Υίόν.

471 5115 634 5168 ΚΥΡ.
678 5112 816 5166 Οὔτε
865 5113 958 5166 τὸν
990 5112 1211 5185 Πατέρα
1251 5113 1397 5180 λέγω
1428 5112 1692 5184 παθητὸν,
1732 5110 1855 5164 οὔτε
1888 5110 1979 5163 τὸν

401 5206 531 5261 Υἱὸν
560 5206 745 5277 ἀπαθῆ
771 5223 785 5238 ⁸
813 5206 928 5260 ἀλλ’
945 5207 1153 5269 ἀπαθὲς
1179 5206 1279 5277 μὲν
1310 5206 1370 5260 τὸ
1396 5206 1573 5270 Θεῖον,
1597 5207 1681 5258 ὅτι
1711 5206 1807 5258 καὶ
1830 5202 1979 5257 ἀσώ-

406 5314 573 5370 ματον
599 5316 613 5330 ·
641 5297 885 5369 παθητὸς
913 5297 972 5350 δὲ
1000 5298 1029 5349 6
1058 5295 1261 5367 Κύριος
1294 5295 1382 5348 διὰ
1407 5294 1506 5365 τὴν
1540 5294 1739 5366 σάρκα.

472 5476 672 5531 ΝΕΣΤ.
720 5476 861 5545 Ἐγὼ
886 5477 945 5530 οὐ
981 5476 1125 5545 λέγω
1145 5474 1236 5529 τὸν
1256 5475 1427 5543 Λόγον
1461 5473 1640 5544 σάρκα
1666 5472 1979 5542 γενόμενον,

402 5568 523 5621 οὐδὲ
552 5568 797 5623 παθόντα
821 5588 834 5600 ο
868 5569 1079 5633 ἀπαθὲς
1108 5569 1216 5640 γὰρ
1237 5568 1300 5621 τὸ
1322 5567 1497 5633 Θεῖον,
1519 5567 1613 5619 καὶ
1637 5563 1825 5617 παθῶν
1848 5563 1982 5617 ἀνώ-

474 5774 519 5807 ’⁸
551 5773 707 5831 Joan.
734 5790 809 5835 vr,
840 5774 927 5830 57.
1004 5777 1048 5807 ’θ
1075 5775 1226 5831 Juan.
1259 5794 1329 5834 vt.
1365 5777 1449 5835 39.
1534 5775 1576 5807 ³ο
1608 5775 1710 5830 lsa.
1740 5789 1927 5831 XLVI".
1964 5772 1974 5826 l

2125 5771 2165 5802 ³¹
2208 5768 2310 5825 lsa.
2340 5784 2450 5831 L\'l,
2485 5768 2505 5822 l
2551 5784 2563 5831 ;
2598 5764 2727 5820 Luc.
2766 5780 2838 5826 tv,
2891 5763 2973 5817 l8.

403 5844 569 5913 Marc.
610 5858 728 5914 xm,
761 5832 849 5903 ⁵52.
928 5846 970 5877 ³³
999 5845 1156 5903 Joun.
1190 5866 1239 5917 κ,
1273 5832 1383 5905 58.
1442 5848 1485 5880 ³⁸
1518 5846 1707 5903 Matth.
1743 5862 1815 5910 tu,
1848 5845 1937 5899 Ἦ.

2095 5841 2259 5900 Marc.
2292 5857 2364 5905 vt,
2402 5840 2488 5896 41.
2569 5840 2611 5871 ³⁷
2640 5836 2826 5894 Matth.
2856 5850 2949 5899 xv,
2982 5832 3071 5889 56.

2075 1982 2239 2020 unum
2296 1964 2493 2018 Filium
2529 1976 2595 2015 ex
2652 1960 2863 2014 duobus
2916 1955 3203 2013 conﬁteor.
3239 1951 3416 2008 Unum
3442 1952 3494 2006 in
3526 1951 3666 2007 duos

2075 2075 2180 2113 non
2222 2056 2420 2110 divido.

2146 2147 2344 2202 NEST.
2386 2146 2667 2213 Quomodo
2700 2139 2920 2214 (illum)
2952 2139 3202 2208 ignorare
3254 2137 3394 2191 dicis
3440 2136 3663 2197 horam,

2075 2257 2237 2310 quam
2302 2255 2492 2306 reapse
2544 2238 2713 2292 Filius
2774 2232 3021 2297 nescivit,
3068 2231 3234 2283 Pater
3278 2238 3461 2283 autem
3512 2227 3663 2282 solus

2075 2333 2230 2386 scivit
2258 2332 2346 2383 ³³2
2393 2330 2496 2383 Aut
2528 2327 2820 2397 quomodo,
2867 2324 2913 2378 si
2940 2323 3107 2377 Filius
3133 2319 3315 2386 scivit,
3339 2320 3390 2372 id
3418 2317 3666 2389 negavit?

2077 2424 2173 2477 Vel
2204 2424 2248 2478 si
2295 2438 2483 2477 revera
2526 2420 2778 2481 nescivit,
2818 2412 3088 2485 quomodo
3128 2410 3426 2480 appellatus
3461 2419 3545 2463 est
3570 2424 3656 2463 sa-

2077 2515 2277 2585 pientia
2311 2529 2376 2568 ac
2400 2514 2572 2567 virtus
2606 2510 2725 2575 Dei,
2751 2509 2798 2564 is
2825 2506 2915 2577 qui
2935 2503 3165 2559 inscitia:
3183 2513 3395 2570 partem
3425 2500 3675 2570 aliquam

2034 2658 2043 2669 ,
2077 2607 2308 2661 habuit?

2156 2704 2318 2761 CYB.
2356 2701 2473 2755 Non
2513 2701 2729 2769 ignorat
2754 2696 2848 2751 Dei
2885 2694 3055 2750 Filius
3093 2692 3282 2746 horam
3307 2729 3321 2754 ,
3355 2686 3446 2757 qui
3475 2685 3675 2740 omnia

2078 2802 2231 2857 novit
2257 2797 2530 2863 habetque
2553 2793 2604 2846 in
2656 2806 2714 2845 se
2754 2791 2869 2857 ipso
2913 2787 3128 2840 Patrem
3157 2784 3224 2846 ³⁸,
3276 2792 3336 2835 ut
3383 2781 3499 2848 ipse
3543 2778 3665 2831 ait:

2084 2913 2102 2945 ι
2134 2892 2302 2946 Nemo
2331 2887 2479 2942 novit
2508 2885 2722 2938 Patrem
2750 2882 2851 2934 nisi
2875 2877 3043 2931 Filius
3062 2877 3128 2929 ³⁵.
3170 2895 3188 2927 ι
3233 2873 3392 2927 Solus
3424 2872 3541 2939 ipse
3567 2884 3666 2922 na»

2081 2997 2255 3040 turam
2282 2980 2460 3035 Patris
2495 2975 2777 3046 cognoscit
2832 2989 2950 3042 quae
2989 2981 3071 3026 est
3097 2980 3222 3023 ante
3247 2965 3454 3029 omnia,
3485 2960 3666 3016 saeculi

2078 3092 2207 3132 vero
2236 3075 2393 3128 ﬁnem
2418 3069 2588 3124 Filius
2609 3067 2701 3121 Dei
2728 3062 2984 3135 ignorat?
3012 3060 3204 3114 Absit!
3234 3058 3454 3126 Ignorat
3483 3052 3670 3119 utique

2081 3172 2131 3225 is
2176 3169 2265 3237 qui
2301 3162 2599 3221 secundum
2635 3159 2865 3229 gratiam
2893 3163 2978 3210 est
3034 3153 3200 3215 ﬁlius,
3259 3166 3365 3203 non
3426 3143 3681 3215 profecto

2088 3264 2175 3318 ille
2229 3261 2320 3329 qui
2351 3254 2650 3313 secundum
2700 3258 2975 3304 naturam.
3022 3245 3192 3299 Porro
3222 3241 3515 3296 secundum
3544 3251 3671 3306 gra-

2089 3356 2218 3408 tiam
2248 3328 2355 3405 inos
2393 3360 2602 3408 sumus,
2633 3344 2723 3413 qui
2772 3340 3016 3393 funditus
3063 3338 3398 3406 ignoramus,
3431 3328 3674 3398 nihilque

2088 3448 2153 3501 ad
2195 3446 2354 3498 ﬁnem
2375 3439 2555 3496 saeculi
2578 3435 2856 3506 pertinens
2896 3432 3125 3486 scimus.

2157 3535 2361 3592 NEST.
2396 3529 2729 3586 Naturaliter
2760 3524 3054 3599 esurimus,
3080 3521 3319 3583 sitimus,
3357 3524 3520 3585 atque
3547 3513 3675 3568 dor-

2087 3632 2308 3693 mimus,
2370 3625 2513 3679 haud
2566 3620 2865 3675 deliberate
2918 3617 2971 3670 id
3024 3621 3264 3684 agentes,
3321 3611 3415 3664 sed
3468 3615 3675 3660 naturae

2089 3721 2415 3779 necessitate
2442 3726 2693 3785 cogente.
2721 3711 2862 3777 Quid
2906 3707 3077 3777 ergo?
3107 3704 3248 3759 Num
3273 3703 3416 3757 Deus
3454 3713 3675 3768 compo-

2089 3817 2263 3870 rictur
2296 3808 2620 3879 cogentibus
2653 3803 2864 3873 legibus
2894 3796 3317 3869 obtemperare?
3347 3793 3539 3847 Absit!

2158 3904 2321 3962 CYR.
2354 3901 2461 3956 Nos
2479 3898 2698 3970 quidem
2742 3893 3067 3950 naturaliter
3107 3890 3399 3950 esurimus,
3437 3885 3673 3950 sitimus,

2089 4011 2249 4069 atque
2276 3993 2598 4055 dormimus,
2638 4004 2744 4043 non
2770 3996 2981 4057 sponte,
3002 3984 3101 4038 sed
3128 3992 3337 4036 natura:
3362 3975 3675 4032 necessitati

2090 4066 2568 4154 servienteszipse
2622 4094 2754 4135 vero
2799 4092 2906 4131 non
2952 4083 3208 4138 coactus,
3241 4070 3334 4125 sed
3380 4077 3572 4137 sponte
3624 4066 3676 4118 id

2089 4179 2494 4248 experiebatur.
2530 4172 2676 4227 Idem
2713 4172 2913 4239 quippe
2943 4176 3029 4221 est
3059 4165 3150 4235 qui
3188 4164 3428 4232 quinque
3447 4156 3677 4226 panibus

2087 4267 2327 4337 quinque
2386 4262 2552 4316 millia
2617 4258 2895 4315 hominum
2959 4253 3226 4309 saturavit
3254 4251 3319 4314 ³⁸,
3375 4260 3426 4303 et
3480 4262 3671 4302 rursus

2090 4372 2294 4427 septem
2343 4355 2571 4426 panibus
2637 4350 2802 4405 millia
2872 4356 3103 4418 quatuor
3134 4346 3202 4397 ³⁷.
3269 4343 3411 4397 Idem
3467 4338 3603 4394 dixit
3659 4354 3674 4390 :

2096 4472 2114 4502 ε
2154 4450 2327 4506 Nemo
2351 4447 2491 4502 tollit
2536 4445 2774 4499 animam
2809 4456 2984 4496 meam
3014 4455 3042 4492 a
3076 4452 3181 4501 me,
3206 4436 3323 4500 sed,
3367 4448 3488 4488 cum
3534 4429 3677 4492 volo,

2091 4558 2212 4597 eam
2270 4546 2519 4611 pono;et
2577 4549 2792 4596 rursus,
2828 4547 2953 4587 cum
3002 4529 3147 4593 volo,
3196 4543 3351 4581 sumo
3404 4538 3523 4578 eam
3555 4520 3621 4574 ³⁸.
3656 4538 3675 4570 ι

2092 4634 2283 4688 Nullus
2331 4642 2511 4686 autem
2568 4629 2673 4683 hoc
2716 4640 2878 4697 agere
2931 4632 3111 4694 potest
3152 4622 3335 4683 homo,
3386 4617 3490 4671 nisi
3542 4629 3682 4668 unus

2089 4726 2362 4780 Christus.
3612 4714 3615 4719 ’

2165 4813 2366 4870 NEST.
2418 4813 2517 4868 Ais
2559 4810 2757 4866 Filium
2787 4821 3009 4879 passum
3052 4801 3446 4859 esseiPassus
3500 4797 3685 4865 itaque

2090 4908 2251 4961 etiam
2277 4904 2439 4959 Pater
2472 4911 2576 4957 est.
2604 4900 2757 4967 Quod
2780 4900 2825 4954 si
2856 4912 3018 4966 negas
3041 4894 3261 4949 Patrem
3284 4905 3404 4945 esse
3422 4900 3676 4957 passum,

2093 5003 2322 5055 diversae
2352 4998 2419 5051 ab
2443 5011 2509 5052 eo
2533 4994 2853 5061 substantia:
2892 4989 3091 5045 Filium
3124 4999 3247 5040 esse
3277 4982 3499 5039 asseris.

2162 5092 2323 5149 CYR.
2357 5089 2546 5159 Neque
2588 5086 2805 5141 Patrem
2838 5081 3151 5154 passibilem
3184 5079 3332 5141 dico,
3365 5088 3544 5145 neque
3587 5066 3682 5129 Fi-

2088 5186 2216 5240 lium
2246 5181 2632 5254 impassibilem
2661 5197 2674 5234 :
2712 5178 2807 5234 sed
2831 5172 3180 5246 impassibilis
3219 5180 3304 5227 est
3319 5168 3517 5233 deitas,
3551 5167 3679 5237 quia

2089 5279 2446 5348 incorporea;
2484 5272 2757 5342 passibilis
2801 5283 2930 5325 vero
2977 5264 3240 5320 Dominus
3290 5267 3515 5332 propter
3558 5272 3683 5312 car-

2090 5386 2232 5426 nent.

2154 5461 2357 5517 NEST.
2389 5461 2501 5531 Ego
2529 5474 2634 5513 non
2660 5457 2747 5511 aio
2773 5454 3010 5509 Verbum
3039 5450 3246 5507 factum
3287 5461 3408 5503 esse
3429 5459 3674 5506 carnem.

2088 5569 2263 5624 neque
2320 5568 2584 5624 passum;
2619 5559 2705 5605 est
2757 5546 2899 5602 enim
2962 5541 3319 5612 impassihilis
3368 5538 3581 5599 deitas;
3624 5546 3676 5589 et

3070 5761 3111 5793 ³³
3140 5758 3286 5819 Psal.
3326 5769 3470 5815 XLIV,
3505 5750 3597 5819 εει
3628 5749 3677 5782 ³⁸

3175 5831 3218 5863 ³³
3250 5830 3406 5887 Joan.
3454 5839 3507 5891 ς,
3542 5818 3627 5877 18.
