4104 6336
422 337 528 391 257

1528 338 1718 406 QUOD
1762 340 1824 397 Β.
1870 338 2084 396 ΜΑιιιΑ
2128 340 2235 395 SIT
2279 340 2595 400 DlzlPARA.

3587 346 3690 399 9.53

422 453 627 507 τούτων
683 454 919 517 εὐκόλως
974 457 1244 528 τιμωρίαν
1304 459 1665 531 ὲκφύγωμενο
1752 462 1903 514 οὐδὲν
1959 463 2005 514 δὲ

2121 467 2562 532 pseudochristos
2617 473 2669 519 et
2730 464 3243 532 pseudomagistros,
3305 463 3395 530 qui
3460 463 3691 517 IIJEI‘CCCS

420 540 584 615 ἧττον
614 545 709 597 καὶ
758 545 918 599 τοῦτο
959 550 1095 617 πρῦς
1144 553 1255 612 τοῖς
1308 551 1487 613 ἄλλοις
1538 553 1887 623 προείρηκεν,
1935 554 2009 615 tiu;

421 638 639 692 ἔσονται
686 637 1065 711 ψευδόχριστοι
1112 643 1206 694 καὶ
1254 643 1766 711 ψευδοδιδάσκαλοι,
1818 646 2011 707 οἵτινες

423 730 852 801 παρεισάξουσιν
898 732 1143 800 αἱρέσεις
1183 736 1480 799 ἀπωλείας,
1522 738 1683 791 αὑτὸν
1720 739 1811 791 τὸν
1852 740 2011 807 μόνον

424 824 703 893 Δεσπότην
734 823 828 876 καὶ
862 822 1069 893 Κύριον
1096 826 1256 894 ἡμῶν
1306 826 1512 896 Ἰησοῦν
1541 830 1775 899 Χριστὸν
1814 830 2009 900 ἀρνού-

426 928 620 984 μενοι⁶
683 913 779 966 καὶ
835 915 1021 968 πολλοὶ
1076 914 1604 987 ἐξακολουθήσουσιν
1663 921 1840 974 αὐτῶν
1893 924 2010 983 ταῖς

421 1005 755 1076 ἀσελγείαις.
809 1006 877 1059 δι’
928 1007 1023 1071 οὓς
1071 1008 1266 1079 ἠδόξει
1318 1012 1417 1081 τῆς
1474 1012 1733 1083 ἀληθείας
1775 1013 2014 1083 βλασφη-

426 1097 789 1167 μισθήσεται*
847 1100 933 1151 ἵνα
984 1101 1190 1152 τούτων
1237 1104 1695 1173 παραγενομένων
1746 1104 2011 1173 μηδαμῶς

422 1189 757 1260 ἀπατώμεθα
781 1232 794 1253 ,
822 1234 827 1235 κ

420 1280 699 1349 δόγμασιν.

495 1369 562 1441 β’.
618 1369 987 1441 Πεπλήρωται
1038 1371 1094 1424 δὲ
1151 1371 1255 1440 τῆς
1313 1375 1667 1445 προρρήσεως
1711 1374 1771 1426 τὸ
1816 1374 2007 1444 ἔργον

425 1460 617 1515 πολλαὶ
653 1461 762 1533 γὰρ
813 1461 955 1515 κατὰ
1001 1462 1194 1534 καιρὸν
1246 1464 1619 1533 ἐπανέστησαν
1656 1464 1896 1535 αἱρέσεις
1943 1467 2009 1535 τῇ

422 1554 515 1608 τοῦ
567 1553 702 1608 Θεοῦ
766 1554 1088 1627 Ἐκκλησία,
1131 1557 1229 1626 τὴν
1282 1557 1449 1628 όρθὴν
1490 1558 1792 1630 παραλύειν
1847 1557 2010 1611 πολυ-

420 1646 638 1716 τρόπως
679 1645 1000 1717 βιαζόμεναι
1036 1647 1238 1713 πίστιν,
1278 1643 1353 1701 ὧν
1394 1651 1427 1720 ἡ
1473 1649 1575 1719 μὲν
1604 1651 1696 1702 τὸν
1732 1649 1828 1703 τοῦ
1873 1650 2008 1703 Θεοῦ

424 1740 592 1809 Λόγον
624 1739 771 1805 ξένον
805 1740 1155 1794 παντάπασιν
1186 1741 1283 1810 τῆς
1319 1743 1576 1815 πατρῴας
1611 1744 1798 1806 οὐσίας
1830 1742 2008 1809 λέγειν

868 1192 980 1253 τοῖς
1044 1191 1312 1263 ὀλεθρίοις
1368 1194 1545 1248 αὐτῶν
1615 1196 2012 1259 ὑποπίπτοντες

2113 558 2372 629 exitiosus
2414 559 2687 624 invehent,
2728 559 2899 627 ipsum
2939 557 3154 611 unicum
3196 560 3371 623 regem
3404 572 3466 609 ac
3508 556 3689 609 Domi-

2115 668 2239 704 num
2273 662 2511 705 nostrum
2542 652 2723 706 Jesutn
2756 652 3031 705 Christum
3065 660 3349 719 negantes;
3388 650 3689 719 multosque

2114 742 2229 796 fore
2249 743 2439 795 horum
2465 742 2842 809 intprobitates
2862 750 3248 804 assectaturos,
3273 758 3498 807 quorum
3528 756 3690 795 causa

2113 837 2359 889 veritatis
2404 836 2568 906 gloria
2612 837 2915 890 convicium
2967 835 3222 904 patietur.
3267 832 3545 897 Prtedixit,
3603 832 3689 885 iu-

2112 942 2303 994 quam,
2356 943 2422 979 ne
2456 943 2575 978 cum
2608 926 2660 980 hi
2694 926 3124 993 supervenerint,
3161 922 3347 978 fraude
3386 928 3691 978 circumve-

2114 1019 2349 1081 nlalllttl‘,
2383 1020 2607 1084 perditis
2648 1018 2887 1087 ipsorum
2937 1018 3279 1087 dogmatibus
3316 1028 3529 1071 nosmet
3558 1017 3690 1071 sub-

2114 1119 2409 1162 mittentes.

2182 1374 2236 1426 2.
2283 1373 2608 1425 Vaticinium
2650 1381 2828 1425 autem
2872 1373 2925 1426 in
2964 1387 3073 1425 rem
3108 1371 3358 1425 collatum
3382 1370 3485 1426 est.
3516 1364 3692 1425 Μυιιτιι

2112 1467 2257 1518 enim
2287 1481 2380 1531 per
2417 1475 2656 1532 tempora
2687 1470 2886 1516 exortzc
2918 1473 3039 1516 sunt
3086 1464 3317 1516 bzereses
3358 1462 3411 1515 in
3452 1461 3690 1518 Ecclesia

2113 1557 2230 1620 Dei,
2278 1568 2479 1613 rectam
2521 1555 2813 1610 dissolvere
2857 1554 3013 1609 ﬁdem
3058 1555 3407 1608 multifarlatn
3442 1565 3687 1617 conatur;

2112 1664 2339 1718 quarunt
2371 1647 2473 1699 alia
2518 1647 2610 1700 Dei
2667 1644 2898 1700 Verbum
2940 1646 3172 1699 alienum
3213 1662 3435 1714 prorsus
3468 1657 3690 1715 paterna

2116 1740 2415 1793 subsmutia
2446 1738 2623 1791 diei-re
2655 1753 2782 1789 ausa
2812 1747 2922 1802 est;
2964 1737 3064 1789 alia
3100 1736 3333 1804 Spiritus
3374 1735 3687 1802 dignitatem

422 1831 775 1901 τετόλμηκεν,
799 1832 831 1899 ἡ
862 1831 919 1883 δὲ
952 1829 1043 1883 τοῦ
1077 1830 1392 1900 Πνεῦματος
1409 1833 1504 1902 τὴν
1532 1833 1688 1898 ἀξίαν
1716 1832 2004 1902 ἠγνόηκεν,

2112 1845 2214 1883 ιιοιι
2240 1831 2484 1898 agnovit;
2516 1829 2617 1882 alia
2648 1828 2808 1881 Verbi
2838 1828 3100 1881 adventus
3123 1828 3404 1881 veritatem
3434 1826 3688 1896 negavit:

421 1922 459 1993 ἡ
498 1921 555 1976 δὲ
594 1921 696 1992 τῆς
730 1919 1025 1991 ἐπιδημίας
1064 1921 1158 1973 τοῦ
1202 1921 1378 1990 Λόγου
1427 1924 1705 1992 ἠρνήσατο
1743 1922 1840 1993 τὴν
1875 1921 2008 1990 ἁλή-

422 2013 605 2067 θειαν’
669 2012 873 2084 ἐσχάτη
932 2012 989 2065 δὲ
1053 2011 1244 2066 πασῶν
1284 2013 1540 2085 καθάπερ
1596 2014 1828 2085 τρυγίας
1860 2012 2001 2086 [cod.

420 2104 466 2158 Δ
501 2105 762 2177 τρυγίος,
806 2102 848 2156 Β
884 2100 1126 2175 τρυγία]
1175 2102 1282 2157 τῶν
1328 2104 1552 2169 κακῶν,
1592 2107 1625 2177 ἡ
1669 2104 1764 2159 νῦν
1800 2106 2006 2158 ἀναπέ-

423 2214 621 2264 φανται
692 2196 1052 2267 βλασφημία,
1136 2196 1211 2267 μὴ
1283 2197 1611 2267 γεγενῆσθαι
1674 2198 1765 2252 τόν
1834 2199 2007 2267 Λόγον

421 2286 744 2359 ἄνθρωπον,
793 2286 909 2340 ἀλλ’
975 2287 1033 2339 ἐν
1103 2285 1378 2358 ἀνθρώπῳ
1430 2288 1745 2356 γεννηθέντι
1793 2292 1856 2343 ἐκ
1905 2306 2005 2357 γυ-

422 2379 608 2443 ναικὸς
667 2380 1002 2449 ἐνῳκηκέναι
1067 2377 1334 2447 λέγουσα·
1404 2378 1479 2442 ώς
1535 2378 1720 2433 λοιπὸν
1783 2382 1862 2443 είς
1914 2381 2008 2434 δύο

420 2469 512 2524 τὸν
575 2469 673 2522 ἕνα
741 2468 974 2539 Χριστὸν
1037 2468 1125 2522 διὰ
1182 2469 1341 2522 τοῦτο
1408 2470 1747 2541 μερίζεσθαι,
1812 2474 1891 2535 είς
1946 2492 2006 2527 τε

422 2560 574 2623 Θεὸν,
615 2560 780 2631 φημὶ,
821 2562 914 2613 καὶ
941 2560 1227 2632 ἄνθρωπον
1254 2577 1268 2592 ’
1306 2560 1422 2613 ἐστι
1457 2561 1514 2613 δὲ
1552 2560 1708 2614 τοῦτο
1740 2562 1842 2631 τῆς
1873 2566 2007 2617 ἀποο

422 2651 675 2721 στολικῆς
702 2650 1055 2714 διδασκαλίας
1086 2652 1393 2722 ἀλλότριον,
1428 2651 1755 2722 δαιμονικῆς
1786 2654 1841 2706 δὲ
1870 2655 2007 2725 μᾶλ-

421 2744 511 2798 λον
544 2744 787 2806 ἐπινοίας
815 2744 1108 2815 ἐφεύρεσις
1130 2754 1142 2772 ⁸
1188 2743 1475 2814 ἄνθρωπον
1518 2743 1617 2815 μὲν
1644 2745 1752 2816 γάρ
1795 2747 1883 2799 τὸν
1912 2746 2005 2800 τοῦ

421 2834 557 2889 Θεοῦ
588 2836 757 2904 Λόγον
802 2836 897 2889 ἐπὶ
940 2835 1221 2908 συντελείᾳ
1261 2836 1370 2889 τῶν
1420 2838 1631 2891 αἰώνων
1664 2838 1951 2909 γενόμενον
1979 2845 2007 2894 6

422 2928 566 2990 θεῖος
605 2929 737 2998 ἡμῖν
781 2928 1197 2997 εὐαγγελίζεται
1235 2928 1411 2996 λόγος,
1462 2930 1563 2983 οὐκ
1609 2932 1688 2993 εἰς
1719 2931 2005 3000 ἀνθρώπου

424 3019 803 3086 μεταϐαλόντα
842 3018 1023 3089 φύσιν,
1058 3019 1194 3073 ἀλλὰ
1231 3017 1435 3090 ταύτην
1478 3021 1558 3082 είς
1609 3020 1803 3073 ἐαυτὸν
1836 3038 2006 3091 προσ-

421 3109 721 3183 λαϐόμενον
740 3126 755 3141 °
786 3109 1055 3183 ἄτρεπτος
1078 3110 1187 3182 γὰρ
1216 3109 1451 3181 ὑπάρχει
1491 3110 1586 3163 καὶ
1613 3110 1970 3175 ἀναλλοίωτος
1988 3129 2001 3141 ·

422 3202 473 3255 εί
500 3202 580 3266 δέ,
611 3201 861 3273 καθάπερ
904 3202 1102 3254 ἐκεῖνοί
1138 3218 1323 3270 φασιν,
1370 3205 1449 3275 είς
1482 3201 1773 3271 ἄνθρωπον
1808 3205 1871 3256 ἐκ
1909 3220 2006 3271 γυ-

422 3294 611 3359 ναικὸς
642 3293 902 3365 τεχθέντα
939 3294 972 3365 η
1018 3293 1139 3346 θεία
1173 3292 1397 3361 γέγονεν
1433 3294 1800 3362 ἐπιφοίτησις,
1847 3292 2008 3346 τοῦτο

423 3385 517 3439 καὶ
536 3386 596 3440 ἐν
621 3388 734 3449 τοϊς
766 3384 1076 3455 προφήταις
1104 3386 1268 3437 πᾶσιν
1296 3384 1504 3451 ἐγίνετο
1527 3399 1542 3415 ο
1567 3383 1673 3436 ἔδει
1698 3384 2006 3455 τοιγαροῦν,

424 3476 578 3545 εἴπερ
621 3474 796 3538 οὓτως
840 3475 1079 3543 ἐγένετο,
1129 3475 1551 3546 μεμερισμένως
1588 3474 1818 3528 ἑκάστου
1861 3479 2007 3546 παρὰ

423 3569 496 3637 τῇ
530 3567 652 3637 θείᾳ
685 3566 876 3638 Γραφῇ
903 3567 1002 3629 τὰς
1040 3567 1331 3637 ὁμολογίας
1362 3567 1751 3637 εὑρίσκεσθαι·
1786 3569 1880 3620 καὶ
1914 3569 2006 3622 τὸν

2111 1931 2400 1992 postrema,
2434 1922 2675 1973 omnium
2708 1919 2870 1971 veluti
2903 1920 3164 1973 malorum
3203 1921 3439 1982 sentina,
3476 1918 3691 1971 hodier-

2110 2030 2176 2064 na
2209 2012 2457 2081 apparuit
2490 2011 2845 2081 blasphemia,
2881 2026 3001 2081 qua:
3034 2011 3108 2065 ait
3160 2010 3397 2065 Verbum
3435 2027 3540 2063 non
3570 2023 3689 2065 esse

2109 2104 2377 2159 hominem
2409 2104 2630 2167 factum,
2677 2105 2770 2159 sed
2801 2109 2853 2159 in
2892 2105 3113 2158 homine
3140 2118 3204 2156 ex
3252 2102 3475 2156 muliere
3506 2102 3689 2170 genito

2108 2195 2437 2250 habitavisse
2493 2213 2506 2247 :
2565 2197 2707 2249 unde
2757 2194 3108 2263 consequitur
3160 2194 3213 2247 in
3272 2193 3409 2245 duos
3467 2192 3689 2246 unicum

2108 2287 2381 2342 Christum
2416 2288 2619 2342 idcirco
2654 2288 2840 2353 dividi,
2876 2287 2927 2340 in
2963 2287 3128 2341 Deum
3167 2286 3285 2339 dico
3318 2295 3481 2354 atque
3514 2283 3689 2339 homi-

2109 2394 2254 2433 nem.
2290 2379 2383 2433 Est
2415 2390 2590 2433 autem
2621 2382 2721 2434 hoc
2745 2380 2812 2432 ab
2835 2379 3127 2447 apostolica
3155 2376 3399 2431 doctrina
3427 2376 3684 2440 alienum,

2108 2478 2163 2524 et
2193 2468 2443 2522 diabolici
2471 2470 2647 2539 potius
2678 2469 2877 2537 ingenii
2908 2470 3204 2522 inventum.
3248 2465 3491 2535 Namque
3512 2465 3688 2519 homi-

2110 2577 2232 2616 nem
2268 2563 2469 2616 factum
2500 2577 2619 2616 esse
2647 2560 2741 2615 Dei
2761 2559 2996 2615 Vet‘hum
3030 2562 3081 2614 in
3108 2560 3213 2613 line
3236 2560 3579 2623 saeculorum,
3611 2558 3690 2611 di-

2108 2657 2266 2708 vinus
2296 2655 2450 2709 nobis
2483 2670 2662 2709 sermo
2700 2655 2914 2708 nuntiat
2943 2654 3012 2718 ‘3,
3047 2669 3153 2707 non
3187 2667 3317 2707 sane
3353 2652 3498 2721 quod
3545 2667 3604 2704 se
3636 2649 3691 2703 iu

2109 2748 2344 2802 hominis
2378 2759 2625 2801 naturam
2659 2749 2972 2813 mutaverit,
3004 2749 3096 2801 sed
3124 2749 3250 2815 quia
3298 2748 3437 2799 hanc
3469 2744 3569 2799 sibi
3601 2759 3691 2796 as-

2109 2839 2400 2903 sumpserit
2429 2854 2442 2890 :
2471 2847 2553 2892 est
2581 2838 2725 2892 enim
2774 2836 3010 2891 Verbum
3051 2836 3358 2890 invertibile
3397 2844 3559 2904 atque
3588 2835 3658 2887 im
3678 2863 3694 2872 -

2110 2928 2386 2982 mutabile.
2413 2928 2565 2993 Quod
2599 2930 2665 2994 si,
2706 2939 2762 2982 ιιι
2789 2930 2874 2983 isti
2914 2930 3084 2993 aiunt,
3121 2929 3327 2982 homini
3364 2942 3433 2982 ex
3470 2925 3695 2981 muliere

2110 3030 2263 3090 parto
2293 3021 2434 3073 Deus
2456 3020 2791 3087 supervenit,
2829 3019 2967 3073 idem
3003 3021 3106 3073 hoc
3134 3022 3345 3073 cunctis
3387 3033 3538 3086 atque
3572 3033 3696 3087 pro.

2034 3144 2077 3203 ο
2111 3113 2288 3181 phetis
2324 3112 2525 3165 accidit
2568 3130 2579 3166 :
2617 3126 2947 3180 prorsusque
2980 3120 3275 3181 oporteret,
3321 3113 3365 3164 si
3403 3126 3488 3163 res
3519 3108 3593 3162 ita
3637 3123 3697 3162 se

2113 3204 2361 3268 haberet,
2393 3219 2635 3257 seorsum
2670 3203 3092 3272 uniuscujusque
3121 3204 3172 3255 in
3201 3202 3381 3256 divina
3414 3199 3696 3269 Scriptura

2114 3295 2485 3349 confessiones
2514 3296 2802 3364 compcriri
2826 3312 2840 3359 ;
2884 3306 2938 3349 et
2967 3295 3201 3347 alterum
3229 3294 3449 3362 quidem
3492 3291 3694 3362 sigilla-

2117 3386 2213 3438 tim
2260 3401 2354 3453 per
2385 3385 2626 3453 seipsum
2660 3399 2757 3438 ceu
2800 3384 2893 3438 Dei
2935 3383 3170 3438 Verbum
3213 3381 3523 3448 decantari;
3564 3380 3689 3432 alte.

2116 3492 2234 3530 rum
2259 3491 2386 3529 vero
2411 3492 2506 3526 ceu
2531 3475 2834 3535 hominem,
2858 3483 2912 3527 et
2944 3490 3008 3528 ex
3042 3484 3228 3527 nostro
3258 3487 3482 3527 numero
3507 3487 3696 3534 unum,

2116 3570 2293 3623 verbis
2326 3580 2444 3637 quae
2470 3567 2743 3620 hominem
2775 3567 2990 3631 decent,
3020 3566 3346 3636 gloriﬁcare.

428 3662 528 3733 μὶν
578 3661 684 3733 ἰδίᾳ
715 3662 837 3716 καθ’
884 3660 1072 3716 ἐαυτὸν
1127 3663 1202 3727 ὡς
1248 3663 1381 3717 Θεοῦ
1416 3664 1592 3733 Λόγον
1639 3665 2015 3735 ἀνυμνεῖσθαι,
2055 3669 2146 3722 τὸν
2189 3661 2245 3719 δὲ
2309 3659 2384 3728 ὡς
2442 3663 2864 3734 ἄνθρωπονκαὶ
2911 3663 3007 3717 ἕνα
3053 3664 3162 3718 τῶν
3216 3664 3338 3718 καθ’
3386 3666 3534 3735 ἡμᾶς
3586 3667 3694 3727 τοῖς

424 3754 693 3827 ἀνθρώπῳ
727 3753 998 3824 πρέπουσι
1036 3752 1353 3818 δοξάζεσθαι
1380 3754 1579 3822 λόγοις.

495 3854 565 3917 γ’.
620 3847 757 3901 Ἀλλ’
818 3847 916 3917 οὐχ
942 3847 1111 3910 οὕτως
1133 3850 1265 3916 ἡμῖν
1288 3850 1336 3900 οἱ
1362 3848 1648 3901 ἀπόστολοι
1672 3850 1769 3921 τὴν
1796 3843 2011 3905 εὐθεῖαν

424 3938 747 4009 εὐαγγελίαν
800 3938 1096 4009 ἐκήρυξαν,
1133 3938 1247 3991 ἀλλ’
1286 3938 1382 3991 ἕνα
1422 3939 1659 4010 Χριστὸν
1689 3941 1822 3995 Θεὸν
1872 3942 2007 4012 ὁμοῦ

425 4032 524 4086 καὶ⁹
555 4029 839 4102 ἄνθρωπον
877 4031 969 4083 τὸν
1002 4030 1164 4083 αὑτὸν
1196 4030 1616 4100 παραδεδώκασι
1642 4050 1653 4061 υ
1711 4035 1804 4088 καὶ
1848 4035 2007 4089 τοῦτο

428 4121 617 4192 σαφῶς
656 4124 685 4175 6
716 4121 815 4193 μὲν
849 4120 1095 4189 θεολόγος
1128 4120 1379 4193 Ἰωάννης
1407 4125 1464 4175 ἐν
1492 4123 1841 4191 Εὑαγγελίοις
1868 4126 2008 4181 διδά-

427 4228 547 4266 σκει
571 4212 745 4280 λέγων
765 4228 780 4241 ·
816 4232 833 4263 ι
866 4213 953 4265 Ἐν
998 4214 1141 4283 ἀρχῇ
1172 4208 1240 4284 ἦν
1266 4217 1294 4265 6
1320 4214 1514 4281 Λόγος,
1546 4216 1640 4267 καὶ
1673 4218 1701 4269 6
1740 4217 1912 4286 Λόγος
1937 4214 2003 4289 ἦν

426 4306 564 4376 πρὸς
598 4305 689 4358 τὸν
737 4304 869 4357 Θεὸν
893 4348 909 4370 ,
956 4306 1051 4358 καὶ
1087 4304 1218 4367 Θεὸς
1266 4300 1335 4375 ἦν
1365 4307 1393 4358 6
1430 4307 1636 4374 Λόγοςο
1671 4328 1689 4360 ι
1740 4304 1839 4361 εἷθ’
1879 4310 2003 4381 ὲξῆς

427 4397 646 4464 ἐπάγων
666 4413 681 4428 ·
723 4416 739 4447 ι
763 4398 871 4449 Καὶ
894 4399 922 4450 6
942 4397 1115 4464 Λόγος
1138 4397 1275 4468 σὰρξ
1304 4398 1541 4465 ἐγένετο,
1582 4402 1674 4453 καὶ
1697 4401 2004 4474 ἐσκήνωσεν

2190 3846 2243 3900 5.
2286 3844 2449 3912 Atqui
2490 3858 2595 3896 non
2640 3843 2715 3895 ita
2751 3842 2904 3895 nobis
2946 3852 3146 3895 rectam
3198 3845 3559 3911 praitlicavere
3603 3850 3689 3905 da-

2116 3941 2348 3995 ctrinam
2398 3935 2651 4005 apostoli,
2696 3935 2793 3989 sed
2837 3949 3004 3986 unum
3032 3934 3392 4003 eumdeutque
3421 3937 3695 3996 Christum

2112 4028 2280 4083 Deum
2323 4025 2485 4081 simul
2529 4036 2584 4078 et
2634 4022 2909 4078 hominem
2945 4037 3067 4076 esse
3105 4023 3445 4079 tradiderunt
3490 4028 3696 4101 :idque

2112 4134 2298 4191 aperte
2316 4119 2594 4187 theologus
2614 4114 2852 4169 Joannes
2877 4116 2928 4167 in
2950 4113 3251 4185 Evangeliis
3274 4116 3450 4183 docet,
3468 4119 3655 4177 dicens
3679 4140 3693 4177 :

2117 4232 2136 4265 ‹
2166 4211 2223 4265 In
2252 4211 2518 4282 principio
2556 4206 2746 4279 144a
2774 4217 2892 4261 erat
2926 4202 3183 4271 Verbum,
3216 4216 3271 4262 et
3313 4206 3546 4265 Verbum
3579 4225 3693 4267 erat

2111 4306 2251 4373 apud
2304 4302 2496 4369 Deum,
2548 4313 2603 4355 et
2642 4301 2783 4355 Deus
2838 4309 2955 4354 erat
3015 4296 3247 4353 Verbum
3294 4300 3359 4355 ⁸³.
3403 4322 3422 4353 ι
3497 4304 3693 4359 Deinde

2111 4398 2315 4452 addens
2370 4413 2435 4448 ε(
2464 4394 2531 4448 Et
2558 4392 2793 4448 Verbum
2842 4404 2972 4445 caro
3027 4389 3228 4444 factum
3276 4402 3379 4456 est,
3432 4402 3486 4448 et
3534 4395 3694 4450 hahi-

425 4486 485 4539 ἐν
507 4487 657 4558 ἡμῖν.
687 4508 705 4538 ι
739 4488 799 4540 Ὀ
824 4488 879 4540 δὲ
913 4487 1203 4558 ίεροκήρυξ
1225 4488 1433 4553 Παῦλος
1464 4489 1739 4559 Ἑϐραίοις
1765 4496 2005 4548 ἐπιστέλ-

2119 4490 2250 4542 tavit
2304 4489 2356 4540 in
2402 4487 2574 4541 nobis.
2610 4503 2627 4534 ι
2674 4484 2841 4536 Sacer
2895 4497 3109 4553 quoque
3160 4498 3337 4550 praeco
3384 4483 3585 4541 Paulus
3637 4488 3692 4543 in

426 4576 507 4631 λει
553 4578 761 4647 λέγων·
836 4598 855 4631 ‹
892 4580 1044 4632 Ἐπεὶ
1086 4576 1181 4632 οὖν
1232 4581 1300 4633 τὰ
1360 4581 1548 4634 παιδία
1610 4584 2003 4655 κεκοινώνηκεν

425 4668 657 4741 αἵματος
683 4672 775 4725 καὶ
810 4671 1012 4740 σαρκὸς
1041 4712 1056 4737 ,
1106 4672 1200 4724 καὶ
1229 4673 1391 4737 αὐτὸς
1424 4674 1825 4746 παραπλησίως
1872 4696 2002 4746 μετ-

427 4762 553 4835 έσχε
606 4762 716 4816 τῶν
777 4762 978 4815 αὐτῶν.
1008 4781 1025 4813 ι
1094 4763 1337 4825 Ἀκούεις
1387 4765 1534 4827 ὅπως
1587 4766 1617 4816 ὀ
1675 4767 1772 4835 μὲν
1824 4769 2001 4838 σάρκα

427 4852 751 4923 γεγενῆσθαι
781 4853 873 4906 τὸν
906 4854 1098 4921 Λόγον,
1133 4854 1161 4905 6
1200 4854 1254 4906 δὲ
1287 4855 1448 4907 πάλιν
1477 4856 1636 4909 αὐτὸν
1676 4857 1783 4909 τῶν
1821 4858 2001 4911 αὐτῶν

430 4944 765 5014 μετασχόντα
794 4942 1014 5015 εἴρηκεν
1043 4960 1056 5009 ;
1090 4944 1151 4996 Εί
1181 4944 1237 4996 δὲ
1268 4944 1557 5016 ἄνθρωπος
1593 4948 1691 5017 μὲν
1722 4950 1784 5001 ἐκ
1816 4965 2001 5010 γυναι-

426 5038 521 5099 κὸς
558 5039 588 5089 6
621 5035 827 5105 Ἰησοῦς
858 5035 1075 5106 ἐτέχθη,
1112 5035 1249 5106 μετὰ
1297 5036 1354 5089 δὲ
1400 5037 1572 5091 ταῦτα
1620 5041 1653 5109 ἡ
1687 5039 1782 5093 τοῦ
1822 5040 1997 5108 Λόγου

426 5126 644 5193 γέγονεν
673 5124 807 5195 πρὸς
833 5124 997 5177 αὑτὸν
1034 5126 1396 5195 ἐπιφοίτησις,
1436 5126 1543 5179 ἔδει
1568 5127 1815 5200 καθάπερ
1850 5128 1999 5198 εἴρη-

425 5233 536 5280 ται,
573 5215 667 5270 δύο
705 5216 799 5269 καὶ
848 5217 1025 5284 πάντη
1073 5216 1491 5285 μεμερισμένως
1534 5220 1669 5290 πρὸς
1721 5221 1867 5273 ἅπαν
1901 5221 2000 5283 τὰς

426 5308 713 5379 ὁμολογίας
770 5306 1159 5376 εὑρίσκεσθαι·
1217 5308 1335 5359 νυνὶ
1390 5309 1448 5362 δὲ
1492 5312 1593 5379 τῆς
1638 5309 1996 5366 θεοπνεύστου

426 5399 649 5473 Γραφῆς
689 5399 1104 5469 κοινολογοὺσης
1156 5401 1227 5453 τά
1271 5418 1333 5453 τε
1375 5402 1443 5471 τῇ
1490 5400 1704 5471 θεότητι
1755 5403 1998 5471 φυσικῶς

423 5491 752 5563 ἁρμόζοντα,
791 5492 887 5545 καὶ
918 5490 990 5544 τὰ
1015 5494 1102 5561 ,τῇ
1148 5490 1438 5560 ἀνθρώπου
1484 5492 1765 5563 πρέποντα
1812 5493 1993 5561 φύσει,

424 5584 639 5656 καθαρά
662 5585 762 5655 τῆς
788 5582 1036 5648 ἐνὼσεως
1066 5584 1102 5653 ἡ
1143 5582 1427 5654 οἰκονομία
1458 5584 1795 5655 εὑρίσκεται.
1824 5586 1995 5640 Ὅταν

500 5764 543 5797 ⁵³
570 5763 733 5821 Hebr.
763 5779 837 5830 ιι,
866 5763 956 5819 96.
1034 5763 1081 5795 ⁸⁸
1111 5762 1262 5819 Joan.
1300 5780 1337 5828 ι,
1376 5761 1429 5817 ίε
1457 5762 1501 5795 ⁸⁸
1531 5762 1660 5820 ibid.
1697 5761 1783 5819 Η.

2112 4582 2347 4652 Epistula
2374 4582 2439 4632 ad
2465 4578 2721 4632 Hebrmos
2746 4575 2932 4628 scribit
2959 4593 2971 4626 :
3002 4592 3019 4624 ι
3045 4572 3178 4639 Quia
3202 4590 3330 4645 ergo
3359 4578 3509 4644 pueri
3540 4580 3693 4634 carni

2110 4685 2164 4727 et
2196 4671 2442 4739 sanguini
2472 4666 3033 4727 communicaverunt,
3080 4672 3135 4717 et
3170 4665 3284 4732 ipse
3323 4666 3574 4721 similiter
3600 4686 3693 4723 ea-

2110 4766 2231 4818 dem
2275 4760 2620 4831 participavit
2646 4758 2713 4809 “.
2758 4776 2776 4807 ι
2817 4755 3014 4809 Audin’
3042 4755 3311 4822 quomodo
3354 4756 3442 4810 ille
3474 4759 3691 4826 quidem

2110 4855 2348 4909 Verbum
2385 4869 2603 4909 carnem
2632 4866 2752 4906 esse
2790 4848 3016 4913 factum,
3053 4848 3141 4901 hic
3180 4858 3360 4902 autem
3397 4850 3573 4905 denuo
3615 4853 3693 4906 ait

2112 4951 2287 5015 ipsum
2326 4947 2438 5000 hzec
2471 4946 2659 5000 eadem
2697 4940 3143 5013 participavisse?
3172 4939 3323 5008 Quod
3352 4943 3394 4995 si
3433 4943 3592 4997 homo
3623 4958 3691 4999 ex

2112 5041 2336 5094 muliere
2377 5038 2537 5093 Jesus
2587 5038 2766 5092 editus
2816 5045 2920 5099 est,
2978 5034 3172 5088 deinde
3230 5049 3359 5087 vero
3412 5032 3574 5089 Verbi
3634 5038 3688 5089 in

2116 5134 2291 5203 ipsum
2341 5132 2604 5186 adventus
2648 5129 2895 5199 contigit,
2957 5138 3274 5197 oporteret,
3326 5139 3383 5181 ut
3432 5130 3685 5196 diximus,

2108 5225 2241 5279 duas
2266 5225 2486 5278 omnino
2524 5224 2777 5291 omnique
2805 5223 2857 5275 in
2892 5236 2950 5276 re
2985 5220 3275 5289 separatim
3317 5219 3689 5278 confessiones

2110 5316 2395 5385 comperiri
2436 5336 2451 5372 :
2504 5330 2645 5371 nunc
2684 5323 2908 5378 contra,
2952 5327 3074 5366 cum
3123 5310 3382 5365 divinitus
3428 5312 3688 5382 inspirata

2111 5404 2389 5474 Scriptura
2421 5404 2786 5460 communiter
2821 5400 3138 5471 pronuntiet.
3182 5406 3295 5454 tum
3338 5416 3457 5471 quae
3498 5403 3685 5457 deitati

2107 5498 2429 5551 naturaliter
2472 5496 2823 5560 conveniunt,
2884 5504 2995 5547 tum
3049 5494 3212 5547 etiam
3266 5508 3385 5563 qua:
3446 5494 3686 5550 huminis

2106 5598 2411 5659 congruunt
2440 5597 2671 5656 natura,
2700 5585 2983 5658 perspicua
3007 5584 3431 5655 deprehenditur
3459 5586 3689 5643 unitatil'

1863 5764 1909 5797 “
1938 5761 2103 5822 Hebr.
2144 5780 2207 5831 tt,
2242 5765 2325 5823 Η.
