4104 6336
453 352 561 407 259

1457 356 1513 409 S.
1540 350 1827 410 'CYRILLI
1870 350 2348 413 ALEXANDBINI
2388 358 2715 418 A’RCHIEP.

3626 362 3733 425 260

451 463 613 518 ratio.
648 461 779 517 Cum
811 477 940 533 ergo
974 465 1129 520 autlis
1162 464 1480 535 Apostdlum
1513 468 1778 524 dicentem
1821 486 1834 521 :
1880 489 1897 520 ι
1930 469 2005 523 Ex

2142 472 2324 526 τοίνυν
2346 475 2590 548 ἀκούσῃς
2610 479 2707 532 τοῦ
2735 476 3061 535 Ἀποστόλου
3086 481 3357 551 λέγοντος
3390 503 3407 533 ε
3433 486 3732 557 ιιροσδεχόο-

453 566 762 627 spectantes
792 557 1004 611 beatam
1035 573 1206 627 spem,
1234 573 1291 614 et
1320 561 1819 617 manifestalionem
1855 563 2041 633 gloria:

450 651 632 722 magni
661 649 755 704 Dei
780 667 843 705 ac
872 652 1180 707 Servatoris
1210 656 1382 708 nostri
1414 652 1541 709 Jesu
1572 654 1777 711 Christi
1803 655 1903 721 ",i
1934 673 2039 712 non

444 752 503 797 te
532 743 694 811 pudet
733 758 992 809 separare
1024 759 1053 797 a
1087 747 1263 801 Verbo
1295 745 1482 801 Jesum
1510 746 1533 799 ?
1559 748 1677 801 Non
1710 752 1853 803 enim
1882 750 2035 814 dixit,

448 836 625 904 magni
657 835 748 889 Dei
790 837 842 889 in
868 835 991 890 Jesu
1017 836 1263 904 Christo,
1290 841 1382 893 sed
1411 844 1659 894 currulem
1691 850 1747 895 ct
1786 842 1952 896 Deum
1986 854 2039 897 et

446 928 628 983 Jesum
679 930 995 997 praedicavit
1049 948 1063 983 :
1111 931 1338 999 ideoque
1392 932 1602 986 unicam
1650 948 1863 1004 quoque
1905 936 2040 989 dixit

445 1020 972 1074 manifestationetn.

515 1112 569 1167 4.
612 1111 889 1167 Interdum
943 1129 1074 1169 vero
1121 1116 1186 1169 iis
1234 1117 1398 1170 etiam
1449 1132 1569 1187 quae
1609 1126 1736 1171 sunt
1786 1120 2036 1173 bumanze

444 1212 654 1253 natura:
694 1202 936 1270 propria,
973 1203 1065 1256 Dei
1111 1205 1530 1273 appellationem
1577 1208 1825 1262 attribuit
1854 1211 2034 1265 divina

445 1290 751 1358 Scriptura.
796 1290 933 1343 Nam
971 1307 1095 1345 cum
1144 1293 1458 1349 Servatoris
1495 1297 1676 1364 passio
1708 1300 1774 1351 de
1818 1299 2035 1355 deitatis

442 1392 635 1435 natura
674 1382 907 1452 intelligi
934 1399 1168 1453 prorsus
1219 1397 1477 1457 nequeat,
1512 1398 1672 1457 atque
1713 1389 1766 1442 in
1808 1406 2036 1460 corpore

443 1474 1119 1542 tantumtnodolpassiones
1142 1477 1633 1547 peractac,‘fuerint;
1658 1481 2032 1549 attamenquia

440 1579 564 1618 cum
601 1580 665 1618 eo
686 1575 773 1619 est
804 1566 1153 1635 inseparabili
1194 1569 1524 1625 adunatione
1552 1571 1751 1636 deitas,
1798 1590 1817 1622 ε
1845 1574 1900 1627 Si
1934 1589 2029 1627 co—

437 1654 812 1724 gnovissent,»
848 1656 1025 1725 inquit
1049 1658 1361 1726 Apostolus,
1402 1677 1710 1731 (nunquam
1741 1662 2027 1717 Dominum

436 1745 622 1814 gloria;
657 1746 1059 1802 cruciﬁxissent
1091 1746 1157 1801 ⁸⁸.
1200 1768 1218 1800 ι
1262 1749 1450 1805 Viden‘
1492 1754 1785 1821 quomodo,
1826 1756 2030 1808 aduna-

2148 583 2300 636 μενοι
2322 569 2421 639 τὴν
2458 572 2736 643 μακαρίαν
2765 573 2981 639 ἐλπίδα,
3015 577 3109 629 καὶ
3140 576 3240 648 τὴν
3272 578 3593 647 ἐπιφάνειαν
3630 581 3731 653 τῆς

2142 659 2302 731 δόξης
2338 661 2432 714 τοῦ
2486 666 2726 733 μεγάλου
2767 665 2902 719 Θεοῦ
2932 667 3024 721 καλ.
3059 667 3313 741 Σωτῆρος
3355 670 3513 739 ήμῶν
3553 668 3727 742 Ἰησοῦ

2142 755 2384 825 Χριστοῦ
2409 773 2422 786 ο
2467 750 2599 831 »ἄρ’
2624 762 2723 814 οὑκ
2758 761 3016 832 ἐρυθριᾷς
3037 761 3264 834 διαιρῶν
3301 762 3394 816 τοῦ
3424 763 3599 833 Λόγου
3637 765 3727 819 τὸν

2153 845 2399 916 Ἰησοῦνξ
2444 851 2517 902 Οὑ
2554 851 2671 923 γὰρ
2701 849 2876 919 εἶπεν,
2917 853 3010 907 τοῦ
3063 855 3301 924 μεγάλου
3356 855 3493 909 Θεοῦ
3532 856 3624 909 τοῦ
3669 858 3727 909 ἐν

2154 935 2327 1009 Ἰησοῦ
2370 942 2614 1015 Χριστῷ,
2661 944 2797 997 ἀλλά
2828 945 2932 997 Τὸν
2970 946 3135 999 αὑτὸν
3186 946 3318 999 Θεὸν
3364 949 3460 1000 καὶ
3517 947 3726 1018 Ἰησοῦν

2138 1029 2405 1101 ἐκήρυξεν
2424 1051 2436 1064 ο
2466 1032 2546 1086 διὸ
2573 1039 2668 1087 καὶ
2705 1036 2831 1105 μίαν
2859 1035 2957 1108 τὴν
2986 1037 3309 1106 ἐπιφάνειαν
3337 1039 3579 1110 εἴρηκεν.

2214 1123 2278 1176 δ’.
2310 1125 2468 1178 Ἔστι
2494 1126 2550 1178 δὲ
2586 1128 2675 1179 ὅτε
2700 1130 2794 1181 καὶ
2818 1128 2887 1181 τὰ
2912 1129 3009 1198 τῆς
3042 1129 3463 1202 ἀνθρωπότητος
3486 1129 3618 1196 ἴδια,
3656 1135 3723 1203 τῇ

2136 1214 2228 1267 τοῦ
2257 1217 2390 1270 Θεοῦ
2433 1220 2777 1292 προσηγορίᾳ
2819 1223 2852 1293 ἡ
2894 1222 3012 1275 θεία
3043 1223 3303 1295 κηρύττει
3351 1225 3580 1297 Γραφὴ·
3627 1225 3723 1279 τοῦ

2137 1305 2246 1375 γὰρ
2274 1308 2543 1379 σωτηρίου
2575 1310 2781 1374 πάθους
2802 1315 2867 1383 τῇ
2891 1314 2988 1382 τῆς
3012 1313 3262 1383 θεότητος
3285 1314 3443 1383 φύσει
3470 1315 3724 1385 οὐδαμῶς

2137 1399 2376 1452 νοεῖσθαι
2425 1401 2747 1471 δυναμένου,
2798 1407 2877 1467 είς
2910 1404 2965 1457 δὲ
3001 1405 3059 1457 τὸ
3095 1405 3255 1475 σῶμα
3287 1407 3565 1470 παντελῶς
3614 1408 3722 1461 τῶν

2135 1489 2477 1560 παθημάτων
2495 1494 2900 1564 γεγενημένων,
2928 1495 3017 1549 διὰ
3040 1496 3101 1549 τὸ
3141 1498 3378 1551 συνεῖναι
3403 1498 3723 1568 ἀχωρίστως

2136 1581 2257 1634 καθ’
2279 1582 2472 1636 ἕνωσιν
2494 1584 2643 1654 αὑτῷ
2671 1587 2769 1656 τὴν
2792 1586 3041 1653 θεότητα,
3076 1608 3097 1639 ν(
3121 1590 3182 1641 Εί
3210 1589 3451 1659 ἔγνωσαν
3469 1610 3516 1654 ,ι
3553 1591 3720 1660 φησὶν

2132 1675 2160 1725 ὁ
2200 1674 2543 1741 Ἀπόστολος,
2583 1696 2599 1726 κ
2622 1678 2721 1730 οὑκ
2760 1677 2826 1731 ἂν
2860 1679 2950 1732 τὸν
2981 1679 3186 1751 Κύριον
3213 1682 3309 1750 τῆς
3336 1680 3495 1750 δόξης
3520 1679 3720 1732 ἐσταύ-

2138 1782 2338 1835 ρωσαν.
2368 1787 2385 1817 ι
2427 1767 2591 1838 Ὁρᾷς
2614 1768 2759 1832 ὅπως
2796 1769 3112 1838 κοινολογεῖ,
3143 1773 3241 1841 τῆς
3268 1768 3513 1833 ἐνώσεως
3536 1770 3716 1839 χάριν,

438 1838 602 1891 tionis
630 1853 815 1907 causa,
846 1854 1191 1896 communem
1218 1841 1350 1897 facit
1382 1848 1448 1899 de
1482 1844 1701 1899 Christo
1727 1846 2008 1900 confessio

2130 1857 2229 1926 τὴν
2284 1859 2364 1921 εἰς
2407 1859 2497 1911 τὸν
2553 1861 2789 1927 Χριστὸν
2850 1862 3141 1932 ὁμολογίαν
3188 1838 3289 1933 τῆς
3353 1838 3719 1931 ἀποστολικῆς

436 1944 560 1983 nem
591 1931 899 1997 apostolicae
943 1933 1205 1989 doctrinae
1232 1935 1451 1990 sermo?
1476 1935 1593 1990 Non
1625 1939 1768 1991 enim
1800 1937 2031 2006 simplex

434 2018 599 2072 homo
622 2020 918 2091 aliquando
944 2021 1047 2077 fuit
1078 2022 1261 2089 Jesus,
1292 2036 1421 2079 ante
1447 2025 1541 2080 Dei
1573 2042 1694 2080 cum
1729 2028 1845 2097 ipso
1876 2043 2031 2082 com-

434 2113 745 2168 munionem
788 2125 841 2168 et
888 2116 1315 2186 adunationem;
1362 2119 1458 2173 sed
1512 2120 1656 2175 idem
1689 2120 1947 2187 Verbum,
1976 2124 2027 2176 in

434 2203 605 2273 ipsam
664 2208 877 2260 beatam
924 2205 1212 2280 Virginem
1270 2212 1532 2276 veniens,
1588 2215 1865 2283 proprium
1924 2213 2027 2268 sibi

435 2298 693 2367 templum
715 2315 793 2354 ex
826 2298 1069 2370 Virginis
1097 2304 1400 2358 substantia
1427 2308 1683 2374 sumpsit,
1718 2306 2026 2377 prodiitque

431 2404 497 2441 ex
517 2404 579 2442 ea
605 2390 764 2443 homo
789 2393 1007 2459 quidem
1032 2403 1299 2461 quatenus
1322 2399 1671 2463 cernebatur,
1697 2398 2026 2457 intrinsecus

431 2490 611 2536 autem
656 2497 820 2537 verus
854 2484 1124 2539 exsistens
1162 2485 1309 2541 Deus
1352 2505 1366 2541 :
1418 2489 1647 2558 ideoque
1691 2492 1854 2545 etiam
1904 2503 2025 2562 post

428 2585 667 2642 partum,
697 2575 961 2647 virginem
990 2581 1336 2633 conservavit
1359 2592 1638 2649 parentem
1670 2597 1847 2651 suam,
1879 2588 2024 2657 quod

427 2668 635 2723 de.alio
669 2671 891 2725 nemine
938 2683 1251 2725 sanctorum
1292 2676 1561 2728 usuvenit.
1595 2675 1727 2729 Nam
1763 2683 1888 2748 quia
1934 2682 2021 2735 isti

426 2770 618 2813 natura
654 2761 899 2816 homines
932 2774 1109 2829 erant,
1158 2764 1447 2818 humanam
1495 2781 1791 2836 paremque
1831 2786 2021 2825 omnes

426 2853 762 2907 nativitatem
816 2855 991 2908 sortiti
1040 2865 1187 2911 sunt.
1250 2856 1344 2911 llle
1393 2868 1597 2921 autem,
1648 2862 1775 2930 quia
1828 2874 2019 2917 natura

424 2944 568 3000 Deus
594 2956 733 3012 erat,
766 2956 1042 3016 assumpta
1069 2948 1233 3001 etiam
1259 2952 1525 3005 extremis
1562 2953 1899 3020 temporibus
1920 2954 2019 3007 bu.

423 3038 707 3102 manitate,
756 3054 949 3093 novam
984 3054 1096 3108 pra:
1127 3040 1351 3109 reliquis
1382 3041 1635 3097 Omnibus
1680 3045 2016 3098 nativitatem

425 3145 542 3199 pra:
575 3145 633 3185 se
689 3131 829 3185 tulit.
880 3132 1018 3201 Ergo
1062 3142 1209 3187 recte
1255 3143 1311 3187 et
1358 3132 1589 3201 Deipara
1638 3146 1693 3188 et
1738 3138 2016 3205 virginalis

422 3232 618 3287 mater,
645 3226 797 3276 beata
828 3224 943 3277 hzec
969 3223 1094 3293 jure
1118 3225 1324 3293 optimo
1352 3226 1578 3279 dicenda
1602 3238 1702 3280 est.
1730 3226 1844 3281 Non
1867 3234 2011 3283 enim

423 3315 587 3369 homo
616 3316 845 3385 simplex
878 3324 1017 3383 erat,
1053 3332 1215 3386 quem
1241 3317 1354 3387 ipsa
1381 3320 1622 3389 perpcrit
1653 3318 1831 3375 Jesus.

491 3498 547 3553 5.
588 3497 687 3563 Qui
719 3498 861 3550 enim
889 3496 939 3549 id
972 3496 1165 3551 ﬁeret?
1199 3496 1467 3565 siquidem
1498 3498 1564 3551 ad
1599 3497 1760 3568 hujus
1788 3515 2007 3569 operam

420 3603 485 3643 ac
511 3598 832 3657 potestatem
867 3587 958 3640 illa
994 3587 1157 3641 etiam
1201 3603 1321 3656 qua:
1360 3597 1486 3641 ante
1530 3590 1820 3645 adventum
1863 3591 2006 3646 facta

417 3677 662 3741 fuerunt,
692 3678 875 3731 divina
911 3676 1193 3747 Scriptura
1232 3676 1424 3733 reiert.
1459 3678 1596 3733 Ecce
1631 3682 1776 3735 enim
1816 3683 2006 3738 beatus

418 3771 715 3841 discipulus
749 3769 915 3825 Judas
954 3786 1149 3841 magna
1183 3785 1314 3825 voce
1352 3772 1507 3826 nobis
1538 3773 1677 3829 hanc
1718 3773 1881 3829 ﬁdem
1918 3777 2002 3830 iu-

416 3866 635 3921 clamat.
679 3863 814 3917 Nam
850 3878 1052 3930 rerum,
1084 3880 1204 3933 quae
1245 3865 1430 3920 multis
1458 3867 1706 3924 aetatibus
1744 3881 1871 3925 ante
1904 3888 2002 3925 na-

417 3959 681 4013 tivitatem
705 3972 771 4010 ex
798 3955 1019 4025 Virgine
1048 3971 1185 4013 acta:
1213 3969 1360 4025 sunt,
1389 3958 1598 4016 faciens
1645 3965 1998 4030 mentionem,

413 4053 494 4107 sic
520 4051 598 4104 ait
622 4068 635 4104 :
661 4067 680 4101 ι
704 4048 1062 4105 Commonere
1093 4061 1271 4105 autem
1305 4067 1398 4105 vos
1425 4053 1566 4119 volo,
1601 4056 1838 4111 scientes
1868 4058 1999 4113 alio—

416 4145 505 4214 qui
527 4143 729 4211 omnia,
762 4144 1021 4212 quoniam
1048 4142 1207 4198 Jesus
1239 4145 1492 4214 populum
1517 4149 1581 4201 de
1607 4160 1749 4203 terra
1774 4149 1995 4221 [Egypti

411 4238 650 4303 salvans,
674 4239 912 4293 secundo
946 4252 1040 4292 eos
1075 4239 1165 4306 qui
1199 4254 1303 4292 non
1336 4240 1684 4296 crediderunt
1723 4247 1993 4313 perdidit;

411 4329 634 4400 angelos
669 4344 799 4383 vero
840 4329 930 4398 qui
968 4344 1075 4382 non
1110 4342 1461 4385 servaverunt
1515 4347 1671 4387 suum
1716 4337 1993 4407 principa-

411 4436 542 4488 tum,
595 4423 691 4483 sed
745 4423 1023 4492 proprium
1076 4422 1406 4477 domicilium
1453 4424 1884 4496 dereliquerunt,
1939 4433 1991 4485 in

2132 1948 2478 2015 διδασκαλίας
2508 1954 2536 2004 ό
2581 1952 2773 2021 λόγος;
2822 1952 2900 2007 Οὑ
2947 1954 3055 2025 γὰρ
3098 1953 3382 2025 ἄνθρωπος
3428 1953 3526 2023 μὲν
3563 1950 3717 2020 ψιλὸς

2146 2042 2353 2112 Ἰησοῦς
2382 2045 2623 2116 ὑπῆρξέν
2654 2062 2783 2099 ποτε
2816 2047 2921 2111 πρὸ
2950 2047 3051 2117 τῆς
3077 2046 3170 2100 τοῦ
3208 2045 3344 2100 Θεοῦ
3376 2046 3516 2115 πρὸς
3553 2046 3719 2100 αὐτὸν

2130 2135 2418 2199 κοινωνίας
2467 2154 2525 2189 τε
2575 2140 2669 2191 καὶ
2723 2139 2990 2205 ἐνὼσεως,
3028 2139 3141 2192 ἀλλ’
3175 2139 3336 2202 αὑτὸς
3384 2140 3411 2191 ὁ
3450 2138 3624 2206 Λόγος
3656 2141 3717 2193 ἐν

2130 2226 2266 2297 αὐτῇ
2295 2230 2359 2298 τῇ
2395 2229 2643 2299 μακαρίᾳ
2672 2230 2936 2302 Παρθένῳ
2964 2230 3276 2300 γενόμενος,
3309 2231 3401 2283 τὸν
3430 2229 3559 2283 ἴδιον
3585 2228 3713 2282 ναὸν

2128 2318 2306 2389 ἑαυτῷ
2369 2322 2433 2371 ἐκ
2487 2322 2586 2390 τῆς
2641 2321 2829 2385 οὐσίας
2880 2323 2978 2393 τῆς
3017 2322 3291 2393 Παρθένου
3346 2322 3559 2388 ἔλαϐεν,
3619 2322 3713 2375 καὶ

2128 2411 2396 2483 προῆλθεν
2441 2412 2500 2476 ἐξ
2530 2412 2699 2485 αὑτῆς
2726 2415 3012 2485 ἅνθρωπος
3038 2416 3138 2487 μὲν
3170 2416 3368 2482 ἔξωθεν
3403 2413 3714 2485 θεωρούμε-

2127 2521 2238 2567 νος,
2282 2504 2492 2558 ἐνδοθεν
2538 2506 2596 2558 δέ
2647 2507 2783 2571 Θεὸς
2834 2508 3097 2581 ὑπάρχων
3148 2509 3436 2581 ἁληθινός”
3494 2511 3576 2563 διὸ
3618 2510 3712 2563 καὶ

2129 2595 2266 2665 μετὰ
2290 2596 2349 2648 τὸ
2370 2597 2648 2666 τεχθῆναι,
2678 2600 2948 2668 παρθένον
2963 2602 3062 2674 τὴν
3091 2602 3355 2656 τεκοῦσαν
3385 2604 3711 2676 τετήρηκεν,

2124 2688 2259 2761 ὅπερ
2323 2690 2411 2740 ἐπ’
2471 2690 2688 2754 οὑδενὸς
2748 2692 2856 2745 τῶν
2914 2693 3091 2747 ἄλλων
3152 2695 3326 2763 ἁγίων
3393 2697 3707 2768 γεγένηται.

2136 2781 2354 2853 Ἐπειδὴ
2387 2783 2497 2853 γὰρ
2537 2786 2737 2837 ἐκεῖνοι
2786 2786 2885 2856 τὴν
2922 2786 3084 2855 φύσιν
3132 2788 3379 2860 ὑπῆρχον
3408 2790 3707 2860 ἄνθρωποι,

2122 2873 2471 2944 ἀνθρωπίνην
2525 2876 2620 2928 καὶ
2657 2878 2777 2947 ἴσην
2818 2878 2919 2949 τὴν
2955 2879 3169 2947 γένεσιν
3205 2880 3397 2950 ἔλαχον
3445 2880 3704 2943 ἅπαντες.

2120 2959 2275 3029 οὗτος
2302 2966 2359 3020 δὲ
2380 2968 2568 3039 ἐπειδὴ
2591 2970 2730 3021 κατὰ
2759 2970 2921 3037 φύσιν
2939 2972 3181 3041 ὑπῆρχεν
3207 2972 3359 3037 Θεὸς,
3385 2974 3707 3045 προσλαϐὼν

2120 3060 2177 3110 ἐν
2224 3060 2399 3130 χρόνῳ
2439 3062 2653 3132 ἐσχάτῳ
2695 3063 2789 3115 καὶ
2829 3064 2890 3115 τὸ
2932 3064 3293 3136 ἀνθρώπινον,
3345 3066 3503 3138 ξένην
3554 3070 3706 3137 παρὰ

2120 3150 2331 3213 πάντας
2383 3150 2481 3221 τὴν
2535 3155 2596 3204 ἐκ
2640 3155 2736 3223 τῆς
2766 3154 3043 3223 Παρθένου
3094 3155 3311 3224 γένεσιν
3361 3157 3703 3223 ἐπεδείξατο·

2117 3240 2313 3293 οὐκοῦν
2351 3243 2577 3306 εἰκότως
2625 3245 2718 3296 καὶ
2744 3244 3005 3309 Θεοτόκος
3050 3248 3143 3299 καὶ
3187 3240 3628 3321 παρθενομήτωρ
3668 3254 3701 3323 ἡ

2118 3333 2367 3402 μακαρία
2396 3333 2620 3398 δικαίως
2650 3334 2715 3387 ἂν
2740 3336 2977 3405 λέγοιτο·
3003 3339 3063 3390 οὑ
3088 3339 3197 3411 γὰρ
3224 3339 3512 3411 ἄνθρωπος
3548 3344 3702 3413 ψιλὸς

2111 3419 2178 3493 ἦν
2211 3427 2239 3477 ὁ
2266 3425 2479 3494 τεχθεὶς
2509 3427 2568 3493 ἐξ
2603 3428 2776 3497 αὐτῆς
2828 3430 3057 3501 Ἰησοῦς.

2182 3517 2241 3569 ε’.
2288 3518 2413 3581 Πῶς
2439 3520 2577 3591 γάρ;
2606 3523 2741 3575 ὅπου
2768 3524 2863 3576 καὶ
2893 3526 2999 3596 πρὸ
3028 3527 3127 3598 τῆς
3160 3529 3453 3601 ἐπιδημίας
3471 3549 3699 3604 γεγενη-

2112 3610 2270 3680 μένα,
2297 3615 2361 3683 τῇ
2388 3613 2575 3666 τούτου
2612 3618 2864 3688 ἐνεργείᾳ
2893 3620 2986 3672 καὶ
3016 3620 3237 3693 ἐξουσίᾳ
3271 3626 3303 3693 ἡ
3332 3624 3450 3678 θεία
3486 3643 3694 3698 προσα-

2107 3702 2333 3772 ναφέρει
2360 3705 2551 3777 Γραφή
2575 3723 2587 3737 ’
2621 3709 2714 3760 καὶ
2738 3710 2868 3777 γοῦν
2913 3712 3114 3776 Ἰούδας
3146 3718 3173 3767 ὁ
3212 3717 3483 3788 μακάριος
3513 3719 3693 3791 μαθη-

2105 3794 2203 3863 τὴς
2257 3796 2656 3866 μεγαλοφώνως
2693 3803 2825 3872 μίν
2862 3804 2958 3873 τὴν
2996 3808 3250 3879 τοιαύτην
3311 3813 3692 3882 παραδέδωκεν

2105 3887 2285 3939 πίστιν
2309 3904 2322 3917 ο
2359 3888 2466 3942 τῶν
2499 3890 2608 3962 γὰρ
2640 3894 2745 3963 πρὸ
2774 3896 2981 3979 πολλῶν
3005 3901 3205 3967 γενεῶν
3237 3904 3336 3974 τῆς
3382 3907 3446 3959 ἐκ
3473 3908 3688 3979 Παρθέ-

2105 3996 2195 4031 νου
2228 3981 2454 4051 προόδου
2485 3989 2854 4057 μεμνημένος,
2884 3976 3027 4046 οῦτω
3058 3996 3255 4066 φησίν·
3292 4019 3309 4048 ι
3345 3976 3686 4073 ’Υπομνῆσαι

2102 4070 2159 4123 δὲ
2194 4073 2336 4143 ὑμᾶς
2372 4073 2655 4147 βούλομαι,
2693 4080 2902 4145 εἰδότας
2951 4084 3186 4153 ἅπαντα,
3232 4091 3312 4143 ὅτι
3357 4070 3681 4166 Ἰησοῦς-(1)

2100 4161 2224 4216 λαὸν
2260 4165 2324 4217 ἐκ
2349 4165 2454 4235 γῆς
2487 4169 2765 4237 Αἰγύπτου
2796 4173 2994 4242 σώσας,
3034 4180 3096 4231 τὸ
3139 4180 3391 4253 δεύτερον
3417 4161 3563 4251 ⁷τοὺς

2099 4258 2499 4323 πιστεύσαντας
2531 4262 2845 4317 ἀπώλεσεν·
2881 4269 3144 4337 ἀγγέλους
3179 4292 3238 4326 τε
3260 4279 3385 4340 τοὺς
3413 4278 3487 4350 μὴ
3513 4258 3684 4352 τηρή-

2100 4365 2301 4413 σαντας
2342 4353 2441 4422 τὴν
2473 4354 2683 4407 ἑαυτῶν
2715 4358 2913 4429 ἀρχὴν,
2957 4361 3093 4416 ἀλλὰ
3130 4366 3577 4440 ἀπολιεξιπόντας
3620 4375 3683 4428 τὸ

2099 4441 2229 4496 ίδιον
2264 4445 2606 4517 οἰκητήριον,
2636 4453 2715 4513 εἰς
2741 4454 2923 4523 κρίσιν
2950 4458 3192 4530 μεγάλης
3229 4462 3439 4534 ἡμέρας
3463 4465 3681 4537 δεσμοῖς

401 4512 669 4581 judicium
705 4514 885 4583 magni
928 4514 1058 4579 diei,
1098 4513 1329 4569 vinculis
1375 4518 1594 4573 retentis
1621 4519 1721 4573 sub
1760 4521 1991 4591 caligine

406 4608 697 4629 _---_..--.:.
727 4609 773 4629 ιο
823 4625 835 4629 -
881 4606 1029 4629 n---..l
1064 4608 1105 4629 -2
1159 4608 1455 4629 -:__.__I!--___
1510 4610 1652 4629 l.__-_-
1678 4628 1681 4629 ,
1707 4628 1751 4629 κν
1830 4615 1843 4629 ι
1940 4626 1949 4629 -

2376 4512 2386 4516 -
2446 4512 2477 4517 --
2698 4512 2705 4513 κ
2779 4512 2789 4523 .
2950 4512 2962 4525 .
3032 4512 3043 4525 .
3149 4512 3190 4530 .-
3249 4512 3287 4531 ..κ
3316 4512 3438 4534 γη
3468 4512 3678 4537 ν--ι---ν

2115 4534 2289 4598 ὶῖδίοις
2315 4538 2419 4591 ὑπὸ
2444 4538 2606 4609 ζόφον
2631 4545 2757 4614 τετή
2770 4563 2953 4615 ρηκεν.
2980 4567 2997 4599 ι
3035 4549 3096 4602 Εἰ
3137 4552 3194 4604 δέ
3222 4553 3505 4625 ἄνθρωπον
3527 4560 3681 4629 ψιλὸν

406 4608 795 4663 reservavit".
822 4625 840 4659 ι
880 4606 1030 4674 Quod
1062 4608 1106 4661 si
1157 4608 1459 4676 simplicem
1510 4610 1781 4666 hominem
1829 4615 1987 4673 beata

408 4698 571 4769 Virgo
603 4698 1126 4769 peperissetJesum,
1156 4698 1299 4753 hunc
1328 4710 1508 4755 autem
1538 4702 1671 4757 dicit
1693 4704 1986 4775 discipulus

402 4794 469 4844 de
500 4790 878 4860 [Egyptiorum
920 4805 1079 4844 manu
1128 4786 1384 4843 lsraelem
1433 4790 1765 4857 liberavisse,
1810 4811 1983 4865 p0pu-

402 4888 620 4954 lumque
648 4898 747 4954 per
773 4886 1048 4939 desertum
1081 4885 1408 4953 ductavisse,
1450 4889 1578 4957 quin
1613 4898 1667 4944 et
1703 4901 1983 4960 portento-

468 5060 511 5091 ιτ
546 5060 651 5116 Tit.
682 5075 742 5127 ι’,
780 5064 858 5117 15.
934 5062 980 5093 ιθ
1011 5060 1177 5116 lCor.
1226 5080 1283 5126 ιι,
1319 5065 1372 5115 s.
1451 5064 1494 5094 ιε
1536 5038 1743 5121 ιιιιιςϋ.

467 5237 543 5313 (_l)
582 5237 986 5313 Animadverte
1012 5242 1247 5313 primum
1296 5241 1449 5295 citari
1476 5260 1529 5313 _a
1569 5243 1769 5313 Cyrillo
1818 5245 1970 5302 Iuda:

394 5307 717 5381 Epistulam,
771 5309 1095 5381 quodprifacit
1145 5312 1311 5365 etiam
1361 5315 1415 5366 in
1464 5307 1872 5381 Prosphonetico
1901 5320 1970 5371 ad

399 5376 861 5452 Theodosiumgp.
910 5380 997 5434 77.
1048 5381 1252 5436 Deinde
1308 5398 1405 5452 pro
1456 5376 1724 5438 communi
1783 5386 1970 5442 Graeca

395 5448 628 5526 lectione
662 5448 883 5526 Κύριος,
923 5452 1149 5507 observa
1197 5448 1518 5526 vocabulum
1561 5454 1786 5526 Ἰησοῦς,
1822 5461 1964 5526 quod

396 5520 562 5597 habet
575 5533 773 5597 reapse
793 5522 1038 5597 vulgatus
1069 5534 1273 5597 noster_
1285 5524 1529 5597 Latinus,
1564 5520 1892 5597 su’ﬂ'ragante
1915 5532 1962 5582 ei

394 5604 516 5663 cum
547 5588 746 5660 Cyrillo
793 5588 973 5663 etiam,
1002 5595 1191 5649 codice
1235 5592 1329 5647 Gr.
1365 5596 1605 5663 principe
1649 5612 1712 5652 ac
1734 5588 1963 5653 Vcelebri

398 5658 750 5735 Vaticanolet
778 5662 1049 5735 nonnullis
1072 5664 1191 5719 aliis
1212 5663 1305 5718 Gr.
1340 5658 1480 5735 apud
1510 5658 1575 5718 cl.
1607 5664 1963 5733 Scholtzium,

391 5728 563 5809 Porro
594 5730 637 5809 si
660 5728 806 5809 Jesu
830 5747 926 5800 pro
952 5732 1141 5809 J_osue,_
1164 5747 1222 5787 ut
1263 5728 1499 5809 nonnulli
1524 5738 1844 5809 egistimant
1871 5728 1964 5809 po;

389 5801 560 5867 uitur,
599 5802 645 5858 is
680 5803 897 5869 quidem
949 5805 1076 5869 dux,
1115 5807 1281 5875 ligura
1326 5807 1534 5863 Domini
1567 5806 1692 5863 Jesu
1736 5801 1963 5867 credi-u-

2094 4624 2280 4681 ἔτεκεν
2316 4632 2348 4699 ὴ
2384 4635 2629 4705 μακαρία
2671 4638 2945 4709 Παρθένος
2990 4643 3082 4696 τὸν
3132 4624 3361 4717 Ἰησοῦν,
3403 4624 3593 4707 τοῦτον
3621 4656 3679 4710 δέ

2094 4735 2259 4815 ignei-xi
2290 4723 2317 4773 ό
2339 4723 2614 4815 μαθητὴς,
2639 4727 2738 4798 τῆς
2760 4731 3074 4798 Αἰγυπτίων
3114 4736 3295 4807 χειρὸς
3325 4740 3417 4793 τὸν
3463 4743 3679 4815 Ἰσραὴλ

2092 4810 2556 4883 ἐλευθερώσαντα,
2606 4819 2700 4871 καὶ
2738 4820 3042 4891 ἡγούμενον
3079 4827 3174 4880 τοῦ
3228 4830 3357 4885 λαοῦ
3402 4836 3544 4889 κατά
3579 4835 3678 4908 τὴν

2091 4897 2315 4970 ἔρημον,
2335 4902 2392 4966 ὃς
2412 4906 2633 4961 καὶτῶν
2653 4911 3035 4985 τεραστ[ε]ίων
3055 4916 3298 4974 ἐπετέλει
3314 4922 3380 4976 τὰ
3399 4924 3673 4995 θαύματα,

2331 5254 2908 5351 ’ρυὲηηιιρρηιΑι-ρερεε
2946 5267 3183 5351 Moyses,
3214 5290 3317 5331 non
3340 5278 3537 5351 iJosue,
3570 5298 3638 5351 po

2081 5324 2359 5413 putamen
2404 5324 2908 5413 zEgy‘ptoieri‘pu'it;
2951 5324 3662 5413 puriiétjhé'ﬁtihiig'i'oﬁie

2083 5392 2309 5491 rebelles
2333 5392 2566 5491 angelos;
2590 5392 2907 5491 adni-nl‘eros'
2934 5392 3660 5491 detrusi}.w

2077 5469 2491 5554 titulique-etiam
2513 5468 2781 5554 'Cyrillus,
2811 5488 2957 5554 re_cto
2989 5496 3049 5536 ac
3082 5468 3658 5554 pri...iui'd'§é.£§’ti'ﬁil

2077 5532 2465 5632 t‘ellig'u‘ntnhlic
2513 5532 2815 5632 Ddtnitttl‘tit.
2851 5532 3058 5632 Iesum,

2074 5605 2714 5699 gebrteoudux
2744 5616 2864 5671 fuit.
2912 5620 3026 5677 Nisi
3045 5605 3656 5699 ’ρόᾗιιεξηᾷἶίόάυιίᾶἶξίῖί

2505 5690 2647 5774 3st,.
2668 5674 3658 5774 personamaeterniWeaivangauls

2074 5747 2178 5797 dux
2225 5747 2671 5814 repraesentabat;
