4104 6336
370 352 470 417 ἳϐί

1471 342 1661 414 QUOD
1698 347 1758 400 Β.
1790 338 2019 399 ΜΑΒΙΛ
2061 335 2169 398 εῖτ
2212 336 2530 396 υΕΙΡΛΓίᾹ.

3523 337 3629 392 562

372 478 480 550 πρὸ
505 474 774 529 τοσούτων
805 470 1009 541 γενεῶν
1052 472 1151 540 τῆς
1180 466 1259 523 ¹ἐκ
1293 468 1571 538 Παρθένου
1601 470 1937 537 γεννήσεως·

2053 481 2171 519 rum
2207 465 2466 520 miracula
2502 472 2578 518 tot
2604 470 2726 516 ante
2754 462 3087 517 nativitatem
3111 477 3176 516 ex
3204 460 3423 532 Virgine
3451 467 3628 519 aetati-

369 566 475 623 ποῦ
501 567 687 621 τοῦτον
708 566 815 636 ἄρα
844 565 965 617 κατ’
1000 562 1244 624 ἐκείνους
1268 560 1395 624 τοὺς
1427 560 1650 632 χρόνους
1686 558 1954 629 ὑπάρχειν

369 660 631 714 δώσουσιν
653 675 667 723 ;
694 657 823 709 πότε
839 656 895 709 δὲ
911 655 1009 725 τῆς
1026 654 1294 722 γενέσεως
1324 652 1423 724 τὴν
1452 651 1625 724 ἀρχὴν
1649 650 1949 720 ἐσχηκότα;

374 748 570 803 Οὐκέτι
598 747 707 817 γὰρ
740 748 925 809 αὐτοῖς
954 745 1111 815 λόγος
1148 745 1497 815 συγχωρήσει
1529 742 1726 811 λέγειν,
1761 743 1826 793 ἐκ
1853 741 1953 809 τῆς

374 840 707 913 παρθενικῆς
749 839 979 909 προόδου
1024 838 1122 909 τὴν
1154 838 1328 909 ἀρχὴν
1358 834 1451 890 τοῦ
1486 829 1625 889 εἶναι
1669 832 1949 903 εἰληφότα.

370 928 786 985 Διδασκέτωσαν
809 930 992 983 τοίνυν
1008 931 1070 982 ὀἱ
1094 928 1203 982 τῶν
1229 928 1415 981 κακῶν
1444 926 1734 997 ἐφευρεταὶ
1756 925 1955 995 δογμά-

372 1040 500 1087 των,
536 1024 668 1075 πότε
690 1022 791 1091 τῆς
820 1020 1091 1089 γενέσεως
1117 1020 1213 1091 τὴν
1239 1021 1414 1091 ἀρχὴν
1436 1036 1589 1081 ουτος
1611 1021 1639 1071 6
1668 1018 1762 1072 ἄνθ
1771 1034 1953 1088 ρωπος

370 1109 639 1186 ἐσχηκεν,
677 1113 779 1167 ποῦ
811 1113 868 1166 δὲ
898 1113 992 1167 καὶ
1024 1113 1083 1163 ἐν
1108 1114 1250 1164 τίσιν
1277 1112 1385 1181 ἄρα
1424 1111 1649 1163 διετέλει
1678 1109 1953 1171 τοσούτοις

374 1203 572 1257 ἐτεσιν.
610 1202 749 1255 Ἀλλ’
782 1204 882 1255 ούκ
917 1202 997 1255 ἔτι
1030 1201 1219 1255 τοῦτον
1256 1202 1541 1273 ἄνθρωπον
1570 1199 1708 1252 εἶναι
1750 1199 1857 1252 τῶν
1892 1194 1949 1251 εῦ

374 1295 715 1368 φρονούντων
749 1313 834 1358 τις
867 1296 1005 1367 ἐρεῖ,
1057 1294 1116 1358 ὃς
1165 1295 1259 1348 καὶ
1291 1296 1401 1357 τοῖς
1434 1292 1576 1346 κατὰ
1622 1292 1683 1345 τὸ
1722 1292 1950 1346 παλαιὸν

373 1389 776 1459 ἁμαρτήσασιν,
800 1386 975 1439 καὶτὸ
996 1385 1126 1438 ἴδιον
1148 1382 1589 1456 ἁπολ[ε]ιποῦσιν
1609 1384 1948 1453 οἰκητήριον,

368 1478 438 1532 ’ἐκ
471 1479 592 1531 τότε
633 1478 734 1541 τὰς
783 1478 1052 1549 τιμωρίας
1105 1476 1324 1548 ὥρισεν,
1378 1478 1471 1528 καὶ
1510 1478 1608 1546 τῆς
1637 1475 1949 1542 Αἰγυπτίων

372 1572 552 1642 χειρὸς
602 1570 816 1641 Ἰσραὴλ
849 1570 1075 1637 ἐνδόξως
1102 1570 1353 1641 ἐρύσατο.
1390 1571 1451 1622 Εἰ
1477 1570 1657 1622 τοίνυν
1684 1568 1825 1622 κατὰ
1848 1567 1947 1637 τὴν

372 1662 548 1715 αὐτῶν
579 1662 809 1727 ἔκδοσιν,
841 1662 963 1714 οὒτε
992 1664 1019 1714 6
1054 1662 1185 1725 Θεὸς
1212 1663 1385 1729 Λόγος
1418 1661 1758 1714 ὑπονοεῖσθαι
1788 1659 1947 1713 δύνα-

370 1771 481 1817 ται,
510 1753 597 1806 διὰ
627 1753 686 1805 τὸ
708 1753 797 1807 τὸν
825 1754 888 1805 ἐκ
919 1753 1018 1822 τῆς
1050 1752 1335 1823 Παρθένου
1373 1751 1633 1822 τεχθέντα
1680 1747 1818 1805 εἶναι
1856 1751 1948 1803 τὸν

2057 559 2160 613 bus
2185 558 2505 627 patravisse,
2538 556 2915 611 ubinamhune
2958 558 3286 625 temporibus
3333 558 3437 612 illis
3463 562 3632 615 exsti-

2057 649 2189 704 tisse
2231 650 2575 704 concedent?
2625 652 2894 703 undenam
2950 662 3128 705 autem
3173 654 3470 708 nativitatis
3522 671 3632 711 sua:

2059 741 2327 809 originem
2353 741 2622 795 traxisse?
2647 740 2831 810 Neque
2857 741 3001 796 enim
3035 744 3163 811 ipsis
3192 745 3332 800 ratio
3359 750 3634 814 permittet

2054 831 2236 887 dicere
2264 834 2411 885 illum
2434 848 2497 886 ex
2529 831 2751 901 Virgine
2775 834 2987 889 initium
3006 837 3296 891 exsistendi
3318 842 3629 909 sumpsisse.

2056 923 2446 978 Demonstrent
2500 923 2695 995 Iud
2745 925 2927 994 itaque
2978 941 3268 995 pravorum
3323 932 3631 1001 dogmatum

2054 1014 2390 1078 inventores,
2417 1016 2558 1070 unde
2591 1027 2744 1072 ortus
2774 1019 2856 1072 sui
2882 1020 3203 1090 principium
3234 1023 3323 1077 hic
3348 1025 3507 1078 homo
3533 1027 3631 1080 ha-

2053 1107 2271 1169 buerit;
2311 1107 2527 1160 ubinam
2575 1108 2837 1176 quibusve
2878 1109 2935 1163 in
2980 1109 3219 1165 locistot
3257 1117 3413 1168 annis
3457 1117 3544 1171 hic
3574 1131 3633 1170 se

2054 1198 2406 1252 continuerit.
2454 1197 2559 1251 Sed
2600 1199 2710 1267 jam
2760 1214 2917 1255 nemo
2963 1218 3127 1258 sanus
3162 1204 3304 1259 hunc
3351 1208 3494 1262 dicet
3536 1210 3634 1264 ho-

2055 1290 2275 1356 minem,
2308 1290 2481 1358 quiet
2520 1290 2647 1343 olim
2694 1294 3043 1360 peccantibus
3087 1311 3352 1365 suumque
3406 1301 3633 1356 domici~

2053 1380 2181 1435 lium
2209 1382 2581 1437 deserentibus
2611 1397 2798 1449 ptenas
2818 1382 3142 1449 decreverit,
3173 1398 3224 1439 et
3253 1402 3316 1441 ex
3355 1389 3634 1461 Aﬂgyptio-

2055 1490 2173 1529 rum
2201 1490 2359 1528 manu
2389 1474 2643 1530 Israelem
2674 1477 2957 1546 Splendide
2984 1480 3269 1547 eripuerit.
3305 1482 3359 1536 Si
3388 1500 3517 1553 ergo
3545 1502 3634 1541 se-

2052 1567 2285 1621 cundum
2312 1568 2549 1635 ipsorum
2571 1570 2999 1631 concessionem,
3032 1587 3204 1640 neque
3233 1572 3374 1629 Dens
3392 1574 3630 1633 Verbum

2052 1659 2199 1715 credi
2225 1668 2401 1729 potest
2429 1658 2604 1725 Jesus,
2634 1672 2853 1729 propter
2876 1664 2993 1730 ejus
3019 1678 3084 1718 ex
3115 1664 3339 1735 Virgine
3373 1671 3633 1726 nativita-

2053 1761 2197 1817 tem;
2237 1767 2411 1821 neque
2444 1768 2634 1807 rursus
2682 1754 2844 1807 homo
2877 1769 2997 1809 esse
3027 1768 3201 1825 potest
3238 1761 3329 1828 qui
3367 1763 3631 1831 ejusmodi

383 1844 611 1915 Ἰησοῦν,
645 1843 770 1897 οὔτε
794 1843 1081 1916 ἄνθρωπος
1121 1844 1284 1897 πάλιν
1326 1846 1355 1896 6
1400 1843 1575 1896 ταῦτα
1607 1842 1937 1913 θαυματουρ-

2052 1844 2298 1914 prodigia
2333 1845 2567 1899 ediderit
2599 1845 2837 1914 (etenim
2872 1848 2939 1901 ab
2974 1848 3209 1904 hominis
3245 1863 3437 1907 natura
3470 1866 3523 1909 et
3558 1856 3635 1909 [ιιι

370 1936 544 2005 γήσας
598 1935 769 2005 (ξένα
818 1934 927 2005 γὰρ
976 1938 1075 2006 τῆς
1130 1935 1419 2006 ἀνθρώπου
1473 1935 1687 2005 φύσεώς
1736 1953 1797 1989 τε
1852 1938 1945 1988 καὶ

368 2027 648 2098 δυνάμεως
678 2030 745 2082 τὰ
776 2031 1147 2102 προειρημένα
1180 2028 1556 2097 καθέστηκεν),
1597 2028 1717 2081 τίνα
1762 2028 1945 2081 λοιπὸν

369 2120 655 2187 ἐπινοῆσαι
678 2120 864 2173 οὐσίαν
896 2120 1071 2190 τούτῳ
1098 2120 1191 2173 καὶ
1220 2120 1372 2185 τάξιν
1405 2121 1725 2191 δυνήσονται
1752 2138 1767 2187 ;

441 2213 514 2276 ς’.
560 2213 702 2265 Ἀλλ’
727 2215 888 2283 ἡμεῖς
911 2212 981 2265 τὰ
999 2212 1203 2265 τούτων
1232 2214 1451 2283 ῥήματα
1470 2212 1741 2282 τοσαύτης
1762 2212 1945 2275 ἀνοίας

370 2303 465 2355 xui.
516 2302 940 2375 παραφροσύνης
976 2303 1209 2373 ὁρῶντες
1260 2302 1455 2375 μεστὰ,
1502 2304 1599 2357 καὶ
1640 2299 1838 2375 οἷάπερ
1886 2307 1943 2356 ἐν

372 2394 559 2458 ὕπνοις
585 2396 680 2448 καὶ
714 2394 853 2467 μέθῃ
881 2396 1016 2465 πρὸς
1050 2395 1229 2448 αὐτῶν
1261 2395 1550 2467 λεγόμενα,
1598 2397 1809 2461 τούτοις
1843 2397 1943 2468 μὲν

372 2486 514 2539 κατὰ
545 2486 640 2556 τὴν
670 2486 763 2539 τοῦ
800 2487 1056 2560 Σωτῆρος
1090 2487 1323 2558 ἐροῦμεν
1360 2489 1579 2560 φωνήν’
1616 2508 1633 2540 t
1658 2490 1942 2543 Πλανᾶσθε

372 2577 450 2648 μὴ
477 2578 674 2641 εἰδότες
700 2578 799 2641 τὰς
821 2580 1062 2651 Γραφὰς,
1087 2578 1220 2650 μηδὲ
1243 2579 1339 2650 τὴν
1361 2580 1589 2651 δύναμιν
1616 2582 1711 2634 τοῦ
1738 2581 1871 2635 Θεοῦ
1890 2599 1936 2634 ἰ

366 2669 448 2722 διὸ
474 2670 536 2740 δὴ
568 2671 838 2741 ἐκνήψατε
868 2671 1111 2738 δικαίως,
1141 2672 1234 2724 καὶ
1264 2672 1337 2741 μὴ
1372 2674 1738 2743 ἁμαρτάνετε,
1769 2676 1944 2742 ἀγνω-

368 2761 486 2815 σίαν
512 2760 647 2814 Θεοῦ
680 2764 759 2825 είς
782 2761 1036 2815 τοσοῦτον
1067 2762 1425 2833 νοσήσαντες·
1461 2762 1634 2833 ὀρθῶς
1668 2764 1724 2816 δὲ
1756 2765 1937 2829 πάλιν,

365 2854 461 2908 καὶ
518 2853 592 2917 ὡς
645 2854 1069 2926 προαποδέδοται
1109 2854 1211 2923 τῆς
1263 2853 1509 2919 ἐνώσεως
1546 2856 1793 2920 νοοῦντες
1840 2857 1938 2927 τὴν

363 2944 538 3011 δόξαν,
571 2944 703 2997 Θεόν
754 2962 814 2997 τε
870 2945 956 2997 ἀεὶ
984 2943 1113 2996 ὄντα
1167 2943 1384 3012 τοῦτον,
1426 2946 1714 3015 γενόμενον
1743 2947 1799 3000 δὲ
1850 2950 1937 3000 ἐπ’

364 3036 607 3106 ἐσχάτων
639 3035 737 3088 καὶ
780 3034 1065 3107 ἄνθρωπον
1107 3036 1496 3105 ἐπιστάμενοι,
1531 3038 1804 3107 ἀτρέπτου
1844 3041 1937 3092 καὶ

363 3127 722 3183 ἀναλλοιώτου
758 3126 1124 3197 φυλαχθείσης
1153 3127 1319 3180 αὐτοῦ
1344 3127 1443 3197 τῆς
1467 3128 1747 3199 θεότητος,
1771 3131 1933 3184 αὑτὸν

2049 1934 2253 1990 cultate
2280 1951 2399 2005 qua:
2431 1952 2590 2005 supra
2620 1938 2856 1991 diximus
2883 1939 3225 2010 abhorrent),
3244 1945 3454 2013 qualem
3484 1949 3636 2002 deni-

2047 2043 2152 2098 que
2183 2039 2438 2098 pnterunt
2470 2030 2628 2098 hujus
2657 2044 2777 2086 esse
2801 2030 3161 2088 substantiam
3193 2046 3249 2090 et
3269 2040 3632 2096 conditionem

2044 2123 2403 2177 existimare?

2117 2214 2171 2267 6.
2215 2212 2319 2269 Sed
2344 2215 2487 2269 enim
2523 2231 2620 2270 nos
2648 2216 2840 2270 horum
2874 2217 3035 2272 verba
3064 2220 3199 2275 adeo
3223 2222 3505 2279 dementia:
3537 2229 3632 2281 de-

2043 2305 2263 2376 liriique
2310 2309 2465 2376 plena
2514 2320 2823 2375 cernentes,
2862 2326 2924 2364 ac
2967 2312 3133 2367 veluti
3167 2329 3195 2366 a
3239 2316 3633 2373 somniantibus

2045 2397 2382 2467 ebriosisque
2429 2406 2704 2463 eructata,
2751 2400 2836 2455 his
2867 2400 3019 2468 juxta
3068 2403 3379 2459 Servatoris
3411 2405 3631 2460 effatum

2044 2489 2288 2543 dicemus
2314 2507 2326 2542 :
2359 2507 2377 2539 ι
2399 2490 2633 2555 Erratis,
2655 2492 2964 2546 nescientes
2990 2493 3306 2563 Scripturas
3330 2512 3503 2566 neque
3526 2500 3633 2552 vir-

2047 2587 2213 2633 tutem
2251 2580 2343 2634 Dei
2368 2581 2435 2632 ⁸⁰.
2473 2600 2491 2632 ι
2530 2582 2654 2636 Ideo
2686 2594 2743 2636 ιιι
2775 2599 2872 2653 par
2899 2596 2981 2639 est
3018 2588 3285 2642 edormite
3328 2592 3629 2661 crapulam,

2043 2682 2099 2724 et
2130 2671 2295 2725 nolite
2332 2687 2579 2741 peccare,
2618 2684 2761 2727 tanta
2795 2678 2869 2730 rei
2902 2677 3101 2732 divime
3136 2681 3442 2748 ignorantia
3486 2685 3632 2739 labo-

2044 2772 2245 2817 rantes.
2278 2764 2384 2817 Sed
2422 2774 2567 2818 reete
2610 2768 2813 2833 potius,
2859 2777 3021 2837 atque
3052 2780 3109 2825 ut
3141 2772 3251 2841 jam
3289 2774 3634 2831 demonstra-

2043 2863 2152 2906 tum
2201 2868 2230 2906 a
2281 2856 2437 2908 nobis
2476 2855 2592 2917 fuit,
2639 2857 2985 2913 adunationis
3032 2861 3260 2928 gloriam
3302 2867 3627 2935 cogitantes,

2041 2946 2181 2998 hunc
2214 2955 2269 2999 et
2308 2946 2475 3000 Deum
2503 2962 2718 3015 semper
2745 2948 2931 3014 fuisse,
2961 2962 3015 3004 et
3046 2963 3321 3020 postremo
3354 2957 3627 3013 hominem

2037 3051 2253 3107 quoque
2299 3038 2501 3093 factum
2550 3051 2949 3108 agnoscentes,
3000 3043 3073 3096 ita
3120 3053 3303 3099 tamen
3355 3058 3411 3102 ut
3461 3049 3631 3117 ipsius

2037 3129 2420 3186 invertibiliter
2476 3138 2530 3185 et
2598 3134 3006 3188 immutabiliter
3058 3150 3379 3193 conservata
3453 3144 3627 3197 deitas

362 3222 458 3276 καὶ
485 3222 606 3274 τότε
642 3220 742 3290 τῆς
774 3202 831 3285 ἐξ
869 3218 1145 3286 Αἰγύπτου
1188 3220 1412 3289 πορείας
1442 3219 1535 3273 τοῦ
1579 3220 1794 3291 Ἰσραὴλ
1826 3222 1937 3275 Σω-

2042 3221 2522 3289 ίιιετῑι,ιειιιῐιιιεῐιι
2563 3234 2618 3278 et
2663 3234 2792 3280 tunc
2837 3227 3050 3281 Israelis
3099 3242 3164 3281 ex
3196 3229 3431 3302 Egypto
3464 3249 3627 3289 exce-

362 3316 504 3386 τῆρα
531 3313 908 3383 πιστεύωμεν
950 3312 1037 3364 ἀεὶ
1074 3312 1172 3383 μὲν
1199 3311 1294 3365 τοῦ
1325 3312 1537 3384 Πατρὸς
1575 3314 1701 3367 ὄντα
1742 3314 1933 3382 Λόγον,

362 3406 457 3459 καὶ
490 3404 627 3473 φῶς,
656 3406 750 3457 καὶ
775 3403 1133 3473 ἀπαύγασμα,
1161 3405 1252 3456 καὶ
1277 3405 1377 3474 τῆς
1410 3403 1745 3475 θεοπρεποῦς
1779 3404 1935 3477 δόξης

360 3494 460 3566 τὴν
491 3494 810 3545 δυναστείαν
834 3492 1023 3562 ἔχοντα
1045 3509 1057 3521 ·
1092 3491 1172 3544 διὸ
1203 3491 1265 3563 δὴ
1298 3494 1393 3546 καὶ
1432 3492 1616 3562 ἔλεγεν
1644 3494 1721 3564 τῷ
1752 3512 1934 3565 μακα-

366 3588 465 3658 ρίῳ
498 3588 707 3656 Μωῦσῇ
731 3604 743 3615 ·
784 3603 802 3635 ‹
834 3584 975 3652 Ἐγώ
1002 3586 1114 3655 είμι
1148 3587 1174 3637 6
1201 3584 1336 3638 ὣνί
1378 3588 1491 3651 καὶ,
1534 3606 1551 3638 t
1578 3587 1719 3656 Ἐγὼ
1743 3591 1770 3641 ὁ
1802 3589 1933 3652 Θεὸς

374 3679 641 3751 Ἀϐραὰμ,
666 3678 761 3733 καὶ
780 3678 911 3741 Θεὸς
944 3676 1145 3739 Ἰσαὰκ,
1171 3677 1257 3730 καῖ
1285 3679 1419 3741 Θεὸς
1457 3680 1651 3733 Ἰακώϐ
1671 3697 1685 3710 ο
1709 3700 1728 3733 ι
1758 3683 1857 3752 τὴν
1876 3683 1934 3735 δὲ

360 3772 452 3825 τοῦ
481 3770 613 3825 Υἱοῦ
641 3769 1014 3842 προσηγορίαν
1052 3756 1431 3839 προσλαϐόντα
1472 3772 1568 3841 μὲν
1600 3772 1687 3825 ὅτε
1711 3773 1932 3842 γέγονεν

360 3864 667 3935 ἄνθρωπος,
699 3863 801 3933 τῆς
829 3862 886 3915 δέ
916 3861 1162 3925 ἐνώσεως
1196 3863 1378 3935 χάριν,
1413 3865 1505 3917 καὶ
1553 3864 1641 3918 διὰ
1670 3866 1730 3918 τὸ
1769 3868 1932 3919 αὑτὸν

360 3955 643 4025 ἄνθρωπον
683 3952 1034 4022 γεγενῆσθαι,
1056 3951 1169 4005 ἀλλ’
1200 3954 1298 4006 οὐκ
1334 3955 1391 4005 ἐν
1433 3953 1702 4025 ἀνθρώπῳ
1730 3957 1933 4027 ἐνῳκη-

358 4046 544 4100 κέναι·
572 4047 667 4099 καὶ
698 4045 767 4099 τὰ
800 4045 944 4111 τότε,
976 4044 1069 4097 καὶ
1096 4044 1165 4097 τὰ
1212 4044 1306 4098 νῦν
1353 4048 1419 4117 τῇ
1457 4046 1631 4117 Ἰησοῦ
1679 4048 1771 4100 καὶ
1806 4049 1932 4117 Χρι-

360 4139 485 4195 στοῦ
525 4139 869 4211 προσηγορίᾳ
910 4136 1222 4200 ἀκολούθως
1268 4139 1371 4192 ὑπὸ
1420 4140 1523 4210 τῆς
1570 4140 1928 4195 θεοπνεύστου

352 4232 579 4303 Τραφῆς
609 4231 990 4302 δοξαζόμενον.

428 4326 491 4389 ζ’.
526 4326 636 4378 Καὶ
677 4324 807 4394 γοῦν
863 4327 961 4397 τὴν
1010 4330 1265 4400 τοιαύτην
1306 4327 1561 4382 ὑπόθεσιν
1614 4329 1789 4395 ἔξεστι
1839 4329 1929 4383 διὰ

355 4418 615 4471 πλειόνων
647 4417 870 4489 θεωρεῖν
906 4420 1011 4472 ὑπὸ
1044 4420 1153 4473 τῶν
1181 4421 1351 4488 ἁγίων
1390 4424 1803 4493 κηρυττομένην
1836 4423 1929 4475 ἀν-

2039 3312 2219 3367 dentis
2271 3314 2618 3368 Servatorem
2688 3316 3014 3380 credamus,
3075 3333 3396 3390 semperque
3452 3322 3629 3378 Patris

2040 3403 2276 3459 Verbum
2312 3406 2498 3469 fuisse,
2532 3407 2713 3461 lumen
2747 3416 2911 3477 atque
2953 3410 3318 3479 splendorem,
3360 3424 3414 3469 et
3453 3416 3629 3486 digna:

2038 3496 2149 3552 Deo
2180 3498 2367 3568 gloriae
2402 3508 2728 3567 potestatem
2774 3501 3022 3575 tenuisse
3055 3519 3069 3556 :
3106 3504 3338 3574 ideoque
3380 3517 3434 3563 et
3468 3510 3628 3565 beato

2038 3590 2207 3661 Moysi
2235 3593 2450 3647 dicebat
2482 3609 2495 3645 :
2531 3610 2549 3639 ι
2582 3591 2694 3663 Ego
2716 3609 2833 3648 sum
2858 3596 2950 3664 qui
2976 3611 3094 3650 sum
3120 3597 3193 3661 l“;
3230 3617 3248 3650 ι
3275 3610 3329 3654 et
3361 3616 3460 3672 ego
3486 3603 3627 3658 Deus

2035 3681 2351 3744 Abrahami,
2376 3690 2431 3736 et
2453 3681 2595 3737 Deus
2621 3684 2815 3751 Isaaci,
2849 3694 2904 3739 et
2932 3685 3073 3741 Deus
3094 3686 3280 3744 Jacobi
3304 3692 3349 3722 "
3380 3715 3393 3748 :
3421 3703 3470 3747 et
3502 3695 3625 3751 Filii

2035 3773 2251 3842 quidem
2279 3788 2474 3827 nomen
2500 3783 2627 3829 tunc
2658 3777 2954 3845 sumpsisse
2976 3793 3097 3832 cum
3132 3780 3308 3837 factus
3330 3794 3411 3838 est
3439 3787 3626 3855 homo,

2035 3866 2379 3921 adunationis
2423 3868 2616 3935 gratia,
2657 3878 2711 3922 et
2762 3869 2887 3937 quia
2929 3870 3221 3925 humanam
3256 3877 3624 3934 conditionem

2034 3959 2363 4027 assumpsit,
2420 3974 2526 4012 non
2570 3960 2623 4013 in
2668 3961 2883 4017 homine
2938 3962 3202 4019 habitavit
3246 3985 3260 4020 :
3312 3977 3366 4022 et
3403 3970 3531 4025 olim
3571 3984 3626 4025 et

2034 4063 2180 4104 nunc
2201 4052 2302 4105 sub
2340 4048 2469 4104 .lesu
2511 4051 2829 4122 Christique
2876 4056 3234 4124 appellatione
3256 4060 3324 4114 ab
3364 4061 3625 4132 inspirata

2034 4144 2294 4200 divinitus
2330 4144 2614 4215 Scriptura
2649 4157 3013 4205 consectanee
3042 4150 3353 4221 gloriﬁcari.

2108 4320 2159 4376 7.
2201 4321 2377 4390 Atque
2403 4321 2506 4376 hoc
2541 4330 2920 4391 argumentum
2952 4320 3199 4389 pluribus
3228 4325 3409 4381 verbis
3439 4328 3623 4383 videre

2033 4414 2159 4469 licet
2186 4430 2213 4468 a
2234 4415 2440 4468 sanctis
2460 4414 2592 4467 viris
2620 4413 3007 4483 praedicatum;
3042 4412 3275 4470 Ieremia
3297 4419 3511 4485 quidem
3538 4423 3622 4476 di-

353 4509 495 4582 δρῶν
518 4527 531 4541 ο
559 4509 653 4564 τοῦ
701 4511 798 4582 μὲν
846 4512 1117 4582 Ἰερεμίου
1150 4514 1447 4585 διαρρήδην
1479 4513 1741 4584 βοῶντος·
1781 4534 1797 4565 ι
1823 4507 1927 4567 05-

2042 4515 2176 4561 serte
2213 4505 2480 4560 clamante
2508 4524 2521 4559 :
2565 4524 2584 4557 ‹
2616 4504 2715 4559 Hic
2740 4503 2884 4560 Deus
2912 4514 3101 4560 noster
3127 4517 3231 4573 est,
3268 4525 3443 4580 neque
3481 4513 3620 4570 alius

352 4620 441 4665 τος
468 4604 496 4656 6
527 4603 659 4667 Θεὸς
693 4604 871 4675 ήμῶν,
913 4606 973 4658 οὐ
1017 4606 1401 4678 λογισθήσεται
1444 4608 1631 4679 ἕτερος
1662 4608 1801 4680 πρὸς
1830 4609 1928 4662 a6-

351 4695 477 4748 τόν
523 4695 745 4767 ἐξεῦρεν
794 4697 976 4750 πᾶσαν
1022 4698 1141 4753 ὁδὸν
1190 4700 1532 4771 ἐπιστήμης,
1569 4701 1667 4753 καὶ
1725 4701 1925 4753 ἔδωκεν

352 4787 521 4857 αὐτὴν
554 4786 770 4840 Ἰακὼῦο
790 4788 870 4858 τῷ
908 4788 1060 4841 παιδὶ
1098 4789 1262 4842 αὐτοῦ
1284 4832 1298 4858 ,
1325 4791 1655 4862 καὶἸσραὴλ
1683 4791 1762 4861 τῷ
1789 4793 1927 4861 ἠγα-

350 4880 579 4949 πημένῳ
603 4880 694 4933 ὑπ’
724 4880 887 4934 αὑτοῦ
906 4897 920 4911 ⁸
966 4880 1107 4951 μετὰ
1138 4881 1310 4936 ταῦτα
1345 4883 1437 4935 ἐπὶ
1468 4883 1570 4952 τῆς
1597 4884 1701 4953 γῆς
1744 4882 1925 4953 ὤφθη,

350 4970 445 5023 καὶ
467 4971 578 5032 τοῖς
602 4969 911 5040 ἀνθρώποις
938 4972 1348 5042 συνανεστράφη
1371 4988 1384 5003 ο
1400 4991 1417 5022 ι
1454 4970 1548 5024 τοῦ
1571 4972 1628 5024 δὲ
1650 4972 1926 5042 ὑμνογρά-

346 5080 447 5131 φου
474 5062 842 5134 μελῳδοῦντος
884 5063 1104 5117 Δαϐίδοι
1126 5065 1326 5136 Μήτηρ
1354 5064 1428 5133 (l)
1458 5064 1595 5119 Σιὼν
1619 5065 1763 5134 ἐρεῖ·
1799 5065 1927 5117 Ἀν-

424 5223 470 5255 ¹⁹
504 5222 691 5277 Matth.
723 5238 858 5287 un,
888 5223 977 5278 29.
1055 5224 1097 5256 “
1135 5223 1306 5279 Exod.
1341 5241 1423 5288 ιιι,
1462 5224 1548 5279 14.
1623 5225 1668 5255 ⁵³
1711 5224 1840 5279 ibid.
1880 5224 1933 5276 6.

411 5380 583 5456 (ljlta
615 5385 801 5456 μήτηρ
822 5385 1020 5456 habent
1055 5383 1255 5440 Graeca:
1279 5383 1565 5456 editiones,
1590 5382 1751 5438 etiam
1772 5382 1921 5435 Vati-

341 5453 501 5509 cana.
527 5453 625 5525 Sic
642 5453 836 5525 legisse
858 5455 1101 5509 videmus
1120 5457 1282 5509 etiam
1304 5454 1562 5525 Cyrillum
1578 5492 1593 5517 ,
1624 5467 1925 5525 magnoque

346 5539 571 5599 numero
605 5524 794 5599 Patres
815 5524 1036 5599 Latinos
1064 5524 1590 5599 apudSabaterium,
1618 5524 1708 5592 qui
1740 5533 1924 5599 vetere

346 5592 827 5649 ltala'utebantur
882 5592 1140 5650 editione.
1192 5595 1401 5665 Vulgati
1448 5596 1717 5663 interpres
1768 5594 1924 5647 lectio

346 5666 620 5734 numquid,
647 5680 746 5733 pro
772 5674 961 5729 mater,
1005 5667 1232 5736 deducta
1271 5676 1353 5718 est
1392 5666 1575 5736 0371.13]
1606 5667 1695 5735 τῇ.
1734 5666 1816 5719 vel
1845 5666 1918 5734 μή

347 5684 620 5734 numquid,
647 5684 746 5733 pro
772 5684 961 5729 mater,
1005 5684 1232 5720 ueuucw
1271 5684 1353 5718 εει
1392 5684 1457 5719 ex
1542 5684 1575 5736 η
1606 5684 1695 5735 τῃ,
1735 5684 1816 5719 γει
1845 5684 1918 5734 μη

347 5751 423 5807 τι,
459 5746 516 5788 ιιι
556 5736 956 5807 cognoscimus
986 5750 1050 5788 ex
1082 5734 1313 5807 Origene
1355 5736 1407 5789 in
1461 5684 1733 5803 Iﬁxaplis,
1767 5747 1821 5788 et
1854 5751 1921 5788 ex

347 5802 674 5875 Hieronymo
731 5806 870 5875 apud
917 5802 1205 5862 Νοθὶίὶιιιιιν
1226 5809 1277 5863 in
1328 5807 1449 5863 adn.
1512 5808 1577 5862 ad
1612 5802 1915 5863 'Sixtinam.

2034 4601 2320 4667 quisquam
2344 4613 2466 4652 cum
2492 4613 2556 4652 eo
2579 4597 2986 4667 comparabitur
3013 4616 3027 4651 :
3060 4598 3175 4668 ipse
3200 4616 3415 4657 onmem
3448 4605 3620 4660 scien-

2035 4693 2123 4746 tiae
2142 4692 2391 4746 semitam
2414 4691 2708 4756 adinvenit,
2736 4689 3066 4758 tradiditque
3091 4706 3209 4746 eam
3230 4691 3431 4750 Jacobo
3452 4712 3619 4766 puero

2030 4798 2151 4846 suo,
2180 4793 2235 4837 et
2263 4781 2446 4838 lsraeli
2484 4782 2680 4838 dilecto
2721 4798 2841 4838 suo.
2871 4781 3002 4837 Post
3044 4782 3159 4838 haec
3190 4785 3244 4839 in
3290 4796 3431 4840 terra
3469 4788 3618 4844 visus

2030 4883 2132 4938 est,
2177 4885 2385 4930 etcum
2442 4874 2754 4931 hominibus
2812 4888 3169 4932 conversatus
3202 4886 3286 4932 est
3315 4879 3394 4944 ⁵³;
3434 4898 3451 4931 ι
3503 4889 3614 4933 ιιιηι

2029 4969 2189 5024 etiam
2232 4969 2640 5039 hymuographo
2674 4980 2907 5025 canente
2942 4970 3143 5025 Davide
3185 4988 3198 5023 :
3238 4991 3258 5023 σ
3286 4970 3455 5025 Mater
3484 4970 3613 5026 Sion

2030 5062 2173 5116 dicet
2194 5080 2209 5117 :
2232 5060 2424 5127 Homo,
2444 5069 2498 5115 et
2518 5060 2678 5116 homo
2698 5072 2857 5117 natus
2873 5071 2958 5117 est
2975 5062 3027 5115 in
3050 5076 3137 5127 ea,
3157 5072 3211 5115 et
3233 5062 3347 5130 ipse
3371 5059 3614 5115 fundavit

2012 5223 2058 5255 ⁵³
2089 5222 2297 5278 Baruch
2338 5238 2418 5286 ιιι,
2456 5222 2643 5278 56-58.

2033 5383 2352 5437 Doctissime
2388 5398 2515 5436 vero
2554 5382 2792 5449 disputat
2842 5382 2907 5435 de
2939 5382 3038 5451 hac
3070 5380 3296 5435 leCtione
3332 5380 3419 5451 71o.
3454 5380 3608 5451 Bapt.

2032 5454 2261 5517 Branca,
2323 5454 2695 5507 Ambrosranm
2747 5451 2876 5505 olim
2934 5450 3277 5505 bibliothecae
3325 5450 3609 5507 Mediolani

2032 5524 2337 5593 praefectus,
2378 5524 2429 5576 in
2463 5538 2679 5591 magno,
2706 5526 3024 5593 quanquam
3076 5523 3611 5593 imperfectntopere

2030 5591 2131 5648 suo
2179 5599 2319 5663 quod
2377 5593 2657 5662 inscripsit
2693 5592 2767 5645 De
2818 5607 3090 5646 sacrorum
3124 5591 3376 5645 librorum
3406 5592 3612 5646 Latine

2028 5665 2252 5734 vulgata:
2282 5666 2528 5720 editionis
2557 5665 2895 5731 auctoritate,
2931 5663 3023 5720 lib.
3052 5679 3135 5727 ιιι,
3165 5674 3302 5732 part.
3339 5680 3375 5729 ι,
3402 5679 3521 5732 cap.
3550 5664 3606 5717 5.

2029 5752 2079 5806 p.
2114 5736 2209 5790 157
2253 5750 2405 5807 seqq.
