4104 6336
493 316 600 385 9.35

1492 322 1549 376 s.
1591 294 1862 375 nimio
1902 304 2375 373 ALEXANDBINI
2417 304 2736 373 meumr.

3647 289 3753 374 ssi

490 464 606 501 eam
642 445 945 500 Altissimus
973 446 1039 497 δι.
1071 465 1086 495 ι
1124 444 1235 497 Hoc
1262 434 1387 497 vero
1416 445 1544 511 quid
1588 445 1733 495 aliud
1771 442 2065 512 signiﬁcat,

2183 441 2391 510 θρωπος
2436 441 2542 509 (1)·
2583 440 2674 491 καὶ
2724 436 3011 506 ἄνθρωπος
3059 434 3291 505 ἐγενήθη
3339 433 3396 484 ἐν
3448 420 3585 505 αὑτῇ
3614 475 3627 499 ,
3665 438 3758 487 καὶ

492 542 591 595 nisi
626 542 872 593 eumdem
904 554 1021 591 esse
1053 538 1221 591 Demn
1270 548 1324 590 et
1372 537 1687 590 hominem?
1721 536 1927 589 Etenim
1980 537 2076 589 ho-

492 634 716 694 minem,
763 631 1033 699 simulque
1064 629 1420 692 Altissimum,
1451 629 1903 695 fundatoremque
1938 626 2073 680 fate-

492 736 598 778 tur.
630 722 816 793 Neque
844 723 1044 785 secius,
1080 721 1130 773 in
1163 720 1269 773 alio
1296 734 1509 787 quoque
1542 719 1746 788 psalmo
1785 718 2074 771 indivisum

489 815 713 867 unitatis
742 828 1047 867 sermonem
1076 812 1333 877 retinens,
1373 812 1605 865 hominis
1631 811 1979 880 proprietatis
2009 808 2075 861 ad

491 904 657 960 Deum
689 907 813 958 item
861 904 1090 958 Verbum
1136 903 1339 957 referre
1372 904 1724 972 comperitur,
1759 903 1898 955 haud
1926 904 2078 968 equi-

489 1001 611 1053 dem
640 997 1068 1051 subslantiarum
1112 994 1481 1048 confusionem
1521 997 1800 1057 invehens,
1834 996 1925 1047 sed
1952 994 2079 1046 sub-

488 1090 811 1144 stantiaruni
843 1088 1189 1141 adunationis
1234 1089 1499 1142 rationem
1551 1090 1773 1142 habens.
1826 1084 1916 1140 Sic
1946 1101 2078 1152 ergo

487 1186 564 1236 ait
598 1184 650 1236 in
681 1198 803 1237 κων
839 1181 1046 1249 psalmo
1076 1198 1089 1233 :
1123 1201 1141 1232 ι
1176 1182 1345 1235 Sedes
1386 1191 1494 1246 tua,
1540 1181 1702 1246 Deus,
1737 1182 1788 1233 in
1820 1180 2075 1233 smenlnm

488 1275 671 1327 saeculi
704 1294 716 1328 :
759 1276 906 1340 virga
935 1271 1280 1338 directionis,
1316 1272 1469 1341 virga
1499 1273 1647 1342 regni
1683 1274 1756 1323 tui
1792 1289 1807 1325 :
1839 1260 2074 1323 dilexisti

482 1365 769 1433 justitiam,
809 1374 865 1418 et
904 1364 1066 1417 odisti
1100 1364 1441 1431 iniquitatem
1479 1382 1491 1415 :
1521 1368 1814 1430 propterea
1846 1364 1999 1414 unxit
2027 1372 2078 1413 te

490 1459 652 1522 Deus,
676 1457 816 1510 Deus
838 1469 979 1519 tuus,
996 1457 1113 1508 oleo
1136 1455 1335 1509 laetitia:
1357 1470 1463 1523 pra:
1485 1456 1829 1508 consortibus
1856 1454 2035 1507 tuis".
2055 1472 2071 1503 ι

491 1542 687 1602 Viden‘
716 1549 988 1615 quomodo
1008 1547 1175 1599 Deum
1209 1543 1447 1599 Verbum
1481 1545 1784 1613 appellans,
1803 1543 2078 1611 Deumque

490 1652 542 1695 et
592 1654 771 1709 regem
808 1638 1098 1701 confitens,
1148 1652 1323 1707 neque
1367 1646 1545 1690 tamen
1589 1634 1855 1699 dividens,
1907 1651 2079 1703 neque

493 1731 718 1783 alteram
763 1744 1049 1797 personam
1100 1730 1154 1782 in
1202 1745 1324 1783 eum
1367 1729 1678 1790 conferens,
1727 1728 2078 1781 nihilominus

2188 532 2348 594 αὐτὸς
2383 530 2739 601 ἐθεμελίωσεν
2766 528 2934 596 αὑτὴν
2956 530 2984 579 6
3012 526 3273 595 ’Ύψιστος
3296 541 3309 555 °
3342 546 3359 577 ι
3389 524 3543 578 τοῦτο
3568 526 3677 596 γὰρ
3706 528 3761 578 τί

2185 625 2249 676 ἂν
2281 625 2364 693 εἴη
2404 623 2615 693 ἕτερον,
2650 621 2763 675 ἀλλ’
2804 619 2837 691 ἢ
2873 621 2955 672 ὃτι
2999 618 3161 680 αὑτὸς
3195 619 3431 688 ὑπάρχει
3468 617 3619 681 Θεὸς,
3667 618 3763 671 καὶ

2186 716 2500 787 ἄνθρωποςς
2541 713 2861 785 Ἄνθρωπον
2878 711 3005 782 γὰρ,
3032 712 3125 764 καὶ
3153 709 3438 779 ”Υψιστον,
3478 713 3572 761 καὶ
3600 710 3763 781 θεμε-

2184 808 2381 876 λιωτὴν
2422 806 2512 857 τὸν
2546 805 2705 857 αὑτὸν
2739 803 3087 873 ὡμολόγησεν
3114 820 3126 831 ·
3175 802 3327 854 οὐδὲν
3361 800 3417 854 δὲ
3461 795 3622 873 ἦττον
3668 803 3762 855 καὶ

2184 900 2241 949 ὲν
2266 897 2436 967 ἑτέρῳ
2468 895 2667 966 ψαλμῷ
2711 895 3016 965 ἀδιαίρετον
3050 894 3151 963 τῆς
3185 891 3432 955 ἐνώσεως
3480 892 3762 962 φυλάττων

2184 990 2274 1043 τὸν
2298 990 2477 1055 λόγον,
2511 988 2579 1040 τὰ
2603 989 2701 1059 τῆς
2735 986 3155 1057 ἀνθρωπότητος
3182 984 3290 1038 ἴδια
3312 984 3388 1049 ὡς
3424 985 3572 1055 αὑτῷ
3603 986 3762 1039 πάλιν

2184 1083 2261 1151 τῷ
2286 1082 2404 1152 Θεῷ
2452 1082 2611 1151 Λόγῳ
2640 1080 2928 1151 ἀναφέρων
2962 1079 3298 1148 εὑρίσκεται,
3325 1079 3383 1131 οὑ
3424 1078 3533 1131 τῶν
3563 1077 3762 1131 οὐσιῶν

2187 1174 2449 1243 σύγχυσιν
2485 1172 2873 1243 ἐργαζόμενος,
2920 1170 3057 1223 ἀλλα
3095 1171 3193 1240 τῆς
3231 1170 3477 1232 ἐνώσεως
3519 1169 3628 1222 τῶν
3667 1169 3759 1221 οὑ-

2187 1266 2317 1318 σιῶν
2369 1250 2748 1334 ἐπιγινώσκων
2778 1264 2867 1315 τὸν
2914 1263 3101 1330 λόγον·
3160 1262 3307 1330 λέγει
3334 1260 3623 1331 τοιγαροῦν
3667 1259 3761 1315 οὔ·

2185 1358 2292 1421 τως
2322 1359 2378 1409 ἐν
2416 1358 2495 1426 μδ¹
2530 1355 2727 1426 ψαλμῷ
2749 1373 2760 1383 ·
2802 1376 2818 1406 ι
2861 1354 2915 1407 Ὀ
2948 1354 3134 1423 θρόνος
3173 1371 3288 1414 σου,
3320 1355 3348 1405 6
3377 1344 3524 1415 Θεὸς,
3565 1355 3642 1415 είς
3668 1353 3762 1404 τὸν

2186 1449 2358 1503 αἰῶνα
2391 1447 2487 1501 τοῦ
2530 1448 2726 1510 αἰῶνος
2748 1462 2761 1474 '
2800 1446 2995 1516 ῥάϐδος
3040 1443 3335 1513 εὐθύτητος
3367 1442 3399 1513 ή
3438 1442 3631 1515 ῥάϐδος
3660 1442 3760 1511 τῆς

2189 1541 2464 1610 βασιλείας
2497 1557 2589 1592 σου
2612 1556 2623 1567 ·
2650 1539 2945 1607 ἠγάπησας
2966 1534 3336 1604 δικαιοσύνην,
3365 1533 3458 1587 καὶ
3492 1533 3759 1602 ἐμίσησας

2187 1635 2431 1701 ἁδικίανξ·
2463 1633 2550 1685 διὰ
2573 1631 2730 1685 τοῦτο
2754 1631 3050 1699 ἔχρισένξσε
3070 1628 3222 1691 Θεὸς,
3247 1629 3274 1680 ό
3291 1620 3420 1686 Θεός
3441 1642 3558 1687 σου,
3580 1623 3759 1676 ἔλαιον

2186 1727 2559 1794 ἀγαλλιάσεως
2596 1724 2748 1794 παρά
2784 1725 2909 1785 τοὺς
2951 1722 3210 1792 μετόχους
3242 1737 3357 1773 σου.
3382 1739 3399 1769 ι
3421 1718 3581 1788 ὐρᾷς
3612 1717 3761 1778 ὅπως

496 1827 722 1871 unctum
749 1818 924 1871 dixit?
973 1816 1261 1886 Explicent
1304 1819 1461 1873 nobis
1506 1819 1672 1886 igitur
1710 1818 1836 1886 quid
1872 1819 1940 1870 sit
1983 1818 2076 1871 hoc

2186 1818 2276 1873 τὸν
2306 1820 2476 1885 Λόγον
2512 1818 2841 1886 θεολογήσας
2867 1816 2969 1885 (2),
2998 1814 3130 1867 Θεόν
3162 1830 3221 1864 τε
3242 1812 3335 1864 καὶ
3370 1808 3593 1880 βασιλέα
3629 1809 3758 1877 ὁμο-

488 1907 707 1961 eﬂ'atum
735 1924 748 1971 ;
772 1916 824 1959 et
847 1914 1117 1977 quomodo
1145 1906 1404 1969 Verbum,
1432 1924 1554 1962 cmn
1591 1906 1729 1961 Deus
1764 1919 1931 1971 esset,
1975 1923 2076 1959 uu-

489 2011 637 2052 ctum
667 2000 865 2056 fuerit:
901 2000 1001 2052 nisi
1034 2000 1158 2067 quia
1197 2014 1419 2068 prorsus
1467 2000 1605 2052 idem
1635 2010 1775 2062 erat,
1811 2000 1901 2067 qui
1936 1998 2077 2052 servi

491 2090 719 2145 formam
747 2091 850 2145 sibi
876 2091 1145 2153 induerat,
1175 2091 1259 2143 cui
1288 2100 1342 2144 et
1372 2090 1609 2144 chrisma
1634 2091 1912 2153 suscipere
1943 2106 2078 2144 con-

489 2182 959 2236 venientissimum
987 2180 1111 2234 fuit?
1146 2182 1299 2247 Quod
1323 2182 1367 2235 si
1398 2180 1535 2234 forte
1561 2180 1825 2245 dixerint,
1851 2190 2074 2249 pmpter

489 2288 643 2327 suam
684 2272 737 2327 in
779 2274 1035 2339 homine,
1073 2285 1131 2326 ut
1168 2274 1266 2343 ipsi
1315 2272 1750 2336 hallucinantur,
1804 2273 2079 2326 inhabita-

492 2367 719 2430 tionem,
740 2365 903 2421 Verbi
929 2380 1213 2434 personam
1237 2364 1551 2419 chrismatis
1576 2366 1749 2418 instar
1771 2367 2077 2432 exstitisse;

492 2457 547 2511 hi
582 2458 762 2512 sciant
788 2458 973 2523 velim,
1010 2456 1459 2511 inhabitationem
1496 2474 1598 2511 non
1640 2460 1705 2511 de
1732 2458 1949 2513 Christo
1986 2459 2079 2512 sed

491 2552 559 2603 de
594 2550 875 2619 prophetis
913 2550 1143 2619 aliisque
1188 2550 1390 2604 sanctis
1432 2550 1536 2603 dici
1580 2567 1596 2604 :
1633 2552 1918 2616 praedictas
1954 2565 2081 2604 vero

491 2642 796 2695 locutiones
819 2656 1146 2709 magnopere
1164 2642 1431 2695 excedere
1450 2641 1866 2695 inhabitationis
1892 2643 2080 2695 termi-

492 2740 592 2785 nos
622 2732 737 2785 sive
765 2731 901 2783 vim.
931 2729 1119 2801 lue
1143 2730 1286 2799 Ergo
1311 2732 1413 2784 etsi
1440 2728 1653 2785 Deusin
1682 2732 1884 2787 sanctis
1907 2732 2083 2784 omni-

492 2826 593 2878 bus
622 2822 847 2885 hahitat,
873 2824 1037 2892 hique
1056 2822 1379 2877 sanctiﬁcati
1406 2832 1535 2876 sunt
1560 2831 1614 2876 et
1632 2823 1798 2888 uncti,
1817 2837 1973 2876 nemo
2005 2831 2084 2875 ta—

493 2928 620 2966 men
665 2928 819 2981 :eque
866 2928 930 2967 ac
965 2914 1080 2983 ipse
1110 2913 1482 2967 sanctiﬁcatus
1514 2922 1817 2981 unctusque
1860 2912 2079 2967 dicitur.

494 2999 550 3059 Si
578 3020 708 3075 ergo
741 3006 852 3069 isti,
879 3006 945 3058 ad
976 3012 1288 3059 sanctorum
1321 3004 1759 3070 similitudinem,
1786 3008 1838 3059 in
1864 3004 2083 3060 Christo

493 3112 711 3167 quoque
750 3097 1085 3151 inhabitasse
1119 3097 1289 3152 Deum
1321 3098 1495 3161 aiunt,
1532 3099 1800 3152 constabit
1830 3098 2081 3152 onmilms

494 3194 733 3261 ipsorum
782 3192 1180 3261 irreligiositas,
1227 3194 1295 3245 ab
1344 3193 1636 3261 apostolica
1680 3193 1925 3246 doctrina
1970 3201 2079 3244 toto

492 3286 634 3341 casto
665 3287 949 3338 aberrans.

566 3484 622 3541 8.
654 3486 869 3540 Etenim
893 3487 957 3540 de
980 3485 1258 3555 prephetis
1285 3484 1613 3553 Christoque
1636 3484 1915 3540 disserens
1942 3484 2081 3539 Pau-

498 3578 605 3641 lus,
640 3579 933 3631 immanem
974 3576 1134 3645 hujus
1173 3577 1240 3628 ab
1280 3576 1388 3630 illis
1436 3575 1799 3631 diﬂ'erentiam
1839 3592 1939 3631 nos
1979 3579 2078 3631 do-

498 3680 607 3732 cet,
635 3668 773 3737 ejus,
811 3669 1058 3737 inquam,
1087 3668 1177 3735 qui
1200 3678 1397 3722 unctus
1413 3670 1635 3723 dicitur.
1671 3668 1920 3737 Namque
1940 3670 2080 3723 hunc

500 3762 717 3831 quidem
745 3771 800 3815 et
828 3760 1023 3815 Filiqu
1066 3770 1119 3814 et
1147 3759 1329 3814 Patris
1351 3760 1722 3829 splendorem.
1757 3772 1813 3814 et
1851 3763 2078 3831 ﬁguram

500 3855 815 3909 substantia:
864 3854 1069 3923 ipsius,
1126 3853 1249 3907 illos
1302 3863 1482 3908 autem
1527 3855 1823 3923 prophetas
1865 3863 2076 3907 tantum

501 3946 784 4014 appellat:
819 3945 1127 4013 mirumque
1173 3955 1277 4006 est,
1319 3946 1463 4011 quod
1502 3944 1647 3998 inter
1685 3955 1764 3998 tot
1803 3944 2077 4008 sublimia,

503 4039 775 4094 unctionis
814 4052 1030 4108 quoque
1082 4039 1220 4090 idem
1267 4037 1397 4090 facit
1444 4039 1796 4091 mentionem.
1833 4056 1853 4089 ι
1897 4038 2085 4092 Multi-

502 4129 695 4183 fariam
730 4132 897 4189 enim,
946 4129 1143 4197 inquit,
1196 4130 1488 4199 multisque
1542 4130 1717 4182 modis
1768 4129 1895 4183 olim
1938 4129 2079 4183 Deus

503 4222 714 4274 locutus
741 4221 987 4288 patribus
1015 4237 1111 4289 per
1146 4222 1462 4288 prophetas.
1497 4222 1813 4274 novissimis
1848 4222 1933 4275 his
1961 4224 2078 4275 die-

500 4314 600 4365 bus
623 4312 832 4365 locutus
855 4322 938 4364 est
958 4311 1225 4378 noliisper
1247 4311 1461 4372 Filium,
1487 4327 1644 4380 quem
1670 4298 1953 4365 constituit
1971 4314 2078 4366 ha!-

502 4404 686 4455 redem
734 4401 1115 4454 universorum
1144 4440 1158 4463 ,
1204 4414 1298 4468 per
1361 4414 1519 4468 quem
1560 4397 1904 4453 fecitsmcula
1937 4416 1950 4450 :
1987 4401 2078 4468 qui

2180 1910 2438 1977 λογήσας,
2463 1909 2522 1960 οὑ
2552 1906 2759 1969 διελὼν,
2781 1906 2899 1958 οὑδὲ
2923 1905 3009 1956 έτε
3021 1921 3111 1975 ρον
3132 1902 3423 1971 πρόσωπον
3446 1897 3757 1965 εἰσενέγκας

2180 2002 2348 2071 αὑτῷ,
2380 2002 2473 2055 καὶ
2504 2001 2564 2053 τὸ
2616 1998 2903 2069 κεχρῖσθαι
2936 1997 3188 2065 εἴρηκεν;
3230 1993 3551 2061 Λεγέτωσαν
3579 1986 3669 2045 οὖν
3706 1988 3758 2041 τί

2181 2092 2325 2143 ἐστιν
2346 2091 2406 2142 τὸ
2435 2090 2729 2158 λεγόμενον
2750 2104 2763 2118 ⁸
2798 2088 2914 2151 πῶς
2934 2088 2989 2139 δὲ
3017 2087 3147 2147 Θεὸς
3172 2084 3247 2136 ῶν
3273 2086 3300 2136 6
3326 2082 3497 2151 Λόγος
3524 2082 3756 2149 ἐχρίετο,

2180 2182 2293 2237 ἀλλ’
2335 2183 2366 2253 ἢ
2401 2182 2619 2243 πάντως
2643 2183 2722 2234 ὅτι
2754 2180 2916 2241 αὑτὸς
2937 2175 3004 2250 ἦν
3026 2180 3053 2229 ὁ
3075 2178 3170 2247 τὴν
3199 2174 3291 2229 τοῦ
3324 2174 3509 2227 δούλου
3547 2173 3760 2244 μορφὴν

2182 2268 2619 2343 ὲνδυσὰμενος,ᾖ
2651 2273 2744 2324 καὶ
2774 2271 2833 2324 τὸ
2863 2270 3072 2341 χρίσμα
3090 2267 3388 2337 λαμϐάνειν
3422 2266 3504 2335 είη
3534 2265 3598 2317 ἂν
3629 2277 3760 2333 πρε-

2183 2365 2563 2429 πωδέστατον;
2614 2364 2732 2416 Κᾶν
2776 2363 2885 2432 γὰρ
2931 2363 3164 2429 λέγωσιν
3202 2360 3289 2412 διὰ
3341 2358 3437 2428 τὴν
3477 2356 3613 2427 πρὸς
3667 2357 3759 2408 τὸν

2182 2456 2468 2528 ἄνθρωπον
2495 2457 2791 2524 ἐνοίκησιν,
2821 2455 2895 2517 ὡς
2922 2453 3076 2506 αὑτοὶ
3101 2452 3433 2518 πλανῶνται,
3464 2449 3557 2502 τοῦ
3586 2449 3757 2515 Λόγου

2185 2550 2475 2621 πρόσωπον
2497 2551 2557 2602 τὸ
2583 2552 2793 2621 χρίσμα
2813 2548 3087 2617 λέγεσθαι,
3116 2545 3536 2615 μανθανέτωσαν
3569 2536 3760 2611 ὅτιπερ

2182 2641 2454 2711 ὲνοίκησις
2485 2644 2585 2693 οὐκ
2634 2642 2728 2693 ἐπὶ
2774 2639 2869 2693 τοῦ
2906 2638 3166 2710 Χριστοῦ,
3202 2638 3317 2691 ἀλλ’
3351 2638 3444 2689 ἐπὶ
3488 2634 3595 2688 τῶν
3628 2650 3761 2704 προσ

2183 2731 2371 2801 φητῶν
2396 2732 2491 2785 καὶ
2518 2731 2626 2783 τῶν
2658 2731 2833 2785 ἀλλων
2862 2730 3031 2800 ἁγίων
3053 2729 3292 2798 λέγεται,
3318 2730 3410 2781 καὶ
3440 2726 3758 2798 ὑπερϐαίνει

2184 2823 2390 2894 σφόδρα
2421 2822 2548 2886 τοὺς
2573 2824 2668 2893 τῆς
2691 2824 3019 2894 ἐνοικήσεως
3047 2824 3205 2893 ὄρους
3226 2822 3287 2875 τὸ
3312 2821 3626 2890 λεγόμενονο
3666 2820 3760 2872 καὶ

2183 2915 2312 2983 γοῦν
2370 2917 2754 2987 ἐνοικήσαντος
2784 2915 2876 2969 τοῦ
2927 2915 3061 2969 Θεοῦ
3100 2916 3158 2968 ἐν
3202 2918 3312 2978 τοῖς
3352 2915 3524 2982 ἁγίοις
3572 2915 3757 2976 πᾶσιν,

2182 3005 2560 3076 ἀγιαξομένων
2601 3025 2659 3059 τε
2690 3006 2783 3060 καί¹
2809 3007 3131 3078 χριομένων,
3162 3008 3223 3061 οὑ
3245 3007 3463 3075 λέγεται
3495 3007 3569 3070 ὡς
3600 3006 3759 3069 αὑτὸς

2185 3098 2545 3167 ἀγιαζόμενος
2576 3100 2609 3167 ἢ
2645 3099 2962 3169 χριόμενοςο
2990 3100 3035 3151 εἰ
3072 3100 3170 3169 μὲν
3199 3096 3290 3151 οὖν
3322 3098 3441 3152 καθ’
3470 3098 3759 3168 ὁμοιότητα

2183 3189 2292 3241 τῶν
2330 3190 2522 3257 ἁγίων,
2558 3191 2653 3242 καὶ
2692 3190 2778 3242 ἐπ’
2823 3189 2986 3242 αὑτοῦ
3025 3192 3124 3261 τὴν
3161 3190 3438 3260 ἐνοίκησιν
3486 3189 3757 3257 λέγουσιν,

2184 3280 2405 3349 ἔκδηλος
2432 3281 2464 3350 ή
2500 3280 2726 3334 ἀσέϐεια
2752 3283 2918 3334 πᾶσιν
2948 3281 3120 3344 ἔσται,
3148 3283 3241 3335 καὶ
3268 3283 3367 3351 τῆς
3395 3281 3759 3350 ἀποστολικῆς

2182 3371 2529 3434 διδασκαλίας
2567 3373 2846 3435 παντελῶς
2880 3372 3154 3443 ἀλλοτρία.

2250 3491 2320 3553 η’.
2361 3484 2433 3535 Πε
2447 3484 2499 3553 ρί
2536 3484 2633 3553 μὲν
2659 3484 2767 3554 γὰρ
2795 3485 2901 3537 τῶν
2928 3486 3245 3555 προφητῶν,
3272 3486 3482 3540 καὶτοῦ
3518 3486 3758 3556 Χριστοῦ

2181 3576 2561 3644 διαλεγόμενος
2580 3578 2608 3629 6
2633 3575 2865 3639 Παῦλος,
2894 3577 3220 3647 ἀσύγκριτον
3250 3578 3441 3630 τούτου
3466 3578 3601 3648 πρὸς
3622 3580 3762 3631 ἐκεί-

2182 3683 2305 3728 νους
2337 3665 2601 3736 διαφορὰν
2625 3667 2770 3736 ἡμᾶς
2794 3665 3055 3729 ἐδίδαξεν,
3081 3667 3226 3733 λέγω
3253 3667 3315 3738 δὴ
3336 3666 3431 3719 τοῦ
3464 3667 3759 3736 λεγομένου

2182 3756 2491 3827 κεχρῖσθαι’
2534 3756 2625 3809 τὸν
2652 3757 2750 3827 μὲν
2777 3760 2905 3828 γὰρ,
2935 3758 3063 3811 Υἱὸν
3086 3761 3179 3811 καὶ
3208 3758 3301 3811 τοῦ
3342 3759 3552 3828 Πατρὸς
3582 3758 3761 3810 ἀπαύο

2182 3866 2374 3919 γασμα
2404 3850 2499 3901 καὶ
2540 3850 2867 3921 χαρακτῆρα
2892 3850 2993 3919 τῆς
3024 3851 3376 3912 ὑποστάσεως
3406 3849 3571 3903 αὑτοῦ
3590 3866 3602 3880 ο
3632 3851 3761 3912 τοὺς

2180 3939 2259 4003 δὲ,
2296 3942 2583 4010 προφήτας
2615 3942 2898 4011 ὠνόμασεν
2921 3960 2936 3975 ο
2966 3942 3057 3995 καὶ
3094 3943 3156 3995 τό
3201 3959 3264 4008 γε
3299 3942 3636 4013 θαυμαστὸν,
3675 3942 3759 3994 ὅτι

2184 4031 2325 4101 μετὰ
2356 4032 2566 4086 τούτων
2600 4034 2711 4086 τῶν
2742 4034 2986 4106 ὑψηλῶν,
3020 4035 3114 4088 τοῦ
3156 4036 3453 4108 χρίσματος
3479 4036 3574 4088 καὶ
3597 4033 3759 4098 αὑτὸς

2180 4124 2619 4194 ἐμνημόνευσεν·
2672 4146 2688 4175 ι
2723 4127 3052 4198 Πολνμερῶς
3084 4121 3215 4199 γὰρ,
3249 4128 3433 4196 φησὶν,
3461 4128 3553 4180 καί
3592 4125 3759 4179 πολυ-

2180 4218 2397 4289 τρόπως
2425 4219 2597 4272 πάλαι
2630 4220 2659 4271 6
2694 4219 2825 4282 θεὸς
2849 4219 3088 4291 λαλήσας
3118 4223 3228 4283 τοῖς
3258 4221 3527 4290 πατράσιν
3561 4222 3617 4272 ὲν
3648 4222 3759 4282 τοῖς

2181 4310 2511 4380 προφήταις,
2545 4312 2632 4363 ἐπ’
2664 4312 2905 4381 ἐσχάτων
2942 4312 3049 4365 τῶν
3075 4312 3295 4383 ἡμερῶν
3330 4311 3533 4364 τούτων
3567 4310 3760 4379 ἐλάλη-

2184 4418 2275 4453 σεν
2304 4404 2434 4471 ἡμῖν
2462 4403 2519 4454 ἐν
2547 4401 2682 4473 mp,
2706 4402 2764 4455 ὃν
2786 4402 2948 4473 ἔθηκε
2977 4403 3314 4473 κληρονόμον
3341 4404 3577 4467 πάντων,
3610 4402 3675 4454 δι’
3697 4394 3759 4454 οῦ

500 4508 623 4544 eum
661 4493 733 4545 sit
764 4490 1021 4560 splendor
1051 4491 1234 4557 gloria:
1272 4500 1327 4545 et
1376 4494 1547 4560 ﬁgura
1593 4493 1908 4546 substantiae
1936 4492 2073 4561 ejus,

2183 4492 2405 4561 ἐποίησε
2443 4495 2568 4558 τοὺς
2597 4494 2796 4558 αἰῶνας
2817 4512 2832 4528 ο
2859 4495 2917 4557 ὃς
2951 4494 3025 4547 ὢν
3054 4495 3395 4565 ἀπαύγασμα
3436 4493 3535 4561 τῆς
3578 4492 3758 4563 δόξης,

500 4591 835 4650 portansque
868 4582 1047 4635 omnia
1079 4584 1243 4635 verbo
1283 4583 1503 4635 virtutis
1533 4598 1663 4646 sum,
1716 4594 1838 4647 post
1875 4598 2063 4652 purga-

498 4675 701 4727 tionem
733 4685 1076 4743 peccatorum
1107 4673 1324 4739 factam,
1345 4674 1593 4728 consedit
1616 4674 1669 4727 in
1700 4675 1927 4728 dextera
1955 4691 2071 4727 ma-

495 4762 708 4830 jestatis
739 4763 791 4815 in
814 4763 1043 4816 excelsis
1070 4764 1138 4815 “.
1176 4781 1194 4815 ›
1229 4764 1293 4816 Et
1337 4764 1499 4832 paulo
1546 4775 1665 4832 post
1707 4766 1782 4817 ait
1811 4780 1824 4812 :
1864 4783 1881 4815 ι
1915 4765 1976 4818 Et
2007 4766 2073 4817 ad

500 4855 722 4924 angelos
753 4856 969 4923 quidem
1006 4856 1135 4909 dicit
1170 4874 1182 4909 :
1216 4858 1316 4921 Qui
1352 4857 1481 4909 l'acit
1511 4858 1732 4925 angelos
1751 4872 1878 4911 suos
1910 4859 2075 4926 spiri-

501 4957 607 5010 tus,
646 4956 699 4999 et
734 4947 1015 5002 ministros
1056 4963 1185 5003 suos
1230 4949 1506 5001 ﬂammam
1544 4950 1716 5018 ignis;
1768 4951 1835 5003 ad
1873 4948 2070 5003 Filium

500 5050 681 5092 autem
725 5054 739 5091 :
773 5040 1027 5093 Thronus
1078 5049 1220 5099 tuus.
1258 5038 1435 5106 Deus,
1471 5041 1523 5093 in
1558 5040 1814 5095 szeculum
1845 5042 2026 5095 sa:culi
2058 5059 2071 5105 ;

500 5131 650 5200 virga
678 5131 969 5199 aequitatis,
1003 5132 1151 5199 virga
1192 5132 1346 5201 regni
1382 5132 1481 5185 tui.
1517 5131 2073 5201 Dilexistijustitiam.

501 5230 557 5273 et
582 5222 742 5274 odisti
771 5223 1111 5288 iniquitatem
1140 5240 1152 5273 :
1188 5233 1474 5292 pmpterea
1503 5225 1660 5276 unxit
1688 5235 1739 5277 te
1773 5227 1912 5279 Dens
1937 5223 2076 5278 Deus

508 5320 629 5363 tuus
678 5312 799 5365 oleo
848 5314 1236 5367 exsultationis
1264 5330 1372 5381 prie
1424 5316 1781 5384 participibus
1825 5317 1929 5369 tuis
1948 5317 2015 5369 ⁸⁷.
2051 5334 2069 5365 ι

576 5486 623 5518 ⁸³
660 5486 797 5540 Psal.
834 5507 1051 5555 thxvt,
1080 5492 1131 5547 5.
1210 5492 1255 5523 ³⁵
1290 5492 1431 5547 Psal.
1472 5509 1614 5555 XLIV,
1651 5496 1701 5554 7,
1731 5495 1779 5547 8.

580 5668 659 5743 (1)
675 5666 747 5721 lta
776 5670 1172 5743 interpungitur
1189 5673 1241 5726 in
1264 5680 1497 5743 utroque
1512 5674 1697 5743 Cyrilli
1716 5676 1921 5739 codice,
1949 5691 2075 5731 nec-

509 5753 616 5793 nou
646 5742 699 5794 in
732 5741 969 5795 editione
997 5741 1253 5797 Vaticana
1275 5741 1569 5799 liiblioruni
1593 5746 1925 5801 Graecorum.

2179 4586 2272 4637 καὶ
2299 4586 2589 4656 χαρακτὴρ
2621 4585 2721 4652 τῆς
2760 4586 3108 4648 ὑποστάσεως
3153 4586 3341 4648 αὑτοῦ,
3381 4584 3561 4657 φέρων
3601 4600 3660 4637 τε
3692 4584 3763 4636 τὰ

2186 4677 2366 4730 πάντα
2388 4676 2469 4747 τῷ
2496 4679 2701 4749 ῥήματι
2730 4678 2830 4748 τῆς
2865 4676 3148 4749 δυνάμεως
3195 4678 3382 4741 αὑτοῦ,
3417 4676 3762 4747 καθαρισμὸν

2180 4769 2290 4820 τῶν
2324 4769 2606 4840 ἁμαρτιῶν
2652 4770 3042 4840 ποιησάμενος,
3091 4769 3345 4823 ἐκάθισεν
3374 4772 3433 4822 ἐν
3465 4766 3615 4838 δεξιᾷ
3660 4768 3759 4835 τῆς

2188 4861 2584 4931 μεγαλωσύνης
2615 4864 2671 4913 ὲν
2704 4861 2945 4932 ὑψηλοῖς.
2992 4881 3009 4912 ι
3062 4862 3171 4915 Καὶ
3222 4861 3340 4931 μετ’
3370 4860 3528 4928 ὀλίγα
3560 4858 3759 4929 φησίνδ

2189 4973 2207 5004 ‹
2241 4955 2351 5006 Καὶ
2384 4954 2523 5025 πρὸς
2559 4956 2656 5025 μὲν
2690 4956 2815 5019 τοὺς
2851 4953 3117 5023 ἀγγέλους
3148 4954 3297 5021 λέγει
3318 4971 3331 4983 ·
3361 4954 3420 5006 'O
3442 4950 3610 5005 ποιῶν
3638 4951 3762 5014 τοὺς

2182 5046 2447 5113 ἀγγέλους
2476 5047 2642 5101 αὑτοῦ
2677 5046 2983 5116 πνεύματα,
3022 5048 3117 5099 καὶ
3146 5047 3272 5109 τοὺς
3300 5043 3648 5113 λειτουργοὺς
3669 5041 3761 5094 αὑο

2183 5138 2276 5189 τοῦ
2309 5138 2479 5209 πυρὸς
2514 5140 2713 5207 φλόγα·
2750 5140 2888 5210 πρὸς
2916 5139 2971 5193 δὲ
2997 5140 3087 5191 τὸν
3110 5140 3237 5192 Υἱόν
3255 5154 3266 5166 ⁸
3312 5139 3371 5190 '0
3397 5137 3582 5207 θρόνος
3615 5151 3707 5187 σου
3736 5135 3761 5185 ό

2185 5229 2338 5305 Θεὸς,
2365 5232 2444 5293 εἱς
2475 5231 2564 5283 τὸν
2597 5230 2771 5285 αἰῶνα
2794 5230 2891 5283 τοῦ
2922 5230 3119 5294 αἰῶνος
3139 5246 3151 5259 ·
3189 5230 3384 5301 ῥάϐδος
3410 5227 3699 5297 εὐθύτητος
3728 5227 3760 5294 ἡ

2188 5320 2382 5387 ῥάϐδος
2424 5322 2519 5390 τῆς
2566 5322 2839 5391 βασιλείας
2874 5339 3006 5374 σου·
3058 5323 3354 5393 ἠγάπησας
3394 5320 3759 5390 δικαιοσύνην,

1865 5496 1911 5527 ⁸⁸
1945 5494 2112 5551 Hebr.
2148 5514 2185 5561 ι,
2221 5496 2339 5550 1-7.
2394 5498 2465 5537 ν⁵⁷
2504 5496 2630 5549 ibid.
2670 5496 2724 5561 8,
2755 5496 2807 5551 9.

2257 5676 2332 5744 (2)
2362 5675 2535 5728 Simili
2582 5674 2855 5728 locutione
2904 5675 3074 5730 utitur
3123 5672 3385 5731 Eusebius
3431 5674 3485 5730 in
3527 5674 3762 5731 secundo

2184 5744 2535 5815 Theoplmnite
2573 5744 2893 5814 fragmento.
