4104 6336
410 433 415 451 ι
424 350 531 408 365

1512 344 1702 414 QUOD
1740 344 1806 404 Β.
1846 344 2061 402 MARIA
2101 342 2210 401 SIT
2250 342 2571 401 DEIPARA.

3556 339 3667 397 266

429 476 521 530 καὶ
558 471 825 543 ἐμίσησας
849 469 1064 523 ἀδικίαν
1086 482 1100 497 ⁸
1130 460 1217 521 διὰ
1241 464 1398 520 τοῦτο
1428 465 1640 536 ἔχρισέν
1673 482 1731 519 σε
1754 468 1783 519 ὁ
1810 462 1943 529 Θεὸς
1966 467 1995 520 ὸ

2101 462 2296 520 Cernis
2346 474 2511 530 quam
2572 459 2747 515 aliena
2792 455 2866 514 sit
2912 470 2943 511 a
2989 454 3210 513 Christo
3254 453 3667 519 inhabitationis

424 566 557 629 Θεός
603 581 699 617 σου
749 561 928 615 ἔλαιον
973 558 1345 629 ἀγαλλιάσεως
1380 558 1530 627 παρὰ
1556 559 1685 629 τοὺς
1732 558 1995 630 μετόχους

428 673 541 710 σου.
572 673 591 707 ι
630 654 867 722 θεωροῖς
914 650 988 713 ὡς
1019 648 1226 719 σφόδρα
1265 646 1544 716 ἀλλότριος
1591 649 1684 700 ἐπὶ
1719 646 1815 701 τοῦ
1860 648 1997 719 Χρι-

428 743 555 798 στοῦ
583 745 612 795 ὁ
642 742 742 810 τῆς
770 741 1093 809 ἐνοικήσεως
1123 737 1281 808 δροςς
1308 737 1375 793 Et
1402 736 1458 788 δὲ
1486 735 1732 803 λέγουσιν
1760 733 1995 789 ὲνταίθσ.

424 834 523 906 τὴν
547 833 819 900 ἐνοίκησιν
854 831 927 900 μὴ
960 831 1071 890 τοῖς
1100 827 1273 896 ἁγίοις
1293 826 1512 897 ὁμοίως,
1543 826 1680 879 ἀλλὰ
1704 825 1826 880 καθ’
1858 826 1995 879 ῑνω-

427 942 513 980 σιν
544 925 636 977 τὸν
672 923 843 990 Λόγον
877 920 1013 991 πρὸς
1041 918 1327 988 ἄνθρωπον
1354 921 1418 971 ἐκ
1457 918 1555 986 τῆς
1593 918 1868 988 Παρθένου
1905 935 1994 969 τε..

424 1018 622 1087 χθέντα
648 1013 1005 1083 γεγενῆσθαι,
1051 1012 1110 1065 οὐ
1142 1009 1363 1063 δυνατὸν
1400 1010 1497 1080 μὲν
1543 1008 1680 1079 μετὰ
1713 1008 1814 1079 τὴν
1862 1010 1998 1062 eno.

424 1106 619 1178 κύησιν
666 1105 861 1158 ἕνωσιν
908 1100 1086 1173 ἀληθῆ
1137 1101 1411 1169 λέγεσθαι,
1444 1100 1558 1154 ἀλλ’
1610 1101 1644 1170 ἢ
1702 1100 1861 1171 μόνον
1898 1100 1995 1172 τὴν

424 1198 565 1251 κατὰ
592 1196 748 1268 χάριν
780 1196 875 1249 καὶ
910 1196 1145 1268 μετοχὴν
1176 1192 1272 1246 τοῦ
1305 1193 1460 1257 Θεοῦ,
1490 1193 1567 1254 ὡς
1608 1195 1665 1245 ἐν
1691 1198 1801 1255 τοῖς
1822 1194 1995 1262 ἁγίοις

424 1288 588 1343 πάλιν
619 1290 852 1356 ἐγένετο.

492 1381 557 1435 θ’.
583 1381 647 1435 Ei
668 1381 725 1433 δὲ
750 1378 984 1432 ἐνταῦθα
1008 1380 1107 1449 τὴν
1134 1378 1410 1448 ἐνοίκησιν
1428 1378 1624 1432 ἕνωσιν
1647 1375 1784 1432 εἶναι
1810 1378 1996 1447 λέγου-

424 1490 529 1538 σιν,
550 1474 649 1526 οὐκ
686 1476 744 1525 ιν
770 1475 836 1543 τῇ
878 1473 1161 1543 Παρθένῳ,
1198 1472 1332 1525 ἀλλὰ
1369 1472 1504 1542 μετὰ
1548 1472 1607 1525 τὸ
1645 1470 1901 1541 τεχθῆναι
1937 1471 1995 1536 ἐξ

422 1561 616 1631 αὐτῆς,
647 1563 779 1631 φέρε
819 1563 915 1616 καὶ
955 1561 1100 1615 οὕτω
1123 1562 1184 1613 τὸ
1214 1560 1503 1631 λεγόμενον
1532 1560 1895 1631 ἐξετάσωμεν.
1931 1560 1994 1613 El

417 1653 509 1707 διὰ
530 1652 687 1706 τοῦτο
710 1654 790 1715 είς
818 1653 878 1706 τὸ
911 1652 1007 1707 τοῦ
1037 1652 1207 1719 Λόγου
1240 1653 1536 1723 πρόσωπον
1566 1653 1626 1704 τὸ
1656 1653 1880 1722 χρίσμα.
1908 1651 1998 1705 Εἰ-

425 1744 624 1816 ρῆσθαι
658 1743 930 1812 λέγουσιν,
967 1743 1056 1798 διὰ
1102 1742 1165 1796 τὸ
1212 1746 1451 1798 συνεῖναι
1480 1743 1575 1795 καὶ
1621 1742 1883 1813 ἡνῶσθαι,
1917 1741 1994 1805 ὡς

2101 553 2393 611 deﬁnitio?
2425 553 2578 621 Quod
2606 552 2653 608 si
2684 552 2771 607 hic
2804 549 2989 606 dicant
3021 548 3473 607 inbabitationem
3522 550 3667 608 haud

2100 656 2359 717 tanquam
2385 645 2439 701 in
2471 645 2677 701 sanctis
2705 683 2721 709 ,
2776 644 2870 699 sed
2917 654 3037 698 eam
3078 655 3198 711 quae
3223 641 3366 699 facta
3407 641 3569 698 fuerit
3596 657 3667 700 ex

2097 740 2478 809 conjunctione
2504 736 2665 793 Verbi
2697 750 2819 792 cum
2858 734 3083 792 homine
3135 735 3201 792 de
3248 733 3472 807 Virgine
3514 751 3667 804 nato,

2100 833 2491 901 respondemus
2518 831 2716 885 nullam
2749 830 2915 885 licere
2946 838 3068 898 post
3095 837 3314 898 partum
3344 831 3526 886 dicere
3582 831 3668 885 la-

2103 933 2247 980 etam
2278 923 2741 991 coniunctionem,
2773 921 2876 977 nisi
2907 936 3022 977 eam
3042 937 3162 991 qua:
3201 936 3267 976 ex
3294 922 3465 992 gratia
3491 927 3547 976 et
3574 921 3668 976 Dei

2097 1015 2511 1087 participatione
2534 1016 2614 1080 iit,
2660 1014 2967 1085 cujusmodi
2998 1029 3188 1070 rursus
3226 1015 3315 1072 aio
3359 1013 3507 1070 illam
3540 1028 3670 1071 san-

2096 1116 2305 1162 ctorum
2329 1121 2450 1162 eum
2479 1105 2590 1162 Deo
2615 1105 2783 1161 fuisse

2164 1368 2219 1424 9.
2248 1367 2400 1437 Quod
2434 1368 2479 1424 si
2524 1365 2790 1424 vocabulo
2837 1361 3190 1422 habitationis
3231 1368 3667 1437 coniunctionem

2096 1461 2402 1529 intelligunt
2418 1475 2523 1515 non
2537 1458 2682 1513 illam
2700 1459 2842 1513 intra
2862 1459 3139 1530 Virginem
3164 1461 3383 1526 factam,
3408 1463 3502 1517 sed
3521 1470 3670 1531 post-

2094 1568 2255 1623 quam
2272 1552 2427 1608 Jesus
2454 1551 2521 1608 de
2549 1550 2664 1622 ipsa
2696 1560 2855 1607 natus
2881 1553 3078 1615 fuerat,
3112 1566 3232 1623 age,
3272 1554 3326 1609 id
3352 1566 3567 1624 quoque
3597 1553 3666 1609 ad

2101 1646 2357 1699 trutinam
2389 1646 2785 1713 expendamus.
2820 1644 2879 1699 Si
2915 1644 3119 1700 idcirco
3143 1647 3209 1702 de
3239 1643 3404 1702 Verbi
3433 1661 3667 1717 persona

2098 1737 2412 1791 unctionem
2440 1736 2790 1806 praedicatam
2815 1737 2988 1799 alunt.
3014 1737 3142 1805 quia
3173 1737 3521 1805 coniunctum
3548 1739 3671 1795 uni-

422 1836 574 1889 αὐτοί
603 1853 759 1905 φασι,
788 1835 867 1905 τῷ
895 1834 1167 1907 ἀνθρώπῳ
1190 1834 1279 1888 τὸν
1303 1836 1493 1903 Λόγον,
1520 1835 1733 1898 πάντως
1761 1835 1843 1887 ὅτι
1875 1834 1994 1904 μεθ’

2101 1836 2329 1896 tumque
2356 1827 2541 1891 fuerit,
2571 1837 2634 1881 ut
2658 1827 2757 1897 ipsi
2789 1828 2964 1896 aiunt,
3018 1828 3223 1883 homini
3277 1829 3528 1896 Verbum,
3554 1845 3673 1886 om-

416 1920 615 1981 ’ἕνωσιν
658 1928 821 1982 αὐτὸν
872 1928 1156 1997 κεκρίσθαι
1202 1927 1380 1989 λέγειν
1406 1927 1463 1990 ἐξ
1485 1928 1731 1997 ἀνάγκης
1763 1928 1997 1997 ἀπαιτη-

419 2017 679 2087 θήσονται
701 2028 718 2047 "
751 2018 840 2070 τὸν
871 2019 980 2089 γὰρ
1020 2018 1153 2071 Θεὸν
1188 2018 1359 2087 Λόγον
1404 2021 1433 2072 ό
1466 2020 1773 2089 προφήτης,
1808 2020 1886 2072 ἔτι
1930 2035 1993 2087 γε

427 2111 534 2182 μὴν
558 2111 649 2165 καὶ
674 2112 702 2162 ό
740 2111 1062 2173 Ἀπόστολος
1095 2111 1446 2181 θεολογήσας,
1486 2110 1635 2180 αὐτῷ
1664 2113 1761 2165 καὶ
1788 2111 1849 2164 τὸ
1878 2112 1996 2182 χρίο

427 2218 539 2270 σμα
577 2201 823 2271 φανερῶς
848 2200 1141 2271 ἀνέθηκεν.
1178 2202 1242 2255 Et
1296 2203 1478 2257 τοίνυν
1514 2201 1601 2255 διὰ
1641 2203 1742 2273 τὴν
1780 2204 1995 2267 ἕνωσιν,

420 2293 517 2347 καὶ
543 2291 606 2346 τὸ
638 2297 877 2347 συνεῖναι
901 2294 1062 2347 αὐτὸν
1082 2292 1160 2365 τῷ
1182 2294 1473 2365 ἀνθρώπῳ,
1499 2295 1561 2349 τὸ
1589 2294 1682 2347 τοῦ
1703 2294 1995 2365 ἀνθρώπου

422 2384 501 2456 τῷ
536 2386 693 2456 Λόγῳ
731 2384 1141 2457 προσάπτουσιν
1175 2389 1223 2439 οί
1271 2386 1440 2454 ἅγιοι,
1475 2386 1613 2456 μετὰ
1654 2388 1752 2457 τὴν
1800 2387 1995 2440 ἕνωσιν

423 2476 556 2530 αὐτὸ
583 2476 642 2529 τὸ
671 2476 878 2547 χρίσμα
911 2475 1243 2546 γεγενῆσθαι
1273 2478 1490 2540 πάντως
1528 2478 1954 2547 ὁμολογήσουσιν
1979 2494 1993 2508 ·

423 2571 472 2621 εί
499 2568 557 2622 δὲ
598 2569 737 2639 μετὰ
766 2572 865 2638 τὴν
904 2570 1099 2625 ἕνωσιν
1133 2569 1438 2641 κέχρισται,
1474 2570 1572 2640 τὴν
1607 2570 1661 2623 δὲ
1708 2568 1902 2623 ἕνωσιν
1932 2571 1994 2624 οὐ

426 2662 703 2732 βούλονται
757 2662 939 2730 λέγειν
973 2657 1103 2732 πρὶν
1152 2663 1217 2715 ἑκ
1248 2658 1349 2730 τῆς
1390 2660 1670 2731 Παρθένου
1702 2660 1959 2731 τεχθῆναι
1980 2701 1995 2725 ,

419 2753 543 2806 οὐδὲ
590 2753 953 2824 Χριστοτόκος
982 2752 1167 2807 οὐκέτι
1216 2752 1354 2821 πρὸς
1408 2749 1587 2803 αὐτῶν
1640 2751 1673 2822 ἡ
1721 2749 1998 2821 Παρθένος

418 2836 921 2908 ὁμολογηθήσεταιο
977 2837 1026 2889 εἰ
1076 2836 1186 2905 γὰρ
1234 2834 1622 2904 Χριστστόκος,
1654 2834 1873 2896 πάντως
1915 2834 1999 2887 ὅτι

424 2928 518 2981 καὶ
542 2926 802 2989 Θεοτὸκος
821 2945 836 2959 ·
868 2928 917 2981 εἰ
948 2926 1005 2979 δὲ
1036 2928 1097 2981 οὺ
1133 2926 1414 2989 Θεοτόκος,
1445 2925 1567 2979 οὐδὲ
1597 2926 1957 2994 Χριστοτόκος
1977 2960 1994 2979 .

424 3018 486 3072 Ei
511 3019 619 3090 γὰρ
644 3020 705 3070 τὸ
735 3020 944 3089 χρίσμα
980 3018 1119 3089 μετὰ
1151 3017 1248 3088 τὴν
1282 3018 1599 3079 Evenerant
1626 3017 1715 3070 διὰ
1735 3015 1891 3069 τοῦτο
1920 3018 2000 3080 εἰς

421 3107 483 3161 τὸ
503 3107 597 3162 τοῦ
628 3108 803 3177 Λόγου
833 3109 1124 3177 πρόσωπον
1148 3107 1305 3164 τοῦτο
1326 3107 1568 3175 λέγεται,
1590 3107 1690 3179 τὴν
1714 3108 1770 3161 δὲ
1804 3107 1999 3161 ἕνωσιν

2098 1919 2231 1973 nino
2269 1927 2391 1987 post
2438 1918 2877 1984 conjunctionem
2914 1920 3087 1989 ipsum
3121 1932 3339 1974 unctum
3371 1919 3534 1975 fuisse
3590 1920 3673 1975 di-

2095 2025 2221 2065 cere
2254 2011 2565 2066 uecessario
2589 2020 2873 2080 cogentur.
2902 2011 3037 2066 Nam
3072 2011 3240 2067 Deum
3269 2010 3503 2067 Verbum
3538 2028 3667 2085 pro;

2097 2099 2281 2169 pheta,
2315 2114 2414 2155 nec
2442 2114 2548 2155 non
2577 2101 2870 2170 Apostolus
2917 2102 3224 2172 theologico
3269 2117 3520 2157 sermone
3570 2104 3668 2158 de-

2096 2193 2362 2259 scribens,
2384 2192 2560 2248 eidem
2578 2194 2739 2249 etiam
2763 2194 3075 2249 unctionem
3097 2193 3382 2250 manifeste
3400 2194 3666 2252 attribuit.

2098 2284 2157 2340 Si
2192 2283 2333 2339 forte
2373 2283 2540 2353 igitur
2581 2294 2803 2355 prapter
2842 2284 3319 2353 conjunctionems
3350 2293 3403 2340 et
3447 2296 3671 2355 propter

2098 2376 2215 2446 ejus
2249 2392 2373 2431 cum
2399 2376 2621 2430 homine
2646 2376 3111 2442 coexsistentiam,
3161 2377 3408 2446 quodest
3438 2377 3671 2432 hominis

2096 2468 2376 2537 proprium
2405 2465 2584 2523 Verbo
2605 2468 3018 2523 accommodant
3058 2468 3301 2539 prmdicti
3327 2470 3526 2535 sancti,
3560 2469 3670 2523 uti-

2100 2572 2208 2627 que
2233 2567 2355 2628 post
2385 2558 2821 2626 coniunctionem
2868 2559 3044 2628 ipsum
3066 2560 3303 2614 chrisma
3327 2560 3528 2615 factum
3552 2574 3675 2617 esse

2100 2663 2324 2716 prorsus
2357 2649 2782 2705 conﬁtebuntur.
2832 2646 2949 2705 Jain
2982 2650 3027 2707 si
3068 2664 3192 2722 post
3231 2653 3669 2722 coniunctionem

2098 2738 2257 2796 Jesus
2284 2750 2481 2796 unctus
2512 2741 2631 2805 fuit,
2664 2742 3102 2815 conjunctionem
3136 2754 3316 2800 autem
3344 2746 3543 2801 nullam
3591 2748 3675 2802 die

2106 2848 2235 2889 cere
2272 2834 2463 2889 volunt
2512 2844 2641 2889 ante
2697 2835 2819 2903 ejus
2847 2850 2914 2890 ex
2958 2834 3179 2906 Virgine
3217 2848 3443 2902 ortum,
3490 2841 3674 2911 sequi-

2101 2934 2191 2980 tur
2242 2933 2304 2979 ut
2355 2925 2445 2979 isti
2507 2940 2574 2979 ne
2643 2923 3039 2997 Christiparam
3108 2928 3325 2996 quidem
3380 2926 3671 3001 Virginem

2101 3016 2485 3072 conﬁteantur.
2531 3015 2664 3069 Nam
2721 3016 2767 3070 si
2801 3015 3163 3085 Christipara,
3202 3032 3432 3086 prorsus
3466 3028 3520 3075 et
3549 3018 3675 3076 Dei-

2104 3122 2237 3179 para
2292 3124 2307 3162 :
2373 3107 2420 3163 si
2476 3108 2655 3163 minus
2721 3107 2980 3179 Deipara,
3010 3108 3197 3178 utique
3235 3125 3335 3166 nec
3367 3110 3679 3185 Christipa-

426 3201 566 3271 μετὰ
598 3202 699 3271 τὴν
725 3204 788 3255 ἐκ
812 3204 912 3271 τῆς
946 3200 1224 3270 Παρθένου
1256 3193 1513 3271 γέννησιν
1544 3199 1870 3271 γεγενῆσθαι
1906 3200 1997 3253 λέ-

2106 3218 2186 3257 ra.
2236 3200 2374 3255 Nam
2440 3202 2485 3256 si
2518 3200 2707 3256 unctio
2766 3210 2893 3271 post
2917 3202 3356 3273 coniunctionem
3381 3202 3503 3271 fuit,
3542 3221 3675 3276 pro-

423 3303 632 3359 γουσιν,
662 3293 783 3345 οὐδὲ
826 3293 1191 3364 Χριστοτόκος
1224 3292 1406 3345 οὐκέτι
1450 3291 1835 3363 εὑρεθήσεταν
1868 3294 1915 3345 εἰ
1942 3289 2000 3347 δὲ

425 3384 806 3455 Χριστοτὼιος,
831 3387 925 3440 καὶ
946 3386 1210 3448 Θεοτὸκος
1229 3400 1244 3416 ο
1276 3384 1369 3438 τοῦ
1398 3383 1509 3454 γὰρ
1550 3384 1853 3455 χρίσματος
1893 3384 2000 3454 πρὸ

424 3479 523 3547 τῆς
544 3477 789 3541 ἔνώσεως
826 3477 900 3549 μὴ
930 3478 1232 3548 δυναμένου
1265 3478 1524 3543 νοεῖσθαι,
1555 3480 1605 3530 εί
1635 3477 2001 3548 Χριστοτόκος

423 3572 456 3640 ἡ
495 3570 791 3640 Παρθένος,
832 3572 889 3622 ὲν
920 3572 1057 3640 αὐτῇ
1115 3569 1180 3639 δὴ
1225 3569 1324 3640 τῆς
1374 3568 1621 3631 ἐνώσεως
1662 3568 1998 3639 γενομένης,

418 3660 607 3715 οὐκέτι
635 3661 944 3731 ἄνθρωπον,
969 3662 1046 3724 ὡς
1074 3661 1226 3714 αὐτοί
1265 3678 1451 3729 φασιν,
1478 3659 1594 3712 ἀλλ’
1628 3658 1901 3714 ἑνωθέντα
1920 3660 2000 3731 τῷ

425 3751 583 3821 Λόγῳ
604 3753 935 3821 γεννήσασα,
962 3751 1222 3814 Θεοτὸκος
1248 3749 1469 3814 δικαίως
1492 3749 1558 3803 ἂν
1580 3750 1815 3818 λέγοιτο*
1840 3750 1891 3803 εί
1911 3766 1997 3820 γε,

425 3842 607 3906 καθὼς
637 3842 945 3913 ἔμπροσθεν
969 3841 1207 3913 εἴρηται,
1237 3840 1335 3911 τὴν
1368 3841 1563 3894 ἕνωσιν
1596 3842 1791 3912 ἀληθῆ,
1813 3843 1909 3895 καὶ
1936 3842 1997 3895 οὗ

426 3931 680 4001 καθάπερ
718 3934 776 3985 ὲν
818 3934 931 3995 τοῖς
970 3931 1145 4000 ἁγίοις
1202 3929 1475 4000 λέγουσιν.
1512 3930 1683 3984 Τοῦτο
1707 3928 1764 3984 δέ
1794 3948 1996 4001 φαμεν,

425 4020 507 4074 ὅτι
539 4021 601 4073 οὐ
626 4020 849 4074 δυνατὸν
881 4021 1074 4075 ἒικυσιν
1103 4020 1277 4091 ἀληθῆ
1298 4019 1478 4089 λέγειν
1510 4020 1648 4093 μετὰ
1678 4020 1776 4091 τὴν
1804 4021 2000 4092 γέννη-

428 4125 543 4162 σιν·
583 4112 746 4179 ὴμείς
793 4109 850 4163 δὲ
879 4110 981 4167 οὐκ
1024 4109 1315 4181 ἄνθρωπον
1365 4109 1484 4180 θεῷ
1530 4110 1822 4177 ὲνωθὲντα,
1864 4111 2001 4166 ἀλλὰ

426 4199 559 4253 Θιὸν
587 4201 658 4254 τὰ
685 4199 1001 4271 ἀνθρώπινα
1033 4202 1472 4273 πῳσλαὸόμενον
1493 4202 1718 4273 οἴδαμεν
1739 4204 1829 4258 τὸν
1862 4205 1997 4274 Χρι·⁵

430 4292 573 4357 στὸν,
606 4292 751 4361 λέγω
792 4293 855 4365 δὴ
895 4294 1075 4363 σῶμα,
1121 4294 1217 4348 καὶ
1244 4294 1446 4366 ψυχὴν,
1494 4297 1585 4350 καὶ
1626 4294 1752 4349 νοῦν
1778 4295 2001 4359 τελείως

429 4384 599 4456 χωρὶς
649 4385 927 4455 ἁμαρτίας
978 4384 1231 4439 ἐνοῠσθαι
1271 4387 1339 4455 τῇ
1398 4385 1531 4456 ἁγίᾳ
1586 4386 1865 4458 Παρθένῳ.
1901 4388 2002 4442 Διὰ

427 4473 587 4528 τοῦτο
620 4474 724 4528 κᾶν
756 4474 1041 4546 ἄνθρωπον
1068 4475 1311 4546 ἀκούσης
1341 4475 1433 4528 τὸν
1465 4476 1698 4546 Χριστὸν
1736 4478 2000 4549 ὀνομαζό-

433 4581 615 4633 μενον,
649 4564 724 4636 μὴ
756 4564 1108 4619 ὲπιλανθάνου
1137 4567 1219 4619 ὅτι
1248 4566 1342 4619 καὶ
1381 4566 1513 4631 Θεὸς
1543 4569 1763 4637 γέγονεν
1782 4589 1795 4599 ·
1827 4570 2000 4636 οὕτως

431 4656 790 4729 ἐπιστάμενος
819 4659 847 4710 ό
901 4658 1170 4729 μακάριος
1196 4657 1431 4724 Παῦλος,
1466 4661 1598 4713 ’ποτὲ
1628 4662 1682 4713 δὲ
1712 4661 1845 4716 Θεὸν
1873 4665 2002 4733 ὲκήο

433 4762 655 4818 ρυττεν·
694 4767 713 4799 ι
750 4749 1073 4821 Μνημόνευε
1125 4751 1257 4820 γὰρ,
1294 4750 1477 4821 φησὶν,
1524 4752 1730 4821 Ἰησοῦν
1765 4755 2002 4824 Χριστὸν

432 4840 803 4911 ἐγηγερμένον
832 4841 897 4893 ὲκ
924 4840 1157 4913 νεκρῶν,
1189 4843 1285 4895 καὶ
1308 4844 1374 4896 ἐκ
1414 4843 1726 4913 σπέρματος
1755 4846 1939 4898 Δαὸίδ.
1976 4866 1994 4898 ι

430 4929 540 4983 Καὶ
568 4930 730 4985 πάλιν
750 4946 764 4961 ⁶
804 4949 823 4984 ι
847 4932 905 4985 ’0
934 4932 989 4986 δὲ
1013 4932 1145 5001 Θεὸς
1173 4935 1267 4987 καὶ
1293 4934 1387 4988 τὸν
1405 4936 1609 5006 Κύριον
1638 4935 1882 5005 ἦγειρεν,
1908 4938 2004 4990 καὶ

432 5022 579 5091 ἡμᾶς
612 5021 874 5094 ἑξεγείρει
906 5023 993 5079 διὰ
1032 5025 1131 5095 τῆς
1163 5025 1447 5094 δυνάμεως
1488 5026 1671 5080 αὐτοῦ.
1703 5047 1720 5077 ι
1760 5026 2002 5091 Ἀκούεις

432 5113 524 5167 τὸν
550 5114 614 5167 ἔκ
639 5114 951 5186 σπέρματος
982 5116 1167 5183 Δαϐὶδ,
1186 5116 1280 5171 καὶ
1300 5118 1366 5171 ἐκ
1390 5117 1603 5187 νεκρῶν
1628 5120 2002 5190 ἐγηγερμένον

434 5202 616 5271 σαφῶς
644 5206 1047 5277 κηρυττόμενον
1068 5224 1083 5273 ;

503 5471 554 5527 ι’.
586 5472 715 5525 ὀτε
750 5474 928 5530 τοίνυν
958 5474 1207 5547 ἐναργῶς
1238 5478 1636 5551 ἀποδέδεικται,
1655 5485 1758 5542 οὐκ
1784 5483 2002 5560 ἄνθρω-

428 5581 550 5632 πος,
581 5564 655 5628 ὡς
688 5566 888 5619 ἐκεῖνοι
923 5568 1251 5637 νομίζουσιν,
1283 5570 1397 5624 ἀλλ’
1434 5572 1463 5623 ὁ
1504 5576 1673 5643 ἀΐδιος
1724 5576 1819 5631 τοῦ
1852 5578 1996 5634 Θεοῦ

499 5746 549 5783 ⁸⁸
579 5748 619 5805 ιι
652 5747 795 5807 Tim.
830 5765 891 5815 ll,
922 5750 972 5804 8.
1047 5752 1093 5784 ⁸³
1120 5751 1162 5806 ll
1183 5752 1307 5808 Cor.
1351 5770 1424 5817 Iv,
1453 5756 1543 5814 1ιέ

822 5843 1091 5909 Parnm"
1135 5846 1249 5908 Gn.
1291 5848 1549 5914 LXXVI.

2102 3303 2393 3364 ptereaque
2422 3292 2473 3347 in
2502 3292 2666 3349 Verbi
2693 3308 2981 3362 personam
3012 3309 3075 3349 ea
3106 3304 3411 3362 reputatur,
3446 3296 3675 3366 conjun-

2102 3385 2338 3439 ctionem
2373 3392 2557 3439 autem
2594 3395 2713 3454 post
2747 3386 3090 3440 nativitatem
3122 3398 3187 3440 ex
3217 3382 3440 3454 Virgine
3475 3387 3675 3445 factam

2102 3477 2309 3538 dicunt,
2332 3491 2401 3529 ne
2432 3475 2822 3544 Christiparam
2851 3477 3069 3545 quidem
3100 3490 3220 3532 esse
3250 3479 3674 3548 comperiemus.

2105 3564 2273 3620 Secus
2316 3566 2363 3619 si
2414 3564 2751 3635 Christipara
2789 3579 2896 3631 est,
2954 3582 3086 3623 sane
3129 3576 3185 3622 et
3236 3567 3491 3640 Deipara.
3540 3570 3676 3628 Cum

2102 3657 2246 3712 enim
2264 3658 2447 3713 unctio
2470 3667 2597 3713 ante
2624 3656 3060 3725 coniunctionem
3085 3660 3314 3729 cogitari
3336 3677 3445 3718 non
3472 3663 3678 3735 possit,

2103 3749 2148 3802 si
2176 3748 2525 3816 Christipara
2555 3755 2642 3803 est
2668 3746 2859 3818 Virgo,
2910 3750 3165 3819 intraqne
3214 3765 3333 3805 eam
3364 3752 3678 3822 coniunctio

2103 3839 2251 3894 facta
2291 3840 2429 3905 l'uit,
2460 3854 2521 3892 ea
2574 3854 2695 3893 cum
2746 3854 2854 3893 non
2899 3840 3172 3896 hominem
3200 3880 3216 3907 ,
3253 3852 3311 3896 ut
3354 3844 3445 3899 isti
3473 3845 3627 3900 aiunt
3658 3882 3677 3912 ,

2103 3931 2198 3986 sed
2227 3932 2443 3984 unitum
2478 3929 2657 3987 Verbo
2678 3929 2955 3987 Christum
2986 3933 3278 4002 pepererit,
3298 3934 3529 4004 Deipara
3552 3936 3681 4007 jure

2104 4023 2363 4088 dicetur;
2404 4023 2707 4092 siquidem,
2747 4034 2807 4077 ut
2834 4033 2993 4080 antea
3028 4025 3229 4079 dictum
3270 4036 3396 4093 cst,
3440 4025 3509 4082 de
3552 4042 3682 4083 vera

2104 4116 2463 4181 adunatiouc,
2491 4129 2598 4169 non
2631 4125 2811 4171 autem
2844 4116 2911 4171 de
2956 4115 3047 4169 illa
3101 4131 3223 4187 quze
3270 4118 3324 4172 in
3356 4121 3565 4177 sanctis
3598 4120 3680 4187 ﬁt,

2103 4207 2419 4274 loquuntur.
2455 4204 2569 4262 Hoc
2602 4216 2782 4261 autem
2811 4206 3065 4274 dicimus,
3095 4208 3222 4278 quia
3254 4207 3369 4263 lieri
3404 4211 3600 4279 nequit
3625 4221 3683 4265 ut

2103 4316 2233 4356 vera
2267 4301 2526 4357 adunatlo
2554 4311 2676 4372 post
2719 4302 3060 4358 nativitatem
3103 4303 3336 4360 dicatur.
3391 4303 3499 4361 Nos
3552 4320 3684 4360 vero

2106 4409 2211 4447 non
2246 4394 2522 4448 hominem
2576 4393 2686 4448 Deo
2727 4394 2958 4461 unitum,
2990 4392 3086 4449 sed
3132 4394 3300 4449 Deum
3348 4395 3439 4465 qui
3487 4397 3681 4451 huma-

2104 4487 2327 4539 nitatem
2358 4484 2668 4556 assumpsit,
2704 4486 2795 4556 qui
2824 4498 3041 4554 corpus,
3082 4485 3399 4557 inquam,et
3441 4488 3682 4543 animam

2111 4592 2174 4631 ac
2208 4586 2441 4631 mentem
2474 4576 2712 4648 perfecte
2744 4578 2795 4633 in
2841 4589 3029 4633 sancta
3084 4578 3306 4650 Virgine
3335 4579 3437 4633 sihi
3483 4581 3679 4648 univit,

2115 4674 2263 4727 hunc.
2292 4673 2573 4727 Christum
2610 4685 2731 4728 esse
2756 4673 2981 4729 scimus.
3014 4674 3307 4742 Propterea
3338 4673 3553 4729 etiamsi
3584 4676 3683 4729 lio-

2111 4765 2309 4817 minem
2342 4763 2581 4818 audieris
2606 4762 2881 4818 Christum
2913 4763 3203 4829 nominati,
3243 4780 3311 4820 ne
3339 4763 3684 4821 obliviscaris

2108 4857 2357 4909 eumdem
2390 4864 2445 4909 et
2472 4855 2640 4910 Deum
2669 4870 2808 4911 csse.
2844 4855 2937 4910 Rei
2963 4855 3128 4925 probe
3157 4857 3409 4912 conscius
3441 4856 3643 4913 Paulus
3664 4896 3683 4922 ,

2106 4947 2265 5001 modo
2292 4948 2465 5017 ipsum
2504 4947 2671 5002 Deum
2696 4949 3065 5018 proclamabat
3096 4966 3108 5001 :
3149 4968 3168 5002 ι
3201 4948 3473 5005 Memento
3495 4949 3672 5018 enim,

2107 5037 2302 5106 inquit,
2328 5036 2516 5091 Jesum
2550 5037 2826 5094 Christum
2874 5038 3196 5093 suscitatum
3243 5053 3311 5094 ex
3344 5038 3600 5104 mortuis,
3628 5049 3687 5094 et

2106 5128 2172 5183 de
2221 5130 2425 5184 semine
2481 5129 2696 5186 Davidis
2750 5128 2954 5204 lui
2987 5141 3167 5186 ortum
3205 5131 3271 5185 ".
3319 5128 3681 5200 Rursusque:

2110 5238 2134 5271 τ
2169 5220 2313 5276 Deus
2346 5231 2527 5277 autem
2553 5223 2646 5292 qui
2678 5222 2965 5278 Dominum
2994 5224 3301 5288 suscitavit,
3334 5238 3435 5278 nos
3467 5236 3684 5293 quoque

2106 5312 2305 5367 virtute
2333 5328 2430 5368 sua
2463 5316 2690 5369 suscitat
2735 5314 2804 5373 ".
2867 5333 2887 5366 ι
2923 5313 3119 5371 Audin‘
3155 5315 3305 5369 illum
3356 5314 3425 5369 de
3470 5316 3680 5372 semine

2108 5403 2351 5470 Davidis,
2383 5414 2439 5460 et
2466 5422 2531 5460 ex
2560 5406 2790 5464 mortuis
2815 5407 3135 5461 suscitatum
3176 5405 3543 5475 proclamari?

2180 5494 2269 5548 10.
2300 5493 2435 5550 Cum
2464 5495 2650 5565 itaque
2689 5497 3117 5552 demonstratum
3149 5496 3431 5553 evidenter
3467 5496 3538 5553 sit
3566 5512 3680 5554 non

2048 5661 2053 5665 θ
2110 5586 2404 5659 hominem,
2437 5598 2497 5643 ut
2529 5588 2615 5645 isti
2644 5597 2856 5662 putant,
2878 5589 2972 5647 sed
2998 5590 3391 5663 sempiternum
3418 5590 3519 5647 Dei
3540 5589 3693 5667 Vor-q

3246 5859 3289 5949 9.
