4104 6336
395 315 497 372 261

356 473 462 576 ‘ab
492 533 678 575 errore
695 531 811 581 suo,
836 513 1184 571 etJudaicam
1209 513 1478 568 insaniam
1499 515 1774 570 omittant.
1809 533 1827 564 ‹
1854 513 1966 568 Nisi

392 611 535 666 enim
563 607 810 664 conversi
846 606 1068 671 fuerint,
1102 605 1344 676 gladium
1382 620 1540 660 suum
1567 606 1835 661 adversus
1867 621 1963 660 eos

391 700 794 772 splendiﬁcabit
825 697 1198 753 Dominus‘h
1227 695 1360 751 Nam
1404 697 1548 767 quod
1579 697 1794 752 illorum
1814 696 1966 752 blas-

390 795 659 865 phemiam
709 793 826 847 sine
854 790 962 844 ﬁne
996 804 1105 844 non
1135 791 1208 844 sit
1230 790 1633 859 perlaturus,et
1660 791 1803 859 quod
1828 805 1966 845 non-

389 887 494 943 nisi
516 883 938 956 longanimitate
965 898 1059 937 sua
1119 897 1262 937 nunc
1306 883 1474 937 etiam
1532 883 1789 952 patiatur,
1843 883 1966 936 audi

389 976 516 1045 quid
542 991 638 1044 per
661 975 876 1029 beatum
905 973 1227 1042 prophetam
1255 973 1424 1034 dicat,
1446 981 1503 1025 ut
1529 972 1787 1028 ultionem
1811 987 1966 1027 suam

385 1074 509 1136 post
539 1065 797 1120 toleratos
827 1064 920 1119 diu
965 1063 1107 1128 illos,
1164 1064 1256 1132 qui
1297 1064 1352 1117 in
1404 1062 1608 1117 malitia
1648 1078 1965 1132 persevera-

386 1166 535 1225 runt,
567 1159 902 1212 demonstret
934 1171 948 1208 :
984 1174 1003 1207 ι
1039 1155 1231 1221 Tacui,
1277 1155 1491 1226 inquit,
1540 1157 1635 1211 sed
1669 1172 1796 1210 num
1838 1171 1966 1224 per-

383 1260 549 1321 petuo
571 1248 762 1304 tacebo
795 1262 860 1302 ac
911 1247 1202 1302 tolerabo?
1251 1247 1472 1303 Patiens
1504 1248 1576 1301 fui
1609 1248 1966 1316 parturientis

385 1345 579 1398 instar.
615 1339 770 1395 Nunc
817 1339 1096 1408 dissipabo
1122 1349 1178 1394 et
1217 1339 1509 1395 exsiccabo
1548 1340 1731 1408 simul,
1779 1342 1965 1396 deser-

385 1438 511 1491 taho
544 1444 754 1491 montes
776 1441 831 1488 et
862 1433 1051 1499 colles,
1087 1441 1314 1488 etomne
1343 1449 1568 1504 gramen
1590 1433 1809 1489 illorum
1839 1449 1962 1488 are-

384 1528 599 1593 faciam,
634 1540 830 1596 ponam
865 1523 1090 1578 ﬂumina
1124 1524 1177 1577 in
1209 1523 1451 1592 insulas,
1501 1532 1556 1580 et
1597 1525 1818 1594 paludes
1868 1540 1964 1579 ex-

382 1632 634 1675 arescere
673 1616 868 1671 !aciam
916 1617 983 1669 “.
1025 1635 1044 1668 ›
1094 1614 1280 1685 Neque
1321 1631 1480 1673 secus
1510 1617 1961 1686 praeclarissimus

387 1708 680 1780 Hymnista
709 1705 942 1760 celerem
977 1706 1266 1774 impiorum
1307 1706 1606 1775 perniciem
1634 1705 1754 1760 fore
1782 1707 1956 1772 docet,

1382 307 1442 363 S.
1477 305 1753 366 CYRILLI
1790 305 2260 364 ALEXANDRINI
2296 308 2621 368 ARCHIEP.

396 430 520 482 bum
551 426 906 480 humanatum
932 434 999 478 ex
1036 419 1256 492 Virgine
1284 421 1578 490 prodiisse,
1616 423 1877 476 recedant
1911 421 1964 475 hi

2069 423 2242 490 Λόγος
2267 424 2700 496 ἐνανθρωπήσσις
2729 425 2879 479 ἐστὶν
2913 425 2940 476 ό
2984 424 3048 476 ἐκ
3073 423 3170 491 τῆς
3204 422 3485 492 Παρθένου
3513 442 3649 490 προ-

3537 317 3650 374 .268

2073 513 2266 580 ελθὼν,
2303 517 2863 585 μεταγινωσκέτωσαν
2886 518 2933 570 οἱ
2965 516 3395 586 πεπλανημένοι,
3429 517 3523 569 xui
3552 518 3650 586 τῆς

2085 606 2379 676 Ἰουδαϊκῆς
2416 608 2602 671 ἀνοίας
2645 607 2995 678 ληγέτωσιαν⁹
3039 627 3057 659 ι
3097 608 3222 660 Ἐὰν
3254 608 3363 677 γὰρ
3413 609 3488 676 μὴ
3535 609 3650 660 ἐπι-

2071 698 2403 770 στραφῶσιν,
2439 699 2538 770 τὴν
2589 700 2868 769 ῥομφαίαν
2920 698 3085 752 αὐτοῦ
3121 699 3240 752 κατ’
3287 699 3468 751 αὐτῶν
3504 699 3651 762 στιλέ

2071 789 2235 858 βώσει
2269 788 2495 859 Κύριος.
2531 808 2548 840 ι
2580 789 2706 842 Ὅτι
2730 789 2838 858 γὰρ
2856 790 2956 843 οὐκ
2979 791 3057 854 εἰς
3082 789 3234 853 τέλος
3266 791 3446 843 αὐτῶν
3469 791 3652 857 ἀνέξε·

2067 900 2157 934 ται
2212 881 2699 952 βλασφημούντων,
2741 881 2836 934 xui
2868 882 2955 936 διὰ
2998 881 3383 952 μακροθυμίαν
3422 882 3502 934 ἔτι
3558 885 3651 936 xui

2070 973 2166 1026 νῦν
2204 974 2460 1044 ἀνέχεται
2515 972 2978 1043 βλασφημούντων
3002 1013 3017 1038 ,
3067 974 3233 1027 ἄκουε
3262 974 3316 1025 τί
3365 991 3531 1044 φησιν
3563 975 3652 1028 διὰ

2067 1065 2161 1119 τοῦ
2194 1068 2468 1138 μακαρίου
2520 1068 2823 1137 προφήτου,
2871 1066 2971 1137 τὴν
3006 1068 3071 1120 ἐκ
3114 1065 3214 1136 τῆς
3267 1067 3463 1136 ἀνοχῆς
3514 1067 3650 1138 πρὸς

2068 1161 2194 1223 τοὺς
2234 1160 2593 1231 ἐπιμένοντας
2633 1162 2699 1229 τῇ
2738 1158 2910 1229 κακίᾳ
2965 1158 3315 1230 ἐπαγομένην
3365 1159 3646 1229 ἐκδίκησιν

2066 1254 2239 1325 δηλῶν
2260 1271 2273 1284 ·
2313 1273 2330 1304 ι
2367 1252 2703 1322 Ἐσιώπησα,
2736 1250 2889 1319 φησί·
2922 1250 2998 1322 μὴ
3024 1251 3118 1304 καὶ
3141 1251 3229 1303 ἀεὶ
3267 1251 3643 1322 σιωπήσομαι,

2067 1346 2161 1399 xui
2187 1344 2482 1415 ἀνέξομαις
2519 1345 2900 1414 Ἐκαρτέρησα
2937 1343 3072 1412 ῶςή
3117 1343 3384 1395 τίκτουσα
3449 1342 3646 1410 ἐκστή-

2067 1453 2145 1488 σω
2188 1437 2280 1489 xui
2313 1434 2530 1506 ξηρανῶ
2565 1435 2701 1504 ἆμα,
2755 1434 2850 1486 xui
2899 1431 3176 1505 ἐρημώσω
3213 1432 3314 1502 ὅρη
3362 1433 3458 1485 καὶ
3512 1431 3646 1500 -βου-

2065 1530 2210 1592 νοὺς,
2234 1529 2329 1580 xui
2355 1529 2533 1581 πάντα
2557 1528 2645 1580 τὸν
2675 1527 2868 1598 χόρτον
2891 1525 3070 1578 αὐτῶν
3099 1524 3318 1594 ξηρανῶ
3338 1539 3350 1552 ’
3375 1524 3467 1576 xui
3495 1523 3645 1592 θήσω

2065 1620 2345 1690 ποταμοὺς
2397 1621 2476 1681 εἰς
2522 1620 2740 1689 νήσους,
2775 1617 2871 1669 xui
2902 1615 2998 1686 έλη
3045 1616 3282 1685 ξηρανῶ.
3331 1634 3349 1667 ι
3391 1614 3553 1667 Οὐδὲν
3587 1613 3643 1664 δὲ

2061 1706 2224 1782 ἧττον
2253 1712 2347 1763 xui.
2375 1712 2402 1763 6
2432 1711 2704 1772 θειότατος
2731 1707 3009 1778 ’Υμνῳδος
3047 1709 3267 1776 ταχεῖαν
3298 1706 3404 1758 τῶν
3433 1703 3645 1757 ἀσεϐῶν

381 1800 484 1857 etsi
514 1815 606 1854 eos
641 1798 919 1867 aliquanto
963 1807 1206 1866 tempore
1245 1807 1466 1867 propter
1501 1798 1596 1852 Dei
1635 1797 1962 1869 longanimi-

2069 1780 2305 1858 διδάσκει
2338 1802 2435 1872 τὴν
2468 1801 2772 1864 ἀπώλειαν,
2805 1800 2906 1854 κᾶν
2941 1800 3080 1870 πρὸς
3105 1800 3289 1866 ὀλίγον
3319 1798 3407 1852 διὰ
3440 1814 3647 1867 μακρο-

381 1901 551 1946 tatem
580 1889 843 1944 valituros
873 1889 948 1944 ait
977 1909 993 1942 :
1026 1905 1045 1940 ι
1080 1887 1199 1942 Vidi
1225 1889 1370 1943 enim
1399 1890 1622 1958 impium
1651 1890 1963 1959 superexal-

373 1991 575 2047 talum,
621 1990 675 2036 et
705 1979 973 2034 elevatum
1003 1979 1142 2032 sicut
1183 1979 1376 2033 cedros
1411 1978 1601 2034 Libani
1641 1996 1653 2031 :
1689 1988 1743 2034 et
1784 1989 1962 2034 trans-

381 2073 480 2141 ivi,
515 2081 572 2128 et
632 2085 760 2125 ecce
797 2085 902 2125 non
945 2079 1062 2124 erat
1103 2087 1116 2123 :
1154 2069 1383 2137 quaesivi
1421 2086 1544 2126 eum
1569 2110 1589 2136 ,
1633 2079 1689 2126 et
1724 2085 1830 2126 non
1876 2079 1962 2126 est

380 2163 633 2220 inventus
663 2163 815 2219 locus
847 2163 963 2233 eius
995 2164 1060 2216 θ’.
1107 2182 1128 2216 ι

454 2256 544 2310 11.
579 2256 706 2310 Haec
733 2256 877 2334 enim
924 2264 979 2310 et
1028 2255 1132 2309 alia
1186 2253 1494 2326 huiusmodi
1548 2257 1855 2311 communia
1896 2257 1964 2310 iis

382 2349 636 2404 omnibus
662 2357 809 2412 sunt,
838 2347 935 2417 qui
991 2357 1152 2402 rectae
1202 2347 1326 2402 ﬁdei
1368 2348 1678 2418 dispergere
1717 2348 1965 2402 nituntur

381 2439 544 2506 ovile,
574 2435 734 2493 sicuti
769 2447 824 2492 et
873 2436 1258 2506 praedictarum
1304 2438 1586 2492 haereseon
1637 2439 1822 2493 exitus
1870 2453 1962 2493 os-

382 2532 576 2586 tendit.
609 2529 746 2596 Quid
768 2529 914 2584 enim
946 2528 1176 2597 profecit
1219 2527 1336 2582 Arii
1389 2529 1538 2598 impii
1584 2530 1780 2584 error?
1824 2529 1964 2596 Quid

383 2623 660 2689 Eunomii,
689 2629 744 2677 et
776 2620 988 2676 illorum
1021 2620 1111 2690 qui
1144 2621 1198 2674 in
1243 2630 1493 2676 sanctum
1526 2620 1789 2691 Spiritum
1820 2623 1966 2676 blas-

383 2716 730 2785 phemarunt,
758 2723 813 2768 ct
875 2712 1026 2766 Pauli
1083 2712 1506 2777 Samosatensis,
1545 2723 1600 2768 et
1636 2714 1964 2785 Apollinaris

385 2806 595 2861 insania
622 2804 645 2858 ?
674 2805 882 2874 Quippe
914 2805 967 2858 lti
1001 2819 1194 2859 omnes
1221 2813 1277 2859 et
1319 2805 1374 2859 in
1417 2807 1679 2874 praesenti
1714 2808 1966 2876 turpissi-

385 2913 533 2952 mum
564 2898 722 2952 tinem
754 2896 899 2950 nacti
949 2905 1098 2957 sunt,
1147 2904 1312 2966 atque
1364 2897 1754 2952 ecclesiasticis
1791 2900 1963 2966 septis

387 2993 546 3064 ejecti
581 2991 795 3046 fuerunt
818 3029 835 3054 ,
864 2999 919 3043 et
949 3001 1103 3044 extra
1148 2991 1427 3044 caelestem
1477 2989 1964 3059 primogenitorum

387 3082 687 3138 Ecclesiam
716 3079 1068 3151 projicientur
1095 3096 1110 3145 ;
1138 3079 1302 3135 deleti
1334 3089 1464 3134 sunt
1501 3080 1567 3134 de
1602 3079 1745 3135 libro
1777 3083 1968 3135 viven-

391 3175 524 3229 tium
552 3173 618 3240 ⁸³,
663 3180 720 3227 et
757 3185 880 3226 cum
931 3171 1094 3237 justis
1147 3186 1254 3226 non
1304 3172 1634 3226 scribentur.
1679 3169 1826 3226 Idem
1871 3173 1970 3228 hos

391 3279 608 3336 quoque
641 3271 824 3318 manet
870 3263 1032 3328 ﬁnis;
1083 3263 1188 3318 nisi
1243 3263 1386 3317 forte
1442 3264 1629 3317 statim
1676 3265 1969 3319 amentiam

391 3372 544 3412 suam
573 3362 932 3426 agnoscentes
963 3392 978 3417 ,
1034 3353 1164 3408 illuc
1220 3353 1365 3407 unde
1412 3354 1734 3408 exciderunt
1772 3355 1970 3409 reverti

380 3449 722 3520 sategerint,
766 3447 802 3501 ii
840 3446 1142 3516 praesertim
1183 3445 1277 3514 qui
1320 3461 1611 3515 pravarum
1653 3448 1969 3518 opinionum

392 3536 836 3606 auctoresprimi
895 3538 1250 3592 exstiterunt.
1291 3537 1532 3592 Audicnt
1576 3541 1721 3594 enim
1775 3554 1970 3608 prope-

391 3631 612 3687 modum
648 3630 842 3683 horum
873 3627 1071 3698 singuli
1107 3626 1375 3684 dicentem
1411 3630 1514 3683 sibi
1561 3629 1913 3684 Servatorem
1947 3648 1960 3682 :

396 3741 420 3776 ι
445 3719 926 3789 Quemadmodum
962 3717 1343 3775 vestimentum
1393 3735 1588 3776 cruore
1627 3721 1970 3790 inquinatum

391 3826 502 3868 non
532 3810 905 3876 mundabitur,
958 3810 1038 3864 sic
1085 3823 1154 3862 ne
1201 3819 1255 3863 tu
1303 3810 1520 3880 quidem
1554 3815 1788 3868 mundus
1813 3814 1966 3881 eris;

391 3905 520 3978 quia
551 3903 824 3973 regionem
855 3916 1029 3956 meam
1053 3903 1300 3968 vastasti,
1326 3903 1582 3972 populum
1612 3921 1790 3960 meum
1831 3909 1973 3963 occi-

391 3993 541 4057 disti,
596 4005 702 4046 non
755 3990 1100 4058 permanebis
1151 3990 1204 4044 in
1256 4001 1525 4046 aeternum
1567 4003 1779 4064 tempus
1810 3997 1876 4052 “.
1943 4016 1963 4049 ι

389 4082 500 4140 Nos
530 4097 658 4138 vero
696 4083 786 4151 qui
813 4081 970 4136 ﬁdem
1003 4091 1247 4136 nostram
1295 4097 1460 4152 super
1506 4084 1768 4141 immobili
1814 4095 1967 4158 petra

391 4177 638 4232 stabilem
667 4174 1075 4236 aadilicavimus,
1126 4174 1194 4228 ad
1228 4175 1386 4229 finem
1425 4192 1596 4246 usque
1642 4179 1973 4250 religiosita-

391 4278 499 4323 tem
527 4280 711 4322 veram
740 4278 1125 4319 conservemus
1146 4303 1163 4332 ,
1200 4264 1508 4321 nullatenus
1546 4267 1614 4322 ab
1642 4270 1968 4325 adversariis

391 4358 622 4422 turbati,
675 4357 769 4411 sed
817 4369 948 4427 erga
1008 4355 1297 4410 Dominum
1352 4357 1716 4427 charitatem,
1752 4362 1966 4420 invictae

2066 1895 2266 1965 θυμίαν
2299 1893 2434 1946 Θεοῦ
2479 1892 2772 1963 ἰσχύσωσιν
2798 1907 2812 1920 ο
2865 1911 2882 1942 ι
2925 1891 3061 1944 Ἴδον
3094 1890 3217 1960 ,γὰρ
3266 1889 3440 1957 ἀσεϐῆ
3477 1889 3646 1955 ὑπερ-

2067 1986 2204 2054 υψού
2215 2003 2397 2056 μενον,
2431 1987 2525 2038 xui
2550 1985 2912 2056 ἐπαιρόμενον
2941 1984 3016 2047 ὡς
3045 1984 3143 2046 τὰς
3166 1983 3389 2052 κέδρους
3422 1980 3514 2034 τοῦ
3553 1981 3647 2033 Λι-

2066 2079 2230 2131 ϐάνου
2252 2095 2266 2110 ο
2299 2078 2394 2131 xui
2413 2076 2713 2148 παρῆλθον,
2747 2076 2842 2129 xui
2877 2075 2985 2127 ἰδοὺ
3014 2076 3112 2128 οὐκ
3145 2070 3211 2144 ἦν
3231 2090 3244 2104 ο
3279 2074 3374 2124 xui.
3402 2072 3643 2142 ἐζήτησα

2064 2170 2251 2235 αὑτὸν,
2280 2171 2375 2222 xui
2395 2170 2492 2240 οὐχ
2522 2169 2725 2241 εὑρέθη
2747 2172 2775 2223 6
2802 2170 2966 2232 τόπος
2996 2165 3184 2220 αὐτοῦ.
3218 2185 3237 2217 ι

2139 2270 2229 2318 ια’.
2255 2263 2436 2316 Ταῦτα
2457 2263 2565 2333 γὰρ
2595 2264 2690 2317 xui
2710 2263 2780 2315 τὰ
2805 2261 3029 2315 τοιαῦτα
3052 2259 3207 2312 κοινὰ
3237 2257 3453 2310 πάντων
3475 2256 3643 2317 ἐστὶν,

2066 2355 2180 2408 ὅσοι
2230 2355 2330 2424 τῆς
2382 2354 2664 2418 εὐσεϐείας
2721 2353 3128 2424 διασκορπίζειν
3183 2348 3524 2420 ἐπιχειροῦσι
3584 2347 3647 2399 τὸ

2067 2450 2338 2518 ποίμνιον,
2369 2446 2560 2517 ὥσπερ
2609 2442 2702 2500 οὖν
2734 2448 2830 2499 xui
2883 2445 2992 2498 τῶν
3035 2442 3448 2514 προειρημένων
3495 2438 3648 2509 αίρέ-

2069 2557 2207 2593 σεων
2235 2540 2296 2594 τὸ
2324 2541 2474 2601 τέλος
2509 2539 2804 2602 ἐπέδειξεν.
2842 2536 2908 2589 Τί
2940 2537 3048 2608 γὰρ
3075 2535 3284 2604 ὣνησεν
3311 2534 3408 2602 τῆς
3438 2533 3647 2602 Ἀρείου

2068 2631 2385 2694 δυσσεϐείας
2417 2633 2448 2701 ή
2483 2630 2696 2701 πλάνη;
2754 2629 2806 2683 τί
2847 2630 2904 2682 δὲ
2927 2631 2959 2697 ἡ
2994 2627 3288 2696 Εὑνομίου,
3325 2625 3418 2678 xui
3454 2624 3562 2676 τῶν
3588 2622 3651 2675 τὸ

2069 2724 2296 2794 Πνεῦμα
2327 2724 2386 2777 τὸ
2429 2723 2582 2792 ἅγιον
2616 2720 3080 2793 βλασφημούντων
3102 2762 3117 2786 ,
3154 2719 3247 2772 xui.
3275 2717 3369 2770 τοῦ
3401 2717 3650 2786 Σαμοσαο

2067 2819 2204 2881 τέως
2253 2816 2488 2878 Παύλου,
2519 2815 2614 2868 καὶ
2650 2813 2744 2866 τοῦ
2791 2811 3135 2882 καλουμένου
3185 2808 3562 2877 Ἀπολιναρίου
3610 2808 3643 2874 ὴ

2071 2908 2507 2980 παραφροσύνης
2536 2906 2744 2969 Πάντες
2778 2905 2888 2974 γὰρ
2914 2900 3060 2957 οὗτοι
3093 2903 3189 2954 xui.
3219 2903 3276 2953 ἐν
3305 2900 3383 2968 τῷ
3416 2899 3647 2969 παρόντι

2071 3001 2436 3055 ἐπονείδιστον
2460 2998 2614 3060 τέλος
2653 2998 2978 3066 ἐσχήκασιν,
3010 2995 3105 3047 xui
3133 2993 3240 3046 τῶν
3270 2992 3651 3062 ἐκκλησιαστι-

2073 3095 2185 3150 κῶν
2241 3091 2542 3164 περιϐόλων
2577 3088 2914 3156 ἐξώσθησαν,
2948 3088 3042 3140 xui
3085 3086 3183 3155 τῆς
3225 3086 3283 3136 ἐν
3314 3085 3559 3154 οὐρανοῖς
3593 3083 3649 3136 δὲ

2071 3187 2181 3240 τῶν
2229 3184 2589 3256 πρωτοτόκων
2626 3179 2950 3249 Ἐκκλησίας
2998 3177 3106 3241 ἔξω
3147 3177 3468 3247 ῥιφήσονται
3496 3191 3508 3204 ·
3558 3174 3648 3239 ἐξ-

2071 3277 2408 3348 ηλείφθησαν
2431 3276 2544 3344 γὰρ
2573 3275 2636 3325 ἐκ
2663 3272 2846 3340 βίϐλου
2870 3270 3109 3335 ζώντων,
3141 3271 3234 3321 xui
3267 3269 3404 3338 μετά
3427 3267 3651 3321 δικαίων

2070 3371 2170 3423 οὐκ
2191 3368 2653 3437 ἐγγραφήσονται.
2681 3363 2754 3416 Τὸ
2774 3362 2831 3414 δὲ
2860 3361 2990 3414 αὐτὸ
3015 3361 3108 3413 xui
3135 3361 3357 3422 τούτους
3378 3360 3651 3425 ἐκδέξεται

2070 3459 2242 3523 τέλος,
2271 3460 2318 3509 εί
2353 3456 2426 3526 μὴ
2458 3457 2567 3526 ἄρα
2598 3454 2792 3506 θᾶττον
2819 3451 2921 3519 τῆς
2962 3450 3147 3510 ἀνοίας
3173 3449 3428 3510 λαϐόντες
3457 3447 3650 3516 αἴσθη-

2073 3567 2178 3611 σιν,
2206 3546 2523 3600 ἐπανελθεῖν
2551 3543 2672 3598 ὃθεν
2701 3542 2968 3606 ἐξέπεσαν
2997 3541 3392 3602 σπουδάσωσιν,
3420 3539 3510 3591 xui
3543 3539 3649 3608 μά-

2070 3643 2228 3694 λιστα
2259 3641 2384 3701 τοὺς
2418 3637 2694 3708 ἀρχηγοὺς
2722 3635 2823 3704 τῆς
2843 3631 3261 3702 κακοφροσύνης
3287 3631 3611 3699 γενομένους
3631 3647 3646 3660 ο

2071 3731 2395 3786 ἀκούσονται
2418 3729 2527 3798 γὰρ
2561 3727 2846 3798 μονονουχὶ
2885 3724 2980 3777 xui
3010 3724 3216 3776 τούτων
3243 3723 3476 3783 ἕκαστος
3501 3719 3652 3790 παρά

2068 3823 2164 3878 τοῦ
2220 3824 2503 3893 Σωτῆρος·
2552 3837 2570 3870 ι
2599 3821 2694 3872 "Ov
2724 3818 2929 3889 τρόπον
2983 3817 3194 3885 ἱμάτιον
3222 3816 3280 3869 ἐν
3312 3815 3507 3882 αἵματι
3555 3831 3651 3867 πεο

2071 3916 2347 3989 φυρμένον
2382 3916 2483 3967 οὑκ
2536 3913 2690 3965 ἐσται
2745 3910 3007 3980 καθαρὸν,
3057 3906 3230 3971 οὕτως
3266 3907 3387 3960 ούδέ
3437 3907 3500 3959 σὺ
3551 3905 3648 3975 ἔσῃ

2070 4009 2336 4078 καθαρός·
2373 4006 2508 4060 διότι
2541 4005 2639 4076 τὴν
2669 4005 2770 4072 γῆν
2806 4020 2906 4073 μου
2940 3999 3248 4062 ἀπώλεσας,
3277 3999 3372 4051 xui
3402 3999 3491 4051 τὸν
3519 3998 3646 4051 λαόν

2073 4119 2176 4171 μου
2211 4101 2572 4161 ἀπέκτεινας·
2619 4098 2680 4149 οὐ
2732 4096 2807 4166 μὴ
2843 4094 3031 4165 μείνῃς
3061 4095 3142 4154 είς
3184 4092 3274 4144 τὸν
3314 4091 3483 4143 αἰῶνα
3523 4089 3640 4160 χρόα

2071 4210 2183 4247 νον.
2216 4211 2233 4244 ι
2271 4194 2466 4262 Ἡμεῖς
2487 4192 2543 4244 δὲ
2591 4191 2641 4242 οἱ
2663 4189 2760 4258 τὴν
2780 4187 2990 4243 ἑαυτῶν
3019 4184 3305 4238 πίπινέπὶ
3322 4183 3418 4253 τὴν
3434 4184 3648 4254 άρῤαγῆ

2071 4284 2280 4354 πέτραν
2329 4283 2788 4353 οἰκοδομήσαντες
2823 4279 3071 4350 βεϐαίαν,
3125 4278 3286 4348 μέχρι
3331 4278 3517 4340 τέλους
3549 4277 3647 4348 τὴν

2071 4375 2353 4428 εὐσέϐειαν
2381 4373 2835 4444 διαφυλάξωμεν,
2876 4371 3140 4443 μηδαμῶς
3184 4371 3289 4423 ὑπὸ
3338 4370 3447 4423 τῶν
3495 4372 3649 4423 ἐναν-

388 4459 681 4507 armaturae
710 4450 884 4503 instar
909 4448 1193 4514 habentes,
1224 4449 1280 4503 in
1329 4449 1448 4520 ipso
1506 4467 1722 4523 semper
1766 4455 1964 4526 glorie-

2070 4469 2200 4522 τίων
2235 4466 2643 4538 θορυϐούμενοι,
2670 4465 2806 4518 ἀλλά
2824 4465 2922 4535 τὴν
2952 4464 3032 4526 είς
3053 4463 3144 4516 τὸν
3179 4461 3392 4533 Κύριον·
3427 4463 3647 4532 ἀγάπην

388 4542 821 4611 mur,pr0phetm
840 4541 1003 4595 verba
1028 4539 1408 4609 decantantes,
1433 4552 1488 4597 et
1517 4544 1959 4602 adversariorum

386 4635 777 4706 ignobilitatem
800 4632 1127 4687 irridentes:
1171 4651 1188 4683 ι
1221 4630 1511 4688 Nobiscum
1540 4635 1700 4691 Deus.
1731 4637 1958 4706 Scitote,

385 4727 590 4798 populi,
627 4735 682 4781 et
708 4725 1090 4795 deprimantini
1114 4743 1127 4792 ;
1155 4726 1248 4796 qui
1275 4726 1526 4783 valuistis
1548 4768 1563 4793 ,
1611 4740 1801 4799 postea
1831 4737 1963 4790 estis

385 4818 626 4888 depressi
658 4835 672 4872 :
705 4825 760 4871 et
795 4817 842 4870 si
880 4816 1078 4871 iterum
1111 4817 1594 4890 valueritis,:eque
1621 4822 1913 4882 vinceinini
1941 4843 1957 4892 ;

385 4918 439 4961 et
470 4908 514 4962 si
539 4907 666 4976 quid
695 4905 1130 4960 deliberaveritls
1153 4946 1168 4970 ,
1200 4907 1494 4964 consilium
1525 4920 1765 4966 vestrum
1797 4915 1962 4971 dissi-

387 5000 532 5071 pabit
566 4997 857 5064 Dominus;
902 5004 957 5050 et
1002 5012 1162 5065 quem
1197 5013 1501 5055 sermonem
1545 5002 1862 5072 loqueniini,
1919 5008 1964 5062 is

385 5091 525 5159 apud
573 5103 669 5143 vos
711 5103 817 5143 non
862 5088 1201 5157 permanebit
1237 5108 1252 5157 ;
1311 5093 1436 5160 quia
1481 5095 1622 5151 Deus
1671 5099 1952 5154 nobiscum

384 5193 469 5238 est
498 5182 562 5236 ".
604 5201 623 5234 υ

456 5276 544 5328 12.
577 5273 684 5330 Sed
715 5290 866 5340 ecce,
904 5275 958 5346 hi
991 5276 1200 5342 dicunt,
1228 5278 1516 5348 Apostolus
1546 5293 1734 5350 aperte
1776 5286 1952 5351 ipsum

386 5365 658 5419 hominem
693 5365 1003 5421 conﬁtetur.
1055 5364 1304 5437 Namque
1337 5370 1400 5422 ad
1435 5369 1778 5428 Timotheum
1811 5377 1950 5431 scri-

383 5458 517 5512 bens
552 5457 630 5511 sic
658 5459 772 5512 ait:
809 5475 828 5507 (
869 5457 1038 5513 llomo
1066 5458 1317 5517 Christus
1344 5459 1503 5521 Jesus
1527 5465 1593 5523 ⁸⁸.
1636 5484 1656 5517 ι
1691 5466 1804 5524 lloc
1828 5471 1954 5526 dum

448 5640 492 5715 ‘f
527 5637 669 5694 Psal.
699 5639 911 5715 ιαμ-1⁸5.
962 5639 1060 5715 --⁸)
1087 5641 1205 5715 15a.
1232 5658 1364 5707 χιιι,
1413 5646 1496 5715 Η,
1534 5650 1618 5706 15.

384 5713 428 5789 ἦε
456 5708 557 5766 lsa.
592 5725 707 5778 γιιι,
734 5708 883 5792 8--10,
955 5709 1054 5794 ξξι
1085 5711 1223 5768 Tim.
1259 5731 1320 5786 ιι,

1733 5655 1776 5684 ἰ’
1807 5651 1947 5711 Psal.
1985 5673 2168 5724 κυνί,
2196 5659 2288 5725 55,
2322 5661 2411 5716 36.

2071 4559 2235 4611 ὅπλον
2291 4557 2548 4628 ἀνίκητον
2591 4556 2830 4627 ἔχοντες,
2888 4557 2946 4608 ἐν
2996 4553 3144 4623 αὐτῷ
3196 4551 3532 4623 καυχώμεθα
3561 4553 3650 4606 διὰ

2072 4651 2313 4714 παντὸς,
2355 4649 2605 4718 λέγοντες
2655 4649 2725 4702 τά
2778 4647 2873 4701 τοῦ
2907 4648 3188 4719 προφήτου
3243 4648 3501 4718 ῥήματα,
3554 4647 3649 4699 xui

2071 4743 2338 4812 γελῶντες
2400 4740 2509 4794 τῶν
2568 4739 2826 4793 ἐναντίων
2879 4739 2978 4810 τὴν
3064 4739 3378 4791 εὐτέλειαν·
3435 4757 3453 4790 ι
3509 4737 3646 4791 Μεθ’

2070 4834 2228 4903 ήμῶν
2253 4835 2280 4886 6
2310 4833 2441 4896 Θεός
2461 4847 2477 4864 ⁸
2509 4832 2702 4900 γνῶτε,
2743 4831 2894 4900 ἔθνη,
2940 4829 3034 4883 xui
3067 4829 3325 4900 ἡττᾶσθε,
3370 4829 3647 4898 ἱσχυκότες

2069 4925 2341 4997 ἡττᾶσθε·
2379 4923 2475 4976 ἐὰν
2507 4925 2616 4993 γὰρ
2659 4923 2820 4977 πάλιν
2863 4922 3151 4992 ίσχύσητε,
3196 4921 3359 4974 πάλιν
3407 4919 3642 4991 ἡττηθή-

2074 5017 2266 5070 σεσθε⁶
2323 5016 2418 5069 xui
2484 5016 2579 5067 ἐὰν
2615 5013 3004 5085 βουλεύσησθε,
3066 5011 3258 5082 βουλὴν
3301 5011 3646 5064 διασκεδάσει

2071 5109 2307 5180 Κύριος·
2335 5110 2429 5162 xui
2463 5109 2619 5177 λόγον
2653 5109 2711 5161 ὃν
2739 5108 2832 5160 ἐὰν
2864 5107 3159 5177 λαλήσητε,
3189 5106 3260 5174 {ob
3305 5105 3380 5176 μὴ
3412 5103 3649 5175 ὲμμείνῃ

2071 5201 2129 5252 ἐν
2167 5202 2293 5272 ὑμῖν
2316 5218 2328 5232 ·
2357 5201 2441 5254 ὃτι
2474 5202 2590 5271 μεθ’
2627 5200 2787 5270 ήμῶν
2812 5198 3018 5270 Κύριος
3043 5201 3071 5252 6
3099 5198 3253 5260 Θεός.
3294 5215 3313 5248 ›

2147 5293 2232 5363 ιβ’.
2282 5294 2420 5346 Ἀλλ’
2447 5294 2578 5356 ἰδοὺ,
2613 5293 2801 5362 φασὶν,
2834 5294 2862 5345 6
2900 5291 3220 5354 Ἀπόστολος
3267 5287 3518 5360 φανερῶς
3548 5287 3646 5340 αύ-

2071 5383 2161 5436 τὸν
2189 5384 2474 5454 ἄνθρωπον
2505 5385 2881 5455 ὡμολόγησεν.
2909 5383 3158 5454 Τιμοθέῳ
3187 5381 3294 5452 γὰρ
3317 5379 3646 5432 ἐπιστέλλων

2070 5474 2211 5529 οὕτω
2239 5477 2421 5549 φησίν·
2466 5495 2484 5528 ι
2512 5476 2833 5547 Ἀνθρωπος
2875 5476 3111 5546 Χριστὸς
3155 5471 3384 5545 Ἰησοῦς.
3425 5493 3440 5524 ι
3476 5471 3648 5524 Τοῦτο

2521 5661 2736 5718 "Psal.
2765 5676 2956 5725 vam,
2992 5660 3083 5713 ‘2’).
3195 5658 3239 5689 ⁸³
3269 5657 3371 5714 lsa.
3406 5671 3516 5720 xiv,
3556 5655 3643 5712 19.
