  <div class='ocr_page' id='page_1' title='image "/cluster/home/n/w/nwhite01/storage/ocr_20150623/76/nnc1.0046980067/140.png"; bbox 0 0 4104 6336; ppageno 0'>
   <div class='ocr_carea' id='block_1_1' title="bbox 395 351 502 409">
    <p class='ocr_par' dir='ltr' id='par_1_1' title="bbox 395 351 502 409">
     <span class='ocr_line' id='line_1_1' title="bbox 395 351 502 409; baseline 0.019 -2"><span class='ocrx_word' id='word_1_1' title='bbox 395 351 502 409; x_wconf 74' lang='lat'><strong>269</strong></span> 
     </span>
    </p>
   </div>
   <div class='ocr_carea' id='block_1_2' title="bbox 1497 348 2554 418">
    <p class='ocr_par' dir='ltr' id='par_1_2' title="bbox 1497 348 2554 418">
     <span class='ocr_line' id='line_1_2' title="bbox 1497 348 2554 418; baseline 0.001 -11"><span class='ocrx_word' id='word_1_2' title='bbox 1497 348 1687 418; x_wconf 83' lang='lat' dir='ltr'><strong>QUOD</strong></span> <span class='ocrx_word' id='word_1_3' title='bbox 1728 352 1789 410; x_wconf 91' lang='lat' dir='ltr'><strong>B.</strong></span> <span class='ocrx_word' id='word_1_4' title='bbox 1827 351 2048 408; x_wconf 77' lang='lat' dir='ltr'><strong>MARIA</strong></span> <span class='ocrx_word' id='word_1_5' title='bbox 2088 348 2198 409; x_wconf 81' lang='lat' dir='ltr'><strong>SIT</strong></span> <span class='ocrx_word' id='word_1_6' title='bbox 2235 348 2554 411; x_wconf 78' lang='lat' dir='ltr'><strong>DEIPARA.</strong></span> 
     </span>
    </p>
   </div>
   <div class='ocr_carea' id='block_1_3' title="bbox 3541 356 3649 417">
    <p class='ocr_par' dir='ltr' id='par_1_3' title="bbox 3541 356 3649 417">
     <span class='ocr_line' id='line_1_3' title="bbox 3541 356 3649 417; baseline 0.037 -5"><span class='ocrx_word' id='word_1_7' title='bbox 3541 356 3649 417; x_wconf 70' lang='lat'><strong>270</strong></span> 
     </span>
    </p>
   </div>
   <div class='ocr_carea' id='block_1_4' title="bbox 394 464 1977 539">
    <p class='ocr_par' dir='ltr' id='par_1_4' title="bbox 394 464 1971 539">
     <span class='ocr_line' id='line_1_4' title="bbox 394 464 1971 539; baseline 0 -18"><span class='ocrx_word' id='word_1_8' title='bbox 394 469 449 521; x_wconf 84' lang='grc' dir='ltr'>δὲ</span> <span class='ocrx_word' id='word_1_9' title='bbox 478 464 763 534; x_wconf 76' lang='grc' dir='ltr'>λέγοντες,</span> <span class='ocrx_word' id='word_1_10' title='bbox 796 464 904 517; x_wconf 86' lang='grc' dir='ltr'><strong>τῶν</strong></span> <span class='ocrx_word' id='word_1_11' title='bbox 951 464 1357 537; x_wconf 82' lang='grc' dir='ltr'>ἀκεραιοτέρων</span> <span class='ocrx_word' id='word_1_12' title='bbox 1387 464 1637 520; x_wconf 83' lang='grc' dir='ltr'>δοκοῦσιν</span> <span class='ocrx_word' id='word_1_13' title='bbox 1681 467 1971 539; x_wconf 76' lang='grc' dir='ltr'><strong>ταράττειν</strong></span> 
     </span>
    </p>
   </div>
   <div class='ocr_carea' id='block_1_5' title="bbox 2079 464 3647 539">
    <p class='ocr_par' dir='ltr' id='par_1_5' title="bbox 2079 465 3647 539">
     <span class='ocr_line' id='line_1_5' title="bbox 2079 465 3647 539; baseline 0.005 -18"><span class='ocrx_word' id='word_1_14' title='bbox 2079 465 2243 533; x_wconf 85' lang='lat' dir='ltr'><strong>aiunt,</strong></span> <span class='ocrx_word' id='word_1_15' title='bbox 2280 466 2678 539; x_wconf 88' lang='lat' dir='ltr'><strong>simpliciorum</strong></span> <span class='ocrx_word' id='word_1_16' title='bbox 2711 469 2965 524; x_wconf 76' lang='lat' dir='ltr'><strong>Videntur</strong></span> <span class='ocrx_word' id='word_1_17' title='bbox 2988 476 3230 525; x_wconf 90' lang='lat' dir='ltr'><strong>mentem</strong></span> <span class='ocrx_word' id='word_1_18' title='bbox 3266 470 3511 529; x_wconf 87' lang='lat' dir='ltr'><strong>turbare.</strong></span> <span class='ocrx_word' id='word_1_19' title='bbox 3541 474 3647 531; x_wconf 87' lang='lat' dir='ltr'><strong>Sed</strong></span> 
     </span>
    </p>
   </div>
   <div class='ocr_carea' id='block_1_6' title="bbox 394 556 1977 630">
    <p class='ocr_par' dir='ltr' id='par_1_6' title="bbox 394 556 1977 630">
     <span class='ocr_line' id='line_1_6' title="bbox 394 556 1977 630; baseline 0.001 -19"><span class='ocrx_word' id='word_1_20' title='bbox 394 559 484 611; x_wconf 85' lang='grc' dir='ltr'><strong>τὸν</strong></span> <span class='ocrx_word' id='word_1_21' title='bbox 522 557 681 611; x_wconf 90' lang='grc' dir='ltr'>νοῦν·</span> <span class='ocrx_word' id='word_1_22' title='bbox 715 558 765 609; x_wconf 88' lang='grc' dir='ltr'><strong>εί</strong></span> <span class='ocrx_word' id='word_1_23' title='bbox 811 557 920 627; x_wconf 83' lang='grc' dir='ltr'><strong>γάρ</strong></span> <span class='ocrx_word' id='word_1_24' title='bbox 949 573 1031 621; x_wconf 86' lang='grc' dir='ltr'><strong>τις</strong></span> <span class='ocrx_word' id='word_1_25' title='bbox 1065 558 1303 621; x_wconf 82' lang='grc' dir='ltr'><strong>συνετῶς</strong></span> <span class='ocrx_word' id='word_1_26' title='bbox 1345 556 1424 629; x_wconf 85' lang='grc' dir='ltr'>τῷ</span> <span class='ocrx_word' id='word_1_27' title='bbox 1471 558 1818 630; x_wconf 87' lang='grc' dir='ltr'>ἀποστολικῷ</span> <span class='ocrx_word' id='word_1_28' title='bbox 1853 562 1977 613; x_wconf 80' lang='grc' dir='ltr'>ἐπι-</span> 
     </span>
    </p>
   </div>
   <div class='ocr_carea' id='block_1_7' title="bbox 396 648 1976 723">
    <p class='ocr_par' dir='ltr' id='par_1_7' title="bbox 396 648 1976 723">
     <span class='ocr_line' id='line_1_7' title="bbox 396 648 1976 723; baseline 0.001 -22"><span class='ocrx_word' id='word_1_29' title='bbox 396 649 580 702; x_wconf 77' lang='grc' dir='ltr'>ϐάλλει</span> <span class='ocrx_word' id='word_1_30' title='bbox 626 648 797 719; x_wconf 75' lang='grc' dir='ltr'>ῥητῷ,</span> <span class='ocrx_word' id='word_1_31' title='bbox 870 650 937 702; x_wconf 82' lang='grc' dir='ltr'><strong>ἐκ</strong></span> <span class='ocrx_word' id='word_1_32' title='bbox 984 649 1177 702; x_wconf 82' lang='grc' dir='ltr'>τούτου</span> <span class='ocrx_word' id='word_1_33' title='bbox 1232 650 1466 720; x_wconf 84' lang='grc' dir='ltr'>μάλιστα</span> <span class='ocrx_word' id='word_1_34' title='bbox 1519 651 1614 704; x_wconf 85' lang='grc' dir='ltr'><strong>τοῦ</strong></span> <span class='ocrx_word' id='word_1_35' title='bbox 1662 650 1829 723; x_wconf 76' lang='grc' dir='ltr'>ῥητοῦ</span> <span class='ocrx_word' id='word_1_36' title='bbox 1878 651 1976 721; x_wconf 81' lang='grc' dir='ltr'>τῆς</span> 
     </span>
    </p>
   </div>
   <div class='ocr_carea' id='block_1_8' title="bbox 396 739 1977 812">
    <p class='ocr_par' dir='ltr' id='par_1_8' title="bbox 396 739 1977 812">
     <span class='ocr_line' id='line_1_8' title="bbox 396 739 1977 812; baseline -0.001 -18"><span class='ocrx_word' id='word_1_37' title='bbox 396 740 653 803; x_wconf 75' lang='grc' dir='ltr'>ἀσεϐείας</span> <span class='ocrx_word' id='word_1_38' title='bbox 712 740 893 794; x_wconf 80' lang='grc' dir='ltr'>αὐτῶν</span> <span class='ocrx_word' id='word_1_39' title='bbox 940 740 1402 812; x_wconf 71' lang='grc' dir='ltr'>καταψηφίσεται.</span> <span class='ocrx_word' id='word_1_40' title='bbox 1464 741 1630 793; x_wconf 85' lang='grc' dir='ltr'><strong>Ἀλλά</strong></span> <span class='ocrx_word' id='word_1_41' title='bbox 1684 741 1759 811; x_wconf 81' lang='grc' dir='ltr'>μὴ</span> <span class='ocrx_word' id='word_1_42' title='bbox 1805 739 1977 804; x_wconf 77' lang='grc' dir='ltr'>οὕτως</span> 
     </span>
    </p>
   </div>
   <div class='ocr_carea' id='block_1_9' title="bbox 401 830 1975 903">
    <p class='ocr_par' dir='ltr' id='par_1_9' title="bbox 401 830 1975 903">
     <span class='ocr_line' id='line_1_9' title="bbox 401 830 1975 903; baseline -0.001 -18"><span class='ocrx_word' id='word_1_43' title='bbox 401 831 911 903; x_wconf 80' lang='grc' dir='ltr'>ἀκρωτηριάζωμεν</span> <span class='ocrx_word' id='word_1_44' title='bbox 960 830 1059 902; x_wconf 76' lang='grc' dir='ltr'>τὴν</span> <span class='ocrx_word' id='word_1_45' title='bbox 1110 832 1284 896; x_wconf 81' lang='grc' dir='ltr'><strong>λέξιν,</strong></span> <span class='ocrx_word' id='word_1_46' title='bbox 1320 832 1437 885; x_wconf 83' lang='grc' dir='ltr'>ἀλλ’</span> <span class='ocrx_word' id='word_1_47' title='bbox 1479 833 1659 900; x_wconf 82' lang='grc' dir='ltr'>ὀλίγον</span> <span class='ocrx_word' id='word_1_48' title='bbox 1711 831 1825 884; x_wconf 83' lang='grc' dir='ltr'><strong>τῶν</strong></span> <span class='ocrx_word' id='word_1_49' title='bbox 1874 831 1975 901; x_wconf 77' lang='grc' dir='ltr'><strong>Εμ-</strong></span> 
     </span>
    </p>
   </div>
   <div class='ocr_carea' id='block_1_10' title="bbox 400 920 1974 994">
    <p class='ocr_par' dir='ltr' id='par_1_10' title="bbox 400 920 1974 994">
     <span class='ocr_line' id='line_1_10' title="bbox 400 920 1974 994; baseline -0.001 -19"><span class='ocrx_word' id='word_1_50' title='bbox 400 922 634 993; x_wconf 86' lang='grc' dir='ltr'>προσθεν</span> <span class='ocrx_word' id='word_1_51' title='bbox 654 920 1103 993; x_wconf 82' lang='grc' dir='ltr'>ἐπιμνησθέντες,</span> <span class='ocrx_word' id='word_1_52' title='bbox 1131 923 1297 994; x_wconf 82' lang='grc' dir='ltr'>ὀρθὴν</span> <span class='ocrx_word' id='word_1_53' title='bbox 1324 924 1425 993; x_wconf 78' lang='grc' dir='ltr'>τῆς</span> <span class='ocrx_word' id='word_1_54' title='bbox 1452 922 1761 993; x_wconf 73' lang='grc' dir='ltr'><strong>οἰκονομίας</strong></span> <span class='ocrx_word' id='word_1_55' title='bbox 1787 921 1974 976; x_wconf 65' lang='lat' dir='ltr'><strong>sma-</strong></span> 
     </span>
    </p>
   </div>
   <div class='ocr_carea' id='block_1_11' title="bbox 400 1010 1977 1087">
    <p class='ocr_par' dir='ltr' id='par_1_11' title="bbox 400 1010 1977 1087">
     <span class='ocr_line' id='line_1_11' title="bbox 400 1010 1977 1087; baseline 0 -19"><span class='ocrx_word' id='word_1_56' title='bbox 400 1016 493 1068; x_wconf 90' lang='grc' dir='ltr'><strong>θεν</strong></span> <span class='ocrx_word' id='word_1_57' title='bbox 520 1015 618 1083; x_wconf 83' lang='grc' dir='ltr'>τὴν</span> <span class='ocrx_word' id='word_1_58' title='bbox 647 1013 938 1085; x_wconf 64' lang='grc' dir='ltr'>ὁμολογίαν</span> <span class='ocrx_word' id='word_1_59' title='bbox 971 1015 1162 1085; x_wconf 79' lang='grc' dir='ltr'>νοῆσαι</span> <span class='ocrx_word' id='word_1_60' title='bbox 1194 1014 1562 1087; x_wconf 77' lang='grc' dir='ltr'><strong>δυνησόμεθα.</strong></span> <span class='ocrx_word' id='word_1_61' title='bbox 1594 1015 1659 1067; x_wconf 90' lang='grc' dir='ltr'>Τί</span> <span class='ocrx_word' id='word_1_62' title='bbox 1689 1010 1781 1069; x_wconf 85' lang='grc' dir='ltr'><strong>οῦν</strong></span> <span class='ocrx_word' id='word_1_63' title='bbox 1811 1031 1977 1084; x_wconf 88' lang='grc' dir='ltr'>φησιν</span> 
     </span>
    </p>
   </div>
   <div class='ocr_carea' id='block_1_12' title="bbox 396 1099 1977 1176">
    <p class='ocr_par' dir='ltr' id='par_1_12' title="bbox 396 1099 1977 1176">
     <span class='ocr_line' id='line_1_12' title="bbox 396 1099 1977 1176; baseline 0.001 -19"><span class='ocrx_word' id='word_1_64' title='bbox 396 1107 426 1157; x_wconf 83' lang='grc' dir='ltr'>ὁ</span> <span class='ocrx_word' id='word_1_65' title='bbox 454 1105 720 1174; x_wconf 86' lang='grc' dir='ltr'>μακάριος</span> <span class='ocrx_word' id='word_1_66' title='bbox 744 1102 952 1166; x_wconf 78' lang='grc' dir='ltr'><strong>Παῦλος</strong></span> <span class='ocrx_word' id='word_1_67' title='bbox 973 1121 987 1170; x_wconf 93' lang='grc'><strong>;</strong></span> <span class='ocrx_word' id='word_1_68' title='bbox 1024 1123 1041 1153; x_wconf 77' lang='lat' dir='ltr'><strong>t</strong></span> <span class='ocrx_word' id='word_1_69' title='bbox 1069 1099 1162 1168; x_wconf 74' lang='grc' dir='ltr'><strong>Εἷς</strong></span> <span class='ocrx_word' id='word_1_70' title='bbox 1185 1104 1338 1170; x_wconf 89' lang='grc' dir='ltr'>Θεὸς,</span> <span class='ocrx_word' id='word_1_71' title='bbox 1361 1124 1379 1157; x_wconf 84' lang='grc' dir='ltr'><strong>ι</strong></span> <span class='ocrx_word' id='word_1_72' title='bbox 1410 1106 1573 1176; x_wconf 76' lang='grc' dir='ltr'>φησὶν</span> <span class='ocrx_word' id='word_1_73' title='bbox 1594 1105 1836 1176; x_wconf 72' lang='grc' dir='ltr'>περὶτοῦ</span> <span class='ocrx_word' id='word_1_74' title='bbox 1864 1106 1977 1158; x_wconf 89' lang='grc' dir='ltr'><strong>Πα-</strong></span> 
     </span>
    </p>
   </div>
   <div class='ocr_carea' id='block_1_13' title="bbox 399 1195 1974 1270">
    <p class='ocr_par' dir='ltr' id='par_1_13' title="bbox 399 1195 1974 1270">
     <span class='ocr_line' id='line_1_13' title="bbox 399 1195 1974 1270; baseline 0.001 -18"><span class='ocrx_word' id='word_1_75' title='bbox 399 1200 551 1269; x_wconf 82' lang='grc' dir='ltr'>τρός·</span> <span class='ocrx_word' id='word_1_76' title='bbox 585 1199 678 1250; x_wconf 75' lang='grc' dir='ltr'><strong>καὶ</strong></span> <span class='ocrx_word' id='word_1_77' title='bbox 707 1199 814 1269; x_wconf 77' lang='grc' dir='ltr'>εἴη·</span> <span class='ocrx_word' id='word_1_78' title='bbox 835 1200 963 1270; x_wconf 78' lang='grc' dir='ltr'>περὶ</span> <span class='ocrx_word' id='word_1_79' title='bbox 987 1199 1082 1252; x_wconf 90' lang='grc' dir='ltr'><strong>τοῦ</strong></span> <span class='ocrx_word' id='word_1_80' title='bbox 1107 1199 1260 1252; x_wconf 86' lang='grc' dir='ltr'>Υίοῦ·</span> <span class='ocrx_word' id='word_1_81' title='bbox 1287 1218 1305 1251; x_wconf 73' lang='grc' dir='ltr'><strong>ι</strong></span> <span class='ocrx_word' id='word_1_82' title='bbox 1332 1195 1427 1263; x_wconf 74' lang='grc' dir='ltr'><strong>Εἷς</strong></span> <span class='ocrx_word' id='word_1_83' title='bbox 1455 1201 1552 1253; x_wconf 71' lang='grc' dir='ltr'><strong>καὶ</strong></span> <span class='ocrx_word' id='word_1_84' title='bbox 1576 1200 1819 1270; x_wconf 82' lang='grc' dir='ltr'>Μεσίτης</span> <span class='ocrx_word' id='word_1_85' title='bbox 1839 1200 1974 1254; x_wconf 88' lang='grc' dir='ltr'>Θεοῦ</span> 
     </span>
    </p>
   </div>
   <div class='ocr_carea' id='block_1_14' title="bbox 399 1287 1978 1361">
    <p class='ocr_par' dir='ltr' id='par_1_14' title="bbox 399 1287 1978 1361">
     <span class='ocr_line' id='line_1_14' title="bbox 399 1287 1978 1361; baseline 0.001 -19"><span class='ocrx_word' id='word_1_86' title='bbox 399 1290 495 1342; x_wconf 73' lang='grc' dir='ltr'>καὶ</span> <span class='ocrx_word' id='word_1_87' title='bbox 522 1287 845 1358; x_wconf 88' lang='grc' dir='ltr'>ἀνθρώπων.</span> <span class='ocrx_word' id='word_1_88' title='bbox 874 1308 892 1339; x_wconf 85' lang='grc' dir='ltr'><strong>ι</strong></span> <span class='ocrx_word' id='word_1_89' title='bbox 922 1288 987 1342; x_wconf 80' lang='grc' dir='ltr'>Εἰ</span> <span class='ocrx_word' id='word_1_90' title='bbox 1015 1288 1145 1360; x_wconf 80' lang='grc' dir='ltr'>γὰρ,</span> <span class='ocrx_word' id='word_1_91' title='bbox 1177 1291 1361 1360; x_wconf 72' lang='grc' dir='ltr'>φησὶν,</span> <span class='ocrx_word' id='word_1_92' title='bbox 1395 1292 1489 1343; x_wconf 75' lang='grc' dir='ltr'><strong>καὶ</strong></span> <span class='ocrx_word' id='word_1_93' title='bbox 1518 1292 1738 1359; x_wconf 83' lang='grc' dir='ltr'>γέγονεν</span> <span class='ocrx_word' id='word_1_94' title='bbox 1768 1290 1978 1361; x_wconf 85' lang='grc' dir='ltr'>ἄνθρω-</span> 
     </span>
    </p>
   </div>
   <div class='ocr_carea' id='block_1_15' title="bbox 401 1379 1975 1451">
    <p class='ocr_par' dir='ltr' id='par_1_15' title="bbox 401 1379 1975 1451">
     <span class='ocr_line' id='line_1_15' title="bbox 401 1379 1975 1451; baseline 0.003 -20"><span class='ocrx_word' id='word_1_95' title='bbox 401 1397 519 1444; x_wconf 79' lang='grc' dir='ltr'>πος,</span> <span class='ocrx_word' id='word_1_96' title='bbox 554 1379 667 1433; x_wconf 82' lang='grc' dir='ltr'>ἀλλ’</span> <span class='ocrx_word' id='word_1_97' title='bbox 696 1381 757 1433; x_wconf 87' lang='grc' dir='ltr'><strong>οὐ</strong></span> <span class='ocrx_word' id='word_1_98' title='bbox 793 1379 880 1433; x_wconf 83' lang='grc' dir='ltr'><strong>διὰ</strong></span> <span class='ocrx_word' id='word_1_99' title='bbox 926 1380 1085 1434; x_wconf 88' lang='grc' dir='ltr'>τοῦτο</span> <span class='ocrx_word' id='word_1_100' title='bbox 1121 1380 1215 1433; x_wconf 89' lang='grc' dir='ltr'><strong>δύο</strong></span> <span class='ocrx_word' id='word_1_101' title='bbox 1247 1382 1412 1435; x_wconf 80' lang='grc' dir='ltr'>αὑτὸν</span> <span class='ocrx_word' id='word_1_102' title='bbox 1465 1381 1794 1436; x_wconf 78' lang='grc' dir='ltr'>ὑποπτεύειν</span> <span class='ocrx_word' id='word_1_103' title='bbox 1825 1382 1975 1451; x_wconf 76' lang='grc' dir='ltr'>ὀφεί-</span> 
     </span>
    </p>
   </div>
   <div class='ocr_carea' id='block_1_16' title="bbox 398 1468 1973 1545">
    <p class='ocr_par' dir='ltr' id='par_1_16' title="bbox 398 1468 1973 1545">
     <span class='ocr_line' id='line_1_16' title="bbox 398 1468 1973 1545; baseline 0.001 -21"><span class='ocrx_word' id='word_1_104' title='bbox 398 1472 595 1542; x_wconf 84' lang='grc' dir='ltr'>λομεν·</span> <span class='ocrx_word' id='word_1_105' title='bbox 631 1471 823 1543; x_wconf 84' lang='grc' dir='ltr'>ὥσπερ</span> <span class='ocrx_word' id='word_1_106' title='bbox 862 1471 970 1543; x_wconf 78' lang='grc' dir='ltr'><strong>γὰρ</strong></span> <span class='ocrx_word' id='word_1_107' title='bbox 1009 1472 1143 1534; x_wconf 84' lang='grc' dir='ltr'>Θεὸς</span> <span class='ocrx_word' id='word_1_108' title='bbox 1196 1468 1265 1543; x_wconf 77' lang='grc' dir='ltr'>ἦν</span> <span class='ocrx_word' id='word_1_109' title='bbox 1309 1474 1417 1545; x_wconf 88' lang='grc' dir='ltr'><strong>πρὸ</strong></span> <span class='ocrx_word' id='word_1_110' title='bbox 1446 1474 1550 1543; x_wconf 76' lang='grc' dir='ltr'>τῆς</span> <span class='ocrx_word' id='word_1_111' title='bbox 1597 1475 1896 1544; x_wconf 76' lang='grc' dir='ltr'><strong>ἐπιδημίας</strong></span> <span class='ocrx_word' id='word_1_112' title='bbox 1945 1475 1973 1526; x_wconf 85' lang='grc' dir='ltr'><strong>δ</strong></span> 
     </span>
    </p>
   </div>
   <div class='ocr_carea' id='block_1_17' title="bbox 399 1561 1973 1635">
    <p class='ocr_par' dir='ltr' id='par_1_17' title="bbox 399 1561 1973 1635">
     <span class='ocr_line' id='line_1_17' title="bbox 399 1561 1973 1635; baseline 0.001 -21"><span class='ocrx_word' id='word_1_113' title='bbox 399 1561 593 1629; x_wconf 82' lang='grc' dir='ltr'><strong>Λόγος,</strong></span> <span class='ocrx_word' id='word_1_114' title='bbox 624 1561 769 1614; x_wconf 73' lang='grc' dir='ltr'>οὕτω</span> <span class='ocrx_word' id='word_1_115' title='bbox 804 1562 898 1613; x_wconf 80' lang='grc' dir='ltr'>καὶ</span> <span class='ocrx_word' id='word_1_116' title='bbox 928 1562 1214 1633; x_wconf 81' lang='grc' dir='ltr'>γενόμενος</span> <span class='ocrx_word' id='word_1_117' title='bbox 1240 1562 1545 1635; x_wconf 79' lang='grc' dir='ltr'>ἄνθρωπος,</span> <span class='ocrx_word' id='word_1_118' title='bbox 1576 1566 1671 1617; x_wconf 71' lang='grc' dir='ltr'><strong>καὶ</strong></span> <span class='ocrx_word' id='word_1_119' title='bbox 1720 1563 1973 1634; x_wconf 83' lang='grc' dir='ltr'>μεσιτεύ-</span> 
     </span>
    </p>
   </div>
   <div class='ocr_carea' id='block_1_18' title="bbox 401 1646 1974 1721">
    <p class='ocr_par' dir='ltr' id='par_1_18' title="bbox 401 1646 1974 1721">
     <span class='ocr_line' id='line_1_18' title="bbox 401 1646 1974 1721; baseline 0.003 -20"><span class='ocrx_word' id='word_1_120' title='bbox 401 1665 499 1711; x_wconf 86' lang='grc' dir='ltr'><strong>σας</strong></span> <span class='ocrx_word' id='word_1_121' title='bbox 522 1648 616 1700; x_wconf 79' lang='grc' dir='ltr'><strong>καὶ</strong></span> <span class='ocrx_word' id='word_1_122' title='bbox 642 1651 706 1718; x_wconf 82' lang='grc' dir='ltr'>τῇ</span> <span class='ocrx_word' id='word_1_123' title='bbox 730 1648 1015 1719; x_wconf 78' lang='grc' dir='ltr'>ἀνθρώπου</span> <span class='ocrx_word' id='word_1_124' title='bbox 1048 1649 1232 1719; x_wconf 80' lang='grc' dir='ltr'>φύσει,</span> <span class='ocrx_word' id='word_1_125' title='bbox 1264 1646 1343 1711; x_wconf 78' lang='grc' dir='ltr'>εἷς</span> <span class='ocrx_word' id='word_1_126' title='bbox 1367 1652 1687 1705; x_wconf 74' lang='grc' dir='ltr'>πάλινέστίν</span> <span class='ocrx_word' id='word_1_127' title='bbox 1705 1667 1720 1682; x_wconf 85' lang='lat'><strong><em>°</em></strong></span> <span class='ocrx_word' id='word_1_128' title='bbox 1752 1653 1841 1706; x_wconf 75' lang='grc' dir='ltr'>διὰ</span> <span class='ocrx_word' id='word_1_129' title='bbox 1866 1654 1974 1721; x_wconf 75' lang='grc' dir='ltr'>γὰρ</span> 
     </span>
    </p>
   </div>
   <div class='ocr_carea' id='block_1_19' title="bbox 398 1738 1972 1813">
    <p class='ocr_par' dir='ltr' id='par_1_19' title="bbox 398 1738 1972 1813">
     <span class='ocr_line' id='line_1_19' title="bbox 398 1738 1972 1813; baseline 0.001 -21"><span class='ocrx_word' id='word_1_130' title='bbox 398 1739 557 1792; x_wconf 88' lang='grc' dir='ltr'>τοῦτο</span> <span class='ocrx_word' id='word_1_131' title='bbox 580 1738 821 1810; x_wconf 86' lang='grc' dir='ltr'>Μεσίτην</span> <span class='ocrx_word' id='word_1_132' title='bbox 850 1740 1010 1793; x_wconf 78' lang='grc' dir='ltr'>αὐτὸν</span> <span class='ocrx_word' id='word_1_133' title='bbox 1033 1741 1221 1811; x_wconf 69' lang='grc' dir='ltr'>εἴρηκε</span> <span class='ocrx_word' id='word_1_134' title='bbox 1253 1740 1388 1794; x_wconf 82' lang='grc' dir='ltr'>Θεοῦ</span> <span class='ocrx_word' id='word_1_135' title='bbox 1423 1743 1517 1795; x_wconf 75' lang='grc' dir='ltr'><strong>καὶ</strong></span> <span class='ocrx_word' id='word_1_136' title='bbox 1543 1741 1867 1813; x_wconf 85' lang='grc' dir='ltr'>ἀνθρώπων,</span> <span class='ocrx_word' id='word_1_137' title='bbox 1897 1742 1972 1805; x_wconf 79' lang='grc' dir='ltr'>ὡς</span> 
     </span>
    </p>
   </div>
   <div class='ocr_carea' id='block_1_20' title="bbox 2079 558 3715 631">
    <p class='ocr_par' dir='ltr' id='par_1_20' title="bbox 2079 558 3715 631">
     <span class='ocr_line' id='line_1_20' title="bbox 2079 558 3715 631; baseline 0.006 -18"><span class='ocrx_word' id='word_1_138' title='bbox 2079 558 2222 613; x_wconf 90' lang='lat' dir='ltr'><strong>enim</strong></span> <span class='ocrx_word' id='word_1_139' title='bbox 2259 560 2303 614; x_wconf 89' lang='lat' dir='ltr'><strong>si</strong></span> <span class='ocrx_word' id='word_1_140' title='bbox 2333 559 2456 629; x_wconf 88' lang='lat' dir='ltr'><strong>quis</strong></span> <span class='ocrx_word' id='word_1_141' title='bbox 2490 558 2716 616; x_wconf 87' lang='lat' dir='ltr'><strong>cordate</strong></span> <span class='ocrx_word' id='word_1_142' title='bbox 2756 561 3114 631; x_wconf 89' lang='lat' dir='ltr'><strong>apostolicum</strong></span> <span class='ocrx_word' id='word_1_143' title='bbox 3164 564 3365 618; x_wconf 91' lang='lat' dir='ltr'><strong>dictum</strong></span> <span class='ocrx_word' id='word_1_144' title='bbox 3401 564 3650 621; x_wconf 83' lang='lat' dir='ltr'><strong>conside-</strong></span> <span class='ocrx_word' id='word_1_145' title='bbox 3714 626 3715 629; x_wconf 32' lang='grc' dir='ltr'><strong>η</strong></span> 
     </span>
    </p>
   </div>
   <div class='ocr_carea' id='block_1_21' title="bbox 2080 651 3646 726">
    <p class='ocr_par' dir='ltr' id='par_1_21' title="bbox 2080 651 3646 726">
     <span class='ocr_line' id='line_1_21' title="bbox 2080 651 3646 726; baseline 0.004 -21"><span class='ocrx_word' id='word_1_146' title='bbox 2080 659 2185 715; x_wconf 88' lang='lat' dir='ltr'><strong>ret,</strong></span> <span class='ocrx_word' id='word_1_147' title='bbox 2217 651 2269 707; x_wconf 85' lang='lat' dir='ltr'><strong>vi</strong></span> <span class='ocrx_word' id='word_1_148' title='bbox 2298 651 2460 722; x_wconf 86' lang='lat' dir='ltr'><strong>hujus</strong></span> <span class='ocrx_word' id='word_1_149' title='bbox 2479 654 2717 710; x_wconf 78' lang='lat' dir='ltr'><strong>maxime</strong></span> <span class='ocrx_word' id='word_1_150' title='bbox 2746 654 2899 718; x_wconf 91' lang='lat' dir='ltr'><strong>dicti,</strong></span> <span class='ocrx_word' id='word_1_151' title='bbox 2936 655 3398 726; x_wconf 86' lang='lat' dir='ltr'><strong>irreligiositatem</strong></span> <span class='ocrx_word' id='word_1_152' title='bbox 3432 658 3646 714; x_wconf 90' lang='lat' dir='ltr'><strong>illorum</strong></span> 
     </span>
    </p>
   </div>
   <div class='ocr_carea' id='block_1_22' title="bbox 2080 745 3651 806">
    <p class='ocr_par' dir='ltr' id='par_1_22' title="bbox 2080 745 3651 806">
     <span class='ocr_line' id='line_1_22' title="bbox 2080 745 3651 806; baseline 0.004 -7"><span class='ocrx_word' id='word_1_153' title='bbox 2080 745 2380 800; x_wconf 78' lang='lat' dir='ltr'><strong>damnabit.</strong></span> <span class='ocrx_word' id='word_1_154' title='bbox 2416 745 2673 801; x_wconf 85' lang='lat' dir='ltr'><strong>Profecto</strong></span> <span class='ocrx_word' id='word_1_155' title='bbox 2714 748 2859 801; x_wconf 85' lang='lat' dir='ltr'><strong>haud</strong></span> <span class='ocrx_word' id='word_1_156' title='bbox 2891 746 3006 802; x_wconf 67' lang='lat' dir='ltr'><strong>haec</strong></span> <span class='ocrx_word' id='word_1_157' title='bbox 3038 748 3193 803; x_wconf 90' lang='lat' dir='ltr'><strong>nobis</strong></span> <span class='ocrx_word' id='word_1_158' title='bbox 3233 749 3437 806; x_wconf 90' lang='lat' dir='ltr'><strong>locutio</strong></span> <span class='ocrx_word' id='word_1_159' title='bbox 3484 748 3651 806; x_wconf 91' lang='lat' dir='ltr'><strong>veluti</strong></span> 
     </span>
    </p>
   </div>
   <div class='ocr_carea' id='block_1_23' title="bbox 2080 836 3651 907">
    <p class='ocr_par' dir='ltr' id='par_1_23' title="bbox 2080 836 3651 907">
     <span class='ocr_line' id='line_1_23' title="bbox 2080 836 3651 907; baseline 0.003 -19"><span class='ocrx_word' id='word_1_160' title='bbox 2080 836 2268 889; x_wconf 92' lang='lat' dir='ltr'><strong>mutila</strong></span> <span class='ocrx_word' id='word_1_161' title='bbox 2300 836 2614 905; x_wconf 88' lang='lat' dir='ltr'><strong>accipienda</strong></span> <span class='ocrx_word' id='word_1_162' title='bbox 2647 836 2727 892; x_wconf 88' lang='lat' dir='ltr'><strong>sic</strong></span> <span class='ocrx_word' id='word_1_163' title='bbox 2750 847 2857 901; x_wconf 90' lang='lat' dir='ltr'><strong>est,</strong></span> <span class='ocrx_word' id='word_1_164' title='bbox 2891 837 2984 892; x_wconf 92' lang='lat' dir='ltr'><strong>sed</strong></span> <span class='ocrx_word' id='word_1_165' title='bbox 3015 838 3173 907; x_wconf 90' lang='lat' dir='ltr'><strong>paulo</strong></span> <span class='ocrx_word' id='word_1_166' title='bbox 3204 848 3351 895; x_wconf 90' lang='lat' dir='ltr'><strong>retro</strong></span> <span class='ocrx_word' id='word_1_167' title='bbox 3379 839 3651 895; x_wconf 87' lang='lat' dir='ltr'><strong>dictorum</strong></span> 
     </span>
    </p>
   </div>
   <div class='ocr_carea' id='block_1_24' title="bbox 2078 927 3653 998">
    <p class='ocr_par' dir='ltr' id='par_1_24' title="bbox 2078 927 3653 998">
     <span class='ocr_line' id='line_1_24' title="bbox 2078 927 3653 998; baseline 0.002 -18"><span class='ocrx_word' id='word_1_168' title='bbox 2078 929 2147 981; x_wconf 91' lang='lat' dir='ltr'><strong>ab</strong></span> <span class='ocrx_word' id='word_1_169' title='bbox 2175 927 2439 998; x_wconf 83' lang='lat' dir='ltr'><strong>Apostolo</strong></span> <span class='ocrx_word' id='word_1_170' title='bbox 2474 942 2775 993; x_wconf 83' lang='lat' dir='ltr'><strong>memores,</strong></span> <span class='ocrx_word' id='word_1_171' title='bbox 2829 937 3035 982; x_wconf 89' lang='lat' dir='ltr'><strong>rectam</strong></span> <span class='ocrx_word' id='word_1_172' title='bbox 3079 929 3205 983; x_wconf 92' lang='lat' dir='ltr'><strong>inde</strong></span> <span class='ocrx_word' id='word_1_173' title='bbox 3254 930 3653 985; x_wconf 75' lang='lat' dir='ltr'><strong>incarnationis</strong></span> 
     </span>
    </p>
   </div>
   <div class='ocr_carea' id='block_1_25' title="bbox 2077 1017 3645 1088">
    <p class='ocr_par' dir='ltr' id='par_1_25' title="bbox 2077 1017 3645 1088">
     <span class='ocr_line' id='line_1_25' title="bbox 2077 1017 3645 1088; baseline -0.001 -16"><span class='ocrx_word' id='word_1_174' title='bbox 2077 1017 2477 1073; x_wconf 83' lang='lat' dir='ltr'><strong>confessionem</strong></span> <span class='ocrx_word' id='word_1_175' title='bbox 2508 1018 2807 1087; x_wconf 84' lang='lat' dir='ltr'><strong>intelligere</strong></span> <span class='ocrx_word' id='word_1_176' title='bbox 2838 1018 3044 1072; x_wconf 90' lang='lat' dir='ltr'><strong>licebit.</strong></span> <span class='ocrx_word' id='word_1_177' title='bbox 3082 1017 3220 1084; x_wconf 84' lang='lat' dir='ltr'><strong>Quid</strong></span> <span class='ocrx_word' id='word_1_178' title='bbox 3248 1032 3376 1088; x_wconf 85' lang='lat' dir='ltr'><strong>ergo</strong></span> <span class='ocrx_word' id='word_1_179' title='bbox 3419 1018 3495 1071; x_wconf 91' lang='lat' dir='ltr'><strong>ait</strong></span> <span class='ocrx_word' id='word_1_180' title='bbox 3526 1019 3645 1072; x_wconf 81' lang='lat' dir='ltr'><strong>bea-</strong></span> 
     </span>
    </p>
   </div>
   <div class='ocr_carea' id='block_1_26' title="bbox 2077 1106 3651 1177">
    <p class='ocr_par' dir='ltr' id='par_1_26' title="bbox 2077 1106 3651 1177">
     <span class='ocr_line' id='line_1_26' title="bbox 2077 1106 3651 1177; baseline 0.001 -16"><span class='ocrx_word' id='word_1_181' title='bbox 2077 1118 2163 1161; x_wconf 89' lang='lat' dir='ltr'><strong>tus</strong></span> <span class='ocrx_word' id='word_1_182' title='bbox 2194 1107 2436 1162; x_wconf 87' lang='lat' dir='ltr'><strong>Paulus?</strong></span> <span class='ocrx_word' id='word_1_183' title='bbox 2475 1125 2492 1159; x_wconf 83' lang='grc' dir='ltr'><strong>ι</strong></span> <span class='ocrx_word' id='word_1_184' title='bbox 2519 1106 2675 1163; x_wconf 91' lang='lat' dir='ltr'><strong>Unus</strong></span> <span class='ocrx_word' id='word_1_185' title='bbox 2702 1109 2866 1173; x_wconf 88' lang='lat' dir='ltr'><strong>Deus,</strong></span> <span class='ocrx_word' id='word_1_186' title='bbox 2907 1128 2926 1161; x_wconf 78' lang='grc' dir='ltr'><strong>ι</strong></span> <span class='ocrx_word' id='word_1_187' title='bbox 2960 1108 3140 1177; x_wconf 91' lang='lat' dir='ltr'><strong>inquit</strong></span> <span class='ocrx_word' id='word_1_188' title='bbox 3170 1109 3235 1163; x_wconf 90' lang='lat' dir='ltr'><strong>de</strong></span> <span class='ocrx_word' id='word_1_189' title='bbox 3275 1108 3476 1175; x_wconf 84' lang='lat' dir='ltr'><strong>Patre;</strong></span> <span class='ocrx_word' id='word_1_190' title='bbox 3510 1117 3651 1163; x_wconf 85' lang='lat' dir='ltr'><strong>esto.</strong></span> 
     </span>
    </p>
   </div>
   <div class='ocr_carea' id='block_1_27' title="bbox 2078 1195 3647 1253">
    <p class='ocr_par' dir='ltr' id='par_1_27' title="bbox 2078 1195 3647 1253">
     <span class='ocr_line' id='line_1_27' title="bbox 2078 1195 3647 1253; baseline 0.001 -4"><span class='ocrx_word' id='word_1_191' title='bbox 2078 1195 2152 1252; x_wconf 92' lang='lat' dir='ltr'><strong>De</strong></span> <span class='ocrx_word' id='word_1_192' title='bbox 2170 1195 2309 1251; x_wconf 83' lang='lat' dir='ltr'><strong>Filio</strong></span> <span class='ocrx_word' id='word_1_193' title='bbox 2342 1215 2355 1250; x_wconf 93' lang='lat'>:</span> <span class='ocrx_word' id='word_1_194' title='bbox 2393 1215 2410 1249; x_wconf 77' lang='grc' dir='ltr'><strong>ι</strong></span> <span class='ocrx_word' id='word_1_195' title='bbox 2439 1197 2589 1253; x_wconf 88' lang='lat' dir='ltr'><strong>Unus</strong></span> <span class='ocrx_word' id='word_1_196' title='bbox 2614 1208 2669 1253; x_wconf 93' lang='lat' dir='ltr'><strong>et</strong></span> <span class='ocrx_word' id='word_1_197' title='bbox 2701 1199 2971 1253; x_wconf 85' lang='lat' dir='ltr'><strong>Mediator</strong></span> <span class='ocrx_word' id='word_1_198' title='bbox 2999 1198 3093 1252; x_wconf 90' lang='lat' dir='ltr'><strong>Dei</strong></span> <span class='ocrx_word' id='word_1_199' title='bbox 3117 1208 3173 1252; x_wconf 91' lang='lat' dir='ltr'><strong>et</strong></span> <span class='ocrx_word' id='word_1_200' title='bbox 3203 1198 3483 1252; x_wconf 90' lang='lat' dir='ltr'><strong>hominum</strong></span> <span class='ocrx_word' id='word_1_201' title='bbox 3512 1196 3583 1251; x_wconf 62' lang='lat'><strong>&#39;7.</strong></span> <span class='ocrx_word' id='word_1_202' title='bbox 3627 1218 3647 1251; x_wconf 77' lang='grc' dir='ltr'><strong>ι</strong></span> 
     </span>
    </p>
   </div>
   <div class='ocr_carea' id='block_1_28' title="bbox 2079 1285 3653 1352">
    <p class='ocr_par' dir='ltr' id='par_1_28' title="bbox 2079 1285 3653 1352">
     <span class='ocr_line' id='line_1_28' title="bbox 2079 1285 3653 1352; baseline -0.001 -11"><span class='ocrx_word' id='word_1_203' title='bbox 2079 1285 2195 1341; x_wconf 87' lang='lat' dir='ltr'><strong>Etsi</strong></span> <span class='ocrx_word' id='word_1_204' title='bbox 2239 1287 2405 1351; x_wconf 88' lang='lat' dir='ltr'><strong>enim,</strong></span> <span class='ocrx_word' id='word_1_205' title='bbox 2456 1287 2655 1351; x_wconf 87' lang='lat' dir='ltr'><strong>inquit,</strong></span> <span class='ocrx_word' id='word_1_206' title='bbox 2706 1288 2885 1342; x_wconf 91' lang='lat' dir='ltr'><strong>factus</strong></span> <span class='ocrx_word' id='word_1_207' title='bbox 2930 1294 3014 1341; x_wconf 91' lang='lat' dir='ltr'><strong>est</strong></span> <span class='ocrx_word' id='word_1_208' title='bbox 3048 1287 3251 1352; x_wconf 89' lang='lat' dir='ltr'><strong>homo,</strong></span> <span class='ocrx_word' id='word_1_209' title='bbox 3316 1302 3423 1341; x_wconf 91' lang='lat' dir='ltr'><strong>non</strong></span> <span class='ocrx_word' id='word_1_210' title='bbox 3472 1295 3653 1342; x_wconf 90' lang='lat' dir='ltr'><strong>tamen</strong></span> 
     </span>
    </p>
   </div>
   <div class='ocr_carea' id='block_1_29' title="bbox 2079 1378 3657 1448">
    <p class='ocr_par' dir='ltr' id='par_1_29' title="bbox 2079 1378 3657 1448">
     <span class='ocr_line' id='line_1_29' title="bbox 2079 1378 3657 1448; baseline 0.001 -16"><span class='ocrx_word' id='word_1_211' title='bbox 2079 1378 2287 1433; x_wconf 89' lang='lat' dir='ltr'><strong>idcirco</strong></span> <span class='ocrx_word' id='word_1_212' title='bbox 2329 1381 2465 1434; x_wconf 91' lang='lat' dir='ltr'><strong>duos</strong></span> <span class='ocrx_word' id='word_1_213' title='bbox 2513 1379 2688 1448; x_wconf 90' lang='lat' dir='ltr'><strong>ipsum</strong></span> <span class='ocrx_word' id='word_1_214' title='bbox 2747 1378 3016 1447; x_wconf 90' lang='lat' dir='ltr'><strong>suspicari</strong></span> <span class='ocrx_word' id='word_1_215' title='bbox 3086 1380 3365 1434; x_wconf 88' lang='lat' dir='ltr'><strong>debemus.</strong></span> <span class='ocrx_word' id='word_1_216' title='bbox 3412 1379 3657 1447; x_wconf 85' lang='lat' dir='ltr'><strong>Namque</strong></span> 
     </span>
    </p>
   </div>
   <div class='ocr_carea' id='block_1_30' title="bbox 2078 1469 3657 1537">
    <p class='ocr_par' dir='ltr' id='par_1_30' title="bbox 2078 1469 3657 1537">
     <span class='ocr_line' id='line_1_30' title="bbox 2078 1469 3657 1537; baseline 0.003 -14"><span class='ocrx_word' id='word_1_217' title='bbox 2078 1469 2153 1523; x_wconf 87' lang='lat' dir='ltr'><strong>uti</strong></span> <span class='ocrx_word' id='word_1_218' title='bbox 2182 1478 2300 1525; x_wconf 85' lang='lat' dir='ltr'><strong>erat</strong></span> <span class='ocrx_word' id='word_1_219' title='bbox 2334 1480 2461 1524; x_wconf 86' lang='lat' dir='ltr'><strong>ante</strong></span> <span class='ocrx_word' id='word_1_220' title='bbox 2493 1485 2653 1524; x_wconf 88' lang='lat' dir='ltr'><strong>suum</strong></span> <span class='ocrx_word' id='word_1_221' title='bbox 2686 1471 2975 1526; x_wconf 85' lang='lat' dir='ltr'><strong>adventum</strong></span> <span class='ocrx_word' id='word_1_222' title='bbox 3010 1470 3249 1525; x_wconf 89' lang='lat' dir='ltr'><strong>Verbum</strong></span> <span class='ocrx_word' id='word_1_223' title='bbox 3284 1471 3427 1527; x_wconf 91' lang='lat' dir='ltr'><strong>Deus</strong></span> <span class='ocrx_word' id='word_1_224' title='bbox 3451 1513 3466 1537; x_wconf 91' lang='lat'><strong>,</strong></span> <span class='ocrx_word' id='word_1_225' title='bbox 3494 1472 3573 1527; x_wconf 91' lang='lat' dir='ltr'><strong>sic</strong></span> <span class='ocrx_word' id='word_1_226' title='bbox 3602 1481 3657 1527; x_wconf 94' lang='lat' dir='ltr'><strong>et</strong></span> 
     </span>
    </p>
   </div>
   <div class='ocr_carea' id='block_1_31' title="bbox 2078 1562 3654 1632">
    <p class='ocr_par' dir='ltr' id='par_1_31' title="bbox 2078 1562 3654 1632">
     <span class='ocr_line' id='line_1_31' title="bbox 2078 1562 3654 1632; baseline 0 -15"><span class='ocrx_word' id='word_1_227' title='bbox 2078 1564 2242 1617; x_wconf 91' lang='lat' dir='ltr'><strong>homo</strong></span> <span class='ocrx_word' id='word_1_228' title='bbox 2271 1562 2467 1626; x_wconf 85' lang='lat' dir='ltr'><strong>factus,</strong></span> <span class='ocrx_word' id='word_1_229' title='bbox 2494 1573 2549 1618; x_wconf 93' lang='lat' dir='ltr'><strong>et</strong></span> <span class='ocrx_word' id='word_1_230' title='bbox 2580 1564 2831 1617; x_wconf 65' lang='lat' dir='ltr'><strong>humanae</strong></span> <span class='ocrx_word' id='word_1_231' title='bbox 2858 1572 3065 1617; x_wconf 63' lang='lat' dir='ltr'><strong>naturae</strong></span> <span class='ocrx_word' id='word_1_232' title='bbox 3091 1563 3481 1632; x_wconf 78' lang='lat' dir='ltr'><strong>interveniens,</strong></span> <span class='ocrx_word' id='word_1_233' title='bbox 3513 1578 3654 1618; x_wconf 88' lang='lat' dir='ltr'><strong>unus</strong></span> 
     </span>
    </p>
   </div>
   <div class='ocr_carea' id='block_1_32' title="bbox 2076 1657 3656 1726">
    <p class='ocr_par' dir='ltr' id='par_1_32' title="bbox 2076 1657 3656 1726">
     <span class='ocr_line' id='line_1_32' title="bbox 2076 1657 3656 1726; baseline 0.001 -14"><span class='ocrx_word' id='word_1_234' title='bbox 2076 1659 2253 1713; x_wconf 89' lang='lat' dir='ltr'><strong>adhuc</strong></span> <span class='ocrx_word' id='word_1_235' title='bbox 2280 1668 2386 1713; x_wconf 92' lang='lat' dir='ltr'><strong>est.</strong></span> <span class='ocrx_word' id='word_1_236' title='bbox 2418 1658 2544 1713; x_wconf 84' lang='lat' dir='ltr'><strong>Ideo</strong></span> <span class='ocrx_word' id='word_1_237' title='bbox 2576 1657 2931 1714; x_wconf 82' lang='lat' dir='ltr'><strong>Mediatorem</strong></span> <span class='ocrx_word' id='word_1_238' title='bbox 2968 1657 3148 1726; x_wconf 90' lang='lat' dir='ltr'><strong>ipsum</strong></span> <span class='ocrx_word' id='word_1_239' title='bbox 3170 1657 3264 1712; x_wconf 90' lang='lat' dir='ltr'><strong>Dei</strong></span> <span class='ocrx_word' id='word_1_240' title='bbox 3296 1665 3351 1712; x_wconf 92' lang='lat' dir='ltr'><strong>et</strong></span> <span class='ocrx_word' id='word_1_241' title='bbox 3377 1659 3656 1714; x_wconf 87' lang='lat' dir='ltr'><strong>hominum</strong></span> 
     </span>
    </p>
   </div>
   <div class='ocr_carea' id='block_1_33' title="bbox 2076 1746 3650 1821">
    <p class='ocr_par' dir='ltr' id='par_1_33' title="bbox 2076 1746 3650 1821">
     <span class='ocr_line' id='line_1_33' title="bbox 2076 1746 3650 1821; baseline 0 -18"><span class='ocrx_word' id='word_1_242' title='bbox 2076 1750 2233 1815; x_wconf 81' lang='lat' dir='ltr'><strong>dixit,</strong></span> <span class='ocrx_word' id='word_1_243' title='bbox 2287 1751 2413 1819; x_wconf 88' lang='lat' dir='ltr'><strong>quia</strong></span> <span class='ocrx_word' id='word_1_244' title='bbox 2453 1766 2521 1805; x_wconf 82' lang='lat' dir='ltr'><strong>ex</strong></span> <span class='ocrx_word' id='word_1_245' title='bbox 2572 1760 2804 1821; x_wconf 90' lang='lat' dir='ltr'><strong>utraque</strong></span> <span class='ocrx_word' id='word_1_246' title='bbox 2855 1750 3157 1807; x_wconf 84' lang='lat' dir='ltr'><strong>substantia</strong></span> <span class='ocrx_word' id='word_1_247' title='bbox 3204 1764 3342 1806; x_wconf 88' lang='lat' dir='ltr'><strong>unus</strong></span> <span class='ocrx_word' id='word_1_248' title='bbox 3373 1758 3476 1806; x_wconf 88' lang='lat' dir='ltr'><strong>est.</strong></span> <span class='ocrx_word' id='word_1_249' title='bbox 3514 1746 3650 1804; x_wconf 82' lang='lat' dir='ltr'><strong>Nam</strong></span> 
     </span>
    </p>
   </div>
   <div class='ocr_carea' id='block_1_34' title="bbox 396 1825 1977 1910">
    <p class='ocr_par' dir='ltr' id='par_1_34' title="bbox 396 1831 1977 1905">
     <span class='ocr_line' id='line_1_34' title="bbox 396 1831 1977 1905; baseline 0.002 -22"><span class='ocrx_word' id='word_1_250' title='bbox 396 1831 459 1896; x_wconf 75' lang='grc' dir='ltr'>ἐξ</span> <span class='ocrx_word' id='word_1_251' title='bbox 489 1831 814 1903; x_wconf 80' lang='grc' dir='ltr'><strong>ἀμφοτέρων</strong></span> <span class='ocrx_word' id='word_1_252' title='bbox 842 1832 949 1885; x_wconf 86' lang='grc' dir='ltr'><strong>τῶν</strong></span> <span class='ocrx_word' id='word_1_253' title='bbox 996 1832 1194 1887; x_wconf 74' lang='grc' dir='ltr'>οὐσιῶν</span> <span class='ocrx_word' id='word_1_254' title='bbox 1238 1833 1334 1885; x_wconf 70' lang='grc' dir='ltr'>ἕνα</span> <span class='ocrx_word' id='word_1_255' title='bbox 1367 1832 1493 1886; x_wconf 79' lang='grc' dir='ltr'>ὄντα</span> <span class='ocrx_word' id='word_1_256' title='bbox 1513 1850 1527 1865; x_wconf 79' lang='grc' dir='ltr'><strong><em>ο</em></strong></span> <span class='ocrx_word' id='word_1_257' title='bbox 1559 1834 1620 1885; x_wconf 90' lang='grc' dir='ltr'><strong>τὸ</strong></span> <span class='ocrx_word' id='word_1_258' title='bbox 1670 1833 1778 1905; x_wconf 83' lang='grc' dir='ltr'><strong>γάρ</strong></span> <span class='ocrx_word' id='word_1_259' title='bbox 1818 1851 1977 1888; x_wconf 77' lang='grc' dir='ltr'>τινων</span> 
     </span>
    </p>
   </div>
   <div class='ocr_carea' id='block_1_35' title="bbox 2079 1825 3656 1910">
    <p class='ocr_par' dir='ltr' id='par_1_35' title="bbox 2085 1841 3656 1910">
     <span class='ocr_line' id='line_1_35' title="bbox 2085 1841 3656 1910; baseline -0.001 -15"><span class='ocrx_word' id='word_1_260' title='bbox 2085 1842 2226 1910; x_wconf 87' lang='lat' dir='ltr'><strong>quod</strong></span> <span class='ocrx_word' id='word_1_261' title='bbox 2256 1842 2399 1895; x_wconf 89' lang='lat' dir='ltr'><strong>inter</strong></span> <span class='ocrx_word' id='word_1_262' title='bbox 2431 1841 2613 1908; x_wconf 90' lang='lat' dir='ltr'><strong>aliqua</strong></span> <span class='ocrx_word' id='word_1_263' title='bbox 2661 1841 2907 1896; x_wconf 87' lang='lat' dir='ltr'><strong>medians</strong></span> <span class='ocrx_word' id='word_1_264' title='bbox 2948 1848 3032 1895; x_wconf 92' lang='lat' dir='ltr'><strong>est</strong></span> <span class='ocrx_word' id='word_1_265' title='bbox 3060 1881 3076 1906; x_wconf 93' lang='lat'><strong>,</strong></span> <span class='ocrx_word' id='word_1_266' title='bbox 3124 1847 3412 1910; x_wconf 89' lang='lat' dir='ltr'><strong>utramque</strong></span> <span class='ocrx_word' id='word_1_267' title='bbox 3447 1847 3656 1910; x_wconf 90' lang='lat' dir='ltr'><strong>partem</strong></span> 
     </span>
    </p>
   </div>
   <div class='ocr_carea' id='block_1_36' title="bbox 401 1921 1973 1993">
    <p class='ocr_par' dir='ltr' id='par_1_36' title="bbox 401 1921 1973 1993">
     <span class='ocr_line' id='line_1_36' title="bbox 401 1921 1973 1993; baseline 0.002 -19"><span class='ocrx_word' id='word_1_268' title='bbox 401 1921 685 1991; x_wconf 85' lang='grc' dir='ltr'>μεσιτεῦον</span> <span class='ocrx_word' id='word_1_269' title='bbox 738 1922 1066 1993; x_wconf 80' lang='grc' dir='ltr'>ἀμφοτέρων</span> <span class='ocrx_word' id='word_1_270' title='bbox 1111 1921 1293 1993; x_wconf 78' lang='grc' dir='ltr'>ἔχεται</span> <span class='ocrx_word' id='word_1_271' title='bbox 1333 1923 1573 1987; x_wconf 85' lang='grc' dir='ltr'>πάντως.</span> <span class='ocrx_word' id='word_1_272' title='bbox 1610 1925 1767 1978; x_wconf 85' lang='grc' dir='ltr'>Ἔστι</span> <span class='ocrx_word' id='word_1_273' title='bbox 1793 1925 1973 1978; x_wconf 80' lang='grc' dir='ltr'>τοίνυν</span> 
     </span>
    </p>
   </div>
   <div class='ocr_carea' id='block_1_37' title="bbox 397 2014 1976 2091">
    <p class='ocr_par' dir='ltr' id='par_1_37' title="bbox 397 2014 1976 2091">
     <span class='ocr_line' id='line_1_37' title="bbox 397 2014 1976 2091; baseline 0.001 -24"><span class='ocrx_word' id='word_1_274' title='bbox 397 2015 638 2086; x_wconf 84' lang='grc' dir='ltr'>Μεσίτης</span> <span class='ocrx_word' id='word_1_275' title='bbox 661 2014 817 2079; x_wconf 83' lang='grc' dir='ltr'>Θεοῦ,</span> <span class='ocrx_word' id='word_1_276' title='bbox 845 2015 933 2069; x_wconf 80' lang='grc' dir='ltr'>διὰ</span> <span class='ocrx_word' id='word_1_277' title='bbox 960 2017 1022 2069; x_wconf 85' lang='grc' dir='ltr'><strong>τὸ</strong></span> <span class='ocrx_word' id='word_1_278' title='bbox 1055 2016 1158 2086; x_wconf 83' lang='grc' dir='ltr'>τῆς</span> <span class='ocrx_word' id='word_1_279' title='bbox 1187 2018 1357 2088; x_wconf 78' lang='grc' dir='ltr'>αὐτῆς</span> <span class='ocrx_word' id='word_1_280' title='bbox 1385 2018 1569 2082; x_wconf 76' lang='grc' dir='ltr'>οὐσίας</span> <span class='ocrx_word' id='word_1_281' title='bbox 1599 2019 1865 2091; x_wconf 80' lang='grc' dir='ltr'>ὑπάρχειν</span> <span class='ocrx_word' id='word_1_282' title='bbox 1899 2018 1976 2089; x_wconf 80' lang='grc' dir='ltr'>τῷ</span> 
     </span>
    </p>
   </div>
   <div class='ocr_carea' id='block_1_38' title="bbox 400 2106 1977 2181">
    <p class='ocr_par' dir='ltr' id='par_1_38' title="bbox 400 2106 1977 2181">
     <span class='ocr_line' id='line_1_38' title="bbox 400 2106 1977 2181; baseline 0.004 -24"><span class='ocrx_word' id='word_1_283' title='bbox 400 2106 575 2177; x_wconf 80' lang='grc' dir='ltr'>Πατρί</span> <span class='ocrx_word' id='word_1_284' title='bbox 596 2122 609 2134; x_wconf 92' lang='grc'><strong>·</strong></span> <span class='ocrx_word' id='word_1_285' title='bbox 642 2106 755 2159; x_wconf 74' lang='grc' dir='ltr'>ἔστι</span> <span class='ocrx_word' id='word_1_286' title='bbox 787 2106 846 2159; x_wconf 84' lang='grc' dir='ltr'>δὲ</span> <span class='ocrx_word' id='word_1_287' title='bbox 874 2107 1035 2161; x_wconf 79' lang='grc' dir='ltr'>πάλιν</span> <span class='ocrx_word' id='word_1_288' title='bbox 1058 2109 1151 2161; x_wconf 70' lang='grc' dir='ltr'><strong>καὶ</strong></span> <span class='ocrx_word' id='word_1_289' title='bbox 1176 2108 1481 2179; x_wconf 87' lang='grc' dir='ltr'>ἀνθρώπων</span> <span class='ocrx_word' id='word_1_290' title='bbox 1502 2110 1766 2181; x_wconf 84' lang='grc' dir='ltr'>Μεσίτης,</span> <span class='ocrx_word' id='word_1_291' title='bbox 1796 2110 1885 2164; x_wconf 85' lang='grc' dir='ltr'>διὰ</span> <span class='ocrx_word' id='word_1_292' title='bbox 1915 2112 1977 2163; x_wconf 85' lang='grc' dir='ltr'><strong>τὸ</strong></span> 
     </span>
    </p>
   </div>
   <div class='ocr_carea' id='block_1_39' title="bbox 398 2197 1976 2270">
    <p class='ocr_par' dir='ltr' id='par_1_39' title="bbox 398 2197 1976 2270">
     <span class='ocr_line' id='line_1_39' title="bbox 398 2197 1976 2270; baseline 0.003 -21"><span class='ocrx_word' id='word_1_293' title='bbox 398 2197 492 2249; x_wconf 70' lang='grc' dir='ltr'><strong>καὶ</strong></span> <span class='ocrx_word' id='word_1_294' title='bbox 520 2199 620 2268; x_wconf 83' lang='grc' dir='ltr'>τῆς</span> <span class='ocrx_word' id='word_1_295' title='bbox 665 2197 1011 2267; x_wconf 82' lang='grc' dir='ltr'>ἀνθρωπείας</span> <span class='ocrx_word' id='word_1_296' title='bbox 1058 2200 1454 2270; x_wconf 79' lang='grc' dir='ltr'>μετεσχηκέναι</span> <span class='ocrx_word' id='word_1_297' title='bbox 1499 2200 1714 2269; x_wconf 63' lang='grc' dir='ltr'>φύσεως</span> <span class='ocrx_word' id='word_1_298' title='bbox 1753 2200 1976 2263; x_wconf 85' lang='grc' dir='ltr'>τελείως</span> 
     </span>
    </p>
   </div>
   <div class='ocr_carea' id='block_1_40' title="bbox 396 2288 1976 2364">
    <p class='ocr_par' dir='ltr' id='par_1_40' title="bbox 396 2288 1976 2364">
     <span class='ocr_line' id='line_1_40' title="bbox 396 2288 1976 2364; baseline 0.003 -23"><span class='ocrx_word' id='word_1_299' title='bbox 396 2288 566 2359; x_wconf 75' lang='grc' dir='ltr'>χωρὶς</span> <span class='ocrx_word' id='word_1_300' title='bbox 595 2288 873 2359; x_wconf 79' lang='grc' dir='ltr'>ἁμαρτίας</span> <span class='ocrx_word' id='word_1_301' title='bbox 899 2289 996 2360; x_wconf 80' lang='grc'><strong>(1).</strong></span> <span class='ocrx_word' id='word_1_302' title='bbox 1018 2291 1339 2364; x_wconf 70' lang='grc' dir='ltr'>Ἄνθρωπον</span> <span class='ocrx_word' id='word_1_303' title='bbox 1356 2290 1449 2347; x_wconf 80' lang='grc' dir='ltr'><strong>οῦν</strong></span> <span class='ocrx_word' id='word_1_304' title='bbox 1481 2294 1644 2346; x_wconf 79' lang='grc' dir='ltr'>αὐτὸν</span> <span class='ocrx_word' id='word_1_305' title='bbox 1672 2294 1800 2347; x_wconf 78' lang='grc' dir='ltr'>ὅταν</span> <span class='ocrx_word' id='word_1_306' title='bbox 1826 2293 1976 2361; x_wconf 76' lang='grc' dir='ltr'>λέγει</span> 
     </span>
    </p>
   </div>
   <div class='ocr_carea' id='block_1_41' title="bbox 397 2380 1973 2453">
    <p class='ocr_par' dir='ltr' id='par_1_41' title="bbox 397 2380 1973 2453">
     <span class='ocr_line' id='line_1_41' title="bbox 397 2380 1973 2453; baseline 0.004 -21"><span class='ocrx_word' id='word_1_307' title='bbox 397 2380 632 2451; x_wconf 77' lang='grc' dir='ltr'>Χριστὸν</span> <span class='ocrx_word' id='word_1_308' title='bbox 673 2380 902 2450; x_wconf 84' lang='grc' dir='ltr'>Ἰησοῦν,</span> <span class='ocrx_word' id='word_1_309' title='bbox 953 2381 1029 2453; x_wconf 81' lang='grc' dir='ltr'>μὴ</span> <span class='ocrx_word' id='word_1_310' title='bbox 1065 2383 1158 2437; x_wconf 72' lang='grc' dir='ltr'>διὰ</span> <span class='ocrx_word' id='word_1_311' title='bbox 1203 2385 1360 2437; x_wconf 88' lang='grc' dir='ltr'>τοῦτο</span> <span class='ocrx_word' id='word_1_312' title='bbox 1411 2384 1973 2450; x_wconf 75' lang='grc' dir='ltr'>σκανδαλιξέσθωσαν,</span> 
     </span>
    </p>
   </div>
   <div class='ocr_carea' id='block_1_42' title="bbox 394 2473 1969 2547">
    <p class='ocr_par' dir='ltr' id='par_1_42' title="bbox 394 2473 1969 2547">
     <span class='ocr_line' id='line_1_42' title="bbox 394 2473 1969 2547; baseline 0.002 -21"><span class='ocrx_word' id='word_1_313' title='bbox 394 2473 511 2526; x_wconf 79' lang='grc' dir='ltr'>ἀλλ’</span> <span class='ocrx_word' id='word_1_314' title='bbox 561 2473 915 2527; x_wconf 87' lang='grc' dir='ltr'>ὲννοείτωσαν</span> <span class='ocrx_word' id='word_1_315' title='bbox 948 2475 1109 2529; x_wconf 83' lang='grc' dir='ltr'>αὑτὸν</span> <span class='ocrx_word' id='word_1_316' title='bbox 1155 2476 1253 2529; x_wconf 80' lang='grc' dir='ltr'><strong>καὶ</strong></span> <span class='ocrx_word' id='word_1_317' title='bbox 1292 2476 1497 2547; x_wconf 81' lang='grc' dir='ltr'>Κύριον</span> <span class='ocrx_word' id='word_1_318' title='bbox 1529 2477 1622 2529; x_wconf 81' lang='grc' dir='ltr'><strong>καὶ</strong></span> <span class='ocrx_word' id='word_1_319' title='bbox 1675 2476 1807 2529; x_wconf 83' lang='grc' dir='ltr'>Θεὸν</span> <span class='ocrx_word' id='word_1_320' title='bbox 1860 2478 1969 2529; x_wconf 71' lang='lat' dir='ltr'><strong>dvo-</strong></span> 
     </span>
    </p>
   </div>
   <div class='ocr_carea' id='block_1_43' title="bbox 396 2563 1976 2638">
    <p class='ocr_par' dir='ltr' id='par_1_43' title="bbox 396 2563 1976 2638">
     <span class='ocr_line' id='line_1_43' title="bbox 396 2563 1976 2638; baseline 0.003 -21"><span class='ocrx_word' id='word_1_321' title='bbox 396 2564 703 2635; x_wconf 83' lang='grc' dir='ltr'>μαζόμενον</span> <span class='ocrx_word' id='word_1_322' title='bbox 730 2563 868 2635; x_wconf 85' lang='grc' dir='ltr'><strong>μετά</strong></span> <span class='ocrx_word' id='word_1_323' title='bbox 909 2564 1003 2617; x_wconf 84' lang='grc' dir='ltr'><strong>τοῦ</strong></span> <span class='ocrx_word' id='word_1_324' title='bbox 1050 2565 1143 2617; x_wconf 75' lang='grc' dir='ltr'><strong>καὶ</strong></span> <span class='ocrx_word' id='word_1_325' title='bbox 1171 2567 1406 2638; x_wconf 87' lang='grc' dir='ltr'>Χριστὸν</span> <span class='ocrx_word' id='word_1_326' title='bbox 1446 2566 1610 2620; x_wconf 80' lang='grc' dir='ltr'>πάλιν</span> <span class='ocrx_word' id='word_1_327' title='bbox 1658 2567 1838 2635; x_wconf 79' lang='grc' dir='ltr'>λέγειν</span> <span class='ocrx_word' id='word_1_328' title='bbox 1879 2567 1976 2621; x_wconf 77' lang='grc' dir='ltr'><strong>καὶ</strong></span> 
     </span>
    </p>
   </div>
   <div class='ocr_carea' id='block_1_44' title="bbox 410 2654 1975 2727">
    <p class='ocr_par' dir='ltr' id='par_1_44' title="bbox 410 2654 1975 2727">
     <span class='ocr_line' id='line_1_44' title="bbox 410 2654 1975 2727; baseline 0.004 -21"><span class='ocrx_word' id='word_1_329' title='bbox 410 2654 645 2725; x_wconf 70' lang='grc' dir='ltr'>Ἰησοῦψ</span> <span class='ocrx_word' id='word_1_330' title='bbox 699 2654 1047 2710; x_wconf 84' lang='grc' dir='ltr'>ἀκουέτωσαν</span> <span class='ocrx_word' id='word_1_331' title='bbox 1107 2657 1218 2727; x_wconf 85' lang='grc' dir='ltr'><strong>γὰρ</strong></span> <span class='ocrx_word' id='word_1_332' title='bbox 1282 2656 1446 2711; x_wconf 79' lang='grc' dir='ltr'>αὑτοῦ</span> <span class='ocrx_word' id='word_1_333' title='bbox 1497 2658 1591 2711; x_wconf 88' lang='grc' dir='ltr'><strong>τοῦ</strong></span> <span class='ocrx_word' id='word_1_334' title='bbox 1650 2659 1975 2712; x_wconf 82' lang='grc' dir='ltr'>Ἀποστόλου</span> 
     </span>
    </p>
   </div>
   <div class='ocr_carea' id='block_1_45' title="bbox 397 2748 1971 2822">
    <p class='ocr_par' dir='ltr' id='par_1_45' title="bbox 397 2748 1971 2822">
     <span class='ocr_line' id='line_1_45' title="bbox 397 2748 1971 2822; baseline 0.002 -22"><span class='ocrx_word' id='word_1_335' title='bbox 397 2749 557 2801; x_wconf 84' lang='grc' dir='ltr'>τοῦτο</span> <span class='ocrx_word' id='word_1_336' title='bbox 586 2748 835 2820; x_wconf 83' lang='grc' dir='ltr'>φανερῶς</span> <span class='ocrx_word' id='word_1_337' title='bbox 862 2748 1007 2802; x_wconf 75' lang='grc' dir='ltr'>οὕτω</span> <span class='ocrx_word' id='word_1_338' title='bbox 1034 2749 1398 2819; x_wconf 79' lang='grc' dir='ltr'>κηρύττοντος</span> <span class='ocrx_word' id='word_1_339' title='bbox 1416 2766 1428 2779; x_wconf 90' lang='grc'><strong>·</strong></span> <span class='ocrx_word' id='word_1_340' title='bbox 1467 2767 1487 2801; x_wconf 87' lang='grc'><em>‹</em></span> <span class='ocrx_word' id='word_1_341' title='bbox 1522 2751 1971 2822; x_wconf 85' lang='grc' dir='ltr'>Προσδεχόμενοι,</span> 
     </span>
    </p>
   </div>
   <div class='ocr_carea' id='block_1_46' title="bbox 398 2840 1970 2913">
    <p class='ocr_par' dir='ltr' id='par_1_46' title="bbox 398 2840 1970 2913">
     <span class='ocr_line' id='line_1_46' title="bbox 398 2840 1970 2913; baseline 0.004 -23"><span class='ocrx_word' id='word_1_342' title='bbox 398 2843 552 2911; x_wconf 74' lang='grc' dir='ltr'>φησὶ,</span> <span class='ocrx_word' id='word_1_343' title='bbox 575 2842 675 2910; x_wconf 78' lang='grc' dir='ltr'>τὴν</span> <span class='ocrx_word' id='word_1_344' title='bbox 709 2841 985 2911; x_wconf 83' lang='grc' dir='ltr'>μακαρίαν</span> <span class='ocrx_word' id='word_1_345' title='bbox 1020 2840 1235 2905; x_wconf 78' lang='grc' dir='ltr'>ἐλπίδα,</span> <span class='ocrx_word' id='word_1_346' title='bbox 1270 2842 1366 2894; x_wconf 68' lang='grc' dir='ltr'><strong>καὶ</strong></span> <span class='ocrx_word' id='word_1_347' title='bbox 1396 2843 1718 2910; x_wconf 79' lang='grc' dir='ltr'>ἐπιφάνειαν</span> <span class='ocrx_word' id='word_1_348' title='bbox 1750 2843 1850 2913; x_wconf 79' lang='grc' dir='ltr'>τῆς</span> <span class='ocrx_word' id='word_1_349' title='bbox 1888 2844 1970 2896; x_wconf 79' lang='grc' dir='ltr'>δύ·</span> 
     </span>
    </p>
   </div>
   <div class='ocr_carea' id='block_1_47' title="bbox 400 2930 1977 3005">
    <p class='ocr_par' dir='ltr' id='par_1_47' title="bbox 400 2930 1977 3005">
     <span class='ocr_line' id='line_1_47' title="bbox 400 2930 1977 3005; baseline -0.008 -19"><span class='ocrx_word' id='word_1_350' title='bbox 400 2930 495 3001; x_wconf 82' lang='grc' dir='ltr'>ξης</span> <span class='ocrx_word' id='word_1_351' title='bbox 516 2932 611 2985; x_wconf 88' lang='grc' dir='ltr'><strong>τοῦ</strong></span> <span class='ocrx_word' id='word_1_352' title='bbox 640 2932 876 3002; x_wconf 71' lang='grc' dir='ltr'>μεγάλου</span> <span class='ocrx_word' id='word_1_353' title='bbox 897 2930 1031 2984; x_wconf 84' lang='grc' dir='ltr'>Θεοῦ</span> <span class='ocrx_word' id='word_1_354' title='bbox 1058 2932 1153 2984; x_wconf 75' lang='grc' dir='ltr'><strong>καὶ</strong></span> <span class='ocrx_word' id='word_1_355' title='bbox 1183 2931 1432 3001; x_wconf 78' lang='grc' dir='ltr'>Σωτῆρος</span> <span class='ocrx_word' id='word_1_356' title='bbox 1456 2932 1613 3002; x_wconf 83' lang='grc' dir='ltr'>ημῶν</span> <span class='ocrx_word' id='word_1_357' title='bbox 1649 2933 1822 3004; x_wconf 83' lang='grc' dir='ltr'>Ἰησοῦ</span> <span class='ocrx_word' id='word_1_358' title='bbox 1849 2934 1977 3005; x_wconf 76' lang='grc' dir='ltr'>Χρι.</span> 
     </span>
    </p>
   </div>
   <div class='ocr_carea' id='block_1_48' title="bbox 402 3022 1545 3094">
    <p class='ocr_par' dir='ltr' id='par_1_48' title="bbox 402 3022 1545 3094">
     <span class='ocr_line' id='line_1_48' title="bbox 402 3022 1545 3094; baseline -0.003 -17"><span class='ocrx_word' id='word_1_359' title='bbox 402 3022 549 3088; x_wconf 83' lang='grc' dir='ltr'>στοῦ,</span> <span class='ocrx_word' id='word_1_360' title='bbox 576 3024 635 3086; x_wconf 86' lang='grc' dir='ltr'>ὃς</span> <span class='ocrx_word' id='word_1_361' title='bbox 674 3025 877 3078; x_wconf 81' lang='grc' dir='ltr'>ἔδωκεν</span> <span class='ocrx_word' id='word_1_362' title='bbox 913 3023 1103 3079; x_wconf 80' lang='grc' dir='ltr'>ἑαυτὸν</span> <span class='ocrx_word' id='word_1_363' title='bbox 1133 3022 1276 3094; x_wconf 85' lang='grc' dir='ltr'>ὑπὲρ</span> <span class='ocrx_word' id='word_1_364' title='bbox 1310 3022 1489 3093; x_wconf 78' lang='grc' dir='ltr'>ἡμῶν.</span> <span class='ocrx_word' id='word_1_365' title='bbox 1527 3043 1545 3074; x_wconf 77' lang='grc' dir='ltr'><strong>ι</strong></span> 
     </span>
    </p>
   </div>
   <div class='ocr_carea' id='block_1_49' title="bbox 487 3113 1973 3188">
    <p class='ocr_par' dir='ltr' id='par_1_49' title="bbox 487 3113 1973 3188">
     <span class='ocr_line' id='line_1_49' title="bbox 487 3113 1973 3188; baseline -0.001 -19"><span class='ocrx_word' id='word_1_366' title='bbox 487 3121 555 3183; x_wconf 73' lang='grc' dir='ltr'><strong>γ’.</strong></span> <span class='ocrx_word' id='word_1_367' title='bbox 614 3116 774 3185; x_wconf 79' lang='grc' dir='ltr'>Ὁρᾷς</span> <span class='ocrx_word' id='word_1_368' title='bbox 801 3116 949 3177; x_wconf 82' lang='grc' dir='ltr'>ὅπως</span> <span class='ocrx_word' id='word_1_369' title='bbox 975 3116 1091 3167; x_wconf 79' lang='grc' dir='ltr'>ἐκεῖ</span> <span class='ocrx_word' id='word_1_370' title='bbox 1122 3114 1221 3184; x_wconf 84' lang='grc' dir='ltr'><strong>μὲν</strong></span> <span class='ocrx_word' id='word_1_371' title='bbox 1258 3113 1544 3185; x_wconf 83' lang='grc' dir='ltr'>ἄνθρωπον</span> <span class='ocrx_word' id='word_1_372' title='bbox 1590 3115 1824 3186; x_wconf 79' lang='grc' dir='ltr'>Χριστὸν</span> <span class='ocrx_word' id='word_1_373' title='bbox 1866 3116 1973 3188; x_wconf 89' lang='grc' dir='ltr'><strong>Ἰη-</strong></span> 
     </span>
    </p>
   </div>
   <div class='ocr_carea' id='block_1_50' title="bbox 401 3204 1977 3276">
    <p class='ocr_par' dir='ltr' id='par_1_50' title="bbox 401 3204 1977 3276">
     <span class='ocr_line' id='line_1_50' title="bbox 401 3204 1977 3276; baseline 0.001 -17"><span class='ocrx_word' id='word_1_374' title='bbox 401 3204 526 3259; x_wconf 81' lang='grc' dir='ltr'>σοῦν</span> <span class='ocrx_word' id='word_1_375' title='bbox 556 3205 705 3273; x_wconf 83' lang='grc' dir='ltr'>λέγει</span> <span class='ocrx_word' id='word_1_376' title='bbox 744 3204 834 3258; x_wconf 87' lang='grc' dir='ltr'><strong>τὸν</strong></span> <span class='ocrx_word' id='word_1_377' title='bbox 868 3206 1006 3276; x_wconf 81' lang='grc' dir='ltr'>ὑπὲρ</span> <span class='ocrx_word' id='word_1_378' title='bbox 1058 3204 1278 3258; x_wconf 86' lang='grc' dir='ltr'>πάντων</span> <span class='ocrx_word' id='word_1_379' title='bbox 1328 3206 1521 3259; x_wconf 77' lang='grc' dir='ltr'>ἑαυτὸν</span> <span class='ocrx_word' id='word_1_380' title='bbox 1565 3206 1855 3272; x_wconf 84' lang='grc' dir='ltr'>δεδωκότα,</span> <span class='ocrx_word' id='word_1_381' title='bbox 1891 3208 1977 3261; x_wconf 85' lang='grc' dir='ltr'><strong>ὲν-</strong></span> 
     </span>
    </p>
   </div>
   <div class='ocr_carea' id='block_1_51' title="bbox 399 3296 1975 3368">
    <p class='ocr_par' dir='ltr' id='par_1_51' title="bbox 399 3296 1975 3368">
     <span class='ocr_line' id='line_1_51' title="bbox 399 3296 1975 3368; baseline 0 -17"><span class='ocrx_word' id='word_1_382' title='bbox 399 3296 573 3351; x_wconf 85' lang='grc' dir='ltr'>ταῦθα</span> <span class='ocrx_word' id='word_1_383' title='bbox 619 3296 678 3349; x_wconf 79' lang='grc' dir='ltr'><strong>δὲ</strong></span> <span class='ocrx_word' id='word_1_384' title='bbox 733 3298 910 3367; x_wconf 77' lang='grc' dir='ltr'>μέγαν</span> <span class='ocrx_word' id='word_1_385' title='bbox 962 3296 1094 3349; x_wconf 90' lang='grc' dir='ltr'>Θεὸν</span> <span class='ocrx_word' id='word_1_386' title='bbox 1139 3297 1376 3368; x_wconf 86' lang='grc' dir='ltr'>Χριστὸν</span> <span class='ocrx_word' id='word_1_387' title='bbox 1420 3297 1647 3367; x_wconf 87' lang='grc' dir='ltr'>Ἰησοῦν,</span> <span class='ocrx_word' id='word_1_388' title='bbox 1691 3298 1783 3351; x_wconf 82' lang='grc' dir='ltr'><strong>τὸν</strong></span> <span class='ocrx_word' id='word_1_389' title='bbox 1815 3298 1975 3351; x_wconf 85' lang='grc' dir='ltr'>δόντα</span> 
     </span>
    </p>
   </div>
   <div class='ocr_carea' id='block_1_52' title="bbox 403 3389 1975 3463">
    <p class='ocr_par' dir='ltr' id='par_1_52' title="bbox 403 3389 1975 3463">
     <span class='ocr_line' id='line_1_52' title="bbox 403 3389 1975 3463; baseline 0.001 -20"><span class='ocrx_word' id='word_1_390' title='bbox 403 3391 564 3444; x_wconf 80' lang='grc' dir='ltr'>πάλιν</span> <span class='ocrx_word' id='word_1_391' title='bbox 598 3390 789 3443; x_wconf 80' lang='grc' dir='ltr'>ἑαυτὸν</span> <span class='ocrx_word' id='word_1_392' title='bbox 826 3391 967 3461; x_wconf 85' lang='grc' dir='ltr'>ὑπὲρ</span> <span class='ocrx_word' id='word_1_393' title='bbox 1005 3389 1196 3461; x_wconf 73' lang='grc' dir='ltr'>ὴμῶνς</span> <span class='ocrx_word' id='word_1_394' title='bbox 1236 3390 1410 3462; x_wconf 84' lang='grc' dir='ltr'>Διπλῆ</span> <span class='ocrx_word' id='word_1_395' title='bbox 1440 3391 1549 3463; x_wconf 83' lang='grc' dir='ltr'><strong>γὰρ</strong></span> <span class='ocrx_word' id='word_1_396' title='bbox 1582 3390 1814 3446; x_wconf 80' lang='grc' dir='ltr'>ἐνταῦθα</span> <span class='ocrx_word' id='word_1_397' title='bbox 1856 3394 1975 3445; x_wconf 88' lang='grc' dir='ltr'>κατ’</span> 
     </span>
    </p>
   </div>
   <div class='ocr_carea' id='block_1_53' title="bbox 401 3482 1975 3555">
    <p class='ocr_par' dir='ltr' id='par_1_53' title="bbox 401 3482 1975 3555">
     <span class='ocr_line' id='line_1_53' title="bbox 401 3482 1975 3555; baseline 0 -18"><span class='ocrx_word' id='word_1_398' title='bbox 401 3482 602 3547; x_wconf 79' lang='grc' dir='ltr'>αὐτῶν,</span> <span class='ocrx_word' id='word_1_399' title='bbox 646 3483 843 3554; x_wconf 83' lang='grc' dir='ltr'>μᾶλλον</span> <span class='ocrx_word' id='word_1_400' title='bbox 877 3483 1016 3552; x_wconf 84' lang='grc' dir='ltr'>ὑπὲρ</span> <span class='ocrx_word' id='word_1_401' title='bbox 1048 3482 1250 3546; x_wconf 85' lang='grc' dir='ltr'>αὐτῶν,</span> <span class='ocrx_word' id='word_1_402' title='bbox 1301 3484 1350 3535; x_wconf 79' lang='grc' dir='ltr'><strong>εἰ</strong></span> <span class='ocrx_word' id='word_1_403' title='bbox 1400 3482 1635 3536; x_wconf 80' lang='grc' dir='ltr'>ἐθέλοιεν</span> <span class='ocrx_word' id='word_1_404' title='bbox 1670 3485 1975 3555; x_wconf 79' lang='grc' dir='ltr'>μεταγινώ-</span> 
     </span>
    </p>
   </div>
   <div class='ocr_carea' id='block_1_54' title="bbox 403 3575 1976 3646">
    <p class='ocr_par' dir='ltr' id='par_1_54' title="bbox 403 3575 1976 3646">
     <span class='ocr_line' id='line_1_54' title="bbox 403 3575 1976 3646; baseline 0.002 -18"><span class='ocrx_word' id='word_1_405' title='bbox 403 3593 574 3639; x_wconf 79' lang='grc' dir='ltr'>σκειν,</span> <span class='ocrx_word' id='word_1_406' title='bbox 604 3576 827 3644; x_wconf 84' lang='grc' dir='ltr'>γέγονεν</span> <span class='ocrx_word' id='word_1_407' title='bbox 856 3578 891 3646; x_wconf 80' lang='grc' dir='ltr'><strong>η</strong></span> <span class='ocrx_word' id='word_1_408' title='bbox 922 3575 1218 3641; x_wconf 83' lang='grc' dir='ltr'>ἀπόδειξις,</span> <span class='ocrx_word' id='word_1_409' title='bbox 1251 3575 1341 3628; x_wconf 78' lang='grc' dir='ltr'>διὰ</span> <span class='ocrx_word' id='word_1_410' title='bbox 1382 3576 1443 3628; x_wconf 86' lang='grc' dir='ltr'><strong>τὸ</strong></span> <span class='ocrx_word' id='word_1_411' title='bbox 1492 3575 1673 3645; x_wconf 81' lang='grc' dir='ltr'>λέγειν</span> <span class='ocrx_word' id='word_1_412' title='bbox 1721 3578 1815 3630; x_wconf 76' lang='grc' dir='ltr'><strong>καὶ</strong></span> <span class='ocrx_word' id='word_1_413' title='bbox 1843 3577 1976 3631; x_wconf 86' lang='grc' dir='ltr'>Θεὸν</span> 
     </span>
    </p>
   </div>
   <div class='ocr_carea' id='block_1_55' title="bbox 400 3664 1977 3738">
    <p class='ocr_par' dir='ltr' id='par_1_55' title="bbox 400 3664 1977 3738">
     <span class='ocr_line' id='line_1_55' title="bbox 400 3664 1977 3738; baseline 0.001 -18"><span class='ocrx_word' id='word_1_414' title='bbox 400 3668 496 3721; x_wconf 76' lang='grc' dir='ltr'>καὶ</span> <span class='ocrx_word' id='word_1_415' title='bbox 523 3665 730 3737; x_wconf 80' lang='grc' dir='ltr'>Κύριον</span> <span class='ocrx_word' id='word_1_416' title='bbox 771 3664 997 3737; x_wconf 82' lang='grc' dir='ltr'>Ἰησοῦν,</span> <span class='ocrx_word' id='word_1_417' title='bbox 1029 3664 1087 3717; x_wconf 85' lang='grc' dir='ltr'>ὃν</span> <span class='ocrx_word' id='word_1_418' title='bbox 1110 3666 1289 3718; x_wconf 77' lang='grc' dir='ltr'>ἐκεῖσε</span> <span class='ocrx_word' id='word_1_419' title='bbox 1322 3664 1612 3736; x_wconf 78' lang='grc' dir='ltr'>ἄνθρωπον</span> <span class='ocrx_word' id='word_1_420' title='bbox 1635 3667 1848 3738; x_wconf 77' lang='grc' dir='ltr'>εἴρηκε,</span> <span class='ocrx_word' id='word_1_421' title='bbox 1877 3669 1977 3721; x_wconf 71' lang='grc' dir='ltr'>καὶ</span> 
     </span>
    </p>
   </div>
   <div class='ocr_carea' id='block_1_56' title="bbox 397 3757 1978 3829">
    <p class='ocr_par' dir='ltr' id='par_1_56' title="bbox 397 3757 1978 3829">
     <span class='ocr_line' id='line_1_56' title="bbox 397 3757 1978 3829; baseline 0 -17"><span class='ocrx_word' id='word_1_422' title='bbox 397 3759 490 3814; x_wconf 83' lang='grc' dir='ltr'>διὰ</span> <span class='ocrx_word' id='word_1_423' title='bbox 510 3758 606 3813; x_wconf 90' lang='grc' dir='ltr'><strong>τοῦ</strong></span> <span class='ocrx_word' id='word_1_424' title='bbox 640 3762 701 3812; x_wconf 82' lang='grc' dir='ltr'>ὲν</span> <span class='ocrx_word' id='word_1_425' title='bbox 747 3757 1077 3829; x_wconf 79' lang='grc' dir='ltr'>ἀμφοτέροις</span> <span class='ocrx_word' id='word_1_426' title='bbox 1115 3758 1310 3810; x_wconf 80' lang='grc' dir='ltr'>ἑαυτὸν</span> <span class='ocrx_word' id='word_1_427' title='bbox 1342 3758 1485 3828; x_wconf 82' lang='grc' dir='ltr'>ὑπὲρ</span> <span class='ocrx_word' id='word_1_428' title='bbox 1518 3758 1676 3828; x_wconf 84' lang='grc' dir='ltr'>ήμῶν</span> <span class='ocrx_word' id='word_1_429' title='bbox 1706 3758 1978 3813; x_wconf 85' lang='grc' dir='ltr'>δεδωκότα</span> 
     </span>
    </p>
   </div>
   <div class='ocr_carea' id='block_1_57' title="bbox 402 3851 1978 3924">
    <p class='ocr_par' dir='ltr' id='par_1_57' title="bbox 402 3851 1978 3924">
     <span class='ocr_line' id='line_1_57' title="bbox 402 3851 1978 3924; baseline -0.001 -18"><span class='ocrx_word' id='word_1_430' title='bbox 402 3854 711 3924; x_wconf 85' lang='grc' dir='ltr'>σημαίνειν.</span> <span class='ocrx_word' id='word_1_431' title='bbox 761 3870 779 3904; x_wconf 75' lang='grc' dir='ltr'><strong>ι</strong></span> <span class='ocrx_word' id='word_1_432' title='bbox 822 3851 1142 3921; x_wconf 79' lang='grc' dir='ltr'>Ἀνθρωπος</span> <span class='ocrx_word' id='word_1_433' title='bbox 1186 3851 1317 3922; x_wconf 88' lang='grc' dir='ltr'>γὰρ,</span> <span class='ocrx_word' id='word_1_434' title='bbox 1367 3851 1554 3920; x_wconf 75' lang='grc' dir='ltr'>φησὶν,</span> <span class='ocrx_word' id='word_1_435' title='bbox 1596 3852 1832 3922; x_wconf 84' lang='grc' dir='ltr'>Χριστὸς</span> <span class='ocrx_word' id='word_1_436' title='bbox 1874 3853 1978 3922; x_wconf 87' lang='grc' dir='ltr'>Ἰη-</span> 
     </span>
    </p>
   </div>
   <div class='ocr_carea' id='block_1_58' title="bbox 404 3942 1978 4016">
    <p class='ocr_par' dir='ltr' id='par_1_58' title="bbox 404 3942 1978 4016">
     <span class='ocr_line' id='line_1_58' title="bbox 404 3942 1978 4016; baseline -0.001 -17"><span class='ocrx_word' id='word_1_437' title='bbox 404 3945 549 4012; x_wconf 87' lang='grc' dir='ltr'>σοῦς,</span> <span class='ocrx_word' id='word_1_438' title='bbox 590 3947 619 3999; x_wconf 84' lang='grc'>6</span> <span class='ocrx_word' id='word_1_439' title='bbox 644 3946 769 4008; x_wconf 82' lang='grc' dir='ltr'>δοὺς</span> <span class='ocrx_word' id='word_1_440' title='bbox 794 3944 986 3997; x_wconf 81' lang='grc' dir='ltr'>ἑαυτὸν</span> <span class='ocrx_word' id='word_1_441' title='bbox 1019 3943 1161 4015; x_wconf 83' lang='grc' dir='ltr'>ὑπὲρ</span> <span class='ocrx_word' id='word_1_442' title='bbox 1190 3942 1411 3997; x_wconf 83' lang='grc' dir='ltr'>πάντων</span> <span class='ocrx_word' id='word_1_443' title='bbox 1439 3944 1780 4016; x_wconf 85' lang='grc' dir='ltr'>ἀντίλυτρον.</span> <span class='ocrx_word' id='word_1_444' title='bbox 1820 3964 1839 3997; x_wconf 79' lang='grc' dir='ltr'><strong>ι</strong></span> <span class='ocrx_word' id='word_1_445' title='bbox 1866 3946 1978 3999; x_wconf 47' lang='grc' dir='ltr'><strong>Καὶ⁸</strong></span> 
     </span>
    </p>
   </div>
   <div class='ocr_carea' id='block_1_59' title="bbox 401 4035 1979 4109">
    <p class='ocr_par' dir='ltr' id='par_1_59' title="bbox 401 4035 1979 4109">
     <span class='ocr_line' id='line_1_59' title="bbox 401 4035 1979 4109; baseline 0.001 -20"><span class='ocrx_word' id='word_1_446' title='bbox 401 4038 563 4093; x_wconf 76' lang='grc' dir='ltr'>πάλιν</span> <span class='ocrx_word' id='word_1_447' title='bbox 585 4055 597 4067; x_wconf 66' lang='grc' dir='ltr'>θ</span> <span class='ocrx_word' id='word_1_448' title='bbox 637 4058 654 4089; x_wconf 79' lang='grc' dir='ltr'><strong>ι</strong></span> <span class='ocrx_word' id='word_1_449' title='bbox 691 4036 1118 4109; x_wconf 85' lang='grc' dir='ltr'>Προσδεχόμενοι</span> <span class='ocrx_word' id='word_1_450' title='bbox 1154 4036 1254 4107; x_wconf 86' lang='grc' dir='ltr'><strong>τὴν</strong></span> <span class='ocrx_word' id='word_1_451' title='bbox 1304 4036 1581 4106; x_wconf 87' lang='grc' dir='ltr'>μακαρίαν</span> <span class='ocrx_word' id='word_1_452' title='bbox 1616 4035 1830 4101; x_wconf 79' lang='grc' dir='ltr'>ἐλπίδα,</span> <span class='ocrx_word' id='word_1_453' title='bbox 1882 4039 1979 4090; x_wconf 76' lang='grc' dir='ltr'>καὶ</span> 
     </span>
    </p>
   </div>
   <div class='ocr_carea' id='block_1_60' title="bbox 400 4126 1979 4203">
    <p class='ocr_par' dir='ltr' id='par_1_60' title="bbox 400 4126 1979 4203">
     <span class='ocr_line' id='line_1_60' title="bbox 400 4126 1979 4203; baseline 0 -20"><span class='ocrx_word' id='word_1_454' title='bbox 400 4131 498 4203; x_wconf 81' lang='grc' dir='ltr'><strong>τὴν</strong></span> <span class='ocrx_word' id='word_1_455' title='bbox 545 4132 865 4200; x_wconf 78' lang='grc' dir='ltr'>ἐπιφάνειαν</span> <span class='ocrx_word' id='word_1_456' title='bbox 896 4129 999 4199; x_wconf 79' lang='grc' dir='ltr'>τῆς</span> <span class='ocrx_word' id='word_1_457' title='bbox 1050 4128 1208 4199; x_wconf 79' lang='grc' dir='ltr'>δόξης</span> <span class='ocrx_word' id='word_1_458' title='bbox 1239 4126 1335 4181; x_wconf 88' lang='grc' dir='ltr'><strong>τοῦ</strong></span> <span class='ocrx_word' id='word_1_459' title='bbox 1409 4128 1661 4199; x_wconf 81' lang='grc' dir='ltr'>μεγαλδυ“</span> <span class='ocrx_word' id='word_1_460' title='bbox 1694 4129 1828 4182; x_wconf 88' lang='grc' dir='ltr'>Θεοῦ</span> <span class='ocrx_word' id='word_1_461' title='bbox 1884 4130 1979 4183; x_wconf 79' lang='grc' dir='ltr'><strong>καὶ</strong></span> 
     </span>
    </p>
   </div>
   <div class='ocr_carea' id='block_1_61' title="bbox 401 4220 1979 4295">
    <p class='ocr_par' dir='ltr' id='par_1_61' title="bbox 401 4220 1979 4295">
     <span class='ocr_line' id='line_1_61' title="bbox 401 4220 1979 4295; baseline -0.002 -17"><span class='ocrx_word' id='word_1_462' title='bbox 401 4224 657 4295; x_wconf 83' lang='grc' dir='ltr'>Σωτῆρος</span> <span class='ocrx_word' id='word_1_463' title='bbox 685 4223 843 4295; x_wconf 76' lang='grc' dir='ltr'>ἡμῶν</span> <span class='ocrx_word' id='word_1_464' title='bbox 902 4220 1076 4292; x_wconf 88' lang='grc' dir='ltr'>Ἰησοῦ</span> <span class='ocrx_word' id='word_1_465' title='bbox 1127 4220 1385 4293; x_wconf 87' lang='grc' dir='ltr'>Χριστοῦ,</span> <span class='ocrx_word' id='word_1_466' title='bbox 1438 4221 1495 4285; x_wconf 85' lang='grc' dir='ltr'>ὃς</span> <span class='ocrx_word' id='word_1_467' title='bbox 1541 4221 1742 4276; x_wconf 82' lang='grc' dir='ltr'>ἔδωκεν</span> <span class='ocrx_word' id='word_1_468' title='bbox 1787 4223 1979 4275; x_wconf 81' lang='grc' dir='ltr'>ἑαυτὸν</span> 
     </span>
    </p>
   </div>
   <div class='ocr_carea' id='block_1_62' title="bbox 402 4313 1978 4389">
    <p class='ocr_par' dir='ltr' id='par_1_62' title="bbox 402 4313 1978 4389">
     <span class='ocr_line' id='line_1_62' title="bbox 402 4313 1978 4389; baseline -0.002 -19"><span class='ocrx_word' id='word_1_469' title='bbox 402 4317 541 4389; x_wconf 81' lang='grc' dir='ltr'>ὑπὲρ</span> <span class='ocrx_word' id='word_1_470' title='bbox 572 4316 752 4388; x_wconf 77' lang='grc' dir='ltr'>ἡμῶν,</span> <span class='ocrx_word' id='word_1_471' title='bbox 777 4316 865 4369; x_wconf 82' lang='grc' dir='ltr'>ἵνα</span> <span class='ocrx_word' id='word_1_472' title='bbox 900 4314 1249 4385; x_wconf 84' lang='grc' dir='ltr'>λυτρώσηται</span> <span class='ocrx_word' id='word_1_473' title='bbox 1280 4315 1426 4385; x_wconf 78' lang='grc' dir='ltr'>ἡμᾶς</span> <span class='ocrx_word' id='word_1_474' title='bbox 1455 4313 1563 4367; x_wconf 89' lang='grc' dir='ltr'><strong>ἀπὸ</strong></span> <span class='ocrx_word' id='word_1_475' title='bbox 1596 4315 1778 4384; x_wconf 83' lang='grc' dir='ltr'>πάσης</span> <span class='ocrx_word' id='word_1_476' title='bbox 1799 4316 1978 4385; x_wconf 79' lang='grc' dir='ltr'>ἁμαρ·</span> 
     </span>
    </p>
   </div>
   <div class='ocr_carea' id='block_1_63' title="bbox 400 4405 1977 4481">
    <p class='ocr_par' dir='ltr' id='par_1_63' title="bbox 400 4405 1977 4481">
     <span class='ocr_line' id='line_1_63' title="bbox 400 4405 1977 4481; baseline -0.003 -18"><span class='ocrx_word' id='word_1_477' title='bbox 400 4409 542 4473; x_wconf 85' lang='grc' dir='ltr'>τίας,</span> <span class='ocrx_word' id='word_1_478' title='bbox 575 4409 669 4463; x_wconf 76' lang='grc' dir='ltr'><strong>καὶ</strong></span> <span class='ocrx_word' id='word_1_479' title='bbox 715 4407 989 4481; x_wconf 84' lang='grc' dir='ltr'>καθαρίσῃ</span> <span class='ocrx_word' id='word_1_480' title='bbox 1021 4407 1199 4477; x_wconf 76' lang='grc' dir='ltr'>ἑαυτῷ</span> <span class='ocrx_word' id='word_1_481' title='bbox 1240 4406 1368 4460; x_wconf 83' lang='grc' dir='ltr'>λαὸν</span> <span class='ocrx_word' id='word_1_482' title='bbox 1398 4405 1709 4477; x_wconf 85' lang='grc' dir='ltr'>περιούσιον</span> <span class='ocrx_word' id='word_1_483' title='bbox 1749 4406 1848 4478; x_wconf 74' lang='lat'><strong>(2),</strong></span> <span class='ocrx_word' id='word_1_484' title='bbox 1881 4409 1977 4477; x_wconf 78' lang='grc' dir='ltr'><strong>ζη-</strong></span> 
     </span>
    </p>
   </div>
   <div class='ocr_carea' id='block_1_64' title="bbox 2077 1921 3659 2005">
    <p class='ocr_par' dir='ltr' id='par_1_64' title="bbox 2077 1921 3659 2005">
     <span class='ocr_line' id='line_1_64' title="bbox 2077 1921 3659 2005; baseline -0.001 -19"><span class='ocrx_word' id='word_1_485' title='bbox 2077 1932 2387 2002; x_wconf 88' lang='lat' dir='ltr'><strong>participat.</strong></span> <span class='ocrx_word' id='word_1_486' title='bbox 2425 1931 2617 2005; x_wconf 64' lang='grc'><strong>1449</strong></span> <span class='ocrx_word' id='word_1_487' title='bbox 2647 1929 2744 1986; x_wconf 90' lang='lat' dir='ltr'><strong>Est</strong></span> <span class='ocrx_word' id='word_1_488' title='bbox 2772 1947 2901 2002; x_wconf 76' lang='lat' dir='ltr'><strong>ergo</strong></span> <span class='ocrx_word' id='word_1_489' title='bbox 2944 1930 3041 1987; x_wconf 90' lang='lat' dir='ltr'><strong>Dei</strong></span> <span class='ocrx_word' id='word_1_490' title='bbox 3068 1921 3355 1995; x_wconf 71' lang='lat' dir='ltr'><strong>Mediator,</strong></span> <span class='ocrx_word' id='word_1_491' title='bbox 3392 1938 3659 2000; x_wconf 86' lang='lat' dir='ltr'><strong>quatenus</strong></span> 
     </span>
    </p>
   </div>
   <div class='ocr_carea' id='block_1_65' title="bbox 2077 2018 3659 2093">
    <p class='ocr_par' dir='ltr' id='par_1_65' title="bbox 2077 2018 3659 2093">
     <span class='ocr_line' id='line_1_65' title="bbox 2077 2018 3659 2093; baseline -0.001 -17"><span class='ocrx_word' id='word_1_492' title='bbox 2077 2023 2322 2093; x_wconf 83' lang='lat' dir='ltr'><strong>ejusdem</strong></span> <span class='ocrx_word' id='word_1_493' title='bbox 2352 2037 2415 2077; x_wconf 90' lang='lat' dir='ltr'><strong>ac</strong></span> <span class='ocrx_word' id='word_1_494' title='bbox 2452 2023 2611 2076; x_wconf 84' lang='lat' dir='ltr'><strong>Pater</strong></span> <span class='ocrx_word' id='word_1_495' title='bbox 2639 2023 2967 2079; x_wconf 85' lang='lat' dir='ltr'><strong>substantiae</strong></span> <span class='ocrx_word' id='word_1_496' title='bbox 3003 2033 3087 2079; x_wconf 90' lang='lat' dir='ltr'><strong>est</strong></span> <span class='ocrx_word' id='word_1_497' title='bbox 3121 2041 3136 2077; x_wconf 91' lang='lat'><strong>:</strong></span> <span class='ocrx_word' id='word_1_498' title='bbox 3187 2030 3273 2079; x_wconf 92' lang='lat' dir='ltr'><strong>est</strong></span> <span class='ocrx_word' id='word_1_499' title='bbox 3323 2018 3453 2076; x_wconf 90' lang='lat' dir='ltr'><strong>item</strong></span> <span class='ocrx_word' id='word_1_500' title='bbox 3484 2020 3659 2076; x_wconf 87' lang='lat' dir='ltr'><strong>homi-</strong></span> 
     </span>
    </p>
   </div>
   <div class='ocr_carea' id='block_1_66' title="bbox 2080 2113 3658 2185">
    <p class='ocr_par' dir='ltr' id='par_1_66' title="bbox 2080 2113 3658 2185">
     <span class='ocr_line' id='line_1_66' title="bbox 2080 2113 3658 2185; baseline -0.001 -16"><span class='ocrx_word' id='word_1_501' title='bbox 2080 2132 2204 2169; x_wconf 88' lang='lat' dir='ltr'><strong>num</strong></span> <span class='ocrx_word' id='word_1_502' title='bbox 2264 2131 2479 2185; x_wconf 90' lang='lat' dir='ltr'><strong>quoque</strong></span> <span class='ocrx_word' id='word_1_503' title='bbox 2506 2116 2778 2170; x_wconf 86' lang='lat' dir='ltr'><strong>Mediator</strong></span> <span class='ocrx_word' id='word_1_504' title='bbox 2803 2154 2819 2181; x_wconf 90' lang='lat'><strong>,</strong></span> <span class='ocrx_word' id='word_1_505' title='bbox 2859 2123 3127 2185; x_wconf 88' lang='lat' dir='ltr'><strong>quatenus</strong></span> <span class='ocrx_word' id='word_1_506' title='bbox 3151 2115 3443 2171; x_wconf 90' lang='lat' dir='ltr'><strong>humanam</strong></span> <span class='ocrx_word' id='word_1_507' title='bbox 3491 2113 3658 2169; x_wconf 90' lang='lat' dir='ltr'><strong>etiam</strong></span> 
     </span>
    </p>
   </div>
   <div class='ocr_carea' id='block_1_67' title="bbox 2079 2203 3656 2279">
    <p class='ocr_par' dir='ltr' id='par_1_67' title="bbox 2079 2203 3656 2279">
     <span class='ocr_line' id='line_1_67' title="bbox 2079 2203 3656 2279; baseline -0.003 -17"><span class='ocrx_word' id='word_1_508' title='bbox 2079 2218 2325 2263; x_wconf 90' lang='lat' dir='ltr'><strong>naturam</strong></span> <span class='ocrx_word' id='word_1_509' title='bbox 2356 2208 2597 2277; x_wconf 80' lang='lat' dir='ltr'><strong>perfecte</strong></span> <span class='ocrx_word' id='word_1_510' title='bbox 2643 2207 2939 2279; x_wconf 87' lang='lat' dir='ltr'><strong>participat</strong></span> <span class='ocrx_word' id='word_1_511' title='bbox 2982 2207 3191 2278; x_wconf 88' lang='lat' dir='ltr'><strong>absque</strong></span> <span class='ocrx_word' id='word_1_512' title='bbox 3220 2212 3469 2278; x_wconf 91' lang='lat' dir='ltr'><strong>peccato.</strong></span> <span class='ocrx_word' id='word_1_513' title='bbox 3518 2203 3656 2260; x_wconf 90' lang='lat' dir='ltr'><strong>Cum</strong></span> 
     </span>
    </p>
   </div>
   <div class='ocr_carea' id='block_1_68' title="bbox 2077 2293 3656 2369">
    <p class='ocr_par' dir='ltr' id='par_1_68' title="bbox 2077 2293 3656 2369">
     <span class='ocr_line' id='line_1_68' title="bbox 2077 2293 3656 2369; baseline -0.001 -18"><span class='ocrx_word' id='word_1_514' title='bbox 2077 2312 2208 2367; x_wconf 82' lang='lat' dir='ltr'><strong>ergo</strong></span> <span class='ocrx_word' id='word_1_515' title='bbox 2258 2297 2553 2369; x_wconf 86' lang='lat' dir='ltr'><strong>Apostolus</strong></span> <span class='ocrx_word' id='word_1_516' title='bbox 2603 2299 2880 2355; x_wconf 90' lang='lat' dir='ltr'><strong>hominem</strong></span> <span class='ocrx_word' id='word_1_517' title='bbox 2930 2300 3064 2355; x_wconf 86' lang='lat' dir='ltr'><strong>dicit</strong></span> <span class='ocrx_word' id='word_1_518' title='bbox 3114 2298 3393 2355; x_wconf 84' lang='lat' dir='ltr'><strong>Christum</strong></span> <span class='ocrx_word' id='word_1_519' title='bbox 3431 2293 3656 2357; x_wconf 73' lang='lat' dir='ltr'><strong>Iesum,</strong></span> 
     </span>
    </p>
   </div>
   <div class='ocr_carea' id='block_1_69' title="bbox 2079 2387 3657 2460">
    <p class='ocr_par' dir='ltr' id='par_1_69' title="bbox 2079 2387 3657 2460">
     <span class='ocr_line' id='line_1_69' title="bbox 2079 2387 3657 2460; baseline -0.001 -17"><span class='ocrx_word' id='word_1_520' title='bbox 2079 2401 2311 2445; x_wconf 83' lang='lat' dir='ltr'><strong>caveant</strong></span> <span class='ocrx_word' id='word_1_521' title='bbox 2363 2405 2434 2444; x_wconf 91' lang='lat' dir='ltr'><strong>ne</strong></span> <span class='ocrx_word' id='word_1_522' title='bbox 2489 2400 2778 2460; x_wconf 84' lang='lat' dir='ltr'><strong>propterea</strong></span> <span class='ocrx_word' id='word_1_523' title='bbox 2833 2389 3151 2446; x_wconf 90' lang='lat' dir='ltr'><strong>scandalum</strong></span> <span class='ocrx_word' id='word_1_524' title='bbox 3194 2388 3515 2459; x_wconf 88' lang='lat' dir='ltr'><strong>patiantur,</strong></span> <span class='ocrx_word' id='word_1_525' title='bbox 3563 2387 3657 2443; x_wconf 87' lang='lat' dir='ltr'><strong>sed</strong></span> 
     </span>
    </p>
   </div>
   <div class='ocr_carea' id='block_1_70' title="bbox 2083 2477 3652 2551">
    <p class='ocr_par' dir='ltr' id='par_1_70' title="bbox 2083 2477 3652 2551">
     <span class='ocr_line' id='line_1_70' title="bbox 2083 2477 3652 2551; baseline 0.001 -19"><span class='ocrx_word' id='word_1_526' title='bbox 2083 2489 2337 2549; x_wconf 89' lang='lat' dir='ltr'><strong>reputent</strong></span> <span class='ocrx_word' id='word_1_527' title='bbox 2365 2480 2657 2551; x_wconf 91' lang='lat' dir='ltr'><strong>ipsummet</strong></span> <span class='ocrx_word' id='word_1_528' title='bbox 2688 2490 2745 2535; x_wconf 87' lang='lat' dir='ltr'><strong>et</strong></span> <span class='ocrx_word' id='word_1_529' title='bbox 2784 2481 2952 2535; x_wconf 89' lang='lat' dir='ltr'><strong>Deum</strong></span> <span class='ocrx_word' id='word_1_530' title='bbox 2977 2488 3032 2534; x_wconf 92' lang='lat' dir='ltr'><strong>et</strong></span> <span class='ocrx_word' id='word_1_531' title='bbox 3060 2480 3343 2535; x_wconf 90' lang='lat' dir='ltr'><strong>Dominum</strong></span> <span class='ocrx_word' id='word_1_532' title='bbox 3372 2477 3652 2551; x_wconf 88' lang='lat' dir='ltr'><strong>appellari,</strong></span> 
     </span>
    </p>
   </div>
   <div class='ocr_carea' id='block_1_71' title="bbox 2078 2570 3660 2642">
    <p class='ocr_par' dir='ltr' id='par_1_71' title="bbox 2078 2570 3660 2642">
     <span class='ocr_line' id='line_1_71' title="bbox 2078 2570 3660 2642; baseline -0.001 -15"><span class='ocrx_word' id='word_1_533' title='bbox 2078 2573 2351 2642; x_wconf 87' lang='lat' dir='ltr'><strong>simulque</strong></span> <span class='ocrx_word' id='word_1_534' title='bbox 2391 2572 2557 2627; x_wconf 90' lang='lat' dir='ltr'><strong>etiam</strong></span> <span class='ocrx_word' id='word_1_535' title='bbox 2584 2571 2863 2628; x_wconf 87' lang='lat' dir='ltr'><strong>Christum</strong></span> <span class='ocrx_word' id='word_1_536' title='bbox 2890 2570 3189 2640; x_wconf 79' lang='lat' dir='ltr'><strong>Jesumque</strong></span> <span class='ocrx_word' id='word_1_537' title='bbox 3241 2572 3371 2629; x_wconf 85' lang='lat' dir='ltr'><strong>dici.</strong></span> <span class='ocrx_word' id='word_1_538' title='bbox 3421 2572 3660 2628; x_wconf 82' lang='lat' dir='ltr'><strong>Audiant</strong></span> 
     </span>
    </p>
   </div>
   <div class='ocr_carea' id='block_1_72' title="bbox 2076 2662 3656 2733">
    <p class='ocr_par' dir='ltr' id='par_1_72' title="bbox 2076 2662 3656 2733">
     <span class='ocr_line' id='line_1_72' title="bbox 2076 2662 3656 2733; baseline -0.003 -15"><span class='ocrx_word' id='word_1_539' title='bbox 2076 2664 2221 2718; x_wconf 84' lang='lat' dir='ltr'><strong>enim</strong></span> <span class='ocrx_word' id='word_1_540' title='bbox 2246 2662 2496 2718; x_wconf 89' lang='lat' dir='ltr'><strong>eumdem</strong></span> <span class='ocrx_word' id='word_1_541' title='bbox 2528 2662 2848 2731; x_wconf 85' lang='lat' dir='ltr'><strong>Apostolum</strong></span> <span class='ocrx_word' id='word_1_542' title='bbox 2878 2664 2985 2717; x_wconf 90' lang='lat' dir='ltr'><strong>hoc</strong></span> <span class='ocrx_word' id='word_1_543' title='bbox 3007 2672 3201 2733; x_wconf 91' lang='lat' dir='ltr'><strong>aperte</strong></span> <span class='ocrx_word' id='word_1_544' title='bbox 3223 2663 3613 2733; x_wconf 78' lang='lat' dir='ltr'><strong>praedicantem</strong></span> <span class='ocrx_word' id='word_1_545' title='bbox 3640 2675 3656 2713; x_wconf 89' lang='lat'><strong>:</strong></span> 
     </span>
    </p>
   </div>
   <div class='ocr_carea' id='block_1_73' title="bbox 2083 2751 3662 2823">
    <p class='ocr_par' dir='ltr' id='par_1_73' title="bbox 2083 2751 3662 2823">
     <span class='ocr_line' id='line_1_73' title="bbox 2083 2751 3662 2823; baseline -0.001 -17"><span class='ocrx_word' id='word_1_546' title='bbox 2083 2774 2102 2806; x_wconf 89' lang='grc'><strong>‹</strong></span> <span class='ocrx_word' id='word_1_547' title='bbox 2139 2752 2763 2823; x_wconf 79' lang='lat' dir='ltr'><strong>Exspectantes,inquit,</strong></span> <span class='ocrx_word' id='word_1_548' title='bbox 2796 2752 3012 2807; x_wconf 87' lang='lat' dir='ltr'><strong>beatam</strong></span> <span class='ocrx_word' id='word_1_549' title='bbox 3039 2766 3211 2821; x_wconf 78' lang='lat' dir='ltr'><strong>Spem,</strong></span> <span class='ocrx_word' id='word_1_550' title='bbox 3260 2758 3317 2807; x_wconf 92' lang='lat' dir='ltr'><strong>et</strong></span> <span class='ocrx_word' id='word_1_551' title='bbox 3341 2751 3662 2806; x_wconf 88' lang='lat' dir='ltr'><strong>manifesta-</strong></span> 
     </span>
    </p>
   </div>
   <div class='ocr_carea' id='block_1_74' title="bbox 2077 2840 3660 2917">
    <p class='ocr_par' dir='ltr' id='par_1_74' title="bbox 2077 2840 3660 2917">
     <span class='ocr_line' id='line_1_74' title="bbox 2077 2840 3660 2917; baseline -0.002 -17"><span class='ocrx_word' id='word_1_552' title='bbox 2077 2847 2278 2900; x_wconf 91' lang='lat' dir='ltr'><strong>tionem</strong></span> <span class='ocrx_word' id='word_1_553' title='bbox 2307 2844 2495 2917; x_wconf 72' lang='lat' dir='ltr'><strong>gloriae</strong></span> <span class='ocrx_word' id='word_1_554' title='bbox 2523 2845 2705 2914; x_wconf 82' lang='lat' dir='ltr'><strong>magni</strong></span> <span class='ocrx_word' id='word_1_555' title='bbox 2752 2843 2848 2899; x_wconf 90' lang='lat' dir='ltr'><strong>Dei</strong></span> <span class='ocrx_word' id='word_1_556' title='bbox 2886 2853 2942 2898; x_wconf 91' lang='lat' dir='ltr'><strong>et</strong></span> <span class='ocrx_word' id='word_1_557' title='bbox 2966 2842 3275 2899; x_wconf 87' lang='lat' dir='ltr'><strong>Servatoris</strong></span> <span class='ocrx_word' id='word_1_558' title='bbox 3314 2842 3491 2900; x_wconf 89' lang='lat' dir='ltr'><strong>nostri</strong></span> <span class='ocrx_word' id='word_1_559' title='bbox 3532 2840 3660 2900; x_wconf 70' lang='lat' dir='ltr'><strong>Jesu</strong></span> 
     </span>
    </p>
   </div>
   <div class='ocr_carea' id='block_1_75' title="bbox 2077 2934 3478 3007">
    <p class='ocr_par' dir='ltr' id='par_1_75' title="bbox 2077 2934 3478 3007">
     <span class='ocr_line' id='line_1_75' title="bbox 2077 2934 3478 3007; baseline -0.005 -14"><span class='ocrx_word' id='word_1_560' title='bbox 2077 2937 2304 3001; x_wconf 83' lang='lat' dir='ltr'><strong>Christi,</strong></span> <span class='ocrx_word' id='word_1_561' title='bbox 2340 2935 2435 3007; x_wconf 91' lang='lat' dir='ltr'><strong>qui</strong></span> <span class='ocrx_word' id='word_1_562' title='bbox 2465 2934 2616 2991; x_wconf 88' lang='lat' dir='ltr'><strong>dedit</strong></span> <span class='ocrx_word' id='word_1_563' title='bbox 2643 2935 3001 3007; x_wconf 88' lang='lat' dir='ltr'><strong>semetipsum</strong></span> <span class='ocrx_word' id='word_1_564' title='bbox 3029 2950 3127 3005; x_wconf 89' lang='lat' dir='ltr'><strong>pro</strong></span> <span class='ocrx_word' id='word_1_565' title='bbox 3157 2934 3316 2990; x_wconf 83' lang='lat' dir='ltr'><strong>nobis</strong></span> <span class='ocrx_word' id='word_1_566' title='bbox 3356 2935 3424 2988; x_wconf 78' lang='grc'><strong>⁸⁸.</strong></span> <span class='ocrx_word' id='word_1_567' title='bbox 3459 2953 3478 2985; x_wconf 80' lang='grc' dir='ltr'><strong>ι</strong></span> 
     </span>
    </p>
   </div>
   <div class='ocr_carea' id='block_1_76' title="bbox 2154 3092 3661 3185">
    <p class='ocr_par' dir='ltr' id='par_1_76' title="bbox 2154 3092 3661 3185">
     <span class='ocr_line' id='line_1_76' title="bbox 2154 3092 3661 3185; baseline 0.003 -19"><span class='ocrx_word' id='word_1_568' title='bbox 2154 3113 2242 3166; x_wconf 72' lang='grc'><strong>15.</strong></span> <span class='ocrx_word' id='word_1_569' title='bbox 2289 3111 2478 3168; x_wconf 83' lang='lat' dir='ltr'><strong>Viden‘</strong></span> <span class='ocrx_word' id='word_1_570' title='bbox 2509 3092 2783 3182; x_wconf 83' lang='lat' dir='ltr'><strong>quomodo</strong></span> <span class='ocrx_word' id='word_1_571' title='bbox 2815 3112 3174 3185; x_wconf 82' lang='lat' dir='ltr'><strong>iilic‘quidem</strong></span> <span class='ocrx_word' id='word_1_572' title='bbox 3203 3110 3477 3170; x_wconf 88' lang='lat' dir='ltr'><strong>hominem</strong></span> <span class='ocrx_word' id='word_1_573' title='bbox 3501 3112 3661 3173; x_wconf 34' lang='lat' dir='ltr'><strong>Chrie</strong></span> 
     </span>
    </p>
   </div>
   <div class='ocr_carea' id='block_1_77' title="bbox 2079 3202 3661 3278">
    <p class='ocr_par' dir='ltr' id='par_1_77' title="bbox 2079 3202 3661 3278">
     <span class='ocr_line' id='line_1_77' title="bbox 2079 3202 3661 3278; baseline 0.001 -17"><span class='ocrx_word' id='word_1_574' title='bbox 2079 3213 2223 3261; x_wconf 87' lang='lat' dir='ltr'><strong>stum</strong></span> <span class='ocrx_word' id='word_1_575' title='bbox 2246 3202 2432 3261; x_wconf 81' lang='lat' dir='ltr'><strong>Jesum</strong></span> <span class='ocrx_word' id='word_1_576' title='bbox 2464 3206 2596 3260; x_wconf 91' lang='lat' dir='ltr'><strong>dicit</strong></span> <span class='ocrx_word' id='word_1_577' title='bbox 2627 3219 2749 3260; x_wconf 84' lang='lat' dir='ltr'><strong>eum</strong></span> <span class='ocrx_word' id='word_1_578' title='bbox 2781 3206 2874 3276; x_wconf 92' lang='lat' dir='ltr'><strong>qui</strong></span> <span class='ocrx_word' id='word_1_579' title='bbox 2892 3221 2990 3276; x_wconf 90' lang='lat' dir='ltr'><strong>pro</strong></span> <span class='ocrx_word' id='word_1_580' title='bbox 3010 3207 3267 3262; x_wconf 89' lang='lat' dir='ltr'><strong>omnibus</strong></span> <span class='ocrx_word' id='word_1_581' title='bbox 3293 3206 3529 3278; x_wconf 89' lang='lat' dir='ltr'><strong>seipsum</strong></span> <span class='ocrx_word' id='word_1_582' title='bbox 3551 3216 3661 3263; x_wconf 82' lang='lat' dir='ltr'><strong>tra-</strong></span> 
     </span>
    </p>
   </div>
   <div class='ocr_carea' id='block_1_78' title="bbox 2078 3296 3659 3366">
    <p class='ocr_par' dir='ltr' id='par_1_78' title="bbox 2078 3296 3659 3366">
     <span class='ocr_line' id='line_1_78' title="bbox 2078 3296 3659 3366; baseline 0.003 -15"><span class='ocrx_word' id='word_1_583' title='bbox 2078 3297 2245 3362; x_wconf 90' lang='lat' dir='ltr'><strong>didit,</strong></span> <span class='ocrx_word' id='word_1_584' title='bbox 2276 3296 2367 3350; x_wconf 86' lang='lat' dir='ltr'><strong>hic</strong></span> <span class='ocrx_word' id='word_1_585' title='bbox 2407 3309 2590 3351; x_wconf 89' lang='lat' dir='ltr'><strong>autem</strong></span> <span class='ocrx_word' id='word_1_586' title='bbox 2632 3310 2890 3366; x_wconf 86' lang='lat' dir='ltr'><strong>magnum</strong></span> <span class='ocrx_word' id='word_1_587' title='bbox 2927 3296 3096 3352; x_wconf 90' lang='lat' dir='ltr'><strong>Deum</strong></span> <span class='ocrx_word' id='word_1_588' title='bbox 3139 3296 3413 3354; x_wconf 87' lang='lat' dir='ltr'><strong>Christum</strong></span> <span class='ocrx_word' id='word_1_589' title='bbox 3450 3297 3659 3366; x_wconf 86' lang='lat' dir='ltr'><strong>Jesum,</strong></span> 
     </span>
    </p>
   </div>
   <div class='ocr_carea' id='block_1_79' title="bbox 2076 3388 3659 3460">
    <p class='ocr_par' dir='ltr' id='par_1_79' title="bbox 2076 3388 3659 3460">
     <span class='ocr_line' id='line_1_79' title="bbox 2076 3388 3659 3460; baseline 0.001 -17"><span class='ocrx_word' id='word_1_590' title='bbox 2076 3391 2169 3459; x_wconf 89' lang='lat' dir='ltr'><strong>qui</strong></span> <span class='ocrx_word' id='word_1_591' title='bbox 2208 3388 2445 3457; x_wconf 88' lang='lat' dir='ltr'><strong>seipsum</strong></span> <span class='ocrx_word' id='word_1_592' title='bbox 2478 3389 2608 3443; x_wconf 93' lang='lat' dir='ltr'><strong>item</strong></span> <span class='ocrx_word' id='word_1_593' title='bbox 2642 3403 2743 3459; x_wconf 89' lang='lat' dir='ltr'><strong>pro</strong></span> <span class='ocrx_word' id='word_1_594' title='bbox 2793 3388 2949 3443; x_wconf 88' lang='lat' dir='ltr'><strong>nobis</strong></span> <span class='ocrx_word' id='word_1_595' title='bbox 2993 3388 3245 3444; x_wconf 87' lang='lat' dir='ltr'><strong>dedidit?</strong></span> <span class='ocrx_word' id='word_1_596' title='bbox 3281 3389 3487 3460; x_wconf 83' lang='lat' dir='ltr'><strong>Duplex</strong></span> <span class='ocrx_word' id='word_1_597' title='bbox 3514 3393 3659 3447; x_wconf 90' lang='lat' dir='ltr'><strong>enim</strong></span> 
     </span>
    </p>
   </div>
   <div class='ocr_carea' id='block_1_80' title="bbox 2079 3480 3663 3552">
    <p class='ocr_par' dir='ltr' id='par_1_80' title="bbox 2079 3480 3663 3552">
     <span class='ocr_line' id='line_1_80' title="bbox 2079 3480 3663 3552; baseline 0.003 -17"><span class='ocrx_word' id='word_1_598' title='bbox 2079 3481 2207 3535; x_wconf 90' lang='lat' dir='ltr'><strong>hinc</strong></span> <span class='ocrx_word' id='word_1_599' title='bbox 2254 3486 2444 3536; x_wconf 90' lang='lat' dir='ltr'><strong>contra</strong></span> <span class='ocrx_word' id='word_1_600' title='bbox 2496 3481 2666 3550; x_wconf 91' lang='lat' dir='ltr'><strong>ipsos,</strong></span> <span class='ocrx_word' id='word_1_601' title='bbox 2708 3481 2819 3537; x_wconf 90' lang='lat' dir='ltr'><strong>imo</strong></span> <span class='ocrx_word' id='word_1_602' title='bbox 2867 3481 3046 3552; x_wconf 88' lang='lat' dir='ltr'><strong>potius</strong></span> <span class='ocrx_word' id='word_1_603' title='bbox 3093 3496 3191 3551; x_wconf 88' lang='lat' dir='ltr'><strong>pro</strong></span> <span class='ocrx_word' id='word_1_604' title='bbox 3233 3480 3390 3552; x_wconf 90' lang='lat' dir='ltr'><strong>ipsis,</strong></span> <span class='ocrx_word' id='word_1_605' title='bbox 3436 3484 3483 3539; x_wconf 88' lang='lat' dir='ltr'><strong>si</strong></span> <span class='ocrx_word' id='word_1_606' title='bbox 3528 3480 3663 3539; x_wconf 82' lang='lat' dir='ltr'><strong>resi-</strong></span> 
     </span>
    </p>
   </div>
   <div class='ocr_carea' id='block_1_81' title="bbox 2079 3571 3659 3643">
    <p class='ocr_par' dir='ltr' id='par_1_81' title="bbox 2079 3571 3659 3643">
     <span class='ocr_line' id='line_1_81' title="bbox 2079 3571 3659 3643; baseline 0.002 -17"><span class='ocrx_word' id='word_1_607' title='bbox 2079 3572 2297 3643; x_wconf 91' lang='lat' dir='ltr'><strong>piscere</strong></span> <span class='ocrx_word' id='word_1_608' title='bbox 2320 3571 2512 3635; x_wconf 85' lang='lat' dir='ltr'><strong>velint,</strong></span> <span class='ocrx_word' id='word_1_609' title='bbox 2541 3572 2605 3628; x_wconf 85' lang='lat' dir='ltr'><strong>fit</strong></span> <span class='ocrx_word' id='word_1_610' title='bbox 2642 3574 3060 3641; x_wconf 89' lang='lat' dir='ltr'><strong>demonstratio,</strong></span> <span class='ocrx_word' id='word_1_611' title='bbox 3090 3573 3217 3628; x_wconf 85' lang='lat' dir='ltr'><strong>dum</strong></span> <span class='ocrx_word' id='word_1_612' title='bbox 3250 3572 3382 3629; x_wconf 89' lang='lat' dir='ltr'><strong>dicit</strong></span> <span class='ocrx_word' id='word_1_613' title='bbox 3412 3584 3467 3629; x_wconf 92' lang='lat' dir='ltr'><strong>et</strong></span> <span class='ocrx_word' id='word_1_614' title='bbox 3492 3573 3659 3629; x_wconf 88' lang='lat' dir='ltr'><strong>Deum</strong></span> 
     </span>
    </p>
   </div>
   <div class='ocr_carea' id='block_1_82' title="bbox 2079 3662 3661 3734">
    <p class='ocr_par' dir='ltr' id='par_1_82' title="bbox 2079 3662 3661 3734">
     <span class='ocr_line' id='line_1_82' title="bbox 2079 3662 3661 3734; baseline 0 -16"><span class='ocrx_word' id='word_1_615' title='bbox 2079 3673 2132 3718; x_wconf 93' lang='lat' dir='ltr'><strong>et</strong></span> <span class='ocrx_word' id='word_1_616' title='bbox 2160 3663 2451 3719; x_wconf 92' lang='lat' dir='ltr'><strong>Dominum</strong></span> <span class='ocrx_word' id='word_1_617' title='bbox 2479 3662 2687 3729; x_wconf 86' lang='lat' dir='ltr'><strong>Jesum,</strong></span> <span class='ocrx_word' id='word_1_618' title='bbox 2733 3678 2897 3734; x_wconf 92' lang='lat' dir='ltr'><strong>quem</strong></span> <span class='ocrx_word' id='word_1_619' title='bbox 2941 3663 3053 3719; x_wconf 90' lang='lat' dir='ltr'><strong>illic</strong></span> <span class='ocrx_word' id='word_1_620' title='bbox 3086 3663 3361 3719; x_wconf 91' lang='lat' dir='ltr'><strong>hominem</strong></span> <span class='ocrx_word' id='word_1_621' title='bbox 3409 3664 3661 3729; x_wconf 79' lang='lat' dir='ltr'><strong>dixerat,</strong></span> 
     </span>
    </p>
   </div>
   <div class='ocr_carea' id='block_1_83' title="bbox 2080 3753 3663 3828">
    <p class='ocr_par' dir='ltr' id='par_1_83' title="bbox 2080 3753 3663 3828">
     <span class='ocr_line' id='line_1_83' title="bbox 2080 3753 3663 3828; baseline 0.002 -17"><span class='ocrx_word' id='word_1_622' title='bbox 2080 3758 2317 3827; x_wconf 90' lang='lat' dir='ltr'><strong>dumque</strong></span> <span class='ocrx_word' id='word_1_623' title='bbox 2346 3756 2609 3812; x_wconf 89' lang='lat' dir='ltr'><strong>ambobus</strong></span> <span class='ocrx_word' id='word_1_624' title='bbox 2637 3757 2693 3812; x_wconf 95' lang='lat' dir='ltr'><strong>in</strong></span> <span class='ocrx_word' id='word_1_625' title='bbox 2724 3757 2861 3813; x_wconf 86' lang='lat' dir='ltr'><strong>locis</strong></span> <span class='ocrx_word' id='word_1_626' title='bbox 2903 3757 3080 3826; x_wconf 91' lang='lat' dir='ltr'><strong>ipsum</strong></span> <span class='ocrx_word' id='word_1_627' title='bbox 3116 3771 3215 3827; x_wconf 89' lang='lat' dir='ltr'><strong>pro</strong></span> <span class='ocrx_word' id='word_1_628' title='bbox 3262 3753 3422 3814; x_wconf 87' lang='lat' dir='ltr'><strong>nobis</strong></span> <span class='ocrx_word' id='word_1_629' title='bbox 3468 3765 3663 3828; x_wconf 84' lang='lat' dir='ltr'><strong>sponte</strong></span> 
     </span>
    </p>
   </div>
   <div class='ocr_carea' id='block_1_84' title="bbox 2081 3847 3663 3920">
    <p class='ocr_par' dir='ltr' id='par_1_84' title="bbox 2081 3847 3663 3920">
     <span class='ocr_line' id='line_1_84' title="bbox 2081 3847 3663 3920; baseline 0.001 -18"><span class='ocrx_word' id='word_1_630' title='bbox 2081 3862 2141 3904; x_wconf 91' lang='lat' dir='ltr'><strong>se</strong></span> <span class='ocrx_word' id='word_1_631' title='bbox 2174 3849 2466 3905; x_wconf 89' lang='lat' dir='ltr'><strong>tradidisse</strong></span> <span class='ocrx_word' id='word_1_632' title='bbox 2495 3849 2786 3920; x_wconf 78' lang='lat' dir='ltr'><strong>significat.</strong></span> <span class='ocrx_word' id='word_1_633' title='bbox 2821 3867 2841 3903; x_wconf 72' lang='grc' dir='ltr'><strong>ι</strong></span> <span class='ocrx_word' id='word_1_634' title='bbox 2869 3848 3044 3904; x_wconf 81' lang='lat' dir='ltr'><strong>Homo</strong></span> <span class='ocrx_word' id='word_1_635' title='bbox 3068 3849 3236 3915; x_wconf 90' lang='lat' dir='ltr'><strong>enim,</strong></span> <span class='ocrx_word' id='word_1_636' title='bbox 3272 3847 3473 3919; x_wconf 90' lang='lat' dir='ltr'><strong>inquit,</strong></span> <span class='ocrx_word' id='word_1_637' title='bbox 3501 3851 3663 3907; x_wconf 42' lang='lat' dir='ltr'><strong>Chri‘</strong></span> 
     </span>
    </p>
   </div>
   <div class='ocr_carea' id='block_1_85' title="bbox 2079 3938 3662 4012">
    <p class='ocr_par' dir='ltr' id='par_1_85' title="bbox 2079 3938 3662 4012">
     <span class='ocr_line' id='line_1_85' title="bbox 2079 3938 3662 4012; baseline -0.001 -15"><span class='ocrx_word' id='word_1_638' title='bbox 2079 3952 2197 3997; x_wconf 74' lang='lat' dir='ltr'><strong>Stus</strong></span> <span class='ocrx_word' id='word_1_639' title='bbox 2227 3938 2407 4005; x_wconf 81' lang='lat' dir='ltr'><strong>Jesus,</strong></span> <span class='ocrx_word' id='word_1_640' title='bbox 2439 3940 2534 4012; x_wconf 90' lang='lat' dir='ltr'><strong>qui</strong></span> <span class='ocrx_word' id='word_1_641' title='bbox 2564 3942 2712 3997; x_wconf 90' lang='lat' dir='ltr'><strong>dedit</strong></span> <span class='ocrx_word' id='word_1_642' title='bbox 2744 3942 2983 4011; x_wconf 85' lang='lat' dir='ltr'><strong>seipsum</strong></span> <span class='ocrx_word' id='word_1_643' title='bbox 3016 3955 3117 4011; x_wconf 91' lang='lat' dir='ltr'><strong>pro</strong></span> <span class='ocrx_word' id='word_1_644' title='bbox 3165 3942 3417 3998; x_wconf 86' lang='lat' dir='ltr'><strong>omnibus</strong></span> <span class='ocrx_word' id='word_1_645' title='bbox 3450 3944 3662 3998; x_wconf 76' lang='lat' dir='ltr'><strong>redem-</strong></span> 
     </span>
    </p>
   </div>
   <div class='ocr_carea' id='block_1_86' title="bbox 2079 4033 3660 4104">
    <p class='ocr_par' dir='ltr' id='par_1_86' title="bbox 2079 4033 3660 4104">
     <span class='ocr_line' id='line_1_86' title="bbox 2079 4033 3660 4104; baseline 0 -16"><span class='ocrx_word' id='word_1_646' title='bbox 2079 4033 2320 4104; x_wconf 90' lang='lat' dir='ltr'><strong>ptionem</strong></span> <span class='ocrx_word' id='word_1_647' title='bbox 2353 4035 2419 4088; x_wconf 79' lang='lat'><strong>&quot;.</strong></span> <span class='ocrx_word' id='word_1_648' title='bbox 2458 4053 2479 4087; x_wconf 77' lang='grc' dir='ltr'><strong>ι</strong></span> <span class='ocrx_word' id='word_1_649' title='bbox 2514 4034 2836 4103; x_wconf 74' lang='lat' dir='ltr'><strong>Rursusque</strong></span> <span class='ocrx_word' id='word_1_650' title='bbox 2879 4049 2893 4085; x_wconf 89' lang='lat'><strong>:</strong></span> <span class='ocrx_word' id='word_1_651' title='bbox 2931 4051 2950 4085; x_wconf 77' lang='grc' dir='ltr'><strong>ι</strong></span> <span class='ocrx_word' id='word_1_652' title='bbox 3012 4033 3402 4103; x_wconf 86' lang='lat' dir='ltr'><strong>Exspectantes</strong></span> <span class='ocrx_word' id='word_1_653' title='bbox 3443 4035 3660 4089; x_wconf 87' lang='lat' dir='ltr'><strong>beatam</strong></span> 
     </span>
    </p>
   </div>
   <div class='ocr_carea' id='block_1_87' title="bbox 2080 4118 3660 4197">
    <p class='ocr_par' dir='ltr' id='par_1_87' title="bbox 2080 4118 3660 4197">
     <span class='ocr_line' id='line_1_87' title="bbox 2080 4118 3660 4197; baseline -0.002 -15"><span class='ocrx_word' id='word_1_654' title='bbox 2080 4142 2256 4197; x_wconf 91' lang='lat' dir='ltr'><strong>spem,</strong></span> <span class='ocrx_word' id='word_1_655' title='bbox 2280 4137 2337 4183; x_wconf 89' lang='lat' dir='ltr'><strong>et</strong></span> <span class='ocrx_word' id='word_1_656' title='bbox 2367 4126 2861 4182; x_wconf 84' lang='lat' dir='ltr'><strong>manifestationem</strong></span> <span class='ocrx_word' id='word_1_657' title='bbox 2888 4123 3077 4195; x_wconf 75' lang='lat' dir='ltr'><strong>gloria:</strong></span> <span class='ocrx_word' id='word_1_658' title='bbox 3107 4126 3287 4196; x_wconf 80' lang='lat' dir='ltr'><strong>magni</strong></span> <span class='ocrx_word' id='word_1_659' title='bbox 3314 4118 3411 4181; x_wconf 89' lang='lat' dir='ltr'><strong>Dei</strong></span> <span class='ocrx_word' id='word_1_660' title='bbox 3450 4135 3505 4181; x_wconf 92' lang='lat' dir='ltr'><strong>et</strong></span> <span class='ocrx_word' id='word_1_661' title='bbox 3535 4123 3660 4181; x_wconf 91' lang='lat' dir='ltr'><strong>Ser-</strong></span> 
     </span>
    </p>
   </div>
   <div class='ocr_carea' id='block_1_88' title="bbox 2079 4214 3662 4289">
    <p class='ocr_par' dir='ltr' id='par_1_88' title="bbox 2079 4214 3662 4289">
     <span class='ocr_line' id='line_1_88' title="bbox 2079 4214 3662 4289; baseline 0.003 -17"><span class='ocrx_word' id='word_1_662' title='bbox 2079 4220 2289 4274; x_wconf 87' lang='lat' dir='ltr'><strong>vatoris</strong></span> <span class='ocrx_word' id='word_1_663' title='bbox 2336 4220 2508 4275; x_wconf 91' lang='lat' dir='ltr'><strong>nostri</strong></span> <span class='ocrx_word' id='word_1_664' title='bbox 2545 4217 2673 4273; x_wconf 82' lang='lat' dir='ltr'><strong>Jesu</strong></span> <span class='ocrx_word' id='word_1_665' title='bbox 2716 4216 2954 4281; x_wconf 87' lang='lat' dir='ltr'><strong>Christi,</strong></span> <span class='ocrx_word' id='word_1_666' title='bbox 2991 4217 3084 4288; x_wconf 91' lang='lat' dir='ltr'><strong>qui</strong></span> <span class='ocrx_word' id='word_1_667' title='bbox 3113 4218 3261 4273; x_wconf 87' lang='lat' dir='ltr'><strong>dedit</strong></span> <span class='ocrx_word' id='word_1_668' title='bbox 3305 4214 3662 4289; x_wconf 86' lang='lat' dir='ltr'><strong>semetipsum</strong></span> 
     </span>
    </p>
   </div>
   <div class='ocr_carea' id='block_1_89' title="bbox 2079 4309 3662 4381">
    <p class='ocr_par' dir='ltr' id='par_1_89' title="bbox 2079 4309 3662 4381">
     <span class='ocr_line' id='line_1_89' title="bbox 2079 4309 3662 4381; baseline 0.001 -16"><span class='ocrx_word' id='word_1_669' title='bbox 2079 4326 2178 4381; x_wconf 90' lang='lat' dir='ltr'><strong>pro</strong></span> <span class='ocrx_word' id='word_1_670' title='bbox 2200 4311 2374 4376; x_wconf 89' lang='lat' dir='ltr'><strong>nobis,</strong></span> <span class='ocrx_word' id='word_1_671' title='bbox 2410 4321 2471 4366; x_wconf 92' lang='lat' dir='ltr'><strong>ut</strong></span> <span class='ocrx_word' id='word_1_672' title='bbox 2527 4311 2676 4366; x_wconf 93' lang='lat' dir='ltr'><strong>omni</strong></span> <span class='ocrx_word' id='word_1_673' title='bbox 2709 4325 2809 4365; x_wconf 93' lang='lat' dir='ltr'><strong>nos</strong></span> <span class='ocrx_word' id='word_1_674' title='bbox 2842 4321 3065 4379; x_wconf 91' lang='lat' dir='ltr'><strong>peccato</strong></span> <span class='ocrx_word' id='word_1_675' title='bbox 3111 4309 3444 4376; x_wconf 87' lang='lat' dir='ltr'><strong>redimeret,</strong></span> <span class='ocrx_word' id='word_1_676' title='bbox 3498 4327 3662 4366; x_wconf 80' lang='lat' dir='ltr'><strong>mun-</strong></span> 
     </span>
    </p>
   </div>
   <div class='ocr_carea' id='block_1_90' title="bbox 2082 4394 3697 4473">
    <p class='ocr_par' dir='ltr' id='par_1_90' title="bbox 2082 4394 3697 4473">
     <span class='ocr_line' id='line_1_90' title="bbox 2082 4394 3697 4473; baseline 0 -16"><span class='ocrx_word' id='word_1_677' title='bbox 2082 4404 2342 4473; x_wconf 86' lang='lat' dir='ltr'><strong>daretque</strong></span> <span class='ocrx_word' id='word_1_678' title='bbox 2382 4403 2484 4459; x_wconf 91' lang='lat' dir='ltr'><strong>sibi</strong></span> <span class='ocrx_word' id='word_1_679' title='bbox 2538 4402 2795 4473; x_wconf 88' lang='lat' dir='ltr'><strong>populum</strong></span> <span class='ocrx_word' id='word_1_680' title='bbox 2852 4401 3226 4470; x_wconf 90' lang='lat' dir='ltr'><strong>peculiarem,</strong></span> <span class='ocrx_word' id='word_1_681' title='bbox 3285 4394 3697 4457; x_wconf 48' lang='lat' dir='ltr'><strong>:emulatorem‘</strong></span> 
     </span>
    </p>
   </div>
   <div class='ocr_carea' id='block_1_91' title="bbox 400 4492 1977 4572">
    <p class='ocr_par' dir='ltr' id='par_1_91' title="bbox 400 4497 1977 4571">
     <span class='ocr_line' id='line_1_91' title="bbox 400 4497 1977 4571; baseline -0.001 -16"><span class='ocrx_word' id='word_1_682' title='bbox 400 4502 577 4571; x_wconf 85' lang='grc' dir='ltr'>λωτὴν</span> <span class='ocrx_word' id='word_1_683' title='bbox 605 4500 785 4554; x_wconf 85' lang='grc' dir='ltr'>καλῶν</span> <span class='ocrx_word' id='word_1_684' title='bbox 820 4499 1019 4571; x_wconf 74' lang='grc' dir='ltr'>ἔργων.</span> <span class='ocrx_word' id='word_1_685' title='bbox 1058 4519 1077 4550; x_wconf 78' lang='grc' dir='ltr'><strong>ι</strong></span> <span class='ocrx_word' id='word_1_686' title='bbox 1110 4500 1169 4552; x_wconf 82' lang='grc' dir='ltr'>Εἰ</span> <span class='ocrx_word' id='word_1_687' title='bbox 1194 4499 1249 4551; x_wconf 76' lang='grc' dir='ltr'>δὲ</span> <span class='ocrx_word' id='word_1_688' title='bbox 1277 4497 1564 4570; x_wconf 79' lang='grc' dir='ltr'>ἄνθρωπος</span> <span class='ocrx_word' id='word_1_689' title='bbox 1599 4502 1717 4553; x_wconf 86' lang='grc' dir='ltr'>κατ’</span> <span class='ocrx_word' id='word_1_690' title='bbox 1738 4501 1977 4564; x_wconf 75' lang='grc' dir='ltr'>ἐκείνους</span> 
     </span>
    </p>
   </div>
   <div class='ocr_carea' id='block_1_92' title="bbox 2079 4492 3661 4572">
    <p class='ocr_par' dir='ltr' id='par_1_92' title="bbox 2085 4492 3661 4565">
     <span class='ocr_line' id='line_1_92' title="bbox 2085 4492 3661 4565; baseline -0.001 -15"><span class='ocrx_word' id='word_1_691' title='bbox 2085 4495 2350 4550; x_wconf 91' lang='lat' dir='ltr'><strong>bonorum</strong></span> <span class='ocrx_word' id='word_1_692' title='bbox 2387 4493 2699 4565; x_wconf 76' lang='lat' dir='ltr'><strong>operum&quot;.</strong></span> <span class='ocrx_word' id='word_1_693' title='bbox 2735 4512 2753 4547; x_wconf 81' lang='grc' dir='ltr'><strong>ι</strong></span> <span class='ocrx_word' id='word_1_694' title='bbox 2778 4492 2930 4560; x_wconf 86' lang='lat' dir='ltr'><strong>Quod</strong></span> <span class='ocrx_word' id='word_1_695' title='bbox 2954 4495 3000 4548; x_wconf 90' lang='lat' dir='ltr'><strong>si</strong></span> <span class='ocrx_word' id='word_1_696' title='bbox 3026 4493 3246 4549; x_wconf 91' lang='lat' dir='ltr'><strong>nonnisi</strong></span> <span class='ocrx_word' id='word_1_697' title='bbox 3285 4493 3448 4549; x_wconf 93' lang='lat' dir='ltr'><strong>homo</strong></span> <span class='ocrx_word' id='word_1_698' title='bbox 3485 4503 3568 4550; x_wconf 91' lang='lat' dir='ltr'><strong>est</strong></span> <span class='ocrx_word' id='word_1_699' title='bbox 3606 4494 3661 4549; x_wconf 93' lang='lat' dir='ltr'><strong>in</strong></span> 
     </span>
    </p>
   </div>
   <div class='ocr_carea' id='block_1_93' title="bbox 406 4588 1975 4664">
    <p class='ocr_par' dir='ltr' id='par_1_93' title="bbox 406 4588 1975 4664">
     <span class='ocr_line' id='line_1_93' title="bbox 406 4588 1975 4664; baseline -0.002 -19"><span class='ocrx_word' id='word_1_700' title='bbox 406 4594 565 4664; x_wconf 85' lang='grc' dir='ltr'>μόνον</span> <span class='ocrx_word' id='word_1_701' title='bbox 596 4590 831 4662; x_wconf 82' lang='grc' dir='ltr'>Χριστὸς</span> <span class='ocrx_word' id='word_1_702' title='bbox 893 4588 1121 4660; x_wconf 85' lang='grc' dir='ltr'>Ἰησοῦς,</span> <span class='ocrx_word' id='word_1_703' title='bbox 1153 4591 1181 4641; x_wconf 87' lang='grc' dir='ltr'>ὁ</span> <span class='ocrx_word' id='word_1_704' title='bbox 1220 4588 1343 4651; x_wconf 80' lang='grc' dir='ltr'>δοὺς</span> <span class='ocrx_word' id='word_1_705' title='bbox 1376 4588 1568 4641; x_wconf 80' lang='grc' dir='ltr'>ἑαυτὸν</span> <span class='ocrx_word' id='word_1_706' title='bbox 1610 4589 1750 4661; x_wconf 77' lang='grc' dir='ltr'>ὑπὲρ</span> <span class='ocrx_word' id='word_1_707' title='bbox 1797 4590 1975 4659; x_wconf 83' lang='grc' dir='ltr'>ήμῶν,</span> 
     </span>
    </p>
   </div>
   <div class='ocr_carea' id='block_1_94' title="bbox 404 4679 1977 4756">
    <p class='ocr_par' dir='ltr' id='par_1_94' title="bbox 404 4679 1977 4756">
     <span class='ocr_line' id='line_1_94' title="bbox 404 4679 1977 4756; baseline -0.003 -17"><span class='ocrx_word' id='word_1_708' title='bbox 404 4686 497 4739; x_wconf 71' lang='grc' dir='ltr'>καὶ</span> <span class='ocrx_word' id='word_1_709' title='bbox 525 4684 1023 4756; x_wconf 83' lang='grc' dir='ltr'>περιποιησάμενος</span> <span class='ocrx_word' id='word_1_710' title='bbox 1058 4682 1206 4751; x_wconf 81' lang='grc' dir='ltr'>ἡμᾶς</span> <span class='ocrx_word' id='word_1_711' title='bbox 1245 4679 1422 4750; x_wconf 80' lang='grc' dir='ltr'>ἑαυτῷ</span> <span class='ocrx_word' id='word_1_712' title='bbox 1465 4680 1592 4733; x_wconf 80' lang='grc' dir='ltr'>λαὸν</span> <span class='ocrx_word' id='word_1_713' title='bbox 1641 4680 1977 4751; x_wconf 82' lang='grc' dir='ltr'>περιούσιον,</span> 
     </span>
    </p>
   </div>
   <div class='ocr_carea' id='block_1_95' title="bbox 404 4768 2031 4843">
    <p class='ocr_par' dir='ltr' id='par_1_95' title="bbox 404 4768 2031 4843">
     <span class='ocr_line' id='line_1_95' title="bbox 404 4768 2031 4843; baseline -0.001 -19"><span class='ocrx_word' id='word_1_714' title='bbox 404 4770 675 4843; x_wconf 78' lang='grc' dir='ltr'>ἀνθρώπῳ</span> <span class='ocrx_word' id='word_1_715' title='bbox 721 4771 831 4842; x_wconf 77' lang='grc' dir='ltr'>ἄρα</span> <span class='ocrx_word' id='word_1_716' title='bbox 872 4768 1210 4841; x_wconf 84' lang='grc' dir='ltr'>λατρεύομεν</span> <span class='ocrx_word' id='word_1_717' title='bbox 1241 4770 1639 4839; x_wconf 86' lang='grc' dir='ltr'>παραπλησίως</span> <span class='ocrx_word' id='word_1_718' title='bbox 1684 4772 1796 4834; x_wconf 82' lang='grc' dir='ltr'>τοῖς</span> <span class='ocrx_word' id='word_1_719' title='bbox 1829 4769 1976 4823; x_wconf 78' lang='grc' dir='ltr'>έθνε-</span> <span class='ocrx_word' id='word_1_720' title='bbox 2026 4786 2031 4791; x_wconf 80' lang='grc'><strong>’</strong></span> 
     </span>
    </p>
   </div>
   <div class='ocr_carea' id='block_1_96' title="bbox 407 4861 1981 4935">
    <p class='ocr_par' dir='ltr' id='par_1_96' title="bbox 407 4861 1981 4935">
     <span class='ocr_line' id='line_1_96' title="bbox 407 4861 1981 4935; baseline -0.001 -18"><span class='ocrx_word' id='word_1_721' title='bbox 407 4880 509 4929; x_wconf 89' lang='grc' dir='ltr'>σιν,</span> <span class='ocrx_word' id='word_1_722' title='bbox 542 4863 634 4916; x_wconf 77' lang='grc' dir='ltr'>καὶ</span> <span class='ocrx_word' id='word_1_723' title='bbox 653 4866 717 4935; x_wconf 76' lang='grc' dir='ltr'>τῇ</span> <span class='ocrx_word' id='word_1_724' title='bbox 748 4863 922 4917; x_wconf 88' lang='grc' dir='ltr'>κτίσει</span> <span class='ocrx_word' id='word_1_725' title='bbox 952 4862 1137 4915; x_wconf 87' lang='grc' dir='ltr'>λοιπὸν</span> <span class='ocrx_word' id='word_1_726' title='bbox 1166 4861 1267 4931; x_wconf 78' lang='grc' dir='ltr'>τὴν</span> <span class='ocrx_word' id='word_1_727' title='bbox 1298 4863 1632 4934; x_wconf 86' lang='grc' dir='ltr'>Δεσποτικὴν</span> <span class='ocrx_word' id='word_1_728' title='bbox 1663 4863 1981 4917; x_wconf 85' lang='grc' dir='ltr'>αὐθεντείαν</span> 
     </span>
    </p>
   </div>
   <div class='ocr_carea' id='block_1_97' title="bbox 407 4953 1977 5025">
    <p class='ocr_par' dir='ltr' id='par_1_97' title="bbox 407 4953 1977 5025">
     <span class='ocr_line' id='line_1_97' title="bbox 407 4953 1977 5025; baseline -0.001 -16"><span class='ocrx_word' id='word_1_729' title='bbox 407 4955 783 5023; x_wconf 74' lang='grc' dir='ltr'>ἀποδιδόαμεν.</span> <span class='ocrx_word' id='word_1_730' title='bbox 835 4954 975 5007; x_wconf 85' lang='grc' dir='ltr'>Ἀλλ’</span> <span class='ocrx_word' id='word_1_731' title='bbox 1030 4955 1130 5007; x_wconf 80' lang='grc' dir='ltr'>οὐκ</span> <span class='ocrx_word' id='word_1_732' title='bbox 1176 4954 1323 5008; x_wconf 77' lang='grc' dir='ltr'>ἔστιν</span> <span class='ocrx_word' id='word_1_733' title='bbox 1367 4953 1570 5019; x_wconf 77' lang='grc' dir='ltr'>οὕτως,</span> <span class='ocrx_word' id='word_1_734' title='bbox 1624 4955 1699 5025; x_wconf 83' lang='grc' dir='ltr'>μὴ</span> <span class='ocrx_word' id='word_1_735' title='bbox 1748 4955 1977 5023; x_wconf 83' lang='grc' dir='ltr'>γένοιτο,</span> 
     </span>
    </p>
   </div>
   <div class='ocr_carea' id='block_1_98' title="bbox 410 5042 1981 5117">
    <p class='ocr_par' dir='ltr' id='par_1_98' title="bbox 410 5042 1981 5117">
     <span class='ocr_line' id='line_1_98' title="bbox 410 5042 1981 5117; baseline -0.003 -18"><span class='ocrx_word' id='word_1_736' title='bbox 410 5045 544 5099; x_wconf 82' lang='grc' dir='ltr'><strong>ἀλλά</strong></span> <span class='ocrx_word' id='word_1_737' title='bbox 600 5044 827 5117; x_wconf 76' lang='grc' dir='ltr'>[Κύριον</span> <span class='ocrx_word' id='word_1_738' title='bbox 870 5044 964 5098; x_wconf 78' lang='grc' dir='ltr'><strong>καὶ</strong></span> <span class='ocrx_word' id='word_1_739' title='bbox 1019 5043 1151 5097; x_wconf 88' lang='grc' dir='ltr'>Θεὸν</span> <span class='ocrx_word' id='word_1_740' title='bbox 1198 5042 1639 5113; x_wconf 82' lang='grc' dir='ltr'>ὲπιγινώσκομεν</span> <span class='ocrx_word' id='word_1_741' title='bbox 1704 5042 1795 5095; x_wconf 82' lang='grc' dir='ltr'><strong>τὸν</strong></span> <span class='ocrx_word' id='word_1_742' title='bbox 1846 5043 1981 5115; x_wconf 87' lang='grc' dir='ltr'>Χρι-</span> 
     </span>
    </p>
   </div>
   <div class='ocr_carea' id='block_1_99' title="bbox 411 5128 1975 5204">
    <p class='ocr_par' dir='ltr' id='par_1_99' title="bbox 411 5128 1975 5204">
     <span class='ocr_line' id='line_1_99' title="bbox 411 5128 1975 5204; baseline -0.004 -16"><span class='ocrx_word' id='word_1_743' title='bbox 411 5135 566 5188; x_wconf 77' lang='grc' dir='ltr'>στόνο</span> <span class='ocrx_word' id='word_1_744' title='bbox 608 5135 800 5204; x_wconf 80' lang='grc' dir='ltr'>γέγονε</span> <span class='ocrx_word' id='word_1_745' title='bbox 851 5134 949 5189; x_wconf 70' lang='grc' dir='ltr'><strong>μὲν</strong></span> <span class='ocrx_word' id='word_1_746' title='bbox 1003 5132 1112 5204; x_wconf 84' lang='grc' dir='ltr'>γὰρ</span> <span class='ocrx_word' id='word_1_747' title='bbox 1153 5131 1438 5202; x_wconf 75' lang='grc' dir='ltr'>ἄνθρωπος</span> <span class='ocrx_word' id='word_1_748' title='bbox 1498 5131 1564 5183; x_wconf 87' lang='grc' dir='ltr'>δι’</span> <span class='ocrx_word' id='word_1_749' title='bbox 1615 5132 1764 5201; x_wconf 81' lang='grc' dir='ltr'>ἡμᾶς</span> <span class='ocrx_word' id='word_1_750' title='bbox 1806 5132 1835 5184; x_wconf 85' lang='grc' dir='ltr'><strong>ὁ</strong></span> <span class='ocrx_word' id='word_1_751' title='bbox 1877 5128 1975 5183; x_wconf 89' lang='grc' dir='ltr'><strong>τοῦ</strong></span> 
     </span>
    </p>
   </div>
   <div class='ocr_carea' id='block_1_100' title="bbox 2085 4581 3696 4665">
    <p class='ocr_par' dir='ltr' id='par_1_100' title="bbox 2085 4581 3696 4665">
     <span class='ocr_line' id='line_1_100' title="bbox 2085 4581 3696 4665; baseline 0 -24"><span class='ocrx_word' id='word_1_752' title='bbox 2085 4601 2272 4641; x_wconf 91' lang='lat' dir='ltr'><strong>eorum</strong></span> <span class='ocrx_word' id='word_1_753' title='bbox 2298 4586 2566 4643; x_wconf 88' lang='lat' dir='ltr'><strong>sententia</strong></span> <span class='ocrx_word' id='word_1_754' title='bbox 2596 4585 2846 4641; x_wconf 87' lang='lat' dir='ltr'><strong>Christus</strong></span> <span class='ocrx_word' id='word_1_755' title='bbox 2869 4584 3050 4649; x_wconf 85' lang='lat' dir='ltr'><strong>Jesus,</strong></span> <span class='ocrx_word' id='word_1_756' title='bbox 3084 4587 3177 4654; x_wconf 91' lang='lat' dir='ltr'><strong>qui</strong></span> <span class='ocrx_word' id='word_1_757' title='bbox 3206 4584 3431 4640; x_wconf 89' lang='lat' dir='ltr'><strong>tradidit</strong></span> <span class='ocrx_word' id='word_1_758' title='bbox 3450 4596 3655 4642; x_wconf 84' lang='lat' dir='ltr'><strong>semet-</strong></span> 
     </span>
    </p>
   </div>
   <div class='ocr_carea' id='block_1_101' title="bbox 2087 4653 3703 4774">
    <p class='ocr_par' dir='ltr' id='par_1_101' title="bbox 2087 4653 3703 4774">
     <span class='ocr_line' id='line_1_101' title="bbox 2087 4653 3703 4774; baseline 0 -42"><span class='ocrx_word' id='word_1_759' title='bbox 2087 4678 2259 4748; x_wconf 91' lang='lat' dir='ltr'><strong>ipsum</strong></span> <span class='ocrx_word' id='word_1_760' title='bbox 2288 4694 2384 4749; x_wconf 92' lang='lat' dir='ltr'><strong>pro</strong></span> <span class='ocrx_word' id='word_1_761' title='bbox 2414 4679 2688 4741; x_wconf 92' lang='lat' dir='ltr'><strong>omnibus,</strong></span> <span class='ocrx_word' id='word_1_762' title='bbox 2727 4677 2940 4748; x_wconf 87' lang='lat' dir='ltr'><strong>sibique</strong></span> <span class='ocrx_word' id='word_1_763' title='bbox 2969 4691 3069 4732; x_wconf 92' lang='lat' dir='ltr'><strong>nos</strong></span> <span class='ocrx_word' id='word_1_764' title='bbox 3100 4653 3229 4731; x_wconf 70' lang='lat' dir='ltr'><strong>fecit</strong></span> <span class='ocrx_word' id='word_1_765' title='bbox 3262 4676 3520 4747; x_wconf 89' lang='lat' dir='ltr'><strong>populum</strong></span> <span class='ocrx_word' id='word_1_766' title='bbox 3562 4653 3703 4774; x_wconf 70' lang='lat' dir='ltr'><strong>pc-:</strong></span> 
     </span>
    </p>
   </div>
   <div class='ocr_carea' id='block_1_102' title="bbox 2088 4767 3660 4839">
    <p class='ocr_par' dir='ltr' id='par_1_102' title="bbox 2088 4767 3660 4839">
     <span class='ocr_line' id='line_1_102' title="bbox 2088 4767 3660 4839; baseline -0.001 -16"><span class='ocrx_word' id='word_1_767' title='bbox 2088 4768 2370 4835; x_wconf 89' lang='lat' dir='ltr'><strong>culiarem,</strong></span> <span class='ocrx_word' id='word_1_768' title='bbox 2422 4768 2633 4823; x_wconf 90' lang='lat' dir='ltr'><strong>homini</strong></span> <span class='ocrx_word' id='word_1_769' title='bbox 2661 4769 2868 4839; x_wconf 93' lang='lat' dir='ltr'><strong>utique,</strong></span> <span class='ocrx_word' id='word_1_770' title='bbox 2915 4782 3020 4823; x_wconf 91' lang='lat' dir='ltr'><strong>non</strong></span> <span class='ocrx_word' id='word_1_771' title='bbox 3053 4782 3212 4824; x_wconf 90' lang='lat' dir='ltr'><strong>secus</strong></span> <span class='ocrx_word' id='word_1_772' title='bbox 3237 4777 3401 4837; x_wconf 85' lang='lat' dir='ltr'><strong>atque</strong></span> <span class='ocrx_word' id='word_1_773' title='bbox 3429 4767 3660 4829; x_wconf 83' lang='lat' dir='ltr'><strong>ethnici,</strong></span> 
     </span>
    </p>
   </div>
   <div class='ocr_carea' id='block_1_103' title="bbox 2093 4855 3657 4927">
    <p class='ocr_par' dir='ltr' id='par_1_103' title="bbox 2093 4855 3657 4927">
     <span class='ocr_line' id='line_1_103' title="bbox 2093 4855 3657 4927; baseline -0.001 -14"><span class='ocrx_word' id='word_1_774' title='bbox 2093 4859 2296 4914; x_wconf 92' lang='lat' dir='ltr'><strong>cultum</strong></span> <span class='ocrx_word' id='word_1_775' title='bbox 2337 4859 2680 4927; x_wconf 83' lang='lat' dir='ltr'><strong>exhibemus,</strong></span> <span class='ocrx_word' id='word_1_776' title='bbox 2715 4869 2770 4913; x_wconf 93' lang='lat' dir='ltr'><strong>et</strong></span> <span class='ocrx_word' id='word_1_777' title='bbox 2818 4870 3083 4914; x_wconf 78' lang='lat' dir='ltr'><strong>creatura:</strong></span> <span class='ocrx_word' id='word_1_778' title='bbox 3128 4855 3386 4927; x_wconf 88' lang='lat' dir='ltr'><strong>deinceps</strong></span> <span class='ocrx_word' id='word_1_779' title='bbox 3411 4858 3657 4913; x_wconf 31' lang='lat' dir='ltr'><strong>Dominis</strong></span> 
     </span>
    </p>
   </div>
   <div class='ocr_carea' id='block_1_104' title="bbox 2092 4948 3663 5022">
    <p class='ocr_par' dir='ltr' id='par_1_104' title="bbox 2092 4948 3663 5022">
     <span class='ocr_line' id='line_1_104' title="bbox 2092 4948 3663 5022; baseline 0 -18"><span class='ocrx_word' id='word_1_780' title='bbox 2092 4964 2214 5004; x_wconf 89' lang='lat' dir='ltr'><strong>cam</strong></span> <span class='ocrx_word' id='word_1_781' title='bbox 2246 4951 2565 5022; x_wconf 86' lang='lat' dir='ltr'><strong>dignitatem</strong></span> <span class='ocrx_word' id='word_1_782' title='bbox 2612 4951 2985 5007; x_wconf 88' lang='lat' dir='ltr'><strong>attribuimus.</strong></span> <span class='ocrx_word' id='word_1_783' title='bbox 3021 4948 3410 5005; x_wconf 85' lang='lat' dir='ltr'><strong>Verumtamen</strong></span> <span class='ocrx_word' id='word_1_784' title='bbox 3449 4966 3557 5005; x_wconf 92' lang='lat' dir='ltr'><strong>non</strong></span> <span class='ocrx_word' id='word_1_785' title='bbox 3590 4950 3663 5005; x_wconf 86' lang='lat' dir='ltr'><strong>ita</strong></span> 
     </span>
    </p>
   </div>
   <div class='ocr_carea' id='block_1_105' title="bbox 2090 5041 3664 5114">
    <p class='ocr_par' dir='ltr' id='par_1_105' title="bbox 2090 5041 3664 5114">
     <span class='ocr_line' id='line_1_105' title="bbox 2090 5041 3664 5114; baseline -0.001 -16"><span class='ocrx_word' id='word_1_786' title='bbox 2090 5057 2149 5098; x_wconf 82' lang='lat' dir='ltr'><strong>se</strong></span> <span class='ocrx_word' id='word_1_787' title='bbox 2173 5057 2260 5098; x_wconf 89' lang='lat' dir='ltr'><strong>res</strong></span> <span class='ocrx_word' id='word_1_788' title='bbox 2292 5044 2475 5108; x_wconf 89' lang='lat' dir='ltr'><strong>habet,</strong></span> <span class='ocrx_word' id='word_1_789' title='bbox 2506 5044 2680 5098; x_wconf 87' lang='lat' dir='ltr'><strong>absit!</strong></span> <span class='ocrx_word' id='word_1_790' title='bbox 2730 5043 2827 5098; x_wconf 88' lang='lat' dir='ltr'><strong>sed</strong></span> <span class='ocrx_word' id='word_1_791' title='bbox 2862 5041 3176 5114; x_wconf 89' lang='lat' dir='ltr'><strong>[Dominum</strong></span> <span class='ocrx_word' id='word_1_792' title='bbox 3200 5058 3264 5098; x_wconf 90' lang='lat' dir='ltr'><strong>ac</strong></span> <span class='ocrx_word' id='word_1_793' title='bbox 3291 5043 3462 5100; x_wconf 90' lang='lat' dir='ltr'><strong>Deum</strong></span> <span class='ocrx_word' id='word_1_794' title='bbox 3493 5057 3664 5113; x_wconf 62' lang='lat' dir='ltr'><strong>agno.</strong></span> 
     </span>
    </p>
   </div>
   <div class='ocr_carea' id='block_1_106' title="bbox 2089 5130 3741 5213">
    <p class='ocr_par' dir='ltr' id='par_1_106' title="bbox 2089 5130 3741 5213">
     <span class='ocr_line' id='line_1_106' title="bbox 2089 5130 3741 5213; baseline 0.001 -26"><span class='ocrx_word' id='word_1_795' title='bbox 2089 5132 2289 5187; x_wconf 90' lang='lat' dir='ltr'><strong>scimus</strong></span> <span class='ocrx_word' id='word_1_796' title='bbox 2319 5131 2619 5188; x_wconf 89' lang='lat' dir='ltr'><strong>Christum.</strong></span> <span class='ocrx_word' id='word_1_797' title='bbox 2653 5130 2906 5188; x_wconf 88' lang='lat' dir='ltr'><strong>Profecto</strong></span> <span class='ocrx_word' id='word_1_798' title='bbox 2942 5132 3144 5187; x_wconf 90' lang='lat' dir='ltr'><strong>factum</strong></span> <span class='ocrx_word' id='word_1_799' title='bbox 3195 5140 3277 5188; x_wconf 86' lang='lat' dir='ltr'><strong>est</strong></span> <span class='ocrx_word' id='word_1_800' title='bbox 3304 5142 3529 5204; x_wconf 85' lang='lat' dir='ltr'><strong>propter</strong></span> <span class='ocrx_word' id='word_1_801' title='bbox 3565 5148 3666 5201; x_wconf 85' lang='lat' dir='ltr'><strong>nos</strong></span> <span class='ocrx_word' id='word_1_802' title='bbox 3726 5194 3741 5213; x_wconf 45' lang='grc' dir='ltr'><strong>ο</strong></span> 
     </span>
    </p>
   </div>
   <div class='ocr_carea' id='block_1_107' title="bbox 486 5302 1977 5377">
    <p class='ocr_par' dir='ltr' id='par_1_107' title="bbox 486 5302 1910 5377">
     <span class='ocr_line' id='line_1_107' title="bbox 486 5302 1910 5377; baseline -0.008 -8"><span class='ocrx_word' id='word_1_803' title='bbox 486 5312 724 5368; x_wconf 85' lang='lat' dir='ltr'><strong>&quot;lTim.</strong></span> <span class='ocrx_word' id='word_1_804' title='bbox 760 5326 823 5377; x_wconf 93' lang='grc' dir='ltr'><strong>ιι,</strong></span> <span class='ocrx_word' id='word_1_805' title='bbox 856 5312 909 5366; x_wconf 85' lang='grc'><strong>5.</strong></span> <span class='ocrx_word' id='word_1_806' title='bbox 988 5310 1031 5341; x_wconf 73' lang='grc' dir='ltr'>’δ</span> <span class='ocrx_word' id='word_1_807' title='bbox 1060 5307 1167 5365; x_wconf 84' lang='lat' dir='ltr'><strong>Tit.</strong></span> <span class='ocrx_word' id='word_1_808' title='bbox 1204 5325 1264 5372; x_wconf 91' lang='grc' dir='ltr'><strong>ιι,</strong></span> <span class='ocrx_word' id='word_1_809' title='bbox 1298 5308 1383 5361; x_wconf 77' lang='grc'><strong>15.</strong></span> <span class='ocrx_word' id='word_1_810' title='bbox 1462 5308 1505 5340; x_wconf 75' lang='grc'>⁸³</span> <span class='ocrx_word' id='word_1_811' title='bbox 1540 5304 1559 5357; x_wconf 94' lang='lat' dir='ltr'><strong>l</strong></span> <span class='ocrx_word' id='word_1_812' title='bbox 1592 5302 1735 5360; x_wconf 88' lang='lat' dir='ltr'><strong>Tim.</strong></span> <span class='ocrx_word' id='word_1_813' title='bbox 1771 5320 1831 5370; x_wconf 93' lang='grc' dir='ltr'><strong>ιι,</strong></span> <span class='ocrx_word' id='word_1_814' title='bbox 1857 5305 1910 5357; x_wconf 77' lang='grc' dir='ltr'><strong>ὃ.</strong></span> 
     </span>
    </p>
   </div>
   <div class='ocr_carea' id='block_1_108' title="bbox 2079 5302 2516 5377">
    <p class='ocr_par' dir='ltr' id='par_1_108' title="bbox 2079 5306 2516 5373">
     <span class='ocr_line' id='line_1_108' title="bbox 2079 5306 2516 5373; baseline 0.016 -17"><span class='ocrx_word' id='word_1_815' title='bbox 2079 5306 2174 5361; x_wconf 82' lang='lat' dir='ltr'><strong>fit.</strong></span> <span class='ocrx_word' id='word_1_816' title='bbox 2203 5323 2265 5373; x_wconf 92' lang='grc' dir='ltr'><strong>ιι,</strong></span> <span class='ocrx_word' id='word_1_817' title='bbox 2294 5306 2385 5373; x_wconf 76' lang='lat' dir='ltr'><strong>l5,</strong></span> <span class='ocrx_word' id='word_1_818' title='bbox 2427 5309 2516 5363; x_wconf 73' lang='lat' dir='ltr'><strong>ﬂ.</strong></span> 
     </span>
    </p>
   </div>
   <div class='ocr_carea' id='block_1_109' title="bbox 488 5485 1977 5568">
    <p class='ocr_par' dir='ltr' id='par_1_109' title="bbox 488 5485 1977 5568">
     <span class='ocr_line' id='line_1_109' title="bbox 488 5485 1977 5568; baseline -0.005 -17"><span class='ocrx_word' id='word_1_819' title='bbox 488 5497 560 5568; x_wconf 87' lang='grc' dir='ltr'><strong>(Ι)</strong></span> <span class='ocrx_word' id='word_1_820' title='bbox 598 5494 1068 5568; x_wconf 10' lang='grc' dir='ltr'>Ηειιιέριιιειιτιιιιι,</span> <span class='ocrx_word' id='word_1_821' title='bbox 1097 5501 1152 5547; x_wconf 90' lang='lat' dir='ltr'><strong>et</strong></span> <span class='ocrx_word' id='word_1_822' title='bbox 1192 5491 1546 5563; x_wconf 81' lang='lat' dir='ltr'><strong>theologicam</strong></span> <span class='ocrx_word' id='word_1_823' title='bbox 1593 5485 1840 5545; x_wconf 84' lang='lat' dir='ltr'><strong>vocabuli</strong></span> <span class='ocrx_word' id='word_1_824' title='bbox 1868 5504 1977 5544; x_wconf 75' lang='lat' dir='ltr'><strong>nte-</strong></span> 
     </span>
    </p>
   </div>
   <div class='ocr_carea' id='block_1_110' title="bbox 416 5564 1070 5635">
    <p class='ocr_par' dir='ltr' id='par_1_110' title="bbox 416 5564 1070 5635">
     <span class='ocr_line' id='line_1_110' title="bbox 416 5564 1070 5635; baseline -0.006 -14"><span class='ocrx_word' id='word_1_825' title='bbox 416 5564 591 5621; x_wconf 68' lang='lat' dir='ltr'><strong>diutor</strong></span> <span class='ocrx_word' id='word_1_826' title='bbox 618 5564 1031 5635; x_wconf 77' lang='lat' dir='ltr'><strong>explicationem</strong></span> <span class='ocrx_word' id='word_1_827' title='bbox 1056 5564 1070 5617; x_wconf 77' lang='grc' dir='ltr'><strong>ί</strong></span> 
     </span>
    </p>
   </div>
   <div class='ocr_carea' id='block_1_111' title="bbox 474 5628 1981 5709">
    <p class='ocr_par' dir='ltr' id='par_1_111' title="bbox 474 5628 1981 5709">
     <span class='ocr_line' id='line_1_111' title="bbox 474 5628 1981 5709; baseline -0.005 -17"><span class='ocrx_word' id='word_1_828' title='bbox 474 5640 566 5708; x_wconf 60' lang='grc' dir='ltr'><strong>⁴(δὲ)</strong></span> <span class='ocrx_word' id='word_1_829' title='bbox 601 5628 915 5709; x_wconf 70' lang='grc' dir='ltr'>Περιούσιον</span> <span class='ocrx_word' id='word_1_830' title='bbox 957 5632 1277 5709; x_wconf 58' lang='lat' dir='ltr'><strong>peculiarem</strong></span> <span class='ocrx_word' id='word_1_831' title='bbox 1324 5634 1668 5709; x_wconf 77' lang='lat' dir='ltr'><strong>interpretor</strong></span> <span class='ocrx_word' id='word_1_832' title='bbox 1692 5645 1816 5685; x_wconf 91' lang='lat' dir='ltr'><strong>cum</strong></span> <span class='ocrx_word' id='word_1_833' title='bbox 1852 5628 1981 5709; x_wconf 69' lang='lat' dir='ltr'><strong>divo</strong></span> 
     </span>
    </p>
   </div>
   <div class='ocr_carea' id='block_1_112' title="bbox 422 5698 1980 5776">
    <p class='ocr_par' dir='ltr' id='par_1_112' title="bbox 422 5698 1980 5776">
     <span class='ocr_line' id='line_1_112' title="bbox 422 5698 1980 5776; baseline -0.006 -15"><span class='ocrx_word' id='word_1_834' title='bbox 422 5698 766 5776; x_wconf 76' lang='lat' dir='ltr'><strong>Hieronymo,</strong></span> <span class='ocrx_word' id='word_1_835' title='bbox 808 5698 970 5774; x_wconf 75' lang='lat' dir='ltr'><strong>cujus</strong></span> <span class='ocrx_word' id='word_1_836' title='bbox 1007 5705 1426 5776; x_wconf 74' lang='lat' dir='ltr'><strong>disputationem</strong></span> <span class='ocrx_word' id='word_1_837' title='bbox 1450 5698 1535 5776; x_wconf 9' lang='lat' dir='ltr'><strong>V&#39;de</strong></span> <span class='ocrx_word' id='word_1_838' title='bbox 1565 5703 1668 5776; x_wconf 83' lang='lat' dir='ltr'><strong>hoc</strong></span> <span class='ocrx_word' id='word_1_839' title='bbox 1716 5698 1980 5776; x_wconf 70' lang='lat' dir='ltr'><strong>vpcabulo</strong></span> 
     </span>
    </p>
   </div>
   <div class='ocr_carea' id='block_1_113' title="bbox 418 5770 1980 5847">
    <p class='ocr_par' dir='ltr' id='par_1_113' title="bbox 418 5770 1980 5847">
     <span class='ocr_line' id='line_1_113' title="bbox 418 5770 1980 5847; baseline -0.004 -14"><span class='ocrx_word' id='word_1_840' title='bbox 418 5779 581 5835; x_wconf 85' lang='lat' dir='ltr'><strong>refert</strong></span> <span class='ocrx_word' id='word_1_841' title='bbox 604 5770 668 5834; x_wconf 76' lang='lat' dir='ltr'><strong>ex</strong></span> <span class='ocrx_word' id='word_1_842' title='bbox 711 5770 885 5847; x_wconf 75' lang='lat' dir='ltr'><strong>ipsius</strong></span> <span class='ocrx_word' id='word_1_843' title='bbox 918 5770 1322 5833; x_wconf 77' lang='lat' dir='ltr'><strong>commentariis</strong></span> <span class='ocrx_word' id='word_1_844' title='bbox 1370 5771 1707 5830; x_wconf 86' lang='lat' dir='ltr'><strong>Sabaterius.</strong></span> <span class='ocrx_word' id='word_1_845' title='bbox 1736 5770 1980 5827; x_wconf 65' lang='grc' dir='ltr'>αιτιοι-οι-</span> 
     </span>
    </p>
   </div>
   <div class='ocr_carea' id='block_1_114' title="bbox 2051 5490 3141 5614">
    <p class='ocr_par' dir='ltr' id='par_1_114' title="bbox 2051 5490 3141 5614">
     <span class='ocr_line' id='line_1_114' title="bbox 2051 5490 3141 5614; baseline 0.001 -70"><span class='ocrx_word' id='word_1_846' title='bbox 2051 5536 2059 5544; x_wconf 93' lang='grc'>.</span> <span class='ocrx_word' id='word_1_847' title='bbox 2090 5490 2181 5560; x_wconf 91' lang='lat' dir='ltr'><strong>qui</strong></span> <span class='ocrx_word' id='word_1_848' title='bbox 2205 5491 2563 5572; x_wconf 57' lang='lat' dir='ltr'><strong>abundantem</strong></span> <span class='ocrx_word' id='word_1_849' title='bbox 2604 5491 3029 5572; x_wconf 76' lang='lat' dir='ltr'><strong>interpretantur</strong></span> <span class='ocrx_word' id='word_1_850' title='bbox 3054 5501 3141 5614; x_wconf 49' lang='grc' dir='ltr'>σιξ</span> 
     </span>
     <span class='ocr_line' id='line_1_115' title="bbox 2088 5562 3068 5614; baseline 0 0"><span class='ocrx_word' id='word_1_851' title='bbox 2088 5573 2317 5614; x_wconf 87' lang='lat' dir='ltr'><strong>ouentes</strong></span> <span class='ocrx_word' id='word_1_852' title='bbox 2357 5562 2596 5614; x_wconf 77' lang='lat' dir='ltr'><strong>Lucifer.</strong></span> <span class='ocrx_word' id='word_1_853' title='bbox 2629 5564 2979 5614; x_wconf 68' lang='lat' dir='ltr'><strong>Augustinus.</strong></span> <span class='ocrx_word' id='word_1_854' title='bbox 3014 5572 3068 5614; x_wconf 91' lang='lat' dir='ltr'><strong>et</strong></span> 
     </span>
    </p>
   </div>
   <div class='ocr_carea' id='block_1_115' title="bbox 1999 5561 3665 5632">
    <p class='ocr_par' dir='ltr' id='par_1_115' title="bbox 1999 5561 3665 5632">
     <span class='ocr_line' id='line_1_116' title="bbox 1999 5561 3665 5632; baseline 0.001 -16"><span class='ocrx_word' id='word_1_855' title='bbox 1999 5615 2009 5624; x_wconf 88' lang='grc'><strong>,</strong></span> <span class='ocrx_word' id='word_1_856' title='bbox 2088 5573 2317 5632; x_wconf 90' lang='lat' dir='ltr'><strong>quentes</strong></span> <span class='ocrx_word' id='word_1_857' title='bbox 2357 5561 2596 5632; x_wconf 82' lang='lat' dir='ltr'><strong>Lucifer,</strong></span> <span class='ocrx_word' id='word_1_858' title='bbox 2629 5563 2979 5631; x_wconf 85' lang='lat' dir='ltr'><strong>Augustinus,</strong></span> <span class='ocrx_word' id='word_1_859' title='bbox 3014 5572 3068 5615; x_wconf 91' lang='lat' dir='ltr'><strong>et</strong></span> <span class='ocrx_word' id='word_1_860' title='bbox 3096 5561 3497 5632; x_wconf 66' lang='lat' dir='ltr'><strong>Ambrosiaster</strong></span> <span class='ocrx_word' id='word_1_861' title='bbox 3543 5564 3665 5617; x_wconf 87' lang='lat' dir='ltr'><strong>loco</strong></span> 
     </span>
    </p>
   </div>
   <div class='ocr_carea' id='block_1_116' title="bbox 3150 5490 3663 5562">
    <p class='ocr_par' dir='ltr' id='par_1_116' title="bbox 3150 5490 3663 5562">
     <span class='ocr_line' id='line_1_117' title="bbox 3150 5490 3663 5562; baseline 0.01 -19"><span class='ocrx_word' id='word_1_862' title='bbox 3150 5490 3391 5562; x_wconf 72' lang='lat' dir='ltr'><strong>mologia:</strong></span> <span class='ocrx_word' id='word_1_863' title='bbox 3434 5493 3540 5547; x_wconf 87' lang='lat' dir='ltr'><strong>vim</strong></span> <span class='ocrx_word' id='word_1_864' title='bbox 3574 5508 3663 5548; x_wconf 85' lang='lat' dir='ltr'><strong>se-</strong></span> 
     </span>
    </p>
   </div>
   <div class='ocr_carea' id='block_1_117' title="bbox 2088 5630 3659 5701">
    <p class='ocr_par' dir='ltr' id='par_1_117' title="bbox 2088 5630 3659 5701">
     <span class='ocr_line' id='line_1_118' title="bbox 2088 5630 3659 5701; baseline 0.002 -15"><span class='ocrx_word' id='word_1_865' title='bbox 2088 5630 2365 5701; x_wconf 65' lang='lat' dir='ltr'><strong>praadicto.</strong></span> <span class='ocrx_word' id='word_1_866' title='bbox 2392 5630 2601 5699; x_wconf 80' lang='lat' dir='ltr'><strong>Vulgati</strong></span> <span class='ocrx_word' id='word_1_867' title='bbox 2637 5630 2797 5686; x_wconf 86' lang='lat' dir='ltr'><strong>lectio</strong></span> <span class='ocrx_word' id='word_1_868' title='bbox 2842 5630 3209 5701; x_wconf 80' lang='lat' dir='ltr'><strong>acceptabitem</strong></span> <span class='ocrx_word' id='word_1_869' title='bbox 3258 5634 3348 5686; x_wconf 76' lang='lat' dir='ltr'><strong>vix</strong></span> <span class='ocrx_word' id='word_1_870' title='bbox 3381 5633 3659 5689; x_wconf 67' lang='lat' dir='ltr'><strong>dissidet:</strong></span> 
     </span>
    </p>
   </div>
   <div class='ocr_carea' id='block_1_118' title="bbox 2090 5700 3696 5791">
    <p class='ocr_par' dir='ltr' id='par_1_118' title="bbox 2090 5700 3696 5791">
     <span class='ocr_line' id='line_1_119' title="bbox 2090 5700 3696 5791; baseline -0.001 -32"><span class='ocrx_word' id='word_1_871' title='bbox 2090 5700 2403 5775; x_wconf 82' lang='lat' dir='ltr'><strong>Symmachi</strong></span> <span class='ocrx_word' id='word_1_872' title='bbox 2432 5716 2615 5773; x_wconf 83' lang='lat' dir='ltr'><strong>sensu,</strong></span> <span class='ocrx_word' id='word_1_873' title='bbox 2651 5716 2815 5774; x_wconf 87' lang='lat' dir='ltr'><strong>quem</strong></span> <span class='ocrx_word' id='word_1_874' title='bbox 2840 5701 2985 5759; x_wconf 86' lang='lat' dir='ltr'><strong>idem</strong></span> <span class='ocrx_word' id='word_1_875' title='bbox 3011 5700 3369 5773; x_wconf 80' lang='lat' dir='ltr'><strong>Hieronymus</strong></span> <span class='ocrx_word' id='word_1_876' title='bbox 3403 5701 3591 5761; x_wconf 88' lang='lat' dir='ltr'><strong>refert.</strong></span> <span class='ocrx_word' id='word_1_877' title='bbox 3689 5743 3696 5791; x_wconf 51' lang='grc' dir='ltr'>ι</span> 
     </span>
    </p>
   </div>
  </div>
