4104 6336
393 345 494 396 271

1415 334 1472 387 S.
1514 331 1785 390 CYRILLI
1826 322 2296 387 ALEXANDRIM
2337 325 2659 386 ARCHIEP.

3535 331 3640 383 37?.

394 460 555 518 homo
580 455 671 511 Dei
705 453 965 520 Verbum.
996 451 1245 507 humanae
1280 460 1485 507 natura:
1520 452 1960 515 communicans,

2078 447 2204 502 Βεοῦ
2252 446 2463 516 Λόγος,
2517 444 2802 517 μετασχὼν
2848 446 2947 513 τῆς
3002 443 3348 517 ἀνθρωπείας
3408 444 3642 512 φύσεως.

397 556 688 619 natumque
733 557 839 610 est,
867 544 937 600 ob
973 559 1127 599 suam
1172 542 1499 601 inetIabilem
1547 557 1676 614 erga
1715 541 1967 596 homines

394 641 740 705 charitatem,
769 634 888 691 eum
914 650 980 690 ea
1006 643 1200 689 natura
1224 650 1288 690 es
1329 645 1515 691 sancta
1561 644 1618 691 et
1652 634 1969 706 nuptiarum

393 742 614 800 experte
644 726 899 799 Virgine:
929 727 1023 781 sed
1056 735 1234 780 tamen
1269 726 1348 783 sic
1376 727 1541 784 etiam
1584 728 1727 782 Deus
1770 719 1962 796 suapte

395 831 586 879 natura
616 829 755 887 erat,
788 827 843 874 et
886 815 984 873 Dei
1026 818 1215 874 Filius.
1269 819 1419 875 lianc
1448 819 1613 891 igitur
1647 821 1717 875 ob
1743 836 1963 875 causam

391 928 448 973 et
477 917 638 973 homo
689 926 935 977 vocaturl
993 918 1048 967 et
1092 911 1255 967 simul
1317 922 1547 966 vocatur
1607 914 1791 978 Deus,
1840 926 1961 965 eum

395 1009 466 1064 sit
496 1022 637 1062 unus
689 1005 943 1076 idemque
976 1002 1077 1059 sub
1127 1013 1360 1073 utraque
1401 1002 1761 1075 appellatione
1806 1001 1964 1059 Chri-

393 1097 558 1173 stus.]

466 1189 552 1245 Ν.
588 1187 741 1256 Quod
777 1190 918 1244 enim
941 1186 1084 1243 haud
1109 1186 1482 1252 hominem,ut
1512 1185 1599 1241 isti
1629 1185 1963 1249 fabulantur,

393 1278 593 1339 Paulus
617 1280 895 1337 Christum
926 1279 1327 1350 praedicaverit,
1358 1279 1486 1334 audi
1526 1278 1583 1333 in
1611 1278 1847 1351 Epistula
1899 1277 1965 1334 ad

392 1366 703 1427 Corinthios
732 1367 998 1424 dicentem
1027 1384 1041 1420 :
1073 1385 1091 1421 ι
1115 1365 1232 1422 Non
1250 1368 1393 1422 enim
1432 1368 1794 1437 nosmetipsos
1830 1383 1967 1437 pra:-

394 1461 660 1523 dieamus,
689 1462 783 1515 sed
806 1459 993 1520 Jesum
1018 1459 1302 1518 Christum
1320 1459 1631 1521 Dominum,
1660 1474 1758 1514 nos
1781 1469 1967 1515 autem

395 1568 581 1611 servos
610 1564 821 1609 vestros
848 1562 1065 1623 prapter
1088 1551 1271 1611 Jesum
1298 1552 1367 1606 ".
1396 1570 1414 1604 ›
1444 1550 1633 1609 Virlen‘
1656 1553 1968 1622 apostolica:

395 1643 687 1701 sententia:
703 1641 981 1703 deﬁnitam
1014 1640 1327 1697 notionem?
1349 1638 1531 1697 Jesum
1552 1642 1965 1707 Christum,ait,

396 1730 683 1792 Dominum
709 1777 723 1801 ,
760 1743 975 1789 nosmet
1008 1743 1188 1789 autem
1226 1746 1416 1788 servos
1454 1733 1835 1801 praedicamus.
1884 1731 1971 1787 Ad

2071 539 2166 594 καὶ
2232 538 2558 609 γεγέννηται
2622 539 2711 592 διὰ
2767 538 3177 610 φιλανθρωπίαν
3238 539 3446 606 ἄφατον
3508 539 3648 606 μετά

2066 631 2273 701 ταύτης
2310 632 2375 683 ὲκ
2416 631 2517 701 τῆς
2549 630 2707 699 ἁγίας
2750 633 2844 683 καὶ
2892 631 3270 701 ἅπειρογάμου
3326 628 3602 700 Παρθένου
3628 648 3639 659 ·

2064 723 2183 776 ἀλλ’
2229 718 2298 794 ἦν
2340 726 2436 777 καὶ
2477 722 2620 775 οὕτω
2660 723 2802 775 κατὰ
2847 722 3009 790 φύσιν
3051 722 3182 786 Θεὸς
3224 722 3316 775 καὶ
3367 721 3462 775 τοῦ
3511 722 3646 775 Θεοῦ

2066 815 2225 879 Υἱός·
2278 815 2365 868 διὰ
2414 813 2625 883 ταύτην
2664 812 2952 884 τοιγαροῦν
3001 814 3100 883 τὴν
3157 814 3340 866 αἰτίαν
3399 814 3647 867 καλεῖται

2066 908 2159 961 καὶ
2193 907 2499 977 ἄνθρωπος,
2526 906 2770 959 καλεῖται
2797 906 2852 959 δὲ
2883 907 2975 958 καὶ
3008 905 3159 967 Θεὸς,
3192 900 3272 968 εἷς
3304 906 3397 957 καὶ
3429 907 3457 958 6
3486 907 3646 969 αὐτὸς

2067 1001 2326 1072 ὑπάρχων
2354 1002 2413 1053 ὲν
2450 999 2684 1069 ἑκατέρᾳ
2718 997 3059 1069 προσηγορίᾳ
3094 996 3485 1071 Χριστός(ί).]

2143 1175 2224 1229 ιδ’.
2262 1174 2389 1228 Ὀτι
2419 1174 2529 1243 γὰρ
2556 1174 2656 1226 οὑκ
2685 1171 2990 1243 ἄνθρωπον,
3022 1169 3097 1234 ὼς
3129 1165 3278 1226 οὗτοι
3319 1172 3647 1243 μυθολογοῦ-

2071 1283 2175 1327 σιν,
2209 1267 2238 1319 6
2275 1264 2487 1328 Παῦλος
2516 1265 2783 1336 ἐκήρυττε
2828 1264 2919 1316 τὸν
2961 1264 3215 1334 Χριστὸν,
3248 1265 3412 1319 ἄκουε
3448 1267 3645 1337 Κοριν-

2069 1358 2204 1421 θίοις
2237 1356 2642 1420 ἐπιστέλλοντος
2676 1355 2841 1410 αὑτοῦ
2890 1357 2987 1411 καὶ
3033 1356 3313 1424 λέγοντος·
3355 1376 3373 1409 ι
3425 1360 3499 1413 οὑ
3540 1359 3651 1430 γὰρ

2068 1448 2297 1510 ἑαυτοὺς
2326 1445 2699 1518 κηρύσσομεν,
2746 1445 2883 1499 ἀλλὰ
2923 1445 3131 1516 Ἰησοῦν
3157 1448 3391 1517 Χριστὸν
3422 1449 3645 1520 Κύριον,

2069 1539 2293 1601 ἑαυτοὺς
2321 1538 2378 1591 δὲ
2425 1536 2646 1600 δούλους
2685 1536 2839 1608 ὑμῶν
2881 1536 2972 1591 διὰ
3015 1536 3246 1607 Ἰησοῦν.
3288 1558 3307 1589 ι
3356 1539 3517 1610 Ὀρᾷς
3551 1541 3650 1609 τῆς

2070 1629 2438 1699 ἁποστολικῇς
2477 1630 2702 1700 γνώμης
2761 1628 2855 1682 τὸν
2908 1630 3073 1700 ὃρον;
3138 1630 3345 1700 Ἰησοῦν
3395 1631 3650 1699 Χριστὸν,

2070 1724 2261 1792 φησὶν,
2294 1720 2529 1794 Κύριον·
2585 1723 2813 1785 ἑαυτοὺς
2878 1722 2937 1775 δὲ
2986 1721 3207 1786 δούλους
3272 1724 3644 1795 κηρύσσομεν.

396 1828 669 1883 Romanos
702 1826 827 1879 item
863 1822 1103 1881 scribens
1126 1824 1239 1879 ait:
1278 1842 1299 1877 ι
1338 1823 1413 1881 Ex
1438 1824 1637 1893 quibus
1666 1824 1960 1879 secundum

2078 1792 2393 1885 Ῥωμαίοις.
2418 1813 2475 1868 δὲ
2524 1813 2686 1869 πάλιν
2714 1813 3047 1871 ἐπιστέλλων
3079 1812 3223 1867 οὕτω
3258 1792 3453 1886 φησιν·
3494 1792 3536 1868 si
3562 1816 3653 1880 Ἐξ

397 1930 614 1971 carnem
644 1912 915 1979 Christus,
942 1914 1035 1985 qui
1076 1923 1165 1969 est
1188 1928 1352 1983 super
1386 1914 1569 1968 omnia
1622 1914 1763 1968 Deus
1799 1912 1964 1967 bene-

2078 1898 2142 1959 ὧν
2172 1907 2200 1960 6
2229 1905 2460 1976 Χριστὸς
2487 1904 2548 1958 τὸ
2596 1905 2738 1962 κατὰ
2772 1906 2973 1977 σάρκα,
3006 1908 3034 1961 6
3063 1905 3138 1961 ὢν
3165 1906 3259 1960 επὶ
3288 1909 3503 1961 πάντων
3525 1907 3655 1971 Θεὸς

397 2002 573 2061 dictus
602 2005 655 2059 in
684 2004 902 2060 saecula.
939 2004 1110 2057 Amen
1134 2004 1202 2056 ".
1245 2021 1264 2055 ι
1310 2001 1463 2071 Quod
1498 2002 1543 2057 si
1573 2001 1651 2057 uti
1688 2001 1963 2056 hominem

2078 1995 2366 2067 εὐλογητὸς
2403 1998 2485 2059 εἰς
2525 1997 2652 2061 τοὺς
2697 1995 2939 2059 αἰῶναςσ
2976 1996 3143 2067 ἀμήν.
3186 2019 3207 2049 ι
3246 1999 3307 2053 Ei
3341 1998 3397 2052 δὲ
3448 2000 3655 2069 ἄνθρω-

397 2097 671 2156 Christum
699 2096 1076 2166 reputavisset,
1105 2094 1395 2150 dicendum
1431 2095 1500 2149 ab
1523 2109 1590 2149 eo
1619 2093 1801 2150 fuerat
1843 2112 1855 2147 :
1886 2093 1962 2149 Ex

2078 2102 2168 2138 πον
2200 2083 2465 2154 ἠπίστατο
2492 2086 2584 2138 τὸν
2610 2087 2865 2159 Χριστὸν,
2894 2087 3000 2141 ἔδει
3029 2088 3231 2155 λέγειν,
3263 2090 3349 2156 Ἐξ
3363 2086 3437 2144 ὧν
3465 2092 3494 2143 6
3522 2093 3655 2163 Χρι-

399 2192 594 2265 quihus
645 2189 941 2245 secundum
970 2202 1191 2244 carnem
1234 2184 1509 2251 Christus,
1559 2186 1612 2241 in
1653 2202 1761 2256 quo
1806 2200 1970 2255 super

2078 2176 2193 2238 στὸς
2223 2176 2284 2228 τὸ
2320 2176 2460 2229 κατὰ
2493 2176 2692 2247 σάρκα,
2730 2179 2788 2229 ὲν
2828 2170 2873 2245 ᾧ
2900 2178 2928 2231 6
2960 2177 3052 2230 ἐπὶ
3084 2179 3299 2233 πάντων
3338 2180 3473 2244 Θεός
3494 2196 3507 2210 ·
3558 2180 3655 2234 νῦν

396 2284 580 2341 omnia
628 2283 790 2339 Deus.
826 2280 978 2337 Nunc
1016 2295 1144 2336 vero
1172 2288 1279 2336 nun
1327 2280 1402 2335 ita
1448 2280 1609 2345 dixit,
1667 2281 1762 2335 sed
1802 2281 1966 2335 Deum

2078 2268 2129 2321 δὲ
2160 2266 2319 2321 τοῦτο
2369 2267 2469 2338 μὲν
2499 2270 2598 2321 οὐκ
2648 2270 2856 2341 εἴρηκε,
2912 2269 3044 2324 Θεὸν
3074 2270 3130 2325 δὲ
3176 2272 3266 2323 τὸν
3298 2271 3534 2343 Χριστὸν
3562 2274 3655 2325 ἐπὶ

399 2390 561 2443 super
580 2370 761 2427 omnia
779 2366 1052 2429 Christum
1081 2385 1275 2439 magna
1308 2383 1439 2424 voce
1465 2368 1785 2425 declaravit.
1810 2367 1969 2442 [Illud

398 2466 623 2536 insuper
661 2461 1093 2526 consideremus,
1127 2458 1273 2529 quod
1313 2458 1419 2515 nisi
1452 2460 1619 2515 Deum
1649 2475 1759 2515 una
1784 2469 1839 2514 et
1867 2461 1964 2516 ho-

400 2557 599 2612 minem
640 2561 946 2624 reputasset
997 2545 1276 2609 Christum
1331 2553 1490 2609 divus
1535 2553 1830 2621 Apostolus
1866 2570 1972 2608 non

401 2650 628 2706 dixisset
652 2665 670 2699 ‹
705 2642 1002 2703 secundum
1030 2660 1272 2701 carnem.
1310 2660 1331 2695 ι
1360 2642 1473 2701 Hoc
1498 2646 1644 2700 enim
1682 2645 1975 2700 manifeste

400 2742 468 2798 de
488 2757 555 2800 eo
585 2739 676 2811 qui
705 2754 811 2794 non
835 2736 1012 2792 solum
1036 2747 1121 2790 est
1145 2736 1333 2800 homo,
1365 2736 1462 2792 sed
1488 2735 1553 2790 de
1578 2749 1643 2789 eo
1669 2737 1758 2804 qui
1790 2745 1848 2791 et
1870 2736 1973 2791 alia

400 2831 634 2903 quadam
657 2828 977 2884 substantia:
1013 2827 1223 2880 ratione
1250 2820 1524 2889 subsistit,
1552 2827 1751 2881 dicitur
1770 2869 1784 2893 ,
1817 2827 1974 2881 sicuti

401 2935 592 2992 reapse
622 2919 868 2979 addidit:
894 2934 911 2969 ι
950 2914 1042 2987 qui
1072 2925 1155 2971 est
1180 2929 1342 2986 super
1364 2917 1543 2973 omnia
1562 2916 1760 2972 Deus.»
1793 2917 1980 2987 Dupli-

402 3027 519 3068 cem
545 3009 755 3065 scilicet
790 3007 894 3062 hoc
920 3005 1040 3061 loco
1087 3005 1169 3059 de.
1200 3002 1495 3061 Servatore
1536 3017 1724 3060 nostro
1755 3008 1979 3077 protulit

2073 2360 2295 2415 πάντων
2339 2359 2740 2430 μεγαλοφώνως
2775 2361 3075 2432 ἀπέφηνεν.
3136 2362 3233 2434 [οὐ
3271 2365 3375 2434 μὴν
3408 2365 3487 2428 δὲ,
3519 2364 3655 2417 ἀλλά

2074 2470 2137 2520 γε
2176 2454 2399 2506 κάκεῖνο
2438 2452 2879 2525 διασκεψώμεθα,
2925 2456 3001 2517 ὼς
3046 2456 3094 2507 εί
3140 2456 3216 2526 μὴ
3249 2456 3382 2509 Θεὸν
3417 2456 3532 2525 ἅμα
3563 2462 3659 2511 καὶ

2077 2542 2361 2614 ἄνθρωπον
2420 2544 2691 2614 ἠπίστατο
2755 2543 2846 2596 τὸν
2903 2545 3137 2614 Χριστὸν
3200 2550 3230 2599 6
3300 2546 3442 2610 θεῖος
3500 2550 3658 2603 ’Λπό-

2078 2634 2285 2700 στολος,
2312 2635 2413 2688 οὑκ
2460 2634 2528 2687 ἂν
2559 2634 2742 2704 ἔλεγεν
2771 2634 2837 2687 τὸ
2869 2635 3019 2688 κατὰ
3070 2635 3298 2705 σάρκα·
3349 2640 3511 2693 τοῦτο
3550 2641 3658 2713 γὰρ

2078 2725 2325 2795 φανερῶς
2372 2725 2467 2778 ἐπὶ
2519 2724 2613 2778 τοῦ
2666 2724 2743 2795 μὴ
2794 2726 2955 2795 μόνον
3002 2727 3326 2799 ἀνθρώπου,
3381 2732 3516 2785 ἀλλὰ
3565 2736 3657 2787 καὶ

2080 2817 2200 2870 καθ’
2243 2816 2429 2890 ἕτερόν
2478 2834 2532 2869 τι
2568 2817 2665 2889 τὴν
2710 2817 2895 2871 οὑσίαν
2950 2819 3102 2884 ὄντος
3156 2821 3407 2889 λέγεται’
3469 2822 3661 2894 ὥσπερ

2078 2906 2171 2963 οὖν
2224 2910 2319 2963 καὶ
2365 2911 2665 2979 ἐπήγαγεν,
2698 2913 2729 2964 ὀ
2763 2910 2845 2964 ὧν
2876 2912 2979 2965 ἐπὶ
3005 2913 3245 2967 ,πάντων
3276 2917 3436 2981 Θεός’
3465 2916 3661 2985 διπλῆν

2081 3004 2191 3074 γὰρ
2237 3001 2470 3055 ἐνταῦθα
2526 3003 2624 3067 τὴν
2682 3005 2809 3073 περὶ
2838 3002 2934 3057 τοῦ
2976 3005 3227 3075 Σωτῆρος
3268 3007 3423 3077 ἡμῶν
3469 3008 3660 3079 611.63.0-

402 3101 818 3164 conl'essionem,
849 3109 899 3155 et
928 3096 1058 3168 quid
1079 3096 1150 3154 sit
1178 3098 1477 3153 secundum
1506 3115 1729 3154 carnem
1749 3100 1973 3154 demon-

2081 3094 2206 3161 γίαν
2247 3093 2617 3161 παραδέδωκε,
2676 3095 2769 3147 καὶ
2816 3095 2879 3147 τὸ
2935 3096 3076 3149 κατὰ
3120 3098 3297 3167 σάρκα
3349 3098 3654 3164 ἐπιδείξας.

400 3207 604 3258 strans,
636 3202 691 3248 et
714 3192 874 3248 simul
906 3182 1075 3247 Deum
1112 3186 1463 3261 praedicans]
1488 3187 1625 3245 Nam
1661 3206 1752 3246 rex
1794 3202 1969 3244 terre-

403 3303 528 3354 nus,
560 3288 605 3343 si
640 3284 781 3339 forte
828 3280 1121 3353 aliquando
1182 3278 1234 3335 in
1269 3281 1510 3335 consulis
1552 3280 1722 3350 ﬁgura
1757 3282 1976 3348 prodire

403 3379 553 3443 velit,
582 3392 691 3433 non
723 3375 927 3431 idcirco
958 3390 1049 3428 rex
1076 3386 1198 3427 esse
1226 3371 1423 3427 desinit
1445 3410 1461 3434 ,
1510 3386 1687 3445 neque
1732 3374 1975 3440 priorem

405 3466 722 3543 dignitatem
755 3465 978 3527 amittit,
1015 3462 1110 3516 sed
1154 3477 1295 3517 unus
1324 3463 1574 3532 idemque
1625 3472 1733 3526 est,
1780 3472 1977 3533 praeter

405 3561 613 3632 regiam
662 3555 1004 3612 consularem
1035 3568 1254 3623 quoque
1284 3554 1604 3623 dignitatern
1635 3554 1845 3612 habens
1874 3572 1891 3610 :
1922 3565 1978 3610 et

405 3653 452 3709 si
481 3646 747 3722 quispiam
785 3640 1155 3718 hunclw
1185 3658 1368 3714 regem
1409 3645 1675 3709 nominet,
1714 3647 1865 3701 novit
1902 3648 1977 3702 si-

405 3741 521 3798 mul
553 3740 800 3795 eumdem
856 3749 980 3794 esse
1024 3737 1116 3805 qui
1163 3734 1405 3792 consulis
1463 3736 1651 3791 habitu
1693 3750 1921 3795 ornatur
1957 3755 1973 3792 :

405 3828 756 3901 vicissimque
788 3828 834 3884 si
881 3826 1158 3884 consulem
1209 3827 1382 3895 ipsum
1424 3826 1816 3896 appellaverit,
1867 3845 1977 3886 non

407 3924 625 3996 ignorat
680 3919 826 3976 hunc
876 3914 1129 3972 eumdem
1166 3928 1288 3970 esse
1340 3930 1543 3987 regem.
1580 3915 1672 3973 Sic
1718 3917 1979 3977 Dominus

408 4022 594 4070 noster
623 4008 785 4068 Jesus
815 4008 1071 4065 Christus
1093 4017 1213 4060 erat
1244 4006 1462 4077 quidem
1491 4005 1588 4065 Dei
1616 4010 1979 4075 sempiternus

406 4106 599 4172 Filius,
651 4102 794 4160 Deus
863 4116 1024 4156 verus
1072 4100 1382 4165 exsisteus;
1456 4110 1729 4169 assumpta
1796 4110 1979 4159 autem

408 4195 697 4272 posuemis
715 4192 1047 4265 temporibus
1064 4193 1226 4247 etiam
1251 4192 1613 4257 humanitate,
1630 4208 1767 4249 unus
1804 4194 1978 4250 idem-

410 4305 517 4363 que
548 4292 653 4360 est,
677 4288 793 4346 sive
824 4286 987 4355 Deus,
1036 4287 1153 4342 sive
1192 4283 1377 4352 homo,
1420 4284 1536 4341 sive
1586 4284 1745 4342 Jesus
1790 4287 1978 4358 appel-

410 4383 574 4439 letur.

2081 3179 2174 3236 καὶ
2203 3181 2340 3235 Θεὸν
2365 3182 2714 3253 ἁνακηρύξας
2752 3183 2876 3256 (2).]
2913 3186 3119 3256 Ὂνπερ
3149 3188 3256 3257 γὰρ
3280 3190 3479 3261 τρόπον
3509 3192 3536 3245 6
3567 3195 3659 3247 ἐπὶ

2080 3276 2185 3345 γῆς
2219 3274 2491 3343 βασιλεὺς,
2529 3276 2584 3329 εἴ
2627 3293 2756 3329 ποτε
2801 3279 2861 3329 ὲν
2915 3278 3121 3332 ὑπάτου
3175 3284 3414 3351 σχήματι
3462 3282 3659 3355 προελη

2083 3369 2193 3422 θεῖν
2222 3368 2533 3441 βουληθείη,
2577 3371 2639 3424 οὑ
2668 3370 2754 3424 διὰ
2780 3369 2940 3425 τοῦτο
2964 3372 3059 3425 τοῦ
3109 3368 3244 3426 εἶναι
3273 3374 3526 3442 βασιλεὺς
3563 3375 3660 3429 n6-

2085 3477 2309 3523 πανται,
2336 3460 2461 3514 οὔτε
2503 3460 2610 3531 μὴν
2645 3462 2743 3531 τὴν
2769 3463 3041 3534 προτέραν
3073 3463 3392 3520 αὑθεντείαν
3439 3466 3659 3521 ἀπώλεο

2086 3568 2199 3616 σεν,
2229 3548 2342 3606 ἀλλ’
2374 3548 2455 3616 εἷς
2482 3553 2576 3605 καὶ
2601 3553 2631 3605 6
2658 3550 2820 3617 αὑτὸς
2848 3555 3084 3627 ὑπάρχει
3124 3556 3261 3627 πρὸς
3297 3560 3365 3629 τῇ
3415 3557 3661 3630 βασιλείᾳ

2083 3642 2265 3698 καὶτὸ
2303 3642 2405 3713 τῆς
2438 3642 2702 3709 ὑπατείας
2730 3644 2903 3716 ἔχων·
2936 3646 3040 3700 κᾶν
3068 3648 3123 3703 ετ
3151 3665 3233 3712 τις
3276 3648 3529 3718 ὀνομάσοι
3561 3651 3659 3720 βα-

2087 3736 2257 3804 σιλέα,
2310 3729 2451 3790 οἶδεν
2492 3736 2569 3800 ὡς
2614 3737 2774 3801 αὑτός
2818 3740 2966 3792 ἐστιν
3008 3741 3037 3791 6
3086 3739 3268 3793 καὶτὸ
3307 3738 3401 3793 τοῦ
3450 3740 3661 3795 ὑπάτου

2087 3829 2273 3903 σχῆμα
2304 3827 2793 3901 περιδαλλόμενος·
2834 3828 2928 3881 καὶ
2958 3827 3118 3887 πάλιν
3145 3845 3202 3884 τε
3243 3834 3291 3882 εἰ
3335 3828 3542 3885 ὕπατον
3570 3828 3664 3884 τὸν

2086 3921 2246 3976 αὑτὸν
2275 3920 2550 3990 ὀνομάσοι,
2580 3918 2672 3973 τὸν
2709 3918 2870 3972 αὑτὸν
2897 3915 3038 3974 οῐδεν
3083 3922 3178 3974 καὶ
3223 3919 3451 3990 βασιλέα
3485 3920 3661 3977 ὑπάο-

2086 4030 2250 4082 χοντα
2307 4011 2384 4083 (3)
2410 4011 2617 4076 ὀὑτως
2647 4013 2677 4065 6
2700 4011 2905 4083 Κύριος
2937 4012 3094 4083 ἡμῶν
3133 4011 3339 4084 Ἰησοῦς
3370 4014 3397 4068 6
3427 4011 3660 4084 Xptcrk

2085 4096 2154 4172 ἦν
2194 4101 2294 4171 μὲν
2323 4099 2414 4154 ἀεὶ
2435 4100 2529 4156 τοῦ
2556 4098 2693 4153 Θεοῦ
2733 4100 2882 4167 Υἱὸς,
2911 4099 3043 4163 Θεὸς
3083 4100 3345 4171 ὑπάρχων
3384 4100 3658 4169 ἀληθινὸς,

2086 4194 2409 4267 προσλαϐὼν
2436 4194 2495 4247 δὲ
2533 4196 2592 4247 ὲν
2636 4194 2882 4265 ὑστέροις
2906 4194 3116 4265 χρόνοις
3157 4194 3251 4248 καὶ
3293 4194 3352 4247 τὸ
3383 4194 3657 4265 ἀνθρώπι-

2088 4305 2198 4354 νον,
2244 4281 2324 4351 εἷς
2372 4288 2467 4341 καὶ
2507 4288 2535 4340 6
2584 4285 2746 4348 αὐτὸς
2792 4284 3045 4356 ὑπάρχει,
3088 4284 3192 4338 κᾶν
3231 4285 3364 4349 Θεὸς
3412 4287 3655 4358 λέγηται,

2088 4381 2192 4435 κᾶν
2218 4380 2523 4451 ἄνθρωπος,
2556 4377 2659 4433 κᾶν
2699 4378 2922 4449 Ἰησοῦς.

482 4473 572 4533 i5.
604 4471 732 4545 Quae
766 4470 895 4532 cum
924 4475 994 4529 ita
1030 4487 1089 4527 se
1114 4472 1373 4539 habeant,
1426 4472 1606 4543 agesis
1642 4472 1973 4529 Dominicum

2161 4478 2241 4525 ιε’.
2284 4470 2501 4525 Τούτων
2528 4470 2584 4523 δὲ
2617 4467 2790 4533 οὓτιός
2819 4470 3071 4539 ἑχόντων,
3102 4469 3233 4540 φέρε
3283 4469 3377 4522 καὶ
3419 4470 3517 4540 τὴν
3548 4470 3658 4523 Κυ-

413 4583 627 4639 quoque
647 4560 864 4624 eﬂatum
897 4565 952 4621 in
991 4566 1228 4620 medium
1253 4567 1637 4631 producamus,
1671 4566 1826 4636 cujus
1846 4582 1984 4638 prae-

411 4662 570 4729 cipue
626 4674 791 4714 causa
843 4652 1103 4716 εούεείυέ
1157 4652 1315 4712 nobis
1381 4658 1588 4712 instant
1647 4658 1980 4725 adversarii;

415 4765 609 4824 nempe
631 4751 773 4820 quod
803 4749 992 4820 ipsein
1020 4748 1344 4820 evangelicis
1379 4749 1855 4821 praedicationibus
1887 4751 1983 4807 ho-

415 4846 616 4900 minem
639 4834 1000 4899 seconfessus
1025 4842 1099 4899 sit
1136 4842 1368 4898 dicens:
1412 4862 1430 4895 ε
1459 4843 1567 4899 Cur
1604 4857 1690 4898 me
1740 4845 1985 4913 quaeritis

413 4934 685 5001 occidere,
745 4932 1019 4991 huminem
1088 4932 1182 5003 qui
1240 4922 1523 4991 veritatem
1574 4935 1725 4993 vobis
1770 4935 1983 4993 loeutus

415 5043 534 5085 sum
560 5021 642 5083 "i
669 5045 690 5082 ι
714 5012 823 5084 Sed
844 5027 989 5083 enim
1016 5023 1062 5086 si
1076 5026 1201 5099 quis
1228 5025 1475 5085 veritatis
1503 5025 1782 5085 studiosus
1810 5040 1982 5085 evano

387 5228 402 5243 .
487 5200 529 5235 τί
565 5201 609 5257 ll
646 5201 773 5259 Cor.
812 5216 891 5269 ιν,
920 5194 976 5258 5.
1050 5198 1094 5234 "
1135 5196 1294 5256 Rom.
1324 5216 1402 5267 ιι,
1433 5200 1485 5256 5.

487 5380 565 5451 (i)
591 5377 1005 5451 Becitatur_hie
1028 5382 1239 5451 tractus
1279 5376 1597 5451 nominatim
1629 5390 1695 5431 ex
1723 5378 1825 5451 hoc
1867 5376 1977 5448 Cy-

417 5445 525 5506 rilli
546 5445 800 5505 sermone
820 5466 849 5503 ε
870 5447 1176 5504 Justiniano
1204 5448 1332 5516 imp.
1354 5445 1407 5499 in
1427 5445 1681 5502 Tractatu
1696 5448 1761 5501 ad
1789 5445 1977 5502 mona-

418 5523 550 5576 chos
574 5519 968 5577 Alexandrinos
1006 5516 1431 5587 Monopbysitas,
1457 5530 1613 5587 quem
1658 5532 1759 5587 nos
1803 5517 1976 5572 edidi~

419 5605 538 5645 unus
570 5589 767 5657 Script.
793 5599 890 5646 ut.
922 5598 968 5645 ι.
1002 5586 1115 5651 γη,
1146 5584 1451 5658 cuiusyide
1474 5584 1536 5658 'p.
1556 5587 1689 5658 7806.
1722 5585 1978 5643 Fielieiter

1565 5201 1615 5233 ⁷³
1641 5197 1797 5256 Joan.
1834 5214 1951 5265 νηί,
1983 5200 2075 5258 40.

2093 4562 2286 4638 ριακὴν
2317 4564 2396 4626 εἰς
2444 4562 2606 4632 μέσον
2639 4563 2824 4632 φωνὴν
2855 4562 3180 4632 ἀγάγωμεν,
3208 4561 3294 4630 ἐφ’
3329 4563 3395 4632 ῆν
3426 4562 3657 4633 μάλιστα

2087 4656 2181 4710 καὶ
2214 4653 2545 4725 θρασύτερον
2577 4656 2712 4725 ἡμῖν
2738 4653 3050 4722 ἐφίστανται
3081 4653 3348 4720 λέγοντες,
3380 4654 3455 4717 ὡς
3497 4654 3659 4717 αὑτὸς

2085 4751 2143 4803 ὲν
2184 4753 2297 4813 τοῖς
2337 4748 2711 4818 εὑαγγελικοῖς
2757 4747 3103 4818 κηρύγμασιν
3149 4746 3434 4818 ἄνθρωπον
3467 4749 3657 4802 ἑαυτὸν

2085 4840 2436 4912 ὡμολόγησεν
2456 4840 2635 4910 λέγων
2654 4855 2669 4868 θ
2711 4858 2730 4889 σ
2768 4839 2833 4892 Τί
2864 4856 2931 4910 με
2963 4840 3175 4909 ζητεῖτε
3205 4842 3542 4905 ἀποκτεῖναι,
3572 4842 3656 4894 ἄν-

2087 4934 2303 5005 θρωπον
2328 4934 2388 4998 ὂς
2414 4934 2514 5005 τὴν
2536 4933 2794 5002 ἀλήθειαν
2836 4934 2965 5003 ὑμῖν
3007 4932 3309 5003 λελάληκαλς
3346 4954 3368 4986 ι
3398 4935 3460 4987 Εἰ
3487 4934 3544 4987 δέ
3574 4951 3655 4996 τις

2089 5024 2400 5097 φιλαλήθως
2429 5026 2539 5090 τοῖς
2566 5023 2940 5095 εὑαγγελικοίς
2966 5024 3245 5079 ἐπιϐάλλει
3265 5025 3501 5098 χωρίοις,
3527 5025 3655 5078 ἔνθα

2079 5377 2471 5435 inveniremus.

2149 5447 2225 5521 (2)
2254 5447 2436 5521 Hunc‘
2462 5462 2675 5521 quoque
2717 5443 2906 5520 Cyrilli
2949 5456 3181 5521 tractum
3234 5445 3450 5521 recitat,
3483 5452 3535 5521 et
3558 5457 3656 5499 suo

2072 5512 2394 5574 testimonio
2412 5512 2541 5574 facit
2564 5512 2935 5573 a’uthen’ticum
2957 5518 3297 5572 Justinianus
3323 5514 3435 5569 loco
3460 5515 3655 5568 citato.

2150 5587 2225 5661 (5)
2254 5590 2391 5661 Apte
2436 5590 2611 5661 utitur
2656 5591 2759 5645 hac
2804 5589 3156 5661 similitudine
3195 5585 3455 5661 Cyrillus,
3500 5583 3654 5661 cujus

417 5674 547 5717 vero
574 5653 732 5730 nobis
776 5658 1023 5730 contigit,
1059 5669 1122 5730 ut
1165 5653 1353 5730 Cyrilli
1388 5653 1568 5730 simul
1609 5668 1763 5730 npus,
1797 5660 1971 5730 deque
2073 5653 2232 5730 tutati:
2261 5653 2440 5730 adhuc
2469 5660 2826 5730 imperatores
2852 5659 3217 5724 Consulatum,
3243 5653 3369 5713 cum
3410 5655 3490 5709 eis
3518 5653 3651 5707 libe-

416 5743 485 5789 ου
524 5728 703 5801 regale
750 5742 816 5788 as
860 5720 1227 5789 scitissimum
1266 5720 1559 5786 Justinlani
1605 5720 1969 5787 testimonium
2072 5727 2191 5795 hat,
2234 5726 2483 5784 adibant.
