4104 6336
422 356 527 417 9.75

1441 360 1501 414 S.
1542 358 1819 419 CYRILLI
1854 355 2322 415 ALEXANDRINI
2364 353 2683 413 ARCHIEP.

3569 351 3674 407 276

421 487 481 527 es
512 479 687 539 natus,
705 481 760 527 et
787 471 1150 528 Abrahamum
1180 471 1482 541 cognovisti
1507 473 1599 527 ⁸³2
1634 492 1653 530 ι
1689 472 1834 529 Sane
1856 486 1992 541 opus

2101 472 2321 526 σεαυτὸν
2372 473 2585 537 ποιεῖς;
2634 489 2652 523 ι
2708 467 2818 521 Καὶ
2857 464 3049 520 πάλινν
3107 483 3125 517 ι
3180 465 3523 537 Πεντήκοντα
3578 466 3674 537 ἔτη

417 569 563 615 esset
594 561 864 631 pnedictis
926 563 1294 633 acquiescere,
1351 576 1527 632 neque
1574 563 1807 619 ulterius
1841 563 1993 634 quid-

424 669 587 713 uuam
613 654 912 722 requirere.
972 654 1107 709 Nam
1135 655 1225 723 qui
1261 663 1411 710 recto
1443 656 1725 711 ratiocinio
1766 657 1841 711 uti
1878 665 1993 710 stu-

427 745 557 796 dent
581 743 633 796 in
662 743 967 797 divinarum
1008 743 1410 813 Scripturarum
1443 744 1676 808 acroasi,
1722 744 1862 799 bona
1892 744 1995 799 fide

419 834 620 898 dicent,
650 834 781 889 nihil
802 849 1124 905 repugnare,
1162 836 1327 890 Deum
1382 834 1567 906 145i
1612 834 1769 889 simul
1806 844 1861 889 et
1900 836 1997 888 ho-

422 926 643 993 minem,
673 942 794 981 cum
821 925 1159 996 loquebatur,
1190 928 1351 981 modo
1379 942 1438 981 se
1466 925 1653 991 Deum,
1687 927 1847 981 modo
1899 928 1993 981 ho-

424 1016 619 1071 minem
644 1030 702 1070 se
736 1018 1067 1083 nominasse,
1098 1019 1228 1087 quin
1269 1027 1389 1073 utra
1428 1032 1494 1072 ex
1542 1019 1627 1073 his
1669 1017 1993 1089 appellatio-

424 1108 580 1164 nibus
608 1109 833 1164 alteram
863 1109 1121 1165 destruat.

493 1288 583 1343 Π.
615 1287 757 1343 Sane
772 1297 827 1344 et
857 1288 1075 1344 aliunde
1105 1303 1329 1345 cernere
1353 1288 1500 1354 licet,
1535 1288 1812 1346 Christum
1848 1290 1994 1346 haud

422 1379 495 1433 ita
523 1379 928 1452 intelligendum
974 1396 1101 1437 esse
1138 1382 1436 1447 hominem,
1460 1391 1519 1436 ut
1564 1384 1792 1438 istorum
1815 1383 1997 1453 opinio

423 1471 545 1525 fert.
571 1470 861 1541 Postquam
882 1471 1053 1527 Judaei
1087 1472 1296 1527 facinus
1326 1471 1453 1527 illud
1476 1471 1862 1542 patrarunt,de
1890 1486 1997 1541 quo

421 1562 671 1619 cumillis
705 1580 846 1619 nunc
868 1564 1130 1620 Dominus
1186 1566 1514 1634 expostulat,
1572 1565 1997 1630 salutarem,in-

420 1668 602 1723 quam,
624 1654 949 1723 passionem,
966 1655 1010 1711 si
1030 1666 1282 1724 tanquam
1310 1654 1545 1710 hominis
1560 1655 1831 1711 occisores
1847 1656 1997 1709 dam-

421 1743 538 1797 nati
566 1744 815 1810 fuissent,
847 1754 977 1801 tunc
1011 1745 1152 1801 haud
1181 1760 1345 1801 sensu
1390 1760 1609 1802 cassum
1661 1745 1801 1800 foret
1853 1744 1993 1814 quod

2107 563 2259 618 οῠπω
2286 563 2452 635 ἔχεις,
2487 562 2583 616 καὶ
2644 558 2892 629 Ἀϐραὰμ
2920 556 3243 627 γινώσκειςς
3298 577 3316 609 ι
3361 557 3471 610 Καὶ
3507 557 3677 627 ἐχρῆν

2101 656 2201 726 μέν
2250 657 2361 718 τοῖς
2408 654 2509 724 ἤδη
2544 649 2962 722 προειρημένοις
2996 650 3308 719 ἀρκεῖσθαι,
3359 648 3455 701 καὶ
3510 648 3675 718 μηδὲν

2097 747 2259 800 πλέον
2296 743 2573 815 ἐπιζητεῖν
2592 760 2607 775 ·
2638 743 2687 795 οί
2716 741 2824 811 γὰρ
2854 739 3111 809 λογισμὸν
3137 738 3294 807 ὀρθὸν
3330 738 3476 808 ἔχειν
3512 756 3673 792 σπου-

2097 836 2349 901 δάζοντες
2379 839 2507 905 περὶ
2539 834 2638 901 τὴν
2664 832 2771 884 τῶν
2810 831 2971 884 θείων
2999 829 3229 900 Γραφῶν
3269 830 3554 900 ἀκρόασιν,
3584 829 3676 882 εύ-

2098 926 2391 996 γνωμόνως
2416 924 2682 989 λέξουσιν,
2724 922 2798 984 ὡς
2831 921 2984 975 οὐδὲν
3021 921 3219 973 ἄτοπον
3255 920 3341 990 εἴη
3381 918 3515 972 Θεὸν
3540 918 3675 990 ὁμοῦ

2098 1018 2191 1071 καὶ
2223 1016 2507 1087 ἄνθρωπον
2540 1014 2687 1079 ὄντα,
2735 1015 2823 1066 ὅτε
2860 1011 3175 1084 λελάληκεν,
3211 1012 3340 1063 ποτέ
3390 1014 3488 1082 μὲν
3520 1011 3675 1077 Θεὸν,

2092 1102 2231 1163 ποτὲ
2268 1110 2325 1163 δὲ
2372 1108 2656 1180 ἄνθρωπον
2690 1104 3071 1177 ὀνομάζεσθαι,
3112 1104 3364 1173 οὐδαμῶς
3408 1104 3677 1176 ἑκατέρας

2099 1202 2469 1273 προσηγορίας
2494 1201 2593 1271 τὴν
2625 1200 2817 1272 ἑτέραν
2848 1198 3167 1268 ἀθετούσης.

2171 1294 2260 1358 ιζ’.
2309 1292 2527 1363 Ἐπειδὴ
2558 1292 2615 1345 δέ
2647 1291 2821 1343 ἔνεστι
2853 1291 2948 1342 καὶ
2980 1289 3245 1359 ἑτέρωθεν
3271 1288 3431 1342 τοῦτο
3453 1288 3677 1360 θεωρεί-

2099 1386 2255 1451 σθαι,
2290 1385 2365 1450 ὡς
2397 1386 2496 1439 οὐκ
2527 1385 2814 1457 ἄνθρωπος
2863 1384 3103 1438 νοεῖσθαι
3147 1383 3233 1437 διὰ
3268 1383 3425 1436 τοῦτο
3469 1382 3672 1453 ὀφείλει

2098 1477 2237 1531 κατά
2264 1476 2363 1548 τὴν
2395 1475 2600 1529 τούτων
2650 1475 2943 1528 ὑπόνοιαν·
3001 1473 3139 1545 μετά
3184 1474 3244 1526 τὸ
3293 1473 3500 1543 πρᾶξαι
3549 1475 3675 1536 τοὺς

2109 1568 2393 1631 Ἰουδαίους
2425 1567 2606 1632 τοῦτο,
2638 1567 2772 1638 ὅπερ
2815 1565 3047 1620 ἐνταῦθα
3088 1565 3285 1628 αὐτοὺς
3334 1565 3610 1635 ἐμέμφετο
3646 1567 3675 1618 6

2098 1660 2324 1734 Κύριος,
2360 1660 2502 1729 λέγω
2539 1659 2605 1731 δὴ
2635 1658 2696 1713 τὸ
2733 1661 2999 1731 σωτήριον
3032 1658 3220 1725 πάθος,
3262 1659 3310 1712 εί
3342 1659 3451 1730 ἀρα
3479 1658 3553 1722 ὡς
3586 1659 3677 1711 ἄν-

2099 1751 2314 1824 θρωπον
2357 1752 2777 1814 ἀποκτείναντες
2811 1750 3239 1820 κατεκρίθησαν,
3287 1748 3407 1801 τότε
3455 1748 3564 1820 γὰρ
3609 1749 3676 1803 ἂν

420 1835 489 1890 ab
520 1834 626 1891 illis
658 1836 955 1892 dicebatur.
979 1836 1082 1893 Sed
1109 1851 1234 1892 cum
1271 1838 1690 1908 tanquamllege
1717 1850 1782 1891 ac
1812 1835 1996 1891 Domi—

2101 1821 2349 1914 δυνηθείη
2384 1841 2541 1910 λόγον
2566 1841 2711 1913 ἐχειν
2749 1843 2809 1895 τὸ
2853 1842 2941 1894 ὑπ’
2973 1839 3151 1895 αὐτῶν
3179 1840 3500 1911 λεγόμενον·
3535 1843 3583 1894 εί
3620 1842 3676 1894 δὲ

424 1942 497 1981 no
517 1928 696 1985 occiso
728 1928 966 1983 damnati
1000 1930 1223 1994 fuerint,
1253 1929 1593 1999 exploratum
1643 1929 1704 1984 lit
1731 1927 1995 1983 adversa-

420 2017 532 2071 rios
559 2026 774 2073 nostros
795 2017 1015 2073 stultam
1043 2019 1143 2074 sibi
1172 2021 1485 2089 opinionem
1516 2034 1754 2086 creasse,
1782 2035 1904 2074 cum
1932 2019 1995 2073 il-

420 2107 532 2162 lum
561 2108 875 2165 existimant
897 2124 1104 2165 merum
1139 2126 1259 2166 esse
1284 2111 1579 2178 hominem,
1629 2111 1839 2167 etiamsi
1868 2111 1995 2167 Ver-

419 2199 549 2255 bum
579 2200 633 2254 in
664 2200 780 2269 ipso
804 2200 1050 2256 habitare
1072 2201 1274 2255 dicant.
1293 2200 1454 2257 Certe
1483 2202 1677 2257 beatus
1702 2200 1902 2256 Paulus
1927 2200 1994 2255 de

421 2290 864 2361 crucifigentibus
888 2292 1133 2363 loquens,
1162 2292 1377 2348 Domini
1429 2294 1702 2349 occisores
1750 2292 1868 2349 illos
1916 2308 1995 2349 re-

420 2391 739 2451 praesentat,
768 2382 854 2438 bis
876 2385 1053 2440 verbis
1089 2393 1281 2440 utens:
1304 2404 1322 2436 ι
1348 2383 1481 2439 Nam
1513 2386 1559 2439 si
1588 2384 1991 2455 cognovissent,

421 2489 700 2544 nunquam
738 2474 1025 2531 Dominum
1080 2476 1265 2547 gloriae
1324 2476 1814 2532 crucilixissent“.
1872 2495 1892 2528 ι
1930 2477 1995 2532 Ει

420 2566 537 2633 ipse
562 2581 778 2637 quoque
815 2567 1073 2623 Dominus
1100 2568 1152 2622 itt
1178 2569 1349 2624 vineae
1372 2568 1625 2639 parabola
1654 2568 1728 2622 ait
1759 2578 1996 2639 patrem—

422 2654 655 2713 familias
699 2658 916 2714 misisse
972 2673 1162 2715 servos
1211 2674 1339 2715 suos
1386 2660 1452 2714 ad
1498 2658 1785 2730 agricolas.
1837 2661 1906 2715 At
1941 2660 1993 2715 hi

429 2765 451 2801 ι
481 2747 644 2803 alium
677 2749 892 2818 quidem
924 2752 1305 2816 verberarunt,
1326 2751 1525 2821 inquit,
1575 2752 1738 2806 alium
1784 2753 1996 2808 occide-

420 2849 572 2904 runt,
604 2842 769 2897 alium
792 2842 1057 2914 lapidibus
1082 2844 1402 2910 obruerunt,
1442 2862 1461 2897 ι
1485 2843 1736 2913 agricola:
1762 2844 1992 2898 scilicet.

421 2929 703 2989 Postremo
736 2934 949 2991 misisse
974 2935 1107 2990 dicit
1128 2934 1319 3001 lilium,
1351 2949 1459 3004 quo
1490 2935 1608 2989 viso
1635 2934 1884 3005 agricolae
1910 2934 1995 2988 in-

426 3032 507 3077 tra
534 3039 593 3080 se
622 3025 908 3081 dixerunt:
945 3045 965 3079 ι
1000 3026 1101 3082 Hic
1128 3036 1213 3083 est
1240 3028 1435 3092 haeres,
1462 3028 1659 3090 venite,
1684 3027 1995 3083 occidamus

422 3128 570 3182 eum,
614 3116 837 3188 ejusque
869 3118 1237 3175 haereditatem
1270 3132 1600 3189 occupemus
1636 3137 1651 3171 :
1701 3130 1862 3187 atque
1920 3118 1992 3171 ita

425 3221 550 3262 eum
612 3211 1061 3278 comprehensum
1122 3219 1176 3266 et
1243 3210 1399 3265 vinea
1447 3210 1680 3281 ejectum
1708 3213 1997 3266 intereme-

425 3299 637 3354 runt".
666 3320 688 3353 ι
722 3301 926 3371 Siergo
945 3304 1233 3374 Apostolus
1256 3305 1474 3374 quidem
1503 3304 1687 3375 gloriae
1712 3286 1995 3359 Dominum

422 3390 713 3447 conﬁtetur
741 3407 863 3450 eum
882 3395 975 3465 qui
1004 3397 1295 3452 cruciﬁxus
1323 3397 1465 3462 fuit;
1500 3397 1616 3467 ipse
1646 3407 1820 3451 autem
1869 3398 1999 3451 Ser—

427 3493 584 3541 vator
615 3489 906 3559 prophetas
936 3491 1154 3561 quidem
1188 3503 1475 3545 servorum
1507 3491 1792 3545 missorum
1824 3488 1999 3541 nomi—

429 3589 499 3628 ne
521 3575 766 3632 denotari
796 3580 984 3644 docet,
1016 3583 1368 3649 semetipsum
1402 3595 1532 3637 vero
1565 3581 1760 3635 Filium
1788 3578 1999 3634 Domini

433 3681 709 3723 servorum
734 3670 968 3738 illorum;
1005 3674 1125 3741 quis
1150 3675 1253 3736 iam
1273 3674 1506 3731 ulterius
1530 3673 1672 3729 ausit
1700 3674 1879 3727 dicere
1902 3674 2000 3726 ho-

434 3759 632 3814 minem
664 3761 813 3816 illum
843 3763 1008 3820 fuisse
1033 3766 1122 3835 qui
1159 3767 1356 3835 aiebat,
1392 3787 1410 3820 ι
1439 3766 1591 3821 Nunc
1625 3781 1713 3821 me
1760 3766 2001 3835 quaeritis

433 3853 703 3921 occidere,
738 3873 757 3907 ι
791 3865 845 3910 et
866 3870 972 3910 non
1002 3859 1181 3926 potius
1210 3859 1565 3916 humanatum
1592 3857 1801 3913 Deum?
1854 3856 2002 3911 Prm-

433 3945 624 4001 sertim
671 3947 795 4016 quia
832 3948 939 4005 Deo
978 3949 1136 4021 digna
1164 3966 1352 4022 opera,
1411 3951 1509 4006 sub
1558 3949 1793 4004 hominis
1848 3950 2002 4004 titulo

432 4039 745 4106 -.tr;edicata,
801 4041 983 4095 audiet
1004 4053 1284 4097 eventura.
1324 4063 1342 4095 ι
1377 4041 1536 4097 Venit
1560 4042 1705 4096 enim
1750 4042 1903 4107 hora,
1949 4049 2004 4096 et

435 4141 580 4181 nunc
615 4135 721 4203 est,
739 4144 859 4183 cum
891 4131 1331 4187 mortuiaudient
1356 4146 1541 4187 vocem
1575 4132 1698 4187 Filii
1730 4133 1999 4200 hominis;

432 4220 492 4268 et
515 4212 605 4283 qui
637 4216 1226 4285 audierrint,vivent”;
1266 4238 1284 4270 ι
1326 4229 1380 4274 et
1408 4236 1421 4272 :
1460 4238 1479 4271 ι
1502 4220 1636 4281 Cum
1661 4223 1888 4287 venerit,
1917 4223 2003 4276 iu—

435 4305 573 4373 quit,
603 4305 775 4361 Filius
818 4308 1123 4364 hominisin
1155 4324 1381 4381 regnum
1406 4326 1581 4377 suum,
1606 4321 1659 4366 et
1688 4328 1878 4368 omnes
1909 4328 2006 4368 an-

433 4397 533 4467 geli
560 4398 676 4469 ejus
700 4415 821 4455 cum
846 4416 931 4468 eo,
964 4412 1092 4458 tunc
1119 4402 1331 4459 sedebit
1358 4404 1410 4458 in
1436 4405 1629 4461 throno
1656 4405 1840 4474 gloriae
1872 4421 2001 4471 sure,

430 4490 627 4565 justam
653 4493 718 4549 de
741 4494 989 4551 omnibus
1008 4498 1324 4551 sententiam
1350 4495 1529 4553 ferens
1544 4497 1588 4529 ⁸⁷
1611 4513 1626 4563 ;
1647 4516 1665 4550 ι
1694 4509 1768 4563 et,
1797 4518 1815 4550 ι
1835 4498 2004 4556 Nemo

436 4584 676 4638 ascendit
700 4585 754 4640 in
777 4585 1003 4650 ccelum,
1030 4587 1131 4642 nisi
1164 4587 1255 4660 qui
1284 4588 1349 4644 de
1400 4588 1536 4646 coelo
1593 4590 1871 4646 descendit
1910 4591 2003 4646 Fi-

434 4671 537 4733 lius
568 4674 800 4731 hominis
827 4676 894 4731 ⁸⁸.
931 4695 950 4728 ι

506 4939 791 4996 l8.Audin‘
814 4941 1097 4999 manifeste
1115 4942 1280 4999 Deum
1313 4945 1547 5002 Verbum
1564 4948 1795 5005 hominis
1816 4952 2002 5021 appel-

433 5031 655 5101 latione,
712 5046 932 5107 pr0pter
977 5055 1129 5095 suam
1184 5056 1304 5096 cum
1383 5058 1547 5099 carne
1596 5046 1999 5115 adunationem,

433 5125 958 5181 nominatum?Nam
990 5128 1113 5198 quis
1166 5130 1306 5186 alius
1354 5132 1420 5187 de
1462 5134 1605 5188 caelo
1658 5136 2002 5193 descendisse

434 5218 699 5284 putandus
731 5220 849 5274 est?
876 5218 991 5275 Noli
1025 5222 1208 5292 itaque
1245 5222 1446 5279 diutius
1513 5228 1826 5282 scandalum
1867 5229 2000 5299 pati,

432 5324 554 5362 cum
580 5308 624 5364 is
671 5311 785 5364 ait:
823 5330 841 5363 ι
875 5311 1029 5368 Nunc
1059 5329 1145 5369 me
1172 5314 1412 5385 quaeritis
1440 5320 1708 5385 occidere,
1732 5321 2003 5375 hominem

430 5399 521 5466 qui
551 5402 829 5458 veritatem
861 5406 1011 5461 vobis
1045 5407 1153 5462 dixi
1179 5410 1245 5462 θθε
1285 5427 1304 5461 ι
1346 5410 1438 5465 sed
1471 5411 1857 5469 incarnationis
1885 5431 2003 5486 my-

432 5494 657 5549 sterium
688 5507 965 5566 reputans,
996 5499 1083 5570 pie
1119 5502 1321 5560 dictum
1346 5504 1589 5561 admitte.
1621 5504 1869 5579 Namque
1913 5508 1999 5563 his

2096 1935 2172 1998 ὡς
2201 1934 2343 1988 κατά
2366 1932 2635 1986 Δεσπότου
2651 1932 2746 1987 καὶ
2761 1933 2966 2003 Κυρίου
2987 1931 3357 2003 τολμήσαντες
3387 1931 3677 1985 κατεδικά-

2098 2027 2324 2097 σθησαν,
2358 2025 2514 2097 δῆλον
2563 2025 2639 2090 ὡς
2675 2025 2910 2096 ματαίαν
2960 2025 3212 2079 ὑπόνοιαν
3249 2026 3461 2088 ἑαυτοῖς
3504 2025 3675 2078 ἐπλά-

2098 2137 2281 2185 σαντο,
2313 2120 2598 2190 ἄνθρωπον
2635 2118 2955 2189 νομίσαντες
3005 2114 3166 2182 εἶναι,
3199 2118 3302 2172 κᾶν
3332 2120 3561 2171 ἐνοικεῖν
3596 2119 3675 2181 είς

2096 2212 2259 2267 αὐτὸν
2281 2211 2370 2264 τὸν
2397 2212 2570 2280 Λόγον
2600 2210 2853 2278 λέγωσιν.
2897 2209 2956 2263 '0
2985 2209 3082 2279 μὲν
3110 2205 3201 2263 οὖν
3234 2210 3500 2280 μακάριος
3530 2208 3677 2263 Παῦ-

2093 2304 2184 2367 λος
2208 2304 2337 2373 περὶ
2367 2302 2477 2355 τῶν
2503 2301 2932 2373 σταυρωσάντων
2961 2300 3361 2372 διαλεγόμενος,
3396 2300 3677 2371 κυριοκτό-

2096 2410 2219 2456 νους
2277 2393 2474 2456 αὐτοὺς
2536 2391 2785 2461 ἐναργῶς
2844 2390 3193 2463 παρίστησιν,
3226 2393 3415 2453 αὑταῖς
3469 2390 3676 2455 λέξεσιν

2094 2484 2324 2555 γράφων
2361 2484 2569 2547 οὕτως⁸
2613 2501 2631 2533 ι
2677 2483 2740 2535 Ei
2778 2481 2887 2553 γὰρ
2920 2483 3183 2550 ἔγνωσαν,
3215 2482 3313 2535 οὐκ
3348 2481 3413 2535 ἂν
3436 2481 3529 2534 τὸν
3559 2481 3676 2535 Κύ-

2086 2578 2213 2647 ¹ριον
2245 2575 2345 2646 τῆς
2379 2575 2535 2644 δόξης
2579 2573 2949 2645 ἐσταύρωσαν.
2999 2593 3019 2627 ι
3053 2574 3162 2627 Καὶ
3198 2574 3358 2636 αὐτὸς
3387 2573 3443 2627 δὲ
3472 2572 3677 2643 Κύριος

2096 2670 2152 2721 ἐν
2184 2669 2250 2739 τῇ
2294 2667 2387 2720 τοῦ
2423 2666 2741 2736 ἀμπελῶνος
2781 2666 3061 2737 παραϐολῇ
3099 2665 3498 2719 ἀπεσταλκέναι
3545 2667 3678 2736 φησι

2094 2761 2186 2814 τὸν
2211 2759 2597 2829 οἰκοδεσπότην
2620 2759 2745 2821 τοὺς
2773 2757 2994 2821 δούλους
3016 2757 3179 2810 αὑτοῦ
3201 2758 3335 2828 πρὸς
3357 2758 3481 2819 τοὺς
3505 2775 3679 2828 γεωρ-

2095 2854 2225 2924 γούς
2248 2873 2261 2886 ·
2298 2874 2317 2906 ι
2341 2855 2433 2907 καὶ
2453 2854 2511 2907 ὃν
2540 2853 2639 2923 μὲν
2669 2853 2900 2923 ἔδειραν,
2932 2854 3114 2923 φησὶν,
3149 2852 3209 2905 δν
3241 2852 3298 2905 δὲ
3328 2842 3676 2914 ἀπέκτειναν,

2095 2947 2154 3000 ὂν
2202 2945 2602 3015 ἐλιθοϐόλησαν,
2636 2964 2654 2996 ι
2681 2945 2731 2997 οἱ
2751 2944 2988 3015 γεωργοὶ
3038 2942 3315 3014 δηλονότι⁸
3365 2941 3590 3012 ὕστερον
3620 2942 3678 2994 δὲ

2096 3037 2497 3090 ἀπεσταλκέναι
2548 3037 2713 3106 φησὶν
2754 3034 2914 3088 αὑτὸν
2954 3033 3043 3087 τὸν
3088 3033 3225 3099 υἱὸν,
3270 3032 3329 3085 ὃν
3359 3033 3408 3085 οί
3442 3032 3680 3102 γεωργοὶ

2099 3128 2423 3200 θεασάμενοι
2456 3123 2609 3181 εἶπον
2659 3126 2795 3197 πρὸς
2842 3125 3108 3189 ἑαυτούς·
3164 3143 3183 3175 ι
3240 3116 3407 3187 Οὗτός
3454 3125 3599 3176 ἐστιν
3648 3123 3679 3175 6

2099 3220 2453 3291 κληρονόμος,
2473 3217 2645 3280 δεῦτε,
2685 3215 3096 3287 ἀποκτείνωμεν
3124 3214 3305 3282 αὐτὸν,
3336 3215 3430 3268 καὶ
3461 3215 3678 3284 σχῶμεν

2099 3309 2265 3364 αὐτοῦ
2289 3310 2389 3380 τὴν
2416 3306 2782 3379 κληρονομίαν
2798 3321 2811 3335 °
2839 3306 2934 3360 καὶ
2960 3306 3215 3370 λαϐόντες
3240 3306 3403 3359 αὐτὸν
3425 3306 3680 3372 ἐξέϐαλον

2100 3401 2205 3466 ἔξω
2246 3400 2341 3454 τοῦ
2386 3400 2730 3471 ἀμπελῶνος,
2765 3401 2858 3453 καὶ
2899 3399 3246 3453 ἀπέκτειναν.
3290 3416 3309 3449 ι
3347 3398 3411 3450 Εἰ
3443 3397 3620 3450 τοίνυν
3651 3397 3681 3448 6

2105 3494 2208 3566 μὲν
2238 3492 2558 3557 Ἀπόστολος
2576 3491 2781 3562 Κύριον
2818 3490 2916 3560 τῆς
2947 3489 3105 3559 δόξης
3147 3488 3239 3543 τὸν
3268 3487 3681 3558 ἐσταυρωμένον

2101 3584 2372 3656 ὁμολογεῖ,
2404 3584 2565 3646 αὐτὸς
2593 3582 2649 3636 δέ
2679 3583 2707 3634 6
2739 3581 2926 3653 Σωτὴρ
2960 3581 3086 3644 τοὺς
3125 3580 3226 3649 μὲν
3257 3581 3539 3650 προφήτας
3561 3577 3681 3631 δού-

2101 3676 2225 3739 λους
2260 3674 2704 3744 ἀπεσταλμένους
2737 3673 2998 3738 διδάσκει,
3033 3674 3222 3726 ἑαυτὸν
3265 3673 3321 3724 δέ
3349 3671 3448 3725 τού
3477 3672 3681 3724 Δεσπό·

2102 3784 2196 3819 του
2216 3766 2325 3819 τῶν
2353 3764 2553 3818 δούλων
2584 3764 2734 3830 Υίὺν,
2764 3764 2847 3825 τίς
2877 3765 2956 3817 ἔτι
2982 3763 3242 3834 τολμήσει
3266 3762 3449 3831 λέγειν
3482 3762 3556 3824 ὡς
3585 3762 3680 3815 ἄν-

2105 3858 2323 3929 θρωπος
2351 3853 2419 3928 ἦν
2461 3857 2489 3908 6
2537 3855 2731 3925 λέγων,
2769 3875 2785 3905 ι
2824 3854 2938 3908 Νῦν
2974 3855 3030 3908 δὲ
3059 3853 3272 3925 ζητεῖτέ
3310 3870 3377 3922 με
3417 3853 3678 3906 ἀποκτεῖ-

2104 3966 2212 4013 ναι,
2252 3969 2271 4001 ι
2309 3950 2402 4003 καὶ
2437 3949 2557 4019 οὐχὶ
2611 3948 2811 4017 μᾶλλον
2861 3947 2993 4010 Θεὸς
3040 3943 3512 4016 ἐνηνθρωπηκώς;
3569 3945 3680 3997 Καὶ

2108 4041 2323 4114 μάλισθ’
2355 4042 2483 4094 ὅταν
2531 4041 2625 4093 καὶ
2658 4040 2726 4093 τὰ
2765 4037 3046 4109 θεοπρεπῆ
3100 4037 3235 4109 ἔργα
3279 4040 3344 4107 τῇ
3391 4034 3678 4106 ἀνθρώπου

2106 4134 2446 4206 προσηγορίᾳ
2502 4122 2771 4204 λεγόμενα
2825 4130 2999 4204 ἀκούῃ
3063 4129 3324 4196 μέλλοντα
3387 4126 3676 4196 γίνεσθαιο

2113 4246 2131 4278 ‹
2180 4228 2438 4298 Ἔρχεται
2470 4225 2579 4296 γὰρ
2608 4225 2747 4296 ῶρα,
2782 4223 2875 4277 καὶ
2924 4222 3017 4274 νῦν
3065 4222 3234 4285 ἐστιν,
3281 4221 3368 4273 ὅτε
3409 4220 3457 4272 οἱ
3498 4218 3680 4287 νεκροὶ

2104 4319 2410 4374 ἀκούσωσιν
2452 4320 2547 4389 τῆς
2584 4317 2767 4386 φωνῆς
2800 4314 2892 4368 τοῦ
2924 4313 3055 4367 Υἱοῦ
3090 4313 3182 4366 τοῦ
3218 4310 3501 4382 ἀνθρώπου
3523 4325 3537 4340 ⁶
3586 4310 3683 4362 κα)⁸

2104 4413 2153 4463 οἱ
2184 4409 2514 4471 ἀκούσαντες
2553 4409 2794 4478 ζήσουσι.
2839 4426 2856 4459 ι
2886 4406 3013 4471 Καὶ,
3050 4424 3069 4456 ι
3109 4405 3275 4459 Ὅταν
3311 4402 3462 4474 ἔλθῃ,
3493 4401 3676 4472 φησὶν,

2105 4508 2134 4558 6
2179 4504 2307 4568 Υἱὸς
2348 4503 2442 4557 τοῦ
2489 4500 2776 4572 ἀνθρώπου
2822 4500 2879 4551 ἐν
2928 4500 2994 4569 τῇ
3052 4495 3296 4567 βασιλείᾳ
3348 4494 3542 4558 αὐτοῦ,
3588 4493 3682 4545 καὶ⁸

2108 4596 2308 4658 πάντες
2325 4597 2371 4647 οἱ
2394 4592 2614 4661 ἄγγελοι
2645 4593 2762 4661 μετ’
2784 4588 2971 4651 αὐτοῦ,
2995 4587 3114 4640 τότε
3137 4586 3347 4639 καθίσει
3371 4584 3461 4637 ἐπὶ
3490 4583 3678 4655 θρόνου

2111 4686 2266 4757 δόξης
2298 4684 2484 4748 αὑτοῦ,
2512 4683 2610 4752 τὴν
2635 4680 2850 4735 δικαίαν
2884 4680 3085 4733 ἅπασιν
3112 4677 3612 4762 ἐπιφέρωνὶκρίσιν.
3655 4694 3675 4726 ι

2112 4779 2242 4843 Καὶ,
2286 4794 2303 4826 ι
2344 4774 2532 4838 Οὐδεὶς
2572 4773 2910 4844 ἀναϐέϐηκεν
2940 4773 3019 4835 εἰς
3056 4770 3147 4822 τὸν
3181 4769 3426 4841 οὐρανὸν,
3456 4770 3502 4820 εἰ
3535 4768 3610 4839 μὴ
3652 4770 3681 4821 ὁ

2114 4872 2177 4924 ἐκ
2214 4869 2307 4923 τοῦ
2338 4860 2567 4939 ούρανοῦ
2600 4865 2861 4929 καταϐὰς,
2894 4867 2921 4916 6
2952 4862 3075 4925 Υἱὸς
3104 4860 3196 4914 τοῦ
3227 4858 3536 4929 ἀνθρώπου.
3587 4879 3605 4911 ι

2182 4967 2269 5031 ιη’.
2323 4955 2563 5019 Ἀκούεις
2594 4954 2843 5023 φανερῶς
2886 4953 2977 5005 τὸν
3002 4951 3133 5003 Θεὸν
3162 4950 3332 5019 Λόγον
3362 4952 3428 5021 τῇ
3474 4948 3681 5021 ἀνθρὼ-

2109 5070 2209 5105 που
2238 5049 2575 5122 προσηγορίᾳ
2604 5045 2691 5098 διὰ
2715 5045 2811 5117 τὴν
2839 5043 2973 5115 πρὸς
2998 5042 3093 5113 τὴν
3124 5042 3299 5111 σάρκα
3328 5041 3521 5094 ’ένωσιν
3561 5042 3677 5093 ὀνο-

2113 5144 2439 5213 μαζόμενον;
2486 5142 2582 5203 Τίς
2619 5139 2727 5210 γὰρ
2772 5137 2838 5190 ἂν
2869 5135 2953 5204 εἴη
2985 5135 3171 5204 ἕτερος
3200 5135 3264 5186 ἐκ
3308 5132 3398 5185 τοῦ
3447 5131 3679 5203 οὐρανού

2112 5234 2351 5295 καταϐάς
2373 5251 2386 5298 ;
2406 5231 2619 5302 Μηκέτι
2649 5226 2741 5283 οὖν
2773 5225 3283 5289 σκανδαλίζου,ὅταν
3314 5224 3490 5292 λέγει·
3521 5244 3537 5274 ι
3568 5223 3679 5275 Νῦν

2110 5326 2167 5379 δέ
2198 5325 2407 5396 ζητεῖτὲ
2443 5341 2506 5399 με
2544 5324 2882 5383 ἀποκτεῖναι,
2909 5317 3193 5387 ἄνθρωπον
3218 5316 3275 5379 6;
3306 5315 3401 5386 τὴν
3428 5315 3677 5387 ἀλήθεια-ι

2113 5418 2241 5487 ὑμῖν
2296 5417 2599 5486 λελάληκα’
2636 5433 2653 5463 ι
2703 5412 2815 5466 ἀλλ’
2856 5408 3052 5463 ἐννοῶν
3086 5408 3181 5479 τὴν
3224 5407 3556 5477 οἰκονομίαν,
3594 5408 3680 5458 εὑ-

2113 5508 2281 5571 σεϐῶς
2345 5508 2498 5577 δέχου
2556 5506 2617 5559 τὸ
2666 5503 2987 5572 λεγόμενον
3051 5501 3114 5553 ἐκ
3169 5496 3373 5550 τούτων
3417 5496 3524 5566 γὰρ
3580 5497 3679 5566 τῆς

502 5700 547 5733 ⁸³
574 5699 728 5780 ἔρειο·
766 5718 884 5769 "I".
917 5704 1126 5780 57x,”
1155 5708 1319 5766 lCor.
1353 5725 1411 5777 ut,
1446 5711 1498 5766 8.
1574 5713 1619 5745 ⁸⁸
1658 5711 1845 5769 Matth.
1897 5730 2009 5780 xxi,
2042 5712 2129 5767 δι.
2206 5714 2248 5746 ⁸⁸
2279 5710 2429 5770 Joau.
2470 5726 2522 5778 ν,
2561 5708 2649 5763 9.5.
2726 5707 2767 5739 ⁸⁷
2797 5701 3131 5765 Matth-HV.
3163 5696 3248 5751 δια
3328 5696 3372 5728 ⁸⁸
3399 5692 3552 5750 δοθη·
3594 5708 3677 5760 ιη,

438 5770 523 5833 13.
600 5772 641 5805 ’³
676 5771 829 5828 loatt.
858 5790 968 5839 vm,
999 5775 1088 5829 40.
