4104 6336
433 392 538 448 277

1542 398 1733 465 QUOD
1770 398 1832 456 Β.
1870 401 2089 457 ΜΑΒΙΑ
2129 403 2237 460 SIT
2279 406 2599 464 DEIPAR'A.

3593 415 3711 475 378.
3796 496 3801 507 ‘

436 511 683 578 ἐνώσεως
712 516 951 585 μάλιστα
985 517 1019 588 ἡ
1048 518 1324 589 οἰκονομία
1350 522 1625 578 δείκνυται
1643 542 1659 558 ο
1694 526 1789 581 καὶ
1817 528 1898 581 ὅτι
1922 527 2024 581 κᾶν

2127 530 2310 585 verbis
2358 530 2575 587 unionis
2594 532 2944 602 potissimum
2975 533 3310 604 dispensatio
3339 547 3698 595 monstratur:

434 603 719 673 ἄνθρωπος
748 607 1100 679 ὀνομάζηται,
1135 612 1197 664 ού
1234 613 1359 683 δίχα
1403 616 1503 685 τῆς
1536 616 1787 688 θεότητος
1815 620 2020 686 ὀφείλει

436 703 759 759 καθ’ἐαυτὸν
776 709 1159 778 ὀνομάζεσθαι.
1182 714 1281 777 Τίς
1308 712 1419 784 γὰρ
1439 712 1701 785 τολμήσει
1722 712 1904 781 λέγειν
1929 711 2022 766 ἄν-

438 797 672 866 θρωπον.
703 800 798 853 καὶ
822 801 997 857 ταῦτα
1008 805 1327 873 ἐνεργήσειν
1346 806 1413 859 τὰ
1428 822 1655 878 προειρη
1666 806 1831 875 μένας
1877 804 2022 871 λέγω

434 885 497 956 δὴ
523 886 620 956 τὴν
632 887 688 954 ἐξ
701 890 933 961 ούρανοῦ
955 894 1253 964 μέλλουσαν
1266 895 1487 949 ἔσεσθαι
1507 897 1811 967 παρουσίαν
1831 895 2019 963 αὐτοῦ,

437 979 532 1031 καὶ
564 980 664 1050 τὴν
704 984 833 1053 περὶ
862 983 1081 1037 πάντων
1112 986 1327 1041 δικαίαν
1350 987 1562 1058 κρίσιν’
1583 987 1676 1040 τοῦ
1701 987 2019 1059 ἰεροψάλτου

2120 631 2176 675 et
2211 623 2371 691 quod,
2395 624 2609 679 etiamsi
2648 624 2812 681 homo
2851 625 3172 696 appelletur,
3198 642 3308 684 non
3363 638 3544 684 tamen
3572 632 3700 686 abs-

2121 722 2225 776 que
2248 708 2532 766 divinitate
2576 726 2821 767 seorsum
2879 729 2978 784 per
3013 729 3073 771 se
3108 716 3274 773 homo
3335 730 3700 789 nuncupatur.

2121 801 2252 867 Quis
2289 803 2435 858 enim
2473 804 2619 859 ausit
2644 806 2825 861 dicere
2854 806 3149 876 hominem,
3187 825 3281 881 qui
3304 810 3485 879 qualia
3538 828 3701 881 supra

2120 893 2262 947 dicta
2292 904 2418 949 sunt
2447 895 2741 953 eii’ecturus
2771 898 2887 953 sit?
2927 897 3170 954 futurum
3194 900 3449 956 videlicet
3470 901 3538 957 dc
3566 903 3705 957 coelo

2119 985 2409 1040 adventum
2438 987 2574 1055 ejus,
2602 988 2923 1061 iustumque
2975 992 3041 1048 de
3076 994 3329 1049 omnibus
3387 994 3700 1050 faciendum

440 1069 674 1139 μάλιστα
686 1074 853 1127 Δαόὶδ
871 1075 1089 1146 ᾅδοντος
1106 1093 1119 1107 ·
1154 1096 1174 1129 ί
1197 1079 1288 1131 Σοὶ
1304 1079 1504 1149 πρέπει
1538 1077 1769 1148 ὖμνος,ό
1792 1079 1945 1143 Θεὸς,
1961 1080 2020 1132 ἐν

2126 1075 2400 1141 iudicium.
2435 1078 2575 1134 Cum
2622 1084 2924 1152 praesertim
2984 1099 3143 1140 sacer
3203 1085 3489 1157 psalmista
3532 1086 3702 1142 David

439 1161 597 1230 Σιὼν,
630 1165 724 1218 καὶ
751 1167 834 1219 σοὶ
878 1168 1275 1240 ἀποδοθήσεται
1303 1170 1441 1241 εὐχὴ
1468 1171 1526 1223 ἐν
1576 1169 1950 1241 Ἰερουσαλήμ.
1994 1188 2014 1222 ι

442 1256 778 1311 Είσάκουσον
818 1261 1125 1331 προσευχῆς
1147 1278 1162 1293 ·
1185 1281 1202 1313 ‹
1223 1262 1366 1332 Πρὸς
1400 1262 1460 1314 σὲ
1503 1264 1654 1316 πᾶσα
1691 1262 1828 1333 σὰρξ
1842 1262 2015 1331 ἥξει.»

443 1347 506 1400 Τί
533 1350 640 1419 γὰρ
665 1349 851 1422 ἔτερόν
883 1352 1030 1406 ἐστιν
1062 1352 1242 1420 τοῦτο,
1274 1353 1389 1407 ἀλλ’
1422 1354 1455 1424 ἢ
1486 1355 1623 1424 ὅπερ
1649 1354 1741 1408 τὸν
1770 1354 1897 1408 Υἰόν
1925 1354 2019 1408 τοῦ

441 1438 729 1511 ἀνθρώπου
762 1444 1009 1515 ποιήσειν
1044 1447 1476 1517 μεμαθήκαμεν;
1513 1466 1532 1498 ‹
1574 1447 1708 1499 Τότε
1746 1445 1877 1517 γὰρ,
1919 1464 2022 1518 φη-

444 1530 549 1594 σὶν,
595 1532 808 1586 καθίσει
844 1534 936 1586 ἐπὶ
973 1534 1162 1607 θρόνου
1189 1535 1347 1606 δόξης
1389 1536 1577 1601 αὑτοῦ,
1616 1537 1714 1590 καὶ
1748 1537 2022 1608 συναχθή-

446 1638 626 1675 σονται
663 1622 976 1695 ἔμπροσθεν
1028 1627 1191 1680 αὑτοῦ
1233 1629 1410 1682 πάντα
1456 1627 1525 1681 τὰ
1567 1627 1719 1699 ἔθνη.
1777 1647 1797 1681 ι
1859 1629 2023 1700 Ὁρᾷς

440 1712 591 1777 ὅπως
616 1714 710 1769 τοῦ
740 1717 905 1770 Δαθὶδ
936 1718 1012 1783 ὡς
1058 1719 1197 1790 πρὸς
1240 1719 1372 1772 Θεὸν
1400 1719 1670 1788 λέγοντος,
1710 1740 1728 1771 ι
1771 1719 1914 1791 Πρὸς
1961 1724 2022 1775 σὲ

445 1808 594 1860 πᾶσα
621 1808 761 1877 σὰρξ
785 1808 927 1879 ἥξει,
969 1830 988 1862 ι
1024 1813 1102 1875 εἰς
1141 1813 1231 1865 τὸν
1270 1812 1398 1866 Υἰὸν
1430 1812 1523 1866 τοῦ
1550 1812 1838 1884 ἀνθρώπου
1863 1814 2021 1867 τοῦτο

2120 1181 2326 1223 canat:
2397 1187 2416 1223 ι
2474 1170 2552 1227 Te
2575 1172 2732 1229 decet
2767 1174 3023 1245 hymnus,
3089 1178 3250 1247 Deus,
3278 1180 3331 1235 in
3394 1178 3599 1244 Sione;
3649 1188 3705 1234 et

2122 1260 2217 1316 tibi
2246 1259 2506 1317 offeretur
2536 1265 2711 1320 oratio
2735 1265 2789 1320 in
2817 1264 3114 1322 Jerusalem
3141 1270 3211 1325 ’°.
3248 1288 3267 1323 ι
3326 1270 3466 1325 Audi
3499 1272 3705 1326 oratio-

2121 1369 2244 1409 nem
2276 1373 2290 1409 :
2331 1375 2350 1409 ‹
2388 1356 2469 1411 Ad
2518 1365 2571 1412 te
2629 1359 2807 1413 omnis
2860 1375 2990 1415 caro
3039 1362 3307 1418 veniet“.
3341 1383 3361 1416 ι
3397 1363 3535 1430 Quid
3559 1365 3704 1419 enim

2122 1445 2225 1501 hoc
2257 1445 2400 1501 aliud
2417 1457 2522 1511 est,
2558 1464 2719 1519 quam
2755 1448 2899 1519 quod
2930 1448 3133 1506 Filium
3167 1452 3404 1509 hominis
3438 1454 3703 1509 facturum

2121 1550 2244 1592 esse
2267 1537 2590 1594 didicimus?
2624 1558 2642 1592 ι
2698 1540 2851 1597 Tunc
2915 1542 3082 1610 enim,
3138 1543 3332 1612 inquit,
3386 1544 3596 1600 sedebit
3650 1543 3706 1598 in

2123 1628 2319 1682 throno
2349 1628 2533 1697 gloriae
2563 1645 2699 1697 suae,
2731 1639 2788 1685 et
2817 1633 3304 1705 congregabuntur
3354 1648 3538 1689 coram
3589 1634 3710 1702 ipso

2122 1733 2313 1773 onmes
2343 1729 2532 1791 gentes
2560 1722 2626 1777 ".
2666 1741 2684 1774 ι
2711 1722 2925 1787 Viden’,
2950 1725 3223 1794 quomodo
3248 1740 3370 1780 cum
3403 1725 3569 1780 David
3597 1725 3707 1780 Deo

2123 1808 2320 1863 dixerit
2355 1827 2368 1863 :
2422 1830 2439 1861 ι
2471 1811 2553 1865 Ad
2583 1821 2633 1867 te
2664 1814 2843 1869 omnis
2895 1828 3024 1869 caro
3083 1815 3281 1881 veniet,
3340 1833 3361 1866 ι
3423 1830 3537 1869 rem
3568 1814 3719 1869 hanc

446 1898 785 1971 πληροῦσθαι
811 1903 1003 1973 μέλλον
1032 1904 1435 1971 ὰποδέδεικται;
1465 1905 1597 1968 Θεὸς
1618 1901 1709 1959 οὖν
1740 1907 1889 1959 ἐστιν
1915 1907 2021 1977 ἄρα

2129 1899 2181 1952 in
2211 1898 2347 1954 Filio
2371 1901 2603 1954 hominis
2649 1903 2855 1957 exitum
2899 1903 3212 1959 habituram
3274 1904 3707 1958 demonstratum

442 1990 871 2063 ὲνανθρωπήσας
902 1996 928 2046 ὁ
956 1994 1021 2047 ἐκ
1060 1996 1280 2065 Μαρίας
1304 1994 1536 2065 τεχθεὶς,
1566 1996 1676 2049 τῶν
1704 1995 1863 2048 θείων
1892 1998 2025 2067 ἡμῖν

445 2080 677 2152 Γραφῶν
705 2082 862 2136 τοῦτο
897 2084 988 2137 διὰ
1018 2086 1228 2138 πολλῶν
1270 2087 1598 2152 ἀποδείξεων
1636 2087 1883 2160 ἐναργῶς
1926 2090 2025 2158 ἐμ-

444 2174 771 2242 φαινουσῶν.
810 2176 1073 2241 Θεοτόκος
1110 2177 1165 2231 δὲ
1208 2179 1424 2242 πάντως
1462 2180 1555 2233 καί
1598 2178 1736 2249 αὕτη
1773 2182 1806 2251 ἡ
1838 2179 2026 2233 καλλι-

446 2266 733 2338 πάρθενος,
769 2268 873 2322 κᾶν
910 2261 1056 2321 οὗτοι
1096 2268 1170 2340 μὴ
1220 2269 1545 2340 βούλωνται·
1579 2272 1628 2323 εἰ
1662 2272 1771 2341 γὰρ
1815 2271 2027 2342 ἄνθρω-

444 2374 545 2419 πος
572 2353 642 2429 ἦν
670 2360 699 2411 ό
726 2358 787 2424 ἐξ
829 2360 1001 2430 αὐτῆς
1044 2360 1325 2433 προελθὼν
1364 2360 1570 2429 Ἰησοῦς
1618 2361 1874 2433 Χριστὸς,
1911 2362 2028 2426 πῶς

442 2452 474 2504 ὁ
514 2451 726 2514 Παῦλος
768 2453 1034 2517 Γαλάταις
1084 2453 1414 2508 ἐπιστέλλων
1448 2454 1685 2525 ἔγραφε·
1728 2473 1745 2505 ι
1807 2454 2024 2518 Παῦλος

443 2543 760 2610 ἀπόστολος,
810 2545 909 2597 οὐκ
959 2546 1054 2598 ἀπ’
1087 2545 1415 2617 ἀνθρώπων,
1449 2546 1569 2598 οὐδὲ
1601 2547 1667 2599 δι’
1710 2545 2024 2617 ἀνθρώπου,

443 2632 582 2687 ἀλλὰ
610 2633 697 2687 διὰ
735 2634 909 2705 Ἰησοῦ
941 2636 1213 2706 Χριστοῦ;
1252 2655 1270 2687 ι
1304 2637 1473 2709 Δῆλον
1502 2637 1577 2699 ὡς
1608 2636 1709 2690 οὐκ
1740 2636 2029 2708 ἄνθρωπος

450 2726 631 2795 μόνον,
672 2726 808 2780 ἀλλὰ
847 2726 978 2791 Θεὸς
1021 2728 1460 2800 ἐνηνθρωπηκώς
1500 2728 1668 2783 ἐστιν.
1716 2729 1810 2800 Μὴ
1848 2729 2028 2783 τοίνυν

449 2815 987 2880 οκανδαλιζέσθωσαν
1055 2817 1150 2869 ἐπὶ
1210 2820 1333 2881 ταῖς
1392 2818 1670 2882 τοιαύταις
1727 2821 1934 2887 φωναῖς
1977 2821 2027 2872 οί

446 2908 782 2974 ἀπαίδευτοι,
827 2908 965 2962 ἀλλὰ
1001 2909 1440 2963 διδασκέσθωσαν
1487 2910 1583 2961 τοῦ
1633 2909 1777 2963 θείου
1820 2928 2027 2981 μυστη-

451 2999 565 3070 ρίου
591 2998 689 3069 τὴν
718 2999 1055 3070 οἰκονομίαν,
1087 3001 1181 3053 καὶ
1220 3000 1700 3071 προσκυνείτωσαν
1726 3000 1911 3054 λοιπὸν
1935 3001 2027 3053 τὸν

446 3090 682 3161 Χριστὸν
736 3090 877 3161 μετὰ
931 3090 1039 3143 τῶν
1085 3091 1336 3159 ἀγγέλων
1385 3094 1481 3145 καὶ
1537 3091 1712 3144 αὐτοί.
1779 3108 1798 3143 ι
1859 3092 2026 3145 Ὅταν

448 3183 577 3252 γὰρ,
607 3183 793 3253 φησὶν,
826 3182 1099 3255 εἰσαγάγῃ
1128 3183 1220 3235 τὸν
1240 3182 1592 3253 Πρωτότοκον
1626 3185 1708 3246 εἰς
1726 3183 1825 3256 τὴν
1853 3184 2025 3236 οἰκου⁶

2128 1990 2235 2043 sit?
2260 1990 2395 2045 Deus
2420 2001 2503 2045 est
2534 1992 2695 2061 igitur
2720 1992 3048 2049 humanatus
3076 2010 3236 2062 quem
3272 1992 3439 2048 Maria
3473 1994 3705 2063 peperit,

2127 2081 2324 2136 divinis
2354 2084 2508 2138 nobis
2552 2084 2853 2155 Scripturis
2905 2102 3020 2140 rem
3081 2088 3222 2143 hanc
3264 2096 3706 2156 argumentorum

2127 2173 2476 2230 multitudine
2496 2175 2777 2231 evidenter
2802 2179 3235 2234 ostendentibus.
3264 2178 3495 2247 Deipara
3526 2187 3707 2233 autem

2128 2266 2346 2320 omnino
2365 2275 2448 2321 est
2478 2267 2591 2335 ipsa
2622 2282 2837 2337 quoque
2867 2269 3083 2341 egregia
3124 2269 3310 2341 Virgo,
3348 2270 3701 2339 quantumvis

2129 2356 2218 2410 isti
2250 2357 2440 2410 nolint.
2472 2357 2605 2411 Nam
2624 2359 2669 2413 si
2711 2360 2873 2414 homo
2900 2360 3089 2416 fuisset
3118 2361 3213 2430 qui
3239 2376 3304 2415 ex
3359 2362 3473 2431 ipsa
3510 2361 3710 2429 prodiit

2127 2445 2281 2502 Jesus
2315 2447 2585 2515 Christus,
2616 2450 2886 2518 quomodo
2920 2449 3119 2506 Paulus
3146 2452 3198 2505 in
3232 2452 3473 2522 Epistola
3506 2452 3573 2505 ad
3600 2449 3708 2505 Ga-

2128 2538 2265 2595 latas
2298 2542 2651 2611 scripsisset:
2687 2561 2706 2594 (
2738 2542 2938 2599 Paulus
2974 2544 3269 2614 apostolus,
3293 2561 3403 2601 non
3438 2546 3504 2600 ab
3529 2545 3709 2600 homi-

2129 2634 2310 2699 nibus,
2336 2651 2509 2706 neque
2530 2652 2626 2706 per
2680 2638 2978 2704 hominem,
3035 2640 3129 2694 sed
3192 2654 3289 2708 per
3336 2637 3519 2693 Jesum
3551 2637 3710 2695 Chri-

2130 2736 2272 2782 stum
2293 2728 2375 2781 ‘3?
2410 2747 2430 2781 ι
2464 2728 2627 2784 Plane
2649 2739 2791 2797 patet
2823 2745 2927 2784 non
2957 2744 3080 2785 esse
3136 2730 3417 2785 hominem
3473 2740 3708 2785 tantum-

2130 2824 2308 2888 modo,
2331 2823 2423 2877 sed
2451 2825 2615 2878 Deum
2644 2824 3023 2879 humanatum.
3085 2823 3163 2879 Ne
3208 2838 3339 2893 ergo
3384 2820 3706 2876 bisvocibus

2128 2914 2558 2968 scandalizentur
2593 2915 2929 2981 indocti,sed
2959 2914 3124 2969 divini
3163 2913 3405 2985 mysterii
3427 2912 3712 2980 dispensa-

2132 3004 2332 3059 tionem
2363 3006 2596 3073 discant,
2628 3007 2962 3074 adorentque
3032 3007 3287 3073 deinceps
3324 3003 3599 3060 Christum
3654 3012 3711 3058 et

2130 3095 2230 3164 ipsi
2260 3111 2381 3150 cum
2425 3097 2647 3166 angelis.
2688 3094 2891 3168 144]
2927 3116 2945 3149 ι
2991 3094 3124 3151 Cum
3169 3095 3336 3161 enim,
3378 3093 3576 3165 inquit,
3632 3093 3710 3147 in-

2130 3187 2364 3242 troducit
2403 3184 2829 3257 Primogenitum
2862 3188 2913 3242 in
2950 3186 3232 3251 mundum,
3293 3185 3468 3240 dicit:
3503 3184 3572 3239 Et
3622 3183 3711 3238 ad-

451 3275 654 3344 μένην,
699 3274 881 3343 λέγει’
921 3276 1033 3328 Καὶ
1062 3275 1598 3346 προσκυνησάτωσαν
1631 3276 1780 3347 αὐτῷ
1826 3277 2024 3339 πάντες

2127 3289 2287 3335 orent
2312 3294 2435 3334 eum
2459 3280 2634 3351 angeli
2664 3280 2843 3346 Dei“;
2879 3298 2898 3332 ι
2925 3288 2979 3335 et
3008 3292 3054 3333 τι
3076 3277 3131 3333 ln
3168 3278 3388 3334 nomine
3403 3276 3528 3332 Jesu
3548 3292 3711 3333 omne

446 3366 668 3436 ἄγγελοι
683 3367 819 3421 Θεοῦ
836 3383 851 3399 ο
879 3386 899 3421 ι
924 3370 1036 3434 καὶ,
1057 3388 1074 3419 ι
1100 3369 1186 3422 Ἐν
1198 3368 1275 3439 τῷ
1286 3369 1577 3439 ὀνόματιδέ
1592 3369 1768 3440 Ἰησοῦ
1788 3370 2027 3439 Χριστοῦ

446 3461 555 3513 πᾶν
586 3463 717 3529 γόνυ
745 3460 954 3531 κάμψει
986 3460 1327 3531 ἐπουρανίων
1371 3461 1467 3514 καὶ
1511 3461 1768 3528 ἐπιγείων
1796 3461 1891 3515 καὶ
1931 3479 2030 3515 κα·-

446 3548 768 3620 ταχθονίων·
817 3553 910 3603 καὶ
958 3552 1111 3604 πᾶσα
1143 3551 1365 3620 γλῶσσα
1411 3552 1890 3625 ἐξομολογήσεται,
1945 3555 2027 3609 ὅτι

447 3640 653 3713 Κύριος
700 3642 907 3712 Ἰησοῦς
952 3644 1188 3713 Χριστὸς
1230 3645 1309 3707 εἰς
1343 3644 1501 3711 δόξαν
1547 3644 1683 3699 Θεοῦ
1728 3646 1962 3718 Πατρός.
2002 3666 2021 3700 ι

447 3732 955 3804 Μνημονεύετωσαν
989 3734 1227 3807 Χριστὸν
1271 3736 1476 3805 Ἰησοῦν
1503 3737 1707 3808 Κύριον
1737 3738 2029 3808 ὁμολογού-

452 3841 635 3893 μενον,
685 3827 781 3879 καὶ
827 3826 1387 3899 μὴταραττέσθωσαν
1430 3828 1559 3882 ὅταν
1605 3827 1893 3899 ἄνθρωπον
1939 3828 2029 3884 διὰ

448 3915 545 3987 τὴν
586 3918 895 3988 οίκονομίαν
939 3917 1227 3973 ἀκούωσιν.
1661 3974 1670 3985 ,

520 4009 605 4063 ιϐ’.
650 4009 808 4064 Οὕτω
841 4010 1133 4065 νοείτωσαν
1160 4012 1255 4065 καὶ
1296 4011 1365 4065 τὰ
1393 4013 1482 4066 διά
1508 4030 1629 4065 τινα
1672 4013 1864 4083 χρείαν
1890 4013 1923 4086 ἢ
1951 4014 2027 4068 οἰ-

448 4103 708 4175 κονομίαν
733 4104 861 4175 περί
882 4104 1046 4157 αὑτοῦ
1074 4104 1341 4176 εἰρημένα
1358 4122 1373 4136 ο
1398 4102 1510 4159 οἷόν
1534 4106 1682 4159 ἐστιν
1712 4106 1806 4159 καὶ
1830 4106 1891 4159 τὸ
1922 4106 2027 4159 ὑπὸ

448 4197 656 4265 Πέτρου
708 4198 804 4251 τοῦ
854 4198 1152 4251 ἀποστόλου
1204 4198 1529 4268 λεγόμενον·
1566 4216 1585 4250 ε
1632 4198 1841 4269 Ἰησοῦν
1891 4198 2020 4269 γὰρ,

447 4290 638 4360 φησιν,
662 4289 754 4343 τὸν
778 4289 1100 4361 Ναζωραῖον
1123 4289 1292 4359 ἄνδρα
1313 4289 1768 4360 ἀποδεδειγμένον
1796 4288 1904 4343 ἀπὸ
1928 4288 2045 4347 τοῦ.

447 4380 580 4435 Θεοῦ
613 4383 693 4446 εἰς
721 4382 887 4452 ὑμᾶς,
924 4401 944 4433 ›
981 4382 1115 4453 πρὸς
1154 4381 1445 4445 Ἰουδαίους
1469 4382 1851 4452 διαλεγόμενος
1874 4384 1902 4436 ό
1922 4382 2027 4435 Πέ-

446 4490 573 4544 τρος
592 4490 607 4505 ο
641 4474 748 4543 χρὴ
775 4473 883 4544 γὰρ
907 4473 999 4526 τὸν
1023 4476 1138 4536 τοῖς
1172 4472 1336 4537 θείοις
1367 4473 1564 4542 Λόγοις
1602 4474 2019 4544 ἐντυγχάνοντα,

447 4569 542 4621 καὶ
586 4566 655 4621 τὰ
682 4566 951 4638 πρόσωπα
981 4565 1233 4635 θεωρεῖν,
1278 4565 1375 4619 καὶ
1416 4565 1510 4619 τὸν
1552 4565 1767 4636 χρόνον,
1799 4567 1892 4619 καὶ
1933 4564 2021 4618 διὰ

2131 3383 2267 3438 genu
2298 3366 2545 3423 ﬂectatur
2595 3368 2924 3433 caelestium,
2978 3368 3319 3424 terrestrium
3355 3376 3410 3422 et
3464 3366 3709 3425 inferno-

2130 3475 2290 3515 rum:
2324 3460 2773 3530 etomnislingna
2804 3462 3124 3516 conliteatur
3182 3460 3467 3515 Dominum
3521 3458 3711 3515 Jesum

2128 3551 2407 3607 Christum
2440 3552 2494 3607 in
2516 3551 2683 3621 gloria
2714 3566 2834 3607 esse
2878 3551 2974 3609 Dei
3006 3551 3181 3606 Patris
3208 3552 3278 3607 ’⁵.
3313 3570 3332 3604 ι
3362 3549 3709 3605 Meminerint

2128 3643 2401 3698 Christum
2440 3641 2619 3699 Iesum
2651 3642 2921 3697 communi
2968 3657 3231 3698 consensu
3290 3641 3575 3696 Dominum
3625 3642 3709 3696 di-

2128 3744 2297 3801 ctum,
2336 3750 2513 3806 neque
2553 3736 2968 3799 conturbentur,
3008 3751 3131 3790 cum
3168 3748 3290 3788 eum
3323 3733 3595 3788 hominem
3624 3746 3707 3789 se-

2129 3827 2364 3881 cundum
2392 3826 2853 3887 dispensationem
2890 3835 3141 3881 vocatum
3173 3824 3420 3880 audiunt.

2201 4004 2289 4059 i9.
2319 4002 2411 4059 Sic
2463 4013 2518 4059 et
2572 4005 2690 4059 aliae
2722 4003 3020 4059 locutiones
3051 4001 3415 4075 intelligentiae
3438 4009 3565 4057 sunt
3604 4014 3705 4069 pro

2131 4097 2208 4152 rei
2244 4107 2384 4152 natae
2418 4113 2516 4153 usu
2547 4107 2601 4152 et
2640 4095 3047 4167 dispensatione
3101 4095 3281 4161 dictae,
3324 4094 3489 4151 veluti
3542 4094 3708 4149 etiam

2131 4189 2277 4245 Petri
2305 4190 2431 4245 illud
2460 4187 2691 4259 apostoli
2719 4186 2939 4242 eﬂ‘atum
2961 4195 3044 4243 est
3067 4203 3081 4240 :
3110 4203 3129 4238 ι
3152 4184 3337 4242 Iesum
3366 4184 3513 4240 enim
3533 4181 3708 4239 Naza-

2129 4297 2319 4337 renmn
2378 4281 2554 4335 virum
2598 4280 2954 4348 approbatum
2997 4295 3025 4333 a
3090 4278 3200 4333 Deo
3242 4277 3384 4333 inter
3417 4291 3534 4343 vos,
3576 4293 3596 4327 ι
3630 4275 3707 4330 ait

2128 4371 2342 4428 Judaeos
2373 4371 2651 4440 alloquens
2674 4368 2868 4425 Petrus
2906 4371 2973 4424 ".
3001 4367 3227 4439 Oportet
3246 4367 3393 4423 enim
3415 4367 3484 4422 ab
3507 4381 3591 4432 eo,
3612 4366 3707 4437 qui

2130 4464 2328 4521 divinis
2358 4464 2579 4520 Litteris
2609 4465 2801 4533 utitur,
2828 4474 2883 4519 et
2899 4478 3158 4534 personas
3187 4461 3443 4530 spectari,
3466 4468 3522 4517 et
3574 4470 3704 4515 tem-

2131 4573 2252 4627 pus,
2281 4566 2335 4612 et
2360 4572 2520 4628 quam
2550 4556 2621 4612 ob
2651 4571 2868 4612 causam
2902 4555 3131 4625 quodvis
3160 4555 3399 4619 dicatur,
3433 4552 3692 4622 reputari.

447 4661 609 4713 ποίαν
638 4633 823 4713 αἰτίαν
848 4658 1080 4711 ἕκαστον
1098 4633 1351 4729 εἴρηται,
1373 4633 1687 4726 λογίζεσθαι
1708 4674 1721 4687 ο
1746 4655 1889 4709 οὕτω
1915 4655 2024 4728 γὰρ

2132 4652 2224 4706 Sic
2247 4651 2391 4706 enim
2415 4649 2646 4720 singulis
2674 4648 2833 4703 dictis
2850 4648 3259 4703 convenientem
3288 4645 3719 4701 accommodare

448 4750 663 4819 ἑκάστῳ
697 4747 846 4821 ῥητῷ
874 4747 976 4817 τὴν
997 4747 1315 4817 πρέπουσαν
1349 4747 1661 4817 ἐφαρμόσαι
1685 4746 1919 4816 θεωρίαν
1943 4764 2029 4810 τις

447 4844 513 4913 τῇ
546 4840 638 4895 τοῦ
689 4840 1003 4911 Πνεῦματος
1034 4838 1326 4910 δυνήσεται
1377 4839 1581 4909 χάριτι.
1632 4838 1783 4890 Ἐπεὶ
1805 4833 1899 4891 οὖν
1932 4838 2028 4890 καὶ

443 4933 603 4989 τοῦτο
642 4934 705 4986 τὸ
756 4932 921 5004 ῥητὸν
972 4932 1169 4985 ἐκεῖνοι
1218 4929 1357 5001 πρὸς
1400 4929 1657 4982 σύστασιν
1706 4931 1806 4999 τῆς
1849 4928 2030 4983 αὐτῶν

446 5025 761 5089 δυσσεϐείας
778 5024 1197 5097 προϐάλλονται,
1225 5023 1458 5094 εἴδωμεν
1473 5022 1529 5075 τί
1556 5021 1753 5092 δήποτε
1772 5023 1800 5074 ὁ
1823 5022 2028 5093 Πέτρος

446 5118 802 5188 οἰκονομῆσαι
838 5116 1180 5187 βουλόμενος,
1205 5114 1347 5168 οὕτω
1374 5113 1671 5185 λελάληκεν
1691 5130 1703 5142 ·
1741 5113 1942 5184 μᾶλλον
1965 5114 2023 5166 δέ

445 5212 608 5265 αὑτὸν
649 5208 1095 5280 ἐπερωτήσωμεν
1125 5208 1225 5278 τὴν
1255 5206 1434 5260 αἰτίαν
1468 5205 1721 5275 ἀγγεῖλαι
1753 5207 1906 5277 ἡμῖν,
1952 5206 2021 5259 δι’

445 5304 511 5373 ἢν
549 5301 693 5354 οὕτω
736 5300 914 5369 λέγειν
949 5300 1197 5371 προήχθη
1218 5318 1231 5332 ·
1261 5300 1313 5353 τί
1346 5297 1475 5369 φής,
1503 5293 1549 5351 ὦ
1582 5297 1857 5367 μακάριε;
1895 5298 2023 5351 Ἀν-

448 5391 668 5459 θρωπον
700 5391 990 5461 κηρύττεις
1016 5392 1107 5444 τὸν
1134 5389 1389 5461 Χριστὸν,
1417 5388 1513 5442 καὶ
1538 5387 1714 5458 τούτῳ
1741 5387 2022 5442 πιστεύειν

446 5483 595 5553 ἡμᾶς
640 5481 985 5546 ἀναπείθεις,
1034 5482 1123 5536 ἵνα
1156 5480 1416 5552 κτίσματι
1444 5479 1730 5551 λατρεύειν
1768 5477 2019 5550 διδάξῃςς

450 5574 561 5628 Καὶ
593 5573 700 5643 μὴν
727 5573 913 5642 ἐτερος
941 5571 1237 5637 ἀπόστολος
1276 5571 1552 5644 μέμφεται
1581 5571 1709 5634 τοὺς
1741 5572 1807 5642 τῇ
1846 5571 2021 5625 κτίσει

522 5783 568 5817 ‘°
594 5780 739 5837 Psal.
765 5794 907 5845 utv,
930 5779 985 5835 ‘2.
1061 5781 1102 5813 °‘
1136 5778 1262 5835 ibid.
1296 5780 1350 5833 3.
1394 5781 1438 5813 "
1471 5779 1659 5835 Matth.
1691 5791 1817 5850 ιξγ,
1849 5777 1938 5850 5i,
1965 5779 2053 5835 52.

455 5853 664 5929 “.50”
700 5869 759 5922 ι’»
792 5852 883 5906 2‘3-
962 5852 1004 5885 "
1030 5850 1186 5908 Rom.
1228 5867 1265 5922 I,
1294 5851 1363 5905 25
1392 5868 1407 5922 ;
1446 5852 1567 5908 Act.
1591 5864 1705 5922 xxv,
1728 5848 1815 5903 Η.

2130 4756 2350 4797 sensum
2383 4741 2647 4810 quispiam
2683 4754 2804 4793 cum
2835 4737 3071 4806 Spiritus
3110 4737 3284 4806 gratia
3318 4735 3539 4805 poterit.
3563 4734 3701 4801 Quia

2132 4835 2297 4905 igitur
2327 4834 2466 4888 hanc
2494 4845 2711 4903 quoque
2740 4829 3068 4885 locutionem
3100 4828 3177 4882 illi
3208 4828 3275 4882 ad
3307 4825 3703 4895 suzeirreligio-

2130 4927 2306 4981 sitatis
2328 4925 2794 4982 conﬁrmationem
2823 4922 3110 4989 objiciunt,
3135 4920 3416 4975 videamus
3443 4917 3702 4987 quidnam

2131 5018 2326 5075 Petrus
2350 5014 2956 5087 juxta-dispensationis
2996 5012 3211 5083 regulas
3245 5011 3552 5083 signiﬁcare
3606 5023 3701 5063 vo-

2130 5110 2267 5174 lens,
2300 5110 2372 5164 ita
2403 5109 2618 5165 locutus
2644 5108 2737 5163 sit:
2782 5106 2895 5161 lmo
2933 5119 3061 5160 vero
3093 5104 3161 5158 ah
3184 5117 3250 5157 eo
3293 5114 3600 5169 quaeramus
3641 5103 3703 5152 ut

2129 5216 2231 5256 nos
2254 5202 2462 5267 doceat,
2483 5214 2728 5270 quaenam
2760 5211 2882 5252 eum
2903 5210 3064 5251 causa
3107 5194 3174 5249 ad
3200 5194 3253 5249 id
3306 5191 3505 5246 dictum
3531 5191 3702 5260 impu-

2126 5291 2270 5346 lerit.
2297 5291 2436 5358 Quid
2464 5291 2568 5359 ais,
2600 5305 2633 5344 ο
2662 5288 2855 5345 beate?
2894 5285 3179 5341 Hominem
3240 5283 3499 5353 praedicas
3541 5280 3701 5335 Chri-

2126 5395 2292 5451 stum,
2325 5393 2487 5456 atque
2513 5393 2572 5437 ut
2599 5383 2724 5437 huic
2751 5383 3036 5437 credamus
3060 5378 3278 5443 suades,
3307 5385 3367 5431 ut
3392 5384 3697 5429 creaturam

2126 5478 2354 5533 adorare
2381 5490 2479 5532 nos
2508 5474 2737 5531 doceas?
2762 5473 2923 5545 Atqui
2952 5472 3091 5527 alius
3130 5467 3422 5540 Apostolus
3448 5465 3698 5533 increpat

2125 5585 2241 5637 eos,
2267 5569 2359 5639 qui
2381 5576 2644 5625 creatura:
2675 5563 2879 5622 cultum
2899 5562 3085 5619 volunt
3104 5561 3361 5619 exhibere
3378 5558 3445 5615 ’⁷.
3471 5554 3738 5667 Praeter;

2131 5779 2173 5812 ’³
2212 5773 2384 5835 Galat.
2413 5791 2453 5844 I,
2484 5776 2530 5832 l.
2607 5774 2651 5807 "
2675 5772 2835 5831 Hebr.
2868 5788 2906 5841 ι,
2932 5771 2985 5828 6.
3060 5769 3107 5802 ⁸³
3131 5766 3362 5841 Philipp.
3386 5780 3447 5833 tt,
3481 5762 3565 5830 l0,
3612 5759 3699 5820 11.
