4104 6336
389 291 493 347 279

1385 290 1443 345 S.
1486 289 1759 349 CYRILLI
1798 292 2269 355 ALEXANDRINI
2309 300 2631 358 ARCHIEP.

3505 281 3510 286 ’
3543 282 3651 362 280

390 427 453 466 ea
509 409 779 483 quomodo
809 411 926 484 ipse
950 424 977 465 a
997 410 1216 467 Christo
1252 411 1640 483 interrogatus,
1664 427 1954 481 quemnam

2066 417 2351 491 λατρεύειν
2381 422 2661 488 ἐθέλοντας
2686 463 2699 477 .
2724 420 2858 480 Εἶτα
2885 423 2998 490 πῶς
3023 425 3499 499 αὐτδςὲρωτηθεὶς
3521 429 3651 501 παρ’

388 502 733 558 existimares
760 517 881 558 esse
908 498 1102 558 Filium
1129 504 1385 568 hominis.
1420 506 1747 575 respondisti
1781 524 1799 567 ξ
1838 525 1857 558 ι
1883 508 1961 562 Tu

388 612 446 648 es
477 590 748 650 FiliusDei
776 592 1033 651 viventis?
1058 614 1077 649 ι
1122 595 1386 665 siquidem
1409 611 1472 653 ea
1509 607 1639 655 tunc
1670 596 1963 670 interroga-

386 687 464 739 tio
492 684 558 741 iis
590 684 682 752 qui
716 700 823 741 non
847 685 981 742 satis
1009 686 1431 756 dispensationis
1453 691 1772 762 mysterium
1804 707 1965 747 nove-

384 781 531 840 rant,
577 772 809 829 fortasse
878 772 1114 848 aliquam
1182 775 1494 846 hujusmodi
1573 779 1959 850 cogitationem

384 864 609 934 injicere
635 873 870 935 poterat,
900 881 1095 938 nempe
1128 875 1189 923 ut
1226 881 1349 925 eum
1383 867 1661 928 hominem
1693 886 1815 929 esse
1862 889 1964 929 ex-

384 961 690 1017 istimarent
719 979 733 1016 :
765 980 784 1013 ‹
821 958 1122 1029 Quemnam
1152 963 1318 1030 enim,
1354 966 1451 1029 ait,
1483 966 1728 1024 homines
1776 968 1964 1026 dicunt

382 1068 501 1109 esse
522 1054 715 1110 Filium
745 1053 983 1113 hominis
1004 1057 1093 1111 ’3?
1119 1076 1137 1109 ι
1175 1056 1327 1113 Tunc
1356 1055 1523 1129 igitur
1576 1075 1701 1115 cum
1747 1061 1961 1121 audires

382 1145 556 1213 ipsum
586 1160 706 1202 esse
739 1142 934 1202 Filium
958 1148 1219 1213 hominis,
1246 1148 1343 1205 Dei
1367 1148 1565 1206 Filium
1594 1165 1716 1206 esse
1741 1164 1961 1220 respon-

380 1235 543 1303 disti;
588 1252 731 1292 nunc
766 1252 921 1305 vero,
955 1250 1079 1309 post
1132 1248 1211 1295 tot
1244 1238 1474 1297 aliorum
1521 1241 1955 1311 visam,miracu-

380 1328 550 1381 lorum
584 1330 901 1398 potentiam,
933 1338 1219 1401 postquam
1276 1331 1449 1387 beata:
1488 1329 1729 1400 ejusdem
1778 1348 1956 1388 resur-

379 1420 637 1475 rectionis
654 1430 709 1476 et
736 1421 790 1476 in
821 1422 1019 1477 coelum
1052 1424 1256 1479 reditus
1286 1424 1442 1480 testis
1475 1424 1651 1492 fuisti,
1677 1426 1953 1483 hominem

378 1511 555 1583 ipsum
596 1508 773 1567 dicis?

447 1601 539 1660 20.
576 1594 689 1660 Nec
722 1605 1009 1676 quisquam
1041 1607 1339 1676 existimet,
1363 1612 1670 1666 tuncetiam
1699 1618 1951 1682 tanquam

379 1694 444 1751 de
470 1697 687 1751 homine
702 1699 943 1771 potuisse
973 1699 1039 1755 de
1063 1698 1156 1758 illo
1183 1700 1389 1768 dicere,
1440 1722 1459 1757 (
1494 1703 1574 1759 Tu
1601 1718 1661 1759 es
1701 1704 1951 1760 Christus

2069 510 2260 577 αὐτοῦ,
2296 514 2419 568 τίνα
2462 515 2713 585 ἐνόμιζες
2746 512 2886 571 εἶναι
2921 518 3012 571 τὸν
3046 519 3175 572 Υίδν
3207 516 3302 572 τοῦ
3336 518 3646 591 ἀνθρώπου,

2065 603 2393 677 ἀπεκρίθης,
2425 626 2443 658 ι
2479 608 2551 661 Σὺ
2583 605 2635 662 εἴ
2657 608 3075 674 ἁΥίὺςτοῦΘεοῦ
3094 610 3188 664 τοῦ
3209 610 3443 677 ζῶντοςς
3478 632 3497 664 ι
3523 612 3646 666 καί-

2063 711 2143 747 τοι
2174 696 2298 749 τότε
2331 701 2364 769 ἡ
2397 698 2589 763 πεῦσις
2613 702 2727 763 τοῖς
2757 701 2832 771 μὴ
2883 702 3087 773 σφόδρα
3121 702 3286 755 εἰδόσι
3315 703 3415 773 τῆς
3443 702 3648 756 οἰκονο-

2066 786 2198 856 μίας
2222 789 2284 842 τὸ
2326 792 2647 861 μυστήριον,
2704 792 2843 861 τάχα
2871 792 2966 845 καί
2993 806 3114 845 τινα
3145 790 3405 861 τοιαύτην
3436 791 3645 845 ἔννοιαν

2063 878 2310 946 ἐμποιεῖν
2344 881 2599 949 ἠδύνατο,
2634 881 2778 949 λέγω
2806 880 2871 953 δὴ
2896 881 2956 935 τὸ
2979 880 3268 952 ἄνθρωπον
3298 881 3462 934 αὑτὸν
3492 881 3644 951 νομί-

2065 985 2187 1025 σαν
2219 990 2237 1023 ι
2270 971 2405 1026 Τίνα
2430 974 2559 1042 γὰρ.
2590 973 2796 1041 ἔλεγεν,
2825 975 2873 1025 οί
2907 973 3187 1043 ἄνθρωποι
3219 972 3473 1041 λέγουσιν
3501 968 3643 1027 εἶναι

2060 1064 2152 1119 τὸν
2188 1065 2316 1118 Υίὸν
2345 1064 2440 1118 τοῦ
2487 1064 2813 1134 ἁνθρὼπου;
2849 1084 2867 1117 ι
2911 1065 3021 1119 Καὶ
3066 1065 3186 1118 τότε
3239 1066 3339 1134 μὲν
3382 1064 3512 1118 Υἱδν
3540 1065 3640 1118 ἀν-

2062 1153 2279 1224 θρώπου
2305 1156 2521 1209 ἀκούων
2546 1155 2731 1218 αὑτὸν,
2764 1156 2856 1208 τὸν
2880 1156 3007 1209 Υίὸν
3027 1155 3121 1208 τοῦ
3151 1156 3288 1209 Θεοῦ
3315 1156 3482 1209 αὐτὸν
3501 1153 3641 1208 εἶναι

2059 1243 2275 1313 ἔλεγες·
2313 1245 2405 1301 νῦν
2429 1246 2487 1300 δὲ
2516 1247 2653 1317 μετὰ
2682 1248 2743 1299 τὸ
2774 1246 2950 1302 ἄλλων
2992 1246 3201 1300 πολλῶν
3241 1246 3485 1317 σημείων
3512 1246 3640 1302 θιεά⁹

2062 1337 2257 1395 σασθαι
2284 1338 2512 1410 δύναμιν
2536 1380 2551 1403 ,
2609 1340 2747 1410 μετὰ
2794 1338 2855 1392 τὸ
2895 1341 2990 1393 καὶ
3021 1340 3119 1410 τῆς
3168 1339 3441 1409 μακαρίας
3468 1339 3633 1392 αὑτοῦ

2057 1430 2407 1493 ἀναστάσεως
2429 1470 2444 1494 ,
2481 1431 2571 1484 καὶ
2602 1431 2701 1500 τῆς
2746 1430 2826 1492 εἰς
2863 1430 3090 1499 οὐρανὸν
3129 1430 3315 1483 ἀνόδου
3362 1431 3420 1482 ὲν
3468 1429 3635 1500 πείρᾳ

2058 1521 2330 1588 γενέσθαι,
2362 1522 2649 1593 ἄνθρωπον
2674 1522 2837 1577 αὑτὸν
2863 1518 3003 1575 εἶναι
3030 1521 3210 1589 λέγεις

2128 1619 2198 1669 κ’,
2238 1610 2348 1664 Καὶ
2382 1613 2455 1682 μή
2485 1629 2570 1675 τις
2597 1612 2795 1666 οἰέσθω
2825 1611 3087 1669 δύνασθαι
3118 1614 3214 1665 καὶ
3235 1612 3357 1665 τότε
3385 1611 3463 1674 ὡς
3504 1611 3635 1681 περὶ

2054 1701 2343 1775 ἀνθρώπου
2376 1702 2555 1771 λέγειν
2584 1703 2747 1757 αὐτὸν
2772 1702 2855 1767 τὸ,
2898 1721 2917 1754 ι
2948 1703 3022 1760 Σὺ
3054 1698 3105 1755 εἷ
3128 1705 3155 1756 ὁ
3184 1700 3419 1774 Χριστὸς
3444 1702 3474 1755 ὁ
3505 1700 3635 1764 Υίδς

378 1786 471 1858 qui
502 1801 561 1843 es
600 1784 770 1845 Filius
802 1791 897 1847 Dei
941 1792 1198 1861 viventis,
1239 1813 1259 1846 ι
1306 1795 1743 1866 quandoquidem
1779 1798 1950 1853 sancti

2056 1792 2149 1848 τοῦ
2180 1793 2315 1847 Θεοῦ
2346 1793 2440 1849 τοῦ
2470 1792 2672 1857 ζῶντος
2698 1835 2712 1860 ,
2747 1812 2765 1846 ι
2800 1793 2875 1857 ὡς
2905 1793 3000 1847 καὶ
3032 1794 3140 1847 τῶν
3165 1794 3335 1863 ἁγίων
3364 1809 3635 1864 χρηματι-

377 1898 593 1953 quoque
616 1883 863 1939 homines
888 1883 983 1939 ﬁlii
1014 1885 1104 1942 Dei
1131 1896 1278 1942 sunt.
1302 1885 1420 1941 Non
1442 1888 1588 1942 enim
1637 1888 1958 1956 simpliciter

378 1975 533 2039 dixit,
564 1971 640 2029 Tu
662 1989 721 2031 es
744 1975 914 2031 Filius
944 1975 1068 2041 Dei;
1099 1978 1215 2045 sed,
1251 1996 1271 2030 ι
1313 1976 1392 2032 Tu
1423 1995 1505 2044 es,
1528 1980 1619 2048 qui
1647 1979 1817 2035 Filius
1861 1979 1953 2037 Dei

380 2082 467 2131 es.
496 2086 515 2118 ι
560 2064 802 2138 Namque
839 2067 1053 2124 articuli
1083 2068 1305 2140 (Graeci)
1347 2070 1578 2141 adjectio
1629 2086 1794 2125 unum
1858 2071 1954 2127 de-

379 2167 649 2216 monstrat
672 2160 1009 2231 unicumque
1030 2173 1217 2217 verum
1255 2160 1452 2217 Filium
1489 2161 1831 2219 confessione
1862 2162 1956 2220 Pe-

376 2254 443 2307 tri
477 2252 738 2309 denotari.
797 2252 936 2310 Huic
970 2254 1186 2309 demum
1247 2254 1534 2324 objectioni
1593 2255 1707 2324 ipse
1765 2255 1954 2311 beatus

375 2345 567 2401 Petrus
602 2345 684 2401 his
704 2344 815 2400 fere
843 2346 1023 2401 verbis
1055 2347 1187 2401 mihi
1231 2347 1444 2403 videtur
1477 2362 1767 2403 occurrere
1810 2364 1826 2403 :
1874 2346 1954 2401 Ne

375 2453 465 2494 me
500 2438 574 2493 ita
610 2439 845 2494 locutum
872 2438 1097 2507 putetis,
1147 2439 1306 2511 quasi
1343 2454 1484 2495 unus
1541 2439 1607 2493 de
1673 2439 1825 2494 vobis
1880 2437 1955 2493 sit

376 2519 541 2589 homo
566 2531 834 2588 Christus.
865 2531 1019 2586 Haud
1066 2532 1118 2587 id
1170 2531 1422 2603 equidem
1489 2531 1634 2594 dico,
1690 2531 1784 2587 sed
1836 2544 1949 2586 rem

377 2624 569 2679 miram
621 2634 675 2679 et
718 2623 1048 2693 insperatam
1108 2625 1372 2694 prudente
1447 2638 1699 2678 sermone
1747 2622 1948 2679 revelo.

375 2714 634 2781 Quaenam
666 2730 794 2770 vero
813 2716 926 2772 haec
957 2717 1077 2773 est?
1099 2715 1336 2786 Spiritus
1398 2715 1788 2772 descendentis
1842 2717 1952 2771 fra-

375 2822 504 2876 gore
523 2807 731 2872 audito,
756 2805 1069 2863 Iudaeorum
1115 2807 1346 2879 populus
1381 2809 1448 2863 ad
1485 2824 1583 2865 nos
1612 2810 1850 2865 accurrit
1879 2811 1946 2864 ”.

375 2898 517 2969 Ergo
576 2900 827 2957 idoneum
883 2900 1132 2969 piscandi
1184 2900 1432 2957 homines
1486 2911 1698 2971 tempus
1735 2911 1947 2967 nactus.

377 3007 553 3062 neque
587 3000 762 3047 tamen
786 2992 976 3049 valens
1028 2991 1315 3049 manifesto
1356 2993 1669 3062 directoque
1700 3006 1952 3049 sermone

373 3082 647 3139 Christum
676 3084 840 3138 Deum
870 3085 1190 3156 praedicare,
1245 3085 1368 3154 quia
1428 3084 1503 3139 illi
1532 3084 1743 3140 scilicet
1789 3083 1950 3152 paulo
1973 3121 2019 3180 Ο

372 3185 501 3238 ante
529 3176 671 3230 hunc
692 3176 1098 3242 cruciﬁxerant,
1157 3175 1558 3244 molestumque
1617 3176 1725 3231 illis
1760 3175 1949 3246 hujus-

376 3267 517 3323 modi
563 3269 834 3336 negotium
892 3267 1203 3332 accidisset,
1262 3267 1399 3335 celo,
1443 3268 1639 3337 inquit,
1682 3268 1950 3322 sermonis

377 3359 615 3426 hamum,
652 3358 810 3414 sicuti
847 3357 906 3411 tit
934 3357 1145 3425 objecta
1169 3357 1406 3427 piscibus
1441 3372 1590 3426 esea,
1623 3358 1726 3414 sub
1756 3360 1947 3413 horum

374 3451 664 3506 verborum
703 3447 1027 3512 humilitate,
1047 3459 1103 3505 et
1128 3446 1310 3503 Jesum
1337 3446 1684 3503 Nasarenum
1725 3449 1953 3503 nomino

376 3552 537 3612 atque
579 3540 923 3607 cruciﬁxum,
958 3541 1184 3611 etquod
1222 3541 1362 3596 Deus
1409 3540 1584 3609 ipsum
1633 3555 1664 3594 e
1722 3541 1953 3597 mortuis

374 3631 737 3698 suscitaverit;
760 3640 923 3702 atque
950 3631 1022 3686 ita
1054 3647 1161 3686 non
1191 3632 1308 3687 sine
1341 3631 1609 3687 velamine
1640 3630 1828 3701 ingero
1852 3646 1952 3688 nec

375 3726 492 3783 sine
516 3735 632 3781 arte
660 3727 895 3798 quadam
930 3724 1288 3795 theologicam
1326 3723 1472 3779 illius
1534 3723 1809 3780 notitiam.
1858 3725 1954 3781 Et-

375 3819 520 3878 enim
546 3817 764 3873 Davidis
801 3817 966 3872 verba
1002 3817 1055 3872 in
1090 3826 1327 3871 mentem
1360 3816 1493 3886 ipsis
1542 3830 1760 3881 revoco,
1812 3831 1953 3886 quo-

376 3910 522 3967 niam
544 3909 646 3965 viri
676 3908 820 3964 illius
849 3909 1028 3978 potius
1077 3907 1301 3964 oracula
1342 3907 1462 3963 sine
1518 3906 1829 3975 suspicione
1862 3909 1953 3962 ad-

376 4001 695 4067 mittebant;
755 4014 962 4071 perque
1022 4013 1086 4054 ea
1148 4014 1276 4055 mox
1359 3998 1543 4056 omnia
1609 3997 1703 4052 Dei
1762 3999 1950 4054 virtuti

376 4092 638 4158 attribuo,
667 4099 729 4149 ut
756 4092 837 4148 sie
874 4086 1135 4161 paulatim
1168 4090 1383 4147 Iudaeos
1430 4089 1627 4146 faciam
1655 4089 1951 4146 salutarem

376 4185 673 4243 doctrinam
711 4184 994 4253 recipere:
1022 4200 1130 4255 quo
1154 4183 1320 4250 facto,
1350 4182 1526 4253 iisque
1574 4183 1641 4237 ad
1688 4198 1952 4253 compun-

376 4277 612 4338 etionem
648 4276 945 4344 conversis,
967 4275 1304 4332 manifestius
1328 4275 1521 4331 deinde
1566 4274 1734 4329 Deum
1770 4275 1950 4345 ipsum

375 4371 693 4427 demonstro
745 4383 846 4439 per
896 4366 1056 4436 huius
1101 4367 1359 4437 baptismi
1432 4365 1487 4422 in
1564 4365 1683 4437 ejus
1732 4368 1952 4424 nomine

2058 1884 2258 1950 ζόντων
2287 1882 2420 1937 υἱῶν
2440 1885 2595 1937 Θεοῦ
2622 1884 2684 1938 οὐ
2705 1885 2815 1955 γὰρ
2841 1884 3028 1947 ἁπλῶς
3053 1880 3229 1947 εἶπεν,
3255 1884 3327 1936 Σὺ
3351 1885 3477 1946 Υἱὸς
3496 1881 3635 1938 Θεοῦ

2057 1973 2126 2040 εἷ,
2152 1977 2311 2042 ἀλλὰ,
2330 1997 2346 2027 ‹
2367 1978 2437 2031 Σὺ
2452 1972 2502 2029 εἴ
2528 1980 2554 2030 ὁ
2578 1978 2708 2040 Υἱὸς
2740 1975 2833 2031 τοῦ
2865 1976 3020 2030 Θεοῦ·
3056 1995 3073 2027 ι
3100 1979 3132 2047 ἡ
3167 1977 3279 2047 γὰρ
3304 1975 3399 2029 τοῦ
3429 1975 3632 2047 ἄρθρου

2055 2070 2339 2142 προσθήκη
2378 2070 2457 2141 (1)
2490 2070 2728 2124 δείκνυσι
2759 2070 2851 2123 τὸν
2876 2068 2974 2125 ἕνα
3023 2070 3117 2123 καὶ
3158 2069 3319 2139 μόνον
3378 2067 3635 2137 ἀληθινὸν

2055 2162 2185 2216 Υίὸν
2216 2163 2550 2234 ὁμολογῆσαι
2577 2162 2668 2217 τὸν
2695 2163 2922 2233 Πέτρον.
2957 2162 3102 2234 Πρὸς
3142 2161 3315 2214 ταῦτα
3362 2160 3419 2212 δὲ
3457 2160 3633 2213 τοιού-

2053 2271 2168 2319 τοις
2212 2255 2496 2325 μονονουχὶ
2530 2254 2693 2317 αὐτὺς
2718 2256 2747 2307 ὁ
2781 2254 3049 2325 μακάριος
3082 2253 3289 2324 Πέτρος
3319 2252 3633 2322 ἀπήντησεν

2051 2346 2119 2403 ἂν
2158 2350 2430 2417 ρἡασιντ
2462 2346 2554 2418 Μὴ
2598 2346 2763 2401 τοῦτο
2806 2346 3069 2417 νομίσητέ
3105 2362 3171 2417 με
3205 2346 3517 2415 εἰρηκέναι,
3548 2344 3633 2397 ὅτι

2053 2455 2160 2506 περ
2206 2438 2492 2510 ἄνθρωπος
2537 2438 2657 2493 καθ’
2687 2440 2835 2511 ἡμᾶς
2866 2434 2947 2502 εἷς
2985 2439 3131 2491 ἐστιν
3186 2439 3217 2490 ὁ
3258 2438 3493 2509 Χριστός
3516 2453 3531 2468 ⁸
3568 2436 3632 2491 οὗ

2052 2529 2209 2582 τοῦτό
2243 2530 2392 2582 ἐστιν
2419 2531 2447 2583 ὃ
2479 2542 2622 2601 φημι
2641 2545 2658 2563 ο
2693 2532 2925 2601 πρᾶγμα
2951 2530 3009 2584 δέ
3034 2547 3088 2583 τι
3116 2529 3387 2600 οίκονομῶ
3418 2529 3632 2600 θαυμα-

2054 2622 2200 2686 στὸν,
2227 2622 2322 2675 καὶ
2350 2620 2687 2693 παράδοξον⁹
2717 2623 2814 2675 καὶ
2843 2625 2998 2675 ποῖον
3024 2621 3184 2676 τοῦτό
3210 2624 3361 2687 ὲστις
3390 2623 3469 2693 Τῇ
3497 2619 3633 2675 καθα

2050 2715 2157 2785 όδῳ
2183 2714 2278 2769 τοῦ
2312 2715 2453 2769 Πνεύ
2464 2732 2632 2787 ματος
2662 2715 3022 2787 περιηχηθεὶς
3044 2715 3155 2769 τῶν
3196 2714 3465 2769 Ἰουδαίων
3483 2716 3512 2767 ὁ
3541 2714 3636 2785 δῆ-

2054 2821 2184 2873 μος,
2245 2805 2583 2876 συνέδραμεν
2648 2806 2786 2876 πρὸς
2834 2808 3009 2876 ἡμᾶς·
3070 2804 3247 2877 εὑρὼν
3295 2803 3390 2859 οὖν
3441 2804 3637 2876 καιρὸν

2051 2896 2240 2960 ἁλείας
2285 2898 2588 2968 ἀνθρώπων
2624 2893 2764 2950 εἶναι
2808 2898 2963 2963 τότε,
3012 2894 3129 2951 εἶτα
3159 2898 3414 2967 φανερῶς
3447 2898 3635 2963 αὐτοῖς

2052 2990 2147 3043 καὶ
2172 2990 2265 3043 ἀπ’
2293 2988 2508 3052 εὐθείας
2535 2990 2595 3041 οὐ
2627 2989 2926 3059 δυνάμενος
2955 2989 3047 3042 τὸν
3072 2989 3309 3060 Χριστὸν
3338 2988 3472 3041 Θεὸν
3498 2988 3631 3041 ἀνα·

2052 3080 2372 3151 κηρύττειν,
2407 3081 2639 3151 ἐπείπερ
2682 3080 2843 3134 αὑτὸν
2872 3080 2979 3151 πρὸ
3011 3080 3192 3149 ὀλίγου
3218 3078 3634 3151 σταυρώσαντες

2050 3168 2213 3242 ἦσαν,
2233 3173 2326 3225 καὶ
2353 3172 2491 3244 βαρὺ
2513 3174 2697 3237 αὐτοῖς
2717 3173 2805 3226 διὰ
2831 3172 2989 3226 τοῦτο
3008 3173 3070 3226 τδ
3096 3175 3329 3245 πρᾶγμα
3356 3172 3631 3243 ἐφαίνετο,

2053 3263 2282 3334 κρύπτω
2312 3264 2379 3317 τὸ
2406 3264 2702 3336 ἄγκιστρον
2730 3264 2825 3318 τοῦ
2858 3264 3053 3333 λόγου,
3096 3266 3353 3337 καθάπερ
3402 3266 3493 3318 ἐπὶ
3523 3262 3635 3321 τῶν

2054 3356 2253 3426 ἰχθύων
2298 3359 2364 3427 τῇ
2410 3358 2622 3427 τροφῇ,
2654 3359 2769 3420 τοῖς
2803 3356 3227 3428 ταπεινωτέροις
3266 3357 3481 3421 τούτοις
3530 3357 3631 3428 ρήο

2056 3464 2225 3518 μασι,
2277 3448 2373 3502 καὶ
2424 3448 2515 3500 τὸν
2566 3446 2771 3518 Ἰησοῦν
2818 3447 3142 3519 Ναζωραῖον
3200 3448 3483 3519 ὀνομάζω,
3537 3448 3633 3504 καὶ

2053 3539 2493 3611 ἐσταυρωμένον,
2529 3540 2625 3593 καὶ
2656 3541 2738 3593 ὅτι
2766 3542 2794 3593 ὁ
2822 3540 2954 3603 Θεὸς
2986 3541 3209 3611 ἢγειρεν
3248 3538 3411 3593 αὑτὸν
3441 3541 3507 3593 ὲκ
3548 3557 3634 3592 νεα

2053 3632 2222 3702 κρῶν,
2281 3631 2376 3685 κοιλ⁸
2426 3630 2569 3685 οὕτω
2630 3632 3059 3703 κεκαλυμμένως
3107 3632 3346 3703 εἰσφέρω
3395 3633 3491 3685 καὶ
3535 3631 3635 3702 τὴν

2054 3723 2332 3792 θεολογίαν
2383 3722 2587 3787 αὐτοῦ,
2628 3724 2723 3777 καὶ
2767 3723 2973 3793 ταύτην
3023 3725 3162 3794 μετὰ
3208 3740 3352 3787 τινος
3403 3724 3633 3794 τέχνηςο

2052 3815 2181 3879 τοὺς
2218 3816 2323 3888 γὰρ
2352 3815 2516 3883 Δαϐὶδ
2567 3816 2764 3878 αὐτοὺς
2812 3816 3219 3886 ὐπομιμνήσκω
3245 3815 3458 3884 λόγους,
3490 3813 3637 3867 ἐπεί.

2055 3926 2160 3979 περ
2198 3911 2267 3963 τὰ
2304 3906 2519 3961 ἐκείνου
2555 3907 2754 3978 μᾶλλον
2783 3907 3110 3971 ἀνυπόπτως
3141 3906 3404 3978 ἐδέχοντο,
3431 3906 3528 3960 καὶ
3564 3906 3632 3961 δι’

2053 4001 2280 4056 ἐκείνων
2326 4000 2492 4054 πάλιν
2538 4003 2603 4071 τῇ
2650 3999 2746 4053 τοῦ
2793 3998 2929 4054 Θεοῦ
2974 3999 3202 4071 δυνάμει
3246 4000 3306 4052 τὸ
3358 4000 3466 4053 πᾶν
3511 3999 3637 4053 ava-

2054 4092 2245 4163 τίθημι
2266 4131 2280 4154 ,
2316 4093 2404 4146 ἵνα
2431 4092 2575 4146 οὕτω
2612 4094 2751 4147 κατὰ
2784 4092 2980 4163 μικρὸν
3005 4092 3203 4155 αὐτοὺς
3235 4091 3635 4158 καταδέξασθαι

2056 4185 2265 4253 ποιήσω
2289 4183 2349 4235 τὸ
2379 4185 2648 4254 σωτήριον
2679 4184 2972 4254 κήρυγμα·
2997 4174 3057 4235 οὗ
3087 4182 3155 4253 δὴ
3185 4184 3504 4251 γενομένου,
3538 4180 3636 4234 καὶ

2053 4277 2133 4338 είς
2176 4274 2469 4339 κατὰνυξιν
2524 4274 2789 4328 ἐλθόντων
2836 4274 3036 4341 αὐτῶν,
3092 4273 3476 4345 φανερώτερόν
3514 4289 3634 4337 πως

2056 4368 2220 4422 αὐτὸν
2247 4365 2436 4421 λοιπὸν
2462 4366 2595 4421 Θεὸν
2628 4366 2883 4432 ἐπιδείξω
2907 4366 2993 4420 διὰ
3014 4369 3113 4438 τῆς
3138 4366 3233 4419 τοῦ
3263 4363 3637 4436 βαπτίσματος

377 4460 691 4518 conferendi
723 4459 1098 4525 indictiouem,
1120 4460 1320 4517 docens
1344 4458 1505 4515 simul
1530 4459 1582 4514 vi
1634 4458 1793 4531 hujus
1829 4459 1945 4516 ﬁeri

2056 4461 2243 4515 τούτου
2266 4462 2346 4524 είς
2369 4460 2431 4514 τὸ
2446 4460 2619 4531 ὄνομα
2632 4461 2799 4515 αὑτοῦ
2828 4461 3204 4534 προστάξεως,
3231 4461 3428 4530 ἄφεσιν
3451 4462 3635 4532 ἁμαρ-

377 4562 720 4625 peccatorum
738 4553 1141 4611 remissionem.

448 4642 543 4709 2|,
565 4641 735 4700 Porro
763 4643 1134 4700 animadverte
1160 4644 1510 4714 apostolicam
1580 4645 1945 4715 prudentiam.

383 4754 412 4792 ι
444 4732 630 4795 Iesum
658 4733 793 4792 dicit
826 4734 1382 4798 Nasarenum,virum
1409 4736 1764 4807 approbatum
1791 4754 1819 4791 a
1840 4738 1948 4792 Deo

382 4827 524 4882 inter
549 4839 646 4881 vos
674 4826 969 4884 virtutibus
1006 4835 1057 4884 ct
1091 4825 1283 4899 ιω
1298 4827 1559 4898 prodigiis
1591 4837 1756 4898 atque
1781 4830 1951 4901 signis

380 4932 501 4987 quae
539 4931 635 4986 per
664 4932 787 4973 eum
814 4916 942 4974 fecit
971 4916 1115 4974 Deus
1142 4918 1196 4973 in
1224 4918 1405 4975 medio
1460 4919 1626 4974 vestri
1653 4920 1691 4975 ί.
1725 4938 1744 4972 ι
1797 4920 1864 4975 Ει
1918 4937 1949 4975 a

382 5008 491 5064 Deo
524 5009 879 5079 approbatum
900 5010 1056 5077 dicit,
1078 5019 1133 5066 et
1167 5010 1335 5066 Deum
1369 5012 1482 5067 haec
1506 5026 1603 5080 per
1629 5011 1777 5068 illum
1805 5015 1949 5085 egis-

379 5116 462 5166 se,
499 5112 554 5156 ut
596 5101 756 5159 Putre
787 5103 1067 5159 nominate
1094 5104 1448 5172 persuaderet
1479 5104 1583 5159 illis
1635 5119 1744 5175 quo
1772 5106 1949 5175 ipsum

380 5204 596 5259 quoque
640 5189 821 5251 Iesum
852 5202 1013 5262 atque
1067 5190 1187 5261 eius
1226 5207 1390 5263 opera
1426 5192 1797 5259 admitterent,
1853 5209 1949 5250 ceu

380 5280 497 5344 illo,
524 5281 579 5337 id
600 5292 685 5338 est
704 5281 880 5349 Patre,
907 5284 1020 5340 hac
1031 5292 1223 5355 agente
1239 5297 1333 5353 per
1352 5282 1583 5344 Filium:
1609 5302 1627 5336 ι
1650 5282 1779 5350 Qua
1796 5283 1948 5348 fecit.

382 5373 477 5437 ait,
509 5388 603 5443 per
640 5373 811 5442 ipsum
846 5376 1008 5433 Deus.
1032 5370 1061 5431 is
1085 5376 1288 5433 Deinde
1321 5388 1621 5432 memorata
1655 5390 1840 5441 erm,
1867 5392 1953 5432 re-

454 5554 498 5589 ”
527 5554 715 5609 Matth.
749 5569 863 5617 ιιί,
900 5558 986 5612 15.

1061 5560 1104 5591 u
1132 5557 1249 5615 λοι.
1280 5573 1345 5627 ιι,
1364 5556 1405 5612 6
1432 5569 1581 5628 seqq.
1662 5560 1677 5588 ¹
1706 5558 1839 5618 ibid.
1862 5558 1957 5622 32.

2058 4554 2188 4611 τιῶν
2238 4554 2419 4617 αὐτοῖς
2461 4554 2653 4606 τούτου
2688 4554 3007 4625 χαρίζεσθαι
3052 4555 3354 4625 δυναμένου
3393 4550 3633 4620 διδάξας.

2126 4646 2232 4700 κα’.
2275 4646 2383 4700 Καὶ
2406 4647 2509 4718 ὅρα
2536 4646 2749 4700 σύνεσιν
2782 4648 3145 4718 ἀποπολικὴν
3167 4663 3180 4676 ·
3219 4666 3236 4697 ι
3276 4644 3505 4716 Ἰησοῦν,
3539 4661 3639 4715 φη-

2060 4741 2167 4804 σὶν,
2194 4739 2283 4791 τὸν
2326 4739 2667 4811 Ναζωραῖον,
2701 4740 2868 4812 ἄνδρα
2908 4738 3362 4809 ἀποδεδειγμένον
3390 4738 3499 4792 ἀπὸ
3536 4735 3634 4791 τοῦ

2057 4831 2193 4885 Θεοῦ
2217 4830 2299 4894 είς
2328 4830 2474 4899 ὑμᾶς
2498 4830 2759 4901 δυνάμεσι
2786 4831 2882 4885 καὶ
2905 4831 3095 4902 τέρασι
3134 4831 3224 4883 καὶ
3260 4824 3531 4901 σημείοις,
3554 4820 3635 4890 οἷς

2059 4923 2315 4991 ἐποίησεν
2344 4921 2409 4974 δι’
2436 4921 2604 4976 αὑτοῦ
2635 4925 2663 4976 ὁ
2689 4923 2822 4987 Θεὸς
2850 4925 2907 4975 ὲν
2942 4923 3092 4993 μέσῳ
3126 4921 3303 4993 ὑμῶν.
3342 4937 3360 4973 ι
3390 4918 3501 4973 Καὶ
3525 4918 3635 4973 ἀπὸ

2058 5017 2193 5075 Θεοῦ
2246 5017 2694 5087 ἀποδεδειγμένον
2728 5019 2892 5087 λέγει,
2927 5018 3019 5071 καὶ
3067 5016 3159 5070 τὸν
3198 5018 3329 5069 Θεὸν
3358 5015 3530 5070 ταῦτα
3567 5013 3634 5066 δι’

2060 5109 2225 5163 αὐτοῦ
2253 5111 2625 5180 ὲνερτήσαντα
2651 5152 2661 5171 ,
2694 5111 2782 5163 ἵνα
2808 5113 2871 5181 τῇ
2914 5110 3007 5163 τοῦ
3039 5110 3248 5180 [ἰατρὸς
3293 5107 3637 5178 προσηγορίᾳ

2063 5200 2226 5271 πείσῃ
2243 5202 2463 5265 αὐτοὺς.
2488 5201 2582 5254 καὶ
2600 5201 2761 5255 αὑτὸν
2776 5200 2864 5257 τὸν
2882 5198 3088 5272 Ἰησοῦν
3109 5201 3199 5252 καὶ
3224 5199 3291 5252 τὰ
3314 5199 3450 5271 ἔργα
3468 5196 3634 5251 αὑτοῦ

2060 5290 2476 5355 καταδέξασθαι,
2507 5292 2583 5355 ὡς
2612 5294 2820 5347 ἐκείνου
2847 5292 2914 5346 δι’
2944 5292 3110 5347 αὑτοῦ
3136 5291 3305 5344 ταῦτα
3334 5290 3631 5351 ποιοῦντος,

2059 5382 2201 5450 λέγω
2230 5382 2291 5453 δὴ
2324 5384 2415 5437 τοῦ
2452 5385 2693 5457 Πατρός
2733 5407 2748 5436 ι
2781 5379 2873 5449 Οἷς
2896 5384 3147 5454 ἐποίησεν
3182 5383 3307 5453 γὰρ,
3343 5381 3529 5452 φησιν,
3565 5379 3635 5432 δι’

450 5716 535 5799 (ἢ
566 5716 715 5780 lianc
760 5719 1166 5795 signiﬁcativam
1220 5720 1325 5777 vim
1362 5716 1528 5781 habet
1578 5718 1680 5777 huc
1731 5719 1853 5776 loco
1890 5719 2112 5777 Graccus
2146 5720 2402 5776 articulus
2433 5722 2479 5777 ὁ.
