4104 6336
331 406 427 461 281

1427 401 1617 471 QUOD
1651 404 1712 459 Β.
1754 404 1973 462 MARIA
2016 406 2123 461 SIT
2167 407 2494 466 DEIPARA.

3481 392 3588 452 28?.

331 516 498 574 αὑτοῦ
532 518 561 571 ὁ
593 516 744 581 Θεός.
772 534 791 569 ι
824 514 957 572 Εἶτα
993 516 1087 571 τοῦ
1115 515 1349 589 σταυροῦ
1379 518 1782 589 μνημονεύσας,
1816 519 1910 573 καὶ

2038 523 2412 578 .urrectioncm
2443 535 2658 591 quoque
2691 521 2744 573 iu
2793 518 3032 573 medium
3081 513 3323 577 adducit,
3364 520 3412 567 et
3450 517 3590 566 hanc

332 612 431 681 τὴν
464 605 766 662 ἀνάστασιν
814 607 1056 679 εἰσφέρει
1079 650 1094 673 ,
1130 608 1227 663 καὶ
1268 607 1470 678 ταύτην
1518 610 1594 673 ὡς
1630 609 1783 680 παρὰ
1820 609 1914 662 τοῦ

338 698 549 770 Πατρός
599 697 761 752 πάλιν
808 700 1221 771 γεγενημένην,
1262 700 1349 753 ἴνα
1383 700 1471 754 διὰ
1516 700 1705 755 τούτου
1753 701 1915 755 πάλιν

337 792 429 843 καὶ
464 788 633 860 αὐτὴν
672 788 870 851 αὐτοὺς
917 786 1316 855 καταδέξασθαι
1346 794 1574 862 ποιήσῃ·
1615 793 1709 845 καὶ
1733 791 1916 845 λοιπὸν

337 882 527 951 ὥσπερ
552 878 983 950 κεκαλυμμένως
1018 880 1201 946 αὐτοῖς
1230 881 1325 934 καὶ
1361 882 1461 951 τὴν
1489 881 1773 951 Θεολογίαν
1799 884 1917 935 εἰσ-

339 976 518 1046 φέρει·
548 972 788 1043 εἰρηκὼς
819 973 948 1043 γὰρ,
971 992 988 1023 ι
1007 969 1103 1024 Ὃν
1122 973 1150 1024 ό
1170 971 1301 1036 Θεὸς
1316 974 1612 1044 ἀνέστησεν
1632 974 1797 1038 λύσας
1820 975 1919 1039 τὰς

338 1067 531 1130 ὠδῖνας
552 1066 645 1119 τοῦ
668 1065 952 1128 One/demi,»
977 1064 1192 1132 ἐπάγει·
1232 1083 1250 1116 ι
1275 1066 1412 1119 Καθ’
1433 1067 1514 1119 ὅτι
1535 1067 1634 1121 οὐκ
1664 1062 1732 1137 ἦν
1756 1067 1918 1121 δυνα-

339 1159 431 1213 τὸν
460 1157 779 1229 κρατεῖσθαι
812 1156 975 1210 αὐτὸν
1010 1157 1101 1209 ὑπ’
1125 1157 1314 1211 αὑτοῦ.
1355 1177 1372 1210 ι
1401 1157 1599 1213 Οὐκέτι
1630 1158 1815 1213 λοιπὸν
1842 1160 1920 1223 ὡς

343 1250 474 1322 περὶ
496 1248 780 1320 ἀνθρώπου
799 1248 954 1301 τοῦτο
974 1266 988 1279 ο
1003 1250 1049 1303 εί
1066 1247 1173 1319 γὰρ
1194 1249 1288 1303 ἄνο
1299 1267 1477 1320 ρωπος
1494 1243 1584 1321 ἦν,
1601 1251 1817 1313 πάντως
1839 1252 1920 1304 δτι

346 1342 436 1394 καὶ
463 1338 777 1413 κρατεῖσθαι
806 1338 1037 1411 ἠδύνατο
1058 1339 1161 1392 ὑπὸ
1192 1340 1283 1393 τοῦ
1314 1341 1546 1394 θανάτου
1563 1359 1577 1372 ·
1601 1342 1738 1395 ἀλλὰ
1761 1341 1922 1395 τοῦτο

346 1431 582 1502 εἰρηκὼς
607 1471 622 1495 ,
656 1429 993 1499 καταφεύγει
1039 1431 1249 1501 ταχέως
1294 1432 1389 1485 ἐπὶ
1428 1432 1527 1502 τὴν
1575 1431 1921 1503 προφητικὴν

350 1521 674 1593 μαρτυρίαν,
701 1520 787 1573 ἵνα
820 1520 1017 1591 μηκέτι
1043 1519 1119 1581 ὡς
1142 1520 1273 1590 παρ’
1304 1520 1493 1584 αὐτοῦ,
1517 1520 1650 1574 ἀλλὰ
1671 1521 1746 1585 ὡς
1770 1521 1924 1593 παρὰ

346 1613 439 1667 τοῦ
473 1614 756 1684 προφήτου
792 1610 991 1682 μᾶλλον
1038 1610 1351 1675 ἀκούοντες,
1385 1610 1795 1683 προθυμότερον
1833 1613 1922 1666 δέ-

348 1705 544 1771 ξωνται
578 1704 639 1757 τδ
663 1703 986 1774 λεγόμενον
1024 1702 1118 1756 καί
1156 1719 1322 1772 φησιν
1342 1716 1354 1729 ·
1391 1719 1408 1752 ι
1437 1698 1602 1753 Δαόὶδ
1632 1702 1743 1773 γὰρ
1773 1701 1923 1770 λέγει

346 1797 425 1861 είς
443 1794 604 1850 αὐτόν
622 1812 634 1825 ·
658 1792 1052 1865 Προεωρὼμην
1076 1792 1167 1845 τὸν
1201 1790 1406 1860 Κύριον
1433 1791 1662 1845 ἐνώπιόν
1696 1811 1797 1863 μου
1835 1793 1924 1847 διὰ

2018 612 2144 667 item
2177 622 2431 683 tanquam
2463 629 2492 667 a
2534 611 2697 667 Patre
2730 608 3017 675 eﬂ'ectam;
3058 616 3118 660 ut
3165 602 3591 662 resurrectionis

2018 720 2181 760 causa
2211 720 2425 760 crucem
2459 716 2673 773 quoque
2701 703 2859 758 abiis
2889 698 3098 755 admitti
3142 703 3381 752 curaret.
3440 693 3592 745 Dein-

2018 806 2145 861 ceps
2169 793 2450 848 veroclam
2476 792 2642 846 veluti
2695 791 2866 860 ipsius
2923 787 3285 857 theologicam
3341 782 3591 838 notitiam

2018 885 2282 942 insinuat.
2318 885 2453 940 Nam
2482 901 2606 939 cum
2633 884 2917 947 dixissem
2948 882 3117 949 Quem
3147 877 3289 933 Deus
3311 874 3597 931 suscitavit

2018 977 2209 1033 solutis
2242 978 2435 1033 mortis
2461 977 2763 1039 doloribus,
2791 994 2811 1028 ι
2849 974 3027 1036 addit,
3050 991 3069 1023 ι
3100 972 3239 1038 Quia
3262 965 3598 1036 impossibile

2018 1079 2138 1127 erat
2172 1072 2315 1125 hunc
2340 1071 2409 1124 ab
2440 1071 2527 1123 illa
2558 1071 2805 1126 teneri’.
2841 1086 2859 1120 ι
2897 1066 3035 1121 Ecce
3056 1063 3198 1118 ltaud
3246 1062 3359 1131 jam
3393 1058 3599 1113 diutius

2021 1172 2279 1230 tanquam
2310 1162 2378 1217 de
2401 1162 2621 1216 homine
2646 1160 2887 1228 loquitur
2919 1176 2934 1213 :
2962 1171 3083 1210 nam
3114 1155 3161 1209 si
3195 1155 3354 1208 homo
3384 1150 3596 1208 luisset.

2020 1268 2243 1321 prorsus
2306 1268 2335 1307 a
2370 1262 2545 1307 morte
2590 1252 2813 1305 retineri
2873 1256 3083 1318 poterat
3111 1263 3131 1299 ε
3159 1246 3279 1309 sed,
3307 1246 3408 1299 hoc
3430 1241 3597 1306 dicto,

2020 1343 2261 1412 confugit
2288 1343 2473 1397 statim
2500 1343 2566 1396 ad
2585 1341 2956 1411 propheticum
2992 1336 3384 1399 testimonium,
3415 1332 3598 1400 utjam

2022 1451 2127 1489 non
2192 1435 2259 1487 ab
2319 1434 2455 1501 ipso,
2484 1436 2578 1489 sed
2647 1447 2678 1487 ιι
2745 1431 3011 1501 prapheta
3084 1428 3264 1499 potius
3296 1426 3598 1488 audientes,

2020 1525 2324 1596 promptius
2350 1526 2493 1579 dicta
2536 1525 2870 1590 exciperent,
2902 1523 3129 1592 aitque:
3168 1536 3191 1571 ι
3238 1517 3407 1571 David
3456 1515 3601 1570 enim

2006 1618 2154 1672 'dicit
2198 1620 2266 1671 de
2300 1631 2397 1671 eo:
2425 1616 2783 1671 Providebam
2817 1616 3102 1670 Dominum
3133 1625 3314 1665 coram
3344 1622 3429 1662 me
3456 1620 3601 1661 sem-

2022 1724 2118 1778 per
2136 1708 2176 1772 ³,
2218 1727 2236 1759 ι
2268 1716 2322 1763 et
2345 1706 2572 1776 reliqua.
2597 1706 2986 1761 Animadverte
3006 1711 3209 1772 quanto
3230 1699 3461 1755 artificio
3485 1712 3599 1752 ser--

2024 1814 2238 1855 monetn
2263 1799 2329 1853 de
2358 1799 2583 1854 Domino
2608 1800 2748 1867 apud
2785 1812 2880 1851 eos
2921 1796 3068 1849 facit.
3105 1793 3330 1854 Deinde.
3366 1788 3608 1843 testimo-

347 1888 544 1951 παντός
563 1904 578 1918 ·
615 1903 633 1936 ι
659 1886 751 1939 καὶ
780 1885 847 1938 τὰ
868 1883 1017 1952 ἑξῆς.
1037 1884 1177 1955 Ὀρα
1208 1883 1326 1952 μεθ’
1358 1882 1489 1954 ὅσης
1510 1884 1710 1955 τέχνης
1740 1887 1925 1951 αὐτοῖς

2038 1891 2118 1945 nio
2166 1890 2441 1954 absoluto,
2502 1905 2692 1945 rursus
2728 1889 2943 1943 illorum
2991 1884 3351 1955 cogitationes
3397 1892 3608 1943 compe-

346 1980 443 2048 τὴν
482 1975 842 2047 Κυριολογίαν
897 1975 1223 2043 εἰσήγαγεν·
1301 1969 1420 2027 εἶτα
1466 1973 1564 2044 τὴν
1610 1978 1923 2049 μαρτυρίαν

347 2063 663 2136 πληρώσας,
693 2064 854 2119 πάλιν
893 2062 1072 2116 αὐτῶν
1106 2062 1294 2133 ὥσπερ
1333 2061 1425 2116 τὸν
1457 2062 1718 2133 λογισμὸν
1752 2083 1923 2123 κατα-

351 2153 605 2220 στέλλων,
645 2155 941 2225 ἐπειδήπερ
998 2153 1373 2225 φανερώτερον
1425 2154 1586 2208 αὑτὸν
1634 2155 1926 2225 ὲθεολόγει,

348 2248 441 2302 ἐπὶ
466 2247 566 2318 τὴν
600 2245 694 2299 τοῦ
728 2247 936 2317 Πατρὸς
968 2246 1129 2298 πάλιν
1170 2246 1498 2317 κατατρέχει
1533 2250 1927 2319 προσηγορίαν,

349 2341 444 2396 καί
494 2354 688 2411 φησιν·
723 2357 741 2389 ι
789 2336 1073 2407 Ἀσφαλῶς
1125 2332 1216 2390 οὖν
1254 2340 1570 2407 γινωσκέτω
1619 2342 1726 2402 πᾶς
1778 2337 1927 2406 οἶκος

362 2432 596 2503 Ἰσραὴλ,
629 2433 709 2485 ὅτι
740 2432 834 2484 καὶ
856 2430 1064 2500 Κύριον
1090 2432 1184 2484 καὶ
1218 2431 1452 2503 Χριστδν
1485 2431 1513 2483 ό
1539 2430 1667 2496 Θεὸς
1701 2432 1927 2502 ἐποίησε

350 2522 536 2579 τοῦτον
584 2526 676 2576 τὸν
734 2522 957 2592 Ἰησοῦν,
1005 2522 1063 2575 ὃν
1110 2522 1269 2590 ὑμεῖς
1314 2521 1721 2592 ἐσταυρώσατε·
1762 2543 1781 2575 ι
1834 2525 1927 2579 καὶ

352 2616 688 2686 αίτησὰντων
723 2614 905 2668 αὐτῶν
930 2614 1117 2668 λοιπὸν
1142 2613 1388 2674 ἐκείνων,
1424 2612 1477 2667 τί
1511 2614 1735 2685 ποιῆσαι
1766 2613 1930 2683 (issu-

351 2708 463 2771 λον,
508 2707 869 2778 βαπτισθῆναι
902 2708 1086 2769 αὐτοῖς
1112 2704 1446 2775 προσέταξεν
1479 2705 1570 2758 ἐπὶ
1598 2706 1676 2775 τῷ
1706 2707 1930 2775 ὀνόματι

354 2800 541 2866 αὑτοῦ,
574 2801 669 2853 καὶ
710 2801 903 2869 ἂψεσιν
939 2798 1222 2869 ἁμαρτιῶν
1255 2795 1343 2850 διὰ
1380 2795 1570 2850 τούτου
1598 2796 1928 2866 λαμϐάνειν·

2029 1999 2209 2046 scens.
2234 1984 2359 2053 quia
2398 1984 2672 2053 apertiore
2707 1980 2973 2048 theologia
2998 1980 3062 2033 de
3087 1976 3213 2033 Jesu
3243 1974 3454 2029 locutus
3499 1970 3611 2024 fue-

2030 2084 2134 2139 rat,
2168 2078 2233 2127 ad
2259 2072 2475 2127 Patrem
2504 2075 2680 2127 denuo
2713 2072 2970 2125 translert
3025 2079 3357 2128 sermonem,
3378 2061 3559 2128 aitque
3589 2074 3603 2109 :

2036 2186 2054 2219 t
2092 2167 2253 2221 Certo
2284 2166 2449 2237 igitur
2477 2165 2615 2219 sciat
2639 2164 2890 2217 universa
2916 2159 3134 2216 lsraelis
3190 2158 3381 2212 domus
3402 2191 3418 2218 ,
3466 2151 3608 2220 quod

2032 2267 2087 2313 et
2112 2258 2398 2313 Dominum
2424 2269 2480 2311 et
2509 2257 2786 2312 Christum
2837 2254 2979 2309 Dens
3022 2249 3217 2311 fecerit
3260 2248 3401 2302 hunc
3450 2258 3609 2313 quem

2037 2366 2136 2407 vos
2161 2351 2512 2405 crucilixistis
2547 2348 2734 2405 Jesum
2763 2351 2809 2404 δ.
2850 2366 2870 2400 ι
2900 2346 3011 2400 lllis
3030 2354 3162 2398 vero
3192 2349 3376 2410 pastca
3425 2348 3614 2403 rogan-

2037 2444 2183 2498 tibus
2206 2444 2331 2512 qnid
2362 2442 2507 2498 factu
2553 2459 2691 2513 Opus
2729 2451 2909 2503 esset,
2933 2434 3201 2507 baptizari
3224 2447 3318 2488 eos
3372 2428 3535 2499 jussit
3559 2425 3613 2478 in

2037 2532 2254 2587 nomine
2282 2533 2448 2597 illius,
2472 2543 2520 2586 et
2542 2541 2885 2602 peccatorum
2911 2528 3286 2583 remissionem
3339 2535 3435 2589 per
3458 2530 3617 2571 eumn

2036 2624 2159 2677 deut
2188 2626 2469 2693 recipere;
2500 2623 2821 2677 remissione
2853 2619 3101 2673 videlicet
3141 2621 3484 2685 peccatorum
3518 2620 3616 2660 an-

2038 2717 2439 2771 ctoritatemeis
2457 2717 2658 2772 Christi
2674 2712 2974 2778 suadens';
2996 2710 3176 2766 verbis
3193 2717 3399 2767 autem.
3427 2720 3447 2753 ι
3475 2700 3618 2755 θείη

2048 2804 2199 2870 fecit,
2231 2824 2247 2857 ι
2297 2806 2508 2859 illorum
2536 2804 3025 2861 contradictionem
3055 2797 3370 2853 exrludens.

353 2895 419 2962 τῇ
450 2891 557 2944 τῶν
588 2890 872 2962 ἁμαρτιῶν
902 2891 1095 2958 ἀφέσει
1132 2888 1231 2960 τὴν
1285 2891 1580 2959 κυριότητα
1615 2891 1815 2952 αὐτοὺς
1860 2893 2110 2964 ἐννοῆσαι
2140 2897 2340 2951 ποιῶν·
2371 2898 2459 2952 διὰ
2510 2898 2567 2951 δὲ
2603 2896 2697 2949 τοῦ
2732 2896 2935 2963 λέγειν,
2957 2915 2975 2946 ι
3018 2894 3079 2947 '0
3103 2891 3236 2954 Θεὸς
3269 2886 3549 2957 εποίησεν.
3592 2901 3615 2938 ι

354 2982 452 3053 τὴν
479 2982 699 3036 ἐκείνων
737 2982 1046 3035 ἀποκλείων
1075 2979 1496 3048 ἐναντιολογίαν.

428 3071 533 3145 κβ’.
579 3072 702 3126 Ὀτι
750 3074 859 3143 γὰρ
907 3074 1221 3144 πρόσφατον
1258 3074 1392 3144 ⁴ἡμῖν
1440 3071 1648 3144 Κύριον
1686 3075 1713 3127 ὁ
1754 3071 1944 3143 Πατὴρ

2123 3076 2212 3128 2%.
2250 3073 2402 3141 Quod
2452 3084 2633 3128 autent
2686 3072 2828 3128 haud
2880 3085 3077 3126 novum
3126 3068 3415 3126 Dominum
3463 3058 3622 3123 nohi'

357 3169 457 3222 οὐκ
490 3167 764 3235 ἐποίησεν,
793 3165 984 3218 οὐδένα
1017 3160 1169 3234 οἶμαι
1214 3164 1323 3217 τῶν
1354 3164 1760 3237 εὐφρονούντων
1815 3167 1934 3218 ἀντ-

2046 3167 2208 3222 Patcr
2230 3166 2493 3230 effecerit,
2523 3166 2797 3218 neminem
2826 3176 2958 3218 sana
2996 3167 3179 3215 mente
3208 3158 3494 3227 praeditum
3523 3172 3621 3211 ne-

358 3256 525 3328 ερεῖν·
553 3258 646 3308 καὶ
667 3255 776 3326 γὰρ
801 3255 920 3325 οὐχ,
939 3254 1014 3319 ὣς
1037 3268 1181 3318 τινες
1199 3254 1439 3323 ἀνοήτως
1464 3255 1543 3315 είς
1566 3252 1662 3322 τὴν
1682 3250 1777 3305 τοῦ
1806 3249 1935 3305 Υίοῦ

360 3347 590 3417 θεότητα
622 3346 684 3399 τὸ
719 3345 881 3419 ῥητὸν
908 3345 1368 3415 ὲκλαμϐἁνουσιν.
1400 3342 1575 3405 οὕτως
1602 3343 1845 3415 εἴρηκεν*
1877 3342 1937 3395 οὐ

359 3439 471 3511 γὰρ
522 3437 649 3507 περὶ
696 3438 795 3506 τῆς
830 3435 1114 3507 ὑπάρξεως
1148 3434 1313 3489 αὑτοῦ
1349 3434 1548 3497 σκοπὸς
1587 3429 1654 3505 ἦν
1687 3432 1765 3505 τῷ
1802 3433 1940 3486 ἀπο-

364 3531 533 3601 στόλῳ
562 3528 907 3597 διαλέγεσθαι
934 3569 948 3590 ,
1006 3528 1142 3581 ἀλλὰ
1172 3529 1301 3598 περὶ
1344 3527 1446 3596 τῆς
1497 3526 1635 3596 μετὰ
1672 3526 1769 3598 τὴν
1807 3524 1941 3579 civi-

365 3637 549 3673 στασιν
577 3617 755 3689 δόξης.
779 3619 851 3671 Τὸ
878 3616 994 3682 οὖν,
1024 3638 1039 3668 ι
1071 3619 1274 3688 Κύριον
1301 3618 1462 3670 αὐτὸν
1486 3617 1791 3685 ἐποίησεν.)
1822 3615 1943 3671 όιντλ⁵

365 3712 479 3777 τοῦ,
496 3712 806 3783 Κυριότητα
833 3711 928 3763 καὶ
946 3709 1183 3780 Χριστοῦ
1211 3710 1368 3774 δόξαν
1396 3707 1546 3775 αύτῷ
1570 3707 1821 3761 δέδωκεν·
1844 3707 1943 3776 οὐχ

366 3805 449 3858 ὅτι
487 3801 643 3868 δόξαν
678 3802 973 3871 ἐπίκτητον
1003 3800 1195 3853 ἐλαϐεν
1223 3803 1251 3852 ό
1283 3799 1431 3863 Υἱὸς,
1464 3799 1579 3852 ἀλλ’
1606 3799 1833 3862 ἐκείνοις
1856 3799 1943 3852 διὰ

364 3895 465 3965 τὴν
512 3895 919 3965 προειρημένην
966 3893 1279 3962 οἰκονομίαν
1321 3891 1493 3954 οὕτως
1543 3890 1944 3961 διαλεγόμενος,

366 3984 449 4037 ὅτι
476 3982 634 4036 Οὕτω
679 3981 956 4035 πιστεύειν
1001 3982 1081 4044 εἰς
1113 3980 1277 4034 αὑτὸν
1314 3980 1580 4048 ὀφείλετε,
1618 3982 1693 4044 ὡς
1723 3980 1947 4052 Χριστῷ

368 4077 463 4132 καὶ
491 4076 681 4147 Κυρίῳ
699 4075 1035 4147 προσιόντες.
1071 4074 1195 4127 ὐτι
1227 4073 1334 4145 γὰρ
1365 4073 1466 4127 οὐκ
1501 4074 1787 4144 ἄνθρωπος
1822 4074 1945 4127 καθ’

368 4170 517 4239 ἡμᾶς
550 4166 944 4236 γεγεννημένος
992 4166 1157 4237 χωρὶς
1208 4166 1305 4235 τῆς
1350 4166 1444 4219 τοῦ
1476 4166 1653 4234 Λόγου
1700 4164 1948 4227 ὲνώσεως

382 4261 590 4332 Ἰησοῦς
616 4264 643 4314 ὀ
666 4260 1007 4331 Ναζωραῖος.
1030 4262 1058 4313 ὁ
1086 4259 1147 4311 τὸ
1176 4259 1303 4313 ίδιον
1333 4260 1473 4328 ὑπὲρ
1503 4259 1660 4330 ἡμῶν
1684 4253 1823 4330 αἷμα
1852 4259 1947 4312 ἐκ-

372 4353 584 4425 χεῖσθαι
618 4352 1072 4423 καταδεξάμενος,
1100 4354 1263 4407 ἄκουε
1296 4354 1486 4423 σαφῶς
1518 4354 1612 4407 τοῦ
1647 4355 1948 4409 ἀποστόλου

377 4448 589 4501 Παύλου
642 4450 751 4511 τοῖς
807 4447 1069 4514 Ἐφεσίων
1102 4446 1443 4508 διδασκάλοις
1494 4447 1652 4501 τοῦτο
1698 4447 1949 4520 φανερῶς

2042 3271 2290 3328 gaturum
2320 3266 2475 3329 puto.
2505 3255 2623 3311 Non
2654 3256 2823 3319 enim,
2852 3262 2912 3309 ut
2940 3250 3157 3321 quidam
3197 3248 3517 3318 insipienter
3538 3246 3624 3300 di-

2042 3362 2187 3405 ctum
2218 3352 2321 3406 hoc
2350 3352 2417 3405 de
2444 3350 2566 3404 Filii
2605 3348 2899 3403 divinitate
2928 3343 3258 3413 intelligunt,
3302 3339 3377 3394 ita
3410 3338 3623 3392 locutus

2041 3454 2155 3500 est:
2177 3459 2352 3514 neque
2369 3442 2437 3497 de
2460 3440 2580 3496 Filii
2609 3437 2931 3495 exsistentia
2958 3436 3101 3504 loqui
3124 3431 3414 3503 Apostolus
3430 3426 3628 3501 1“!

2044 3536 2147 3590 sibi
2176 3534 2485 3605 proposuit,
2512 3533 2605 3588 sed
2630 3534 2695 3585 de
2725 3530 2842 3599 ejus
2870 3536 2994 3596 post
3022 3524 3479 3581 resurrectionem
3506 3521 3625 3592 glo-

2045 3628 2146 3682 ria.
2179 3627 2319 3695 Ergo
2352 3625 2538 3689 verba,
2573 3641 2592 3674 ι
2618 3622 2902 3676 Dominum
2945 3632 3066 3672 eum
3114 3615 3260 3679 fecit,
3302 3631 3322 3667 ι
3372 3613 3627 3668 dicuntur

2044 3732 2179 3787 pro,
2214 3715 2563 3770 Dominatum
2582 3720 2640 3765 ct
2663 3709 2867 3763 Christi
2916 3705 3144 3777 gloriam
3192 3702 3293 3772 ipsi
3336 3698 3623 3754 attribuit:

2048 3825 2157 3864 non
2190 3810 2330 3878 quod
2383 3803 2705 3875 acquisitam
2748 3800 2974 3871 gloriam
3002 3796 3173 3853 Filius
3203 3793 3496 3863 acceperit,
3531 3789 3630 3845 sed

2046 3900 2251 3956 Iudaeis
2279 3899 2578 3955 secundum
2614 3893 2933 3967 prtedictam
2966 3886 3428 3960 dispensationem
3452 3882 3526 3939 ita
3551 3881 3631 3937 lo-

2048 3994 2257 4063 quitur,
2296 3991 2423 4061 quia
2458 3989 2539 4045 sic
2574 3988 2800 4043 credere
2832 3982 2883 4039 ei
2919 3981 3201 4045 deberent,
3238 3986 3297 4031 ut
3325 3972 3531 4029 Christi
3566 3984 3632 4026 ac

2050 4085 2266 4141 Domini
2307 4083 2418 4153 jam
2454 4081 2586 4136 facti
2643 4074 2889 4135 assccla.
2937 4071 3093 4153 Quod
3133 4069 3278 4127 enim
3323 4082 3433 4123 non
3466 4065 3635 4153 homo

2051 4191 2202 4232 more
2233 4152 2420 4230 nostro
2450 4171 2683 4243 genitus,
2731 4167 2852 4224 sine
2879 4165 3044 4220 Verbi
3079 4152 3301 4225 unione,
3336 4158 3493 4213 Jesus
3521 4152 3631 4209 Na-

2052 4282 2286 4323 zarenus
2339 4267 2432 4328 sit,
2474 4263 2566 4334 qui
2600 4277 2701 4333 pro
2740 4260 2900 4316 nobis
2954 4256 3277 4325 sanguinem
3314 4265 3469 4306 suum
3504 4247 3632 4302 fun-

2053 4360 2185 4414 dere
2214 4370 2323 4411 non
2359 4355 2654 4418 recusavit,
2688 4352 2812 4406 audi
2844 4346 3131 4403 manifeste
3160 4340 3464 4412 apostolum
3498 4334 3635 4390 Pau~

2058 4452 2166 4505 lum
2204 4461 2391 4503 coram
2430 4443 2787 4514 Ephesiorum
2824 4436 3102 4509 magistris
3144 4436 3319 4505 palam
3352 4429 3632 4485 aﬂirman~

378 4538 778 4602 καθιστῶντος’
818 4558 835 4588 ι
872 4538 1177 4607 Προσέχετε
1209 4539 1337 4606 γὰρ,
1380 4539 1544 4607 φησι,
1599 4516 1815 4604 ἑαυτοῖς
1840 4516 1934 4593 ’κω

2060 4551 2201 4595 tem:
2239 4557 2258 4590 ι
2289 4536 2598 4600 Attendite,
2640 4532 2832 4603 inquit,
2876 4530 3031 4584 vobis
3087 4535 3143 4583 et
3174 4526 3428 4580 universo
3459 4516 3629 4590 gregi.

377 4633 537 4685 παντὶ
566 4629 641 4701 τῷ
679 4629 933 4700 ποιμνίῳ,
962 4630 1020 4681 ὲν
1058 4623 1103 4697 ᾧ
1144 4631 1286 4699 ὑμᾶς
1317 4630 1379 4682 τὸ
1428 4630 1653 4701 Πνεῦμα
1690 4631 1751 4683 τὸ
1789 4632 1949 4700 ἅγιον

375 4722 529 4777 ῐθετο
578 4722 909 4784 ἐπισκόπους
937 4762 952 4785 ,
985 4722 1297 4791 ποιμαίνειν
1330 4720 1427 4791 τὴν
1484 4720 1813 4791 Ἐκκλησίαν
1852 4722 1948 4776 τοῦ

377 4812 535 4875 Θεοῦ,
563 4813 630 4884 ἢν
662 4815 1091 4883 περιεποιήσατο
1118 4812 1207 4865 διὰ
1239 4811 1331 4865 τοῦ
1362 4813 1593 4881 αἵματος
1618 4813 1711 4866 τοῦ
1742 4813 1896 4867 ἰδίου.
1927 4831 1946 4866 r

390 4905 631 4969 Ἀκούεις
650 4904 780 4959 Θεὸν
797 4905 1045 4975 φανερῶς
1064 4904 1166 4957 ὑπὸ
1184 4904 1277 4957 τοῦ
1305 4904 1629 4958 Ἀποστόλου
1657 4904 1748 4960 τὸν
1768 4908 1954 4959 ἐσταυ-

382 4999 625 5071 ρωμένον
664 4999 1100 5069 κηρυττόμενονς
1152 4999 1466 5067 ΙΙοιμαίνειν
1516 4999 1624 5070 γάρ
1662 5016 1827 5069 φησιν
1852 4999 1953 5068 τὴν

392 5091 718 5162 Ἐκκλησίαν
744 5091 840 5145 τοῦ
874 5090 1031 5157 Θεοῦ,
1068 5091 1134 5161 ἣν
1160 5093 1589 5161 περιεποιήσατο
1614 5091 1701 5144 διὰ
1728 5089 1825 5143 τοῦ
1865 5090 1927 5144 αἴ

385 5201 551 5254 ματος
600 5183 693 5236 τοῦ
718 5183 871 5236 ἰδίουο
909 5182 1006 5252 οὐχ
1036 5183 1116 5235 ὅτι
1143 5185 1209 5254 τῇ
1229 5182 1387 5253 φύσει
1412 5185 1509 5253 τῆς
1541 5181 1793 5251 Θεότητος
1814 5181 1950 5235 ἐπα-

382 5292 529 5345 σχεν,
558 5273 673 5327 ἀλλ’
698 5275 779 5327 ὃτι
815 5273 884 5326 τὰ
927 5272 1025 5341 τῆς
1070 5274 1270 5343 σαρκὸς
1302 5272 1463 5327 αὑτοῦ
1492 5273 1640 5342 πάθη
1673 5275 1753 5336 εἰς
1789 5271 1951 5325 αὑτὸν

385 5366 735 5437 ἀναφέρεται,
758 5365 845 5417 διὰ
871 5366 931 5417 τὸ
962 5367 1037 5435 μὴ
1068 5363 1354 5435 ἀνθρώπου
1388 5366 1531 5428 τινὸς
1561 5361 1700 5418 εἶναι
1724 5364 1949 5434 ταύτην,

385 5461 497 5513 ἀλλ’
529 5459 693 5514 αὐτοῦ
731 5458 822 5511 τοῦ
866 5457 1035 5525 Λόγου
1075 5457 1210 5510 ἰδίαν
1238 5459 1437 5528 σάρκα.
1475 5458 1537 5511 Εἰ
1583 5456 1766 5510 τοίνυν
1816 5458 1951 5509 Θεοῦ

386 5548 520 5620 αἷμα
544 5552 602 5604 το
630 5546 768 5620 αἷμα
797 5549 1035 5619 λέγεται,
1060 5548 1219 5617 δῆλον
1244 5551 1317 5615 ὡς
1343 5552 1475 5615 Θεος
1504 5547 1568 5622 ἦν
1599 5553 1775 5621 σάρκα
1799 5565 1953 5620 περι-

390 5662 655 5714 κείμενος.

461 5826 477 5853 ’
502 5826 691 5885 .\"l.tl,
732 5821 819 5877 2i.
901 5822 916 5847 ³
949 5822 1075 5877 ibid.
1109 5822 1197 5877 23.

1278 5822 1294 5852 ⁸
1320 5821 1448 5878 ibid.
1485 5821 1576 5879 36.

2057 4632 2109 4686 in
2142 4646 2249 4701 quo
2279 4644 2377 4686 vos
2398 4627 2638 4698 Spiritus
2665 4632 2895 4680 sanctus
2924 4619 3105 4693 posuit
3125 4618 3411 4686 episcopos
3441 4622 3635 4679 regere

2058 4722 2359 4779 Ecclesiam
2405 4720 2525 4784 Dei,
2559 4733 2720 4788 quam
2767 4713 3065 4785 acquisivit
3100 4708 3367 4779 sanguine
3400 4720 3500 4760 suo
3529 4703 3571 4757 ‘.
3610 4719 3636 4753 ι

2060 4814 2257 4870 Audin’
2274 4817 2443 4869 Deum
2466 4810 2755 4866 manifeste
2772 4806 2840 4861 ab
2867 4802 3125 4876 Apostolo
3151 4799 3473 4855 cruciﬁxum
3501 4811 3641 4866 prte-

2061 4910 2274 4963 dicari?
2309 4907 2520 4976 Regere
2554 4904 2700 4958 enim
2735 4898 2958 4956 mandat
2989 4894 3295 4952 Ecclesium
3330 4892 3448 4954 Dei,
3474 4904 3637 4957 quam

2062 4999 2354 5070 acquisivit
2377 4995 2643 5066 sanguine
2675 5007 2799 5057 suo,
2836 5002 2946 5047 non
2972 4987 3115 5059 quod
3148 4985 3203 5040 in
3239 4992 3431 5040 natura
3460 4979 3635 5035 deita-

2062 5093 2131 5147 tis
2162 5092 2230 5147 sit
2258 5104 2478 5161 passus,
2511 5087 2606 5142 sed
2648 5085 2776 5156 quia
2812 5082 3000 5140 carnis
3031 5076 3314 5150 passiones
3344 5073 3409 5127 ad
3457 5071 3636 5140 ipsum

2061 5186 2395 5248 referuntur,
2434 5191 2721 5253 propterea
2754 5176 2895 5247 quod
2942 5189 3048 5229 non
3078 5167 3318 5226 hominis
3356 5161 3639 5232 cujusdam

2062 5280 2175 5335 hinc
2197 5279 2264 5333 sit
2297 5292 2448 5339 caro,
2484 5272 2579 5330 sed
2608 5273 2779 5342 ipsius
2807 5268 2967 5324 Verbi
2994 5262 3233 5335 propria.
3274 5256 3330 5313 Si
3358 5270 3488 5327 ergo
3510 5270 3642 5310 san~

2064 5371 2183 5440 guis
2230 5369 2321 5424 Dei
2371 5369 2565 5424 dicitur
2605 5365 2853 5433 sanguis,
2894 5361 3059 5415 Deum
3102 5356 3253 5411 illum
3314 5352 3504 5415 fuisse,
3549 5348 3637 5419 qui

2062 5462 2165 5519 sibi
2201 5480 2419 5521 carnem
2459 5462 2651 5523 induit,
2684 5456 3026 5525 exploratum
3062 5461 3170 5507 est.

1704 5818 1833 5876 ibid.
1868 5818 1956 5881 57,
1995 5818 2081 5873 53.
2163 5814 2317 5870 “Art.
2353 5829 2441 5879 xx,
2476 5805 2580 5877 95,
