4104 6336
438 385 549 443 283

1471 392 1530 446 s.
1570 388 1849 445 CYRILLI
1888 388 2357 446 ALEXANDRINI
2394 368 2712 449 ARCHlEP.

3598 358 3708 447 est

515 505 777 562 23.1am
820 510 866 563 si
914 509 1097 565 dicere
1151 522 1406 583 pergant,
1441 528 1678 581 quonam
1726 513 2022 581 Scriptura:

2196 521 2303 582 κγ’.
2348 515 2410 567 Εἰ
2440 515 2497 568 δὲ
2528 515 2840 583 ἐπιμένοιεν
2876 514 3152 582 λέγοντες,
3186 512 3295 566 Ποῦ
3340 512 3436 583 τῆς
3482 509 3707 581 Γραφῆς

442 596 563 653 loco
598 596 758 669 Virgo
788 601 1085 670 appelletur
1110 604 1370 673 Deipara,
1428 606 1651 659 audiant
1678 607 1779 661 hoc
1805 607 2019 675 perSpi-

446 704 548 743 cue
579 692 915 747 nuntiantem
954 697 1268 763 pastoribus
1300 698 1572 767 angelum,
1605 700 2018 767 dicentemque:

457 801 475 832 ι
511 782 647 847 Quia
682 794 839 838 natus
866 796 951 839 est
981 788 1134 842 vobis
1158 789 1315 842 hodie
1336 788 1604 854 Salvator,
1632 792 1721 861 qui
1753 801 1831 845 est
1866 791 2025 846 Chri-

447 883 566 928 stus
594 873 858 931 Dominus
882 879 925 931 ⁷.
965 897 985 929 ι
1011 878 1127 933 Non
1161 881 1313 945 dicit,
1335 882 1435 948 Qui
1470 884 1575 936 erit
1598 883 1881 944 Dominus.
1916 884 2021 949 vel,

444 963 501 1018 In
536 982 643 1035 quo
666 966 928 1023 Dominus
960 970 1301 1027 habitaturus
1317 974 1411 1037 sit,
1439 974 1587 1037 sed,¢
1617 975 1821 1041 Quiest
1841 976 2023 1029 Domi-

447 1071 569 1111 nus.
596 1076 615 1109 ι
650 1058 727 1112 En
764 1058 931 1129 igitur
959 1061 1245 1116 Dominum
1274 1066 1563 1120 manifeste
1591 1067 2025 1136 eum,quinatus

444 1152 856 1224 eratuangelus
916 1156 1151 1208 nuntiat.
1208 1155 1415 1210 Deinde
1475 1167 1732 1226 tanquam
1807 1159 2021 1230 signum

446 1242 725 1308 spectandi
769 1259 893 1299 mox
917 1244 1129 1301 Domini
1165 1246 1296 1316 ipsis
1330 1250 1618 1314 exhibens,
1654 1269 1673 1301 ι
1714 1235 2023 1315 Invenietis,

450 1332 647 1402 inquit,
685 1334 1010 1391 infantulum
1047 1337 1235 1393 fasciis
1279 1340 1581 1395 involutum
1623 1352 1681 1397 et
1717 1343 1768 1397 in
1796 1344 2023 1414 praesepi

448 1425 684 1493 positum
705 1426 747 1482 ⁸.
777 1445 796 1479 ι
825 1427 979 1482 Paria
1010 1429 1199 1500 angelo
1221 1431 1413 1485 Petrus
1443 1448 1659 1503 quoque
1692 1434 2020 1502 praedicans,

448 1531 574 1572 cum
607 1518 673 1571 ad
712 1519 1024 1574 Cornelium
1070 1523 1325 1588 accessit,
1355 1523 1569 1579 aiebat:
1605 1542 1625 1575 ι
1658 1524 1897 1579 Verbum
1926 1525 2026 1579 mi-

450 1608 523 1663 sit
577 1609 703 1664 filiis
746 1609 963 1666 lsraelis
990 1653 1007 1677 ,
1062 1628 1249 1682 pacem
1290 1615 1544 1670 numians
1588 1631 1684 1684 per
1746 1616 2024 1671 Christum

447 1697 656 1754 Jesum.
702 1698 800 1755 Hic
827 1713 911 1756 est
947 1705 1191 1757 omnium
1247 1705 1512 1760 Dominus
1540 1708 1581 1759 ⁸.
1622 1725 1638 1759 ι
1670 1706 1865 1761 Cernis
1895 1724 2027 1776 quo-

450 1789 610 1843 modo
673 1791 917 1856 verbum,
952 1792 1291 1860 prosalutari
1338 1796 1739 1863 praedicatione.
1790 1811 1887 1863 per
1932 1795 2013 1850 Je-

2126 606 2388 670 Θεοτόκος
2416 609 2447 677 ή
2475 606 2753 677 Παρθένος
2779 604 3090 674 ὠνόμασται
3112 621 3126 671 ;
3150 604 3501 657 ἀκουέτωσαν
3519 602 3707 670 σαφῶς

2125 696 2284 750 τοῦτο
2322 696 2417 749 τοῦ
2448 697 2679 766 ἀγγέλου
2724 700 2840 759 τοῖς
2885 696 3142 766 ποιμέσιν
3192 693 3702 763 εὐαγγελιζομένου,

2126 791 2221 842 καὶ
2248 788 2500 857 λέγοντος
2526 828 2540 852 ,
2576 807 2595 839 ι
2632 790 2754 842 Ὅτι
2796 788 2989 858 ἐτέχθη
3023 788 3154 857 ὑμῖν
3198 788 3440 857 σήμερον
3470 785 3661 855 Σωτὴρ
3687 823 3703 847 ,

2125 883 2181 945 ὃς
2210 884 2355 936 ἐστιν
2386 881 2618 951 Χριστὸς
2642 879 2865 951 Κύριος·
2896 901 2913 933 ι
2947 882 3008 934 οὐ
3037 881 3188 948 λέγει
3210 880 3395 943 δὲ,Ὂς
3421 877 3574 931 ἔσται
3594 878 3706 930 Κύ-

2128 975 2333 1046 ριος,ῆ.
2372 975 2458 1027 Ἐν
2479 967 2523 1042 ᾧ
2549 973 2796 1043 όΚύριος
2816 973 3120 1043 ἐνοικήσειν
3151 970 3354 1041 μέλλει,
3384 968 3521 1033 ἀλλ’,
3553 987 3571 1018 ι
3606 967 3704 1030 ’ος

2127 1071 2273 1121 ἐστιν
2294 1067 2518 1137 Κύριος.
2553 1086 2570 1118 ι
2618 1067 2769 1120 Ίίδοὺ
2800 1066 2978 1119 τοίνυν
3002 1063 3207 1135 Κύριον
3230 1060 3482 1132 φανερῶς
3508 1059 3600 1113 τὸν
3620 1077 3708 1111 τε·

2127 1159 2324 1230 χθέντα
2355 1161 2383 1211 6
2410 1159 2641 1227 ἄγγελος
2687 1157 3135 1226 εὐαγγελίζεται·
3186 1151 3305 1207 εἶτα
3340 1154 3436 1208 καὶ
3480 1154 3707 1223 σημεῖον

2127 1249 2316 1321 ὥσπερ
2361 1252 2545 1313 αὐτοῖς
2595 1251 2696 1321 τῆς
2752 1250 2846 1304 τοῦ
2877 1250 3087 1322 Κυρίου
3144 1248 3272 1312 θέας
3312 1247 3707 1319 παρεχόμενος,

2132 1360 2150 1393 ι
2181 1343 2476 1413 Εὐρήσετε,
2529 1344 2721 1411 φησὶν,
2777 1342 2977 1413 βρέφος
3020 1340 3553 1412 ἐσπαργανωμένον,
3612 1338 3709 1391 καὶ

2126 1434 2377 1504 κείμενον
2407 1436 2464 1489 ἐν
2492 1436 2689 1506 φάτνῃ.
2729 1453 2747 1486 ι
2786 1434 3156 1504 Παραπλήσιόι
3177 1450 3237 1487 τε
3267 1432 3343 1502 τῷ
3370 1432 3586 1499 ἀγγέλῳ
3615 1433 3711 1484 καὶ

2125 1527 2154 1577 6
2176 1526 2378 1596 Πέτρος
2400 1526 2705 1595 κηρύττων,
2724 1526 2812 1578 ὅτε
2832 1526 2967 1596 πρὸς
2992 1526 3084 1579 τὸν
3107 1524 3406 1595 Κορνήλιον
3430 1522 3710 1593 είσῆλθεν,

2127 1616 2341 1684 ἔλεγεν·
2392 1637 2410 1668 ‹
2447 1617 2552 1669 Τὸν
2584 1616 2744 1682 λόγον
2778 1616 3102 1669 ἀπέστειλεν
3145 1619 3258 1676 τοῖς
3288 1616 3423 1677 υἱοῖς
3468 1612 3705 1684 Ἰσραὴλ,

2127 1705 2616 1777 εὐαγγελιζόμενος
2652 1707 2877 1778 εἰρήνην
2907 1706 2995 1760 διὰ
3029 1705 3206 1776 Ἰησοῦ
3246 1703 3485 1776 Χριστοῦ
3506 1721 3521 1735 ο
3552 1695 3710 1765 οὗτός

2130 1800 2245 1851 ἐστι
2280 1800 2483 1870 Κύριος
2532 1798 2770 1853 πάντων.
2805 1818 2823 1851 ι
2875 1800 3035 1869 Ὁρᾷς
3076 1798 3192 1861 πῶς
3236 1798 3328 1850 τὸν
3374 1797 3553 1866 λόγον,
3590 1795 3710 1849 ἀντὶ

449 1894 567 1932 sum
614 1879 891 1935 Christum
933 1883 1158 1937 missum
1203 1885 1372 1937 fuisse
1422 1885 1595 1939 dicit?
1654 1884 1866 1958 lum
1917 1887 2022 1941 De-

2135 1888 2223 1941 τοῦ
2263 1888 2324 1940 τὸ
2360 1867 2629 1959 σωτήριον
2675 1867 2948 1959 κήρυγμα
2971 1867 3060 1940 διὰ
3098 1887 3273 1955 Ἰησοῦ
3322 1885 3560 1958 Χριστοῦ
3603 1887 3710 1943 ἁπ-

450 1981 868 2042 moustransque
909 1973 1039 2037 illis,
1079 1975 1331 2043 quisnam
1366 1986 1508 2029 esset
1538 1974 1697 2031 Jesus
1747 1978 2024 2043 Christus,

455 2081 474 2113 ι
523 2062 621 2119 llic
649 2072 754 2129 est,
811 2067 907 2132 ait,
944 2070 1187 2120 omnium
1221 2068 1506 2122 Dominus.
1551 2087 1571 2120 ι
1613 2067 1803 2124 Viden‘
1840 2068 2023 2123 infan-

453 2159 624 2212 tulum
665 2169 775 2213 tum
822 2161 889 2215 ab
924 2160 1115 2231 angelo
1148 2170 1257 2215 tum
1288 2178 1318 2216 a
1359 2160 1521 2217 Petro
1562 2161 1852 2217 Dominum
1881 2165 2026 2217 dici?

454 2250 597 2321 Ergo
631 2249 858 2321 Deipara
894 2254 1119 2307 omnino
1170 2262 1254 2308 est
1308 2270 1430 2323 quae
1477 2255 1759 2310 Dominum
1795 2257 2024 2326 peperit.

450 2341 543 2397 Sic
595 2342 764 2411 ipsam
818 2342 981 2398 etiam
1034 2344 1180 2399 beati
1230 2343 1485 2413 Baptista:
1545 2356 1767 2411 mater,
1818 2349 2026 2417 Spiritu

450 2444 641 2489 sancto
673 2443 942 2504 permota,
972 2437 1283 2506 appellavit.
1316 2456 1334 2487 ι
1368 2438 1591 2504 Repleta
1625 2449 1708 2492 est
1739 2441 1905 2505 enim,
1942 2441 2026 2493 in-

451 2527 572 2595 quit
606 2527 911 2595 Scriptura,
946 2527 1224 2583 Elisabeth
1256 2529 1461 2599 Spiritu
1514 2540 1724 2598 sancto,
1762 2542 1817 2585 et
1844 2531 2029 2586 excla-

454 2615 984 2672 mavit:Benedicta
1030 2629 1084 2673 tu
1128 2621 1268 2675 inter
1303 2621 1584 2687 mulieres,
1622 2630 1679 2677 et
1714 2625 2029 2679 benedictus

453 2709 664 2764 fructus
707 2712 916 2765 ventris
961 2713 1058 2766 tui.
1128 2712 1193 2765 Et
1223 2714 1365 2767 unde
1402 2715 1506 2769 hoc
1553 2717 1703 2783 milii,
1750 2725 1807 2769 ut
1855 2728 2030 2772 mater

452 2801 671 2856 Domini
717 2805 821 2857 mei
855 2803 1039 2857 veniat
1071 2804 1136 2858 ad
1186 2806 1305 2859 me?
1345 2825 1363 2857 ι
1399 2806 1531 2872 Quis
1564 2807 1675 2875 jam
1714 2811 1849 2862 adeo
1880 2810 2029 2864 insa-

455 2894 589 2955 niat,
636 2904 693 2947 ut
731 2895 865 2948 nolit
908 2912 1032 2950 cum
1078 2896 1388 2966 Evangeliis
1422 2898 1707 2967 Deiparam
1756 2900 2031 2969 appellare

453 2998 695 3041 sanctam
727 2985 1044 3056 Virginem?
1086 2988 1163 3043 Ne
1196 3004 1326 3059 ergo
1368 2990 1759 3060 simpliciorum
1808 2995 2032 3050 auribus

454 3080 563 3133 sint
606 3078 840 3144 molesti,
867 3080 991 3133 dum
1037 3096 1264 3149 puerum
1306 3090 1360 3135 et
1398 3082 1727 3137 inl‘antulum
1763 3085 2028 3151 vocitant,

2129 1977 2386 2032 εστάλθαι
2418 1978 2582 2048 φησί;
2612 1978 2705 2031 καὶ
2740 1978 2957 2041 δεικνὺς
3012 1978 3197 2042 αὐτοῖς
3242 1979 3326 2041 τίς
3372 1978 3458 2047 εἴη
3505 1975 3709 2045 Ἰησοῦς

2127 2070 2383 2141 Χριστὸς,
2406 2090 2424 2121 ι
2452 2062 2621 2133 Οὗτός
2646 2071 2814 2133 ἐστιν,
2838 2068 2967 2139 ἔφη,
2996 2070 3215 2123 πάντων
3236 2070 3464 2140 Κύριος.
3486 2087 3504 2119 ι
3546 2068 3711 2139 Ὁρᾷς

2125 2162 2189 2215 τὸ
2216 2161 2435 2231 βρέφος,
2464 2162 2672 2234 Κύριον
2698 2162 2790 2215 καὶ
2823 2162 2927 2216 ὐπδ
2954 2163 3047 2216 τοῦ
3079 2162 3334 2231 ἀγγέλου,
3365 2162 3460 2215 καὶ
3490 2160 3594 2213 ὑπὸ
3614 2160 3707 2212 τοῦ

2129 2253 2337 2324 Πέτρου
2374 2253 2471 2325 [ita
2501 2264 2729 2324 uterque
2754 2256 2922 2310 codex
2940 2255 3058 2310 sine
3086 2253 3277 2326 verbo]
3301 2273 3314 2321 ;
3342 2252 3552 2308 Οὐκοῦν
3577 2252 3709 2305 Θεο-

2125 2345 2286 2408 τόκος
2316 2346 2702 2415 ἀναμφιϐόλως
2732 2347 2765 2417 ὴ
2793 2348 2886 2401 τὸν
2914 2346 3119 2415 Κύριον
3144 2347 3474 2415 γεννήσασα.
3519 2343 3709 2407 Οὕτως

2130 2439 2301 2509 αὐτὴν
2346 2438 2505 2509 καὶὴ
2557 2439 2652 2492 τοῦ
2703 2443 2975 2511 μακαρίου
3022 2440 3329 2493 Βαπτιστοῦ
3384 2442 3566 2511 μήτηρ
3605 2439 3710 2491 ὑπὸ

2130 2531 2447 2601 Πνεύματος
2471 2532 2627 2599 ἁγίου
2658 2534 2951 2602 κινουμένη
2980 2534 3449 2605 προσηγόρευσεν·
3476 2553 3493 2583 ι
3520 2532 3711 2600 Ἐπλὴ-

2136 2623 2237 2694 σθη
2278 2623 2409 2695 γὰρ,
2446 2625 2695 2695 φησὶν,ή
2741 2625 3025 2678 Ἐλισάὅετ
3061 2625 3381 2696 Πνεύματος
3421 2624 3711 2693 ἀγίου,καὶ

2130 2716 2423 2787 ἀνεϐόησεν
2444 2732 2456 2745 ⁸
2490 2716 2847 2787 Εὐλογημένη
2880 2718 2943 2770 σὺ
2988 2720 3047 2770 ἐν
3095 2718 3332 2786 γυναιξὶ,
3365 2718 3457 2770 καὶ
3484 2717 3710 2786 εὐλογη-

2134 2809 2294 2878 μένος
2315 2809 2344 2860 6
2365 2809 2576 2879 καρπὸς
2596 2808 2693 2877 τῆς
2717 2808 2927 2872 κοιλίας
2952 2826 3067 2862 σου·
3097 2811 3190 2862 καί⁵
3220 2808 3385 2861 πόθεν
3417 2825 3505 2878 μοι
3530 2806 3708 2869 τοῦτο,

2129 2900 2219 2952 ἴνα
2259 2901 2292 2969 ἡ
2346 2901 2529 2970 μήτηρ
2566 2899 2661 2953 τοῦ
2690 2901 2898 2971 Κυρίου
2939 2918 3041 2971 μου
3076 2900 3206 2971 ἔλθῃ
3241 2900 3378 2968 πρός
3415 2918 3513 2971 με;
3550 2918 3569 2951 ι
3614 2899 3710 2963 Τίς

2134 2993 2226 3044 ἐπί
2273 2991 2526 3046 τοσοῦτον
2570 2992 2833 3063 μέμηνεν,
2890 2992 2965 3057 ὠς
3001 2992 3074 3063 μὴ
3103 2992 3391 3063 βούλεσθαι
3429 2993 3568 3062 μετά
3604 2992 3713 3045 τῶν

2132 3084 2486 3154 Εὐαγγελίων
2533 3084 2798 3139 Θεοτόκον
2826 3086 3123 3139 ἀποκαλεῖν
3155 3086 3254 3157 τὴν
3303 3086 3463 3154 ἁγίαν
3498 3084 3711 3156 Παρθέ-

457 3187 526 3225 ne
560 3170 702 3226 forte
732 3172 991 3240 paulatim
1018 3172 1330 3227 universum
1358 3190 1574 3243 quoque
1603 3176 1720 3245 ejus
1744 3179 2028 3232 adventum

2136 3194 2258 3243 vov;
2307 3176 2399 3247 Μὴ
2423 3176 2601 3233 τοίνυν
2629 3177 2740 3231 τῶν
2764 3178 3163 3249 ἀκεραιοτέρων
3198 3179 3297 3241 τάς
3318 3176 3493 3241 ἀκοὰς
3550 3177 3714 3248 θορυ-

455 3272 770 3333 pernegent.
815 3262 1143 3317 Nominatus
1180 3276 1266 3319 est
1306 3265 1451 3319 enim
1500 3265 1795 3322 infantulus
1829 3268 1896 3323 ab
1929 3286 2027 3324 an-

456 3356 596 3431 gelo,
629 3356 721 3411 sed
755 3356 916 3411 simul
950 3357 1233 3414 Dominus.

528 3674 622 3730 24.
660 3672 845 3742 Neque
892 3673 994 3727 hoc
1032 3671 1149 3726 loco
1200 3687 1390 3727 rursus
1438 3672 1873 3738 obmurmurent,
1914 3689 2037 3742 pas-

459 3767 672 3823 sionem
701 3765 1024 3833 obiicientes
1049 3773 1103 3819 et
1134 3765 1613 3829 resurrectionem,
1639 3774 1694 3818 et
1718 3766 1859 3832 quod
1888 3766 2033 3821 Deus

460 3860 610 3915 illum
645 3857 1165 3922 suscitaverit;jam
1197 3856 1344 3910 enim
1390 3856 1443 3910 in
1481 3856 1913 3924 praecedentibus
1941 3859 2036 3913 de-

460 3962 760 4007 monstrata
814 3950 920 4003 fuit
974 3950 1405 4018 dispensationis
1464 3949 1626 4002 ratio.
1678 3951 1932 4003 Attamen
1991 3951 2035 4005 si

460 4045 604 4101 forte
643 4045 806 4097 velint
852 4043 1158 4097 evidentius
1196 4042 1373 4095 adhuc
1428 4041 1663 4105 discere,
1714 4042 1837 4110 quis
1892 4054 2041 4097 esset

460 4137 552 4191 ille
578 4137 893 4200 crucifixus,
921 4136 1143 4187 audiant
1175 4133 1361 4187 mundi
1410 4133 1715 4197 doctorem,
1750 4133 1800 4187 id
1837 4133 2034 4189 Corin-

461 4228 592 4283 thiis
618 4229 949 4282 scribentem
988 4244 1000 4279 :
1027 4244 1045 4276 ι
1085 4226 1193 4294 Ego
1218 4224 1386 4291 enim,
1419 4225 1616 4293 inquit,
1649 4227 1831 4294 accepi
1865 4242 1893 4279 a
1926 4225 2036 4281 Do-

462 4323 634 4386 mino,
671 4330 725 4375 et
752 4320 905 4373 vobis
941 4318 1163 4381 tradidi,
1192 4318 1452 4387 quoniam
1493 4318 1753 4372 Dominus
1781 4317 1941 4373 Jesus
1981 4319 2032 4372 in

462 4430 568 4480 qua
602 4424 758 4466 nocte
788 4412 1123 4469 tradebatur,
1145 4412 1356 4479 accepit
1378 4424 1574 4479 panem
1602 4410 1666 4475 “,
1700 4422 1780 4464 pet
1806 4411 2030 4479 reliqua.

461 4505 657 4559 Cernis
705 4520 827 4555 eum
876 4502 965 4569 qui
1018 4516 1115 4567 pro
1168 4501 1326 4555 nobis
1374 4516 1568 4569 passus
1607 4510 1717 4567 est,
1749 4500 2034 4555 Dominum

2139 3269 2426 3334 6εἰτωσαν,
2463 3269 2674 3323 παιδίον
2723 3270 2817 3322 καί⁸
2862 3268 3059 3341 βρέφος
3088 3270 3444 3340 ὀνομάζοντες
3468 3312 3483 3337 ,
3515 3270 3599 3323 ἵνα
3640 3268 3717 3339 μὴ

2137 3358 2258 3410 κατ’
2290 3356 2470 3425 ὀλίγον
2502 3357 2599 3411 καὶ
2646 3360 2828 3411 πᾶσαν
2859 3358 3026 3411 αὐτοῦ
3067 3360 3166 3428 τὴν
3208 3360 3503 3429 ἐπιδημίαν
3549 3360 3714 3429 ἀρνή-

2140 3467 2368 3503 σωνται·
2405 3450 2721 3521 ὠνόμασται
2773 3451 2882 3523 γὰρ
2932 3450 3134 3523 βρέφος
3180 3452 3286 3506 ὑπὸ
3317 3451 3411 3505 τοῦ
3460 3450 3723 3520 ἀγγέλου,

2137 3541 2252 3595 ἀλλ’
2284 3542 2400 3613 ἃμα
2434 3543 2529 3597 καὶ
2556 3542 2782 3616 Κύριος.

2210 3673 2308 3726 κδ’.
2348 3674 2488 3745 Μηδ’
2520 3675 2577 3726 ἐν
2602 3672 2777 3744 τούτῳ
2803 3673 2860 3726 δὲ
2888 3672 3048 3727 πάλιν
3068 3672 3503 3743 ψιθυριζέτωσαν
3529 3688 3589 3725 το
3618 3682 3717 3724 πα-

2140 3765 2231 3828 θος
2266 3765 2717 3836 προὸαλλόμενοι,
2751 3765 2845 3818 καὶ
2877 3766 2977 3836 τὴν
3007 3766 3324 3826 ἀνάστασιν,
3357 3764 3450 3817 καὶ
3477 3765 3558 3815 ὅτι
3584 3762 3717 3827 Θεὸς

2141 3858 2304 3910 αὐτὸν
2338 3858 2557 3927 ἤγειρεν
2579 3872 2591 3886 ’
2623 3857 2723 3927 ἤδη
2761 3857 2859 3926 μὲν
2885 3856 2994 3928 γὰρ
3020 3856 3113 3909 καὶ
3136 3859 3193 3908 ἐν
3218 3858 3330 3918 τοῖς
3354 3853 3715 3925 προλαΰοῦσιν

2142 3949 2519 4003 ἀποδέδεικται
2553 3949 2656 4018 τῆς
2697 3949 3011 4019 οἰκονομίας
3053 3950 3081 4000 ὁ
3136 3947 3309 4015 λόγος.
3345 3946 3491 4015 Πλὴν
3542 3946 3590 3997 εί
3622 3946 3716 3999 καὶ

2143 4041 2522 4112 φανερώτερον
2554 4040 2847 4112 μανθάνειν
2869 4040 3168 4110 βούλονται,
3202 4040 3284 4101 τίς
3306 4042 3333 4091 6
3366 4038 3718 4110 ἐσταυρωμέ-

2142 4152 2231 4197 νος
2256 4135 2525 4205 ὑπῆρχεν,
2562 4133 2914 4186 ἀκουέτωσαν
2949 4132 3043 4185 τοῦ
3080 4132 3177 4202 τῆς
3208 4130 3533 4200 οἰκουμένης
3569 4128 3715 4181 διδα-

2144 4226 2347 4278 σκάλου
2377 4267 2392 4289 ,
2447 4224 2606 4278 τοῦτο
2663 4224 2974 4295 Κορινθίοις
3025 4222 3465 4284 ἐπιστέλλοντος·
3521 4240 3538 4271 ι
3577 4219 3720 4288 Ἐγὼ

2142 4318 2273 4388 γὰρ,
2300 4319 2455 4388 φησὶ,
2480 4316 2791 4389 παρέλαϐον
2816 4316 2922 4368 ἀπὸ
2948 4314 3042 4367 τοῦ
3066 4314 3293 4384 Κυρίου,
3311 4314 3406 4365 καὶ
3428 4312 3719 4381 παρέδωκα

2145 4412 2294 4481 ὑμῖν,
2324 4412 2408 4463 ὅτι
2453 4413 2481 4462 6
2516 4409 2719 4479 Κύριος
2772 4408 2981 4476 Ἰησοῦς
3015 4409 3079 4477 τῇ
3121 4407 3276 4460 νυκτὶ
3384 4403 3716 4475 παρεδίδοτο,

2142 4506 2333 4560 ἐλαόεν
2363 4506 2546 4575 ἄρτον,
2572 4524 2587 4555 ι
2612 4505 2705 4557 καὶ
2733 4504 2800 4557 τὰ
2828 4502 2973 4572 ἐξῆς.
3012 4501 3251 4570 Θεωρεῖς
3282 4498 3374 4550 τὸν
3402 4497 3541 4567 ὑπὲρ
3565 4493 3719 4565 ἡμῶν

463 4597 638 4667 palatii
674 4594 1058 4664 przedicatum?
1095 4591 1244 4657 Quod
1271 4593 1313 4646 si
1347 4593 1535 4655 verba,
1563 4611 1581 4643 ι
1623 4592 1767 4647 Deus
1800 4593 1971 4662 ipsum
2008 4608 2030 4646 ε

2145 4599 2412 4663 παθόντα,
2448 4599 2654 4669 Κύριον
2700 4595 2949 4665 φανερῶς
2983 4593 3417 4665 κηρυττόμενον;
3449 4592 3511 4643 Εί
3545 4588 3603 4641 δὲ
3629 4589 3719 4641 καὶ

465 4689 693 4743 mortuis
729 4686 1019 4741 suscitavit
1046 4685 1147 4745 ¹’,›
1188 4683 1517 4739 otl’endiculo
1553 4684 1866 4737 hominibus
1892 4693 2038 4747 sunt,

465 4792 654 4852 utpote
678 4781 743 4834 de
781 4781 999 4833 homine
1027 4776 1194 4840 dicta,
1228 4778 1400 4845 ipsum
1434 4777 1614 4830 adhuc
1642 4778 1866 4830 audiant
1893 4778 2039 4846 Apo-

464 4876 663 4930 stolum
700 4875 838 4929 hanc
866 4887 1080 4943 quoque
1114 4871 1476 4941 suspicionem
1516 4870 1900 4937 perimentem.
1939 4872 2039 4926 Se-

465 4967 699 5022 cundum
724 4966 867 5019 enim
902 4964 1328 5033 dispensationis
1360 4963 1625 5016 rationem
1668 4962 1784 5016 haac
1818 4962 1871 5015 in
1904 4977 2037 5015 san-

466 5060 571 5114 ctis
603 5058 750 5111 dicta
786 5066 913 5110 sunt
955 5055 1278 5124 Scripturis.
1314 5052 1447 5106 Nam
1481 5053 1623 5121 quod
1649 5051 1915 5107 Dominus
1948 5068 2037 5107 es-

467 5161 551 5205 set
585 5151 629 5204 is
653 5151 742 5217 qui
774 5150 825 5202 in
859 5163 1027 5204 carne
1060 5161 1253 5216 passus
1285 5154 1369 5199 est
1391 5155 1445 5199 et
1477 5145 1798 5209 resurrexit,
1830 5155 1881 5200 et
1908 5161 2034 5211 non,

469 5254 527 5296 ut
559 5242 640 5296 isti
666 5243 844 5304 aiunt,
872 5239 1036 5293 homo
1063 5236 1268 5291 habens
1297 5233 1535 5289 Verbum
1573 5235 1904 5297 inhabitans,
1938 5250 2036 5287 au-

471 5336 620 5390 diant
654 5332 881 5388 Paulum
916 5330 1179 5385 Romanis
1206 5330 1279 5383 ita
1311 5328 1379 5383 de
1419 5328 1732 5382 Abrahamo
1763 5329 2041 5382 conliden-

472 5436 554 5483 ter
604 5428 984 5481 scribentem:
1040 5443 1057 5475 ι
1106 5422 1223 5477 Νοιι
1279 5421 1400 5492 ejus
1448 5434 1613 5476 causa
1671 5423 2044 5476 tantummodo

475 5520 673 5586 scripta
722 5527 849 5571 sunt
891 5517 1026 5580 haec,
1073 5516 1168 5570 sed
1217 5515 1383 5568 etiam
1438 5519 1662 5582 prepter
1697 5526 1817 5575 nos,
1850 5514 2048 5581 quibus

478 5610 872 5681 reputabuntur
917 5606 1267 5663 credentibus
1303 5606 1354 5660 in
1390 5620 1536 5672 eum,
1575 5606 1665 5673 qui
1708 5600 1894 5658 Jesum
1946 5605 2050 5659 Do-

566 5839 737 5895 ‘Luc.
774 5853 832 5906 ιι,
867 5836 948 5893 ιι.
1026 5837 1048 5867 ⁸
1072 5836 1201 5893 ibid.
1235 5835 1315 5891 l2.
1414 5837 1433 5868 θ
1457 5837 1575 5892 Act.
1607 5851 1657 5904 ι,
1690 5836 1776 5892 56.

1881 5838 1919 5867 ⁵ο
1948 5835 2077 5892 Luc.
2116 5854 2150 5901 I,
2194 5836 2375 5891 i143.

2142 4693 2225 4758 τὸ,
2268 4711 2284 4743 ι
2307 4692 2366 4745 Ὀ
2394 4691 2525 4755 Θεὸς
2559 4691 2724 4744 αὐτὸν
2768 4689 2989 4759 ἤγειρεν
3021 4688 3083 4739 ἐκ
3111 4683 3341 4755 νεκρῶν,
3374 4702 3390 4732 ι
3434 4680 3719 4735 σκανδαλί-

2146 4786 2227 4849 ζει
2250 4785 2377 4846 τοὺς
2416 4780 2761 4850 ἀνθρώπους,
2800 4780 2876 4842 ὼς
2917 4779 3045 4848 περὶ
3074 4776 3368 4847 ἀνθρώπου
3407 4774 3718 4844 λεγόμενον,

2146 4874 2316 4929 αὐτοῦ
2345 4874 2509 4927 πάλιν
2541 4872 2634 4925 τοῦ
2667 4870 2995 4924 Ἀποστόλου
3017 4869 3112 4921 καὶ
3142 4866 3344 4937 ταύτην
3377 4866 3722 4919 ἀκουέτωσαν

2148 4964 2496 5035 ἀναιροῦντος
2524 4962 2622 5033 τὴν
2659 4962 2911 5015 ὑπόνοιαν
2934 4978 2945 4991 ⁸
2983 4958 3343 5028 οἰκονομικῶς
3382 4956 3488 5028 γὰρ
3517 4956 3583 5009 τὰ
3614 4974 3723 5008 τοι·

2148 5056 2286 5110 αῦτα
2303 5057 2360 5109 ἐν
2386 5056 2505 5116 ταῖς
2536 5053 2717 5121 ἁγίαις
2735 5051 2952 5123 εἴρηται
2968 5051 3363 5122 Γραφαῖς.”οτι
3390 5048 3498 5117 γὰρ
3520 5046 3725 5120 Κύριος

2144 5145 2211 5219 ἦν
2235 5150 2261 5201 6
2276 5150 2341 5218 τῇ
2365 5146 2527 5217 σαρκὶ
2547 5147 2642 5201 καὶ
2659 5144 2881 5215 πάσχων
2899 5146 2993 5197 καὶ
3009 5143 3387 5214 ἀνιστάμενος,
3400 5141 3493 5195 καὶ
3510 5141 3628 5209 οὐχ,
3649 5138 3724 5204 ὼς

2144 5238 2296 5293 αὐτοί
2315 5255 2499 5307 φασιν,
2514 5237 2609 5291 ἀνθ
2619 5254 2796 5307 ρωπος
2810 5237 3079 5305 ἐνοίκησιν
3091 5234 3229 5304 ἔχων
3246 5232 3338 5286 τοῦ
3362 5232 3554 5301 Λόγου,
3570 5233 3728 5285 ἀκου-

2146 5333 2353 5385 έτωσαν
2371 5329 2466 5383 τοῦ
2487 5328 2698 5383 Παύλου
2715 5329 3007 5398 Ῥωμαίοις
3023 5328 3165 5381 οὓτω
3190 5326 3474 5397 παρρησίᾳ
3496 5326 3727 5394 γράφον-

2146 5442 2237 5488 τος
2254 5424 2381 5495 περὶ
2406 5421 2501 5476 τοῦ
2536 5421 2785 5493 Ἀϐραάμ
2806 5439 2818 5451 ·
2850 5442 2867 5472 ι
2894 5422 3007 5474 Οὐκ
3023 5422 3237 5492 ἐγράφη
3257 5418 3504 5472 διἀὐτὸν
3542 5418 3722 5487 μόνον,

2150 5517 2287 5571 ἀλλά
2304 5518 2399 5569 καὶ
2414 5517 2482 5569 δι’
2497 5517 2664 5587 ἡμᾶς,
2681 5512 2762 5578 οἷς
2781 5514 2962 5585 μέλλει
2980 5512 3291 5582 λογίζεσθαι
3308 5514 3421 5573 τοῖς
3440 5508 3723 5563 πιστεύου-

2152 5629 2234 5664 σιν
2266 5610 2359 5662 ἐπὶ
2393 5609 2485 5662 τὸν
2514 5607 2806 5678 ἐγείραντα
2842 5604 3052 5676 Ἰησοῦν
3088 5604 3179 5657 τὸν
3220 5602 3427 5673 Κύριον
3472 5600 3631 5672 ἡμῶν
3662 5601 3723 5654 ἐκ

2458 5833 2539 5888 “1
2578 5834 2702 5891 Cur.
2741 5831 2937 5901 Χ1,25.
3018 5833 3057 5861 η
3088 5830 3206 5885 Act.
3241 5845 3299 5897 ιι,
3334 5826 3425 5881 ει.
