4104 6336
352 410 457 471 185

1448 410 1640 479 QUOD
1680 410 1740 465 Β.
1782 409 2003 465 MARIA
2044 407 2151 464 SIT
2195 405 2517 461 DEIPARA.

3508 398 3612 454 986

351 529 580 601 νεκρῶν.
617 547 635 579 ι
668 528 945 591 Ἤκουσας
988 527 1080 582 τὸν
1113 527 1491 599 ἐγειρόμενον,
1514 526 1721 598 Κύριον
1756 543 1929 598 προσ·

2043 524 2244 580 minum
2295 532 2543 579 nostrum
2585 534 2617 576 e
2655 517 2889 573 mortuis
2913 515 3196 571 suscitavit
3232 514 3301 567 ’³.
3342 531 3360 564 ι
3401 511 3612 565 Audiin

352 620 787 694 αγορευόμενον;
819 620 1032 689 Μηκέτι
1062 618 1414 682 σκανδαλίζου
1442 619 1535 671 ἐπὶ
1570 621 1684 683 τοῖς
1720 620 1927 673 οἰκονο-

356 712 530 783 μικῶς
563 711 900 781 λεγομένοις.

420 899 517 947 κε’.
542 893 652 945 Καὶ
689 890 847 945 τοῦτο
866 891 919 944 δὲ
935 893 1047 953 τοῖς
1072 892 1383 961 εἰρημένοις
1406 892 1723 964 προσθεῖναι
1762 893 1926 962 ἀναγο

352 989 505 1039 καῖον
532 985 786 1055 ὑπάρχει,
824 984 910 1037 ἵνα
941 985 1013 1055 μή
1035 1002 1118 1047 τις
1150 985 1401 1057 ὑπολάϐῃ
1426 987 1609 1055 χάριτι
1628 970 1723 1037 καὶ
1743 985 1927 1051 αὐτὸν,

353 1078 607 1148 καθάπερ
635 1077 804 1146 ἡμᾶς,
842 1075 974 1128 Θεὸν
1011 1077 1106 1128 καὶ
1143 1075 1349 1148 Κύριον
1376 1077 1471 1129 καὶ
1498 1076 1625 1129 Υἱὸν
1655 1092 1928 1147 προσαγο-

356 1170 669 1241 ρευόμενον.
716 1168 906 1239 Ἡμεῖς
943 1168 1041 1239 μὲν
1069 1167 1179 1238 γὰρ
1214 1171 1263 1222 εί
1301 1169 1398 1222 καὶ
1427 1167 1743 1239 καλούμεθα
1792 1168 1927 1231 θεοὶ,

354 1262 491 1316 ἀλλὰ
530 1262 691 1316 πάλιν
739 1260 1014 1330 ἀκούομεν
1060 1261 1155 1313 καὶ
1197 1262 1296 1331 τῆς
1342 1260 1627 1324 ἀσθενείας
1666 1260 1823 1331 ήμῶν
1870 1260 1932 1313 τὸ

357 1358 553 1431 μέτρον
576 1373 592 1389 ο
631 1374 651 1407 ι
690 1351 833 1421 Ἐγὼ
861 1352 971 1421 γὰρ
1001 1348 1151 1414 εἶπα,
1189 1352 1343 1421 φησὶ,
1366 1351 1491 1406 Θεοί
1524 1354 1670 1415 ὲστε,
1703 1350 1793 1403 καὶ
1823 1350 1933 1403 υἱοὶ

364 1449 645 1519 ’Υψίστουο
681 1464 701 1497 ›
733 1444 848 1498 ἀλλ’
882 1442 1086 1506 εὐθέως
1117 1443 1346 1510 ἐπάγει⁸
1383 1462 1400 1493 ι
1434 1442 1623 1511 Ὑμεῖς
1651 1442 1709 1494 δὲ
1738 1441 1813 1503 ὡς
1837 1440 1932 1494 άν-

354 1542 566 1613 θρωποι
605 1537 1009 1607 ἀποθνήσκετε’
1044 1554 1061 1584 ι
1100 1535 1194 1587 καὶ
1219 1534 1376 1605 δῆλον
1416 1533 1492 1597 ὡς
1524 1534 1622 1607 τὴν
1654 1550 1930 1603 προσηγο-

356 1636 480 1707 ρίαν
525 1632 666 1687 κατὰ
698 1629 863 1701 χάριν
896 1628 1247 1698 ἐσχήκαμεν
1282 1626 1448 1690 αὐτὸς
1490 1627 1547 1679 δὲ
1591 1626 1690 1697 οὐχ
1733 1624 1929 1689 οὕτως,

354 1725 491 1779 ἀλλά
529 1721 667 1793 μετὰ
707 1720 810 1790 τῆς
849 1716 1192 1787 θεοπρεποῦς
1250 1715 1408 1786 δόξης
1466 1717 1562 1770 καὶ
1618 1716 1717 1787 τὴν
1763 1732 1932 1786 προσ-

352 1816 584 1888 ηγορίαν
615 1813 750 1883 ἔχει.
798 1810 1061 1864 Καλεῖται
1093 1813 1203 1880 γὰρ
1250 1809 1348 1878 οὐχ
1395 1807 1578 1871 ἁπλῶς
1610 1807 1762 1870 Θεὸς,
1795 1804 1931 1859 ἀλλά

2034 627 2158 672 eum
2186 615 2278 687 qui
2313 614 2614 669 suscitatus
2645 610 2772 676 fuit,
2812 608 3105 663 Dominum
3139 603 3506 677 appellatum?
3537 600 3614 656 Ne

2031 724 2165 780 ergo
2218 722 2339 777 qum
2391 706 2688 761 secundum
2738 702 3203 771 dispensationem
3256 707 3386 754 sunt
3439 698 3609 759 dicta,

2031 799 2297 857 seandalo
2331 797 2427 854 tibi
2453 798 2582 851 sint.

2104 893 2199 947 25.
2224 890 2337 947 Sed
2359 900 2415 945 et
2438 889 2582 944 aliud
2611 886 2890 957 praedictis
2916 884 3225 940 necessario
3248 879 3612 951 adjiciendum

2030 997 2135 1053 est,
2166 1001 2236 1041 ne
2271 985 2394 1056 quis
2435 983 2748 1052 suspicetur
2800 981 2980 1050 ipsum
3028 978 3289 1048 gratiose,
3324 975 3470 1030 sicut
3510 986 3609 1025 no-

2030 1081 2115 1136 bis
2141 1079 2418 1140 usuvenit,
2456 1086 2512 1131 et
2547 1075 2715 1130 Deum
2764 1073 2935 1127 fuisse
2959 1070 3286 1140 appellatum
3329 1076 3379 1121 et
3426 1064 3611 1118 Domi-

2031 1187 2160 1227 num
2184 1182 2348 1240 atque
2376 1168 2597 1224 Filium.
2641 1165 2752 1221 Nos
2780 1164 2980 1233 quippe
3019 1159 3233 1215 etiamsi
3267 1158 3340 1212 dii
3374 1154 3612 1225 appelle-

2031 1282 2174 1332 mur,
2206 1261 2380 1318 nihilo
2407 1270 2587 1313 tamen
2620 1256 2801 1311 minus
2833 1251 3170 1309 inﬁrmitatis
3201 1247 3362 1305 simul
3408 1254 3612 1300 nostra:

2031 1355 2309 1414 modulum
2349 1351 2627 1406 audimus.
2663 1368 2680 1399 ι
2721 1346 2833 1418 Ego
2864 1344 3009 1400 enim
3058 1341 3208 1407 dixi,
3245 1338 3424 1408 inquit
3460 1335 3614 1391 Psaio

2032 1446 2324 1512 mista,Dii
2371 1444 2506 1500 estis
2538 1450 2592 1497 et
2619 1437 2885 1496 Altissimi
2930 1435 3025 1489 ﬁlii
3058 1433 3123 1487 ἰ.
3160 1451 3180 1485 ι
3226 1430 3331 1485 Sed
3362 1428 3614 1499 protinus

2032 1540 2219 1595 addit:
2241 1557 2260 1589 ι
2280 1537 2391 1592 Vos
2411 1544 2595 1589 autem
2621 1541 2679 1585 ut
2704 1528 2953 1584 homines
2976 1536 3207 1580 mortem
3233 1519 3480 1593 patimini
3499 1519 3564 1570 ".
3586 1536 3609 1570 ν

2032 1635 2195 1691 Certe
2223 1636 2442 1686 constat
2472 1626 2571 1681 bac
2596 1639 2695 1679 nos
2727 1619 3092 1692 appellatione
3122 1611 3344 1670 nonnisi
3365 1626 3460 1681 per
3484 1625 3614 1679 gra-

2033 1727 2164 1780 tiam
2196 1721 2323 1777 frui.
2352 1716 2469 1774 Non
2495 1717 2576 1771 sic
2598 1715 2734 1783 ipse,
2771 1711 2866 1765 sed
2901 1723 3024 1763 cum
3060 1706 3222 1777 digna
3269 1704 3382 1758 Deo
3439 1700 3612 1772 gloria

2034 1831 2229 1871 nomen
2259 1825 2480 1884 quoque
2512 1808 2672 1879 gerit.
2699 1805 2940 1860 Vocatur
2962 1816 3068 1855 non
3103 1796 3429 1868 simpliciter
3448 1794 3615 1855 Deus,

521 1906 613 1959 ἐπὶ
649 1904 892 1966 πάντων,
930 1901 1026 1954 καὶ
1060 1900 1355 1971 εὐλογητὸς
1384 1901 1466 1963 είς
1519 1899 1645 1963 τοὺς
1688 1898 1892 1960 αἰῶνας
1916 1913 1929 1927 ⁶

2043 1910 2132 1967 sed
2171 1922 2335 1978 super
2363 1902 2545 1960 omnia
2595 1899 2755 1961 Deus,
2782 1903 2835 1950 et
2868 1894 3190 1949 benedictus
3235 1890 3286 1942 in
3318 1886 3514 1942 sarcula
3544 1884 3611 1937 η.

356 2001 599 2055 καλεῖται
624 1997 680 2050 δὲ
706 1995 869 2050 πάλιν
910 1994 1007 2047 καὶ
1053 1992 1282 2065 Κύριος,
1314 1993 1415 2045 οὐκ
1464 1992 1688 2062 ὀνόματι
1746 1992 1929 2061 μόνον,

354 2092 543 2159 ὥσπερ
584 2089 765 2159 ἡμεῖς,
799 2084 935 2139 ἀλλὰ
986 2083 1191 2153 Κύριος
1219 2083 1321 2152 τῆς
1370 2083 1550 2153 δόξης,
1586 2082 1682 2134 καὶ
1725 2080 1931 2152 Κύριος

356 2186 598 2245 πάντων,
643 2180 716 2243 ὡς
750 2180 778 2232 6
831 2179 1041 2248 Πέτρος
1083 2176 1353 2242 ἐδίδαξενο
1397 2176 1689 2245 λεγόμενος
1736 2174 1792 2227 δὲ
1838 2176 1933 2228 καὶ

355 2276 504 2340 Υἱὸς,
537 2273 659 2329 οὐδὲ
705 2269 869 2324 τοῦτο
902 2270 1162 2341 καθάπερ
1192 2270 1353 2340 ἡμεῖς
1390 2266 1578 2330 ἁπλῶς
1608 2266 1749 2331 υίὸς,
1795 2266 1934 2319 ἀλλά

355 2370 485 2433 Υἱὸς
540 2368 723 2438 μόνος,
771 2367 864 2419 καὶ
914 2363 1167 2435 ἀληθινὸς
1216 2361 1338 2415 κατ’
1364 2361 1596 2423 οὐσίαν,
1637 2359 1713 2422 ὥς
1768 2376 1934 2431 φησιν

368 2463 619 2531 Ἰωάννης
639 2477 653 2492 °
686 2479 704 2511 ‹
732 2458 843 2513 Καὶ
873 2456 1039 2527 ἐσμὲν
1071 2457 1130 2508 ἐν
1170 2454 1249 2525 τῷ
1288 2452 1528 2523 ἀληθινῷ
1572 2452 1711 2522 Θεῷ,
1744 2453 1835 2505 καὶ
1875 2454 1934 2505 ὲν

354 2643 592 2706 αἰώνιος.
618 2662 636 2694 ι
669 2639 1050 2711 Φανερὼτερον
1081 2638 1140 2691 δὲ
1170 2636 1361 2690 τοῦτον
1390 2638 1417 2689 6
1447 2636 1745 2698 ἀπόστολος
1784 2635 1932 2689 Παῦ-

354 2736 449 2799 λος
470 2736 577 2790 ἀπὸ
603 2735 708 2789 τῶν
740 2732 949 2787 πολλῶν
975 2730 1197 2802 διορίζει
1228 2729 1304 2793 ὼς
1336 2728 1497 2800 μόνον
1521 2714 1614 2782 καῖ
1633 2727 1775 2781 κατά
1798 2728 1935 2798 ἀλή-

356 2830 510 2883 θειαν
530 2828 658 2882 Υἱόν
684 2844 696 2855 ·
726 2828 877 2895 λέγει
903 2824 1012 2894 γὰρ
1033 2823 1234 2887 οὓτως·
1272 2841 1290 2873 ι
1328 2822 1442 2875 Καὶ
1474 2820 1583 2893 γὰρ
1610 2821 1768 2892 εἴπερ
1798 2822 1935 2874 εἰσιν

354 2923 639 2993 λεγόμενοι
669 2920 802 2984 θεοὶ,
839 2918 947 2972 εἴτε
992 2918 1050 2970 ὲν
1080 2915 1316 2988 οὐρανῷ,
1366 2915 1475 2968 εἴτε
1522 2915 1615 2967 ἐπὶ
1665 2918 1765 2985 τῆς
1806 2915 1933 2983 γῆς,

356 3013 545 3085 ὥσπερ
574 3013 712 3067 εἰσὶν
762 3012 876 3065 θεολ⁸
930 3008 1118 3062 πολλοὶ
1174 3008 1272 3061 καὶ
1328 3007 1511 3078 κύριοι
1553 3004 1741 3059 πολλοὶ
1776 3005 1935 3073 λεγό-

360 3123 530 3178 μενοι⁸
567 3124 583 3156 ι
618 3105 780 3157 πάλιν
810 3103 900 3155 ἵνα
924 3101 1024 3173 [ita
1054 3100 1227 3155 codex
1260 3096 1516 3169 uterque]
1548 3100 1696 3168 νοῇς,
1731 3117 1749 3149 ι
1791 3098 1937 3149 Ἀλλ’

356 3202 488 3272 ἡμῖν
514 3193 595 3261 εἷς
615 3198 747 3258 Θεὸς
778 3198 806 3249 6
838 3196 1027 3266 Πατὴρ
1057 3193 1117 3259 ἐξ
1154 3185 1216 3247 οὗ
1247 3192 1317 3245 τὰ
1346 3192 1547 3253 πάντα,
1576 3189 1669 3243 καὶ
1701 3183 1784 3252 εἷς
1820 3188 1936 3242 Κύ-

360 3310 473 3366 ριος
504 3291 713 3363 Ἰησοῦς
745 3290 981 3361 Χριστὸς
1004 3288 1070 3342 δι’
1100 3280 1161 3341 οὗ
1182 3286 1250 3339 τὰ
1284 3284 1485 3338 πάντα.
1521 3301 1537 3333 ι
1580 3281 1747 3352 ὐρᾷς
1778 3281 1854 3343 ὡς
1877 3281 1937 3333 οὐ

362 3385 505 3458 μετά
538 3386 755 3439 πάντων
779 3382 942 3445 αὐτὸς
974 3381 1177 3453 Κύριος
1208 3376 1397 3450 ἢΘεὸς
1430 3373 1776 3445 ὀνομάζεται,
1805 3371 1943 3426 ἀλλά

363 3480 521 3551 μόνος
543 3477 622 3549 τῷ
644 3477 819 3549 Πατρὶ
844 3473 1247 3540 συνδοξόιζεται,
1273 3471 1349 3534 ὡς
1374 3469 1435 3534 ἐξ
1466 3466 1633 3521 αὐτοῦ
1666 3466 1807 3519 κατὰ
1837 3464 1942 3533 φύ-

362 3590 447 3627 σιν
482 3570 744 3641 ὑπάρχων
767 3586 782 3633 ;
1636 3574 1637 3577 ‘

430 3660 545 3728 κς’.
585 3661 791 3732 Καιρὸς
816 3659 873 3712 δὲ
902 3658 1109 3720 λοιπὸν,
1144 3655 1239 3710 καὶ
1279 3653 1379 3725 τὴν
1419 3652 1613 3723 ἑτέραν
1645 3649 1740 3703 τοῦ
1781 3650 1943 3702 Ἀπο-

362 3756 547 3811 στόλου
589 3753 897 3825 μαρτυρίαν
931 3754 1011 3815 εἰς
1048 3749 1211 3821 μέσον
1234 3749 1599 3820 παραγαγεῖν,
1636 3742 1824 3797 τοῦτον
1852 3742 1942 3795 τὸν

358 3846 613 3919 ἀληθινὸν
651 3845 783 3897 Θεὸν
810 3842 963 3916 [Θεὸν
993 3845 1149 3896 abest
1197 3841 1264 3894 ab
1287 3854 1395 3893 uno
1428 3856 1457 3892 e
1479 3834 1779 3905 codicibus]
1814 3834 1943 3887 Υἱὸν

362 3938 650 3993 δεικνῦσαν
675 3934 821 4003 (cod.
847 3945 1074 3999 uterque
1102 3929 1337 4001 δεικνύς]
1367 3929 1651 4000 ἄνθρωπον
1680 3922 1819 3980 εἷναι
1854 3926 1944 3977 τὸν

364 4030 428 4081 ἐκ
477 4029 574 4098 τῆς
620 4022 1052 4095 καλλιπαρθένου
1104 4019 1405 4090 τεχθέντα·
1458 4020 1571 4088 ἔχει
1623 4017 1680 4070 δὲ
1732 4016 1938 4079 οὕτως·

371 4141 390 4175 ι
423 4123 552 4174 Ὅτε
587 4120 643 4174 δὲ
663 4114 830 4193 ἦλθεν
850 4118 911 4170 τὸ
944 4117 1221 4188 πλήρωμα
1250 4113 1346 4167 τοῦ
1378 4113 1595 4184 χρόνου,
1628 4110 1947 4175 ὲξαπέστειυ

365 4216 456 4266 λεν
484 4213 512 4265 6
532 4212 662 4275 Θεὸς
687 4211 780 4263 τὸν
810 4209 937 4262 Υἱὸν
972 4207 1141 4261 αὐτοῦ
1181 4206 1473 4276 γενόμενον
1503 4205 1567 4257 ἐκ
1596 4202 1853 4271 γυναικός
1871 4218 1883 4231 ·
1920 4219 1940 4252 ι

370 4303 559 4376 μηδεὶς
604 4304 661 4355 δὲ
711 4300 872 4355 τοῦτο
911 4300 1090 4369 λέγειν
1137 4299 1477 4371 ἐρυθριάτω·
1528 4295 1785 4365 οὐδεμίαν
1837 4293 1946 4365 γὰρ

369 4397 529 4469 ὓϐριν
564 4394 722 4449 τοῦτο
760 4393 838 4464 τῷ
867 4393 1026 4464 Λόγῳ
1056 4393 1234 4463 φέρει,
1270 4388 1680 4460 φιλανθρωπίαν
1722 4387 1777 4439 δὲ
1815 4385 1948 4455 μᾶλ-

368 4491 479 4557 λον,
510 4491 606 4543 καὶ
651 4488 809 4553 δόξαν
857 4486 946 4540 διὰ
988 4487 1149 4539 τοῦτο
1193 4486 1419 4556 ἄπειρον
1458 4482 1553 4535 καὶ
1607 4480 1943 4553 ἀμέτρητον.

2033 2001 2278 2056 Vocatur
2307 1998 2433 2051 item
2468 1993 2754 2057 Dominus,
2779 2004 2886 2044 non
2917 1985 3139 2041 nomine
3179 1992 3362 2043 tenus,
3399 1986 3459 2032 ut
3491 1991 3613 2037 nos,

2035 2096 2129 2150 sed
2171 2092 2359 2163 gloriae
2396 2087 2683 2149 Dominus,
2719 2082 3094 2147 Dominusque
3136 2075 3400 2137 omnium,
3434 2079 3491 2123 ut
3517 2069 3618 2124 Pe-

2036 2200 2153 2242 trus
2180 2162 2375 2242 docuit
2408 2183 2471 2236 ¹⁷.
2502 2180 2713 2235 Dicitur
2744 2178 2907 2232 etiam
2932 2172 3137 2236 Filius;
3168 2178 3223 2221 at
3263 2183 3330 2220 ne
3356 2165 3458 2218 hoc
3490 2162 3618 2231 qui-

2036 2282 2159 2335 dem
2192 2288 2253 2332 ut
2278 2291 2378 2331 nos
2408 2272 2751 2342 simpliciter,
2798 2267 2893 2323 sed
2936 2264 3127 2319 unicus
3168 2259 3359 2321 Filius,
3393 2265 3446 2311 et
3484 2255 3617 2311 sub-

2036 2370 2370 2429 stantialiter
2423 2380 2590 2420 verus
2617 2406 2632 2429 ,
2660 2375 2721 2417 ut
2757 2362 2835 2414 ait
2866 2357 3106 2413 Joannes
3141 2368 3158 2407 :
3191 2370 3209 2402 ι
3248 2350 3314 2403 Ει
3341 2362 3528 2403 sumus
3559 2346 3617 2399 in

2037 2479 2167 2520 vero
2203 2462 2334 2526 Deo,
2378 2467 2431 2513 et
2466 2458 2520 2512 in
2562 2455 2701 2510 Filio
2738 2451 2875 2522 ejus.
2908 2448 3010 2502 Hic
3040 2461 3199 2501 verus
3228 2445 3373 2498 Deus
3417 2448 3520 2503 est,
3562 2449 3619 2492 et

2036 2558 2145 2611 vita
2167 2540 2466 2609 aeterna”.
2510 2569 2529 2601 ι
2571 2545 2907 2603 Manifestius
2942 2553 3121 2596 autem
3166 2538 3309 2592 hunc
3341 2533 3619 2604 apostolus

2036 2648 2238 2705 Paulus
2266 2661 2296 2699 a
2328 2643 2514 2698 multis
2548 2640 2828 2704 discernit,
2860 2644 3045 2705 utpote
3074 2630 3248 2686 solum
3284 2638 3332 2682 et
3363 2641 3493 2680 vere
3524 2623 3618 2678 Fi-

2039 2742 2191 2795 lium.
2218 2738 2310 2792 Ait
2336 2737 2482 2791 enim
2513 2735 2593 2789 sic
2632 2750 2647 2786 :
2683 2751 2701 2782 (
2738 2728 2873 2783 Nam
2905 2726 3008 2781 etsi
3047 2732 3176 2778 sunt
3221 2721 3311 2790 qui
3358 2720 3619 2773 dicuntur

2040 2829 2135 2893 dii,
2165 2828 2279 2881 sive
2310 2826 2362 2878 in
2402 2823 2562 2885 cmlo,
2594 2820 2711 2875 sive
2745 2832 2910 2887 super
2942 2827 3171 2876 terram,
3222 2807 3381 2865 sicuti
3427 2821 3616 2862 revera

2040 2928 2165 2974 sunt
2216 2918 2288 2972 dii
2340 2915 2531 2979 multi,
2568 2922 2622 2966 et
2661 2910 2811 2964 multi
2845 2908 2935 2977 qui
2965 2906 3220 2960 dicuntur
3247 2900 3450 2955 domini
3481 2898 3560 2964 ";
3593 2915 3615 2949 ι

2040 3011 2221 3066 subdit
2250 3018 2309 3062 ιιι
2328 3008 2597 3074 intelligas
2619 3022 2630 3057 :
2656 3021 2674 3054 ι
2698 3000 2865 3055 Nobis
2901 3008 3079 3050 tamen
3108 3009 3250 3048 unus
3283 2992 3425 3045 Deus
3455 2988 3621 3043 Pater

2041 3120 2107 3159 ex
2133 3117 2241 3172 quo
2272 3100 2548 3163 omnia,et
2571 3110 2710 3149 unus
2744 3091 3009 3147 Dominus
3043 3087 3203 3142 Iesus
3241 3084 3495 3140 Christus
3524 3096 3622 3150 per

2042 3211 2202 3266 quem
2242 3194 2420 3248 omnia
2448 3191 2512 3243 ²⁰.
2557 3208 2574 3239 ›
2609 3187 2822 3250 Cernis,
2864 3183 3006 3252 quod
3049 3196 3158 3235 non
3204 3194 3325 3233 cum
3366 3175 3621 3230 omnibus

2042 3288 2159 3356 ipse
2202 3283 2465 3339 Dominus
2517 3280 2601 3333 vel
2642 3279 2785 3333 Deus
2829 3276 3166 3337 nominatur,
3196 3269 3291 3324 sed
3328 3281 3465 3322 unus
3498 3280 3620 3319 cum

2044 3381 2205 3435 Patre
2264 3374 2625 3447 gloriﬁcatur,
2682 3383 2941 3437 tauquam
3001 3380 3066 3420 ex
3122 3362 3243 3433 ipso
3297 3358 3624 3414 naturaliter

2043 3466 2351 3526 exsistens?

2113 3642 2207 3698 26.
2248 3641 2509 3711 Superest
2560 3645 2618 3691 ut
2665 3634 2811 3690 aliud
2856 3631 3099 3702 Apostoli
3148 3626 3519 3684 testimonium
3568 3624 3621 3676 in

2045 3737 2282 3790 medium
2315 3730 2679 3802 proferamus,
2717 3728 2861 3796 quod
2907 3727 3052 3779 hunc
3088 3736 3274 3777 verum
3319 3720 3488 3773 Deum
3542 3714 3625 3769 Fi-

2045 3830 2178 3883 liutn
2211 3823 2451 3881 ostendit
2476 3837 2601 3876 esse
2629 3820 2927 3883 hominem,
2958 3830 3118 3886 quem
3148 3811 3367 3885 egregia
3413 3809 3624 3880 peperit

2046 3920 2233 3987 Virgo.
2268 3916 2343 3970 ita
2382 3930 2516 3968 vero
2556 3928 2616 3967 se
2656 3912 2859 3965 habet:
2908 3927 2925 3958 ι
2966 3908 3103 3961 Cum
3153 3905 3303 3959 venit
3344 3900 3626 3971 plenitudo

2049 4010 2332 4081 temporis,
2363 4006 2510 4060 misit
2554 4005 2702 4058 Deus
2749 4000 2945 4055 Filium
2979 4012 3134 4052 suum
3177 3995 3377 4049 factum
3405 4008 3472 4047 ex
3507 4008 3627 4046 mu-

2049 4105 2185 4159 liere
2209 4103 2277 4155 “.
2313 4120 2332 4153 ›
2368 4097 2649 4153 Neminem
2680 4108 2848 4164 porro
2877 4093 2979 4147 hoc
3003 4091 3188 4145 dicere
3216 4087 3446 4156 pudeat;
3480 4084 3626 4139 nulla

2047 4196 2190 4249 enim
2227 4192 2351 4247 hinc
2373 4189 2571 4260 injuria
2600 4185 2777 4241 Verbo
2811 4186 2891 4249 ﬁt,
2924 4180 3236 4250 benignitas
3271 4192 3400 4231 vero
3433 4174 3630 4248 145.2:

2048 4284 2227 4356 potius
2269 4279 2522 4351 patescit,
2560 4286 2613 4332 et
2653 4275 2825 4345 gloria
2867 4271 3083 4326 inﬁnita
3115 4278 3283 4338 atque
3330 4268 3627 4321 immensu-

2048 4376 2260 4432 rabilis.
2305 4372 2440 4427 Nam
2482 4369 2624 4438 quod
2674 4366 2809 4421 nihil
2855 4365 2983 4419 inde
3029 4360 3265 4415 Verbum
3315 4359 3627 4415 detrimenti

2051 4469 2252 4540 capiat,
2282 4481 2403 4521 cum
2435 4464 2509 4519 sit
2543 4459 2866 4530 intangibile
2909 4466 3103 4525 suapte
3136 4463 3354 4517 natura,
3387 4451 3635 4519 impassi-

370 4546 493 4640 Ὀτί
521 4582 631 4652 γάρ
656 4546 808 4634 οὐδὲν
843 4581 907 4633 ὲκ
935 4578 1127 4633 τούτου
1159 4579 1186 4631 6
1210 4546 1384 4644 Λόγος
1420 4546 1739 4635 ἐϐλάπτετο,
1762 4546 1938 4642 tati/atu-

2051 4562 2179 4628 bile,
2214 4568 2269 4615 et
2316 4554 2849 4623 incircumscriptum
2879 4589 2894 4615 ,
2936 4550 3029 4605 sed
3058 4546 3319 4602 ineﬂ'abili
3359 4560 3455 4600 sua
3503 4558 3629 4613 erga

371 4691 493 4737 στος
526 4673 787 4743 ὑπάρχων
818 4670 916 4740 τὴν
952 4668 1114 4738 φύσιν
1149 4667 1244 4720 καὶ
1272 4665 1489 4735 ἀπαθὴς
1517 4665 1613 4719 καὶ
1639 4662 1946 4734 ἀπερίγρα-

372 4782 490 4835 φος,
524 4764 749 4837 ἀρρήτῳ
782 4761 839 4813 δὲ
874 4758 1255 4831 φιλανθρωπία
1300 4758 1362 4810 τὸ
1403 4757 1638 4828 πρᾶγμα
1671 4755 1944 4825 διήνυσεν,

371 4858 533 4912 ἄκουε
568 4857 729 4910 πάλιν
780 4850 945 4908 αὐτοῦ
985 4852 1077 4905 τοῦ
1102 4849 1315 4903 Παύλου
1351 4847 1509 4902 τοῦτο
1566 4846 1941 4907 διδάσκοντοςο

380 4968 398 5001 ι
419 4948 626 5021 Ἰησοῦς
655 4946 913 5019 Χριστὸς,
953 4943 1137 5014 φησὶν,
1162 4942 1288 5012 χθὲς
1323 4940 1419 4994 καὶ
1437 4939 1700 5010 σήμερον,
1723 4939 1750 4990 6
1786 4936 1949 4997 αὐτὸς

375 5041 468 5095 καὶ
489 5042 568 5105 είς
582 5038 707 5103 τοὺς
719 5038 973 5100 αἰῶνας»
996 5035 1054 5089 τὸ
1073 5033 1200 5105 γὰρ,
1223 5031 1372 5102 χθὲς,
1387 5029 1581 5096 λέγων,
1596 5029 1695 5099 τὴν
1712 5024 1951 5099 προαιὼ-

373 5152 484 5187 νιον
507 5131 674 5186 αὐτοῦ
702 5129 959 5201 σημαίνει
985 5126 1171 5193 δόξαν·
1196 5124 1257 5176 τὸ
1285 5123 1341 5176 δὲ
1371 5123 1632 5193 σήμερον,
1653 5118 1950 5181 ἐνεστῶτος

375 5224 570 5297 καιροῦ
617 5225 853 5276 ποιεῖται
893 5216 1266 5288 σημαντικόν·
1304 5214 1399 5267 καὶ
1439 5214 1520 5266 ὅτι
1571 5211 1670 5263 οὐκ
1711 5208 1948 5280 ἐτράπη,

375 5318 489 5372 ἀλλ’
518 5318 601 5371 ὅτι
629 5317 658 5369 6
683 5314 845 5376 αὐτὸς
875 5312 1088 5382 ἔμεινεν
1115 5308 1208 5360 καὶ
1236 5308 1293 5358 ὲν
1327 5305 1493 5375 σαρκὶ
1519 5302 1831 5372 γενόμενος,
1858 5298 1953 5352 καὶ

378 5409 530 5464 ἔσται
583 5409 667 5469 είς
693 5405 818 5468 τοὺς
845 5402 1067 5465 αίῶνας,
1100 5400 1405 5468 ἐπήγαγεν,
1458 5416 1477 5447 ι
1505 5398 1533 5449 ό
1555 5393 1719 5456 αὐτὸς
1759 5392 1854 5445 καὶ
1875 5393 1954 5454 εἰς

377 5502 505 5565 τοὺς
539 5500 761 5561 αἰῶνας.
791 5516 808 5547 ι
841 5496 969 5550 Ὅτε
1001 5492 1182 5548 τοίνυν
1196 5490 1369 5544 ταῦτα
1390 5488 1561 5552 οὕτως
1582 5487 1713 5557 ἔχει,
1760 5484 1952 5555 φιλαν-

383 5593 599 5665 θρωπίᾳ
646 5589 856 5661 μεγάλῃ
887 5586 986 5656 τὴν
1041 5588 1119 5647 είς
1176 5583 1320 5654 ἡμᾶς
1359 5580 1582 5651 ἀγάπην
1630 5577 1953 5642 ἐνεδείξατο,

468 5799 509 5830 ’⁸
533 5798 687 5852 Rom.
723 5811 795 5861 tv,
826 5794 912 5859 25,
946 5790 1034 5846 26.
1113 5790 1157 5822 "
1187 5791 1326 5846 Psat.
1360 5802 1544 5861 vast.
1575 5786 1628 5839 6.
1708 5784 1750 5861 ’f‘
1774 5784 1936 5861 διῄει.-

2078 5783 2118 5812 ¹⁶
2144 5780 2299 5861 Rom“.
2333 5796 2407 5843 ix,
2449 5778 2500 5833 3.
2584 5776 2624 5807 "
2648 5774 2765 5829 Act.
2797 5789 2850 5837 κ,
2890 5769 2977 5825 56.

1326 5862 1365 5893 ³³
1393 5858 1568 5915 Calai.
1604 5872 1677 5923 tv,
1720 5857 1771 5912 4.
1853 5858 1893 5887 ³³
1923 5854 2082 5909 ilebr.
2120 5868 2236 5919 λιιι,
2270 5853 2322 5905 8.

394 5869 437 5902 ¹⁹
461 5869 479 5923 l
507 5870 631 5924 Cor.
659 5883 774 5932 \‘ltl,
941 5864 984 5894 ²⁰
1012 5863 1138 5919 ibid.
1176 5864 1229 5916 6.

2055 4654 2305 4710 homines
2342 4650 2586 4705 bonitate
2621 4646 2674 4700 id
2708 4643 2969 4705 eﬁecerit,
3007 4641 3132 4695 audi
3179 4652 3370 4693 rursus
3405 4635 3629 4691 Paulum

2058 4749 2162 4803 hoc
2212 4746 2535 4799 docentem:
2572 4757 2590 4791 ι
2629 4736 2791 4793 Jesus
2819 4736 3102 4800 Christus,
3160 4731 3374 4801 inquit,
3417 4727 3535 4782 heri
3578 4735 3633 4779 et

2056 4838 2237 4903 hodie,
2269 4836 2409 4890 idem
2428 4842 2481 4888 et
2503 4832 2555 4886 in
2592 4828 2789 4885 sarcula
2822 4828 2890 4881 ".
2924 4844 2942 4877 ι
2976 4824 3110 4879 Cum
3141 4824 3275 4877 dicit
3305 4821 3448 4885 lteri,
3488 4832 3633 4873 sem-

2060 4933 2325 5002 piternam
2368 4926 2486 4995 ejus
2519 4922 2651 4978 dicit
2699 4920 2950 4992 gloriam.
3012 4916 3188 4971 Hodie
3228 4930 3358 4969 vero
3396 4925 3635 4982 praesens

2062 5035 2276 5092 tempus
2314 5018 2603 5087 signiﬁcat.
2654 5012 2722 5068 Et
2751 5011 2875 5082 quia
2923 5022 3199 5079 nunquam
3250 5013 3488 5060 mutatus
3526 5013 3632 5067 est,

2059 5113 2310 5179 idemque
2345 5108 2547 5162 mansit
2576 5106 2740 5160 etiam
2768 5118 2897 5159 caro
2928 5101 3127 5162 factus,
3153 5097 3367 5164 eritque
3403 5096 3456 5149 in
3487 5103 3638 5150 aeter-

2059 5220 2208 5270 num,
2250 5200 2453 5257 addidit
2480 5218 2500 5252 ‹
2541 5198 2680 5253 idem
2721 5203 2775 5249 et
2819 5195 2873 5249 in
2916 5190 3144 5248 saecula.
3190 5209 3208 5241 ι
3245 5188 3375 5256 Quae
3404 5201 3525 5240 eum
3565 5186 3637 5239 ita

2059 5297 2188 5361 sint,
2209 5308 2400 5364 magna
2431 5291 2633 5361 oppido
2662 5286 3001 5358 benignitate
3030 5281 3354 5337 charitatem
3379 5294 3506 5349 erga
3536 5292 3637 5332 nos

2060 5404 2212 5444 suam
2253 5383 2676 5448 demonstravit,
2722 5392 2892 5448 seque
2942 5372 3371 5430 communicavit
3429 5379 3639 5424 naturae

2059 5491 2283 5544 nostras,
2316 5486 2515 5532 uteam
2548 5474 2840 5537 relevaret,
2875 5483 3042 5539 atque
3076 5484 3106 5522 a
3137 5464 3337 5520 diaboli
3376 5462 3640 5517 servitute

2062 5575 2409 5630 subduceret.
2448 5570 2728 5627 Neminem
2781 5583 2911 5638 ergo
2954 5565 3175 5636 pudeat,
3230 5573 3354 5614 cum
3408 5571 3635 5627 puerum

3081 5766 3123 5796 "
3171 5762 3370 5819 lJoan.
3432 5777 3489 5825 v,
3543 5757 3635 5811 90.
