4104 6336
472 384 575 439 287

1468 391 1524 446 S.
1565 392 1843 479 CYRlLlJ
1882 396 2356 455 ALEXANDRINI
2396 402 2713 460 ARCHIEP.

3627 412 3737 475 288

479 502 587 555 dici
621 502 771 557 audit
802 514 855 558 et
885 504 1235 571 iul‘antulum,
1264 515 1321 564 et
1362 510 1628 581 quidquid
1662 513 1814 569 aliud
1854 516 2041 572 buma-

2156 520 2248 572 καὶ
2290 520 2693 592 κεκοινώνηκεν
2719 523 2785 591 τῇ
2822 520 3069 594 ἡμετέρᾳ
3097 521 3279 592 φύσει,
3320 524 3408 581 ινα
3449 527 3733 607 ἀναστήσῃ

475 595 621 649 nitus
660 595 727 649 de
772 596 864 652 illo
901 600 1163 668 scriptum
1199 611 1303 657 est.
1337 601 1545 658 Cuncta
1578 606 1726 661 enim
1762 608 1908 663 haud
1940 611 2052 676 sui,

475 687 570 740 sed
603 688 774 742 nostri
818 703 982 743 causa
1016 692 1314 758 sustinuit,
1346 697 1489 763 quod
1544 697 1840 753 humanam
1889 709 2055 757 natu-

477 794 590 830 ram
627 779 782 832 decet
838 780 1039 849 ubique
1068 799 1423 851 conservans,
1463 803 1531 851 ne
1572 788 1712 846 forte
1750 790 2058 862 phantasia

476 863 652 919 instar
678 864 857 921 divina
888 867 1222 940 dispensatio
1248 877 1675 939 existimaretur.

545 1127 635 1183 27.
677 1126 845 1198 Igitur
876 1146 998 1186 cum
1037 1134 1278 1193 audieris
1312 1148 1623 1210 susceptum
1661 1158 1783 1199 eum
1824 1161 1854 1200 a
1894 1147 2059 1205 beato

478 1219 711 1289 Josepho
739 1222 794 1275 in
821 1221 1116 1295 Egyptum
1133 1227 1354 1309 fugisse,
1372 1247 1457 1297 ne,
1474 1248 1681 1303 quaeso,
1702 1238 2054 1308 ignominiam

479 1316 528 1367 id
576 1329 697 1371 esse
741 1328 929 1385 putes,
973 1320 1067 1373 sed
1116 1322 1297 1390 pOIltlS
1343 1326 1519 1397 cogita
1568 1329 2053 1397 dispensationem.

476 1402 590 1460 lloc
616 1408 758 1460 enim
790 1422 894 1461 non
927 1419 1053 1463 tunc.
1076 1416 1453 1469 tantummodo
1479 1416 1546 1472 de
1570 1432 1635 1472 eo
1659 1421 1922 1489 scriptum
1948 1431 2053 1489 est,

475 1500 568 1553 sed
596 1500 759 1554 etiam
790 1515 913 1555 cum
945 1502 1226 1559 tricesimo
1251 1507 1429 1562 relatis
1452 1522 1596 1564 anno
1622 1512 1921 1580 prmdicare
1944 1528 2057 1571 cce-

474 1592 554 1658 pit
581 1599 634 1645 et
662 1593 879 1659 docere,
912 1610 977 1651 ac
1008 1598 1395 1655 miraculorum
1424 1602 1654 1659 virtutes
1682 1617 1922 1674 patrare,
1953 1608 2056 1664 ite-

476 1698 593 1736 rum
620 1684 733 1740 hac
757 1686 823 1741 de
844 1702 908 1741 eo
930 1689 1129 1753 scripta
1153 1694 1535 1761 comperimus.
1564 1714 1585 1745 ι
1614 1694 1852 1752 Audiens
1874 1699 2055 1767 enim,

475 1780 680 1845 inquit,
714 1781 978 1837 Joannem
1017 1783 1187 1841 fuisse
1228 1787 1516 1853 traditum,
1553 1793 1779 1847 secessit
1812 1792 1867 1847 in
1902 1794 2053 1850 Gali-

2158 610 2347 678 αὺτὴν.
2373 613 2468 666 καὶ
2500 611 2599 675 τῆς
2630 613 2733 667 ὑπὸ
2763 613 2854 666 τὸν
2873 613 3120 669 διάϐολον
3143 616 3430 693 ἀπαλλάξῃ
3453 619 3696 688 δουλείας
3711 663 3733 680 ,ν

2155 702 2361 772 Μηδεὶς
2382 698 2475 757 οὖν
2509 703 2849 773 αἰσχυνέσθω
2882 705 3095 759 παιδίον
3125 706 3360 773 ἀκούων,
3392 712 3487 764 καὶ
3506 711 3728 784 βρέφος,

2157 794 2253 847 καὶ
2297 794 2397 847 ὅσα
2453 793 2937 868 ἀνθρωπινώτερον
2990 800 3121 869 περὶ
3168 798 3333 854 αὐτοῦ
3383 802 3726 875 γέγραπται·

2159 886 2452 958 ὑπέμεινεν
2483 886 2590 958 γὰρ
2619 890 2796 943 πάντα
2829 891 2889 943 οὑ
2931 890 2999 943 δι’
3034 892 3248 958 ἑαυτὸν,
3282 893 3418 949 ἀλλά
3452 897 3523 950 δι’
3562 899 3730 970 ἡμᾶς,

2160 978 2435 1048 πανταχοῦ
2463 978 2525 1031 τὸ
2550 978 2763 1049 πρέπον
2791 980 3072 1048 φυλάττων
3109 986 3173 1055 τῇ
3198 985 3516 1060 ἀνθρωπεία
3546 989 3729 1060 φύσει,

2157 1070 2246 1122 (va.
2275 1070 2350 1140 μὴ
2380 1070 2654 1138 φαντασία
2686 1072 2720 1141 ἠ
2748 1072 3031 1144 οἰκονομία
3054 1075 3361 1147 νομίζηται.

2230 1161 2333 1227 κζ’.
2368 1162 2579 1216 Οὐκοῦν
2610 1163 2711 1217 κᾶν
2735 1164 2977 1237 ἀκούσῃς
3002 1169 3084 1221 ὅτι
3118 1171 3540 1242 παραλαμϐάνει
3569 1174 3733 1231 αὐτὸν

2156 1254 2185 1308 ό
2222 1252 2493 1327 μακάριος
2542 1255 2759 1326 Ἰωσὴφ.
2804 1260 2901 1311 καὶ
2952 1259 3147 1328 φεύγει
3176 1264 3257 1326 εἰς
3307 1266 3603 1333 Αἴγυπτον,
3653 1269 3731 1342 μὴ

2159 1345 2422 1417 αἰσχύνην
2452 1347 2584 1401 αὐτὸ
2612 1348 2822 1422 νόμιζε,
2849 1349 2950 1422 τὴν
2972 1352 3030 1405 δὲ
3054 1353 3369 1431 οἰκονομίαν
3394 1356 3564 1413 ἐννόει
3584 1372 3600 1392 δ
3635 1364 3730 1423 καὶ.

2156 1437 2268 1510 γὰρ
2291 1441 2353 1492 οὐ
2377 1440 2499 1493 τότε
2532 1441 2691 1510 μόνον
2707 1440 2869 1496 τοῦτο
2892 1444 3019 1514 περί
3046 1445 3213 1503 αὐτοῦ
3240 1446 3567 1518 γέγραπται,
3594 1448 3730 1507 ἀλλὰ

2158 1532 2254 1585 καὶ
2290 1530 2382 1585 ὅτε
2410 1533 2493 1595 εἰς
2523 1532 2616 1586 τὸν
2642 1532 2688 1586 λ’
2722 1533 2967 1589 ἐνιαυτὸν
3000 1535 3170 1591 ἰλθὼν
3196 1539 3403 1610 ἤρξατο
3438 1540 3730 1612 κηρύττειν

2158 1622 2254 1675 καὶ
2280 1622 2571 1690 διδάσκειν,
2608 1625 2703 1679 καὶ
2736 1624 2847 1680 τῶν
2882 1627 3202 1698 θαυμασίων
3234 1632 3477 1685 ἐπετέλει
3510 1632 3612 1704 τὴν
3641 1634 3731 1687 δύ-

2157 1732 2344 1787 ναμιν,
2376 1716 2540 1770 πάλιν
2563 1717 2789 1773 τοιαῦτα
2826 1719 2954 1790 περὶ
2988 1721 3156 1774 αὐτοῦ
3188 1723 3547 1794 γεγραμμένα
3576 1724 3729 1796 εὕρε-

2160 1822 2392 1879 σκομεν·
2423 1825 2443 1857 ι
2487 1808 2751 1871 Ἀκούσας
2782 1808 2914 1879 γὰρ,
2941 1810 3129 1880 φησὶν,
3168 1812 3253 1869 ὅτι
3298 1813 3555 1884 Ἰωάννης
3584 1828 3729 1885 παρ-

476 1871 626 1925 henm
657 1873 755 1929 ".t
784 1874 844 1929 Et
861 1875 965 1930 alia
982 1877 1290 1945 huiusmodi
1305 1880 1710 1946 deprehendere
1732 1892 1835 1939 est.
1852 1884 2041 1942 Verum

2158 1871 2336 1968 εδόθη,
2386 1897 2738 1971 ἀνεχώρησεν
2775 1871 2981 1971 ἐπέην
3004 1871 3314 1957 Ταλιλαίαν
3335 1920 3350 1936 ο
3380 1923 3403 1957 ο
3438 1871 3731 1978 καῖιτερα

476 1964 588 2017 haec.
619 1963 761 2017 haud
794 1976 964 2030 metu,
994 1983 1167 2038 neque
1198 1979 1325 2027 tunc
1353 1987 1529 2042 neque
1559 1985 1744 2043 postea
1776 1977 1927 2042 fecit,
1953 1979 2048 2035 sed

471 2057 597 2123 quia
628 2065 840 2128 tempus
866 2059 1119 2115 idoneum
1151 2064 1504 2132 exspectabat
1529 2066 1755 2123 salutari
1786 2070 2046 2139 passioni.

472 2146 769 2217 Oportebat
798 2151 942 2205 enim
974 2154 1151 2222 primo
1183 2156 1543 2213 inclarescere
1570 2160 2047 2227 praadicationem.

469 2250 526 2297 et
562 2242 741 2297 omnia
778 2258 899 2313 quae
933 2245 1252 2301 decreverat
1286 2248 1440 2314 tieri,
1478 2265 1545 2305 ae
1580 2260 1691 2305 tum
1725 2251 1940 2309 demum
1979 2256 2047 2310 ad

471 2333 764 2389 salutarem
794 2337 1101 2405 passionem
1127 2338 1343 2407 venire;
1369 2340 1512 2408 quod
1535 2350 1589 2396 et
1616 2356 1807 2412 reapse
1830 2343 2045 2401 accidit.

472 2425 624 2491 Quod
662 2436 841 2481 autent
881 2441 988 2482 non
1029 2428 1475 2486 consternatione
1512 2433 1681 2486 animi
1717 2442 1812 2487 aut
1848 2448 2049 2503 pavore

473 2515 546 2569 ita
580 2530 640 2570 se
672 2518 920 2586 gesserit,
954 2531 1164 2576 constat
1196 2536 1261 2580 ex
1294 2523 1383 2577 his
1415 2538 1534 2594 quae
1569 2524 1717 2592 fecit,
1748 2541 1872 2581 cum
1911 2528 2048 2583 tradi

470 2623 528 2661 se
566 2608 738 2666 noluit
772 2629 786 2666 :
825 2627 948 2666 nam
981 2612 1187 2670 Judaei:
1218 2617 1350 2671 dare
1384 2632 1507 2673 eum
1544 2619 1879 2689 pra'eipitem
1919 2629 2048 2677 tunc

469 2697 796 2765 volentibus,
829 2720 849 2753 ι
885 2702 1024 2773 Ipse,
1060 2705 1234 2775 inquit
1263 2709 1617 2778 evangelista,
1649 2711 1922 2765 transiens
1953 2727 2049 2781 per

470 2790 703 2844 medium
748 2792 964 2847 illorum
1010 2796 1211 2852 ibat”.
1257 2815 1275 2848 ι
1315 2799 1434 2853 Alio
1475 2800 1602 2854 item
1648 2811 1888 2872 tempore
1925 2818 2046 2857 cum

469 2881 668 2936 vellent
702 2898 827 2938 eum
863 2901 1094 2954 capere,
1131 2907 1149 2939 ι
1190 2888 1390 2956 Nemo,
1427 2892 1633 2960 inquit,
1668 2894 1855 2962 injecit
1892 2896 1942 2949 in
1981 2896 2047 2950 il-

468 2972 577 3027 lum
604 2990 820 3043 manus,
842 2979 966 3048 quia
994 2982 1232 3036 nondum
1252 2993 1477 3037 venerat
1502 2985 1634 3040 hora
1658 2987 1774 3054 ejus
1792 2989 1857 3042 ’⁵.
1892 3007 1910 3040 ι
1940 2988 2045 3044 Sed

465 3082 587 3120 cum
618 3068 818 3138 alioqui
850 3072 926 3125 sit
956 3071 1191 3129 invictus
1224 3074 1384 3141 Deus,
1416 3086 1658 3132 attamen
1691 3081 2045 3137 humanitatis

467 3174 580 3213 sua:
610 3173 774 3214 causa
808 3163 1064 3229 cedebat,
1096 3174 1155 3220 ut
1184 3180 1309 3221 vere
1346 3167 1518 3223 factus
1551 3171 1716 3227 homo
1747 3174 2045 3231 videretur.

2153 1988 2211 2042 δὲ
2237 1989 2467 2044 τοιαῦτα
2511 1988 2659 2044 ἔστιν
2696 1992 2880 2064 εὑρεῖν
2902 2010 2916 2023 ·
2948 1993 3064 2047 ἀλλ’
3095 1996 3156 2048 οὐ
3189 1995 3339 2065 φόϐῳ
3367 1995 3527 2050 τοῦτο
3552 1999 3731 2052 ἐποίει

2152 2080 2273 2133 οὐδὲ
2306 2080 2427 2135 τότε
2454 2082 2577 2136 οὐδὲ
2615 2082 2732 2147 νῦν,
2762 2083 2898 2138 ἀλλὰ
2932 2084 3024 2138 τὸν
3063 2086 3344 2157 πρέποντα
3368 2088 3560 2160 καιρὸν
3596 2092 3739 2146 ἀνα-η

2157 2173 2333 2243 μένων
2359 2173 2455 2227 τοῦ
2504 2175 2774 2247 σωτηρίου
2806 2177 3014 2241 πάθους
3034 2194 3047 2209 ⁸
3082 2178 3192 2232 ἔδει
3219 2180 3328 2251 γὰρ
3357 2182 3572 2250 πρῶτον
3612 2183 3731 2238 ϐια-

2153 2265 2365 2334 λάμψαι
2410 2266 2474 2319 τδ
2523 2267 2831 2337 κήρυγμα,
2889 2270 2987 2322 καὶ
3031 2271 3209 2324 πάντα
3263 2273 3576 2328 ἐπιτελέσαι
3622 2276 3730 2331 dea

2152 2353 2425 2420 ἐϐούλετο,
2445 2355 2538 2410 καὶ
2560 2356 2683 2409 τότε
2712 2358 2806 2411 καὶ
2832 2359 2926 2411 ἐπὶ
2944 2358 3009 2412 τδ
3034 2361 3300 2432 σωτήριον
3324 2362 3495 2426 πάθος
3517 2363 3694 2419 ἐλθεῖν
3712 2383 3727 2398 ο

2152 2448 2180 2501 ὃ
2216 2448 2281 2519 δὴ
2308 2449 2403 2503 καί
2434 2448 2679 2518 γέγονεν.
2711 2450 2835 2504 Ὅτι
2882 2452 2941 2505 δὲ
2972 2452 3033 2505 οὐ
3074 2452 3225 2525 φόϐῳ
3252 2456 3345 2509 καὶ
3371 2456 3542 2530 δειλίᾳ
3570 2457 3733 2513 τοῦτο

2153 2543 2382 2608 ἐγίνετο,
2406 2542 2564 2612 δῆλον
2585 2542 2677 2611 ἀφ’
2693 2534 2768 2597 ὧν
2793 2543 3093 2612 πεποίηκεν
3113 2546 3202 2599 ὅτε
3230 2548 3600 2619 παραδοθῆναι
3629 2550 3731 2605 οὐκ

2154 2633 2439 2688 ἐϐούλετοο
2470 2636 2564 2688 καὶ
2602 2635 2713 2706 γὰρ
2751 2636 2863 2689 τῶν
2900 2636 3175 2692 Ἰουδαίων
3213 2640 3377 2694 αὑτὸν
3406 2641 3527 2695 τότε
3560 2659 3730 2696 κατα-

2152 2728 2455 2798 κρημνίσαι
2483 2728 2853 2799 θελησάντων,
2890 2748 2911 2782 ι
2936 2731 3131 2796 Αὐτὸς,
3160 2734 3347 2802 φησὶν,
3386 2733 3610 2788 διελθὼν
3641 2735 3731 2793 διὰ

2156 2818 2323 2889 μέσου
2363 2820 2544 2873 αὐτῶν
2564 2821 2887 2892 ὲπορεύετο’
2924 2840 2943 2874 ι
2982 2823 3077 2876 καὶ
3105 2823 3296 2881 ἄλλοτε
3333 2824 3390 2878 δὲ
3420 2826 3614 2880 πιάσαι
3628 2827 3731 2881 αὺ-

2152 2910 2243 2963 τὸν
2264 2910 2545 2975 θελόντων,
2567 2931 2585 2964 ι
2613 2913 2821 2976 Οὐδεὶς,
2844 2915 3032 2985 φησὶν,
3056 2914 3321 2969 ἐπέϐαλεν
3342 2916 3428 2969 ἐπ’
3450 2916 3610 2969 αὐτὸν
3630 2916 3737 2980 τὰς

2152 3006 2359 3073 χεῖρας,
2392 3004 2474 3057 ὅτι
2498 3004 2653 3057 οὔπω
2678 3006 2940 3077 ἐλήλυθεν
2970 3007 3343 3079 ᾑῶρααύτοῦ.
3373 3028 3391 3061 ι
3419 3008 3565 3079 Πλὴν
3593 3008 3731 3064 ἀλλά

2152 3094 2248 3148 καί
2276 3094 2577 3166 ἀχείρωτος
2625 3092 2766 3151 εἶναι
2812 3100 3114 3170 δυνάμενος
3151 3099 3227 3164 ὼς
3250 3101 3404 3167 Θεὸς,
3444 3101 3603 3155 πάλιν
3640 3100 3730 3156 διὰ

2151 3184 2212 3238 τὸ
2240 3188 2581 3257 ἀνθρώπινον
2615 3190 2979 3262 ὑπανεχώρει,
3014 3193 3102 3247 ἴνα
3131 3194 3392 3265 φαίνηται
3424 3193 3564 3247 κατὰ
3591 3193 3727 3266 ἁλή-

465 3249 619 3316 Quod
652 3252 699 3307 si
738 3254 1067 3323 quisﬁdicat,
1106 3258 1216 3313 Cur
1249 3276 1355 3315 non
1398 3270 1509 3315 tum
1546 3278 1762 3332 quoque
1796 3281 1918 3320 cura
1958 3268 2041 3322 in-

2148 3277 2299 3333 θειαν
2326 3249 2620 3350 γενόμενος
2658 3249 2976 3351 ἄνθρωπος..
3002 3285 3064 3338 Εἰ
3110 3249 3168 3339 δέ
3216 3249 3364 3354 λέγοι
3392 3304 3495 3351 τις,
3526 3287 3624 3341 Διὰ
3670 3249 3726 3341 τί

466 3340 707 3398 [utitulus
748 3354 889 3415 erat,
931 3345 1158 3401 insidias
1200 3363 1297 3417 per
1336 3365 1395 3405 se
1438 3351 1554 3420 ipse
1599 3353 1911 3421 declinavit,
1948 3359 2041 3412 sed

466 3432 795 3489 admonente
830 3437 1057 3504 angelo?
1083 3440 1240 3503 sciat,
1278 3451 1389 3494 tum
1424 3458 1639 3511 quoque
1673 3461 1894 3516 operam
1927 3448 2045 3516 ejus

467 3523 858 3591 intervenisse;
890 3530 985 3583 sed
1017 3546 1085 3585 ne
1114 3546 1175 3584 ea
1208 3547 1294 3587 res
1322 3533 1745 3602 dispensationis
1776 3539 2042 3595 rationem

466 3620 875 3684 pessumdaret,
914 3620 1106 3677 habito
1148 3623 1327 3679 aetatis
1376 3637 1625 3695 respectu
1700 3628 1905 3684 idcirco
1951 3646 2047 3701 per

465 3710 712 3779 angelum
744 3726 856 3767 rem
887 3714 1140 3785 gessisse.

529 3893 623 3951 28.
664 3895 819 3963 Quod
852 3906 1031 3951 autem
1068 3898 1290 3954 humani
1326 3901 1487 3955 oliicu
1523 3917 1716 3967 causa,
1747 3916 1941 3962 cuncta
1976 3909 2043 3963 ad

465 3988 885 4055 dispensationis
918 4004 1163 4043 normam
1201 3991 1489 4060 dirigeret,
1527 4010 1857 4066 carnemque
1893 4010 2046 4067 pate-

464 4086 615 4131 retur
656 4079 1017 4147 proprietates
1063 4095 1190 4135 suas
1237 4082 1646 4151 demonstrare,
1696 4090 2046 4155 persuadebit

465 4168 562 4222 tibi
598 4184 788 4225 rursus
821 4170 1050 4240 ipsemet
1080 4172 1353 4229 Christus.
1385 4172 1519 4227 Nam
1552 4192 1675 4231 cum
1707 4177 1899 4235 beatus
1934 4180 2042 4235 Ba-

462 4261 627 4331 ptista
651 4263 701 4316 ei
727 4263 936 4318 diceret
961 4283 973 4318 :
1005 4283 1023 4315 ι
1059 4266 1170 4336 Ego
1193 4282 1331 4334 Opus
1359 4269 1528 4324 habeo
1553 4286 1580 4322 a
1612 4280 1662 4325 te
1686 4272 1982 4340 baptizari,
2014 4294 2036 4326 ι

464 4354 745 4423 respondit
777 4355 827 4409 ei
864 4369 879 4409 :
920 4373 940 4408 ι
982 4356 1112 4411 Siue
1150 4361 1340 4426 modo;
1378 4363 1456 4415 sic
1488 4362 1630 4415 enim
1669 4374 1883 4432 Oportet
1917 4381 2037 4419 om-

460 4460 583 4499 nem
611 4444 878 4514 justitiam
911 4446 1125 4516 impleri
1150 4448 1218 4501 “.
1253 4468 1272 4500 ι
1304 4449 1569 4514 Videsne,
1602 4455 1744 4520 quod
1774 4465 1831 4509 et
1862 4456 2039 4525 bapti-

459 4554 633 4592 smum
665 4548 718 4594 et
750 4549 944 4596 cuncta
979 4542 1290 4610 hujusmodi
1322 4542 1497 4598 cilicio
1531 4546 1781 4613 prudenti
1815 4548 2035 4617 dispen—

2151 3368 2228 3438 μὴ
2260 3368 2355 3423 καὶ
2385 3369 2508 3424 τότε
2547 3371 2635 3425 ὅτε
2669 3372 2885 3425 παιδίον
2917 3368 3006 3445 ἦν,
3032 3373 3102 3426 δι’
3142 3376 3337 3429 ἑαυτοῦ
3373 3379 3471 3449 τὴν
3501 3378 3726 3433 ἐπιϐου-

2148 3458 2247 3531 λὴν
2296 3460 2591 3527 ἐξέκλινεν,
2652 3463 2769 3516 ἀλλ’
2810 3464 3045 3532 ἀγγέλου
3083 3467 3544 3536 χρηματίζοντοςς
3586 3485 3724 3539 μανι

2148 3549 2377 3618 θανέτω,
2401 3553 2476 3617 ὡς
2508 3554 2603 3607 καὶ
2630 3555 2754 3607 τότε
2785 3553 2949 3607 αὐτοῦ
2979 3552 3047 3625 ἦν
3077 3557 3136 3609 τὸ
3163 3558 3325 3629 ἔργον
3342 3574 3356 3589 ⁸
3382 3559 3499 3612 ἀλλ’
3531 3560 3619 3615 ῐνα
3646 3558 3722 3630 μὴ

2145 3642 2245 3711 τῆς
2298 3645 2611 3714 οἰκονομίας
2651 3644 2909 3699 τοσοῦτον
2964 3647 3253 3720 παραλύσῃ
3297 3649 3387 3702 τὸν
3433 3648 3589 3718 λόγον
3633 3649 3723 3703 διά

2146 3733 2244 3803 τὴν
2276 3732 2514 3803 ἡλικίαν,
2555 3732 2645 3787 διὰ
2677 3732 2837 3787 τοῦτο
2879 3734 2947 3787 δι’
2975 3735 3211 3803 ἀγγέλου
3244 3736 3303 3790 τὸ
3341 3736 3572 3807 πρᾶγμα
3621 3751 3721 3789 πι-

2148 3822 2397 3891 ποίηκεν.

2217 3923 2323 3986 κη’.
2381 3918 2502 3973 Ὀτι
2548 3917 2607 3971 δὲ
2649 3917 2718 3971 τὰ
2778 3919 3060 3990 πρέποντα
3113 3920 3306 3984 σώζειν
3360 3918 3715 3989 βουλόμενος,

2146 4007 2329 4061 πάντα
2370 4008 2733 4079 οἰκονομικῶς
2762 4010 2959 4074 ἐποίει,
2988 4011 3084 4064 καὶ
3118 4009 3411 4080 συνεχώρει
3451 4012 3516 4080 τῇ
3553 4011 3718 4080 σαρκὶ

2144 4098 2410 4153 δεικνύειν
2440 4098 2509 4152 τὰ
2542 4100 2679 4170 αὐτῇ
2709 4098 3004 4164 ἀκόλουθα,
3034 4100 3438 4171 πληροφορήσει
3466 4116 3526 4153 σε
3553 4098 3715 4152 πάλιν

2144 4190 2336 4255 αὐτός’
2367 4191 2456 4244 ὅτε
2487 4193 2597 4263 γάρ
2625 4193 2653 4244 ὁ
2689 4193 2960 4263 μακάριος
2990 4191 3301 4262 Βαπτιστὴς
3330 4189 3478 4261 αὐτῷ
3510 4189 3715 4259 ἔλεγεν,

2149 4300 2167 4333 ι
2193 4282 2331 4349 Ἐγὼ
2350 4281 2535 4353 χρείαν
2568 4283 2677 4353 ἔχω
2698 4283 2802 4335 ὑπὸ
2822 4281 2918 4335 σοῦ
2940 4283 3355 4353 βαπτισθῆναι.»
3378 4282 3716 4353 ἁπεκρίνατο

2142 4372 2280 4443 πρὸς
2310 4373 2469 4426 αὐτόν
2491 4389 2504 4403 ·
2534 4392 2552 4423 ι
2582 4375 2749 4442 Ἀφες
2778 4374 2923 4445 ἀρτιο
2971 4372 3114 4427 οὕτω
3159 4373 3268 4443 γάρ
3317 4372 3528 4442 πρέπον
3565 4372 3714 4426 ἐστὶν

2141 4465 2431 4536 πληρῶσαι
2483 4467 2661 4519 πᾶσαν
2727 4466 3093 4536 δικαιοσύνην.
3127 4485 3144 4516 ι
3221 4466 3383 4537 Ὁρᾷς
3408 4466 3490 4519 ὅτι
3529 4466 3623 4519 καὶ
3652 4464 3714 4519 τὸ

2143 4556 2449 4627 βάπτισμα,
2486 4557 2579 4609 καὶ
2612 4558 2786 4610 πάντα
2816 4557 2884 4610 τὰ
2916 4557 3197 4627 πρέποντα
3242 4558 3541 4628 οἰκονομῶν
3576 4574 3710 4613 κατ-

458 4633 669 4688 satione
696 4634 1000 4703 receperit?
1026 4634 1251 4701 Quoties
1276 4650 1407 4704 ergo
1431 4647 1485 4691 et
1514 4653 1737 4707 puerum
1764 4650 1818 4695 et
1848 4642 2028 4698 infun-

2147 4618 2384 4718 ιδέχετοξ
2411 4649 2581 4702 Ὅταν
2630 4650 2803 4702 τοίνυν
2847 4618 3086 4720 tit-aedon;
3121 4650 3334 4703 παιδίον
3375 4618 3470 4703 καὶ
3514 4650 3711 4721 βρέφος

457 4724 665 4790 tulum,
705 4736 760 4780 et
796 4726 1058 4796 quidquid
1096 4727 1330 4782 humano
1371 4744 1518 4784 more
1558 4731 1625 4785 de
1661 4747 1727 4786 eo
1768 4735 2029 4803 scriptum

456 4828 571 4880 est,
606 4819 794 4883 audis,
828 4829 886 4873 ut
913 4820 1026 4889 jam
1059 4821 1330 4883 diximus,
1362 4838 1639 4892 nunquam
1670 4840 1793 4879 eum
1826 4828 2030 4896 absque

455 4912 737 4966 divinitate
774 4911 941 4969 fuisse
972 4913 1260 4971 arbitrare.
1292 4914 1427 4970 Nam
1458 4925 1514 4971 et
1542 4932 1664 4972 cum
1699 4919 1859 4973 homo
1890 4921 2025 4975 dici-

454 5011 564 5065 tur,
596 5002 736 5057 Deus
760 5018 881 5058 esse
909 5003 1339 5071 demonstratur,
1370 5016 1428 5059 ut
1457 5021 1601 5074 saepe
1630 5023 1661 5061 a
1690 5010 1850 5064 nobis
1877 5026 2026 5065 com-

452 5092 738 5159 probatum
767 5092 888 5147 l'uit.
909 5095 1149 5151 Accedet
1173 5096 1436 5152 hactenus
1464 5096 1627 5151 dictis
1654 5099 1808 5154 testis
1835 5101 2024 5156 beatus

452 5199 666 5254 quoque
698 5184 957 5253 Baptista,
988 5187 1068 5242 sic
1099 5187 1168 5242 de
1197 5186 1288 5243 illo
1318 5187 1582 5259 loquens:
1610 5207 1627 5241 ι
1660 5191 1789 5245 Post
1816 5206 1901 5245 me
1928 5207 2022 5247 ve-

453 5277 531 5329 nit
556 5276 663 5340 vir,
689 5276 780 5344 qui
813 5286 941 5333 ante
973 5292 1059 5333 me
1088 5277 1263 5334 factus
1294 5290 1398 5343 est,
1426 5283 1551 5350 quia
1583 5284 1734 5350 prior
1754 5297 1840 5337 me
1869 5292 2021 5348 erat;

450 5379 505 5422 et
542 5383 643 5437 ego
681 5386 805 5424 eum
848 5370 1156 5426 nesciebam
1183 5372 1251 5426 ’⁷.
1300 5389 1318 5424 ι
1363 5370 1641 5440 Quomodo
1677 5389 1809 5441 ergo
1846 5375 2020 5431 virum

449 5475 572 5513 eum
606 5460 812 5522 dicens.
848 5463 1086 5531 priorem
1115 5477 1175 5517 se
1207 5461 1380 5517 dicit?
1439 5464 1705 5532 siquidem
1741 5466 2023 5535 dispensa-

451 5554 612 5606 tionis
639 5562 880 5621 tempore
904 5554 1020 5625 ipse
1044 5556 1193 5625 prior
1212 5553 1403 5612 beatus
1425 5555 1662 5626 Baptista
1691 5566 1851 5613 natus
1873 5573 2024 5614 com.

448 5646 673 5710 peritur.
706 5643 836 5700 Nam
872 5662 991 5701 cum
1025 5649 1197 5703 beata:
1230 5651 1461 5719 deipara:
1492 5649 1671 5705 Maria:
1703 5649 2021 5705 immacula.

521 5823 765 5877 "\lutlh.
808 5843 878 5891 ιι.
916 5828 993 5881 l2.
1076 5828 1268 5883 "huc.
1302 5843 1376 5891 tv,
1418 5828 1501 5883 30,

1608 5832 1649 5862 ³³
1677 5829 1827 5886 Joan.
1860 5844 1952 5893 t’tt,
1982 5826 2067 5883 50.
2148 5826 2402 5885 “Matth.
2440 5846 2521 5891 tn,
2560 5829 2641 5889 Η.
2671 5830 2749 5885 ἰῗὶ.

2136 4741 2230 4792 καὶ
2276 4740 2379 4793 ὅσα
2428 4738 2914 4809 ἀνθρωπινώτερον
2966 4740 3095 4809 περὶ
3155 4738 3321 4793 αὑτοῦ
3376 4738 3707 4812 γέγραπται,

2133 4827 2314 4891 καθὼς
2344 4829 2687 4899 προείρηται,
2721 4830 2990 4899 μηδέποτε
3020 4830 3141 4899 δίχα
3174 4832 3273 4901 τῆς
3316 4829 3569 4900 θεότητος
3609 4831 3706 4884 αὐ-

2132 4916 2221 4970 τὸν
2254 4918 2386 4971 ὄντα
2420 4918 2771 4988 ὑπολάμϐανε
2792 4932 2806 4947 °
2844 4919 2934 4973 καὶ
2967 4920 3076 4990 γὰρ
3121 4919 3211 4972 καὶ
3238 4917 3524 4988 ἄνθρωπος
3556 4917 3710 4986 λεγὸ-

2133 5001 2317 5077 μενος.
2347 5007 2624 5063 δείκνυται
2672 5008 2802 5074 Θεὸς
2843 5010 3124 5081 ὑπάρχων,
3165 5010 3241 5075 ὡς
3274 5010 3532 5076 πολλάκις
3570 5012 3705 5066 ἀπο-

2131 5096 2419 5152 δέδεικται.
2451 5098 2923 5170 Ἐπιμαρτυρήσει
2950 5100 3009 5153 δὲ
3047 5100 3186 5171 πρὸς
3219 5101 3378 5155 τοῦτο
3407 5104 3522 5167 τοῖς
3552 5103 3707 5174 εἰρη-

2133 5191 2317 5261 μένοις
2348 5190 2440 5242 κα¹ι
2469 5191 2498 5241 ὁ
2536 5192 2804 5262 μακάριος
2840 5192 3148 5265 Βαπτιστὴς
3191 5193 3333 5249 οὕτω
3365 5193 3537 5263 λέγων
3578 5197 3705 5267 περὶ

2131 5281 2329 5335 αὐτοῦ’
2383 5301 2402 5332 ι
2447 5282 2651 5336 Ὀπίσω
2700 5300 2801 5353 μου
2847 5283 3065 5353 ἔρχεται
3099 5284 3259 5357 ἀνὴρ,
3292 5286 3350 5349 ὃς
3395 5284 3706 5357 ἔμπροσθέν

2136 5392 2235 5445 μου
2270 5374 2512 5443 γέγονεν,
2553 5376 2635 5427 ὅτι
2691 5376 2904 5446 πρῶτός
2938 5394 3039 5446 μου
3094 5372 3188 5448 ἦν·
3225 5376 3379 5447 κάγὼ
3417 5378 3520 5432 οὐκ
3557 5378 3705 5449 ᾔδειν

2133 5466 2314 5521 αὐτόν.
2352 5486 2370 5518 ι
2401 5467 2527 5530 Πῶς
2549 5464 2643 5523 οὖν
2664 5468 2833 5540 ἄνδρα
2856 5469 3029 5529 λέγων
3055 5470 3237 5533 αὐτὸν,
3266 5469 3479 5541 πρῶτον
3505 5470 3699 5525 ἑαυτοῦ

2134 5573 2300 5626 φησιν
2327 5557 2490 5611 αὐτὸν
2513 5554 2678 5622 εἶναις
2712 5560 2805 5611 καί⁸
2828 5558 2933 5630 μὴν
2965 5560 3104 5613 κατά
3128 5559 3217 5612 τὸν
3242 5559 3552 5629 οἰκονομίας
3576 5561 3701 5632 χρό-

2132 5665 2222 5702 νον
2239 5649 2398 5710 who;
2421 5651 2670 5720 πρῶτοςὸ
2693 5653 2955 5721 μακάριος
2976 5653 3284 5721 Βαπτιστὴς
3309 5653 3702 5725 γεγεννημένος

2828 5830 2871 5860 θ’
2895 5828 3025 5884 Jttzttt
3091 5846 3123 5885 ι.
3162 5830 3247 5883 97.
