4104 6336
326 285 451 371 ἐδει

1441 303 1631 373 QUOD
1668 303 1727 359 Β.
1774 300 1990 359 MARIA
2034 296 2141 355 SIT
2182 295 2484 356 DEIPARA

3498 294 3604 348 290

344 431 693 505 εὑρίσκεται·
748 430 836 483 ὅτε
869 427 979 498 γὰρ
1011 428 1042 481 6
1094 425 1337 498 Γαὸριὴλ
1363 426 1429 496 τῇ
1464 425 1700 497 θεστόκῳ
1735 422 1927 495 Μαρίᾳ

2041 431 2142 478 tum
2171 426 2494 487 conceptum
2517 412 2739 472 Gabriel
2768 410 3065 476 nuntiabat,
3094 418 3249 465 sexto
3270 408 3383 479 jam
3417 423 3602 463 menso

342 527 445 598 τὴν
474 526 742 596 ἄχραντον
778 519 1037 591 σύλληψιν
1081 517 1497 591 εὐηγγελίζετο,
1536 518 1695 572 ’ἕκτον
1737 516 1923 585 ῑλεγεν

344 618 448 688 ῆδη
480 617 625 688 μῆνα
646 614 763 685 τὴν.
788 608 1073 669 Ἐλεισάϐετ
1103 612 1248 681 ἔχειν
1278 610 1659 681 συνειληφυϊαν
1687 609 1780 663 τὸν
1813 610 1921 661 Βα-

346 708 603 781 πτιστήν.
638 705 767 771 Πῶς
791 701 885 758 οὖν
913 704 1082 775 ἄνδρα
1102 703 1300 771 λέγων,
1323 700 1539 774 πρῶτόν
1568 718 1732 772 φησιν
1760 700 1923 756 αὐτὸν

347 802 545 858 ἑαυτοῦ
572 803 719 866 ὂντα,
752 803 800 853 εί
838 802 968 870 μήτι
993 799 1125 851 Θεὸν
1149 798 1397 869 φανερῶς
1428 797 1923 868 ὲνανθρωπήσαντα

345 894 510 948 αὑτὸν
548 892 853 963 ἡπίστατος
894 911 913 943 ι
948 892 1154 945 Ὀπίσω
1182 907 1283 960 μου
1318 889 1448 961 γὰρ,
1482 890 1668 960 φησὶν,
1704 888 1921 958 ἔρχεται

346 984 508 1055 ἀνὴρ,
554 983 614 1046 6;
661 981 973 1053 ἔμπροσθέν
1009 999 1112 1051 μου
1146 982 1390 1049 γέγονεν.
1432 981 1514 1032 ὅτι
1562 978 1778 1050 πρῶτος
1820 992 1921 1047 μου

346 1069 445 1143 ἦν·
474 1091 493 1124 ι
530 1072 648 1136 πῶς
674 1072 732 1125 δὲ
758 1073 807 1125 εί
842 1071 1060 1143 πρῶτος
1087 1066 1155 1142 ἦν
1184 1071 1513 1143 ἔμπροσθεν,
1552 1070 1780 1142 ὓστερον
1804 1070 1925 1138 ὲγὲ-

348 1181 501 1231 νετο;
543 1165 621 1235 Τῇ
681 1163 1009 1235 φανερώσει,
1043 1166 1138 1218 καὶ
1187 1166 1254 1234 τῇ
1297 1163 1496 1232 γνώσει
1530 1166 1596 1235 τῇ
1638 1166 1775 1233 πρὸς
1831 1163 1927 1217 τὸν

348 1256 509 1310 λαόν·
538 1258 670 1327 πρίν
719 1256 815 1327 μὲν
845 1256 954 1326 γὰρ
986 1255 1078 1308 ἐπὶ
1120 1254 1179 1308 τὸ
1228 1255 1517 1326 κηρύττειν
1559 1254 1828 1324 παρέλθῃ,
1862 1255 1924 1307 ού

352 1346 562 1418 σφόδρα
586 1341 656 1417 ἦν
693 1349 811 1410 τοίς
865 1345 1080 1410 ⁴ιιολλοῖς
1114 1344 1391 1416 γνώριμος
1411 1361 1426 1376 ·
1460 1347 1489 1399 6
1522 1344 1580 1398 δὲ
1616 1344 1926 1414 Βαπτιστὴς

350 1440 453 1511 ῆὸη
484 1440 579 1493 καὶ
608 1441 925 1510 δκήρυττεν,
950 1438 1044 1490 καὶ
1074 1436 1362 1502 ὲϐᾶπτιζεν
1389 1436 1497 1507 πρὸ
1523 1434 1690 1489 αὑτοῦ
1710 1453 1724 1467 ·
1758 1435 1850 1489 ὅτε
1871 1435 1926 1488 δὲ

349 1530 540 1587 λοιπὸν
566 1532 659 1586 καὶ
689 1534 719 1585 6
750 1529 956 1601 Κύριος
990 1529 1194 1603 ῆρξατο
1226 1527 1542 1600 κηρύττειν,
1569 1530 1663 1582 καὶ
1695 1529 1763 1583 τὰ
1794 1526 1927 1581 θαύ-

352 1641 504 1695 ματα
527 1626 813 1689 ἐπιτελεῖν,
836 1622 1167 1693 ἔμπροσθεν,
1184 1620 1465 1675 τουτέστιν
1488 1620 1689 1691 μᾶλλον
1707 1619 1800 1673 τοῦ
1824 1618 1931 1672 Βαο-

351 1714 579 1774 πτιστοῦ
613 1714 684 1768 τὰ
717 1716 964 1785 πρωτεῖα
989 1713 1202 1783 ἔφερεν.
1234 1713 1343 1765 Kal
1369 1712 1451 1764 ὃτι
1496 1710 1656 1764 τοῦτό
1686 1713 1835 1763 ἐστιν
1869 1710 1931 1763 τὸ

2027 510 2142 584 εει-ί
2175 510 2244 565 ab
2276 507 2558 565 Eiisabeth
2627 504 2925 575 Baptistam
2967 504 3021 558 in
3040 510 3195 558 utero
3219 503 3415 557 aiebat.
3455 500 3604 567 Quo-

2028 604 2187 659 modo
2224 614 2355 675 ergo
2394 612 2682 671 postquam
2722 611 2846 651 eum
2882 597 3058 650 virum
3095 595 3327 659 dixerat,
3365 594 3601 664 priorem

2029 711 2089 749 se
2119 694 2287 748 fuisse
2316 691 2647 751 aﬂirmahat,
2677 690 2781 743 nisi
2814 689 2981 742 Deum
3013 685 3302 741 manifeste
3331 686 3605 740 humana-

2031 796 2141 841 tum
2174 788 2348 856 ipsum
2378 783 2661 839 scivisset?
2696 801 2715 834 ι
2751 781 2881 836 Post
2910 795 2995 834 me
3021 780 3164 833 enim
3184 821 3198 843 ,
3230 779 3433 846 inquit,
3461 777 3608 830 venit

2027 878 2136 941 vir,
2164 876 2255 943 qui
2284 886 2409 929 ante
2437 889 2523 928 me
2553 874 2729 928 iactus
2759 882 2862 939 est,
2892 873 3016 940 quia
3046 871 3197 940 prior
3223 884 3309 922 me
3336 880 3456 922 erat
3477 868 3542 921 ".
3583 887 3601 917 ι

2030 966 2310 1033 Quomodo
2339 975 2539 1028 autem,
2596 963 2861 1032 siquidem
2892 970 3049 1014 antea
3084 960 3234 1027 prior
3254 967 3392 1023 erat,
3428 966 3609 1028 poste-

2032 1059 2144 1110 rior
2176 1058 2351 1110 factus
2385 1055 2506 1109 est?
2545 1052 2983 1108 manifestatinne
3020 1050 3211 1124 1M0
3244 1048 3495 1104 videlicet
3528 1061 3611 1103 at-
3662 1102 3671 1113 ,

2032 1163 2139 1218 que
2160 1151 2300 1219 apud
2331 1148 2581 1219 populum
2614 1146 2827 1201 notitia.
2857 1144 2992 1199 Nam
3028 1146 3343 1214 priusquam
3377 1145 3441 1197 ad
3474 1159 3611 1211 prrr-

2031 1245 2318 1298 dicandum
2366 1242 2683 1301 accederet.
2728 1255 2833 1293 non
2882 1239 3171 1292 admodum
3224 1237 3405 1290 multis
3454 1247 3611 1290 notus

2034 1343 2167 1409 erat.
2202 1333 2439 1403 Baptista
2472 1347 2601 1386 vero
2631 1332 2739 1401 jam
2778 1342 2890 1383 tum
2922 1337 2980 1383 et
3014 1330 3360 1398 przcdicahat,
3395 1338 3453 1381 et
3484 1338 3610 1382 ante

2034 1440 2156 1479 eum
2189 1425 2517 1493 baptizabat.
2550 1423 2811 1492 Deinceps
2842 1436 2970 1476 vero
3000 1437 3121 1476 cum
3154 1420 3316 1475 etiam
3353 1420 3612 1475 Dominus

2034 1514 2199 1582 cmpit
2240 1514 2566 1584 praedicare,
2600 1523 2657 1568 et
2702 1512 2960 1566 miracula
3006 1512 3197 1575 edere,
3240 1524 3398 1575 ante,
3437 1512 3489 1567 id
3530 1520 3615 1565 Cal

2038 1608 2210 1675 magis
2251 1620 2410 1675 quam
2455 1603 2732 1674 Baptista,
2771 1604 3063 1675 primatum
3110 1604 3318 1659 retulit.
3361 1604 3426 1658 Et
3468 1605 3611 1672 quod

2036 1699 2281 1754 vocabuli
2312 1706 2435 1752 ante
2461 1699 2549 1751 hic
2573 1710 2768 1752 sensus
2795 1696 2886 1759 sit,
2919 1695 3041 1749 audi
3070 1695 3203 1766 quid
3228 1693 3428 1751 ,νοοηηί
3455 1697 3611 1750 dixe-

352 1805 688 1880 εμπροσθεν,
736 1806 901 1861 ἄκουε
947 1804 1001 1857 τί
1057 1803 1195 1875 πρὸς
1243 1802 1336 1855 τὸν
1377 1802 1634 1872 Ἰωάννην
1665 1802 1717 1855 0i
1762 1799 1927 1855 αὐτοῦ

2041 1791 2144 1846 rint
2180 1788 2385 1860 proprii
2428 1788 2681 1859 discipuli
2726 1802 2742 1843 :
2791 1805 2811 1840 ι
2856 1786 3132 1859 Magister,
3172 1787 3263 1843 ille
3303 1787 3393 1856 qui
3438 1798 3613 1843 tecum

354 1897 601 1971 μαθηταὶ
654 1896 871 1967 ἔλεγον·
915 1917 934 1949 ι
964 1894 1175 1961 Ῥαϐϐὶ,
1224 1895 1281 1959 6;
1329 1890 1398 1965 ἦν
1448 1895 1590 1965 μετά
1630 1894 1722 1949 σοῦ
1768 1896 1826 1949 ἐν
1850 1892 1928 1964 τῷ

365 1990 627 2063 Ἰορδάνῃ,
659 1982 705 2058 ᾧ
737 1990 805 2043 σὺ
839 1987 1297 2060 μεμαρτύρηκας,
1344 1985 1420 2038 ίδε
1464 1982 1619 2048 οὗτος
1653 1984 1926 2054 βαπτίζει,

352 2085 450 2138 καὶ
482 2083 687 2148 πάντες
712 2083 965 2155 ἔρχονται
994 2081 1130 2152 πρὸς
1162 2081 1342 2135 αὐτόν.
1376 2101 1395 2134 ι
1429 2081 1663 2154 Θεωρεῖς
1694 2080 1811 2144 πῶς
1839 2080 1929 2133 καὶ

350 2174 544 2245 ἄνδρα,
571 2173 668 2228 καὶ
704 2172 921 2245 πρῶτον
949 2172 1250 2243 ὲκήρυξενς

424 2268 525 2323 κθ’.
564 2267 631 2321 Ei.
647 2271 715 2338 τῇ
745 2265 1095 2339 προλασούσῃ
1120 2266 1501 2337 κεκαρωμένοι
1538 2266 1698 2339 μέθῃ,
1731 2266 1809 2318 ἔτι
1837 2266 1931 2318 καὶ

353 2359 453 2414 νῦν
491 2358 890 2414 ἀναϐάλλονται
935 2362 1002 2431 τῇ
1035 2360 1265 2430 ἀληθείᾳ
1305 2359 1592 2413 πείθεσθαι
1628 2361 1678 2412 οί
1728 2359 1933 2412 πεπλαο

355 2454 604 2527 νημένοι,
636 2452 771 2525 φέρε
808 2453 1067 2523 κάκείνην
1125 2455 1309 2515 αὐτοῖς
1354 2453 1454 2524 τὴν
1494 2452 1801 2524 μαρτυρίαν
1853 2454 1933 2515 είς

360 2544 527 2615 μέσον
570 2544 895 2615 ἀγάγωμεν,
927 2544 1065 2615 πρὸς
1104 2545 1171 2616 ἢν
1204 2545 1481 2597 ἀντειπεῖν
1528 2543 1652 2596 οὒτε
1695 2544 1849 2596 αὐτοὶ
1883 2543 1932 2596 οί

355 2634 425 2688 τὰ
451 2634 593 2689 αὐτὰ
605 2634 791 2699 αὐτοῖς
819 2633 1183 2704 ὑπειληφότες
1211 2632 1473 2698 Ἰουδαῖοι,
1502 2635 1596 2687 καὶ
1622 2633 1934 2703 νομίζοντες

356 2723 646 2798 ἄνθρωπον
677 2724 819 2779 εἶναι
850 2724 1027 2795 ψιλὸν,
1073 2723 1257 2777 οὐκέτι
1294 2723 1673 2795 ἠδυνήθησαν·
1710 2724 1840 2779 ποία
1877 2723 1935 2776 δὲ

356 2814 497 2890 αὕτη
529 2818 708 2883 δστίνς
740 2817 915 2881 Αὐτός
947 2833 1081 2872 ποτε
1116 2816 1243 2878 τοὺς
1275 2817 1603 2887 Φαρισαίους
1648 2818 1677 2869 ὁ
1730 2816 1936 2888 Κύριος

356 2909 645 2984 1ὴρώτησεν
666 2910 873 2980 λέγων’
915 2929 934 2961 ι
958 2907 1024 2962 Τί
1054 2910 1184 2979 ὑμῖν
1216 2909 1363 2962 δοκεῖ
1386 2909 1517 2979 περὶ
1539 2907 1634 2961 τοῦ
1664 2909 1933 2979 Χριστοῦς

357 3004 506 3067 τίνος
535 3002 648 3068 υίὸς
678 3004 798 3055 ἐστι
820 3020 835 3069 ;
861 3021 881 3054 ι
906 3002 1029 3055 Τῶν
1059 3002 1115 3055 δὲ
1151 3001 1629 3072 ἀποκριναμένων,
1658 3019 1679 3051 ι
1700 2999 1808 3055 Τοῦ
1831 3002 1937 3058 Δα-

359 3095 466 3153 σιδ-
492 3114 511 3149 ι
528 3095 635 3167 εφη
656 3095 793 3168 πρὸς
821 3094 1042 3159 αὐτούς·
1073 3112 1091 3145 ι
1121 3094 1245 3158 Πῶς
1267 3089 1359 3146 οὖν
1380 3094 1546 3149 Δαὸὶδ
1572 3095 1631 3147 ὲν
1657 3093 1936 3163 Πνεύματι

360 3188 519 3248 ιαλεῖ
531 3189 695 3243 αὐτὸν
719 3187 945 3260 Κύριον,
968 3187 1161 3256 λέγων·
1183 3182 1347 3238 Εἶπεν
1373 3189 1402 3238 6
1429 3186 1633 3255 Κύριος
1653 3185 1733 3256 τῷ
1753 3186 1942 3256 Κυρίῳ

365 3296 492 3354 μου’
523 3279 711 3335 Κάθου
741 3282 806 3333 ἐκ
834 3277 1022 3346 δεξιῶν
1052 3296 1177 3347 μου,
1209 3278 1313 3340 ἕως
1344 3276 1412 3331 ἂν
1451 3276 1530 3330 θῶ
1556 3278 1683 3341 τοὺς
1715 3276 1944 3348 ἐχθρούς

364 3390 460 3427 σου
489 3370 782 3427 ὑποπόδιον
814 3369 921 3424 τῶν
971 3367 1149 3421 ποδῶν
1179 3384 1316 3433 sou;
1358 3363 1424 3423 El
1464 3366 1560 3421 οὖν
1581 3368 1745 3421 Δαεὶδ
1784 3366 1944 3421 καλεῖ

365 3459 529 3515 αὑτὸν
555 3458 784 3531 Κύριον,
812 3456 931 3519 πῶς
956 3457 1071 3520 υἱὸς
1110 3457 1274 3509 αύτοῦ
1292 3459 1473 3523 ὲστιν;
1520 3476 1540 3509 ι
1584 3458 1748 3528 Ὁρᾷς
1780 3473 1944 3525 φανε-

368 3550 479 3623 ρῶς
508 3548 628 3614 πῶς
656 3548 862 3619 Κύριον
904 3547 996 3601 τοῦ
1044 3547 1212 3601 Δασὶδ
1244 3548 1437 3601 ἑαυτὸν
1470 3548 1787 3613 ἀπέδειξεν;
1819 3548 1945 3607 Πῶς

363 3639 459 3699 οὖν
472 3645 501 3699 6
517 3645 580 3697 ὲκ
594 3642 907 3712 σπέρματος
930 3640 1113 3705 Δαϐὶδ,
1128 3640 1333 3707 Κύριος
1351 3640 1517 3694 αὐτοῦ
1537 3635 1677 3694 εἶναι
1690 3640 1941 3710 ἠδύνατο,

368 3740 467 3797 καὶ
512 3736 608 3792 τοῦ
663 3735 868 3807 πατρὸς
914 3735 1228 3805 σύνθρονος,
1263 3736 1313 3787 εί
1359 3734 1435 3804 μὴ
1483 3735 1564 3787 ὅτι
1593 3732 1727 3797 Θεὸς
1754 3729 1823 3804 ἦν
1875 3734 1945 3787 τὰ

366 3826 687 3900 ἀνθρώπινα
723 3824 1185 3897 περιϐαλόμενος;
1212 3825 1341 3879 Υἱδν
1368 3824 1477 3897 γὰρ
1499 3823 1664 3877 Δαόὶδ
1701 3825 1798 3878 καὶ
1830 3824 1943 3879 Κύ-

371 3938 508 3995 ριον,
537 3921 630 3974 τὸν
658 3922 723 3974 ὲκ
757 3920 856 3990 τῆς
883 3919 1163 3990 Παρθένου
1190 3918 1473 3989 τεχθέντα,
1505 3917 1785 3972 τουτέστιν
1816 3920 1946 3972 satu-

369 4012 481 4074 τὸν.
501 4011 782 4075 ἀπέδειξεν
802 4026 818 4042 ”
843 4010 958 4065 ἀλλ’
982 4013 1184 4067 ἐκεῖνοι
1211 4011 1307 4081 μὲν
1332 4013 1426 4065 καὶ
1451 4010 1658 4080 ταύτην
1682 4011 1783 4082 τὴν
1808 4027 1949 4082 μαρ-

370 4106 562 4177 τυρίαν
590 4103 927 4167 ἀκούσαντες
950 4103 1363 4173 ἀνετράπησαν,
1396 4104 1492 4156 καὶ
1519 4102 1614 4155 τοῦ
1648 4102 1949 4169 ἀντιλέγειν

372 4196 698 4258 ἐπαύσαντο,
745 4195 820 4258 ὡς
885 4196 913 4247 6
967 4193 1358 4264 εὖαγγελιστὴς
1416 4195 1649 4264 ἱστορεῖ·
1698 4213 1717 4246 ι
1761 4194 1949 4256 Οὐδεὶς

374 4287 504 4357 γὰρ,
536 4288 723 4356 φησιν,
767 4284 1003 4355 ἠδύνατο
1037 4285 1403 4356 ἀποκριθῆναι
1442 4286 1592 4355 αὐτῷ
1620 4285 1797 4353 λόγον,
1830 4284 1949 4338 οὐδὲ

374 4378 673 4448 ἐτόλμησεν
708 4379 801 4431 ἀπ’
834 4378 1050 4447 ἐκείνης
1089 4377 1189 4448 τῆς
1221 4376 1371 4448 ὧρας
1408 4376 1757 4449 ἐπερωτῆσαι
1788 4378 1950 4431 αὐτὸν

375 4468 583 4521 οὐκέτι.
614 4486 633 4518 ι

448 4558 513 4613 λ’.
570 4558 787 4612 Γένοιτο
835 4560 891 4613 δὲ
947 4561 1042 4613 καὶ
1090 4562 1351 4625 τούτους,
1394 4561 1497 4615 κᾶν
1537 4564 1637 4633 ὀψέ
1677 4581 1806 4617 ποτε
1852 4564 1950 4634 τῆς

377 4648 563 4711 ἀνοίας
596 4648 960 4713 ἀποστάντας,
982 4651 1283 4719 ἐπιγνῶναι
1317 4653 1417 4722 τῆς
1450 4654 1732 4717 εὐσεϐείας
1760 4655 1821 4707 τὸ
1847 4659 1949 4723 κή-

380 4758 599 4814 ρυγμα*
634 4743 794 4812 ἡμεῖς
823 4740 880 4794 δὲ
918 4741 1122 4813 ταύτης
1173 4742 1427 4815 ἐχώμεθα
1462 4745 1566 4815 τῆς
1593 4747 1831 4809 πίστεως
1862 4746 1951 4799 διὰ

379 4835 600 4898 παντὸς,
629 4834 906 4903 ἀγαπητοί
930 4849 943 4863 ’
993 4835 1197 4906 ταύτην
1238 4839 1332 4889 καὶ
1381 4838 1439 4889 ὲν
1464 4837 1673 4907 διανοίᾳ
1708 4840 1949 4907 κατέχω-

382 4935 502 4989 μεν,
535 4920 628 4972 ml
672 4922 740 4990 τῇ
784 4919 999 4995 γλώττῃ
1030 4924 1279 4995 φανερῶς
1320 4926 1411 4978 καὶ
1462 4925 1601 4996 μετά
1640 4929 1954 4999 παρρησίας

379 5010 763 5082 κηρύττωμεν,
790 5013 969 5065 πάντα
995 5014 1086 5068 διὰ
1108 5015 1311 5085 ταύτην
1331 5018 1626 5087 ὑπομένειν
1656 5020 1952 5090 προθύμως

378 5102 719 5172 ἀνεχόμενοι.
756 5104 903 5176 Λῦτη
937 5106 1037 5174 μὲν
1067 5106 1172 5178 γὰρ
1204 5110 1501 5179 προφητῶν
1524 5112 1670 5163 ἔστιν
1706 5113 1951 5183 πρόρρη-

382 5210 485 5258 σις,
514 5196 831 5249 ἀποστόλων
862 5197 919 5250 δὲ
968 5200 1249 5269 κήρυγμα.
1284 5202 1378 5255 καὶ
1421 5203 1523 5272 τῆς
1564 5204 1674 5256 τῶν
1707 5204 1951 5275 ούρανῶν

385 5286 657 5355 βασιλείας
685 5288 967 5361 πρόξενος,
1000 5290 1137 5362 αὓτη
1179 5293 1277 5361 τῆς
1306 5293 1526 5347 αίωνίου
1556 5294 1703 5365 ζωῆς
1737 5296 1949 5365 ὁδηγος,

380 5379 521 5453 αὕτη
542 5382 652 5437 τῶν
689 5385 942 5452 πατέριον
968 5387 997 5439 6
1016 5385 1268 5451 πλοῦτος,
1290 5387 1429 5457 αὓτη
1458 5389 1552 5443 καὶ
1582 5391 1739 5461 ἡμῶν
1762 5393 1791 5444 6
1822 5393 1953 5464 ἀλη-

384 5472 529 5538 θινὸς
550 5474 843 5548 θησαυρὸς,
886 5478 1027 5550 ὑπὲρ
1049 5473 1111 5533 οὗ
1138 5479 1314 5533 πάντα
1341 5484 1540 5535 πωλεῖν
1563 5484 1658 5537 καὶ
1683 5485 1949 5555 προέσθαι

368 5564 623 5641 ,δίκαιονο
666 5567 858 5622 τοῦτον
884 5570 938 5623 εί
985 5587 1067 5623 τις
1118 5570 1276 5627 ὑιιῶν
1330 5574 1670 5643 ἀποσυλῆσαι
1711 5574 1949 5631 θελίσοι.

2035 1890 2156 1939 erat.
2190 1882 2243 1937 in
2280 1880 2544 1945 Jurdane,
2584 1880 2670 1935 cui
2710 1888 2767 1935 tu
2809 1879 3178 1937 testimonium
3223 1878 3443 1942 dedisti,
3487 1893 3617 1933 ecce

2037 1987 2181 2028 nune
2216 1974 2263 2027 is
2302 1972 2563 2040 haptizat,
2596 1981 2650 2025 et
2672 1972 2736 2023 ad
2763 1985 2887 2024 eum
2924 1970 3105 2025 cuncti
3126 1960 3346 2023 veniunt
3366 1970 3430 2024 ".
3475 1988 3493 2020 ι
3529 1969 3619 2023 Vi-

2037 2064 2168 2120 den‘
2208 2079 2315 2136 qua
2348 2063 2561 2118 ratione
2592 2071 2647 2117 et
2677 2062 2855 2115 virum
2888 2069 2942 2115 et
2977 2060 3209 2117 oriorem
3234 2061 3402 2131 ipsum
3428 2060 3619 2129 pradi-

2037 2156 2279 2213 caverit?

2105 2248 2199 2303 20.
2240 2245 2527 2302 Postremo
2567 2245 2613 2301 si
2658 2254 2848 2299 vetere
2892 2241 3102 2313 gravati
3150 2242 3396 2312 crapula,
3441 2243 3619 2297 adhuc

2040 2339 2254 2396 veritati
2292 2339 2515 2394 credere
2549 2337 2600 2392 hi
2635 2350 2863 2391 errones
2895 2331 3181 2398 differunt,
3215 2348 3313 2405 age
3340 2333 3448 2401 jam
3487 2334 3615 2388 illud

2040 2448 2253 2503 quoque
2300 2429 2671 2487 testimonium
2719 2427 3061 2499 proferamus
3113 2428 3167 2482 in
3216 2429 3490 2493 medium,
3534 2430 3621 2483 cui

2040 2523 2420 2580 contradicere
2459 2536 2531 2577 ne
2572 2520 2674 2591 ipsi
2715 2520 2936 2590 quidem
2984 2520 3139 2588 paria
3190 2520 3276 2573 his
3324 2521 3624 2574 sentientes

2040 2618 2243 2683 Judaei,
2287 2625 2342 2670 et
2380 2615 2681 2687 simplicem
2725 2615 2999 2669 hominem
3036 2613 3377 2682 judicantes,
3419 2613 3622 2667 diutius

2042 2716 2357 2780 potuerunt.
2386 2706 2541 2775 Quod
2567 2722 2699 2762 vero
2729 2707 2833 2760 hoc
2862 2705 2985 2760 est?
3014 2705 3134 2772 Ipse
3161 2703 3451 2774 aliquando
3478 2703 3623 2759 Pha-

2043 2802 2230 2857 risaeos
2262 2800 2524 2854 Dominus
2557 2797 2920 2866 interrogavit
2952 2797 3141 2851 dicens
3174 2814 3190 2849 :
3232 2812 3251 2847 ι
3290 2796 3431 2861 Quid
3465 2795 3620 2849 vobis

2042 2892 2257 2945 videtur
2291 2892 2358 2944 de
2401 2887 2660 2942 Christo?
2704 2886 2985 2953 cujusnam
3034 2885 3174 2939 ﬁlius
3215 2884 3335 2939 est?
3374 2884 3618 2953 Respon-

2045 2978 2762 3049 dentibuslillis,«Davidisn
2785 2976 2987 3031 aitillis
3020 2994 3034 3030 :
3076 2994 3095 3026 ι
3130 2975 3241 3031 Cur
3278 2992 3407 3047 ergo
3453 2974 3623 3030 David

2048 3072 2250 3142 Spiritu
2300 3070 2588 3125 instinctus
2633 3076 2791 3124 vocat
2835 3082 2961 3122 eum
3014 3067 3325 3131 Dominum,
3370 3067 3558 3121 dicens
3604 3084 3618 3120 :

1969 3148 2012 3207 C
2046 3162 2473 3218 DixitDominus
2505 3161 2739 3216 Domino
2791 3174 2933 3226 meo,
2971 3159 3109 3214 Sede
3143 3173 3172 3212 a
3208 3159 3412 3212 dextris
3450 3159 3623 3222 meis,

2044 3258 2216 3311 donec
2254 3268 2448 3326 ponam
2483 3254 2735 3309 inimicos
2773 3262 2894 3308 tuos
2926 3249 3224 3307 scabeilum
3260 3252 3455 3321 pedum
3500 3262 3620 3306 tuu-

2046 3347 2201 3404 rum?
2229 3345 2285 3401 Si
2316 3362 2445 3416 ergo
2472 3345 2646 3399 David
2674 3354 2829 3399 vocat
2861 3360 2984 3399 eum
3015 3343 3323 3407 Dominum,
3352 3342 3628 3412 quomodo

2044 3440 2189 3495 ﬁlius
2221 3439 2340 3509 ejus
2373 3450 2457 3494 est
2484 3438 2572 3491 ὀἳ
2609 3456 2628 3489 ι
2668 3435 2853 3491 Nonne
2890 3444 3076 3505 aperte
3109 3435 3292 3497 vides,
3333 3434 3476 3504 quod
3514 3432 3623 3487 Do—

2046 3535 2250 3590 minum
2281 3540 2454 3586 semet
2481 3528 2701 3585 Davidis
2726 3525 3158 3582 demonstravit?
3182 3524 3462 3591 Quomodo
3492 3538 3625 3594 ergo

2045 3625 2137 3698 qui
2177 3624 2247 3681 de
2287 3622 2498 3681 semine
2538 3621 2760 3676 Davidis
2802 3628 2957 3684 erat,
2996 3618 3157 3689 hujus
3200 3617 3461 3673 Dominus
3503 3633 3626 3673 esse

2046 3724 2292 3787 poterat,
2333 3724 2389 3769 et
2432 3714 2603 3784 patris
2646 3713 2701 3767 in
2748 3712 2947 3766 throno
2989 3725 3301 3774 consessor,
3346 3709 3449 3764 nisi
3493 3710 3623 3779 quia

2048 3808 2192 3861 Deus
2211 3815 2327 3859 erat
2353 3805 2587 3859 humana
2613 3814 2804 3857 natura
2829 3799 3236 3856 circumdatus?
3254 3800 3451 3854 Filium
3477 3801 3623 3854 enim

2049 3896 2270 3952 Davidis
2302 3909 2366 3951 ac
2400 3895 2709 3959 Dominum,
2738 3909 2860 3947 eum
2894 3908 3052 3962 quem
3083 3892 3242 3964 Virgo
3276 3892 3506 3962 peperit,
3538 3906 3630 3948 ee-

2048 3992 2223 4063 ipsum
2263 3990 2535 4052 videlicet,
2577 3987 2995 4044 demonstravit.
3038 3986 3103 4041 Et
3147 3987 3223 4041 illi
3265 3988 3483 4056 quidem
3524 3986 3626 4043 hoc

2050 4083 2235 4141 audito
2277 4080 2611 4146 testimonio,
2653 4080 2928 4143 abierunt,
2970 4086 3026 4132 et
3069 4077 3496 4133 contradicendo
3531 4079 3629 4132 ab-

2008 4172 2013 4177 ’
2052 4177 2342 4236 stiterunt,
2375 4182 2436 4227 ut
2464 4179 2652 4225 narrat
2682 4169 3039 4238 evangelista.
3071 4187 3090 4219 ι
3126 4166 3299 4223 Nemo
3329 4168 3475 4222 enim
3498 4208 3514 4233 ,
3545 4168 3626 4223 in-

2051 4269 2190 4339 quit,
2233 4274 2449 4338 poterat
2490 4266 2539 4319 ei
2584 4265 2916 4332 respondere
2956 4263 3205 4324 verbum,
3248 4275 3424 4331 neque
3467 4275 3633 4315 ausus

2054 4360 2155 4416 fuit
2196 4360 2482 4428 quisquam
2524 4373 2591 4413 ex
2636 4356 2725 4413 illa
2766 4357 2900 4411 hora
2942 4371 3067 4410 eum
3111 4353 3347 4424 amplius
3390 4354 3628 4407 interro-

1978 4489 2030 4549 ῦ
2055 4468 2182 4524 gare
2206 4452 2273 4507 ³³.
2315 4470 2335 4504 ι

2125 4562 2213 4618 30.
2256 4562 2473 4619 Utinam
2511 4576 2642 4616 vero
2687 4571 2745 4617 et
2785 4561 2837 4615 hi
2882 4560 3179 4615 adversarii
3227 4570 3419 4627 "OSll'i,
3456 4576 3631 4635 quan-

2054 4670 2217 4725 quam
2249 4669 2396 4717 sero,
2425 4654 2626 4709 omissa
2657 4653 2875 4709 vesania
2908 4667 3003 4709 sua
3038 4664 3196 4710 recta:
3230 4660 3503 4726 religionis
3534 4664 3633 4714 do-

2055 4748 2288 4803 ctrinam
2316 4749 2645 4816 agnoscant!
2668 4746 2781 4803 Nos
2801 4759 2946 4805 certe
2968 4750 3089 4804 ﬁdei
3114 4752 3235 4804 huic
3258 4752 3634 4807 adhmreamus

2056 4849 2393 4905 constanter,
2418 4853 2450 4892 0
2473 4840 2804 4894 charissimi.
2830 4840 2981 4894 Hanc
3002 4849 3057 4893 et
3080 4849 3256 4895 mente
3280 4843 3632 4906 retineamus,

2058 4938 2112 4982 et
2153 4930 2332 4999 lingua
2375 4929 2551 4998 palam
2593 4930 3039 5000 conﬁdenterque
3078 4932 3461 5001 praedic-emus,
3500 4934 3635 4987 nihil

2060 5019 2219 5082 huius
2252 5034 2413 5076 causa
2442 5022 2697 5076 alacriter
2723 5023 2928 5093 perpeti
2966 5032 3298 5077 recusantes.
3329 5023 3453 5077 llaec
3489 5027 3634 5078 enim
3741 5069 3750 5079 .

2059 5126 2143 5169 est
2168 5116 2553 5185 prophetarum
2580 5117 2881 5187 praedictio,
2907 5117 3269 5186 apostolorum
3297 5118 3633 5183 prmdicatio,

2061 5219 2115 5263 et
2143 5209 2292 5278 regni
2326 5201 2589 5263 caelorum
2622 5210 2872 5264 donatrix
2897 5253 2912 5275 ,
2946 5210 3061 5262 haec
3091 5220 3305 5264 aeterna:
3334 5210 3456 5263 vita:
3486 5210 3589 5263 dux
3618 5251 3633 5272 ,

2058 5302 2174 5356 haec
2218 5312 2431 5371 patrum
2476 5302 2586 5355 dite
2628 5301 3045 5368 patrimonium,
3091 5300 3205 5353 haec
3243 5314 3405 5354 verus
3449 5310 3636 5354 noster

2059 5394 2379 5459 thesaurus,
2415 5390 2571 5458 cujus
2600 5408 2760 5447 causa
2792 5393 2973 5447 omnia
3006 5391 3241 5446 vendere
3274 5408 3338 5445 ac
3371 5391 3638 5461 projicere

2057 5503 2269 5556 aequum
2329 5496 2431 5541 est.
2488 5485 2600 5541 Hoc
2655 5486 2699 5539 si
2752 5485 2874 5555 quis
2934 5485 3188 5538 thesauro
3244 5483 3480 5553 spoliare
3534 5498 3636 5538 nos

2058 5577 2323 5642 voluerit,
2359 5590 2484 5632 eum
2530 5586 2587 5633 ut
2630 5575 2832 5633 Christi
2879 5576 3247 5632 adversarium
3295 5590 3633 5642 aversemur,

454 5746 658 5835 ἠως.
690 5766 730 5819 ι,
759 5752 829 5807 τε
925 5741 1365 5823 "Joan.m,'26.
1424 5758 1488 5837 ρο
1511 5758 1704 5815 Matth.
1740 5776 1875 5830 xm,
1910 5781 1938 5815 ο

2041 5760 2100 5816 .5.
2182 5761 2376 5837 ".ibid.
2416 5759 2503 5815 ιο.
