4104 6336
356 301 464 375 ³95

1396 304 1811 364 EXPLICATIO
1849 305 2200 366 DUODECIM
2240 309 2573 369 CAPITUM.

3501 314 3610 373 294

377 446 3599 498 Μ

955 634 1474 724 ΕΠΙΛΥΣΙΣ
1545 637 1775 725 ΤΩΝ
1850 634 2301 727 ΔΩΔΕΚΑ
2373 640 3024 736 ΚΕΦΑΛΑΙΩΝ

1667 842 1944 894 ΡΗΘΕῙΣΑ
1978 849 2063 898 ΕΝ
2093 850 2296 916 ΕΦΕΣᾨ

1118 1012 1259 1067 ΥΠΟ
1296 1013 1656 1069 ΚΥΡῙΛΛΟΥ
1693 1016 2263 1071 ΑΡΧΙΕΠΙΣΚΟΠΟΥ
2303 1016 2850 1086 ΑΛΕΞΑΝΔΡΕΙΛΣ,

456 1188 571 1259 Τῆς
598 1187 771 1259 ἁγίας
800 1190 1069 1247 Συνόδου
1097 1190 1451 1261 ἀξιωσάσης
1482 1192 1671 1248 αὐτὸν
1701 1193 2078 1265 σαφέστερον
2135 1194 2341 1260 αὐτοῖς
2368 1196 2808 1267 ἑκτρανωθῆναι
2848 1211 2873 1239 ι
2904 1199 3019 1269 τὴν
3047 1200 3274 1254 τούτων
3304 1200 3509 1256 λύσιν.

954 1513 1691 1610 EXPLICATIO
1767 1517 2395 1610 DUODECIM
2472 1492 2995 1608 CAPITUM

1611 1706 1844 1759 EPHESI
1887 1708 2346 1760 PRONUNTIATA

1164 1888 1214 1948 A
1252 1886 1570 1948 CYRILLO
1613 1888 2207 1950 ARCHIEPISCOPO
2242 1891 2817 1957 ALEXANDRINO.

1239 2047 1297 2094 S.
1329 2045 1527 2111 Synodo
1559 2043 1822 2097 clariorem
1845 2044 2045 2097 illorum
2065 2045 2440 2098 declarationem
2461 2043 2695 2110 exigente.

356 2197 550 2263 (Hujus
578 2193 694 2271 libri
736 2199 789 2271 et
834 2195 1055 2271 duorum,
1086 2197 1401 2271 sequentium
1420 2193 1903 2271 interpretationem
1938 2196 2164 2271 ‘Latinarn
2205 2210 2351 2271 quam
2389 2198 2606 2271 Joannes
2636 2196 2890 2271 Au_bertus
2921 2194 3607 2271 admiserat,__paraphrastlce

553 2261 856 2321 adornatam,
881 2259 1161 2320 rejecimus,
1184 2265 1238 2308 et
1255 2271 1363 2307 eam
1386 2260 1665 2320 recepimus
1696 2272 1807 2320 qua:
1843 2264 2009 2307 exstat
2032 2261 2085 2308 in
2108 2259 2337 2309 Conciliis
2366 2271 2427 2307 ex
2454 2259 2675 2308 editione
2698 2261 2901 2309 Joannis
2936 2259 3178 2310 Dominici
3204 2259 3401 2325 mansil)

426 2588 447 2622 ι
486 2569 671 2625 Πάντα
691 2569 896 2625 ἐνώπια
918 2571 1031 2633 τοῖς
1052 2569 1314 2636 συνιοῦσι,
1344 2570 1439 2625 καὶ
1465 2570 1600 2642 ὀρθὰ
1628 2573 1736 2634 τοῖς
1785 2569 1932 2641 εὑρί-

2108 2567 2265 2640 145
2293 2588 2310 2619 ι
2336 2566 2583 2632 Omnia,»
2620 2579 2677 2623 ut
2707 2569 2966 2639 scriptum
2992 2580 3093 2637 est,
3133 2588 3151 2622 ‹
3186 2571 3343 2625 obvia
3373 2581 3499 2625 sunt
3524 2560 3612 2627 in?

353 2676 542 2713 σκουσι
592 2660 814 2727 γνῶσιν,
862 2678 882 2709 ι
929 2659 1071 2713 κατά
1118 2660 1180 2712 τὸ
1230 2660 1637 2732 γεγραμμένον.
1691 2660 1755 2712 Ol.
1831 2658 1930 2730 μέν

353 2750 462 2821 γάρ
485 2748 597 2814 ὀξεῖ
624 2767 684 2802 τε
711 2750 805 2803 καὶ
836 2749 1065 2821 καθαρῷ
1112 2750 1350 2813 διανοίας
1387 2751 1593 2821 ὄμματι
1618 2750 1729 2813 τοῖς
1764 2750 1931 2819 ἱεροῖς

351 2842 451 2911 τῆς
478 2842 836 2897 θεοπνεύστου
876 2842 1099 2912 Γραφῆς
1132 2842 1621 2911 περιτυγχάνοντες
1644 2840 1845 2907 λόγοις,
1870 2839 1931 2891 τὸ

351 2932 412 2997 ἐξ
471 2933 651 2987 αὐτῶν
702 2932 913 3002 ὖφελος,
962 2932 1108 2986 θεῖον
1151 2932 1338 3003 ὥσπερ
1377 2931 1499 2985 τινὰ
1544 2932 1637 2985 καὶ
1682 2932 1933 3002 οὐράνιον

354 3025 625 3097 θησαυρὸν
652 3029 773 3089 ταῖς
806 3024 1011 3079 ἑαυτῶν
1037 3024 1386 3087 εἰσοικίζουσι
1413 3024 1611 3094 ψυχαῖς
1630 3040 1642 3054 ·
1674 3025 1723 3076 οἱ
1751 3022 1808 3075 δὲ
1840 3022 1930 3076 τὸν

351 3114 479 3168 νοῦν
511 3116 726 3186 ἔχοντες
750 3116 828 3186 τῷ
851 3114 1033 3184 ψεύδει
1074 3114 1522 3186 προσνενευκότα,
1552 3114 1645 3167 καὶ
1681 3116 1801 3176 ταῖς
1847 3131 1929 3165 τι-

352 3224 462 3260 νων
502 3207 925 3279 ἀθυροστομίαις
960 3206 989 3246 δ
1023 3203 1355 3276 ἡττώμενον,
1393 3203 1621 3274 βεϐήλου
1673 3201 1929 3270 γνώσεως

352 3298 610 3369 ἐραστὴν,
639 3298 861 3351 ἐκείνων
888 3296 1101 3356 ἔσονται
1128 3295 1395 3359 κοινωνοὶ,
1428 3295 1557 3364 περὶ
1586 3287 1661 3347 ὧν
1688 3295 1716 3346 ὁ
1747 3292 1930 3363 μακά-

355 3407 469 3461 ριος
521 3390 722 3460 γράφει
760 3386 1001 3450 Παῦλος
1043 3406 1061 3438 ι
1111 3386 1199 3439 Ἐν
1239 3381 1321 3448 οἷς
1358 3388 1387 3437 ὁ
1432 3384 1552 3449 Θεὸς
1593 3383 1685 3437 τοῦ
1736 3383 1930 3446 αἰῶνος

350 3479 542 3533 τούτου
584 3477 862 3547 ἐτύφλωσε
915 3476 985 3529 τά
1011 3478 1261 3545 νοήματα
1285 3472 1396 3527 τῶν
1428 3474 1698 3535 ἀπίστων,
1747 3474 1827 3534 εἰς
1868 3471 1931 3524 τὸ

354 3570 427 3639 μὴ
459 3569 698 3637 αὐγάσαι
731 3569 822 3621 τὸν
852 3567 1130 3638 φωτισμὸν
1170 3565 1263 3619 τοῦ
1303 3564 1621 3634 εὐαγγελίου
1649 3564 1751 3634 τῆς
1771 3563 1930 3634 δόξης

349 3659 444 3713 τοῦ
472 3658 731 3732 Χριστοῦ.
764 3677 782 3710 ›
816 3657 1198 3727 Τυφλώττουσι
1231 3656 1361 3727 γὰρ,
1412 3656 1508 3710 καὶ
1562 3654 1698 3707 εἰσιν
1746 3653 1930 3723 ὁδηγοὶ

349 3750 565 3820 τυφλῶν
584 3767 599 3782 ·
622 3751 898 3822 τοιγάρτοι
918 3750 1143 3811 καὶτοῖς
1163 3749 1262 3817 τῆς
1289 3746 1564 3808 ἀπωλείας
1593 3744 1928 3815 ἐμπίπτουσι

351 3843 585 3914 βόθροις.
616 3844 704 3904 Ὠς
758 3842 867 3912 γὰρ
913 3840 1073 3903 αὑτός,
1123 3837 1225 3893 πού
1255 3854 1419 3909 φησιν
1457 3839 1485 3890 ὁ
1509 3836 1736 3906 Σωτὴρ,
1771 3852 1790 3886 ι
1822 3833 1929 3887 Τυ-

2037 2661 2424 2730 telligentibus,
2466 2670 2521 2714 et
2574 2670 2720 2714 recta
2760 2661 3157 2717 invenientibus
3195 2663 3475 2718 scientiam
3508 2666 3545 2719 ¹.
3584 2685 3604 2715 ι

2033 2753 2243 2807 Etenim
2302 2752 2391 2821 qui
2440 2766 2597 2806 sacra
2656 2752 2851 2807 divinae
2906 2752 3202 2821 Scriptura:
3246 2756 3408 2808 verba
3454 2766 3612 2811 acuto

2033 2860 2277 2914 puroque
2339 2844 2498 2898 oculo
2554 2844 2855 2914 perlegunt,
2942 2844 3193 2914 bi'quod
3251 2846 3381 2900 utile
3436 2848 3489 2901 in
3542 2850 3611 2902 iis

2032 2937 2293 3000 occurrit,
2320 2936 2740 2989 velutidivinum
2771 2936 3057 3005 quemdam
3085 2946 3139 2991 et
3178 2938 3455 2993 caelestem
3490 2940 3608 2993 tlte-

2032 3043 2273 3092 saurum,
2310 3028 2364 3081 in
2392 3027 2602 3081 animos
2652 3043 2779 3082 suos
2812 3030 3148 3083 recondunt:
3177 3034 3267 3099 qui
3300 3046 3428 3084 vero
3460 3047 3611 3085 nien-

2032 3127 2138 3172 tem
2162 3120 2429 3174 lobtinent
2479 3120 2546 3173 ad
2580 3120 2921 3174 mendacium
2964 3136 3309 3191 prOpensam,
3371 3125 3607 3177 nonnul-

2031 3210 2312 3278 lorumque
2337 3209 2627 3280 nugacitati
2660 3210 3043 3278 mancipatam,
3073 3226 3137 3265 ac
3162 3211 3400 3280 profante
3431 3213 3608 3267 scicn-

2036 3297 2123 3350 tize
2180 3298 2418 3364 avidam,
2475 3298 2689 3352 illorum
2736 3300 2866 3353 socii
2900 3301 3287 3362 censebuntur,
3319 3303 3384 3355 de
3414 3303 3610 3371 quibus

2033 3391 2222 3444 beatus
2242 3390 2442 3445 Paulus
2484 3390 2747 3460 scriptum
2790 3390 3055 3461 reliquit:
3091 3410 3109 3444 ι
3142 3392 3196 3446 In
3232 3393 3430 3461 quibus
3476 3394 3609 3449 deus

2032 3481 2194 3550 hujus
2243 3482 2422 3535 samuli
2466 3483 2764 3537 excaecavit
2804 3493 3016 3537 mentes
3049 3483 3369 3551 inﬁdelium,
3412 3497 3606 3542 utnon

2031 3571 2235 3641 fulgeat
2290 3572 2369 3626 eis
2400 3572 2722 3627 illuminatio
2755 3574 3031 3643 Evangelii
3064 3576 3248 3645 gloria:
3266 3578 3467 3633 Christi
3494 3581 3541 3633 ¹.
3582 3597 3601 3630 ι

2029 3660 2168 3718 Caeci
2231 3664 2376 3718 enim
2454 3673 2603 3729 sunt,
2656 3673 2711 3719 et
2783 3666 2947 3720 duces
3019 3668 3377 3723 czecorum':
3432 3685 3603 3738 quare

2030 3762 2085 3807 et
2114 3754 2166 3807 in
2202 3756 2514 3823 perditionis
2542 3755 2725 3811 foveas
2750 3766 3034 3811 corruunt.
3054 3756 3211 3824 Nam,
3243 3768 3301 3813 ut
3349 3757 3607 3816 Salvator

2034 3844 2148 3913 ipse
2194 3845 2390 3900 alicubi
2448 3855 2674 3901 monet:
2717 3867 2736 3899 ι
2802 3847 2860 3902 Si
2923 3863 3098 3904 caecus
3151 3865 3295 3905 cteco
3347 3854 3604 3908 ducatum

350 3934 477 4003 φλδς
519 3933 717 4005 τυφλὸν
756 3934 850 3987 ὲάν
894 3933 1086 4003 ὁδηγῇ,
1127 3931 1428 4002 ἀμφότεροι
1458 3931 1536 3992 εἰς
1583 3927 1777 3998 βόθρον
1822 3927 1923 3996 ἐμ-

2031 3946 2266 4007 praestet,
2322 3937 2481 3992 ambo
2516 3939 2569 3991 in
2614 3937 2824 3994 foveam
2874 3942 3070 3996 cadent
3096 3943 3137 3994 ⁸.
3176 3960 3196 3994 ›
3244 3943 3384 3999 Sunt
3437 3945 3608 4015 igitur.

349 4026 665 4080 πεσοῦνται.
720 4044 739 4075 ι
794 4023 1252 4097 Καταφλυαροῦσι
1281 4023 1460 4076 τοίνυν
1488 4021 1632 4084 τινὲς
1669 4020 1778 4072 τῶν
1821 4020 1924 4089 τῆς

346 4118 605 4188 ἀληθείας
646 4116 951 4187 δογμάτων,
991 4119 1086 4170 καὶ
1128 4115 1450 4185 σκαιότητος
1496 4111 1805 4182 διαϐολικῆς
1833 4111 1925 4163 τὸν

347 4211 547 4263 οἰκεῖον
572 4209 953 4280 ἐμπλήσαντες
996 4207 1143 4269 νοῦν,
1190 4205 1634 4279 παραχαράττειν
1672 4202 1925 4270 ἐπείγον-

345 4317 436 4354 ται
467 4300 528 4353 τὸ
552 4301 653 4370 τῆς
682 4300 939 4371 ἀληθείας
967 4300 1284 4370 μυστήριον,
1317 4297 1531 4367 καὶτῆς
1557 4293 1696 4367 μετά
1725 4293 1926 4365 σαρκὸς

348 4394 661 4465 οἰκονομίας
706 4392 800 4446 τοῦ
846 4391 1185 4460 Μονογενοῦς
1232 4391 1292 4442 οὐ
1342 4388 1580 4460 μετρίως
1638 4386 1922 4441 ποιοῦνται

345 4484 445 4557 τὴν
494 4485 872 4557 κατάρῤησιν,
930 4502 948 4534 ι
1003 4483 1077 4554 μὴ
1123 4481 1369 4544 νοοῦντες
1414 4481 1556 4551 μήτε
1604 4479 1640 4533 ἃ
1685 4479 1923 4548 λέγουσι,

353 4578 490 4646 μήτε
520 4575 651 4645 περὶ
680 4575 824 4637 τίνος
856 4572 1310 4637 διαϐεϐαιοῦνται,
1355 4591 1375 4624 ι
1410 4571 1553 4625 κατά
1584 4569 1645 4623 τὸ
1678 4587 1926 4641 γεγραμ-

353 4669 535 4738 μένον.
582 4665 820 4738 Εὒρεταὶ
850 4665 907 4717 δὲ
939 4664 1039 4735 τῆς
1078 4664 1334 4733 τοιαύτης
1366 4662 1621 4725 ἀσεϐείας
1664 4661 1923 4729 γεγόνασι

346 4759 535 4813 πολλοὶ
586 4759 683 4828 μὲν
739 4758 833 4812 καὶ
882 4757 1083 4827 ἕτεροι,
1138 4755 1278 4809 κατὰ
1327 4755 1454 4818 τοὺς
1501 4754 1707 4808 ἄνωθεν
1764 4752 1843 4805 ἔτι
1894 4763 1916 4791 ο

346 4855 748 4925 παρῳχηκότας
794 4852 1053 4923 καιρούς⁹
1085 4852 1202 4905 νυνὶ
1221 4852 1277 4904 δὲ
1315 4851 1415 4921 τῆς
1443 4852 1668 4903 ἐκείνων
1713 4850 1922 4903 ἀνοσιό-

345 4961 508 5015 τητος
536 4942 689 4997 οὐδὲν
717 4942 1057 5007 ἀποδέοντες,
1090 4942 1407 5012 Νεστόριος,
1447 4942 1543 4994 καὶ⁸
1568 4943 1617 4993 οἱ
1645 4942 1742 4994 σὺν
1770 4940 1919 5011 αὑτῷ

348 5034 491 5090 κατὰ
516 5035 642 5097 τοὺς
669 5034 929 5105 ἀρχαίους
956 5034 1199 5096 ἐκείνους
1227 5033 1553 5103 Φαρισαίους
1595 5033 1920 5086 ἀντανιστά-

348 5143 498 5196 μενοι
529 5124 609 5194 τῷ
635 5124 878 5195 Χριστῷ,
908 5126 1003 5178 καὶ
1033 5124 1227 5192 ἀνέδην
1255 5124 1692 5194 ἀνακεκραγότες
1712 5141 1727 5155 ο
1765 5143 1783 5175 ‹
1822 5126 1921 5179 Διά

344 5215 395 5267 τί
427 5215 490 5267 σὺ
517 5214 800 5285 ἄνθρωπος
848 5215 924 5269 ὢν
954 5216 1128 5277 ποιεῖς
1167 5213 1358 5267 ἐαυτὸν
1410 5212 1576 5281 Θεόν;
1613 5232 1632 5264 ι
1687 5210 1796 5267 Ἦν
1824 5210 1918 5267 οὖν

2028 4026 2290 4092 nonnulli,
2319 4028 2409 4096 qui
2441 4037 2631 4083 contra
2662 4030 2909 4084 veritatis
2944 4031 3190 4102 dogmata
3228 4034 3495 4101 garriunt,
3548 4044 3605 4090 et

2023 4116 2287 4172 diabolica
2314 4118 2577 4187 pravitate
2592 4118 2751 4191 146
2766 4130 2998 4176 mentem
3030 4122 3287 4177 imbutam
3322 4125 3602 4190 habentes,

2025 4210 2273 4266 veritatis
2301 4212 2628 4282 mysterium
2661 4213 2774 4268 acri
2818 4214 2995 4268 studio
3034 4215 3343 4271 adulterare
3372 4228 3598 4272 conten-

2024 4302 2181 4368 dunt,
2229 4318 2327 4357 nec
2377 4304 2719 4359 mediocriter
2763 4305 3028 4361 incarnati
3067 4307 3339 4378 Unigeniti
3371 4308 3597 4379 dispen-

2023 4396 2289 4449 sationem
2336 4395 2673 4451 insectantur
2700 4436 2717 4463 ,
2750 4415 2768 4447 ι
2804 4412 2909 4453 non
2985 4399 3368 4469 intelligentes,
3428 4416 3603 4471 neque

2025 4501 2145 4556 qua:
2177 4485 2489 4555 loquuntur,
2539 4501 2713 4556 neque
2754 4490 2819 4542 de
2852 4490 3051 4560 quibus
3084 4490 3375 4557 aﬂirmant,
3404 4510 3423 4542 ›
3459 4493 3601 4547 sicut

2024 4581 2285 4646 scriptum
2322 4587 2405 4633 est
2428 4578 2470 4633 ⁵.
2512 4576 2828 4643 Hujusmodi
2872 4591 3051 4635 autem
3084 4582 3377 4652 impietatis
3408 4583 3599 4637 inven-

2027 4678 2170 4724 tores
2211 4674 2538 4724 exstiterunt
2591 4670 2701 4737 jam
2736 4673 2863 4725 olim
2916 4681 2971 4727 et
3020 4674 3171 4727 multi
3223 4675 3438 4743 quidem
3467 4676 3598 4740 alii;

2024 4776 2166 4815 nunc
2200 4776 2327 4815 vero
2386 4760 2695 4827 Nestorius,
2725 4770 2779 4816 et
2823 4763 2915 4832 qui
2950 4778 3070 4816 cum
3100 4763 3192 4817 illo
3227 4773 3372 4828 sunt,
3407 4778 3595 4818 eorum

2024 4852 2288 4920 impietati
2350 4853 2491 4906 nulla
2545 4853 2600 4907 in
2653 4864 2809 4923 parte
2852 4856 3121 4918 cedentes,
3179 4856 3247 4911 ad
3293 4857 3594 4926 priscorum

2022 4941 2417 4996 Pharisaeorum
2448 4944 2754 5014 exemplum
2802 4946 3063 5001 adversus
3094 4945 3370 5000 Christum
3398 4960 3456 5000 se
3490 4948 3597 4999 eri-

2024 5042 2176 5103 gunt,
2198 5042 2553 5103 proterveque
2578 5036 2946 5090 vociferantur
2975 5055 2989 5091 :
3031 5055 3050 5089 ί
3091 5035 3199 5092 Cur
3228 5048 3306 5103 tu,
3342 5052 3461 5090 cum
3492 5037 3590 5091 ho-

2024 5139 2112 5177 mo
2140 5124 2234 5189 sis,
2256 5123 2389 5178 facis
2413 5126 2640 5193 teipsnm
2677 5126 2842 5181 Deum
2868 5128 2934 5180 ‘?
2976 5146 2995 5178 ι
3026 5126 3153 5180 Erat
3182 5127 3363 5195 itaque
3402 5141 3593 5180 neces-

2026 5216 2251 5280 sarium,
2280 5224 2336 5268 ut
2361 5217 2621 5272 adversus
2654 5218 2864 5272 illorum
2896 5233 3173 5274 sermones
3213 5234 3313 5273 nos
3341 5219 3593 5288 accinge-

418 5392 433 5421 ¹
459 5390 618 5447 Prov.
655 5407 772 5459 vui,
803 5393 857 5459 9,
889 5393 1183 5447 secundum
1215 5390 1381 5445 LXX.
1443 5392 1464 5421 ³
1490 5388 1533 5444 ll
1564 5389 1690 5445 Cor.
1729 5406 1804 5457 tv,
1828 5390 1882 5445 4.
1944 5390 1965 5421 ³
1992 5392 2180 5448 Matth.
2213 5408 2303 5459 xv,
2332 5395 2419 5450 Μ.
2479 5396 2646 5451 ‘ibid.
2735 5396 2796 5451 Ἰ
2831 5397 2971 5453 Tim.
3003 5412 3042 5466 I,
3067 5398 3097 5452 7
3182 5397 3203 5429 ⁸
3225 5396 3384 5454 Joan.
3412 5414 3466 5462 ι,
3494 5398 3591 5455 21.

1365 5546 1540 5602 Varia:
1574 5546 1836 5602 lectiones
1864 5562 1932 5603 ex
1963 5548 2148 5607 codice
2179 5550 2551 5622 Seguicriano.

414 5716 441 5745 ι
466 5704 724 5760 ἐκθεῖναι.
802 5703 831 5744 δ
859 5703 959 5775 τῆς
989 5719 1149 5760 τινων
1175 5701 1607 5774 ἀθυροστομίας.

1685 5711 1707 5740 ε
1748 5701 1844 5756 καὶ
1875 5699 1978 5758 ἔτι.
