4104 6336
497 290 605 349 295

1521 289 1576 345 S.
1619 287 1892 345 CYRILLI
1930 287 2403 345 ALEXANDRlNl
2445 288 2773 347 ARCHIEI‘.

3646 301 3755 359 296

500 424 703 476 remus,
765 408 1082 480 Impuratun
1128 424 1192 467 ac
1257 409 1487 479 profana
1532 409 1749 464 illorum
1816 408 2071 480 dogmata

2176 408 2469 478 ἀναγκαῖον
2513 411 2609 465 καὶ
2649 404 2804 482 ἡμᾶς
2835 412 3030 474 αὐτοὺς
3064 412 3177 475 τοῖς
3207 416 3336 484 παρ’
3376 417 3597 473 ἐκείνων
3626 419 3759 473 ἀντ-

498 501 1105 564 auathematizaremns,
1134 514 1401 556 memores
1442 500 1533 555 Dei
1580 516 1677 569 per
1712 514 1898 556 vocem
1943 513 2074 570 pro-

497 591 675 659 pheta
706 590 968 646 dicentis:
1002 608 1022 643 ι
1056 591 1273 657 Audite,
1312 593 1647 659 sacerdotes,
1686 600 1740 646 et
1798 599 2076 649 contesta-

498 677 633 732 mini
684 680 864 733 domui
921 677 1109 744 Jacob,
1149 680 1279 734 dicit
1303 679 1563 735 Dominus
1592 683 1934 751 omnipotens
1955 683 1996 738 ⁷.
2046 699 2067 735 s

497 768 565 823 Et
587 771 819 826 iterum:
848 785 874 821 τ
905 770 1257 840 ingredimini
1280 785 1377 841 per
1408 782 1595 843 portas
1626 788 1799 838 meas,
1831 783 1887 827 et
1936 774 2074 845 lapi-

498 858 593 911 des
636 859 702 911 de
749 858 833 911 via
873 859 1041 913 tollite
1067 860 1155 913 ⁸.)
1194 860 1422 929 Oportet
1472 863 1615 916 enim
1664 878 1781 928 nos,
1840 864 1931 932 qui
1979 878 2077 932 pro

497 948 745 1004 veritatis
803 950 1057 1019 dogmate
1104 960 1399 1020 certamus,
1460 952 1787 1011 oﬂ'endicula
1823 970 1855 1010 e
1896 955 2076 1011 medio

497 1040 835 1107 submovere,
853 1056 919 1095 ne
946 1057 1047 1109 qua
1076 1044 1290 1099 ratione
1318 1044 1498 1115 pepuli
1534 1047 1599 1101 ad
1628 1046 1719 1102 illa
1742 1048 2070 1118 impingunt,

497 1130 591 1184 sed
619 1132 761 1186 velut
793 1149 889 1203 per
911 1134 1120 1204 planam
1158 1138 1410 1191 semitam
1439 1140 1506 1195 ad
1546 1155 1699 1194 sacra
1736 1141 1823 1195 illa
1865 1143 2075 1200 divina-

496 1238 603 1290 que
659 1225 799 1279 atria
855 1227 1289 1295 progrediantur,
1345 1228 1475 1286 illud
1536 1231 1649 1286 fere
1693 1248 1789 1302 per
1837 1233 2076 1302 singulas

494 1324 686 1383 portas
737 1318 1171 1387 ingeminantes:
1235 1337 1255 1371 ι
1311 1320 1436 1376 llaec
1495 1334 1580 1379 est
1629 1334 1782 1393 porta
1840 1326 2073 1392 Domini,

494 1407 626 1477 justi
677 1410 955 1465 intrabunt
1004 1412 1057 1466 in
1099 1428 1219 1467 eam
1256 1415 1301 1468 ’.
1343 1433 1363 1465 ι
1395 1414 1530 1470 Cum
1578 1416 1761 1486 itaque
1794 1417 2076 1475 Nestorius

497 1500 809 1571 dogmatum
859 1506 1265 1575 peregrinorum
1299 1516 1354 1563 et
1386 1506 1669 1580 impiarum
1709 1510 2075 1581 blasphemiae

498 1608 617 1648 rum
638 1595 855 1650 turbam
884 1596 1035 1651 libris
1068 1599 1179 1651 suis
1224 1600 1565 1668 inseruisset,
1619 1617 1725 1657 non
1777 1606 2072 1673 potuimus,

498 1684 690 1740 salutis
719 1700 931 1753 eorum,
972 1687 1064 1756 qui
1098 1688 1187 1743 illa
1220 1690 1411 1746 lecturi
1449 1704 1628 1758 erant,
1658 1708 1845 1748 curam
1875 1696 2077 1750 haben-

2177 500 2506 556 ἀποδύεσθαι
2523 502 2550 541 ά
2570 502 3167 573 λόγοις,ἁναθεματίσαι
3182 521 3242 557 τε
3277 507 3458 562 αὐτῶν
3494 510 3561 562 τὰ
3584 508 3759 582 μιαρά

2176 591 2271 644 καὶ
2320 590 2525 662 βέϐηλοι
2563 592 2845 662 δόγματα,
2897 593 3280 664 μεμνημένους
3324 596 3461 651 Θεοῦ
3507 598 3757 666 λέγοντος

2174 679 2264 733 διὰ
2298 682 2484 750 φωνῆς
2526 682 2830 752 προφήτουο
2871 701 2889 731 ‹
2938 682 3144 752 Ὶερεῖς,
3182 684 3473 749 ἀκούσατε,
3509 689 3604 740 καὶ
3632 688 3755 741 ἐπι-

2179 770 2527 844 μαρτύρασθε
2560 773 2636 842 τῷ
2681 773 2815 841 οἴκῳ
2854 772 3089 844 Ἰσραὴλ,
3135 773 3283 841 λέγει
3323 776 3524 847 Κύριος
3558 794 3756 830 παντο-

2176 862 2451 933 κράτωρν
2482 882 2500 913 ι
2534 864 2643 916 Καὶ
2684 863 2847 915 πάλιν
2868 880 2881 893 ο
2914 882 2933 914 t
2971 863 3273 933 Πορεύεσθε
3318 866 3407 919 διὰ
3433 866 3541 918 τῶν
3572 867 3757 920 πυλῶν

2179 973 2305 1027 μου,
2336 956 2432 1010 καὶ
2462 954 2589 1018 τοὺς
2620 954 2797 1017 λίθους
2828 957 2892 1007 ἐκ
2932 955 3028 1024 τῆς
3072 955 3194 1009 ὀδοῦ
3233 956 3574 1028 διαρῤίψατε.
3615 978 3633 1009 ι
3666 960 3757 1010 Δεῖ

2176 1045 2285 1117 γὰρ
2317 1047 2464 1115 ἡμᾶς
2508 1043 2617 1099 τῶν
2650 1044 2746 1115 τῆς
2786 1044 3043 1115 ἀληθείας
3071 1046 3512 1117 ὑπεραθλοῦντας
3546 1049 3755 1120 δογμά-

2176 1154 2283 1190 των
2317 1138 2381 1195 ἐκ
2432 1137 2596 1206 μέσου
2648 1136 2920 1193 ποιεῖσθαι
2959 1138 3029 1191 τὰ
3075 1138 3370 1206 σκάνδαλα,
3417 1141 3493 1204 ὡς
3536 1141 3603 1195 ἂν
3636 1144 3756 1194 κατ’

2176 1228 2367 1282 οὐδένα
2418 1230 2618 1297 τρόπον
2664 1229 2849 1291 αὐτοῖς
2908 1230 3336 1298 προσπταίοντες
3388 1231 3437 1282 οἱ
3482 1230 3622 1295 λαοὶ,
3668 1232 3757 1285 διὰ

2177 1319 2327 1383 λείας
2360 1318 2550 1390 ὥσπερ
2593 1319 2836 1391 ἔρχοιντο
2873 1330 2899 1359 ε
2930 1320 3116 1391 τρίϐου
3164 1319 3298 1391 πρὸς
3327 1322 3426 1384 τὰς
3472 1322 3620 1392 ἱερὰς
3661 1324 3756 1375 καὶ

2178 1411 2328 1474 θείας
2371 1412 2562 1476 αὐλὰς,
2615 1413 2895 1481 μονονουχὶ
2944 1414 3038 1465 καὶ
3088 1412 3173 1480 ἐφ’
3219 1412 3423 1485 ἑκάστῃ
3471 1413 3752 1483 λέγοντεςο

2182 1528 2198 1557 ι
2224 1506 2370 1579 Αὕτη
2414 1509 2447 1579 ἡ
2480 1504 2621 1577 πύλη
2654 1505 2746 1559 τοῦ
2781 1506 3012 1577 Κυρίου,
3050 1506 3248 1559 δίκαιοι
3277 1506 3675 1559 εἰσελεύσονται
3696 1510 3755 1560 ἐν

2177 1600 2334 1670 αὐτῇ.
2367 1618 2383 1650 ι
2424 1598 2720 1669 Νεστορίου
2771 1600 2951 1651 τοίνυν
2975 1598 3140 1661 ξένων
3168 1615 3225 1651 τε
3251 1599 3344 1652 καὶ
3375 1599 3603 1652 ἀνοσίων
3627 1599 3753 1651 δυσ-

2176 1690 2398 1760 φημιῶν
2448 1690 2603 1761 ὄχλον
2637 1692 2749 1753 τοῖς
2803 1690 2955 1753 ἰδίοις
3018 1690 3267 1753 ὲνθέντος
3318 1689 3756 1759 βιϐλίοις,ἀναγ-

498 1786 604 1842 tes,
633 1779 1120 1839 anathematismos
1159 1800 1265 1838 non
1310 1799 1639 1853 componere
1670 1804 1683 1839 :
1720 1802 1824 1840 non
1860 1788 2073 1855 quidvis

2176 1784 2349 1846 καίως
2381 1782 2481 1853 τῆς
2518 1782 2625 1834 τῶν
2657 1782 3055 1852 ἐντευξομένων
3086 1784 3271 1844 αὐτοῖς
3294 1783 3569 1851 σωτηρίας
3593 1795 3755 1853 φρον-

496 1867 827 1935 promiscue,
858 1872 1002 1940 quod
1048 1874 1103 1927 in
1138 1882 1371 1929 mentem
1408 1873 1710 1939 incidisset,
1735 1874 2073 1941 pamueticae

497 1958 738 2024 epistola:
760 1975 922 2029 quam
957 1960 1022 2015 ad
1061 1962 1209 2015 illum
1241 1961 1559 2032 scripsimus
1599 1962 1925 2029 inserentes,
1978 1964 2072 2017 sed

496 2047 595 2116 (υι
618 2051 775 2106 modo
804 2052 1081 2124 diximus)
1141 2055 1385 2124 germina
1431 2055 1667 2110 vesania:
1722 2055 1889 2124 ipsius
1946 2070 2072 2126 pera-

494 2141 704 2213 egrina,
732 2153 786 2197 et
817 2159 848 2200 a
878 2144 1094 2213 pietatis
1124 2145 1463 2215 dogmatibus
1487 2161 1708 2215 prorsus
1743 2146 1919 2203 aliena
1948 2162 2075 2204 esse

494 2234 863 2289 ostendentes.
900 2234 1070 2306 λειω
1116 2237 1355 2293 fortasse
1401 2237 1585 2292 lerunt
1640 2238 1907 2305 nonnulli,
1953 2253 2072 2308 qua:

494 2325 813 2393 scripsimus
846 2344 861 2394 ;
892 2328 974 2381 vel
1030 2329 1174 2398 quod
1236 2345 1444 2395 eorum,
1494 2344 1614 2400 qua:
1668 2331 1869 2400 scripta
1924 2341 2070 2395 sunt,

494 2429 717 2471 sensum
756 2433 884 2472 vere
931 2435 1035 2473 non
1066 2420 1308 2489 capiant,
1342 2421 1427 2475 vel
1461 2431 1610 2476 certe
1665 2423 1808 2490 quod
1849 2422 2074 2491 impura:

492 2509 761 2565 haereseos
790 2509 1021 2567 Nestorii
1052 2522 1481 2582 propugnatores
1511 2514 1804 2579 exsistant,
1827 2514 2075 2584 impieta-

493 2599 671 2672 tisque
704 2602 993 2677 participes
1016 2604 1146 2669 sint,
1182 2618 1246 2660 ac
1275 2604 1462 2659 eadem
1492 2620 1615 2659 cum
1644 2604 1759 2673 ipso
1808 2604 2071 2660 sentiant.

490 2690 563 2746 At
586 2692 715 2746 nulli
743 2692 960 2748 interim
988 2710 1053 2748 ex
1087 2695 1175 2758 iis,
1212 2694 1304 2763 qui
1354 2705 1500 2750 recte
1534 2708 1727 2763 sapere
1774 2709 2075 2748 consueveo

493 2790 642 2848 runt,
676 2784 882 2855 veritas
928 2793 1117 2854 operta
1165 2795 1270 2839 est.
1322 2784 1456 2852 Quia
1508 2800 1637 2840 vero
1686 2784 1945 2839 credibile
2014 2784 2077 2839 lit

490 2889 601 2930 non
632 2875 821 2930 deesse
846 2876 1109 2947 quosdam
1140 2877 1353 2933 illorum
1378 2876 1701 2932 commentis
1729 2877 2073 2945 depravatos,

489 2964 586 3036 qui
635 2979 742 3019 non
771 2978 1153 3037 assequuntur,
1212 2967 1504 3040 quomodo,
1560 2977 1654 3022 aut
1704 2982 1810 3036 qua
1868 2968 2075 3021 ratione

2173 1876 2435 1939 τίζοντες,
2474 1873 2898 1944 συντεθείκαμεν
2943 1874 3442 1943 ἀναθεματισμοὺς,
3478 1875 3539 1926 οὐ
3573 1873 3634 1925 τὸ
3675 1874 3757 1933 είς

2175 1969 2297 2021 νοῦν
2326 1963 2460 2038 ἧκον
2489 1966 2675 2029 ἁπλῶς
2705 1966 2947 2027 ἐνθέντες
2995 1968 3058 2035 τῇ
3108 1966 3379 2035 γραφείσῃ
3431 1965 3565 2036 πρὸς
3594 1965 3755 2018 αὑτὸν

2175 2061 2532 2130 παραινετικῇ
2565 2060 2845 2129 ἐπιστολῇ,
2876 2058 2990 2110 ἀλλ’
3014 2058 3089 2120 ὡς
3134 2058 3344 2127 ἔφημεν
3382 2059 3605 2127 ἀρτίως,
3630 2058 3756 2122 ξένα

2175 2153 2272 2206 καὶ
2300 2152 2553 2223 ἀλλότρια
2588 2151 2695 2204 τῶν
2741 2150 2838 2220 τῆς
2880 2149 3159 2213 εὐσεϐείας
3191 2148 3479 2218 δογμάτων
3516 2150 3754 2218 ἀποφαίο

2178 2261 2364 2307 νοντες
2419 2247 2517 2312 τῆς
2550 2243 2759 2295 ἐκείνου
2796 2241 3218 2313 φρενοϐλαϐείας
3250 2241 3318 2293 τὰ
3360 2242 3674 2311 γεννήματα
3708 2239 3751 2291 τι.

2189 2334 2616 2404 Ἐπασχάλλουσι
2662 2334 2719 2386 δὲ
2755 2337 2895 2402 τάχα
2946 2333 3048 2385 πού
3083 2349 3227 2395 τινες
3274 2335 3384 2395 τοῖς
3417 2330 3548 2401 παρ’
3593 2330 3754 2400 ἡμῶν

2175 2427 2376 2495 λόγοις,
2426 2426 2460 2496 ἢ
2515 2426 2588 2496 μὴ
2641 2425 2912 2484 συνιόντες
2961 2422 3177 2494 ἀληθῶς
3209 2422 3316 2475 τῶν
3353 2421 3756 2493 γεγραμμένων

2174 2518 2272 2591 τὴν
2324 2518 2585 2588 δύναμιν,
2630 2515 2663 2586 ἢ
2724 2516 2821 2586 τῆς
2874 2514 3168 2586 Νεστορίου
3226 2515 3428 2584 μιαρᾶς
3491 2512 3755 2583 αἱρέσεως

2178 2610 2516 2665 ὑπασπισταὶ
2569 2608 2891 2676 γεγονότες,
2930 2607 3024 2663 καὶ
3081 2606 3429 2678 μεριζόμενοι
3478 2604 3577 2674 τὴν
3626 2604 3756 2657 ἀσὲδ

2178 2705 2351 2770 δειαν,
2380 2704 2475 2757 καὶ
2508 2703 2577 2757 τὰ
2606 2703 2748 2757 αὐτὰ
2774 2700 3097 2773 φρονοῦντες
3124 2698 3333 2769 ἐκείνῳ.
3366 2695 3628 2753 Λανθάνει
3656 2696 3756 2766 μὲν

2177 2796 2269 2854 οῦν
2301 2799 2426 2852 οὐδέ
2466 2815 2588 2851 τινα
2647 2796 2755 2848 τῶν
2794 2797 2817 2834 ⁸
2855 2794 2923 2847 τὰ
2958 2791 3094 2862 ὀρθὰ.
3130 2793 3346 2861 φρονεῖν
3384 2788 3652 2843 εἰωθότων
3695 2786 3756 2840 τὸ

2179 2888 2395 2958 ἀληθές.
2444 2886 2665 2955 Ἐπειδὴ
2701 2884 2759 2937 δὲ
2787 2883 2955 2946 εἰκὸς,
2983 2883 3101 2943 ταῖς
3130 2880 3260 2953 παρ’
3288 2879 3508 2933 ἐκείνων
3539 2879 3754 2949 εὑρεσι-

2178 2981 2385 3051 λογίαις
2430 2974 2939 3050 παρενηνεγμένους
2975 2974 3000 3013 ιι
3036 2972 3112 3045 μὴ
3143 2972 3384 3025 συνιέναι
3416 2971 3588 3034 τινας,
3639 2968 3755 3032 πῶς

491 3052 1005 3129 (anathematismi)
1042 3054 1124 3111 illi
1156 3057 1266 3113 siut
1308 3058 1560 3121 conlecti,
1610 3072 1788 3126 operae
1841 3059 2073 3127 pretium

2180 3072 2276 3129 καὶ
2320 3071 2440 3124 τίνα
2466 3070 2668 3142 τρόπον
2698 3067 2973 3136 γεγόνασι,
3004 3065 3114 3119 δεῖν
3149 3064 3333 3136 ᾠήθην
3375 3063 3603 3118 ἕκαστον
3647 3059 3756 3114 τῶν

492 3159 583 3200 me
600 3146 867 3203 facturum
892 3149 1094 3221 putavi,
1121 3151 1165 3204 si
1189 3149 1427 3220 singulos
1451 3149 1686 3204 breviter
1715 3164 2073 3217 exponerem,

2180 3158 2640 3230 ἁναθεματισμῶν
2690 3154 3027 3229 ἑρμηνεῦσαι
3075 3155 3165 3208 διὰ
3210 3154 3479 3225 βραχέων,
3519 3152 3612 3205 καὶ
3656 3150 3756 3223 τὴν

495 3236 824 3309 illorumque
847 3240 978 3307 vim,
1012 3248 1216 3310 quanta
1268 3239 1385 3293 lieri
1421 3248 1606 3311 posset
1660 3239 2074 3307 perspicuitate,

494 3330 767 3385 docerem.
800 3328 1005 3402 Opinor
1031 3332 1174 3389 enim
1203 3338 1454 3386 conatum
1505 3330 1648 3385 hunc
1688 3344 1793 3384 non
1846 3346 2073 3387 oarvum

493 3419 791 3478 lectoribus
834 3437 990 3480 usum
1012 3430 1067 3477 et
1099 3420 1334 3476 fructum
1375 3420 1571 3476 allerre
1592 3436 1774 3491 posse.

828 3536 993 3609 ιω
1029 3533 1675 3593 ΑΝΑτΗευΑτιειίυε
1700 3533 1742 3590 l.

563 3650 625 3707 ει
646 3652 769 3722 quis
822 3667 928 3705 non
970 3651 1266 3706 conﬁtetur
1309 3649 1715 3705 Emmanuelem
1756 3666 1879 3706 vere
1905 3651 2074 3708 Deum

492 3757 640 3809 esse,
668 3753 725 3798 et
767 3745 836 3798 ob
870 3744 925 3800 id
960 3743 1157 3799 factam
1208 3743 1485 3813 Virginem
1540 3741 1823 3814 Deiparam
1855 3745 2080 3815 (genuit

492 3835 642 3888 enim
666 3834 755 3889 illa
801 3836 1143 3890 incsrnatum
1180 3836 1275 3890 Dei
1299 3836 1479 3890 Patris
1507 3834 1742 3891 Verbum
1771 3837 2073 3893 secundum

489 3930 771 3996 carnem),
799 3931 1089 3982 anathema
1120 3927 1211 3982 sit.

1020 4039 1320 4095 Declaratio
1362 4040 1552 4111 prima.

586 4150 736 4207 Beati
762 4148 973 4217 Patres,
1006 4154 1096 4222 qui
1124 4151 1316 4208 Nicaeae
1336 4154 1465 4209 olim
1495 4166 1882 4223 convenemnt,
1915 4168 2077 4215 rectas

2175 3252 2405 3323 δύναμιν
2437 3251 2618 3307 αὐτῶν
2646 3253 2723 3313 ὡς
2772 3249 2853 3306 ἔνι
2884 3248 3089 3315 καλῶς,
3134 3245 3558 3319 ἀφηγήσασθαι·
3602 3242 3757 3298 ἔσται

2175 3345 2307 3415 γὰρ,
2332 3342 2407 3406 ὥς
2442 3360 2509 3411 γε
2537 3339 2712 3414 οἶμαι,
2748 3340 2808 3393 τὸ
2836 3340 3027 3412 χρῆμα
3056 3341 3167 3402 τοῖς
3203 3338 3625 3409 ἐντυγχάνουσιν
3656 3335 3759 3389 οὐκ

2174 3435 2466 3498 ἀσυντελὲς
2497 3435 2578 3498 είς
2608 3432 2793 3503 ὄνησιν

2610 3542 3203 3598 ΑΝΑΘΕΜΔΤΙΣΜΟΣ
3239 3542 3315 3595 A'.

2248 3662 2316 3716 Εἴ
2341 3677 2419 3724 τις
2444 3660 2565 3729 οὐχὶ
2596 3661 2610 3699 ί
2648 3658 2922 3730 ὁμολογεῖ,
2955 3656 3088 3710 Θεδν
3132 3652 3269 3709 εἷναι
3312 3653 3452 3707 κατὰ
3496 3652 3756 3723 ἀλήθειαν

2175 3766 2266 3806 τον
2308 3749 2677 3823 Ἑμμανουὴλ,
2711 3750 2805 3803 καὶ
2848 3748 2937 3802 διὰ
2980 3748 3138 3801 τοῦτο
3186 3747 3444 3800 Θεοτόκον
3467 3744 3565 3814 τὴν
3592 3745 3756 3811 ἁγίαν

2176 3844 2451 3915 Παρθένον
2470 3861 2485 3875 ο
2515 3843 2812 3913 γεγέννηκε
2844 3840 2953 3912 γὰρ
2978 3840 3255 3912 σαρκικῶς
3284 3840 3460 3911 σάρκα
3495 3835 3755 3906 γεγονότα

2175 3936 2267 3990 τὸν
2300 3937 2365 3989 ἐκ
2388 3935 2525 3989 Θεοῦ
2556 3935 2767 4007 Πατρδς
2798 3935 2990 4002 Λόγον³
3022 3932 3269 3999 ἀνάθεμα
3298 3930 3458 3984 ἔστω.

2766 4046 3068 4114 Ἐκίλυσις
3108 4053 3180 4100 α’.

2248 4165 2314 4221 οι
2355 4162 2617 4235 μακάριοι
2658 4161 2924 4233 Πατέρες,
2959 4162 3010 4215 oi
3036 4160 3177 4215 κατά
3207 4158 3432 4227 καιροὺς
3474 4159 3531 4211 ἐν
3561 4157 3631 4228 τῇ
3658 4152 3756 4211 Νιο

316 5733 329 5744 ⁸
408 5752 468 5777 ς,
560 5720 1092 5781 *ἁνταποδίσασθαι.

496 4243 897 4313 inculpataeque
943 4244 1065 4300 lldei
1094 4243 1402 4299 doctrinam
1434 4257 1796 4317 exponentes,
1822 4249 1874 4303 in
1907 4265 2073 4304 unum

2179 4255 2359 4309 καέων
2407 4254 2560 4307 πόλει
2611 4250 3099 4322 συναγηγερμένοι,
3148 4248 3241 4301 καὶ
3286 4247 3378 4301 τὸν
3426 4246 3526 4316 τῆς
3587 4243 3758 4317 ὀρθῆς

496 4331 665 4386 Deum
715 4330 931 4389 Patrem
985 4335 1417 4405 omnipotentem
1473 4339 1715 4395 omnium
1778 4339 2073 4396 visibilium

2179 4347 2272 4400 καὶ
2308 4344 2633 4414 ἁδιαϐλήτου
2696 4343 2933 4403 πίστεως
2967 4342 3092 4411 ὅρον
3140 4338 3444 4408 ἐκθέμενοι,
3480 4335 3755 4389 πιστεύειν

492 4435 549 4479 et
577 4424 929 4480 invisibilium
969 4422 1235 4482 factorem
1266 4442 1328 4482 se
1348 4430 1574 4484 credere
1633 4428 1867 4499 professi
1900 4442 2070 4500 sunt;

2177 4438 2387 4507 ἔφασαν
2420 4437 2500 4500 είς
2532 4435 2629 4489 ἕνα
2676 4433 2829 4497 Θεὸν,
2881 4431 3100 4502 Πατέρα
3149 4428 3589 4501 παντοκράτορα,
3624 4427 3757 4480 πάν-

490 4514 625 4569 etin
654 4531 818 4572 unum
847 4516 1133 4573 Dominum
1184 4517 1367 4573 .lesum
1397 4518 1675 4576 Christum
1705 4520 1899 4577 Filium
1930 4524 2071 4595 ejus,

2180 4543 2288 4583 των
2334 4524 2542 4596 ὁρατῶν
2571 4540 2629 4576 τε
2668 4521 2761 4577 καὶ
2801 4521 3049 4593 ἀοράτων
3095 4520 3363 4591 ποιητήνο
3414 4519 3508 4572 καὶ⁸
3538 4519 3619 4580 εἰς
3659 4516 3757 4569 ἕνα

488 4606 624 4663 etin
650 4606 911 4681 Spiritum
932 4620 1179 4667 sanctum
1209 4628 1223 4664 :
1257 4621 1585 4676 asserentes.
1613 4614 1785 4684 ipsum
1824 4616 1967 4686 quod
2003 4632 2070 4672 cx

2181 4618 2386 4688 Κύριον
2424 4614 2631 4686 Ἰησοῦν
2660 4613 2917 4686 Χριστὸν,
2953 4613 3043 4668 τὸν
3075 4610 3203 4665 Υίὺν
3236 4608 3400 4664 αὑτοῦ
3420 4626 3435 4639 ο
3469 4610 3560 4661 καὶ
3591 4610 3669 4671 είς
3694 4607 3755 4659 τὸ

491 4695 607 4752 Deo
652 4696 890 4755 Verbum
934 4700 1180 4766 emicuit,
1214 4717 1311 4773 per
1344 4703 1486 4772 quod
1515 4706 1699 4760 omnia
1746 4706 1888 4761 facta
1922 4717 2073 4771 sunt,

2182 4709 2406 4781 Πνεῦμα
2438 4706 2499 4761 τὸ
2528 4706 2682 4775 ἅγιον
2703 4720 2717 4735 ·
2750 4706 2912 4761 αὑτὸν
2935 4705 3187 4773 λέγοντες
3206 4704 3297 4757 τὸν
3325 4703 3387 4755 ἐκ
3414 4699 3546 4755 Θεοῦ
3578 4716 3755 4768 πεφη-

492 4788 674 4845 lumen
737 4794 804 4847 de
850 4791 1074 4860 lumine,
1134 4794 1299 4849 Deum
1329 4811 1520 4851 verum
1551 4796 1620 4851 de
1647 4799 1758 4853 Deo
1792 4813 1943 4865 vero,
1988 4800 2071 4855 iu-

2180 4801 2309 4854 νότα
2345 4800 2538 4869 Λόγον,
2567 4800 2659 4853 τὸν
2688 4799 2756 4855 δι’
2786 4791 2847 4851 οὗ
2891 4798 2960 4851 τὰ
2994 4797 3169 4852 πάντα
3205 4796 3438 4863 ἐγένετο,
3469 4792 3531 4846 τὸ
3559 4792 3672 4862 φῶς
3694 4791 3755 4843 τὸ

489 4892 798 4947 carnatum,
824 4892 880 4939 et
910 4883 1187 4941 heminem
1228 4901 1350 4943 esse
1391 4885 1617 4951 factum.
1662 4900 1716 4944 et
1747 4906 1992 4961 passum,
2020 4901 2073 4947 et

2181 4894 2246 4943 ἐκ
2275 4892 2471 4960 φωτὸς,
2506 4891 2596 4944 τὸν
2627 4893 2691 4947 ἐκ
2724 4889 2858 4944 Θεοῦ
2886 4887 3140 4959 ἀληθινοῦ
3169 4887 3300 4940 Θεὸν
3320 4884 3590 4956 ἀληθινὸν,
3622 4900 3753 4954 σαρ-

492 4975 882 5031 resurrexisse.
940 4974 1161 5031 Etenim
1213 4995 1337 5033 cum
1387 4980 1724 5051 unigenitqu
1776 4982 1870 5037 Dei
1896 4983 2073 5038 Patris

2177 4984 2423 5054 κωθῆναί
2450 5001 2511 5038 τε
2546 4985 2640 5038 καὶ
2685 4982 3125 5053 ἐνανθρωπῆσαι,
3167 4980 3361 5036 παθεῖν
3400 4995 3458 5033 τε
3503 4977 3596 5033 καὶ
3622 4978 3753 5031 ἀνα-
3782 4978 3785 4979 ⁷

491 5060 732 5116 Verbum
764 5073 957 5119 natura
990 5062 1133 5121 Deus
1168 5078 1337 5133 esset,
1364 5085 1549 5126 semen
1581 5069 1837 5137 Abrahae,
1864 5080 1924 5126 ut
1945 5073 2073 5126 bea-

2178 5078 2392 5145 στῆναι.
2442 5074 2574 5139 Θεὸς
2619 5074 2728 5146 γὰρ
2776 5075 2850 5128 ὢν
2882 5074 3026 5128 κατὰ
3068 5074 3230 5143 φύσιν
3271 5076 3301 5127 ὁ
3346 5070 3638 5144 μονογενὴς
3661 5067 3755 5121 τοῦ

491 5161 580 5207 tus
602 5152 803 5209 Paulus
829 5155 963 5210 dicit
994 5155 1059 5225 ",
1096 5157 1483 5227 apprehendit,
1512 5160 1846 5231 perindeque
1870 5176 1931 5216 ac
1954 5176 2073 5225 nos,

2176 5166 2393 5238 Πατρὸς
2423 5168 2618 5235 Λόγος.
2645 5168 2956 5237 σπέρματος
2994 5167 3245 5238 ’Δὸραὰμ
3276 5164 3590 5227 ἐπελάϐετο,
3615 5160 3757 5217 καθά

489 5246 676 5303 carnis
705 5256 761 5302 et
795 5250 1076 5318 sanguinis
1107 5248 1361 5305 eﬂ‘ectum
1411 5263 1495 5307 est
1539 5252 1835 5322 particeps.
1876 5252 2072 5307 Natum

2177 5260 2398 5328 φησινὸ
2434 5260 2703 5329 μακάριος
2754 5258 2981 5322 Παῦλος,
3035 5260 3127 5311 καὶ
3180 5254 3577 5328 παραπλησίως
3621 5253 3753 5324 ἡμῖν

560 5399 769 5458 ‘Amos
801 5418 883 5472 tn,
909 5402 998 5459 l3.
1075 5406 1319 5465 ’ἕω-ειη.
1348 5424 1443 5478 vn,
1476 5408 1530 5462 ‘5.
1608 5408 1795 5466 'Psal.
1830 5425 1997 5475 cun,
2035 5410 2072 5463 2

2232 5411 2275 5441 ¹⁰
2301 5410 2463 5467 Hebr.
2498 5427 2555 5474 ll,
2597 5411 2685 5464 Η.

1542 5580 1704 5621 varia:
1743 5566 2006 5621 lectiones
2032 5580 2095 5619 ex
2129 5566 2315 5620 codice
2353 5566 2725 5636 Segnior-iuno.

1174 5736 1196 5763 ο
1228 5723 1454 5792 [xcv/:0.
1516 5722 1551 5797 γε
1587 5725 1932 5795 ἐγκλήματα.
2018 5725 2041 5763 ⁸
2080 5724 2264 5778 σὺδένα
2298 5722 2429 5778 τῶν.
2508 5724 2533 5763 ι
2562 5724 3027 5797 παρενηνεγμέναι.
3110 5724 3125 5762 ί
3165 5726 3284 5796 οὑχ.
