4104 6336
371 317 471 372 9.97

1392 318 1810 374 EXPLICATIU
1852 314 2208 373 υυουειιιλι
2244 314 2569 371 CAPITUM.

3512 316 3615 370 298

370 439 626 508 μετέσχεν
651 436 900 504 αἵματος,
937 439 1031 491 καὶ
1061 439 1254 509 σαρκός
1276 456 1291 469 ο
1323 440 1641 509 γεγέννηται
1666 437 1774 508 γὰρ
1797 438 1936 491 κατὰ

2042 446 2127 491 est
2163 436 2307 490 enim
2349 437 2646 489 secundum
2676 449 2892 489 carnem
2923 449 2985 486 ex
3042 442 3229 487 sancta
3274 432 3515 502 Virgine.
3562 445 3617 486 et

368 532 546 601 σάρκα
595 532 659 581 ὲκ
697 530 796 599 τῆς
844 532 1003 599 ἁγίας
1049 532 1349 603 Παρθένου,
1395 534 1487 587 καὶ
1526 532 1809 602 ἄνθρωπος
1850 531 1941 597 γέ-

364 637 486 688 γονε
524 631 538 670 l
581 620 704 674 καθ’
741 623 906 691 ἡμᾶς,
950 625 1047 675 οὐκ
1079 623 1449 694 ἀπολισθήσας
1486 624 1578 677 τοῦ
1607 620 1743 677 εἶναι
1770 623 1902 685 Θεός
1924 640 1936 651 ·

368 712 442 780 μὴ
472 711 715 778 γένοιτο·
765 712 882 764 ἀλλ’
925 712 1001 765 ὣν
1045 714 1181 784 ὅπερ
1223 711 1312 783 ἦν,
1366 718 1459 768 καὶ
1506 713 1829 785 μεμενηκὼς
1884 718 1941 767 ἐν

362 805 428 872 τῇ
463 804 561 873 τῆς
592 803 845 875 θεότητος
872 805 1034 872 φύσει
1060 823 1117 858 τε
1147 808 1241 858 καὶ
1264 808 1410 878 δόξῃ.
1454 808 1637 877 Φαμὲν
1665 804 1756 860 οῦν
1781 807 1941 860 αὐτὸν

363 892 647 964 ἄνθρωπον
683 896 1032 965 γεγενῆσθαι,
1068 899 1129 949 οὐ
1174 898 1381 969 τροπὴν
1429 899 1799 967 ὑπομείναντα
1843 900 1942 971 τὴν

363 986 442 1047 εἰς
473 986 610 1057 ὅπερ
651 987 751 1039 οὐκ
792 983 882 1050 ἦν,
929 991 1029 1042 οῦκ
1081 989 1401 1043 ἀλλοίωσιν·
1449 991 1537 1043 ἀεὶ
1574 992 1683 1061 γάρ
1723 994 1871 1043 ἐστιν
1913 994 1943 1044 ό

362 1076 543 1140 αὐτὸς,
573 1078 667 1131 καὶ
698 1081 905 1148 τροπῆς
940 1082 1297 1152 ἀποσκίασμα
1328 1081 1521 1135 παθεῖν
1545 1084 1646 1135 οῦκ
1669 1084 1937 1152 ἀνέχεται.

375 1168 513 1220 Ἀλλ’
545 1169 665 1222 οὐδὲ
696 1172 941 1240 φυρμὸν,
996 1174 1029 1242 ἢ
1079 1175 1362 1243 ἀνάχυσιν,
1411 1175 1444 1243 ἦ
1496 1175 1798 1244 σύγκρασιν
1842 1178 1939 1244 τῆς

362 1261 547 1323 οὐσίας
592 1262 757 1314 αὑτοῦ
804 1264 940 1334 πρὸς
992 1266 1087 1336 τὴν
1136 1267 1316 1337 σάρκα
1343 1269 1668 1338 γεγενῆσθαι
1708 1266 1940 1337 διοριζό-

366 1352 538 1419 μεθα’
571 1356 748 1423 φαμὲν
778 1356 836 1408 δὲ
865 1358 891 1396 ll
928 1359 1093 1429 σαρκὶ
1124 1358 1309 1429 ψυχὴν
1342 1360 1542 1431 ἐχούσῃ
1589 1365 1685 1432 τὴν
1718 1365 1943 1432 λογικὴν

362 1442 599 1510 ἡνῶσθαι
630 1446 720 1497 τὸν
746 1448 916 1516 Λόγον
937 1450 1082 1519 ὑπὲρ
1118 1450 1242 1502 νοῦν
1266 1469 1322 1503 τε
1350 1454 1443 1504 καὶ⁸
1472 1456 1817 1526 ἁπορῥήτως,
1848 1460 1941 1509 καὶ

361 1535 437 1597 ὡς
477 1537 635 1605 μόνος
662 1535 799 1591 οἶδεν
830 1541 1014 1603 αὑτός.
1055 1543 1263 1596 Οὐκοῦν
1303 1547 1579 1615 μεμένηκε
1606 1548 1735 1610 Θεὸς
1762 1550 1853 1601 καὶ
1884 1550 1940 1600 ὲν

362 1628 661 1698 προσλήψει
716 1631 950 1699 σαρκός*
1010 1634 1102 1686 καὶ
1148 1635 1294 1687 ἐστιν
1347 1631 1431 1698 εἷς
1470 1638 1595 1700 Υἱὸς
1645 1638 1740 1690 τοῦ
1779 1636 1937 1702 Θεοῦ,

360 1719 453 1770 καὶ
490 1721 721 1790 Πατρὸς,
759 1726 787 1776 6
814 1725 1019 1794 Κύριος
1050 1725 1210 1795 ἡμῶν
1250 1726 1456 1797 Ἰησοῦς
1486 1729 1749 1799 Χριστός’
1789 1732 1816 1781 6
1845 1732 1941 1782 αῦ-

2041 543 2192 597 aeque
2221 542 2283 581 ac
2310 542 2427 589 nos,
2465 528 2625 581 homo
2673 527 2875 580 factum
2925 536 3029 589 est,
3067 541 3173 579 non
3216 527 3470 580 amittens
3498 540 3618 579 esse

2044 620 2209 673 Deum
2242 620 2468 690 (absit!)
2497 619 2590 673 sed
2624 620 2891 673 exsistens
2922 619 3064 686 quod
3095 626 3234 680 erat,
3264 628 3318 671 et
3339 618 3394 671 in
3425 616 3620 670 divini-

2042 712 2168 765 tatis
2213 721 2404 764 natura
2449 721 2503 765 et
2532 711 2700 781 gloria
2758 725 3099 779 permanens.
3153 709 3393 763 Dicimus
3432 709 3617 776 igitur,

2043 801 2216 868 ipsum
2249 801 2378 871 (Dei
2411 799 2682 870 Verbum)
2726 800 2999 853 hominem
3029 814 3148 853 esse
3172 799 3398 861 factum,
3426 812 3524 849 nec
3548 800 3617 850 ob

2041 892 2095 945 id
2128 901 2307 945 tamen
2333 907 2545 945 versum
2574 892 2623 943 in
2658 892 2707 944 id
2768 891 2910 959 quod
2942 906 3045 944 non
3101 899 3244 953 eral,
3280 903 3385 942 non
3417 888 3618 944 altera-

2043 984 2360 1039 tum:idem
2413 984 2555 1037 enim
2605 998 2821 1051 semper
2857 993 2962 1044 esl,
3022 995 3195 1049 neque
3243 979 3620 1036 conversionis

2040 1074 2508 1129 obumbrationem
2541 1075 2647 1143 pati
2676 1074 2906 1129 sustinet
2941 1074 3004 1127 “.
3062 1073 3167 1126 Sed
3223 1087 3400 1141 neque
3452 1072 3614 1124 ullam

2041 1165 2291 1219 essentia:
2326 1166 2467 1218 illius
2498 1181 2618 1218 cum
2658 1180 2820 1219 carne
2866 1164 3325 1227 eommistiouem,
3361 1172 3453 1217 aut
3482 1179 3602 1217 con~

2042 1257 2331 1317 fusionem,
2368 1266 2461 1309 ant
2488 1257 2891 1310 concretionem
2922 1255 3119 1308 factam
3145 1270 3264 1309 esse
3282 1255 3615 1309 statuimus:

2043 1350 2337 1403 asserimus
2385 1357 2589 1407 autem,
2656 1347 2887 1401 Verbum
2938 1348 3088 1400 carui
3138 1347 3316 1400 anima
3367 1347 3621 1401 rational:

2043 1442 2293 1510 perlecta:
2322 1453 2374 1494 et
2412 1440 2739 1503 inl'ormatm,
2809 1442 2967 1493 modo
3016 1456 3175 1509 quem
3230 1441 3402 1508 ipsum
3439 1441 3607 1494 solun

2044 1535 2189 1586 novit
2229 1536 2469 1599 (nostra:
2499 1533 2641 1585 enim
2689 1534 2885 1585 mentis
2941 1544 3158 1601 captum
3195 1534 3311 1588 haec
3342 1548 3428 1588 res
3455 1548 3602 1589 exce-

2043 1628 2185 1692 dit),
2228 1628 2437 1681 unitum
2468 1641 2609 1678 esse.
2644 1624 2839 1679 Mansit
2890 1626 3071 1694 itaque
3113 1626 3255 1680 Deus
3287 1628 3449 1681 etiam
3498 1636 3618 1695 post

2044 1716 2467 1784 assumptionem
2531 1715 2964 1781 carnis;estque
2996 1729 3137 1769 unus
3190 1713 3283 1769 Dei
3336 1725 3389 1771 et
3439 1713 3620 1769 Patris

360 1813 450 1871 τὸς
482 1814 576 1865 καὶ
604 1816 712 1884 πρὸ
743 1818 944 1881 παντὸς
970 1819 1185 1881 αἰῶνος,
1222 1821 1315 1871 καὶ
1346 1820 1557 1890 χρόνου,
1584 1820 1717 1874 καθὸ
1744 1825 1936 1874 νοεῖται

2046 1808 2213 1862 Filius
2242 1808 2500 1862 Dominus
2529 1816 2716 1860 noster
2734 1804 2895 1860 Jesus
2932 1805 3201 1869 Christus,
3240 1808 3382 1862 idem
3410 1818 3465 1861 et
3495 1818 3620 1861 ante

361 1904 551 1970 Λόγος,
590 1908 685 1959 καὶ
717 1910 1004 1980 χαρακτὴρ
1034 1910 1133 1979 τῆς
1166 1912 1518 1974 ὑποστάσεως
1553 1912 1736 1976 αὐτοῦ,
1770 1915 1863 1966 καί
1889 1917 1945 1967 ἐν

361 1998 611 2066 ἐσχάτοις
656 2005 868 2069 καιροῖς
919 2004 1278 2073 οἰκονομικῶς
1338 2006 1620 2075 ἄνθρωπος
1674 2006 1741 2057 δι’
1800 2008 1945 2077 ἡμᾶς

362 2088 619 2155 γεγονώς.
666 2092 882 2162 Ἐπειδὴ
901 2095 957 2146 δὲ
986 2095 1271 2165 ἀναιροῦσί
1293 2113 1438 2158 τινες
1472 2096 1568 2166 τὴν
1599 2097 1740 2149 κατὰ
1766 2099 1944 2168 σάρκα

361 2179 614 2251 γέννησιν
652 2183 835 2245 αὐτοῦ,
870 2184 969 2253 τὴν
1012 2187 1075 2238 ἐκ
1113 2188 1211 2255 τῆς
1256 2186 1415 2254 ἁγίας
1462 2187 1741 2257 Παρθένου
1786 2205 1946 2255 γεγε-

363 2270 601 2340 νημένην
635 2274 725 2325 ἐπὶ
759 2277 1004 2347 σωτηρίᾳ
1037 2276 1146 2329 τῶν
1190 2278 1348 2337 ὅλων,
1380 2279 1478 2330 οὐκ
1518 2282 1597 2341 είς
1643 2280 1817 2349 ἀρχὴν
1847 2280 1942 2333 τοῦ

362 2355 500 2411 εἶναι
534 2362 803 2415 καλοῦσαν
834 2366 1018 2428 αὑτὸν,
1052 2367 1166 2419 ἀλλ’
1198 2368 1283 2419 ἶνα
1328 2370 1474 2437 ἡμᾶς
1522 2368 1803 2439 ἀπαλλάξῃ
1852 2369 1943 2421 θα·

361 2451 541 2517 νάξου,
600 2454 696 2506 καὶ
753 2455 980 2525 φθορᾶς,
1040 2458 1281 2526 γεγονὼς
1334 2458 1456 2511 καθ’
1514 2462 1661 2529 ἡμᾶς
1697 2460 1943 2529 ,ταύτης

358 2545 521 2598 ἕνεκα
557 2548 652 2617 τῆς
678 2551 857 2612 αἰτίας
888 2553 915 2602 6
947 2550 1163 2620 πρῶτος
1192 2553 1323 2621 ἡμῖν
1373 2551 1811 2622 άναθεματισμὸς
1840 2570 1941 2606 κα-

358 2638 668 2710 τακέκραγε
715 2643 813 2710 μὲν
846 2643 943 2711 τῆς
980 2643 1205 2695 ἐκείνων
1242 2646 1627 2709 κακοπιστίας,
1662 2646 1722 2697 τὸ
1764 2646 1821 2698 δὲ
1850 2646 1943 2718 ὀρ-

360 2730 468 2793 θῶς
501 2731 620 2800 ἕχον
657 2733 928 2802 ὁμολογεῖ,
960 2734 1090 2786 Θεὸν
1120 2730 1260 2787 εἶναι
1294 2735 1633 2803 λέγωννκατά
1680 2736 1941 2806 ἀλήθειαν

358 2822 448 2873 τὸν
483 2823 863 2894 Ἐμμανουήλ·
899 2829 992 2877 καὶ
1026 2825 1113 2879 διά
1145 2826 1304 2878 τοῦτο
1333 2826 1593 2880 Θεοτόκον
1628 2830 1727 2897 τὴν
1779 2830 1939 2896 ἁγίαν

364 2913 654 2983 Παρθένον.

798 3135 1381 3189 ΛΝΑΘΕΜΑΤΙΣΜΟΣ
1426 3139 1495 3189 ll'.

432 3266 497 3318 Εἴ
514 3284 597 3330 τις
624 3268 724 3336 οὐχ
751 3268 1004 3336 ὁμολογεῖ
1030 3271 1196 3337 σαρκὶ
1228 3268 1346 3321 καθ’
1369 3271 1667 3323 ὑπόστασιν
1699 3272 1937 3340 ἡνῶσθαι

358 3360 448 3412 τὸν
493 3362 558 3413 ὲκ
606 3359 741 3412 Θεοῦ
795 3359 1009 3429 Πατρὸς
1039 3360 1230 3427 Λόγον,
1266 3360 1361 3413 ἕνα
1408 3378 1467 3413 τε
1518 3358 1657 3415 εἶναι
1708 3364 1939 3433 Χριστὸν

362 3450 501 3520 μετά
545 3450 647 3519 τῆς
690 3450 821 3512 ἰδίας
858 3450 1079 3520 σαρκὸς,
1111 3451 1201 3503 τὸν
1244 3452 1406 3504 αὑτὸν
1444 3452 1686 3521 δηλονότι
1718 3454 1851 3507 Θεόν
1879 3472 1937 3507 τε

358 3543 514 3604 ὁσιοῦ,
562 3543 658 3595 καὶ
695 3542 1000 3613 ἄνθρωπον*
1040 3542 1287 3613 ἀνάθεμα
1316 3544 1476 3600 ἔστω.

940 3656 1249 3722 Ἐπίλυσις
1293 3656 1376 3719 β’.

440 3773 497 3823 '0
550 3770 839 3832 θεσπέσιος
887 3769 1088 3840 γράφει
1127 3767 1359 3830 Παῦλος,
1406 3770 1434 3820 6
1477 3768 1586 3820 τῶν
1636 3767 1794 3820 θείων
1836 3787 1937 3838 μυ-

359 3864 594 3935 στηρίων
650 3863 964 3934 ἱερουργός’
1020 3882 1037 3911 ‹
1102 3859 1578 3929 Ὀμολογουμένως
1626 3860 1769 3929 μέγα
1819 3861 1935 3912 ἐστὶ

356 3962 415 4012 τὸ
442 3962 541 4030 τῆς
588 3957 870 4019 εὐσεϐείας
915 3957 1230 4027 μυστήριον·
1264 3953 1395 4014 Θεὸς
1435 3957 1493 4005 ὲν
1542 3953 1705 4022 σαρκὶ
1740 3954 1935 4019 ἐφανε-

358 4050 538 4123 ρώθη⁸
595 4048 886 4119 ἐδικαιώθη
952 4050 1009 4099 ἐν
1067 4047 1381 4116 πνεύματι·
1436 4044 1591 4115 ὤφθη
1642 4045 1929 4113 ἀγγέλοις·

356 4141 636 4213 ἐκηρύχθη
664 4140 871 4193 ἔθνεσιν
895 4158 907 4170 ·
938 4137 1235 4206 ἐπιστεύθη
1283 4139 1340 4189 ὲν
1375 4136 1563 4205 κόσμῳ
1589 4153 1602 4165 ο
1656 4135 1930 4205 ἀνελήφθη

356 4237 412 4286 ὲν
437 4234 584 4306 δόξῃ.
626 4254 642 4284 ι
682 4233 746 4283 Τί
772 4228 862 4284 οὖν
895 4233 1008 4283 ἐστι
1034 4231 1112 4291 τὸ,
1152 4249 1167 4278 ι
1216 4226 1567 4297 rem,sz
1591 4229 1646 4277 ὲν
1676 4226 1872 4297 σαρκί;
1908 4248 1924 4275 ι

354 4326 619 4385 τουτέστι,
654 4324 847 4391 Γέγονε
882 4323 1018 4393 σὰρξ
1043 4326 1070 4376 6
1110 4325 1171 4375 ἐκ
1210 4323 1343 4374 Θεοῦ
1388 4323 1601 4390 Πατρὸς
1644 4322 1832 4388 Λόγος,
1871 4323 1928 4373 οὐ

354 4416 493 4468 κατά
522 4415 874 4485 μετάστασιν,
912 4416 944 4485 ἢ
976 4414 1202 4485 τροπὴν,
1246 4417 1347 4484 τῆς
1375 4414 1568 4466 ἑαυτοῦ
1611 4414 1825 4481 φύσεως
1851 4416 1929 4477 εἰς

2045 1916 2204 1955 omne
2235 1900 2487 1954 saeculum
2521 1909 2575 1953 et
2611 1910 2845 1965 tempus,
2883 1909 3152 1967 quatenus
3176 1900 3406 1954 Verbum
3429 1900 3622 1953 intelli-

2046 1995 2211 2062 gitur,
2246 1992 2492 2061 etligura
2518 1991 2847 2045 substantiae
2884 1992 3001 2058 ejus
3030 1991 3096 2057 “,
3126 2001 3177 2043 et
3214 1992 3265 2044 in
3309 1991 3621 2045 novissimis

2046 2084 2380 2152 temporibus
2402 2081 2797 2149 dispensatoria
2828 2084 3040 2136 ratione
3068 2083 3235 2135 nostri
3261 2096 3423 2137 causa
3457 2084 3621 2137 homo

2044 2174 2241 2229 factus.
2272 2176 2405 2239 Quia
2441 2188 2570 2227 vero
2596 2173 2838 2227 nonnulli
2883 2174 3221 2228 nativitatem
3252 2176 3395 2229 illius
3422 2192 3617 2230 secun-

2043 2266 2168 2317 dum
2205 2278 2426 2317 carnem
2480 2275 2701 2331 propter
2728 2265 2967 2317 onmium
3002 2265 3255 2327 salutem,
3307 2282 3412 2334 qua
3444 2266 3621 2321 editus

2045 2366 2214 2409 estex
2245 2364 2429 2409 saneta
2461 2354 2704 2423 Virgine,
2738 2355 3044 2409 inliciantur
3070 2358 3220 2425 (qua:
3248 2358 3501 2411 nativitas
3521 2358 3621 2412 hoc

2046 2448 2119 2501 illi
2152 2462 2254 2500 non
2286 2448 2534 2509 contulit,
2568 2458 2625 2499 ut
2663 2457 2772 2500 tmn
2807 2449 3039 2516 primmn
3075 2463 3193 2500 esse
3224 2449 3503 2515 inciperet,
3527 2450 3621 2504 sed

2044 2552 2103 2593 ut
2134 2540 2288 2593 nobis
2352 2542 2551 2594 similis
2616 2541 2790 2594 factus
2844 2558 2871 2592 a
2926 2553 3099 2593 morte
3161 2552 3214 2594 et
3272 2543 3622 2609 ('orrupliotte

2048 2646 2145 2684 nos
2189 2632 2512 2700 liberaret):
2543 2632 2703 2703 148
2736 2644 3018 2701 propterea
3065 2634 3271 2701 primus
3319 2635 3403 2686 hic
3440 2644 3622 2687 noster

2043 2725 2529 2776 anathematismus
2585 2726 2635 2775 in
2684 2739 2989 2792 perversam
3038 2726 3249 2778 illormn
3283 2724 3441 2778 ﬁdem
3472 2728 3621 2777 inre-

2043 2815 2189 2868 hitur
2219 2834 2231 2868 :
2264 2825 2373 2869 tum
2410 2804 2729 2885 verofqnod
2772 2828 2931 2871 rectm
2970 2819 3088 2871 lidei
3144 2828 3249 2881 est,
3311 2806 3620 2883 conﬁtetur,

2046 2904 2451 2957 Ezntnauuelem
2517 2907 2811 2958 secundum
2856 2908 3136 2958 Veritatem
3170 2906 3338 2959 Deum
3386 2921 3510 2962 esse
3540 2908 3620 2960 di-

2043 3013 2169 3047 cens
2226 3008 2387 3063 atque
2431 2998 2550 3047 ideo
2585 3008 2828 3049 sanctam
2858 2996 3136 3067 Virginem
3172 2999 3477 3067 Ileiparam.

2466 3130 3107 3186 .~\.\;\'l'llEMATlSMUS
3139 3128 3201 3185 ll.

2114 3270 2169 3320 Si
2209 3269 2329 3336 quis
2359 3285 2460 3319 non
2490 3268 2800 3331 t-oiilitetur,
2852 3266 2942 3319 Dei
2978 3265 3155 3320 Patris
3193 3265 3429 3321 Verbum
3469 3284 3620 3325 carni

2042 3366 2335 3413 secundum
2397 3360 2726 3429 hypostasim
2778 3358 3010 3421 unitum,
3048 3375 3322 3429 unumque
3366 3377 3468 3414 una
3494 3377 3617 3415 cum

2042 3468 2135 3503 sua
2188 3468 2349 3505 rarae
2379 3468 2501 3505 esse
2531 3452 2830 3511 Christum,
2866 3453 3117 3503 emndem
3167 3451 3420 3506 nimirum
3449 3451 3619 3509 Deum

2042 3543 2199 3596 simul
2224 3554 2277 3595 et
2311 3544 2609 3604 hominem,
2648 3543 2933 3594 anathema
2964 3543 3053 3595 sit.

2528 3656 2849 3725 Explanalio
2879 3657 3129 3707 secunda.

2111 3771 2335 3824 Divinos
2372 3771 2591 3835 Paulus,
2641 3787 2795 3823 sacvr
2838 3771 2927 3824 ille
2961 3773 3265 3824 divinorum
3327 3774 3597 3842 mysterio

2041 3880 2156 3915 rum
2194 3863 2485 3931 interpres,
2546 3862 2619 3914 ita
2672 3862 2910 3916 scribit:
2958 3881 2975 3910 ι
3041 3864 3322 3916 Manil'este
3366 3879 3615 3932 magnum

2037 3966 2118 4011 est
2171 3960 2385 4024 pietatis
2443 3967 2887 4009 sacramentum:
2921 3956 3062 4009 Deus
3116 3956 3494 4011 manifestalus
3535 3967 3617 4010 est

2038 4049 2089 4099 in
2125 4062 2313 4106 carne,
2336 4047 2669 4112 ⁸ἱιιειὶίίυιιιιιε
2705 4060 2786 4099 ost
2815 4049 2863 4099 in
2906 4049 3124 4115 Spiritu.
3175 4051 3427 4116 apparuit
3451 4066 3615 4117 ange-

2037 4139 2123 4198 lis,
2159 4139 2483 4205 praedicatus
2500 4148 2583 4190 est
2608 4140 2880 4206 gentihus,
2920 4140 3159 4191 creditus
3202 4140 3359 4193 estin
3392 4143 3613 4201 mumlo,

2035 4242 2348 4300 assumptus
2395 4240 2479 4282 est
2535 4232 2587 4282 in
2628 4230 2796 4299 gloria
2825 4230 2886 4282 ".
2929 4249 2947 4280 ›
2986 4230 3123 4295 Quid
3158 4232 3319 4299 igitur
3349 4243 3431 4284 cst
3473 4234 3613 4299 quod

2035 4326 2188 4385 dicit,
2226 4344 2243 4374 ι
2280 4324 2653 4375 Mauil'eslalus
2688 4334 2769 4376 est
2817 4324 2869 4375 iu
2916 4338 3126 4376 carne!
3175 4344 3191 4374 ι
3231 4325 3331 4377 hoc
3362 4336 3469 4390 est,
3518 4326 3610 4377 Dei

2034 4417 2209 4469 Patris
2234 4414 2469 4468 Verbum
2502 4431 2631 4469 caro
2676 4416 2873 4467 factum
2920 4425 3041 4467 est:
3087 4431 3191 4467 non
3229 4418 3371 4485 quod
3419 4432 3614 4471 secun-

356 4507 531 4576 σάρκα
570 4507 1106 4576 μεταπεποιημένης,
1152 4506 1226 4567 ὡς
1267 4504 1365 4575 ἤδη
1408 4505 1761 4574 προείπομεν,
1797 4505 1929 4555 ἰδίαν

2040 4510 2159 4558 dum
2186 4508 2456 4575 propriam
2491 4514 2738 4560 naturam
2764 4522 3106 4569 COIIVCI‘SIIIII,
3142 4520 3230 4559 aut
3286 4519 3611 4560 llansmttlu-

353 4602 407 4654 δὲ
467 4600 665 4670 μᾶλλον
721 4599 1088 4667 ποιησάμενος
1134 4597 1312 4667 σάρκα
1360 4597 1456 4665 τὴν
1509 4598 1572 4647 ὲκ
1623 4598 1721 4665 τῆς
1772 4595 1929 4663 ἁγίας

358 4692 658 4763 Παρθένου,
700 4686 779 4753 εἷς
826 4692 918 4743 καὶ
960 4691 987 4741 ὁ
1018 4690 1180 4750 αὐτὸς
1233 4687 1587 4758 χρηματίζων
1637 4688 1790 4750 Υἱός·
1828 4689 1933 4758 πρὸ

358 4785 455 4852 μὲν
479 4784 577 4853 τῆς
602 4781 1067 4851 ἐνανθρωπήσεως
1093 4780 1165 4843 ὡς
1196 4780 1433 4849 ἄσαρκος
1465 4780 1542 4831 ἔτι
1574 4780 1763 4847 Λόγος,
1794 4780 1930 4848 μετὰ

352 4876 405 4927 δὲ
438 4875 533 4946 τὴν
561 4872 972 4943 ὲνανθρώπησιν
997 4871 1075 4923 ἔτι
1103 4874 1129 4923 6
1158 4870 1318 4932 αὐτὸς
1342 4872 1396 4922 ὲν
1426 4869 1636 4940 σώματι
1660 4870 1699 4922 ι.
1722 4870 1932 4940 Ταύτῃ-

352 4967 432 5019 τοί
466 4982 647 5037 φαμεν
674 4965 763 5017 τὸν
795 4964 957 5017 αὐτὸν
986 4964 1250 5033 ὑπάρχειν
1280 4962 1413 5014 Θεόν
1440 4978 1497 5013 τε
1530 4961 1665 5029 ὁμοῦ
1712 4962 1805 5013 καὶ
1832 4962 1926 5013 ἄν-

351 5058 586 5131 θρωπον,
615 5059 675 5111 οῦ
715 5057 1013 5131 διιστάντες
1060 5056 1138 5117 εἰς
1178 5054 1464 5123 ἄνθρωπον
1511 5054 1691 5117 tamn;
1732 5071 1789 5105 τε
1832 5057 1926 5107 καὶ

351 5152 619 5222 άναμέρος
652 5149 906 5219 κείμενον
954 5147 1053 5217 τὴν
1096 5147 1184 5196 ἐπ’
1214 5146 1361 5214 αὐτῷ
1405 5137 1658 5213 θεωρίαν,
1723 5146 1816 5195 καὶ
1848 5148 1925 5205 εἰς

351 5242 477 5294 Θεὸν
519 5242 690 5309 Λόγον
725 5241 938 5302 ἱδικῶς·
971 5239 1055 5291 ἵνα
1102 5239 1175 5307 μὴ
1216 5237 1308 5289 δύο
1347 5237 1555 5306 νοῶμεν
1600 5238 1768 5298 υἱοὺς,
1810 5236 1921 5287 ἀλλ’

1335 5416 1417 5467 ³³1
1452 5414 1594 5467 Tim.
1627 5431 1704 5477 ιιι,
1742 5413 1823 5466 16.

422 5421 461 5451 ¹¹
485 5418 600 5474 Jac.
629 5435 668 5483 ι,
703 5420 790 5473 l7.
868 5419 911 5450 ¹²
936 5418 1099 5472 Hebr.
1136 5434 1171 5478 ι,
1200 5417 1251 5470 ’5.

2035 4612 2143 4650 ιιιιιι
2198 4600 2267 4652 sit
2324 4601 2373 4651 in
2398 4614 2642 4660 carnem,
2680 4609 2739 4652 ut
2772 4601 2929 4652 modo
2977 4600 3291 4652 dicebamus
3328 4616 3342 4661 ;
3392 4601 3486 4651 sed
3520 4614 3611 4666 po-

2034 4690 2139 4741 tius
2206 4690 2346 4754 quod
2413 4703 2634 4741 carnem
2705 4704 2770 4741 ex
2827 4702 3013 4741 saneta
3064 4686 3286 4755 Virgine
3341 4701 3609 4755 sumptam

2032 4780 2304 4848 propriam
2328 4782 2426 4833 sibi
2454 4780 2663 4843 fecerit,
2685 4796 2823 4833 unus
2843 4781 3091 4849 idemque
3116 4779 3282 4835 Filius
3310 4782 3605 4834 assistens:

2032 4884 2157 4925 ante
2202 4873 2630 4925 incarnationem
2683 4874 2899 4941 quidem
2936 4884 3188 4940 tauquam
3222 4873 3457 4926 Verbum
3489 4884 3609 4926 tau-

2033 4975 2145 5016 tum
2177 4965 2357 5016 carnis
2394 4978 2587 5033 expers
2617 4980 2633 5025 ;
2670 4974 2789 5031 post
2837 4966 3266 5017 incarnationem
3303 4979 3428 5017 vero
3472 4965 3608 5017 idem

2034 5057 2193 5109 etiam
2229 5058 2647 5124 iucm'pore.Al
2692 5060 2817 5111 hinc
2877 5068 2961 5110 est
3028 5068 3084 5110 ut
3142 5059 3389 5110 eumdem
3440 5055 3607 5109 Deum

2033 5148 2192 5199 simul
2230 5159 2283 5199 et
2332 5150 2602 5201 hominem
2663 5166 2783 5203 esse
2822 5151 3086 5208 dicamus,
3132 5166 3237 5201 non
3292 5149 3611 5201 diri-[lentes

2032 5256 2152 5290 eum
2215 5240 2263 5291 in
2307 5239 2577 5293 hominem
2623 5257 2864 5294 seorsum
2898 5257 2992 5309 per
3035 5256 3092 5295 se
3134 5242 3390 5309 positum,
3445 5250 3498 5291 et
3557 5240 3607 5290 in

1398 5570 1571 5624 Varie
1605 5569 1867 5622 lei-tiunes
1892 5585 1955 5621 ex
1990 5567 2174 5621 codice
2202 5564 2581 5636 Srguicriano.

425 5733 439 5785 i
477 5736 704 5805 πὲῳηνε.
781 5732 807 5774 ιι
836 5731 965 5803 γάρ.
1043 5727 1062 5769 ι
1099 5732 1125 5783 6
1160 5730 1315 5791 αὐτὴ
1353 5726 1685 5796 indagatu.

550 5833 824 5892 Ριῐιιοι.
867 5832 975 5889 Οιι
1036 5828 1299 5888 LXXVI.

3217 5821 3283 5883 10
