4104 6336
439 318 547 373 299

1476 310 1532 365 S.
1575 308 1853 365 CYRILLI
1890 306 2365 363 ALEXANDRINI
2403 305 2726 363 ARCHIEP.

3601 309 3635 367 ε
3646 311 3713 368 llo

445 432 612 486 Deum
642 429 876 486 Verbum
918 428 1209 498 sejunctim
1242 442 1344 497 per
1396 441 1455 481 sc
1489 429 1918 491 consideratam,
1963 444 2026 481 ne

2135 427 2230 479 ἕνα
2266 427 2475 480 καὶτὸν
2518 426 2682 480 αὑτὸν
2706 425 3094 498 ὁμολογοῦντες
3119 426 3209 480 τὸν
3254 427 3418 481 αὑτὸν
3454 428 3711 499 Χριστὸν,

382 504 397 535 7³
440 527 575 578 duos
627 524 728 578 hac
789 523 1001 577 ratione
1074 519 1216 575 lilios
1267 518 1793 589 intelligamus-,sed
1850 535 2023 571 unum

438 614 793 682 eumdemque
817 613 1101 667 Christum
1157 620 1213 665 et
1258 609 1455 663 Filium
1502 620 1555 663 et
1598 609 1880 663 Dominum
1898 624 2025 664 esse

440 706 777 759 ronlitentes.
798 704 898 770 Qui
931 713 1113 757 autem
1147 702 1251 755 hoc
1275 716 1433 756 secus
1462 700 1663 755 habere
1684 701 2023 763 existimant,

438 807 531 850 aut
579 812 684 849 non
723 797 798 849 ita
841 796 1030 850 volunt
1075 796 1325 857 credere,
1384 795 1479 847 sed
1525 808 1689 845 nnutn
1716 792 1913 846 Filium
1971 793 2024 846 in

439 893 575 944 duos
597 888 1016 957 dispertiuntur,
1038 899 1092 943 et
1130 903 1249 957 quae
1291 900 1357 940 re
1384 885 1499 955 ipsa
1544 885 1830 954 conjuncta
1879 895 2024 950 sunt,

439 1000 467 1034 ιι
514 997 573 1035 se
630 980 983 1050 disiungunt,
1053 981 1312 1049 aiuntque
1380 977 1653 1033 hominem
1729 977 2025 1031 secundum

439 1074 717 1139 dignitatis
768 1073 849 1125 vel
912 1072 1252 1125 auctoritatis
1299 1069 1635 1123 consortium
1695 1068 1804 1122 Deo
1896 1082 2028 1122 con-

433 1167 678 1234 jimctum
702 1178 829 1217 esse
861 1181 876 1229 ;
910 1178 1004 1217 eos
1033 1178 1063 1216 a
1091 1172 1238 1216 recta
1269 1161 1654 1231 inculpataque
1686 1162 1789 1215 ﬁde
1816 1161 2026 1216 alienos

440 1257 687 1309 dicimus.
745 1254 1003 1319 Quamvis
1051 1268 1180 1322 ergo
1243 1255 1522 1322 apostolus
1583 1252 1892 1306 nominetur
1923 1253 2021 1316 ¹³¹,

442 1359 745 1416 unctusque
776 1356 833 1401 et
858 1345 951 1400 Dei
990 1344 1162 1400 Filius
1202 1345 1517 1415 designatus
1557 1344 1774 1399 dicatur
1808 1344 1873 1407 η,
1920 1361 2025 1399 non

441 1439 816 1493 erubescimus
882 1435 1362 1505 dispensationem.
1433 1432 1781 1489 Aﬂirmamus
1844 1446 2025 1489 autem

444 1532 535 1583 Dei
564 1528 739 1582 Patris
779 1527 1011 1582 Verbum
1049 1536 1179 1581 tunc
1228 1525 1445 1581 demum
1490 1525 1794 1595 apostolum
1847 1526 2026 1581 nomi-

443 1635 651 1687 natum,
698 1622 1053 1676 etnobiscum
1104 1619 1404 1674 secundum
1426 1619 1823 1673 humanitatem
1870 1620 2029 1674 iuun-

441 1727 585 1766 t-tmu
618 1729 760 1775 esse,
790 1716 1007 1781 quando
1032 1711 1225 1766 similis
1261 1709 1423 1781 15.9
1450 1711 1607 1765 nobis
1633 1710 1794 1765 homo
1825 1710 2023 1765 factum

2130 520 2222 570 καὶ
2255 520 2403 581 Υἱὸν,
2439 519 2533 572 καὶ
2564 520 2790 588 Κύριον.
2822 518 2959 581 Τοὺς
2985 518 3040 570 δὲ
3068 518 3143 591 μὴ
3173 518 3345 583 οὕτως
3377 520 3521 590 ἔχειν
3558 522 3713 576 ὑπει-

2128 610 2392 680 ληφότας,
2427 611 2593 680 ἣγουν
2627 611 2903 663 πιστεύειν
2954 608 3253 674 ἐθέλοντας,
3286 610 3619 681 διορίζοντας
3654 613 3713 667 δὲ

2128 703 2206 764 εἰς
2229 702 2375 765 υἱοὺς
2399 701 2494 754 δύο
2519 703 2608 754 τὸν
2635 701 2752 765 ἕνα,
2788 702 2882 753 καὶ
2913 700 3220 765 διιστάντας
3251 702 3346 754 ἀπ’
3376 701 3620 771 ἀλλήλων
3643 703 3715 756 τὰ

2129 793 2381 865 ἡνωμένα
2427 792 2569 847 κατά
2598 792 2877 862 ἀλήθειαν,
2911 794 3217 862 φάσκοντας
3258 792 3315 846 δὲ
3354 793 3496 846 κατά
3544 792 3714 863 μόνην

2127 886 2228 957 τὴν
2256 885 2434 950 ἀξίαν,
2464 887 2583 956 ἤτοι
2625 885 2931 949 αὐθεντίαν,
2969 885 3259 956 ἀνθρώπου
3294 883 3552 953 γενέσθαι
3586 900 3713 936 συν-

2129 976 2327 1046 ἀφειαν
2347 978 2486 1048 πρὸς
2508 977 2661 1041 Θεὸν,
2689 978 2785 1046 τῆς
2813 977 2998 1047 ὀρθῆς,
3024 979 3115 1029 καὶ
3137 977 3445 1047 ἀμωμήτου
3477 975 3713 1039 πίστεως

2128 1067 2443 1137 ἀλλοτρίους
2475 1063 2619 1120 εἶναί
2654 1084 2858 1137 φαμεν.
2895 1066 3058 1120 Ὥστε
3114 1066 3219 1119 κᾶν
3252 1064 3548 1127 ἀπόστολος
3595 1065 3715 1116 ὀνο-

2132 1158 2393 1231 μάζηται,
2429 1159 2530 1213 κᾶν
2560 1158 2844 1230 κεχρϊσθαι
2889 1157 3137 1227 λέγηται,
3170 1157 3265 1210 καὶ
3297 1156 3377 1219 είς
3422 1155 3551 1208 Υίὸν
3577 1154 3707 1225 ὡρί-

2132 1251 2255 1305 σθαι
2296 1249 2453 1314 Θεοῦ,
2479 1252 2581 1303 οὑκ
2624 1248 2993 1320 αἰσχυνόμεθα
3032 1248 3130 1319 τὴν
3154 1246 3487 1318 οἰκονομίαν.
3541 1247 3713 1300 Αὑτὸν

2127 1342 2186 1395 δέ
2219 1360 2398 1414 φαμεν
2429 1342 2522 1395 τὸν
2551 1345 2616 1396 ὲκ
2652 1342 2786 1395 Θεοῦ
2814 1342 3028 1411 Πατρὸς
3056 1340 3249 1409 Λόγον,
3290 1340 3380 1393 ὅτε
3415 1338 3535 1391 καθ’
3566 1341 3713 1408 ἡμᾶς

2128 1435 2351 1505 γέγονεν
2378 1436 2684 1507 ἄνθρωπος,
2713 1433 3030 1504 ὠνομάσθαι
3067 1433 3132 1504 δὴ
3176 1434 3299 1485 τότε
3338 1432 3433 1485 καὶ
3482 1433 3715 1485 ἀπόστο-

2129 1528 2238 1591 λον,
2268 1529 2366 1581 καὶ
2398 1527 2686 1598 κεχρῖσθαι
2723 1526 2782 1579 δὲ
2823 1526 2946 1597 μεθ’
2985 1525 3142 1595 ἡμῶν
3171 1527 3312 1579 κατὰ
3338 1524 3399 1577 τὸ
3438 1523 3719 1589 ἀνθρώπια

2129 1639 2239 1675 νον.
2284 1621 2345 1675 '0
2389 1622 2498 1693 γὰρ
2528 1620 2766 1690 γεγονὼς
2813 1618 2936 1673 καθ’
2977 1619 3149 1690 ἡμᾶς,
3194 1619 3242 1671 εί
3273 1618 3363 1671 καὶ
3411 1617 3718 1688 μεμένηκεν

2129 1715 2267 1785 ὅπερ
2312 1709 2403 1785 ἦν,
2465 1714 2527 1767 οὐ
2574 1697 2923 1784 παραιτεῖται
2972 1710 3041 1764 τὰ
3092 1711 3270 1781 ήμῶν.
3331 1710 3618 1781 Προσίεται
3661 1707 3719 1760 δὲ

439 1817 540 1857 est.
575 1804 675 1869 Qui
714 1804 859 1857 enim
914 1802 1069 1856 nobis
1101 1801 1448 1855 assimilatas
1479 1809 1587 1864 est,
1623 1800 1749 1855 licet
1791 1802 1843 1855 id
1877 1802 2021 1870 quod

2133 1773 2499 1876 μᾶλλονυό-μοῦ
2528 1773 2769 1874 τοῖς-τῆς
2807 1773 3226 1873 ἀνθρωπότητος
3272 1773 3491 1869 μέτροις
3523 1798 3592 1851 τὰ
3626 1798 3719 1850 ἀν-

441 1906 558 1949 erat
609 1896 888 1959 manserit,
941 1909 1061 1963 qua:
1105 1901 1291 1947 nostra
1335 1901 1463 1946 sunt
1527 1908 1632 1946 non
1689 1903 2020 1947 aversatur:

444 1988 550 2039 imo
575 2000 703 2038 vero
745 1994 971 2054 propter
1026 1985 1489 2054 dispensationem
1543 1999 1606 2038 ea
1656 1985 1859 2050 omnia,
1902 2000 2022 2054 qua:

442 2078 507 2130 ad
533 2078 825 2130 humanam
869 2085 1121 2130 naturam
1160 2078 1462 2145 pertinent,
1494 2090 1617 2128 cum
1661 2075 2019 2131 humanitatis

2129 1896 2378 1967 θρὼπινα
2399 1896 2487 1950 διὰ
2516 1896 2616 1967 τὴν
2651 1893 2985 1964 οἰκονομίαν,
3030 1891 3187 1945 οὐδὲν
3236 1890 3485 1945 ἐντεῦθεν
3512 1891 3592 1953 είς
3637 1891 3719 1943 οἱ-

2127 1990 2282 2043 κείαν
2312 1988 2670 2058 ἀδικούμενος
2693 1986 2871 2052 δόξαν,
2904 1985 2938 2056 ἢ
2971 1983 3132 2054 φύσιν
3161 2001 3177 2014 ⁸
3213 1982 3329 2037 ἔστι
3373 1985 3481 2054 γὰρ
3518 1983 3599 2035 ἔτι
3624 1982 3719 2037 καὶ

2127 2079 2271 2135 οὕτω
2301 2081 2457 2145 Θεὸς,
2487 2081 2584 2133 καὶ
2610 2079 2719 2132 τῶν
2744 2079 2883 2132 ὅλων
2925 2076 3153 2146 Κύριος.

444 2166 712 2221 mensuris
741 2165 901 2218 simul
964 2166 1257 2219 admittit:
1309 2178 1486 2233 neque
1513 2164 1680 2217 ullum
1750 2166 1875 2220 hinc
1913 2177 2091 2223 tamen
2128 2172 2424 2225 secundum
2476 2170 2751 2240 propriam
2808 2178 3085 2234 naturam,
3137 2165 3221 2221 vel
3269 2166 3713 2238 gloriam,detri-

444 2275 683 2316 mentum
735 2261 884 2330 capit
915 2277 928 2312 :
967 2277 1050 2314 εει
1091 2261 1239 2315 enim
1291 2260 1473 2314 adlmc
1508 2261 1675 2315 etiam
1721 2261 1825 2317 hoc
1860 2265 2021 2319 modo
2059 2267 2201 2322 Deus
2225 2282 2289 2322 ac
2328 2268 2590 2322 Dominus
2625 2266 2899 2321 omnium.

851 2377 1497 2436 ANATIIEMATISMUS
1533 2378 1621 2436 lll.

514 2494 572 2547 Si
600 2494 721 2562 quis
758 2493 810 2545 in
848 2492 1204 2547 uno'Christo
1236 2503 1358 2562 post
1396 2494 1653 2548 unionem
1693 2494 1887 2548 dividit
1922 2496 2021 2566 hy-

441 2596 710 2656 postases,
751 2586 1008 2654 ipsasque
1056 2600 1120 2637 ea
1177 2593 1385 2638 tantmn
1434 2588 1825 2655 conjunctione
1884 2588 2028 2642 inter

441 2693 501 2732 se
522 2676 823 2738 connectit,
846 2690 966 2743 qua:
987 2684 1071 2728 est
1101 2677 1398 2730 secundum
1432 2677 1770 2746 dignitatern,
1824 2680 1925 2732 hoc
1945 2691 2028 2734 est

441 2770 844 2830 auctoritatem,
900 2766 985 2821 vel
1043 2777 1390 2835 potestatem,
1441 2779 1499 2821 et
1559 2786 1664 2823 non
1717 2785 1783 2821 eo
1847 2772 2025 2835 potius

441 2874 728 2923 concursu,
755 2858 848 2927 qui
896 2868 981 2912 est
1018 2860 1316 2911 secundum
1376 2860 1685 2914 naturalem
1718 2861 1971 2916 unionem
2004 2878 2021 2913 ε

443 2951 731 3005 anathema
763 2949 851 3003 sit.

995 3060 1293 3115 Declaralio
1329 3065 1507 3116 tertia.

516 3176 785 3230 lncarnati
846 3174 1120 3245 Unigeniti
1184 3175 1641 3243 diupcnsatorium
1712 3181 2026 3250 mysterium

443 3277 695 3319 accurate
717 3264 1077 3332 inquirentes,
1106 3261 1201 3316 Dei
1241 3260 1422 3317 Patris
1452 3262 1688 3319 Verbum
1716 3265 2027 3320 admirabili

447 3357 920 3426 inexplicabilique
982 3355 1163 3419 modo,
1225 3364 1420 3411 sancto
1489 3357 1704 3426 corpori
1787 3358 2026 3413 animam

448 3450 676 3504 rationis
708 3458 1012 3516 compotem
1052 3446 1274 3501 habenti
1320 3447 1531 3501 unitum
1558 3448 1790 3504 dicimus
1818 3466 1833 3517 ;
1866 3460 2030 3519 atque

446 3546 517 3597 ita
541 3558 752 3612 quoque
786 3558 951 3596 unum
990 3555 1111 3595 esse
1143 3539 1342 3595 Filium
1372 3540 1747 3612 intelligimus;
1768 3545 2030 3612 quemad-

449 3636 664 3691 modum
698 3636 952 3689 nimirum
999 3642 1053 3687 et
1095 3633 1148 3686 in
1194 3632 1353 3687 nobis
1399 3633 1532 3703 ipsis
1585 3650 1812 3691 cernere
1868 3635 2025 3691 licet:

448 3739 579 3783 sunt
608 3741 737 3782 sane
770 3726 950 3779 anima
1004 3734 1058 3778 ct
1105 3738 1302 3794 corpus
1329 3734 1538 3778 natura:
1568 3725 1814 3794 diversae,
1839 3735 1895 3781 at
1925 3728 2031 3782 duo

449 3824 564 3876 lucc
598 3824 741 3874 inter
788 3836 846 3873 se
882 3817 1168 3885 conjuncta
1222 3833 1387 3870 unum
1439 3817 1642 3872 animal
1671 3821 2028 3876 constituunt.

448 3914 645 3966 Verum
686 3922 808 3965 sunt
854 3911 943 3977 qui
972 3909 1130 3962 aliter
1166 3909 1281 3962 haec
1315 3908 1517 3962 habere
1554 3909 1867 3977 opinantur.
1900 3910 2029 3965 Sta-

451 4015 606 4057 ltttlnl
656 4003 707 4056 hi
762 4004 914 4057 nobis
952 4003 1229 4057 Immincm
1284 4014 1530 4054 seorsum
1566 4015 1662 4069 per
1690 4016 1771 4067 se,
1796 4016 2032 4073 eumque

451 4095 541 4148 Dci
565 4094 740 4148 Patris
780 4094 956 4148 Verbo
997 4094 1293 4147 secundum
1328 4093 1499 4146 solam
1540 4092 1860 4163 dignitatem
1915 4094 2032 4151 sive

449 4187 832 4240 auctoritatem
886 4185 1234 4255 conjunctum
1268 4186 1458 4239 dicunt
1492 4201 1509 4251 ;
1551 4186 1846 4241 secundum
1875 4196 2032 4240 natu-

450 4280 615 4333 ralem
668 4289 869 4340 autem,
930 4278 1032 4331 hoc
1075 4287 1180 4343 est,
1240 4293 1422 4331 veram
1448 4277 1729 4341 unionem,
1756 4288 1810 4332 et
1836 4288 1896 4332 ut
1934 4293 2032 4333 nos

447 4371 737 4436 l'."“.ditlltls,
771 4385 1136 4440 nequaquam.
1182 4367 1317 4423 Nam
1361 4369 1436 4423 ita
1468 4370 1632 4424 etiam
1672 4370 1851 4424 divina
1882 4369 2033 4424 Scri-

450 4479 603 4532 ptura
630 4463 798 4516 dicit:
837 4482 855 4513 ι
891 4462 955 4515 Et
985 4477 1208 4516 eramus
1248 4472 1438 4516 natura
1489 4461 1583 4515 ﬁlii
1622 4463 1739 4525 ira},
1785 4461 1931 4517 sicut
1976 4471 2031 4515 et

450 4557 634 4611 caeteri
664 4558 706 4588 ¹⁵
741 4573 755 4621 ;
792 4575 809 4608 ι
848 4556 999 4621 illud,
1032 4565 1246 4621 natura,
1296 4569 1521 4609 sumens
1561 4568 1679 4624 pro,
1737 4568 1884 4608 vere.
1925 4555 2025 4621 Qui

451 4652 631 4718 itaque
699 4648 1079 4702 suhsistentias
1150 4656 1270 4717 post
1336 4645 1589 4700 unionem
1648 4645 1916 4711 dividunt,
1975 4656 2030 4699 et

449 4740 709 4808 singulas,
756 4741 854 4793 hoc
907 4750 1011 4804 est,
1070 4739 1236 4792 Deum
1283 4748 1337 4794 et
1388 4738 1687 4803 hominem,
1733 4739 2026 4807 separatim

449 4844 673 4903 pommt,
704 4831 977 4901 talemque
1006 4831 1219 4885 illarum
1258 4831 1504 4901 copulam
1538 4830 1877 4900 contingunt,
1907 4846 2026 4901 qua:

448 4926 747 4980 secundum
820 4925 990 4979 solam
1044 4924 1361 4994 dignitatem
1409 4925 1696 4993 contingit,
1752 4923 1826 4977 illi
1894 4925 2030 4978 duos

447 5018 671 5071 uiiininu
743 5015 882 5071 lilios
951 5019 1345 5080 constituunt;
1405 5032 1527 5070 cum
1600 5026 1778 5071 tamen
1841 5016 2027 5071 divina

450 5113 730 5178 Scriptura
755 5125 921 5162 uuttm
958 5108 1156 5163 Filiqu
1195 5120 1249 5162 et
1290 5109 1574 5163 Dominum
1613 5123 1734 5164 esse
1771 5106 2023 5163 aﬂirmet.

449 5204 627 5264 Quare
672 5208 792 5267 post
842 5214 1097 5253 arcanam
1159 5198 1304 5253 illam
1358 5198 1633 5268 copulam,
1689 5198 1806 5253 sive
1855 5197 2023 5253 Deum

450 5291 696 5346 nomines
731 5290 1163 5356 Emmanuelem,
1216 5291 1559 5345 incarnatum
1601 5300 1657 5347 et
1701 5290 2024 5346 inhumana-

523 5449 587 5481 ιι·
611 5448 773 5505 Hebr,
804 5466 885 5515 ιιι,
914 5450 965 5505 1.
1045 5451 1089 5482 ἰ
1117 5449 1260 5507 Psal.
1296 5466 1443 5520 χειν,
1472 5451 1535 5519 8;
1564 5450 1730 5506 llehr.
1762 5466 1804 5517 ι,
1831 5451 1888 5507 9.

2564 2380 3160 2435 ΑΝΑΘΕΜΛΤΙΣΜΟΣ
3208 2379 3285 2434 Γ’.

2198 2494 2266 2547 Εἴ
2287 2512 2370 2558 τις
2393 2493 2485 2548 ἐπὶ
2506 2493 2601 2547 τοῦ
2628 2494 2747 2558 ἑνὸς
2777 2493 3016 2564 Χριστοῦ
3040 2493 3239 2564 διαιρεῖ
3257 2492 3355 2555 τὰς
3387 2492 3718 2555 ὑποστάσεις

2132 2588 2271 2659 μετά
2288 2588 2388 2656 τὴν
2416 2587 2631 2651 ἕνωσιν,
2661 2588 2796 2658 μόνῃ
2840 2586 3126 2640 συνάπτων
3150 2586 3319 2648 αὐτὰς
3353 2584 3617 2654 συναφεῖᾳ
3649 2586 3714 2654 τῇ

2127 2678 2271 2731 κατὰ
2297 2678 2395 2748 τὴν
2424 2678 2599 2744 ἀξίαν,
2639 2679 2809 2749 ἤγουν
2840 2677 3155 2741 αὐθεντίαν,
3188 2676 3220 2746 ἢ
3251 2675 3587 2740 δυναστείαν,
3622 2676 3717 2729 καὶ

2131 2771 2250 2842 οὐχὶ
2278 2770 2342 2842 δὴ
2370 2770 2569 2841 μᾶλλον
2598 2771 2816 2825 σύνοδον
2845 2769 2944 2843 τὴν
2966 2788 3001 2809 ὐ
3034 2769 3155 2825 καθ’
3177 2770 3372 2823 ἕνωσιν
3398 2769 3634 2839 φυσικήν
3654 2778 3711 2805 η’

2132 2863 2381 2933 ἀνάθεμα
2419 2862 2579 2917 ἔστω.

2720 2970 3032 3035 Ἐπίλυσις
3072 2975 3145 3038 τ’.

2057 3079 2101 3136 C
2204 3086 2317 3154 Τῆς
2344 3084 2483 3155 μετὰ
2528 3084 2731 3157 σαρκὸς
2774 3083 3086 3153 οἰκονομίας
3114 3082 3209 3135 τοῦ
3242 3083 3583 3151 Μονογενοῦς
3615 3100 3713 3135 πο-

2129 3175 2643 3247 λυπραγμονοῦντες
2686 3177 2748 3231 τὸ
2780 3178 3100 3248 μυστήριον,
3148 3175 3465 3248 παραδόξως
3513 3193 3573 3227 τε
3621 3177 3715 3229 καὶ

2130 3268 2459 3339 ἀπορῤήτως
2520 3269 2761 3339 ήνῶσθαί
2819 3287 3001 3340 φαμεν
3053 3269 3194 3339 ἁγίῳ
3256 3268 3471 3339 σώματι
3532 3268 3715 3338 ψυχὴν

2130 3360 2304 3432 ἔχοντι
2327 3360 2572 3433 λογικὴν,
2617 3362 2709 3414 τὸν
2741 3363 2809 3415 ὲκ
2852 3362 2986 3415 Θεοῦ
3017 3362 3233 3433 Πατρὸς
3255 3361 3428 3429 Λόγον
3450 3377 3463 3391 ·
3515 3361 3610 3414 ἕνα
3653 3377 3713 3413 τε

2130 3454 2226 3507 καὶ
2270 3452 2414 3506 οὕτω
2458 3452 2689 3523 νοοῦμεν
2744 3453 2893 3517 Υίὸν,
2946 3452 3198 3524 καθάπερ
3253 3453 3448 3523 ἀμέλει
3491 3454 3587 3506 καὶ
3625 3452 3715 3521 ἐφ’

2130 3544 2288 3616 ἡμῶν
2319 3545 2499 3599 αὐτῶν
2533 3545 2742 3612 ἔξεστιν
2772 3545 2923 3611 ἰδεῖν,
2950 3546 3224 3616 ἑτεροφυᾶ
3267 3544 3367 3614 μὲν
3394 3543 3473 3615 τῷ
3502 3543 3715 3613 σώματι

2129 3638 2230 3709 τὴν
2273 3638 2472 3709 ψυχὴν,
2514 3637 2654 3709 πλὴν
2698 3639 2778 3701 είς
2814 3636 2873 3690 ἓν
2922 3636 3089 3708 ἄμφω
3126 3634 3265 3700 ζῶον
3305 3634 3710 3704 συντεθειμένα.

2144 3730 2284 3783 Ἀλλ’
2329 3730 2429 3801 οὐχ
2474 3728 2618 3783 οὕτω
2661 3729 2815 3783 ταῦτ’
2846 3728 2991 3799 ἔχειν
3035 3727 3321 3782 ὑπονοοῦσί
3373 3744 3538 3790 τινες.
3586 3727 3716 3779 "Av-

2133 3822 2349 3893 θρωπον
2387 3821 2447 3875 δὲ
2475 3820 2784 3884 διιστάντες
2829 3822 2962 3891 ἡμῖν
3010 3820 3113 3873 ἀνὰ
3159 3819 3324 3889 μέρος
3366 3820 3462 3871 καὶ
3533 3817 3715 3879 ἰδικῶς

2134 3911 2404 3983 συνῆφθαί
2451 3928 2614 3980 φασιν
2671 3911 2835 3965 αὑτὸν
2878 3911 2957 3980 τῷ
3006 3912 3069 3964 ὲκ
3118 3910 3253 3963 Θεοῦ
3297 3908 3507 3977 Πατρὸς
3554 3909 3713 3976 φύντι

2131 4005 2290 4075 Λόγῳ
2315 4003 2459 4058 κατὰ
2490 4004 2661 4073 μόνην
2705 4002 2801 4075 τὴν
2848 4002 3026 4067 ἀξίαν,
3070 4004 3237 4073 ἤγουν
3270 4000 3367 4071 τὴν
3406 4000 3711 4055 αύθεντίανο

2132 4100 2194 4151 ού
2234 4097 2355 4152 καθ’
2384 4098 2579 4150 ἕνωσιν
2614 4096 2867 4167 φυσικὴν,
2891 4096 3165 4149 τουτέστιν
3191 4094 3387 4165 ἀληθῆ,
3416 4095 3510 4147 καὶ
3545 4095 3714 4147 καθά-

2133 4208 2239 4260 περ
2282 4193 2442 4261 ήμεῖς
2494 4188 2843 4259 πιστεύομεν.
2875 4186 3030 4240 Οὕτω
3070 4186 3178 4257 γάρ
3224 4186 3326 4239 πού
3358 4203 3490 4255 φησι
3540 4186 3634 4238 καὶ
3679 4188 3713 4255 ἡ

2134 4282 2253 4335 θεία
2284 4282 2476 4353 Γραφή
2502 4298 2514 4312 ο
2553 4300 2570 4332 ι
2605 4280 2715 4334 Καὶ
2752 4276 2894 4351 ἦμεν
2922 4279 3088 4332 τέκνα
3120 4276 3280 4345 φύσει
3303 4278 3493 4348 ὀργῆς,
3518 4277 3592 4340 ὼς
3622 4277 3715 4330 καὶ

2133 4376 2181 4427 οἱ
2226 4374 2423 4436 λοιποὶ,
2478 4393 2495 4425 ι
2542 4372 2604 4425 τὸ
2634 4373 2837 4441 φύσει,
2872 4371 2993 4423 ιΞιντ)⁵
3032 4368 3160 4433 τοῦ,
3208 4367 3447 4437 ἀληθῶς,
3492 4367 3713 4437 λαμόἁ-

2134 4486 2318 4523 νουσα.
2357 4469 2420 4521 Οἱ
2468 4466 2800 4538 διαιροῦντες
2840 4464 3018 4517 τοίνυν
3061 4462 3159 4525 τὰς
3202 4461 3529 4524 ὑποστάσεις
3579 4450 3716 4530 μετά

2134 4562 2235 4631 τὴν
2263 4560 2481 4621 ἕνωσιν,
2504 4560 2595 4612 καὶ
2620 4559 2726 4611 ἀνα
2769 4556 2933 4628 μέρος
2973 4554 3209 4618 τιθέντες
3239 4553 3531 4625 ἑκατέραν,
3560 4569 3717 4605 τουτη

2136 4654 2283 4706 ἐστιν
2320 4650 2608 4723 ἄνθρωπον
2659 4650 2754 4703 καὶ
2807 4648 2959 4714 Θεὸν,
3024 4647 3121 4699 καὶ
3193 4645 3536 4707 ἐπινοοῦντες
3591 4661 3717 4696 συν‹

2134 4747 2331 4814 ἀφειαν
2359 4744 2542 4806 αὐτοῖς
2574 4743 2673 4814 τὴν
2707 4740 2848 4794 κατά
2871 4756 2935 4808 γε
2972 4739 3141 4808 μόνην
3172 4739 3271 4805 τὴν
3300 4737 3476 4803 ἀξίαν,
3496 4735 3589 4790 δύο
3613 4752 3715 4787 που

2136 4838 2355 4900 πάντως
2407 4835 2626 4888 ἱστῶσιν
2686 4833 2866 4908 υἰούςξ
2957 4830 3135 4884 καίτοι
3188 4830 3287 4901 τῆς
3357 4827 3715 4881 θεοπνεύστου

2137 4930 2359 5001 Γραφῆς
2387 4928 2482 4981 ἕνα
2507 4926 2771 4995 λεγούσης
2819 4912 2962 4987 Υίὸν,
2998 4923 3093 4975 καὶ
3125 4921 3349 4993 Κύριον.
3382 4921 3545 4972 Ὥστε
3578 4918 3716 4989 μετά

2133 5020 2234 5091 τὴν
2276 5020 2514 5090 ἄρρητον
2563 5017 2778 5080 ἕνωσιν,
2825 5015 2928 5069 κᾶν
2973 5013 3110 5067 Θεὸν
3149 5012 3423 5083 ὀνομάσῃς
3452 5011 3542 5064 τὸν
3587 5011 3717 5079 Ἐμ-

2137 5109 2398 5183 μανουὴλ,
2432 5108 2786 5180 σαρκωθέντα
2819 5124 2880 5159 τε
2912 5106 3007 5159 καὶ
3042 5103 3539 5176 ἐνανθρωπήσαντα
3565 5100 3716 5155 νοοῦ-

2134 5220 2237 5274 μεν
2259 5204 2422 5273 ἡμεῖς
2446 5201 2537 5255 τὸν
2567 5203 2631 5253 ὲκ
2659 5198 2792 5253 Θεοῦ
2820 5198 3032 5269 Πατρὸς
3060 5197 3233 5264 Λόγον
3254 5213 3268 5227 ·
3302 5195 3406 5251 κᾶν
3430 5194 3715 5264 ἄνθρωπον

2131 5292 2317 5364 εἴπῃς,
2360 5291 2512 5346 οὐδὲν
2544 5286 2707 5363 ἧττον
2755 5290 2963 5343 ἐκεῖνον
3010 5285 3194 5351 αὑτὸν,
3234 5286 3291 5339 ὲν
3340 5285 3453 5340 τοῖς
3491 5283 3592 5354 τῆς
3627 5281 3717 5337 ἀνο

1981 5448 2249 5521 ³⁸,Εριιεε.
2277 5465 2339 5517 ιι,
2378 5448 2432 5504 6.
3434 5438 3443 5467 ’

1500 5607 1672 5663 Varia:
1704 5606 1970 5665 lectiones
1995 5621 2061 5664 ex
2084 5606 2274 5666 codice
2302 5607 2688 5681 Seguieriano.

504 5752 546 5784 ⁸³
575 5743 777 5815 συνοδῳ
809 5747 898 5816 τῇ.
976 5754 1000 5782 η
1034 5747 1261 5816 φυσικῇ.
