4104 6336
381 332 480 386 501
1417 319 1828 375 EXI’IJCATIO
1868 319 1972 375 DUt

2078 315 2219 371 ECIM
2260 314 2509 370 CAPITU
2523 314 2592 367 Μ.
3543 306 3648 359 ’ὀοὲ

378 445 730 517 θρωπότητος
786 443 1005 514 μέτροις
1059 441 1401 512 καθηγμένον
1451 437 1808 509 οἰκονομικῶς
1853 438 1968 489 sm-

2078 444 2183 486 tum
2211 430 2303 485 Dei
2346 430 2528 484 Patris
2558 426 2790 481 Verbum
2822 425 3127 496 accipimus
3159 440 3173 477 :
3216 421 3332 476 sive
3377 420 3650 475 hominem

376 511 741 608 γινώσκομεν.
783 511 1068 603 Ῐέγονέναι
1106 533 1163 586 δέ
1194 511 1376 604 φαμεν
1410 532 1571 587 αὐτὸν
1598 539 1622 565 ο
1655 529 1826 583 ἁπτὸν
1872 528 1966 580 τὸν

2083 523 2293 587 lixeris,
2332 537 2432 577 nos
2469 536 2625 591 atque
2681 520 2809 573 illud
2838 520 3012 587 ipsum
3063 516 3192 587 (Dei
3235 511 3508 582 Verbum)
3558 527 3651 582 per

377 629 600 699 ἁναφῆ’
648 628 849 701 ὁρατὸν
892 627 985 680 τὸν
1032 627 1285 695 ἀόρατον.
1334 626 1409 678 Ού
1440 623 1548 694 γὰρ
1576 620 1643 694 ἦν
1686 621 1966 690 ἀλλότριον

2078 616 2526 687 iispensatiouem
2564 614 2616 667 in
2658 625 2941 666 mensuras
2970 608 3327 663 humanitatis
3351 608 3649 661 demissum

379 720 543 775 αὐτοῦ
596 719 658 773 τὸ
715 719 914 773 ἑνωθὲν
947 719 1097 789 αύτῷ
1150 718 1330 788 σῶμα,
1382 717 1411 769 ὃ
1458 718 1554 769 καὶ
1601 713 1774 768 ἁπτόν
1827 708 1967 764 εἶναι

2078 711 2437 779 agnoscimus.
2513 705 2757 761 Dicimus
2832 705 3013 772 itaque
3087 702 3261 771 ipsum
3325 699 3653 771 palpabile-tn

380 828 581 881 φαμεν,
620 812 714 864 καὶ
756 810 969 881 ὁρατόν.
1009 811 1147 872 Τοὺς
1184 810 1241 862 δὲ
1287 808 1363 880 μὴ
1402 807 1546 860 οὕτω
1586 805 1965 868 πιστεύοντας,

378 903 695 966 διιστῶντας
732 903 825 969 δὲ,
872 904 945 966 ὡς
985 902 1141 973 ἔφην,
1179 901 1278 966 τάς
1326 902 1651 961 ὑποστάσεις
1682 898 1822 969 μετά
1866 896 1965 967 τὴν

379 994 593 1058 ἕνωσιν,
651 996 745 1048 καὶ
795 996 960 1064 ψιλὴν
1015 996 1208 1058 αὐταῖς
1265 994 1565 1063 συνάφειαν
1618 991 1965 1052 ἐπινοοῦντας

382 1087 522 1140 κατά
563 1088 731 1158 μόνην
760 1089 859 1161 τὴν
909 1087 1087 1151 ἀξίαν,
1136 1089 1306 1158 ἣγουν
1339 1086 1646 1148 αὑθεντίαν,
1692 1083 1968 1155 ἀλλοτριοῖ

380 1179 487 1232 τῶν
524 1179 659 1250 ὀρθὰ
703 1179 1045 1250 φρονούντων
1092 1188 1120 1229 P
1162 1182 1189 1233 6
1224 1178 1583 1250 προκείμενος
1633 1176 1964 1246 ἁναθεματι-

385 1270 536 1339 σμός.

2068 801 2268 856 factum
2300 816 2442 865 esse,
2470 800 2562 869 qui
2600 797 2959 868 impalpahilis
3007 805 3123 861 est;
3154 805 3210 849 et
3236 794 3525 860 visibilem,
3559 794 3653 862 qui

2072 894 2379 950 invisibilis.
2412 891 2529 947 Non
2585 891 2730 946 enim
2770 890 3010 944 alienum
3054 898 3176 944 erat
3233 887 3394 957 150
3440 888 3508 941 ab
3565 887 3651 941 illo

2074 1002 2272 1056 corpus
2329 984 2473 1056 quod
2498 985 2603 1039 sibi
2644 983 2842 1048 univit,
2878 981 3018 1050 quod
3063 981 3252 1050 utique
3295 977 3564 1048 palpabile
3601 987 3655 1031 et

2083 1079 2298 1134 visibile
2342 1078 2593 1132 dicimus.
2645 1076 2754 1131 Eos
2806 1090 2958 1139 vero,
2999 1074 3090 1144 qui
3136 1074 3207 1127 ita
3261 1087 3366 1125 non
3400 1070 3656 1133 credunt,

2070 1173 2163 1226 sed
2204 1169 2587 1223 subsistentias
2633 1178 2754 1235 post
2796 1167 3072 1222 unionem.
3115 1173 3174 1217 ut
3206 1163 3366 1216 modo
3420 1161 3657 1226 aiebant,

2071 1262 2597 1328 dividunt;eamque
2631 1258 2827 1312 nudam
2867 1256 3106 1325 ipsarum
3161 1255 3413 1308 unionem
3438 1251 3656 1322 excogi-

386 1373 521 1429 lant,
556 1378 669 1431 quae
703 1362 911 1417 in-sola
980 1362 1243 1432 dignitate
1301 1363 1415 1415 sive
1458 1360 1781 1415 auctoritate
1849 1356 2121 1422 consistit,
2161 1359 2478 1426 propositus
2547 1351 2635 1406 hic
2721 1348 3208 1405 anathematismus
3243 1347 3312 1401 ab
3353 1346 3419 1401 iis
3451 1344 3658 1400 alienos

382 1472 503 1509 esse
532 1456 735 1525 judicat
776 1457 866 1510 oui
914 1472 1033 1526 qua:
1075 1469 1219 1511 recta
1279 1464 1405 1509 sunt
1443 1456 1647 1509 sentire
1685 1460 2112 1509 consueverunt.

825 1567 1419 1622 ΛΝΛΘΕΜΑΤΙΣΜΟΣ
1456 1570 1528 1620 Δ’.

456 1681 521 1733 Εἰ
549 1698 634 1745 τις
668 1681 982 1753 προσώποις
1005 1682 1180 1747 δυσὶν,
1207 1683 1373 1753 ἤγουν
1396 1681 1747 1745 ὑποστάσεσι,
1777 1680 1875 1743 τὰς
1904 1694 1966 1731 τε

2481 1552 3126 1614 ANATHEMATISMUS
3166 1553 3255 1611 IV.

2146 1674 2204 1731 Si
2249 1674 2371 1743 quis
2419 1671 2632 1726 duabus
2676 1670 2928 1740 personis
2969 1668 3087 1724 sive
3131 1665 3517 1739 hypostasibus
3561 1678 3657 1718 eas

384 1775 443 1827 ἐν
469 1775 580 1836 τοῖς
611 1773 989 1842 εὐαγγελικοῖς
1022 1775 1119 1828 καὶ
1149 1774 1528 1837 ἀποστολικοῑς
1560 1772 1966 1843 Συγγράμμασι

2078 1781 2230 1822 voces
2280 1762 2552 1828 attribuit,
2600 1777 2722 1831 qua:
2765 1762 2818 1815 in
2863 1757 3192 1831 evangelicis
3241 1766 3297 1813 et
3346 1754 3658 1826 apostolicis

382 1863 628 1935 διανέμει
649 1864 906 1935 φωνὰς,ῆ
933 1866 1026 1917 ἐπὶ
1056 1865 1280 1936 Χριστῷ
1307 1867 1460 1936 παρὰ
1486 1864 1596 1918 τῶν
1620 1864 1791 1933 ἁγίων
1815 1863 1971 1931 λεγο-

388 1957 576 2028 μένας,
619 1958 653 2027 ἢ
702 1959 835 2029 παρ’
867 1957 1203 2031 αὑτοῦλπερὶ
1238 1958 1429 2012 ἑαυτοῦ
1452 1976 1465 1989 ο
1503 1959 1598 2012 καὶ
1632 1960 1731 2018 τάς
1767 1957 1866 2028 μὲν
1893 1955 1971 2020 ὡς

385 2047 660 2119 ἀνθρώπῳ
698 2047 851 2120 παρά
901 2049 994 2101 τὸν
1028 2050 1093 2101 ὲκ
1137 2048 1272 2102 Θεοῦ
1319 2049 1531 2119 Πατρὸς
1572 2048 1748 2117 Λόγον
1788 2047 1970 2111 ἰδικῶς

385 2136 664 2208 νοουμένῳ
688 2138 1016 2208 προσάπτει,
1051 2139 1149 2202 τὰς
1177 2139 1233 2193 δὲ
1262 2140 1338 2204 ὡς
1367 2140 1693 2211 θεοπρεπείς
1722 2140 1869 2211 μόνῳ
1892 2138 1971 2210 τῷ

386 2226 452 2279 ἐκ
476 2226 611 2280 Θεοῦ
647 2227 857 2297 Πατρὶς
887 2228 1076 2299 Λόγῳ’
1117 2228 1369 2300 ἀνάθεμα
1397 2230 1558 2284 ἔστω.

965 2425 1278 2491 Ἐπίλυσις
1316 2425 1386 2480 δ’.

470 2536 558 2590 Ἐν
590 2539 771 2608 μορφῇ
813 2537 906 2591 καὶ
940 2538 1150 2610 ἰσότητι
1184 2538 1278 2593 τοῦ
1322 2538 1458 2593 Θεοῦ
1495 2540 1590 2594 καὶ
1621 2538 1831 2609 Πατρὸς
1865 2539 1971 2592 ὐπ-

389 2627 572 2699 ἀρχων
607 2631 636 2681 6
658 2629 717 2694 ἐξ
745 2629 912 2682 αὐτοῦ
941 2630 1136 2700 Λόγος,
1168 2631 1268 2701 οὐχ
1293 2630 1587 2702 ἁρπαγμὸν
1632 2633 1878 2702 ἡγήσατο
1913 2630 1976 2682 τὸ

389 2716 531 2772 εἶναι
557 2714 653 2772 ἶσα
680 2718 823 2791 Θεῷ,
859 2718 1044 2784 καθὼς
1072 2721 1421 2792 γέγραπται·
1446 2720 1655 2791 καθῆκε
1683 2721 1739 2773 δὲ
1774 2720 1973 2792 μᾶλλον

391 2811 581 2864 ἑαυτὸν
628 2813 710 2874 εἰς
756 2810 1005 2867 ἑκούσιον
1047 2812 1311 2878 κένωσιν,
1365 2812 1460 2865 κα)⁸
1496 2812 1973 2883 καταπεφοίτηκεν

391 2901 673 2973 ἐθελοντὴς
698 2905 756 2955 ὲν
788 2905 902 2966 τοῖς
934 2902 1057 2957 καθ’
1091 2905 1262 2976 ἡμᾶς,
1286 2905 1347 2958 ού
1375 2904 1560 2975 μεθεὶς
1583 2904 1646 2957 τὸ
1675 2899 1813 2959 εἶναι
1836 2905 1974 2977 ὅπερ

391 2996 527 3059 ἐστὶ,
577 2995 905 3067 μεμενηκὼς
937 2996 995 3049 δὲ
1037 2997 1240 3068 μᾶλλον
1281 2997 1376 3051 καὶ
1405 2995 1550 3050 οὕτω
1593 2995 1748 3060 Θεὸς,
1786 2995 1882 3049 καὶ
1912 2995 1976 3048 τὸ

2076 1857 2375 1927 Scripturis
2406 1856 2606 1926 passim
2655 1862 2989 1919 occurrunt;
3026 1865 3214 1920 quaeve
3262 1865 3291 1904 a
3342 1849 3547 1903 sanctis
3592 1848 3659 1901 de

2071 1948 2311 2013 Christo,
2349 1948 2431 2003 vel
2482 1947 2550 2001 ab
2582 1949 2699 2016 ipso
2738 1959 2956 2015 quoque
2998 1943 3221 1999 Christo
3251 1942 3317 1996 de
3364 1940 3542 2010 seipso
3571 1941 3656 1993 di-

2073 2052 2173 2095 ct:e
2204 2048 2370 2105 sunt;
2405 2049 2461 2095 et
2490 2038 2625 2091 alias
2654 2038 2873 2104 quidem
2907 2034 3115 2090 homini
3150 2032 3315 2087 veluti
3355 2046 3598 2087 seorsum
3627 2046 3659 2083 a

2074 2130 2169 2186 Dei
2211 2130 2393 2185 Verbo
2434 2130 2781 2184 considerato
2830 2126 3095 2191 ascribit;
3141 2124 3277 2180 alias
3323 2138 3478 2189 vero,
3533 2133 3657 2175 tan-

2074 2237 2235 2291 quam
2270 2222 2379 2276 Deo
2410 2221 2813 2285 convenientes,
2855 2219 2956 2275 soli
2992 2219 3084 2274 Dei
3116 2216 3294 2273 Patris
3322 2216 3497 2271 Verbo
3529 2216 3655 2269 ada-

2076 2325 2223 2383 ptat:
2259 2313 2545 2370 anathema
2572 2314 2663 2369 sit.

2592 2426 2894 2481 Declaratio
2925 2436 3140 2494 quarta.

2146 2541 2241 2596 Dei
2272 2541 2451 2596 Patris
2480 2540 2716 2595 Verbum
2772 2540 2824 2594 in
2875 2538 3120 2609 ejusdem
3171 2536 3346 2591 Patris
3386 2536 3556 2590 forma
3607 2544 3662 2589 et

2076 2632 2387 2703 mqualitate
2416 2633 2707 2695 exsistens,
2755 2646 2865 2685 non
2915 2630 3163 2698 rapinam
3209 2628 3534 2682 arbitratum
3577 2636 3664 2681 est

2076 2738 2198 2779 esse
2242 2738 2300 2777 se
2345 2722 2551 2792 aequale
2594 2723 2725 2785 Deo,
2755 2731 2813 2774 ut
2840 2722 3104 2789 scriptum
3132 2720 3305 2784 est”,
3342 2720 3437 2774 sed
3481 2720 3661 2788 potius

2076 2816 2314 2886 seipsum
2370 2826 2563 2886 Sponte
2601 2813 2939 2877 exinanivit,
2973 2823 3029 2868 et
3071 2814 3136 2867 ad
3168 2824 3352 2868 nostra
3396 2828 3455 2868 se
3484 2813 3661 2867 demi-

2078 2907 2169 2972 sit,
2210 2922 2317 2962 non
2365 2907 2623 2961 amittens
2656 2920 2779 2960 esse
2815 2905 2958 2973 quod
3005 2914 3111 2968 est,
3151 2905 3244 2959 sed
3292 2904 3464 2974 magis
3494 2904 3660 2958 etiam
3746 2910 3754 2919 '

2080 2996 2181 3051 boc
2208 3006 2366 3067 pacto
2394 2995 2533 3051 Deus
2565 3011 2911 3065 permanens,
2949 3004 3005 3050 et
3046 2995 3179 3049 nihil
3223 3010 3409 3049 eorum
3437 3010 3560 3066 qua:
3592 2995 3659 3047 ad

390 3087 488 3157 τῆς
513 3086 935 3159 ἀνθρωπότητος
957 3088 1060 3141 ούκ
1086 3088 1367 3160 ἀτιμάσας
1403 3087 1622 3160 μέτρον.
1651 3088 1837 3142 Πάντα
1871 3088 1972 3140 τοί-

2082 3092 2331 3144 humanze
2354 3100 2561 3143 natune
2584 3089 2952 3144 conditionem
2987 3088 3284 3158 pertinent,
3314 3097 3659 3157 aspernatus.

393 3195 485 3232 νυν
516 3177 682 3231 αὑτοῦ
716 3178 784 3232 τά
830 3177 1112 3250 θεοπρεπῆ
1167 3180 1264 3232 καὶ
1324 3177 1660 3248 ἀνθρώπινα.
1715 3178 1824 3231 Ποῦ
1864 3178 1973 3247 γάρ

392 3268 470 3323 ἔτι
500 3271 811 3323 κεκένωκεν
834 3269 1057 3333 ἑαυτὸν,
1087 3271 1136 3322 εἰ
1165 3271 1280 3333 τοῖς
1309 3268 1408 3340 τῆς
1432 3269 1851 3341 ἀνθρωπότητος
1880 3269 1976 3341 μέ·-

392 3378 541 3433 τροις
585 3362 963 3434 ὲπερυθριᾷίί;
1012 3362 1123 3415 Καὶ
1164 3362 1214 3415 ει
1263 3362 1607 3433 παρῃτεῖτοτ
1652 3360 1721 3416 τὰ
1761 3359 1975 3432 ἀνθρώ·

394 3471 524 3508 πινα
549 3494 565 3517 ,
601 3455 683 3519 τίς
714 3455 742 3507 ὁ
778 3454 1137 3524 καταθήσας⁸
1169 3453 1330 3506 αὐτὸν
1376 3454 1451 3517 ὡς
1499 3453 1559 3517 ἐξ
1603 3453 1850 3522 ἀνάγκης
1880 3453 1978 3506 καὶ

397 3544 513 3615 βίας
546 3545 628 3607 εἰς
661 3544 722 3597 τὸ
755 3543 1007 3613 γενέσθαι
1042 3543 1165 3596 καθ’
1209 3543 1391 3613 ήμᾶςς
1441 3543 1628 3606 Πάσας
1658 3543 1837 3595 τοίνυν
1877 3541 1977 3604 τὰς

396 3640 453 3693 ὲν
486 3641 600 3701 τοῖς
632 3636 986 3705 Εὑαγγελίοις
1011 3637 1195 3707 φωνὰς
1216 3676 1229 3701 ,
1268 3636 1367 3700 τάς
1395 3652 1454 3688 τε
1486 3634 1853 3705 ἀνθρωπίνας,
1880 3634 1977 3688 καὶ

400 3732 505 3802 μὴν
528 3730 626 3783 καὶ
654 3730 752 3792 τὰς
782 3729 1130 3800 θεοπρεπείς,
1161 3730 1241 3781 ἐνὶ
1262 3730 1538 3801 προσώπῳ
1561 3731 1971 3799 προσάπτομεν.

407 3821 624 3892 Ἐπειδὴ
654 3821 750 3874 καὶ
783 3820 879 3873 ἕνα
919 3820 1247 3890 πιστεύομεν
1275 3821 1401 3873 Υἱὸν
1431 3816 1572 3873 εἶναι
1600 3819 1836 3891 Χριστὸν
1872 3820 1978 3889 ἰη-

398 3912 553 3977 σοῦν,
582 3912 859 3966 τουτέστιν
890 3912 1392 3985 ἐνανθρωπήσαντά
1418 3929 1477 3965 τε
1502 3912 1595 3965 καὶ
1621 3910 1976 3982 σεσαρκωμέ-

395 4022 484 4060 νον
512 4006 604 4058 τὸν
640 4004 734 4058 τοῦ
768 4006 904 4058 Θεοῦ
936 4005 1131 4073 Λόγον.
1162 4006 1325 4058 Ὥστε
1356 4005 1458 4058 κᾶν
1489 4004 1623 4077 λέγῃ
1659 4022 1710 4057 τι
1738 4004 1847 4057 τῶν
1884 4003 1977 4056 ἀν·-

397 4096 705 4167 θρωπίνων,
754 4098 870 4160 τοῖς
920 4097 1019 4168 τῆς
1065 4096 1489 4167 ἀνθρωπότητος
1534 4096 1697 4150 αὑτοῦ
1758 4097 1976 4168 μέτροις

396 4188 867 4256 καταλογιούμεθα
886 4189 956 4241 τὰ
980 4188 1327 4259 ἀνθρώπων
1357 4188 1523 4242 αὑτοῦ
1555 4188 1664 4259 γὰρ
1690 4189 1852 4242 πάλιν
1883 4189 1978 4242 καὶ

395 4279 456 4331 τὸ
481 4278 819 4349 ἀνθρώπινον
843 4296 856 4310 ·
884 4280 990 4333 κᾶν
1018 4280 1092 4343 ὡς
1124 4280 1257 4344 Θεὸς
1289 4281 1638 4351 διαλέγηται,
1674 4281 1808 4335 Θεὸν
1836 4277 1976 4336 εἶναι

396 4371 747 4433 πιστεύοντες
769 4371 861 4424 τὸν
886 4372 1409 4444 ὲνανθρωπήσαντα,
1435 4373 1599 4426 πάλιν
1626 4373 1701 4435 ὡς
1737 4373 1817 4425 ἑνὶ
1838 4373 1976 4443 Χρι-

2079 3181 2220 3235 Sunt
2250 3182 2431 3251 itaque
2466 3182 2611 3237 illius
2643 3181 2849 3247 omnia,
2882 3196 2990 3237 non
3026 3181 3201 3236 solum
3234 3180 3438 3245 divina,
3471 3195 3660 3233 verum

2077 3274 2241 3327 etiam
2272 3274 2531 3328 humana.
2556 3274 2672 3340 Qua
2703 3275 2847 3329 enim
2879 3274 3089 3329 ratione
3117 3288 3175 3328 se
3203 3272 3376 3342 ipsum
3407 3272 3661 3327 exinani-

2077 3365 2175 3431 vit,
2208 3367 2253 3421 si
2306 3368 2556 3421 humanm
2603 3376 2811 3421 natura:
2842 3376 3028 3437 partes
3061 3366 3321 3421 erubuit?
3351 3365 3417 3419 Et
3466 3366 3509 3419 si
3559 3367 3660 3420 hn-

2081 3472 2238 3510 mana
2268 3466 2551 3512 aversatus
2588 3468 2691 3519 est,
2716 3457 2840 3528 quis
2869 3457 3015 3511 illum
3045 3465 3303 3524 tanquam
3334 3455 3662 3511 necessitate

2078 3559 2174 3602 aut
2194 3549 2248 3603 vi
2278 3549 2342 3603 ad
2372 3551 2473 3604 hoc
2502 3549 2737 3618 impulit,
2767 3556 2824 3602 ut
2848 3548 3005 3603 nobis
3026 3547 3221 3602 similis
3246 3546 3434 3601 fieret?
3456 3546 3663 3602 Omnes

2080 3642 2266 3708 itaque
2312 3642 2591 3713 Evangelii
2637 3656 2820 3707 voces,
2872 3643 2985 3696 sive
3038 3641 3144 3696 illa:
3188 3642 3486 3696 humanum
3529 3641 3661 3711 quid

2079 3744 2300 3799 sonant,
2332 3735 2449 3789 sive
2477 3734 2743 3798 divinum,
2781 3733 2873 3787 uni
2901 3747 3147 3803 personae
3180 3732 3509 3787 tribuimus:
3534 3747 3659 3786 nam

2079 3835 2133 3882 et
2159 3825 2434 3881 Christum
2469 3822 2679 3887 Jesum,
2710 3824 2812 3879 hoc
2842 3833 2928 3878 est
2959 3822 3371 3877 inhumanatum
3403 3833 3459 3878 et
3485 3821 3665 3877 incar-

2081 3930 2266 3974 natum
2308 3918 2399 3972 Dei
2431 3916 2693 3979 Verbum,
2746 3931 2910 3971 unum
2949 3915 3150 3971 Filium
3197 3931 3320 3971 esse
3368 3915 3659 3971 credimus.

2080 4010 2259 4076 Quare
2289 4008 2333 4064 si
2361 4008 2486 4079 quid
2527 4007 2823 4062 humanum
2853 4006 3136 4076 praedicat,
3169 4007 3271 4061 hoc
3302 4007 3369 4060 ad
3410 4006 3665 4060 humani-

2083 4105 2207 4159 tatis
2237 4103 2354 4171 ejus
2384 4102 2751 4157 conditionem
2783 4100 3180 4155 transferemus
3209 4098 3316 4170 (est
3346 4101 3490 4152 enim
3521 4099 3666 4153 illius

2079 4206 2134 4249 et
2185 4197 2298 4266 ipsa
2350 4209 2567 4266 quoque
2620 4192 2989 4261 humanitas);
3044 4193 3087 4247 si
3137 4206 3265 4247 vero
3304 4189 3559 4261 loquatur
3607 4202 3667 4245 ut

2082 4288 2243 4351 Deus,
2296 4288 2387 4341 uni
2440 4300 2655 4339 rursum
2709 4284 2931 4339 Christo
2977 4294 3031 4337 et
3080 4283 3218 4338 Filio
3266 4283 3668 4353 assignabimus

2082 4393 2242 4433 voces
2270 4392 2435 4446 supra
2472 4384 2721 4429 naturam
2758 4375 3017 4437 hominis.
3050 4373 3219 4428 Deunt
3248 4374 3664 4427 inhumanatum

397 4463 507 4534 στῷ
550 4465 645 4517 καὶ
665 4463 782 4534 Υῐῷ
807 4464 905 4523 τὰς
930 4464 1068 4533 ὑπὲρ
1086 4464 1375 4536 ἀνθρώπου
1390 4464 1551 4534 φύσιν
1563 4480 1761 4533 προσνε
1770 4464 1870 4535 μοῦ
1878 4481 1972 4535 μεν

2086 4468 2234 4521 illum
2269 4482 2391 4521 esse
2440 4465 2745 4521 credentes.
2786 4465 2886 4529 Qui
2929 4479 3058 4518 vero
3101 4464 3246 4517 illum
3294 4464 3346 4518 in
3383 4464 3517 4518 duas
3546 4479 3668 4533 per-

396 4554 602 4622 ςιωνάς.
631 4553 699 4608 Οἱ
729 4554 785 4606 δὲ
817 4554 1124 4618 διιστάντες
1159 4557 1239 4619 εἰς
1285 4556 1379 4609 δύο
1430 4557 1719 4626 πρόσωπα,
1752 4555 1845 4608 δύο
1871 4572 1976 4608 που

394 4644 610 4706 πάντως
644 4643 951 4697 ἐπινοοῦσιν
982 4644 1153 4707 υἱούς.
1182 4646 1395 4715 Ὠσπερ
1425 4645 1535 4717 γὰρ
1567 4646 1660 4697 τὸν
1686 4644 1807 4697 καθ’
1830 4645 1979 4714 ἡμᾶς

394 4736 680 4807 ἄνθρωπον
724 4737 823 4789 ούκ
858 4738 939 4799 εἰς
973 4736 1067 4790 δύο
1114 4738 1384 4809 πρόσωπα
1418 4738 1747 4810 διαιρεῖσθαι
1782 4739 1975 4808 θέμις.

393 4827 495 4880 κᾶν
527 4830 591 4880 ἐκ
620 4828 806 4897 ψυχῆς
831 4832 1008 4881 νοοῖτο
1041 4829 1135 4882 καὶ
1166 4828 1441 4900 σώματος,
1482 4830 1597 4883 ἀλλ’
1622 4825 1702 4893 εἷς
1727 4832 1865 4893 ἐστι,
1885 4829 1979 4883 καὶ

392 4921 421 4971 6
452 4920 612 4983 αὐτὸς
644 4920 935 4991 ἄνθρωπος
962 4962 977 4983 ,
1013 4920 1155 4974 οὓτω
1193 4923 1288 4974 καὶ
1328 4922 1421 4974 ἐπὶ
1468 4921 1561 4975 τοῦ
1602 4921 1969 4994 Ἐμμανουήλ.

406 5013 623 5083 Ἐπειδὴ
654 5014 762 5083 γάρ
788 5014 936 5067 ἐστιν
969 5008 1049 5075 εἷς
1077 5014 1205 5078 Υἱὸς
1253 5014 1347 5068 καὶ
1372 5014 1596 5084 Κύριος,
1631 5018 1658 5067 ὁ
1690 5032 1971 5085 σεσαρκω-

396 5103 557 5174 μένος
589 5105 685 5156 καὶ
742 5104 1172 5176 ἐνανθρωπήσας
1205 5107 1300 5160 τοῦ
1332 5106 1466 5160 Θεοῦ
1488 5107 1676 5176 Λόγος,
1708 5108 1765 5160 ἓν
1804 5108 1971 5162 αὐτοῦ

393 5197 610 5260 πάντως
629 5197 745 5250 ἐστὶ
772 5197 867 5251 καὶ
890 5199 1215 5269 πρόσωπον·
1252 5200 1347 5253 καὶ
1379 5200 1528 5271 αὐτῷ
1555 5201 1969 5272 προσνεμοῦμεν

490 5373 511 5403 ο
535 5372 765 5444 Philipp.
797 5389 860 5441 υ,
892 5373 945 5438 6,
976 5375 1030 5430 7.

2082 4575 2244 4613 sonas
2271 4559 2535 4624 dividunt,
2586 4558 2899 4612 necessario
2939 4557 3073 4611 duos
3112 4570 3330 4625 quoque
3359 4555 3497 4610 ﬁlios
3532 4571 3668 4609 σου⁴

2083 4650 2309 4718 tingunt.
2358 4647 2512 4703 Sicut
2553 4649 2699 4702 enim
2746 4649 2908 4702 homo
2953 4662 3020 4701 ex
3072 4648 3224 4701 nobis
3253 4647 3501 4717 quilibet,
3540 4648 3669 4700 licet

2087 4742 2241 4813 151
2281 4758 2345 4795 ex
2379 4742 2560 4796 anima
2597 4752 2651 4795 et
2681 4755 2910 4810 corpore
2949 4741 3282 4794 constitutus
3310 4739 3665 4809 intelligatur,

2086 4850 2189 4888 non
2223 4833 2495 4904 geminus,
2538 4834 2632 4886 sed
2670 4848 2810 4887 unus
2854 4842 2909 4887 et
2944 4833 3085 4887 idem
3129 4833 3291 4887 homo
3333 4841 3417 4887 est
3449 4850 3462 4885 :
3498 4832 3571 4886 ita
3600 4832 3668 4883 de

2083 4924 2438 4979 Emmanuele
2484 4940 2701 4994 quoque
2756 4925 2911 4979 nobis
2973 4925 3318 4994 cogitandum
3366 4933 3471 4978 est.
3529 4921 3668 4989 Quia

2083 5032 2317 5087 namque
2352 5016 2445 5070 Dei
2478 5014 2713 5069 Verbum
2764 5014 3104 5069 incarnatum
3139 5023 3194 5069 et
3235 5014 3399 5068 homo
3443 5013 3665 5075 factum,

2082 5123 2223 5164 unus
2256 5117 2343 5163 est
2366 5108 2535 5163 Filius
2568 5115 2622 5162 et
2658 5106 2942 5171 Dominus,
2989 5122 3094 5159 uua
3140 5106 3302 5159 etiam
3333 5105 3555 5159 omnino
3584 5111 3671 5159 es:

2082 5201 2252 5271 ipsius
2273 5215 2501 5272 persona
2534 5219 2547 5254 :
2581 5201 2738 5268 eique
2764 5200 3064 5254 tribuemus
3096 5207 3151 5252 et
3181 5199 3414 5253 humana
3449 5209 3670 5269 propter

3022 5496 3055 5518 θα

1447 5528 1619 5583 Varia-
1648 5530 1906 5583 iet-tiones
1926 5545 1988 5583 ex
2020 5530 2206 5585 codice
2237 5529 2611 5600 Seguieriano.

471 5687 874 5764 οᾼκαθηγμένον
904 5687 1257 5757 οἰκονομικῶς
1282 5688 1718 5764 ἐπι-γινώσκομεν
1754 5684 2057 5764 γεγονέναι,
2099 5689 2280 5760 φαμὲν
2326 5691 2504 5745 τοίνυν
2548 5692 2731 5747 αὐτόν.
2815 5704 2840 5743 P
2876 5698 3089 5764 φρονεῖ]
3118 5695 3425 5751 εἰωθότων.
3506 5707 3533 5748 (ι
3571 5697 3663 5748 ἰπ-

393 5756 667 5828 ηρυθρία.
731 5766 755 5795 τ
789 5756 1104 5827 παραιτείτο
1203 5758 1587 5827 δκατωθήσας.
1631 5757 1965 5827 καταϐᾑσας.
