4104 6336
417 323 521 378 503

1401 317 1456 369 S.
1499 315 1772 370 CYRILLI
1817 315 2286 372 ALEXANDIHNI
2328 314 2649 370 ARCHIEP.

3572 318 3676 370 3οἇ

417 437 562 490 illius
589 448 710 486 cum
746 447 906 484 carne
946 429 1432 498 dispensationem,
1465 439 1518 483 et
1552 430 1731 483 divina
1770 440 1989 499 propter

2114 429 2160 481 τά
2203 447 2259 482 τε
2303 429 2619 500 ἀνθρώπινα
2650 430 2737 483 διὰ
2761 429 2860 501 τὴν
2896 432 3212 502 οἰκονομίαν
3242 433 3340 504 τὴν
3373 435 3512 503 μετὰ
3539 450 3676 508 σαρ-

419 524 846 595 inexplicabilem
904 522 1144 587 ejusdem
1195 534 1261 573 ex
1336 519 1494 574 Patre
1558 521 1984 588 generationem.

413 620 678 674 Czeterum
719 616 806 684 qui
861 615 1005 666 illum
1055 613 1106 665 in
1142 613 1358 666 homine
1388 615 1680 681 separatim
1719 613 1985 676 dividunt,

416 718 667 775 tanquam
714 705 801 771 qui
846 703 985 755 alius
1032 717 1060 753 a
1112 699 1203 753 Dei
1247 701 1426 754 Verbo
1483 702 1555 753 sit
1607 701 1795 761 Filius.
1845 711 1898 754 et
1937 703 1988 753 in

418 799 582 849 Deum
625 810 892 859 seorsum,
948 803 1203 861 tanquam
1239 795 1328 861 qui
1375 793 1514 846 alius
1564 795 1634 847 sit
1667 793 1829 855 ﬁlius,
1859 794 1993 846 duos

417 890 553 940 hlios
616 895 942 949 asserentes,
989 885 1247 951 propositi
1315 886 1754 939 anathcmalismi
1806 888 1992 940 virtuti

417 980 610 1030 merito
637 976 961 1029 subtluntur.

863 1091 1517 1149 ANATHEllATISMUS
1560 1093 1628 1146 V.

489 1217 544 1271 Si
576 1216 697 1284 quis
738 1214 920 1268 dicere
952 1211 1135 1272 audet,
1177 1210 1452 1263 Christum
1503 1210 1777 1264 hominem
1815 1209 1994 1264 Deife-

418 1326 558 1375 rum,
591 1323 655 1364 ac
687 1321 792 1361 non
825 1306 1002 1376 potius
1039 1318 1223 1356 verum
1270 1301 1438 1356 Deum
1470 1317 1612 1368 esse,
1646 1311 1830 1370 utpote
1877 1302 1997 1354 uni-

417 1412 539 1450 ciun
581 1410 643 1448 ac
686 1390 986 1445 naturalem
1022 1389 1228 1452 tilium;
1262 1399 1530 1459 quatenus
1573 1391 1828 1444 nimirum
1864 1388 1999 1442 Ver-

419 1487 544 1540 bum
584 1500 710 1539 caro
741 1483 966 1548 factum,
998 1482 1150 1535 carni
1184 1490 1237 1534 et
1267 1482 1518 1551 sanguini
1553 1483 1774 1552 perinde
1805 1497 1866 1534 ac
1903 1497 1999 1536 nos

420 1573 844 1631 communicavit
890 1591 902 1625 :
942 1573 1234 1625 anathema
1266 1572 1358 1626 sit.

937 1681 1240 1735 Declaratio
1273 1683 1479 1750 quinta.

491 1779 723 1834 Verbum
767 1775 857 1830 Dei
894 1790 1112 1828 carnem
1161 1789 1282 1827 esse
1332 1772 1555 1836 factum,
1601 1774 1730 1828 dicit
1778 1791 2002 1844 magnus
2034 1784 2073 1838 Β

423 1871 511 1923 ille
557 1869 887 1936 evangelista
929 1865 1167 1920 Joannes
1191 1866 1232 1895 "
1269 1882 1282 1918 :
1317 1881 1422 1918 non
1458 1866 1598 1932 quod
1635 1866 1851 1934 pr0pria
1907 1882 2002 1919 na-

425 1975 543 2014 tura
577 1967 959 2021 transmutata,
1006 1966 1100 2010 aut
1130 1970 1390 2010 conversa
1429 1957 1480 2009 in
1515 1973 1734 2010 carnem
1775 1958 2003 2009 transie-

427 2053 516 2113 rit,
578 2053 719 2104 sicut
759 2048 874 2113 jam
931 2059 1060 2099 ante
1109 2045 1418 2114 expositum
1471 2055 1552 2098 est
1601 2045 1816 2115 (expers
1860 2047 2002 2099 enim

426 2141 741 2196 mutationis
789 2148 870 2192 est
917 2148 974 2190 ut
1014 2137 1200 2201 Deusl,
1253 2137 1346 2189 sed
1390 2137 1516 2204 quia
1566 2151 1718 2204 atque
1778 2152 1839 2188 ac
1886 2152 2002 2200 nos,

425 2235 605 2288 carnis
633 2242 687 2286 et
718 2231 996 2299 sanguinis
1023 2230 1314 2297 particeps,
1344 2236 1397 2280 et
1426 2229 1585 2282 homo
1621 2228 1875 2281 t-lfectum
1901 2238 2003 2282 est.

428 2329 593 2379 Sacra
627 2325 771 2378 enim
820 2323 1101 2390 Scriptura
1139 2323 1412 2375 hominem
1455 2335 1552 2373 suo
1603 2337 1750 2374 more
1785 2338 2004 2374 carnem

428 2418 692 2486 appellat;
750 2415 1012 2483 scriptum
1078 2422 1163 2465 est
1213 2414 1357 2466 enim
1406 2431 1418 2464 :
1486 2431 1503 2461 ι
1555 2409 1765 2464 Videbit
1832 2414 2006 2465 omnis

428 2525 556 2564 caro
618 2509 855 2562 salutare
903 2505 994 2559 Dei
1024 2505 1088 2557 ¹⁸.
1123 2524 1140 2554 ι
1193 2503 1300 2557 Sed
1347 2503 1632 2570 impiorum
1698 2505 2006 2572 dogmatum

430 2603 766 2662 inventores,
806 2597 1113 2659 Nestorius,
1156 2604 1210 2650 et
1255 2595 1344 2663 qui
1393 2595 1540 2647 illum
1570 2603 1871 2657 sectantur,
1917 2604 2009 2646 aut

427 2694 615 2747 eadem
653 2707 775 2746 cum
825 2690 916 2742 illo
954 2689 1198 2756 sapiunt,
1237 2686 1638 2740 incarnationis
1667 2686 1887 2753 quidem
1918 2701 2009 2737 vo-

429 2796 544 2837 cem
598 2779 848 2835 conliteri
896 2793 956 2832 se
1005 2777 1282 2840 simulant,
1331 2785 1568 2829 attamen
1626 2775 1716 2829 Dei
1771 2774 2006 2828 Verbum

365 2885 377 2898 '
429 2873 728 2928 secundum
761 2871 1048 2926 veritatem
1079 2871 1446 2930 incarnatum,
1479 2869 1579 2922 hoc
1606 2878 1712 2931 est,
1741 2870 2010 2921 manendo

430 2967 572 3034 quod
615 2972 774 3024 erat,
830 2963 1100 3016 hominem
1151 2963 1320 3014 nostri
1373 2960 1606 3013 similem
1649 2959 1846 3012 fat-tnui
1892 2975 2010 3012 esse

431 3066 650 3126 negant.
691 3055 972 3109 Alllrutant
1022 3067 1224 3115 autem,
1269 3053 1605 3121 unigenitum
1654 3053 1743 3105 Dci
1779 3052 2007 3105 Verhum

434 3152 486 3201 iu
518 3149 735 3202 homine
769 3163 829 3198 es
863 3157 1047 3199 saneta
1081 3145 1295 3214 Virgine
1327 3159 1452 3197 nato
1481 3145 1702 3212 perinde
1733 3159 1795 3197 ac
1821 3146 1870 3196 in
1903 3160 2009 3194 uno
2037 3113 2080 3170 Ο

431 3243 612 3309 aliquo
637 3255 706 3292 ex
734 3239 937 3293 sanctis
969 3239 1319 3300 inhabitasse,
1353 3240 1424 3289 ita
1459 3252 1515 3290 ut
1542 3239 1656 3304 jatn
1703 3251 1810 3290 non
1841 3254 2008 3304 opor-

434 3345 542 3386 teat
586 3332 856 3391 COlllilt‘t'i,
887 3332 1026 3398 quod
1066 3346 1205 3383 unus
1255 3332 1325 3382 sit
1366 3330 1622 3383 Christus
1661 3340 1712 3382 et
1748 3327 1919 3382 Filius
1957 3341 2011 3382 et

436 3427 694 3479 Durninus
735 3435 790 3477 et
823 3427 1168 3486 adorandus;
1215 3424 1306 3476 sed
1347 3432 1601 3490 tanquam
1633 3423 1792 3476 homo
1822 3437 1916 3490 per
1950 3436 2012 3474 se

435 3530 488 3572 et
523 3517 816 3586 separatittt
862 3517 1190 3578 intellectus,
1226 3517 1294 3566 oh
1335 3516 1504 3567 solam
1535 3514 1929 3582 copulationem
1961 3515 2010 3564 itt

438 3612 634 3663 unione
663 3609 939 3678 dignitatis
990 3609 1304 3670 honoratus,
1344 3606 1503 3675 152
1535 3607 1698 3660 simul
1737 3607 2011 3671 adoretur,

436 3713 490 3754 et
526 3700 984 3769 conglorilicetur.
1040 3697 1255 3751 llabitat
1297 3699 1513 3766 quidem
1572 3698 1729 3753 nobis
1770 3699 2014 3752 omnium

441 3795 580 3846 Deus
611 3805 706 3860 per
736 3791 999 3858 Spiritum
1037 3798 1311 3843 sanctum.
1345 3787 1487 3841 Dixit
1529 3788 1673 3842 enim
1697 3789 2015 3858 jamdudum

440 3902 537 3953 per
569 3900 732 3938 unum
775 3901 809 3936 υ
839 3885 1048 3936 sanctis
1081 3882 1361 3949 prophetis
1394 3897 1406 3933 :
1443 3899 1462 3931 ι
1494 3878 1762 3945 Quoniam
1802 3879 2017 3933 inhabi-

443 3979 566 4032 talio
611 3977 662 4027 in
694 3975 796 4039 eis,
830 3987 883 4029 et
918 3973 1282 4033 in:nnhulaho,
1322 3981 1379 4024 et
1422 3987 1518 4024 ero
1567 3971 1737 4040 ipsius
1766 3970 1930 4034 Deus,
1963 3980 2018 4022 et

441 4077 601 4120 erqu
638 4067 763 4119 mihi
804 4063 1120 4133 populus".
1155 4083 1174 4113 ι
1229 4062 1432 4116 Scribit
1483 4073 1538 4116 et
1587 4065 1776 4114 licinius
1823 4063 2018 4114 Paulus

441 4173 655 4227 quoque
688 4175 702 4210 :
736 4174 757 4208 ι
789 4157 1022 4209 Nescitis
1055 4157 1176 4222 quia
1218 4154 1472 4220 templum
1511 4154 1598 4205 Dei
1626 4155 1780 4213 estis,
1815 4165 1868 4205 et
1900 4153 2020 4220 Spi-

446 4253 578 4304 titus
615 4249 706 4305 Dei
738 4250 948 4301 habitat
983 4265 1033 4299 ιιι
1082 4247 1338 4296 voltis”?
1370 4267 1386 4295 ι
1426 4245 1485 4297 Ιοὶι
1523 4248 1632 4312 ipse
1667 4245 1920 4298 Christus
1957 4247 2021 4297 de

443 4342 646 4396 sanctis
672 4357 783 4394 su:s
819 4339 1120 4406 prophetis,
1159 4341 1272 4389 sive
1304 4340 1367 4390 de
1400 4347 1624 4399 sanctis,
1655 4337 1743 4402 qui
1769 4346 2019 4388 anteces-

2093 522 2225 584 κὸς,
2264 523 2356 574 καὶ
2393 524 2499 593 μὴν
2549 525 2639 576 καὶ
2683 523 2750 576 τὰ
2781 523 2896 576 θεῖα
2923 524 3011 576 διὰ
3055 525 3155 596 τὴν
3190 526 3255 580 ὲκ
3279 526 3416 580 Θεοῦ
3465 528 3678 600 Πατρὸς

2092 612 2403 682 ἀπόρρητον
2433 611 2705 682 γέννησιν.
2735 613 2796 664 Οἱ
2830 612 2884 664 δὲ
2923 613 3260 678 διιστῶντες,
3285 617 3380 668 καὶ
3405 617 3679 690 ἀπομερί-

2095 703 2280 766 ζοντες
2333 704 2413 766 είς
2467 703 2752 772 ἄνθρωπον
2795 703 2978 768 tam,
3001 748 3014 768 ,
3048 706 3123 768 ὡς
3153 706 3342 778 ἕτερον
3381 707 3511 762 ὄντα
3552 709 3680 764 Υίὸν

2099 795 2250 865 παρὰ
2293 795 2383 846 τὸν
2417 796 2482 846 ἐκ
2526 794 2661 847 Θεοῦ
2692 795 2885 863 Λόγον,
2937 799 3029 850 καὶ
3065 799 3144 860 εἰς
3179 797 3312 852 Θεὸν
3345 798 3528 863 ίδικῶς
3550 839 3565 864 ,
3603 802 3680 864 ὡς

2095 887 2282 957 ἕτερον
2312 885 2442 940 ὄντα
2484 886 2618 952 υἱὸν,
2663 886 2756 939 δύο
2803 887 3050 955 λέγοντες
3103 889 3283 955 υἱοὺς,
3317 889 3680 963 ὑποφέρονται

2098 968 2322 1041 δικαίως
2349 980 2413 1048 τῇ
2439 978 2667 1048 δυνάμει
2690 979 2784 1031 τοῦ
2811 980 3174 1048 προκειμένου
3207 981 3677 1053 ἀναθεματισμοῦ.

2533 1093 3125 1148 ΑΝΑΘΕΜΑΤΙΣΜΟΣ
3166 1096 3241 1150 Ε’.

2171 1207 2239 1260 Εἴ
2267 1223 2350 1270 τις
2379 1207 2555 1278 τολμᾷ
2583 1207 2762 1276 λέγειν
2797 1207 3056 1279 θεοφόρον
3105 1207 3396 1278 ἄνθρωπον
3427 1208 3519 1260 τὸν
3545 1208 3680 1280 Χρι-

2106 1300 2249 1362 στὸν,
2287 1300 2380 1352 καὶ
2413 1300 2533 1369 οὑχὶ
2566 1299 2630 1369 δὴ
2656 1299 2854 1370 μᾶλλον
2887 1301 3019 1352 Θεὸν
3053 1296 3193 1352 εἶναι
3226 1301 3366 1354 κατὰ
3397 1299 3680 1371 ἀλήθειαν,

2101 1392 2198 1442 καὶ
2236 1390 2365 1442 Υῑὸν
2400 1391 2518 1456 ἕνα,
2550 1392 2645 1443 καὶ
2670 1391 2852 1459 φύσει,
2885 1390 3022 1444 καθὸ
3043 1392 3234 1458 γέγονε
3261 1390 3398 1462 σὰρξ
3427 1393 3454 1443 6
3487 1391 3679 1459 Λόγος,

2101 1479 2195 1534 καὶ
2247 1481 2618 1551 κεκοινώνηκε
2669 1482 3068 1553 παραπλησίως
3114 1486 3248 1554 ἡμῖν
3297 1485 3547 1553 αἵματος,
3587 1484 3683 1536 καὶ

2103 1570 2303 1640 σαρκός
2332 1587 2345 1599 ·
2382 1569 2633 1640 ἀνάθεμα
2667 1570 2827 1624 ἔστω.

2683 1683 2995 1747 Ἑπίλυσις
3033 1691 3096 1734 ε’.

2175 1773 2361 1840 Σάρκα
2410 1771 2662 1838 γενέσθαι
2708 1774 2872 1841 φησὶν
2911 1773 2938 1823 6
2982 1773 3265 1838 θεσπέσιος
3296 1775 3684 1849 εὑαγγελιστὴς

2119 1864 2372 1932 Ἰωάννης
2421 1863 2512 1915 τὸν
2544 1863 2637 1915 τοῦ
2665 1863 2802 1915 Θεοῦ
2834 1865 3026 1932 Λόγον.
3062 1868 3123 1918 οὑ
3154 1868 3294 1920 κατὰ
3332 1869 3682 1938 μετάστασιν,

2108 1959 2138 2026 ἢ
2172 1959 2378 2028 τροπὴν
2409 1959 2508 2027 τῆς
2541 1957 2678 2019 ἰδίας
2726 1956 2940 2025 φύσεως
2983 1959 3060 2020 είς
3103 1959 3280 2026 σάρκα
3318 1976 3684 2032 μεταπεποιηο

2112 2049 2289 2117 μένον,
2327 2050 2574 2118 καθάπερ
2614 2048 2717 2118 ἢδη
2746 2049 3084 2118 προείπομεν
3106 2064 3119 2077 ·
3157 2050 3270 2119 ἔχει
3298 2051 3405 2122 γὰρ
3435 2051 3496 2102 τὸ
3523 2054 3686 2104 ἀναλ-

2108 2139 2330 2191 λοίωτον
2360 2140 2434 2200 ὡς
2468 2137 2602 2200 Θεός
2628 2154 2641 2166 ·
2676 2136 2792 2189 ἀλλ’
2812 2139 2893 2190 ὅτι
2922 2137 3320 2209 κεκοινώνηκεν
3353 2142 3485 2210 ἡμῖν
3510 2157 3688 2212 παρα-

2110 2231 2350 2298 πλησίως
2381 2230 2615 2298 αἵματος
2644 2271 2657 2290 ,
2691 2232 2784 2283 καὶ
2816 2231 3046 2300 σαρκὸς,
3083 2231 3178 2283 καὶ
3207 2231 3434 2297 γέγονεν
3471 2231 3690 2302 άνθρω-

2111 2339 2208 2382 πος
2231 2337 2242 2348 °
2273 2320 2391 2382 ἔθος
2421 2320 2530 2390 γὰρ
2556 2323 2621 2390 τῇ
2657 2321 3000 2390 θεοπνεύστῳ
3058 2322 3247 2392 Γραφῇ
3272 2322 3449 2392 σάρκα
3480 2323 3570 2376 τὸν
3597 2324 3690 2376 ἄν·

2109 2411 2327 2480 θρωπον
2378 2411 2697 2482 ὀνομάζειν·
2743 2413 3052 2483 γέγραπται
3105 2412 3242 2482 γὰρ,
3288 2431 3306 2464 ι
3335 2415 3412 2466 ὅτι
3460 2413 3690 2482 ὐιξεται

2111 2505 2263 2557 πᾶσα
2309 2505 2444 2574 σὰρξ
2493 2505 2554 2558 τὸ
2601 2507 2865 2576 σωτήριον
2913 2505 3009 2558 τοῦ
3053 2506 3209 2558 Θεοῦ.
3251 2527 3268 2557 υ
3317 2507 3455 2559 ‘AD.’
3497 2510 3545 2560 οἱ
3583 2507 3690 2559 τῶν

2112 2596 2340 2648 ἀνοσίων
2369 2595 2658 2664 δογμάτων
2697 2597 2939 2667 εὑρεταὶ,
2972 2598 3266 2667 Νεστόριός
3299 2615 3358 2650 τε
3390 2600 3482 2651 καὶ
3513 2601 3563 2650 οἱ
3591 2599 3691 2650 σὺν

2111 2687 2283 2758 αὑτῷ,
2310 2689 2430 2757 ἦτοι
2459 2689 2526 2741 τὰ
2553 2688 2690 2740 αὑτὰ
2719 2688 3041 2757 φρονοῦντες
3069 2690 3278 2759 ἐκείνῳ,
3311 2689 3692 2760 ὑποκρίνονται

2117 2775 2216 2843 μὲν
2245 2775 2526 2844 ὁμολογεῖν
2559 2777 2656 2846 τὴν
2687 2776 2781 2829 τοῦ
2829 2779 3209 2848 σεσαρκῶσθαι
3238 2781 3441 2849 φωνήν.
3477 2781 3551 2832 Οὑ
3587 2780 3692 2850 μὴν

2112 2865 2239 2916 ὃτε¹
2281 2864 2377 2917 καὶ
2409 2865 2757 2935 σαρκωθῆναί
2805 2883 2938 2935 φασι.
2981 2867 3124 2920 κατὰ
3170 2867 3427 2937 ἀλήθειαν
3471 2869 3563 2921 τὸν
3597 2869 3692 2922 τοῦ

2112 2955 2250 3008 Θεοῦ
2295 2955 2500 3024 Λόγον·
2553 2956 2832 3008 τουτέστιν
2880 2955 3167 3026 ἄνθρωπον
3211 2957 3514 3025 γενέσθαιιι
3569 2958 3690 3010 καθ’

2112 3047 2281 3114 ἡμᾶς,
2318 3045 2458 3115 μετὰ
2489 3045 2582 3096 τοῦ
2631 3048 2813 3114 μεῖναι
2841 3046 2870 3098 ὃ
2892 3041 2984 3116 ἦν.
3023 3046 3182 3099 Ἀλλά
3225 3048 3334 3116 γάρ
3362 3047 3438 3110 ὡς
3475 3049 3554 3110 εἰς
3593 3050 3688 3102 ἄν-

2113 3135 2330 3206 θρωπον
2362 3135 2471 3188 τῶν
2501 3136 2672 3203 ἁγίων
2705 3136 2820 3199 ἕνα,
2851 3137 2940 3190 τὸν
2978 3137 3043 3190 ἐκ
3083 3136 3184 3206 τῆς
3209 3138 3372 3204 ἁγίας
3414 3136 3694 3208 Παρθένου

2114 3229 2514 3298 γεγεννημένον
2566 3223 2892 3299 κατοικῆσαι
2939 3228 3364 3299 διισχυρίζονται
3404 3229 3496 3281 τὸν
3533 3247 3693 3299 μονο-

2113 3321 2246 3390 γενῆ
2277 3319 2371 3372 τοῦ
2403 3319 2538 3372 Θεοῦ
2573 3320 2744 3386 Λόγον
2767 3336 2780 3351 ·
2831 3321 2918 3372 ἵνα
2948 3321 3146 3390 μηκέτι
3191 3323 3425 3391 Χριστὸς
3463 3316 3542 3385 εἷς
3567 3325 3697 3392 ὁμο-

2113 3411 2340 3481 λογῆται
2392 3413 2486 3466 καὶ
2533 3413 2694 3478 Υἱὸς,
2745 3415 2839 3466 καὶ
2888 3412 3118 3482 Κὺριος,
3169 3414 3264 3464 καὶ
3299 3415 3696 3483 προσκυνητός·

2115 3503 2230 3556 ἀλλ’
2255 3503 2332 3567 ὡς
2361 3503 2645 3574 ἄνθρωπος
2673 3540 2680 3548 -
2704 3505 2907 3568 ἱδικῶς,
2932 3505 3024 3558 καὶ
3052 3504 3368 3574 καταμόνας
3387 3504 3695 3575 νοούμενος,

2119 3595 2255 3666 μόνῃ
2288 3596 2555 3667 συναφείᾳ
2579 3599 2644 3666 τῇ
2679 3597 2823 3650 κατὰ
2846 3595 2944 3666 τὴν
2981 3596 3210 3666 ἑνότητα
3238 3597 3337 3666 τῆς
3369 3596 3525 3661 ἀξίας
3551 3615 3698 3650 τετι-

2119 3703 2195 3757 μη
2203 3687 2380 3756 μένος,
2399 3703 2464 3739 συ
2473 3687 2905 3756 μπροσκυνῆται,
2923 3689 3016 3739 καὶ
3031 3686 3704 3755 συνδοξάζηται.Κατοικεῖ

2118 3781 2270 3851 γὰρ*
2310 3783 2367 3833 ὲν
2400 3781 2533 3850 ἡμῖν
2577 3782 2604 3831 6
2632 3778 2741 3831 τῶν
2772 3779 2910 3831 ὅλων
2937 3778 3068 3840 Θεὸς
3109 3778 3196 3830 διὰ
3223 3777 3316 3831 τοῦ
3345 3779 3501 3846 ἁγίου
3535 3778 3698 3832 [1νεὺ-

2123 3889 2311 3942 ματος.
2360 3873 2470 3925 Καὶ
2519 3871 2648 3938 γοῦν
2691 3871 2859 3924 πάλαι
2884 3879 2908 3907 κ
2949 3871 3048 3940 μὲν
3097 3869 3300 3938 ἔφασκε
3331 3871 3398 3923 δι’
3433 3871 3551 3934 ἐνὸς
3589 3871 3702 3923 τῶν

2121 3964 2292 4030 ἁγίων
2349 3963 2678 4036 προφητῶν·
2723 3979 2742 4012 ι
2771 3963 2894 4015 Ὅτι
2936 3964 3201 4031 ὲνοικήσω
3244 3965 3301 4015 ἐν
3346 3962 3560 4024 αὑτοῖς,
3610 3965 3702 4014 καὶ

2123 4057 2584 4126 ἐμπεριπατήσω,
2619 4056 2715 4108 καὶ
2749 4055 2942 4124 ἔσομαι
2975 4055 3159 4117 αὑτοῖς
3203 4054 3368 4118 Θεὸς,
3421 4055 3515 4107 καὶ
3547 4055 3701 4107 αὑτοὶ

2123 4148 2335 4200 ἔσονταί
2370 4163 2458 4216 μοι
2498 4147 2641 4210 λαός.
2683 4165 2701 4196 ι
2739 4146 2944 4216 Γράφει
2972 4147 3027 4198 δὲ
3064 4147 3155 4198 καὶ
3185 4148 3212 4198 6
3246 4147 3514 4216 μακάριος
3551 4145 3701 4198 Παῦ-

2123 4238 2230 4300 λος·
2259 4257 2278 4287 ι
2308 4237 2422 4289 Οὐκ
2456 4236 2655 4302 οἴδατε,
2684 4238 2765 4290 ὅτι
2799 4237 2920 4299 ναὸς
2940 4236 3075 4288 Θεοῦ
3108 4239 3251 4299 ἐστε,
3268 4239 3362 4290 καὶ
3394 4237 3453 4289 τὸ
3478 4235 3704 4306 Πνεῦμα

2123 4328 2217 4380 τοῦ
2253 4327 2390 4380 Θεοῦ
2422 4329 2564 4381 οἰκεῖ
2595 4330 2651 4380 ἐν
2703 4329 2867 4399 ὑμῖν;
2908 4347 2926 4378 ι
2959 4328 3105 4397 Ἔφη
3135 4328 3189 4380 δὲ
3208 4329 3303 4380 καὶ
3326 4327 3539 4391 αὑτὸςὸ
3565 4329 3703 4398 Χρι-

443 4444 652 4494 serant,
692 4435 769 4485 ait
801 4450 814 4484 :
850 4449 868 4480 ε
901 4433 956 4480 Si
1011 4430 1132 4482 illos
1176 4430 1314 4479 dixit
1359 4426 1511 4487 deos,
1560 4433 1625 4478 ad
1668 4441 1803 4494 quos
1844 4442 2012 4478 seruio

2130 4422 2250 4482 στὸς
2295 4422 2422 4490 περὶ
2469 4421 2577 4472 τῶν
2627 4421 2795 4484 ἁγίων
2846 4419 3015 4471 αὑτοῦ
3063 4419 3397 4488 προφητῶν,
3440 4420 3555 4489 ἦτοι
3596 4420 3703 4471 τῶν

446 4526 539 4578 Dei
594 4525 769 4577 lactus
813 4532 898 4574 est.
927 4539 938 4572 :
970 4537 1130 4589 quem
1169 4519 1324 4570 l’ater
1357 4518 1736 4579 sant-tilicavil,
1783 4528 1836 4568 et
1878 4518 2025 4568 misit

447 4619 498 4668 in
544 4617 822 4676 mundum,
861 4629 953 4666 vos
1007 4611 1185 4664 dicitis
1220 4626 1233 4662 :
1269 4609 1646 4675 Blasphemas;
1693 4609 1816 4676 quia
1856 4610 1965 4662 dixi
2007 4622 2020 4659 :

446 4711 613 4766 Filius
670 4709 759 4760 Dei
817 4721 934 4758 sum
971 4705 1052 4764 ἰς
1085 4724 1100 4751 ι
1167 4705 1257 4755 εοςι
1307 4719 1410 4754 ιιυιι
1468 4702 1539 4753 ita
1591 4701 1729 4754 Deus
1771 4704 1820 4752 in
1865 4701 2021 4753 Chri-

445 4814 528 4854 sto
566 4801 800 4860 habitat,
831 4799 970 4851 sicut
1010 4797 1062 4848 in
1095 4798 1271 4847 nobis.
1311 4793 1443 4846 Erat
1471 4795 1613 4846 enim
1650 4805 1837 4845 natura
1863 4793 2020 4852 Deus.

446 4897 604 4947 nohis
638 4892 835 4948 similis
869 4892 1064 4951 lactus,
1099 4904 1345 4955 ultusque
1371 4903 1432 4938 ac
1463 4885 1610 4939 solus
1642 4883 1830 4948 Filius,
1861 4885 2023 4936 etiam

446 5004 567 5039 cum
618 5001 745 5038 raro
799 4981 979 5036 iactus
1023 4992 1126 5034 est.
1170 4979 1492 5046 Quicunque
1544 4979 1705 5044 igitur
1751 4976 2022 5031 Deil'ermn

449 5078 720 5129 hominem
771 5091 893 5127 eum
937 5089 1058 5127 esse
1095 5074 1274 5124 dicere
1319 5074 1536 5131 audent,
1588 5084 1800 5121 ac'non
1851 5068 2028 5136 potius

450 5169 615 5220 Deum
657 5169 933 5221 hominem
985 5167 1212 5225 factum,
1247 5161 1557 5216 necessario
1611 5162 1660 5212 in
1695 5164 2025 5228 propositum

447 5262 960 5314 anathematismum
993 5258 1255 5312 incidunt.

539 5467 755 5523 ".loau.
791 5484 830 5530 I,
864 5467 947 5518 ιιι.
1062 5465 1104 5495 ³⁸
1123 5463 1253 5516 Luc.
1287 5477 1370 5524 ιιι,
1404 5461 1458 5512 6.

1574 5456 1811 5518 "Levit.
1846 5475 1992 5518 xm,
2033 5460 2129 5513 12:
2168 5462 2208 5514 ll
2235 5462 2358 5516 Cor.
2402 5479 2471 5528 rt,
2509 5464 2592 5517 16.

2129 4513 2539 4582 προγεγονότων
2565 4513 2758 4579 ἁγίων·
2795 4530 2813 4562 ε
2849 4510 2908 4562 ΕΞ
2942 4511 3185 4574 ἐκείνους
3213 4505 3335 4562 εἷπε
3367 4510 3546 4576 θεοὺς,
3567 4513 3703 4581 πρὸς

2123 4602 2216 4663 οὓς
2254 4606 2281 4655 6
2319 4603 2473 4670 λόγος
2505 4603 2598 4655 τοῦ
2641 4600 2779 4654 Θεοῦ
2826 4602 3064 4669 ἐγένετο,
3109 4601 3168 4653 ὃν
3198 4602 3226 4653 6
3259 4601 3451 4672 Πατὴρ
3483 4601 3705 4671 ήγίασε,

2126 4695 2220 4745 καὶ
2252 4693 2575 4746 ἀπέστειλεν
2616 4695 2698 4755 εἰς
2740 4693 2831 4744 τὸν
2881 4691 3107 4760 κόσμον,
3156 4693 3315 4761 ὑμεῖς
3365 4690 3576 4758 λέγετε,
3625 4691 3710 4744 ὃτι.

2130 4783 2501 4851 Βλασφημεῖς,
2534 4783 2621 4832 ὃτι
2652 4778 2803 4833 εἶπον
2826 4797 2840 4811 ·
2883 4781 3010 4842 Υἱὸς
3065 4779 3159 4834 τοῦ
3193 4781 3331 4834 Θεοῦ
3355 4783 3471 4851 εἰμι
3491 4796 3506 4811 ·
3544 4799 3565 4832 ι
3591 4780 3708 4834 ἀλλ’

2125 4875 2224 4943 οὑχ
2249 4873 2438 4944 ὥσπερ
2469 4875 2527 4924 ἐν
2556 4875 2688 4941 ἡμῖν
2715 4875 2853 4924 οἰκεῖ
2885 4871 3040 4936 Θεὸς,
3069 4871 3212 4925 οὑτω
3251 4875 3347 4926 καὶ
3375 4875 3432 4926 ὲν
3461 4871 3704 4944 Χριστῷ·

2128 4964 2258 5026 Θεὸς
2292 4963 2400 5034 γὰρ
2427 4962 2585 5030 φύσει
2615 4959 2682 5034 ἧν
2703 5003 2716 5026 ,
2751 4962 3004 5032 πεφηνὼς
3048 4963 3168 5016 καθ’
3195 4964 3363 5034 ἡμᾶς,
3392 4959 3473 5028 εἷς
3508 4980 3571 5017 τε
3611 4964 3708 5017 καὶ

2133 5055 2292 5122 μόνος
2322 5055 2448 5115 Υἱὸς
2469 5095 2482 5117 ,
2514 5057 2605 5106 καὶ
2631 5055 2719 5107 ὅτε
2751 5055 2941 5121 γέγονε
2985 5055 3140 5126 σάρξ.
3171 5057 3232 5109 υἱ
3263 5054 3444 5108 τοίνυν
3471 5054 3712 5125 τολμῶν-

2128 5163 2217 5208 τες
2256 5146 2434 5212 λέγειν
2471 5146 2728 5215 θεοφόρον
2758 5145 3042 5214 ἄνθρωπον
3075 5145 3350 5217 ὑπάρχειν
3392 5144 3578 5209 αὑτὸν,
3620 5145 3715 5197 καὶ

2131 5239 2252 5305 οὑχὶ
2274 5237 2338 5306 δὴ
2370 5237 2569 5305 μᾶλλον
2601 5235 3102 5307 ὲνανθρωπήσαντα
3124 5238 3278 5302 Θεὸν,
3313 5237 3715 5291 ὑποπίπτουσιν

2133 5331 2446 5396 ἀναγκαίοις
2475 5328 2552 5396 τῷ
2578 5329 2926 5400 προκειμένῳ
2954 5327 3406 5400 άναθεματισμῷ.

2707 5464 2793 5518 "l
2823 5465 2948 5520 Cor.
2980 5479 3062 5530 ιιι,
3100 5465 3187 5518 16.
3266 5466 3305 5496 ²¹
3331 5462 3493 5518 Joan.
3532 5480 3586 5529 ι,
3622 5461 3692 5518 55

1497 5600 1672 5655 Varia:
1705 5601 1966 5654 lectiones
1996 5616 2060 5653 ex
2090 5602 2273 5656 codice
2302 5601 2678 5671 Segnior-iano.

525 5748 546 5787 ‘
573 5747 685 5811 ὅτι,
711 5743 774 5816 ἦ,
809 5743 888 5798 ἔτι.
986 5725 1011 5779 ά
1042 5743 1347 5814 γεγονέναι.
1414 5745 1454 5781 Ὗ
1494 5738 1591 5811 μὲν
1615 5738 1743 5811 γάρ.
1824 5752 1848 5778 ι
1879 5738 2061 5791 πάλιν.
