4104 6336
403 424 505 482 ὂὲὗ

827 541 1419 594 axaesmrtmtox
1459 544 1551 608 cr.

475 656 539 709 Εἴ
565 673 645 717 τις
681 656 813 709 Θεὸν
857 656 887 724 ἢ
918 656 1195 724 Δεσπότην
1237 651 1375 707 εἶναι
1412 653 1559 720 λέγει
1592 653 1684 705 τοῦ
1746 651 1984 722 Χριστοῦ

404 748 494 801 τὸν
526 750 589 800 ὲκ
619 747 752 801 Θεοῦ
792 749 1005 820 Πατρός
1038 749 1233 814 Λόγον,
1271 746 1363 798 xui.
1411 746 1536 815 οὐχὶ
1561 745 1627 815 δὴ
1656 744 1857 815 μᾶλλον
1896 744 1987 795 τὸν

406 837 567 891 αὑτὸν
615 837 865 907 ὁμολογεῖ
909 836 1045 907 ὁμοῦ
1106 854 1163 889 τε
1222 837 1354 889 Θεὸν
1404 839 1496 888 καὶ
1545 836 1864 904 ἄνθρωπον,
1913 834 1989 894 ὡς

408 930 686 998 γεγονότος
711 930 914 1001 σαρκὸς
943 929 1039 982 τοῦ
1071 930 1243 998 Λόγου
1275 929 1417 983 κατᾶ
1444 929 1541 992 τὰς
1568 928 1811 999 Γραφᾰςο
1858 927 1986 980 ἀνά-

406 1022 547 1094 θεμα
574 1022 733 1077 ἔστω.

980 1138 1304 1201 Ἐπίλυσις
1346 1142 1419 1199 ς’.

494 1249 552 1301 ὐ
597 1248 799 1318 Κύριος
831 1248 988 1319 ἡμῶν
1040 1248 1244 1319 Ἰησοῇ
1280 1248 1513 1318 Χριστὸς
1539 1288 1552 1311 ,
1587 1250 1611 1299 ὁ
1664 1242 1743 1309 εἷς
1790 1264 1846 1299 τε
1896 1246 1990 1299 καὶ

416 1341 572 1411 μόνος
598 1385 610 1407 ,
647 1342 741 1395 καὶ
780 1341 923 1394 κατὰ
955 1340 1215 1409 ἀλήθειαν
1250 1342 1375 1401 Υἱὸς
1414 1341 1675 1409 ὑπάρχων
1728 1338 1821 1391 τοῦ
1855 1338 1989 1391 Θεοῦ

414 1435 508 1489 καὶ
530 1434 971 1505 Πατρὸς,γέγονε
1002 1434 1139 1503 σὰρξ
1160 1434 1187 1483 ὁ
1218 1434 1419 1501 Λόγος’
1454 1434 1548 1485 καὶ
1578 1432 1945 1500 συγκατάρχει
1964 1440 1989 1476 γ

412 1527 520 1580 τῶν
544 1526 679 1580 ὅλων
709 1525 845 1597 ὁμοῦ
862 1526 938 1597 τῷ
956 1526 1072 1595 ἰδίῳ
1093 1527 1379 1596 Γεννήτορι
1399 1544 1410 1557 ·
1440 1546 1455 1575 ι
1486 1526 1725 1595 κάμπτει
1757 1541 1815 1575 τε
1842 1523 1991 1592 αὑτῴ

416 1620 523 1671 πᾶν
562 1618 690 1687 γόνυ
726 1618 1083 1688 ἐπουρανίων.
1134 1620 1226 1670 καί
1254 1619 1533 1685 ἐπιγείων,
1585 1618 1679 1669 καὶ
1725 1616 1993 1684 καταχθο-

413 1710 575 1761 νίων·
623 1708 716 1761 καὶ
753 1708 1153 1778 ὲξομολογεῖτίι
1203 1711 1349 1760 πᾶσα
1398 1707 1618 1775 γλῶσσα
1663 1707 1745 1759 ὅτι
1788 1706 1992 1777 Κύριος

429 1797 634 1869 Ἰησοῦς
652 1800 974 1870 Χριστὸςείς
1002 1800 1159 1863 δόξαν
1178 1798 1312 1851 Θεοῦ
1336 1800 1570 1869 Πατρός.
1596 1818 1611 1847 ι
1644 1797 1798 1851 Ἔστι
1818 1798 1994 1849 τοίνυν

1427 422 1845 479 EXPLICATlO
1881 422 2237 481 DUODECIM
2280 423 2530 479 CAPITU
2543 423 2606 477 Μ.

2016 549 2063 601 Α

3558 429 3666 488 306

2497 540 3135 597 ANATHEMATISMUS
3164 542 3256 599 Vl.

2170 653 2225 707 Si
2274 655 2397 722 quis
2448 654 2539 707 Dei
2584 653 2763 707 Patris
2814 652 3073 717 Verbum,
3126 653 3330 708 Christi
3373 654 3537 708 Deum
3587 656 3665 708 vel

2094 747 2377 800 Dominum
2421 762 2539 800 esse
2574 747 2810 811 dixerit;
2848 755 2903 800 et
2951 762 3053 799 non
3089 747 3268 815 potius
3298 746 3465 800 Deum
3509 747 3668 800 simul

2091 848 2145 892 et
2192 838 2468 892 hominem
2516 841 2764 893 eumdem
2811 836 3095 891 confessus
3127 838 3308 902 fuerit,
3348 837 3668 905 proutVer-

2091 931 2217 983 bum
2258 945 2385 983 caro
2429 931 2627 982 factum
2667 940 2747 983 est
2792 929 3087 984 secundum
3126 930 3439 997 Scripturas
3473 948 3484 982 :
3529 947 3666 983 ana-

2096 1021 2270 1074 thema
2298 1022 2385 1073 sit.

2628 1132 2789 1185 Decla
2798 1136 2932 1186 ratio
2972 1144 3140 1188 sexta.

2166 1247 2424 1299 Dominus
2466 1254 2647 1298 noster
2672 1245 2833 1297 .lesus
2876 1244 3127 1299 Christus
3162 1262 3301 1299 unus
3332 1256 3389 1298 et.
3418 1245 3568 1299 solus
3608 1256 3661 1299 et

2094 1340 2387 1391 secundum
2418 1339 2695 1391 veritatem
2727 1337 2819 1391 Dei
2849 1338 3027 1392 Patris
3057 1336 3247 1402 Filius,
3279 1337 3511 1392 Verbum
3538 1353 3666 1391 caro

2094 1426 2297 1481 factum
2330 1438 2433 1492 est,
2463 1439 2520 1481 et
2553 1444 2655 1481 una
2689 1444 2813 1482 cum
2850 1428 3099 1497 genitore
3146 1444 3244 1483 suo
3288 1429 3537 1483 omnibus
3576 1430 3670 1481 dn-

2097 1517 2335 1569 minatnr
2372 1538 2382 1571 :
2418 1518 2626 1587 ipsique
2660 1535 2677 1566 t
2712 1517 2951 1571 ﬂectitur
2979 1532 3139 1570 onme
3160 1534 3319 1586 genu,
3345 1518 3671 1575 cmlestium,

2096 1610 2432 1663 terrestrium
2494 1620 2549 1661 et
2591 1611 2924 1664 infernorutn
2948 1628 2971 1675 ',
3002 1619 3055 1663 et
3082 1611 3260 1662 omnis
3297 1610 3472 1680 lingua
3505 1608 3643 1663 conn

2097 1713 2260 1764 tetur,
2296 1704 2418 1768 quia
2453 1702 2711 1757 Dominus
2749 1701 2904 1757 Jesus
2938 1702 3194 1756 Christus
3225 1701 3278 1755 in
3315 1702 3542 1767 gloriam
3577 1701 3668 1753 Dei

2098 1793 2273 1847 Patris
2296 1795 2362 1846 ”.
2396 1813 2412 1843 ι
2447 1794 2586 1847 Idem
2625 1795 2807 1862 itaque
2848 1804 3119 1863 quatenus
3144 1794 3467 1862 intelligitur
3496 1804 3550 1845 et
3592 1806 3674 1845 est

417 1893 445 1943 ὁ
488 1892 650 1955 αὐτὸς
702 1894 802 1963 μὲν
841 1892 946 1945 τῶν
980 1893 1115 1946 ὅλων
1164 1894 1406 1962 Κύριος,
1454 1892 1589 1944 καθὸ
1626 1895 1858 1953 νοεῖται,
1902 1892 1994 1942 καὶ

2107 1885 2279 1947 Deus;
2337 1886 2461 1938 licet
2515 1896 2636 1955 post
2687 1886 3191 1940 inhutnanationem
3250 1886 3432 1940 carnis
3482 1901 3675 1952 expen

416 1986 530 2037 ἔστι
560 1983 712 2047 Θεὸς,
738 1986 786 2036 εἰ
818 1985 910 2037 καὶ
943 1983 1016 2054 μὴ
1048 1984 1170 2053 δίχα
1199 1984 1399 2054 σαρκὸς
1434 1983 1571 2053 μετὰ
1599 1983 1697 2053 τὴν
1721 1979 1992 2050 ὲνανθρώο

416 2090 602 2143 πησιν.
642 2073 814 2135 Αὐτὸς
845 2071 901 2125 δὲ
944 2074 1138 2126 ἑαυτοῦ
1174 2073 1294 2125 οὔτε
1323 2073 1455 2135 Θεὸς
1479 2114 1493 2136 ,
1527 2074 1648 2125 οὔτε
1681 2072 1987 2141 Δεσπότης·

418 2167 511 2219 καὶ
541 2165 648 2234 γάρ
678 2166 793 2217 ἐστι
817 2164 925 2217 τῶν
946 2166 1332 2229 ἀτοπωτάτων,
1364 2164 1563 2234 μᾶλλον
1587 2165 1642 2216 δὲ
1675 2165 1994 2225 δυσσεϐείας

417 2255 633 2325 ἀπάσης
672 2256 963 2325 ὲπίμεστον
1008 2256 1257 2325 ἀληθῶς,
1306 2255 1366 2307 τὸ
1401 2254 1543 2307 οὕτω
1585 2259 1800 2325 φρονεῖν
1836 2257 1866 2324 ἦ
1908 2255 1994 2307 λέ·-

422 2357 541 2407 γειν
563 2358 574 2370 ·
607 2342 832 2406 είκὸτως
862 2339 954 2396 οῦν
983 2346 1069 2397 ἐπ’
1098 2344 1246 2413 αὑτῴ
1276 2343 1340 2414 δὴ
1364 2345 1537 2415 τούτῳ
1568 2346 1789 2413 γέγονεν
1815 2346 1841 2395 ὀ
1874 2363 1998 2414 προ-

422 2431 671 2501 κείμενος
704 2433 1169 2502 ἁναΘεματισμός.

400 2518 405 2533 ’
855 2543 1446 2596 ΑΝΑΘΕΜΑΤιΣΜυΣ
1485 2545 1559 2596 χ’.

491 2656 556 2708 El
592 2655 676 2718 τίς
710 2673 875 2725 φησιν
923 2657 998 2719 ὡς
1037 2656 1325 2726 ἄνθρωπον
1373 2657 1713 2728 ὲνηργῆσοαι
1759 2657 1865 2710 ὑπὸ
1903 2655 1992 2710 τοῦ

420 2747 555 2799 Θεοῦ
596 2748 770 2814 Λόγου
808 2747 898 2798 τὸν
952 2748 1183 2818 Ἰησοῦν,
1236 2752 1329 2800 καὶ
1379 2750 1478 2818 τὴν
1517 2748 1609 2801 τοῦ
1661 2749 2000 2816 Μονογενοῦς

423 2838 663 2904 εὐδοξίαν
694 2840 988 2909 περιῆφθαι
1017 2840 1091 2904 ὡς
1124 2840 1293 2910 ἑτέρῳ
1321 2843 1448 2909 παρ’
1474 2841 1633 2893 αὑτὸν
1664 2842 1959 2911 ὑπάρχοντι
1984 2881 1996 2905 ,

424 2930 675 3000 ἀνάθεμα
710 2932 868 2984 ἔστω.

1000 3049 1303 3111 Έπίλυσις
1346 3048 1407 3109 ιζ’.

498 3164 627 3215 Ὅτε
662 3164 758 3233 τὴν
794 3164 932 3217 κατὰ
964 3164 1140 3235 σάρκα
1181 3166 1432 3234 γέννησιν
1458 3168 1549 3217 τοῦ
1587 3166 1715 3217 Υἰοῦ
1751 3163 1841 3219 τοῦ
1869 3166 2003 3217 Θεοῦ

2100 1992 2205 2029 non
2253 1978 2342 2040 sit,
2398 1978 2775 2031 universorum
2819 1978 3078 2032 Domitius
3120 1988 3203 2031 est
3249 1987 3351 2030 :at
3404 1992 3533 2030 vero
3592 1978 3671 2027 sui

2099 2067 2269 2135 ipsius
2320 2084 2417 2121 nec
2452 2066 2613 2130 Deus,
2671 2083 2769 2121 nec
2800 2068 3055 2122 dominus
3087 2078 3169 2122 est
3201 2086 3215 2121 :
3246 2068 3348 2121 hoc
3394 2068 3536 2119 enim
3589 2067 3676 2116 ab-

2098 2158 2476 2211 surdissimum
2511 2170 2615 2224 est,
2664 2160 2773 2211 iniu
2807 2157 2986 2229 potius
3036 2160 3185 2213 omni
3221 2159 3501 2227 impietate
3548 2172 3679 2211 vero.

2100 2250 2337 2317 plenum,
2382 2251 2425 2302 si
2474 2251 2547 2302 ita
2595 2250 2799 2304 sentias
2847 2262 2942 2303 aut
3000 2251 3168 2305 dicas.
3225 2251 3415 2304 Merito
3455 2250 3682 2320 proinde

2100 2351 2289 2394 contra
2348 2344 2448 2395 hoc
2503 2343 2675 2410 ipsum
2732 2357 2971 2410 praesens
3025 2344 3521 2398 anathematisnms
3565 2354 3678 2396 sta-

2101 2436 2267 2483 tuitur

2399 2545 2553 2616 153
2583 2546 3223 2603 ANATIIEMATISMUS
3263 2547 3377 2601 VII.

2175 2660 2232 2715 Si
2274 2660 2397 2728 quis
2432 2658 2616 2713 Iesum
2668 2670 2921 2729 tanquam
2977 2663 3250 2719 hominem
3301 2677 3329 2715 a
3370 2662 3459 2715 Dei
3508 2660 3685 2713 Verbo

2103 2762 2360 2819 operante
2417 2762 2618 2803 motuin
2663 2752 2953 2814 habuisse,
3014 2752 3403 2821 Unigenitique
3450 2752 3679 2821 gloriam

2104 2844 2201 2908 illi,
2243 2853 2501 2912 tanquam
2544 2845 2699 2897 alteri
2746 2844 2978 2913 cuipiam
3018 2847 3082 2898 ab
3117 2846 3233 2912 ipso
3266 2845 3464 2909 Verbo,
3515 2847 3682 2898 adve-

2107 2936 2250 2990 nisse
2282 2935 2502 2999 dixerit,
2538 2936 2828 2989 anathema
2862 2938 2948 2990 sit.

2605 3050 2906 3104 Declaratio
2942 3054 3185 3119 septima.

2180 3166 2314 3219 Cum
2360 3167 2551 3219 beatus
2592 3165 2809 3220 Gabriel
2851 3165 3111 3233 unigeniti
3169 3164 3291 3219 Filii
3327 3165 3416 3219 Dei
3454 3181 3686 3234 genera-

426 3252 519 3304 τοῦ
573 3253 895 3321 μοθογενοῦς
944 3253 1330 3324 εὐηγγελίζετο
1377 3258 1442 3325 τῇ
1490 3254 1621 3323 ἁγία
1666 3252 1926 3323 Παρθένῳ
1974 3253 2000 3301 ὁ

2109 3257 2308 3311 tionem
2351 3256 2645 3311 secundum
2674 3273 2894 3310 carnem
2934 3266 3133 3311 sanctae
3164 3258 3358 3326 virgini
3400 3258 3693 3311 annuntia-

432 3345 698 3414 μακάριος
727 3342 998 3415 Γαϐριήλ’
1028 3345 1219 3415 ιΤέξῃ,
1252 3346 1434 3413 φησὶν,
1466 3347 1598 3407 υἱον,
1633 3344 1725 3396 καὶ
1753 3343 2002 3405 καλέσεις

428 3435 486 3485 τὸ
518 3435 691 3502 ὄνομα
734 3435 898 3488 αὑτοῦ
943 3436 1151 3504 Ἰησοῦν
1173 3454 1184 3466 ο
1220 3437 1379 3497 αὐτὸς
1413 3436 1521 3505 γὰρ
1552 3436 1714 3487 σώσει
1748 3436 1839 3487 τὸν
1876 3434 2004 3487 λαὸν

430 3524 593 3577 αὑτοῦ
642 3525 750 3577 ἀπὸ
794 3525 901 3578 τῶν
942 3525 1229 3595 ἁμαρτιῶν
1284 3526 1482 3579 αὑτῶν.
1520 3547 1536 3575 ι
1586 3526 1911 3595 Ὠνόμασται
1948 3524 2005 3576 δὲ

430 3618 522 3670 καὶ
550 3618 783 3687 Χριστὸς
804 3657 818 3679 ,
852 3616 935 3669 διὰ
976 3618 1036 3668 τὸ
1068 3617 1353 3685 κεχρῖσοαι
1386 3616 1503 3685 μεθ’
1537 3616 1695 3685 ἡμῶν
1724 3616 2002 3687 ἀνθρωπί-

428 3726 553 3770 νως,
585 3708 726 3761 κατὰ
767 3709 866 3778 τὴν
898 3707 992 3759 τοῦ
1020 3708 1326 3770 Ψὰλλοντος
1369 3709 1579 3777 φωνήν·
1619 3728 1637 3758 ‹
1685 3706 2005 3775 Ἥγάπησας

431 3798 795 3869 δικαιοσύνην,
822 3801 915 3853 καὶ
939 3802 1204 3869 ἐμίσησας
1231 3800 1462 3869 ἀνομίαν
1485 3819 1494 3827 ·
1524 3799 1611 3851 διὰ
1631 3798 1789 3851 τοῦτο
1819 3799 2004 3869 ἔχρισε

432 3908 490 3943 σε
516 3892 544 3943 ό
576 3892 727 3954 Θεὸς,
760 3894 787 3944 ὁ
812 3891 947 3952 Θεός
974 3907 1089 3954 σου,
1110 3891 1257 3944 ἔλεον
1307 3890 1678 3958 ἀγαλλιάσεως
1707 3889 1854 3957 παρὰ
1881 3891 2004 3950 τοὺς

434 3983 691 4053 μετόχους
737 4000 850 4036 σου.
888 4003 906 4035 ι
970 3984 1161 4036 Καίτοι
1216 3983 1323 4053 γὰρ
1398 3983 1660 4051 ὑπάρχων
1706 3980 1867 4043 αὑτὸς
1908 3980 2002 4032 τοῦ

433 4075 584 4142 ἁγίου
610 4074 929 4145 Πνεῦματος
957 4076 1212 4145 χορηγὸς,
1247 4076 1337 4126 καὶ
1363 4074 1461 4125 οὑκ
1507 4075 1570 4124 ἐκ
1607 4072 1805 4143 μέτρου
1831 4072 2007 4135 διδοὺς

430 4170 543 4231 τοῖς
570 4166 743 4232 ἀξίοις
768 4168 920 4221 αὑτό·
955 4169 1167 4237 πλήρης
1198 4170 1304 4238 γάρ
1332 4170 1466 4229 ἐστι,
1501 4186 1515 4215 ι
1546 4167 1639 4218 καὶ
1663 4166 1728 4217 ἐκ
1756 4164 1848 4217 τοῦ
1878 4164 2006 4233 πλη-

433 4260 683 4331 ρώματος
730 4259 895 4313 αὐτοῦ
946 4262 1107 4330 ἡμεῖς
1140 4262 1337 4322 πάντες
1372 4258 1661 4329 ἐλάϐομεν,
1700 4279 1716 4308 ι
1766 4257 1906 4310 κατὰ
1947 4258 2008 4310 τὸ

430 4352 835 4423 γεγραμμένον·
877 4353 1236 4423 οἰκονομικῶς
1282 4354 1355 4414 ὡς
1396 4352 1679 4422 ἄνθρωπος
1720 4350 2007 4421 κεχρῖσθαι

432 4444 671 4512 λέγεται,
716 4444 940 4513 νοητῶς,
971 4446 1066 4497 καὶ
1120 4446 1217 4497 οὑκ
1249 4445 1604 4514 ἁνθρωπῖνως
1632 4443 2007 4505 καταπτάντος

432 4536 518 4586 ἐπ’
566 4536 731 4589 αὑτὸν
764 4535 859 4589 τοῦ
905 4537 1063 4604 ἁγίου
1118 4537 1433 4606 Ιινεὺματος
1460 4578 1473 4597 ,
1511 4538 1598 4587 ἵνα
1637 4536 1730 4588 καὶ
1780 4537 1837 4587 ἐν
1879 4537 2009 4605 ἡμῖν

2109 3358 2231 3402 ret:
2270 3368 2287 3399 ι
2323 3348 2544 3410 Paries,
2594 3350 2815 3411 aiebat,
2867 3349 3067 3411 ﬁlium,
3116 3358 3172 3403 et
3227 3348 3447 3403 vocabis
3493 3365 3695 3402 nomen

2107 3439 2223 3507 ejus
2248 3439 2453 3497 Jesmn.
2499 3439 2618 3509 Ipse
2648 3442 2792 3493 enim
2820 3440 3025 3493 salvum
3059 3440 3221 3495 faciet
3248 3440 3499 3509 populum
3529 3457 3684 3494 suum

2107 3548 2135 3583 a
2166 3530 2400 3596 peccatis
2429 3545 2613 3583 eorum
2640 3532 2706 3583 ".
2744 3549 2763 3581 ι
2801 3528 3121 3583 Nominatus
3148 3540 3327 3584 autem
3356 3540 3410 3582 et
3437 3530 3689 3582 Christus

2107 3634 2190 3674 est
2218 3622 2283 3683 “,
2338 3630 2626 3691 propterea
2662 3621 2807 3690 quod
2842 3623 3141 3676 secundum
3188 3622 3479 3676 humanam
3524 3632 3682 3674 natu-

2111 3730 2223 3765 ram
2268 3714 2547 3767 nobiscum
2606 3721 2802 3767 unctus
2848 3712 3130 3779 est,juxta
3174 3712 3304 3765 illttd
3335 3711 3636 3766 Psalmistte
3667 3726 3689 3764 ιν

2116 3822 2131 3852 σ
2171 3804 2411 3858 Dilexisti
2452 3804 2748 3872 justitiam,
2806 3812 2859 3855 et
2907 3803 3067 3855 odisti
3116 3802 3459 3870 iniquitatem
3502 3819 3516 3854 :
3562 3816 3689 3868 prov

2109 3904 2293 3963 pterea
2342 3894 2501 3947 unxit
2535 3902 2588 3947 te
2634 3894 2797 3953 Deus,
2838 3894 2977 3946 Deus
3006 3902 3129 3947 tuus
3160 3892 3279 3947 oleo
3308 3891 3691 3947 exsultationis

2110 4003 2220 4054 prie
2255 3986 2601 4041 consortibus
2638 3985 2745 4038 tuis
2772 3984 2838 4038 ".
2877 4003 2895 4034 ι
2936 3983 3195 4047 Quamvis
3226 3982 3370 4037 enim
3400 3982 3488 4034 ille
3523 3981 3690 4051 Spiri—

2115 4089 2223 4132 tum
2257 4088 2503 4133 sanctum
2534 4078 2799 4147 largiatur
2825 4078 2893 4140 ²⁶,
2924 4091 3098 4145 neque
3130 4078 3196 4129 ad
3234 4092 3545 4129 mensuram
3580 4076 3683 4133 his.

2112 4174 2202 4241 qui
2235 4172 2381 4241 digni
2452 4182 2601 4235 sttnt,
2657 4186 2778 4225 eum
2828 4169 3089 4238 largiatur
3137 4167 3241 4237 (est
3279 4168 3422 4221 enim
3476 4167 3687 4235 plenus.

2119 4284 2138 4317 ι
2170 4275 2225 4319 et
2270 4268 2337 4320 de
2363 4264 2698 4334 plenitudine
2729 4264 2843 4329 ejus
2875 4278 2972 4315 nos
3006 4275 3199 4315 omnes
3226 4261 3534 4328 accepimus
3557 4258 3626 4319 ³⁷,
3664 4278 3679 4307 ι

2115 4358 2257 4412 sicut
2304 4357 2566 4425 scriptum
2629 4353 2785 4421 est);
2837 4361 3077 4405 attamen
3118 4361 3178 4405 ut
3226 4352 3386 4403 homo
3434 4359 3536 4415 est,
3579 4349 3691 4402 dis-

2113 4448 2423 4518 pensatorie
2460 4456 2652 4500 unctus
2689 4445 2907 4507 dicitur,
2956 4442 3292 4511 spiritaliter,
3332 4451 3386 4493 et
3433 4455 3537 4492 non
3589 4439 3691 4491 liti-

2118 4551 2281 4591 mano
2307 4549 2482 4598 more,
2516 4532 2799 4588 devolaute
2826 4546 2989 4601 super
3025 4532 3196 4598 ipsum
3240 4529 3443 4597 Spiritu
3480 4536 3688 4588 sancto,

434 4628 766 4699 καταμείνῃ,
818 4628 995 4681 καίτοι
1060 4629 1150 4681 διὰ
1213 4605 1311 4699 τὴν
1354 4632 1413 4681 ὲν
1476 4630 1646 4699 Ἀδὰμ
1691 4628 2000 4697 παράὸασιν

2116 4637 2173 4681 ut
2205 4635 2422 4680 maneat
2469 4625 2522 4679 in
2563 4624 2720 4678 nobis
2760 4621 2945 4684 etiam,
2995 4638 3023 4672 a
3074 4620 3272 4687 quibus
3305 4628 3524 4687 propter
3566 4616 3696 4670 Ada:

431 4720 806 4789 ἁποφοιτῆσαν
849 4723 906 4773 ὲν
936 4722 1153 4791 ἀρχαῖς.
1180 4721 1349 4783 Αὐτὸς
1382 4717 1473 4773 οὖν
1517 4723 1545 4771 ό
1582 4718 1872 4789 μονογενὴς
1911 4718 2005 4771 τοῦ

431 4813 563 4865 Θεοῦ
591 4813 763 4881 Λόγος
802 4813 939 4883 σὰρξ
978 4815 1286 4882 γενόμενος,
1322 4813 1581 4883 κέκληται
1620 4812 1885 4882 Χριστός’
1915 4810 2008 4863 καὶ

436 4906 530 4973 τὴν
574 4904 695 4975 Θεῷ
725 4906 1043 4976 πρέπουσαν
1084 4905 1314 4975 δύναμιν
1349 4904 1485 4958 ἰδίαν
1513 4904 1673 4973 ἔχων.
1723 4900 2011 4972 εἰργάζετο

434 4996 735 5068 παράδοξα.
776 5000 839 5049 Οἱ
877 4998 1054 5050 τοίνυν
1081 4997 1327 5065 λέγοντες
1358 5000 1423 5068 τῇ
1457 4995 1694 5067 Χριστοῦ
1724 4994 2012 5064 δυναστείᾳ

432 5087 529 5157 τὴν
554 5087 650 5140 τοῦ
688 5088 1032 5155 Μονογενοῦς
1089 5088 1330 5152 εὐδοξίαν
1364 5088 1688 5160 περιῆφθαι,
1740 5087 1815 5149 ὡς
1861 5086 2012 5148 ὄντος

432 5179 622 5249 ἐτέρου
650 5178 743 5233 τοῦ
770 5180 1116 5247 Μονογενοῦς
1152 5182 1302 5249 παρὰ
1347 5182 1434 5233 τὶν
1469 5180 1722 5250 Χριστὸν,
1752 5179 1846 5231 δύο
1880 5196 2012 5247 (ppo-

440 5271 614 5325 ιοῦσιν
640 5273 819 5335 υἱούς·
866 5276 959 5326 καὶ
990 5275 1079 5327 τὸν
1136 5276 1234 5343 μὲν
1275 5273 1620 5343 ἐνεργοῦντα,
1654 5274 1741 5325 τὸν
1780 5274 1834 5324 δὲ
1863 5274 2013 5342 ἐνερ-

446 5363 696 5433 γοῦμενον
740 5364 816 5428 ὡς
843 5364 1130 5435 ἄνθρωπον
1161 5366 1256 5420 ἕνα
1288 5366 1394 5417 τῶν
1430 5365 1553 5419 καθ’
1580 5367 1727 5435 ἡμᾶς
1748 5381 1759 5393 ·
1816 5363 2016 5433 ταύτῃ-

2118 4715 2610 4787 transgressionem
2639 4712 2792 4765 initio
2821 4720 3140 4764 recesserat.
3176 4707 3355 4775 Ipsum
3375 4706 3555 4773 itaque
3573 4703 3695 4757 uoi-

2118 4811 2359 4879 gettitum
2392 4807 2482 4860 Dei
2521 4805 2753 4859 Verbum
2791 4803 3131 4857 incarnatum
3173 4800 3425 4853 Christus
3458 4795 3697 4866 appella-

2121 4912 2230 4955 tum
2279 4908 2404 4955 est:
2437 4908 2491 4954 et
2532 4914 2654 4952 cum
2699 4895 2971 4964 propriam
3010 4894 3304 4961 potentiam
3357 4892 3553 4943 habeat
3588 4888 3697 4940 Deo

2124 4992 2361 5061 dignam,
2412 4988 2657 5041 miranda
2705 4995 2987 5055 operatum
3027 4993 3129 5037 est.
3166 4984 3267 5048 Qui
3323 4996 3452 5049 ergo
3492 4979 3694 5033 Christi

2120 5083 2376 5153 potentia:
2415 5080 2675 5150 unigeniti
2706 5078 2931 5149 gloriam
2965 5076 3268 5130 accessisse
3303 5074 3510 5137 dicunt,
3542 5072 3695 5141 quasi

2122 5174 2432 5245 nuigenitus
2463 5173 2602 5225 alter
2632 5172 2703 5224 sit
2741 5187 2768 5223 a
2798 5169 3038 5232 Christo,
3077 5169 3212 5220 duos
3253 5166 3392 5219 ﬁlios
3413 5181 3538 5219 esse
3570 5180 3698 5217 sen-

2126 5270 2298 5331 tiunt,
2345 5265 2579 5319 alterum
2632 5263 2849 5330 quidem
2893 5270 3243 5329 aperantem;
3296 5258 3523 5311 alterum
3574 5271 3702 5309 vero

2126 5360 2349 5414 alterius
2390 5358 2463 5420 vi,
2509 5367 2763 5423 tanquam
2799 5354 3069 5407 hominem
3115 5350 3267 5404 nobis
3300 5348 3553 5412 similem,
3601 5347 3701 5400 itit-

504 5541 550 5573 “
578 5541 812 5613 Philipp.
838 5560 898 5608 tt,
934 5544 1019 5598 ll).
1100 5544 1144 5575 ’³
1171 5544 1300 5599 Luc.
1337 5561 1369 5607 I,
1404 5544 1491 5597 51.
1572 5546 1616 5573 “
1642 5542 1827 5595 Matth.
1858 5557 1896 5602 t,
1932 5539 1993 5593 2|

2107 5541 2143 5570 ³⁸
2171 5537 2311 5591 Psal.
2348 5552 2496 5601 χειν,
2528 5537 2579 5589 8.
2659 5533 2878 5589 “Joan.
2918 5533 2971 5597 3,
3010 5534 3099 5586 Si.
3178 5534 3219 5563 ³⁷
3248 5530 3403 5585 Joan.
3437 5548 3475 5595 ι,
3509 5530 3589 5587 16.

1490 5703 1660 5758 Varia:
1688 5701 1945 5757 lectiones
1974 5716 2040 5753 ex
2067 5700 2253 5755 codice
2279 5697 2650 5767 Seguieriano.

510 5866 539 5909 1
568 5858 847 5931 συνάρχει.
