4104 6336
413 395 521 461 sua

1336 407 1345 421 '
1438 397 1499 454 S.
1538 397 1810 455 CYRIBIJ
1851 400 2319 457 ALEXANDRINI
2357 396 2679 457 ARCHIEP.

3566 395 3677 454 30$

414 510 659 577 pulsum;
718 512 768 567 in
836 511 994 584 hujus
1065 516 1500 574 anathemalismi
1565 536 1776 575 umnam
1851 523 1981 579 inci-

2087 543 2168 578 τοι
2228 526 2321 579 καὶ
2377 523 2739 595 ὑποφέρονται
2798 524 2865 594 τῇ
2915 520 3142 594 δυνάμει
3192 519 3288 575 τοῦ
3342 519 3674 590 ἀναθεματι-

412 600 566 656 dunt.

791 717 1431 777 ANATHEMATISMHS
1475 721 1602 778 VIII.

486 827 542 881 Si
579 829 700 896 quis
736 829 921 885 dicere
952 833 1134 895 audet,
1190 835 1462 889 hominem
1504 847 1837 905 assumptum
1880 854 1988 891 uua

413 935 536 973 cum
585 920 676 973 Dei
725 920 899 977 Verbo
939 926 1299 990 adorandum,
1351 935 1408 980 et
1447 928 1985 998 conglorilicandum,

412 1022 467 1063 et
498 1010 689 1075 Deum,
739 1023 994 1083 tanquam
1037 1016 1269 1071 alterum
1308 1034 1428 1072 cum
1474 1019 1667 1079 altero.
1700 1022 1987 1075 (-onuomi-

414 1102 647 1156 nandum
710 1118 829 1159 esse
865 1106 1032 1171 (hunc
1084 1108 1231 1163 enim
1291 1110 1626 1166 intellectum
1679 1110 1984 1181 particula,

412 1192 571 1257 Cum,
613 1195 845 1264 adjecta,
877 1208 1137 1267 perpetuo
1160 1214 1226 1255 ac
1260 1204 1572 1258 necessario
1598 1202 1774 1275 aliert)
1802 1212 1855 1259 et
1879 1217 1985 1257 non

413 1284 594 1352 potius
631 1300 733 1338 una
768 1287 1085 1345 adoratione
1111 1290 1515 1363 Emmanuelem
1544 1294 1794 1357 honorat,
1827 1294 1988 1366 155,

415 1389 687 1443 unamque
736 1377 810 1431 illi
876 1378 1328 1449 gloriﬁcationem
1387 1384 1672 1449 attribuit,
1719 1397 1987 1455 quatenus

413 1461 648 1520 Verbum
682 1467 880 1523 factum
908 1482 989 1525 est
1020 1487 1147 1526 caro
1182 1490 1197 1525 ε
1236 1475 1523 1529 anathema
1553 1476 1641 1530 sit.

912 1581 1212 1637 Declaratio
1263 1597 1469 1640 octava.

481 1680 746 1759 Baptizati
782 1709 969 1750 sumus
1002 1697 1053 1750 in
1088 1713 1252 1750 unum
1284 1698 1448 1752 Deum
1485 1698 1700 1755 Patrem
1735 1704 1983 1772 omnipo-

411 1792 636 1849 tentem,
688 1795 742 1839 et
788 1785 840 1839 in
894 1803 1060 1841 unum
1096 1788 1316 1855 Filium,
1363 1802 1419 1845 et
1464 1793 1515 1845 in
1560 1810 1723 1846 unum
1768 1811 1984 1863 quoque

411 1874 673 1943 Spiritum
720 1888 992 1934 sanetum.
1055 1899 1074 1932 ι
1104 1882 1183 1935 An
1217 1881 1479 1951 ignoratis
1504 1923 1519 1947 ,
1566 1884 1761 1941 fratres
1786 1928 1801 1951 ,
1842 1907 1859 1937 ι
1908 1888 1984 1941 ait

409 1965 601 2020 beatus
626 1966 846 2033 Paulus,
879 1986 899 2020 ο
928 1971 1049 2037 quia
1088 1971 1401 2043 quicunque
1431 1976 1482 2027 in
1499 1974 1774 2029 Christum
1796 1974 1983 2031 Jesum
2017 1972 2059 2026 B

409 2055 672 2125 baptizati
707 2074 915 2125 sumus,
946 2060 1002 2114 in
1031 2072 1261 2117 mortem
1288 2064 1456 2131 ipsius
1482 2066 1737 2132 baptizati
1761 2067 1987 2121 sumus?

407 2145 721 2215 Consepulti
755 2165 882 2220 ergo
916 2166 1104 2206 sumus
1125 2168 1250 2207 cum
1300 2154 1393 2209 illo
1431 2170 1526 2225 per
1560 2158 1884 2225 baptismum
1927 2158 1979 2212 iu

406 2248 677 2305 mortem;
720 2250 771 2294 ut
810 2245 1082 2308 quomodo
1110 2246 1364 2301 Christus
1388 2249 1646 2301 .surrexit
1681 2264 1710 2302 a
1756 2251 1981 2304 mortuis

407 2343 504 2395 per
529 2330 755 2399 gloriam
786 2332 985 2397 Patris,
1017 2337 1089 2391 ita
1124 2347 1180 2392 et
1224 2353 1320 2393 nos
1351 2338 1403 2393 in
1446 2342 1687 2395 novitate
1719 2343 1838 2397 vita:
1867 2359 1979 2396 am-

407 2421 652 2476 bulemus
674 2422 739 2475 ’⁸.
772 2442 791 2475 ι
824 2425 1165 2480 Credidimus
1192 2427 1395 2498 itaque,
1431 2439 1486 2483 et
1513 2430 1769 2499 baptizati
1796 2447 1982 2487 sumus

408 2513 460 2565 iu
494 2528 680 2579 unum,
710 2525 768 2568 ut
797 2515 929 2582 dixi,
960 2517 1153 2573 Filium
1191 2521 1475 2575 Dominum
1517 2533 1760 2577 nostrum
1794 2523 1978 2578 Jesum

405 2601 707 2669 Christum,
757 2606 860 2659 hoc
907 2617 1009 2671 est.
1050 2610 1426 2674 iucarnatum,
1470 2612 1853 2682 hominemque
1897 2615 1976 2667 fa-

405 2707 553 2747 ctum
599 2692 694 2750 Dei
741 2692 921 2753 Patris
977 2699 1260 2767 Verbum;
1303 2718 1579 2771 unumque
1625 2704 1978 2759 exsislentem

404 2798 458 2838 et
489 2786 654 2840 Deum
683 2789 913 2844 adorare
947 2792 1123 2845 edocti
1180 2808 1390 2857 sumus,
1421 2811 1483 2847 ac
1520 2810 1769 2864 supernae
1804 2796 1976 2850 virtu-

405 2886 487 2930 tes
536 2878 835 2933 uobiscum.
886 2882 1159 2953 Scriptum
1212 2895 1296 2939 est
1340 2886 1525 2941 enim:
1564 2905 1581 2938 ι
1612 2886 1747 2941 Cum
1797 2898 1977 2942 autem

402 2968 704 3025 introducit
746 2972 1172 3043 Primogeuitum
1232 2977 1285 3031 iu
1336 2978 1521 3032 orbem
1570 2987 1747 3044 terrae,
1799 2980 1974 3034 dicit:

401 3058 468 3113 Et
503 3063 734 3116 adorent
782 3079 905 3117 eum
952 3082 1142 3122 omnes
1177 3068 1353 3136 angeli
1394 3069 1487 3122 Dei
1511 3069 1575 3120 ".
1611 3088 1628 3119 ι
1666 3068 1861 3123 Factus
1896 3078 1979 3123 est

402 3164 583 3208 autem
614 3153 937 3227 Uuigeuilus
976 3159 1392 3229 primogenitus,
1430 3161 1645 3228 quando
1687 3162 1849 3217 homo
1881 3178 1977 3213 no-

404 3245 489 3300 his
544 3246 739 3302 similis
790 3249 1082 3317 apparuit:
1114 3259 1243 3305 tunc
1303 3253 1446 3305 enim
1499 3253 1711 3308 illorum
1760 3268 1974 3321 quoque

2098 636 2257 689 σμυυ.

2521 728 3111 783 ΛΝΛΘΕΜΛΤΙΣΜυΣ
3148 729 3230 783 H'.

2167 844 2236 896 Ei’
2277 862 2359 908 τις
2405 844 2578 914 τολμᾷ
2621 842 2801 911 λέγειν
2834 841 2923 895 τὸν
2962 838 3343 910 ἀναληφθέντα
3386 836 3672 907 ἄνθρωπον

2097 935 2629 1008 συμπροπκυνεῖσθαι
2676 937 2787 988 δεῖν
2826 933 2903 1005 τῷ
2928 933 3047 1003 Θεῷ
3072 933 3257 1004 Λόγῳ,
3288 931 3384 985 καὶ
3416 928 3669 992 συνδοξάα

2095 1029 2305 1093 ζεσθαι,
2325 1029 2419 1081 καὶ
2451 1026 2917 1099 συγχρηματίζειν
2934 1036 2955 1062 ι
2981 1025 3134 1089 Θεὸν,
3150 1025 3225 1086 ὡς
3245 1024 3431 1094 ἕτερον
3459 1022 3632 1092 ἑτέρῳ
3652 1036 3667 1049 ο

2093 1120 2156 1174 τὸ
2180 1120 2312 1192 γὰρ,
2346 1120 2472 1185 Σύν,
2504 1120 2593 1173 ἀεὶ
2623 1118 3051 1189 προστιθέμενον
3074 1117 3233 1170 τοῦτο
3256 1118 3397 1169 νοεῖν
3422 1114 3667 1182 ἀναγκά-

2096 1230 2174 1266 σει
2196 1229 2208 1241 °
2245 1212 2338 1265 καὶ
2372 1212 2495 1283 οὐχὶ
2522 1212 2586 1281 δὴ
2629 1211 2829 1281 μᾶλλον
2861 1213 2960 1282 μιᾷ
2997 1211 3371 1281 προσκυνήσει
3407 1209 3546 1279 τιμᾷ
3573 1206 3668 1260 τὸν

2106 1301 2491 1374 Ἐμμανουήλ,
2541 1304 2635 1355 καὶ
2682 1302 2813 1372 μίαν
2868 1301 3017 1371 αὑτῷ
3057 1299 3156 1371 τὴν
3203 1298 3495 1370 ὁμολογίαν
3538 1313 3667 1350 συν-

2095 1394 2256 1448 ἅπτει
2287 1407 2337 1461 ιι,
2367 1393 2502 1448 καθὸ
2529 1394 2717 1463 γέγονε
2753 1390 2889 1464 σὰρξ
2915 1394 2943 1445 6
2977 1392 3149 1459 Λόγος
3169 1408 3184 1421 ’
3220 1389 3467 1461 ἀνάθεμα
3501 1388 3666 1443 ἔστω.

2665 1595 2979 1660 Ἐπίλυσις
3032 1598 3101 1659 η’.

2163 1710 2257 1771 Εἰς
2285 1709 2382 1762 ’ἐνα
2417 1708 2569 1769 Θεὸν,
2599 1707 2820 1777 Πατέρα
2848 1706 3288 1776 παντοκράτορα,
3323 1703 3417 1758 καὶ
3449 1704 3529 1767 εἰς
3567 1702 3664 1755 ἕνα

2091 1800 2218 1853 Υἱὸν
2241 1840 2255 1864 ,
2318 1799 2413 1852 καὶ
2463 1799 2569 1867 μὴν
2622 1798 2717 1851 καὶ
2750 1799 2828 1860 είς
2868 1797 2925 1849 ἓν
2955 1796 3179 1867 Πνεῦμα
3213 1796 3367 1864 ἆγιον
3406 1794 3663 1863 βεϐαπτί-

2092 1893 2300 1961 σμεθα’
2357 1886 2477 1943 εἶτά
2546 1906 2709 1959 φησιν
2780 1890 2808 1940 6
2879 1889 3147 1959 μακάριος
3194 1884 3442 1949 Παῦλος,
3493 1904 3512 1937 ι
3548 1885 3664 1938 Οὑκ

2088 1983 2299 2045 οἴδατε,
2357 1984 2438 2035 ὅτι
2500 1982 2613 2034 ὅσοι
2671 1982 2752 2043 είς
2803 1979 3038 2050 Χριστὸν
3088 1977 3525 2047 ὲόαπτίσθημεν,
3582 1977 3664 2038 είς

2090 2073 2180 2127 τὸν
2252 2073 2483 2126 θάνατον
2547 2072 2712 2125 αὑτοῦ
2773 2069 3217 2140 ὲὸαπτίσθημενς
3276 2068 3663 2141 Συνετάφημεν

2089 2160 2182 2219 οῦν
2233 2164 2381 2234 αὑτῷ
2424 2162 2513 2216 διὰ
2541 2162 2635 2216 τοῦ
2670 2161 3047 2232 βαπτίσματος
3081 2158 3245 2212 αὑτοῦ
3276 2159 3356 2221 είς
3383 2157 3475 2211 τὸν
3504 2157 3663 2210 θάνα-

2088 2269 2210 2307 τον’
2244 2255 2332 2307 ἵνα
2373 2252 2560 2322 ὥσπερ
2585 2250 2797 2321 ἠγέρθη
2836 2248 3071 2320 Χριστὸς
3101 2250 3166 2301 ἐκ
3205 2247 3415 2318 νεκρῶν
3441 2247 3529 2300 διὰ
3564 2246 3664 2315 τῆς

2088 2345 2245 2416 δόξης
2270 2344 2365 2399 τοῦ
2395 2344 2632 2413 Πατρὸς,
2651 2341 2793 2395 οὑτω
2816 2342 2909 2395 καὶ
2937 2342 3097 2411 ἡμεῖς
3118 2342 3177 2394 ὲν
3206 2340 3484 2409 καινότητι
3515 2337 3661 2408 ζωῆς

2092 2436 2583 2507 περιπατήσωμεν.
2609 2454 2627 2485 ι
2654 2432 3108 2503 Πεπιστεὺκαμεν
3145 2431 3342 2495 τοίνυν,
3381 2430 3475 2483 καὶ
3500 2429 3661 2498 βεϐα-

2090 2526 2367 2597 πτίσμεθα
2394 2528 2475 2587 είς
2506 2526 2605 2579 ἕνα.
2631 2564 2646 2588 ,
2677 2525 2930 2595 καθάπερ
2962 2523 3121 2593 ἔφην,
3161 2522 3289 2575 Υἱὸν
3329 2521 3420 2573 τὸν
3458 2520 3663 2591 Κύριον

2088 2621 2245 2693 ἡμῶν
2281 2618 2488 2689 Ἰησοῦν
2519 2616 2777 2689 Χριστὸν,
2818 2616 3106 2680 τουτέστι,
3146 2611 3563 2685 σεσαρκωμένον
3599 2627 3662 2664 τε

2088 2715 2182 2767 καὶ
2208 2712 2705 2782 ὲνανθρωπήσαντα
2734 2711 2824 2762 τὸν
2856 2711 2923 2762 ἐκ
2943 2706 3078 2762 Θεοῦ
3109 2706 3322 2776 Πατρὸς
3350 2705 3538 2772 Λόγον,
3566 2702 3663 2756 ἕνα

2087 2824 2145 2860 τε
2191 2806 2321 2860 ὄντα
2373 2804 2556 2858 Θεὸνδ
2608 2804 2933 2873 προσκυνεῖν
2978 2797 3355 2867 δεδιδάγμεθα,
3404 2797 3498 2849 καὶ
3541 2794 3662 2866 μεθ’

2087 2898 2246 2969 ἡμῶν
2272 2899 2328 2950 αἱ
2356 2897 2469 2950 ἀνω
2499 2895 2791 2965 δυνάμεις·
2821 2893 3135 2963 γέγραπται
3161 2891 3270 2961 γάρ
3290 2907 3304 2921 ·
3343 2907 3361 2940 ι
3397 2889 3567 2940 Ὅταν
3602 2887 3662 2940 δὲ

2086 2988 2453 3059 προσαγάγῃο
2484 2986 2575 3039 τὸν
2602 2984 2946 3055 πρωτότοκον
2964 2982 3043 3043 εἰς
3067 2980 3165 3050 τὴν
3194 2976 3542 3047 οἰκουμένην,
3572 2972 3661 3025 λέ-

2085 3096 2204 3147 γει·
2251 3078 2362 3131 Καὶ
2394 3074 2929 3148 προσκυνησάτωσαν
2975 3068 3177 3125 αὐτὸ·θά
3211 3068 3411 3129 πάντες
3441 3063 3659 3133 ἄγγελοι

2085 3170 2243 3224 Θεοῦ.
2271 3186 2288 3220 ›
2322 3168 2518 3237 Γέγονε
2552 3167 2609 3220 δὲ
2637 3164 2983 3235 πρωτότοκος
3005 3162 3033 3216 6
3064 3157 3487 3228 Μονογενὴς,ὃτι
3513 3155 3608 3209 καὶ⁴
3632 3165 3657 3194 ο

2086 3263 2373 3334 ἄνθρωπος
2408 3260 2617 3329 πέφηνε
2646 3257 2766 3312 καθ’
2795 3257 2940 3327 ἡμᾶς
2962 3271 2975 3283 ο
3022 3253 3145 3307 τότε
3177 3251 3283 3321 γὰρ
3310 3252 3404 3303 καὶ
3432 3247 3661 3316 ἀδελφὸς

400 3335 574 3393 frater
622 3339 929 3409 appellatus
964 3352 1069 3405 est,
1118 3343 1207 3410 qui
1262 3343 1409 3398 illum
1457 3344 1708 3413 diligunt.
1754 3346 1809 3399 Si
1861 3346 1980 3413 quis

2087 3327 2458 3427 κεχρημάτικε
2495 3327 2604 3405 τῶν
2640 3348 2980 3419 ἀγαπώντων
3025 3345 3207 3399 αὑτόν.
3268 3344 3334 3397 Ei’
3357 3360 3441 3406 τις
3478 3342 3666 3393 τοίνυν

397 3442 530 3500 ergo
553 3429 700 3483 illum
738 3430 899 3484 simul
948 3434 1163 3487 adorari
1211 3434 1362 3497 dicit,
1406 3443 1659 3504 tanquam
1705 3434 1978 3489 hominem

399 3531 669 3581 seorsum,
724 3534 847 3573 eum
896 3521 986 3574 Dei
1048 3522 1226 3579 Patris
1261 3522 1436 3579 Verbo
1492 3534 1746 3594 tanquam
1806 3526 1981 3579 altero

400 3609 471 3661 ab
504 3609 641 3676 ipso,
670 3619 723 3663 et
753 3626 860 3664 non
914 3614 1208 3667 secundum
1242 3629 1426 3668 veram
1466 3615 1719 3668 unionem
1751 3614 1980 3684 conjun-

400 3710 533 3766 gens
581 3697 633 3751 in
679 3714 844 3753 unum
891 3699 1167 3755 Christum
1216 3711 1271 3756 et
1321 3701 1515 3757 Filium
1569 3712 1625 3757 et
1669 3704 1979 3766 Dominum,

401 3802 509 3842 una
561 3789 882 3845 adoratione
930 3791 1180 3861 honorat,
1221 3791 1371 3863 juste
1415 3794 1601 3851 virtuti
1643 3794 1803 3867 hujus
1845 3810 1977 3850 ana-

403 3880 733 3936 thematisnri
769 3884 1076 3955 subjicitur.

796 3997 1439 4058 ANATHEMATISMUS
1479 3999 1571 4056 ΙΧ.

472 4104 531 4161 Si
563 4108 687 4178 quis
732 4125 895 4163 unum
930 4110 1213 4166 Dominum
1238 4110 1422 4167 Jesum
1457 4111 1740 4167 Chrismm
1793 4130 1820 4167 a
1851 4113 1965 4184 Spi-

405 4200 515 4256 ritu
559 4202 919 4258 elariﬁcatum
971 4204 1207 4269 dixerit,
1260 4206 1477 4274 propria
1520 4206 1718 4261 virtute
1766 4207 1934 4275 ipsius
1963 4248 1978 4274 ,

410 4301 666 4361 tauquam
711 4294 887 4348 aliena
925 4302 1295 4362 utentem-,ac
1327 4296 1434 4351 vim
1463 4305 1517 4350 et
1566 4296 1862 4353 elﬁcaciam
1911 4302 1980 4356 ab

408 4382 600 4438 eodem
649 4386 950 4452 accepisse,
1001 4401 1103 4455 qua
1161 4395 1350 4441 contra
1400 4388 1710 4445 immundos
1755 4392 1979 4460 spiritus

405 4486 750 4546 operaretur,
790 4487 845 4532 et
874 4478 1057 4531 divina
1113 4479 1255 4535 inter
1297 4481 1545 4537 homines
1586 4483 1847 4539 miracula
1884 4501 1978 4555 pa—

404 4575 597 4633 traret,
649 4584 714 4625 ac
764 4586 869 4624 non
902 4571 1080 4640 potius
1127 4574 1301 4641 ipsum
1356 4572 1638 4643 Spiritum,
1690 4591 1788 4644 per
1817 4591 1975 4645 quem

2085 3441 2684 3518 συμπροσκυνεῖσθαίΐ
2758 3456 2924 3509 φησιν
2982 3438 3057 3501 ὡς
3121 3435 3408 3507 ἄνθρωπον
3474 3430 3662 3495 ίδικῶς

2083 3538 2297 3609 ἐτέρῳε
2330 3537 2461 3605 παρ’
2504 3532 2667 3587 αὑτὸν
2714 3531 3013 3601 ὑπάρχοντι
3061 3527 3138 3596 τῷ
3170 3528 3234 3580 ὲκ
3276 3522 3411 3579 Θεοῦ
3444 3521 3661 3593 Πατρὸς

2084 3623 2263 3694 Λόγῳ,
2303 3621 2398 3676 καὶ
2433 3620 2555 3691 οὑχ).
2586 3617 2708 3672 καθ’
2748 3617 2944 3670 ἕνωσιν
2976 3613 3154 3684 ἀληθῆ
3194 3610 3532 3681 συνενεγκὼν
3577 3610 3659 3673 είς

2080 3713 2180 3767 ἕνα
2231 3712 2487 3783 Χριστὸν,
2543 3710 2636 3763 καὶ
2686 3708 2839 3774 Υἱὸν,
2896 3706 2992 3760 καὶ
3046 3704 3275 3775 Κύριον,
3342 3705 3442 3775 μιᾷ
3495 3716 3660 3772 προσ-

2084 3805 2305 3876 κυνήσει
2335 3803 2508 3873 τιμᾷ,
2544 3799 2878 3870 ὑποφέρεται
2911 3794 3137 3860 δικαίως
3182 3796 3249 3867 τῇ
3296 3794 3523 3864 δυνάμει
3559 3787 3659 3845 τοῦ

2081 3891 2550 3967 ἀναθεματισμοῦ.

2509 4002 3098 4060 ΑΝΑΘΕΜΑΤΙΣΜΟΣ
3132 3999 3211 4057 8'.

2155 4125 2222 4178 Et
2256 4140 2340 4186 τις
2376 4138 2532 4189 φησι,
2578 4118 2669 4172 τὸν
2698 4117 2795 4171 ἕνα
2829 4116 3032 4186 Κύριον
3069 4112 3273 4182 Ἰησοῦν
3304 4110 3539 4182 Χριστὸν
3573 4108 3657 4161 δο-

2085 4213 2384 4281 ξάζεσθαιδ
2421 4212 2574 4285 παρὰ
2606 4211 2701 4264 τοῦ
2733 4209 3053 4279 Πνεὺματος
3072 4248 3086 4271 ,
3116 4207 3190 4270 ὼς
3215 4203 3469 4274 ἀλλοτρίᾳ
3492 4201 3656 4255 δυνά-

2085 4328 2176 4380 μει
2200 4312 2267 4380 τῇ
2300 4310 2406 4378 ἰδίᾳ
2432 4305 2601 4360 αὑτοῦ
2622 4303 2923 4375 χρώμενον,
2959 4302 3051 4355 καὶ
3073 4301 3202 4371 παρ’
3233 4296 3398 4353 αὑτοῦ
3424 4295 3658 4349 λαϐόντα

2081 4400 2143 4452 τὸ
2175 4399 2420 4466 ἐνεργεῖν
2466 4394 2728 4448 δύνασθαι
2759 4392 2901 4444 κατά
2945 4388 3274 4458 πνευμάτων
3304 4384 3657 4454 ἀκαθάρτων,

2082 4490 2177 4544 καὶ
2220 4490 2281 4542 τὸ
2306 4486 2547 4557 πληροῦν
2579 4486 2660 4547 είς
2687 4481 3005 4550 ἀνθρώπους
3048 4482 3144 4543 τὰς
3177 4476 3534 4549 θεοσημίαςί,
3560 4473 3657 4528 καὶ

2081 4582 2203 4651 οὐχὶ
2231 4581 2296 4650 δὴ
2327 4579 2525 4649 μᾶλλον
2555 4577 2682 4630 ῖδιον
2716 4572 2881 4627 αὑτοῦ
2935 4573 2996 4625 τὸ
3041 4570 3264 4642 Πνεῦμά
3300 4586 3457 4637 φησι,
3489 4566 3556 4620 δι’
3591 4558 3655 4621 οῦ

400 4654 583 4711 divina
628 4658 781 4726 signa
814 4660 1005 4725 edidit,
1036 4660 1181 4715 illius
1222 4661 1498 4730 proprium
1529 4679 1651 4720 esse
1690 4665 1976 4723 confessus

2087 4676 2179 4728 καὶ
2201 4673 2474 4743 ἐνήργησε
2504 4669 2603 4733 τὰς
2631 4667 2927 4738 θεοσημίας
2954 4664 3001 4714 i-
3038 4663 3288 4733 ἀνάθεμα
3315 4660 3477 4714 ἔστω.

399 4746 595 4805 fuerit:
626 4752 917 4806 anathema
947 4753 1038 4808 sit.

937 4863 1239 4919 Declaratio
1269 4883 1428 4920 nona.

466 4971 608 5028 Etsi
639 4974 975 5042 unigenitum
1021 4974 1111 5031 Dei
1145 4976 1378 5032 Verbum
1427 4980 1587 5033 homo
1619 4980 1819 5035 factum
1863 4990 1966 5046 est,

394 5065 590 5119 mansit
622 5074 800 5119 tamen
856 5066 996 5119 Deus
1031 5068 1213 5121 omnia
1250 5068 1406 5139 155
1430 5079 1623 5138 praeter
1660 5072 1830 5126 solam
1875 5089 1971 5141 pa-

394 5153 705 5208 teruitatem
773 5170 895 5209 cum
948 5152 1114 5210 Patre
1155 5160 1465 5212 communia
1520 5159 1766 5215 habens:
1799 5162 1972 5231 Spiri-

397 5255 620 5312 tumque
654 5255 926 5311 sanctum,
962 5247 1053 5316 qui
1091 5262 1154 5300 ex
1192 5247 1311 5313 ipso
1333 5260 1436 5313 est,
1466 5251 1676 5319 ipsique
1699 5255 1969 5307 essentia-

395 5334 520 5391 liter
548 5334 712 5397 inest,
744 5339 1023 5405 proprium
1050 5338 1277 5403 habens,
1310 5341 1505 5396 divinae
1530 5343 1783 5411 potentia:
1818 5344 1971 5413 signa

462 5498 506 5529 ’⁸
532 5497 691 5553 Rom.
718 5514 795 5562 νι,
832 5498 867 5553 3
897 5515 1053 5572 seqq.
1127 5503 1173 5534 ”
1199 5502 1362 5557 Hebr.
1396 5519 1436 5567 l,
1466 5504 1520 5559 6.

2657 4868 2975 4933 Ἐπίλυσις
3015 4870 3086 4920 0'.

2155 4984 2486 5055 Ἀνθρωπος
2518 4981 2758 5050 γεγονὼς
2790 4981 2819 5033 6
2846 4977 3138 5050 μονογενὴς
3167 4977 3261 5030 τοῦ
3300 4976 3435 5030 Θεοῦ
3463 4975 3659 5042 Λόγος,

2078 5075 2474 5146 ἀπομεμένηκε
2509 5074 2602 5127 καὶ
2645 5072 2790 5127 οὑτω
2836 5071 2971 5136 Θεὸς
2992 5112 3007 5134 ,
3043 5070 3222 5123 πάντα
3261 5069 3521 5138 ὑπάρχων
3556 5067 3658 5119 ὅσα

2082 5170 2177 5222 καὶ
2208 5169 2238 5220 6
2264 5168 2475 5238 Πατὴρ,
2508 5166 2632 5236 δίχα
2668 5166 2829 5236 μόνου
2851 5164 2943 5217 τοῦ
2968 5160 3109 5217 εἶναι
3142 5163 3334 5233 Πατήρ
3357 5178 3368 5189 ·
3403 5159 3496 5212 καὶ
3526 5158 3661 5211 ἴδιον

2080 5258 2221 5329 ἔχων
2266 5258 2327 5311 τὸ
2368 5257 2427 5321 ὲξ
2486 5257 2674 5321 αὑτοῦ,
2713 5258 2806 5311 καὶ
2846 5255 3120 5318 οὑσιωδῶς
3151 5252 3467 5324 ἐμπεφυκὸς
3508 5248 3658 5318 αὐτῷ

2082 5349 2310 5420 Πνεῦμα
2336 5350 2514 5415 ἆγιον,
2540 5347 2828 5421 εἰργάζετο
2854 5350 2951 5412 τὰς
2977 5346 3272 5417 θεοσημίας
3290 5350 3313 5385 κ
3339 5360 3353 5375 ’
3395 5343 3536 5396 ὥστε
3563 5340 3659 5394 καὶ

1451 5639 1623 5696 Variae
1648 5643 1908 5699 lectiones
1939 5658 2008 5698 ex
2040 5661 2228 5703 cootce
2259 5648 2627 5718 Seguiertauo.

467 5767 489 5833 ξ
528 5754 974 5833 συσχηματίζειν.
993 5828 1009 5833 _
1055 5770 1080 5799 ι
1108 5759 1416 5833 δοξολογίαν
1444 5763 1696 5827 ἀνάπτει,
1722 5763 1877 5833 alias,
1905 5764 2244 5833 άναπέμπει.
2310 5767 2338 5806 ιι
2369 5768 2463 5819 καὶ
2492 5767 2643 5820 Θεόν.

2751 5778 2772 5806 ε
2797 5767 3088 5837 εἰσαγάγῃ.
3197 5765 3221 5805 ά
3255 5764 3420 5833 αὐτῷ.
3519 5763 3650 5819 εὸτι

395 5830 508 5882 καί.
598 5827 617 5866 ί
655 5828 1101 5897 προσκυνεῖσθαι.
1168 5831 1316 5882 8καί
1348 5833 1424 5894 ὡς
1454 5834 1644 5905 ἑτέρῳ.
1724 5827 2113 5897 ιιδεδοξάσθαι.
2198 5835 2598 5908 ἱθεοσημείας.
2682 5827 3067 5908 ιθεοσημέίαςΪ
3134 5827 3539 5907 1ίθεεοσημιείιιις.
