4104 6336
394 442 505 500 209

1427 440 1843 501 EXPLICATIO
1882 442 2237 504 DUODECIM
2280 451 2614 511 CAPITUM.

3548 439 3655 521 ato
3729 458 3746 475 '

398 557 682 626 ἄνθρωπος
731 553 1010 622 veram.
1061 554 1437 628 ἐπιμεμιὲνηκε
1486 558 1582 613 καὶ
1624 559 1767 614 οὕτω
1801 560 1964 625 eae;-

2075 570 2421 635 operabatur.
2462 570 2648 639 Quare
2696 581 3047 642 posteaquam
3092 573 3253 627 homo
3300 572 3499 629 factum
3540 589 3647 643 est,

396 648 536 701 ὥστε
569 646 675 717 ίδία
699 645 928 716 δυνάμει
957 650 1024 718 τῇ
1052 647 1138 702 διά
1166 646 1261 701 τοῦ
1292 648 1609 720 Πνεῦματος
1634 650 1875 723 ἐπλήρου
1902 654 1971 707 τά

396 738 670 806 θαύματα.
700 738 764 790 Οἱ
790 738 847 791 δὲ
879 738 1149 807 λέγοντες,
1179 740 1255 803 ὡς
1286 740 1573 810 ἄνθρωπον
1604 742 1700 796 ἕνα
1727 743 1818 796 τὸν
1846 744 1967 797 καθ’

395 831 565 901 ἡμᾶς,
589 829 757 899 ἡγουν
781 827 889 885 τῶν
921 829 1115 897 ἁγίων,
1141 829 1454 896 δεδοξάσθαι
1486 832 1650 885 αὑτὸν
1677 836 1742 903 τῇ
1767 832 1854 887 διά
1872 832 1970 887 τοῦ

397 918 715 989 Πνεύματος
763 919 1032 990 ἐνεργείᾳ,
1082 919 1181 990 οὐχ
1235 920 1310 985 ὡς
1345 922 1449 992 ίδίςι⁸
1489 922 1711 992 μᾶλλον,
1747 923 1861 976 ἀλλ’
1893 922 1970 987 ὡς

394 1012 670 1083 ἀλλοτρίᾳ,
720 1012 816 1066 καὶ
866 1013 926 1066 οὐ
970 1012 1265 1085 θεοπρεπεῖ
1291 1013 1595 1086 χρώμενον,
1644 1017 1740 1071 καὶ
1785 1016 1861 1081 ὡς
1908 1017 1969 1069 ὲν

392 1108 615 1180 χάριτος
645 1107 801 1179 μέρει
849 1106 1034 1161 λαϐεῖν
1084 1106 1238 1179 παρὰ
1281 1106 1376 1160 τοῦ
1407 1106 1725 1177 Πνεῦματος
1749 1107 1849 1177 τὴν
1888 1108 1968 1169 είς

391 1198 650 1271 οὐρανοὺς
676 1197 941 1269 ἀνάληψιν
961 1215 974 1228 ·
1017 1197 1413 1252 ὑποκείσονται
1445 1196 1669 1261 δικαίως
1709 1199 1775 1249 τῆ
1806 1195 1969 1251 δυνά-

394 1306 485 1361 μει
513 1289 606 1343 τοῦ
641 1289 1113 1361 ἀναθεματισμοῦ.

817 1429 1425 1483 ΔΝΑΘΕΜΑΤΙΣΜΟΣ.
1450 1430 1503 1483 l.’.

470 1562 758 1634 Ἀρχιερέα
783 1604 798 1627 ,
849 1565 943 1617 καὶ
989 1565 1287 1618 ἀπόστολον
1327 1565 1429 1634 τῆς
1463 1565 1755 1633 ὁμολογίας
1806 1564 1967 1635 ἡμῶν

392 1655 713 1725 γεγενῆσθαι
739 1657 973 1726 Χριστὸν
999 1658 1032 1727 ἡ
1062 1656 1181 1709 θεία
1209 1656 1359 1725 λέγει
1388 1658 1577 1728 Γραφή
1600 1673 1613 1687 ⁸
1660 1673 1964 1729 προσκεκο-

392 1744 610 1815 μικέναι
633 1746 690 1799 δὲ
718 1747 910 1800 ἑαυτὸν
940 1747 1080 1816 ὑπὲρ
1111 1747 1270 1817 ἡμῶν
1300 1750 1380 1812 είς
1407 1748 1585 1819 ὁσμὴν
1619 1748 1847 1813 εὐωδίας
1885 1748 1963 1819 τῷ

2075 657 2217 712 Deus
2267 660 2432 715 etiam
2476 661 2559 716 sic
2601 664 2937 730 permansit;
2975 671 3136 731 atque
3171 664 3244 716 ita
3300 664 3515 734 propria
3560 680 3656 733 per

2072 746 2337 820 Spiritum
2388 752 2587 807 virtute
2631 752 2892 807 miracula
2945 755 3216 822 patrahat.
3257 754 3357 821 Qui
3402 771 3532 809 vero
3573 757 3655 809 tli-

2068 851 2220 907 cunt,
2251 842 2423 909 illum,
2459 854 2715 913 tanquam
2750 859 2917 899 unum
2949 846 3258 916 quempiam
3288 861 3321 901 ε
3347 848 3523 913 nobis,
3554 848 3654 903 hoc

2068 939 2153 986 est.
2199 946 2231 987 e
2280 934 2456 989 sancti
2504 934 2746 1004 Spiritus
2785 936 3100 1003 operatione
3148 934 3529 999 clariﬁcatum.
3563 953 3651 992 ea-

2068 1034 2209 1090 que,
2229 1037 2334 1077 non
2384 1033 2443 1078 ut
2485 1026 2726 1094 propria,
2778 1025 2870 1079 sed
2917 1033 3175 1094 tanquam
3218 1026 3414 1090 aliena,
3450 1037 3505 1081 et
3535 1042 3655 1096 qua!

2069 1111 2239 1168 Deum
2281 1131 2388 1171 uon
2450 1116 2679 1181 deceat,
2716 1134 2913 1181 usum,
2958 1133 3168 1173 necnon
3215 1121 3369 1188 quasi
3419 1120 3651 1191 Spiritus

2066 1205 2243 1274 gratia
2273 1206 2339 1259 ad
2387 1206 2558 1262 etnlos
2587 1223 2707 1262 esse
2742 1218 3085 1278 assumptqu
3115 1226 3131 1265 :
3169 1210 3241 1264 illi
3282 1212 3482 1267 merito
3518 1229 3652 1267 ana-

2068 1295 2401 1351 tltematismi
2434 1296 2593 1366 hujus
2627 1300 2811 1353 virtuti
2854 1299 3233 1369 subjacebunt.

2483 1429 3128 1488 ANATHEMATISMUS
3166 1435 3233 1488 Χ.

2138 1562 2504 1618 Coufessionis
2550 1576 2745 1621 nostrae
2784 1569 3093 1637 pontiﬁcem
3136 1580 3192 1624 et.
3217 1581 3516 1636 apostomm
3563 1577 3653 1626 la-

2067 1666 2212 1711 ctum
2265 1672 2389 1713 esse
2460 1659 2739 1714 Christum
2808 1660 3317 1731 Scripturasdivina
3377 1664 3532 1717 docet
3556 1666 3654 1719 '°'.

2065 1743 2326 1797 obtulisse
2348 1758 2564 1813 quoque
2604 1744 2962 1813 semetipsum
3000 1762 3098 1815 pro
3134 1747 3289 1799 nobis
3325 1747 3431 1800 Deo
3463 1757 3513 1800 et
3547 1746 3649 1801 Pa-

388 1836 508 1908 Θεῷ
541 1839 635 1891 καὶ
679 1839 874 1909 Πατρί.
912 1839 979 1891 Et
1014 1856 1094 1902 τις
1138 1840 1318 1892 τοίνυν
1359 1840 1657 1912 ἀρχιερέα,
1705 1840 1798 1894 καὶ
1831 1840 1960 1894 ἀπό·

2068 1835 2135 1890 ιτί
2164 1844 2220 1891 et
2246 1837 2301 1890 in
2330 1837 2554 1892 odorem
2598 1839 2891 1893 suavitatis
2915 1838 2985 1893 ³¹.
3015 1840 3072 1894 Si
3100 1839 3223 1908 quis
3262 1840 3651 1910 ergodixerit,

390 1930 575 1983 στολον
621 1930 780 2002 ἡμῶν
824 1931 1158 2000 γεγενῆσθαί
1210 1948 1376 2001 φησιν
1419 1934 1518 1985 οὑκ
1561 1934 1722 1986 αὐτὸν
1770 1932 1861 1987 τὸν
1899 1934 1963 1986 ἐκ

2069 1926 2379 1996 pontiﬁcem
2422 1938 2479 1983 et
2508 1929 2815 1998 apostolum
2861 1940 3105 1984 nostrum
3156 1946 3267 1984 non
3301 1945 3425 1984 esse
3471 1932 3642 2000 ipsum

388 2023 524 2077 Θεοῦ
556 2025 769 2094 Πατρός
796 2025 989 2093 Λόγον,
1017 2026 1106 2077 ὅτε
1136 2026 1327 2094 γέγονε
1358 2024 1522 2096 σὰρξ,
1550 2026 1642 2079 καὶ
1670 2025 1791 2079 καθ’
1816 2025 1965 2096 ἡμᾶς

387 2116 697 2187 ἄνθρωπος,
717 2116 835 2170 ἀλλ’
861 2115 946 2179 ὡς
961 2117 1150 2187 ἕτερον
1175 2117 1308 2188 παρ’
1329 2117 1510 2181 αὐτὸν,
1545 2117 1724 2181 ίδικῶς
1757 2116 1969 2188 ἀνθρω-

387 2224 488 2259 πον
515 2208 582 2260 ὲκ
602 2206 890 2275 γυναικός⁹
919 2207 953 2277 ῆ
982 2210 1035 2262 εί
1059 2225 1145 2271 τις
1191 2207 1344 2276 λέγει
1383 2209 1522 2281 ὑπὲρ
1549 2207 1781 2262 ιἑαυτοῦ
1804 2226 1966 2280 προσ-

386 2301 630 2367 ενεγκεῖν
675 2299 835 2352 αὐτὸν
863 2299 962 2369 τὴν
991 2300 1329 2370 προσφορὰν,
1381 2302 1477 2354 καὶ
1504 2300 1625 2371 οὐχὶ
1656 2301 1721 2372 δὴ
1764 2300 1966 2372 μᾶλλον

388 2391 528 2462 ὑπὲρ
559 2390 734 2461 μόνων
777 2390 971 2462 ήμῶν·
1019 2392 1081 2443 οὺ
1116 2391 1225 2462 γὰρ
1260 2391 1327 2445 ἂν
1358 2390 1552 2462 ἐδεήθη
1582 2394 1899 2464 προσφορᾶς
1935 2392 1965 2444 ὁ

392 2482 463 2537 uit
488 2482 643 2536 ei56r
675 2483 949 2536 ἁμαρτίαν
970 2500 983 2512 ·
1018 2484 1267 2538 ἀνάθεμα
1301 2484 1462 2540 έστω.

981 2678 1291 2742 Ἐπίλυσίς
1323 2685 1377 2734 ι’.

454 2786 672 2857 Σμικρά
723 2787 821 2857 μὲν
866 2788 1311 2859 ὁμολογουμένως
1356 2789 1433 2859 τῷ
1472 2790 1537 2843 ὲκ
1570 2789 1705 2843 Θεοῦ
1752 2792 1968 2863 Πατρὸς

384 2878 541 2949 φύντι
592 2881 752 2951 Λόγῳ
786 2880 855 2934 τὰ
877 2880 1211 2953 ἀνθρώπινα.
1240 2880 1386 2952 Πλὴν
1420 2882 1535 2935 ἀλλ’
1555 2883 1655 2936 οὔκ
1684 2884 1966 2957 ἀπόϐλητα

383 2970 471 3024 διὰ
498 2972 595 3043 τὴν
623 2972 956 3044 οἰκονομίαν.
1008 2972 1213 3044 Κύριος
1246 2974 1352 3044 γὰρ
1393 2971 1469 3026 ὢν
1500 2974 1609 3026 τῶν
1644 2973 1780 3029 ὅλων
1826 2974 1967 3029 κατὰ

386 3064 566 3131 φύσιν,
608 3063 851 3135 καθῆκεν
889 3065 1081 3117 ἑαυτὸν
1122 3066 1180 3117 ὲν
1215 3067 1326 3127 τοῖς
1361 3064 1484 3117 καθ’
1526 3066 1705 3136 ἡμᾶς,
1752 3067 1969 3137 μορφὴν

382 3153 568 3208 δούλου
611 3154 826 3210 λαϐὼν·
865 3157 960 3210 καὶ
994 3156 1402 3228 κεχρημάτικεν
1438 3156 1598 3229 ἡμῶν
1639 3159 1734 3212 καὶ
1777 3160 1965 3229 ἀρχιε-

2070 2017 2161 2072 Dei
2188 2015 2449 2085 Verbum,
2470 2030 2825 2090 postea-quam
2861 2035 2988 2075 caro
3021 2029 3077 2075 et
3114 2021 3276 2075 homo
3304 2020 3462 2075 nobis
3495 2022 3646 2074 simi-

2068 2108 2134 2163 lis
2174 2108 2375 2163 l'aetum
2407 2122 2530 2175 eat;
2566 2114 2660 2165 sed
2695 2111 2971 2165 hominem
3002 2111 3175 2179 illum,
3208 2113 3298 2181 qui
3326 2128 3391 2167 ex
3423 2112 3654 2166 muliere

2068 2210 2231 2255 natus
2269 2209 2372 2268 est,
2406 2203 2562 2271 quasi
2600 2202 2831 2257 alterum
2866 2204 3178 2273 quempiam
3212 2203 3279 2256 ab
3328 2203 3446 2271 ipso
3480 2205 3659 2257 diver-

2066 2306 2183 2347 sum
2215 2310 2229 2347 :
2261 2302 2355 2347 aut
2402 2294 2445 2348 si
2479 2298 2599 2363 quis
2634 2294 2914 2349 Christum
2966 2310 3063 2365 pro
3113 2295 3293 2363 seipso
3324 2309 3561 2363 quoque,
3594 2304 3652 2347 et.

2067 2398 2172 2438 non
2228 2385 2405 2454 potius
2454 2402 2551 2456 pro
2598 2386 2756 2441 nobis
2813 2387 2945 2441 solis
3000 2387 3329 2441 sacriﬁcium
3385 2387 3649 2439 obtulisse

2066 2476 2267 2530 dixerit
2294 2479 2493 2547 (neque
2543 2480 2687 2533 enim
2733 2478 3007 2532 oblatione
3052 2479 3270 2548 egebat,
3302 2480 3392 2549 qui
3439 2494 3642 2547 pecca-

2068 2576 2179 2621 tum
2207 2583 2312 2622 non
2349 2570 2517 2639 novit)
2549 2588 2561 2621 :
2601 2569 2887 2624 anathema
2919 2570 3010 2624 sit.

2578 2681 2877 2736 Declaratio
2898 2684 3131 2739 decima,

2138 2795 2344 2863 Exigua
2386 2809 2518 2850 sane
2549 2805 2673 2850 sunt
2711 2796 2906 2861 Verbo,
2944 2796 3085 2864 quod
3119 2810 3183 2849 ex
3222 2796 3331 2849 Deo
3360 2795 3521 2849 Patre
3551 2812 3664 2850 or-

2070 2896 2179 2940 tutu
2204 2897 2305 2951 est,
2336 2900 2455 2956 qua!
2479 2887 2712 2941 humana
2739 2896 2913 2955 sunt;
2929 2896 3167 2943 attamen
3189 2898 3407 2956 propter
3429 2888 3644 2957 dispert-

2067 2983 2337 3037 sationem.
2373 2996 2476 3035 non
2522 2977 2836 3047 rejicieuda.
2870 2978 3002 3034 Cum
3040 2979 3184 3033 enim
3220 2980 3511 3035 secundum
3544 2998 3643 3034 nu-

2070 3078 2244 3127 turat'n
2292 3072 2664 3126 universorum
2711 3070 2966 3125 Dominus
3007 3079 3194 3135 esset,
3242 3072 3426 3126 servili
3472 3071 3663 3126 forma.

2070 3172 2309 3232 accepta,
2336 3163 2388 3215 in
2428 3177 2491 3216 ea
2531 3177 2652 3231 qua:
2694 3170 3059 3244 nostrasuut.
3081 3163 3440 3243 semetipsum
3466 3162 3644 3217 demi-

385 3247 531 3317 ρεῦς,
565 3248 659 3301 καὶ
688 3248 1005 3313 ἀπόστολος,
1034 3249 1143 3303 τῶν
1171 3251 1270 3319 τῆς
1301 3250 1714 3323 ἀνθρωπότητος
1752 3251 1964 3322 μέτρων

2077 3254 2181 3319 sit;
2215 3252 2623 3323 appellatusque
2646 3262 2729 3306 est
2764 3261 2950 3307 noster
2986 3253 3224 3322 pontifex
3258 3263 3314 3307 et
3345 3254 3666 3321 apostolus,-

386 3340 481 3392 καὶ
516 3341 596 3403 εἰς
630 3340 790 3393 τοῦτο
831 3341 1142 3396 καλούντων
1182 3342 1372 3394 αὐτόν·
1413 3361 1431 3393 t
1463 3344 1879 3414 Προσκεκόμικε
1908 3345 1964 3397 δὲ

384 3432 576 3485 ἑαυτὸν
611 3433 751 3503 ὑπὲρ
791 3434 950 3504 ἡμῶν
985 3436 1063 3498 είς
1107 3434 1284 3507 ὁσμὴν
1325 3436 1551 3499 εὐωδίας
1592 3436 1669 3506 τῷ
1715 3437 1834 3508 Θεῷ
1873 3439 1965 3490 καὶ

385 3522 586 3594 Πατρί’
619 3525 720 3595 μιᾷ
764 3524 874 3595 γὰρ
903 3527 1190 3596 προσφορᾷ
1233 3526 1549 3580 τετελείωκε
1585 3530 1709 3591 τοὺς
1740 3529 1964 3596 ἁγιαζο-

386 3616 577 3684 μένους
610 3620 692 3682 είς
716 3618 778 3670 τὸ
805 3618 1072 3690 διηνεκὲς,
1101 3638 1127 3672 ι
1154 3620 1297 3674 καθά
1326 3620 1657 3691 γέγραπται,
1698 3621 1837 3674 Ἀλλ’
1863 3623 1964 3675 οὐκ

380 3705 645 3775 οἷδ’ὃπως
673 3721 713 3748 ω
743 3714 792 3765 oi.
836 3713 1187 3784 ἑτερόφρονες
1234 3715 1335 3767 οὐκ
1381 3715 1543 3767 αὑτὸν
1589 3716 1681 3767 τὸν
1730 3718 1794 3770 ὲκ
1826 3716 1963 3769 Θεοῦ

382 3803 551 3872 Λόγον
566 3804 855 3876 ἄνθρωπον
876 3806 1136 3874 γεγονότα
1158 3806 1600 3877 διισχυρίζονται,
1628 3810 1965 3878 χρηματίσαι

380 3910 441 3947 τε
467 3897 562 3948 καὶ
585 3897 903 3962 ἀπόστολον,
930 3898 1023 3951 καὶ
1046 3899 1310 3969 ἀρχκερέα
1353 3899 1452 3969 τῆς
1473 3899 1761 3969 ὁμολογίας
1783 3901 1960 3971 ἡμῶν,

382 3983 497 4037 ἀλλ’
515 3985 589 4049 ὡς
618 3986 807 4057 ἕτερόν
837 4004 962 4042 τινα
988 3988 1116 4057 παρ’
1140 3988 1302 4043 αὐτὸν
1327 3989 1612 4062 ἄνθρωπον
1643 3991 1855 4057 ίδικῶς,
1869 3991 1963 4044 τὸν

382 4075 446 4128 ἐκ
463 4075 562 4145 τῆς
586 4077 745 4146 ἀνγίας
770 4078 1049 4150 Παρθένου
1075 4081 1441 4151 γεγενημένον
1463 4083 1594 4150 φασὶ
1621 4083 1962 4153 χρηματίσαι

381 4168 477 4219 xei.
506 4168 823 4234 ἀπόστολον,
846 4171 943 4225 καὶ
962 4171 1243 4243 ἀρχιερέα.
1272 4173 1366 4226 καὶ
1397 4173 1539 4226 κατὰ
1568 4174 1851 4245 προκοπὴν
1881 4176 1961 4237 είς

378 4258 541 4314 τοῦτο
562 4260 899 4330 ἐληλυθέναι,
925 4263 1022 4317 καὶ
1045 4264 1143 4333 οὐχ
1167 4264 1309 4333 ὑπέρ
1330 4280 1389 4332 γε
1419 4263 1595 4335 μόνων
1620 4265 1798 4334 ἡμῶν,
1825 4265 1961 4319 ἀλλὰ

383 4354 477 4406 καὶ
524 4354 664 4423 ὑπὲρ
702 4353 896 4408 ἑαυτοῦ
930 4358 1317 4425 προσενεγκεῖν
1347 4364 1374 4391 ιι
1418 4355 1611 4408 ἑαυτὸν
1656 4357 1737 4419 είς
1770 4355 1960 4409 θυσίαν

383 4443 463 4506 τῷ
494 4444 614 4515 Θεῷ
658 4447 752 4500 καὶ
783 4447 990 4519 Πιιιτρί⁸
1021 4448 1158 4519 ὅπερ
1186 4449 1304 4501 ἐστὶ
1332 4451 1429 4518 τῆς
1463 4448 1651 4518 ὀρθῆς,
1683 4448 1776 4501 καὶ
1808 4449 1961 4520 ἀμω-

385 4535 558 4606 μήτου
589 4535 823 4600 πίστεως
850 4538 1127 4611 ἀλλότριον
1150 4540 1427 4603 παντελῶς
1445 4556 1459 4571 ·
1487 4540 1547 4593 οὐ
1573 4541 1679 4612 γὰρ
1702 4541 1959 4612 ἐποίησεν

2070 3345 2317 3399 humanae
2346 3356 2552 3397 natura:
2585 3342 2986 3398 conditionibus
3016 3344 3083 3398 ad
3126 3343 3226 3398 hoc
3263 3344 3428 3399 etiam
3460 3345 3645 3414 ipsum.

2067 3434 2405 3488 vocantibus.
2452 3451 2470 3484 ι
2508 3428 2713 3486 Obtulit
2746 3443 2927 3488 autem
2961 3434 3312 3502 semetipsum
3345 3449 3443 3505 pro
3480 3436 3641 3490 nobis

2067 3524 2176 3579 Deo
2218 3523 2366 3578 Patri
2406 3525 2458 3578 in
2479 3525 2703 3579 odorem
2733 3525 3017 3579 suavitatis
3032 3524 3097 3578 ”.
3124 3525 3240 3581 Una
3268 3527 3463 3595 quippe
3484 3526 3640 3581 obla-

2068 3618 2619 3673 tioneconsummavit
2638 3616 3002 3673 sanctiﬁcatos
3032 3619 3085 3672 in
3117 3619 3507 3688 sempiternum
3530 3619 3630 3683 ³³,ι

2065 3710 2209 3764 sicut
2255 3710 2515 3778 scriptum
2569 3716 2671 3762 est.
2714 3709 2782 3763 At
2821 3709 3004 3763 nescio
3052 3710 3324 3779 quomodo
3355 3709 3447 3780 qui
3482 3724 3645 3765 secus

2064 3803 2338 3867 sentiunt,
2362 3817 2473 3855 non
2492 3801 2665 3870 ipsum
2704 3800 2799 3855 Dei
2843 3798 3077 3855 Verbum
3128 3801 3399 3856 hominem
3443 3801 3650 3856 laetum

2065 3893 2367 3957 exstitisse,
2397 3902 2450 3946 et
2481 3890 2785 3961 apostolum
2831 3906 2896 3946 ac
2942 3892 3250 3961 pontiﬁcem
3282 3892 3641 3947 confessionis

2065 3994 2289 4047 nostrae,
2320 3984 2414 4038 sed
2457 3984 2612 4053 quasi
2648 3984 2918 4039 diversum
2946 3985 3254 4053 quempiam
3290 3984 3359 4038 ab
3393 3986 3508 4054 ipso
3541 3985 3639 4037 Ιιο-

2065 4080 2266 4134 minem
2295 4090 2540 4132 seorsum
2575 4090 2607 4130 e
2634 4085 2820 4130 sancta
2862 4074 3083 4145 Virgine
3129 4087 3314 4129 natum
3338 4117 3354 4142 ,
3390 4085 3445 4129 et
3482 4074 3653 4150 156

2064 4169 2365 4241 apostolum
2413 4182 2477 4222 ae
2531 4168 2840 4238 pontiﬁcem
2889 4179 3139 4224 vocatum
3197 4168 3366 4223 fuisse
3411 4180 3639 4223 conten-

2063 4262 2229 4327 dunt;
2260 4270 2315 4315 et
2348 4260 2681 4329 proﬁciendo
2710 4261 2776 4314 ad
2810 4261 2912 4315 hoc
2942 4270 3185 4315 evectum
3218 4275 3338 4316 esse
3364 4279 3377 4314 :
3415 4276 3511 4315 nec
3542 4275 3639 4328 pro

2064 4350 2219 4406 nobis
2243 4349 2374 4405 solis
2401 4350 2747 4418 semetipsum
2789 4349 2899 4404 Deo
2939 4360 2995 4404 et
3038 4349 3182 4404 Patri
3218 4352 3268 4404 in
3306 4351 3635 4405 sacriﬁcium

2062 4443 2340 4506 obtulisse,
2378 4443 2473 4497 sed
2524 4443 2686 4497 etiam
2731 4457 2829 4510 pro
2874 4443 3096 4513 seipso:
3135 4444 3186 4497 id
3226 4445 3366 4512 quod
3414 4460 3441 4497 a
3490 4453 3655 4499 recta.

2063 4533 2445 4604 inculpataque
2492 4533 2598 4588 ﬁde
2641 4535 2864 4588 omnino
2904 4545 2988 4589 est
3034 4534 3265 4589 alienum
3292 4576 3307 4600 ,
3355 4545 3632 4603 peccatum

382 4628 689 4698 ἁμαρτίαν⁸
721 4631 750 4682 ὁ
793 4629 851 4685 δὲ
894 4610 1158 4703 κρείττων
1207 4631 1283 4685 ὣν
1318 4631 1412 4686 τοῦ
1452 4610 1813 4702 πλημμελεῖν,
1848 4610 1957 4686 ⁷καὶ.

2066 4625 2209 4679 enim
2239 4640 2345 4680 non
2373 4623 2599 4680 fecerat.
2634 4624 2734 4691 Qui
2774 4636 2954 4681 autem
2984 4626 3182 4682 delicto
3220 4628 3486 4697 superior,
3513 4643 3637 4698 pec—

380 4717 687 4789 ἀμοιρήσας
704 4720 980 4791 ἁμαρτίας
1004 4720 1304 4785 παντελῶς.
1325 4720 1425 4774 οὐκ
1449 4720 1517 4775 ἂν
1544 4721 1737 4793 ἐδεήθη
1766 4721 1954 4786 θυσίας

379 4807 479 4877 τῆς
508 4808 649 4879 ὑπὲρ
671 4810 886 4864 ἑαυτοῦ.
924 4811 1139 4883 Ἐπειδὴ
1161 4812 1218 4864 δὲ
1248 4812 1309 4864 τὸ
1338 4812 1484 4874 είκδς
1516 4810 1954 4883 παρωθούμενοι,

380 4900 474 4954 δύο
510 4901 574 4972 δὴ
609 4902 772 4956 πάλιν
799 4904 949 4966 υἱοὺς
969 4904 1273 4958 ἐπινοοῦσιν
1299 4907 1347 4957 οἱ
1377 4904 1749 4977 ἑτερόφρονες,
1783 4907 1955 4974 ἀναγ-

381 4995 550 5059 καίως
577 4996 799 5065 γέγονεν
832 5000 862 5052 ὁ
892 4998 1368 5069 ἀναθεματισμὺς,
1412 4999 1632 5069 ἐμφανῆ
1680 4998 1960 5054 καθιστῶν

380 5084 479 5155 τὴν
514 5087 768 5143 ἀσέϐειαν
795 5090 997 5144 αὐτῶν.

803 5280 1394 5337 ΑΝΑΘΕΜΑΊΊΣΜΟΣ
1426 5284 1528 5337 1Α⁴.

453 5390 522 5444 Ei
552 5407 635 5455 τις
668 5391 768 5463 οὐχ
805 5392 1058 5464 ὁμολογεῖ
1084 5394 1184 5466 τὴν
1229 5395 1325 5449 τοῦ
1359 5396 1567 5466 Κυρίου
1605 5396 1782 5467 σάρκα
1813 5394 1950 5460 ζωο-

459 5570 507 5603 ³⁸
532 5574 695 5629 llebr.
731 5590 814 5643 III,
847 5576 899 5631 l.

2062 4716 2276 4786 catique
2300 4730 2527 4785 prorsus
2556 4730 2749 4785 expers
2774 4725 2891 4769 erat
2911 4757 2927 4782 ,
2956 4715 3230 4771 oblatione
3258 4734 3355 4787 pro
3397 4734 3456 4772 se
3490 4717 3637 4771 nullo

2060 4814 2217 4878 pacto
2244 4822 2380 4877 opus
2408 4807 2663 4862 habebat.
2702 4809 2963 4874 Quoniam
2992 4822 3119 4862 vero
3156 4810 3247 4879 qui
3292 4819 3480 4863 contra
3512 4823 3635 4863 sen-

2062 4899 2228 4962 tiunt,
2271 4897 2414 4953 duos
2446 4912 2634 4953 rursus
2672 4896 2811 4952 ﬁlios
2845 4896 3075 4951 absurde
3112 4899 3630 4960 comminiscuntur,

2059 5002 2237 5059 opera:
2262 4986 2494 5058 pretium
2526 4988 2652 5052 fuit,
2685 4997 2744 5041 ut
2766 4988 2854 5043 hie
2885 5004 3101 5059 quoque
3140 4989 3629 5044 anathematismus

2059 5081 2451 5151 assignaretur,
2505 5081 2599 5150 qui
2647 5081 2981 5151 impietatem
3031 5081 3248 5137 illorum
3292 5084 3641 5152 perspicuam

2062 5171 2324 5233 redderet,
2336 5228 2339 5231 δ

2460 5281 3100 5339 ANATHEMATISMUS
3140 5282 3233 5338 XI:

2131 5397 2187 5452 Si
2208 5396 2329 5467 quis
2353 5395 2567 5451 Domini
2590 5412 2809 5453 carnem
2836 5397 3428 5467 viviﬁcatn,.ipsiusque
3453 5393 3643 5458 Verbi,

999 5578 1041 5609 ³¹
1071 5578 1271 5647 Ephes.
1303 5594 1355 5644 ν,
1381 5579 1436 5632 2.
1514 5580 1558 5609 ³⁸
1588 5578 1721 5633 Ibid.
1814 5580 1859 5612 ³³
1875 5581 2042 5636 Hebr.
2077 5595 2131 5646 ι,
2164 5582 2265 5639 Νι

1453 5733 1624 5789 Variae
1664 5735 1927 5792 lectiones
1955 5753 2021 5794 ex
2052 5738 2240 5794 codice
2275 5738 2653 5811 Seguieriano.

434 5879 455 5928 ι
488 5884 586 5943 καὶ
603 5884 765 5958 ὑπέρ.
843 5893 876 5916 ¹¹¹
908 5881 1024 5942 οἴδα
1051 5888 1186 5955 πῶς.
1264 5900 1289 5929 ’³
1329 5891 1529 5963 μᾶλλον
1561 5893 1735 5964 ἡμῶν,
1770 5894 1801 5967 ἦ
1830 5895 2021 5950 ἑαυτοῦ
2055 5897 2462 5968 προσενεγκεῖν.
