4104 6336
429 437 528 493 ΞΗ

1423 442 1482 495 S.
1523 439 1801 492 (JYRILLI
1840 436 2314 494 ALEXANDIUNI
2351 437 2680 496 ARCHIEP.

3573 433 3676 485 5|!

414 553 555 622 quod
588 565 652 605 ex
704 551 810 605 Deo
855 550 1015 606 Patre
1055 561 1162 616 est,
1207 555 1480 623 prapriant
1527 570 1647 608 esse
1695 556 1991 622 negaverit,

2111 555 2253 606 ποιὸν
2288 547 2447 618 εἶναι,
2478 553 2571 607 καὶ
2600 553 2734 606 ἰδίαν
2762 552 2928 604 αύτου
2949 549 3044 602 τοῦ
3069 551 3134 602 ὲκ
3159 547 3294 600 Θεοῦ
3337 547 3549 615 Πατρός
3579 549 3678 599 Λο-

412 643 505 696 scd
539 642 699 694 veluti
737 641 962 697 alterius
994 643 1293 712 cujuspiam
1337 645 1437 713 ipsi
1477 644 1658 699 Verbo
1688 647 1983 700 secundum

411 734 729 803 dignitatem
769 735 1040 802 conjuncti
1069 776 1084 798 ,
1121 737 1224 790 hoc
1253 746 1368 799 est,
1409 746 1466 789 ut
1509 737 1746 790 divinam
1781 747 1990 790 tantum

415 822 868 878 inhabitationem
899 826 1100 888 sortiti,
1129 841 1193 881 ac
1227 842 1332 881 nou
1372 826 1550 895 potius
1579 827 1844 881 viviﬁcam
1873 842 1993 882 esse

411 914 630 979 dixerit,
645 923 702 967 ut
723 915 881 971 modo
895 916 1259 980 meminimus,
1279 932 1345 972 eo
1363 919 1504 986 quod
1520 918 1701 978 Verbi.
1721 919 1862 988 quod
1881 933 2000 972 om-

413 1007 500 1061 nia
535 1005 812 1063 viviﬁcare
845 1017 1041 1079 potest,
1061 1009 1201 1064 facta
1219 1011 1290 1065 sit
1311 1011 1557 1081 propria;
1587 1013 1874 1066 anathema
1899 1013 1989 1065 sit.

889 1121 1190 1178 Declaratio
1221 1125 1521 1179 undecima.

488 1230 747 1288 Sanctum
789 1249 852 1288 ac
881 1235 1154 1290 viviﬁcum
1187 1237 1639 1309 incruentumque
1671 1240 1722 1293 in
1749 1240 1996 1295 ecclesiis

419 1325 750 1380 sacriﬁcium
779 1328 1124 1397 peragimns;
1153 1344 1350 1398 corpus
1374 1334 1516 1398 quod
1548 1334 1885 1400 proponitur,
1920 1334 1996 1387 si-

419 1415 619 1471 militer
641 1428 695 1472 et
721 1419 1014 1486 pretiosum
1047 1421 1390 1490 sanguinem,
1419 1436 1522 1476 uon
1548 1424 1875 1490 communis,
1901 1439 1996 1478 no-

418 1507 608 1576 bisque
645 1510 840 1563 similis
888 1510 1123 1566 hominis
1175 1513 1475 1584 cujuspiam
1521 1528 1644 1568 esse
1692 1514 1994 1577 credentes,

419 1599 510 1651 sed
560 1601 738 1669 potius
785 1610 1041 1668 tanquam
1089 1605 1365 1672 proprium
1404 1621 1597 1675 corpus
1626 1606 1911 1670 eﬂ'ectum',
1944 1617 1998 1660 et

421 1692 738 1758 sanguinem
769 1693 931 1746 etiam
955 1693 1138 1760 Verbi,
1171 1698 1312 1765 quod
1350 1700 1531 1751 omnia
1566 1698 1823 1762 vivilicat,
1857 1700 1997 1752 acci-

419 1783 651 1847 pientes.
705 1783 982 1853 Siquidem
1041 1792 1348 1843 communis
1404 1805 1532 1845 caro
1577 1791 1853 1847 vivificare
1892 1810 1994 1846 non

2097 661 2217 712 γου,
2262 645 2376 698 ἀλλ’
2418 645 2493 709 ὼς
2525 644 2711 716 ἐτέρου
2740 641 2883 705 τινὸς
2921 658 3030 711 παρ
3090 640 3278 700 αὑτὸν,
3323 639 3675 706 συνημμένου

2101 740 2198 808 μὲν
2217 737 2366 810 αὐτῷ
2389 737 2529 791 κατά
2553 735 2650 806 τὴν
2670 736 2848 802 ἀξίαν,
2869 735 3036 804 ἡγουν
3063 733 3138 796 ὡς
3163 733 3332 802 μόνην
3356 731 3628 800 ἐνοίκησιν
3655 737 3677 762 ¹¹

2097 829 2412 900 ἐσχηκότος,
2437 828 2533 881 καὶ
2558 827 2680 897 οὐχ)⁸
2707 824 2770 897 δὴ
2803 823 3004 896 μᾶλλον
3039 821 3322 888 ζωοποιδν,
3347 820 3421 882 ὡς
3447 819 3678 890 ἔφημεν,

2095 921 2178 973 ὅτι
2208 921 2433 989 γέγονεν
2461 919 2567 990 ἰδίᾳ
2598 931 2624 969 P
2648 917 2742 972 τοῦ
2766 917 2940 986 Λόγου
2971 916 3066 970 τοῦ
3097 914 3164 969 τὰ
3191 913 3370 967 πάντα
3396 912 3679 977 ζωοποιεῖν

2100 1013 2376 1083 ἰσχύοντος
2393 1029 2406 1042 ·
2451 1010 2701 1080 ἀνάθεμα
2726 1009 2884 1062 ἔστω.

2673 1123 2728 1176 Ἐ
2741 1123 2993 1186 πίλυσις
3024 1127 3115 1174 ια’.

2168 1241 2280 1310 Τὴν
2310 1239 2490 1307 ἁγίαν,
2521 1239 2614 1291 καὶ
2647 1237 2932 1300 ζωοποιὸν,
2965 1236 3060 1288 καὶ¹
3093 1235 3430 1304 ἀναίμακτον
3470 1233 3526 1284 ὲν
3560 1234 3684 1292 ταῖς

2097 1332 2417 1401 ἐκκλησίαις
2443 1329 2703 1400 τελοῦμεν
2729 1328 2940 1389 θυσίαν,
2967 1329 3062 1396 οὐχ
3083 1325 3199 1389 ἐνὸς
3223 1325 3330 1378 τῶν
3357 1324 3475 1377 καθ’
3500 1324 3676 1393 ἡμᾶς,

2099 1423 2192 1475 καὶ¹
2239 1420 2529 1492 ἀνθρώπου
2581 1419 2762 1473 κοινοῦ
2822 1419 2982 1489 σῶμα
3029 1413 3169 1470 εἶναι
3218 1415 3564 1477 πιστεύοντες
3617 1411 3681 1465 τὸ

2098 1515 2479 1586 προκείμενον,
2501 1515 2702 1585 ὁμοίως
2727 1513 2782 1566 δὲ
2806 1515 2900 1566 καὶ
2926 1513 2986 1564 τὸ
3009 1512 3188 1580 τίμιον
3214 1503 3376 1579 αἷμα,
3400 1507 3684 1577 δεχόμενοι

2099 1608 2157 1660 δὲ
2205 1606 2404 1678 μᾶλλον
2445 1604 2520 1668 ὡς
2563 1603 2696 1657 ἴδιον
2731 1603 2887 1673 σῶμα
2937 1600 3190 1670 γεγονὸς,
3238 1599 3332 1652 καὶ
3370 1599 3553 1667 μέντοι
3586 1597 3680 1650 καὶ

2098 1697 2240 1770 αἷμα
2267 1698 2361 1752 τοῦ
2388 1701 2456 1752 τὰ
2477 1697 2655 1751 πάντα
2685 1695 3074 1763 ζωογονοῦντος
3100 1703 3126 1741 (ι
3151 1691 3346 1758 Λόγου.
3373 1690 3541 1756 Κοινὴ
3573 1689 3684 1756 γὰρ

2102 1792 2238 1862 σὰρξ
2265 1792 2544 1856 ζωοποιεῖν
2569 1790 2626 1842 ού
2650 1788 2895 1842 δύναται.
2921 1787 3029 1839 Καὶ
3053 1785 3245 1838 τούτου
3277 1785 3487 1854 μάρτυς
3513 1780 3677 1835 αύτὺς

421 1882 617 1939 potest.
645 1874 708 1927 Et
732 1878 831 1930 hoc
863 1876 1112 1932 Salvator
1138 1879 1252 1948 ipse
1285 1890 1540 1935 testatum
1568 1882 1696 1937 facit
1728 1902 1742 1937 :
1781 1903 1799 1934 ι
1831 1884 1995 1948 Caro,

2111 1887 2126 1938 5
2169 1883 2380 1953 Σωτὴρ,
2432 1882 2638 1949 λέγων·
2675 1898 2693 1929 ε
2733 1880 2796 1932 'H
2834 1877 2971 1948 σὰρξ
3021 1879 3121 1929 οὐκ
3155 1874 3355 1944 ὠφελεῖ
3391 1873 3544 1926 οὐδέν
3569 1887 3582 1901 ·
3623 1871 3684 1924 τὸ

424 1965 696 2033 inquiens,
740 1983 844 2022 non
882 1970 1101 2038 prodest
1143 1974 1478 2042 quidquam;
1520 1976 1740 2044 spiritus
1781 1988 1864 2030 est
1904 1977 1996 2046 qui

422 2057 659 2111 viviticat
691 2059 754 2112 ³⁵.
798 2079 814 2109 ι
852 2060 987 2126 Quia
1022 2065 1165 2117 enim
1201 2081 1330 2119 caro
1365 2067 1523 2120 Verbi
1568 2066 1710 2122 facta
1753 2079 1836 2122 est
1887 2085 2001 2136 pro-

423 2150 561 2218 pria,
594 2151 663 2204 ob
709 2153 759 2205 id
800 2153 1120 2223 intelligitur
1163 2167 1218 2211 et
1256 2169 1339 2212 est
1380 2159 1612 2223 viviﬁca,
1642 2161 1998 2229 quemadmo-

423 2247 547 2295 dum
600 2245 713 2313 ipse
763 2247 1014 2300 Salvator
1064 2251 1178 2302 ait:
1229 2270 1245 2301 ι
1288 2250 1440 2305 Sicut
1489 2253 1638 2306 misit
1685 2269 1771 2308 me
1816 2254 2002 2308 vivens

423 2331 602 2398 Pater,
633 2344 685 2388 et
719 2351 818 2402 ego
845 2339 968 2391 vivo
1000 2351 1218 2408 propter
1252 2340 1462 2394 Patrem
1501 2361 1514 2396 :
1549 2352 1604 2395 et
1635 2345 1724 2410 qui
1767 2345 2002 2398 mandu-

424 2435 515 2477 cat
549 2442 654 2490 me,
686 2436 740 2480 et
781 2427 894 2494 ipse
941 2430 1080 2481 vivet
1125 2443 1341 2500 propter
1387 2450 1471 2487 me
1491 2434 1557 2488 ³⁵.
1593 2455 1611 2486 ι
1647 2435 1779 2490 Cum
1822 2437 2004 2505 itaque

424 2513 724 2580 Nestorius,
756 2530 811 2571 et
843 2519 1081 2587 quicum
1127 2523 1216 2576 illo
1262 2525 1522 2588 sentiunt,
1562 2527 1804 2596 mysterii
1845 2527 2003 2595 hujus

426 2605 681 2660 virtutem
719 2619 921 2663 temere
969 2613 1304 2680 dissolvunt;
1345 2629 1654 2684 pr0pterea,
1699 2630 1754 2672 et
1792 2619 1841 2672 id
1884 2620 2006 2687 qui-

427 2699 547 2754 dem
581 2703 870 2764 at'ltltodlllll
904 2707 1306 2772 convenienter,
1334 2709 1512 2762 editus
1541 2720 1623 2763 est
1656 2711 1746 2765 hic
1779 2712 2004 2764 anathe-

428 2791 730 2848 matismus.

814 2884 1456 2946 ANATHEMATISMUS
1494 2889 1606 2945 χιι.

502 2993 557 3048 Si
603 2996 727 3065 quis
758 3013 863 3052 non
915 3000 1223 3066 conﬁtetur,
1263 3003 1355 3058 Dei
1401 3003 1638 3059 Verbum
1682 3021 1845 3061 carne
1885 3024 2008 3077 pas-

429 3101 547 3139 sum
573 3099 627 3141 et
651 3090 968 3144 crucifixum
996 3108 1136 3157 esse,
1163 3105 1500 3165 mortemque
1527 3113 1691 3152 carne
1717 3109 1962 3168 gustasse
1992 3116 2006 3152 :

428 3194 636 3234 necnon
703 3183 1118 3254 primogenitum
1182 3187 1339 3258 157
1403 3206 1466 3243 ex
1516 3192 1740 3245 mortuis
1798 3191 2003 3247 factum

427 3286 549 3325 esse
575 3270 661 3339 ³⁶;
694 3283 960 3343 quatenus
987 3278 1240 3333 nimirum
1273 3289 1329 3334 ut
1350 3281 1492 3336 Deus
1515 3284 1622 3335 vita
1647 3295 1701 3337 et
1725 3284 2007 3338 vivificaris

429 3369 548 3428 est;
579 3366 867 3419 anathema
906 3368 998 3423 sit.

887 3481 1186 3538 Declaratio
1210 3485 1540 3540 duodecima.

505 3594 808 3664 lmpatibile
841 3608 896 3650 et
933 3598 1239 3654 immortale
1270 3609 1355 3656 est
1389 3598 1481 3654 Dei
1536 3601 1710 3657 Patris
1736 3602 2006 3667 Verbum,

435 3689 594 3742 altior
619 3698 702 3742 est
723 3689 868 3744 enim
905 3690 1081 3745 divina
1118 3691 1203 3745 illa
1249 3702 1304 3747 et
1337 3694 1762 3763 incorruptibilis
1793 3707 2008 3758 natura,

435 3795 594 3849 quam
625 3795 745 3848 quae
774 3781 973 3848 aliquid
1011 3783 1119 3850 pati
1164 3783 1366 3851 possit,
1399 3799 1572 3853 eaque
1614 3785 1794 3839 omnia
1840 3786 2012 3839 viviti-

435 3882 567 3928 cat:
603 3875 732 3940 quin
776 3873 937 3927 etiam
978 3875 1255 3927 interitum
1279 3914 1295 3938 ,
1331 3884 1387 3929 et
1427 3874 1688 3944 quidquid
1733 3877 2010 3932 tristitiam

436 3963 632 4016 all'erre
662 3963 819 4028 solet,
847 3962 1002 4031 longe
1031 3974 1339 4032 exsuperat.
1387 3965 1620 4019 Verbum
1659 3966 1786 4020 licet
1820 3982 2014 4021 secun-

437 4053 564 4106 dum
593 4054 884 4108 essentiam
912 4057 1012 4108 hoc
1035 4056 1105 4109 sit
1143 4054 1235 4109 Dei
1271 4055 1449 4110 Patris
1492 4055 1728 4110 Verbum
1759 4075 1774 4123 ;
1813 4057 2011 4112 nihilo-

439 4145 616 4200 minus
639 4161 881 4209 carnem,
912 4163 1030 4217 quae
1080 4149 1215 4202 mori
1248 4159 1460 4217 posset,
1499 4149 1600 4204 sibi
1633 4152 1908 4219 propriam
1937 4151 2008 4206 fe-

439 4235 532 4298 cit,
580 4245 638 4287 ut
686 4251 782 4304 per
824 4237 945 4303 hoc,
984 4241 1124 4306 quod
1173 4239 1280 4306 pati
1335 4239 1552 4293 solitum
1598 4250 1700 4306 est,
1733 4242 2015 4310 passiones

441 4341 538 4394 pro
571 4327 726 4382 nobis
755 4343 818 4382 ac
847 4339 1068 4398 propter
1099 4347 1196 4384 nos
1227 4331 1279 4385 in
1313 4331 1548 4400 seipsum
1585 4348 1887 4399 assumens,
1917 4351 2016 4390 nos

440 4434 629 4473 omnes
656 4434 683 4470 a
718 4432 890 4474 morte
915 4430 971 4474 et
1005 4423 1351 4490 corruptione
1383 4423 1681 4488 liberaret;
1710 4439 1868 4479 suum
1894 4441 2012 4479 cor-

443 4526 564 4578 pus,
587 4523 644 4563 ut
667 4511 829 4578 Deus,
853 4515 1150 4578 viviﬁcaris,
1166 4515 1527 4584 primitiaeque
1544 4516 1931 4572 dormientium
1949 4517 2015 4581 π,

443 4616 506 4656 ac
561 4603 950 4673 primogenitus
999 4619 1065 4658 ex
1126 4607 1351 4660 mortuis
1406 4607 1658 4661 elfectum
1693 4608 1756 4664 ³⁸.
1832 4608 2018 4678 Neque

442 4695 584 4746 enim
614 4696 703 4764 qui
744 4708 964 4765 propter
1001 4713 1102 4751 nos
1144 4699 1432 4766 pretiosam
1467 4716 1754 4769 perpessus
1781 4713 1863 4756 est
1897 4717 2020 4756 cru-

445 4799 584 4850 cem,
618 4797 951 4855 mortemque
980 4790 1217 4856 gustavit
1241 4791 1309 4854 ³⁹·,
1347 4793 1652 4846 communis
1693 4793 1875 4858 homo,
1911 4803 1966 4848 et
1991 4809 2019 4846 a

445 4873 622 4930 Verbo
657 4878 943 4932 distinctus
980 4879 1324 4946 sejunctusve
1364 4891 1513 4944 erat;
1552 4884 1645 4938 sed
1685 4883 1798 4954 ipse
1837 4885 2022 4953 gloria:

449 4967 706 5023 Dominus
730 4971 775 5001 ⁸ο
814 4985 1002 5039 passus
1047 4984 1128 5027 est.
1161 4990 1326 5028 carne
1352 4974 1419 5040 “,
1444 4977 1739 5030 secundum
1771 4978 2021 5047 Scriptu-

448 5076 558 5118 ras.
582 5061 846 5128 Quoniam
877 5081 1025 5129 vero,
1063 5068 1154 5136 qui
1191 5083 1324 5123 vana
1360 5070 1631 5140 intpiaque
1658 5071 1908 5141 dogmata
1936 5087 2020 5126 re-

447 5166 549 5210 cta:
591 5171 840 5227 sanaaque
875 5158 994 5212 ﬁdei
1041 5161 1350 5215 immiscere
1399 5163 1650 5225 student,
1679 5177 2022 5217 communem

449 5247 716 5302 hominem
768 5267 986 5305 crucem
1043 5267 1139 5320 pro
1192 5253 1348 5307 nobis
1413 5254 1736 5309 sustinuisse
1795 5256 2017 5318 dicunt;

449 5340 930 5397 auathematismus
970 5343 1078 5406 hic,
1110 5344 1200 5413 qui
1233 5344 1523 5412 impietatis
1565 5345 1779 5398 illorum
1821 5345 2022 5412 magni-

449 5428 686 5484 t-zdinem
721 5434 914 5502 aperit,
953 5434 1261 5488 necessario
1296 5435 1628 5489 constitutus
1665 5447 1771 5489 est.

2103 1975 2321 2044 πνεῦμά
2362 1975 2479 2025 ἐστι
2513 1973 2576 2024 το
2611 1970 2926 2036 ζωοποιοῦν.
2958 1989 2973 2018 ι
3017 1966 3236 2036 Ἐπειδὴ
3269 1965 3378 2036 γάρ
3411 1964 3517 2034 ἰδίᾳ¹
3541 1972 3562 2000 τ
3594 1962 3684 2028 γὲ‹

2101 2086 2224 2136 γονε
2261 2067 2352 2120 τοῦ
2387 2065 2580 2132 Λόγου,
2609 2064 2862 2134 ταύτῃτοι
2892 2064 3094 2114 νοεῖται
3121 2058 3214 2112 καὶ
3247 2057 3365 2110 ἔστι
3399 2053 3686 2119 ζωοποιὺς,

2105 2160 2246 2214 καθά
2274 2175 2434 2227 φησιν
2469 2156 2629 2218 αὐτὸς
2656 2157 2684 2208 ὁ
2716 2155 2934 2225 Σωτήρ·
2968 2173 2985 2204 ι
3015 2151 3212 2213 Καθὼς
3235 2146 3521 2202 ἀπέστειλέ
3560 2163 3627 2214 με
3658 2146 3687 2195 6

2105 2251 2213 2314 ζῶν
2243 2249 2453 2320 Πατὴρ,
2485 2247 2640 2316 κάγὼ
2672 2247 2750 2312 ζῶ
2777 2246 2865 2299 διὰ
2895 2245 2986 2298 τὸν
3007 2243 3250 2314 Πατέρα.
3285 2242 3380 2296 uti.
3408 2242 3435 2293 6
3458 2237 3686 2310 τρώγων

2109 2361 2196 2414 με,
2225 2343 2476 2404 κάκεῖνος
2505 2339 2728 2409 ζήσεται
2757 2351 2778 2377 ε
2806 2338 2872 2391 δι’
2897 2337 3019 2407 ὲμέ.
3065 2334 3280 2404 Ἐπειδὴ
3305 2333 3362 2385 δὲ
3395 2330 3687 2399 Νεστόριος

2107 2435 2200 2488 καὶ¹
2245 2435 2294 2486 οἱ
2337 2432 2408 2487 τά
2462 2432 2626 2486 αὐτοῦ
2682 2429 3004 2500 φρονοῦντες
3050 2418 3420 2494 παραλύουσιν
3465 2420 3688 2491 ἀμαθῶς

2105 2520 2198 2574 τοῦ
2235 2519 2532 2591 μυστηρίου
2557 2520 2656 2589 τὴν
2689 2519 2938 2588 δύναμιν,
2977 2518 3260 2586 ταύτῃτοι,
3304 2514 3402 2568 καὶ
3438 2512 3582 2582 μάλα
3611 2513 3689 2562 εἰ-

2110 2614 2303 2676 κότως,
2338 2614 2563 2680 γέγονεν
2591 2612 2620 2663 6
2661 2609 3126 2680 ἀναθεματισαό·.

2542 2893 3129 2949 ΑΝΑΘΕΜΛΤΙΣΜΟΣ
3170 2889 3266 2943 IB'.

2184 3007 2249 3059 Εἴ
2302 3024 2381 3068 τις
2437 3006 2535 3075 οὐχ
2589 3004 2869 3074 ὁμολογεῖ,
2920 3002 3010 3054 τὸν
3043 2999 3137 3053 τοῦ
3177 3000 3312 3052 Θεοῦ
3358 2999 3530 3066 Λόγον
3590 3013 3700 3051 πα-

2113 3099 2273 3151 θόντα
2309 3097 2494 3166 σαρκὶ,
2525 3100 2618 3149 καὶ
2655 3091 3068 3163 ἐσταυρωμένον
3109 3089 3290 3160 σαρκὶ,
3335 3089 3427 3141 καὶ
3462 3087 3693 3140 θανάτου

2115 3191 2448 3259 γευσάμενον
2483 3185 2667 3256 σαρκὶ,
2698 3183 2963 3252 γεγονότα
2983 3181 3042 3233 δὲ
3067 3181 3088 3217 ί
3127 3180 3467 3252 πρωτότοκον
3501 3181 3568 3232 ἐκ
3607 3195 3693 3230 νε-

2116 3283 2285 3351 κρῶν,
2327 3279 2462 3332 καθὸ
2502 3279 2612 3347 ζωή
2643 3279 2780 3341 ἐστι,
2811 3277 2905 3328 καὶ
2933 3273 3216 3338 ζωοποιὸς,
3247 3274 3340 3326 καὶ
3370 3271 3503 3332 Θεὸς
3522 3288 3534 3301 °
3570 3271 3705 3325 ἀνά-ι

2117 3375 2261 3442 θεμα
2288 3372 2446 3424 ἕστω.

2693 3478 2748 3529 Ἐ
2753 3493 2795 3530 π
2801 3479 3009 3540 ἰλυσις
3032 3479 3129 3539 οβ’.

2201 3597 2439 3667 Ἀπαθὴς
2471 3596 2589 3664 μὲν,
2623 3596 2713 3645 καὶ
2739 3592 3002 3653 ἀθάνατος
3027 3591 3055 3642 ὁ
3087 3592 3151 3642 ἐκ
3182 3587 3318 3642 Θεοῦ
3348 3589 3557 3658 Πατρός
3583 3589 3704 3640 ἐστι

2119 3693 2310 3759 Λόγος,
2335 3691 2409 3752 ὼς
2439 3687 2698 3756 ἀνωτέρω.
2725 3685 2833 3754 γὰρ
2853 3696 2878 3722 υ
2911 3682 3006 3734 τοῦ
3039 3681 3274 3750 πάσχειν
3308 3681 3340 3750 ἡ
3367 3679 3485 3732 θεία
3513 3695 3573 3730 τε
3603 3678 3696 3730 καὶ

2118 3783 2396 3854 ἀκήρατος
2422 3783 2538 3833 ἐστι
2567 3778 2728 3846 φύσις
2749 3792 2764 3807 ο
2797 3777 2893 3828 καὶ
2925 3773 3063 3844 αὕτη
3104 3775 3173 3826 τὰ
3213 3772 3392 3826 πάντα
3422 3770 3698 3835 ζωοποιεῖ,

2120 3878 2216 3931 καὶ
2235 3875 2439 3945 φθορᾶς
2463 3872 2702 3944 ἀμείνων
2731 3869 2870 3929 ἐστὶ,
2897 3869 2990 3921 καὶ
3015 3867 3217 3928 παντὸς
3244 3863 3337 3917 τοῦ
3367 3863 3555 3916 λυπεῖν
3577 3864 3700 3914 εἰω-

2121 3971 2291 4032 θότος.
2335 3964 2516 4030 ’Δλλὰ,
2555 3964 2732 4017 καίτοι
2765 3961 2935 4015 ταῦτα
2976 3957 3250 4021 comas;
3277 3958 3538 4026 ὑπάρχων
3567 3957 3595 4007 ὀ
3635 3956 3704 4007 ἐκ

2121 4061 2254 4116 Θεοῦ
2293 4058 2505 4129 Πατρὸς
2538 4056 2728 4124 Λόγος.
2771 4054 2904 4107 ἰδίαν
2934 4051 3230 4121 ἐποιήσατο
3263 4049 3444 4118 σάρκα
3475 4046 3573 4116 τὴν
3604 4046 3705 4098 τοῦ-

2123 4152 2356 4207 Θανάτου
2396 4149 2650 4218 δεκτικήν
2683 4162 2697 4177 ο
2724 4146 2814 4198 ἵνα
2843 4143 2920 4212 τῷ
2961 4143 3187 4210 πάσχειν
3223 4139 3434 4192 εἰωθότι
3468 4136 3535 4189 τά
3561 4137 3706 4204 ὑπὲρ

2124 4243 2302 4314 ἡμῶν,
2331 4243 2424 4294 καὶ
2451 4239 2517 4292 δι’
2538 4241 2708 4309 ἡμᾶς,
2735 4238 2815 4299 εἰς
2840 4235 3031 4288 ἑαυτὸν
3055 4229 3340 4286 ἀναλαϐὼν
3369 4228 3540 4297 πάθη,
3572 4227 3703 4280 πάν-

2123 4355 2221 4401 τας
2256 4337 2402 4404 ήμᾶς
2440 4330 2727 4410 ἀπαλλάξῃ
2752 4328 2848 4381 καὶ
2881 4326 3134 4387 θανάτου,
3163 4324 3256 4376 καὶ
3287 4322 3525 4392 φθορᾶς,
3568 4318 3705 4384 ζωοί

2126 4431 2354 4500 ποιὴσας
2387 4426 2462 4487 ὡς
2504 4424 2634 4485 Θεὸς
2664 4422 2723 4474 τὸ
2762 4421 2890 4473 ἴδιον
2927 4415 3091 4472 αὑτοῦ
3131 4415 3310 4485 σῶμα,
3343 4415 3435 4466 καὶ
3479 4411 3700 4482 ἀπαρχὴ

2126 4517 2362 4587 γεγονὼς
2396 4515 2502 4568 τῶν
2533 4508 2968 4580 κεκοιμημένων,
2998 4509 3092 4560 καὶ
3133 4504 3478 4575 πρωτότοκος
3507 4502 3571 4553 ὲκ
3605 4516 3696 4552 νεο

2051 4595 2094 4648 ι)
2125 4612 2300 4682 κρῶν·
2329 4610 2388 4662 οὐ
2423 4607 2529 4678 γὰρ
2577 4603 2861 4674 ἄνθρωπος
2894 4597 2960 4671 ἦν
2991 4598 3189 4661 κοινὸς,
3236 4596 3341 4666 ἰδίᾳ
3387 4610 3446 4647 τε
3479 4594 3570 4647 καὶ
3599 4593 3706 4645 ἀνά

2131 4708 2292 4777 μέρος
2339 4701 2627 4770 νοούμενος
2682 4694 2832 4764 παρά
2869 4693 2960 4746 τὸν
3001 4693 3066 4744 ἐκ
3091 4689 3226 4742 Θεοῦ
3263 4685 3702 4777 Πατρὸςᾼόγον,

2128 4773 2247 4850 ὀξυ
2275 4793 2420 4863 ἡμᾶς
2447 4789 2538 4842 τὸν
2570 4788 2748 4856 τίμιον
2779 4781 3078 4852 ὑπομείνας
3124 4777 3378 4848 σταυρὸν,
3409 4776 3501 4828 καὶ
3540 4773 3706 4826 θανάο

2125 4905 2218 4940 του
2276 4882 2645 4951 γευσάμενος·
2692 4877 2807 4930 ἀλλ’
2847 4875 3010 4936 αὐτος
3047 4873 3076 4924 ὁ
3110 4873 3209 4933 τῆς
3264 4868 3422 4937 δόξης
3465 4865 3704 4937 Κύριος,

2129 4979 2292 5048 σαρκὶ
2335 4973 2567 5028 πέπονθε
2611 4969 2754 5024 κατὰ
2789 4967 2887 5029 τὰς
2920 4964 3160 5036 Γραφάς.
3206 4958 3427 5029 Ἐπειδὴ
3455 4957 3514 5010 δὲ
3552 4959 3601 5008 oi
3637 4955 3707 5007 τὰ.

2127 5070 2261 5125 κενὰ
2290 5068 2387 5120 καὶ
2411 5064 2643 5133 δυσσεϐῆ
2665 5071 2690 5098 ν
2720 5061 2966 5129 δόγματα
3008 5059 3074 5125 τῇ
3109 5053 3244 5124 ὀρθῇ
3285 5051 3380 5104 καὶ
3420 5048 3707 5118 ἀμωμήτῳ

2132 5166 2311 5216 πίστει
2344 5156 2753 5228 παρεισκρίνειν
2780 5151 3075 5212 ἐθέλοντες,
3105 5145 3392 5215 ἄνθρωπόν
3426 5159 3560 5210 φασι
3596 5156 3709 5191 κοι-

2128 5253 2217 5308 νὸν
2246 5251 2532 5320 ὑπομεῖναι
2563 5249 2652 5300 τὸν
2682 5245 2822 5314 ὑπὲρ
2854 5239 3013 5312 ἡμῶν
3047 5237 3298 5306 σταυρὸν,
3325 5234 3548 5302 γέγονεν
3577 5231 3701 5282 ἁναο

2131 5347 2320 5414 γκαῐος
2342 5345 2370 5396 ὁ
2395 5335 2850 5410 ἁναθεματισμὸς,
2879 5333 2974 5402 τῆς
2999 5329 3223 5398 ἐνούσης
3251 5326 3433 5387 αὐτοῖς
3456 5320 3710 5381 ἀσεϐείας

2133 5434 2445 5508 ἐμφανίζων
2471 5431 2529 5483 τὸ
2563 5427 2810 5499 μέγεθος.

515 5593 730 5649 “Joau.
752 5613 823 5660 \‘l,
849 5599 934 5652 64.
979 5599 1022 5630 ³⁵
1049 5600 1177 5654 ibitl.
1206 5598 1296 5652 58.
1340 5599 1382 5630 ⁸⁶
1406 5601 1610 5654 (Ioloss.
1643 5618 1681 5664 ι,
1716 5603 1800 5654 18.
1839 5601 1919 5655 ³⁷1
1947 5601 2006 5656 Ct

2111 5617 2191 5663 xv,
2223 5598 2314 5652 9.0.
2353 5595 2394 5627 ³⁸
2421 5593 2575 5646 llebr.
2619 5608 2676 5652 Il,
2707 5591 2755 5642 9.
2792 5588 2836 5618 ³³
2864 5584 3021 5636 ICor.
3058 5599 3114 5642 ll,
3155 5582 3208 5632 8.
3244 5577 3330 5630 “'I
3365 5577 3504 5631 Petr.
3542 5591 3612 5638 tv,
3656 5575 3700 5629 l.

1513 5746 1683 5798 Varia:
1723 5746 1981 5800 lectiones
2010 5759 2074 5796 ex
2111 5745 2296 5797 codice
2331 5741 2703 5810 Seguieriano.

532 5881 554 5904 υ
588 5873 756 5942 μόνην
787 5871 935 5924 θείαν
975 5869 1265 5940 ἐνοίκησιν,
1309 5879 1333 5919 r
1369 5868 1488 5922 ἰδία.
1552 5876 1582 5918 τι
1612 5864 2020 5931 ζωοποιοῦντος.
2079 5873 2098 5900 τ
2140 5862 2263 5917 ἰδία.
2340 5873 2361 5900 9
2395 5859 2570 5932 ζήσει.

2650 5859 2667 5892 ι
2706 5871 2784 5908 τε.
2842 5863 2868 5891 ιι
2890 5852 3134 5918 ἀνωτερα
3160 5859 3287 5914 γαρ.
3366 5849 3396 5879 ν
3425 5840 3703 5908 δυσφημα.
