4104 6336
338 476 443 532 3³3
939 474 1466 533 APOLOGETICUS
1501 473 1635 529 ΡΙιο
1678 472 1768 527 XII
1812 471 2177 526 CAPITIBL‘S
2217 467 2493 525 CONTRA
2535 465 2989 522 ORIENTALES.
3490 462 3599 523 5i}

1572 665 1991 674 *μυ-δ.-
2004 663 2260 670 -ν--ιν--κ
2297 662 2463 669 -κΑοο-
2478 663 2532 668 ---
2544 662 2676 669 -—-——-
2696 661 3128 682 α-ν-κἺτ--ας
3151 660 3193 670 p—

1572 682 1577 685 ι
1776 679 1797 684 ηη
1889 678 1996 684 .-κ‹-ο
2050 676 2217 682 -νκ---κ
2270 677 2313 682 -—~
2354 676 2388 680 νυ
2460 674 2747 681 «η--ηΑ-η-σηκ-
2782 676 2888 681 ινη.
3030 674 3193 682 ﬂ...

1961 665 1996 683 T‘.
2004 663 2260 682 -πζτῖᾐ
2270 662 2711 682 ._3".':"’2‘:'.:‘f:'..‘
2718 663 2815 680 ΓΓἻ
2967 658 3582 682 πέζῃ-..Μ

1618 865 2305 958 ADMONITIO

772 1090 851 1153 IN
919 1087 1345 1161 UTRUMQUE
1408 1089 1672 1150 SANCTI
1740 1090 2039 1149 CYBILLI
2108 1088 2488 1149 LIBELLUM
2554 1083 3160 1146 APOLOGETICUM.

1849 1289 2089 1327 SCJLICET

896 1431 1017 1495 Pro
1058 1433 1167 1491 XII
1194 1431 1503 1511 capitibus
1542 1440 1760 1492 contra
1799 1428 2164 1499 Orientales,
2208 1436 2268 1489 et
2298 1436 2515 1489 contra
2551 1427 3047 1489 'l‘hcouorctum.

1080 1624 1095 1682 (
1123 1621 1177 1669 Ρ.
1215 1622 1488 1670 Gsnaemcs
1520 1619 1568 1668 in
1598 1621 1723 1683 Opp.
1761 1621 1896 1670 Marii
1941 1623 2248 1675 Mercatoris.
2278 1624 2373 1671 col.
2399 1624 2493 1670 955
2524 1625 2607 1677 ed,
2636 1623 2819 1685 Migne.
2846 1624 2861 1684 )

408 1922 640 1997 Cyrillus
659 1923 904 1993 epistolae
929 1939 1039 1979 sum
1063 1925 1237 1979 tertia
1265 1923 1329 1976 ad
1353 1924 1659 1978 Nestorium
1690 1924 2047 1994 sttbjunxerat
2087 1927 2262 1992 capita
2291 1942 2538 1979 errorum
2582 1928 2887 1990 duodecim,
2911 1943 3027 1996 quae
3050 1928 3174 1997 quia
3196 1928 3403 1998 singula
3431 1930 3613 1995 subje—

337 2028 485 2072 ctum
512 2017 714 2073 habent
737 2019 1052 2081 anathema,
1087 2017 1247 2089 vulgo
1282 2018 1725 2074 anathematismi
1754 2028 2037 2085 vocantur,
2088 2037 2396 2089 quanquam
2434 2033 2646 2076 veteres
2679 2023 2955 2077 malebant
2981 2022 3219 2093 capitula
3255 2024 3458 2082 dicere.
3487 2025 3611 2080 llaec

339 2128 465 2168 cum
480 2114 781 2184 accepisset
808 2113 1109 2181 Nestorius,
1143 2113 1430 2169 confestim
1464 2115 1803 2169 Antiochiam
1832 2116 1978 2170 misit
2001 2117 2065 2169 ad
2094 2114 2355 2170 Joannem
2388 2119 2724 2185 episcopum,
2762 2134 2959 2183 rogans
2996 2128 3105 2172 uta
3133 2120 3611 2190 przestantissimis

340 2206 549 2261 duobus
570 2222 681 2263 sua:
716 2208 967 2264 ditecesis
1008 2208 1339 2274 hominibus,
1375 2209 1589 2262 Andrea
1637 2206 1997 2263 Samosateno
2052 2218 2106 2264 et
2140 2210 2486 2265 Theodoreto
2516 2210 2761 2281 Cyrensi,
2810 2210 3138 2274 refellendaJ
3175 2223 3231 2267 et
3269 2214 3607 2283 Apollinarii,

339 2308 567 2378 Ariiqne
609 2322 861 2363 errorum
896 2308 1201 2363 damnanda
1239 2320 1477 2363 curaret.

412 2398 683 2455 Fecerunt
717 2401 879 2455 ambo
907 2403 1049 2471 quod
1086 2403 1440 2471 rogabantur,
1477 2403 1850 2473 scriptumque
1883 2403 2081 2473 singuli
2122 2405 2378 2457 acerbum
2428 2405 2631 2473 pariter
2663 2413 2825 2471 atque
2867 2401 3263 2455 amarulentum
3293 2399 3609 2464 ediderunt,

341 2492 591 2548 Andreas
613 2492 974 2549 Orientalium
1007 2493 1247 2556 nomine,
1274 2491 1646 2546 Theodoretus
1682 2508 1815 2558 suo;
1843 2493 2066 2560 scripsit
2095 2494 2239 2547 enim
2262 2494 2350 2547 ille
2374 2493 2694 2560 Antiochiaa,
2724 2493 2824 2548 iste
2843 2493 2989 2563 Cyri.
3017 2494 3247 2548 Andreas
3271 2491 3609 2560 objectinnes

342 2586 589 2654 probavit
619 2584 846 2640 Joannis
878 2585 1152 2655 synodus;
1191 2584 1469 2653 misitque,
1504 2586 1720 2651 opinor,
1750 2584 2132 2638 Alexandriam
2170 2601 2267 2654 per
2305 2584 2679 2639 Possidonium
2717 2587 2891 2653 ipsmn
2927 2586 3239 2647 diaconum,
3276 2586 3366 2653 qui
3402 2584 3616 2639 litteras

342 2680 621 2737 Calestini
655 2695 718 2734 ac
753 2679 937 2750 Cyrilli
970 2682 1038 2733 ad
1064 2678 1339 2748 :Joannem
1387 2678 1667 2732 attulerat.
1703 2678 2079 2733 Theodoretus
2126 2678 2581 2747 reprehensiones
2617 2692 2744 2729 suas
2781 2692 2874 2745 per
2917 2676 3257 2729 PhtBniciam
3295 2676 3613 2743 vicinasque

347 2772 596 2842 regiones
627 2771 852 2840 sparsit,
922 2770 1033 2824 imo
1072 2770 1208 2824 et'in
1238 2769 1429 2823 urbem
1460 2770 1662 2837 regiam
1689 2770 1857 2833 misit,
1892 2770 2297 2839 gratificaturus
2328 2768 2505 2822 amico
2540 2767 2791 2821 Nestorio
2824 2786 2835 2820 :
2876 2767 2974 2820 has
2999 2784 3122 2821 cum
3150 2769 3451 2836 accepisset
3477 2767 3617 2820 Evo-

347 2867 492 2935 ptius
524 2864 880 2921 Ptolemaidis
911 2862 1272 2933 Pentapoleos
1303 2864 1542 2934 regionis
1570 2866 1877 2934 episcopus,
1910 2866 1975 2916 ad
2008 2864 2272 2933 Cyrillum
2301 2863 2467 2916 misit.

420 2953 656 3026 Uterque
683 2956 907 3026 scripsit
936 2964 1061 3009 ante
1087 2955 1377 3010 concilium
1407 2954 1765 3026 Ephesinum.
1791 2956 1933 3025 quod
1964 2956 2032 3009 de
2056 2971 2116 3008 se
2146 2962 2378 3008 testatur
2406 2954 2780 3008 Theodoretus
2812 2956 2864 3007 in
2901 2956 3219 3023 praefatione
3250 2954 3551 3024 Pentalogu
3598 2998 3615 3013 .

350 3053 565 3122 utrique
597 3052 831 3123 Cyrillus
886 3064 1013 3107 ante
1044 3053 1331 3107 concilium
1368 3053 1669 3121 respondit,
1705 3052 1850 3122 quod
1882 3052 1967 3104 vel
1999 3067 2067 3104 ex
2097 3067 2160 3104 eo
2189 3061 2423 3113 constat,
2457 3053 2600 3120 quod
2638 3051 2885 3104 damnati
2916 3067 2942 3103 a
2979 3050 3184 3121 synodo
3216 3050 3450 3106 Nestorii
3487 3066 3615 3107 nus-

346 3157 506 3210 quam
531 3142 800 3207 meminit,
826 3158 947 3198 cum
983 3152 1165 3199 tamen
1195 3144 1376 3215 magni
1403 3143 1457 3197 in
1486 3158 1599 3197 rem
1632 3158 1785 3196 suam
1823 3144 2079 3196 momenti
2109 3142 2348 3196 futurum
2375 3153 2521 3197 esset
2550 3152 2757 3197 tantum
2790 3141 3041 3197 Ecclesia:
3060 3142 3229 3213 judici
3250 3161 3360 3197 unt.

417 3232 541 3289 Fuit
579 3250 708 3290 vero
741 3235 986 3291 Andreas
1026 3252 1087 3290 ea
1129 3244 1454 3306 tempestate
1489 3237 1630 3291 inter
1661 3234 1969 3290 Orientales
2002 3234 2262 3289 doctrina:
2294 3234 2435 3288 fama
2462 3235 2790 3305 pietatisque
2820 3235 3072 3290 celebris.
3114 3234 3247 3290 Tres
3291 3245 3509 3291 exstant
3550 3248 3624 3289 an

348 3343 471 3382 eum
494 3327 817 3385 Theodoreti
843 3330 1109 3401 epistolae,
1136 3332 1309 3401 prima
1333 3331 1475 3387 inter
1508 3333 1685 3385 editas
1708 3345 1737 3383 a
1767 3329 2057 3384 Sirmondo
2080 3331 2342 3399 vigesimo
2366 3341 2561 3400 quarto
2593 3347 2818 3385 numero
2842 3340 3128 3396 censetur;
3158 3331 3328 3385 altera
3356 3332 3407 3385 in
3431 3333 3620 3400 quinta

367 3423 573 3493 synodo
602 3426 907 3492 reperitur;
946 3426 1099 3480 tertia
1127 3427 1268 3497 apud
1294 3425 1525 3480 Marium
1557 3423 1937 3487 Mercatorem,
1963 3440 2072 3493 quo
2109 3426 2402 3494 interprete
2436 3442 2579 3479 nunc
2604 3426 2837 3493 primum
2873 3427 3074 3479 editur.
3100 3424 3179 3478 Ex
3209 3427 3383 3495 prima
3414 3427 3617 3481 intelli-

354 3520 499 3588 gitur
521 3530 783 3589 quantam
816 3520 907 3574 ille
940 3523 1023 3576 sui
1061 3522 1373 3590 opinionem
1400 3522 1538 3590 apud
1568 3534 1760 3574 omnes
1786 3520 2024 3580 fecerat;
2059 3535 2121 3573 ex
2159 3522 2417 3583 secunda,
2451 3538 2555 3574 non
2589 3523 2802 3576 venisse
2834 3522 2899 3576 ad
2933 3522 3223 3575 concilium
3258 3522 3617 3591 Ephesinum,

354 3621 577 3681 propter
602 3613 888 3665 adversam
926 3612 1417 3680 valetudinem;ex
1450 3612 1634 3675 tertia,
1668 3612 2020 3680 pertinaciter
2046 3613 2337 3666 adluesisse
2366 3612 2650 3676 Nestorio;
2685 3629 2862 3683 neque
2897 3629 3133 3681 unquam
3162 3614 3213 3667 in
3247 3613 3364 3681 ejus
3394 3618 3618 3668 damna-

358 3703 554 3757 tionem
590 3703 956 3771 consensisse,
985 3706 1148 3759 etiam
1178 3715 1408 3775 cogente
1434 3719 1531 3774 per
1558 3704 1890 3760 Aristolaum
1918 3705 2194 3759 tribunum
2231 3704 2562 3761 Theodosio.

428 3797 620 3853 Mirum
652 3815 808 3864 sane,
843 3801 985 3870 quod
1021 3801 1209 3857 scribit
1238 3801 1507 3856 Baronius
1543 3801 1646 3871 (Ad
1693 3819 1818 3856 ann.
1851 3801 1977 3867 451,
2003 3817 2153 3854 ηυιη.
2186 3801 2340 3872 185),
2374 3802 2663 3869 impulsum
2699 3804 2868 3859 fuisse
2888 3804 3159 3859 Andream
3193 3820 3221 3857 a
3254 3804 3463 3859 Joanne
3495 3804 3613 3859 An-

360 3892 632 3958 tiocheno,
667 3902 787 3962 post
811 3893 1049 3948 solutum
1074 3892 1387 3961 concilium,
1411 3894 1479 3949 ad
1506 3894 1853 3949 scribendum
1887 3904 2073 3948 contra
2107 3893 2295 3962 Cyrilli
2341 3894 2600 3961 capitula,
2655 3896 2951 3965 tulisseque
3001 3911 3121 3950 eam
3188 3911 3285 3965 pro
3340 3896 3620 3964 impietate

358 3990 687 4053 mercedem,
719 3997 776 4042 ut
810 4004 878 4042 ex
908 3990 1174 4045 monacho
1196 3988 1797 4060 Constantinopolitano
1827 3988 2214 4045 Santosatcuus
2242 3991 2529 4059 episcopus
2564 3991 2717 4042 fieret
2747 4006 2760 4042 :
2796 4005 2919 4042 nam
2948 3989 3119 4058 primo
3149 3989 3609 4056 Constantinopo-

356 4081 558 4138 Jitanus
592 4084 679 4139 ille
703 4084 1023 4151 monachus,
1053 4094 1173 4154 post
1204 4100 1389 4155 pacem
1417 4084 1807 4151 Ecclesiarum,
1840 4101 1963 4140 cum
1996 4088 2062 4139 ad
2087 4102 2207 4139 cum
2232 4085 2492 4139 scriberet
2518 4083 2911 4147 Theodoretus,
2940 4086 3118 4138 adhuc
3148 4094 3266 4138 erat
3292 4086 3608 4139 monachus.

360 4176 562 4231 Deinde
591 4176 880 4231 Liberatus
912 4176 1099 4240 tradit,
1131 4178 1315 4232 statim
1342 4179 1579 4246 acceptis
1607 4178 1794 4248 Cyrilli
1823 4179 2039 4241 litteris,
2077 4176 2387 4230 Nestorium
2416 4192 2445 4229 a
2475 4175 2686 4229 Joanne
2715 4176 2957 4245 petiisse,
2986 4186 3043 4228 ιιι
3067 4192 3095 4227 a
3129 4176 3242 4231 suis
3275 4176 3427 4245 argui
3467 4176 3623 4244 capi-

360 4263 469 4319 tnla
495 4277 733 4329 curaret,
759 4265 1109 4336 idipsumque
1144 4267 1312 4321 refert
1341 4282 1406 4321 ex
1432 4267 1686 4323 Liberata
1714 4268 1981 4323 Baronius
2006 4270 2073 4322 ad
2104 4284 2232 4329 aun,
2262 4268 2387 4322 450.
2428 4268 2664 4336 Denique
2692 4266 3068 4321 Theodoretus
3092 4277 3220 4322 ante
3247 4268 3534 4322 concilium
3564 4284 3630 4320 se

361 4364 650 4432 scripsisse
683 4372 910 4418 testatus
957 4372 1074 4429 est;
1113 4372 1167 4416 et
1195 4364 1531 4419 ostendimus
1561 4366 1775 4434 utrique
1805 4382 1834 4419 a
1870 4366 2075 4437 Cyrillo
2107 4382 2420 4436 responsum
2446 4375 2571 4419 ante
2596 4367 2773 4432 ipsum
2800 4380 3020 4434 quoque
3050 4364 3362 4418 concilium.
3389 4361 3623 4433 Cyrillus

358 4466 507 4509 certe
554 4454 882 4509 l'heodoreto
915 4455 1215 4523 respondit,
1249 4456 1394 4510 velur
1424 4457 1629 4512 homini
1665 4459 1847 4528 ignoto
1880 4478 1893 4513 :
1929 4462 2020 4523 qui
2052 4476 2181 4512 νυνι»
2206 4459 2395 4513 fuisset
2432 4468 2552 4528 post
2585 4457 2894 4522 concilium,
2932 4472 3053 4511 cum
3089 4456 3471 4512 Theodoretus
3496 4469 3614 4508 rem

358 4548 866 4612 schistnaticorum,
905 4547 985 4601 vel
1017 4564 1177 4613 unus,
1210 4548 1291 4601 vel
1324 4549 1466 4603 inter
1492 4549 1694 4619 primos
1717 4552 2087 4618 promoverit?
2126 4552 2408 4605 Pastrcmo
2439 4552 2713 4604 Andream
2741 4550 2781 4602 Τ
2790 4548 3242 4617 heodoretusjam
3274 4548 3623 4618 episcopum,

359 4652 418 4697 et
442 4641 656 4710 quidem
682 4656 789 4695 non
823 4641 898 4694 ita
926 4642 1135 4710 pridem
1168 4640 1393 4704 factum,
1421 4643 1637 4710 Epheso
1671 4644 1866 4699 litteris
1893 4647 2169 4702 convenit.

435 4734 711 4790 Incertum
740 4751 1023 4806 quousque
1048 4737 1212 4788 vitam
1249 4740 1603 4803 protraxerit,
1634 4754 1757 4792 nam
1788 4741 1930 4808 quod
1961 4738 2126 4794 habet
2160 4740 2475 4793 Theodorus
2501 4741 2671 4792 lector
2707 4756 2719 4789 :
2750 4737 3015 4790 Rabbulas
3039 4738 3333 4790 Edessemts
3352 4738 3624 4805 cpiscopus

362 4845 531 4885 recns
559 4839 712 4895 erat;
741 4831 981 4885 Andreas
1008 4848 1126 4885 vero
1154 4832 1531 4887 Somosatenus
1571 4837 1833 4889 accusavit
1863 4851 2005 4899 eum,
2030 4837 2182 4904 quasi
2221 4844 2406 4888 contra
2450 4835 2724 4887 duodecim
2756 4834 2930 4902 capita
2980 4831 3295 4888 Theodoreti
3326 4835 3621 4903 scripsisset

365 4921 516 4990 (Lib.
545 4940 561 4977 ι
591 4922 1063 4990 Collectaneorum,
1105 4934 1142 4977 t.
1176 4924 1213 4977 ll
1243 4923 1582 4979 Bibliotheca:
1634 4926 1858 4979 Patrum
1883 4928 1926 4995 ).
1955 4924 2099 4981 Nihil
2148 4936 2324 4996 potest
2352 4925 2419 4979 ad
2449 4925 2855 4992 chronologiam
2879 4926 3209 4989 conducere,
3235 4940 3357 4979 cum
3384 4925 3519 4979 nihil
3543 4928 3615 4981 sit

364 5016 724 5073 Collectaneis
756 5018 912 5088 hujus
959 5022 1059 5073 viri
1097 5022 1487 5090 perturbatius.
1519 5019 1634 5075 Non
1669 5022 1969 5090 supervixit
2001 5037 2133 5076 sane
2161 5025 2226 5074 ad
2259 5036 2460 5075 annum
2501 5036 2671 5090 usque
2697 5022 2825 5085 451,
2858 5036 2965 5089 quo
2997 5019 3292 5074 concilium
3320 5020 3621 5076 Chalcedo-

367 5124 534 5163 nense
568 5110 808 5163 habitum
837 5122 939 5165 est.
976 5112 1032 5165 lu
1063 5128 1128 5166 eo
1164 5114 1311 5166 enim
1348 5112 1544 5181 legitur
1573 5128 1768 5167 nomen
1806 5112 1985 5167 Rutini
2034 5114 2460 5173 Samosatensis.
2487 5112 2602 5177 qui,
2649 5128 2771 5165 cum
2807 5111 3111 5165 centesimo
3140 5111 3403 5180 vigesimo
3446 5112 3622 5177 primo

366 5204 485 5260 loco
517 5208 844 5273 sententiam
875 5207 1094 5273 dixerit,
1125 5208 1264 5261 inter
1289 5208 1469 5276 plures
1505 5210 1777 5263 sexcentis
1806 5209 2114 5278 episcopos,
2149 5224 2253 5263 non
2280 5210 2351 5262 ita
2382 5208 2589 5278 pridem
2622 5207 2801 5261 debuit
2841 5207 3285 5259 Samosatensem
3312 5203 3616 5258 Ecclesiam

370 5313 580 5367 regere,
610 5299 1048 5366 quandoquidem
1077 5300 1334 5355 credibile
1360 5311 1443 5356 est
1477 5316 1575 5369 pro
1611 5302 1818 5359 ratione
1858 5299 2222 5353 ordinationis
2260 5300 2558 5355 reCensitos
2585 5313 2708 5353 esse
2744 5298 2951 5350 Patres.
2994 5298 3175 5361 Quare
3216 5298 3303 5350 vix
3346 5298 3623 5351 Andream

370 5408 492 5447 reor
517 5397 758 5463 adusque
786 5410 916 5450 anu.
943 5395 1049 5448 MO
1083 5397 1243 5449 vitam
1272 5397 1612 5464 produxisse.

441 5486 723 5541 Methodns
752 5503 915 5557 porro
949 5504 1110 5556 quam
1146 5489 1195 5541 in
1231 5490 1395 5543 hocce
1422 5505 1585 5558 opere
1617 5498 1801 5544 servat
1826 5492 1927 5547 ista
1959 5492 2073 5547 fere
2105 5502 2207 5545 est.
2240 5489 2499 5559 Cyrillum
2534 5488 2712 5556 arguit
2742 5504 2853 5539 non
2886 5496 2993 5539 tam
3028 5486 3235 5539 erroris
3278 5499 3438 5551 quam
3480 5488 3622 5553 quod

371 5582 662 5650 pugnantia
687 5584 757 5634 sit
782 5582 1025 5645 locutus;
1056 5583 1197 5651 quod
1222 5584 1442 5639 vocibus
1472 5585 1791 5642 inconsultis
1821 5599 1874 5641 et
1900 5586 2169 5655 ambiguis
2200 5596 2415 5648 utatur;
2444 5594 2496 5638 et
2534 5593 2679 5652 quod
2710 5583 2944 5649 maligne
2986 5580 3127 5635 forte
3167 5581 3369 5651 aliquid
3406 5579 3621 5634 latentis

373 5676 573 5729 erroris
601 5675 930 5729 dissimulet.

444 5769 518 5823 Ex
546 5772 753 5825 duobus
798 5780 974 5822 autem
1024 5774 1283 5825 duntaxat
1319 5773 1576 5841 Operibus
1607 5774 1789 5844 Cyrilli
1830 5774 2101 5842 depromit
2132 5787 2271 5836 .oca,
2304 5787 2421 5840 qua:
2472 5768 2941 5822 anathcntatismis
2974 5777 3231 5835 Opponat,
3272 5783 3336 5820 ex
3388 5765 3615 5835 cpistola

381 5877 572 5931 nempe
600 5862 665 5916 ad
699 5862 910 5932 .{i‘lgypti
943 5865 1261 5929 monachos,
1292 5875 1345 5919 et
1378 5867 1595 5922 homilia
1628 5866 1867 5936 paschali
1900 5866 1989 5933 i7,
2022 5866 2277 5933 illamque
2308 5863 2468 5934 primi
2495 5862 2625 5916 tnmi
2659 5862 2897 5925 nomine,
2927 5861 3089 5916 istam
3118 5860 3342 5917 secundi
3372 5858 3621 5930 appellat.
