4104 6336
533 422 642 481 315
1529 425 1587 482 S.
1629 424 1907 483 CYRILLI
1950 424 2193 479 ALEXA]

2184 422 2421 480 NDRINI-
2458 421 2781 479 Λιιοιιιει).
3689 417 3796 485 316

535 541 666 596 Nam
701 544 801 598 ista
835 544 943 600 duo
974 545 1198 600 fuerunt
1224 546 1395 616 aperti
1425 562 1545 601 cum
1574 545 1829 602 Nestorio
1852 546 2062 601 dissidii
2102 547 2278 617 prima
2312 545 2458 600 velut
2499 544 2722 608 indicia,
2759 550 2815 598 et
2848 544 3005 612 quasi
3036 542 3161 598 belli
3190 542 3443 607 classica,
3483 540 3703 595 fuerunt
3739 550 3795 594 et

530 638 727 703 ubique
755 640 995 707 gentium
1023 639 1330 701 notissima,
1354 655 1475 693 cum
1508 649 1730 709 propter
1758 640 1994 694 liomilim
2016 639 2486 703 communitatem,
2511 647 2624 691 tum
2658 635 2895 690 maxime
2920 634 2993 689 ob
3048 634 3295 702 epistola
3321 633 3517 688 factam
3541 635 3609 688 de
3640 632 3797 688 indu-

531 732 663 783 stria
696 746 790 799 per
818 733 1001 799 urbes,
1032 744 1085 787 et
1117 733 1581 802 Constantinopoli
1623 734 1877 797 maxime,
1919 734 2007 789 cui
2042 732 2289 789 Andreas
2321 732 2617 795 scribebat,
2652 729 3186 786 disseminationem.

598 824 1004 881 Observandum
1040 830 1142 881 sub
1189 830 1371 892 linem,
1405 830 1695 882 admodum
1744 844 1913 897 pauca
1951 830 2019 882 ab
2052 830 2269 883 Andrea
2314 827 2493 883 asseri
2522 842 2642 895 quae
2684 826 2884 879 bonum
2932 840 3151 878 sensum
3191 823 3334 878 ferre
3378 838 3485 877 non
3536 822 3790 891 possint:

528 927 698 982 quare
734 932 836 969 nam
871 922 943 971 ita
966 922 1275 987 discrepare
1297 920 1468 988 ipsum
1496 935 1524 971 a
1558 919 1781 989 Cyrillo,
1819 921 1948 989 quin
1978 920 2157 983 facile,
2184 920 2228 974 si
2261 918 2627 974 contentionis
2645 916 2885 971 studium
2905 915 3063 980 absit,
3086 914 3367 968 conciliari
3394 922 3594 983 queat:
3624 912 3789 967 asseri

527 1006 671 1070 dico,
697 1008 818 1072 quia
850 1010 1179 1062 sententiam
1209 1008 1563 1065 Orientalium
1582 1012 1727 1063 velut
1746 1010 1974 1066 Nestorii
2009 1012 2227 1066 nomine
2245 1008 2719 1065 auathematismis
2747 1007 3039 1076 appetitam
3061 1007 3291 1060 subinde
3317 1006 3563 1073 exponit,
3590 1010 3647 1057 ut
3675 1003 3792 1058 haec

527 1095 869 1151 elucubratio
900 1116 1003 1152 non
1046 1110 1154 1152 tam
1195 1100 1534 1169 impugnatio
1563 1100 1798 1154 hominis
1830 1102 2058 1170 alicujus
2085 1103 2258 1157 videri
2292 1103 2484 1172 possit,
2518 1116 2680 1170 quam
2714 1098 3066 1153 vel‘del‘eusio
3093 1097 3473 1167 iudiciumque
3500 1095 3791 1151 Orientalis

527 1192 738 1258 synodi,
780 1193 861 1247 vel
893 1196 1165 1249 sententia
1197 1197 1264 1249 de
1299 1196 1794 1259 anathematismis,
1827 1206 2086 1267 tanquam
2116 1199 2218 1254 sibi
2249 1197 2774 1253 contradicentibus.

596 1287 774 1355 Atque
802 1288 913 1341 lucc
949 1306 1106 1343 causa
1140 1288 1242 1343 fuit
1271 1308 1369 1345 cur
1406 1289 1663 1362 Cyrillus,
1698 1292 1800 1344 etsi
1838 1292 2107 1348 interdum
2134 1294 2423 1358 irascatur,
2448 1301 2672 1362 propter
2700 1290 3171 1357 importunitatem
3202 1289 3655 1354 obtrectatorum,
3686 1288 3789 1341 mi-

528 1380 633 1431 tius
660 1392 838 1434 tamen
869 1398 989 1434 cum
1018 1384 1237 1438 Antlrea
1270 1401 1430 1455 quam
1458 1399 1581 1436 cum
1611 1382 1961 1439 Theodoreto
1996 1396 2158 1456 agat;
2188 1386 2241 1439 in
2268 1385 2362 1441 illo
2395 1385 2540 1439 enim
2575 1383 2912 1454 provinciam
2951 1397 3116 1435 unam
3150 1388 3345 1445 totam,
3378 1381 3429 1433 in
3467 1380 3567 1434 isto
3597 1380 3785 1449 singu-

525 1475 689 1527 larem
726 1491 1036 1544 personam,
1067 1488 1121 1532 et
1149 1495 1271 1534 eam
1308 1480 1525 1549 quidem
1556 1476 1659 1531 sibi
1696 1476 1934 1548 ignotam
1967 1482 2255 1550 spectavit.

1228 1880 1577 2013 ΤΟΥ
1651 1876 2177 2013 ΑΓΙΟΥ
2238 1875 3113 2013 ΚΥΡΙΛΛΟΥ

1552 2114 2120 2205 ΑΡΧΙΕΠΙΣΚΟΠΟΥ
2166 2149 2639 2206 ΑΛΕΞΑΝΔΡΕΙΔ

736 2332 1621 2424 ΑΠΟΛΟΓΗΤΙΚΟΣ
1694 2337 1995 2424 ΥΠΕΡ
2068 2338 2297 2423 ΤΩΝ
2376 2334 2831 2423 ΔΩΔΕΚΑ
2907 2336 3559 2424 ΚΕΦΑΛΑΙΩΝ

1372 2544 1563 2596 ΠΡΟΣ
1603 2542 1785 2597 ΤΟΥΣ
1828 2542 1968 2595 ΤΗΣ
2002 2539 2388 2596 ΑΝΑΤΟΛΗΣ
2418 2542 2913 2597 ΕΠῙΣΚΟΠΟΥΣ.

1353 2876 2043 3040 SANGTI
2140 2881 2923 3039 CYRILLI

1614 3178 2088 3236 ALEXANDRIAE
2126 3176 2654 3236 ARCHIEPISCOPI

812 3370 1723 3471 APOLOGETICUS
1800 3381 2035 3473 PRO
2111 3382 2740 3473 DUODECIM
2818 3380 3451 3472 CAPITIBUS

1427 3570 1826 3633 ADVERSUS
1882 3573 2367 3635 ORIENTALES
2415 3573 2839 3636 EPISCOPOS.

570 3892 671 3961 Qui
707 3909 858 3949 suam
903 3907 1135 3953 mentem
1177 3902 1522 3957 sanctissimo
1555 3905 1664 3959 Deo
1702 3909 1982 3975 dicarunt,
2024 3923 2076 3966 et
2107 3916 2151 3973 Α

2253 3914 2315 3965 Οἱ
2346 3911 2425 3982 τῷ
2457 3909 2707 3982 παναγίῳ
2753 3909 2873 3980 Θεῷ
2914 3910 3014 3980 τὴν
3052 3908 3258 3962 ἑαυτῶν
3292 3908 3531 3962 διάνοιαν
3578 3926 3759 3981 παρα-

499 3986 747 4041 veritatis
776 3986 1122 4059 dogmatibus
1146 3994 1472 4059 patrocinari
1512 3996 1848 4064 delegerunt,
1884 4011 2077 4055 cavent
2186 4026 2193 4055 ‹

2186 4006 2500 4076 στήσαντες,
2534 4004 2627 4056 καὶ
2652 4004 2765 4066 τοῖς
2799 4002 2896 4072 τῆς
2929 4001 3187 4073 ἀληθείας
3220 4001 3450 4071 δόγμασι
3483 4003 3760 4054 συνειπεῖν

501 4078 726 4147 profana
762 4079 1185 4150 irreligiosorum
1224 4085 1598 4141 haereticorum
1640 4091 1945 4161 vaniloquia
1973 4111 1986 4155 ;
2014 4111 2077 4148 ac
2184 4112 2193 4163 τ

2184 4096 2482 4166 ᾑρημένοι,
2528 4091 2919 4163 παραιτοῦνται
2956 4092 3054 4161 μὲν
3087 4093 3185 4157 τὰς
3229 4092 3490 4162 βεϐήλους
3521 4109 3763 4160 κενοφω-

505 4174 729 4239 ligentes
764 4173 1034 4228 internum
1067 4185 1122 4230 et
1155 4177 1530 4231 absconditum
1560 4184 1739 4236 cordis
1777 4186 1989 4239 oculum
2023 4189 2073 4241 in
2183 4202 2193 4220 π

2183 4186 2300 4247 νίας
2327 4193 2351 4220 ι
2374 4183 2482 4237 τῶν
2504 4185 2732 4236 ἀνοσίων
2754 4182 3068 4253 αἱρετικῶν.
3096 4183 3405 4253 ἐρείσαντες
3430 4183 3486 4235 δὲ
3512 4182 3602 4235 τὸν
3629 4182 3758 4246 ἔσω,

502 4263 841 4333 Scripturam
871 4268 1130 4324 divinitus
1169 4270 1509 4339 inspiratam,
1537 4273 1725 4343 sicque
1755 4277 1908 4330 bouis
1936 4280 2076 4346 cogi-

502 4355 795 4408 tationibus
815 4372 938 4410 eum
970 4356 1174 4411 affatim
1200 4360 1496 4428 explentes,
1538 4363 1602 4416 iis
1631 4364 1721 4433 qui
1758 4377 1903 4420 recta
1949 4383 2073 4436 per-

498 4455 739 4508 vertunt,
764 4448 1111 4503 obluctantur
1141 4467 1397 4521 perquam
1432 4464 1676 4521 strenue,
1705 4459 1863 4524 quasi
1893 4460 2077 4514 dicen-

500 4546 623 4593 ιθε·
657 4558 675 4591 ι
726 4539 961 4594 Zelando
1010 4543 1167 4597 zelati
1220 4560 1408 4600 sumus
1451 4546 1678 4601 Domino
1709 4549 1774 4603 “.
1818 4569 1835 4602 ι
1887 4549 2077 4620 Itaque

496 4644 619 4682 cum
665 4629 945 4687 Nestorius
989 4635 1185 4689 multas
1238 4646 1293 4689 et
1341 4639 1582 4693 diversas
1616 4639 1778 4710 158
1823 4641 2075 4709 blasphe-

500 4722 637 4774 mias
670 4734 854 4775 contra
888 4725 1161 4780 Christum
1191 4728 1525 4785 Salvatorem
1557 4735 1800 4788 omnium
1828 4746 2072 4791 nostrum

495 4810 813 4877 eﬁunderet,
844 4827 898 4871 ct
924 4822 1320 4886 quodammodo
1352 4826 1714 4879 venerandum
1742 4838 1798 4880 et
1820 4843 2070 4894 magnum

496 4906 891 4963 incarnationis
963 4923 1364 4966 sacramentum
1442 4914 1684 4971 fmulitus
1733 4929 2068 4985 removeret,

498 5012 603 5052 non
664 4999 976 5069 ignorantes
1023 5003 1088 5054 ad
1142 5004 1256 5057 hare
1309 5005 1445 5060 velle
1494 5008 1657 5063 silere
1707 5010 2069 5079 periculosum

495 5104 639 5152 esse,
678 5100 728 5145 et
775 5109 896 5147 cum
948 5094 1245 5161 saepissime
1288 5098 1746 5157 consuluissemus
1799 5102 1901 5168 illi,
1950 5113 2069 5156 uta

499 5180 699 5236 talibus
732 5183 1085 5253 hlasphemiis
1116 5198 1390 5253 cessaret,
1428 5191 1672 5260 nihilque
1701 5194 1915 5261 penitus
1948 5208 2071 5263 pro-

2184 4276 2272 4327 mi
2301 4272 2826 4344 κατακεκρυμμένον
2865 4272 3141 4341 ὀφθαλμὸν
3177 4273 3274 4340 τῆς
3295 4272 3520 4342 καρδίας
3546 4274 3611 4341 τῇ
3643 4271 3762 4324 θεο-

2184 4368 2433 4437 πνεύστῳ
2460 4368 2671 4439 Γραφῇ,
2695 4366 2839 4418 οὕτω
2870 4381 2930 4417 τε
2958 4364 3122 4417 αὑτὸν
3152 4364 3426 4427 πλουσίως
3450 4364 3763 4435 ἀναμεστώ-

2184 4477 2373 4523 σαντες
2414 4458 2632 4512 ἐννοιῶν
2662 4456 2905 4525 ἀγαθῶν,
2948 4458 3061 4519 τοῖς
3086 4456 3155 4509 τὰ
3182 4455 3320 4525 ὀρθὰ
3347 4456 3761 4526 διαστρέφουσιν

2182 4551 2626 4613 ἀντανίστανται,
2672 4551 2767 4604 κα.)⁸
2804 4550 2947 4621 μάλα
2994 4548 3287 4611 νεανικῶς,
3344 4548 3626 4617 μονονουχὶ
3669 4547 3759 4599 λέ-

2182 4660 2404 4712 γοντες·
2449 4662 2468 4693 r
2502 4641 2797 4712 Ζηλοῦντες
2846 4641 3203 4711 ἐζηλῶκαμεν
3235 4639 3312 4704 τῷ
3347 4639 3558 4711 Κυρίῳ.
3590 4661 3606 4692 ι
3652 4641 3759 4693 Νε-

2183 4736 2399 4806 στορίου
2434 4735 2612 4787 τοίνυν
2643 4734 2841 4797 πολλάς
2868 4751 2928 4786 τε
2955 4735 3048 4786 καὶ
3074 4734 3367 4803 διαφόρους
3398 4733 3759 4802 καταχέοντος

2182 4826 2531 4896 βλασφημίας
2554 4824 2649 4877 τοῦ
2678 4825 2895 4877 πάντων
2920 4826 2952 4894 ἡ
2962 4824 3077 4894 μῶν
3097 4824 3350 4895 Σωτῆρος
3372 4823 3633 4895 Χριστοῦ,
3660 4825 3758 4878 καὶ

2177 4913 2291 4969 οἷον
2318 4917 2382 4968 ὲκ
2413 4914 2628 4986 βάθρων
2658 4914 3121 4984 ἀναμοχλεύοντος
3145 4913 3206 4965 τὺ
3232 4913 3450 4977 σεπτὸν,
3486 4914 3580 4965 καὶ
3616 4914 3759 4983 μέγα

2177 5008 2279 5077 τῆς
2299 5006 2763 5077 ὲνανθρωπήσεως
2790 5006 3106 5076 μυστήριον,
3130 5005 3231 5057 οὐκ
3257 5004 3536 5058 ἀκίνδυνον
3559 5006 3756 5067 εἰδότες

2177 5099 2238 5152 τὸ
2258 5099 2349 5151 ἐπί
2381 5115 2444 5165 γε
2472 5098 2683 5161 τούτοις
2712 5097 2926 5150 ἑλέσθαι
2959 5098 3137 5167 σιγᾷν,
3165 5096 3668 5166 συμϐουλεύσαντες
3693 5114 3754 5151 τε

2178 5189 2499 5253 πλειστάκις
2554 5189 2705 5260 αὑτῷ
2749 5188 2858 5241 τῶν
2896 5188 3152 5241 τοιούτων
3195 5187 3497 5259 ἀπέχεσθαι
3545 5188 3751 5260 δυσφη-

497 5272 835 5338 fecissemus,
865 5281 1175 5333 necessario
1216 5283 1429 5336 tandem
1472 5286 1541 5338 ad
1585 5285 1919 5340 defendenda
1953 5286 2067 5352 pie-
2102 5279 2144 5335 Β
2177 5304 2193 5357 ι

2180 5284 2335 5357 μιῶν,
2386 5284 2677 5353 ὀνήσαντες
2712 5282 2769 5334 δὲ
2813 5280 3098 5343 παντελῶς
3135 5280 3310 5345 οὐδὲν,
3350 5282 3752 5352 κεχωρήκαμεν

498 5365 627 5420 tatis
677 5367 927 5437 dogmata
983 5374 1334 5441 accessimus,
1382 5386 1438 5431 ct
1479 5376 1695 5433 selectis
1748 5378 2071 5447 quibusdam

572 5542 610 5574 ”
645 5542 704 5597 ΙΙΙ
739 5543 870 5614 Reg.
904 5564 1019 5610 xix,
1059 5549 1113 5602 Η

2179 5377 2492 5446 ἀναγκαίως
2533 5377 2627 5429 ἐπὶ
2670 5376 2730 5429 τὸ
2763 5374 2961 5445 χρῆναι
2999 5373 3279 5428 συναθλεῖν
3309 5375 3423 5436 τοῖς
3464 5374 3562 5442 τῆς
3597 5373 3750 5425 εὐσε-

1564 5709 1737 5769 Variae
1766 5712 2025 5771 lectiones
2047 5729 2111 5769 ex
2145 5713 2329 5770 codice
2366 5714 2734 5784 chuicriauo.

506 5858 535 5892 ³
557 5853 720 5919 ἴσως,
752 5857 1108 5926 καινοφωνίας
