4104 6336
301 435 411 495 327

901 437 1436 495 APOLOGETICUS
1470 437 1613 495 PRO
1654 439 1748 494 XII
1786 438 2154 497 CAPITIBUS
2187 438 2473 497 CONTRA
2511 435 2977 495 ORIENTALES.

3465 432 3577 490 3l8

301 554 453 617 ὁσίας
476 550 763 623 δόγμασιν.
789 552 1219 626 Ἀπολεξάμενοι
1241 555 1298 608 δὲ
1325 556 1602 625 κεφάλαιά
1621 573 1743 610 τινα
1771 555 1879 609 τῶν

1994 556 2136 612 illius
2162 554 2622 627 blasphemiarum
2678 551 2969 622 capitibus,
3012 564 3074 605 ea
3111 547 3314 603 utiliter
3351 547 3573 600 anathec

302 644 513 697 ἐκείνου
540 642 884 715 δυσφημιῶν,
932 645 1107 698 ταῦτα
1152 646 1441 717 χρησίμως
1482 647 1883 717 ἀνεθεματίσα-

305 751 426 805 μεν,
461 736 581 805 ἤτοι
620 734 751 798 τοὺς
779 739 999 805 φρονεῖν
1043 735 1328 800 ἐθέλοντας
1357 737 1527 801 αὐτὰ,
1571 736 1885 806 πειθόμενοι

300 826 510 893 λέγοντι
542 825 627 895 τῷ
657 827 913 897 μακαρίῳ
949 827 1180 898 Παύλῳο
1212 846 1229 879 ι
1265 828 1329 881 Εῖ
1359 845 1443 890 τις
1475 829 1619 898 ὑμᾶς
1652 829 1885 895 εὐαγγε-

300 916 508 981 λίζεται
552 916 680 987 παρ’
722 917 752 969 ὃ
817 917 1192 988 παρελάϐετε,
1238 918 1488 989 ἀνάθεμα
1535 919 1707 971 ἔστω·
1750 917 1886 971 ἀλλὰ

300 1008 406 1062 κάν
430 1011 613 1079 ἡμεῖς,
640 1009 674 1080 ἢ
698 1008 928 1077 ἄγγελος
956 1010 1017 1073 ἑξ
1037 1009 1271 1080 ούρανοῦ
1293 1008 1717 1078 εὐαγγελίσηται
1740 1009 1885 1078 ὑμᾶς

302 1102 432 1170 παρ’
459 1101 489 1154 ὃ
532 1101 895 1172 παρελάϐετε,
937 1101 1188 1171 ἀνάθεμα
1217 1102 1377 1155 ἔστω.
1407 1121 1425 1152 ι
1482 1101 1622 1154 Ἀλλ’
1656 1101 1757 1154 ούκ
1790 1099 1883 1153 οἷδ’

300 1195 452 1257 ὅπως
497 1194 934 1266 δεδυσφορήκασί
964 1213 1110 1259 τινες
1154 1196 1250 1250 ἐπὶ
1282 1196 1457 1267 τούτῳ
1489 1196 1633 1262 λίαν,
1677 1195 1712 1266 ἢ
1758 1195 1888 1265 ὀμό-

301 1302 495 1355 φρονες
518 1286 690 1351 ὄντες,
717 1288 810 1341 καὶ
843 1288 1274 1359 ἰσογνώμονες,ἢ
1301 1289 1756 1359 προσποιούμενοι
1787 1288 1887 1359 μὲν

301 1380 687 1450 παραιτεῖσθαι
718 1381 817 1451 τὴν
851 1381 1157 1451 ὁμοδοξίαν,
1196 1380 1527 1451 πειρώμενοι
1566 1382 1623 1434 δὲ
1655 1382 1743 1434 διὰ
1771 1381 1889 1452 τρό-

302 1490 406 1525 που
445 1474 649 1538 παντὸς
693 1476 1007 1545 ἐπικουρεῖν
1045 1474 1223 1543 αὐτῷ,
1273 1476 1369 1527 καὶ
1432 1474 1703 1528 ποιεῖσθαι
1751 1491 1883 1528 κατ-

302 1566 709 1637 εστυγημένους
741 1568 868 1628 τοὺς
898 1566 977 1637 τῷ
1011 1567 1227 1636 Σωτῆρι
1264 1567 1648 1637 συναγορεύειν
1672 1567 1884 1619 ἐθέλον-

298 1677 419 1723 τας.
458 1659 599 1712 Ἀλλ’
626 1655 695 1730 ἦν
735 1658 1031 1712 ἀκόλουθον
1075 1661 1295 1722 ἐννοεῖν,
1334 1660 1417 1712 ὄτι
1447 1662 1560 1722 τοῖς
1589 1658 1888 1728 ἑτεροδιδα-

300 1751 518 1812 σκάλοις
568 1750 831 1820 ἐπιτιμᾷν
887 1748 1259 1821 προύξένησεν
1310 1749 1376 1803 ἂν
1423 1750 1608 1813 αὐτοῖς
1656 1749 1756 1819 τῆς
1805 1749 1887 1811 εἰς

299 1841 536 1909 Χριστὸν
575 1840 795 1912 ἀγάπης
830 1845 890 1894 τὸ
923 1841 1172 1911 γνήσιον·
1214 1841 1311 1895 νῦν
1341 1842 1398 1894 δὲ
1431 1840 1748 1911 πεπράκασι
1786 1839 1885 1909 μέν

1994 649 2392 713 matizavimus,
2422 647 2525 701 hoc
2546 654 2649 710 est,
2682 659 2776 699 eos
2815 642 2909 711 qui
2951 641 3076 694 talia
3112 640 3316 695 sentire
3366 638 3572 700 volunt,

1987 742 2424 808 obtemperantes
2454 740 2612 791 beato
2644 736 2811 789 Paulo
2836 736 3037 790 dicenti
3078 750 3091 786 :
3128 753 3145 784 ι
3188 734 3243 787 Si
3275 731 3395 801 quis
3419 732 3572 783 vobis

1987 830 2443 900 evangelizaverit
2495 836 2691 896 prmter
2747 827 2798 878 id
2860 825 3002 893 quod
3072 820 3379 888 accepistis,
3436 834 3571 870 ana-

1988 922 2166 975 thema
2206 921 2299 975 sit.
2331 918 2435 972 Sed
2468 918 2569 972 etsi
2613 931 2731 980 nos,
2760 914 2840 968 vel
2878 914 3101 983 angelus
3131 913 3195 965 de
3239 910 3377 964 caelo
3408 923 3570 962 evan-

1988 1010 2300 1081 gelizaverit
2339 1009 2496 1063 vobis
2537 1017 2735 1076 praeter
2787 1007 2836 1060 id
2890 1004 3034 1073 quod
3076 1001 3390 1071 accepistis,
3434 1014 3567 1052 ana-

1991 1105 2169 1159 thema
2199 1103 2271 1159 sit
2301 1102 2366 1156 ".
2405 1118 2425 1153 ι
2457 1102 2527 1153 At
2560 1100 2743 1153 nescio
2770 1112 2879 1167 quo
2910 1106 3067 1167 pacto
3099 1094 3151 1147 id
3193 1093 3408 1148 modum
3445 1107 3571 1160 gra-

1986 1207 2109 1252 vate
2149 1196 2369 1250 tulerint
2396 1193 2585 1264 aliqui,
2613 1193 2693 1247 vel
2723 1192 2865 1262 quod
2915 1190 3024 1244 sint
3067 1187 3304 1255 ejusdem
3351 1194 3570 1240 senten-

1988 1291 2075 1343 tiae
2103 1304 2165 1341 ac
2194 1288 2464 1356 opinionis
2503 1301 2624 1340 cum
2674 1285 2794 1349 illo;
2830 1283 2907 1335 vel
2951 1280 3091 1351 quod
3142 1277 3395 1332 simulent
3446 1276 3568 1344 qui-

1988 1381 2105 1434 deni
2138 1393 2198 1433 se
2224 1380 2394 1431 vitare
2419 1376 2689 1445 opinionis
2717 1374 3056 1436 societatem,
3087 1378 3350 1422 attentent
3385 1376 3563 1420 autem

1990 1473 2161 1525 modis
2191 1470 2441 1523 omnibus
2478 1470 2651 1537 ipsum
2699 1466 2975 1531 adjuvare,
3010 1472 3063 1517 et
3100 1460 3321 1515 reddere
3372 1475 3568 1512 exosos

1987 1578 2080 1617 eos
2147 1563 2238 1633 qui
2291 1563 2629 1615 Salvaterem
2683 1559 2959 1613 Christum
3012 1553 3305 1609 defendere
3359 1550 3563 1604 vnlunt.

1990 1654 2369 1708 Verumtamen
2394 1652 2738 1721 cogitandum
2787 1658 2927 1713 erat,
2969 1646 3112 1716 quod
3164 1646 3444 1711 increpare
3483 1642 3561 1695 di-

1990 1761 2142 1801 versa
2178 1746 2455 1810 docentes,
2489 1743 2831 1798 conciliasset
2874 1739 3006 1807 ipsis
3056 1736 3258 1790 amoris
3307 1736 3359 1788 iu
3406 1733 3567 1787 Chri-

1988 1849 2129 1892 stum
2184 1838 2597 1892 sinceritatem:
2654 1849 2795 1887 nunc
2846 1840 3027 1885 autem
3072 1835 3301 1898 egerunt
3345 1825 3564 1895 quidem

299 1906 397 2003 enix
436 1935 573 2005 ὅπερ
596 1906 665 2004 ἦν
689 1906 944 2004 ἄμεινονἐ
976 1906 1173 1987 πολλοῦ
1203 1950 1267 2002 γε
1294 1934 1385 1986 καὶ
1410 1933 1518 1986 δεῖ·
1550 1906 1878 2001 ’πεποίηνται

1990 1947 2097 1986 non
2158 1932 2300 1999 quod
2343 1930 2460 1984 ﬁeri
2507 1928 2826 1997 oportebat;
2896 1921 3156 1993 quinam?
3210 1918 3335 1973 lacti
3382 1926 3561 1969 autem

294 2024 352 2076 δὲ
389 2024 853 2095 πολεμιωτάτους,
883 2018 959 2079 ὧν
1003 2028 1052 2078 εί
1090 2024 1347 2094 γεγόνασι
1389 2022 1647 2094 ζηλωταὶ,
1689 2022 1880 2091 ἀνεδή-

302 2134 463 2171 σαντο
490 2116 558 2170 ἂν
608 2119 705 2172 σὺν
745 2120 932 2180 αὐτοῖς
972 2121 1073 2187 τῆς
1106 2116 1422 2187 ἀφθαρσίας
1459 2117 1550 2169 τὸν
1595 2115 1876 2185 στέφανον.

308 2208 795 2279 Ἐπιλαμϐάνονται
821 2210 1000 2263 τοίνυν
1023 2210 1132 2262 τῶν
1162 2208 1642 2279 ἀναθεματισμῶν.
1670 2207 1746 2271 ὡς
1780 2208 1881 2260 οὐκ

291 2296 352 2355 εὗ
386 2301 722 2370 γεγονότων·
757 2302 853 2355 καὶ
892 2302 955 2362 δὴ
997 2302 1094 2354 καὶ
1140 2301 1356 2371 ἑκάστῳ
1403 2299 1745 2373 παραθέντες
1785 2299 1881 2366 ἔτ’

290 2393 517 2463 γράφως
545 2392 616 2446 τὰ
637 2393 737 2462 τῆς
768 2393 978 2447 ἑαυτῶν
1002 2393 1243 2455 διανοίας
1267 2394 1574 2463 εὑρήματα,
1607 2395 1698 2444 καὶ
1723 2393 1880 2444 ἀσυν-

290 2485 445 2547 έτους
486 2484 639 2548 τινάς
682 2483 1087 2553 είκαιομυθίας,
1122 2484 1492 2555 συναρπάσειν
1518 2483 1719 2537 οἴονται
1752 2482 1878 2545 τοὺς

289 2569 725 2640 ἐντευξομένους,
758 2572 853 2624 καὶ
879 2570 1258 2635 ἀϐασανίστως
1290 2576 1403 2635 τοῖς
1430 2572 1560 2642 παρ’
1583 2571 1761 2624 αὐτῶν
1792 2574 1877 2623 ὲν-

288 2662 655 2733 τυγχάνοντας
697 2662 898 2731 λόγοις.
948 2659 1058 2717 Ἦν
1106 2659 1198 2717 οὖν
1247 2666 1543 2731 ἀναγκαῖον
1581 2665 1677 2717 καὶ
1725 2664 1875 2733 ἡμᾶς

288 2754 486 2817 αὐτοὺς
524 2754 978 2826 ἀντιπαρεξάγειν
1009 2755 1068 2809 τὸ
1097 2755 1319 2825 ἀληθὲς,
1346 2757 1439 2809 καὶ
1471 2756 1873 2826 ἀποκρούεσθαι

285 2845 385 2917 τὴν
417 2846 779 2917 κατάρρησιν,
800 2847 1078 2917 ἀποφῆναί
1105 2865 1163 2900 τε
1192 2846 1676 2917 φιλοσκώμμονας,
1704 2848 1873 2918 ἤγουν

286 2937 543 3008 ἀληθείας
588 2938 890 3010 ἐρευνητάς
936 2942 1063 3003 τοὺς
1091 2940 1157 2993 δι’
1196 2940 1465 3003 ἐναντίας.
1498 2939 1873 3010 Προτάξαντες

288 3031 470 3083 τοίνυν
513 3030 745 3085 ἕκαστον
768 3031 880 3085 τῶν
908 3031 1392 3102 ἀναθεματισμῶν,
1421 3027 1540 3085 εἶτα
1568 3032 1778 3096 τούτοις
1802 3032 1871 3087 τὰ

286 3124 417 3191 παρ’
443 3123 665 3177 ἐκείνων
699 3124 1086 3195 συντεθειμένα
1118 3125 1500 3191 συντάξαντες,
1530 3125 1869 3195 παρεζεύξα-
1896 3144 1939 3203 C

289 3232 388 3285 μεν
414 3213 483 3267 τὰ
512 3216 641 3285 παρ’
665 3215 896 3279 ἑαυτῶν,
925 3218 1037 3278 τοῖς
1063 3216 1171 3269 τῶν
1201 3217 1363 3270 θείων
1388 3218 1620 3288 Γραφῶν
1647 3219 1871 3287 ἐπιστήο

288 3323 434 3375 μοστ,
456 3307 736 3370 δικασταῖς
760 3308 921 3360 οἱονεὶ
946 3306 1239 3378 χρώμενοι,
1266 3310 1359 3361 καὶ
1386 3309 1565 3380 ψῆφον
1590 3308 1869 3373 αἰτοῦντες

284 3398 453 3468 ὀρθήν
491 3415 553 3451 τε
582 3400 676 3451 καὶ
723 3400 1127 3469 ἀνεπίπληκτον
1176 3399 1330 3470 παρὰ
1376 3402 1486 3454 τῶν
1519 3402 1737 3455 εἰδότων
1769 3402 1869 3455 τὴν

284 3489 562 3562 ἀλήθειαν.

715 3603 1311 3658 ΑΝΑΘΕΜΑΤΙΣΜΟΣ
1347 3609 1426 3659 A’.

353 3712 423 3767 Εἴ
444 3731 528 3779 τις
557 3715 655 3785 οὐχ
688 3713 945 3784 ὁμολογεῖ
977 3714 1112 3768 Θεὸν
1142 3712 1282 3770 εἶναι
1313 3718 1456 3771 κατά
1486 3718 1742 3790 ἀλήθειαν
1772 3722 1866 3776 τὸν

296 3807 667 3878 Ἑμμανουὴλ,
693 3808 789 3861 καὶ
817 3807 905 3862 διὰ
932 3808 1088 3862 τοῦτο
1114 3809 1378 3864 Θεοτόκον
1400 3812 1499 3881 τὴν
1534 3812 1694 3881 ἁγίαν
1720 3815 1863 3885 [Ιαρι

281 3898 454 3954 θένοψ
489 3900 789 3971 γεγέννηκε
818 3900 927 3972 γὰρ
958 3902 1237 3971 σαρκικῶς
1266 3902 1448 3970 σάρκα
1478 3905 1741 3973 γεγονότα
1772 3908 1863 3962 τὸν

277 3992 345 4049 h.
369 3990 505 4045 Θεοῦ
530 3991 744 4063 Πατρός
772 3993 942 4060 Λόγον
960 4009 975 4022 ·
996 3994 1243 4064 ἀνάθεμα
1271 3994 1413 4049 έστω

587 4103 954 4172 Ἁντίρῤησις
988 4102 1107 4157 τῶν
1151 4106 1562 4160 Ἀνατολικῶν.

351 4218 461 4271 Καὶ
503 4216 587 4280 τίς
637 4217 940 4289 σαρκικῶς,
979 4219 1157 4289 σάρκα
1189 4218 1450 4287 γεγονότα
1491 4218 1583 4273 τὸν
1629 4221 1694 4273 ἐκ
1724 4220 1862 4275 Θεοῦ

278 4308 474 4376 Λόγον,
498 4309 860 4379 ἀποτετέχθαι
890 4309 1410 4381 συνομολογήσειεν;
1439 4310 1503 4364 E!
1531 4309 1639 4382 γὰρ
1667 4328 1859 4383 σαρκιο

281 4402 392 4465 κῶς
424 4403 735 4473 ἐγέννησεν,
768 4402 953 4455 οὐκέτι
983 4401 1125 4456 κατά
1170 4402 1438 4473 παρθένον
1458 4420 1474 4435 ο
1502 4403 1596 4456 καὶ
1635 4403 1738 4457 ποῦ
1770 4404 1862 4473 θή-

1985 2034 2111 2079 snnt
2143 2021 2486 2077 infensissimi
2540 2021 2643 2084 his,
2677 2034 2905 2088 quorum
2960 2016 3005 2070 si
3054 2014 3280 2068 fuissent
3328 2009 3565 2064 imitato-

1986 2133 2091 2179 res,
2128 2114 2553 2169 immortalitatis
2591 2126 2788 2166 corona
2841 2124 2960 2163 cum
3011 2107 3146 2175 ipsis
3192 2104 3426 2159 redimiti
3483 2101 3562 2154 lo-

1985 2217 2126 2261 rent.
2153 2205 2339 2276 Itaque
2384 2204 2873 2258 anathcniatismos
2922 2197 3359 2269 reprehendunt,
3403 2192 3557 2263 quasi

1984 2316 2090 2354 non
2143 2309 2290 2353 recte
2339 2298 2620 2351 habeant:
2676 2308 2834 2364 atque
2881 2294 3043 2347 etiam
3098 2289 3390 2356 unicuique
3449 2299 3562 2339 sua:

1982 2391 2180 2445 mentis
2208 2390 2650 2452 adinveutiones,
2692 2398 2745 2441 et
2774 2384 2974 2441 stultas
3007 2380 3267 2452 quasdam
3305 2393 3368 2431 ac
3394 2376 3561 2431 frivo-

1980 2482 2061 2537 las
2113 2481 2473 2536 tabulationes
2524 2481 2809 2534 scribendo
2872 2482 3260 2544 apposuerunt,
3322 2472 3447 2534 rati,
3499 2484 3559 2524 se

1978 2587 2074 2640 per
2111 2572 2356 2626 fraudem
2406 2582 2739 2625 attractnrns
2786 2569 3044 2622 librorum
3091 2578 3312 2619 suorum
3350 2563 3558 2630 impru-

1978 2664 2166 2718 dentes
2222 2663 2479 2717 lectores.
2523 2663 2708 2731 Itaque
2756 2670 2811 2715 et
2858 2659 3015 2713 nobis
3057 2654 3419 2711 necessarium
3457 2652 3560 2705 fuit

1977 2770 2009 2809 e
2038 2755 2253 2808 diverso
2297 2754 2579 2808 veritatem
2618 2764 2914 2821 opponere,
2955 2760 3007 2803 et
3053 2747 3268 2801 illorum
3311 2742 3559 2797 refellere

1975 2842 2402 2909 oblocutionem,
2438 2857 2501 2896 ac
2539 2842 2829 2897 ostendere
2865 2839 2989 2893 illos
3013 2834 3317 2891 dicacitatis
3352 2831 3561 2887 studio-

1974 2950 2085 2999 sos,
2111 2936 2214 2990 hoc
2236 2944 2321 2990 est
2341 2949 2529 2989 eorum
2553 2933 2900 2988 adversarios
2920 2929 3170 2985 veritatis
3190 2928 3555 2996 indagatores.

1973 3026 2210 3082 Proinde
2228 3026 2719 3096 praaordinavimus
2751 3023 2995 3095 singulos
3036 3020 3550 3084 anathematismos;

1974 3118 2170 3172 deinde
2200 3117 2287 3172 bis
2310 3116 2678 3186 adjunximus,
2707 3130 2826 3185 qua:
2850 3114 2920 3168 ab
2945 3113 3048 3168 illis
3072 3110 3371 3181 composita
3403 3117 3550 3172 sunt;

1970 3220 2247 3281 postremo
2287 3210 2627 3265 subdidimus
2663 3219 2719 3263 et
2747 3218 2956 3271 nostra,
2990 3205 3200 3261 divinas
3240 3201 3554 3271 Scripturas

1968 3302 2274 3357 scientibus
2298 3303 2457 3371 quasi
2476 3300 2752 3369 iudicibus
2796 3307 3033 3361 utentes.
3064 3306 3224 3367 atque
3250 3296 3317 3351 ab
3349 3296 3433 3348 his
3457 3293 3550 3362 qui

1970 3394 2258 3449 veritatem
2289 3394 2493 3458 sciunt,
2524 3400 2732 3447 rectam
2766 3400 2823 3446 et
2859 3388 3189 3460 inculpatam
3226 3388 3550 3443 sententiam

1970 3487 2324 3543 uosmlantes.

2398 3592 3041 3653 ANATIIEMATISMUS
3080 3591 3121 3645 ι.

2037 3716 2095 3772 Si
2128 3716 2252 3788 quis
2284 3730 2390 3771 non
2430 3711 2744 3775 conﬁtetur,
2790 3705 3193 3764 Einmanuelem
3230 3702 3391 3773 159
3426 3715 3550 3756 vere

1968 3810 2135 3867 Deum
2179 3825 2323 3875 esse,
2367 3817 2425 3865 et
2466 3806 2538 3863 ob
2572 3806 2624 3859 id
2669 3811 2913 3860 sanctam
2946 3797 3224 3869 Virginem
3260 3795 3546 3863 Deiparam

1966 3903 2192 3973 (genuit
2215 3903 2360 3957 enim
2398 3900 2489 3955 illa
2520 3896 2822 3953 carnaliter
2852 3894 3194 3949 incarnatuui
3238 3887 3328 3943 Dei
3370 3885 3548 3941 Patris

1965 3992 2240 4055 Verbuml
2264 4008 2281 4047 ι
2316 3992 2606 4047 anathema
2646 3986 2738 4040 sit.

2416 4099 2773 4156 Orientalium
2810 4092 3085 4166 apparitio.

2033 4218 2233 4290 Ecquis
2278 4230 2500 4273 carnem
2546 4214 2751 4270 factum
2808 4212 2903 4267 Dei
2941 4211 3203 4274 Verbum,
3248 4204 3547 4263 carnaliter

1964 4320 2149 4369 natum
2165 4326 2287 4367 esse
2301 4309 2463 4366 simul
2491 4307 2867 4371 conﬁtebitur;
2901 4319 3024 4357 nam
3047 4302 3092 4357 si
3126 4300 3421 4357 carnaliter
3452 4313 3547 4367 ge-

1962 4406 2104 4470 nuit,
2126 4404 2238 4475 jam
2268 4418 2374 4459 non
2400 4411 2459 4457 ut
2484 4403 2656 4470 virgo.
2690 4400 2756 4455 Et
2779 4400 2867 4454 ubi
2900 4411 3162 4468 ponemus
3184 4396 3287 4451 hoc
3317 4414 3329 4449 :
3365 4413 3385 4446 ι
3417 4393 3544 4462 Spi-

279 4509 449 4563 σομεν
491 4493 585 4545 τόο
625 4512 644 4543 ι
675 4491 900 4561 Πνεῦμα
932 4492 994 4545 τὸ
1033 4494 1187 4561 ἅγιον
1234 4491 1589 4546 ἐπελεύσεται
1636 4493 1732 4546 ἐπὶ
1765 4494 1852 4558 σὲ,

1980 4497 2100 4552 -ἰιυε
2129 4503 2352 4549 sanctus
2392 4492 2741 4561 superveniet
2774 4491 2826 4543 in
2860 4496 2935 4556 te,
2969 4498 3025 4544 et
3060 4489 3233 4542 virtus
3275 4483 3541 4539 Altissimi
3608 4488 3609 4491 ‘

279 4584 375 4638 καὶ
388 4583 616 4654 δύναμις
645 4583 898 4653 Ὑψίστου
916 4586 1225 4639 ἐπισκιάσει
1240 4587 1362 4657 σοι,1
1376 4605 1394 4636 ι
1432 4584 1717 4657 σαρκικῶς
1738 4587 1861 4640 κατ’

1980 4585 2310 4643 )bumbrabit
2346 4584 2444 4639 tibi
2472 4584 2541 4650 ”,
2569 4602 2588 4635 ›
2614 4583 2685 4647 si,
2710 4584 2865 4653 juxta
2890 4581 3033 4636 illius
3063 4589 3324 4642 mentem,
3352 4590 3544 4632 carna-

277 4673 442 4728 αὐτὸν
474 4676 572 4745 τῆς
600 4675 898 4747 Παρθένου,
928 4679 1024 4730 καὶ
1052 4678 1114 4731 οὐ
1143 4676 1466 4751 θεοπρεπῶς
1488 4680 1859 4750 γεννησάσηςς

1983 4680 2088 4733 iter
2109 4687 2166 4734 et
2194 4691 2300 4732 non
2331 4685 2391 4731 ut
2428 4676 2594 4731 Deum
2624 4674 2803 4740 decet,
2847 4674 3013 4743 Virgo
3051 4670 3281 4742 genuit?
3323 4678 3379 4723 et
3403 4681 3544 4736 quo-

280 4767 373 4819 καὶ
400 4766 518 4830 πῶς
546 4765 752 4835 ταύτην
772 4774 802 4815 ῐ
826 4766 1003 4840 ἀστὴρ
1035 4770 1351 4841 παραδόξως
1376 4770 1701 4839 φαινόμενος
1730 4787 1863 4823 κατ-

1984 4774 2126 4829 nodo
2165 4773 2310 4827 hunc
2354 4769 2510 4826 stella
2556 4769 2774 4825 insolito
2817 4767 2977 4821 modo
3018 4777 3287 4834 apparens
3315 4762 3541 4815 demon-

277 4856 524 4927 εμήνυε;
577 4856 743 4926 μάγοι
797 4856 855 4909 δὲ
897 4859 963 4910 ἐκ
1012 4860 1275 4929 Περσίδος
1317 4859 1385 4912 δι’
1424 4859 1591 4912 αὐτοῦ
1628 4859 1860 4929 ὁδηγού-

1980 4865 2196 4919 stravit?
2222 4863 2362 4933 Magi
2394 4877 2525 4917 vero
2558 4876 2628 4916 ex
2668 4859 2915 4923 Perside,
2961 4856 3051 4912 illa
3106 4856 3267 4917 duce,
3311 4851 3546 4906 advene-

280 4962 432 5012 μενοι
474 4952 761 5018 παρῄεσαν
787 4958 837 5012 ³,
866 4949 958 5003 τὸν
987 4951 1249 5021 τεχθέντα
1286 4950 1609 5021 ζητοῦντεςο
1640 4954 1734 5005 καὶ
1763 4953 1857 5005 εὐ-

1980 4964 2111 5020 runt,
2138 4963 2326 5009 natum
2352 4960 2683 5022 quaarentes,
2715 4958 2773 5005 et
2804 4949 3026 5003 invento
3051 4946 3195 5000 dona
3225 4941 3542 4998 obtulerunt

278 5037 483 5109 ρόντες,
514 5038 708 5110 ἔφερον
741 5040 891 5113 δῶρα
922 5044 1016 5095 καὶ
1044 5042 1122 5113 τῷ
1165 5045 1462 5113 νοουμένῳ,
1505 5043 1601 5096 καὶ
1626 5044 1703 5113 τῷ
1735 5062 1859 5113 φαι-

1980 5056 2019 5102 :t
2049 5047 2122 5112 ei,
2151 5046 2241 5116 qui
2271 5044 2558 5099 videbatur
2583 5042 2781 5108 oculis,
2813 5049 2868 5096 et
2894 5040 2970 5105 ei,
3012 5038 3105 5108 qui
3142 5044 3326 5091 mente
3359 5033 3540 5103 perci-

275 5132 488 5201 νομένῳ
524 5133 833 5204 πρόσφορα.
858 5134 1113 5203 Ἀγγελοί
1140 5152 1199 5188 τε
1246 5134 1539 5207 οὐρανόθεν
1571 5138 1859 5191 κατελθόν-

1980 5137 2228 5204 ιίεὺσιιιτ,
2298 5135 2683 5192 convenientia
2713 5135 2778 5188 ⁸⁵.
2829 5131 3045 5204 Αηκειί,
3087 5130 3179 5200 qui
3237 5127 3538 5184 descende-

276 5240 366 5285 τες
389 5222 488 5295 τὴν
516 5224 789 5295 γέννησιν,
825 5226 965 5296 μετά
991 5226 1100 5280 τῶν
1126 5230 1400 5299 ποιμένων
1425 5231 1783 5301 ἀναμιγέντες
1804 5244 1855 5295 a,

1980 5239 2080 5285 unt
2107 5231 2176 5286 de
2206 5231 2368 5297 caelo,
2398 5247 2521 5287 cum
2556 5228 2867 5300 pastoribus
2905 5225 3072 5289 misti,
3118 5225 3184 5278 de
3230 5219 3401 5276 natali
3438 5218 3537 5273 tri-

278 5314 543 5416 ἐζόρευρν.
564 5315 846 5384 λέγοντες·
882 5338 901 5369 ‹
929 5317 1068 5383 Δόξα
1097 5322 1157 5373 ἐν
1186 5320 1433 5391 ὑψίστοις
1462 5322 1603 5393 Θεῷ,
1632 5323 1726 5376 καὶ
1758 5323 1855 5376 ἐπὶ

1980 5326 2243 5381 ιυάἰατιιηι
2268 5365 2285 5391 ,
2314 5324 2557 5380 dicentes
2592 5340 2607 5378 :
2657 5340 2679 5374 ι
2707 5319 2894 5377 Gloria
2934 5313 2995 5373 in
3042 5314 3276 5372 excelsis
3313 5312 3445 5376 Deo,
3482 5318 3539 5364 et

313 5405 378 5475 ἧς
430 5407 645 5477 εἰρήνη,
692 5410 752 5461 ἐν
792 5408 1100 5480 ἀνθρώποις
1146 5411 1383 5468 εὐδοκία.
1410 5433 1429 5465 ι
1479 5412 1666 5468 Ταῦτα
1709 5414 1855 5477 τίνος

1980 5434 2007 5473 n
2044 5426 2188 5474 terra
2219 5431 2346 5485 pax,
2381 5416 2432 5469 in
2464 5414 2777 5471 hominibus
2804 5413 2946 5469 bona
2977 5408 3227 5466 voluntas
3252 5405 3322 5461 “.
3355 5423 3376 5456 ι
3411 5402 3537 5458 Ιιωο

347 5583 395 5617 ⁸³
422 5585 601 5641 Galat.
647 5606 683 5654 I,
715 5592 770 5656 8,
803 5590 855 5643 9.
936 5591 981 5622 ⁴³
1012 5589 1144 5646 Luc.
1182 5608 1228 5657 ε,
1257 5594 1346 5646 35.

1425 5592 1468 5623 ³³
1497 5594 1683 5648 Matth.
1726 5610 1796 5660 ιι,
1830 5595 1851 5648 l
1891 5609 2045 5665 seqq.
2122 5595 2169 5626 “
2204 5593 2338 5650 Luc.
2373 5594 2428 5659 2,
2458 5590 2546 5646 14.

1329 5747 1501 5804 Varia:
1534 5748 1793 5809 lectiones
1822 5765 1885 5806 ex
1919 5748 2108 5805 codice
2136 5748 2508 5821 Seguicriaue.

340 5905 374 5950 2'
404 5902 607 5955 τοῦτον.
690 5912 710 5939 ι
739 5902 1025 5973 παρίεσαν.
1102 5914 1128 5944 ι
1154 5902 1571 5974 ἀναμιγνύντες.
