4104 6336
317 280 416 334 5:2!

932 274 1468 331 APOLUGI'.TICUS
1510 277 1646 331 [³1ἒο
1686 276 1779 331 XII
1820 273 2191 334 CAPITIBUS
2228 280 2507 335 CONTRA
2550 280 3012 339 ORIENTALES.

3501 289 3608 344 521

316 395 683 465 πληροφορεῖν
728 393 1025 455 ἐθέλοντες,
1064 394 1146 444 ὅτι
1175 395 1273 453 τῆς
1318 394 1532 446 τοιᾶσδε
1560 392 1715 464 δόξης
1750 394 1893 447 ἁλλό·

2012 395 2148 448 risse
2218 397 2451 451 dit'illlilS
2505 399 2597 454 Dei
2655 400 2891 456 Verbum
2942 402 3241 456 secundum
3296 402 3611 474 Scripturas

312 502 453 555 τριοι
499 484 783 547 παντελῶς
820 484 1273 555 καθεστήκαμεΨ
1310 486 1371 537 οὐ
1412 487 1520 557 γὰρ
1573 486 1716 540 οὕτω
1749 487 1905 557 λελη-

318 579 590 646 ρίριαμεν,
636 575 713 638 ὡς
761 574 979 627 ἑλέσθαι
1033 578 1251 646 φρονεῖν
1288 577 1474 647 παρ’ὃ
1519 578 1599 630 δεῖ
1644 582 1863 649 φρονεῖν
1890 595 1903 608 ⁸

313 670 601 721 ἀποτεκεῖν
620 666 832 738 ἔφημεν
852 666 950 739 τὴν
974 667 1249 738 Παρθένον
1273 669 1452 740 σάρκα
1474 671 1739 738 γεγονότα
1766 672 1908 725 κατά

312 759 409 823 τὰς
441 759 664 829 Γραφάς
690 760 783 811 τὸν
829 759 923 812 τοῦ
970 759 1106 812 Θεοῦ
1146 761 1340 829 Λόγον,
1370 762 1653 815 τουτέστιν
1700 764 1908 834 ἄνθρω-

313 868 446 904 πονο
477 852 769 905 ἀποτεκεῖν
813 850 871 905 δὲ
904 852 1068 905 αὐτὸν
1118 855 1433 927 σαρκικῶς,
1484 855 1729 908 τουτέστι
1767 858 1908 910 κατά

315 944 495 1014 σάρκα
516 961 527 972 ·
556 947 585 997 ὁ
615 945 715 1015 μὲν
748 945 858 1016 γὰρ
890 944 1022 1010 Θεὸς
1082 948 1176 1001 καὶ
1210 947 1400 1019 Πατὴρ
1428 949 1623 1012 θεῖκῶς
1654 950 1907 1020 γεγέννη-

313 1054 409 1089 κεν
438 1036 503 1100 ἐξ
525 1036 694 1090 αὑτοῦ
729 1037 867 1091 Θεὸν
907 1038 1037 1092 ὄντα
1078 1041 1175 1093 τὸν
1216 1041 1338 1094 Υίόν
1360 1058 1372 1069 ·
1406 1043 1595 1112 ἐπειδὴ
1627 1043 1683 1095 δὲ
1714 1042 1774 1095 τὸ
1810 1060 1905 1110 γε-

312 1130 642 1201 γεννημένον
669 1132 733 1183 ἐκ
767 1132 867 1200 τῆς
898 1132 1124 1202 σαρκὸς,
1166 1134 1303 1203 σάρξ
1332 1136 1473 1194 ἐστι,
1506 1135 1835 1205 γεγέννηκεν
1872 1136 1905 1205 ἡ

316 1222 706 1293 Παρθένος,ὼς
740 1222 879 1294 σάρξ
910 1224 1249 1295 ὑπάρχουσα,
1279 1227 1556 1297 σαρκικῶς
1576 1245 1587 1256 ³
1610 1228 1670 1281 τὸ
1690 1228 1745 1281 δὲ
1773 1246 1906 1299 σαρ-

314 1315 484 1378 γικῶς
512 1315 823 1379 είπεῖν,οὑκ
855 1316 1209 1386 ἁναιροῦντός
1235 1319 1350 1371 ἐστι
1382 1320 1481 1389 τῆς
1507 1322 1816 1390 γεννήσεως
1844 1323 1906 1373 τὸ

314 1403 635 1475 παράδοξον,
665 1404 787 1457 οὔτε
816 1405 923 1474 μὴν
961 1406 1363 1477 ἀνατρέποντος
1404 1409 1496 1461 τοῦ
1532 1411 1693 1477 ἁγίου
1733 1412 1904 1463 Πνεῦ-

314 1513 481 1564 ματος
517 1498 615 1568 τὴν
658 1497 978 1570 ἐνέργειαν,
1029 1498 1095 1552 δι’
1127 1496 1195 1572 ἦς
1242 1503 1300 1553 ἐν
1337 1504 1520 1572 μήτρα
1552 1502 1808 1556 διέπλασε
1844 1505 1906 1556 τὸ

310 1588 530 1657 τεχθέν·
564 1588 909 1654 διδάσκοντος
938 1590 995 1644 δὲ
1037 1590 1262 1660 μᾶλλον,
1306 1593 1388 1645 ὅτι
1433 1592 1624 1663 ῶσπερ
1656 1594 1790 1659 Θεὸς
1821 1595 1905 1647 τί⁴

308 1698 430 1734 κτει
461 1681 680 1746 θεῖκῶς,
715 1684 833 1753 ἦτοι
868 1682 1192 1755 θεοπρεπῶς
1234 1687 1374 1739 κατὰ
1408 1685 1506 1756 τὴν
1538 1686 1676 1741 ἰδίαν
1715 1686 1897 1757 φύσιν,

2012 500 2236 539 Carnem
2272 489 2496 550 factum,
2528 492 2627 544 hoc
2652 501 2757 555 est,
2787 493 3058 544 hominem
3082 508 3094 554 ;
3123 492 3397 560 peperisse
3424 500 3605 547 autem

2013 576 2160 630 illum
2204 582 2521 643 carnaliter,
2558 582 2658 636 hoc
2694 594 2801 649 esu,
2852 583 3149 637 secundum
3178 598 3420 639 carnem.
3468 584 3603 640 Nam

2014 669 2153 723 Deus
2194 681 2250 725 et
2296 670 2458 727 Pater
2503 678 2800 728 secundum
2837 676 3178 730 divinitatem
3215 678 3400 744 genuit
3446 691 3509 731 ex
3551 693 3611 732 se

2015 761 2183 814 Deum
2235 766 2592 819 exsistt-ntem
2644 766 2861 819 Filium.
2918 768 3185 832 Quoniam
3236 777 3418 821 autem
3466 768 3609 837 quod

2012 865 2195 907 natum
2244 868 2328 909 est
2364 874 2430 911 ex
2476 874 2660 923 carne,
2708 876 2836 911 raro
2867 872 2951 912 est
2977 860 3058 925 ‘9;
3108 861 3296 930 genuit
3329 860 3519 929 Virgo,
3552 870 3612 916 ut

2010 962 2138 999 earn
2172 948 2467 1009 exsislens,
2505 950 2818 1004 earnaliter.
2846 949 3158 1006 Carualiter
3192 964 3376 1005 autent
3400 953 3606 1013 dicere.

2013 1056 2117 1091 nou
2164 1051 2247 1092 est
2301 1040 2543 1096 tollentis
2591 1042 2969 1096 admirabilem
3020 1043 3382 1106 nativitatem,
3435 1059 3610 1115 neque

2009 1133 2307 1185 evertentis
2374 1133 2612 1200 Spiritus
2672 1134 2846 1187 sancti
2915 1138 3323 1203 operationem,
3385 1150 3488 1204 qua
3551 1137 3606 1189 iit

2011 1235 2163 1275 utero
2206 1224 2459 1278 formavit
2500 1236 2717 1295 partum
2763 1244 2778 1281 :
2821 1228 2915 1280 sed
2959 1228 3205 1281 ducentis
3247 1229 3427 1296 potius
3462 1229 3609 1299 quod

2008 1316 2149 1369 sicut
2180 1317 2319 1369 Deus
2345 1319 2516 1387 gignit
2547 1319 2751 1379 divine,
2788 1319 2887 1371 linc
2919 1328 3022 1383 est,
3060 1322 3219 1387 digne
3258 1321 3365 1374 Deo
3404 1334 3605 1375 secun-

2008 1406 2132 1456 dum
2176 1422 2330 1458 suam
2374 1419 2663 1470 naturain;
2914 1408 2984 1459 ita
3026 1418 3080 1461 et
3136 1411 3297 1463 homo
3347 1409 3607 1475 humane,

2011 1498 2111 1549 bne
2174 1510 2288 1557 est,
2336 1514 2465 1551 caro
2512 1500 2828 1554 carnaliter.
2896 1498 3039 1553 Deus
3094 1509 3272 1555 autem
3334 1502 3606 1556 exsistens

2006 1591 2300 1642 secundum
2338 1600 2583 1644 naturam
2619 1590 2888 1657 Verbum,
2924 1592 3173 1660 quamvis
3203 1607 3331 1648 caro
3377 1592 3607 1658 factum,

2009 1682 2189 1735 divine
2217 1684 2515 1749 processit,
2553 1683 2654 1738 hoc
2684 1693 2767 1737 est
2787 1724 2803 1748 ,
2830 1693 2889 1737 ut
2922 1684 3078 1738 decet
3096 1698 3220 1738 eum
3246 1724 3260 1747 ,
3292 1685 3380 1751 qui
3406 1700 3601 1739 secun-

310 1774 451 1827 οῦτω
489 1777 582 1828 καὶ
626 1776 914 1847 ἄνθρωπος
945 1775 1325 1846 ἀνθρωπίνως,
1360 1778 1478 1847 ἦτοι
1519 1778 1659 1848 σὰρξ
1707 1796 1898 1850 σαρκι-

2005 1773 2130 1826 dum
2169 1784 2450 1829 veritatem
2475 1786 2559 1830 est
2580 1775 2741 1830 Deus.
2779 1774 2937 1831 Solus
2966 1779 3112 1831 enim
3145 1776 3339 1830 habuit
3368 1787 3601 1832 matrem

311 1866 443 1929 κῶς.
493 1866 624 1930 Θεὸς
651 1867 707 1920 δὲ
741 1865 818 1920 ὢν
851 1866 994 1919 κατά
1044 1867 1207 1936 φύσιν
1256 1870 1285 1919 ὁ
1334 1867 1529 1935 Λόγος,
1556 1870 1675 1939 ἦτοι
1710 1872 1734 1909 Β
1760 1870 1898 1939 σάρξ

308 1959 570 2026 γεγονὼς,
596 1960 834 2032 προῆλθε
865 1960 1209 2032 θεοπρεπῶς,
1231 1964 1531 2027 τουτέστιν,
1564 1964 1640 2028 ὡς
1668 1965 1732 2018 ἂν
1770 1968 1897 2036 πρέ-

312 2069 401 2104 ποι
430 2050 509 2121 τῷ
538 2068 603 2119 γε
636 2054 749 2106 ὄντι
780 2052 923 2106 κατὰ
957 2053 1057 2124 τὴν
1100 2053 1362 2125 ἀλήθειαν
1391 2056 1531 2126 Θεῷ.
1574 2058 1750 2120 Μόνος
1790 2060 1898 2130 γὰρ

309 2146 432 2214 ἔσχε
469 2145 684 2215 μητέρα
735 2145 833 2216 τὴν
865 2147 1277 2219 ἀπειρόγαμον,
1311 2149 1403 2201 καὶ
1435 2151 1705 2221 τετήρηκε
1756 2169 1898 2221 παρ-

311 2237 462 2288 θένον
497 2237 595 2308 τὴν
627 2236 894 2290 τεκοῦσαν
922 2239 1086 2291 αὐτὸν
1114 2239 1256 2293 κατὰ
1282 2240 1483 2310 σάρκα.
1510 2242 1790 2311 Θαυμάζω
1818 2244 1893 2309 δὲ,

311 2330 393 2380 ὅτι
436 2327 702 2381 Θεοτόκον
730 2329 1018 2392 ὀκνοῦντες
1041 2332 1220 2384 εἰπεῖν
1246 2332 1345 2403 τὴν
1385 2334 1548 2401 ἁγίαν
1596 2336 1895 2405 Παρθένον,

310 2418 631 2490 θεοπρεπῶς
657 2420 822 2473 αὑτὸν
858 2422 1223 2491 γεγεννῆσθαί
1258 2440 1424 2491 φασιν
1450 2425 1501 2478 ιι.
1537 2427 1609 2478 Οὐ
1655 2426 1763 2498 γὰρ
1806 2428 1897 2481 ἄν-

309 2514 527 2583 θρωπος
572 2514 753 2577 κοινὸς
790 2514 1033 2569 τίκτεται
1066 2516 1407 2586 θεοπρεπῶς.
1449 2519 1607 2588 Δῶρα
1638 2520 1694 2572 δὲ
1734 2538 1899 2590 προσ-

310 2606 633 2677 κεκομίσθαι
668 2609 803 2675 φασὶ
830 2608 982 2678 παρὰ
1016 2609 1126 2661 τῶν
1160 2610 1353 2679 μάγων
1380 2610 1451 2663 τὰ
1478 2614 1766 2682 πρόσφορα
1802 2614 1899 2666 καὶ

306 2694 386 2764 τῷ
411 2696 705 2766 νοουμένῳ,
731 2698 825 2750 καὶ
860 2697 939 2766 τῷ
968 2698 1302 2768 φαινομένῳ,
1329 2699 1667 2771 διαιροῦντες
1697 2703 1778 2763 εἰς
1804 2702 1900 2754 δύο

308 2782 371 2849 δὴ
398 2781 560 2835 πάλιν
590 2782 727 2853 μετά
749 2784 847 2853 τὴν
874 2784 1070 2837 ἕνωσιν
1100 2786 1191 2839 τὸν
1228 2787 1434 2859 Κύριον
1463 2792 1479 2829 ι
1522 2789 1729 2860 Ἰησοῦν
1760 2791 1896 2861 Χρι-

311 2873 436 2926 στόν
455 2889 469 2903 ·
500 2874 529 2926 ὁ
561 2874 671 2945 γὰρ
702 2874 995 2945 νοούμενος
1034 2877 1262 2946 γέγονεν
1293 2882 1488 2950 ὁρατὸς
1533 2883 1593 2934 οὐ
1627 2883 1894 2954 μεταϐολῇ

309 2966 544 3033 φύσεως,
575 2967 691 3020 ἀλλ’
718 2966 910 3021 ἑνὼσεε
934 2971 997 3039 τῇ
1032 2969 1170 3039 πρὸς
1200 2970 1261 3023 τὸ
1284 2972 1559 3041 ὁρώμενον
1583 2974 1762 3043 σῶμα.
1786 2977 1897 3030 Καὶ

308 3057 440 3124 γοῦν
484 3058 784 3133 αὐτόπτας,
829 3060 925 3112 καὶ
976 3062 1253 3131 ὑπηρέτας
1298 3064 1549 3130 γενέσθαι
1586 3066 1681 3117 τοῦ
1718 3067 1893 3134 Λόγου

2002 1867 2219 1936 nuptias
2264 1882 2372 1922 non
2405 1878 2726 1937 expertam;
2767 1876 2824 1922 et
2870 1867 3109 1923 servavit
3142 1868 3407 1939 virginem
3455 1884 3596 1937 eam,

2004 1972 2126 2025 quae
2178 1958 2352 2027 ipsum
2404 1957 2616 2027 peperit
2674 1958 2971 2012 secundum
3025 1973 3268 2013 carnem.
3339 1960 3603 2016 Admiror

1998 2057 2199 2111 autem,
2227 2049 2368 2117 quod
2396 2065 2500 2103 non
2528 2049 2792 2103 audentes
2821 2048 3004 2103 dicere
3034 2059 3285 2103 sanctam
3319 2047 3599 2119 Virginem

2000 2139 2089 2193 Dei
2127 2139 2477 2205 Genitricem,
2506 2156 2628 2195 cum
2654 2139 2764 2193 Deo
2793 2139 2954 2209 digne
2984 2139 3160 2209 ipsum
3197 2154 3318 2192 esse
3350 2140 3589 2207 genitum

2000 2228 2254 2283 fatentur.
2309 2227 2425 2283 Non
2462 2231 2604 2283 enim
2647 2230 2810 2283 homo
2854 2228 3162 2282 communis
3207 2227 3444 2298 gignitur
3491 2228 3600 2281 Deo

1999 2322 2178 2389 digne.
2204 2320 2349 2374 Dona
2382 2337 2507 2376 vero
2538 2321 2699 2374 allata
2734 2336 2853 2375 esse
2883 2320 3073 2375 dicunt
3103 2334 3167 2373 ac
3198 2320 3369 2389 magis
3404 2334 3599 2372 conve-

1999 2414 2201 2468 nientia
2228 2425 2279 2468 et
2307 2414 2357 2468 ei
2396 2415 2485 2481 qui
2515 2414 2917 2482 intelligebatur
2936 2454 2951 2479 ,
2978 2421 3033 2466 et
3071 2412 3118 2466 ei
3146 2412 3238 2481 qui
3292 2411 3597 2477 videbatur,

1997 2505 2300 2560 dividentes
2342 2509 2394 2560 in
2421 2511 2554 2560 duos
2594 2507 2787 2561 iterum
2822 2518 2944 2577 post
2970 2508 3275 2561 unitionem
3317 2507 3599 2561 Dominum

2000 2608 2244 2652 nostrum
2280 2599 2461 2653 Jesum
2484 2599 2786 2654 Christum.
2834 2596 2935 2667 Qui
2968 2601 3111 2655 enim
3140 2600 3491 2669 intelligitur,
3517 2598 3599 2653 fa-

1998 2697 2119 2743 rtus
2151 2700 2237 2741 est
2280 2692 2509 2743 visibilis
2549 2707 2654 2745 non
2686 2692 3059 2745 immutatione
3089 2701 3315 2752 naturae.
3352 2693 3446 2744 sed
3479 2693 3599 2745 uni-

2000 2778 2143 2831 lione
2158 2793 2279 2832 cum
2299 2793 2542 2845 corpore,
2569 2779 2710 2848 quod
2738 2780 3038 2834 videbatur.
3065 2779 3129 2834 Et
3162 2790 3309 2834 certe
3332 2790 3603 2847 spectatu-

1999 2884 2085 2922 res
2104 2869 2446 2923 etministros
2472 2869 2640 2924 fuisse
2669 2868 2825 2923 Verbi
2868 2882 3087 2926 sanctos
3119 2872 3264 2939 ipsos
3297 2871 3595 2939 apostolos,

1998 2976 2151 3013 sacra
2174 2960 2449 3028 Scriptura
2476 2963 2713 3016 ostendit
2732 2962 2776 2993 ⁸ο
2810 2978 2823 3013 :
2858 2965 3107 3032 quamvis
3126 2963 3211 3018 cui
3242 2979 3345 3016 non
3373 2960 3598 3017 manife-

1997 3062 2140 3105 stum
2167 3062 2266 3116 est,
2290 3055 2431 3122 quod
2458 3054 2853 3121 incorporeum,
2883 3070 2946 3107 ac
2967 3054 3302 3124 intangibile,
3329 3064 3384 3109 et
3404 3053 3595 3109 invisi-

307 3150 433 3212 τοὺς
469 3152 659 3219 ἁγίους
693 3130 1053 3218 ἀποστόλους,
1074 3125 1140 3206 τὸ
1172 3125 1415 3225 Γράμμα
1454 3158 1587 3227 φησι
1619 3158 1679 3209 τὸ
1715 3125 1856 3228 ἱερόν
1882 3176 1893 3187 ·

2004 3144 2107 3198 bile
2132 3146 2200 3200 sit
2223 3147 2395 3215 ipsum
2424 3145 2512 3199 Dei
2540 3144 2718 3200 Patris
2751 3145 3027 3200 Verbum?
3060 3146 3220 3217 Atqui
3258 3146 3477 3201 invenio
3509 3147 3590 3199 di-

308 3242 485 3295 καίτοι
515 3244 630 3308 πῶς
660 3244 723 3297 οὐ
752 3246 930 3315 πάντη
960 3246 1021 3299 τὸ
1048 3248 1217 3316 σαφὲς
1242 3259 1287 3309 t,
1340 3249 1413 3310 ὡς
1440 3248 1583 3301 ἔστιν
1610 3252 1899 3321 ἁσώματός

306 3350 367 3385 τε
398 3335 492 3387 καὶ⁵
526 3336 762 3406 ἀναφὴς,
801 3337 898 3389 καὶ
943 3337 1178 3407 ἀόρατος
1216 3341 1245 3391 ὁ
1275 3341 1338 3391 ἐκ
1370 3340 1504 3392 Θεοῦ
1544 3343 1756 3413 Πατρὸς
1796 3342 1900 3395 Λό-

308 3442 437 3492 γος;
481 3426 622 3479 Ἀλλ’
657 3429 899 3499 εὑρίσκω
953 3430 1213 3497 λέγοντας
1259 3431 1385 3492 τοὺς
1429 3432 1616 3496 ἁγίους
1662 3434 1898 3485 ἀποστό-

309 3517 460 3580 λους·
507 3537 524 3567 ι
558 3518 622 3570 '0
654 3515 722 3589 ἦν
772 3519 866 3571 ἀπ’
898 3520 1095 3590 ἀρχῆς,
1130 3521 1157 3572 ὃ
1199 3521 1539 3590 ἀκηκόαμεν,
1572 3522 1599 3573 ὃ
1646 3524 1897 3589 ἑωράκα-

310 3626 429 3677 μεν,
464 3608 492 3661 ὃ
540 3608 891 3680 ἐθεασάμεθα
928 3613 1039 3673 τοῖς
1091 3612 1391 3680 ὀφθαλμοῖς
1444 3614 1599 3681 ἡμῶν
1632 3656 1645 3677 ,
1692 3615 1786 3665 καὶ
1840 3616 1897 3667 αἱ

306 3703 484 3771 χεῖρες
511 3700 670 3770 ἡμῶν
701 3701 1063 3773 ἐψηλάφησαν
1088 3704 1216 3773 περὶ
1251 3702 1343 3754 τοῦ
1368 3705 1539 3771 Λόγου
1568 3704 1664 3773 τῆς
1696 3705 1890 3775 ζωῆς.»

309 3791 600 3861 ιιρόσφορα
623 3793 806 3846 τοίνυν
840 3792 908 3846 τὰ
945 3793 1094 3866 δῶρα
1126 3794 1202 3863 τῷ
1235 3795 1332 3855 ἑνὶ,
1368 3796 1615 3846 τουτέστι
1653 3795 1731 3865 τῷ
1762 3798 1896 3867 Χρι-

309 3882 417 3953 στῷ
438 3900 450 3912 ο
478 3885 571 3937 καὶ
606 3884 715 3955 γάρ
751 3887 898 3938 ἐστιν
932 3887 991 3939 ἐν
1038 3886 1223 3956 ταυτῷ
1250 3887 1382 3949 θεός
1418 3905 1474 3938 τε
1508 3887 1643 3957 ὁμοῦ
1677 3889 1771 3941 καὶ
1804 3888 1897 3941 ἄν-

309 3976 526 4046 θρωπος
558 3979 587 4030 ό
633 3978 817 4041 αὑτός.
868 3978 1138 4052 Ταύτῃτοι
1191 3978 1476 4049 τεχθέντος
1522 3979 1689 4033 αὑτοῦ
1736 3998 1896 4053 χορο-

306 4068 522 4122 στασίαι
559 4069 659 4140 μὲν
698 4065 840 4140 ἦσαν
885 4072 1001 4124 τῶν
1040 4072 1211 4141 ἁγίων
1250 4072 1518 4141 ἀγγέλων,
1557 4076 1806 4144 στρατιαὶ
1837 4075 1897 4127 δὲ

304 4160 653 4230 πνευμάτων,
692 4163 921 4234 Μτῆρα
963 4164 1057 4216 καὶ
1083 4164 1379 4235 Λυτρωτὴν
1408 4164 1674 4233 λεγόντων
1707 4166 1889 4221 αὐτόν.

318 4248 532 4321 Ἐπειδὴ
565 4251 622 4305 δὲ
673 4251 767 4303 τοῦ
811 4253 1202 4321 εὐαγγελιστοῦ
1254 4253 1529 4322 λέγοντος·
1572 4274 1588 4305 ι
1630 4256 1686 4307 '0
1720 4256 1894 4325 Λόγος

305 4340 449 4409 σὰρξ
489 4344 727 4411 ἐγένετο,
763 4364 779 4393 ι
815 4345 1050 4398 δεδιέναι
1106 4345 1262 4413 φασὶ,
1315 4346 1393 4416 μὴ
1446 4347 1553 4419 ἄρα
1604 4364 1744 4411 πως,
1800 4347 1892 4401 τοῦ

308 4458 322 4482 ι
360 4436 575 4503 ἐγένετο
604 4456 621 4489 ι
656 4437 752 4508 τὴν
810 4439 946 4491 ἰδίαν
984 4437 1249 4502 σώζοντος
1279 4438 1534 4505 δήλωσιν,
1568 4440 1768 4509 τρόπος
1808 4458 1893 4506 τις
1926 4468 1968 4522 D

305 4529 474 4579 νοοῖτο
533 4527 663 4597 περὶ
708 4528 803 4597 τὴν
844 4526 996 4581 θείαν
1026 4526 1119 4581 τοῦ
1173 4527 1350 4595 Λόγου
1402 4527 1656 4595 γενέσθαι
1692 4528 1888 4597 φύσιν·

308 4614 508 4668 ;παινῶ
545 4617 645 4687 μὲν
670 4619 730 4670 τὸ
765 4618 930 4688 δεῖμα
950 4661 963 4683 ,
999 4617 1266 4689 θαυμάζω
1287 4618 1367 4683 δὲ,
1392 4618 1474 4671 ὃτι
1515 4620 1891 4691 παραιτούμε-

305 4724 381 4759 νοι
424 4707 521 4777 τήν
564 4708 732 4772 λέξιν,
768 4709 865 4779 τὴν
904 4709 1082 4779 ἀληθῆ
1123 4727 1183 4761 τε
1226 4709 1321 4763 καὶ
1376 4711 1686 4778 ἀναγκαίαν
1714 4711 1890 4782 δήλωο

308 4816 409 4857 σιν.
439 4798 579 4851 οὕτω
608 4801 864 4867 γενέσθαι
890 4804 1024 4871 φασὶ
1069 4804 1247 4875 σάρκα
1281 4804 1371 4857 τὸν
1408 4807 1598 4873 Λόγον,
1630 4808 1708 4869 ὡς
1738 4808 1803 4860 ἂν
1840 4810 1886 4860 εἰ

302 4891 508 4958 λέγοιτο
541 4892 794 4958 γενέσθαι
841 4896 1084 4966 κατάρα,
1134 4899 1228 4948 καὶ
1278 4898 1541 4966 ἁμαρτία.
1598 4896 1727 4950 Εἶτα
1770 4900 1887 4961 πῶς

299 4983 398 5033 οὒκ
448 4982 552 5035 ἔδει
595 4984 720 5036 νοῦν
762 4985 987 5054 ἔχοντας
1035 4990 1168 5058 όρᾷν
1200 4990 1245 5052 li,
1288 4990 1369 5041 ὅτι
1421 4990 1499 5040 τὸ,
1542 5008 1558 5038 ι
1595 4991 1830 5055 ἐγένετο,
1864 5010 1880 5039 i

297 5075 557 5139 ’.σεθεικὼς
598 5077 627 5129 ὁ
657 5079 931 5148 μακάριος
966 5080 1383 5151 εὐαγγελιστὴς,
1426 5082 1643 5150 ἀπάσης
1679 5083 1887 5151 τροπῆς

306 5169 554 5221 ζπόιοιαν
605 5170 853 5241 ἀναιρεῖ,
907 5175 1368 5244 προσεπενεγκὼν
1433 5174 1594 5236 εὐθὺς
1649 5177 1741 5227 καὶ
1791 5175 1880 5227 τό·

875 5350 919 5382 ³⁸
943 5350 1073 5406 Luc.
1112 5370 1144 5416 ι,
1183 5353 1238 5405 2.

369 5350 410 5378 δ’
435 5348 593 5405 Jnan.
631 5366 713 5413 tu,
740 5351 793 5404 6.
875 5350 1073 5406 "Luc.
1112 5370 1144 5416 ι,
1183 5353 1238 5405 2.
1316 5354 1359 5383 ⁸¹
1396 5351 1412 5404 l
1447 5352 1605 5407 Joan.
1642 5368 1680 5416 t,
1710 5354 1762 5407 1.

2003 3248 2187 3293 centes
2216 3251 2439 3294 sant-tos
2466 3238 2736 3308 apostolos
2765 3257 2777 3293 :
2811 3258 2828 3290 ι
2855 3238 3006 3306 Quod
3033 3238 3131 3292 fuit
3154 3241 3221 3294 ab
3244 3240 3395 3293 initio
3415 3281 3430 3306 ,
3453 3241 3595 3308 quod

2003 3330 2328 3391 audivimus,
2363 3332 2509 3401 quod
2538 3332 2772 3385 vidimus
2797 3371 2812 3394 ,
2844 3332 2986 3400 quod
3025 3333 3398 3401 perspeximus
3419 3330 3596 3385 oculis

2003 3425 2222 3484 nostris,
2244 3425 2382 3491 qund
2402 3440 2591 3477 uiantis
2614 3433 2810 3476 nostra:
2836 3432 3307 3477 contrectaverunt
3333 3422 3400 3476 de
3414 3420 3593 3479 Verbo

2001 3514 2125 3567 vita:
2159 3514 2225 3566 ⁵³.
2292 3533 2310 3563 ι
2358 3512 2747 3567 Convenientia
2819 3514 2983 3582 igitur
3046 3512 3268 3567 fuerunt
3308 3514 3445 3565 dona
3502 3512 3591 3567 illa

2002 3607 2091 3660 uni
2114 3650 2127 3667 .
2161 3607 2260 3660 hoc
2286 3608 2625 3660 estCliristo.
2680 3607 2890 3659 Etenim
2917 3616 2997 3659 est
3025 3606 3228 3673 pariter
3255 3587 3585 3659 Deus'siinul

1999 3712 2053 3757 et
2080 3701 2240 3754 homo
2274 3700 2436 3753 idem.
2488 3698 2597 3753 llac
2632 3699 2841 3752 ratione
2865 3707 2993 3751 nato
3026 3697 3143 3767 ipso
3174 3697 3325 3751 chori
3359 3697 3579 3766 quidem

1999 3792 2313 3846 cecinerunt
2348 3802 2660 3846 sanctorum
2688 3789 3025 3859 angelorum,
3066 3789 3339 3842 exercitus
3370 3803 3589 3858 quoque

1998 3885 2284 3951 spirituum
2302 3884 2595 3937 dicentium
2620 3884 2796 3951 ipsum
2817 3882 3153 3936 Salvatorem
3181 3899 3244 3934 ac
3264 3882 3588 3953 Redempto-

2000 3994 2135 4033 rem.
2177 3978 2310 4044 Quia
2343 3991 2504 4044 porro
2529 3992 2653 4031 cum
2680 3976 3013 4046 evangelista
3054 3976 3201 4029 dicat
3234 3992 3249 4030 :
3284 3994 3304 4028 ι
3350 3976 3589 4031 Verbum

1998 4083 2125 4123 caro
2153 4067 2352 4122 factum
2376 4078 2482 4134 est;
2523 4086 2541 4117 ι
2578 4066 2872 4122 formidare
2900 4081 2957 4121 se
2980 4066 3185 4131 dicunt,
3211 4081 3298 4131 ne,
3330 4066 3374 4123 si
3401 4068 3589 4131 dictio,

2005 4179 2023 4212 ι
2055 4160 2279 4215 Factum
2300 4171 2408 4223 est,
2444 4179 2462 4210 ι
2489 4162 2761 4229 propriam
2781 4159 3587 4228 servetsigniﬁcationem,ver-

1997 4254 2079 4309 sio
2108 4255 2351 4324 quaedam
2387 4252 2719 4322 intelligatur
2771 4253 2916 4305 circa
2948 4250 3194 4305 divinam
3224 4249 3387 4306 Verbi
3419 4260 3579 4306 natu-

2001 4363 2113 4400 ram
2146 4346 2313 4399 fuisse
2347 4362 2361 4410 ;
2397 4344 2557 4398 laudo
2618 4344 2832 4413 quidem
2884 4353 3121 4409 metum,
3176 4344 3347 4397 miror
3380 4355 3586 4404 autem,

1999 4442 2136 4507 quod
2161 4448 2420 4491 caventes
2459 4435 2790 4497 dictionem,
2824 4448 3116 4503 veramque
3138 4444 3191 4487 et
3216 4434 3584 4488 necessariam

1998 4530 2448 4599 signiﬁcationem
2473 4568 2488 4591 ,
2519 4528 2599 4581 sic
2648 4525 2850 4579 factum
2890 4525 3058 4578 luisse
3089 4539 3309 4577 carnem
3346 4520 3583 4576 Verbum

1998 4625 2203 4685 dicunt,
2236 4622 2458 4689 perinde
2498 4633 2561 4671 ac
2594 4617 2639 4673 si
2669 4616 2916 4679 dicatur,
2944 4615 3148 4669 factum
3184 4613 3358 4669 fuisse
3404 4613 3579 4668 male-

1998 4716 2200 4767 dictum
2232 4722 2287 4767 et
2319 4721 2623 4782 peccatum.
2682 4707 2886 4761 Deinde
2920 4720 3026 4773 quo
3058 4714 3217 4774 pacto
3250 4721 3355 4758 non
3404 4704 3584 4759 vident

1999 4816 2181 4859 tuente
2226 4803 2439 4874 pnediti
2490 4798 2947 4873 [prinlentissimi
2979 4799 3077 4851 viri
3119 4797 3336 4867 ],quod
3392 4795 3585 4849 beatus

1996 4898 2323 4968 evangelista
2354 4909 2559 4965 ponens
2582 4893 2901 4954 dictionem,
2936 4909 2955 4941 ο
2984 4888 3209 4942 Factum
3244 4896 3349 4948 est,
3388 4906 3406 4937 ι
3448 4902 3573 4941 mox

1995 4991 2173 5042 omnis
2224 4987 2596 5042 cunvmsionis
2647 4985 3014 5051 SllSpiCiOtlem
3056 4984 3227 5046 tollit,
3280 4981 3578 5050 adjiciens:

2000 5100 2017 5131 ι
2068 5080 2132 5133 Ει
2186 5079 2447 5132 habitavit
2493 5079 2543 5129 in
2578 5078 2734 5130 nobis
2779 5078 2802 5129 ’ἶ
2839 5097 2855 5126 ι
2896 5078 3203 5129 Absurdqu
3262 5084 3441 5126 autem
3476 5074 3582 5127 alia

1995 5189 2213 5243 quoque
2245 5174 2455 5226 ratione
2484 5179 2589 5238 est,
2628 5174 2671 5224 si
2704 5170 2827 5237 quis
2858 5171 3015 5223 audrt
3041 5169 3241 5229 dicere,
3274 5168 3352 5220 sic
3381 5166 3582 5219 factum

1353 5507 1529 5565 Varia!
1554 5508 1813 5565 lectiones
1835 5523 1901 5563 ex
1929 5506 2117 5561 codice
2141 5504 2512 5576 Seguieriano.

369 5663 397 5703 κ
427 5662 620 5741 καίτοι.
695 5662 721 5701 ιι
754 5666 926 5739 αὐτὴν
966 5669 1222 5739 γεννῆσαί
1267 5688 1453 5741 φασιν.

301 5730 458 5796 ὂντας
490 5736 643 5805 ὁρᾷν.

1537 5672 1553 5712 ί
1592 5671 1685 5725 τὸν
1727 5670 1826 5725 ἕνα
1872 5669 2101 5745 Κύριον.

2183 5668 2196 5719 i
2237 5665 2412 5731 ἴσως,
2449 5660 2610 5717 παντί
2636 5677 2715 5731 τῳ
2747 5674 2937 5729 σαφες.
3042 5656 3067 5698 Ιί
3105 5664 3569 5731 νουνεχεστατους
