  <div class='ocr_page' id='page_1' title='image "/cluster/home/n/w/nwhite01/storage/ocr_20150623/76/nnc1.0046980067/167.png"; bbox 0 0 4104 6336; ppageno 0'>
   <div class='ocr_carea' id='block_1_1' title="bbox 499 284 700 341">
    <p class='ocr_par' dir='ltr' id='par_1_1' title="bbox 499 284 700 341">
     <span class='ocr_line' id='line_1_1' title="bbox 499 284 700 341; baseline -0.005 0"><span class='ocrx_word' id='word_1_1' title='bbox 499 284 607 341; x_wconf 70' lang='grc'><strong>’523</strong></span> <span class='ocrx_word' id='word_1_2' title='bbox 696 310 700 315; x_wconf 57' lang='grc' dir='ltr'><strong>λ</strong></span> 
     </span>
    </p>
   </div>
   <div class='ocr_carea' id='block_1_2' title="bbox 1533 278 2776 341">
    <p class='ocr_par' dir='ltr' id='par_1_2' title="bbox 1533 278 2776 341">
     <span class='ocr_line' id='line_1_2' title="bbox 1533 278 2776 341; baseline 0.005 -6"><span class='ocrx_word' id='word_1_3' title='bbox 1533 281 1591 335; x_wconf 91' lang='lat' dir='ltr'><strong>S.</strong></span> <span class='ocrx_word' id='word_1_4' title='bbox 1633 278 1914 334; x_wconf 77' lang='lat' dir='ltr'><strong>CYRILLI</strong></span> <span class='ocrx_word' id='word_1_5' title='bbox 1944 278 2419 337; x_wconf 73' lang='lat' dir='ltr'><strong>ALEXANDRINI</strong></span> <span class='ocrx_word' id='word_1_6' title='bbox 2455 282 2776 341; x_wconf 78' lang='lat' dir='ltr'><strong>AllClllEP.</strong></span> 
     </span>
    </p>
   </div>
   <div class='ocr_carea' id='block_1_3' title="bbox 3667 291 3781 345">
    <p class='ocr_par' dir='ltr' id='par_1_3' title="bbox 3667 291 3781 345">
     <span class='ocr_line' id='line_1_3' title="bbox 3667 291 3781 345; baseline 0 0"><span class='ocrx_word' id='word_1_7' title='bbox 3667 291 3781 345; x_wconf 63' lang='lat'><strong>3&#39;26</strong></span> 
     </span>
    </p>
   </div>
   <div class='ocr_carea' id='block_1_4' title="bbox 506 401 2088 476">
    <p class='ocr_par' dir='ltr' id='par_1_4' title="bbox 506 401 2087 465">
     <span class='ocr_line' id='line_1_4' title="bbox 506 401 2087 465; baseline -0.005 -4"><span class='ocrx_word' id='word_1_8' title='bbox 506 421 631 461; x_wconf 86' lang='lat' dir='ltr'><strong>esse</strong></span> <span class='ocrx_word' id='word_1_9' title='bbox 661 418 880 459; x_wconf 88' lang='lat' dir='ltr'><strong>carnem</strong></span> <span class='ocrx_word' id='word_1_10' title='bbox 921 403 1153 459; x_wconf 82' lang='lat' dir='ltr'><strong>Verbum</strong></span> <span class='ocrx_word' id='word_1_11' title='bbox 1180 440 1196 465; x_wconf 91' lang='lat'><strong>,</strong></span> <span class='ocrx_word' id='word_1_12' title='bbox 1222 412 1280 455; x_wconf 92' lang='lat' dir='ltr'><strong>ut</strong></span> <span class='ocrx_word' id='word_1_13' title='bbox 1313 402 1510 457; x_wconf 78' lang='lat' dir='ltr'><strong>factum</strong></span> <span class='ocrx_word' id='word_1_14' title='bbox 1537 416 1657 457; x_wconf 89' lang='lat' dir='ltr'><strong>esse</strong></span> <span class='ocrx_word' id='word_1_15' title='bbox 1700 402 1898 455; x_wconf 88' lang='lat' dir='ltr'><strong>dicitur</strong></span> <span class='ocrx_word' id='word_1_16' title='bbox 1920 401 2087 457; x_wconf 87' lang='lat' dir='ltr'><strong>male-</strong></span> 
     </span>
    </p>
   </div>
   <div class='ocr_carea' id='block_1_5' title="bbox 2190 401 3783 476">
    <p class='ocr_par' dir='ltr' id='par_1_5' title="bbox 2200 402 3783 476">
     <span class='ocr_line' id='line_1_5' title="bbox 2200 402 3783 476; baseline 0.004 -23"><span class='ocrx_word' id='word_1_17' title='bbox 2200 421 2218 453; x_wconf 77' lang='grc' dir='ltr'><strong>ι</strong></span> <span class='ocrx_word' id='word_1_18' title='bbox 2258 402 2597 473; x_wconf 86' lang='grc' dir='ltr'>Ἑσκήνωσεν</span> <span class='ocrx_word' id='word_1_19' title='bbox 2625 405 2682 455; x_wconf 83' lang='grc' dir='ltr'><strong>έν</strong></span> <span class='ocrx_word' id='word_1_20' title='bbox 2711 404 2877 475; x_wconf 82' lang='grc' dir='ltr'>ήμῖν;</span> <span class='ocrx_word' id='word_1_21' title='bbox 2908 420 2927 453; x_wconf 71' lang='grc' dir='ltr'><strong>ι</strong></span> <span class='ocrx_word' id='word_1_22' title='bbox 2964 404 3201 456; x_wconf 83' lang='grc' dir='ltr'>’Λτοπον</span> <span class='ocrx_word' id='word_1_23' title='bbox 3250 402 3310 457; x_wconf 79' lang='grc' dir='ltr'>δὲ</span> <span class='ocrx_word' id='word_1_24' title='bbox 3357 404 3452 458; x_wconf 76' lang='grc' dir='ltr'><strong>καὶ</strong></span> <span class='ocrx_word' id='word_1_25' title='bbox 3485 404 3689 476; x_wconf 80' lang='grc' dir='ltr'><strong>ἑτέρως</strong></span> <span class='ocrx_word' id='word_1_26' title='bbox 3720 406 3783 461; x_wconf 84' lang='grc' dir='ltr'>τδ</span> 
     </span>
    </p>
   </div>
   <div class='ocr_carea' id='block_1_6' title="bbox 503 494 2096 567">
    <p class='ocr_par' dir='ltr' id='par_1_6' title="bbox 503 494 2096 567">
     <span class='ocr_line' id='line_1_6' title="bbox 503 494 2096 567; baseline -0.004 -15"><span class='ocrx_word' id='word_1_27' title='bbox 503 500 710 552; x_wconf 84' lang='lat' dir='ltr'><strong>dictum</strong></span> <span class='ocrx_word' id='word_1_28' title='bbox 742 506 799 552; x_wconf 89' lang='lat' dir='ltr'><strong>et</strong></span> <span class='ocrx_word' id='word_1_29' title='bbox 838 506 1144 567; x_wconf 89' lang='lat' dir='ltr'><strong>peccatum.</strong></span> <span class='ocrx_word' id='word_1_30' title='bbox 1187 495 1299 549; x_wconf 78' lang='lat' dir='ltr'><strong>Non</strong></span> <span class='ocrx_word' id='word_1_31' title='bbox 1339 494 1481 548; x_wconf 89' lang='lat' dir='ltr'><strong>enim</strong></span> <span class='ocrx_word' id='word_1_32' title='bbox 1537 494 1831 564; x_wconf 88' lang='lat' dir='ltr'><strong>ipsummet</strong></span> <span class='ocrx_word' id='word_1_33' title='bbox 1875 494 2096 547; x_wconf 89' lang='lat' dir='ltr'><strong>maledi-</strong></span> 
     </span>
    </p>
   </div>
   <div class='ocr_carea' id='block_1_7' title="bbox 499 586 2097 658">
    <p class='ocr_par' dir='ltr' id='par_1_7' title="bbox 499 586 2097 658">
     <span class='ocr_line' id='line_1_7' title="bbox 499 586 2097 658; baseline -0.004 -14"><span class='ocrx_word' id='word_1_34' title='bbox 499 601 649 644; x_wconf 92' lang='lat' dir='ltr'><strong>ctum</strong></span> <span class='ocrx_word' id='word_1_35' title='bbox 673 589 759 644; x_wconf 89' lang='lat' dir='ltr'><strong>vel</strong></span> <span class='ocrx_word' id='word_1_36' title='bbox 778 598 1056 658; x_wconf 87' lang='lat' dir='ltr'><strong>peccatum</strong></span> <span class='ocrx_word' id='word_1_37' title='bbox 1084 587 1285 641; x_wconf 84' lang='lat' dir='ltr'><strong>factum</strong></span> <span class='ocrx_word' id='word_1_38' title='bbox 1303 595 1406 653; x_wconf 88' lang='lat' dir='ltr'><strong>est,</strong></span> <span class='ocrx_word' id='word_1_39' title='bbox 1438 587 1531 642; x_wconf 91' lang='lat' dir='ltr'><strong>sed</strong></span> <span class='ocrx_word' id='word_1_40' title='bbox 1563 602 1686 642; x_wconf 89' lang='lat' dir='ltr'><strong>cum</strong></span> <span class='ocrx_word' id='word_1_41' title='bbox 1707 586 1908 656; x_wconf 85' lang='lat' dir='ltr'><strong>iniquis</strong></span> <span class='ocrx_word' id='word_1_42' title='bbox 1940 601 2097 656; x_wconf 81' lang='lat' dir='ltr'><strong>repu-</strong></span> 
     </span>
    </p>
   </div>
   <div class='ocr_carea' id='block_1_8' title="bbox 507 679 2093 748">
    <p class='ocr_par' dir='ltr' id='par_1_8' title="bbox 507 679 2093 748">
     <span class='ocr_line' id='line_1_8' title="bbox 507 679 2093 748; baseline -0.003 -13"><span class='ocrx_word' id='word_1_43' title='bbox 507 694 653 737; x_wconf 91' lang='lat' dir='ltr'><strong>tatus</strong></span> <span class='ocrx_word' id='word_1_44' title='bbox 670 680 1031 748; x_wconf 78' lang='lat' dir='ltr'><strong>est&quot;,justus</strong></span> <span class='ocrx_word' id='word_1_45' title='bbox 1058 680 1326 734; x_wconf 88' lang='lat' dir='ltr'><strong>exsisteus</strong></span> <span class='ocrx_word' id='word_1_46' title='bbox 1354 686 1411 732; x_wconf 90' lang='lat' dir='ltr'><strong>ttt</strong></span> <span class='ocrx_word' id='word_1_47' title='bbox 1435 679 1647 733; x_wconf 90' lang='lat' dir='ltr'><strong>aboleat</strong></span> <span class='ocrx_word' id='word_1_48' title='bbox 1676 689 1957 747; x_wconf 87' lang='lat' dir='ltr'><strong>peccatum</strong></span> <span class='ocrx_word' id='word_1_49' title='bbox 1989 695 2004 742; x_wconf 86' lang='lat'><strong>;</strong></span> <span class='ocrx_word' id='word_1_50' title='bbox 2039 687 2093 731; x_wconf 90' lang='lat' dir='ltr'><strong>et</strong></span> 
     </span>
    </p>
   </div>
   <div class='ocr_carea' id='block_1_9' title="bbox 501 770 2089 843">
    <p class='ocr_par' dir='ltr' id='par_1_9' title="bbox 501 770 2089 843">
     <span class='ocr_line' id='line_1_9' title="bbox 501 770 2089 843; baseline -0.002 -18"><span class='ocrx_word' id='word_1_51' title='bbox 501 774 801 843; x_wconf 86' lang='lat' dir='ltr'><strong>appellatus</strong></span> <span class='ocrx_word' id='word_1_52' title='bbox 839 782 922 826; x_wconf 91' lang='lat' dir='ltr'><strong>est</strong></span> <span class='ocrx_word' id='word_1_53' title='bbox 953 770 1306 834; x_wconf 87' lang='lat' dir='ltr'><strong>maledictus,</strong></span> <span class='ocrx_word' id='word_1_54' title='bbox 1341 772 1433 841; x_wconf 92' lang='lat' dir='ltr'><strong>qui</strong></span> <span class='ocrx_word' id='word_1_55' title='bbox 1468 770 1737 826; x_wconf 87' lang='lat' dir='ltr'><strong>benedicit</strong></span> <span class='ocrx_word' id='word_1_56' title='bbox 1765 780 2089 832; x_wconf 92' lang='lat' dir='ltr'><strong>creaturam,</strong></span> 
     </span>
    </p>
   </div>
   <div class='ocr_carea' id='block_1_10' title="bbox 505 862 2090 935">
    <p class='ocr_par' dir='ltr' id='par_1_10' title="bbox 505 862 2090 935">
     <span class='ocr_line' id='line_1_10' title="bbox 505 862 2090 935; baseline -0.003 -17"><span class='ocrx_word' id='word_1_57' title='bbox 505 865 663 935; x_wconf 76' lang='lat'><strong>162</strong></span> <span class='ocrx_word' id='word_1_58' title='bbox 678 876 731 918; x_wconf 92' lang='lat' dir='ltr'><strong>ut</strong></span> <span class='ocrx_word' id='word_1_59' title='bbox 756 864 930 918; x_wconf 86' lang='lat' dir='ltr'><strong>solvat</strong></span> <span class='ocrx_word' id='word_1_60' title='bbox 948 872 1191 917; x_wconf 88' lang='lat' dir='ltr'><strong>nostrum</strong></span> <span class='ocrx_word' id='word_1_61' title='bbox 1212 862 1580 925; x_wconf 77' lang='lat' dir='ltr'><strong>maledictum,</strong></span> <span class='ocrx_word' id='word_1_62' title='bbox 1600 870 1654 916; x_wconf 88' lang='lat' dir='ltr'><strong>et</strong></span> <span class='ocrx_word' id='word_1_63' title='bbox 1672 862 1863 915; x_wconf 89' lang='lat' dir='ltr'><strong>liberet</strong></span> <span class='ocrx_word' id='word_1_64' title='bbox 1879 878 1905 914; x_wconf 91' lang='lat' dir='ltr'><strong>a</strong></span> <span class='ocrx_word' id='word_1_65' title='bbox 1932 877 2090 931; x_wconf 62' lang='lat' dir='ltr'><strong>paena</strong></span> 
     </span>
    </p>
   </div>
   <div class='ocr_carea' id='block_1_11' title="bbox 501 952 2089 1023">
    <p class='ocr_par' dir='ltr' id='par_1_11' title="bbox 501 952 2089 1023">
     <span class='ocr_line' id='line_1_11' title="bbox 501 952 2089 1023; baseline -0.002 -16"><span class='ocrx_word' id='word_1_66' title='bbox 501 958 787 1010; x_wconf 82' lang='lat' dir='ltr'><strong>credentes</strong></span> <span class='ocrx_word' id='word_1_67' title='bbox 813 955 864 1007; x_wconf 92' lang='lat' dir='ltr'><strong>iu</strong></span> <span class='ocrx_word' id='word_1_68' title='bbox 896 954 1093 1023; x_wconf 91' lang='lat' dir='ltr'><strong>ipsum.</strong></span> <span class='ocrx_word' id='word_1_69' title='bbox 1134 954 1299 1023; x_wconf 87' lang='lat' dir='ltr'><strong>Igitur</strong></span> <span class='ocrx_word' id='word_1_70' title='bbox 1336 962 1554 1008; x_wconf 89' lang='lat' dir='ltr'><strong>nonest</strong></span> <span class='ocrx_word' id='word_1_71' title='bbox 1599 952 1771 1006; x_wconf 82' lang='lat' dir='ltr'><strong>lactus</strong></span> <span class='ocrx_word' id='word_1_72' title='bbox 1796 954 2089 1006; x_wconf 87' lang='lat' dir='ltr'><strong>secundum</strong></span> 
     </span>
    </p>
   </div>
   <div class='ocr_carea' id='block_1_12' title="bbox 500 1041 2092 1111">
    <p class='ocr_par' dir='ltr' id='par_1_12' title="bbox 500 1041 2092 1111">
     <span class='ocr_line' id='line_1_12' title="bbox 500 1041 2092 1111; baseline -0.003 -14"><span class='ocrx_word' id='word_1_73' title='bbox 500 1047 787 1098; x_wconf 75' lang='lat' dir='ltr'><strong>veritatem</strong></span> <span class='ocrx_word' id='word_1_74' title='bbox 831 1043 1175 1098; x_wconf 84' lang='lat' dir='ltr'><strong>maledictum</strong></span> <span class='ocrx_word' id='word_1_75' title='bbox 1208 1052 1262 1096; x_wconf 90' lang='lat' dir='ltr'><strong>et</strong></span> <span class='ocrx_word' id='word_1_76' title='bbox 1307 1052 1585 1109; x_wconf 87' lang='lat' dir='ltr'><strong>peccatum</strong></span> <span class='ocrx_word' id='word_1_77' title='bbox 1620 1056 1635 1095; x_wconf 89' lang='lat'>:</span> <span class='ocrx_word' id='word_1_78' title='bbox 1677 1041 1980 1111; x_wconf 82' lang='lat' dir='ltr'><strong>appellatus</strong></span> <span class='ocrx_word' id='word_1_79' title='bbox 2010 1049 2092 1094; x_wconf 86' lang='lat' dir='ltr'><strong>est</strong></span> 
     </span>
    </p>
   </div>
   <div class='ocr_carea' id='block_1_13' title="bbox 504 1132 2091 1197">
    <p class='ocr_par' dir='ltr' id='par_1_13' title="bbox 504 1132 2091 1197">
     <span class='ocr_line' id='line_1_13' title="bbox 504 1132 2091 1197; baseline -0.003 -10"><span class='ocrx_word' id='word_1_80' title='bbox 504 1143 682 1187; x_wconf 89' lang='lat' dir='ltr'><strong>autem</strong></span> <span class='ocrx_word' id='word_1_81' title='bbox 736 1134 821 1187; x_wconf 85' lang='lat' dir='ltr'><strong>his</strong></span> <span class='ocrx_word' id='word_1_82' title='bbox 880 1132 1224 1197; x_wconf 87' lang='lat' dir='ltr'><strong>nominibus,</strong></span> <span class='ocrx_word' id='word_1_83' title='bbox 1274 1144 1335 1187; x_wconf 92' lang='lat' dir='ltr'><strong>ttt</strong></span> <span class='ocrx_word' id='word_1_84' title='bbox 1387 1132 1603 1186; x_wconf 87' lang='lat' dir='ltr'><strong>aholeat</strong></span> <span class='ocrx_word' id='word_1_85' title='bbox 1650 1132 1995 1185; x_wconf 78' lang='lat' dir='ltr'><strong>maledictum</strong></span> <span class='ocrx_word' id='word_1_86' title='bbox 2037 1140 2091 1184; x_wconf 89' lang='lat' dir='ltr'><strong>et</strong></span> 
     </span>
    </p>
   </div>
   <div class='ocr_carea' id='block_1_14' title="bbox 502 1224 2091 1296">
    <p class='ocr_par' dir='ltr' id='par_1_14' title="bbox 502 1224 2091 1296">
     <span class='ocr_line' id='line_1_14' title="bbox 502 1224 2091 1296; baseline -0.003 -15"><span class='ocrx_word' id='word_1_87' title='bbox 502 1236 807 1296; x_wconf 90' lang='lat' dir='ltr'><strong>peccatum.</strong></span> <span class='ocrx_word' id='word_1_88' title='bbox 878 1225 1046 1296; x_wconf 87' lang='lat' dir='ltr'><strong>Igitur</strong></span> <span class='ocrx_word' id='word_1_89' title='bbox 1087 1226 1131 1279; x_wconf 92' lang='lat' dir='ltr'><strong>si</strong></span> <span class='ocrx_word' id='word_1_90' title='bbox 1168 1226 1247 1280; x_wconf 92' lang='lat' dir='ltr'><strong>sic</strong></span> <span class='ocrx_word' id='word_1_91' title='bbox 1293 1224 1494 1278; x_wconf 81' lang='lat' dir='ltr'><strong>factum</strong></span> <span class='ocrx_word' id='word_1_92' title='bbox 1543 1237 1627 1280; x_wconf 89' lang='lat' dir='ltr'><strong>est</strong></span> <span class='ocrx_word' id='word_1_93' title='bbox 1666 1241 1831 1289; x_wconf 85' lang='lat' dir='ltr'><strong>caro,</strong></span> <span class='ocrx_word' id='word_1_94' title='bbox 1859 1225 2091 1279; x_wconf 84' lang='lat' dir='ltr'><strong>abolevit</strong></span> 
     </span>
    </p>
   </div>
   <div class='ocr_carea' id='block_1_15' title="bbox 503 1317 2086 1389">
    <p class='ocr_par' dir='ltr' id='par_1_15' title="bbox 503 1317 2086 1389">
     <span class='ocr_line' id='line_1_15' title="bbox 503 1317 2086 1389; baseline -0.003 -16"><span class='ocrx_word' id='word_1_95' title='bbox 503 1319 689 1389; x_wconf 82' lang='lat' dir='ltr'><strong>utique</strong></span> <span class='ocrx_word' id='word_1_96' title='bbox 720 1334 939 1373; x_wconf 89' lang='lat' dir='ltr'><strong>carnem</strong></span> <span class='ocrx_word' id='word_1_97' title='bbox 960 1357 976 1382; x_wconf 93' lang='lat'><strong>,</strong></span> <span class='ocrx_word' id='word_1_98' title='bbox 1032 1318 1174 1372; x_wconf 90' lang='lat' dir='ltr'><strong>sicut</strong></span> <span class='ocrx_word' id='word_1_99' title='bbox 1203 1328 1258 1370; x_wconf 87' lang='lat' dir='ltr'><strong>et</strong></span> <span class='ocrx_word' id='word_1_100' title='bbox 1290 1317 1633 1370; x_wconf 83' lang='lat' dir='ltr'><strong>maledictum</strong></span> <span class='ocrx_word' id='word_1_101' title='bbox 1675 1328 1730 1371; x_wconf 90' lang='lat' dir='ltr'><strong>et</strong></span> <span class='ocrx_word' id='word_1_102' title='bbox 1756 1328 2037 1386; x_wconf 90' lang='lat' dir='ltr'><strong>peccatum</strong></span> <span class='ocrx_word' id='word_1_103' title='bbox 2069 1333 2086 1382; x_wconf 84' lang='lat'><strong>;</strong></span> 
     </span>
    </p>
   </div>
   <div class='ocr_carea' id='block_1_16' title="bbox 501 1409 2089 1480">
    <p class='ocr_par' dir='ltr' id='par_1_16' title="bbox 501 1409 2089 1480">
     <span class='ocr_line' id='line_1_16' title="bbox 501 1409 2089 1480; baseline -0.001 -16"><span class='ocrx_word' id='word_1_104' title='bbox 501 1421 555 1465; x_wconf 87' lang='lat' dir='ltr'><strong>et</strong></span> <span class='ocrx_word' id='word_1_105' title='bbox 588 1426 760 1480; x_wconf 88' lang='lat' dir='ltr'><strong>neque</strong></span> <span class='ocrx_word' id='word_1_106' title='bbox 799 1409 999 1464; x_wconf 83' lang='lat' dir='ltr'><strong>factum</strong></span> <span class='ocrx_word' id='word_1_107' title='bbox 1031 1419 1117 1463; x_wconf 91' lang='lat' dir='ltr'><strong>est</strong></span> <span class='ocrx_word' id='word_1_108' title='bbox 1165 1410 1325 1463; x_wconf 89' lang='lat' dir='ltr'><strong>homo</strong></span> <span class='ocrx_word' id='word_1_109' title='bbox 1349 1452 1364 1475; x_wconf 91' lang='lat'><strong>,</strong></span> <span class='ocrx_word' id='word_1_110' title='bbox 1418 1423 1596 1477; x_wconf 91' lang='lat' dir='ltr'><strong>neque</strong></span> <span class='ocrx_word' id='word_1_111' title='bbox 1639 1409 1980 1462; x_wconf 88' lang='lat' dir='ltr'><strong>incarnatqu</strong></span> <span class='ocrx_word' id='word_1_112' title='bbox 2006 1418 2089 1462; x_wconf 87' lang='lat' dir='ltr'><strong>est</strong></span> 
     </span>
    </p>
   </div>
   <div class='ocr_carea' id='block_1_17' title="bbox 503 1499 2089 1559">
    <p class='ocr_par' dir='ltr' id='par_1_17' title="bbox 503 1499 2089 1559">
     <span class='ocr_line' id='line_1_17' title="bbox 503 1499 2089 1559; baseline -0.004 0"><span class='ocrx_word' id='word_1_113' title='bbox 503 1504 797 1559; x_wconf 80' lang='lat' dir='ltr'><strong>scentulum</strong></span> <span class='ocrx_word' id='word_1_114' title='bbox 840 1500 1123 1555; x_wconf 81' lang='lat' dir='ltr'><strong>veritatem</strong></span> <span class='ocrx_word' id='word_1_115' title='bbox 1164 1517 1178 1553; x_wconf 88' lang='lat'>:</span> <span class='ocrx_word' id='word_1_116' title='bbox 1210 1500 1303 1554; x_wconf 89' lang='lat' dir='ltr'><strong>sed</strong></span> <span class='ocrx_word' id='word_1_117' title='bbox 1330 1500 1383 1553; x_wconf 92' lang='lat' dir='ltr'><strong>in</strong></span> <span class='ocrx_word' id='word_1_118' title='bbox 1412 1499 1817 1554; x_wconf 84' lang='lat' dir='ltr'><strong>existimatione</strong></span> <span class='ocrx_word' id='word_1_119' title='bbox 1863 1499 1971 1553; x_wconf 83' lang='lat' dir='ltr'><strong>sola</strong></span> <span class='ocrx_word' id='word_1_120' title='bbox 2006 1507 2089 1554; x_wconf 88' lang='lat' dir='ltr'><strong>est</strong></span> 
     </span>
    </p>
   </div>
   <div class='ocr_carea' id='block_1_18' title="bbox 505 1589 2086 1656">
    <p class='ocr_par' dir='ltr' id='par_1_18' title="bbox 505 1589 2086 1656">
     <span class='ocr_line' id='line_1_18' title="bbox 505 1589 2086 1656; baseline -0.003 -7"><span class='ocrx_word' id='word_1_121' title='bbox 505 1603 901 1649; x_wconf 86' lang='lat' dir='ltr'><strong>sacramentum</strong></span> <span class='ocrx_word' id='word_1_122' title='bbox 926 1633 941 1656; x_wconf 92' lang='lat'><strong>,</strong></span> <span class='ocrx_word' id='word_1_123' title='bbox 969 1602 1024 1645; x_wconf 87' lang='lat' dir='ltr'><strong>et</strong></span> <span class='ocrx_word' id='word_1_124' title='bbox 1057 1591 1109 1645; x_wconf 93' lang='lat' dir='ltr'><strong>in</strong></span> <span class='ocrx_word' id='word_1_125' title='bbox 1146 1591 1307 1645; x_wconf 89' lang='lat' dir='ltr'><strong>nudis</strong></span> <span class='ocrx_word' id='word_1_126' title='bbox 1339 1590 1653 1645; x_wconf 85' lang='lat' dir='ltr'><strong>nominibus</strong></span> <span class='ocrx_word' id='word_1_127' title='bbox 1682 1589 1957 1645; x_wconf 81' lang='lat' dir='ltr'><strong>invenitur</strong></span> <span class='ocrx_word' id='word_1_128' title='bbox 2000 1591 2086 1645; x_wconf 89' lang='lat' dir='ltr'><strong>in-</strong></span> 
     </span>
    </p>
   </div>
   <div class='ocr_carea' id='block_1_19' title="bbox 2196 494 3778 566">
    <p class='ocr_par' dir='ltr' id='par_1_19' title="bbox 2196 494 3778 566">
     <span class='ocr_line' id='line_1_19' title="bbox 2196 494 3778 566; baseline 0.003 -20"><span class='ocrx_word' id='word_1_129' title='bbox 2196 494 2373 563; x_wconf 86' lang='grc' dir='ltr'>λέγειν</span> <span class='ocrx_word' id='word_1_130' title='bbox 2408 495 2744 564; x_wconf 79' lang='grc' dir='ltr'>ἀποτολμᾷν,</span> <span class='ocrx_word' id='word_1_131' title='bbox 2775 494 2917 548; x_wconf 79' lang='grc' dir='ltr'>οὓτω</span> <span class='ocrx_word' id='word_1_132' title='bbox 2942 494 3201 563; x_wconf 85' lang='grc' dir='ltr'>γενέσθαι</span> <span class='ocrx_word' id='word_1_133' title='bbox 3238 495 3420 566; x_wconf 81' lang='grc' dir='ltr'>σάρκα</span> <span class='ocrx_word' id='word_1_134' title='bbox 3447 495 3539 550; x_wconf 77' lang='grc' dir='ltr'><strong>τὸν</strong></span> <span class='ocrx_word' id='word_1_135' title='bbox 3580 498 3778 566; x_wconf 80' lang='grc' dir='ltr'><strong>Λόγον,</strong></span> 
     </span>
    </p>
   </div>
   <div class='ocr_carea' id='block_1_20' title="bbox 2194 584 3783 657">
    <p class='ocr_par' dir='ltr' id='par_1_20' title="bbox 2194 584 3783 657">
     <span class='ocr_line' id='line_1_20' title="bbox 2194 584 3783 657; baseline 0.001 -19"><span class='ocrx_word' id='word_1_136' title='bbox 2194 585 2269 648; x_wconf 82' lang='grc' dir='ltr'>ὡς</span> <span class='ocrx_word' id='word_1_137' title='bbox 2301 585 2552 652; x_wconf 81' lang='grc' dir='ltr'>γενέσθαι</span> <span class='ocrx_word' id='word_1_138' title='bbox 2600 584 2824 653; x_wconf 88' lang='grc' dir='ltr'>λέγεται</span> <span class='ocrx_word' id='word_1_139' title='bbox 2857 584 3097 655; x_wconf 80' lang='grc' dir='ltr'><strong>κατάρα,</strong></span> <span class='ocrx_word' id='word_1_140' title='bbox 3132 584 3227 637; x_wconf 74' lang='grc' dir='ltr'><strong>καὶ</strong></span> <span class='ocrx_word' id='word_1_141' title='bbox 3264 586 3545 656; x_wconf 78' lang='grc' dir='ltr'>ἁμαρτίαο</span> <span class='ocrx_word' id='word_1_142' title='bbox 3583 587 3645 639; x_wconf 86' lang='grc' dir='ltr'><strong>ού</strong></span> <span class='ocrx_word' id='word_1_143' title='bbox 3672 585 3783 657; x_wconf 85' lang='grc' dir='ltr'>γὰρ</span> 
     </span>
    </p>
   </div>
   <div class='ocr_carea' id='block_1_21' title="bbox 2196 676 3782 749">
    <p class='ocr_par' dir='ltr' id='par_1_21' title="bbox 2196 676 3782 749">
     <span class='ocr_line' id='line_1_21' title="bbox 2196 676 3782 749; baseline 0.001 -20"><span class='ocrx_word' id='word_1_144' title='bbox 2196 677 2522 748; x_wconf 79' lang='grc' dir='ltr'><strong>αὐτόχρημα</strong></span> <span class='ocrx_word' id='word_1_145' title='bbox 2550 677 2743 746; x_wconf 88' lang='grc' dir='ltr'>γέγονε</span> <span class='ocrx_word' id='word_1_146' title='bbox 2775 677 3013 747; x_wconf 80' lang='grc' dir='ltr'><strong>κατάρα,</strong></span> <span class='ocrx_word' id='word_1_147' title='bbox 3046 676 3169 730; x_wconf 76' lang='grc' dir='ltr'>οὔτε</span> <span class='ocrx_word' id='word_1_148' title='bbox 3204 678 3312 749; x_wconf 83' lang='grc' dir='ltr'>μὴν</span> <span class='ocrx_word' id='word_1_149' title='bbox 3347 677 3594 748; x_wconf 83' lang='grc' dir='ltr'>ἁμαρτία</span> <span class='ocrx_word' id='word_1_150' title='bbox 3614 694 3628 706; x_wconf 84' lang='grc'><strong>’</strong></span> <span class='ocrx_word' id='word_1_151' title='bbox 3662 678 3782 731; x_wconf 79' lang='grc' dir='ltr'>ἀλλ’</span> 
     </span>
    </p>
   </div>
   <div class='ocr_carea' id='block_1_22' title="bbox 2195 768 3783 842">
    <p class='ocr_par' dir='ltr' id='par_1_22' title="bbox 2195 768 3783 842">
     <span class='ocr_line' id='line_1_22' title="bbox 2195 768 3783 842; baseline 0.002 -22"><span class='ocrx_word' id='word_1_152' title='bbox 2195 770 2254 821; x_wconf 81' lang='grc' dir='ltr'>ὲν</span> <span class='ocrx_word' id='word_1_153' title='bbox 2282 772 2397 832; x_wconf 84' lang='grc' dir='ltr'>τοῖς</span> <span class='ocrx_word' id='word_1_154' title='bbox 2428 769 2655 838; x_wconf 82' lang='grc' dir='ltr'><strong>ἀνόμοις</strong></span> <span class='ocrx_word' id='word_1_155' title='bbox 2698 768 2952 839; x_wconf 77' lang='grc' dir='ltr'><strong>ἐλογίσθη</strong></span> <span class='ocrx_word' id='word_1_156' title='bbox 2980 769 3186 832; x_wconf 86' lang='grc' dir='ltr'>δίκαιος</span> <span class='ocrx_word' id='word_1_157' title='bbox 3213 768 3313 833; x_wconf 84' lang='grc' dir='ltr'><strong>ὢν,</strong></span> <span class='ocrx_word' id='word_1_158' title='bbox 3340 770 3430 823; x_wconf 86' lang='grc' dir='ltr'>ἵνα</span> <span class='ocrx_word' id='word_1_159' title='bbox 3457 772 3783 842; x_wconf 79' lang='grc' dir='ltr'>καταργήσῃ</span> 
     </span>
    </p>
   </div>
   <div class='ocr_carea' id='block_1_23' title="bbox 2192 857 3783 928">
    <p class='ocr_par' dir='ltr' id='par_1_23' title="bbox 2192 857 3783 928">
     <span class='ocr_line' id='line_1_23' title="bbox 2192 857 3783 928; baseline 0.001 -18"><span class='ocrx_word' id='word_1_160' title='bbox 2192 858 2295 926; x_wconf 81' lang='grc' dir='ltr'>τὴν</span> <span class='ocrx_word' id='word_1_161' title='bbox 2347 858 2655 927; x_wconf 76' lang='grc' dir='ltr'>ἁμαρτίαν·</span> <span class='ocrx_word' id='word_1_162' title='bbox 2692 857 2789 910; x_wconf 74' lang='grc' dir='ltr'><strong>καὶ</strong></span> <span class='ocrx_word' id='word_1_163' title='bbox 2840 858 3250 928; x_wconf 86' lang='grc' dir='ltr'>κεχρημάτικεν</span> <span class='ocrx_word' id='word_1_164' title='bbox 3303 859 3706 928; x_wconf 84' lang='grc' dir='ltr'>ὲπικατάρατος</span> <span class='ocrx_word' id='word_1_165' title='bbox 3752 862 3783 912; x_wconf 83' lang='grc' dir='ltr'><strong>ό</strong></span> 
     </span>
    </p>
   </div>
   <div class='ocr_carea' id='block_1_24' title="bbox 2194 948 3780 1022">
    <p class='ocr_par' dir='ltr' id='par_1_24' title="bbox 2194 948 3780 1022">
     <span class='ocr_line' id='line_1_24' title="bbox 2194 948 3780 1022; baseline 0 -20"><span class='ocrx_word' id='word_1_166' title='bbox 2194 948 2431 1017; x_wconf 83' lang='grc' dir='ltr'>εὐλογῶν</span> <span class='ocrx_word' id='word_1_167' title='bbox 2462 948 2562 1018; x_wconf 79' lang='grc' dir='ltr'>τὴν</span> <span class='ocrx_word' id='word_1_168' title='bbox 2595 948 2797 1014; x_wconf 84' lang='grc' dir='ltr'>κτίσιν,</span> <span class='ocrx_word' id='word_1_169' title='bbox 2835 949 2926 1001; x_wconf 80' lang='grc' dir='ltr'>ἵνα</span> <span class='ocrx_word' id='word_1_170' title='bbox 2950 948 3090 1021; x_wconf 83' lang='grc' dir='ltr'><strong>λύσῃ</strong></span> <span class='ocrx_word' id='word_1_171' title='bbox 3118 951 3220 1021; x_wconf 82' lang='grc' dir='ltr'><strong>τὴν</strong></span> <span class='ocrx_word' id='word_1_172' title='bbox 3260 948 3383 1004; x_wconf 77' lang='grc' dir='ltr'>καθ’</span> <span class='ocrx_word' id='word_1_173' title='bbox 3417 950 3577 1020; x_wconf 77' lang='grc' dir='ltr'>ἡμῶν</span> <span class='ocrx_word' id='word_1_174' title='bbox 3615 950 3780 1022; x_wconf 84' lang='grc' dir='ltr'>άρὰν,</span> 
     </span>
    </p>
   </div>
   <div class='ocr_carea' id='block_1_25' title="bbox 2194 1040 3783 1113">
    <p class='ocr_par' dir='ltr' id='par_1_25' title="bbox 2194 1040 3783 1113">
     <span class='ocr_line' id='line_1_25' title="bbox 2194 1040 3783 1113; baseline 0.001 -18"><span class='ocrx_word' id='word_1_175' title='bbox 2194 1042 2289 1096; x_wconf 73' lang='grc' dir='ltr'><strong>καὶ</strong></span> <span class='ocrx_word' id='word_1_176' title='bbox 2319 1040 2607 1113; x_wconf 81' lang='grc' dir='ltr'><strong>ἀπαλλάξῃ</strong></span> <span class='ocrx_word' id='word_1_177' title='bbox 2640 1040 2796 1112; x_wconf 85' lang='grc' dir='ltr'>δίκης</span> <span class='ocrx_word' id='word_1_178' title='bbox 2825 1042 2950 1105; x_wconf 79' lang='grc' dir='ltr'>τοὺς</span> <span class='ocrx_word' id='word_1_179' title='bbox 2981 1043 3335 1105; x_wconf 84' lang='grc' dir='ltr'>πιστεύοντας</span> <span class='ocrx_word' id='word_1_180' title='bbox 3360 1043 3440 1106; x_wconf 88' lang='grc' dir='ltr'><strong>είς</strong></span> <span class='ocrx_word' id='word_1_181' title='bbox 3465 1043 3646 1097; x_wconf 80' lang='grc' dir='ltr'>αὐτόν.</span> <span class='ocrx_word' id='word_1_182' title='bbox 3674 1044 3783 1097; x_wconf 75' lang='lat'><strong>06-</strong></span> 
     </span>
    </p>
   </div>
   <div class='ocr_carea' id='block_1_26' title="bbox 2193 1132 3780 1205">
    <p class='ocr_par' dir='ltr' id='par_1_26' title="bbox 2193 1132 3780 1205">
     <span class='ocr_line' id='line_1_26' title="bbox 2193 1132 3780 1205; baseline 0 -19"><span class='ocrx_word' id='word_1_183' title='bbox 2193 1132 2325 1187; x_wconf 79' lang='grc' dir='ltr'>κοῦν</span> <span class='ocrx_word' id='word_1_184' title='bbox 2356 1133 2419 1185; x_wconf 78' lang='grc' dir='ltr'><strong>οὐ</strong></span> <span class='ocrx_word' id='word_1_185' title='bbox 2448 1133 2639 1200; x_wconf 85' lang='grc' dir='ltr'>γέγονε</span> <span class='ocrx_word' id='word_1_186' title='bbox 2667 1132 2809 1185; x_wconf 86' lang='grc' dir='ltr'>κατὰ</span> <span class='ocrx_word' id='word_1_187' title='bbox 2844 1132 3103 1202; x_wconf 84' lang='grc' dir='ltr'>ἀλήθειαν</span> <span class='ocrx_word' id='word_1_188' title='bbox 3124 1134 3361 1204; x_wconf 84' lang='grc' dir='ltr'>κατάρα,</span> <span class='ocrx_word' id='word_1_189' title='bbox 3391 1135 3485 1187; x_wconf 76' lang='grc' dir='ltr'><strong>καὶ</strong></span> <span class='ocrx_word' id='word_1_190' title='bbox 3512 1134 3780 1205; x_wconf 85' lang='grc' dir='ltr'>ἁμαρτία·</span> 
     </span>
    </p>
   </div>
   <div class='ocr_carea' id='block_1_27' title="bbox 2192 1224 3784 1297">
    <p class='ocr_par' dir='ltr' id='par_1_27' title="bbox 2192 1224 3784 1297">
     <span class='ocr_line' id='line_1_27' title="bbox 2192 1224 3784 1297; baseline 0 -18"><span class='ocrx_word' id='word_1_191' title='bbox 2192 1227 2573 1297; x_wconf 84' lang='grc' dir='ltr'>κεχρημάτικε</span> <span class='ocrx_word' id='word_1_192' title='bbox 2621 1225 2679 1278; x_wconf 83' lang='grc' dir='ltr'><strong>δὲ</strong></span> <span class='ocrx_word' id='word_1_193' title='bbox 2731 1224 2943 1290; x_wconf 83' lang='grc' dir='ltr'>ταῦτα,</span> <span class='ocrx_word' id='word_1_194' title='bbox 3001 1226 3089 1278; x_wconf 79' lang='grc' dir='ltr'><strong>ἵνα</strong></span> <span class='ocrx_word' id='word_1_195' title='bbox 3134 1225 3272 1297; x_wconf 85' lang='grc' dir='ltr'>λύσῃ</span> <span class='ocrx_word' id='word_1_196' title='bbox 3312 1224 3329 1264; x_wconf 81' lang='grc' dir='ltr'>ι</span> <span class='ocrx_word' id='word_1_197' title='bbox 3379 1226 3648 1297; x_wconf 85' lang='grc' dir='ltr'>κατάραν.</span> <span class='ocrx_word' id='word_1_198' title='bbox 3687 1227 3784 1280; x_wconf 77' lang='grc' dir='ltr'>καὶ</span> 
     </span>
    </p>
   </div>
   <div class='ocr_carea' id='block_1_28' title="bbox 2190 1312 3782 1388">
    <p class='ocr_par' dir='ltr' id='par_1_28' title="bbox 2190 1312 3782 1388">
     <span class='ocr_line' id='line_1_28' title="bbox 2190 1312 3782 1388; baseline 0 -19"><span class='ocrx_word' id='word_1_199' title='bbox 2190 1317 2486 1387; x_wconf 82' lang='grc' dir='ltr'>ἁμαρτίαν.</span> <span class='ocrx_word' id='word_1_200' title='bbox 2519 1312 2728 1368; x_wconf 77' lang='grc' dir='ltr'>Οὐκοῦν</span> <span class='ocrx_word' id='word_1_201' title='bbox 2756 1316 2805 1367; x_wconf 83' lang='grc' dir='ltr'><strong>εί</strong></span> <span class='ocrx_word' id='word_1_202' title='bbox 2839 1314 2980 1368; x_wconf 81' lang='grc' dir='ltr'>οὕτω</span> <span class='ocrx_word' id='word_1_203' title='bbox 3009 1318 3199 1384; x_wconf 86' lang='grc' dir='ltr'>γέγονε</span> <span class='ocrx_word' id='word_1_204' title='bbox 3238 1317 3395 1388; x_wconf 79' lang='grc' dir='ltr'>σὰρξ,</span> <span class='ocrx_word' id='word_1_205' title='bbox 3432 1320 3782 1388; x_wconf 83' lang='grc' dir='ltr'>κατήργηκεν</span> 
     </span>
    </p>
   </div>
   <div class='ocr_carea' id='block_1_29' title="bbox 2190 1407 3782 1480">
    <p class='ocr_par' dir='ltr' id='par_1_29' title="bbox 2190 1407 3782 1480">
     <span class='ocr_line' id='line_1_29' title="bbox 2190 1407 3782 1480; baseline -0.001 -18"><span class='ocrx_word' id='word_1_206' title='bbox 2190 1408 2298 1479; x_wconf 81' lang='grc' dir='ltr'>ἄρα</span> <span class='ocrx_word' id='word_1_207' title='bbox 2331 1409 2431 1479; x_wconf 87' lang='grc' dir='ltr'><strong>τὴν</strong></span> <span class='ocrx_word' id='word_1_208' title='bbox 2476 1407 2674 1479; x_wconf 86' lang='grc' dir='ltr'>σάρκα,</span> <span class='ocrx_word' id='word_1_209' title='bbox 2710 1408 2855 1461; x_wconf 86' lang='grc' dir='ltr'><strong>καθά</strong></span> <span class='ocrx_word' id='word_1_210' title='bbox 2883 1409 2977 1461; x_wconf 76' lang='grc' dir='ltr'>καὶ</span> <span class='ocrx_word' id='word_1_211' title='bbox 3004 1410 3103 1478; x_wconf 82' lang='grc' dir='ltr'><strong>τὴν</strong></span> <span class='ocrx_word' id='word_1_212' title='bbox 3155 1408 3316 1480; x_wconf 75' lang='grc' dir='ltr'>ἀρὰν,</span> <span class='ocrx_word' id='word_1_213' title='bbox 3345 1409 3437 1462; x_wconf 80' lang='grc' dir='ltr'><strong>καὶ</strong></span> <span class='ocrx_word' id='word_1_214' title='bbox 3468 1409 3564 1480; x_wconf 78' lang='grc' dir='ltr'><strong>τὴν</strong></span> <span class='ocrx_word' id='word_1_215' title='bbox 3595 1411 3782 1479; x_wconf 75' lang='grc' dir='ltr'>ἁμαρ-</span> 
     </span>
    </p>
   </div>
   <div class='ocr_carea' id='block_1_30' title="bbox 2188 1499 3782 1572">
    <p class='ocr_par' dir='ltr' id='par_1_30' title="bbox 2188 1499 3782 1572">
     <span class='ocr_line' id='line_1_30' title="bbox 2188 1499 3782 1572; baseline 0 -19"><span class='ocrx_word' id='word_1_216' title='bbox 2188 1501 2311 1553; x_wconf 86' lang='grc' dir='ltr'>τίαν</span> <span class='ocrx_word' id='word_1_217' title='bbox 2335 1515 2348 1531; x_wconf 82' lang='lat'><strong><em>°</em></strong></span> <span class='ocrx_word' id='word_1_218' title='bbox 2392 1501 2487 1553; x_wconf 79' lang='grc' dir='ltr'>καὶ</span> <span class='ocrx_word' id='word_1_219' title='bbox 2517 1500 2644 1553; x_wconf 78' lang='grc' dir='ltr'>οὔτε</span> <span class='ocrx_word' id='word_1_220' title='bbox 2688 1501 2913 1570; x_wconf 90' lang='grc' dir='ltr'>γέγονεν</span> <span class='ocrx_word' id='word_1_221' title='bbox 2960 1499 3268 1570; x_wconf 76' lang='grc' dir='ltr'>ἄνθρωπος,</span> <span class='ocrx_word' id='word_1_222' title='bbox 3299 1500 3425 1554; x_wconf 76' lang='grc' dir='ltr'>οὔτε</span> <span class='ocrx_word' id='word_1_223' title='bbox 3476 1501 3582 1572; x_wconf 81' lang='grc' dir='ltr'>μὴν</span> <span class='ocrx_word' id='word_1_224' title='bbox 3616 1503 3782 1572; x_wconf 80' lang='grc' dir='ltr'>ἐσαρ-</span> 
     </span>
    </p>
   </div>
   <div class='ocr_carea' id='block_1_31' title="bbox 2189 1588 3779 1664">
    <p class='ocr_par' dir='ltr' id='par_1_31' title="bbox 2189 1588 3779 1664">
     <span class='ocr_line' id='line_1_31' title="bbox 2189 1588 3779 1664; baseline 0.002 -23"><span class='ocrx_word' id='word_1_225' title='bbox 2189 1588 2341 1660; x_wconf 83' lang='grc' dir='ltr'><strong>κὼθη</strong></span> <span class='ocrx_word' id='word_1_226' title='bbox 2369 1588 2513 1643; x_wconf 81' lang='grc' dir='ltr'>κατά</span> <span class='ocrx_word' id='word_1_227' title='bbox 2544 1588 2838 1661; x_wconf 78' lang='grc' dir='ltr'><strong>ἀλήθειαν⁸</strong></span> <span class='ocrx_word' id='word_1_228' title='bbox 2876 1588 2992 1642; x_wconf 81' lang='grc' dir='ltr'>ἀλλ’</span> <span class='ocrx_word' id='word_1_229' title='bbox 3029 1590 3085 1641; x_wconf 82' lang='grc' dir='ltr'>ὲν</span> <span class='ocrx_word' id='word_1_230' title='bbox 3132 1589 3351 1661; x_wconf 77' lang='grc' dir='ltr'>δοκήσει</span> <span class='ocrx_word' id='word_1_231' title='bbox 3401 1591 3538 1664; x_wconf 80' lang='grc' dir='ltr'>μόνῃ</span> <span class='ocrx_word' id='word_1_232' title='bbox 3580 1590 3643 1643; x_wconf 85' lang='grc' dir='ltr'><strong>τὸ</strong></span> <span class='ocrx_word' id='word_1_233' title='bbox 3677 1609 3779 1661; x_wconf 89' lang='grc' dir='ltr'>μυ-</span> 
     </span>
    </p>
   </div>
   <div class='ocr_carea' id='block_1_32' title="bbox 504 1663 2088 1756">
    <p class='ocr_par' dir='ltr' id='par_1_32' title="bbox 504 1680 2087 1741">
     <span class='ocr_line' id='line_1_32' title="bbox 504 1680 2087 1741; baseline -0.002 -1"><span class='ocrx_word' id='word_1_234' title='bbox 504 1685 843 1741; x_wconf 86' lang='lat' dir='ltr'><strong>carnatiouis</strong></span> <span class='ocrx_word' id='word_1_235' title='bbox 888 1685 1106 1737; x_wconf 86' lang='lat' dir='ltr'><strong>modus.</strong></span> <span class='ocrx_word' id='word_1_236' title='bbox 1161 1680 1394 1735; x_wconf 89' lang='lat' dir='ltr'><strong>Tollitur</strong></span> <span class='ocrx_word' id='word_1_237' title='bbox 1444 1693 1626 1736; x_wconf 91' lang='lat' dir='ltr'><strong>autem</strong></span> <span class='ocrx_word' id='word_1_238' title='bbox 1672 1684 1893 1736; x_wconf 90' lang='lat' dir='ltr'><strong>omnino</strong></span> <span class='ocrx_word' id='word_1_239' title='bbox 1922 1691 1975 1737; x_wconf 90' lang='lat' dir='ltr'><strong>et</strong></span> <span class='ocrx_word' id='word_1_240' title='bbox 2002 1698 2087 1737; x_wconf 90' lang='lat' dir='ltr'><strong>re-</strong></span> 
     </span>
    </p>
   </div>
   <div class='ocr_carea' id='block_1_33' title="bbox 2190 1663 3782 1756">
    <p class='ocr_par' dir='ltr' id='par_1_33' title="bbox 2203 1663 3782 1756">
     <span class='ocr_line' id='line_1_33' title="bbox 2203 1663 3782 1756; baseline 0.003 -22"><span class='ocrx_word' id='word_1_241' title='bbox 2203 1683 2448 1753; x_wconf 88' lang='grc' dir='ltr'>στήριον,</span> <span class='ocrx_word' id='word_1_242' title='bbox 2487 1683 2582 1735; x_wconf 71' lang='grc' dir='ltr'><strong>καὶ</strong></span> <span class='ocrx_word' id='word_1_243' title='bbox 2612 1685 2672 1735; x_wconf 81' lang='grc' dir='ltr'>ὲν</span> <span class='ocrx_word' id='word_1_244' title='bbox 2710 1682 2887 1753; x_wconf 68' lang='grc' dir='ltr'>ψιλοῖς</span> <span class='ocrx_word' id='word_1_245' title='bbox 2919 1683 3178 1751; x_wconf 79' lang='grc' dir='ltr'>ὀνόμασιν</span> <span class='ocrx_word' id='word_1_246' title='bbox 3214 1684 3242 1735; x_wconf 99' lang='lat'><strong>6</strong></span> <span class='ocrx_word' id='word_1_247' title='bbox 3289 1683 3389 1754; x_wconf 80' lang='grc' dir='ltr'>τῆς</span> <span class='ocrx_word' id='word_1_248' title='bbox 3423 1663 3782 1756; x_wconf 80' lang='grc' dir='ltr'>ἐνανθρωπή-</span> 
     </span>
    </p>
   </div>
   <div class='ocr_carea' id='block_1_34' title="bbox 503 1772 2085 1845">
    <p class='ocr_par' dir='ltr' id='par_1_34' title="bbox 503 1772 2085 1845">
     <span class='ocr_line' id='line_1_34' title="bbox 503 1772 2085 1845; baseline -0.003 -13"><span class='ocrx_word' id='word_1_249' title='bbox 503 1775 859 1832; x_wconf 81' lang='lat' dir='ltr'><strong>surrectionis</strong></span> <span class='ocrx_word' id='word_1_250' title='bbox 889 1789 1034 1845; x_wconf 87' lang='lat' dir='ltr'><strong>spes.</strong></span> <span class='ocrx_word' id='word_1_251' title='bbox 1081 1772 1136 1827; x_wconf 93' lang='lat' dir='ltr'><strong>lu</strong></span> <span class='ocrx_word' id='word_1_252' title='bbox 1183 1773 1335 1844; x_wconf 88' lang='lat' dir='ltr'><strong>cujus</strong></span> <span class='ocrx_word' id='word_1_253' title='bbox 1368 1772 1531 1841; x_wconf 84' lang='lat' dir='ltr'><strong>igitur</strong></span> <span class='ocrx_word' id='word_1_254' title='bbox 1563 1783 1795 1828; x_wconf 89' lang='lat' dir='ltr'><strong>mortem</strong></span> <span class='ocrx_word' id='word_1_255' title='bbox 1826 1775 2085 1843; x_wconf 88' lang='lat' dir='ltr'><strong>baptizati</strong></span> 
     </span>
    </p>
   </div>
   <div class='ocr_carea' id='block_1_35' title="bbox 504 1865 2091 1936">
    <p class='ocr_par' dir='ltr' id='par_1_35' title="bbox 504 1865 2091 1936">
     <span class='ocr_line' id='line_1_35' title="bbox 504 1865 2091 1936; baseline -0.002 -12"><span class='ocrx_word' id='word_1_256' title='bbox 504 1885 690 1924; x_wconf 90' lang='lat' dir='ltr'><strong>sumus</strong></span> <span class='ocrx_word' id='word_1_257' title='bbox 715 1868 765 1900; x_wconf 81' lang='grc'><strong>⁸³</strong></span> <span class='ocrx_word' id='word_1_258' title='bbox 787 1867 813 1920; x_wconf 84' lang='lat'><strong>?</strong></span> <span class='ocrx_word' id='word_1_259' title='bbox 842 1866 945 1922; x_wconf 89' lang='lat' dir='ltr'><strong>Ubi</strong></span> <span class='ocrx_word' id='word_1_260' title='bbox 998 1867 1222 1919; x_wconf 81' lang='lat' dir='ltr'><strong>verbum</strong></span> <span class='ocrx_word' id='word_1_261' title='bbox 1280 1865 1403 1920; x_wconf 89' lang='lat' dir='ltr'><strong>ﬁdei</strong></span> <span class='ocrx_word' id='word_1_262' title='bbox 1425 1903 1441 1930; x_wconf 89' lang='lat'><strong>,</strong></span> <span class='ocrx_word' id='word_1_263' title='bbox 1474 1866 1617 1935; x_wconf 89' lang='lat' dir='ltr'><strong>quod</strong></span> <span class='ocrx_word' id='word_1_264' title='bbox 1663 1866 2029 1936; x_wconf 66' lang='lat' dir='ltr'><strong>praedicamus</strong></span> <span class='ocrx_word' id='word_1_265' title='bbox 2067 1867 2091 1921; x_wconf 89' lang='lat'><strong>?</strong></span> 
     </span>
    </p>
   </div>
   <div class='ocr_carea' id='block_1_36' title="bbox 504 1956 2089 2030">
    <p class='ocr_par' dir='ltr' id='par_1_36' title="bbox 504 1956 2089 2030">
     <span class='ocr_line' id='line_1_36' title="bbox 504 1956 2089 2030; baseline -0.002 -14"><span class='ocrx_word' id='word_1_266' title='bbox 504 1961 751 2016; x_wconf 82' lang='lat' dir='ltr'><strong>Confessi</strong></span> <span class='ocrx_word' id='word_1_267' title='bbox 778 1962 921 2016; x_wconf 90' lang='lat' dir='ltr'><strong>enim</strong></span> <span class='ocrx_word' id='word_1_268' title='bbox 945 1960 1088 2030; x_wconf 88' lang='lat' dir='ltr'><strong>quod</strong></span> <span class='ocrx_word' id='word_1_269' title='bbox 1123 1958 1380 2015; x_wconf 91' lang='lat' dir='ltr'><strong>Dominus</strong></span> <span class='ocrx_word' id='word_1_270' title='bbox 1409 1968 1493 2013; x_wconf 87' lang='lat' dir='ltr'><strong>est</strong></span> <span class='ocrx_word' id='word_1_271' title='bbox 1542 1956 1703 2013; x_wconf 81' lang='lat' dir='ltr'><strong>Jesus</strong></span> <span class='ocrx_word' id='word_1_272' title='bbox 1728 1967 1781 2013; x_wconf 90' lang='lat' dir='ltr'><strong>et</strong></span> <span class='ocrx_word' id='word_1_273' title='bbox 1809 1960 2089 2015; x_wconf 83' lang='lat' dir='ltr'><strong>credentes</strong></span> 
     </span>
    </p>
   </div>
   <div class='ocr_carea' id='block_1_37' title="bbox 504 2052 2084 2124">
    <p class='ocr_par' dir='ltr' id='par_1_37' title="bbox 504 2052 2084 2124">
     <span class='ocr_line' id='line_1_37' title="bbox 504 2052 2084 2124; baseline 0 -18"><span class='ocrx_word' id='word_1_274' title='bbox 504 2055 647 2124; x_wconf 88' lang='lat' dir='ltr'><strong>quod</strong></span> <span class='ocrx_word' id='word_1_275' title='bbox 697 2055 831 2109; x_wconf 86' lang='lat' dir='ltr'><strong>Deus</strong></span> <span class='ocrx_word' id='word_1_276' title='bbox 880 2054 1053 2122; x_wconf 86' lang='lat' dir='ltr'><strong>ipsum</strong></span> <span class='ocrx_word' id='word_1_277' title='bbox 1079 2052 1333 2105; x_wconf 73' lang='lat' dir='ltr'><strong>excitavit</strong></span> <span class='ocrx_word' id='word_1_278' title='bbox 1377 2066 1404 2103; x_wconf 91' lang='lat' dir='ltr'><strong>a</strong></span> <span class='ocrx_word' id='word_1_279' title='bbox 1458 2053 1726 2116; x_wconf 87' lang='lat' dir='ltr'><strong>mortuis,</strong></span> <span class='ocrx_word' id='word_1_280' title='bbox 1783 2052 2084 2106; x_wconf 89' lang='lat' dir='ltr'><strong>salvatnur.</strong></span> 
     </span>
    </p>
   </div>
   <div class='ocr_carea' id='block_1_38' title="bbox 504 2144 2091 2212">
    <p class='ocr_par' dir='ltr' id='par_1_38' title="bbox 504 2144 2091 2212">
     <span class='ocr_line' id='line_1_38' title="bbox 504 2144 2091 2212; baseline -0.001 -14"><span class='ocrx_word' id='word_1_281' title='bbox 504 2144 673 2212; x_wconf 79' lang='lat' dir='ltr'><strong>Igitur</strong></span> <span class='ocrx_word' id='word_1_282' title='bbox 705 2146 754 2198; x_wconf 95' lang='lat' dir='ltr'><strong>iu</strong></span> <span class='ocrx_word' id='word_1_283' title='bbox 792 2161 958 2198; x_wconf 89' lang='lat' dir='ltr'><strong>unum</strong></span> <span class='ocrx_word' id='word_1_284' title='bbox 991 2146 1223 2199; x_wconf 88' lang='lat' dir='ltr'><strong>similem</strong></span> <span class='ocrx_word' id='word_1_285' title='bbox 1261 2144 1435 2207; x_wconf 87' lang='lat' dir='ltr'><strong>nobis,</strong></span> <span class='ocrx_word' id='word_1_286' title='bbox 1469 2155 1523 2198; x_wconf 91' lang='lat' dir='ltr'><strong>et</strong></span> <span class='ocrx_word' id='word_1_287' title='bbox 1550 2160 1887 2199; x_wconf 79' lang='lat' dir='ltr'><strong>communem</strong></span> <span class='ocrx_word' id='word_1_288' title='bbox 1914 2146 2091 2199; x_wconf 89' lang='lat' dir='ltr'><strong>homi-</strong></span> 
     </span>
    </p>
   </div>
   <div class='ocr_carea' id='block_1_39' title="bbox 504 2234 2087 2303">
    <p class='ocr_par' dir='ltr' id='par_1_39' title="bbox 504 2234 2087 2303">
     <span class='ocr_line' id='line_1_39' title="bbox 504 2234 2087 2303; baseline -0.001 -15"><span class='ocrx_word' id='word_1_289' title='bbox 504 2249 629 2288; x_wconf 87' lang='lat' dir='ltr'><strong>nem</strong></span> <span class='ocrx_word' id='word_1_290' title='bbox 680 2236 782 2287; x_wconf 91' lang='lat' dir='ltr'><strong>erit</strong></span> <span class='ocrx_word' id='word_1_291' title='bbox 842 2236 1007 2299; x_wconf 82' lang='lat' dir='ltr'><strong>ﬁdes,</strong></span> <span class='ocrx_word' id='word_1_292' title='bbox 1059 2250 1158 2288; x_wconf 91' lang='lat' dir='ltr'><strong>nec</strong></span> <span class='ocrx_word' id='word_1_293' title='bbox 1209 2234 1320 2303; x_wconf 87' lang='lat' dir='ltr'><strong>jam</strong></span> <span class='ocrx_word' id='word_1_294' title='bbox 1373 2234 1605 2302; x_wconf 87' lang='lat' dir='ltr'><strong>amplius</strong></span> <span class='ocrx_word' id='word_1_295' title='bbox 1646 2234 1911 2298; x_wconf 79' lang='lat' dir='ltr'><strong>Verbum,</strong></span> <span class='ocrx_word' id='word_1_296' title='bbox 1944 2234 2087 2303; x_wconf 88' lang='lat' dir='ltr'><strong>quod</strong></span> 
     </span>
    </p>
   </div>
   <div class='ocr_carea' id='block_1_40' title="bbox 506 2325 2089 2395">
    <p class='ocr_par' dir='ltr' id='par_1_40' title="bbox 506 2325 2089 2395">
     <span class='ocr_line' id='line_1_40' title="bbox 506 2325 2089 2395; baseline 0 -16"><span class='ocrx_word' id='word_1_297' title='bbox 506 2325 558 2379; x_wconf 92' lang='lat' dir='ltr'><strong>in</strong></span> <span class='ocrx_word' id='word_1_298' title='bbox 596 2326 825 2379; x_wconf 85' lang='lat' dir='ltr'><strong>humana</strong></span> <span class='ocrx_word' id='word_1_299' title='bbox 863 2325 1034 2379; x_wconf 81' lang='lat' dir='ltr'><strong>forma</strong></span> <span class='ocrx_word' id='word_1_300' title='bbox 1062 2335 1283 2394; x_wconf 86' lang='lat' dir='ltr'><strong>propter</strong></span> <span class='ocrx_word' id='word_1_301' title='bbox 1316 2341 1415 2381; x_wconf 87' lang='lat' dir='ltr'><strong>nos</strong></span> <span class='ocrx_word' id='word_1_302' title='bbox 1445 2328 1716 2395; x_wconf 80' lang='lat' dir='ltr'><strong>apparuit,</strong></span> <span class='ocrx_word' id='word_1_303' title='bbox 1751 2326 2089 2380; x_wconf 82' lang='lat' dir='ltr'><strong>adoramus?</strong></span> 
     </span>
    </p>
   </div>
   <div class='ocr_carea' id='block_1_41' title="bbox 504 2417 2089 2486">
    <p class='ocr_par' dir='ltr' id='par_1_41' title="bbox 504 2417 2089 2486">
     <span class='ocr_line' id='line_1_41' title="bbox 504 2417 2089 2486; baseline 0.002 -18"><span class='ocrx_word' id='word_1_304' title='bbox 504 2418 584 2469; x_wconf 89' lang='lat' dir='ltr'><strong>Au</strong></span> <span class='ocrx_word' id='word_1_305' title='bbox 620 2432 722 2470; x_wconf 85' lang='lat' dir='ltr'><strong>non</strong></span> <span class='ocrx_word' id='word_1_306' title='bbox 754 2418 958 2486; x_wconf 80' lang='lat' dir='ltr'><strong>accepit</strong></span> <span class='ocrx_word' id='word_1_307' title='bbox 992 2418 1133 2471; x_wconf 87' lang='lat' dir='ltr'><strong>servi</strong></span> <span class='ocrx_word' id='word_1_308' title='bbox 1166 2417 1418 2482; x_wconf 80' lang='lat' dir='ltr'><strong>formam,</strong></span> <span class='ocrx_word' id='word_1_309' title='bbox 1453 2420 1650 2486; x_wconf 74' lang='lat' dir='ltr'><strong>quiest</strong></span> <span class='ocrx_word' id='word_1_310' title='bbox 1684 2420 1820 2473; x_wconf 89' lang='lat' dir='ltr'><strong>liber</strong></span> <span class='ocrx_word' id='word_1_311' title='bbox 1838 2431 1894 2472; x_wconf 86' lang='lat' dir='ltr'><strong>ut</strong></span> <span class='ocrx_word' id='word_1_312' title='bbox 1918 2418 2089 2473; x_wconf 87' lang='lat' dir='ltr'><strong>Deus?</strong></span> 
     </span>
    </p>
   </div>
   <div class='ocr_carea' id='block_1_42' title="bbox 506 2508 2087 2577">
    <p class='ocr_par' dir='ltr' id='par_1_42' title="bbox 506 2508 2087 2577">
     <span class='ocr_line' id='line_1_42' title="bbox 506 2508 2087 2577; baseline 0.001 -17"><span class='ocrx_word' id='word_1_313' title='bbox 506 2523 611 2561; x_wconf 88' lang='lat' dir='ltr'><strong>non</strong></span> <span class='ocrx_word' id='word_1_314' title='bbox 647 2508 947 2561; x_wconf 82' lang='lat' dir='ltr'><strong>humiliavit</strong></span> <span class='ocrx_word' id='word_1_315' title='bbox 989 2509 1222 2577; x_wconf 72' lang='lat' dir='ltr'><strong>seipsutn</strong></span> <span class='ocrx_word' id='word_1_316' title='bbox 1250 2550 1264 2575; x_wconf 85' lang='grc'><strong>,</strong></span> <span class='ocrx_word' id='word_1_317' title='bbox 1299 2508 1387 2576; x_wconf 86' lang='lat' dir='ltr'><strong>qui</strong></span> <span class='ocrx_word' id='word_1_318' title='bbox 1424 2509 1730 2563; x_wconf 83' lang='lat' dir='ltr'><strong>divinitatis</strong></span> <span class='ocrx_word' id='word_1_319' title='bbox 1762 2510 2087 2564; x_wconf 77' lang='lat' dir='ltr'><strong>excellentia</strong></span> 
     </span>
    </p>
   </div>
   <div class='ocr_carea' id='block_1_43' title="bbox 502 2599 2088 2669">
    <p class='ocr_par' dir='ltr' id='par_1_43' title="bbox 502 2599 2088 2669">
     <span class='ocr_line' id='line_1_43' title="bbox 502 2599 2088 2669; baseline 0 -15"><span class='ocrx_word' id='word_1_320' title='bbox 502 2601 825 2668; x_wconf 78' lang='lat' dir='ltr'><strong>conspicuus</strong></span> <span class='ocrx_word' id='word_1_321' title='bbox 872 2599 999 2654; x_wconf 84' lang='lat' dir='ltr'><strong>est?</strong></span> <span class='ocrx_word' id='word_1_322' title='bbox 1048 2601 1138 2669; x_wconf 86' lang='lat' dir='ltr'><strong>qui</strong></span> <span class='ocrx_word' id='word_1_323' title='bbox 1208 2601 1259 2652; x_wconf 93' lang='lat' dir='ltr'><strong>in</strong></span> <span class='ocrx_word' id='word_1_324' title='bbox 1297 2600 1468 2653; x_wconf 82' lang='lat' dir='ltr'><strong>forma</strong></span> <span class='ocrx_word' id='word_1_325' title='bbox 1517 2611 1570 2655; x_wconf 86' lang='lat' dir='ltr'><strong>et</strong></span> <span class='ocrx_word' id='word_1_326' title='bbox 1613 2603 1921 2669; x_wconf 76' lang='lat' dir='ltr'><strong>a2qualitalc</strong></span> <span class='ocrx_word' id='word_1_327' title='bbox 1969 2601 2088 2656; x_wconf 87' lang='lat' dir='ltr'><strong>Pa-</strong></span> 
     </span>
    </p>
   </div>
   <div class='ocr_carea' id='block_1_44' title="bbox 505 2692 2086 2762">
    <p class='ocr_par' dir='ltr' id='par_1_44' title="bbox 505 2692 2086 2762">
     <span class='ocr_line' id='line_1_44' title="bbox 505 2692 2086 2762; baseline 0.001 -17"><span class='ocrx_word' id='word_1_328' title='bbox 505 2694 635 2754; x_wconf 86' lang='lat' dir='ltr'><strong>tris,</strong></span> <span class='ocrx_word' id='word_1_329' title='bbox 691 2708 793 2744; x_wconf 89' lang='lat' dir='ltr'><strong>non</strong></span> <span class='ocrx_word' id='word_1_330' title='bbox 845 2692 1060 2745; x_wconf 85' lang='lat' dir='ltr'><strong>demisit</strong></span> <span class='ocrx_word' id='word_1_331' title='bbox 1097 2708 1153 2747; x_wconf 87' lang='lat' dir='ltr'><strong>se</strong></span> <span class='ocrx_word' id='word_1_332' title='bbox 1205 2695 1257 2746; x_wconf 90' lang='lat' dir='ltr'><strong>iu</strong></span> <span class='ocrx_word' id='word_1_333' title='bbox 1305 2695 1735 2745; x_wconf 82' lang='lat' dir='ltr'><strong>exiuanitionem</strong></span> <span class='ocrx_word' id='word_1_334' title='bbox 1766 2733 1780 2755; x_wconf 91' lang='lat'><strong>,</strong></span> <span class='ocrx_word' id='word_1_335' title='bbox 1831 2695 2086 2762; x_wconf 82' lang='lat' dir='ltr'><strong>quamvis</strong></span> 
     </span>
    </p>
   </div>
   <div class='ocr_carea' id='block_1_45' title="bbox 505 2783 2088 2853">
    <p class='ocr_par' dir='ltr' id='par_1_45' title="bbox 505 2783 2088 2853">
     <span class='ocr_line' id='line_1_45' title="bbox 505 2783 2088 2853; baseline 0.003 -18"><span class='ocrx_word' id='word_1_336' title='bbox 505 2784 792 2837; x_wconf 82' lang='lat' dir='ltr'><strong>distribuat</strong></span> <span class='ocrx_word' id='word_1_337' title='bbox 848 2785 913 2837; x_wconf 89' lang='lat' dir='ltr'><strong>de</strong></span> <span class='ocrx_word' id='word_1_338' title='bbox 966 2799 1061 2837; x_wconf 88' lang='lat' dir='ltr'><strong>sua</strong></span> <span class='ocrx_word' id='word_1_339' title='bbox 1110 2783 1443 2853; x_wconf 85' lang='lat' dir='ltr'><strong>plenitudine</strong></span> <span class='ocrx_word' id='word_1_340' title='bbox 1498 2795 1763 2839; x_wconf 67' lang='lat' dir='ltr'><strong>creaturre</strong></span> <span class='ocrx_word' id='word_1_341' title='bbox 1823 2787 1959 2839; x_wconf 90' lang='lat' dir='ltr'><strong>bona</strong></span> <span class='ocrx_word' id='word_1_342' title='bbox 1989 2786 2088 2839; x_wconf 69' lang='grc' dir='ltr'><strong>⁸δῖ</strong></span> 
     </span>
    </p>
   </div>
   <div class='ocr_carea' id='block_1_46' title="bbox 504 2871 2088 2943">
    <p class='ocr_par' dir='ltr' id='par_1_46' title="bbox 504 2871 2088 2943">
     <span class='ocr_line' id='line_1_46' title="bbox 504 2871 2088 2943; baseline 0.004 -18"><span class='ocrx_word' id='word_1_343' title='bbox 504 2874 687 2943; x_wconf 86' lang='lat' dir='ltr'><strong>Apage</strong></span> <span class='ocrx_word' id='word_1_344' title='bbox 718 2888 745 2924; x_wconf 89' lang='lat' dir='ltr'><strong>a</strong></span> <span class='ocrx_word' id='word_1_345' title='bbox 780 2871 919 2925; x_wconf 89' lang='lat' dir='ltr'><strong>malo</strong></span> <span class='ocrx_word' id='word_1_346' title='bbox 955 2873 1059 2925; x_wconf 84' lang='lat' dir='ltr'><strong>isto</strong></span> <span class='ocrx_word' id='word_1_347' title='bbox 1089 2873 1340 2927; x_wconf 88' lang='lat' dir='ltr'><strong>consilio.</strong></span> <span class='ocrx_word' id='word_1_348' title='bbox 1393 2874 1569 2930; x_wconf 81' lang='lat' dir='ltr'><strong>Aliter</strong></span> <span class='ocrx_word' id='word_1_349' title='bbox 1614 2891 1713 2930; x_wconf 93' lang='lat' dir='ltr'><strong>nos</strong></span> <span class='ocrx_word' id='word_1_350' title='bbox 1752 2876 2088 2933; x_wconf 86' lang='lat' dir='ltr'><strong>edocuerunt</strong></span> 
     </span>
    </p>
   </div>
   <div class='ocr_carea' id='block_1_47' title="bbox 506 2961 2083 3030">
    <p class='ocr_par' dir='ltr' id='par_1_47' title="bbox 506 2961 2083 3030">
     <span class='ocr_line' id='line_1_47' title="bbox 506 2961 2083 3030; baseline 0.005 -16"><span class='ocrx_word' id='word_1_351' title='bbox 506 2963 646 3015; x_wconf 84' lang='lat' dir='ltr'><strong>beati</strong></span> <span class='ocrx_word' id='word_1_352' title='bbox 677 2961 869 3016; x_wconf 83' lang='lat' dir='ltr'><strong>Patres</strong></span> <span class='ocrx_word' id='word_1_353' title='bbox 907 2963 1247 3018; x_wconf 89' lang='lat' dir='ltr'><strong>incarnatum</strong></span> <span class='ocrx_word' id='word_1_354' title='bbox 1273 2978 1399 3020; x_wconf 85' lang='lat' dir='ltr'><strong>esse</strong></span> <span class='ocrx_word' id='word_1_355' title='bbox 1421 3005 1436 3030; x_wconf 88' lang='lat'><strong>,</strong></span> <span class='ocrx_word' id='word_1_356' title='bbox 1473 2974 1527 3019; x_wconf 89' lang='lat' dir='ltr'><strong>et</strong></span> <span class='ocrx_word' id='word_1_357' title='bbox 1562 2966 1835 3020; x_wconf 89' lang='lat' dir='ltr'><strong>hominem</strong></span> <span class='ocrx_word' id='word_1_358' title='bbox 1883 2969 2083 3023; x_wconf 80' lang='lat' dir='ltr'><strong>factum</strong></span> 
     </span>
    </p>
   </div>
   <div class='ocr_carea' id='block_1_48' title="bbox 505 3054 2087 3124">
    <p class='ocr_par' dir='ltr' id='par_1_48' title="bbox 505 3054 2087 3124">
     <span class='ocr_line' id='line_1_48' title="bbox 505 3054 2087 3124; baseline 0.004 -17"><span class='ocrx_word' id='word_1_359' title='bbox 505 3054 799 3109; x_wconf 88' lang='lat' dir='ltr'><strong>secundum</strong></span> <span class='ocrx_word' id='word_1_360' title='bbox 838 3055 1115 3108; x_wconf 85' lang='lat' dir='ltr'><strong>veritatem</strong></span> <span class='ocrx_word' id='word_1_361' title='bbox 1152 3056 1325 3124; x_wconf 92' lang='lat' dir='ltr'><strong>ipsum</strong></span> <span class='ocrx_word' id='word_1_362' title='bbox 1364 3056 1456 3111; x_wconf 87' lang='lat' dir='ltr'><strong>Dei</strong></span> <span class='ocrx_word' id='word_1_363' title='bbox 1487 3056 1668 3112; x_wconf 89' lang='lat' dir='ltr'><strong>Patris</strong></span> <span class='ocrx_word' id='word_1_364' title='bbox 1725 3058 1972 3112; x_wconf 85' lang='lat' dir='ltr'><strong>Verbum</strong></span> <span class='ocrx_word' id='word_1_365' title='bbox 2004 3062 2087 3114; x_wconf 86' lang='lat' dir='ltr'><strong>di-</strong></span> 
     </span>
    </p>
   </div>
   <div class='ocr_carea' id='block_1_49' title="bbox 506 3146 2087 3213">
    <p class='ocr_par' dir='ltr' id='par_1_49' title="bbox 506 3146 2087 3213">
     <span class='ocr_line' id='line_1_49' title="bbox 506 3146 2087 3213; baseline 0.003 -15"><span class='ocrx_word' id='word_1_366' title='bbox 506 3155 726 3207; x_wconf 72' lang='lat' dir='ltr'><strong>Xertltll,</strong></span> <span class='ocrx_word' id='word_1_367' title='bbox 758 3146 960 3213; x_wconf 85' lang='lat' dir='ltr'><strong>absque</strong></span> <span class='ocrx_word' id='word_1_368' title='bbox 988 3146 1341 3199; x_wconf 79' lang='lat' dir='ltr'><strong>conversione</strong></span> <span class='ocrx_word' id='word_1_369' title='bbox 1369 3159 1421 3199; x_wconf 90' lang='lat' dir='ltr'><strong>et</strong></span> <span class='ocrx_word' id='word_1_370' title='bbox 1449 3146 1783 3203; x_wconf 82' lang='lat' dir='ltr'><strong>confusione.</strong></span> <span class='ocrx_word' id='word_1_371' title='bbox 1802 3146 2087 3203; x_wconf 77' lang='lat' dir='ltr'><strong>lneﬁabilis</strong></span> 
     </span>
    </p>
   </div>
   <div class='ocr_carea' id='block_1_50' title="bbox 508 3235 2088 3313">
    <p class='ocr_par' dir='ltr' id='par_1_50' title="bbox 508 3235 2088 3313">
     <span class='ocr_line' id='line_1_50' title="bbox 508 3235 2088 3313; baseline 0.004 -29"><span class='ocrx_word' id='word_1_372' title='bbox 508 3245 686 3286; x_wconf 90' lang='lat' dir='ltr'><strong>autem</strong></span> <span class='ocrx_word' id='word_1_373' title='bbox 742 3235 965 3287; x_wconf 89' lang='lat' dir='ltr'><strong>omnino</strong></span> <span class='ocrx_word' id='word_1_374' title='bbox 1011 3244 1095 3288; x_wconf 87' lang='lat' dir='ltr'><strong>est</strong></span> <span class='ocrx_word' id='word_1_375' title='bbox 1136 3235 1574 3313; x_wconf 18' lang='lat' dir='ltr'><strong>“dispensationis</strong></span> <span class='ocrx_word' id='word_1_376' title='bbox 1628 3241 1838 3291; x_wconf 90' lang='lat' dir='ltr'><strong>modus.</strong></span> <span class='ocrx_word' id='word_1_377' title='bbox 1901 3236 2088 3292; x_wconf 85' lang='lat' dir='ltr'><strong>Testes</strong></span> 
     </span>
    </p>
   </div>
   <div class='ocr_carea' id='block_1_51' title="bbox 508 3326 2084 3396">
    <p class='ocr_par' dir='ltr' id='par_1_51' title="bbox 508 3326 2084 3396">
     <span class='ocr_line' id='line_1_51' title="bbox 508 3326 2084 3396; baseline 0.005 -19"><span class='ocrx_word' id='word_1_378' title='bbox 508 3342 633 3379; x_wconf 85' lang='lat' dir='ltr'><strong>vero</strong></span> <span class='ocrx_word' id='word_1_379' title='bbox 656 3342 862 3388; x_wconf 87' lang='lat' dir='ltr'><strong>eorum,</strong></span> <span class='ocrx_word' id='word_1_380' title='bbox 887 3341 1007 3396; x_wconf 59' lang='lat' dir='ltr'><strong>qua;</strong></span> <span class='ocrx_word' id='word_1_381' title='bbox 1030 3326 1174 3380; x_wconf 88' lang='lat' dir='ltr'><strong>dicta</strong></span> <span class='ocrx_word' id='word_1_382' title='bbox 1199 3337 1345 3391; x_wconf 91' lang='lat' dir='ltr'><strong>sunt,</strong></span> <span class='ocrx_word' id='word_1_383' title='bbox 1368 3341 1649 3383; x_wconf 83' lang='lat' dir='ltr'><strong>sermones</strong></span> <span class='ocrx_word' id='word_1_384' title='bbox 1673 3329 1885 3382; x_wconf 91' lang='lat' dir='ltr'><strong>illorum</strong></span> <span class='ocrx_word' id='word_1_385' title='bbox 1903 3342 2084 3385; x_wconf 88' lang='lat' dir='ltr'><strong>erunt.</strong></span> 
     </span>
    </p>
   </div>
   <div class='ocr_carea' id='block_1_52' title="bbox 750 3587 1840 3661">
    <p class='ocr_par' dir='ltr' id='par_1_52' title="bbox 750 3587 1840 3661">
     <span class='ocr_line' id='line_1_52' title="bbox 750 3587 1840 3661; baseline 0.004 -20"><span class='ocrx_word' id='word_1_386' title='bbox 750 3587 896 3644; x_wconf 81' lang='lat' dir='ltr'><strong>Petri</strong></span> <span class='ocrx_word' id='word_1_387' title='bbox 937 3593 1187 3659; x_wconf 78' lang='lat' dir='ltr'><strong>martyris</strong></span> <span class='ocrx_word' id='word_1_388' title='bbox 1221 3590 1450 3661; x_wconf 81' lang='lat' dir='ltr'><strong>episcopi</strong></span> <span class='ocrx_word' id='word_1_389' title='bbox 1481 3590 1840 3646; x_wconf 65' lang='lat' dir='ltr'><strong>Alexandria.</strong></span> 
     </span>
    </p>
   </div>
   <div class='ocr_carea' id='block_1_53' title="bbox 579 3703 2087 3773">
    <p class='ocr_par' dir='ltr' id='par_1_53' title="bbox 579 3703 2087 3773">
     <span class='ocr_line' id='line_1_53' title="bbox 579 3703 2087 3773; baseline 0.001 -13"><span class='ocrx_word' id='word_1_390' title='bbox 579 3704 729 3760; x_wconf 85' lang='lat' dir='ltr'><strong>Unde</strong></span> <span class='ocrx_word' id='word_1_391' title='bbox 745 3715 798 3757; x_wconf 90' lang='lat' dir='ltr'><strong>et</strong></span> <span class='ocrx_word' id='word_1_392' title='bbox 824 3703 1154 3772; x_wconf 81' lang='lat' dir='ltr'><strong>evangelista</strong></span> <span class='ocrx_word' id='word_1_393' title='bbox 1183 3717 1310 3757; x_wconf 87' lang='lat' dir='ltr'><strong>vere</strong></span> <span class='ocrx_word' id='word_1_394' title='bbox 1331 3704 1603 3773; x_wconf 88' lang='lat' dir='ltr'><strong>loquitur,</strong></span> <span class='ocrx_word' id='word_1_395' title='bbox 1634 3706 1820 3761; x_wconf 86' lang='lat' dir='ltr'><strong>dicens</strong></span> <span class='ocrx_word' id='word_1_396' title='bbox 1852 3722 1867 3761; x_wconf 90' lang='lat'><strong>:</strong></span> <span class='ocrx_word' id='word_1_397' title='bbox 1906 3725 1925 3758; x_wconf 74' lang='grc' dir='ltr'><strong>ι</strong></span> <span class='ocrx_word' id='word_1_398' title='bbox 1954 3705 2087 3761; x_wconf 82' lang='lat' dir='ltr'><strong>Ver-</strong></span> 
     </span>
    </p>
   </div>
   <div class='ocr_carea' id='block_1_54' title="bbox 504 3794 2085 3864">
    <p class='ocr_par' dir='ltr' id='par_1_54' title="bbox 504 3794 2085 3864">
     <span class='ocr_line' id='line_1_54' title="bbox 504 3794 2085 3864; baseline 0.002 -13"><span class='ocrx_word' id='word_1_399' title='bbox 504 3796 631 3851; x_wconf 86' lang='lat' dir='ltr'><strong>bum</strong></span> <span class='ocrx_word' id='word_1_400' title='bbox 660 3812 787 3851; x_wconf 89' lang='lat' dir='ltr'><strong>caro</strong></span> <span class='ocrx_word' id='word_1_401' title='bbox 818 3794 1017 3851; x_wconf 81' lang='lat' dir='ltr'><strong>factum</strong></span> <span class='ocrx_word' id='word_1_402' title='bbox 1042 3806 1143 3861; x_wconf 90' lang='lat' dir='ltr'><strong>est,</strong></span> <span class='ocrx_word' id='word_1_403' title='bbox 1179 3807 1235 3851; x_wconf 88' lang='lat' dir='ltr'><strong>et</strong></span> <span class='ocrx_word' id='word_1_404' title='bbox 1262 3796 1529 3851; x_wconf 87' lang='lat' dir='ltr'><strong>habitavit</strong></span> <span class='ocrx_word' id='word_1_405' title='bbox 1557 3798 1611 3852; x_wconf 92' lang='lat' dir='ltr'><strong>in</strong></span> <span class='ocrx_word' id='word_1_406' title='bbox 1644 3800 1802 3853; x_wconf 89' lang='lat' dir='ltr'><strong>nobis</strong></span> <span class='ocrx_word' id='word_1_407' title='bbox 1837 3815 1852 3864; x_wconf 86' lang='lat'><strong>;</strong></span> <span class='ocrx_word' id='word_1_408' title='bbox 1896 3819 1913 3851; x_wconf 74' lang='grc' dir='ltr'><strong>ι</strong></span> <span class='ocrx_word' id='word_1_409' title='bbox 1956 3811 2085 3854; x_wconf 89' lang='lat' dir='ltr'><strong>tunc</strong></span> 
     </span>
    </p>
   </div>
   <div class='ocr_carea' id='block_1_55' title="bbox 504 3887 2085 3961">
    <p class='ocr_par' dir='ltr' id='par_1_55' title="bbox 504 3887 2085 3961">
     <span class='ocr_line' id='line_1_55' title="bbox 504 3887 2085 3961; baseline 0.003 -20"><span class='ocrx_word' id='word_1_410' title='bbox 504 3888 879 3953; x_wconf 82' lang='lat' dir='ltr'><strong>videlicet,ex</strong></span> <span class='ocrx_word' id='word_1_411' title='bbox 908 3902 1013 3957; x_wconf 89' lang='lat' dir='ltr'><strong>quo</strong></span> <span class='ocrx_word' id='word_1_412' title='bbox 1070 3887 1294 3958; x_wconf 80' lang='lat' dir='ltr'><strong>angelus</strong></span> <span class='ocrx_word' id='word_1_413' title='bbox 1348 3887 1604 3944; x_wconf 89' lang='lat' dir='ltr'><strong>salutavit</strong></span> <span class='ocrx_word' id='word_1_414' title='bbox 1662 3888 1967 3961; x_wconf 78' lang='lat' dir='ltr'><strong>Virginem,</strong></span> <span class='ocrx_word' id='word_1_415' title='bbox 2007 3893 2085 3946; x_wconf 81' lang='lat' dir='ltr'><strong>itt-</strong></span> 
     </span>
    </p>
   </div>
   <div class='ocr_carea' id='block_1_56' title="bbox 505 3978 2081 4052">
    <p class='ocr_par' dir='ltr' id='par_1_56' title="bbox 505 3978 2081 4052">
     <span class='ocr_line' id='line_1_56' title="bbox 505 3978 2081 4052; baseline 0.002 -19"><span class='ocrx_word' id='word_1_416' title='bbox 505 3981 745 4052; x_wconf 87' lang='lat' dir='ltr'><strong>quiens:</strong></span> <span class='ocrx_word' id='word_1_417' title='bbox 785 3998 805 4031; x_wconf 85' lang='grc'><strong>‹</strong></span> <span class='ocrx_word' id='word_1_418' title='bbox 831 3981 964 4045; x_wconf 88' lang='lat' dir='ltr'><strong>Ave,</strong></span> <span class='ocrx_word' id='word_1_419' title='bbox 993 3980 1167 4051; x_wconf 89' lang='lat' dir='ltr'><strong>gratia</strong></span> <span class='ocrx_word' id='word_1_420' title='bbox 1194 3978 1371 4050; x_wconf 89' lang='lat' dir='ltr'><strong>plena,</strong></span> <span class='ocrx_word' id='word_1_421' title='bbox 1410 3981 1669 4036; x_wconf 90' lang='lat' dir='ltr'><strong>Dominus</strong></span> <span class='ocrx_word' id='word_1_422' title='bbox 1724 3992 1900 4037; x_wconf 88' lang='lat' dir='ltr'><strong>tecum</strong></span> <span class='ocrx_word' id='word_1_423' title='bbox 1939 3985 2004 4038; x_wconf 81' lang='grc'><strong>⁸⁸.</strong></span> <span class='ocrx_word' id='word_1_424' title='bbox 2062 4003 2081 4036; x_wconf 76' lang='grc' dir='ltr'><strong>ι</strong></span> 
     </span>
    </p>
   </div>
   <div class='ocr_carea' id='block_1_57' title="bbox 506 4073 2086 4143">
    <p class='ocr_par' dir='ltr' id='par_1_57' title="bbox 506 4073 2086 4143">
     <span class='ocr_line' id='line_1_57' title="bbox 506 4073 2086 4143; baseline 0.003 -16"><span class='ocrx_word' id='word_1_425' title='bbox 506 4075 657 4140; x_wconf 83' lang='lat' dir='ltr'><strong>Quod</strong></span> <span class='ocrx_word' id='word_1_426' title='bbox 699 4073 830 4128; x_wconf 86' lang='lat' dir='ltr'><strong>dicit</strong></span> <span class='ocrx_word' id='word_1_427' title='bbox 857 4073 1075 4128; x_wconf 83' lang='lat' dir='ltr'><strong>Gabriel</strong></span> <span class='ocrx_word' id='word_1_428' title='bbox 1110 4091 1124 4129; x_wconf 90' lang='lat'>:</span> <span class='ocrx_word' id='word_1_429' title='bbox 1164 4090 1185 4125; x_wconf 76' lang='grc' dir='ltr'><strong>ι</strong></span> <span class='ocrx_word' id='word_1_430' title='bbox 1235 4074 1493 4128; x_wconf 88' lang='lat' dir='ltr'><strong>Dominus</strong></span> <span class='ocrx_word' id='word_1_431' title='bbox 1536 4084 1744 4139; x_wconf 92' lang='lat' dir='ltr'><strong>tecum,</strong></span> <span class='ocrx_word' id='word_1_432' title='bbox 1790 4094 1807 4126; x_wconf 73' lang='grc' dir='ltr'><strong>ι</strong></span> <span class='ocrx_word' id='word_1_433' title='bbox 1841 4092 1937 4143; x_wconf 87' lang='lat' dir='ltr'><strong>pro</strong></span> <span class='ocrx_word' id='word_1_434' title='bbox 1986 4077 2086 4132; x_wconf 90' lang='lat' dir='ltr'><strong>hoc</strong></span> 
     </span>
    </p>
   </div>
   <div class='ocr_carea' id='block_1_58' title="bbox 504 4163 2088 4238">
    <p class='ocr_par' dir='ltr' id='par_1_58' title="bbox 504 4163 2088 4238">
     <span class='ocr_line' id='line_1_58' title="bbox 504 4163 2088 4238; baseline 0.003 -21"><span class='ocrx_word' id='word_1_435' title='bbox 504 4174 588 4217; x_wconf 89' lang='lat' dir='ltr'><strong>est</strong></span> <span class='ocrx_word' id='word_1_436' title='bbox 642 4165 880 4233; x_wconf 86' lang='lat' dir='ltr'><strong>dictum,</strong></span> <span class='ocrx_word' id='word_1_437' title='bbox 932 4163 1193 4219; x_wconf 86' lang='lat' dir='ltr'><strong>Dominus</strong></span> <span class='ocrx_word' id='word_1_438' title='bbox 1253 4164 1490 4220; x_wconf 82' lang='lat' dir='ltr'><strong>Verbum</strong></span> <span class='ocrx_word' id='word_1_439' title='bbox 1550 4172 1767 4231; x_wconf 75' lang='lat' dir='ltr'><strong>tecum,</strong></span> <span class='ocrx_word' id='word_1_440' title='bbox 1817 4168 2088 4238; x_wconf 89' lang='lat' dir='ltr'><strong>signiﬁcat</strong></span> 
     </span>
    </p>
   </div>
   <div class='ocr_carea' id='block_1_59' title="bbox 505 4256 2087 4327">
    <p class='ocr_par' dir='ltr' id='par_1_59' title="bbox 505 4256 2087 4327">
     <span class='ocr_line' id='line_1_59' title="bbox 505 4256 2087 4327; baseline 0.004 -18"><span class='ocrx_word' id='word_1_441' title='bbox 505 4256 650 4310; x_wconf 90' lang='lat' dir='ltr'><strong>enim</strong></span> <span class='ocrx_word' id='word_1_442' title='bbox 684 4257 859 4326; x_wconf 90' lang='lat' dir='ltr'><strong>ipsum</strong></span> <span class='ocrx_word' id='word_1_443' title='bbox 907 4256 1051 4327; x_wconf 88' lang='lat' dir='ltr'><strong>gigni</strong></span> <span class='ocrx_word' id='word_1_444' title='bbox 1095 4257 1148 4311; x_wconf 90' lang='lat' dir='ltr'><strong>in</strong></span> <span class='ocrx_word' id='word_1_445' title='bbox 1180 4270 1367 4323; x_wconf 90' lang='lat' dir='ltr'><strong>utero,</strong></span> <span class='ocrx_word' id='word_1_446' title='bbox 1408 4268 1463 4312; x_wconf 90' lang='lat' dir='ltr'><strong>et</strong></span> <span class='ocrx_word' id='word_1_447' title='bbox 1517 4258 1631 4313; x_wconf 85' lang='lat' dir='ltr'><strong>ﬁeri</strong></span> <span class='ocrx_word' id='word_1_448' title='bbox 1675 4275 1916 4325; x_wconf 88' lang='lat' dir='ltr'><strong>carnem,</strong></span> <span class='ocrx_word' id='word_1_449' title='bbox 1950 4262 2087 4315; x_wconf 90' lang='lat' dir='ltr'><strong>sicut</strong></span> 
     </span>
    </p>
   </div>
   <div class='ocr_carea' id='block_1_60' title="bbox 2192 1772 3783 1845">
    <p class='ocr_par' dir='ltr' id='par_1_60' title="bbox 2192 1772 3783 1845">
     <span class='ocr_line' id='line_1_60' title="bbox 2192 1772 3783 1845; baseline 0.003 -21"><span class='ocrx_word' id='word_1_450' title='bbox 2192 1788 2331 1836; x_wconf 90' lang='grc' dir='ltr'>σεως</span> <span class='ocrx_word' id='word_1_451' title='bbox 2378 1772 2702 1842; x_wconf 86' lang='grc' dir='ltr'>εὑρίσκεται</span> <span class='ocrx_word' id='word_1_452' title='bbox 2756 1772 2957 1845; x_wconf 78' lang='grc' dir='ltr'>τρόπος</span> <span class='ocrx_word' id='word_1_453' title='bbox 2981 1782 3042 1825; x_wconf 75' lang='grc'><strong>’³.</strong></span> <span class='ocrx_word' id='word_1_454' title='bbox 3088 1773 3381 1845; x_wconf 82' lang='grc' dir='ltr'>’Λνῄρηται</span> <span class='ocrx_word' id='word_1_455' title='bbox 3426 1774 3485 1828; x_wconf 83' lang='grc' dir='ltr'><strong>δὲ</strong></span> <span class='ocrx_word' id='word_1_456' title='bbox 3527 1776 3608 1836; x_wconf 77' lang='grc' dir='ltr'>εἰς</span> <span class='ocrx_word' id='word_1_457' title='bbox 3636 1776 3783 1828; x_wconf 84' lang='grc' dir='ltr'>ᾶπαν</span> 
     </span>
    </p>
   </div>
   <div class='ocr_carea' id='block_1_61' title="bbox 2190 1861 3782 1935">
    <p class='ocr_par' dir='ltr' id='par_1_61' title="bbox 2190 1861 3782 1935">
     <span class='ocr_line' id='line_1_61' title="bbox 2190 1861 3782 1935; baseline 0.001 -18"><span class='ocrx_word' id='word_1_458' title='bbox 2190 1864 2286 1917; x_wconf 75' lang='grc' dir='ltr'><strong>καὶ</strong></span> <span class='ocrx_word' id='word_1_459' title='bbox 2317 1865 2351 1935; x_wconf 78' lang='grc' dir='ltr'>ἡ</span> <span class='ocrx_word' id='word_1_460' title='bbox 2386 1868 2486 1935; x_wconf 70' lang='grc' dir='ltr'>τῆς</span> <span class='ocrx_word' id='word_1_461' title='bbox 2510 1865 2865 1927; x_wconf 83' lang='grc' dir='ltr'>ἀναστάσεως</span> <span class='ocrx_word' id='word_1_462' title='bbox 2899 1864 3075 1926; x_wconf 77' lang='grc' dir='ltr'>ἐλπίς.</span> <span class='ocrx_word' id='word_1_463' title='bbox 3108 1865 3200 1927; x_wconf 77' lang='lat' dir='ltr'><strong>Et;</strong></span> <span class='ocrx_word' id='word_1_464' title='bbox 3237 1865 3329 1917; x_wconf 75' lang='grc' dir='ltr'>τὸν</span> <span class='ocrx_word' id='word_1_465' title='bbox 3364 1865 3512 1929; x_wconf 89' lang='grc' dir='ltr'>τίνος</span> <span class='ocrx_word' id='word_1_466' title='bbox 3542 1861 3635 1919; x_wconf 79' lang='grc' dir='ltr'><strong>οὖν</strong></span> <span class='ocrx_word' id='word_1_467' title='bbox 3669 1868 3782 1935; x_wconf 72' lang='grc' dir='ltr'>ἄρα</span> 
     </span>
    </p>
   </div>
   <div class='ocr_carea' id='block_1_62' title="bbox 2190 1956 3774 2028">
    <p class='ocr_par' dir='ltr' id='par_1_62' title="bbox 2190 1956 3774 2028">
     <span class='ocr_line' id='line_1_62' title="bbox 2190 1956 3774 2028; baseline 0.002 -20"><span class='ocrx_word' id='word_1_468' title='bbox 2190 1957 2420 2011; x_wconf 86' lang='grc' dir='ltr'>θάνατον</span> <span class='ocrx_word' id='word_1_469' title='bbox 2452 1956 2902 2028; x_wconf 78' lang='grc' dir='ltr'>βεϐαπτίσμεθα;</span> <span class='ocrx_word' id='word_1_470' title='bbox 2938 1956 3047 2009; x_wconf 82' lang='grc' dir='ltr'>Ποῦ</span> <span class='ocrx_word' id='word_1_471' title='bbox 3087 1956 3147 2009; x_wconf 84' lang='grc' dir='ltr'>τὸ</span> <span class='ocrx_word' id='word_1_472' title='bbox 3182 1957 3333 2028; x_wconf 77' lang='grc' dir='ltr'>ῥῆμα</span> <span class='ocrx_word' id='word_1_473' title='bbox 3382 1958 3481 2028; x_wconf 83' lang='grc' dir='ltr'>τῆς</span> <span class='ocrx_word' id='word_1_474' title='bbox 3513 1958 3774 2023; x_wconf 82' lang='grc' dir='ltr'>πίστεως,</span> 
     </span>
    </p>
   </div>
   <div class='ocr_carea' id='block_1_63' title="bbox 2187 2046 3776 2122">
    <p class='ocr_par' dir='ltr' id='par_1_63' title="bbox 2187 2046 3776 2122">
     <span class='ocr_line' id='line_1_63' title="bbox 2187 2046 3776 2122; baseline 0.001 -22"><span class='ocrx_word' id='word_1_475' title='bbox 2187 2047 2218 2100; x_wconf 88' lang='grc' dir='ltr'><strong>ὂ</strong></span> <span class='ocrx_word' id='word_1_476' title='bbox 2262 2049 2654 2119; x_wconf 88' lang='grc' dir='ltr'>κηρύσσομεν;</span> <span class='ocrx_word' id='word_1_477' title='bbox 2720 2046 3186 2118; x_wconf 83' lang='grc' dir='ltr'>Ὀμολογήσαντες</span> <span class='ocrx_word' id='word_1_478' title='bbox 3242 2048 3387 2120; x_wconf 83' lang='grc' dir='ltr'>γὰρ,</span> <span class='ocrx_word' id='word_1_479' title='bbox 3442 2049 3527 2102; x_wconf 85' lang='grc' dir='ltr'><strong>ὅτι</strong></span> <span class='ocrx_word' id='word_1_480' title='bbox 3570 2050 3776 2122; x_wconf 82' lang='grc' dir='ltr'>Κύριος</span> 
     </span>
    </p>
   </div>
   <div class='ocr_carea' id='block_1_64' title="bbox 2202 2139 3786 2212">
    <p class='ocr_par' dir='ltr' id='par_1_64' title="bbox 2202 2139 3786 2212">
     <span class='ocr_line' id='line_1_64' title="bbox 2202 2139 3786 2212; baseline 0 -18"><span class='ocrx_word' id='word_1_481' title='bbox 2202 2141 2433 2210; x_wconf 76' lang='grc' dir='ltr'>Ἰησοῦς,</span> <span class='ocrx_word' id='word_1_482' title='bbox 2471 2142 2567 2194; x_wconf 77' lang='grc' dir='ltr'><strong>καὶ</strong></span> <span class='ocrx_word' id='word_1_483' title='bbox 2616 2140 3013 2203; x_wconf 74' lang='grc' dir='ltr'>πιστεύσαντες</span> <span class='ocrx_word' id='word_1_484' title='bbox 3068 2140 3151 2192; x_wconf 86' lang='grc' dir='ltr'>ὅτι</span> <span class='ocrx_word' id='word_1_485' title='bbox 3191 2139 3322 2203; x_wconf 81' lang='grc' dir='ltr'>Θεὸς</span> <span class='ocrx_word' id='word_1_486' title='bbox 3353 2140 3518 2193; x_wconf 76' lang='grc' dir='ltr'>αὐτὸν</span> <span class='ocrx_word' id='word_1_487' title='bbox 3563 2142 3786 2212; x_wconf 80' lang='grc' dir='ltr'>ἥγειρεν</span> 
     </span>
    </p>
   </div>
   <div class='ocr_carea' id='block_1_65' title="bbox 2188 2226 3783 2304">
    <p class='ocr_par' dir='ltr' id='par_1_65' title="bbox 2188 2226 3783 2304">
     <span class='ocr_line' id='line_1_65' title="bbox 2188 2226 3783 2304; baseline -0.001 -19"><span class='ocrx_word' id='word_1_488' title='bbox 2188 2234 2253 2286; x_wconf 85' lang='grc' dir='ltr'>ὲκ</span> <span class='ocrx_word' id='word_1_489' title='bbox 2299 2233 2548 2303; x_wconf 85' lang='grc' dir='ltr'>νεκρῶν,</span> <span class='ocrx_word' id='word_1_490' title='bbox 2591 2231 2902 2302; x_wconf 80' lang='grc' dir='ltr'>σωζόμεθα.</span> <span class='ocrx_word' id='word_1_491' title='bbox 2946 2227 3075 2304; x_wconf 72' lang='lat' dir='ltr'><strong>&#39;Ap’</strong></span> <span class='ocrx_word' id='word_1_492' title='bbox 3109 2226 3202 2285; x_wconf 87' lang='grc' dir='ltr'>οὖν</span> <span class='ocrx_word' id='word_1_493' title='bbox 3236 2234 3315 2294; x_wconf 86' lang='grc' dir='ltr'><strong>είς</strong></span> <span class='ocrx_word' id='word_1_494' title='bbox 3353 2232 3449 2284; x_wconf 73' lang='grc' dir='ltr'><strong>ἕνα</strong></span> <span class='ocrx_word' id='word_1_495' title='bbox 3482 2231 3575 2284; x_wconf 84' lang='grc' dir='ltr'><strong>τὸν</strong></span> <span class='ocrx_word' id='word_1_496' title='bbox 3604 2243 3629 2269; x_wconf 77' lang='grc' dir='ltr'><strong>ο</strong></span> <span class='ocrx_word' id='word_1_497' title='bbox 3658 2231 3783 2285; x_wconf 82' lang='grc' dir='ltr'>καθ’</span> 
     </span>
    </p>
   </div>
   <div class='ocr_carea' id='block_1_66' title="bbox 2187 2319 3783 2393">
    <p class='ocr_par' dir='ltr' id='par_1_66' title="bbox 2187 2319 3783 2393">
     <span class='ocr_line' id='line_1_66' title="bbox 2187 2319 3783 2393; baseline -0.001 -19"><span class='ocrx_word' id='word_1_498' title='bbox 2187 2322 2358 2391; x_wconf 82' lang='grc' dir='ltr'>ἡμᾶς,</span> <span class='ocrx_word' id='word_1_499' title='bbox 2395 2323 2491 2375; x_wconf 77' lang='grc' dir='ltr'>καὶ</span> <span class='ocrx_word' id='word_1_500' title='bbox 2531 2322 2712 2375; x_wconf 72' lang='grc' dir='ltr'>κοινὸν</span> <span class='ocrx_word' id='word_1_501' title='bbox 2741 2319 3029 2393; x_wconf 84' lang='grc' dir='ltr'>ἄνθρωπον</span> <span class='ocrx_word' id='word_1_502' title='bbox 3061 2322 3094 2392; x_wconf 80' lang='grc' dir='ltr'>ὴ</span> <span class='ocrx_word' id='word_1_503' title='bbox 3129 2320 3335 2384; x_wconf 83' lang='grc' dir='ltr'>πίστις,</span> <span class='ocrx_word' id='word_1_504' title='bbox 3374 2319 3559 2374; x_wconf 80' lang='grc' dir='ltr'>οὐκέτι</span> <span class='ocrx_word' id='word_1_505' title='bbox 3603 2320 3661 2373; x_wconf 78' lang='grc' dir='ltr'>δὲ</span> <span class='ocrx_word' id='word_1_506' title='bbox 3692 2320 3783 2373; x_wconf 84' lang='grc' dir='ltr'><strong>τὸν</strong></span> 
     </span>
    </p>
   </div>
   <div class='ocr_carea' id='block_1_67' title="bbox 2188 2412 3781 2486">
    <p class='ocr_par' dir='ltr' id='par_1_67' title="bbox 2188 2412 3781 2486">
     <span class='ocr_line' id='line_1_67' title="bbox 2188 2412 3781 2486; baseline -0.001 -21"><span class='ocrx_word' id='word_1_507' title='bbox 2188 2415 2246 2466; x_wconf 84' lang='grc' dir='ltr'>ὲν</span> <span class='ocrx_word' id='word_1_508' title='bbox 2278 2414 2599 2486; x_wconf 68' lang='grc' dir='ltr'>ἀνθρωπεία</span> <span class='ocrx_word' id='word_1_509' title='bbox 2634 2418 2817 2486; x_wconf 81' lang='grc' dir='ltr'>μορφῇ</span> <span class='ocrx_word' id='word_1_510' title='bbox 2852 2415 3132 2483; x_wconf 68' lang='grc' dir='ltr'>πεφηνότα</span> <span class='ocrx_word' id='word_1_511' title='bbox 3165 2413 3233 2466; x_wconf 84' lang='grc' dir='ltr'><strong>δι’</strong></span> <span class='ocrx_word' id='word_1_512' title='bbox 3264 2415 3412 2484; x_wconf 78' lang='grc' dir='ltr'>ἡμᾶς</span> <span class='ocrx_word' id='word_1_513' title='bbox 3443 2412 3781 2486; x_wconf 81' lang='grc' dir='ltr'>προσκυνοῦ-</span> 
     </span>
    </p>
   </div>
   <div class='ocr_carea' id='block_1_68' title="bbox 2191 2506 3781 2578">
    <p class='ocr_par' dir='ltr' id='par_1_68' title="bbox 2191 2506 3781 2578">
     <span class='ocr_line' id='line_1_68' title="bbox 2191 2506 3781 2578; baseline -0.001 -19"><span class='ocrx_word' id='word_1_514' title='bbox 2191 2524 2290 2576; x_wconf 87' lang='grc' dir='ltr'><strong>μεν</strong></span> <span class='ocrx_word' id='word_1_515' title='bbox 2319 2508 2493 2575; x_wconf 80' lang='grc' dir='ltr'>Λόγον</span> <span class='ocrx_word' id='word_1_516' title='bbox 2523 2525 2537 2572; x_wconf 90' lang='grc'>;</span> <span class='ocrx_word' id='word_1_517' title='bbox 2571 2508 2685 2560; x_wconf 88' lang='grc' dir='ltr'><strong>Οὺκ</strong></span> <span class='ocrx_word' id='word_1_518' title='bbox 2711 2506 2869 2559; x_wconf 75' lang='grc' dir='ltr'>ἔλαϐε</span> <span class='ocrx_word' id='word_1_519' title='bbox 2894 2507 2993 2577; x_wconf 84' lang='grc' dir='ltr'>τὴν</span> <span class='ocrx_word' id='word_1_520' title='bbox 3012 2507 3105 2559; x_wconf 80' lang='grc' dir='ltr'>τοῦ</span> <span class='ocrx_word' id='word_1_521' title='bbox 3125 2506 3314 2560; x_wconf 82' lang='grc' dir='ltr'>δούλου</span> <span class='ocrx_word' id='word_1_522' title='bbox 3349 2506 3561 2578; x_wconf 76' lang='grc' dir='ltr'>μορφὴν</span> <span class='ocrx_word' id='word_1_523' title='bbox 3584 2508 3612 2559; x_wconf 88' lang='grc' dir='ltr'><strong>ό</strong></span> <span class='ocrx_word' id='word_1_524' title='bbox 3636 2507 3781 2559; x_wconf 80' lang='grc' dir='ltr'>ἐλεύ-</span> 
     </span>
    </p>
   </div>
   <div class='ocr_carea' id='block_1_69' title="bbox 2189 2598 3779 2669">
    <p class='ocr_par' dir='ltr' id='par_1_69' title="bbox 2189 2598 3779 2669">
     <span class='ocr_line' id='line_1_69' title="bbox 2189 2598 3779 2669; baseline 0.001 -20"><span class='ocrx_word' id='word_1_525' title='bbox 2189 2598 2347 2669; x_wconf 88' lang='grc' dir='ltr'>θερος</span> <span class='ocrx_word' id='word_1_526' title='bbox 2378 2599 2454 2660; x_wconf 83' lang='grc' dir='ltr'>ὡς</span> <span class='ocrx_word' id='word_1_527' title='bbox 2480 2598 2613 2661; x_wconf 80' lang='grc' dir='ltr'>Θεός</span> <span class='ocrx_word' id='word_1_528' title='bbox 2642 2606 2697 2663; x_wconf 90' lang='grc'>⁰;</span> <span class='ocrx_word' id='word_1_529' title='bbox 2735 2599 2794 2650; x_wconf 81' lang='grc' dir='ltr'><strong>ού</strong></span> <span class='ocrx_word' id='word_1_530' title='bbox 2830 2599 3232 2651; x_wconf 81' lang='grc' dir='ltr'>τεταπείνωκεν</span> <span class='ocrx_word' id='word_1_531' title='bbox 3272 2599 3464 2652; x_wconf 78' lang='grc' dir='ltr'>ἑαυτὸν</span> <span class='ocrx_word' id='word_1_532' title='bbox 3490 2602 3518 2653; x_wconf 90' lang='grc' dir='ltr'><strong>ὁ</strong></span> <span class='ocrx_word' id='word_1_533' title='bbox 3544 2602 3656 2661; x_wconf 85' lang='grc' dir='ltr'>τοῖς</span> <span class='ocrx_word' id='word_1_534' title='bbox 3682 2599 3779 2667; x_wconf 83' lang='grc' dir='ltr'><strong>τῆς</strong></span> 
     </span>
    </p>
   </div>
   <div class='ocr_carea' id='block_1_70' title="bbox 2187 2686 3780 2762">
    <p class='ocr_par' dir='ltr' id='par_1_70' title="bbox 2187 2686 3780 2762">
     <span class='ocr_line' id='line_1_70' title="bbox 2187 2686 3780 2762; baseline 0.002 -23"><span class='ocrx_word' id='word_1_535' title='bbox 2187 2686 2442 2759; x_wconf 82' lang='grc' dir='ltr'>θεότητος</span> <span class='ocrx_word' id='word_1_536' title='bbox 2482 2688 2740 2759; x_wconf 68' lang='grc' dir='ltr'>ὑψώμασι</span> <span class='ocrx_word' id='word_1_537' title='bbox 2771 2691 3125 2760; x_wconf 79' lang='grc' dir='ltr'>διαπρέπων;</span> <span class='ocrx_word' id='word_1_538' title='bbox 3161 2691 3189 2743; x_wconf 89' lang='lat'><strong>6</strong></span> <span class='ocrx_word' id='word_1_539' title='bbox 3214 2692 3270 2744; x_wconf 81' lang='grc' dir='ltr'>ὲν</span> <span class='ocrx_word' id='word_1_540' title='bbox 3315 2694 3515 2762; x_wconf 71' lang='grc' dir='ltr'>μορφῇ,</span> <span class='ocrx_word' id='word_1_541' title='bbox 3547 2692 3640 2743; x_wconf 75' lang='grc' dir='ltr'><strong>καὶ</strong></span> <span class='ocrx_word' id='word_1_542' title='bbox 3673 2691 3780 2742; x_wconf 79' lang='grc' dir='ltr'>ἰσό-</span> 
     </span>
    </p>
   </div>
   <div class='ocr_carea' id='block_1_71' title="bbox 2186 2780 3775 2853">
    <p class='ocr_par' dir='ltr' id='par_1_71' title="bbox 2186 2780 3775 2853">
     <span class='ocr_line' id='line_1_71' title="bbox 2186 2780 3775 2853; baseline -0.001 -19"><span class='ocrx_word' id='word_1_543' title='bbox 2186 2798 2310 2851; x_wconf 76' lang='grc' dir='ltr'>τητι</span> <span class='ocrx_word' id='word_1_544' title='bbox 2356 2780 2452 2833; x_wconf 84' lang='grc' dir='ltr'>τοῦ</span> <span class='ocrx_word' id='word_1_545' title='bbox 2498 2782 2713 2853; x_wconf 67' lang='grc' dir='ltr'>Πατρός</span> <span class='ocrx_word' id='word_1_546' title='bbox 2747 2783 2809 2834; x_wconf 80' lang='grc' dir='ltr'><strong>οὐ</strong></span> <span class='ocrx_word' id='word_1_547' title='bbox 2864 2782 3106 2851; x_wconf 82' lang='grc' dir='ltr'>καθῆκεν</span> <span class='ocrx_word' id='word_1_548' title='bbox 3153 2781 3344 2833; x_wconf 69' lang='grc' dir='ltr'>ἑαυτὸν</span> <span class='ocrx_word' id='word_1_549' title='bbox 3385 2783 3464 2844; x_wconf 81' lang='grc' dir='ltr'><strong>είς</strong></span> <span class='ocrx_word' id='word_1_550' title='bbox 3525 2783 3775 2844; x_wconf 82' lang='grc' dir='ltr'>κένωσιν,</span> 
     </span>
    </p>
   </div>
   <div class='ocr_carea' id='block_1_72' title="bbox 2187 2872 3779 2945">
    <p class='ocr_par' dir='ltr' id='par_1_72' title="bbox 2187 2872 3779 2945">
     <span class='ocr_line' id='line_1_72' title="bbox 2187 2872 3779 2945; baseline 0.001 -20"><span class='ocrx_word' id='word_1_551' title='bbox 2187 2872 2365 2925; x_wconf 85' lang='grc' dir='ltr'>καίτοι</span> <span class='ocrx_word' id='word_1_552' title='bbox 2402 2872 2674 2942; x_wconf 79' lang='grc' dir='ltr'>διανέμων</span> <span class='ocrx_word' id='word_1_553' title='bbox 2708 2873 2766 2937; x_wconf 76' lang='grc' dir='ltr'><strong>ἐξ</strong></span> <span class='ocrx_word' id='word_1_554' title='bbox 2812 2873 2944 2925; x_wconf 84' lang='grc' dir='ltr'>ἰδίου</span> <span class='ocrx_word' id='word_1_555' title='bbox 2988 2872 3362 2945; x_wconf 82' lang='grc' dir='ltr'>πληρώματος</span> <span class='ocrx_word' id='word_1_556' title='bbox 3405 2876 3471 2944; x_wconf 79' lang='grc' dir='ltr'>τῇ</span> <span class='ocrx_word' id='word_1_557' title='bbox 3510 2872 3779 2927; x_wconf 85' lang='grc' dir='ltr'>κτίσειτὰ</span> 
     </span>
    </p>
   </div>
   <div class='ocr_carea' id='block_1_73' title="bbox 2188 2962 3777 3033">
    <p class='ocr_par' dir='ltr' id='par_1_73' title="bbox 2188 2962 3777 3033">
     <span class='ocr_line' id='line_1_73' title="bbox 2188 2962 3777 3033; baseline 0.001 -19"><span class='ocrx_word' id='word_1_558' title='bbox 2188 2962 2396 3029; x_wconf 84' lang='grc' dir='ltr'>ἁγαοά;</span> <span class='ocrx_word' id='word_1_559' title='bbox 2434 2964 2646 3031; x_wconf 78' lang='grc' dir='ltr'>’Λπαγε</span> <span class='ocrx_word' id='word_1_560' title='bbox 2680 2964 2782 3032; x_wconf 83' lang='grc' dir='ltr'>τῆς</span> <span class='ocrx_word' id='word_1_561' title='bbox 2841 2964 3205 3028; x_wconf 79' lang='grc' dir='ltr'>δυσϐουλίας·</span> <span class='ocrx_word' id='word_1_562' title='bbox 3245 2964 3447 3033; x_wconf 78' lang='grc' dir='ltr'>ἑτέρως</span> <span class='ocrx_word' id='word_1_563' title='bbox 3489 2965 3637 3033; x_wconf 81' lang='grc' dir='ltr'>ἡμᾶς</span> <span class='ocrx_word' id='word_1_564' title='bbox 3678 2982 3777 3032; x_wconf 81' lang='grc' dir='ltr'>με·</span> 
     </span>
    </p>
   </div>
   <div class='ocr_carea' id='block_1_74' title="bbox 2194 3058 3780 3129">
    <p class='ocr_par' dir='ltr' id='par_1_74' title="bbox 2194 3058 3780 3129">
     <span class='ocr_line' id='line_1_74' title="bbox 2194 3058 3780 3129; baseline 0.003 -22"><span class='ocrx_word' id='word_1_565' title='bbox 2194 3059 2694 3125; x_wconf 74' lang='grc' dir='ltr'>μυσταγωγήκασιν</span> <span class='ocrx_word' id='word_1_566' title='bbox 2724 3058 2772 3108; x_wconf 88' lang='grc' dir='ltr'>οἱ</span> <span class='ocrx_word' id='word_1_567' title='bbox 2802 3058 3064 3128; x_wconf 84' lang='grc' dir='ltr'>μακάριοι</span> <span class='ocrx_word' id='word_1_568' title='bbox 3110 3058 3354 3129; x_wconf 88' lang='grc' dir='ltr'>Πατέρες</span> <span class='ocrx_word' id='word_1_569' title='bbox 3378 3072 3390 3085; x_wconf 78' lang='grc'><strong><em>⁸</em></strong></span> <span class='ocrx_word' id='word_1_570' title='bbox 3429 3059 3780 3128; x_wconf 72' lang='grc' dir='ltr'>σαρκωθῆναι</span> 
     </span>
    </p>
   </div>
   <div class='ocr_carea' id='block_1_75' title="bbox 2190 3148 3780 3219">
    <p class='ocr_par' dir='ltr' id='par_1_75' title="bbox 2190 3148 3780 3219">
     <span class='ocr_line' id='line_1_75' title="bbox 2190 3148 3780 3219; baseline 0.003 -19"><span class='ocrx_word' id='word_1_571' title='bbox 2190 3148 2321 3218; x_wconf 74' lang='grc' dir='ltr'>γὰρ.</span> <span class='ocrx_word' id='word_1_572' title='bbox 2359 3149 2450 3200; x_wconf 79' lang='grc' dir='ltr'><strong>καὶ</strong></span> <span class='ocrx_word' id='word_1_573' title='bbox 2480 3149 2900 3218; x_wconf 77' lang='grc' dir='ltr'>ὲνανθρωπῆσαι</span> <span class='ocrx_word' id='word_1_574' title='bbox 2931 3151 3070 3203; x_wconf 79' lang='grc' dir='ltr'><strong>κατά</strong></span> <span class='ocrx_word' id='word_1_575' title='bbox 3098 3150 3357 3219; x_wconf 74' lang='grc' dir='ltr'>ἀλήθειαν</span> <span class='ocrx_word' id='word_1_576' title='bbox 3385 3150 3549 3203; x_wconf 77' lang='grc' dir='ltr'>αὐτὸν</span> <span class='ocrx_word' id='word_1_577' title='bbox 3572 3152 3780 3219; x_wconf 79' lang='grc' dir='ltr'>ἔφασαν</span> 
     </span>
    </p>
   </div>
   <div class='ocr_carea' id='block_1_76' title="bbox 2188 3238 3777 3312">
    <p class='ocr_par' dir='ltr' id='par_1_76' title="bbox 2188 3238 3777 3312">
     <span class='ocr_line' id='line_1_76' title="bbox 2188 3238 3777 3312; baseline 0.003 -22"><span class='ocrx_word' id='word_1_578' title='bbox 2188 3238 2281 3290; x_wconf 78' lang='grc' dir='ltr'><strong>τὸν</strong></span> <span class='ocrx_word' id='word_1_579' title='bbox 2321 3242 2385 3291; x_wconf 80' lang='grc' dir='ltr'>ἐκ</span> <span class='ocrx_word' id='word_1_580' title='bbox 2414 3238 2550 3290; x_wconf 78' lang='grc' dir='ltr'>Θεοῦ</span> <span class='ocrx_word' id='word_1_581' title='bbox 2594 3240 2805 3310; x_wconf 80' lang='grc' dir='ltr'>Πατρὸς</span> <span class='ocrx_word' id='word_1_582' title='bbox 2830 3240 3003 3307; x_wconf 81' lang='grc' dir='ltr'>Λόγον</span> <span class='ocrx_word' id='word_1_583' title='bbox 3047 3241 3359 3311; x_wconf 84' lang='grc' dir='ltr'>ἀτρέπτως,</span> <span class='ocrx_word' id='word_1_584' title='bbox 3407 3241 3503 3294; x_wconf 75' lang='grc' dir='ltr'><strong>καὶ</strong></span> <span class='ocrx_word' id='word_1_585' title='bbox 3535 3243 3777 3312; x_wconf 81' lang='grc' dir='ltr'>ἀσυγχύ-</span> 
     </span>
    </p>
   </div>
   <div class='ocr_carea' id='block_1_77' title="bbox 2188 3331 3780 3405">
    <p class='ocr_par' dir='ltr' id='par_1_77' title="bbox 2188 3331 3780 3405">
     <span class='ocr_line' id='line_1_77' title="bbox 2188 3331 3780 3405; baseline 0.003 -23"><span class='ocrx_word' id='word_1_586' title='bbox 2188 3348 2313 3393; x_wconf 87' lang='grc' dir='ltr'>τως.</span> <span class='ocrx_word' id='word_1_587' title='bbox 2354 3331 2689 3402; x_wconf 76' lang='grc' dir='ltr'>Ἀπόρρητος</span> <span class='ocrx_word' id='word_1_588' title='bbox 2710 3332 2766 3383; x_wconf 82' lang='grc' dir='ltr'><strong>δὲ</strong></span> <span class='ocrx_word' id='word_1_589' title='bbox 2806 3333 3087 3396; x_wconf 80' lang='grc' dir='ltr'>παντελῶς</span> <span class='ocrx_word' id='word_1_590' title='bbox 3124 3333 3225 3401; x_wconf 80' lang='grc' dir='ltr'>τῆς</span> <span class='ocrx_word' id='word_1_591' title='bbox 3253 3334 3570 3405; x_wconf 77' lang='grc' dir='ltr'>οἰκονομίας</span> <span class='ocrx_word' id='word_1_592' title='bbox 3595 3338 3621 3387; x_wconf 88' lang='grc' dir='ltr'><strong>ό</strong></span> <span class='ocrx_word' id='word_1_593' title='bbox 3658 3336 3780 3404; x_wconf 83' lang='grc' dir='ltr'>τρό-</span> 
     </span>
    </p>
   </div>
   <div class='ocr_carea' id='block_1_78' title="bbox 2190 3422 3780 3498">
    <p class='ocr_par' dir='ltr' id='par_1_78' title="bbox 2190 3422 3780 3498">
     <span class='ocr_line' id='line_1_78' title="bbox 2190 3422 3780 3498; baseline 0.005 -25"><span class='ocrx_word' id='word_1_594' title='bbox 2190 3439 2307 3485; x_wconf 82' lang='grc' dir='ltr'>πος.</span> <span class='ocrx_word' id='word_1_595' title='bbox 2340 3422 2643 3494; x_wconf 81' lang='grc' dir='ltr'>Μάρτυρας</span> <span class='ocrx_word' id='word_1_596' title='bbox 2673 3423 2730 3475; x_wconf 81' lang='grc' dir='ltr'><strong>δὲ</strong></span> <span class='ocrx_word' id='word_1_597' title='bbox 2770 3424 2880 3476; x_wconf 86' lang='grc' dir='ltr'><strong>τῶν</strong></span> <span class='ocrx_word' id='word_1_598' title='bbox 2914 3425 3225 3496; x_wconf 72' lang='grc' dir='ltr'>εἰρημένων</span> <span class='ocrx_word' id='word_1_599' title='bbox 3249 3426 3376 3490; x_wconf 80' lang='grc' dir='ltr'>τοὺς</span> <span class='ocrx_word' id='word_1_600' title='bbox 3411 3426 3591 3480; x_wconf 83' lang='grc' dir='ltr'>αὐτῶν</span> <span class='ocrx_word' id='word_1_601' title='bbox 3624 3431 3780 3498; x_wconf 77' lang='grc' dir='ltr'>ποιή-</span> 
     </span>
    </p>
   </div>
   <div class='ocr_carea' id='block_1_79' title="bbox 2191 3511 2605 3580">
    <p class='ocr_par' dir='ltr' id='par_1_79' title="bbox 2191 3511 2605 3580">
     <span class='ocr_line' id='line_1_79' title="bbox 2191 3511 2605 3580; baseline 0.002 -18"><span class='ocrx_word' id='word_1_602' title='bbox 2191 3527 2252 3562; x_wconf 91' lang='grc' dir='ltr'><strong>σο</strong></span> <span class='ocrx_word' id='word_1_603' title='bbox 2258 3528 2355 3580; x_wconf 90' lang='grc' dir='ltr'><strong>μαι</strong></span> <span class='ocrx_word' id='word_1_604' title='bbox 2390 3511 2579 3579; x_wconf 85' lang='grc' dir='ltr'>λόγους</span> <span class='ocrx_word' id='word_1_605' title='bbox 2592 3552 2605 3563; x_wconf 95' lang='grc'>.</span> 
     </span>
    </p>
   </div>
   <div class='ocr_carea' id='block_1_80' title="bbox 2260 3601 3704 3677">
    <p class='ocr_par' dir='ltr' id='par_1_80' title="bbox 2260 3601 3704 3677">
     <span class='ocr_line' id='line_1_80' title="bbox 2260 3601 3704 3677; baseline 0.006 -23"><span class='ocrx_word' id='word_1_606' title='bbox 2260 3601 2485 3670; x_wconf 84' lang='grc' dir='ltr'>Πέτρου</span> <span class='ocrx_word' id='word_1_607' title='bbox 2508 3603 2812 3672; x_wconf 49' lang='grc' dir='ltr'>μάρτυρος</span> <span class='ocrx_word' id='word_1_608' title='bbox 2856 3605 3201 3661; x_wconf 74' lang='grc' dir='ltr'>ἐπισκόπου</span> <span class='ocrx_word' id='word_1_609' title='bbox 3238 3608 3704 3677; x_wconf 70' lang='grc' dir='ltr'>Ἀλεξανδρείας.</span> 
     </span>
    </p>
   </div>
   <div class='ocr_carea' id='block_1_81' title="bbox 2263 3715 3778 3793">
    <p class='ocr_par' dir='ltr' id='par_1_81' title="bbox 2263 3715 3778 3793">
     <span class='ocr_line' id='line_1_81' title="bbox 2263 3715 3778 3793; baseline 0.006 -26"><span class='ocrx_word' id='word_1_610' title='bbox 2263 3715 2425 3768; x_wconf 85' lang='grc' dir='ltr'>Ὅθεν</span> <span class='ocrx_word' id='word_1_611' title='bbox 2450 3718 2544 3769; x_wconf 71' lang='grc' dir='ltr'>καὶ</span> <span class='ocrx_word' id='word_1_612' title='bbox 2570 3717 2596 3769; x_wconf 89' lang='lat'><strong>6</strong></span> <span class='ocrx_word' id='word_1_613' title='bbox 2618 3718 3010 3791; x_wconf 77' lang='grc' dir='ltr'>εὐαγγελιστὴς</span> <span class='ocrx_word' id='word_1_614' title='bbox 3040 3721 3293 3793; x_wconf 81' lang='grc' dir='ltr'>ἀληθεύει</span> <span class='ocrx_word' id='word_1_615' title='bbox 3321 3722 3493 3791; x_wconf 82' lang='grc' dir='ltr'>λέγων</span> <span class='ocrx_word' id='word_1_616' title='bbox 3510 3740 3521 3751; x_wconf 91' lang='grc'><strong>·</strong></span> <span class='ocrx_word' id='word_1_617' title='bbox 3556 3743 3574 3774; x_wconf 73' lang='grc' dir='ltr'><strong>ι</strong></span> <span class='ocrx_word' id='word_1_618' title='bbox 3599 3725 3654 3776; x_wconf 84' lang='grc' dir='ltr'>ὐ</span> <span class='ocrx_word' id='word_1_619' title='bbox 3679 3725 3778 3776; x_wconf 83' lang='grc' dir='ltr'>Λό-</span> 
     </span>
    </p>
   </div>
   <div class='ocr_carea' id='block_1_82' title="bbox 2188 3807 3776 3885">
    <p class='ocr_par' dir='ltr' id='par_1_82' title="bbox 2188 3807 3776 3885">
     <span class='ocr_line' id='line_1_82' title="bbox 2188 3807 3776 3885; baseline 0.007 -28"><span class='ocrx_word' id='word_1_620' title='bbox 2188 3822 2282 3875; x_wconf 88' lang='grc' dir='ltr'><strong>γος</strong></span> <span class='ocrx_word' id='word_1_621' title='bbox 2320 3807 2455 3879; x_wconf 79' lang='grc' dir='ltr'>σὰρξ</span> <span class='ocrx_word' id='word_1_622' title='bbox 2498 3809 2749 3877; x_wconf 76' lang='grc' dir='ltr'>ἐγένετο,</span> <span class='ocrx_word' id='word_1_623' title='bbox 2786 3811 2882 3864; x_wconf 73' lang='grc' dir='ltr'>καὶ</span> <span class='ocrx_word' id='word_1_624' title='bbox 2926 3814 3239 3882; x_wconf 79' lang='grc' dir='ltr'>ἐσκήνωσεν</span> <span class='ocrx_word' id='word_1_625' title='bbox 3278 3816 3336 3867; x_wconf 86' lang='grc' dir='ltr'>ὲν</span> <span class='ocrx_word' id='word_1_626' title='bbox 3380 3817 3548 3885; x_wconf 80' lang='grc' dir='ltr'>ἡμῖν·</span> <span class='ocrx_word' id='word_1_627' title='bbox 3596 3836 3614 3867; x_wconf 70' lang='grc' dir='ltr'><strong>ι</strong></span> <span class='ocrx_word' id='word_1_628' title='bbox 3657 3817 3776 3868; x_wconf 85' lang='grc' dir='ltr'>τότε</span> 
     </span>
    </p>
   </div>
   <div class='ocr_carea' id='block_1_83' title="bbox 2194 3898 3774 3978">
    <p class='ocr_par' dir='ltr' id='par_1_83' title="bbox 2194 3898 3774 3978">
     <span class='ocr_line' id='line_1_83' title="bbox 2194 3898 3774 3978; baseline 0.004 -25"><span class='ocrx_word' id='word_1_629' title='bbox 2194 3899 2461 3968; x_wconf 84' lang='grc' dir='ltr'>δηλονότι,</span> <span class='ocrx_word' id='word_1_630' title='bbox 2489 3902 2583 3971; x_wconf 76' lang='grc' dir='ltr'><strong>ἀφ’</strong></span> <span class='ocrx_word' id='word_1_631' title='bbox 2613 3898 2672 3956; x_wconf 76' lang='grc' dir='ltr'><strong>οὗ</strong></span> <span class='ocrx_word' id='word_1_632' title='bbox 2698 3905 2726 3956; x_wconf 91' lang='lat'><strong>6</strong></span> <span class='ocrx_word' id='word_1_633' title='bbox 2760 3904 2989 3973; x_wconf 83' lang='grc' dir='ltr'>ἄγγελος</span> <span class='ocrx_word' id='word_1_634' title='bbox 3020 3906 3311 3975; x_wconf 63' lang='grc' dir='ltr'><strong>⁴ἤσπεὶσατο</strong></span> <span class='ocrx_word' id='word_1_635' title='bbox 3347 3907 3446 3977; x_wconf 80' lang='grc' dir='ltr'><strong>τὴν</strong></span> <span class='ocrx_word' id='word_1_636' title='bbox 3479 3907 3774 3978; x_wconf 83' lang='grc' dir='ltr'>Παρθένον,</span> 
     </span>
    </p>
   </div>
   <div class='ocr_carea' id='block_1_84' title="bbox 2189 3991 3772 4069">
    <p class='ocr_par' dir='ltr' id='par_1_84' title="bbox 2189 3991 3772 4069">
     <span class='ocr_line' id='line_1_84' title="bbox 2189 3991 3772 4069; baseline 0.005 -26"><span class='ocrx_word' id='word_1_637' title='bbox 2189 3991 2379 4045; x_wconf 79' lang='grc' dir='ltr'>εἰπών·</span> <span class='ocrx_word' id='word_1_638' title='bbox 2401 4010 2419 4044; x_wconf 88' lang='grc'><strong><em>‹</em></strong></span> <span class='ocrx_word' id='word_1_639' title='bbox 2447 3994 2643 4064; x_wconf 83' lang='grc' dir='ltr'>Χαῖρε,</span> <span class='ocrx_word' id='word_1_640' title='bbox 2672 3996 3115 4067; x_wconf 85' lang='grc' dir='ltr'>κεχαριτωμένη,</span> <span class='ocrx_word' id='word_1_641' title='bbox 3166 3999 3193 4051; x_wconf 92' lang='lat'><strong>6</strong></span> <span class='ocrx_word' id='word_1_642' title='bbox 3217 3998 3421 4068; x_wconf 87' lang='grc' dir='ltr'>Κύριος</span> <span class='ocrx_word' id='word_1_643' title='bbox 3449 4000 3586 4069; x_wconf 83' lang='grc' dir='ltr'>μετὰ</span> <span class='ocrx_word' id='word_1_644' title='bbox 3611 4000 3704 4053; x_wconf 79' lang='grc' dir='ltr'>σοῦ</span> <span class='ocrx_word' id='word_1_645' title='bbox 3727 4017 3772 4051; x_wconf 76' lang='grc' dir='ltr'>ο»</span> 
     </span>
    </p>
   </div>
   <div class='ocr_carea' id='block_1_85' title="bbox 2187 4083 3776 4156">
    <p class='ocr_par' dir='ltr' id='par_1_85' title="bbox 2187 4083 3776 4156">
     <span class='ocr_line' id='line_1_85' title="bbox 2187 4083 3776 4156; baseline 0.006 -21"><span class='ocrx_word' id='word_1_646' title='bbox 2187 4083 2249 4135; x_wconf 80' lang='grc' dir='ltr'><strong>τὸ</strong></span> <span class='ocrx_word' id='word_1_647' title='bbox 2276 4083 2403 4153; x_wconf 75' lang='grc' dir='ltr'>γὰρ,</span> <span class='ocrx_word' id='word_1_648' title='bbox 2442 4103 2460 4134; x_wconf 76' lang='grc' dir='ltr'><strong>ι</strong></span> <span class='ocrx_word' id='word_1_649' title='bbox 2506 4083 2711 4156; x_wconf 82' lang='grc' dir='ltr'>Κύριος</span> <span class='ocrx_word' id='word_1_650' title='bbox 2742 4087 2882 4155; x_wconf 83' lang='grc' dir='ltr'><strong>μετά</strong></span> <span class='ocrx_word' id='word_1_651' title='bbox 2912 4086 3030 4152; x_wconf 82' lang='grc' dir='ltr'>σοῦ,</span> <span class='ocrx_word' id='word_1_652' title='bbox 3059 4106 3076 4137; x_wconf 75' lang='grc' dir='ltr'><strong>ι</strong></span> <span class='ocrx_word' id='word_1_653' title='bbox 3107 4088 3204 4141; x_wconf 82' lang='grc' dir='ltr'>νῦν</span> <span class='ocrx_word' id='word_1_654' title='bbox 3241 4088 3391 4143; x_wconf 78' lang='grc' dir='ltr'>ἔστιν</span> <span class='ocrx_word' id='word_1_655' title='bbox 3420 4091 3651 4145; x_wconf 81' lang='grc' dir='ltr'>ἀκοῦσαι</span> <span class='ocrx_word' id='word_1_656' title='bbox 3684 4090 3776 4144; x_wconf 77' lang='grc' dir='ltr'>τοῦ</span> 
     </span>
    </p>
   </div>
   <div class='ocr_carea' id='block_1_86' title="bbox 2188 4175 3777 4255">
    <p class='ocr_par' dir='ltr' id='par_1_86' title="bbox 2188 4175 3777 4255">
     <span class='ocr_line' id='line_1_86' title="bbox 2188 4175 3777 4255; baseline 0.008 -29"><span class='ocrx_word' id='word_1_657' title='bbox 2188 4175 2452 4246; x_wconf 75' lang='grc' dir='ltr'>Γαϐριὴλ,</span> <span class='ocrx_word' id='word_1_658' title='bbox 2484 4176 2605 4229; x_wconf 76' lang='grc' dir='ltr'>ἀντὶ</span> <span class='ocrx_word' id='word_1_659' title='bbox 2632 4177 2750 4242; x_wconf 81' lang='grc' dir='ltr'>τοῦ,</span> <span class='ocrx_word' id='word_1_660' title='bbox 2783 4179 2843 4231; x_wconf 88' lang='lat' dir='ltr'><strong>&#39;O</strong></span> <span class='ocrx_word' id='word_1_661' title='bbox 2865 4179 2994 4243; x_wconf 84' lang='grc' dir='ltr'>Θεὸς</span> <span class='ocrx_word' id='word_1_662' title='bbox 3011 4180 3184 4249; x_wconf 84' lang='grc' dir='ltr'>Λόγος</span> <span class='ocrx_word' id='word_1_663' title='bbox 3211 4182 3349 4252; x_wconf 84' lang='grc' dir='ltr'>μετὰ</span> <span class='ocrx_word' id='word_1_664' title='bbox 3378 4183 3500 4236; x_wconf 81' lang='grc' dir='ltr'>σοῦ’</span> <span class='ocrx_word' id='word_1_665' title='bbox 3523 4185 3777 4255; x_wconf 83' lang='grc' dir='ltr'>σημαίνει</span> 
     </span>
    </p>
   </div>
   <div class='ocr_carea' id='block_1_87' title="bbox 2189 4266 3778 4346">
    <p class='ocr_par' dir='ltr' id='par_1_87' title="bbox 2189 4266 3778 4346">
     <span class='ocr_line' id='line_1_87' title="bbox 2189 4266 3778 4346; baseline 0.008 -29"><span class='ocrx_word' id='word_1_666' title='bbox 2189 4269 2319 4335; x_wconf 79' lang='grc' dir='ltr'><strong>γάρ</strong></span> <span class='ocrx_word' id='word_1_667' title='bbox 2349 4266 2513 4319; x_wconf 83' lang='grc' dir='ltr'>αὑτὸν</span> <span class='ocrx_word' id='word_1_668' title='bbox 2546 4267 2886 4341; x_wconf 81' lang='grc' dir='ltr'>γεννώμενον</span> <span class='ocrx_word' id='word_1_669' title='bbox 2932 4272 2990 4324; x_wconf 84' lang='grc' dir='ltr'>ἐν</span> <span class='ocrx_word' id='word_1_670' title='bbox 3028 4273 3229 4343; x_wconf 81' lang='grc' dir='ltr'>μήτρᾳ,</span> <span class='ocrx_word' id='word_1_671' title='bbox 3275 4274 3372 4328; x_wconf 75' lang='grc' dir='ltr'>καὶ</span> <span class='ocrx_word' id='word_1_672' title='bbox 3418 4274 3596 4346; x_wconf 88' lang='grc' dir='ltr'>σάρκα</span> <span class='ocrx_word' id='word_1_673' title='bbox 3629 4279 3778 4346; x_wconf 89' lang='grc' dir='ltr'>γινό-</span> 
     </span>
    </p>
   </div>
   <div class='ocr_carea' id='block_1_88' title="bbox 506 4344 2088 4437">
    <p class='ocr_par' dir='ltr' id='par_1_88' title="bbox 506 4344 2078 4416">
     <span class='ocr_line' id='line_1_88' title="bbox 506 4344 2078 4416; baseline -0.001 -16"><span class='ocrx_word' id='word_1_674' title='bbox 506 4347 763 4416; x_wconf 86' lang='lat' dir='ltr'><strong>scriptum</strong></span> <span class='ocrx_word' id='word_1_675' title='bbox 800 4353 883 4401; x_wconf 89' lang='lat' dir='ltr'><strong>est</strong></span> <span class='ocrx_word' id='word_1_676' title='bbox 924 4363 937 4397; x_wconf 89' lang='lat'><strong>:</strong></span> <span class='ocrx_word' id='word_1_677' title='bbox 977 4363 997 4396; x_wconf 74' lang='grc' dir='ltr'><strong>ι</strong></span> <span class='ocrx_word' id='word_1_678' title='bbox 1032 4344 1267 4416; x_wconf 90' lang='lat' dir='ltr'><strong>Spiritus</strong></span> <span class='ocrx_word' id='word_1_679' title='bbox 1297 4357 1516 4400; x_wconf 90' lang='lat' dir='ltr'><strong>sanctus</strong></span> <span class='ocrx_word' id='word_1_680' title='bbox 1552 4348 1897 4416; x_wconf 87' lang='lat' dir='ltr'><strong>superveniet</strong></span> <span class='ocrx_word' id='word_1_681' title='bbox 1925 4347 1977 4400; x_wconf 91' lang='lat' dir='ltr'><strong>in</strong></span> <span class='ocrx_word' id='word_1_682' title='bbox 2008 4356 2078 4409; x_wconf 90' lang='lat' dir='ltr'><strong>te,</strong></span> 
     </span>
    </p>
   </div>
   <div class='ocr_carea' id='block_1_89' title="bbox 2190 4344 3779 4437">
    <p class='ocr_par' dir='ltr' id='par_1_89' title="bbox 2191 4360 3779 4437">
     <span class='ocr_line' id='line_1_89' title="bbox 2191 4360 3779 4437; baseline 0.008 -26"><span class='ocrx_word' id='word_1_683' title='bbox 2191 4376 2369 4429; x_wconf 87' lang='grc' dir='ltr'>μενον,</span> <span class='ocrx_word' id='word_1_684' title='bbox 2416 4360 2598 4425; x_wconf 84' lang='grc' dir='ltr'>καθὼς</span> <span class='ocrx_word' id='word_1_685' title='bbox 2642 4361 2991 4431; x_wconf 79' lang='grc' dir='ltr'>γέγραπταιο</span> <span class='ocrx_word' id='word_1_686' title='bbox 3035 4385 3053 4416; x_wconf 88' lang='grc'><strong><em>‹</em></strong></span> <span class='ocrx_word' id='word_1_687' title='bbox 3086 4366 3309 4437; x_wconf 78' lang='grc' dir='ltr'>Πνεῦμα</span> <span class='ocrx_word' id='word_1_688' title='bbox 3357 4368 3514 4436; x_wconf 84' lang='grc' dir='ltr'>ἆγιον</span> <span class='ocrx_word' id='word_1_689' title='bbox 3554 4370 3779 4423; x_wconf 82' lang='grc' dir='ltr'>ἐπελεύ-</span> 
     </span>
    </p>
   </div>
   <div class='ocr_carea' id='block_1_90' title="bbox 505 4437 2085 4507">
    <p class='ocr_par' dir='ltr' id='par_1_90' title="bbox 505 4437 2085 4507">
     <span class='ocr_line' id='line_1_90' title="bbox 505 4437 2085 4507; baseline 0 -16"><span class='ocrx_word' id='word_1_690' title='bbox 505 4447 559 4491; x_wconf 89' lang='lat' dir='ltr'><strong>et</strong></span> <span class='ocrx_word' id='word_1_691' title='bbox 588 4439 756 4492; x_wconf 87' lang='lat' dir='ltr'><strong>virtus</strong></span> <span class='ocrx_word' id='word_1_692' title='bbox 800 4438 1063 4492; x_wconf 87' lang='lat' dir='ltr'><strong>Altissimi</strong></span> <span class='ocrx_word' id='word_1_693' title='bbox 1123 4439 1465 4492; x_wconf 89' lang='lat' dir='ltr'><strong>obumbrabit</strong></span> <span class='ocrx_word' id='word_1_694' title='bbox 1520 4439 1615 4493; x_wconf 90' lang='lat' dir='ltr'><strong>tibi</strong></span> <span class='ocrx_word' id='word_1_695' title='bbox 1647 4455 1662 4493; x_wconf 91' lang='lat'><strong>:</strong></span> <span class='ocrx_word' id='word_1_696' title='bbox 1697 4438 1818 4493; x_wconf 89' lang='lat' dir='ltr'><strong>ideo</strong></span> <span class='ocrx_word' id='word_1_697' title='bbox 1850 4447 1905 4493; x_wconf 87' lang='lat' dir='ltr'><strong>et</strong></span> <span class='ocrx_word' id='word_1_698' title='bbox 1943 4437 2085 4507; x_wconf 91' lang='lat' dir='ltr'><strong>quod</strong></span> 
     </span>
    </p>
   </div>
   <div class='ocr_carea' id='block_1_91' title="bbox 506 4531 1828 4597">
    <p class='ocr_par' dir='ltr' id='par_1_91' title="bbox 506 4531 1828 4597">
     <span class='ocr_line' id='line_1_91' title="bbox 506 4531 1828 4597; baseline -0.003 -11"><span class='ocrx_word' id='word_1_699' title='bbox 506 4545 760 4586; x_wconf 85' lang='lat' dir='ltr'><strong>nascetur</strong></span> <span class='ocrx_word' id='word_1_700' title='bbox 785 4542 1056 4597; x_wconf 86' lang='lat' dir='ltr'><strong>sanctum,</strong></span> <span class='ocrx_word' id='word_1_701' title='bbox 1087 4532 1364 4586; x_wconf 81' lang='lat' dir='ltr'><strong>vocabitur</strong></span> <span class='ocrx_word' id='word_1_702' title='bbox 1396 4532 1567 4587; x_wconf 89' lang='lat' dir='ltr'><strong>Filius</strong></span> <span class='ocrx_word' id='word_1_703' title='bbox 1594 4531 1687 4585; x_wconf 87' lang='lat' dir='ltr'><strong>Dei</strong></span> <span class='ocrx_word' id='word_1_704' title='bbox 1710 4531 1779 4583; x_wconf 64' lang='grc'><strong>⁸⁸.</strong></span> <span class='ocrx_word' id='word_1_705' title='bbox 1810 4551 1828 4582; x_wconf 75' lang='grc' dir='ltr'><strong>ι</strong></span> 
     </span>
    </p>
   </div>
   <div class='ocr_carea' id='block_1_92' title="bbox 832 4648 1755 4719">
    <p class='ocr_par' dir='ltr' id='par_1_92' title="bbox 832 4648 1755 4719">
     <span class='ocr_line' id='line_1_92' title="bbox 832 4648 1755 4719; baseline -0.002 -16"><span class='ocrx_word' id='word_1_706' title='bbox 832 4649 1108 4703; x_wconf 73' lang='lat' dir='ltr'><strong>Athanasii</strong></span> <span class='ocrx_word' id='word_1_707' title='bbox 1145 4649 1371 4719; x_wconf 78' lang='lat' dir='ltr'><strong>episcopi</strong></span> <span class='ocrx_word' id='word_1_708' title='bbox 1396 4648 1755 4703; x_wconf 76' lang='lat' dir='ltr'><strong>Alexandriw.</strong></span> 
     </span>
    </p>
   </div>
   <div class='ocr_carea' id='block_1_93' title="bbox 578 4758 2083 4830">
    <p class='ocr_par' dir='ltr' id='par_1_93' title="bbox 578 4758 2083 4830">
     <span class='ocr_line' id='line_1_93' title="bbox 578 4758 2083 4830; baseline -0.005 -13"><span class='ocrx_word' id='word_1_709' title='bbox 578 4761 729 4817; x_wconf 79' lang='lat' dir='ltr'><strong>Unde</strong></span> <span class='ocrx_word' id='word_1_710' title='bbox 759 4771 959 4816; x_wconf 89' lang='lat' dir='ltr'><strong>etcum</strong></span> <span class='ocrx_word' id='word_1_711' title='bbox 1002 4771 1320 4817; x_wconf 88' lang='lat' dir='ltr'><strong>nasceretur</strong></span> <span class='ocrx_word' id='word_1_712' title='bbox 1344 4776 1473 4815; x_wconf 91' lang='lat' dir='ltr'><strong>caro</strong></span> <span class='ocrx_word' id='word_1_713' title='bbox 1514 4775 1579 4815; x_wconf 78' lang='lat' dir='ltr'><strong>ex</strong></span> <span class='ocrx_word' id='word_1_714' title='bbox 1615 4759 1708 4814; x_wconf 94' lang='lat' dir='ltr'><strong>Dei</strong></span> <span class='ocrx_word' id='word_1_715' title='bbox 1744 4759 1899 4830; x_wconf 79' lang='lat'><strong>163</strong></span> <span class='ocrx_word' id='word_1_716' title='bbox 1931 4758 2083 4828; x_wconf 86' lang='lat' dir='ltr'><strong>geni-</strong></span> 
     </span>
    </p>
   </div>
   <div class='ocr_carea' id='block_1_94' title="bbox 504 4852 2087 4925">
    <p class='ocr_par' dir='ltr' id='par_1_94' title="bbox 504 4852 2087 4925">
     <span class='ocr_line' id='line_1_94' title="bbox 504 4852 2087 4925; baseline -0.001 -16"><span class='ocrx_word' id='word_1_717' title='bbox 504 4858 640 4910; x_wconf 90' lang='lat' dir='ltr'><strong>trice</strong></span> <span class='ocrx_word' id='word_1_718' title='bbox 693 4854 900 4919; x_wconf 81' lang='lat' dir='ltr'><strong>Maria,</strong></span> <span class='ocrx_word' id='word_1_719' title='bbox 954 4856 1067 4925; x_wconf 90' lang='lat' dir='ltr'><strong>ipse</strong></span> <span class='ocrx_word' id='word_1_720' title='bbox 1123 4856 1322 4911; x_wconf 88' lang='lat' dir='ltr'><strong>dicitur</strong></span> <span class='ocrx_word' id='word_1_721' title='bbox 1374 4864 1533 4909; x_wconf 88' lang='lat' dir='ltr'><strong>natus</strong></span> <span class='ocrx_word' id='word_1_722' title='bbox 1587 4868 1742 4917; x_wconf 92' lang='lat' dir='ltr'><strong>esse,</strong></span> <span class='ocrx_word' id='word_1_723' title='bbox 1817 4854 1906 4921; x_wconf 91' lang='lat' dir='ltr'><strong>qui</strong></span> <span class='ocrx_word' id='word_1_724' title='bbox 1966 4852 2087 4907; x_wconf 90' lang='lat' dir='ltr'><strong>aliis</strong></span> 
     </span>
    </p>
   </div>
   <div class='ocr_carea' id='block_1_95' title="bbox 2190 4452 3774 4527">
    <p class='ocr_par' dir='ltr' id='par_1_95' title="bbox 2190 4452 3774 4527">
     <span class='ocr_line' id='line_1_95' title="bbox 2190 4452 3774 4527; baseline 0.007 -24"><span class='ocrx_word' id='word_1_725' title='bbox 2190 4468 2341 4505; x_wconf 86' lang='grc' dir='ltr'>σεται</span> <span class='ocrx_word' id='word_1_726' title='bbox 2371 4452 2464 4504; x_wconf 76' lang='grc' dir='ltr'><strong>ἐπὶ</strong></span> <span class='ocrx_word' id='word_1_727' title='bbox 2504 4452 2585 4520; x_wconf 79' lang='grc' dir='ltr'><strong>σὲ,</strong></span> <span class='ocrx_word' id='word_1_728' title='bbox 2618 4455 2711 4507; x_wconf 77' lang='grc' dir='ltr'><strong>καὶ</strong></span> <span class='ocrx_word' id='word_1_729' title='bbox 2756 4454 2989 4526; x_wconf 87' lang='grc' dir='ltr'>δύναμις</span> <span class='ocrx_word' id='word_1_730' title='bbox 3016 4457 3275 4527; x_wconf 72' lang='grc' dir='ltr'>Ὑψίστου</span> <span class='ocrx_word' id='word_1_731' title='bbox 3315 4458 3627 4514; x_wconf 81' lang='grc' dir='ltr'>ἐπισκιάσει</span> <span class='ocrx_word' id='word_1_732' title='bbox 3659 4478 3774 4513; x_wconf 75' lang='grc' dir='ltr'>σοι’</span> 
     </span>
    </p>
   </div>
   <div class='ocr_carea' id='block_1_96' title="bbox 2185 4542 3769 4621">
    <p class='ocr_par' dir='ltr' id='par_1_96' title="bbox 2185 4542 3769 4621">
     <span class='ocr_line' id='line_1_96' title="bbox 2185 4542 3769 4621; baseline 0.006 -26"><span class='ocrx_word' id='word_1_733' title='bbox 2185 4542 2265 4596; x_wconf 85' lang='grc' dir='ltr'><strong>διὸ</strong></span> <span class='ocrx_word' id='word_1_734' title='bbox 2300 4544 2394 4597; x_wconf 79' lang='grc' dir='ltr'><strong>καὶ</strong></span> <span class='ocrx_word' id='word_1_735' title='bbox 2422 4544 2481 4597; x_wconf 82' lang='grc' dir='ltr'><strong>τὸ</strong></span> <span class='ocrx_word' id='word_1_736' title='bbox 2502 4546 2842 4616; x_wconf 82' lang='grc' dir='ltr'>γεννώμενον</span> <span class='ocrx_word' id='word_1_737' title='bbox 2870 4548 3045 4616; x_wconf 85' lang='grc' dir='ltr'>ἆγιον,</span> <span class='ocrx_word' id='word_1_738' title='bbox 3068 4549 3402 4621; x_wconf 87' lang='grc' dir='ltr'>κληθήσεται</span> <span class='ocrx_word' id='word_1_739' title='bbox 3432 4552 3555 4616; x_wconf 85' lang='grc' dir='ltr'>Υἱὸς</span> <span class='ocrx_word' id='word_1_740' title='bbox 3579 4553 3769 4607; x_wconf 79' lang='grc' dir='ltr'>Θεοῦ.»</span> 
     </span>
    </p>
   </div>
   <div class='ocr_carea' id='block_1_97' title="bbox 2337 4659 3632 4735">
    <p class='ocr_par' dir='ltr' id='par_1_97' title="bbox 2337 4659 3632 4735">
     <span class='ocr_line' id='line_1_97' title="bbox 2337 4659 3632 4735; baseline 0.002 -23"><span class='ocrx_word' id='word_1_741' title='bbox 2337 4659 2690 4713; x_wconf 76' lang='grc' dir='ltr'>Ἀθανασίου</span> <span class='ocrx_word' id='word_1_742' title='bbox 2723 4660 3065 4717; x_wconf 77' lang='grc' dir='ltr'>ἐπισκόπου</span> <span class='ocrx_word' id='word_1_743' title='bbox 3094 4674 3118 4713; x_wconf 80' lang='lat' dir='ltr'><strong>P</strong></span> <span class='ocrx_word' id='word_1_744' title='bbox 3162 4665 3632 4735; x_wconf 75' lang='grc' dir='ltr'>Ἀλεξανδρείας.</span> 
     </span>
    </p>
   </div>
   <div class='ocr_carea' id='block_1_98' title="bbox 2266 4771 3777 4848">
    <p class='ocr_par' dir='ltr' id='par_1_98' title="bbox 2266 4771 3777 4848">
     <span class='ocr_line' id='line_1_98' title="bbox 2266 4771 3777 4848; baseline 0.006 -25"><span class='ocrx_word' id='word_1_745' title='bbox 2266 4771 2431 4823; x_wconf 86' lang='grc' dir='ltr'>’Ὅθεν</span> <span class='ocrx_word' id='word_1_746' title='bbox 2462 4772 2557 4825; x_wconf 77' lang='grc' dir='ltr'><strong>καὶ</strong></span> <span class='ocrx_word' id='word_1_747' title='bbox 2591 4774 2939 4845; x_wconf 80' lang='grc' dir='ltr'>γεννωμένης</span> <span class='ocrx_word' id='word_1_748' title='bbox 2973 4777 3072 4844; x_wconf 77' lang='grc' dir='ltr'>τῆς</span> <span class='ocrx_word' id='word_1_749' title='bbox 3112 4777 3315 4848; x_wconf 82' lang='grc' dir='ltr'>σαρκὸς</span> <span class='ocrx_word' id='word_1_750' title='bbox 3351 4779 3415 4830; x_wconf 80' lang='grc' dir='ltr'>ἐκ</span> <span class='ocrx_word' id='word_1_751' title='bbox 3452 4779 3552 4846; x_wconf 68' lang='grc' dir='ltr'>τῆς</span> <span class='ocrx_word' id='word_1_752' title='bbox 3586 4778 3777 4831; x_wconf 86' lang='grc' dir='ltr'>Θεοτό-</span> 
     </span>
    </p>
   </div>
   <div class='ocr_carea' id='block_1_99' title="bbox 2194 4862 3772 4935">
    <p class='ocr_par' dir='ltr' id='par_1_99' title="bbox 2194 4862 3772 4935">
     <span class='ocr_line' id='line_1_99' title="bbox 2194 4862 3772 4935; baseline 0.003 -21"><span class='ocrx_word' id='word_1_753' title='bbox 2194 4879 2290 4915; x_wconf 84' lang='grc' dir='ltr'><strong>κου</strong></span> <span class='ocrx_word' id='word_1_754' title='bbox 2306 4862 2543 4932; x_wconf 86' lang='grc' dir='ltr'>Μαρίας,</span> <span class='ocrx_word' id='word_1_755' title='bbox 2562 4864 2725 4926; x_wconf 77' lang='grc' dir='ltr'>αὐτὸς</span> <span class='ocrx_word' id='word_1_756' title='bbox 2751 4864 3002 4918; x_wconf 87' lang='grc' dir='ltr'>λέλεκται</span> <span class='ocrx_word' id='word_1_757' title='bbox 3022 4866 3389 4935; x_wconf 81' lang='grc' dir='ltr'>γεγεννῆσθαι</span> <span class='ocrx_word' id='word_1_758' title='bbox 3412 4869 3440 4919; x_wconf 92' lang='grc' dir='ltr'><strong>ὀ</strong></span> <span class='ocrx_word' id='word_1_759' title='bbox 3455 4871 3567 4927; x_wconf 80' lang='grc' dir='ltr'>τοῖς</span> <span class='ocrx_word' id='word_1_760' title='bbox 3595 4867 3772 4930; x_wconf 75' lang='grc' dir='ltr'>ἄλλοις</span> 
     </span>
    </p>
   </div>
   <div class='ocr_carea' id='block_1_100' title="bbox 502 4946 2088 5030">
    <p class='ocr_par' dir='ltr' id='par_1_100' title="bbox 502 4946 2088 5012">
     <span class='ocr_line' id='line_1_100' title="bbox 502 4946 2088 5012; baseline -0.001 -11"><span class='ocrx_word' id='word_1_761' title='bbox 502 4948 842 5002; x_wconf 86' lang='lat' dir='ltr'><strong>nativitatem</strong></span> <span class='ocrx_word' id='word_1_762' title='bbox 877 4958 937 5001; x_wconf 93' lang='lat' dir='ltr'><strong>ut</strong></span> <span class='ocrx_word' id='word_1_763' title='bbox 970 4949 1080 5003; x_wconf 85' lang='lat' dir='ltr'><strong>sint</strong></span> <span class='ocrx_word' id='word_1_764' title='bbox 1109 4948 1358 5012; x_wconf 81' lang='lat' dir='ltr'><strong>exhibet,</strong></span> <span class='ocrx_word' id='word_1_765' title='bbox 1387 4957 1445 5002; x_wconf 90' lang='lat' dir='ltr'><strong>ut</strong></span> <span class='ocrx_word' id='word_1_766' title='bbox 1476 4956 1716 5002; x_wconf 89' lang='lat' dir='ltr'><strong>nostram</strong></span> <span class='ocrx_word' id='word_1_767' title='bbox 1744 4946 1796 5000; x_wconf 92' lang='lat' dir='ltr'><strong>in</strong></span> <span class='ocrx_word' id='word_1_768' title='bbox 1828 4961 1886 5000; x_wconf 81' lang='lat' dir='ltr'><strong>se</strong></span> <span class='ocrx_word' id='word_1_769' title='bbox 1914 4953 2088 4999; x_wconf 85' lang='lat' dir='ltr'><strong>trans-</strong></span> 
     </span>
    </p>
   </div>
   <div class='ocr_carea' id='block_1_101' title="bbox 2190 4946 3773 5030">
    <p class='ocr_par' dir='ltr' id='par_1_101' title="bbox 2190 4952 3773 5030">
     <span class='ocr_line' id='line_1_101' title="bbox 2190 4952 3773 5030; baseline 0.004 -24"><span class='ocrx_word' id='word_1_770' title='bbox 2190 4956 2401 5022; x_wconf 80' lang='grc' dir='ltr'>γένεσιν</span> <span class='ocrx_word' id='word_1_771' title='bbox 2431 4958 2510 5018; x_wconf 86' lang='grc' dir='ltr'>εἰς</span> <span class='ocrx_word' id='word_1_772' title='bbox 2543 4956 2601 5008; x_wconf 73' lang='grc' dir='ltr'>τὸ</span> <span class='ocrx_word' id='word_1_773' title='bbox 2627 4952 2769 5010; x_wconf 82' lang='grc' dir='ltr'>εἷναι</span> <span class='ocrx_word' id='word_1_774' title='bbox 2804 4958 3083 5028; x_wconf 84' lang='grc' dir='ltr'>παρέχων,</span> <span class='ocrx_word' id='word_1_775' title='bbox 3116 4959 3202 5011; x_wconf 82' lang='grc' dir='ltr'><strong>ἶνα</strong></span> <span class='ocrx_word' id='word_1_776' title='bbox 3231 4959 3328 5029; x_wconf 82' lang='grc' dir='ltr'>τὴν</span> <span class='ocrx_word' id='word_1_777' title='bbox 3353 4959 3512 5030; x_wconf 76' lang='grc' dir='ltr'>ἡμῶν</span> <span class='ocrx_word' id='word_1_778' title='bbox 3548 4963 3627 5022; x_wconf 79' lang='grc' dir='ltr'>εἰς</span> <span class='ocrx_word' id='word_1_779' title='bbox 3649 4962 3773 5013; x_wconf 76' lang='grc' dir='ltr'>ἑαυ-</span> 
     </span>
    </p>
   </div>
   <div class='ocr_carea' id='block_1_102' title="bbox 504 5038 1055 5109">
    <p class='ocr_par' dir='ltr' id='par_1_102' title="bbox 504 5038 1055 5109">
     <span class='ocr_line' id='line_1_102' title="bbox 504 5038 1055 5109; baseline 0.005 -19"><span class='ocrx_word' id='word_1_780' title='bbox 504 5038 672 5091; x_wconf 75' lang='lat' dir='ltr'><strong>ferret</strong></span> <span class='ocrx_word' id='word_1_781' title='bbox 693 5038 1055 5109; x_wconf 76' lang='lat' dir='ltr'><strong>nativitatem.</strong></span> 
     </span>
    </p>
   </div>
   <div class='ocr_carea' id='block_1_103' title="bbox 762 5150 1815 5221">
    <p class='ocr_par' dir='ltr' id='par_1_103' title="bbox 762 5150 1815 5221">
     <span class='ocr_line' id='line_1_103' title="bbox 762 5150 1815 5221; baseline 0.001 -17"><span class='ocrx_word' id='word_1_782' title='bbox 762 5150 1017 5221; x_wconf 72' lang='lat' dir='ltr'><strong>Ejusdem</strong></span> <span class='ocrx_word' id='word_1_783' title='bbox 1041 5168 1105 5205; x_wconf 82' lang='lat' dir='ltr'><strong>ea:</strong></span> <span class='ocrx_word' id='word_1_784' title='bbox 1134 5153 1354 5220; x_wconf 71' lang='lat' dir='ltr'><strong>epistola</strong></span> <span class='ocrx_word' id='word_1_785' title='bbox 1393 5154 1462 5205; x_wconf 87' lang='lat' dir='ltr'><strong>ad</strong></span> <span class='ocrx_word' id='word_1_786' title='bbox 1497 5152 1815 5221; x_wconf 81' lang='lat' dir='ltr'><strong>Epictetum.</strong></span> 
     </span>
    </p>
   </div>
   <div class='ocr_carea' id='block_1_104' title="bbox 576 5264 2077 5337">
    <p class='ocr_par' dir='ltr' id='par_1_104' title="bbox 576 5264 2077 5337">
     <span class='ocr_line' id='line_1_104' title="bbox 576 5264 2077 5337; baseline 0.004 -18"><span class='ocrx_word' id='word_1_787' title='bbox 576 5264 862 5331; x_wconf 85' lang='lat' dir='ltr'><strong>Quomodo</strong></span> <span class='ocrx_word' id='word_1_788' title='bbox 890 5275 945 5322; x_wconf 91' lang='lat' dir='ltr'><strong>et</strong></span> <span class='ocrx_word' id='word_1_789' title='bbox 978 5267 1253 5337; x_wconf 84' lang='lat' dir='ltr'><strong>ambigere</strong></span> <span class='ocrx_word' id='word_1_790' title='bbox 1296 5267 1413 5322; x_wconf 89' lang='lat' dir='ltr'><strong>ausi</strong></span> <span class='ocrx_word' id='word_1_791' title='bbox 1451 5279 1575 5322; x_wconf 91' lang='lat' dir='ltr'><strong>sunt</strong></span> <span class='ocrx_word' id='word_1_792' title='bbox 1598 5308 1612 5331; x_wconf 94' lang='lat'><strong>,</strong></span> <span class='ocrx_word' id='word_1_793' title='bbox 1655 5267 1745 5336; x_wconf 91' lang='lat' dir='ltr'><strong>qui</strong></span> <span class='ocrx_word' id='word_1_794' title='bbox 1782 5266 2077 5325; x_wconf 85' lang='lat' dir='ltr'><strong>Christiani</strong></span> 
     </span>
    </p>
   </div>
   <div class='ocr_carea' id='block_1_105' title="bbox 2184 5046 2827 5118">
    <p class='ocr_par' dir='ltr' id='par_1_105' title="bbox 2184 5046 2827 5118">
     <span class='ocr_line' id='line_1_105' title="bbox 2184 5046 2827 5118; baseline 0.006 -21"><span class='ocrx_word' id='word_1_795' title='bbox 2184 5047 2275 5097; x_wconf 89' lang='grc' dir='ltr'><strong>τὸν</strong></span> <span class='ocrx_word' id='word_1_796' title='bbox 2309 5046 2518 5118; x_wconf 79' lang='grc' dir='ltr'>μεταθῇ</span> <span class='ocrx_word' id='word_1_797' title='bbox 2549 5047 2827 5118; x_wconf 85' lang='grc' dir='ltr'>γέννησιν.</span> 
     </span>
    </p>
   </div>
   <div class='ocr_carea' id='block_1_106' title="bbox 2225 5159 3735 5232">
    <p class='ocr_par' dir='ltr' id='par_1_106' title="bbox 2225 5159 3735 5232">
     <span class='ocr_line' id='line_1_106' title="bbox 2225 5159 3735 5232; baseline 0.004 -21"><span class='ocrx_word' id='word_1_798' title='bbox 2225 5159 2334 5212; x_wconf 76' lang='grc' dir='ltr'><strong>Τοῦ</strong></span> <span class='ocrx_word' id='word_1_799' title='bbox 2362 5159 2550 5213; x_wconf 81' lang='grc' dir='ltr'>αὐτοῦ</span> <span class='ocrx_word' id='word_1_800' title='bbox 2575 5161 2644 5214; x_wconf 84' lang='grc' dir='ltr'>ἐκ</span> <span class='ocrx_word' id='word_1_801' title='bbox 2672 5162 2781 5230; x_wconf 83' lang='grc' dir='ltr'>τῆς</span> <span class='ocrx_word' id='word_1_802' title='bbox 2810 5164 2963 5231; x_wconf 77' lang='grc' dir='ltr'>πρὸς</span> <span class='ocrx_word' id='word_1_803' title='bbox 3002 5165 3357 5232; x_wconf 79' lang='grc' dir='ltr'>Ἐπίκτητον</span> <span class='ocrx_word' id='word_1_804' title='bbox 3382 5162 3735 5231; x_wconf 74' lang='grc' dir='ltr'>ἐπιστολῆς.</span> 
     </span>
    </p>
   </div>
   <div class='ocr_carea' id='block_1_107' title="bbox 2251 5271 3776 5350">
    <p class='ocr_par' dir='ltr' id='par_1_107' title="bbox 2251 5271 3776 5350">
     <span class='ocr_line' id='line_1_107' title="bbox 2251 5271 3776 5350; baseline 0.003 -26"><span class='ocrx_word' id='word_1_805' title='bbox 2251 5271 2374 5335; x_wconf 86' lang='grc' dir='ltr'><strong>Πῶς</strong></span> <span class='ocrx_word' id='word_1_806' title='bbox 2418 5272 2476 5326; x_wconf 84' lang='grc' dir='ltr'>δὲ</span> <span class='ocrx_word' id='word_1_807' title='bbox 2510 5276 2602 5326; x_wconf 69' lang='grc' dir='ltr'><strong>κα)⁵</strong></span> <span class='ocrx_word' id='word_1_808' title='bbox 2648 5274 3015 5345; x_wconf 74' lang='grc' dir='ltr'>ἀμφιϐάλλειν</span> <span class='ocrx_word' id='word_1_809' title='bbox 3058 5277 3370 5349; x_wconf 76' lang='grc' dir='ltr'>ἐτόλμησαν</span> <span class='ocrx_word' id='word_1_810' title='bbox 3394 5280 3445 5331; x_wconf 84' lang='grc' dir='ltr'>οἱ</span> <span class='ocrx_word' id='word_1_811' title='bbox 3488 5278 3776 5350; x_wconf 80' lang='grc' dir='ltr'>λεγόμενοι</span> 
     </span>
    </p>
   </div>
   <div class='ocr_carea' id='block_1_108' title="bbox 574 5396 2088 5498">
    <p class='ocr_par' dir='ltr' id='par_1_108' title="bbox 574 5418 2065 5487">
     <span class='ocr_line' id='line_1_108' title="bbox 574 5418 2065 5487; baseline 0.002 -14"><span class='ocrx_word' id='word_1_812' title='bbox 574 5420 618 5451; x_wconf 82' lang='grc'><strong>⁸¹</strong></span> <span class='ocrx_word' id='word_1_813' title='bbox 648 5419 751 5476; x_wconf 88' lang='lat' dir='ltr'><strong>lsa.</strong></span> <span class='ocrx_word' id='word_1_814' title='bbox 778 5435 896 5486; x_wconf 80' lang='lat' dir='ltr'><strong>LIII,</strong></span> <span class='ocrx_word' id='word_1_815' title='bbox 925 5420 1034 5487; x_wconf 74' lang='lat'><strong>19.;</strong></span> <span class='ocrx_word' id='word_1_816' title='bbox 1066 5418 1230 5476; x_wconf 82' lang='lat' dir='ltr'><strong>Marc.</strong></span> <span class='ocrx_word' id='word_1_817' title='bbox 1253 5436 1342 5487; x_wconf 90' lang='lat' dir='ltr'><strong>xv,</strong></span> <span class='ocrx_word' id='word_1_818' title='bbox 1377 5419 1469 5475; x_wconf 73' lang='lat'><strong>28.</strong></span> <span class='ocrx_word' id='word_1_819' title='bbox 1546 5421 1593 5452; x_wconf 82' lang='grc'><strong>⁵³</strong></span> <span class='ocrx_word' id='word_1_820' title='bbox 1630 5420 1784 5475; x_wconf 82' lang='lat' dir='ltr'><strong>Rotn.</strong></span> <span class='ocrx_word' id='word_1_821' title='bbox 1818 5436 1895 5487; x_wconf 78' lang='lat' dir='ltr'><strong>Vl,</strong></span> <span class='ocrx_word' id='word_1_822' title='bbox 1926 5422 1983 5478; x_wconf 75' lang='lat'><strong>5.</strong></span> <span class='ocrx_word' id='word_1_823' title='bbox 2017 5422 2065 5454; x_wconf 73' lang='grc'><strong>⁵⁸</strong></span> 
     </span>
    </p>
   </div>
   <div class='ocr_carea' id='block_1_109' title="bbox 2190 5396 3571 5498">
    <p class='ocr_par' dir='ltr' id='par_1_109' title="bbox 2190 5396 3571 5498">
     <span class='ocr_line' id='line_1_109' title="bbox 2190 5396 3571 5498; baseline 0.007 -20"><span class='ocrx_word' id='word_1_824' title='bbox 2190 5425 2339 5496; x_wconf 92' lang='lat' dir='ltr'><strong>ilipp.</strong></span> <span class='ocrx_word' id='word_1_825' title='bbox 2374 5396 2434 5493; x_wconf 67' lang='lat' dir='ltr'><strong>tt,</strong></span> <span class='ocrx_word' id='word_1_826' title='bbox 2478 5427 2510 5480; x_wconf 88' lang='lat'><strong>6</strong></span> <span class='ocrx_word' id='word_1_827' title='bbox 2537 5443 2689 5498; x_wconf 89' lang='lat' dir='ltr'><strong>seqq.</strong></span> <span class='ocrx_word' id='word_1_828' title='bbox 2766 5429 2814 5462; x_wconf 83' lang='lat'><strong>&quot;</strong></span> <span class='ocrx_word' id='word_1_829' title='bbox 2848 5428 2983 5486; x_wconf 86' lang='lat' dir='ltr'><strong>Luc.</strong></span> <span class='ocrx_word' id='word_1_830' title='bbox 3021 5446 3063 5498; x_wconf 85' lang='grc' dir='ltr'><strong>ι,</strong></span> <span class='ocrx_word' id='word_1_831' title='bbox 3090 5428 3182 5487; x_wconf 74' lang='grc'><strong>28.</strong></span> <span class='ocrx_word' id='word_1_832' title='bbox 3258 5430 3306 5463; x_wconf 78' lang='grc'><strong><em>⁸⁸</em></strong></span> <span class='ocrx_word' id='word_1_833' title='bbox 3335 5431 3466 5487; x_wconf 86' lang='lat' dir='ltr'><strong>ibid.</strong></span> <span class='ocrx_word' id='word_1_834' title='bbox 3498 5431 3571 5488; x_wconf 77' lang='lat'><strong>55</strong></span> 
     </span>
    </p>
   </div>
   <div class='ocr_carea' id='block_1_110' title="bbox 1553 5580 2717 5656">
    <p class='ocr_par' dir='ltr' id='par_1_110' title="bbox 1553 5580 2717 5656">
     <span class='ocr_line' id='line_1_110' title="bbox 1553 5580 2717 5656; baseline 0.008 -23"><span class='ocrx_word' id='word_1_835' title='bbox 1553 5580 1727 5635; x_wconf 67' lang='lat' dir='ltr'><strong>Variae</strong></span> <span class='ocrx_word' id='word_1_836' title='bbox 1754 5580 2010 5638; x_wconf 77' lang='lat' dir='ltr'><strong>lectiones</strong></span> <span class='ocrx_word' id='word_1_837' title='bbox 2036 5598 2100 5637; x_wconf 88' lang='lat' dir='ltr'><strong>ex</strong></span> <span class='ocrx_word' id='word_1_838' title='bbox 2123 5584 2312 5639; x_wconf 87' lang='lat' dir='ltr'><strong>codice</strong></span> <span class='ocrx_word' id='word_1_839' title='bbox 2341 5584 2717 5656; x_wconf 87' lang='lat' dir='ltr'><strong>Segnieriano.</strong></span> 
     </span>
    </p>
   </div>
   <div class='ocr_carea' id='block_1_111' title="bbox 580 5733 1510 5809">
    <p class='ocr_par' dir='ltr' id='par_1_111' title="bbox 580 5733 1510 5809">
     <span class='ocr_line' id='line_1_111' title="bbox 580 5733 1510 5809; baseline 0.001 -21"><span class='ocrx_word' id='word_1_840' title='bbox 580 5746 596 5774; x_wconf 79' lang='grc' dir='ltr'><strong>ι</strong></span> <span class='ocrx_word' id='word_1_841' title='bbox 630 5733 929 5809; x_wconf 65' lang='grc' dir='ltr'>καταλύσῃ.</span> <span class='ocrx_word' id='word_1_842' title='bbox 1004 5734 1242 5804; x_wconf 79' lang='grc' dir='ltr'>ωλόγος.</span> <span class='ocrx_word' id='word_1_843' title='bbox 1319 5742 1345 5771; x_wconf 80' lang='grc'><em>³</em></span> <span class='ocrx_word' id='word_1_844' title='bbox 1382 5734 1510 5789; x_wconf 81' lang='grc' dir='ltr'>τῶν.</span> 
     </span>
    </p>
   </div>
   <div class='ocr_carea' id='block_1_112' title="bbox 1592 5735 2116 5807">
    <p class='ocr_par' dir='ltr' id='par_1_112' title="bbox 1592 5735 2116 5807">
     <span class='ocr_line' id='line_1_112' title="bbox 1592 5735 2116 5807; baseline 0.013 -21"><span class='ocrx_word' id='word_1_845' title='bbox 1592 5740 1616 5769; x_wconf 87' lang='grc' dir='ltr'><strong>ο</strong></span> <span class='ocrx_word' id='word_1_846' title='bbox 1650 5735 1931 5807; x_wconf 72' lang='grc' dir='ltr'>ἐλεύθερος</span> <span class='ocrx_word' id='word_1_847' title='bbox 1964 5739 2116 5803; x_wconf 76' lang='grc' dir='ltr'>θεός.</span> 
     </span>
    </p>
   </div>
   <div class='ocr_carea' id='block_1_113' title="bbox 2197 5742 2711 5812">
    <p class='ocr_par' dir='ltr' id='par_1_113' title="bbox 2197 5742 2711 5812">
     <span class='ocr_line' id='line_1_113' title="bbox 2197 5742 2711 5812; baseline 0.01 -21"><span class='ocrx_word' id='word_1_848' title='bbox 2197 5751 2223 5790; x_wconf 67' lang='grc' dir='ltr'>ιι</span> <span class='ocrx_word' id='word_1_849' title='bbox 2254 5742 2711 5812; x_wconf 80' lang='grc' dir='ltr'>ἀρχιεπισκόπου.</span> 
     </span>
    </p>
   </div>
  </div>
