4104 6336
337 313 444 370 325

940 301 1475 361 APOLOCILTICUS
1512 298 1647 355 PRO
1682 298 1777 352 XII
1817 297 1904 352 CA

2013 296 2187 351 'IBUS
2218 294 2499 353 CONTRA
2535 291 2996 350 OlllENTALES.

3501 296 3606 354 326

334 431 685 506 Χριστιανοὶ,
719 428 766 479 εί
804 426 832 479 ό
858 426 921 477 ὲκ
952 422 1171 494 Μαρίας
1202 418 1482 492 προελθὼν
1524 416 1750 483 Κύριος,
1791 414 1910 477 Υἱὸς

2024 422 2321 477 vocantur,
2383 427 2509 465 num
2570 410 2861 477 Dominus,
2913 409 3258 479 quieMaria
3316 415 3604 481 processit,

338 528 434 597 μὲν
460 526 527 595 τῇ
553 521 731 591 οὐσίᾳ,
761 519 856 571 καὶ
882 521 947 590 τῇ
973 518 1134 587 φύσει
1157 515 1248 569 τοῦ
1272 513 1407 567 Θεοῦ
1433 516 1574 565 ἐστι’
1600 510 1662 562 τὸ
1688 509 1745 561 δὲ
1774 507 1916 561 κατὰ

336 618 537 688 σάρκα,
579 615 643 665 ἐκ
698 611 1016 681 σπέρματός
1062 610 1176 660 ἐστι
1227 605 1410 667 Δαυῒδ,
1449 602 1649 674 cap-40c;
1703 602 1761 655 δὲ
1815 600 1914 670 τῆς

332 712 496 777 ἁγίας
524 705 780 776 Μαρίας;
816 704 969 766 Τίνες
1002 702 1058 755 δὲ
1085 701 1192 771 ἄρα
1223 699 1364 753 οὕτω
1394 695 1656 767 τολμηροὶ
1689 693 1917 764 γεγόνα-

332 816 439 861 σιν,
468 797 607 850 ὥστε
639 797 812 847 εἰπεῖν
841 794 932 846 τὸν
962 792 1198 857 Χριστὸν
1236 790 1329 842 τὸν
1353 788 1518 857 σαρκὶ
1552 786 1795 839 παθόντα
1816 783 1917 838 καὶ

331 887 751 959 ἐσταυρωμένον
786 885 860 955 μὴ
912 880 1052 936 εἶναι
1101 883 1332 951 Κύριον,
1376 879 1470 932 καὶ
1520 876 1780 948 Σωτῆρα,
1818 875 1916 928 καὶ

331 981 484 1045 Θεὸν,
523 980 619 1034 καὶ
646 978 773 1031 Υἱὸν
808 976 903 1029 τοῦ
952 975 1200 1045 Πατρός;
1236 973 1269 1043 ἦ
1306 972 1423 1035 πῶς
1464 970 1785 1043 Χριστιανοὶ
1827 968 1917 1023 θέ-

330 1074 514 1127 λουσιν
554 1068 916 1141 ὀνομάζεσθαι
946 1068 996 1120 οἱ
1034 1066 1285 1133 λέγοντες
1324 1067 1400 1127 εἰς
1424 1063 1709 1131 ἄνθρωπον
1734 1061 1908 1129 ἆγιον,

330 1166 405 1227 ὡς
432 1166 524 1218 ἐπὶ
554 1164 650 1217 ἕνα
682 1161 788 1216 τῶν
824 1159 1115 1230 προφητῶν
1142 1156 1457 1226 ἐληλυθέναι
1478 1155 1569 1207 τὸν
1602 1154 1792 1221 Λόγον,
1818 1151 1915 1205 καὶ

335 1258 408 1327 μὴ
426 1257 586 1309 αὑτὸν
616 1256 903 1325 ἄνθρωπον
932 1251 1240 1320 γεγονέναι,
1266 1249 1499 1301 λαϐόντα
1529 1249 1592 1300 ἐκ
1613 1246 1827 1316 Μαρίας
1849 1244 1913 1297 τὸ

331 1351 514 1418 σῶμα,
529 1348 642 1403 ἁλλ’
661 1348 747 1400 ἒτε
756 1363 847 1417 ρον
864 1343 1002 1398 εἶναι
1016 1344 1108 1396 τὸν
1126 1342 1382 1410 Χριστὸν,
1397 1342 1491 1394 καὶ
1505 1339 1589 1391 ἓτε
1599 1354 1690 1410 ρον
1711 1338 1802 1389 τὸν
1818 1334 1911 1388 τοῦ

329 1443 464 1497 Θεοῦ
478 1442 672 1509 Λόγον,
690 1442 782 1493 τὸν
804 1440 909 1509 πρὸ
921 1437 1161 1509 Μαρίας,
1177 1437 1271 1489 καὶ
1286 1434 1392 1505 πρὸ
1414 1433 1624 1486 αίώνων
1642 1432 1767 1484 Υἱὸν
1785 1431 1915 1484 ὅντα

326 1536 422 1589 τοῦ
439 1534 648 1605 Πατρός
666 1534 734 1604 ;ἢ
756 1532 871 1595 πῶς
885 1527 1360 1601 εἷναιΧριστιανοὶ
1385 1526 1639 1580 δύνανται
1666 1527 1715 1578 οί
1734 1524 1914 1593 λέγον-

326 1642 418 1688 τες
434 1624 592 1678 ἄλλον
608 1619 748 1676 εἶναι
763 1623 854 1675 τὸν
871 1621 1019 1683 Υἱδν,
1034 1620 1131 1673 καὶ
1149 1618 1308 1673 ἄλλον
1329 1617 1419 1670 τὸν
1436 1616 1531 1670 τοῦ
1553 1616 1688 1669 Θεοῦ
1704 1615 1874 1684 Λόγον
1894 1632 1909 1680 ;

399 1716 638 1779 Ταύταις
669 1717 836 1785 ἡμεῖς
860 1716 980 1776 ταῖς
1004 1712 1115 1764 τῶν
1155 1709 1327 1778 ἁγίων
1370 1707 1632 1778 Πατέρων
1667 1706 1912 1776 ἑψόμεθα

2018 503 2191 557 Filius
2235 503 2451 571 quidem
2508 500 2809 556 substantia
2844 510 2899 555 et
2940 510 3131 554 natura
3177 500 3270 555 Dei
3305 501 3406 564 sit,
3462 506 3605 571 quod

2017 610 2143 648 vero
2176 594 2471 648 secundum
2503 607 2745 657 carnem,
2776 607 2841 645 ex
2875 595 3079 647 semine
3110 593 3183 647 sit
3216 592 3408 658 David,
3435 604 3602 646 carne

2017 696 2193 738 autem
2250 694 2453 739 sanctae
2511 684 2757 738 Mariae?
2810 684 2916 750 Qui
2980 692 3158 738 autem
3203 696 3310 738 tam
3376 686 3607 739 audaces

2018 777 2168 831 fuere
2189 818 2204 842 ,
2234 786 2294 830 ut
2322 776 2588 841 dicerent,
2622 776 2933 841 Christum,
2968 777 3060 846 qui
3103 791 3266 831 carne
3306 793 3497 846 passus
3524 788 3605 831 est

2015 878 2069 923 et
2101 869 2398 923 cruciﬁxus
2418 908 2433 932 ,
2464 883 2566 921 non
2612 883 2732 923 esse
2760 869 3043 923 Dominum
3075 881 3128 923 et
3151 867 3485 923 Salvatorem
3509 909 3524 933 ,
3553 881 3607 924 et

2015 959 2182 1013 Deum
2214 970 2266 1014 et
2294 958 2485 1013 Filium
2510 959 2688 1014 Patris
2723 977 2738 1024 ;
2778 961 2858 1014 vel
2887 976 2993 1028 quo
3028 972 3187 1030 pacto
3222 961 3404 1015 volunt
3428 965 3601 1017 nomi-

2016 1051 2133 1104 nari
2182 1051 2507 1118 Christiani,
2550 1053 2639 1120 qui
2689 1053 2874 1106 dicunt
2928 1052 2981 1105 in
3018 1054 3285 1106 hominem
3334 1066 3602 1121 sanctum,

2015 1141 2154 1195 sicut
2193 1142 2246 1194 in
2279 1157 2443 1194 unum
2497 1141 2917 1209 prophetarum,
2974 1143 3187 1195 venisse
3244 1141 3516 1208 Verbum,
3549 1156 3606 1200 et

2016 1248 2119 1287 non
2154 1234 2326 1303 ipsum
2358 1233 2629 1287 hominem
2668 1232 2891 1297 factum,
2920 1250 3041 1287 cum
3074 1236 3301 1304 sumpsit
3334 1250 3398 1288 ex
3429 1236 3599 1292 Maria

2014 1340 2254 1393 corpus:
2285 1324 2378 1378 sed
2436 1324 2598 1377 alium
2648 1341 2769 1378 esse
2819 1323 3134 1390 Christum,
3175 1338 3228 1379 et
3273 1328 3439 1381 alium
3507 1330 3600 1382 Dei

2015 1413 2251 1469 Verbum
2298 1415 2439 1483 quod
2491 1424 2618 1468 ante
2654 1414 2877 1468 Mariam
2946 1426 3151 1470 etaute
3187 1419 3380 1471 saecula
3432 1419 3602 1475 Filius

2013 1517 2131 1562 erat
2164 1506 2338 1559 Patris
2367 1506 2496 1561 ivel
2528 1508 2797 1576 quomodo
2844 1505 3139 1561 Christiani
3176 1523 3295 1563 esse
3349 1522 3600 1578 possunt.

2015 1599 2257 1655 dicentes
2293 1596 2457 1651 alium
2480 1612 2600 1653 esse
2623 1596 2819 1651 Filium
2843 1636 2859 1662 ,
2894 1607 2948 1651 ct
2973 1598 3137 1651 alium
3177 1599 3265 1653 Dei
3318 1599 3602 1657 Verbum?

2087 1689 2197 1744 llas
2230 1705 2330 1744 nos
2361 1700 2674 1744 sanctorum
2701 1688 2924 1744 Patrum
2958 1706 3253 1759 sequemur
3281 1696 3597 1749 sententias.

670 1763 1413 1873 ’τίς-νέτεροδιδαόκαλεί,
1450 1763 1545 1853 καὶ
1600 1763 1910 1872 ὲτερόςρρων

2020 1781 2076 1837 Si
2108 1792 2288 1837 autem
2348 1785 2472 1852 quis
2502 1782 2779 1837 diversum
2820 1783 3013 1848 docet,
3047 1793 3101 1837 et
3125 1784 3400 1837 diversum
3433 1786 3596 1855 sapit,

329 1901 498 1963 ἐστὶν,
538 1899 645 1964 ἔξω
670 1899 770 1969 τῆς
802 1900 886 1960 εἰς
922 1897 1075 1957 εὐθὺ,
1112 1895 1210 1949 καὶ
1245 1892 1530 1964 βασιλικῆς
1554 1891 1780 1961 φέρεται
1805 1890 1915 1961 τρί-

329 1993 446 2047 ϐου.
478 1992 603 2044 Ὅτι
642 1991 699 2044 δὲ
729 1992 825 2043 καὶ
860 1989 920 2043 τὸ
951 1987 1230 2059 σαρκικῶς
1275 1983 1533 2053 λέγεσθαι
1585 1982 1914 2053 γεννηθῆναι

328 2085 587 2156 Χριστὸν,
648 2083 747 2135 οὐκ
777 2080 1047 2151 ἀσύνηθες
1080 2081 1193 2141 τοῖς
1224 2077 1401 2144 ἁγίοις
1458 2073 1759 2144 Πατράσιν,
1797 2072 1915 2125 ἔστι

327 2176 383 2228 δὲ
416 2176 481 2246 δὴ
513 2174 713 2245 μᾶλλον
757 2173 853 2225 καὶ
902 2174 1112 2242 ἑτέροις
1168 2166 1424 2238 ἐντριϐὴς
1471 2167 1503 2234 ὴ
1542 2164 1707 2230 λέξις,
1759 2164 1913 2218 οὐδὲν

327 2260 490 2337 ἦττον
520 2267 651 2335 ἡμῖν
694 2262 894 2333 ἀληθὲς
937 2262 1186 2333 ὑπάρχον
1230 2255 1520 2312 ἀποφαίνει
1552 2254 1612 2307 τὸ
1648 2256 1910 2308 ὑποτετα-

327 2358 526 2428 γμένον
560 2354 723 2425 ῥητόν
743 2371 756 2385 ο
790 2354 903 2424 ἔχει
924 2353 982 2406 δὲ
1008 2353 1203 2415 οὕτως’

587 2467 966 2535 Ἀμφιλοχίου
1003 2465 1347 2519 ἐπισκόπου
1384 2463 1656 2517 Ἰκονίου.

397 2556 459 2608 Εἰ
494 2555 570 2625 μὴ
601 2557 711 2625 γὰρ
748 2556 957 2616 ἐκεῖνος
989 2553 1253 2624 ἐγεννήθη
1286 2552 1587 2621 σαρκικῶς,
1614 2550 1715 2603 οὑκ
1746 2548 1812 2601 ἂν
1844 2548 1910 2601 σὺ

326 2648 621 2719 ἐγεννήθης
650 2647 1040 2717 πνευματικῶς
1064 2663 1077 2677 ο
1108 2647 1157 2698 εἰ
1188 2646 1264 2715 μὴ
1292 2647 1499 2706 ἐκεῖνος
1527 2644 1784 2715 ἠνέσχετο
1811 2640 1913 2708 τῆς

325 2740 421 2792 τοῦ
444 2739 635 2792 δούλου
679 2739 917 2810 μορφῆς,
957 2740 1058 2791 οὐκ
1088 2738 1154 2791 ἂν
1186 2739 1250 2789 σὺ
1279 2736 1377 2806 τὴν
1408 2734 1567 2798 δόξαν
1596 2733 1694 2802 τῆς
1730 2729 1907 2783 υίοθε-

330 2833 451 2894 σίας
478 2832 797 2901 ἐκέρδανας.
850 2830 1015 2901 Δηλοῖ
1052 2829 1110 2883 δὲ
1158 2827 1439 2882 κάνταῦθα
1476 2820 1559 2890 τὸ,
1604 2821 1907 2893 σαρκικῶς,

327 2924 409 2987 τὸ,
440 2924 581 2977 κατὰ
632 2926 845 2995 σάρκα·
893 2922 1148 2977 καθάπεο
1195 2921 1389 2974 ἀμέλει
1450 2919 1514 2971 τὸ
1577 2914 1794 2977 θεῖκῶς,
1824 2913 1909 2979 τὸ,

332 3014 474 3068 κατὰ
495 3015 752 3084 θεότητα,

760 3127 1349 3183 ΑΝΑΘΕΜΑΤΙΣΜΟΣ
1386 3126 1434 3177 Γ
1445 3167 1458 3179 .

399 3245 467 3299 Et
499 3265 581 3312 τις
612 3247 705 3300 ἐπὶ
733 3245 829 3298 τοῦ
871 3245 991 3308 ἐνὸς
1030 3241 1268 3314 Χριστοῦ
1309 3241 1510 3311 διαιρεῖ
1547 3238 1645 3301 τὰς
1670 3237 1910 3290 ὑποστά-

331 3352 443 3400 σεις
471 3337 607 3406 μετὰ
665 3336 764 3407 τὴν
793 3335 1007 3398 ἕνωσιν,
1067 3333 1206 3402 μόνῃ
1242 3330 1529 3383 συνάπτων
1580 3327 1750 3391 αὑτὰς
1787 3344 1911 3380 συν-

326 3430 493 3499 αφείᾳ
519 3433 584 3500 τῇ
621 3431 760 3482 κατὰ
792 3426 890 3496 τὴν
916 3425 1072 3490 ἁξίαν
1101 3463 1116 3487 ,
1148 3423 1316 3492 ἤγουν
1349 3421 1656 3483 αύθεντίαν,
1686 3420 1720 3490 ἢ
1754 3418 1914 3472 δυνα-

330 3521 513 3575 στείαν
537 3562 551 3585 ,
590 3520 683 3573 καὶ
716 3518 838 3588 οὐχὶ
868 3517 934 3587 δὴ
984 3513 1187 3586 μᾶλλον
1219 3512 1421 3582 συνόδῳ
1451 3514 1516 3564 τῆ
1557 3510 1677 3564 καθ’
1718 3510 1909 3562 ἕνωσιν

331 3612 567 3681 φυσικήν
589 3628 603 3641 ο
630 3609 881 3680 ἀνάθεμα
910 3606 1069 3661 ἔστω.

643 3721 1027 3789 Ἀντίῤῥησις
1051 3715 1170 3770 τῶν
1202 3713 1612 3770 Ἁνατολικῶν.

402 3815 572 3870 Πάλιν
604 3813 767 3866 αὑτὸν
788 3811 895 3865 τῶν
927 3809 1092 3863 αὑτοῦ
1125 3808 1513 3878 ὑπομνήσομεν
1536 3817 1563 3855 ιι
1590 3805 1785 3873 λόγων,
1810 3806 1914 3859 δει-

332 3909 552 3969 κνύντες
577 3905 742 3958 αὑτὸν
779 3903 872 3957 δύο
901 3902 1229 3963 ὑποστάσεις
1256 3900 1503 3967 λέγοντα,
1539 3899 1596 3950 ἐν
1633 3891 1715 3959 οἷς
1747 3913 1911 3967 φησιν

331 4007 387 4058 ὲν
410 4002 485 4072 τῷ
510 4002 709 4071 πρώτῳ
732 4000 906 4068 τόμῳ·
941 3995 1148 4049 Οὐκοῦν
1174 3995 1295 4046 ὅσον
1321 3994 1397 4054 εἰς
1440 3992 1575 4044 ἰδίαν
1601 3990 1782 4059 φύσιν,
1812 3989 1910 4059 οὐχ

326 4096 589 4165 ηγίασται
621 4092 781 4163 μόνος
812 4091 841 4142 ὁ
883 4092 948 4143 ὲκ
996 4088 1134 4140 Θεοῦ
1169 4086 1385 4157 Πατρὸς
1426 4084 1597 4151 Λόγος
1622 4100 1633 4110 ·
1676 4084 1724 4134 εί
1757 4082 1814 4134 δὲ
1843 4081 1907 4152 δή

328 4203 409 4250 τις
438 4187 604 4239 οἴοιτο
632 4184 723 4236 τὸν
766 4184 831 4235 ὲκ
861 4182 959 4252 τῆς
1005 4178 1168 4249 ἁγίας
1214 4177 1488 4248 Παρθένου
1512 4174 1909 4244 γεγεννημένον

331 4274 616 4347 κεχρίσθαί
669 4291 728 4325 τε
792 4272 884 4325 καὶ
934 4270 1191 4340 ἡγιάσθαι
1273 4268 1452 4337 μόνον,
1511 4265 1764 4337 ταύτῃτοι
1815 4263 1913 4316 καὶ

329 4367 645 4438 ὠνομάσθαι
696 4365 827 4417 Θεόν
852 4374 873 4402 ι’
905 4379 919 4391 ⁸
955 4362 1074 4425 πῶς
1116 4356 1209 4414 οὖν
1232 4361 1307 4421 ὡς
1362 4357 1751 4427 ἐπιλαθόμενος
1800 4355 1909 4408 τῶν

2016 1883 2168 1929 extra
2198 1884 2397 1929 rectam
2416 1881 2470 1928 et
2494 1874 2696 1945 regiam
2732 1875 2872 1927 viam
2900 1875 3095 1929 fertur.
3154 1875 3307 1941 Quod
3342 1885 3521 1929 autem
3544 1888 3601 1931 et

2016 1966 2310 2021 carnaliter
2337 1966 2441 2019 dici
2472 1978 2656 2020 natum
2704 1980 2827 2021 esse
2858 1965 3158 2033 Christum,
3184 1983 3289 2020 non
3324 1968 3595 2023 insolitum

2019 2058 2092 2111 sit
2134 2058 2338 2113 sanctis
2387 2056 2677 2124 Patribus,
2708 2058 2819 2112 imo
2862 2074 2990 2113 vero
3023 2060 3187 2114 etiam
3228 2058 3353 2113 aliis
3407 2061 3597 2115 tritum

2018 2152 2273 2215 verbum,
2321 2168 2425 2205 non
2464 2152 2643 2205 minus
2686 2167 2875 2206 verum
2927 2152 3083 2207 nobis
3129 2168 3255 2207 esse
3311 2152 3599 2223 subiuncta

2017 2242 2178 2296 verba
2220 2244 2613 2313 demonstrant,
2657 2242 2728 2298 Ea
2758 2243 2837 2299 sic
2862 2244 3070 2299 habent

2384 2442 2737 2514 Amphilocltii
2771 2443 3005 2513 episcopi
3048 2443 3239 2498 Iconii.

2082 2534 2198 2589 Nisi
2231 2534 2374 2589 enim
2406 2535 2493 2589 ille
2550 2544 2713 2590 natus
2747 2546 2895 2589 esset
2936 2535 3262 2601 carnaliter,
3315 2550 3488 2605 neque
3538 2546 3595 2590 tu

2013 2638 2170 2681 natus
2206 2642 2355 2681 esses
2389 2627 2704 2697 spiritaliter
2737 2643 2753 2680 :
2789 2627 2891 2681 nisi
2922 2626 3011 2682 ille
3038 2628 3250 2682 tulisset
3291 2629 3433 2682 servi
3481 2628 3596 2683 for-

2013 2734 2188 2783 mam,
2220 2734 2398 2787 neque
2438 2729 2491 2771 tu
2533 2719 2759 2787 gloriam
2795 2718 3101 2787 adoptionis
3141 2719 3370 2774 ﬁliorum
3409 2732 3600 2775 nactus

2011 2821 2187 2862 esses.
2251 2807 2537 2877 Signiﬁcat
2596 2817 2777 2862 autem
2827 2819 2882 2862 et
2936 2809 3038 2863 hoc
3094 2809 3213 2865 loco
3266 2812 3596 2875 carnaliter,

2011 2899 2153 2956 idem
2185 2899 2328 2969 quod
2357 2899 2656 2954 secundum
2685 2914 2929 2967 carnem,
2956 2901 3099 2955 sicut
3130 2901 3343 2956 scilicet
3393 2903 3602 2970 divine,

2011 2990 2314 3045 secundum
2347 2990 2713 3047 divinitatem.

2425 3100 3068 3161 ANATHEMATISMUS
3106 3104 3197 3160 Ill.

2085 3213 2143 3269 Si
2179 3215 2301 3283 quis
2332 3214 2384 3268 in
2426 3231 2533 3269 uno
2566 3215 2786 3271 Christo
2814 3226 2937 3286 post
2983 3218 3241 3273 unionem
3272 3218 3457 3272 dividit
3498 3219 3601 3289 hy-

2014 3314 2293 3375 postases,
2346 3306 2602 3376 ipsasque
2644 3316 2855 3362 tantum
2906 3310 3291 3379 conjunctione
3345 3310 3486 3365 inter
3540 3326 3602 3365 sa

2014 3398 2311 3462 connectit,
2345 3414 2465 3467 qua:
2497 3400 2795 3453 secundum
2831 3400 3172 3469 dignitatem,
3204 3398 3318 3454 sive
3359 3402 3600 3455 auctori-

2016 3499 2204 3555 tatem,
2238 3488 2319 3542 vel
2355 3499 2703 3558 potestatem,
2732 3499 2785 3544 et
2823 3506 2925 3543 non
2959 3494 3135 3559 potius
3175 3508 3469 3558 concursu,
3506 3496 3599 3564 qui

2013 3589 2098 3634 est
2132 3580 2428 3634 secundum
2462 3579 2766 3633 naturalem
2798 3581 3082 3635 unionem:
3112 3585 3402 3638 anathema
3432 3585 3525 3642 sit.

2390 3691 2550 3764 164
2595 3691 2947 3746 Orientalium
2992 3694 3235 3764 objectio.

2084 3786 2283 3840 Iterum
2304 3785 2452 3839 illum
2478 3801 2697 3840 suorum
2717 3787 3269 3842 commonefaciemus
3283 3804 3595 3853 verborum,

2012 3880 2362 3934 Ostendentes
2408 3880 2583 3947 ipsum
2612 3879 2747 3933 duas
2774 3878 3156 3934 subsistentias
3191 3881 3411 3935 dixisse.
3459 3881 3598 3936 Dicit

2012 3971 2155 4024 enim
2186 3971 2238 4024 in
2261 3970 2434 4039 primo
2466 3981 2612 4023 tomo
2649 3989 2661 4022 :
2702 3970 2884 4037 Itaque
2911 3983 3173 4038 quantmn
3199 3973 3265 4025 ad
3307 3989 3459 4026 suam
3496 3990 3593 4027 na-

2016 4072 2215 4123 turam,
2246 4076 2350 4114 non
2387 4060 2790 4114 sanctiﬁcatum
2823 4069 2907 4115 est
2929 4062 3102 4115 solum
3132 4061 3223 4116 Dei
3257 4062 3435 4117 Patris
3464 4065 3598 4117 Ver-

2014 4154 2162 4207 bum.
2192 4151 2247 4206 Si
2280 4160 2459 4206 autem
2492 4152 2615 4222 quis
2651 4153 2945 4222 putaverit,
2990 4168 3137 4218 eum,
3172 4156 3262 4223 qui
3298 4170 3361 4209 ex
3408 4167 3592 4210 sancta

2012 4244 2234 4314 Virgine
2281 4244 2494 4312 genitus
2539 4253 2643 4308 est,
2678 4251 2899 4298 unctum
2935 4258 3054 4299 esse
3099 4254 3152 4299 et
3199 4247 3594 4300 sanctiﬁcatum

2013 4334 2205 4400 solum,
2226 4335 2327 4389 hac
2349 4334 2556 4390 ratione
2578 4336 2741 4389 etiam
2771 4336 3105 4391 nominatum
3123 4336 3417 4395 Christum.
3453 4339 3596 4405 Quo-

331 4459 547 4525 ἑαυτοῦ,
572 4461 649 4522 εἰς
681 4457 809 4528 μίαν
839 4457 1135 4509 ὑπόστασιν
1162 4453 1379 4520 συνάγει
1407 4450 1649 4519 συγχέων
1674 4449 1771 4510 τὰς
1802 4448 1903 4516 φύ-

2014 4428 2173 4483 modo
2221 4428 2407 4497 igitur,
2456 4429 2612 4498 quasi
2647 4430 2850 4484 oblitus
2897 4446 3119 4486 suorum
3173 4434 3477 4497 verborum,
3526 4434 3593 4486 ad

332 4570 469 4616 σεις,
502 4551 739 4621 φυσικὴν
769 4548 868 4619 τὴν
902 4548 1053 4599 θείαν
1082 4547 1275 4599 ἕνωσιν
1313 4542 1635 4605 dmum»);
1684 4542 1794 4593 Kal.
1822 4540 1907 4603 τίς

332 4661 459 4697 ποτε
493 4641 853 4715 παραδέξεται
885 4639 1121 4709 φυσικὴν
1150 4638 1246 4709 τὴν
1282 4636 1431 4690 θείαν
1453 4636 1647 4688 ’ἐνωσιν
1676 4632 1769 4685 τοῦ
1806 4650 1907 4703 μυ-

331 4737 554 4807 στηρίου
594 4736 695 4805 τῆς
738 4732 1089 4802 οἰκονομίας;
1122 4730 1185 4782 ΕΞ
1231 4728 1342 4800 γὰρ
1379 4728 1583 4796 φυσικὴ
1624 4729 1657 4796 ή
1690 4726 1903 4789 ἓνωςις,

331 4829 491 4899 ποῦὴ
532 4828 725 4899 χάρις;
756 4825 859 4879 ποῦ
894 4826 957 4879 τὸ
1010 4823 1153 4876 θεῖον
1192 4822 1523 4893 μυστήριονς
1550 4820 1617 4872 Αἱ
1656 4820 1765 4889 γὰρ
1800 4817 1905 4886 φύ-

331 4939 465 4986 σεις,
497 4922 573 4983 ώς
602 4917 983 4989 δεδιδάγμεθα,
1011 4914 1158 4981 ἅπαξ
1186 4913 1335 4984 παρὰ
1372 4910 1466 4965 τοῦ
1481 4911 1740 4975 τάξαντος
1767 4909 1905 4962 Θεοῦ

329 5015 610 5079 παγείσαι,
644 5010 891 5079 ἀνάγκης
936 5006 1231 5076 ἀκολουθίᾳ
1256 5014 1277 5039 ⁵
1319 5002 1692 5057 δουλεύουσιν·
1742 5002 1776 5071 ἦ
1809 5002 1907 5053 καὶ

327 5104 481 5158 ἔσται
516 5103 678 5158 πάλιν
710 5101 853 5156 κατὰ
883 5098 1276 5167 ἀνακύκλησιν,
1312 5096 1405 5149 καὶ
1444 5096 1655 5163 φύσεως
1680 5094 1906 5147 ἀκολου-

327 5195 447 5247 θίαν
480 5194 544 5247 τὸ
569 5194 669 5264 τῆς
706 5192 1022 5263 οἰκονομίας
1062 5193 1249 5263 χρῆμα
1288 5187 1429 5241 κατὰ
1456 5186 1547 5238 τὸν
1576 5185 1759 5256 λῆρον,
1809 5183 1903 5236 καὶ

330 5284 548 5355 μυθώδη
592 5284 693 5354 τῆς
731 5281 1220 5355 χιλιονταετηρίδος
1247 5277 1344 5332 τοῦ
1377 5274 1695 5344 δυσωνύμου
1739 5273 1901 5326 Ἀπο-

326 5375 572 5451 λιναρίου
600 5376 846 5448 δόγματα
861 5393 878 5442 ;

2016 4539 2175 4576 unam
2221 4522 2534 4593 hypostasin
2582 4522 2747 4589 cogit,
2781 4532 3001 4577 naturas
3034 4522 3391 4586 confundens,
3437 4536 3595 4576 Itnltt-

2009 4618 2176 4672 ralem
2212 4617 2450 4671 divinam
2502 4615 2799 4670 unitionem
2846 4617 3175 4671 nominans?
3217 4617 3279 4670 Et
3330 4616 3450 4687 quis
3496 4635 3594 4672 un-

2009 4725 2169 4779 quam
2206 4709 2456 4762 admittet
2488 4707 2790 4761 naturalem
2818 4707 3056 4760 divinam
3091 4707 3388 4762 unitionem
3426 4708 3476 4761 in
3508 4724 3595 4761 sa-

2010 4812 2290 4857 cramento
2318 4800 2781 4870 dispensationis?
2827 4800 2884 4854 Si
2921 4800 3066 4855 enim
3108 4800 3370 4854 naturalis
3399 4802 3590 4865 nnitio,

2012 4895 2100 4948 ubi
2157 4893 2369 4963 gratia?
2434 4892 2523 4947 ubi
2576 4892 2817 4946 divinum
2870 4892 3315 4945 sacramentum?
3377 4889 3594 4946 Natum

2011 4986 2177 5048 enim,
2217 4995 2272 5038 ut
2300 4984 2478 5038 edocti
2514 4998 2721 5048 sumus,
2747 4982 2913 5037 semel
2945 4982 3014 5036 ab
3036 4982 3325 5037 ordinante
3358 4981 3467 5035 Deo
3497 4998 3592 5036 or-

2011 5080 2243 5141 dinatae,
2312 5076 2635 5130 necessariis
2684 5075 3088 5143 consequentiis
3134 5074 3403 5128 serviunt.
3454 5072 3590 5128 Num

2009 5170 2171 5223 etiam
2208 5168 2405 5222 iterum
2434 5168 2539 5222 erit
2574 5168 2868 5221 secundum
2896 5166 3286 5221 revolutionetn
3310 5177 3365 5221 et
3387 5178 3592 5223 natura:

2009 5260 2453 5330 consequentiam
2507 5260 2929 5329 dispensationis
2989 5275 3124 5329 opus
3180 5258 3332 5328 juxta
3392 5260 3589 5314 delira-

2008 5360 2215 5419 menta,
2246 5350 2602 5421 l’abulosaque
2641 5351 2788 5406 mille
2820 5366 3084 5408 annorum
3128 5350 3350 5406 infausti
3382 5351 3591 5423 Apolli-

2012 5445 2148 5501 narii
2179 5442 2470 5515 dogmata?

1373 5569 1548 5646 varia:
1569 5588 1827 5643 lectiones
1859 5601 1921 5641 ex
1949 5583 2138 5639 codice
2162 5581 2539 5651 Seguieriano.

394 5763 421 5803 ιι
452 5754 875 5825 ὑπομνήσωμεν.
960 5761 980 5788 ι’
1013 5749 1265 5823 Χριστόν.

1349 5759 1369 5787 ι
1404 5746 1675 5816 ταγεῖσαι,
1708 5740 1972 5809 ἀνάγκαις
2005 5737 2352 5809 ἀκολουθίας,
2378 5739 2416 5810 ἢ
2449 5740 2615 5807 ἴσως,
2660 5739 3000 5811 ἀναγκαίαις
3022 5740 3385 5806 ἀκολουθίαις.
