4104 6336
505 291 610 342 5'17

1059 399 1247 469 Cyrilli
1289 398 1543 467 defensio.

586 513 810 568 Divinus
845 511 1062 575 Paulus,
1087 510 1357 580 quomodo
1389 511 1586 563 factum
1616 512 1685 565 sit
1714 513 1875 564 immo
1911 513 2096 581 unige-

509 607 683 660 nitum
721 607 812 659 Dei
853 603 1110 667 Verbum,
1135 616 1190 655 ut
1219 603 1390 657 lldelis
1414 603 1755 671 dispensator
1791 619 2098 657 sacramen-

511 707 685 751 torum
717 697 806 750 Dei
832 697 900 759 ",
919 706 973 749 et
1001 695 1170 763 ipsum
1197 695 1399 747 habens
1432 695 1482 745 iu
1516 710 1576 747 se
1602 694 1907 758 loquentem
1936 695 2095 747 Chri-

509 800 650 843 stum
678 787 746 852 “,
783 787 1067 840 manifeste
1099 787 1352 840 omnibus
1380 787 1677 841 ostendens
1710 806 1723 840 :
1759 807 1776 837 ι
1807 786 1921 840 Non
1950 789 2093 841 enim

509 879 729 948 angelos
759 877 1138 948 apprehendit,
1161 879 1361 946 inquit,
1392 878 1484 930 sed
1519 893 1703 931 semen
1739 879 1970 932 Abraha:
2000 895 2095 948 ap-

508 971 880 1039 prehendit".
912 990 930 1022 ι
958 969 1109 1024 Unde
1128 971 1384 1037 oportuit.
1409 987 1534 1024 eum
1571 987 1666 1039 per
1699 973 1879 1024 omnia
1911 971 2096 1025 fratri-

508 1065 608 1117 bus
638 1063 866 1127 similem
903 1060 1048 1126 ﬁeri,
1081 1071 1136 1113 ut
1173 1061 1482 1114 misericors
1503 1071 1556 1114 et
1591 1061 1759 1114 fidelis
1780 1061 1930 1115 fieret
1965 1077 2096 1130 pon-

509 1152 638 1208 tifex
673 1153 724 1207 iu
760 1153 864 1214 his,
901 1166 1020 1221 qua:
1050 1153 1116 1203 ad
1154 1151 1320 1204 Deum
1354 1152 1420 1204 ⁸ο.
1461 1151 1568 1206 Nos
1594 1167 1724 1203 vero
1757 1163 1812 1202 ut
1851 1151 2094 1204 rectissi-

509 1263 596 1301 me
645 1249 915 1315 prolatutu
949 1246 1050 1298 hoc
1085 1246 1302 1296 dictum'
1337 1254 1520 1296 nostra
1574 1243 1843 1298 sententia
1895 1244 2088 1310 proba-

508 1351 648 1400 mus,
679 1341 968 1402 sequentes
999 1333 1200 1400 ultique
1236 1331 1498 1385 divinitus
1527 1332 1819 1400 inspiratus
1842 1332 2095 1399 Scriptu-

508 1443 618 1490 ras,
656 1437 708 1480 ct
752 1426 906 1478 valde
949 1424 1284 1478 admirantes
1333 1424 1707 1492 theologorum
1760 1437 1941 1486 voces,
1988 1421 2095 1474 imo

506 1533 600 1572 cas
636 1534 732 1587 pro
774 1515 976 1570 divinis
1024 1515 1230 1585 legibus
1269 1515 1554 1578 habentes,
1594 1513 1826 1567 dicimus
1859 1511 1950 1566 Dei
1989 1511 2092 1565 Pa-

507 1609 605 1661 tris
635 1606 869 1659 Verbum
920 1619 1025 1657 non
1077 1603 1507 1673 apprehendisse
1551 1617 1730 1670 neque
1779 1614 2090 1656 sanctorum

508 1702 845 1768 :tttgclurttttt,
882 1714 1056 1768 neque
1078 1713 1230 1752 suam
1262 1707 1511 1750 naturain
1546 1715 1560 1750 :
1587 1696 1862 1750 credimus
1888 1706 2089 1760 autem,

507 1794 802 1846 secundum
828 1792 969 1860 quod
996 1791 1169 1844 sacris
1202 1788 1425 1842 Litteris
1461 1788 1697 1852 videtur,
1726 1788 1869 1856 quod
1899 1788 2092 1842 obum-

506 1888 670 1938 brans
705 1897 904 1938 sancta!
938 1884 1173 1952 Virgini,
1218 1893 1404 1952 utpote
1437 1883 1608 1935 virtus
1634 1881 1904 1934 exsistens
1937 1882 2091 1934 altis-

415 1987 431 2002 ⁰
505 1976 627 2028 simi
669 1974 863 2038 Patris,
902 1973 1157 2026 formavit.
1191 1972 1292 2025 sibi
1333 1986 1530 2038 corpus
1562 1986 1626 2023 ex
1667 1970 1777 2034 illa,
1820 1981 2091 2023 verumta-

507 2083 626 2119 tnen
656 2082 751 2133 per
781 2067 1153 2132 operationem
1183 2064 1358 2117 sancti
1391 2063 1657 2132 Spiritus;
1695 2074 1745 2116 et
1775 2064 1970 2117 factum
2007 2076 2090 2116 est

507 2162 686 2225 Ιιῦιιιο,
722 2158 1158 2228 appellatumque
1201 2165 1284 2208 est
1322 2155 1462 2209 [ilius
1493 2156 1722 2209 Aliraluc
1757 2167 1811 2209 et
1839 2157 2087 2220 Davidis;

506 2267 608 2305 non
648 2251 905 2304 amittens
945 2260 1164 2318 propter
1195 2248 1612 2314 humanitatem,
1639 2248 1782 2316 quod
1824 2247 1894 2302 sit
1924 2248 2089 2302 Filius

506 2344 597 2397 Dei
625 2353 680 2396 et
719 2341 894 2394 Patris
937 2341 1234 2393 secundum
1284 2340 1604 2403 veritatem;
1652 2355 1878 2393 manens
1908 2351 2086 2394 autem

504 2435 708 2500 potius,
740 2434 990 2502 quamvis
1018 2431 1220 2485 factum
1254 2431 1325 2484 sit
1356 2445 1507 2490 caro,
1546 2429 1702 2501 165
1738 2431 1788 2483 in
1819 2443 2010 2485 natura
2035 2442 2090 2485 et

499 2525 792 2577 eminentia
812 2533 864 2574 et
887 2521 1056 2590 gloria
1076 2521 1315 2572 deitatis.
1352 2518 1706 2572 lmtnutahilis
1734 2521 1876 2572 enim
1911 2530 2014 2582 est,
2036 2529 2090 2573 et

500 2615 852 2670 conversione
869 2612 1162 2681 potentior,
1179 2621 1236 2664 ttt
1256 2610 1416 2664 Deus.
1436 2611 1526 2663 Est
1543 2611 1704 2680 igitur
1721 2627 1860 2664 unus
1877 2623 1930 2663 et
1945 2611 2086 2664 idem

497 2717 552 2758 et
575 2702 742 2757 Filius
765 2712 817 2756 et
844 2703 1101 2754 Dominus
1128 2711 1181 2753 et
1224 2711 1350 2753 ante
1387 2712 1441 2752 et
1480 2711 1600 2765 post
1633 2702 2083 2752 incarnationem.

503 2797 750 2850 Dividere
773 2803 954 2848 autem
983 2807 1150 2844 uutnn
1187 2791 1240 2843 in
1267 2789 1402 2844 duos
1433 2791 1590 2856 lilios,
1619 2801 1675 2844 et
1700 2791 1912 2846 solvere
1947 2807 2087 2845 verte

501 2887 759 2942 unitionis
803 2899 964 2955 opus,
997 2884 1382 2950 distinguendo
1422 2898 1690 2947 seorsum,
1739 2893 1793 2937 et
1840 2886 2087 2954 ponendo

499 2979 750 3048 privatim
773 2978 1070 3038 hominem,
1089 2985 1142 3028 et
1171 2974 1424 3043 privatim
1451 2975 1639 3041 Deum,
1664 2977 1836 3029 crime
1860 2993 1891 3028 ιι
1920 2985 2003 3029 est
2029 2975 2084 3029 in

499 3076 688 3142 primis
721 3073 962 3140 impium.
994 3068 1162 3124 Porro
1186 3067 1466 3122 Nestorius
1496 3069 1596 3122 ista
1630 3085 1815 3136 parum
1855 3085 2081 3136 curans,

499 3165 659 3219 audet
693 3163 822 3234 ipsis
851 3161 1119 3216 verbissic
1144 3161 1326 3214 dicere
1361 3177 1372 3213 :
1409 3178 1426 3208 ι
1456 3159 1567 3213 lloc
1597 3160 1869 3214 seutiteiu
1904 3161 2082 3226 vobis,

496 3258 643 3326 quod
674 3255 798 3308 etin
828 3253 1046 3307 Christe
1069 3249 1220 3312 Jesu,
1256 3249 1423 3319 quiin
1457 3248 1628 3304 forma
1663 3249 1756 3304 Dei
1786 3251 2081 3315 exsistcns,

497 3350 734 3418 seipsum
761 3343 1081 3406 exinanivit,
1110 3342 1339 3394 formam
1363 3342 1503 3394 servi
1531 3343 1804 3410 accipiens
1825 3343 1924 3394 ⁸⁸.»
1968 3342 2080 3397 Non

497 3442 635 3493 dixit
675 3455 691 3493 :
739 3437 848 3490 Hoc.
883 3437 1082 3490 sentite
1119 3434 1169 3486 in
1204 3431 1373 3496 vobis,
1399 3433 1540 3499 quod
1571 3445 1625 3484 et
1659 3435 1710 3485 itt
1747 3433 1853 3486 Deo
1881 3431 2079 3496 Verbo,

493 3531 638 3600 quod
667 3529 908 3582 informa
935 3525 1026 3579 Dei
1046 3524 1338 3587 exsistens,
1373 3524 1514 3576 servi
1543 3523 1774 3577 fortnam
1807 3525 2075 3591 suscepit:

495 3625 590 3677 sed
615 3638 736 3677 euut
767 3621 1070 3688 accepisset
1104 3617 1204 3670 hoc
1227 3631 1447 3677 nomen,
1480 3615 1749 3677 Christus,
1780 3619 2078 3669 utdnarum

495 3724 808 3768 naturarum
823 3711 1236 3781 appellationem
1262 3708 1698 3776 signiticativam,
1715 3709 1831 3761 sine
1845 3707 2080 3775 periculo

495 3811 668 3876 ipsum
721 3818 775 3859 et
819 3805 960 3859 servi
1008 3805 1234 3857 formam
1276 3804 1410 3857 dicit
1457 3805 1783 3870 suscepisse,
1821 3813 1874 3857 et
1909 3804 2076 3858 Deum

496 3900 759 3960 nominat.
811 3898 940 3951 dum
981 3912 1070 3957 ea.
1110 3911 1227 3964 qua:
1259 3898 1537 3954 dicuntur,
1591 3896 1642 3946 in
1679 3900 1811 3948 duas
1859 3908 2079 3952 naturas

493 3993 610 4044 sine
635 3989 1052 4058 reprehensione
1074 3987 1411 4040 dividuntur.
1445 3987 1498 4039 In
1524 3987 1689 4040 altera
1715 3997 1893 4040 autem
1921 4004 2079 4042 enar-

493 4084 701 4136 ratione
746 4082 940 4134 iterum
989 4080 1120 4133 dicit
1176 4096 1190 4131 :
1248 4098 1265 4130 ι
1303 4078 1369 4133 Ut
1403 4082 1456 4132 in
1493 4079 1710 4132 nomine
1751 4078 1876 4132 Jesu
1919 4097 2078 4134 omne

490 4192 627 4248 genu
651 4176 894 4229 ﬂectatur
909 4173 1238 4238 caelestium,
1255 4174 1595 4226 terrestrium
1618 4186 1671 4226 et
1699 4173 2032 4226 infernorum
2059 4191 2072 4228 :

489 4280 545 4320 et
576 4267 753 4320 omnis
780 4265 957 4334 lingua
983 4265 1330 4328 conﬁteatur,
1357 4266 1500 4332 quod
1528 4264 1789 4317 Dominus
1817 4275 1899 4318 est
1921 4263 2077 4319 Jcsus

489 4360 739 4413 Christus
761 4359 829 4409 “.
871 4377 888 4407 ι
924 4356 1152 4426 Propter
1186 4365 1515 4424 gestantem,
1553 4372 1676 4410 emn
1708 4357 1800 4425 qtti
1834 4365 2077 4425 gestatur

489 4465 718 4504 veneror
759 4468 771 4503 :
825 4457 1044 4517 propter
1088 4447 1371 4510 latentem,
1411 4448 1555 4516 quod
1604 4460 1830 4516 apparet
1876 4449 2069 4502 adoro.

493 4539 876 4609 Inseparahilis
917 4548 1002 4593 est
1047 4540 1116 4592 ab
1152 4554 1218 4592 eo
1247 4538 1338 4607 qui
1372 4539 1587 4591 videtur
1617 4535 1799 4602 Deus;
1853 4548 2075 4606 propter

490 4636 594 4689 hoc
625 4635 762 4704 ejus,
794 4635 886 4700 qui
921 4649 1026 4686 non
1065 4644 1374 4702 separatur,
1408 4633 1669 4685 honorem
1705 4646 1810 4685 non
1849 4645 2071 4700 separo;

487 4742 684 4796 separo
719 4737 961 4788 naturas,
993 4726 1086 4779 sed
1120 4725 1250 4778 ttnio
1295 4725 1686 4778 adorationem.
1722 4723 1823 4791 (Et
1873 4723 2070 4776 iterum

489 4818 544 4872 in
581 4817 686 4870 alia
714 4815 1075 4885 explicatione
1106 4834 1119 4869 :
1159 4813 1254 4869 Dic
1299 4818 1366 4867 de
1393 4832 1460 4868 eo
1497 4817 1588 4884 qui
1623 4815 1880 4885 suscepit,
1928 4816 2070 4882 quod

487 4911 558 4964 sit
587 4908 767 4975 Deus;
795 4923 1004 4977 appone
1032 4907 1182 4962 illum
1207 4909 1296 4976 qui
1329 4919 1614 4976 susceptus
1643 4918 1745 4970 est,
1775 4907 1899 4974 quia
1923 4907 2065 4960 servi

487 5007 690 5065 forma;
723 5003 897 5071 adjice
922 5004 1161 5070 posthtec
1183 4999 1550 5054 connexionis
1572 4999 1917 5069 dignitatem,
1940 4999 2064 5068 quia

486 5093 718 5145 duorum
755 5091 1055 5144 auctoritas
1083 5091 1410 5152 communis,
1443 5091 1568 5157 quia
1605 5089 1834 5142 duorum
1877 5092 2065 5142 eadem

475 5179 750 5254 ’digut’tas;
781 5183 996 5236 naturis
1027 5180 1394 5242 manentibus,
1430 5181 1601 5234 fatere
1630 5181 1909 5249 dignitatis
1944 5182 2064 5232 ttni-

560 5359 604 5390 ⁸⁷
638 5364 650 5410 l
683 5360 806 5412 (lor.
845 5377 894 5414 tv
952 5362 999 5413 1.
1076 5360 1124 5390 ⁸⁸
1157 5359 1196 5413 ll
1225 5361 1349 5414 (lor.
1385 5375 1500 5423 nit,
1529 5359 1563 5412 ’5

1503 285 1562 338 S.
1603 282 1880 338 CYRILLI
1919 282 2390 341 ALEXANDRINI
2429 287 2746 343 ARCIIIEP.

1659 5357 1704 5387 "
1734 5355 1897 5409 llehr.
1930 5372 1988 5417 ιι,
2025 5354 2106 5407 l6.

3671 288 3779 351 3.28

2671 403 2980 472 Ἀπολογία
3009 403 3330 471 Κῳίλλιυ.

2281 515 2337 565 '0
2368 514 2652 578 Θεσπέσιος
2700 515 2908 579 Παῦλος
2938 517 3016 576 τὸ,
3065 517 3186 569 τίνα
3217 518 3281 586 δὴ
3319 533 3522 586 τροπον
3555 519 3780 588 γέγονεν

2198 605 2484 676 ἄνθρωπος
2539 607 2567 657 ὁ
2619 608 2916 677 μονογενὴς
2961 605 3056 658 τοῦ
3111 607 3246 659 Θεοῦ
3295 608 3498 676 Λόγος,
3551 610 3781 682 ἐναργὲς

2197 696 2367 748 ἅπασι
2399 696 2680 760 καθιστὰς,
2718 697 2794 760 ὡς
2827 698 3109 766 οἰκονόμος
3142 700 3460 768 μυστηρίων
3491 699 3649 764 Θεοῦ,
3683 701 3779 754 καὶ

2198 788 2358 840 αὐτὸν
2407 787 2544 857 ἔχων
2579 791 2636 840 ὲν
2694 789 2872 858 ἑαυτῷ
2905 789 3169 842 λαλοῦντα
3201 791 3434 860 Χριστόν
3456 808 3468 820 ·
3507 811 3526 835 σ
3551 793 3626 845 Ob
3668 794 3780 865 γὰρ

2195 878 2259 946 δή
2299 895 2400 928 που
2430 878 2676 946 ἀγγέλων
2727 879 3178 948 ἐπιλαμϐάνεται,
3220 880 3406 949 φησιν,
3433 881 3571 934 ἀλλὰ
3607 881 3776 954 σπέρ-

2199 986 2369 1038 ματος
2403 969 2654 1040 Ἀϐραὰμ
2694 970 3158 1040 ἐπιλαμϐάνεται·
3202 991 3220 1022 ι
3264 973 3384 1024 ὅθεν
3410 971 3608 1041 ὤφειλε
3636 977 3776 1031 κατὰ

2197 1063 2373 1115 πάντα
2407 1066 2517 1124 τοῖς
2547 1063 2794 1133 ἀδελφοῖς
2821 1064 3182 1134 ὁμοιωθῆναι,
3215 1065 3302 1117 ἵνα
3332 1067 3582 1136 ἐλεήμων
3612 1069 3774 1138 γένη-

2195 1170 2302 1213 ται,
2323 1155 2416 1206 καὶ
2444 1154 2633 1218 πιστὸς
2665 1156 2956 1226 ἀρχιερεὺς
2983 1157 3051 1209 τὰ
3085 1155 3221 1226 πρὸς
3235 1157 3326 1209 τὸν
3348 1158 3498 1211 Θεόν.
3517 1158 3776 1229 Ἠμεῖςδὲ

2194 1247 2315 1304 ταῖς
2355 1247 2432 1299 εἰς
2467 1245 2738 1315 ὀρθότητα
2785 1245 2985 1315 ψήφοις
3040 1247 3428 1316 στεφανοῦντες
3459 1249 3519 1301 τὸ
3549 1253 3775 1320 εἰρημέ-

2194 1351 2304 1394 νον,
2329 1335 2585 1404 ἑπόμενοί
2615 1353 2674 1388 τε
2698 1338 2945 1407 πανταχῆ
2966 1340 3084 1400 ταῖς
3107 1337 3481 1402 θεοπνεύστοις
3512 1341 3774 1411 Γραφαίς,

2195 1429 2287 1480 καὶ
2319 1429 2417 1490 τὰς
2465 1427 2573 1479 τῶν
2607 1427 2886 1500 θεηγόρων
2919 1431 3104 1498 φωνὰς
3139 1431 3232 1484 τοῦ
3270 1433 3470 1496 παντὸς
3499 1435 3774 1500 ἀξιοῦντες

2195 1519 2492 1588 θαύματος.
2527 1520 2725 1589 μᾶλλον
2763 1521 2819 1574 δὲ
2868 1522 2963 1574 καὶ
3013 1523 3191 1585 θείους
3230 1523 3522 1594 ἡγούμενοι
3555 1528 3769 1597 νόμους,

2193 1613 2255 1662 ού
2286 1611 2387 1680 τῆς
2430 1612 2544 1679 τῶν
2595 1613 2766 1680 ἁγίων
2821 1614 3090 1682 ἀγγέλων,
3120 1615 3242 1668 οὔτε
3287 1617 3392 1686 μὴν
3432 1620 3530 1688 τῆς
3575 1619 3770 1672 ἑαυτοῦ

2195 1701 2406 1769 φύσεως
2443 1704 2795 1756 ἐπιλαϐέσθαι
2833 1707 3012 1775 φαμὲν
3043 1707 3136 1759 τὸν
3170 1711 3234 1760 ἐκ
3263 1709 3398 1760 Θεοῦ
3430 1711 3644 1778 Πατρὸς
3673 1713 3772 1765 Λό-

2195 1811 2323 1860 γον’
2373 1795 2819 1867 πεπιστεύκαμεν
2878 1798 2957 1860 δὲ,
3013 1799 3096 1851 ὅτι
3145 1800 3283 1852 κατὰ
3335 1799 3396 1852 τὸ
3440 1804 3550 1862 τοῖς
3607 1802 3770 1872 ἱεροῖς

2196 1889 2488 1958 Γραμμασι
2517 1887 2728 1950 δοκοῦν,
2758 1891 3086 1954 ἐπισκιάσας
3109 1895 3176 1962 τῇ
3209 1893 3343 1963 ἁγίᾳ
3371 1893 3651 1964 Παρθένῳ.
3673 1895 3768 1947 an

2191 1982 2254 2050 δὴ
2297 1983 2388 2034 καὶ
2441 1981 2672 2052 δύναμις
2715 1980 2792 2035 ὣν
2825 1983 2920 2036 τοῦ
2977 1983 3200 2052 ὑψίστου
3258 1985 3492 2055 Πατρὸς.
3541 1986 3771 2040 ἔπλασεν

2193 2073 2372 2143 ἑαυτῷ
2405 2073 2466 2125 τὸ
2505 2073 2666 2144 σῶμα
2693 2075 2756 2127 τὸ
2789 2074 2849 2138 ἐξ
2879 2075 3071 2144 αὐτῆς,
3109 2076 3248 2147 πλὴν
3275 2077 3341 2130 δι’
3369 2079 3647 2146 ἐνεργείας
3676 2077 3768 2130 τοῦ

2193 2166 2350 2233 ἁγίου
2393 2164 2708 2234 ΙΙνεύματος
2731 2182 2746 2196 ο
2787 2167 2882 2218 καὶ
2915 2167 3141 2234 γέγονεν
3155 2167 3461 2238 ἄνθρωπος,
3491 2169 3771 2238 κεχρημά-

2191 2259 2308 2310 τικέ
2337 2275 2392 2310 τε
2452 2259 2546 2310 καὶ
2585 2258 2697 2319 υἱὸς
2740 2256 3010 2328 Ἀϐραὰμ,
3043 2260 3136 2311 καὶ
3160 2259 3352 2312 Δαυῒδ’
3389 2260 3490 2312 οὐκ
3527 2262 3772 2329 ἀπεμπο-

2191 2353 2359 2419 λήσας
2393 2351 2481 2404 διὰ
2548 2351 2606 2402 τὸ
2651 2350 2992 2421 ἀνθρώπινον
3035 2353 3097 2404 τὸ
3152 2349 3289 2405 εἶναι
3325 2355 3465 2406 κατὰ
3514 2353 3768 2420 ἀλήθειαν

2193 2444 2320 2504 Υἱὸς
2351 2441 2444 2494 τοῦ
2481 2441 2640 2505 Θεοῦ,
2689 2444 2782 2494 καὶ
2829 2445 3063 2514 Πατρὸς,
3103 2444 3427 2514 μεμενηκὼς
3459 2445 3514 2498 δὲ
3545 2447 3765 2515 μᾶλλον.

2191 2536 2285 2586 καὶ
2327 2537 2375 2586 εἰ
2425 2534 2619 2601 γέγονε
2659 2535 2814 2606 σριρξ,
2845 2538 2901 2587 ἐν
2954 2537 3116 2605 φύσει
3143 2554 3201 2589 τε
3247 2539 3342 2591 καὶ
3377 2540 3637 2609 ὑπεροχῇ,
3674 2541 3768 2592 καὶ

2188 2626 2314 2696 δόξῃ
2365 2625 2644 2693 θεότητος·
2682 2626 3036 2690 ἀναλλοίωτος
3065 2629 3172 2699 γάρ
3225 2631 3360 2693 ἐστι,
3415 2633 3507 2683 καὶ
3562 2632 3767 2702 τροπῆς

2188 2717 2449 2784 ἀμείνων,
2477 2716 2552 2775 ὡς
2575 2716 2724 2779 Θεὸς.
2757 2717 2915 2770 Ἔστι
2952 2722 2970 2754 ι
3003 2719 3182 2771 τοίνυν
3211 2716 3291 2782 εἷς
3317 2738 3375 2774 τε
3425 2723 3519 2775 καὶ
3552 2723 3580 2774 ὁ
3607 2723 3765 2784 αὐτὸς

2192 2809 2337 2872 Υἱὸς,
2367 2811 2459 2862 καὶ
2487 2810 2695 2880 Κύριος
2725 2810 2818 2863 καὶ
2845 2810 2982 2876 πρὸς
3002 2811 3102 2879 τῆς
3133 2811 3480 2882 σαρκώσεως,
3503 2815 3598 2868 καὶ
3629 2813 3768 2884 μετὰ

2187 2901 2286 2972 τὴν
2312 2902 2610 2972 σάρκωσιν.
2634 2903 2746 2955 Καὶ
2770 2902 2830 2954 τὸ
2857 2902 3086 2972 διαιρεῖν
3119 2906 3196 2966 εἰς
3232 2905 3378 2967 υἱοὺς
3409 2905 3501 2958 δύο
3529 2907 3620 2958 τὸν
3648 2907 3764 2970 ἕνα,

2188 2993 2284 3046 κοιλ⁵
2312 2994 2372 3045 τὸ
2409 2994 2509 3062 τῆς
2539 2991 2772 3062 ἀληθοῦς
2805 2991 3050 3056 ένώσεως
3095 2994 3398 3063 παραλύειν
3441 2997 3652 3066 χρῆμα,
3685 2998 3766 3050 δι-

2113 3081 2158 3142 C
2193 3084 2448 3144 ιστὰντας
2480 3083 2582 3135 ἀνὰ
2623 3082 2810 3152 μέρος,
2849 3083 2943 3134 καὶ
2974 3082 3222 3146 τιθέντας
3248 3082 3429 3146 ἰδικῶς
3456 3084 3763 3154 ἄνθρωπον,

2187 3175 2282 3226 καὶ
2311 3171 2493 3234 tamn;
2513 3171 2667 3234 Θεὸν,
2699 3170 3016 3234 δυσσεϐείας
3047 3171 3160 3240 ἔχει
3193 3171 3294 3240 τῆς
3334 3173 3594 3225 ἀνωτάτω
3625 3190 3762 3244 γρα-

2186 3270 2312 3337 φήν.
2359 3263 2544 3331 Ὀλίγα
2570 3274 2597 3301 ιι
2630 3263 2687 3315 δὲ
2730 3263 2922 3315 τούτου
2974 3264 3354 3334 πεφροντικὼς
3379 3267 3407 3317 ὁ
3443 3264 3760 3336 Νεστόριος.

2183 3356 2516 3426 τετόλμηκεν
2538 3354 2712 3405 εἰπεῖν
2744 3355 2937 3415 αὑταῖς
2957 3353 3169 3417 λέξεσιν
3193 3355 3388 3418 οὕτως·
3413 3355 3612 3409 (Τοῦτο
3631 3373 3758 3427 φρο-

2184 3447 2380 3500 νείσθω
2408 3449 2465 3497 ὲν
2502 3446 2650 3516 ὑμῖν,
2679 3445 2707 3497 ὂ
2741 3446 2831 3497 καὶ
2857 3447 2916 3498 ἐν
2947 3445 3173 3515 Χριστῷ
3214 3445 3388 3512 Ἰησοῦ
3414 3463 3428 3477 ·
3464 3448 3523 3510 ὂς
3551 3449 3609 3500 ἐν
3637 3465 3764 3519 μορ-

2184 3542 2258 3610 φῇ
2311 3537 2445 3591 Θεοῦ
2474 3537 2758 3608 ὑπάρχων,
2781 3529 2786 3534 ’
2808 3537 3001 3590 ἑαυτὸν
3029 3539 3286 3599 ἐκένωσε,
3326 3541 3542 3609 μορφὴν
3573 3540 3760 3594 δούλου

2182 3631 2382 3686 λαϐὼν.
2414 3651 2432 3682 ι
2469 3631 2582 3684 Οὐκ
2612 3625 2754 3693 εἰπε,
2785 3627 2958 3682 Τοῦτο
2992 3631 3296 3700 φρονείσθω
3336 3634 3394 3684 ὲν
3431 3633 3576 3700 ὑμῖν,
3607 3633 3636 3685 ὖ
3666 3633 3760 3688 καὶ

2183 3725 2241 3776 ἐν
2274 3721 2353 3792 τῷ
2380 3721 2499 3791 Θεῷ
2530 3721 2720 3789 Λόγῳ,
2753 3717 2810 3781 ὃς
2849 3720 2906 3770 ὲν
2949 3721 3130 3790 μορφῇ
3166 3719 3301 3772 Θεοῦ
3333 3721 3614 3792 ὑπάρχων⁹
3645 3721 3757 3774 δού-

2182 3810 2272 3861 λου
2308 3809 2522 3879 μορφὴν
2553 3809 2742 3860 ἐλαϐεν
2765 3806 2942 3860 ’⁸ἀλλὰ
2970 3807 3151 3860 λαϐὼν
3168 3809 3248 3864 τὸ.
3280 3810 3531 3879 Χριστὸς,
3554 3810 3626 3872 ὠς
3647 3811 3756 3864 τῶν

2180 3903 2274 3955 δύο
2306 3903 2519 3970 φύσεων
2560 3901 2931 3972 προσηγορίαν
2961 3901 3322 3970 σημαντικὴν,
3342 3901 3636 3963 ἀκινδύνοις
3664 3903 3756 3954 αὐ·

2179 3995 2269 4046 τὸν
2303 3995 2396 4046 καὶ
2437 3992 2626 4044 δούλου
2681 3991 2896 4063 μορφὴν
2925 3992 3131 4052 λαϐεῖν,
3165 3993 3258 4043 καὶ⁸
3306 3992 3436 4046 Θεὸν
3463 3993 3750 4063 ὁνομάξεν

2179 4084 2285 4136 τῶν
2315 4084 2371 4136 δὲ
2404 4083 2722 4154 λεγομένων
2756 4094 2779 4122 ν
2810 4086 2889 4147 εἰς
2918 4083 2979 4136 τὸ
3000 4083 3108 4136 τῶν
3140 4082 3355 4152 φύσεων
3379 4083 3635 4153 ἀλήπτως
3663 4100 3756 4153 με·

2183 4175 2482 4245 ριζομένων
2502 4175 2744 4228 διπλοῦν.
2793 4175 2882 4227 Ἐν
2913 4173 3075 4244 ἑτέρᾳ
3102 4173 3157 4226 δὲ
3180 4174 3339 4226 πάλιν
3367 4173 3624 4244 ἐξηγήσει
3652 4191 3754 4244 φη-

2182 4269 2298 4320 σίν·
2336 4286 2352 4318 ι
2384 4267 2503 4320 ’Ἱνα
2539 4269 2597 4319 ἐν
2647 4266 2723 4336 τῷ
2762 4266 2986 4336 ὀνόματι
3027 4265 3198 4336 Ἰησοῦ
3234 4267 3343 4318 πᾶν
3387 4267 3516 4330 γόνυ
3559 4266 3753 4337 κάμψῃ

2181 4358 2543 4428 ἐπουρανίων,
2609 4358 2703 4407 καὶ
2758 4355 3035 4422 ἐπιγείων,
3080 4355 3171 4406 καὶ
3218 4352 3616 4422 καταχθονίων.
3659 4355 3752 4406 καὶ

2184 4452 2328 4502 πᾶσα
2371 4449 2595 4517 γλῶσσα
2638 4449 3139 4519 ἐξομολογήσηται,
3187 4446 3268 4498 ὃτι
3304 4445 3506 4516 Κύριος
3546 4443 3750 4514 Ἰησοῦς

2177 4541 2426 4610 Χριστός.
2469 4560 2485 4590 ι
2515 4538 2614 4592 Διὰ
2647 4541 2736 4591 τὸν
2767 4537 3057 4608 φοροῦντα,
3105 4538 3165 4590 τὸ
3196 4536 3531 4607 φορούμενον
3569 4534 3712 4587 σέϐω
3733 4551 3746 4565 ο

2172 4634 2260 4688 διὰ
2285 4634 2375 4686 τὸν
2401 4633 2786 4702 κεκρυμμένον
2821 4631 3114 4703 προσκυνῶ
3141 4631 3204 4684 τὸ
3233 4630 3584 4698 φαινόμενον·
3617 4628 3752 4698 ἀχώ-

2175 4739 2352 4790 ριστος
2386 4721 2478 4774 τοῦ
2509 4721 2834 4792 φαινομένου
2859 4721 3020 4784 Θεός·
3055 4721 3142 4773 διὰ
3164 4721 3323 4774 τοῦτο
3348 4720 3444 4774 τοῦ
3483 4720 3558 4792 μὴ
3587 4737 3751 4789 χωριο

2172 4815 2402 4883 ζομένου
2441 4813 2540 4883 τὴν
2569 4815 2734 4884 τιμὴν
2765 4815 2826 4866 οὐ
2862 4813 3098 4884 χωρίζω.
3139 4813 3373 4880 Χωρίζω
3399 4811 3499 4876 τὰς
3537 4812 3749 4880 φύσεις.

2178 4905 2292 4956 ἀλλ’
2330 4903 2434 4956 ένῶ
2479 4904 2578 4973 τὴν
2613 4903 3005 4974 προσκύνησιν.
3037 4903 3146 4956 Καὶ
3194 4904 3252 4955 ὲν
3303 4900 3561 4972 ἐξηγήσει
3592 4901 3750 4953 πάλιν

2177 4995 2363 5063 ἑτέρᾳο
2402 4995 2536 5046 Εἰπὲ
2567 4995 2656 5047 τὸν
2687 4995 3046 5047 ἀναλαϐόντα·
3081 4996 3163 5047 ὅτι
3195 4993 3348 5056 Θεός.
3382 4993 3624 5064 Πρόσθες
3661 4992 3751 5043 τὸν

2175 5088 2579 5154 ἀναληφθέντα,
2613 5089 2694 5142 ὃτι
2724 5087 2912 5139 δούλου
2942 5087 3155 5157 μορφή·
3195 5087 3442 5155 ὲπάγαγε
3468 5087 3605 5156 μετά
3631 5082 3755 5137 ταῦ-

2176 5196 2243 5230 τα
2278 5179 2338 5229 τὸ
2364 5179 2463 5248 τῆς
2492 5177 2785 5247 συναφείας
2805 5176 3046 5248 ἀξίωμα,
3069 5177 3150 5231 ὅτι
3185 5177 3294 5232 τῶν
3311 5177 3404 5231 δύο
3433 5179 3465 5248 η
3495 5173 3753 5230 αὐθεντία

3351 5353 3396 5386 ⁶¹
3426 5351 3555 5408 ibid.
3586 5351 3642 5410 8.

2188 5355 2232 5384 “
2257 5352 2420 5407 llebr.
2450 5369 2509 5418 ιι,
2549 5354 2632 5408 l7.
2711 5355 2753 5385 ⁶¹
2783 5352 3015 5424 Philipp.
3043 5369 3099 5421 tt,
3146 5355 3200 5412 5.
3222 5354 3272 5411 6.

1538 5533 1711 5586 Variae
1735 5533 1993 5586 lectiones
2017 5545 2081 5584 ex
2115 5531 2300 5584 codice
2325 5529 2698 5600 chuieriano.

563 5694 586 5732 ‘
616 5693 790 5750 ἔσται.
864 5699 893 5731 ι
923 5690 1119 5763 ὀλίγον.
1183 5698 1211 5730 '
1234 5691 1341 5746 τῶν
1369 5689 1702 5761 λεγομένων,
1733 5689 1771 5759 ἢ
1805 5688 1976 5756 ἴσως,
2005 5686 2113 5741 τῶν
2141 5685 2204 5760 δὴ
2240 5687 2568 5759 λεγομένων,
